4054 6206
308 484 809 528 ετξ-π

808 490 3277 540 m

3279 511 3512 535 Ἦ

2488 532 3248 545 ..-Μ-*ᾖ
3257 538 3283 544 -

1578 694 1746 737 ANNO
1792 692 2018 739 DOMINI
2062 697 2255 739 CDVIII

1089 891 2412 1133 SEVEBIAN
2438 903 2755 1114 US

898 1289 2002 1424 GABALITANUS
2080 1300 2921 1436 EPISCOPUS

1580 1695 2178 1811 NOTITIA

1150 1927 1363 1990 (FABRIC.
1395 1930 1686 1983 Bibliotheca
1710 1937 1877 1984 arma
1913 1938 1990 1984 ed.
2014 1938 2208 1994 Harles,
2237 1947 2351 1987 tum.
2379 1942 2437 2001 Χ,
2469 1958 2513 2005 p.
2538 1945 2669 2006 507.)

365 2207 689 2267 Severianus
750 2210 1074 2269 Gabalorum
1132 2215 1185 2268 in
1248 2214 1400 2285 Syria
1448 2220 1771 2287 episcopus,
1824 2218 2048 2274 Joannis
2082 2224 2454 2293 (lhrysostumi
2490 2227 2699 2281 amicus
2744 2229 2997 2295 primum,
3043 2245 3162 2283 rnox
3210 2232 3438 2287 aemulus
3466 2241 3522 2287 et

293 2301 553 2359 inimicus
590 2306 690 2375 (a),
730 2322 839 2377 quo
878 2308 1003 2377 ipso
1049 2321 1157 2361 non
1190 2308 1361 2362 levem
1418 2312 1685 2365 maculam
1723 2316 1958 2382 aspersit
2008 2317 2214 2371 nomini
2255 2333 2378 2381 suo,
2417 2318 2701 2388 laudisque
2749 2320 2891 2374 haud
2920 2337 3114 2391 parum
3159 2327 3362 2389 amisit,
3396 2327 3527 2381 licet

292 2397 362 2452 ob
393 2399 768 2468 eloquentiam
796 2410 851 2456 et
882 2400 1001 2471 ipse
1032 2416 1063 2455 a
1087 2401 1413 2471 quibusdam
1448 2401 1874 2473 Chrysostomus
1907 2405 1983 2477 (b)
2020 2409 2343 2477 appelletur.
2380 2407 2527 2464 Obiit
2552 2409 2837 2467 Theodosii
2869 2410 3135 2477 Juniuris,
3166 2432 3323 2486 quem
3360 2434 3518 2471 sacro

293 2491 559 2563 baptismo
592 2495 848 2559 tinxerat,
880 2496 1216 2566 temporibus
1253 2496 1345 2565 (c),
1383 2494 1628 2566 adeoque
1657 2509 1782 2568 post
1814 2499 1878 2555 A.
1922 2500 1984 2555 C.
2024 2501 2150 2557 408.
2187 2502 2354 2559 FABR.
2392 2501 2547 2556 Conf.
2592 2501 2655 2557 G.
2693 2503 2837 2559 Cave
2871 2504 3014 2561 Hist.
3063 2507 3167 2562 litt.
3200 2507 3298 2564 SS.
3338 2511 3520 2565 eccles.

291 2594 419 2639 tum.
452 2586 493 2650 Ι,
523 2604 648 2658 pag.
676 2587 967 2644 πελ-ιλ.
1009 2588 1111 2641 EII.
1144 2588 1217 2642 du
1247 2586 1346 2641 Pin
1400 2586 1574 2641 Nouo.
1608 2588 1748 2644 Bibl.
1780 2599 1911 2645 tum.
1942 2592 2029 2655 III,
2065 2610 2185 2665 pag.
2222 2596 2324 2659 75;
2377 2594 2598 2651 Ceillier
2629 2596 2773 2650 Hist.
2805 2599 2921 2665 gén.
2952 2597 3042 2652 des
3073 2610 3184 2654 aut.
3222 2603 3351 2655 eccl.
3386 2612 3519 2659 tum.

294 2677 384 2741 IX,
414 2693 534 2749 pag.
563 2680 620 2743 7,
648 2680 775 2743 2H,
804 2680 907 2734 ’580
931 2694 1026 2749 seq
1055 2696 1071 2745 ;
1102 2676 1449 2749 IIamberger.
1482 2676 1703 2734 Zuverl.
1741 2679 1794 2732 Ν
1799 2682 2051 2736 achricht.
2090 2694 2222 2739 tom.
2257 2686 2345 2752 III,
2381 2703 2432 2756 p.
2468 2687 2535 2742 9.9
2567 2704 2756 2757 seq.—
2786 2687 2934 2741 Saxii
2967 2689 3156 2748 Onam.
3194 2693 3276 2749 lit.
3307 2708 3446 2765 part.
3481 2715 3520 2760 ι,

294 2770 362 2825 ad
391 2776 457 2826 Α.
498 2772 622 2827 402.
662 2772 830 2825 IIutL.

363 2863 542 2934 Hujus
581 2864 853 2921 Severiani
888 2862 1138 2920 homilias
1195 2863 1261 2916 I4
1302 2863 1356 2915 in
1396 2859 1616 2917 Genesin
1648 2868 1819 2915 mstas
1859 2874 1917 2913 se
1968 2858 2168 2913 habere
2218 2868 2450 2919 testatus
2499 2876 2582 2920 est
2636 2868 2941 2926 Alexander
2975 2872 3331 2933 Brassicanus
3360 2878 3517 2935 Praef.

291 2958 344 3010 in
382 2956 713 3012 Salvianttm.
746 2956 821 3010 Ex
852 2956 959 3012 illis
988 2972 1254 3011 sermones
1281 2953 1313 3007 6
1338 2952 1440 3020 Εἰς
1472 2953 1887 3023 κοσμοποιίαν,
1928 2950 1996 3005 de
2019 2951 2207 3005 mundi
2235 2956 2529 3020 creatione,
2565 2957 2750 3014 Graece
2780 2962 2948 3017 edidit
2980 2964 3245 3022 Henricus
3285 2970 3520 3026 Savilius

293 3055 435 3107 inter
465 3053 641 3107 sancti
673 3050 1050 3122 Chrysostomi
1090 3049 1291 3118 scripta
1333 3055 1467 3101 tom.
1504 3045 1616 3109 VII,
1651 3062 1771 3116 pag.
1808 3045 1913 3098 587
1961 3062 2078 3115 sqq.
2108 3062 2122 3109 ;
2156 3043 2339 3109 Graece
2360 3057 2415 3101 et
2444 3047 2635 3105 Latine
2666 3050 2990 3110 Franciscus
3019 3055 3290 3115 Combells
3322 3063 3373 3116 in
3406 3065 3520 3119 Au-

284 3146 454 3201 ctario
493 3145 773 3200 novissimo
804 3143 947 3197 Bibl.
993 3141 1239 3201 Patrum,
1280 3147 1412 3192 tum.
1448 3139 1507 3204 I,
1543 3153 1664 3209 pag.
1697 3137 1825 3201 211,
1854 3137 2029 3192 Paris.
2066 3137 2224 3192 I672.
2261 3137 2448 3210 [Iidem
2492 3157 2775 3199 sermones
2809 3154 2863 3199 et
2900 3146 3119 3202 humilia
3156 3149 3233 3204 De
3265 3168 3521 3223 serpente,

286 3236 379 3291 Gr.
419 3251 545 3290 cum
581 3250 726 3290 vers.
762 3234 881 3287 Lat.
916 3233 1078 3289 Bern.
1111 3233 1179 3287 de
1216 3229 1513 3284 Montfauc.
1545 3230 1601 3282 in
1653 3229 1881 3297 hujusce
1945 3228 2078 3283 edit.
2120 3228 2255 3296 Opp.
2319 3229 2713 3301 Chrysostomi,
2770 3245 2900 3291 tum.
2939 3236 3026 3300 VI,
3097 3252 3149 3307 p.
3212 3239 3320 3295 459
3367 3261 3519 3316 seqq.

291 3325 487 3399 Ilum]
522 3326 604 3380 Ex
647 3327 733 3381 his
785 3320 1072 3396 desumpta
1142 3324 1445 3394 fragmenta
1506 3322 1761 3375 observat
1832 3319 2065 3385 Cavcus,
2125 3336 2245 3389 quae
2309 3322 2364 3376 in
2420 3322 2621 3378 Catena
2681 3326 2907 3399 Patrum
2967 3330 3019 3384 in
3076 3329 3519 3401 ,Pentateurlmm,

294 3437 322 3474 a
381 3420 673 3476 Franciscu
731 3419 979 3489 Zephyro
1041 3417 1256 3488 vulgata
1304 3414 1525 3479 Latine,
1600 3413 1667 3467 ad
1714 3412 1999 3465 historiam
2062 3414 2357 3469 creationis
2407 3415 2771 3473 adducuntur.
2820 3419 2954 3475 Nam
3010 3436 3202 3482 caetera
3266 3431 3522 3500 pleraque

286 3513 350 3567 ad
401 3514 640 3581 reliquus
696 3512 901 3582 Muysis
955 3510 1124 3565 libros
1182 3510 1372 3563 Severi
1403 3508 1585 3579 potius
1620 3513 1770 3565 sunt,
1801 3518 1963 3574 quam
2037 3502 2339 3559 Severiani.
2395 3507 2558 3565 Faue.
2615 3509 2727 3564 Cl‘r.
2792 3510 3046 3570 Lambec.
3111 3517 3214 3584 IV,
3277 3538 3397 3593 pag.
3453 3524 3522 3576 63

286 3624 409 3678 sqq.
437 3608 503 3663 de
528 3608 648 3663 cod.
685 3606 850 3671 CVII,
883 3621 968 3660 nr.
1005 3608 1059 3671 4,
1087 3588 1179 3675 qui
1218 3603 1464 3666 adnutat,
1497 3603 1730 3672 primam
1760 3607 1900 3652 orat.
1938 3597 1992 3651 in
2026 3613 2130 3653 ms.
2164 3600 2288 3653 eod.
2326 3599 2415 3655 CX
2444 3602 2609 3672 (apud
2646 3602 2897 3662 Lambec.
2935 3607 3024 3672 IV,
3045 3626 3164 3682 pag.
3207 3588 3369 3683 I27):
3390 3626 3441 3670 et
3467 3616 3520 3669 in

284 3701 377 3753 ed.
422 3684 691 3754 Saviliana
721 3699 777 3753 in
824 3697 1092 3768 principio
1126 3712 1250 3751 esse
1285 3696 1572 3764 aliquanto
1603 3692 1942 3746 auctiorem:
1977 3689 2101 3743 add.
2138 3690 2367 3744 Kullarii
2416 3702 2623 3758 notam,
2674 3711 2836 3764 quam
2882 3699 3149 3763 cunferes.
3198 3715 3384 3757 contra
3420 3708 3521 3759 Ca-

279 3809 443 3848 veum
482 3794 547 3848 de
573 3793 695 3848 cod.
736 3792 1077 3847 Brassicano.
1111 3822 1170 3831 —
1220 3789 1357 3857 Ibid.
1395 3804 1516 3857 pag.
1555 3786 1683 3851 262,
1721 3788 1775 3840 in
1810 3785 1933 3839 cod.
1963 3783 2189 3849 CXLVI,
2232 3802 2317 3840 nr.
2350 3785 2440 3850 21,
2476 3801 2602 3842 sunt
2642 3803 2897 3862 excerpta
2928 3795 3271 3851 miscellanea
3302 3817 3363 3855 ex
3413 3806 3519 3853 ἵκιι-

282 3888 422 3940 sehii
456 3885 742 3955 Pamphili,
773 3883 829 3939 S.
858 3886 1048 3955 Cyrilli
1082 3885 1238 3937 Alex.
1271 3891 1324 3937 et
1356 3880 1637 3936 Severiani
1677 3880 1849 3934 nostri
1877 3879 2313 3948 expositionibus
2355 3881 2412 3935 in
2462 3880 2630 3936 Vetus
2671 3881 3104 3941 Testamentum.
3132 3890 3353 3943 -Ihiil.
3392 3908 3513 3961 pag.

282 3979 406 4043 ⁸561,
466 3980 521 4030 in
574 3978 699 4031 eod.
752 3976 982 4039 CLXIV,
1018 3993 1103 4030 nr.
1141 3976 1194 4040 6,
1233 3984 1316 4032 est
1364 3976 1743 4045 interpretatio
1792 3973 2064 4027 variarum
2107 3972 2323 4029 Veteris
2373 3984 2428 4029 et
2477 3974 2612 4030 Novi
2666 3976 3003 4034 Testamenti
3039 3984 3398 4050 quaestionum
3453 4002 3517 4037 ex

287 4067 631 4126 Theudor-ato
668 4068 916 4141 Cyrensi,
953 4069 1249 4125 Severiano
1286 4079 1473 4123 nostro
1507 4076 1562 4119 et
1596 4065 1718 4120 aliis
1748 4065 1989 4120 diversis
2015 4063 2289 4121 Patrihus.
2324 4098 2393 4108 -
2419 4066 2557 4122 Ibid.
2592 4069 2787 4137 invol.
2828 4069 2912 4136 Vl,
2952 4084 3090 4141 part.
3129 4091 3187 4139 ιι,
3227 4092 3347 4145 pag.
3390 4076 3517 4137 9.159.

284 4165 338 4219 in
367 4166 488 4220 cod.
525 4164 689 4229 XXV,
737 4182 821 4220 nr.
862 4167 911 4224 7.
946 4174 1032 4220 est
1066 4164 1210 4216 inter
1252 4163 1583 4217 collectanea
1621 4158 1830 4212 medica
1863 4155 2318 4212 Graeco-barbara
2369 4160 2738 4235 fragmentum
2791 4160 3069 4218 Severiani
3118 4169 3290 4221 nostri
3323 4169 3390 4223 de
3421 4186 3521 4223 nu-

282 4262 422 4317 mine
452 4262 614 4332 primi
652 4261 906 4321 hominis,
940 4258 1155 4314 Adami.
1193 4287 1262 4297 —
1307 4255 1373 4309 Et
1401 4257 1467 4310 de
1514 4255 1754 4308 hominis
1801 4252 2184 4322 appellatione,
2229 4255 2282 4306 in
2320 4253 2441 4307 cod.
2478 4253 2742 4309 Escorial.
2776 4264 2915 4313 teste
2945 4258 3142 4315 Pluero
3185 4263 3236 4316 in
3272 4261 3401 4318 Itin.
3430 4280 3523 4333 per

278 4355 435 4419 Ilisp.
466 4369 591 4422 pag.
623 4353 745 4406 189.
780 4382 851 4391 -
884 4351 1058 4404 Paris.
1097 4349 1150 4403 in
1184 4348 1320 4401 Bibl.
1368 4347 1518 4417 publ.
1559 4344 1682 4399 cod.
1718 4342 1984 4406 DCCLVI,
2031 4359 2117 4397 nr.
2150 4343 2204 4407 2,
2244 4344 2524 4400 Severiani
2576 4346 2795 4400 humilia
2846 4349 2910 4401 In
2960 4353 3138 4406 mundi
3177 4357 3516 4410 creationem.

277 4475 350 4486 —
380 4446 514 4499 Ibid.
547 4448 602 4500 in
631 4446 753 4499 cod.
788 4442 1097 4507 DCCLVIII,
1133 4459 1196 4497 ac
1258 4437 1647 4496 DCCLXXVII.
1683 4437 1708 4489 I
1744 4437 1824 4504 (in
1861 4438 2163 4508 appendiee
2207 4439 2271 4491 ad
2317 4439 2478 4493 catal.
2512 4437 2575 4502 II,
2626 4456 2677 4509 p.
2709 4442 2856 4511 615),
2895 4443 3131 4501 humilia:
3175 4464 3269 4503 sex
3300 4450 3415 4521 (sed
3463 4451 3516 4504 in

281 4541 466 4608 priore
499 4539 727 4608 manete)
774 4539 826 4591 in
860 4535 1127 4591 eamdem.
1162 4568 1231 4577 —-
1259 4536 1313 4589 In
1341 4535 1461 4589 cod.
1494 4527 1805 4592 CCCXLIII,
1839 4546 1924 4583 nr.
1953 4532 2008 4593 4,
2045 4529 2436 4602 fragmentum,
2469 4548 2579 4601 quo
2620 4535 2924 4602 explicatur
2959 4538 3090 4592 illud
3134 4540 3329 4597 Cenes.
3368 4563 3379 4597 :
3415 4542 3514 4598 Fe-

279 4638 453 4705 citque
490 4633 629 4687 Deus
668 4633 772 4685 duo
805 4634 1095 4685 luminaria
1126 4646 1339 4699 magna.
1368 4658 1440 4666 —
1470 4625 1759 4680 Florentia:
1791 4626 1845 4677 in
1879 4625 2001 4679 cod.
2036 4623 2297 4679 Laurent.
2333 4623 2545 4690 XXVII,
2592 4642 2676 4680 nr.
2708 4628 2762 4697 5,
2796 4630 2929 4697 plut.
2959 4632 2992 4684 4
3016 4670 3029 4693 ,
3071 4643 3199 4687 sunt
3234 4634 3415 4690 Basilii
3464 4640 3517 4691 in

280 4729 643 4779 Hexaemeron
670 4723 905 4777 humilia:
932 4726 986 4783 9,
1022 4724 1075 4775 in
1100 4720 1245 4791 quod
1278 4734 1416 4788 opus
1452 4716 1710 4770 nonnulla
1744 4730 1965 4784 aspersa
1997 4726 2125 4770 sunt
2163 4716 2371 4770 scholia
2405 4720 2746 4787 marginalia,
2782 4722 2836 4774 in
2872 4721 2956 4776 his
2992 4724 3269 4778 Severiani
3324 4730 3513 4783 nostri.

296 4814 414 4870 Vid.
448 4818 676 4872 Bandin.
711 4817 831 4871 Cal.
863 4818 1015 4873 cadd,
1052 4817 1142 4872 σν,
1173 4814 1337 4869 Laur.
1376 4812 1416 4878 I,
1440 4829 1491 4882 p.
1524 4812 1626 4867 550
1655 4827 1831 4881 seqq.,
1862 4810 1953 4878 qui
2003 4825 2108 4862 non
2156 4810 2328 4863 solum
2359 4812 2602 4866 scholion
2653 4815 2918 4883 quoddam
2951 4817 3017 4869 ad
3054 4819 3371 4888 principium
3424 4824 3517 4873 lio-

287 4909 501 4962 milia”
536 4910 602 4964 de
643 4910 826 4981 Moyse
856 4909 1031 4976 aﬂert;
1056 4910 1148 4964 sed
1185 4910 1236 4962 in
1274 4914 1398 4961 nota
1427 4902 1702 4975 quoqueﬁ
1728 4907 2061 4971 suspicatur,
2098 4902 2187 4955 illa
2223 4904 2431 4956 scholia
2467 4915 2721 4974 excerpta
2754 4922 2876 4962 esse
2921 4924 2986 4963 ex
3034 4912 3154 4977 ejus
3187 4913 3422 4967 homiliis
3463 4915 3517 4966 in

352 5024 435 5087 (α)
480 5022 726 5080 Socrates
780 5042 853 5085 γι,
904 5025 960 5077 11
1020 5031 1072 5078 et
1118 5025 1222 5087 9.4;
1288 5023 1508 5075 Suzum.
1564 5036 1682 5080 VIII,
1741 5019 1847 5090 10_;_
1956 5034 2054 5090 suo
2102 5018 2530 5090 ianaptismate,
2560 5024 2866 5090 imperante.
2916 5025 3076 5078 Fusa.
3129 5028 3447 5087 Severianus
3486 5052 3515 5088 a

279 5080 507 5163 Niceph.
546 5111 661 5158 xm,
695 5097 767 5157 9;
844 5080 1114 5149 Palladius
1172 5080 1227 5148 in
1289 5093 1408 5145 Vita
1471 5091 1743 5161 Cltrysosl.
1808 5080 1849 5140 E
1957 5087 2238 5163 Gennadio
2267 5090 2310 5163 Ι.Δ
2338 5107 2387 5144 c.
2421 5080 2649 5163 vocatur
2679 5097 2755 5148 vir
2790 5097 2841 5148 in
2872 5096 3059 5148 divinis
3085 5095 3370 5159 Scriptun‘s
3393 5080 3515 5156 ora;

280 5159 683 5219 recel'uiomms
741 5165 1051 5218 Τίιιρπηοηι,
1106 5176 1238 5220 ιοηι,
1291 5162 1361 5217 XI
1447 5159 1666 5216 Μεηων,
1724 5174 1846 5228 pag.
1956 5159 2270 5219 ditus,etin
2292 5160 2527 5215 homiliis
2557 5164 2880 5218 declamator
2912 5166 3263 5230 admirabilis,
3288 5180 3340 5223 et
3364 5178 3518 5227 audi-

280 5235 379 5288 I7I
438 5253 615 5306 seqq.;
647 5235 930 5290 GutI‘ridus
964 5234 1310 5291 Ilermantius
1336 5236 1391 5289 in
1423 5232 1585 5287 Joan.
1616 5230 1848 5299 Chryso—
1957 5236 2067 5314 tur,
2126 5230 2373 5314 eumdem
2427 5233 2495 5312 ab
2533 5234 2765 5314 arcadia
2801 5244 2852 5286 et
2905 5246 3093 5314 sancto
3138 5236 3292 5292 .loan.
3342 5243 3515 5314 Chry-

278 5307 440 5358 εεοιηί
484 5300 626 5371 γ’ίία,
659 5321 762 5361 εις,
1346 5374 1359 5375 7
1624 5370 1634 5375 Α
1699 5372 1709 5375 Α
1956 5310 2201 5353 Sostomo
2231 5300 2325 5375 ad_
2346 5300 2648 5375 faciendum
2686 5320 2987 5359 sermonem
3022 5306 3327 5375 frequenter
3358 5305 3518 5366 mea-

351 5375 425 5445 (b)
466 5376 623 5431 Rich.
683 5376 1045 5432 Montacutius
1096 5385 1224 5431 tum.
1263 5375 1284 5428 I
1328 5374 1477 5445 Orig.
1527 5370 1843 5434 ecclesiast.,
1956 5379 2069 5462 tuin)
2120 5386 2240 5451 esse
2281 5370 2822 5462 Constantinopolin.
2865 5375 2933 5426 At
2979 5370 3173 5447 stylnin
3206 5383 3270 5462 fi
3326 5397 3517 5462 parum

277 5440 417 5516 pag;
444 5446 562 5500 “2.
1041 5515 1053 5516 γ
1569 5511 1590 5516 _
1741 5512 1772 5516 __
1956 5440 2188 5516 felicem,
2220 5440 2463 5516 jejunum
2499 5454 2550 5497 et
2584 5440 2864 5516 ﬂaccidum
2902 5440 3046 5507 esse:
3082 5466 3179 5503 nec.
3202 5440 3369 5505 Graeci
3403 5468 3521 5507 ser-

352 5511 421 5584 (c)
461 5514 771 5571 Gennadius
810 5530 859 5570 c.
893 5516 958 5570 2|
1004 5515 1099 5590 ADe
1125 5516 1305 5590 script.
1342 5514 1522 5590 ποιεί.
1555 5511 1627 5590 _In
1658 5512 1845 5590 codice
1951 5512 2130 5590 {nonis
2184 5512 2505 5580 elegantiam
2549 5514 2810 5583 attigisse,
2842 5526 2991 5571 notat
3032 5520 3173 5573 Cave
3222 5523 3262 5583 Ι,
3305 5539 3357 5590 p.
3389 5523 3522 5583 37E).

276 5578 654 5643 vetustissimo
704 5587 1060 5642 Corbeiensi:
1114 5578 1422 5640 Severianus
1467 5583 1697 5638 Gabana:
1735 5582 1842 5635 Ec-
1955 5578 2125 5633 Ilias.

273 5657 453 5714 desita
484 5659 759 5727 episcopus
789 5687 851 5697 —
880 5659 1105 5711 moritur
1140 5654 1345 5710 Minore
1390 5654 1699 5721 Theodosio,
1729 5652 1846 5723 ﬁlio

598 5716 869 5817 Parnm.
915 5758 1029 5819 Gn.
1064 5754 1253 5817 LXV.
1685 5716 1695 5721 ⁷
1729 5716 1739 5723 ’
1834 5716 1839 5719 ἤ
3214 5758 3240 5813 I

288 5826 472 6154 s

190 5970 314 6154 ἃ
