4054 6206
410 402 483 460 17
1479 389 1738 450 ORATIO
1776 394 1842 448 lN
1878 393 1989 448 DEI

2103 386 2554 448 ‘PARI'I'IONEH.
3578 387 3650 447 18

418 513 667 569 ἁπάντων
723 507 1031 580 ὁμολογίαν.
1092 507 1326 579 Χριστοῦ
1382 511 1685 579 παρουσία,
1735 509 1988 581 ἀληθινοῦ

2103 521 2168 565 est
2193 510 2477 574 adventus,
2500 504 2612 561 veri
2640 503 2863 560 luminis
2882 511 2965 559 est
2988 501 3296 575 praesentia.
3321 500 3523 565 Christi
3550 500 3654 557 ad-

419 604 587 677 φωτὸς
612 601 904 674 ἐπιδημία.
934 600 1173 671 Χριστοῦ
1220 602 1505 673 παρουσία,
1533 604 1635 674 τῆς
1666 603 1985 675 οἰκουμένης

2103 610 2305 663 ventus,
2333 592 2483 656 orbis
2533 598 2701 653 totius
2729 596 3076 652 beneﬁcium.
3100 594 3306 651 Christi
3346 594 3665 664 praesentia,

415 695 591 766 πάσης
634 690 945 763 εὐεργεσία.
1000 689 1236 761 Χριστοῦ
1289 692 1595 762 παρουσία,
1642 693 1738 747 τοῦ
1788 692 1987 756 παντὸς

2103 695 2262 783 totius
2308 703 2363 749 et
2409 693 2597 748 mundi
2643 690 2915 747 liberatio.
2969 687 3223 743 Christus
3267 683 3552 750 laudatur,
3599 695 3677 743 et!

414 786 619 856 κόσμου
659 782 964 855 ἐλευθερία.
999 782 1236 856 Χριστὸς
1285 784 1624 855 ἀνυμνεῖται,
1652 785 1746 839 καὶ
1787 785 1990 855 κόσμος

413 877 717 945 ἁγιάζεται.
741 874 979 948 Χριστὸς
1001 873 1353 946 κηρύττεται,
1375 877 1469 930 καὶ
1500 879 1533 948 ἡ
1563 876 1855 947 οἰκουμένη
1887 895 1993 947 φω-

415 970 643 1035 τίζεται.
665 966 902 1039 Χριστὸς
929 966 1403 1037 περιαγγέλλεται,
1435 971 1531 1022 καὶ
1557 972 1705 1022 πᾶσα
1730 970 1877 1041 ψυχὴ
1899 971 1995 1024 τὸν

418 1061 661 1135 οὐράνιον
700 1057 865 1112 πόθον
897 1057 1479 1127 ὲνδύεται.Ἐγγυᾶταί
1512 1077 1613 1131 μου
1648 1060 1740 1114 τὸν
1770 1061 1923 1131 λόγον
1957 1064 1991 1133 ἡ

422 1152 584 1221 πεῖρα
604 1146 712 1201 τῶν
745 1146 1116 1220 πραγμάτων.

490 1241 563 1294 B'.
604 1239 746 1311 Ὅρα
785 1239 895 1311 γάρ
932 1255 1022 1310 μοι
1050 1237 1151 1311 τὴν
1175 1237 1455 1312 θεοπρεπῆ
1484 1239 1687 1313 ταύτην
1728 1241 1828 1311 τῆς
1868 1243 1991 1296 Ἐκ-

422 1331 646 1401 κλησίας
696 1329 1052 1394 κατάστασιν,
1100 1330 1201 1402 ὅρα
1246 1329 1338 1384 τοῦ
1390 1331 1641 1402 οὐρανίου
1688 1333 1851 1387 πόθου
1895 1334 1997 1407 τὴν

420 1422 679 1476 ἄσϐεστον
701 1421 961 1493 λαμπάδα
983 1437 1000 1453 ο
1032 1421 1135 1493 ὅρα
1161 1420 1255 1475 τοῦ
1288 1420 1535 1492 σώματος
1552 1423 1652 1494 τὴν
1678 1422 1838 1492 φύσιν
1869 1442 2002 1478 συν-

420 1511 772 1583 ακμάζουσαν
820 1516 888 1586 τῇ
936 1511 1041 1566 τῶν
1074 1499 1317 1581 ἀγγέλων
1346 1514 1993 1588 λειτουργίᾳ.Ἀνθρωποι

421 1602 529 1655 ἀπὸ
562 1602 668 1671 γῆς
695 1601 867 1667 ὄντες,
903 1603 999 1655 καὶ
1020 1602 1121 1672 γῆν
1150 1602 1445 1668 οἰκοῦντες,
1472 1605 1566 1657 καὶ
1588 1605 1996 1677 ἀποστρεφόμε-

340 1756 345 1761 λ
421 1708 521 1755 νοι,
554 1694 668 1755 τοῖς
690 1690 963 1761 οὐρανίοις
989 1691 1418 1761 συναμιλλῶνται
1439 1692 1643 1765 νόμοις.
1663 1695 1995 1767 Ἡρνήσαντο

419 1783 513 1836 τοῦ
552 1782 805 1855 σώματος
836 1783 932 1853 τὴν
957 1782 1137 1851 φύσιν,
1174 1783 1427 1851 ἐδέξαντο
1472 1784 1581 1839 τῶν
1622 1786 1867 1855 ἀγγέλων
1895 1789 1993 1858 τὴν

421 1872 799 1944 λειτουργίαν⁵
858 1871 1076 1943 τοιαύτη
1131 1871 1241 1943 γὰρ
1290 1875 1324 1944 ἡ
1364 1873 1658 1944 Ἐκκλησία
1699 1873 1794 1927 τοῦ
1837 1875 1991 1929 Θεοῦ.

424 1961 782 2018 Πολιτεύεται
810 1962 907 2033 μὲν
927 1963 1018 2016 ἐπὶ
1045 1963 1146 2034 τῆς
1169 1963 1295 2033 γῆς,
1322 1963 1475 2029 τάξιν
1503 1964 1561 2018 δὲ
1586 1965 1700 2035 ἔχει
1729 1966 1994 2037 οὐρανίων

431 2055 767 2126 πραγμάτων
802 2054 897 2127 (2).
930 2055 995 2107 Τί
1022 2055 1183 2127 ἔργον
1207 2056 1315 2109 τῶν
1348 2058 1405 2111 ἐν
1433 2059 1679 2129 οὐρανοῖς
1710 2059 1993 2128 ἀγγέλων;

429 2146 491 2200 τὸ
514 2145 592 2216 τῷ
624 2145 741 2217 Θεῷ
763 2145 1114 2218 λειτουργεῖν.
1139 2148 1203 2201 Τί
1231 2148 1393 2221 ἔργον
1415 2148 1525 2203 τῶν
1555 2152 1648 2204 ἐπὶ
1674 2152 1777 2222 γῆς
1798 2151 1993 2218 όσίωνς

424 2238 487 2290 τὸ
520 2238 612 2290 τόν
643 2236 774 2289 Θεὸν
793 2232 1178 2309 ἀνυμνεῖν,Ὧν
1200 2240 1380 2295 τοίνυν
1414 2241 1674 2312 ὁμότιμος
1703 2243 1737 2313 η
1765 2242 1999 2317 λειτουρο

420 2328 537 2397 γία,
565 2328 826 2400 ὁμότιμος
852 2331 946 2384 καὶ
978 2333 1014 2401 ἡ
1038 2328 1184 2397 ἀξία.
1210 2332 1312 2386 Διά
1340 2333 1497 2387 τοῦτο
1527 2335 1556 2387 6
1591 2336 1861 2407 μακάριος
1891 2339 1996 2389 Δα-

422 2422 513 2474 ϐὶδ
542 2423 639 2494 τὴν
672 2422 1051 2494 πνευματικὴν
1089 2424 1523 2496 ἀνακρουόμενος
1557 2426 1746 2498 λύραν,
1780 2428 1876 2482 καὶ
1905 2428 1998 2482 τὸν

425 2516 690 2585 σωτήριον
729 2514 829 2585 τῆς
873 2514 1149 2584 θεολογίας
1180 2517 1569 2589 ἀνακηρύττων
1593 2518 1760 2592 ὕμνον
1790 2520 1995 2591 ἔλεγεν,

424 2600 503 2663 ὡς
542 2601 745 2673 ἀρτίως
786 2600 1163 2673 ὐπεψάλλομεν
1182 2620 1196 2633 ο
1238 2604 1290 2656 '0
1335 2604 1477 2672 Θεὸς
1509 2605 1628 2661 τῶν
1667 2607 1996 2679 δυνάμεων,

429 2694 795 2763 ἐπιστρέψων
836 2695 1015 2765 ἡμᾶς,
1063 2697 1164 2751 καί
1211 2698 1508 2769 ἐπίφανον
1554 2701 1619 2754 τὸ
1676 2702 1999 2770 πρόσωπόν

433 2799 570 2851 σου,
608 2786 704 2840 καί
735 2789 1147 2859 σωθησόμεθα.

508 2968 581 3022 I".
625 2970 841 3024 Οὐδέπω
868 2973 1180 3046 ἀπήντησεν
1228 2977 1255 3028 ό
1299 2975 1550 3046 βασιλεὺς
1575 2979 1673 3050 τῆς
1696 2976 1871 3048 δόξης,
1907 2979 2002 3033 καὶ

430 3063 480 3113 οἱ
522 3062 814 3134 πρόδρομοι
847 3068 948 3136 τῆς
988 3066 1264 3136 βασιλείας
1295 3071 1594 3143 ἐκήρυττον
1628 3072 1906 3142 λέγοντες
1948 3074 2000 3125 '0

426 3153 757 3223 ποιμαίνων
803 3157 911 3209 τὸν
954 3157 1212 3227 Ἰσραὴλ,
1249 3163 1534 3231 πρόσχες,
1586 3164 1743 3231 Εἰπὲ,
1773 3157 1818 3218 ὦ
1862 3166 2003 3235 Προ-

427 3245 595 3315 φῆτα,
626 3246 933 3320 τηλαυγῶς,
960 3250 989 3303 ὃ
1012 3251 1226 3337 λέγειςξ
1270 3256 1582 3326 σαφήνισον,
1625 3257 1653 3310 ὃ
1692 3257 1998 3330 κηρύττεις.

2093 778 2331 841 mundus
2361 785 2733 840 sanctiﬁcatur
2766 800 2782 836 :
2817 780 3070 836 Christus
3108 778 3451 850 praedicatur,
3478 784 3532 833 et
3570 786 3655 832 to-

2094 888 2183 934 tus
2225 879 2378 935 orbis
2425 877 2783 933 illuminatur.
2814 874 3068 931 Christus
3108 872 3651 936 circumenuntiatnr,

2091 980 2145 1026 et
2173 971 2352 1026 omnis
2380 969 2559 1024 anima
2595 968 2817 1024 caeleste
2853 964 3183 1023 desiderium
3223 961 3422 1017 induit.
3452 958 3691 1016 Vadeut.

2094 1062 2201 1117 mei
2228 1060 2499 1117 sermonis
2530 1075 2651 1117 sese
2684 1072 2868 1114 rerum
2906 1055 3112 1129 praebet
3139 1053 3496 1125 experientia.

2165 1239 2227 1294 ll.
2267 1238 2517 1305 Attende,
2553 1247 2632 1304 tu,
2661 1235 2796 1291 mihi
2822 1234 2966 1290 enim
3000 1234 3142 1289 hanc
3190 1232 3300 1286 Deo
3345 1229 3545 1301 utique
3575 1229 3656 1283 di-

2094 1347 2257 1403 gnam
2280 1329 2538 1386 Ecclesiae
2556 1328 3039 1392 constitutionem;
3063 1323 3281 1379 attende
3308 1321 3548 1377 caelestis
3564 1321 3662 1375 de—

2094 1423 2281 1480 siderii
2309 1420 2802 1492 inexstinguibiiem
2839 1416 3183 1487 lampadem;
3212 1409 3432 1468 attende
3461 1426 3657 1482 corpo.

2093 1516 2172 1571 ris
2201 1523 2451 1570 naturam
2471 1527 2597 1568 cum
2620 1510 2869 1583 angelico
2893 1506 3196 1563 ministerio
3216 1519 3325 1559 una
3354 1503 3663 1558 clarescen-
3732 1498 3737 1507 ’

2093 1615 2227 1663 tem.
2257 1605 2516 1662 Homines
2533 1605 2627 1675 qui
2648 1603 2715 1659 de
2736 1610 2882 1657 terra
2910 1607 3059 1665 sunt,
3081 1605 3136 1653 et
3165 1606 3366 1652 terram
3390 1594 3660 1657 incolunt,

2093 1701 2298 1756 morosi
2326 1697 2678 1768 caeteroquin,
2710 1695 2824 1765 jam
2851 1707 2976 1746 cum
2998 1688 3317 1745 cmlestibns
3340 1695 3553 1742 certant
3583 1685 3665 1740 in.

2095 1793 2335 1859 stitutis;
2367 1791 2705 1860 abnegarunt
2729 1786 2977 1857 corporis
3004 1790 3278 1847 naturam,
3304 1784 3667 1850 susceperunt

2096 1884 2401 1954 angelicum
2430 1879 2796 1936 ministerium
2832 1896 2846 1930 :
2877 1872 3193 1945 hujnsmodi
3245 1881 3330 1929 est
3381 1870 3527 1927 enim
3562 1868 3668 1925 Ec-

2096 1973 2264 2028 clesia
2294 1971 2410 2027 Dei.
2442 1969 2834 2040 Municipatum
2865 1965 3088 2037 quidem
3119 1962 3283 2019 habet
3304 1963 3359 2017 in
3380 1971 3549 2029 terra,
3570 1960 3668 2016 sed

2096 2064 2345 2118 ordinem
2377 2070 2559 2117 servat
2586 2060 2892 2117 caelestium
2923 2072 3171 2128 operum.
3201 2054 3487 2123 Quodnam
3527 2068 3670 2125 opus

2098 2165 2182 2211 est
2210 2156 2266 2209 in
2299 2154 2456 2209 ccelis
2486 2152 2844 2225 angelorum?
2888 2150 3001 2206 Deo
3040 2148 3376 2204 ministram.
3407 2146 3471 2202 Et
3498 2146 3669 2216 quodv

2097 2263 2222 2301 nam
2252 2260 2391 2316 opus
2412 2252 2727 2301 sanctorum
2766 2243 2822 2297 in
2864 2241 3045 2297 terra?
3091 2238 3259 2295 Deum
3289 2237 3546 2293 laudibus
3581 2236 3668 2292 ef-

2100 2338 2263 2394 ferre.
2302 2335 2543 2403 Quorum
2592 2350 2724 2407 ergo
2771 2334 2887 2406 pari
2937 2333 3199 2405 dignitate
3224 2340 3480 2388 censetur
3507 2332 3670 2387 mini-

2099 2429 2347 2487 sterium.
2374 2426 2495 2499 pari
2518 2426 2680 2482 etiam
2712 2423 2977 2496 dignitate
3020 2422 3357 2480 censendum
3389 2430 3476 2479 est
3508 2422 3672 2478 meri-

2098 2529 2238 2576 tum.
2296 2519 2592 2592 Propterea
2634 2518 2832 2574 beatus
2860 2514 3033 2571 David
3060 2515 3401 2587 spiritualem
3441 2514 3671 2586 pulsans

2100 2617 2295 2686 lyram,
2326 2621 2383 2669 et
2421 2611 2717 2668 salutarem
2758 2608 3021 2679 evulgans
3047 2606 3355 2663 divinitatis
3383 2605 3672 2678 hymnum,

2100 2708 2336 2770 dicebat,
2381 2706 2526 2762 sicut
2557 2718 2731 2775 nuper
2759 2704 3128 2774 psallebantus
3159 2721 3173 2757 :
3207 2702 3349 2757 Deus
3392 2702 3670 2767 uirtutum,

2100 2809 2337 2854 converte
2374 2815 2498 2861 nos,
2538 2807 2589 2852 et
2635 2796 2845 2852 ostende
2886 2796 3077 2868 faciem
3121 2805 3290 2863 tuam,
3338 2803 3389 2849 et
3443 2793 3675 2850 servabi-

2101 2908 2221 2946 mur
2240 2893 2280 2947 ί.

2172 2985 2262 3040 Ill.
2301 2982 2552 3039 Nondum
2581 2990 2901 3038 occurrerat
2924 2997 3021 3037 rex
3050 2980 3255 3052 gloriae,
3284 2986 3339 3034 et
3363 2993 3672 3049 praecurso—

2102 3095 2192 3134 res
2222 3078 2373 3149 regni
2406 3075 2794 3147 praedicabant,
2815 3074 3062 3130 dicentes
3091 3092 3105 3128 :
3131 3072 3236 3140 Qui
3263 3073 3438 3142 pascis
3472 3071 3670 3136 Israel,

2104 3172 2368 3226 attende’.
2419 3168 2534 3231 Dic,
2566 3184 2600 3224 ο
2627 3166 2920 3237 Propheta,
2967 3167 3205 3224 dilucide
3241 3167 3387 3238 quod
3418 3165 3537 3231 ais;
3578 3164 3689 3221 de»

2105 3265 2253 3319 clara
2287 3262 2433 3333 quod
2464 3260 2747 3331 praedicas.
2777 3259 2951 3326 Quem
2997 3266 3271 3331 pastorem
3303 3257 3488 3313 dicis?
3519 3256 3674 3311 multi

438 3342 656 3396 Ὀποῖον
719 3343 953 3414 ποιμένα
1001 3343 1220 3415 λέγεις;
1278 3347 1463 3402 πολλοὶ
1511 3349 1620 3421 γάρ
1665 3350 2000 3420 ὲποίμαινον.

2106 3354 2253 3410 enim
2279 3355 2596 3424 pascebant.
2628 3351 2843 3423 Moyses
2873 3361 3062 3422 pastor
3089 3359 3230 3416 erat,
3274 3350 3455 3405 Aaron
3489 3357 3678 3421 pastor

428 3435 669 3505 Μωῦσῆς
709 3433 910 3506 ποιμὴν
944 3431 1030 3507 ἦν,
1050 3437 1262 3510 Ἀαρὼν
1309 3440 1511 3513 ποιμὴν
1547 3437 2006 3512 ἦν,ῈποΙμανες

431 3529 561 3594 γὰρ,
594 3528 750 3597 φησὶ.
792 3528 901 3581 τὸν
940 3532 1096 3584 λαόν
1138 3546 1257 3586 σου
1312 3533 1382 3585 ἐν
1436 3533 1584 3601 χειρὶ
1632 3530 1859 3601 Μωῦσῆ
1907 3534 2003 3586 καὶ

443 3617 674 3686 Ἀαρών.
708 3619 918 3692 Ποιμήν
953 3617 1022 3693 ἦν
1064 3622 1159 3676 καὶ⁸
1187 3625 1215 3676 6
1241 3623 1437 3677 Δαϐίδ·
1481 3623 1835 3688 Ἐξελέξατο
1873 3625 2003 3693 γὰρ,

427 3710 614 3779 φησιν,
655 3710 765 3764 τὸν
813 3711 1037 3766 δοῦλον
1072 3714 1258 3768 αὑτοῦ
1292 3714 1628 3783 ποιμαίνειν
1667 3713 1869 3769 Ἰακὼϐ
1901 3715 2010 3769 τὸν

425 3801 655 3856 δοῦλον
680 3803 886 3867 αὐτοῦ,
921 3804 1019 3857 καί
1061 3804 1297 3874 Ἰσραὴλ
1331 3804 1445 3872 τὴν
1470 3807 1879 3875 κληρονομίαν
1908 3807 2006 3860 αὐ·

424 3896 557 3949 τοῦ.
581 3895 645 3948 Τί
674 3896 853 3950 τοίνυν
880 3900 946 3968 τῇ
974 3899 1318 3971 προσηγορία
1339 3897 1435 3952 τοῦ
1463 3899 1718 3970 ποιμένος
1745 3899 2006 3973 κρύπτεις

423 3988 531 4055 τὴν
573 3987 728 4053 ἀξίαν
766 3988 861 4041 τοῦ
910 3991 1447 4062 καταγγελλομένου;
1481 3992 1710 4064 διόρισαι
1746 3992 1952 4060 σαφῶς,
1980 3991 2011 4045 δ

427 4079 647 4147 λέγεις’
678 4080 916 4153 εὐκρινεῖ
961 4083 1059 4135 καὶ
1098 4083 1388 4155 ἀσυγχύτῳ
1417 4084 1618 4156 χρῆσαι
1645 4086 1709 4155 τῇ
1742 4086 1890 4155 φωνῇ
1915 4083 2009 4138 τοῦ

428 4170 807 4242 κηρύγματος.
860 4174 1090 4242 Δέγεις·
1140 4174 1194 4227 '0
1245 4176 1575 4245 ποιμαίνων
1608 4174 1716 4229 τὸν
1749 4175 2007 4244 Ἰσραὴλ,

425 4263 728 4331 πρόσχες*
762 4268 797 4319 ὁ
829 4264 1064 4336 ὁδηγῶν
1107 4267 1250 4322 ὡσεί
1289 4269 1585 4336 πρόϐατον
1615 4268 1723 4321 τὸν
1760 4267 1970 4338 Ἰωσήφ
1992 4284 2007 4301 ’

425 4355 461 4408 6
492 4354 548 4408 δὲ
578 4356 783 4427 ποιμὴν
828 4358 1041 4413 οὐδέπω
1086 4360 1347 4432 κηρύττει
1390 4359 1484 4413 τοῦ
1532 4360 1867 4431 μηνυομένου
1912 4360 2010 4431 τὴν

428 4445 591 4513 ἀξίαν
615 4447 706 4501 διὰ
726 4448 827 4519 τὴν
853 4449 991 4521 πρὸς
1020 4450 1213 4515 ἄλλους
1244 4452 1504 4522 ποιμένας
1530 4452 1868 4521 ὁμωνυμίαν.

509 4541 580 4594 Δ’.
624 4541 689 4595 Τί
718 4537 846 4609 οὖν;
873 4542 1083 4597 οὐδέπω
1101 4544 1330 4614 ἐνόησας
1354 4542 1453 4614 τὴν
1482 4541 1663 4608 ἀξίαν,
1686 4543 1885 4615 φησίν;
1913 4560 2013 4596 σα-

432 4633 646 4705 φηνίξω
668 4653 750 4689 σοι
779 4635 880 4707 τὴν
909 4635 1181 4706 ἀλήθειαν.
1198 4638 1252 4690 '0
1282 4635 1615 4703 καθήμενος
1637 4635 1737 4689 ἐπὶ
1765 4635 1885 4689 τῶν
1911 4654 2009 4706 χε-

2105 3456 2241 3502 erat.
2282 3445 2492 3501 Pauisti
2532 3445 2692 3509 enim,
2739 3445 2935 3516 inquit,
2962 3443 3211 3514 populum
3247 3454 3397 3497 tuum
3424 3443 3482 3497 in
3514 3458 3676 3497 manu

2105 3537 2311 3610 Hoysis
2336 3547 2386 3593 et
2413 3540 2595 3594 Aaron
2610 3539 2652 3596 ³.
2684 3539 2884 3598 Pastor
2910 3554 3130 3610 quoque
3155 3545 3274 3593 erat
3304 3536 3468 3592 David
3500 3555 3513 3591 :
3550 3532 3675 3591 Ele-

2105 3632 2180 3701 git
2204 3631 2366 3694 enim,
2394 3631 2591 3701 inquit,
2623 3648 2828 3686 servum
2855 3646 3009 3685 suum
3042 3644 3254 3698 pascere
3273 3626 3442 3682 Iacob
3471 3643 3678 3682 servum

2106 3738 2281 3786 suum,
2304 3732 2359 3776 et
2379 3722 2555 3778 Israel
2574 3724 2938 3779 haereditatem
2966 3736 3121 3776 suam
3136 3720 3180 3776 ⁸.
3203 3719 3316 3774 Cur
3342 3734 3471 3790 ergo
3495 3720 3677 3789 appel-

2108 3816 2313 3871 latione
2344 3816 2582 3886 pastoris
2612 3817 2859 3871 occultas
2883 3815 3203 3886 dignitatem
3247 3810 3549 3866 enuntiati?
3571 3809 3676 3866 De-

2111 3907 2202 3962 ﬁni
2232 3907 2540 3971 manifeste,
2568 3907 2713 3978 quod
2762 3908 2866 3962 ais.
2898 3906 3057 3961 Clara
3098 3913 3153 3960 et
3189 3901 3477 3958 inconfusa
3528 3910 3693 3958 utere

2109 4001 2366 4072 praeconii
2411 4016 2567 4056 voce.
2615 3998 2764 4055 Dicis
2796 4018 2811 4052 :
2840 3998 2946 4064 Qui
2988 3998 3163 4068 pascis
3196 3995 3411 4060 Israel;
3436 3993 3687 4061 attende;

2109 4096 2198 4167 qui
2223 4094 2372 4149 ducis
2398 4094 2534 4148 uetat
2562 4109 2705 4147 ovem
2727 4089 2924 4161 Ioseph
2939 4090 2982 4145 ⁸.
3002 4089 3073 4143 At
3099 4098 3288 4160 pastor
3314 4086 3543 4167 necdum
3571 4102 3692 4140 ma-

2113 4162 2367 4244 nifestam
2399 4186 2533 4242 facit
2555 4186 2675 4255 ejus
2698 4185 2790 4256 qui
2823 4183 3072 4239 innuitur
3095 4162 3435 4253 dignitatem,
3461 4187 3682 4252 propter

2112 4280 2553 4336 communionem
2588 4277 2828 4334 nominis
2851 4292 2977 4333 cum
3007 4276 3225 4333 exteris
3245 4275 3611 4348 pastoribus...

2187 4542 2276 4600 lV.
2317 4545 2459 4611 Quid
2504 4545 2676 4616 ergo?
2706 4545 2941 4601 necdum
2992 4542 3333 4611 intellexisti,
3359 4541 3557 4612 inquit,
3594 4540 3682 4596 di-

2116 4637 2376 4707 gnitatem
2394 4638 2423 4691 ί
2447 4637 2742 4695 manifesto
2772 4637 2869 4694 tibi
2900 4637 3202 4692 veritatem.
3226 4633 3331 4702 Qui
3359 4633 3504 4688 sedes
3531 4647 3685 4698 super

430 4727 666 4797 ρουϐὶμ,
685 4706 999 4798 ἐμφᾶνηθι,
1016 4728 1316 4800 ἐξέγειρον
1339 4728 1455 4798 τὴν
1479 4728 1842 4783 δυναστείαν
1868 4745 2002 4791 σου.

2114 4728 2404 4795 cherubim,
2437 4744 2670 4799 apparo:
2700 4729 2876 4784 excita
2908 4736 3233 4798 potentatum
3280 4733 3448 4786 tuum,
3480 4732 3535 4778 et
3570 4723 3685 4776 veni

432 4817 537 4873 καὶ
580 4818 720 4875 ἐλθὲ
761 4822 851 4886 εἰς
885 4821 955 4876 τὸ
990 4820 1188 4875 σῶσαι
1226 4820 1405 4891 ἡμᾶς.
1439 4821 1601 4892 Ὁρᾷς
1639 4820 1757 4883 πῶς
1795 4821 2011 4876 ἀπασαν

434 4907 754 4980 ἐγύμνωσεν
800 4907 894 4962 τοῦ
942 4909 1419 4982 προφητευομένου
1456 4906 1554 4979 τὴν
1605 4907 1792 4974 ἀξίανς
1828 4908 2011 4978 Ὁρᾷς,

436 5000 559 5066 πῶς
584 5001 662 5073 τῷ
693 5002 951 5074 βασιλικῷ
978 5002 1072 5056 καὶ
1093 5002 1447 5075 ύπερκοσμίῳ
1475 5001 1647 5073 θρόνῳ
1668 5001 1765 5056 τὸν
1788 5000 2012 5072 βασιλέα

434 5092 540 5162 τῆς
568 5092 725 5165 δόξης
747 5093 1083 5164 ἀπήγγειλεν
1121 5093 1433 5164 ἐποχεῖσθαι
1463 5092 1524 5146 τὸ
1551 5092 1646 5146 νῦν
1670 5109 1685 5159 ;
1724 5093 1885 5149 Ὅθεν
1918 5094 2012 5147 καὶ

435 5187 468 5239 6
501 5185 688 5259 Σωτὴρ
729 5186 1058 5241 ἐπιϐεϐαιῶν
1088 5185 1181 5239 τοῦ
1214 5186 1501 5257 Προφήτου
1549 5184 1645 5255 τὴν
1689 5185 2012 5258 πρόρρησιν,

442 5276 545 5346 βοᾷ
572 5276 660 5330 διά
695 5278 794 5348 τῆς
825 5276 1186 5347 εὐαγγελικῆς
1220 5276 1440 5348 χάριτος
1458 5292 1472 5305 ·
1518 5275 1665 5347 Ἐγώ
1689 5278 1805 5346 ειμι
1833 5279 1866 5331 ὁ
1893 5294 2016 5331 ποι-

437 5367 568 5438 μὴν
588 5372 620 5422 δ
640 5373 846 5437 καλός.
863 5369 1082 5441 Ἐπειδὴ
1110 5369 1217 5442 γάρ
1240 5369 1315 5434 ὠς
1332 5368 1628 5443 ἄνθρωποι,
1655 5371 1840 5441 φησὶν,
1867 5369 2015 5439 λογι-

443 5461 534 5513 κοὶ
563 5459 653 5515 τὸν
684 5462 815 5517 Θεὸν
852 5464 953 5517 οὐκ
990 5462 1285 5531 ἐπέγνωτε,
1314 5463 1417 5519 κᾶν
1448 5462 1522 5523 ὡς
1554 5462 1723 5531 ἄλογα
1770 5463 2016 5536 πρόϐατα

439 5554 539 5609 τὸν
569 5556 801 5627 ποιμένα
830 5557 1156 5627 γνωρίσατε.

522 5690 537 5761 ξ
578 5689 724 5747 Psal.
757 5709 943 5761 Lutx,
971 5696 1025 5749 i.
1101 5699 1121 5727 ²
1164 5694 1295 5751 ibid.
1356 5696 1408 5749 ἓ.

445 5755 471 5797 ³
504 5756 664 5818 Joan.
695 5780 748 5825 ι,
781 5764 866 5819 ll.

537 5856 603 5927 .2)
646 5857 802 5916 Fartc
829 5863 1142 5934 ταγμάτων.

1488 5695 1508 5727 ³
1546 5694 1690 5751 Psal.
1732 5708 1920 5761 Lxxvl,
1944 5694 2033 5748 9.1..

2115 4817 2184 4872 ad
2238 4816 2553 4872 saluandam
2599 4820 2755 4873 ηομ.
2820 4816 3017 4874 Viden’
3053 4815 3325 4888 quomodo
3369 4812 3685 4867 universam

2112 4909 2464 4979 explicaverit
2495 4909 2800 4980 prophetati
2822 4907 3175 4980 dignitatem?
3199 4904 3387 4961 Viden’
3410 4902 3685 4973 quomodo

2114 5002 2266 5073 regio
2306 5009 2359 5056 et
2387 5001 2701 5057 mundanis.
2724 5001 2900 5056 rebus
2922 4998 3228 5056 sublimiori
3258 4997 3460 5051 throno
3499 4994 3684 5063 gloriae

2117 5109 2297 5165 regem
2322 5110 2470 5149 nunc
2497 5094 2771 5150 invectum
2800 5091 3165 5149 nuntiaverit?
3191 5090 3538 5159 Quapropter
3557 5087 3680 5142 Sal:

2114 5195 2273 5241 vator
2308 5202 2526 5258 quoque
2559 5186 2894 5243 conﬁrmans
2918 5183 3206 5253 Propheta
3254 5180 3680 5252 praedictionem,

2116 5280 2316 5333 clamat
2349 5296 2448 5350 per
2479 5281 2847 5354 evangelicam
2879 5278 3161 5350 gratiam:
3195 5274 3309 5348 Ego
3342 5293 3460 5331 sum
3500 5284 3699 5344 pastor,

2117 5370 2341 5427 bonus'.
2364 5371 2502 5437 Quia
2530 5373 2699 5438 enim,
2730 5370 2929 5441 inquit,
2965 5376 3225 5438 tanquam
3251 5368 3498 5423 homines
3527 5364 3686 5420 ratio-

2117 5479 2187 5518 ne
2216 5464 2426 5534 praediti
2475 5462 2639 5520 Deum
2687 5478 2796 5518 non
2845 5461 3167 5533 agnovistis,
3199 5460 3390 5518 saltem
3424 5468 3697 5529 tanquam,

2118 5556 2464 5611 irrationalcs
2493 5570 2624 5611 oves
2650 5563 2925 5627 pastorem
2966 5554 3267 5627 agnoscite.

2115 5696 2136 5727 ‘
2174 5693 2319 5751 PsaL
2348 5711 2557 5763 Lxxvu,
2593 5695 2679 5750 'Zl.
2756 5696 2777 5728 '
2816 5694 2961 5753 Psal.
3022 5706 3222 5765 txxrx,
3286 5684 3341 5738 2.
3449 5685 3470 5715 ⁶
3526 5680 3671 5739 ibid..
