4042 6208
391 322 462 381 ιο
1415 332 1780 390 SEVERIANI
1821 336 2248 398 GABALOBUM
2286 340 2583 398 EPISCOPI
3554 345 3622 402 20

462 437 524 493 V.
568 436 766 496 Valens
797 439 974 499 autem
1005 442 1270 517 Propheta
1295 449 1462 506 etiam
1498 453 1734 510 fructum
1764 465 1950 512 osten-

2122 460 2196 514 E'.
2238 461 2562 531 Βουλόμι-ενοι⁵
2589 459 2644 514 δὲ
2669 461 2698 513 6
2723 459 3012 532 Προφήτης
3036 460 3127 514 καὶ
3156 460 3247 515 τὸν
3273 461 3482 535 καρπὸν
3505 466 3627 518 ἐπι-ο

389 530 520 588 dcre
551 532 812 592 adventus
830 536 1000 607 hujus
1035 541 1278 608 pastoris
1309 563 1324 597 :
1355 543 1564 613 Excitet,
1591 548 1745 611 dixit,
1773 560 1954 619 poten-

391 630 560 674 tatum
591 631 762 692 tuum,
792 634 844 680 et
869 628 983 681 veni
1029 629 1099 682 ad
1139 630 1454 688 saluandam
1483 653 1578 692 nos
1596 639 1640 694 ³.
1671 641 1954 711 Apparitio

386 712 532 766 enim
563 712 884 782 Salvatoris,
919 715 1042 774 fons
1070 719 1239 776 totius
1269 729 1355 778 est
1387 724 1658 781 beneﬁcii.
1689 727 1956 799 Apparuit

388 801 571 874 itaque
601 805 932 878 Redemptor
961 809 1112 866 orbis
1142 812 1405 880 universi,
1431 817 1614 872 omnia
1648 821 1954 892 suscipiens

392 893 449 948 in
494 911 577 962 se,
601 907 826 968 propter
874 912 1262 973 congruentem
1315 907 1417 963 sibi
1467 910 1784 967 bonitatem.
1819 912 1952 967 Cum

389 988 536 1043 enim
565 989 791 1047 vidisset
825 996 1007 1048 omnia
1039 1011 1159 1067 qua:
1206 998 1260 1054 in
1309 1000 1624 1060 hominibus
1654 1015 1782 1060 sunt
1829 1022 1953 1062 cor-

393 1082 589 1148 ruisse,
612 1091 667 1138 et
693 1085 1059 1142 sacerdotium
1090 1090 1235 1160 quod
1261 1092 1484 1150 dederat
1509 1095 1718 1162 lsraeli,
1744 1108 1798 1154 et
1825 1116 1953 1170 pro-

390 1173 650 1244 phetiam.
685 1184 741 1232 et
771 1192 960 1235 omnes
983 1185 1374 1255 praerogativas
1407 1205 1420 1240 :
1460 1187 1574 1258 ipse
1601 1203 1826 1247 renovat
1861 1209 1956 1263 per

390 1280 451 1322 se
475 1269 652 1338 ipsum
679 1268 824 1324 dona
849 1286 971 1327 sua.
1000 1272 1290 1341 Quomodo
1318 1281 1480 1335 vero?
1507 1280 1670 1337 Audi.

461 1448 549 1505 Vl.
589 1449 789 1509 Factus
809 1463 897 1510 est
920 1457 1206 1528 propheta,
1228 1470 1518 1534 postquam
1550 1467 1851 1523 adulterata
1873 1481 1957 1525 est

389 1540 674 1611 prophetia
721 1547 789 1598 ab
827 1545 1097 1618 indignis,
1119 1549 1276 1619 juxta
1320 1553 1465 1623 quod
1517 1556 1780 1628 scriptum
1828 1568 1952 1616 est:

390 1631 710 1704 Prophetam
740 1636 882 1692 vobis
910 1641 1189 1695 suscitabit
1222 1641 1482 1700 Dominus
1511 1646 1653 1703 Deus
1684 1659 1862 1706 noster
1894 1669 1959 1706 e1:

389 1725 653 1797 fratribus
681 1731 888 1796 vestr-is,
913 1733 1051 1787 sicut
1088 1735 1221 1789 me’.
1254 1734 1494 1794 Eliectus
1531 1748 1614 1796 est
1657 1744 1954 1814 apostolus,

2056 551 2223 618 δεῖξαι
2255 553 2352 622 τῆς
2380 551 2474 604 τοῦ
2504 551 2759 620 ποιμένος
2789 552 3105 623 ἐπιδημίαςο
3140 552 3491 624 Ἐξέγειρον,
3527 575 3628 626 φη-

2059 644 2164 709 σὶν,
2203 642 2316 711 τὴν
2352 643 2715 697 δυναστείαν
2743 658 2880 710 σου,
2912 643 3012 698 καὶ
3042 643 3182 699 ἐλθὲ
3223 647 3310 713 εἰς
3341 646 3404 700 τὸ
3433 645 3627 701 σῶσαι

2061 732 2234 804 ἡμᾶς.
2264 735 2330 786 Ἦ
2370 733 2476 806 γὰρ
2514 732 2607 787 τοῦ
2641 734 2889 806 Σωτῆρος
2919 735 3210 805 ἐπιφάνεια
3257 739 3408 810 πηγὴ
3449 739 3626 810 πάσης

2061 827 2397 899 εὐεργεσίας.
2415 829 2688 898 Ἐπεφάνη
2722 828 2900 883 τοίνυν
2943 830 2971 883 6
3016 827 3293 903 λυτροηὴς
3325 831 3506 902 πάσης
3533 832 3630 903 τῆς

2059 921 2401 992 οἰκουμένης,
2430 921 2607 974 πάντα
2635 920 2918 975 ἀναλαϐὼν
2945 923 3027 987 εἰς
3050 922 3238 976 ἑαυτὸν
3267 922 3358 977 διὰ
3378 916 3380 918 ’
3399 922 3499 994 τὴν
3535 924 3630 976 αύ-

2060 1013 2137 1084 τῷ
2159 1014 2472 1084 πρέπουσαν
2493 1013 2821 1086 ἀγαθότητα.
2843 1012 3056 1086 Ἐπειδὴ
3077 1015 3186 1086 γάρ
3209 1011 3347 1069 εῖδεν
3369 1017 3546 1070 πάντα
3561 1015 3629 1069 τὰ

2061 1105 2119 1156 ὲν
2147 1102 2452 1176 ἀνθρώποις
2480 1104 2822 1169 διαπεσόντα,
2849 1107 2944 1160 καὶ
2970 1105 3067 1179 τὴν
3104 1103 3420 1179 ἱερωσύνην,
3447 1107 3515 1177 ἢν
3543 1106 3630 1161 δέ-

2059 1194 2229 1248 δωκεν
2257 1197 2315 1248 ὲν
2342 1194 2418 1266 τῷ
2445 1196 2681 1269 Ἰσραὴλ,
2713 1197 2805 1250 κοιλ⁸
2828 1197 2924 1271 τὴν
2959 1199 3314 1271 προφητείαν,
3343 1200 3437 1253 καὶ
3460 1200 3631 1254 πάντα

2063 1285 2128 1337 τά
2163 1285 2436 1357 ἐξαίρετα,
2471 1286 2632 1350 αὐτὸς
2661 1288 2996 1353 άνακαινίζει
3023 1288 3091 1344 δι’
3118 1289 3310 1344 ἑαυτοῦ
3342 1291 3411 1345 τὰ
3438 1290 3629 1346 ἑαυτοῦ

2060 1375 2208 1448 δῶρα
2227 1393 2242 1407 ο
2274 1377 2370 1430 καὶ
2402 1378 2520 1442 πῶς
2546 1395 2560 1443 ;
2594 1381 2813 1435 Ἀκουε.

2134 1469 2222 1534 ς’.
2276 1467 2520 1537 Ἐγένετο
2539 1471 2845 1541 προφήτης,
2869 1471 3058 1543 ἐπειδὴ
3085 1472 3338 1546 ὲνοθεύθη
3364 1477 3398 1546 ἠ
3423 1492 3634 1545 προφη-

2061 1559 2182 1612 τεία
2220 1560 2371 1631 παρά
2402 1562 2509 1615 τῶν
2538 1562 2788 1630 ἀναξίων,
2815 1562 2999 1629 καθὼς
3036 1564 3367 1636 γέγραπται·
3399 1567 3635 1636 Προφή-

2062 1668 2175 1717 την
2200 1651 2340 1721 ὑμῖν
2363 1653 2698 1720 ἀναστήσει
2720 1656 2933 1722 Κύριος
2972 1658 3007 1710 ὁ
3042 1655 3186 1723 Θεὸς
3214 1656 3382 1726 ἡμῶν
3407 1657 3476 1710 ἐκ
3514 1655 3634 1710 τῶν

2063 1741 2341 1811 ἀδελφῶν
2375 1741 2563 1813 ὑμῶν,
2592 1745 2672 1811 ὡς
2694 1745 2815 1815 ἐμέ.
2844 1746 3057 1801 Γίνεται
3088 1745 3380 1810 ἀπόστολος
3407 1747 3548 1802 κατά
3570 1749 3633 1802 τὸ

389 1820 692 1876 secundum
726 1825 872 1894 quod
903 1824 1114 1882 dictum
1138 1837 1221 1883 est
1253 1828 1631 1890 :Considerate
1657 1839 1955 1908 pontiﬁcem

2067 1835 2379 1905 εἰρημένον·
2411 1836 2837 1906 Κατανοήσατε
2881 1837 2990 1892 τὸν
3027 1837 3299 1908 ἀρχιερέα
3342 1838 3439 1893 καὶ
3481 1838 3630 1893 ἀπό-

387 1919 439 1965 et
462 1912 758 1980 apostolum
782 1917 1070 1971 vocationis
1101 1927 1299 1974 nostra:
1325 1919 1590 1979 δεκαδύο.
1620 1925 1858 1986 Εσεοιιιε
1878 1941 1964 1988 est

389 2001 555 2058 etiam
586 2005 1018 2064 sacerdos-sicut
1045 2010 1122 2064 ait
1145 2009 1598 2085 l‘lymnographus
1624 2037 1637 2073 :
1671 2020 1750 2074 Tn
1781 2039 1836 2078 es
1871 2041 1962 2079 sa-

391 2104 573 2160 cerdos
593 2107 651 2160 in
675 2109 931 2163 saeuiunt
956 2113 1242 2166 secundum
1273 2112 1508 2168 ordinem
1526 2111 1876 2171 Melchisedec
1895 2118 1959 2174 “.

389 2196 626 2256 Eﬁbetus
667 2210 752 2256 est
791 2217 1010 2274 quoque
1040 2205 1330 2269 diaconus,
1358 2218 1418 2263 ut
1451 2209 1636 2280 inquit
1666 2225 1962 2282 generosus

389 2287 592 2347 Paulus
616 2309 630 2346 :
657 2290 788 2347 Dico
806 2295 944 2349 enim
965 2293 1232 2367 Christum
1261 2299 1544 2355 diaconum
1574 2301 1774 2370 factum
1797 2304 1963 2374 fuisse

389 2383 807 2440 circumcisionis
831 2403 926 2456 pro
953 2389 1172 2445 veritate
1213 2392 1330 2458 Dei,
1363 2393 1432 2447 ad
1476 2395 1809 2464 complendas
1837 2413 1961 2466 pro»

383 2474 666 2530 missiones
689 2485 902 2546 patrum
922 2480 987 2535 ¹³.
1015 2479 1120 2536 Per
1143 2497 1359 2538 omnem
1398 2483 1564 2556 igitur
1593 2488 1790 2543 transit
1821 2489 1961 2544 ordi-

393 2578 538 2620 nem.
587 2564 836 2623 Eﬂ'ectus
876 2577 960 2626 est
1009 2570 1212 2641 pariter
1249 2572 1415 2630 etiam
1463 2573 1653 2629 lector.
1684 2575 1958 2643 Accipiens

387 2656 531 2710 enim
557 2655 760 2712 Isaiam
807 2658 1090 2730 legebat",
1133 2661 1276 2717 sicut
1315 2663 1558 2719 declarat
1583 2662 1958 2734 Evangelium,

391 2763 502 2819 quo
539 2749 700 2805 etiam
731 2752 1007 2822 prophetae
1044 2755 1392 2811 conﬁrmaret
1421 2769 1604 2818 voces,
1639 2766 1694 2812 et
1725 2757 1961 2813 honora-

392 2847 477 2895 ret
509 2841 711 2912 gradus
735 2843 1156 2900 ecclesiasticos.
1188 2843 1309 2900 Fuit
1332 2854 1386 2900 et
1417 2862 1532 2908 rex,
1559 2845 1670 2902 Rea:
1692 2850 1958 2917 regunt“;

389 2942 454 2990 ut
501 2934 678 3006 inquit
721 2933 1017 2992 Nathanael
1051 2955 1064 2992 :
1099 2936 1178 2992 Tu
1210 2953 1264 2992 es
1301 2936 1480 2993 Filius
1509 2937 1642 3005 Dei;
1677 2948 1734 2993 tu
1764 2956 1820 2994 es
1869 2956 1961 2993 rex

392 3023 566 3082 Israel
589 3027 653 3082 “.

2063 1930 2289 1980 στολον
2337 1926 2446 1996 τῆς
2493 1927 2768 1995 κλήσεως
2805 1929 2975 1999 ἡμῶν
3010 1930 3262 1998 Ἰησοῦν.
3292 1930 3502 1984 Γίνεται
3543 1931 3637 1984 καὶ

2067 2018 2264 2088 ἱερεὺς,
2289 2018 2434 2072 καθά
2459 2036 2620 2090 φησιν
2650 2022 2679 2073 6
2703 2021 3081 2094 Ὺμνογράφος
3099 2038 3113 2051 ο
3141 2021 3226 2075 Σὺ
3259 2019 3316 2076 εἷ
3337 2023 3526 2091 ἱερεὺς
3552 2025 3639 2090 εἰς

2059 2111 2170 2164 τὸν
2213 2110 2399 2165 αἰῶνα
2446 2112 2595 2166 κατὰ
2634 2111 2749 2182 τὴν
2784 2113 2956 2179 τάξιν
2995 2115 3390 2184 Μελχισεδέκ.
3425 2115 3637 2169 Γίνεται

2060 2200 2156 2254 καὶ
2200 2201 2464 2266 διάκονος,
2493 2205 2567 2266 ὣς
2617 2218 2781 2276 φησιν
2831 2207 2860 2258 6
2903 2207 3146 2276 γενναῖος
3194 2205 3437 2268 Παῦλος·
3471 2205 3633 2276 Λέγω

2060 2293 2171 2364 γὰρ
2194 2294 2451 2364 Χριστὸν
2477 2295 2758 2352 διάκονον
2773 2297 3126 2369 γεγενῆσθαι
3143 2296 3462 2369 περιτομῆς
3480 2297 3633 2365 ὑπὲρ

2061 2384 2343 2452 ἀληθείας
2371 2384 2540 2451 Θεοῦ,
2574 2387 2660 2452 εἰς
2689 2386 2756 2440 τὸ
2779 2383 3091 2455 πληρῶσαι
3132 2387 3239 2454 τὰς
3277 2386 3636 2457 ἐπαγγελίας

2061 2477 2181 2532 τῶν
2217 2477 2504 2547 πατέρων.
2535 2478 2634 2533 Διὰ
2659 2479 2840 2551 πάσης
2866 2475 2958 2533 οὖν
2979 2479 3153 2533 ὁδεύει
3175 2477 3401 2545 τάξεως.
3427 2478 3638 2533 Γίνεται

2062 2569 2224 2623 πάλιν
2279 2571 2372 2624 καὶ
2429 2570 2801 2644 ἀναγνώστης.
2840 2571 3050 2627 Λαϐὼν
3096 2573 3208 2642 γὰρ
3257 2570 3364 2625 τόν
3396 2571 3640 2626 Ἡσαΐαν

2062 2663 2489 2734 ἀνεγίνωσκεν,
2537 2665 2614 2730 ὼς
2664 2664 2903 2718 δείκνυσι
2951 2664 3013 2718 τὸ
3039 2663 3393 2733 Εὑαγγέλιον,
3420 2663 3508 2716 ἵνα
3544 2661 3640 2716 καὶ

2062 2753 2156 2807 τοῦ
2182 2758 2458 2828 προφήτου
2486 2757 2584 2820 τὰς
2605 2757 2789 2827 φωνὰς
2820 2755 3113 2830 βεϐαιώσῃ,
3141 2758 3235 2811 καὶ
3276 2757 3374 2827 τῆς
3414 2755 3640 2828 Ἐκκλη-

2065 2845 2187 2908 σίας
2229 2848 2355 2908 τοὺς
2402 2846 2644 2917 βαθμοὺς
2673 2849 2906 2920 τιμήσῃ.
2968 2847 3216 2916 Ἐγένετο
3243 2851 3337 2901 καὶ
3369 2847 3640 2917 βασιλεὺς,

2076 2936 2136 2989 Ὀ
2168 2937 2471 3002 Βασιλεὺς
2509 2937 2628 2991 τῶν
2650 2939 3109 3003 ,ϐασιλευόντων
3127 2956 3140 2968 ο
3169 2938 3245 3002 ὥς
3273 2955 3437 3008 φησιν
3469 2940 3496 2991 6
3520 2938 3633 2991 Na.-

2061 3025 2268 3097 θαναήλ
2288 3043 2301 3056 ·
2331 3027 2414 3080 Σὺ
2446 3023 2555 3081 elo’
2598 3027 2730 3093 Υίὸς
2759 3027 2867 3080 τοῦ
2905 3029 3080 3082 Θεοῦ’
3107 3027 3188 3081 σὺ
3209 3023 3316 3082 εἷό
3339 3027 3638 3093 ,ϐασιλεὺς

2063 3114 2167 3170 τοῦ
2210 3114 2473 3182 ’1σραήλ;

465 3200 576 3260 VII.
605 3201 710 3260 Sed
729 3203 871 3260 dicet
892 3203 1125 3262 fortasse
1143 3205 1414 3276 quispiam
1438 3207 1916 3263 circumstantium
1941 3227 1954 3262 ε

2131 3204 2204 3257 Z'.
2260 3170 2406 3256 ’Ᾰλλί
2421 3205 2538 3275 ἐρεῖ
2577 3221 2662 3268 τις
2696 3203 2826 3268 ἴσως
2871 3203 2976 3257 τῶν
3009 3205 3388 3278 περιεστώτων
3411 3223 3425 3238 ·
3450 3206 3513 3258 Τί
3544 3201 3636 3259 οὖν

394 3292 535 3360 Quid
573 3294 738 3364 igitur
772 3295 838 3350 ad
873 3311 959 3352 me
985 3295 1256 3351 hominem
1291 3297 1628 3362 saecularem,
1655 3299 1702 3353 si
1731 3299 1962 3370 prophe-

396 3387 525 3440 tiam
579 3395 634 3442 et
679 3388 1038 3457 apostolatum
1086 3397 1141 3444 et
1186 3389 1561 3458 pontiﬁcatum
1588 3391 1840 3445 Christus
1880 3392 1963 3446 in-

397 3476 553 3531 duit?
581 3478 712 3548 quid
741 3479 806 3532 ad
834 3495 919 3535 me
944 3483 998 3535 in
1030 3480 1278 3536 Steculari
1308 3489 1450 3536 statu
1497 3481 1774 3553 positum?
1801 3482 1965 3536 Maxi-

398 3585 486 3626 me
521 3586 650 3626 vero
678 3582 899 3643 propter
931 3589 1124 3630 omnes
1169 3575 1420 3631 homines
1453 3574 1630 3630 factus
1673 3584 1758 3632 est
1800 3575 1966 3630 homo

391 3661 829 3720 humanissimus
860 3665 970 3720 ille.
1022 3664 1100 3721 Ac
1138 3665 1187 3720 si
1225 3665 1307 3720 vis
1335 3664 1518 3722 videre
1541 3666 1692 3721 illum
1721 3665 1964 3720 laicalem

401 3761 603 3812 statum
637 3757 924 3813 obeuntem
955 3767 1174 3829 propter
1201 3769 1276 3818 te.
1309 3770 1500 3830 reputa
1531 3770 1706 3815 tecum
1753 3765 1809 3814 et
1844 3773 1970 3813 con-

401 3847 582 3904 sidera
605 3865 726 3919 qua:
746 3850 860 3919 jam
889 3851 1114 3906 dicenda
1146 3859 1294 3906 sunt.
1327 3849 1458 3907 Sine
1479 3851 1850 3907 controversia
1873 3851 1968 3920 qui

400 3940 640 4011 baptizat
666 3957 842 3997 nonne
876 3943 927 3997 in
957 3942 1147 3999 ordine
1195 3952 1281 3998 est
1329 3943 1683 4008 sacerdotali;
1713 3942 1805 4010 qui
1841 3958 1970 3997 vero

404 4032 733 4105 baptizatur,
757 4051 939 4090 nonne
969 4035 1026 4090 in
1070 4035 1248 4091 laicali
1281 4035 1453 4107 gradu
1487 4035 1819 4091 constitutus
1845 4034 1971 4090 est?

403 4125 638 4181 Attende
668 4126 832 4196 igitur
869 4125 1137 4185 Joannem
1170 4129 1224 4183 in
1255 4126 1429 4199 gradu
1460 4126 1761 4183 sacerdotis
1799 4125 1972 4196 bapti-

407 4225 642 4283 zantetn,
668 4225 722 4273 et
763 4215 1042 4273 Christum
1094 4217 1150 4270 in
1194 4216 1375 4271 laicali
1420 4224 1561 4271 statu
1613 4214 1970 4286 baptizatum.

409 4307 580 4364 Hodie
606 4325 859 4378 namque,
898 4308 1118 4373 fratres,
1162 4308 1322 4364 hodie
1350 4308 1814 4378 dispensationem
1844 4309 1975 4363 sub-

406 4401 504 4454 ivit
531 4417 793 4469 aquarum
823 4418 836 4454 :
862 4417 970 4456 non
994 4416 1060 4455 ex
1091 4399 1246 4469 aquis
1275 4397 1673 4467 sanctitlcatus,
1697 4398 1792 4454 sed
1817 4398 1973 4469 aquis

2065 3293 2198 3365 πρὸς
2238 3292 2336 3365 ἐμὲ
2380 3293 2470 3348 τὸν
2502 3295 2706 3360 λαῖκὸν,
2735 3296 2787 3348 εἰ
2832 3296 3165 3366 προφητείαν
3210 3296 3305 3350 καλ
3336 3297 3639 3368 ἀποστολὴν

2065 3383 2159 3436 καί
2180 3382 2590 3456 ἀρχιερωσύνην
2619 3383 2934 3450 ὲνεδύσατος
2961 3385 3015 3438 τί
3042 3387 3179 3457 πρὸς
3203 3386 3303 3456 ἐμὲ
3329 3385 3419 3439 τὸν
3441 3387 3498 3440 ἐν
3523 3385 3639 3440 λαῖ-

2066 3476 2134 3542 κῇ
2161 3472 2310 3539 τάξει
2334 3473 2772 3545 κατηλεγμένον;
2804 3473 3056 3529 Μάλιστα
3087 3474 3293 3547 μὲν-διὰ
3315 3475 3521 3538 πάντας
3546 3477 3637 3529 ἀν-

2067 3568 2316 3642 θρώπους
2366 3568 2588 3637 γέγονεν
2635 3567 2920 3639 ἄνθρωπος
2967 3571 2995 3622 6
3045 3567 3446 3640 φιλάνθρωπος.
3480 3568 3546 3622 Εἰ
3587 3569 3642 3622 δὲ

2069 3660 2248 3731 βούλει
2271 3660 2432 3714 αὐτὸν
2459 3660 2554 3714 καὶ
2579 3659 2769 3714 λαῖκού
2797 3658 2952 3724 τάξιν
2993 3660 3363 3732 ὑπερχόμενον
3407 3660 3532 3714 ἰδεῖν
3556 3660 3642 3715 διὰ

2071 3754 2150 3819 σὲ,
2180 3752 2468 3825 ἀνάκρινον
2489 3753 2639 3824 παρά
2669 3753 2728 3806 σὲ
2758 3754 2833 3824 (5)
2857 3752 3006 3824 αὐτῷ
3033 3755 3127 3807 καὶ
3157 3755 3429 3824 σκόπησον
3450 3753 3519 3808 τὰ
3549 3755 3634 3825 ῥη-

2070 3843 2855 3916 Θησόμενα.’ομολογουμὲνως
2901 3847 2930 3898 6
2972 3845 3248 3916 βαπτίζων
3269 3848 3369 3900 ούκ
3401 3847 3459 3898 ὲν
3493 3845 3646 3918 χώρᾳ

2071 3937 2217 3990 ἐστὶν
2269 3936 2365 3990 τοῦ
2398 3937 2608 4008 ἱερέως,
2659 3938 2688 3990 6
2733 3937 2792 3990 δὲ
2839 3935 3251 4008 βαπτιζόμενος,
3281 3936 3380 3990 ούκ
3411 3936 3469 3989 ὲν
3495 3934 3646 3999 τάξει

2069 4029 2165 4083 τοῦ
2195 4029 2380 4083 λαϊκοῦ
2430 4029 2803 4101 καθέστηκεν;
2837 4030 2981 4100 Ὅρα
3004 4026 3097 4084 οὖν
3133 4029 3381 4100 Ἰωάννην
3410 4031 3468 4082 ὲν
3495 4025 3648 4094 τάξει

2074 4123 2263 4195 ἱερέως
2290 4123 2638 4193 βαπτίζοντα,
2665 4123 2870 4178 καὶτὸν
2897 4123 3129 4196 Χριστὸν
3157 4124 3214 4176 ὲν
3243 4122 3646 4193 λαῖκῷ·τάγμα-

2073 4232 2126 4269 τι
2175 4215 2592 4287 βαπτιζόμενον.
2650 4217 2898 4288 Σήμερον
2950 4216 3078 4287 γὰρ,
3125 4215 3364 4282 ἀδελφοὶ,
3408 4215 3646 4284 σήμερον

2073 4309 2172 4380 τὴν
2199 4308 2287 4362 διὰ
2311 4308 2419 4364 τῶν
2447 4309 2656 4362 ὑδάτων
2684 4307 2922 4378 ὑπῆλθεν
2953 4307 3282 4378 οἰκονομίαν.
3303 4307 3424 4358 Ὀὐκ
3449 4306 3512 4357 ὲκ
3539 4301 3648 4356 τῶν

2077 4399 2282 4454 ὑδάτων
2313 4399 2694 4472 άγιαζόμενος,
2725 4400 2860 4455 ἀλλά
2894 4401 3006 4462 τοῖς
3039 4397 3224 4451 ὕδασιν
3265 4395 3356 4448 τὸν
3381 4391 3650 4464 ἀγιασμδν

407 4493 893 4548 sanctiﬁcationem
930 4491 1141 4546 imlens.
1165 4489 1404 4545 Joannes
1432 4489 1604 4546 vicem
1635 4493 1859 4562 gerebat
1885 4507 1965 4547 sa-

2075 4494 2464 4566 παρεχόμενος.
2481 4492 2730 4564 Ἰωάννης
2769 4491 3008 4562 ἐπλήρου
3053 4488 3113 4541 τὸ
3151 4487 3335 4558 σχῆμα
3366 4486 3428 4540 τὸ
3451 4488 3649 4556 ἱερατι-

410 4585 674 4650 cerdotis;
710 4583 917 4638 accedit
940 4581 1269 4652 Redemptor
1304 4581 1454 4638 orbis
1485 4581 1555 4637 ad
1586 4583 1974 4654 baptizantem,

412 4676 460 4730 is
495 4675 589 4746 qui
623 4676 860 4731 illustrat
901 4674 960 4727 in
991 4672 1224 4744 Spiritu,
1267 4689 1366 4730 rex
1416 4675 1532 4745 ipse
1566 4674 1634 4730 ad
1673 4689 1978 4746 praecurso-

411 4783 549 4833 rem,
574 4769 714 4823 Deus
737 4767 854 4836 ipse
879 4765 947 4820 ad
973 4765 1311 4837 prophetam.
1343 4764 1602 4834 Joannes,
1628 4767 1847 4832 fratres,
1868 4785 1978 4823 non

414 4861 697 4930 ignorabat
717 4859 1040 4928 dignitatem
1073 4866 1295 4928 propter
1323 4859 1789 4930 dispensationem
1816 4877 1831 4926 ;
1863 4875 1977 4914 non

418 4953 604 5008 t'el‘cllit
629 4968 752 5008 enm
779 4951 994 5008 habitus
1023 4952 1306 5021 corporis;
1342 4968 1452 5008 non
1483 4952 1698 5026 decepit
1725 4969 1848 5010 eum
1878 4967 1978 5024 ap-

416 5059 611 5114 parens
642 5059 800 5113 caro;
819 5046 946 5116 quin
970 5045 1152 5116 potius
1173 5046 1464 5102 illustravit
1484 5063 1608 5103 eum
1635 5048 1850 5102 occulta
1870 5048 1980 5102 vir-

416 5152 523 5205 tus,
544 5156 704 5211 quam
727 5143 1102 5214 ignorantibus
1127 5155 1343 5212 quoque
1366 5141 1714 5212 praedicabat.
1735 5141 1978 5196 Lucerna

414 5233 616 5303 quippe
645 5243 832 5290 sancta
851 5247 974 5291 erat
1000 5235 1203 5290 vir'illc
1233 5233 1586 5290 admirandus
1622 5253 1635 5289 :
1669 5235 1890 5289 lucerna
1913 5233 1981 5288 de

411 5336 522 5391 qua
547 5340 560 5376 :
583 5320 780 5377 Paravi
811 5325 1075 5380 lucernam
1098 5324 1308 5380 Christo
1327 5341 1442 5380 meo
1459 5325 1522 5388 “‘,
1538 5341 1633 5395 per
1654 5323 1979 5394 Prophetam

412 5416 731 5486 1W~iotum
766 5416 959 5472 fuerat.
990 5417 1231 5474 Lucerna
1275 5433 1404 5474 vero
1427 5415 1664 5473 Joannes
1691 5418 1976 5487 pramomi-

488 5640 516 5674 ⁸
547 5637 692 5696 Psal.
717 5658 898 5705 LXXIX,
925 5643 981 5696 2.
1057 5645 1077 5676 ⁸
1118 5640 1270 5697 Deut.
1300 5659 1459 5706 svnt,
1490 5644 1576 5700 15.

2075 4586 2189 4651 κὸν,
2230 4584 2588 4657 προσέρχεται
2611 4586 2640 4638 6
2669 4580 2963 4653 Δυτρωτὴς
2983 4580 3082 4650 τῆς
3102 4578 3422 4650 οἰκουμένης
3451 4577 3527 4649 τῷ
3551 4577 3646 4648 βα-

2073 4676 2338 4742 πτίζοντι,
2369 4679 2399 4730 6
2430 4677 2678 4745 φωτίζων
2698 4677 2754 4729 ὲν
2775 4674 3074 4745 Πνεύματι,
3096 4673 3124 4725 6
3147 4671 3394 4742 βασιλεὺς
3415 4670 3494 4742 τῷ
3517 4686 3649 4742 προ-

2074 4771 2276 4842 δρόμῳ,
2309 4772 2338 4824 6
2377 4769 2511 4833 Θεὸς
2550 4769 2629 4840 τῷ
2671 4766 3233 4841 προφήτῃ.’1ωάννης,
3280 4765 3517 4834 ἀδελφοὶ,
3552 4764 3653 4818 οὐκ

2075 4862 2340 4934 ἠγνόησεν
2361 4862 2459 4934 τὴν
2489 4861 2645 4928 ἀξίαν
2673 4862 2761 4915 διὰ
2787 4859 2886 4931 τὴν
2912 4858 3223 4929 οἰκονομίαν
3247 4874 3261 4888 ·
3292 4858 3392 4911 οὐκ
3424 4855 3652 4924 ἔσφαλεν

2077 4954 2238 5008 αὐτὸν
2285 4954 2345 5007 τὸ
2386 4954 2573 5026 σχῆμα
2613 4952 2704 5006 τοῦ
2735 4953 2982 5022 σώματος
3005 4967 3020 4982 ’
3053 4952 3152 5005 οὐκ
3183 4950 3465 5022 ἠπάτησεν
3491 4948 3650 5002 αὑτὸν

2076 5048 2111 5112 ἡ
2142 5046 2441 5118 φαινομένη
2493 5045 2652 5119 σὰρξ,
2681 5045 2817 5099 ἀλλά
2861 5044 3236 5116 περιέλαμπεν
3262 5041 3422 5096 αὑτὸν
3453 5044 3487 5111 ἠ
3520 5057 3652 5112 κρυ-

2080 5136 2325 5208 πτομένη
2364 5137 2609 5208 δύναμις,
2653 5138 2719 5209 ἣν
2753 5137 2846 5190 καὶ
2877 5138 2990 5200 τοῖς
3015 5133 3297 5205 ἀγνοοῦσιν
3337 5133 3646 5204 ἐκήρυττεν.

2080 5231 2284 5300 Λύχνος
2311 5231 2420 5304 γάρ
2445 5227 2512 5303 ἦν
2546 5230 2698 5300 ἅγιος
2729 5233 2758 5285 6
2788 5229 3088 5302 θαυμάσιος
3112 5245 3125 5258 ο
3155 5228 3365 5299 λύχνος,
3401 5225 3530 5294 περί
3556 5217 3616 5277 οὗ
3635 5239 3651 5254 ο

2094 5325 2418 5394 Ἣτοίμασα
2448 5325 2680 5395 λύχνον
2707 5323 2789 5390 τῷ
2817 5321 3047 5394 Χριστῷ
3082 5338 3222 5391 μου,
3253 5318 3339 5372 διὰ
3378 5315 3472 5370 τοῦ
3517 5317 3655 5386 Προ-

2085 5421 2256 5489 φητου
2285 5418 2626 5490 προείρηται.
2662 5417 2868 5490 Λύχνος
2896 5415 2953 5470 δὲ
2995 5417 3025 5468 6
3061 5412 3311 5482 Ἰωάννης
3355 5406 3656 5480 προανηγό-

1657 5641 1901 5717 ’Ϋξηοῖπο
1932 5659 2012 5706 ¹¹¹ν
2045 5645 2146 5717 ίοη
2177 5647 2218 5677 ’⁸
2259 5650 2403 5704 Psal.
2446 5666 2553 5717 cui,
2589 5653 2639 5706 ι.
2724 5649 2764 5680 ¹²
2808 5647 2963 5702 Rom.
3025 5660 3112 5709 xv,
3172 5641 3226 5696 8.
3305 5639 3346 5672 “
3410 5637 3544 5692 Luc.
3574 5647 3649 5702 tv,

421 5709 511 5769 i7.
591 5712 633 5744 “
676 5713 690 5766 I
727 5711 961 5780 Tim.v1,
997 5713 1081 5766 l5.
1162 5713 1204 5744 ¹⁵
1245 5712 1402 5767 Joan.
1434 5731 1470 5777 ι,
1500 5715 1588 5769 49.
1647 5715 1689 5746 ¹⁶
1713 5713 1855 5769 Psal.
1889 5730 2073 5781 exul,
2104 5716 2187 5769 i7.

491 5806 568 5876 (3)
609 5803 766 5860 Forte
798 5805 895 5870 σοί,
937 5823 997 5861 ex
1028 5820 1210 5862 errore
1245 5816 1452 5877 typogr.
