4054 6206
471 293 536 348 2i
1578 283 1833 341 ORATIO
1873 283 1937 339 IN
1975 283 2086 340 DEI
2119 284 2642 342 APPABITIONEM.
3611 304 3680 358 εξ

482 423 680 481 pausat,
711 405 813 460 οὐκ
849 401 1035 473 ἐπειδὴ
1067 398 1143 470 τῷ
1177 400 1293 470 Θεῷ
1319 399 1492 471 Λόγῳ,
1523 401 1598 472 τῷ
1624 403 1760 471 φωτὶ
1781 402 1878 472 τῆς
1897 401 2029 470 ἀλη-

2139 409 2290 460 natus
2338 411 2451 464 est;
2484 417 2592 456 non
2638 400 2764 472 quia
2808 399 2917 456 Deo
2940 400 3141 469 Verbo,
3186 403 3395 472 lumini,
3439 402 3685 475 inquam.

481 501 640 564 θείας,
692 494 852 568 χρεία
902 489 968 565 ἦν
1011 492 1110 562 τῆς
1153 493 1258 547 ἀπὸ
1307 491 1398 544 τοῦ
1444 491 1634 563 λύχνου
1691 493 2032 564 προσθήκηςο

486 593 629 661 ἣλιος
679 588 788 659 γὰρ
815 581 883 658 ἦν
905 582 1247 651 δικαιοσύνης
1267 598 1280 611 ·
1314 581 1427 634 ἀλλ’
1458 582 1643 653 ἐπειδὴ
1668 583 1757 636 τὸν
1791 584 1848 635 ἐν
1877 583 2038 653 σαρκὶ

477 679 843 752 κρυπτόμενον
869 675 1073 745 Κύριον
1103 672 1412 744 ἐγνώριζεν,
1436 672 1510 736 ὼς
1545 673 1601 726 ἐν
1622 673 1797 732 νυκτὶ.
1818 675 1884 744 τῇ
1914 673 2042 725 ’1ου-

474 773 632 842 δαῖκῇ
663 765 1011 827 καταστάσει,
1035 764 1126 816 τὸν
1147 762 1336 833 λύχνον
1356 763 1757 835 ἀπαστράπτων
1780 763 1870 816 τοῦ
1897 763 2037 817 θείου

477 865 669 932 Λόγου.
700 858 961 914 Καλεῖται
989 851 1081 910 οὖν
1110 854 1300 924 λύχνος
1329 855 1572 918 εἰκότως.

553 955 633 1007 ιιι.
664 952 774 1005 Καὶ
796 951 956 1021 ὁρᾶτε
983 947 1044 1000 τὸ
1069 944 1396 1016 θαυμαστὸν,
1419 946 1656 1015 ἀδελφοί.
1679 946 1805 1000 Ὅτε
1832 945 2040 1018 παρῆλ-

483 1046 572 1098 θεν
602 1043 692 1096 ἐπὶ
720 1041 818 1112 τὴν
851 1039 1109 1109 ένσαρκον
1131 1036 1442 1106 οἰκονομίαν
1471 1037 1500 1089 ὁ
1527 1035 1660 1106 πρὸς
1683 1036 1830 1107 ἡμᾶς
1855 1035 2040 1106 ἐπιδη-

485 1137 660 1205 μήσας
693 1131 986 1202 Δεσπότης,
1023 1127 1305 1199 ἄνθρωπος
1329 1127 1418 1181 διὰ
1443 1127 1849 1199 φιλανθρωπίαν
1884 1126 2038 1195 γενό-

481 1244 658 1299 μενος,
689 1225 782 1278 καὶ
809 1221 877 1295 ἦν
897 1223 1044 1290 ξένον
1081 1221 1264 1291 θαῦμα
1288 1262 1303 1285 ,
1343 1221 1424 1274 ὅτι
1459 1221 1590 1284 Θεὸς
1621 1222 1678 1274 ἐν
1707 1219 2036 1292 ἀνθρώποις,

478 1324 534 1374 ἐν
553 1319 811 1382 δούλοιςὸ
843 1309 1136 1384 Δεσπότίης,
1167 1314 1304 1384 μετὰ
1331 1314 1440 1367 τῶν
1481 1314 1797 1385 ποιημάτων
1827 1314 1856 1366 ό
1880 1330 2036 1384 ποιη-

477 1409 593 1478 τὴς,
621 1409 650 1460 ὁ
673 1406 911 1475 ἁγιάζων
937 1404 1073 1475 μετά
1097 1402 1206 1456 τῶν
1237 1401 1606 1472 ἀγιαζομένων
1625 1421 1639 1434 ο
1658 1404 1780 1456 τότε
1815 1403 2037 1457 ὁἸωάν-

478 1515 574 1568 νης
595 1497 857 1568 κηρύττει
883 1495 980 1566 τὴν
1000 1494 1172 1558 ἀξίαν,
1195 1495 1289 1546 καὶ
1311 1489 1377 1564 ἦν
1401 1495 1526 1546 ίδεῖν
1555 1492 1701 1558 ξένον
1723 1493 1905 1565 θαῦμα
1925 1513 1938 1524 ο
1967 1491 2036 1566 ἦν

481 1589 608 1642 ἰδεῖν
637 1591 730 1642 τὸν
767 1587 954 1658 λύχνον
977 1586 1259 1656 δεχόμενον
1274 1584 1364 1638 τὸν
1387 1585 1534 1655 ἥλιον
1565 1584 1664 1655 τῆς
1695 1586 2037 1658 δικαιοσύνης

488 1682 714 1754 Ἰησοῦν.
741 1679 845 1733 Τὸν
865 1678 972 1748 γὰρ
1003 1676 1255 1731 ἁπάντων
1301 1676 1590 1748 Λυτρωτὴν
1639 1676 1841 1748 Κύριον
1872 1679 1900 1731 ό
1934 1677 2027 1734 λυ-

2138 493 2400 556 veritatis,
2431 508 2570 563 opus
2603 500 2748 548 esset
2773 491 3084 558 accessione
3130 492 3381 558 lucernae,
3430 495 3510 547 sol
3537 495 3682 549 enim

2137 589 2255 635 erat
2277 581 2531 650 justitiaz;
2571 590 2628 636 at
2660 581 2787 654 quia
2829 580 3158 635 occultatum
3204 581 3260 636 in
3299 597 3461 636 carne
3503 580 3685 636 Domi-

2139 688 2288 737 num,
2317 673 2588 742 cognitum
2621 671 2872 737 faciebat,
2901 681 3153 741 tanquam
3205 671 3258 729 in
3292 682 3467 738 nocte,
3497 672 3683 728 Judai—

2139 780 2215 820 ca:
2261 764 2592 833 reipublicae,
2626 764 2901 820 lucernam
2945 763 3262 822 illuminans
3289 761 3453 818 Verbi
3485 763 3684 820 divini.

2139 854 2373 910 Vocatur
2401 855 2560 926 igitur
2587 855 2806 911 lucerna
2838 854 3050 910 merito.

2211 945 2341 1002 Vill.
2370 946 2563 1004 Videte
2590 963 2755 1019 porro
2784 963 2895 1003 rem
2921 945 3243 1010 mirabilem,
3265 942 3686 1010 fratres.Quan-
3713 978 3716 980 ν

2138 1040 2209 1096 do
2243 1041 2508 1111 processit
2555 1040 2621 1094 ad
2660 1039 3052 1095 incarnationis
3085 1036 3546 1108 dispensationem
3579 1031 3687 1088 Do-
3717 1066 3721 1068 -

2139 1131 2321 1186 minus
2351 1134 2444 1201 qui
2482 1132 2764 1188 nobiscum
2787 1137 3142 1188 conversatus
3159 1137 3263 1194 est,
3283 1128 3444 1184 homo
3466 1133 3688 1198 propter
3711 1144 3721 1154 τ

2138 1221 2586 1290 benignissimam
2622 1220 3015 1276 humanitatem
3068 1218 3266 1283 factus,
3321 1223 3550 1287 eratque
3579 1221 3690 1270 stu-

2139 1310 2370 1381 pendum
2416 1312 2761 1378 miraculum,
2789 1310 2954 1366 Deum
2987 1309 3194 1366 versari
3241 1309 3385 1365 inter
3416 1307 3688 1372 homines,

2138 1418 2260 1458 cum
2305 1401 2478 1457 servis
2513 1400 2822 1465 Dominum,
2875 1415 3002 1455 cum
3034 1400 3304 1456 creaturis
3359 1406 3686 1461 creatorem,

2136 1490 2590 1546 sanctiticatorem
2642 1507 2766 1545 cum
2817 1490 3212 1545 sanctificatis:
3268 1499 3397 1544 tunc
3449 1487 3685 1543 Joannes

2137 1582 2394 1654 praedicat
2426 1583 2572 1638 illius
2594 1583 2938 1653 dignitatem,
2974 1582 3276 1653 licebatque
3295 1581 3478 1637 videre
3501 1581 3684 1649 prodi-

2137 1677 2284 1748 gium
2341 1690 2506 1745 supra
2563 1690 2778 1730 omnem
2813 1675 3158 1746 opinionem;
3193 1673 3412 1737 licebat,
3443 1673 3684 1743 inquam,

477 1747 728 1845 τρῶσεως
770 1747 1016 1842 δεόμενος
1058 1769 1337 1841 ἄνθρωπος
1379 1768 1706 1833 ἐϐάπτιζεν,
1732 1747 1817 1821 οὐ
1859 1769 2029 1841 τόλμῃ

2139 1747 2312 1823 videre
2327 1769 2606 1824 lucernam
2630 1767 3016 1838 suscipientem
3040 1768 3207 1824 solem
3227 1766 3457 1837 iustitiae
3477 1765 3683 1820 Jesum.

482 1865 830 1937 προσαχθεὶς,
868 1862 998 1916 ἀλλά
1024 1862 1402 1933 προστάγματι
1433 1861 1736 1924 δουλωθείς.
1786 1862 1920 1915 Τότε
1968 1863 2033 1934 δὴ

487 1959 607 2012 τότε
633 1957 953 2028 συνέδραμον
970 1956 1060 2008 δύο
1078 1955 1407 2026 προφητικαὶ
1433 1953 1636 2022 φωναί·
1654 1953 1824 2020 Φωνὴ
1841 1952 2036 2018 βοῶν-

492 2067 592 2114 τος
620 2049 690 2102 ἐν
711 2046 783 2116 τῇ
801 2047 991 2115 ἐρήμῳ
1009 2061 1023 2074 ·
1051 2046 1162 2108 καὶ,
1194 2043 1363 2113 Φωνὴ
1383 2044 1606 2112 Κυρίου
1641 2043 1738 2097 ἐπὶ
1761 2043 1878 2097 τῶν
1892 2045 2033 2098 ὑδά-

486 2157 617 2192 των.
660 2138 716 2191 Ὁ
750 2137 919 2207 κήρυξ
945 2136 1041 2206 τῆς
1069 2134 1324 2206 ἀληθείας
1357 2133 1510 2197 ἐϐόα,
1539 2134 1633 2188 καὶ
1675 2134 1728 2186 '0
1752 2134 1894 2200 Θεὸς
1926 2134 2036 2203 τῆς

477 2229 660 2296 δόξης
704 2229 968 2296 ἐϐρόντα.
1017 2227 1126 2279 Καὶ
1168 2220 1236 2296 ἦν
1267 2227 1384 2280 ἐκεῖ
1414 2227 1447 2298 ἡ
1482 2225 1831 2297 προσκυνηή
1867 2225 2036 2296 Τριάς

476 2319 576 2390 τὴν
613 2318 781 2387 αὐτῆς
823 2317 978 2380 δόξαν
1018 2315 1423 2387 ἀστράπτουσα.
1467 2315 1658 2387 Πατὴρ
1695 2315 1897 2368 ἄνωθεν
1944 2315 2034 2368 τὸν

477 2410 604 2464 Υἰὸν
627 2407 936 2480 κηρύττων,
967 2408 1094 2470 Υἱὸς
1139 2405 1382 2461 κάτωθεν
1401 2405 1499 2479 τὴν
1534 2407 1844 2478 οἰκονομίαν
1895 2407 2034 2479 πλη-

482 2503 608 2575 ρῶν,
635 2502 695 2554 τὸ
718 2501 942 2572 Πνεῦμα
963 2500 1023 2553 τὸ
1045 2501 1196 2568 ἆγιον
1214 2499 1608 2571 ἐπισφραγίζον
1630 2500 1727 2572 τὴν
1760 2500 2034 2572 θεοπρεπῆ

485 2592 891 2665 μυσταγωγίαν.
912 2593 1018 2644 Καὶ
1038 2591 1188 2662 φωνὴ
1215 2592 1452 2662 τοσαύτη
1475 2591 1683 2660 γίνεται
1703 2591 2037 2693 μαρτυροῦν-

482 2699 571 2746 τος
602 2681 802 2735 ἄνωθεν
836 2679 929 2731 τοῦ
965 2678 1173 2749 Πατρὸς
1222 2678 1299 2748 τῷ
1351 2678 1546 2731 ἐαυτοῦ
1598 2676 1911 2745 Μονογενεῖ,
1961 2676 2036 2739 ὡς

490 2773 768 2844 σχισθῆναι
821 2771 1021 2826 ἄνωθεν
1070 2771 1195 2834 τοὺς
1264 2770 1542 2842 οὐρανούς.
1599 2771 2038 2836 Ἀναϐαίνω-τος

487 2866 612 2935 γὰρ,
641 2865 788 2934 φησὶ,
813 2863 916 2918 τοῦ
957 2862 1149 2929 Ἰησοῦ
1172 2863 1288 2916 ἀπὸ
1326 2861 1433 2916 τοῦ
1471 2862 1711 2929 ὕδατος,
1749 2863 2037 2932 ἐσχίσθη-

488 2971 606 3008 σαν
623 2957 676 3008 ol
694 2955 956 3021 οὐρανοί.
987 2954 1060 3007 Οὐ
1086 2954 1192 3022 γὰρ
1219 2953 1454 3024 ἤνεγκαν
1475 2953 1573 3026 τὴν
1598 2954 1779 3025 φωνὴν
1802 2955 1898 3025 τῆς
1914 2971 2034 3008 τοσ-

2136 1857 2523 1912 Universorum
2579 1857 2722 1911 enim
2781 1855 3177 1927 redemptorem
3225 1855 3536 1921 Dominum,
3591 1854 3686 1924 qui

2133 1949 2500 2018 redemptione
2537 1949 2818 2019 indigebat
2847 1949 3011 2004 homo
3037 1948 3366 2018 baptizabat,
3384 1961 3495 2002 non
3515 1955 3689 2002 teme~

2133 2039 2278 2094 rario
2301 2054 2434 2094 ausu
2457 2055 2566 2093 rem
2586 2055 2900 2111 aggressus,
2917 2039 3012 2094 sed
3031 2039 3287 2094 mandato
3309 2037 3684 2095 subserviens.

2134 2128 2287 2183 Tunc
2314 2129 2458 2184 enim
2489 2143 2640 2192 vero,
2682 2136 2815 2182 tunc
2848 2135 3245 2182 concurrerunt
3286 2128 3408 2182 dum
3449 2129 3686 2198 prophe-

2134 2217 2255 2272 tica:
2275 2231 2434 2271 voces
2465 2233 2478 2268 :
2526 2216 2638 2272 Vox
2658 2217 2939 2271 clamantis
2961 2217 3014 2271 in
3033 2216 3238 2272 deserto
3259 2217 3324 2283 ",
3345 2225 3420 2284 et,
3458 2217 3568 2272 Vox
3583 2217 3728 2272 Do---

2134 2307 2264 2360 mini
2296 2321 2450 2374 super
2490 2322 2654 2377 aquas
2687 2307 2750 2360 ⁸⁸.
2803 2304 2988 2361 Prisco
3017 2306 3265 2362 veritatis
3305 2307 3594 2373 clamabat,
3633 2317 3688 2362 et

2134 2396 2273 2452 Deus
2305 2397 2600 2468 majestatis
2647 2397 2875 2452 intonuit
2905 2399 2973 2453 ".
3014 2399 3249 2469 Eratque
3290 2398 3367 2454 ibi
3415 2398 3689 2454 adoranda

2135 2486 2396 2555 Trinitas,
2427 2504 2549 2560 quae
2580 2488 2807 2560 gloriam
2840 2504 2994 2546 suam
3022 2489 3280 2563 aﬂulgere
3309 2491 3564 2550 faciebat.
3588 2493 3694 2548 Pa-

2133 2589 2219 2636 ter
2237 2595 2401 2651 supra
2434 2579 2630 2638 Filium
2655 2581 2983 2652 praedicans,
3022 2581 3195 2640 Filius
3236 2583 3378 2640 infra
3400 2583 3692 2658 dispensa-

2134 2673 2336 2728 tionem
2361 2672 2612 2744 implens,
2649 2672 2890 2744 Spiritus
2915 2685 3160 2741 sanctus,
3192 2677 3349 2748 quasi
3379 2677 3560 2749 sigillo
3589 2694 3688 2736 suo

2135 2764 2462 2820 confirmans
2511 2763 2622 2820 Deo
2670 2765 2892 2837 dignam
2933 2766 3352 2824 institutionem.
3407 2769 3473 2824 Et
3518 2785 3692 2841 usque

2135 2855 2269 2910 adeo
2298 2870 2491 2926 magna
2520 2853 2660 2910 facta
2693 2865 2778 2913 est
2805 2871 2931 2922 vox,
2958 2856 3119 2913 Patre
3149 2857 3381 2929 desuper
3403 2857 3690 2930 Unigcnito

2137 2961 2239 3003 suo
2266 2946 2634 3002 testimonium
2667 2949 3008 3017 perhibente,
3040 2959 3099 3003 ut
3134 2949 3308 3019 aperti
3336 2949 3541 3004 fuerint
3567 2953 3691 3006 celi

488 3047 652 3120 αύτης
689 3045 1013 3118 μαρτυρίας,
1047 3044 1330 3116 φρίξαντες
1357 3045 1452 3116 τὴν
1477 3045 1657 3100 ἔνθεον
1681 3045 2007 3115 οἰκονομίαν.

2140 3040 2391 3109 desuper.
2416 3038 2733 3092 Ascendeute
2758 3039 2928 3104 enim,
2963 3039 3062 3103 ait,
3101 3039 3231 3095 Jesu
3259 3039 3323 3095 de
3353 3043 3718 3111 aqua,.scissi.

550 3306 630 3359 0'.
673 3304 810 3356 Ἀλλ’
838 3306 937 3377 ὅρα
963 3306 1022 3359 τὸ
1063 3305 1389 3378 θαυμαστόν.
1449 3306 1513 3359 Ἦ
1548 3307 1698 3378 φωνῆ
1741 3307 1877 3378 αὕτη
1915 3310 2039 3372 τοὺς

489 3399 742 3472 οὐρανοὺς
762 3400 994 3470 ἔσχισεν.
1025 3399 1120 3452 καὶ
1144 3401 1448 3470 αἱρετικοῦς
1476 3400 1573 3453 οὐκ
1599 3400 1858 3471 ἐφόϐησεν
1877 3416 1890 3430 ’
1923 3397 2038 3456 Οὖ-

489 3492 586 3557 τός
605 3491 776 3544 ἐστιν
801 3493 834 3543 ό
859 3492 990 3556 Υἱός
1003 3508 1142 3559 μου,
1171 3494 1204 3544 ό
1221 3491 1543 3560 ἀγαπητὸς,
1573 3491 1757 3544 αὑτοῦ
1772 3492 2036 3546 ἀκούετε.

502 3580 710 3651 Ἐπειδὴ
757 3580 1054 3650 προέλαϐεν
1090 3580 1252 3651 νόμος
1291 3580 1596 3650 κηρύττων,
1626 3581 1719 3634 καὶ
1767 3581 2040 3652 προφῆται

489 3668 974 3738 εὐαγγελιζόμενοι,
1005 3669 1092 3722 ἴνα
1123 3669 1304 3739 μή-τις
1336 3671 1403 3738 τῇ
1438 3669 1679 3740 προτέρᾳ
1711 3671 2041 3724 καταστάσει

487 3759 586 3829 τῆς
638 3759 931 3830 Ἰουδαϊκῆς
985 3758 1237 3831 λατρείας
1281 3760 1562 3830 ἑπόμενος,
1617 3757 1897 3830 ἀπώσηται
1953 3761 2042 3814 τὸν

490 3851 646 3920 ζυγὸν
671 3851 770 3921 τῆς
807 3851 1163 3920 εύαγγελικῆς
1183 3851 1423 3922 χάριτος,
1454 3852 1488 3920 ἡ
1518 3849 1635 3903 θεία
1668 3852 1818 3922 φωνὴ
1841 3851 2040 3922 διέκριο

487 3959 574 3994 νεν
619 3944 680 3995 τὸ
721 3943 984 3996 οἰκετικὸν
1017 3943 1123 3996 ἀπὸ
1170 3941 1276 3995 τῶν
1323 3939 1654 3995 δεσποτικᾶΝ
1697 3941 2037 4012 ἀξιωμάτων.

488 4035 679 4089 Αὐτοῦ
711 4036 954 4088 ἀκούετε
975 4073 990 4096 ,
1037 4033 1274 4105 δηλονότι
1311 4033 1404 4086 τοῦ
1447 4032 1702 4104 Χριστοῦ.
1748 4032 2044 4104 Πλιὶρωμα

487 4128 595 4196 γὰρ
622 4129 806 4196 νόμου
833 4127 1106 4196 Χριστὸς,
1126 4125 1396 4196 πλήρωμα
1423 4125 1531 4179 τῶν
1548 4124 1763 4195 ἀγαθῶν
1789 4124 2039 4197 Χριστός.

487 4219 550 4272 Εἰ
571 4219 680 4289 γὰρ
713 4220 804 4272 καὶ
832 4217 1127 4289 προέλαϐον
1157 4219 1214 4270 ἐν
1250 4217 1327 4287 τῷ
1366 4217 1513 4288 νόμῳ
1559 4218 1639 4288 τῷ
1669 4217 1946 4290 Μωσαῖκῷ
1986 4220 2041 4272 αἱ

486 4312 742 4380 εὐλογίαι,
777 4311 891 4363 ἀλλ’
947 4311 1046 4364 οὑκ
1095 4305 1230 4381 ἦσαν
1277 4309 1526 4374 ἐντελεῖς,
1578 4311 1923 4381 ἐκδεχόμεναι
1949 4311 2041 4365 τὸν

2141 3138 2262 3183 sunt
2286 3128 2402 3182 εωιὶ
2423 3128 2486 3180 ὀ.
2523 3129 2643 3186 Non
2669 3129 2812 3184 enim
2859 3130 3103 3185 tulerunt
3142 3146 3330 3186 vocem
3367 3133 3501 3187 tanti
3536 3133 3692 3190 testi-'-

2141 3223 2329 3284 monii,
2357 3223 2639 3278 horrentes
2677 3220 2916 3276 divinam
2945 3221 3424 3295 dispensationem.

2212 3311 2302 3366 lx.
2330 3310 2433 3367 Sed
2465 3312 2684 3366 adverte
2707 3312 3028 3382 prodigium.
3061 3312 3139 3368 Ea
3170 3328 3273 3368 vox
3305 3314 3476 3370 caelos
3505 3315 3689 3384 scidit,

2141 3411 2194 3458 et
2219 3402 2501 3458 haereticos
2527 3417 2634 3456 non
2665 3403 2895 3472 perculit
2919 3420 2932 3456 :
2966 3402 3069 3458 Hic
3090 3415 3168 3459 est
3199 3403 3370 3461 Filius
3392 3423 3536 3462 meus
3557 3407 3693 3463 dile-

2142 3504 2255 3548 ctus
2286 3494 2352 3560 πί,
2379 3495 2478 3564 ipsi
2511 3496 2807 3550 auscultate
2837 3499 2902 3550 ".
2929 3493 3067 3563 Quia
3104 3511 3574 3570 praeoccupaverat
3605 3501 3692 3558 lex

2142 3583 2384 3648 edicens,
2419 3593 2473 3638 et
2501 3585 2777 3655 prophetae
2797 3587 3234 3658 cvangelizantes
3257 3627 3274 3654 ,
3315 3605 3386 3646 ne
3433 3592 3556 3660 quis
3604 3607 3709 3648 se-

2142 3681 2304 3728 cutus
2353 3674 2589 3743 priorem
2625 3673 2837 3730 Judaici
2886 3677 3697 3752 cultusinstitutionem,repel-

2144 3766 2278 3821 leret
2304 3766 2627 3836 evangelica:
2654 3766 2838 3836 gratia:
2856 3765 3072 3838 jugum.
3104 3769 3287 3825 divina
3321 3785 3425 3826 vox
3446 3771 3694 3828 distinxit

2141 3855 2362 3910 herilem
2391 3870 2422 3908 a
2449 3855 2636 3909 famuli
2669 3855 3043 3926 dignitatibus.
3069 3852 3178 3925 Ipsi
3209 3859 3522 3924 auscultate,
3535 3859 3694 3914 Chri-

2142 3957 2228 4003 sto
2243 3946 2510 4002 videlicet.
2540 3945 2818 4000 Plenitudo
2840 3949 2977 4000 enim
3003 3948 3129 4016 legis
3163 3947 3402 4004 Christus
3429 3951 3494 4012 ³³.
3521 3951 3693 4020 pleni-

2142 4040 2270 4095 tudo
2299 4039 2564 4094 bonorum
2595 4037 2868 4093 Christus.
2898 4036 3012 4092 Etsi
3028 4039 3172 4093 enim
3211 4051 3606 4109 praecesserunt
3635 4043 3690 4097 in

2143 4129 2260 4200 lege
2289 4127 2522 4183 Mosaica
2562 4127 2988 4192 benedictiones,
3019 4139 3076 4183 at
3103 4145 3214 4185 non
3233 4140 3388 4186 erant
3415 4134 3706 4203 perfectae,

2140 4227 2515 4290 exspectantes
2560 4218 2846 4274 Dominum
2893 4231 3139 4275 nostrum
3173 4237 3188 4273 :
3231 4221 3300 4277 de
3336 4239 3445 4294 quo
3489 4221 3708 4281 Paulus

2141 4313 2218 4367 ait
2249 4328 2264 4364 :
2295 4311 2572 4366 Plenitudo
2600 4311 2724 4383 legis
2745 4310 3006 4368 Christus.
3064 4311 3182 4368 Vin’
3213 4330 3279 4370 ex
3311 4330 3372 4371 re
3406 4317 3688 4374 manifesta

489 4403 688 4475 Κύριον
709 4403 887 4472 ἡμῶν,
920 4403 1046 4471 περὶ
1072 4396 1132 4454 οὗ
1166 4417 1328 4469 φησιν
1364 4401 1393 4452 ό
1447 4399 1686 4464 Παῦλος⁸
1743 4399 2037 4471 Πλήρωμα

2142 4405 2421 4461 exhibeam
2445 4405 2542 4460 tibi
2570 4407 2853 4463 veritatem
2900 4407 3092 4463 vadem
3113 4407 3432 4464 dictorum?
3457 4409 3688 4465 Attende

488 4500 670 4566 νόμου
695 4497 967 4565 Χριστός.
999 4494 1106 4547 Καὶ
1126 4492 1318 4558 θέλεις,
1342 4494 1406 4545 ἐκ
1431 4493 1752 4563 πράγματος
1781 4495 2042 4565 ἐναργοῦς

492 4589 820 4660 παραστήσω
847 4605 926 4640 σοι
956 4586 1054 4657 τὴν
1069 4585 1324 4656 ἀλήθειαν
1349 4585 1543 4653 ἔγγυον
1569 4583 1676 4637 τῶν
1704 4586 2039 4657 είρημένων;

486 4677 1510 4754 Πρόσεχε’άκριϐὦς.·ΚελεύειΜωῦσῆς
1551 4680 1579 4731 ό
1618 4677 1912 4749 νομοθέτης
1948 4696 2042 4749 με-

489 4775 734 4846 ρισθῆναι
753 4774 850 4837 τὰς
871 4772 1072 4825 δώδεκα
1094 4770 1264 4842 φυλὰς
1291 4770 1384 4823 τοῦ
1425 4770 1660 4842 Ἰσραὴλ,
1686 4772 1780 4824 καὶ
1811 4771 1909 4834 τὰς
1942 4772 2042 4841 μὲν

487 4865 548 4930 ἒξ
574 4865 744 4936 φυλὰς
767 4866 870 4919 ἐπὶ
898 4865 958 4917 τὸ
979 4865 1101 4936 ὅρος
1138 4863 1325 4932 ἀνάγει
1352 4864 1412 4916 τὸ
1444 4863 1646 4934 Γηϐὰλ.
1686 4866 1783 4928 τὰς
1821 4865 1878 4918 δὲ
1919 4865 2039 4919 ἐτέο

491 4973 587 5026 ρας
610 4955 775 5019 ἓξ-είς
798 4955 860 5007 τὸ
882 4954 1004 5025 ὅρος
1032 4953 1093 5006 τὸ
1123 4953 1387 5024 Γαρίζειν,
1426 4952 1519 5005 καὶ
1552 4953 1760 5007 κελεύει
1796 4954 1894 5018 τὰς
1944 4955 2042 5025 μὲν

488 5047 746 5115 εὐλογεῖν,
783 5047 881 5109 τὰς
900 5045 955 5098 δὲ
983 5043 1340 5116 καταρᾶσθαι.
1361 5043 1614 5113 Εὑλογεῖν
1645 5046 1742 5109 μὲν
1763 5046 1890 5110 τοὺς
1912 5063 2041 5098 κατ-

487 5138 777 5211 ορθοῦντας
802 5138 891 5190 τὸν
934 5138 1125 5206 νόμον,
1172 5136 1508 5208 καταρᾶσθαι
1533 5137 1590 5190 δὲ
1620 5139 1745 5200 τοὺς
1771 5138 2043 5205 παραϐαί-

485 5247 692 5292 νοντας.
736 5229 800 5282 Τί
845 5225 972 5296 οῦν;
1019 5229 1140 5281 Ἐπὶ
1181 5229 1276 5298 μὲν
1297 5228 1405 5281 τῶν
1425 5228 1676 5300 καταρῶν
1705 5229 1928 5283 ἁπασῶν
1968 5226 2037 5300 ἦν

486 5320 819 5391 ἐπαγόμενον
844 5321 1254 5392 ἐπισφράγισμα
1271 5337 1284 5352 ο
1321 5319 1556 5388 Ἐροῦσι
1577 5319 1685 5390 γὰρ
1705 5322 1758 5373 ol
1779 5321 2035 5374 Aevi‘rar

503 5413 955 5480 Ἐπικατάρατος
973 5415 1004 5465 ό
1031 5411 1556 5481 ἐγκαταλιμπάνων
1581 5411 1684 5464 τὸν
1713 5412 1915 5481 νόμον,
1941 5413 2038 5465 καὶ

487 5505 741 5576 ἐρεῖκᾶς
772 5509 804 5560 ό
835 5507 1011 5570 λαόςο
1068 5503 1266 5572 Ἀμήν.
1319 5503 1769 5572 Ἐπικατάρατος
1819 5509 1852 5558 ό
1901 5505 2039 5560 δου-

2141 4498 2444 4569 diligenter.
2471 4495 2633 4554 lubet
2669 4496 2882 4569 Moyses
2901 4499 3174 4568 legislator
3203 4498 3373 4555 dividi
3408 4499 3686 4557 duodecim

2142 4589 2322 4646 tribus
2345 4589 2530 4653 Israel,
2561 4597 2616 4644 et
2644 4605 2739 4646 sex
2768 4589 2986 4661 quidem
3009 4592 3196 4647 tribus
3225 4591 3281 4647 in
3312 4600 3546 4647 montem
3588 4593 3693 4648 dn-

2142 4681 2218 4736 cit
2247 4679 2434 4744 Gebal,
2478 4680 2718 4750 reliquas
2749 4695 2879 4736 vero
2910 4697 3028 4748 sex,
3083 4681 3136 4736 in
3178 4680 3401 4736 Garizin.
3428 4691 3701 4745 montem...

2141 4773 2468 4844 mandatque
2491 4783 2549 4828 ut
2567 4774 2687 4828 alia:
2711 4772 3051 4840 benedicant,
3081 4774 3200 4829 alia
3226 4774 3568 4832 maledicam.
3588 4774 3689 4830 Be-

2144 4867 2400 4922 nedicant
2427 4866 2562 4936 legis
2594 4867 2971 4922 observatores
2992 4906 3016 4930 ,
3054 4873 3487 4936 transgressores
3521 4867 3688 4921 male-

2143 4957 2347 5011 dicant.
2371 4955 2514 5023 Quid
2543 4957 2711 5028 ergo?
2735 4955 2791 5011 In
2825 4957 3575 5014 omnibus-maledictionibus
3609 4958 3691 5012 in.

2143 5049 2334 5104 dutum
2369 5055 2486 5104 erat
2515 5048 2681 5103 veluti
2711 5049 2980 5118 quoddam
3011 5049 3243 5119 sigillum
3270 5063 3284 5098 :
3332 5046 3516 5102 Dicent
3556 5049 3694 5103 enim

2143 5140 2374 5196 Levitw:
2412 5139 2724 5194 Maledictus
2771 5141 2860 5210 qui
2900 5141 3184 5194 deseruerit
3217 5139 3413 5210 legem;
3460 5151 3511 5196 et
3556 5142 3696 5196 dicet

2147 5234 2314 5288 omnis
2343 5231 2586 5301 populus,
2612 5233 2794 5285 Amen.
2822 5229 3142 5284 Maledictus
3165 5231 3252 5294 qui
3272 5231 3398 5286 colit
3417 5231 3538 5288 deos
3561 5232 3696 5288 alie-

2145 5341 2277 5386 nos;
2303 5336 2350 5378 et
2370 5325 2504 5378 dicet
2521 5324 2688 5377 omnis
2709 5321 2962 5391 populus,
2989 5321 3152 5380 Amen
3180 5326 3247 5380 ³⁵.
3277 5325 3452 5396 Atque
3477 5327 3533 5382 in
3553 5343 3696 5399 quo-

2143 5433 2248 5486 que
2270 5424 2538 5486 praecepto
2577 5414 2848 5484 impendet
2873 5413 3040 5470 Amen
3087 5419 3600 5490 transgressoribus.
3633 5419 3692 5477 In

2146 5507 2609 5564 benedictionibus
2631 5520 2758 5560 vero
2779 5505 2875 5571 ait,
2903 5505 3086 5561 dicent
3113 5507 3342 5566 Levita:
3379 5511 3703 5572 Benedictus.

567 5625 954 5698 ’_’_lsai._xi.,3.
1030 5622 1514 5698 “.Ps‘al.xxvn‘t,3.
1593 5625 1634 5656 ¹⁹
1677 5624 1930 5698 ibid._"°
1979 5629 2037 5684 Il:

2139 5650 2166 5684 ι.
2210 5648 2308 5698 ιιι,
2361 5631 2443 5686 16.
2521 5631 2560 5660 ¹¹
2607 5625 2738 5682 ibid.
2776 5626 2859 5682 18.
2937 5627 2982 5657 ²²
3012 5625 3198 5682 Matth.
3228 5643 3358 5694 xvtt,
3385 5630 3441 5685 5.
3496 5627 3715 5686 lPetr...

501 5694 655 5757 ι,17.
729 5696 773 5727 ’³
817 5696 968 5749 Ιὶοιιι.
1000 5709 1089 5749 xui
1114 5734 1128 5759 ,
1163 5693 1246 5748 10.
1325 5695 1367 5724 ’δ
1404 5692 1552 5748 Deut.
1600 5709 1769 5757 xxvn,
1807 5694 1877 5748 96
1902 5736 1915 5760 ,
1955 5699 2046 5752 15.
