4054 6206
2183 220 2206 249 \

398 325 467 381 9.5
1399 319 1761 380 SEVERIANI
1799 325 2219 383 GABALOIKUM
2260 324 2568 384 EPISCOPI
3531 325 3599 379 Ἃ

388 428 483 496 qui
498 427 725 484 custodit
760 430 916 501 legem
946 430 1157 485 Domini
1175 448 1194 495 ;
1212 429 1510 488 benedictus
1539 436 1593 489 in
1623 454 1770 507 agro,
1794 436 1946 493 bene--

2048 441 2241 494 λεύων
2294 439 2450 504 θεοῖς
2485 436 2841 506 ἀλλοτρίοις,
2889 438 2984 490 καὶ
3037 435 3159 504 ἐρεῖ
3202 434 3319 501 πᾶς
3347 438 3379 489 ό
3421 436 3603 501 λαός.

390 520 562 573 uictus
595 520 649 573 in
668 521 876 575 civitate
909 521 977 585 ",
1007 521 1325 593 etnuspiam
1356 524 1412 578 in
1437 525 1546 580 ulla
1576 529 1944 585 benedictione

389 618 552 667 Amen
590 624 885 685 comparet.
934 612 1047 669 Cur
1078 615 1244 686 igitur
1272 619 1677 676 maledictiones
1709 622 1942 691 sigillum

389 702 714 772 suscipiunt.
738 702 1144 760 benedictiones
1168 721 1296 762 vero
1328 723 1439 764 non
1467 708 1632 764 item?
1664 711 1803 778 Quid
1842 712 1946 767 sibi

386 793 503 846 vult
531 793 635 847 hoc
663 794 989 864 symbolum,
1013 795 1145 866 quid
1173 797 1353 853 innuit
1392 800 1495 854 hoc
1538 803 1802 872 aenigma?
1834 802 1945 857 Lex

388 884 685 938 sententias
739 887 1082 941 exsecutioni
1127 890 1455 957 mandabat,
1507 892 1943 948 benedictionum

385 982 563 1028 autem
589 973 943 1030 eonﬁrmator
967 987 1051 1032 est
1080 977 1359 1036 Christus.
1396 980 1461 1034 Et
1502 982 1630 1053 quia
1662 984 1947 1052 oportebat

382 1078 504 1130 qua!
534 1062 668 1135 legis
699 1071 827 1119 sunt
846 1068 1065 1136 propria
1096 1069 1198 1139 legi
1236 1084 1480 1126 asserere
1500 1111 1515 1136 ,
1546 1081 1601 1127 et
1643 1073 1788 1142 quod
1822 1089 1947 1143 pro-

384 1155 561 1223 prium
597 1162 682 1211 est
707 1158 1033 1227 evangelica:
1059 1160 1266 1228 gratiae,
1299 1162 1485 1232 gratia:
1505 1165 1793 1227 reservari.
1818 1179 1946 1234 pro-

383 1254 569 1317 pterea
602 1258 986 1304 remanserunt
1020 1251 1432 1310 benedictiones
1461 1254 1719 1325 deinceps
1753 1271 1946 1327 exspe-

382 1347 592 1393 ctantes
619 1338 805 1395 Amen.

2060 527 2254 599 Ἀμήν.
2293 528 2397 582 Καὶ
2436 531 2519 597 ἐφ’
2568 528 2772 600 ἑκάστῃ
2803 527 2990 599 ἐντολῇ
3025 526 3292 580 ἐπίκειται
3333 526 3392 579 τὺ
3433 525 3609 595 Ἀμὴν

2047 621 2158 682 τοῖς
2202 617 2614 689 παραϐαίνουσι.
2676 616 2799 670 Ἐπὶ
2852 615 2908 669 δὲ
2949 619 3067 680 ταῖς
3090 617 3359 685 εὐλογίαις
3402 616 3606 687 ἐροῦσι,

2050 708 2232 781 φησὶν,
2261 710 2312 762 οἱ
2333 707 2552 761 Λευῖται
2572 723 2586 739 ο
2612 706 3028 778 Εὐλογημένος
3067 711 3099 762 ὀ
3139 706 3473 777 φυλάσσων
3503 707 3609 760 τὸν

2048 802 2233 870 νόμον
2252 800 2495 868 Κυρίου,
2521 801 2922 870 εὐλογημένος
2957 800 3027 853 ἑν
3058 798 3234 868 ἀγρῷ,
3284 799 3610 867 εὐλογημέ-

2049 911 2156 959 νος
2177 894 2247 947 ὲν
2267 894 2461 956 πόλει,
2481 892 2573 946 καὶ
2591 891 2825 964 οὐδαμοῦ
2850 891 2910 945 τὸ
2961 890 3138 960 Ἀμὴν
3167 891 3223 942 ἐν
3250 889 3475 960 οὐδεμιᾷ
3502 890 3609 941 τῶν

2053 982 2328 1052 εὐλογιῶν.
2355 983 2419 1035 Τί
2442 980 2534 1035 οὖν
2564 984 2616 1035 αἱ
2646 982 2879 1053 κατάραι
2908 979 3240 1052 λαμϐάνουσι
3262 979 3322 1031 τὸ
3343 980 3609 1048 ὲπισφρά-

2051 1091 2246 1146 γισμα,
2268 1077 2322 1127 αἱ
2360 1073 2419 1126 δὲ
2442 1073 2681 1142 εὐλογίαι
2709 1074 2770 1126 οὺ
2801 1073 3047 1143 δέχονται
3076 1072 3174 1142 τὴν
3223 1070 3518 1142 σφραγῖδα;
3547 1070 3611 1120 Τί

2052 1168 2296 1239 βούλεται
2329 1167 2390 1220 τὸ
2416 1166 2703 1237 σύνθημα;
2734 1165 2784 1218 τί
2815 1164 3107 1236 ἐρμηνεύει
3134 1164 3193 1217 τὸ
3215 1162 3475 1234 αἴνιγμα;
3505 1160 3612 1214 τῶν

2049 1257 2374 1325 ἀποφάσεων
2425 1254 2712 1328 πληρωτὴς
2763 1251 2830 1327 ἦν
2871 1256 2899 1308 ὁ
2925 1255 3103 1325 νόμος,
3130 1254 3237 1306 τῶν
3271 1252 3326 1305 δὲ
3356 1251 3612 1320 εὐλογιῶν

2051 1348 2349 1420 βεϐαιωτής
2387 1348 2611 1419 Ἰησοῦς.
2657 1342 2870 1417 Ἐπειδὴ
2898 1346 2956 1399 δὲ
2981 1346 3087 1398 ἔδει
3107 1345 3176 1399 τά
3204 1345 3301 1416 μὲν
3333 1342 3425 1398 τοῦ
3448 1342 3610 1412 νόμου

382 1432 491 1487 ἴδια
508 1434 724 1505 δοθῆναι
749 1434 828 1506 τῷ
855 1437 1023 1507 νόμῳ,
1060 1436 1122 1491 τὸ
1146 1437 1203 1490 δὲ
1224 1440 1320 1510 τῆς
1346 1441 1704 1513 εὐαγγελικῆς
1746 1443 1965 1514 χάριτος
1994 1441 2327 1511 φυλαχθῆναι
2368 1444 2433 1511 τῇ
2481 1441 2688 1511 χάριτι,
2718 1439 2939 1509 ἔμειναν
2977 1439 3035 1492 αἱ
3064 1436 3341 1506 εὐλογίαι,
3378 1434 3476 1503 τὴν
3519 1430 3610 1485 τοῦ

393 1523 572 1595 Ἀμὴν
605 1526 920 1600 προσθήκην
948 1528 1009 1585 τὸ
1034 1530 1219 1583 λοιπὸν
1248 1532 1619 1609 ἐπιζητοῦσαι.

453 1619 519 1673 Χ.
546 1624 624 1676 Ae
654 1640 721 1679 ne
749 1626 834 1679 cui
864 1638 1087 1682 coactus
1104 1630 1355 1685 videatur
1379 1646 1559 1686 sermo
1583 1640 1789 1697 noster,
1815 1633 1946 1702 quin

2125 1631 2176 1682 l'.
2209 1629 2325 1680 Ἵνα
2345 1627 2401 1679 δὲ
2427 1625 2500 1698 μὴ
2522 1624 2648 1697 δόξῃ
2681 1642 2760 1688 τις
2786 1622 3137 1693 βεϐιασμένον
3159 1616 3294 1674 εἶναι
3319 1621 3409 1672 τὸν
3434 1619 3613 1688 λόγον,

383 1716 562 1783 potius
579 1732 643 1771 ex
663 1717 895 1787 ipsumet
919 1722 1145 1776 veritate
1171 1723 1542 1778 testimonium
1566 1725 1945 1787 haberet,audi

2050 1720 2183 1772 ἀλλὰ
2206 1718 2404 1790 μᾶλλον
2431 1716 2490 1782 ἐξ
2520 1718 2686 1785 αὐτῆς
2706 1716 2802 1786 τῆς
2829 1714 3082 1787 ἀληθείας
3107 1714 3608 1785 μεμαρτυρημένον,

380 1803 607 1861 Paulum
657 1808 970 1865 dicentem:
1034 1812 1286 1869 Dominus
1340 1825 1513 1869 autent
1557 1826 1734 1871 noster
1788 1816 1943 1870 Jesus

382 1895 621 1952 Christus
651 1916 753 1953 non
782 1901 884 1970 fuit
915 1905 1092 1974 utique
1116 1916 1164 1960 et
1193 1907 1424 1971 minime,
1448 1907 1538 1961 sed
1564 1910 1743 1976 utique
1764 1909 1816 1961 in
1837 1910 1947 1976 ipso

383 1987 502 2055 fuit.
535 1986 799 2057 Quotquot
819 1992 956 2045 enim
997 2007 1116 2048 sunt
1156 1995 1563 2065 pollicitationes
1605 1995 1696 2050 Dei
1724 1997 1778 2051 in
1827 1996 1944 2059 illo.

380 2079 550 2142 ipsum
571 2083 775 2150 utique;
815 2091 863 2137 et
886 2100 977 2153 per
1002 2086 1172 2151 illum,
1204 2089 1373 2158 ipsum
1407 2090 1599 2153 Amen;
1626 2088 1694 2142 ad
1724 2090 1947 2160 gloriam

380 2167 490 2223 Deo
513 2171 579 2222 ³³.
614 2169 750 2225 Hinc
777 2172 904 2228 licet
925 2175 1227 2247 intelligere
1256 2178 1449 2233 iterum
1475 2178 1616 2247 quod
1653 2179 1856 2231 dictum
1880 2178 1946 2231 ab

380 2260 640 2328 Apostolo
678 2263 778 2319 fuit
814 2282 828 2318 :
868 2266 1008 2330 Quia
1041 2285 1160 2320 cum
1210 2270 1404 2321 mortui
1454 2285 1683 2323 essemus
1719 2269 1944 2337 peccatis

378 2363 427 2406 et
453 2356 706 2423 prwputio
736 2358 911 2411 carnis
942 2369 1157 2420 nostrai,
1199 2360 1579 2427 conviviﬁcavit
1613 2360 1667 2412 in
1708 2358 1822 2425 illo,
1865 2363 1945 2413 in-

377 2446 595 2515 dulgens
626 2448 774 2502 nobis
798 2451 975 2503 omnia
1006 2459 1219 2518 peccata
1257 2460 1475 2516 nostra,
1506 2450 1791 2505 obliterans
1822 2468 1947 2507 con-

334 2586 335 2589 η
380 2538 605 2591 trnrium
632 2539 781 2593 nobis
815 2540 1237 2613 chirographum,
1276 2542 1415 2612 quod
1439 2541 1817 2597 adversabatur
1850 2561 1945 2598 no-

379 2628 460 2683 bis
494 2631 559 2683 ".
594 2630 913 2701 Cujusmodi
962 2634 1428 2705 chirographum?
1479 2634 1616 2690 Hinc
1662 2625 1828 2692 habes
1867 2636 1945 2690 rei

379 2720 923 2777 demonstrationem.
957 2723 1189 2789 Quando
1234 2725 1377 2779 enim
1411 2726 1688 2781 recensuit
1719 2728 1803 2781 lex
1831 2742 1945 2780 ma-

380 2811 715 2877 ledictiones,
735 2814 911 2884 ipsum
942 2815 1125 2885 populi
1147 2818 1328 2882 Amen,
1349 2817 1680 2887 subscriptio
1700 2817 1944 2888 quaedam

378 2912 497 2957 erat
524 2906 881 2960 audientium.
906 2905 1069 2962 Jesus
1097 2909 1299 2979 quippe
1328 2917 1448 2964 erat
1477 2909 1758 2980 plenitudo
1782 2908 1946 2962 henc-

380 2995 703 3060 d.ctionum,
726 2997 818 3069 qui
843 2997 898 3051 in
928 2997 1164 3056 Iordane
1185 3002 1459 3072 apparuit,
1482 3000 1574 3070 qui
1602 2999 1941 3071 prophetiam

2050 1811 2213 1863 ἄκουε
2244 1808 2454 1863 Παύλου
2479 1808 2725 1876 λέγοντος
2748 1823 2762 1837 ο
2808 1805 2871 1860 '0
2904 1804 3011 1876 γὰρ
3046 1806 3258 1872 Κύριος
3306 1803 3472 1873 ἡμῶν
3506 1805 3610 1870 ’1η-

2048 1902 2198 1967 σοῦς
2222 1901 2477 1969 Χριστὸς
2497 1901 2609 1953 οὐκ
2640 1898 2875 1968 ἐγένετο
2910 1898 3009 1950 ναὶ
3038 1897 3136 1950 καὶ
3182 1890 3253 1951 οὒ
3272 1939 3287 1963 ,
3320 1895 3481 1951 ἀλλὰ
3512 1897 3611 1949 ναὶ

2047 1995 2115 2047 ἐν
2134 1992 2293 2057 αὐτῷ
2319 1992 2582 2061 γέγονεν.
2626 1991 2794 2043 Ὅσαι
2833 1989 2941 2058 γὰρ
2989 1990 3332 2058 ἐπαγγελίαι
3369 1988 3514 2043 Θεοῦ
3544 1989 3613 2041 ἐν

2045 2083 2224 2149 αὐτῷ,
2248 2085 2314 2136 τὸ
2338 2085 2466 2137 ναί·
2491 2084 2586 2136 καὶ
2616 2081 2692 2134 δι’
2714 2080 2921 2146 αὑτοῦ,
2947 2080 3014 2133 τὸ
3055 2079 3230 2149 Ἀμὴν
3252 2080 3401 2148 πρὸς
3428 2080 3615 2143 δόξαν

2045 2175 2125 2239 τῷ
2155 2174 2294 2238 Θεῷ.
2345 2172 2625 2226 Ἐντεῦθεν
2645 2172 2791 2224 ἔστιν
2830 2172 3016 2240 νοῆσαι
3050 2170 3211 2224 πάλιν
3239 2171 3299 2223 τὸ
3329 2171 3612 2240 εἰρημένον

2046 2263 2151 2316 ὑπὸ
2182 2262 2275 2316 τοῦ
2314 2260 2632 2314 Ἀποστόλου
2650 2277 2663 2290 ·
2694 2261 2823 2313 Ὅτι
2845 2259 3096 2327 νεκροὺς
3119 2256 3278 2328 ἡμᾶς
3298 2258 3474 2323 ὄντας
3489 2259 3611 2324 τοῖς

2045 2354 2515 2425 παραπτώμασιν
2569 2353 2669 2407 καὶ
2718 2351 2789 2421 τῇ
2841 2352 3202 2421 ἀκροϐυστίᾳ
3249 2350 3359 2419 τῆς
3387 2348 3611 2419 σαρκὸς

2044 2446 2230 2517 ἡμῶν,
2288 2444 2810 2512 συνεζωοποίησεν
2866 2444 2936 2497 ὲν
2985 2442 3163 2508 αὐτῷ,
3215 2440 3611 2513 χαρισάμενος

2043 2538 2188 2607 ἡμῖν
2211 2537 2406 2591 πάντα
2439 2538 2508 2592 τὰ
2537 2518 2973 2605 παραπτώματα
2992 2534 3179 2606 ἡμῶν,
3196 2533 3523 2602 ἐξαλείψας
3542 2530 3609 2585 τὸ

2045 2630 2172 2683 καθ’
2204 2629 2373 2698 ἡμῶν
2425 2630 2840 2699 χειρόγραφον,
2884 2626 2915 2680 ὃ
2948 2622 3027 2697 ἦν
3056 2625 3196 2694 ἡμῖν
3228 2625 3608 2679 ὑπεναντίον.

2046 2723 2204 2776 Ποῖον
2233 2722 2593 2794 χειρόγραφον
2619 2738 2633 2787 ;
2660 2720 2803 2791 ἔχεις
2829 2718 3018 2774 τούτου
3040 2717 3138 2788 τὴν
3163 2716 3451 2782 ἀπόδειξιν.
3487 2716 3610 2768 Ὅτε

2045 2813 2153 2884 γὰρ
2175 2814 2514 2884 ὑπηγόρευσε
2539 2811 2637 2876 τάς
2675 2810 2921 2881 κατάρας
2945 2811 2973 2863 ὁ
3003 2809 3183 2881 νόμος,
3204 2807 3267 2860 τὸ
3310 2807 3487 2877 Ἀμὴν
3519 2805 3611 2858 τοῦ

2044 2901 2173 2955 λαοῦ
2198 2902 2489 2972 ὑπογραφὴ
2532 2896 2600 2972 ἦν
2629 2901 2737 2953 τῶν
2768 2900 3090 2955 ἀκουόντων.
3154 2895 3361 2967 Ἰησοῦς
3407 2895 3514 2965 γὰρ
3544 2890 3612 2965 ἦν

2044 2991 2103 3043 τὸ
2131 2991 2399 3062 πλήρωμα
2425 2988 2531 3042 τῶν
2559 2988 2836 3057 εὐλογιῶν,
2878 2991 2906 3040 ὁ
2930 2989 3022 3041 ἐπὶ
3054 2987 3147 3040 τοῦ
3201 2986 3463 3056 Ἰορδάνου
3510 3002 3611 3054 φα-

383 3086 533 3142 lsaia:
561 3089 613 3143 in
643 3090 826 3160 seipso
841 3092 1148 3162 complevit.
1167 3093 1470 3148 Dixitenim
1498 3092 1665 3147 Isaias
1698 3108 1711 3143 :
1744 3091 1942 3145 Exsul-

2048 3081 2173 3145 νεὶς,
2204 3081 2351 3151 ὁτὴν
2382 3079 2718 3151 προφητείαν
2761 3079 2981 3132 Ἡσαΐου
3035 3079 3114 3140 είς
3162 3076 3351 3129 ἑαυτὸν
3392 3074 3611 3145 πληρώ-

383 3191 488 3233 tent
512 3180 716 3235 deserta
749 3180 1027 3247 Iordanis,
1046 3185 1169 3254 quia
1191 3184 1361 3255 gloria
1402 3183 1591 3237 Libani
1622 3184 1750 3236 data
1777 3193 1854 3237 est
1876 3186 1943 3246 ei,

379 3279 429 3321 et
464 3268 630 3322 honor
659 3270 888 3325 Carmeli
915 3272 980 3327 ⁸⁸.
1004 3271 1214 3326 Dielum
1233 3271 1447 3341 quidem
1480 3273 1945 3344 obscurum,quod

380 3370 562 3415 tamen
596 3377 690 3430 per
716 3363 942 3432 gratiam
980 3362 1306 3417 declaratur.

453 3532 545 3589 XL
576 3534 838 3590 Libanum
858 3546 1012 3593 vocat
1047 3539 1328 3609 Scriptura
1354 3541 1497 3597 illius
1526 3548 1782 3614 temporis
1800 3546 1952 3604 Jeru-

383 3631 571 3679 salem.
608 3623 793 3695 Neque
821 3626 1103 3683 existimes
1135 3636 1379 3683 coactam
1416 3646 1537 3687 esse
1566 3633 1705 3690 hanc
1732 3648 1948 3693 senten-

387 3718 537 3769 liam.
577 3717 826 3773 Ezechiel
876 3727 1110 3774 testatur
1138 3721 1207 3777 de
1246 3721 1750 3783 Nabuchodonosor
1799 3745 1944 3801 rege.

388 3808 690 3864 lliritenim
722 3824 735 3859 :
774 3809 967 3879 Aquila
994 3827 1185 3881 magna
1217 3828 1529 3882 magnorum
1571 3814 1803 3880 alarum,
1831 3835 1947 3887 qua:

2045 3188 2164 3235 σας.
2191 3171 2415 3239 Ἔλεγεν
2444 3172 2551 3241 γάρ
2583 3169 2808 3232 Ἡσαΐας
2827 3186 2841 3199 ·
2886 3166 3284 3238 Ἂγαλλιάσθω
3320 3166 3392 3221 τὰ
3422 3166 3613 3234 ἔρημα

2044 3263 2151 3317 τοῦ
2201 3261 2532 3332 Ἰορδάνου,
2561 3260 2651 3314 ὅτι
2680 3262 2718 3328 ἡ
2739 3259 2888 3324 δόξα
2919 3256 3175 3312 Λιϐάνου
3221 3254 3398 3323 ἐδόθη
3436 3253 3610 3324 αὐτῇ,
3643 3283 3647 3287 ’

2046 3353 2141 3407 καὶ
2168 3356 2206 3422 ἡ
2238 3352 2374 3422 τιμὴ
2401 3352 2506 3407 τοῦ
2531 3351 2874 3420 Καρμήλου.
2907 3349 2978 3403 Τὸ
3001 3350 3150 3420 ῥῆμα
3178 3347 3408 3415 ἀσαφὲς,
3439 3363 3613 3416 σαφη-

2045 3448 2247 3513 νίζεται
2268 3447 2356 3501 διὰ
2384 3446 2485 3516 τῆς
2516 3445 2756 3515 χάριτος.

2116 3542 2216 3594 lA'.
2254 3538 2482 3593 Λίϐανον
2511 3538 2667 3592 καλεῖ
2710 3539 2743 3607 ἡ
2778 3536 2967 3607 Γραφὴ
3005 3534 3103 3605 τήν
3158 3533 3514 3607 Ἰερουσαλὴμ
3552 3530 3612 3584 τὸ

2044 3631 2362 3700 τηνικαῦτα.
2416 3629 2520 3685 Καὶ
2553 3629 2626 3700 μή
2659 3626 2886 3700 νομίσῃς
2938 3626 3290 3698 βεϐιασμένον
3338 3621 3477 3679 εἶναι
3520 3622 3610 3677 τὸν

2046 3723 2220 3790 λόγον.
2268 3720 2526 3795 Ἰεζεκιήλ
2561 3722 2829 3791 μαρτυρεῖ
2855 3717 3095 3791 περὶτοῦ
3129 3716 3611 3788 Ναϐουχοδονόσωρ

2046 3814 2137 3867 τοῦ
2194 3812 2476 3883 βασιλέως.
2527 3810 2724 3879 ΙἜλεγε
2757 3810 2903 3880 γάρ’
2948 3810 3011 3862 '0
3056 3809 3228 3874 ἀετὸς
3275 3811 3304 3863 ὁ
3337 3807 3545 3877 μέγας,
3578 3808 3612 3859 ὁ

385 3898 499 3950 (llus
527 3914 786 3968 expensas
837 3899 990 3954 habet
1018 3909 1066 3955 et
1097 3901 1253 3970 plena
1293 3912 1373 3957 est
1418 3907 1692 3975 unguium,
1734 3909 1865 3961 venit
1894 3909 1946 3962 in

2048 3904 2594 3976 pequlonrépvroc,
2643 3906 2676 3956 ό
2714 3900 3100 3971 ἐκτεταμένος
3132 3899 3261 3966 ταῖς
3288 3897 3570 3967 πτέρυξιν
3592 3936 3607 3960 ,

386 3990 668 4052 Libanum.
698 4002 748 4046 et
777 3994 975 4062 accepit
1003 3993 1169 4047 electa
1208 3993 1482 4049 cedrorum
1524 3995 1734 4060 Libani,
1771 4010 1821 4052 et
1852 3998 1946 4053 ad-

2048 3999 2145 4052 καὶ
2177 3996 2411 4066 πλήρης
2444 3996 2698 4064 ὀνύχων,
2731 3993 2917 4065 ἦλθεν
2940 3997 3027 4060 είς
3064 3995 3168 4049 τὸν
3192 3994 3470 4057 Λίϐανον,
3511 3990 3610 4045 καί

384 4082 537 4133 duxit
564 4082 617 4134 in
637 4081 959 4153 Babylonem
984 4083 1049 4136 ’³.
1076 4082 1218 4150 Quid
1251 4099 1377 4139 vero
1393 4085 1565 4141 electa
1594 4085 1946 4153 sunt?Quan~

2048 4090 2261 4144 ἔλαϐεν
2290 4089 2362 4143 τὰ
2378 4085 2637 4141 magna
2655 4086 2764 4154 τῆς
2796 4085 3009 4154 κέδρου
3051 4085 3156 4138 τοῦ
3199 4084 3478 4146 Λιϐάνου,
3515 4080 3613 4135 καὶ

385 4169 678 4237 doqtlidem
729 4170 968 4224 vinctum
1032 4170 1314 4227 Sedeciam
1371 4190 1551 4246 regem
1614 4176 1853 4240 abduxit.
1895 4186 1946 4231 et

2048 4179 2357 4248 ἀπήγαγεν
2394 4180 2481 4244 εὶς
2512 4175 2857 4232 Βαϐυλῶνα.
2889 4177 2969 4230 Τὰ
3004 4176 3060 4227 δὲ
3097 4174 3326 4227 ὲκλεκτὰ
3362 4174 3483 4227 τίνα
3504 4167 3613 4243 ἦν;

387 4257 634 4312 .loachim
688 4270 744 4313 et
776 4260 1061 4329 pontiﬁces
1095 4280 1109 4316 :
1146 4263 1264 4318 haec
1315 4275 1468 4319 erant
1523 4268 1693 4323 electa
1733 4266 1946 4333 Libani,

2061 4272 2275 4343 Ἐπειδὴ
2332 4270 2584 4324 Σεδεκίαν
2616 4270 2783 4341 δήσας
2810 4270 3095 4339 ἀπήγαγεν
3123 4266 3211 4320 τὸν
3252 4266 3474 4336 βασιλέα
3517 4265 3612 4318 καὶ

387 4364 508 4418 quae
548 4347 874 4419 Babylonem
925 4352 1166 4407 adduxit.
1209 4354 1353 4419 Quid
1383 4365 1635 4429 estergo
1665 4359 1798 4414 illud
1832 4379 1845 4415 :
1879 4359 1946 4415 Et

2048 4365 2136 4418 τὸν
2168 4363 2423 4434 Ἰωακεὶμ
2438 4363 2672 4426 καὶτοὺς
2698 4363 2989 4433 ἀρχιερεῖς,
3009 4358 3178 4415 ταῦτα
3198 4353 3265 4429 ἦν
3291 4361 3360 4409 τὰ
3380 4355 3611 4409 ὲκλεκτά

387 4439 558 4509 gloria
587 4438 775 4494 Libani
823 4441 960 4495 data
986 4453 1065 4496 est
1096 4444 1180 4499 ei?
1218 4444 1354 4511 Quia
1393 4447 1758 4504 sacerdotium
1786 4448 1947 4506 Jeru-

390 4529 556 4584 Saleio
582 4536 636 4583 et
664 4531 943 4600 prophetia
971 4532 1221 4587 universa
1257 4534 1311 4587 in
1345 4532 1611 4591 Joannem
1649 4541 1950 4612 emigrave-

389 4632 494 4681 rat.
524 4632 576 4677 et
610 4630 724 4677 tota
777 4622 1170 4696 Hierosolyma,
1227 4627 1418 4683 relicto
1459 4630 1640 4697 altari,
1670 4631 1851 4687 exibat
1882 4632 1949 4688 ad

391 4715 763 4787 accipiendum
803 4717 1068 4786 baptisma
1107 4716 1376 4787 Joannis;
1422 4732 1781 4794 anteoccupat
1826 4740 1951 4796 pro-

392 4812 547 4882 pheta
582 4810 729 4880 loqui
753 4810 819 4865 de
854 4810 1072 4866 deserto
1102 4808 1380 4875 Jordanis,
1426 4814 1682 4885 inquiens
1719 4836 1732 4872 :
1769 4815 1952 4871 Gloria

396 4902 584 4956 Libani
613 4902 741 4957 data
768 4912 847 4957 est
867 4904 934 4967 ei,
973 4914 1022 4958 et
1052 4904 1219 4959 honor
1243 4904 1496 4961 Carmeli.
1532 4906 1669 4973 Quis
1692 4925 1818 4964 vero
1855 4911 1952 4964 ho-

395 4994 535 5046 nor?
562 4994 705 5049 Audi
762 4994 927 5049 veluti
961 4996 1015 5050 in
1053 4997 1309 5052 transitu.
1345 4997 1492 5054 Elias
1536 5001 1797 5070 propheta
1837 5010 1954 5056 erat

398 5083 570 5137 honor
601 5084 858 5140 Carmeli.
892 5084 1019 5140 Erat
1043 5087 1243 5158 quippe
1272 5086 1326 5141 in
1360 5086 1611 5142 Carmelo
1639 5088 1953 5157 Elias.Quia

400 5173 560 5243 igitur
590 5175 787 5243 prodiit
814 5174 1052 5235 Joannes
1097 5179 1151 5233 in
1181 5179 1371 5241 spiritu
1402 5187 1451 5232 et
1487 5180 1674 5234 virtute
1704 5179 1837 5236 Elite
1863 5182 1907 5212 ³⁸⁵
1936 5202 1949 5237 :

395 5273 678 5335 propterea
711 5266 844 5321 dicit
872 5270 1061 5325 datum
1090 5286 1272 5327 eremo
1303 5270 1563 5326 honorem
1594 5272 1847 5336 Carmeli.
1885 5274 1953 5329 de

396 5374 502 5427 quo
529 5358 703 5428 inquit
724 5358 971 5417 Salvator
1003 5383 1016 5417 :
1058 5363 1125 5417 Et
1158 5365 1206 5418 si
1234 5364 1390 5420 vultis
1421 5367 1701 5435 suscipere,
1744 5367 1853 5436 ipse
1875 5377 1952 5421 est

396 5450 547 5507 Elius
567 5453 655 5522 qui
691 5464 935 5510 venturus
960 5467 1039 5511 est
1065 5459 1130 5512 ³⁸.
1162 5458 1296 5524 Quia
1320 5459 1484 5533 igitur
1500 5460 1790 5531 aliquando
1805 5460 1949 5515 Elias

2050 4453 2143 4509 τοῦ
2191 4454 2445 4521 Λιϐάνου,
2495 4453 2589 4506 καὶ
2628 4454 2913 4524 ἀπήγαγεν
2955 4451 3035 4509 είς
3072 4446 3385 4501 Βαϐυλῶνα.
3428 4445 3492 4498 Τί
3518 4441 3611 4499 οὖν

2053 4550 2200 4603 ἐστιν
2232 4546 2325 4600 τό·
2353 4546 2461 4601 Καὶ
2500 4547 2539 4615 ὴ
2578 4546 2729 4610 δόξα
2773 4543 2879 4598 τοῦ
2922 4541 3176 4598 Λιϐάνου
3205 4537 3380 4606 ἐδόθη
3418 4535 3612 4606 αὐτῆς

2066 4640 2333 4712 Ἐπειδὴή
2356 4638 2622 4712 ἱερωσύνη
2637 4638 2737 4708 τῆς
2770 4633 3120 4708 Ἰερουσαλὴμ
3144 4631 3282 4703 καὶὴ
3305 4629 3611 4706 προφητεία

2054 4733 2203 4784 πᾶσα
2234 4731 2436 4803 μετέϐη
2466 4732 2543 4794 εἰς
2565 4730 2655 4784 τὸν
2690 4727 2961 4797 Ἰωάννην,
2997 4726 3090 4779 καὶ
3135 4725 3276 4778 πᾶσα
3314 4725 3347 4795 ἡ
3387 4723 3613 4794 Ἰεροσό-

2048 4823 2214 4894 λυμα,
2241 4820 2612 4878 καταλιποῦσα
2636 4820 2697 4873 τὸ
2715 4818 3117 4889 θυσιαστήριον,
3141 4816 3399 4888 ἐξήρχετο
3427 4817 3523 4869 ἐπὶ
3552 4815 3613 4870 τὺ

2048 4916 2231 4969 λαϐεῖν
2256 4916 2317 4969 τὸ
2340 4915 2619 4986 βάπτισμα
2649 4912 2915 4975 Ἰωάννου,
2956 4909 3244 4982 προλαϐὼν
3269 4912 3298 4963 ὁ
3329 4911 3611 4982 προφήτης

2049 5005 2194 5073 λέγει
2224 5004 2474 5076 περὶτῆς
2500 5005 2705 5074 ἐρήμου
2734 5000 2828 5055 τοῦ
2880 4999 3143 5071 Ἰορδάνου
3165 5015 3179 5032 ·
3221 4999 3283 5055 Ἡ
3307 4997 3458 5065 δόξα
3503 4997 3607 5051 τοῦ

2052 5096 2306 5153 Λιϐάνου
2333 5096 2507 5165 ἐδόθη
2529 5094 2704 5163 αὐτῇ,
2734 5093 2831 5148 καὶ
2855 5094 2894 5161 ἡ
2934 5094 3070 5163 τιμὴ
3116 5090 3222 5146 τοῦ
3267 5088 3600 5160 Καρμήλου.

2052 5188 2161 5241 Καὶ
2185 5187 2320 5258 τίςή
2352 5188 2482 5259 τιμή
2511 5204 2525 5253 ;
2552 5188 2770 5248 Ἄκουε,
2819 5185 2894 5249 ὡς
2929 5187 2988 5239 ὲν
3022 5183 3364 5254 παραδρομῇ.
3425 5178 3604 5242 Ἠλίας

2051 5273 2118 5347 ἦν
2142 5277 2170 5329 ὁ
2199 5277 2481 5349 προφήτης
2513 5278 2545 5347 ή
2574 5278 2705 5347 τιμὴ
2725 5273 2817 5329 τοῦ
2840 5274 3158 5346 Καρμήλου.
3205 5269 3385 5331 Ἠλίας
3406 5266 3511 5339 γὰρ
3538 5262 3605 5336 ἦν

2054 5368 2111 5419 ὲν
2143 5368 2218 5438 τῷ
2253 5369 2551 5440 Καρμήλῳ.
2599 5368 2747 5421 Ἐπεὶ
2799 5362 2892 5422 οὖν
2941 5364 3205 5438 προῆλθεν
3263 5358 3503 5429 Ἰωάννης
3551 5359 3607 5410 ὲν

2057 5460 2324 5531 πνεύματι
2381 5463 2474 5515 καὶ
2525 5459 2749 5532 δυνάμει
2809 5459 3008 5523 Ἡλίου,
3062 5456 3148 5511 διά
3192 5451 3346 5508 τοῦτὸ
3409 5459 3606 5521 φησιν·

488 5628 533 5659 ’⁵
559 5629 711 5701 lleut.
752 5647 939 5691 simul,
967 5632 1019 5695 Ι,
1053 5633 1105 5685 5.
1210 5635 1255 5664 ’⁸
1280 5632 1318 5684 ll
1350 5635 1474 5690 Cor.
1523 5650 1556 5691 ι.
1587 5636 1672 5692 19.
1708 5635 1799 5688 20.
1898 5634 1941 5666 ’τ

2048 5634 2187 5690 iloss.
2236 5653 2300 5697 ιι,
2358 5637 2452 5701 l3,
2506 5637 2589 5692 Η.
2693 5639 2738 5670 ⁸⁸
2766 5636 2887 5693 lsai.
2927 5649 3085 5698 ‘KX'XV,
3118 5631 3242 5697 ι,9..
3337 5626 3380 5656 ’τ’
3412 5627 3607 5683 Ezech.

399 5711 531 5761 xvu,
566 5700 620 5760 3.
653 5701 705 5753 4.
779 5702 823 5733 ³ο
857 5702 983 5757 Luc.
1022 5721 1067 5767 ι,
1104 5701 1185 5755 l7.
1262 5704 1303 5733 “
1343 5705 1524 5759 Matth.
1567 5722 1652 5770 xi,
1691 5706 1772 5759 l4.

4032 1252 4054 1729 ﬁ

4036 1732 4045 1991 ξ

4046 2536 4054 2945 l
