4054 6206
325 298 393 351 25
1413 295 1665 351 ORATIO
1706 297 1771 350 ΙΝ
1814 297 1921 350 DEI
1961 295 2490 352 ΑΡΡΑΒΞἨΟΝΕΜ.
3495 296 3564 348 ‘26

332 411 573 481 ἘΜθηή
600 409 738 481 τιμὴ
768 409 861 463 τοῦ
896 411 1189 481 Καρμήλου
1224 415 1289 485 τῇ
1318 412 1531 484 ἐρήμῳ,
1559 414 1686 484 περὶ
1713 406 1772 467 οὗ
1799 431 1899 484 φη-

2003 414 2311 468 Carmelutn
2350 411 2640 471 incolebat.
2675 425 2819 464 nunc
2854 424 2983 464 vero
3009 426 3249 466 eremum
3291 410 3559 480 Joannes,

328 523 413 559 σιν
435 507 463 556 ὁ
490 504 678 573 Σωτήρ
699 519 712 531 °
742 503 850 557 Kal
884 505 937 556 εὶ
970 503 1175 558 θέλετε
1198 504 1502 572 δέξασθαι,
1524 508 1705 572 αὐτός
1726 507 1897 560 ἐστιν

341 596 540 659 Ἠλίας
566 596 598 647 ὁ
626 593 870 663 μέλλων
902 593 1203 662 ἔρχεσθαι.
1252 598 1401 650 Ἐπεὶ
1452 594 1545 651 οὖν
1590 597 1720 651 ποτὲ
1797 599 1895 668 μὲν

2003 512 2286 575 propterea
2327 507 2521 559 merito
2553 504 2684 557 dicit
2720 521 2732 557 :
2773 501 2960 556 Gloria
2996 502 3186 556 Libani
3216 505 3343 555 data
3374 513 3451 555 est
3493 503 3562 554 ei.

2000 610 2048 652 et
2083 598 2247 651 ltonor
2272 598 2519 652 Carmeli.

345 690 519 752 Ἠλίας
540 688 674 759 ᾤκει
718 690 806 743 τὸν
852 690 1172 762 Κάρμηλον,
1212 691 1305 745 νῦν
1333 694 1389 747 δὲ
1436 694 1684 765 Ἰωάννης
1731 694 1828 765 τὴν
1889 693 2113 764 ἔρημον,
2141 694 2366 757 εἰκότως
2420 692 2618 763 φησίνο
2658 693 2729 746 ἸΙ
2757 690 2906 755 δόξα
2950 690 3053 744 τοῦ
3084 688 3340 744 Λιϐάνου
3396 686 3565 753 ἐδόθη

339 782 497 851 αὐτῇ,
532 784 631 837 καὶ
662 786 701 853 ἠ
734 784 871 853 τιμὴ
901 784 1011 839 τοῦ
1031 785 1372 855 Καρμήλου.

369 900 467 957 lB’.
504 903 620 955 Νῦν
640 902 716 965 δὲ,
744 901 1040 974 ἁδελφοὶ,ή
1071 902 1197 969 δόξα
1229 905 1411 976 ἐκείνη
1455 904 1516 956 οὐ
1552 906 1649 978 τὴν
1689 905 1892 977 ἔρημον

328 997 495 1066 μόνην
524 995 858 1066 ἐπλήρωσεν,
890 992 1027 1048 ἀλλὰ
1061 994 1155 1048 καὶ
1177 995 1276 1066 τὴν
1306 998 1627 1069 οἰκουμένην
1656 997 1892 1051 ἅπασαν.

325 1088 570 1156 Σήμερον
592 1086 697 1155 γὰρ
727 1085 1001 1155 πανταχοῦ
1036 1087 1134 1157 τῆς
1154 1089 1257 1158 γῆς
1291 1087 1449 1158 ὕμνοι
1478 1091 1569 1142 καὶ
1604 1089 1893 1158 Θεολογίαιο

325 1177 432 1228 ἀπὸ
468 1177 708 1248 ἑσπέρας
737 1178 899 1248 μέχρι
931 1178 1030 1247 τῆς
1066 1178 1228 1249 δεῦρο
1270 1180 1563 1251 ἑστήκασιν
1597 1181 1892 1251 ἄνθρωποι,

327 1268 417 1320 καὶ
433 1266 621 1337 ὕμνοις
643 1268 734 1320 τὸν
751 1268 914 1323 ὕπνον
939 1269 1196 1340 ἐνίκησαν
1216 1288 1230 1301 ·
1257 1272 1400 1341 καὶὴ
1424 1272 1582 1342 χάρις
1605 1273 1894 1334 ἐδείκνυτο,

326 1363 418 1414 καὶ
444 1363 475 1432 ἡ
511 1361 669 1430 φύσις
694 1362 793 1415 οὐκ
814 1362 1092 1433 ἠλέγχετο.
1126 1363 1235 1415 Καὶ
1254 1363 1397 1429 μάλα
1420 1365 1662 1426 εἰκότως.
1687 1365 1897 1432 Ὥσπερ

326 1453 434 1523 γὰρ
470 1452 705 1524 σίδηρος,
763 1456 895 1525 πυρὶ
926 1454 1352 1525 προσομιλήσας,
1377 1454 1405 1506 ὃ
1452 1454 1549 1524 μὲν
1576 1451 1662 1525 ἦν,
1714 1455 1894 1509 οὐκέτι

328 1545 595 1611 φαίνεται,
614 1544 642 1596 ὃ
666 1545 722 1597 δὲ
748 1546 847 1597 οὐκ
876 1542 964 1616 ἦν,
989 1546 1324 1609 ἐπενδύεται,
1356 1548 1416 1599 οὐ
1444 1546 1545 1616 τὴν
1573 1547 1734 1618 φύσιν
1765 1550 1898 1601 ἁπο-

324 1636 621 1707 τιθέμενος,
654 1636 769 1689 ἀλλ’
800 1637 891 1689 ἐπὶ
920 1639 1021 1709 τὴν
1051 1636 1211 1705 φύσιν
1230 1636 1330 1709 τὴν
1363 1637 1722 1711 λαμπρότητα
1744 1638 1897 1702 δεξόο

324 1744 483 1796 μενος
510 1746 525 1759 ·
584 1727 759 1791 οὕτως
800 1729 895 1781 καὶ
939 1729 1095 1797 ἡμεῖς
1124 1729 1550 1795 καταξιωθέντες
1603 1730 1697 1783 τοῦ
1739 1730 1892 1797 ἁγίου

1997 1743 2243 1789 naturam
2274 1730 2614 1801 splendorem
2651 1728 2929 1799 accipiens
2968 1745 2980 1779 :

324 1818 663 1888 Πνεύματος,
695 1818 1047 1888 ὴρνησὰμεϐα
1071 1817 1165 1872 τοῦ
1200 1819 1448 1889 σώματος
1469 1819 1564 1889 τὴν
1587 1819 1888 1883 ἀσθένειαν,

323 1911 422 1963 καὶ
444 1910 593 1961 ὲνεδυ
603 1910 808 1979 σάμεθα
822 1909 913 1963 τοῦ
933 1909 1243 1981 Πνεύματος
1256 1909 1354 1981 τὴν
1380 1911 1680 1983 ἐνέργειαν.
1703 1912 1894 1982 Ἔστη-

322 2019 423 2056 κεν
459 2004 492 2072 ἡ
541 2001 832 2071 Ἐκκλησία
878 2001 1053 2055 διόλου
1098 2001 1411 2072 λάμπουσα,
1460 2005 1551 2056 καὶ
1594 2004 1893 2075 πληροῦται

320 2095 414 2146 ἐπ’
448 2095 582 2163 αὖτῇ
612 2093 703 2145 τό”
740 2093 999 2162 Ἐγένετο
1051 2094 1309 2161 ἑσπέρα,
1343 2095 1439 2147 καὶ
1481 2094 1717 2165 ἐγένετο
1747 2095 1897 2165 πρωῒ

318 2183 507 2251 ἡμέρα
538 2183 668 2251 μία.
721 2184 831 2237 Οὐκ
884 2180 1029 2254 εἶχεν
1067 2187 1098 2255 ἡ
1150 2186 1244 2251 νὺξ
1286 2187 1506 2249 σκότος,
1550 2190 1614 2259 τῇ
1652 2188 1894 2259 ῡεολογίᾳ

322 2273 682 2341 φωτιζόμενος
702 2275 796 2345 (ιι).
816 2276 929 2329 Οὐκ
951 2272 1094 2346 εἶχεν
1115 2278 1148 2348 ἠ
1179 2277 1273 2343 νὺξ
1297 2278 1484 2339 σκότος
1502 2294 1516 2308 ο
1536 2277 1612 2347 τῷ
1638 2278 1746 2348 γὰρ
1767 2277 1894 2348 Θείῳ

325 2364 478 2435 Λόγῳ
503 2365 881 2437 κατελάμπετο
907 2369 1048 2422 κατὰ
1069 2369 1128 2421 τὸ
1157 2370 1441 2443 εἰρημένον
1466 2370 1567 2423 ὑπὸ
1590 2369 1682 2421 τοῦ
1710 2368 1893 2422 Δαῧίδ’

325 2456 430 2509 Καὶ
460 2455 573 2521 νὺξ
601 2457 905 2527 sonorsonor:
932 2460 1001 2512 ἐν
1032 2458 1108 2529 τῇ
1148 2459 1344 2530 τρυφῇ
1379 2479 1518 2529 μου,
1569 2459 1651 2514 ὅτι
1676 2461 1896 2527 σκότος

324 2551 397 2602 οὐ
426 2548 894 2614 σκοτισθήσεται
941 2553 1060 2606 ἀπὸ
1100 2553 1239 2616 σοῦ,
1293 2554 1390 2607 καὶ
1441 2553 1556 2617 νὺξ
1600 2556 1680 2617 ὠς
1709 2552 1898 2622 ἡμέρα

325 2643 780 2711 φωτισθήσεται.
813 2645 1079 2700 Τοσοῦτον
1109 2647 1242 2716 φῶς,
1273 2646 1522 2699 τοσοῦτον
1573 2647 1766 2710 κάλλος
1799 2664 1898 2699 πε-

322 2734 688 2805 ριαστράπτει
719 2737 814 2807 τὴν
850 2738 1198 2808 Ἐκκλησίαν.
1219 2739 1433 2792 Γένοιτο
1459 2740 1516 2792 δὲ
1550 2741 1714 2809 ἡμᾶς,
1747 2739 1902 2792 ἀδελ-

320 2827 441 2894 φοι,
465 2826 584 2897 θεία
615 2829 792 2899 χάριτι
824 2831 1057 2884 πάντοτε
1085 2830 1608 2902 καταλαμπομένους
1646 2831 1725 2902 τῷ
1774 2850 1900 2886 παν-

322 2920 470 2991 αγίῳ
497 2920 614 2992 Θεῷ
644 2921 796 2987 δόξαν
819 2923 1159 2993 ἀναπέμπειν
1176 2940 1189 2954 ⁸
1210 2916 1253 2991 ᾧ
1277 2923 1475 2995 πρέπει
1495 2924 1619 2988 δόξα
1647 2924 1744 2977 καὶ
1767 2925 1896 2995 τιμὴ

325 3018 404 3078 εἰς
430 3015 560 3078 τοὺς
589 3013 813 3079 αἰῶνας.
854 3016 1046 3087 Ἀμήν.
1914 3028 1919 3033 ’

393 3168 437 3203 ⁸¹
464 3170 599 3226 Gen.
629 3186 668 3236 ι,
705 3171 759 3226 5.
837 3172 882 3203 ³³
918 3171 1060 3227 Psal.
1108 3187 1368 3237 cxxxvm,
1400 3172 1487 3236 Η,
1518 3172 1617 3227 12.

2067 903 2184 957 XII.
2218 901 2371 955 Nunc
2430 917 2557 954 vero
2581 941 2594 963 ,
2633 900 2860 962 fratres,
2905 899 3075 968 gloria
3110 899 3199 952 illa
3253 914 3358 952 non
3393 900 3566 955 solum

1997 1015 2244 1055 eremmn
2285 997 2546 1066 implerit,
2586 996 2678 1050 sed
2730 1002 2784 1048 et
2825 994 3009 1046 orbem
3039 1003 3307 1046 terrarum
3346 994 3570 1048 univcr-

1998 1107 2139 1147 sum.
2179 1087 2346 1140 Ilodie
2374 1086 2519 1140 enim
2544 1084 2743 1153 ubique
2771 1089 3039 1135 terrarum
3065 1082 3252 1151 hymni
3280 1089 3333 1136 et
3358 1098 3572 1137 sermo-

1997 1199 2097 1237 nes
2132 1181 2198 1236 de
2229 1181 2356 1234 Deo.
2390 1179 2431 1231 A
2460 1193 2684 1247 vespere
2720 1175 2788 1227 ad
2827 1174 2968 1227 hanc
3013 1190 3187 1244 usque
3241 1175 3430 1229 horam
3460 1185 3572 1232 ste-

1999 1283 2185 1331 terunt
2212 1273 2481 1330 homines.
2513 1279 2567 1324 et
2606 1269 2820 1339 hymnis
2858 1285 3107 1324 somnum
3136 1268 3422 1333 vicerunt;
3446 1283 3572 1338 gra-

1996 1371 2069 1422 tia
2092 1367 2408 1437 apparebat,
2437 1372 2491 1417 et
2511 1370 2704 1416 natura
2733 1378 2839 1416 non
2877 1363 3232 1430 arguebatur.
3269 1362 3345 1414 Ac
3374 1360 3572 1415 merito

1995 1477 2145 1515 sane.
2169 1456 2632 1525 Quemadmodum
2664 1455 2809 1508 enim
2835 1455 3039 1508 ferrum
3076 1453 3220 1522 quod
3253 1453 3344 1505 diu
3370 1453 3423 1505 in
3449 1453 3571 1522 igne

1995 1553 2119 1613 fuit.
2172 1550 2317 1621 quod
2353 1549 2569 1619 quidem
2604 1557 2726 1603 erat
2779 1564 2886 1601 non
2941 1547 3174 1616 amplius
3221 1555 3463 1616 apparet,
3517 1555 3572 1600 et

1997 1644 2142 1714 quod
2169 1659 2273 1697 non
2304 1651 2420 1697 erat
2452 1640 2628 1694 induit
2657 1658 2671 1704 ;
2702 1655 2806 1693 non
2837 1649 3086 1693 naturam
3119 1654 3347 1701 exuens,
3378 1637 3472 1691 sed
3503 1639 3571 1691 ad

3033 1729 3115 1783 sie
3145 1730 3308 1782 etiam
3342 1743 3441 1783 nos
3491 1728 3573 1782 di-

1993 1826 2081 1896 gni
2112 1824 2287 1879 ell'ecti
2335 1833 2526 1877 sancto
2571 1820 2816 1890 Spiritu,
2872 1820 3267 1891 abnegavimus
3321 1820 3571 1890 corporis

1995 1917 2465 1979 imbecillitatem,
2509 1924 2563 1970 et
2604 1914 2880 1968 induimus
2941 1914 3184 1984 Spiritus
3244 1912 3569 1967 eﬂieaeiam.

1996 2008 2157 2063 Stetit
2183 2008 2421 2060 Ecclesia
2457 2022 2552 2075 per
2591 2008 2772 2058 omnia
2824 2004 3037 2074 fulgens
3065 2048 3079 2070 ,
3114 2007 3484 2075 impleturque
3517 2006 3570 2059 in

1994 2117 2055 2155 ea
2079 2100 2209 2152 illud
2249 2117 2260 2150 :
2290 2097 2415 2150 Fuit
2443 2114 2675 2165 vespera,
2706 2107 2754 2150 et
2790 2098 2889 2165 fuit
2912 2113 3066 2150 mane
3098 2097 3210 2149 dies
3233 2114 3338 2149 una
3361 2098 3427 2150 ".
3454 2096 3570 2150 Non

1996 2193 2228 2247 habebat
2260 2207 2365 2244 nox
2419 2190 2812 2243 obscuritatem
2858 2190 2957 2257 (ὅ).
3019 2188 3247 2243 assiduo
3298 2188 3569 2240 illustrata

1995 2299 2248 2339 sermone
2268 2283 2335 2337 de
2362 2281 2486 2335 Deo.
2512 2280 2627 2335 Non
2659 2282 2890 2335 habebat
2919 2281 3313 2335 obscuritatem
3340 2277 3562 2332 :divino

1994 2376 2137 2430 enim
2167 2374 2344 2429 Verbo
2370 2373 2766 2434 illustrabatur,
2791 2373 2943 2441 juxta
2987 2374 3132 2443 quod
3174 2388 3204 2426 a
3248 2372 3450 2428 Davide
3478 2373 3564 2428 di-

1996 2475 2143 2522 ctum
2176 2476 2293 2521 est:
2322 2466 2387 2519 Et
2418 2481 2521 2519 nox
2551 2465 2871 2519 illuminatio
2905 2467 2956 2519 in
2991 2465 3255 2534 voluptate
3285 2467 3573 2536 mea;quia

1998 2557 2221 2613 tenebra:
2247 2576 2348 2611 non
2384 2557 2740 2615 tenebrescent
2771 2575 2803 2610 a
2840 2567 2908 2620 te,
2934 2567 2983 2611 et
3010 2573 3115 2611 non:
3152 2558 3288 2611 sicut
3312 2557 3420 2611 dies
3452 2556 3574 2610 illv-~

1996 2649 2285 2702 minabitur
2314 2649 2379 2701 ³³.
2412 2651 2585 2703 Tanta
2619 2652 2732 2712 lux,
2770 2657 2921 2701 tanta
2962 2648 3315 2717 pulchritudo
3348 2649 3574 2701 circum-

1998 2739 2168 2809 fulget
2206 2738 2481 2794 Ecclesiae.
2527 2740 2823 2810 Contingat
2854 2748 3032 2793 autem
3068 2754 3205 2801 nos,
3238 2738 3457 2803 fratres,
3487 2736 3571 2790 di-

1998 2833 2123 2886 vina
2172 2833 2346 2902 gratia
2400 2847 2618 2901 semper
2684 2832 2983 2885 illustratus
3049 2828 3399 2884 sanctissimo
3462 2827 3570 2881 Deo

1998 2924 2226 2994 gloriam
2272 2923 2497 2978 reddere
2523 2963 2537 2987 ,
2587 2938 2746 2994 quem
2800 2922 2955 2977 decet
2988 2920 3163 2991 gloria
3211 2928 3265 2975 et
3304 2920 3480 2974 honor
3514 2919 3567 2971 in

2000 3018 2219 3080 szecula,
2255 3016 2445 3072 Amen.

507 3325 858 3409 «Ξῳτιζομένη
900 3338 1040 3409 .puto
1084 3328 1370 3398 legendum
1397 3368 1412 3392 ,
1459 3329 1539 3409 rel
1598 3328 1986 3409 ιρωτιεῖιξμενοντ

401 3394 477 3466 (5)
514 3394 785 3451 Videntur
809 3394 1063 3470 vigilasse
1092 3414 1123 3452 a
1144 3394 1386 3468 ‘vespere
1418 3398 1487 3451 ad
1530 3394 1753 3454 inultam
1777 3394 1891 3469 jam
1929 3399 2072 3454 diem
2094 3406 2311 3455 veteres
2342 3402 2397 3454 in
2430 3403 2569 3456 festo
2597 3399 2934 3472 Epiphaniae.

1254 3769 1359 3829 DE
1403 3768 1797 3857 SEQUENTI
1840 3767 2187 3828 HOMILIA
2231 3766 2628 3827 MONlTUM.

1485 3915 1503 3976 (
1530 3914 1624 3964 MAI
1668 3912 1843 3976 Spicil.
1883 3915 2021 3962 Rom.
2051 3913 2111 3973 Χ,
2157 3928 2206 3976 p.
2237 3912 2347 3961 2'21.
2375 3914 2389 3971 )

391 4045 461 4104 In
490 4048 669 4104 codice
697 4049 874 4117 prisco
907 4045 1243 4106 Sessoriano,
1269 4047 1578 4099 observante
1615 4043 1679 4099 P.
1708 4046 1982 4107 Amatore,
2010 4060 2102 4096 nec
2141 4059 2242 4095 non
2273 4042 2327 4096 in
2357 4041 2463 4094 alio
2494 4038 2785 4106 exemplari
2819 4037 3041 4091 homilia
3065 4046 3239 4091 exstat
3275 4037 3346 4092 De
3375 4036 3567 4093 Kalen-

320 4144 408 4200 dis
443 4143 716 4206 Januarii,
749 4143 833 4194 cui
865 4141 1039 4197 sancti
1073 4138 1354 4195 Severiani
1387 4153 1574 4191 nomen
1604 4137 1920 4204 inscriptum
1960 4143 2061 4190 est.
2099 4134 2256 4187 Hunc
2289 4150 2382 4203 ego
2413 4146 2726 4195 sermonem,
2767 4129 2912 4198 facta
2944 4129 3254 4193 collatione,
3302 4127 3565 4183 diversum

320 4258 435 4295 esse
464 4238 847 4310 comperiebam
878 4257 910 4293 a
939 4238 1268 4293 sermonibus
1306 4252 1398 4302 per
1436 4235 1645 4290 easdem
1680 4230 1957 4287 Kalendas
1989 4230 2144 4285 dictis
2182 4233 2234 4284 1.
2271 4230 2327 4285 S.
2363 4229 2651 4299 Augustini
2684 4243 2844 4283 serm.
2890 4225 3129 4289 XCVII,
3183 4235 3231 4280 et
3271 4223 3566 4290 XCVIII;

324 4335 381 4386 Ξ.
413 4331 470 4386 S.
487 4331 638 4386 Petri
667 4330 1151 4402 Chrysologiserm.
1184 4327 1362 4388 CLV;
1396 4324 1529 4382 5.8.
1561 4324 2003 4379 Ambrosiiserm.
2033 4322 2173 4387 VII;
2194 4323 2249 4377 4.
2283 4321 2342 4377 S.
2365 4321 2559 4375 Asterii
2596 4320 2845 4374 Amaseni
2878 4320 3018 4387 apud
3034 4317 3404 4388 Combe/isium
3432 4319 3562 4372 Nov.

322 4430 476 4477 anet.
501 4433 539 4478 t.
567 4422 616 4486 Ι,
649 4440 700 4492 p.
728 4424 796 4477 65
815 4421 1152 4495 (Patrol.Gr.
1176 4428 1214 4474 t.
1234 4420 1345 4489 XL)
1367 4437 1381 4486 ;
1400 4420 1454 4475 5.
1474 4417 1531 4473 S.
1553 4416 1777 4472 Maximi
1801 4417 2020 4472 Taurin.
2048 4433 2205 4470 εει-ιιι.
2238 4413 2475 4478 Χγιω,
2502 4415 2709 4467 Attonis
2749 4412 2968 4468 Vercell.
2997 4430 3151 4468 serm.
3170 4413 3291 4478 Ill,
3322 4414 3460 4484 apud
3490 4431 3570 4468 me

329 4515 514 4585 Serip.
534 4524 638 4570 vet.
659 4526 697 4569 t.
726 4514 820 4580 γι,
850 4525 990 4584 part.
1010 4530 1070 4577 ιι,
1099 4530 1149 4583 p.
1180 4516 1265 4568 15.
1287 4511 1426 4579 Quid
1448 4514 1692 4582 agerem?
1714 4509 2236 4581 Satisnequcesivisse
2266 4525 2344 4562 me
2370 4507 2433 4561 de
2449 4508 2543 4561 hoc
2577 4508 2774 4576 scripto
2802 4504 3165 4571 crederem,an
3197 4506 3369 4573 ipsum
3397 4505 3568 4558 adhuc

326 4607 628 4676 suspicarer
660 4607 855 4661 alicubi
878 4608 1096 4669 editum.
1123 4608 1227 4662 sive
1258 4608 1352 4661 sub
1393 4606 1659 4661 Severiani
1691 4606 1797 4660 sive
1834 4606 1928 4659 sub
1961 4604 2255 4674 cujuspiam
2286 4604 2505 4657 alterius
2536 4603 2783 4657 nomine?
2814 4599 2966 4655 Certe
2995 4600 3058 4654 de
3102 4599 3420 4654 Gabalitano
3446 4603 3588 4669 ερὶο,

326 4715 486 4767 εσυρο
522 4695 800 4752 Severiano
822 4699 907 4751 via:
931 4698 1262 4769 cogitandum
1292 4696 1561 4767 putabam,
1585 4698 1774 4751 etenim
1798 4695 1993 4750 Latina
2022 4696 2247 4750 elocutio
2278 4696 2403 4750 talis
2435 4705 2532 4760 est,
2574 4712 2691 4765 qua:
2715 4695 2779 4749 de
2813 4692 2994 4748 στανεο
3025 4693 3168 4761 fonte
3206 4710 3421 4746 manare
3453 4711 3556 4747 non

330 4796 554 4848 ridetur.
600 4792 744 4847 Num
770 4794 1003 4850 Severini
1045 4795 1219 4863 potius
1246 4810 1433 4848 nomen
1474 4793 1567 4848 sub
1605 4793 1889 4848 Severiano
1931 4792 2097 4847 latere
2126 4792 2437 4855 arbitrarer,
2469 4808 2589 4861 qua:
2611 4807 2793 4859 reapse
2821 4791 3164 4844 commutatio
3206 4791 3258 4843 in
3300 4789 3565 4843 nonnullis

330 4886 602 4940 codicibus
637 4887 720 4955 fit,
749 4888 839 4940 ubi
861 4888 1061 4956 aliquot
1095 4886 1152 4942 S.
1199 4886 1347 4941 Petri
1385 4886 1696 4957 Chrysologi
1734 4904 2020 4950 sermones,
2054 4887 2211 4940 modo
2242 4886 2489 4941 Seuerino
2522 4885 2887 4939 inscribuntur
2916 4883 3072 4939 modo
3106 4882 3434 4938 Severiano?
3470 4881 3566 4937 ie-

330 4989 630 5035 rumtamen
671 4998 731 5035 ne
759 4980 993 5036 Severini
1023 4982 1228 5052 quidem
1268 4982 1499 5051 episcopi
1520 4982 1664 5036 ullus
1690 4982 1828 5052 quod
1853 4982 2016 5036 sciam
2048 4996 2219 5035 sermo
2242 4989 2438 5035 exstat.
2496 4976 2639 5032 Nam
2675 4977 2913 5033 Severini
2950 4978 3218 5031 sententia:
3244 4975 3352 5029 illa:
3380 4993 3412 5028 a
3453 4974 3565 5029 Sir.

332 5071 526 5123 mando
568 5069 701 5140 Opp.
743 5080 782 5124 t.
826 5069 911 5131 II,
952 5071 1128 5131 editor,
1174 5082 1224 5126 et
1273 5089 1304 5125 a
1337 5071 1496 5125 Pezio
1528 5070 1798 5127 Thesaur.
1838 5071 2030 5127 anecd.
2065 5083 2103 5125 t.
2154 5071 2266 5139 ιγ,
2296 5088 2387 5125 ceu
2416 5072 2630 5125 inedita:
2654 5070 2891 5141 repetita:
2943 5071 3265 5141 (quanquam
3294 5069 3339 5123 is
3385 5081 3564 5138 postea

329 5176 382 5213 ei
395 5176 569 5215 rorem
601 5177 755 5215 suum
778 5162 1012 5232 agnovit)
1037 5161 1171 5216 nihil
1192 5163 1381 5217 habent
1408 5162 1544 5233 quod
1570 5161 1640 5216 ad
1666 5162 1804 5216 hunc
1826 5163 2014 5229 referri
2046 5180 2338 5218 sermonem
2364 5172 2541 5233 queat.
2579 5162 2945 5216 Verumtamen
2965 5178 3028 5215 ne
3052 5161 3337 5230 pretiosum
3366 5163 3565 5235 fugien—

333 5257 403 5308 tis
440 5256 558 5310 vita:
587 5264 789 5325 tempus
820 5258 875 5310 in
917 5256 1016 5312 hac
1064 5256 1405 5313 meditatione
1430 5257 1632 5313 diutius
1674 5267 1913 5321 tererem,
1944 5259 2026 5311 hic
2062 5260 2197 5314 velut
2232 5260 2285 5312 in
2328 5258 2450 5313 libri
2487 5259 2683 5329 angulo
2713 5257 2981 5312 eruditum
3015 5256 3151 5310 hunc
3178 5259 3562 5313 sermunculum

326 5347 595 5402 collocare
623 5348 840 5410 decrevi,
874 5348 936 5405 de
960 5366 1060 5422 quo
1100 5350 1372 5407 otiosiores
1406 5360 1455 5407 et
1483 5353 1799 5407 curiosiores
1834 5351 2065 5406 homines
2106 5369 2201 5422 pro
2234 5369 2332 5407 sua
2354 5351 2621 5407 industria
2650 5349 2943 5421 disquirent
2969 5358 3019 5404 et
3037 5348 3372 5420 judicabant.
