4054 6206
472 378 536 430 '27
1395 374 1756 428 Si‘lVi‘IlllANl
1795 377 2074 432 llOEIlLIA
2117 381 2203 433 DE
2243 379 2692 436 PYTHONIBUS.
3611 384 3680 436 ‘18

486 545 3666 574 _____________________

1322 716 2084 836 SEVERIANI
2174 671 2815 839 EPISCOPI

806 949 1329 1042 HOMILIA
1385 954 1532 1042 DE
1589 953 2367 1048 PYTHONIBUS
2418 958 2572 1048 ΕΤ
2623 959 3343 1052 MALEFICIIS.

527 1210 848 1283 Evangelica
897 1215 1057 1268 modo
1092 1215 1391 1271 claudenda
1425 1216 1587 1273 uobis
1633 1219 1761 1273 tuba
1806 1218 1878 1290 (6)
1909 1229 2012 1285 est,
2046 1239 2086 1290 Α
2117 1225 2272 1291 dunt,
2311 1233 2364 1279 et
2407 1231 2463 1279 tn
2497 1223 2593 1278 tali
2623 1223 2833 1278 insania
2885 1221 3204 1287 confidunt;
3235 1231 3429 1292 putant
3477 1220 3683 1276 bonum

457 1304 868 1360 modotacendi
901 1309 1059 1362 nobis
1091 1316 1220 1363 sunt
1258 1311 1544 1380 apostolici
1581 1327 1798 1375 sensus,
1831 1321 1890 1366 ut
1928 1313 2018 1366 illa

459 1406 669 1449 tantum
701 1398 804 1450 lam
826 1400 1107 1455 .ntatiouis
1128 1401 1459 1471 praplictica:
1485 1416 1701 1459 resonet
1725 1406 2017 1471 cantilena,

457 1504 576 1554 quae
619 1489 750 1542 dicit
785 1507 798 1543 ε
838 1489 1091 1545 Obmutui
1125 1502 1176 1546 et
1219 1493 1525 1546 humiliatus
1573 1512 1712 1557 sum,
1751 1506 1801 1549 et
1831 1497 1955 1550 silui
1987 1516 2020 1550 α

458 1578 627 1643 bonis,
659 1596 706 1634 et
731 1581 886 1635 dolor
914 1600 1057 1637 meus
1087 1596 1363 1638 renovatus
1382 1596 1458 1639 est
1487 1586 1552 1639 ³³.
1586 1584 1902 1641 Reuowtur
1929 1589 2021 1641 do-

457 1672 544 1725 ior
578 1676 850 1741 pontiﬁcis
898 1675 1218 1742 Christiani,
1269 1679 1488 1746 quando
1538 1679 1820 1748 gentilium
1866 1696 2020 1735 error

459 1781 558 1820 nec
590 1769 885 1820 veterescit
910 1779 1175 1838 tempore,
1207 1784 1303 1824 nec
1323 1779 1474 1824 tanto
1509 1771 1628 1826 ﬁdei
1660 1772 1874 1842 fulgore
1901 1773 2020 1827 dis-

457 1860 718 1929 pergitur.
746 1861 883 1916 Ecce
951 1863 1329 1926 veniuntdies,
1351 1879 1478 1917 ecce
1495 1862 1748 1919 Kalendze
1776 1867 2017 1932 veniunt,

457 1963 512 2007 et
565 1963 675 2007 tota
709 1955 1016 2010 demonum
1051 1972 1245 2027 pompa
1300 1958 1565 2028 procedit,
1609 1959 1875 2012 idolorum
1908 1968 2020 2013 tota

459 2048 785 2116 producitur
813 2048 1056 2115 otlicina,
1090 2059 1146 2104 et
1175 2051 1469 2120 sacrilegio
1493 2059 1704 2106 vetusto
1753 2051 1877 2105 anni
1919 2067 2021 2104 no-

456 2142 599 2195 vitas
647 2149 1029 2197 consecratur.
1105 2141 1371 2211 Figurant
1418 2141 1712 2195 Saturnum
1741 2183 1756 2208 ,
1813 2142 2020 2194 faciunt

454 2231 661 2296 Jovem,
699 2232 933 2286 formant
960 2232 1274 2295 Herculem,
1307 2239 1593 2300 exponunt
1620 2246 1741 2282 cum
1774 2230 2020 2282 venanti-

456 2327 560 2381 bus
584 2326 660 2390 (7)
693 2327 806 2380 suis
836 2325 1087 2385 Dianam,
1119 2322 1544 2374 circumducunt
1573 2319 1875 2373 Vulcanum
1902 2335 2021 2372 ver-

459 2418 546 2472 bis
578 2418 928 2470 anhelantem
957 2413 1323 2483 turpitudines
1353 2427 1501 2477 suas,
1534 2418 1589 2465 et
1609 2411 1761 2480 plura
1786 2425 2014 2479 quorum

455 2508 583 2576 quia
615 2513 863 2574 portenta
883 2512 1031 2567 sunt,
1062 2502 1285 2556 nomina
1320 2512 1447 2556 sunt
1486 2501 1748 2564 tacenda;
1783 2513 2015 2568 quorum

454 2597 827 2651 deformitates
871 2594 998 2663 quia
1037 2603 1238 2646 natura
1273 2608 1383 2646 non
1415 2593 1600 2659 habet,
1635 2600 1888 2646 creatura
1919 2607 2016 2645 ηας

457 2689 582 2751 si-it,
629 2692 833 2756 lingere
863 2703 954 2741 ars
985 2686 1218 2740 laborat.
1269 2684 1537 2740 Praeterea
1577 2685 1882 2740 vestiuntur
1913 2685 2015 2737 ho-

457 2780 632 2832 mines
667 2780 723 2833 iu
768 2780 1026 2850 pecudes,
1075 2787 1130 2834 et
1185 2780 1238 2832 in
1291 2777 1524 2834 feminas
1573 2778 1722 2833 viros
1775 2786 2014 2843 vertunt,

458 2870 799 2925 honestatem
846 2871 1047 2936 rident,
1081 2872 1287 2924 violant
1321 2870 1548 2936 judicia,
1595 2887 1879 2926 censuram
1913 2886 2016 2939 pu-

458 2962 655 3014 blicam
690 2962 886 3027 rident,
919 2963 1156 3016 illudunt
1189 2963 1394 3016 saeculo
1448 2970 1606 3027 teste,
1637 2970 1690 3016 et
1726 2961 1916 3015 dicunt
1957 2975 2018 3015 se

459 3053 722 3109 facientes
767 3055 871 3108 ista
921 3055 1116 3123 jocari.
1155 3053 1271 3108 Non
1299 3062 1427 3108 sunt
1445 3054 1589 3122 joca,
1620 3052 1714 3104 sed
1744 3059 1871 3105 sunt
1903 3051 2016 3104 cri-

460 3144 628 3198 mina.
663 3145 720 3197 ln
753 3144 956 3198 idolum
999 3144 1419 3212 transﬁguratur
1452 3143 1632 3197 homo.
1668 3140 1732 3193 Et
1761 3142 1806 3194 si
1841 3143 1920 3195 ire
1950 3141 2017 3195 ad

462 3235 605 3290 idola
629 3237 833 3289 crimen
858 3244 964 3299 est,
995 3251 1120 3290 esse
1143 3235 1348 3288 idolum
1375 3233 1505 3301 quid
1528 3234 1785 3286 videtur?
1811 3232 1888 3286 Ad
1924 3231 2016 3286 Dei

460 3329 750 3396 imaginem
785 3328 963 3382 factus
997 3336 1081 3382 est
1121 3328 1302 3381 homo.
1351 3325 1625 3395 Quidquid
1672 3327 1726 3378 in
1760 3333 1812 3379 te
1857 3325 2020 3394 impie

464 3417 682 3486 prepria
717 3419 1066 3472 deformitate
1093 3417 1363 3482 intuleris,
1401 3416 1464 3468 ad
1499 3415 1594 3468 Dei
1635 3416 1904 3484 pertendit
1933 3418 2018 3469 in-

455 3509 682 3578 juriam.
711 3510 876 3565 Plane
905 3527 1010 3564 non
1037 3518 1167 3564 sunt
1197 3511 1310 3563 haac
1335 3523 1724 3578 usquequaque
1755 3518 1844 3561 tua
1871 3517 2016 3570 vota,

460 3605 554 3656 sed
586 3619 649 3657 ex
694 3616 847 3673 parte
891 3604 1123 3656 maxima
1155 3610 1286 3658 sunt
1313 3603 1518 3672 judicia
1560 3601 1682 3667 Dei,
1710 3611 1769 3654 ut
1807 3618 2017 3666 eorum,

459 3711 696 3766 quorum
750 3712 842 3766 per
872 3696 1042 3751 Deum
1075 3703 1215 3766 perit
1261 3695 1460 3758 cultus,
1494 3710 1589 3764 per
1623 3707 1673 3750 te
1696 3695 2017 3749 saeculorum

461 3789 815 3857 pertendatur
853 3797 904 3842 et
935 3799 1149 3842 maneat
1179 3784 1484 3857 turpitudo.

2125 1333 2262 1386 opus
2294 1316 2478 1372 lacere
2511 1316 2637 1380 sibi,
2667 1325 2722 1370 et
2749 1315 2829 1371 sic
2858 1315 3154 1369 incurrunt
3199 1329 3361 1384 grave
3397 1314 3673 1368 delictum.

2127 1406 2261 1472 Quia
2305 1407 2394 1462 ille
2440 1408 2580 1460 inter
2607 1407 2742 1461 tales
2782 1405 2913 1460 deos
2959 1405 3389 1475 magnificentior
3415 1406 3673 1469 creditur,

2122 1498 2216 1566 qui
2256 1498 2397 1552 inter
2426 1507 2612 1566 turpes
2642 1497 2850 1564 turpior
2879 1496 3174 1548 invenitur.
3216 1495 3281 1547 Et
3311 1494 3401 1548 ille
3426 1495 3672 1564 magniﬁ-

2120 1607 2217 1644 cus
2253 1591 2504 1656 habetur,
2543 1603 2706 1657 quem
2756 1602 2856 1656 pro
2899 1585 3247 1640 deformitate
3280 1585 3540 1655 singulari
3582 1601 3674 1656 po-

2122 1686 2326 1738 tuerint
2372 1684 2488 1753 ipsa
2535 1690 2780 1736 monstra
2815 1680 3022 1734 mirari.
3059 1679 3336 1748 lmpletum
3365 1689 3449 1734 est
3475 1681 3528 1732 in
3566 1680 3673 1734 illis

2123 1775 2494 1846 propheticum
2558 1773 2901 1828 maledictum
2951 1789 2966 1826 :
3018 1770 3227 1826 Similes
3267 1772 3374 1826 illis
3421 1773 3553 1841 ﬁant
3583 1773 3673 1842 qui

2121 1867 2328 1935 faciunt
2363 1883 2444 1930 ea,
2479 1875 2527 1919 et
2575 1881 2752 1919 omnes
2782 1866 2871 1934 qui
2898 1865 3165 1934 conﬁdunt
3191 1865 3246 1917 in
3275 1865 3348 1917 eis
3375 1864 3442 1918 ³⁸.
3478 1863 3541 1916 Ει
3571 1864 3672 1918 hoc.

2121 1957 2418 2011 Christiani
2449 1956 2660 2018 vident,
2688 1955 2981 2010 Christiani
3008 1962 3324 2024 exspectant
3347 1954 3447 2026 (8),
3479 1955 3674 2008 admit-

2122 2057 2244 2102 tunt
2279 2051 2331 2101 in
2363 2048 2562 2101 domos
2586 2062 2734 2108 suas,
2763 2046 3062 2101 Christiani
3087 2047 3139 2100 in
3169 2047 3424 2101 domibus
3449 2047 3562 2102 suis
3590 2062 3676 2101 re-

2121 2139 2374 2208 cipiunt?
2409 2140 2757 2190 immemores
2808 2137 2952 2190 illius
2979 2137 3258 2204 apostolici
3308 2137 3437 2190 dicti
3470 2154 3484 2190 :
3532 2139 3677 2202 Quo-

2123 2231 2265 2282 niam
2291 2230 2379 2297 qui
2412 2227 2542 2278 talia
2581 2234 2764 2294 agunt,
2796 2225 2941 2294 digni
2964 2235 3085 2278 sunt
3118 2237 3282 2278 morte
3305 2225 3372 2279 ³⁸.

2191 2320 2296 2374 Sed
2336 2320 2478 2372 dicis
2531 2336 2543 2370 :
2596 2317 2700 2382 Qui
2751 2317 2958 2369 faciunt
2989 2331 3074 2380 ea,
3109 2318 3422 2371 moriantur.
3467 2317 3585 2372 Non
3626 2330 3676 2373 te

2118 2422 2348 2468 excusat
2372 2424 2554 2466 sermo
2577 2424 2738 2479 quem
2762 2409 3018 2463 voluntas
3048 2415 3292 2474 accusat,
3324 2425 3423 2464 nec
3463 2422 3675 2479 separat

2120 2503 2356 2558 ofﬁcium
2419 2516 2578 2571 quem
2616 2499 2948 2569 constringit
2996 2507 3050 2552 et
3098 2499 3345 2569 adjungit
3392 2517 3671 2556 assensus.

2049 2572 2088 2626 Β
2121 2595 2262 2650 Audi
2295 2593 2427 2663 quid
2458 2592 2742 2662 sequitur:
2776 2587 2903 2644 Non
2923 2591 3097 2643 solum
3127 2591 3215 2660 qui
3244 2590 3449 2660 faciunt
3473 2608 3556 2656 ea,
3586 2593 3675 2645 sed

2117 2697 2166 2742 et
2195 2689 2283 2758 qui
2313 2688 2640 2741 consentiunt
2671 2681 2986 2753 facientibus
3009 2682 3075 2735 ³⁷.
3108 2680 3260 2752 Rogo
3283 2699 3401 2748 vos,
3428 2685 3513 2738 vel
3536 2685 3678 2739 inter

2119 2780 2260 2834 mala
2299 2786 2517 2832 cessent
2547 2779 2706 2829 mala.
2743 2773 2982 2838 Credite,
3011 2773 3238 2835 credite,
3273 2773 3587 2837 deﬁcerent,
3629 2777 3676 2831 si

2120 2885 2183 2924 ea
2215 2868 2650 2922 Christianorum
2682 2865 2959 2920 simulatio
3003 2879 3112 2918 non
3139 2865 3400 2920 transiret
3435 2865 3533 2936 (9).
3570 2864 3677 2920 Fu-

2118 2960 2228 3030 gite
2261 2959 2387 3022 ista,
2420 2976 2452 3014 ο
2481 2957 2803 3020 Christiani,
2839 2956 3039 3025 fugite;
3062 2955 3298 3010 claudite
3327 2971 3424 3010 vos
3468 2966 3527 3010 ut
3568 2974 3674 3012 non

2118 3051 2350 3104 videatis
2396 3050 2526 3102 talia
2560 3049 2928 3112 insanientes;
2959 3047 3194 3101 claudite
3237 3062 3333 3102 vos
3359 3057 3677 3120 vestrasque

2121 3141 2334 3205 domos,
2378 3141 2505 3209 quia
2534 3137 2677 3193 Deus
2706 3138 2799 3206 qui
2843 3140 2897 3191 in
2923 3138 3140 3192 occulto
3170 3137 3335 3205 videt,
3369 3139 3674 3195 circumve-

2121 3233 2226 3287 niri
2259 3248 2368 3286 non
2407 3241 2586 3302 potest
2617 3233 2672 3283 in
2719 3237 2926 3299 aperto.
2958 3227 3136 3293 Exite,
3173 3232 3336 3295 exile,
3367 3233 3510 3285 sicut
3541 3231 3676 3286 dixit

2126 3323 2420 3393 propheta,
2447 3321 2511 3375 de
2548 3320 2718 3374 medio
2747 3337 2948 3385 eorum,
2991 3328 3040 3374 et
3069 3323 3388 3391 separamini
3413 3321 3477 3375 ab
3503 3324 3600 3384 eis,
3627 3335 3677 3377 et

2122 3432 2184 3469 ne
2205 3413 2532 3467 immundum
2577 3412 2846 3481 teligeritis
2871 3411 2953 3465 “z
2989 3419 3050 3465 ut
3077 3412 3295 3466 tandem
3327 3422 3514 3468 nostro
3544 3415 3677 3469 resi—

2124 3508 2336 3576 piscaut
2373 3504 2572 3567 studio,
2607 3503 2701 3572 qui
2743 3503 3006 3571 hactenus
3045 3513 3235 3558 nostro
3279 3505 3522 3559 colludio
3549 3516 3677 3560 sunt

2122 3597 2354 3667 decepti.
2392 3595 2586 3667 Fugite
2615 3611 2747 3668 ergo
2784 3597 3086 3652 dzemonica
3125 3597 3254 3663 ista,
3292 3597 3339 3654 si
3366 3595 3545 3652 divina
3574 3599 3674 3654 de-

2123 3689 2377 3744 sideratis
2405 3687 2612 3743 audire.

2193 3801 2334 3855 Exin
2351 3802 2694 3855 continuatur
2710 3801 2765 3854 in
2785 3817 2888 3855 uno
2903 3818 2931 3855 c
2956 3801 3242 3865 codicibus,
3269 3813 3519 3871 tanquam
3549 3818 3672 3871 pars

530 3880 773 3950 Namque
803 3881 992 3935 talium
1028 3882 1254 3936 deorum
1287 3881 1454 3936 facies
1475 3887 1534 3934 ut
1563 3878 1863 3949 pernigrari
1892 3894 2018 3949 pos-

2121 3895 2358 3964 prazdicti
2381 3894 2637 3948 sermonis
2667 3895 2743 3947 sic
2772 3911 2789 3947 :
2813 3893 3136 3964 Quanquam
3164 3909 3273 3948 non
3294 3893 3534 3948 dubitem
3553 3909 3669 3957 vos,

463 3974 593 4036 sint,
624 3974 788 4028 carbo
833 3973 1052 4039 deﬁcit;
1085 3982 1139 4028 et
1175 3984 1232 4028 ut
1261 3987 1450 4028 eorum
1493 3972 1709 4026 habitus
1732 3971 2021 4040 pleno-cu-

463 4066 702 4119 muletur
750 4064 1000 4128 horrore,
1036 4067 1225 4134 paleae,
1271 4065 1460 4135 pelles,
1507 4061 1696 4132 panni,
1753 4071 2017 4125 stercora,

462 4165 576 4207 toto
610 4155 811 4209 saeculo
849 4156 1271 4223 perquiruntur;
1305 4163 1358 4209 et
1402 4150 1666 4224 quidquid
1701 4159 1786 4205 est
1829 4149 2020 4205 confu-

463 4244 639 4298 sionis
663 4245 934 4307 humanae,
965 4247 1018 4298 in
1045 4260 1233 4299 eorum
1264 4244 1402 4298 facie
1429 4243 1749 4298 collocatur.
1778 4239 1841 4293 Et
1866 4241 2022 4310 pejus

460 4347 756 4402 operantur
773 4335 865 4405 qui
893 4344 1090 4406 gyrant
1117 4335 1348 4390 bestiola
1379 4348 1479 4390 sua
1507 4332 1599 4387 ubi
1626 4331 1806 4402 ignem
1827 4345 2023 4386 accen-

2121 3987 2456 4050 charissimi,
2493 4001 2587 4056 per
2627 3995 2906 4056 paternam
2946 3986 3389 4052 sollicitudinem,
3426 3995 3556 4052 ctc.,
3583 3985 3674 4054 qui

2121 4077 2358 4132 videlicet
2397 4087 2472 4130 est
2498 4077 2556 4131 δ.
2581 4075 2805 4130 Maximi
2833 4093 3001 4130 sermo
3024 4075 3258 4129 decimus
3283 4085 3458 4129 sextus
3482 4076 3534 4128 in
3566 4074 3673 4128 Ro-

2125 4186 2282 4222 mana
2318 4168 2482 4220 Bruni
2519 4168 2764 4232 editione,
2797 4182 3068 4236 perperam
3095 4167 3151 4220 in
3179 4166 3352 4222 codice
3378 4183 3495 4221 cum
3524 4164 3675 4222 Seve-

2124 4260 2276 4313 riano
2304 4268 2599 4313 contextus.

529 4489 577 4522 ³⁸
609 4487 759 4545 Psal.
791 4507 1019 4557 xxxvni,
1047 4493 1103 4548 3.
1181 4491 1226 4523 ³⁵
1266 4491 1411 4550 Psal.
1435 4507 1592 4560 cmi,
1628 4494 1684 4549 8.
1773 4495 1818 4528 ³⁵
1853 4492 2013 4550 Rom.

2118 4493 2205 4548 5'2.
2246 4490 2287 4520 ⁸⁷
2325 4490 2455 4544 ibid.
2531 4490 2576 4521 ³⁸
2617 4492 2722 4546 lsa.
2757 4507 2851 4556 Lit,
2884 4487 3055 4553 11;"
3087 4487 3212 4543 Cor.
3249 4505 3323 4551 vr,
3357 4487 3443 4542 Π.

531 4650 609 4720 (6)
653 4649 708 4703 In
740 4651 846 4704 alio
871 4649 1061 4705 codice
1084 4650 1235 4705 lectio
1267 4663 1364 4721 pro
1400 4648 1543 4704 tuba.

531 4723 608 4793 (7)
643 4721 814 4776 Codd.
859 4721 1219 4776 vernantibus.

2196 4644 2270 4717 (8)
2306 4645 2381 4717 ita
2415 4645 2573 4701 codd.
2600 4661 2709 4712 pro
2734 4655 2992 4713 spectant,
3025 4652 3086 4700 ut
3105 4644 3257 4699 alibi.

2198 4715 2270 4786 (9)
2313 4715 2512 4786 Nempe
2544 4716 2808 4771 toleraret.

1466 5064 2113 5157 SEVERIANI
2170 5061 2693 5151 HOMILIA

524 5261 608 5319 De
645 5264 871 5341 sigillis
910 5265 1242 5336 librorum,
1268 5271 1328 5326 et
1358 5261 1679 5341 quomodo
1711 5261 1916 5323 Filius
1945 5261 2130 5400 Pqtri,
2165 5261 2345 5322 Pater
2375 5261 2541 5322 Filio
2573 5259 2814 5330 offerat,
2851 5275 2922 5320 ac
2952 5257 3030 5318 de
3056 5255 3403 5322 Servatoris
3454 5252 3653 5314 incar-

1010 5393 1018 5400 .
1925 5358 2001 5400 na
2037 5357 2201 5400 ioue.

1925 5357 2201 5402 ηᾶιιουρ.

900 5507 1025 5561 Vide
1056 5510 1194 5562 inter
1226 5509 1398 5578 Opera
1423 5509 1481 5564 S.
1508 5507 1732 5563 Joannis
1759 5505 2117 5576 Chrysostomi
2146 5513 2341 5560 nostra:
2367 5504 2632 5570 editionis,
2657 5513 2782 5560 tom.
2811 5502 2860 5559 Χ
2869 5499 2957 5568 ΙΙ,
2981 5498 3082 5556 col.
3109 5498 3234 5555 559.

2053 5729 2124 5746 β

4029 2477 4054 2510 "l
