4054 6206
1283 321 1716 381 THEOPHILUS
1766 325 2157 384 ALEXANDR.
2202 326 2599 386 EPISCOPUS.
3485 327 3553 381 πθ

344 473 3533 504 NW

1190 664 1540 729 EIUSDEM
1585 669 1930 733 HOMILIA
1975 672 2295 735 CONTRA
2331 674 2676 736 JUDIEOS.

1460 831 1588 887 Vide
1613 834 1703 889 ubi
1728 851 1912 905 supra,
1941 847 2072 896 tom.
2095 835 2167 902 Χ,
2189 838 2291 893 col.
2319 838 2444 895 795.

330 1049 3515 1082 .___.._._______________________________________________________

1178 1233 1717 1324 EJUSDEM
1799 1236 2435 1332 SERMONES
2535 1244 2703 1336 XV

752 1449 845 1510 Ex
874 1448 1230 1510 Armenicis
1258 1448 1881 1515 codicibusVenetiis
1914 1470 2083 1517 anno
2107 1456 2285 1532 1827,
2317 1465 2577 1522 curante
2594 1459 2912 1536 Auchero,
2943 1461 3121 1525 editi.

778 1608 908 1667 Vide
931 1612 1003 1666 ad
1033 1627 1227 1667 annum
1260 1629 1422 1683 supra
1449 1616 1680 1684 positum
1709 1616 1927 1687 hujusce
1962 1617 2295 1689 Patrologia:
2335 1623 2522 1676 seriem
2551 1638 2691 1677 mere
2730 1621 3078 1679 Orientalem.

312 1834 3492 1866 ____._______________._______.____________________________

1603 2031 1775 2074 ANNO
1820 2031 2050 2074 DOMINI
2097 2032 2267 2075 CDXII

1066 2277 2785 2496 THEOPHILUS

936 2654 2034 2771 ALEXANDRINUS
2117 2656 2893 2779 EPISCOPUS

1636 3097 2146 3191 NOTITIA

1039 3290 1325 3354 (Gm.,
1355 3289 1584 3341 Veterum
1606 3291 1808 3340 Patrum
1828 3286 2077 3351 Biblioth.,
2104 3295 2138 3338 t.
2163 3288 2270 3350 VII,
2297 3289 2518 3353 Pmleg.,
2553 3304 2602 3353 p.
2630 3291 2799 3354 xxvn.)

366 3628 406 3685 Ι.
448 3627 693 3701 Longum
725 3638 875 3686 esset
912 3629 993 3687 ire
1022 3645 1120 3702 per
1146 3631 1380 3703 singula,
1414 3645 1538 3702 quae
1565 3631 1635 3687 de
1676 3629 1857 3690 Theo-
1893 3645 1938 3702 Α
1968 3634 2129 3689 Anno
2190 3633 2411 3690 circiter
2471 3633 2578 3689 392
2639 3628 2882 3703 synodus
2937 3628 3198 3699 Capuana
3248 3630 3323 3686 ob
3388 3629 3535 3688 sedis

298 3723 448 3797 philo
476 3722 737 3778 Ecclesiae
759 3722 1143 3780 Alexandrinae
1161 3724 1407 3781 antistite
1434 3732 1647 3781 veteres
1672 3723 1870 3784 litteris

296 3816 594 3874 tradidere.
636 3814 828 3887 Neque
858 3818 1033 3873 nostri
1083 3816 1301 3874 demum
1339 3816 1578 3874 instituti
1621 3818 1763 3874 ratio
1811 3817 1868 3874 id

296 3907 526 3978 patitur,
555 3905 687 3977 quin
727 3915 781 3962 et
812 3905 881 3964 ab
910 3906 1179 3978 ejusmodi
1209 3923 1437 3965 munere
1465 3924 1746 3980 pensoque
1774 3908 1870 3963 ab—

299 3999 567 4056 solvendo
587 4014 692 4055 nos
715 4000 970 4071 prohibet
994 4000 1237 4069 omnino,
1264 4017 1388 4056 cum
1424 4010 1614 4058 nostra
1637 4010 1869 4056 tantum-

296 4090 466 4146 modo
514 4089 754 4155 intersit,
787 4105 849 4146 ea
900 4090 1211 4146 summatim
1243 4092 1529 4163 attingere,
1570 4106 1691 4162 quae
1729 4099 1867 4147 tem-

296 4182 451 4252 poris
476 4183 815 4237 notationem
841 4181 1117 4253 praecipue
1146 4182 1471 4254 respiciunt.
1494 4183 1652 4239 Anno
1682 4182 1865 4253 itaque

295 4273 407 4329 585
454 4273 690 4330 Arcadio
728 4274 974 4344 Augusto
1024 4274 1261 4344 primum
1314 4281 1370 4329 et
1403 4272 1647 4330 Bantone
1691 4289 1862 4340 coss.,

293 4376 435 4424 teste
467 4367 693 4423 Socrate
736 4366 834 4438 (a),
871 4365 1088 4422 sublato
1146 4381 1212 4422 ex
1264 4365 1369 4422 hac
1422 4366 1550 4421 luce
1574 4365 1864 4422 Timotheo

290 4458 363 4513 de
390 4473 503 4528 quo
548 4459 798 4529 superius
826 4458 989 4513 verba
1018 4456 1271 4517 fecimus.
1302 4471 1494 4513 mense
1527 4455 1673 4513 Julio
1720 4456 1863 4513 desi-

291 4557 481 4616 nente,
514 4547 845 4621 Theophilus
875 4548 1163 4606 sacerdotii
1194 4548 1721 4605 administrationem
1740 4564 1864 4605 sus-

288 4643 460 4713 cepit.
502 4642 584 4699 Eo
630 4643 873 4699 instante
914 4649 1077 4713 atque
1110 4641 1388 4698 adnitente
1425 4640 1677 4699 funditus
1707 4643 1860 4698 exci-

288 4750 416 4792 sum
446 4734 863 4795 celeberrimum
900 4733 1185 4805 Serapidis
1216 4734 1477 4806 templum
1504 4754 1517 4791 :
1555 4736 1699 4806 quod
1724 4750 1861 4791 con-

287 4828 482 4900 tigisse
516 4842 661 4882 anno
688 4826 789 4882 391
823 4826 1081 4897 pluribus
1112 4826 1352 4883 ostendit
1373 4825 1574 4897 Pagius
1597 4825 1695 4898 (ὁ).
1723 4824 1858 4882 Rem

289 4918 413 4974 l'use
460 4917 782 4973 describunt
822 4932 937 4988 prae
974 4916 1192 4972 caeteris
1225 4914 1593 4971 Theodoritus
1627 4917 1718 4986 (c),
1754 4914 1856 4970 So—

1974 3725 2357 3782 Alexandrina:
2405 3728 2735 3796 praecipuam
2787 3722 2843 3776 in
2888 3719 3112 3776 Oriente
3155 3722 3537 3779 auctoritatem

1972 3817 2151 3889 ipsum
2211 3816 2412 3887 delegit
2455 3815 2523 3870 ad
2573 3812 3011 3885 componendum
3052 3812 3339 3867 dissidium
3395 3814 3538 3868 inter

1971 3909 2292 3965 Flavianum
2316 3917 2371 3964 et
2402 3907 2714 3978 Evagrium,
2743 3906 2972 3961 Paulino
3011 3904 3299 3960 demortuo
3337 3906 3391 3959 in
3415 3906 3535 3975 epi-

1970 4012 2198 4075 scopatu
2242 4002 2584 4058 Antiocheno
2630 4000 2957 4057 suﬁectum:
3000 3998 3125 4066 ejus
3162 4007 3341 4051 tamen
3391 3998 3537 4067 judi-

1969 4096 2116 4151 cium
2143 4093 2435 4151 Flavianus
2460 4091 2749 4148 admittere
2768 4089 2965 4145 noluit.
2985 4088 3102 4155 Qua
3128 4088 3196 4143 de
3227 4104 3286 4144 re
3309 4098 3535 4144 sanctus

1967 4183 2292 4240 Ambrosius
2327 4183 2396 4238 ad
2433 4181 2684 4238 eumdem
2719 4179 3080 4251 TheOphilum
3123 4178 3373 4235 scribens
3412 4177 3485 4251 (g)
3519 4198 3533 4234 :

1968 4271 2093 4327 Non
2130 4272 2315 4338 habet,
2354 4271 2573 4343 inquit,
2624 4270 2762 4342 quod
2802 4280 2988 4340 urgeat
3033 4267 3333 4339 Euagrius;
3386 4268 3537 4324 habet

1965 4364 2104 4438 quod
2165 4373 2367 4419 metuat
2420 4363 2737 4431 Flavianus,
2791 4362 3009 4433 ideoque
3058 4361 3250 4432 refugit
3293 4376 3533 4417 examen.

1964 4457 2103 4512 Dent
2132 4456 2330 4526 fratres
2366 4457 2574 4510 ueniam
2593 4455 2774 4510 dolori
2804 4454 3128 4524 justo,quia
3163 4463 3374 4521 propter
3395 4452 3534 4521 ipsos

1963 4551 2239 4605 universus
2272 4548 2416 4604 orbis
2445 4548 2779 4614 concutitur;
2820 4547 2982 4602 etilli
3017 4556 3190 4600 tamen
3212 4554 3396 4600 nostra
3431 4560 3535 4599 non

1962 4640 2355 4709 compatiuntur
2382 4638 2582 4694 dolori.
2612 4638 2777 4694 Plura
2804 4638 2934 4694 item
2975 4639 3125 4709 legas
3156 4637 3301 4707 apud
3333 4638 3532 4691 Socra-

1963 4741 2070 4787 tem
2113 4732 2189 4803 (h)
2220 4739 2275 4788 et
2319 4731 2684 4788 Sozomenum
2716 4731 2802 4803 (i).
2837 4730 3091 4786 Interfuit
3115 4738 3380 4800 prater-ea
3402 4744 3535 4785 con-

1962 4825 2090 4880 cilio
2117 4824 2746 4894 Constantinopolitano,
2777 4823 3059 4880 desinente
3097 4838 3242 4877 anno
3274 4821 3378 4876 594
3403 4837 3532 4877 coa-

1963 4929 2072 4983 cto,
2101 4918 2194 4973 ubi
2219 4916 2409 4988 Agapii
2438 4927 2492 4970 et
2510 4915 2733 4985 Bagadii
2763 4916 3138 4971 controversia
3161 4913 3228 4969 de
3248 4912 3527 4977 Bostrensi
3609 4986 3613 4991 ὓ

285 5016 470 5065 crates
504 5008 582 5080 (ά)
628 5017 683 5065 et
713 5008 1052 5064 Sozomenus
1080 5009 1149 5079 (e)
1187 5027 1201 5064 :
1232 5023 1407 5079 neque
1435 5009 1503 5063 de
1538 5008 1850 5078 hujusmmli
1884 5008 1929 5062 Β
1955 5009 2272 5078 episcopatu
2307 5007 2527 5077 agitata.
2592 5004 2806 5063 Videsis
2858 5005 3126 5062 Zonaram
3160 5004 3227 5077 (j)
3261 5011 3316 5058 et
3341 5004 3531 5057 Balsa-

285 5101 537 5158 facinore
590 5101 743 5158 siluit
773 5099 1055 5172 Eunapius
1097 5100 1185 5173 (Π.
1220 5101 1428 5157 Exinde
1467 5115 1596 5156 vero
1644 5101 1854 5171 profani

283 5192 475 5249 cultus
524 5191 792 5250 idolorum
830 5193 1093 5264 reliquias
1136 5208 1232 5264 per
1278 5190 1574 5264 Egyptum
1636 5191 1854 5284 delevit.

354 5400 438 5471 (α)
473 5399 705 5471 _Socrat._
736 5397 1258 5471 Hist._eccl.jib._v,
1294 5414 1416 5471 cap.
1451 5400 1540 5454 12.

354 5466 438 5541 ib)
471 5468 603 5541 [’agi
640 5469 708 5524 ad
734 5484 865 5541 ann.
892 5468 1017 5535 589,
1052 5466 1085 5541 ᾗ
1118 5469 1195 5541 712
1219 5485 1334 5541 seq.

357 5538 431 5614 (ς)
467 5538 918 5614 [lienilor.__ﬂist.
950 5538 1079 5594 etet.
1112 5539 1208 5614 lib.
1250 5538 1314 5606 νζ
1333 5557 1454 5612 cap.
1479 5540 1570 5598 22.

369 5609 419 5664 ‘d
483 5610 698 5667 Socrat.
734 5609 830 5667 lib.
858 5626 912 5675 ν,
947 5625 1068 5681 cap.
1103 5610 1189 5664 16.

358 5614 442 5744 $2;
474 5683 695 5738 Sozam.
726 5680 820 5736 lib.
856 5696 952 5744 vn,
988 5696 1109 5744 cap.
1144 5680 1189 5735 li

474 5683 695 5753 δοκοίη.
726 5680 820 5753 I_i_b.
856 5679 1109 5753 vu,gc'ap.
1144 5679 1211 5735 15

365 5749 433 5824 (Γ)
472 5752 679 5824 Eunap.
728 5749 829 5809 Vit.
864 5749 1072 5822 philos.‘
1092 5767 1214 5823 cap.
1251 5750 1303 5819 1,
1336 5766 1458 5823 pag.
1498 5751 1591 5817 64,
1621 5767 1734 5821 seq.

1965 5115 2180 5156 manem
2211 5099 2307 5171 (Ic).
2348 5098 2597 5164 Quatuor
2634 5107 2755 5169 post
2790 5114 2964 5156 annos
2992 5094 3527 5164 Constantinopolim

1967 5193 2230 5248 remeavit
2250 5190 2318 5246 ad
2340 5190 2781 5262 inaugurandum
2803 5198 3051 5247 sanctum
3072 5187 3336 5243 Joannem
3361 5187 3534 5261 Chry-

2026 5399 2101 5520 (ἵ)
2137 5399 2329 5453 Ambr.
2357 5401 2519 5520 eplist.
2549 5398 2691 5471 56,5
2720 5398 2770 5480 l,
2795 5396 2932 5469 Opp.
2965 5408 3096 5453 tom.
3126 5397 3188 5467 ll,
3220 5414 3343 5473 pag.
3368 5396 3529 5456 1006.

2026 5471 2103 5520 tt)
2140 5469 2352 5520 Socrat.
2440 5478 2528 5520 18L
2564 5473 2692 5520 ecct.
2727 5469 2822 5520 lib.
2852 5486 2910 5520 ν.
2936 5485 3056 5520 can.
3086 5470 3173 5520 15.

2026 5469 2103 5543 (It)
2138 5469 2352 5543 _Socrat.
2381 5469 2528 5543 ﬂist.
2564 5469 2692 5525 θεοί.
2727 5469 2910 5543 lib.__v,
2936 5485 3057 5543 cap.
3086 5470 3173 5527 15.

2025 5539 2091 5611 (ἦ)
2132 5538 2349 5611 §ozom.
2380 5541 2481 5611 lib.
2511 5555 2608 5603 νυ,
2632 5554 2753 5611 cap.
2789 5540 2876 5597 15.

2025 5609 2092 5684 (ί)
2132 5609 2328 5684 '_L_onar.
2359 5611 2414 5666 in
2448 5610 2612 5684 Ca_n.,
2653 5609 2779 5684 pag.
2812 5611 2937 5669 525,

2026 5677 2097 5751 (It)
2138 5679 2373 5737 Balsam.
2414 5685 2468 5737 in
2502 5677 2670 5748 Cen,
2702 5677 2826 5757 pag.
2863 5683 2983 5738 761.
