4042 6208
468 367 529 421 5|
1448 358 1811 415 THEOPIIILI
1852 358 2153 414 EPISCOI’I
2187 360 2303 414 ΑΗ·
2320 355 2645 414 XANDRINI
3606 370 3679 425 δὲ

462 483 764 535 sostomum
818 470 873 526 in
907 472 1054 526 illius
1081 472 1243 542 regia:
1287 472 1440 528 urbis
1486 474 1769 542 praesulem
1828 488 2020 526 recens
2053 481 2092 532 Α
2125 488 2199 524 Sis
2242 488 2336 525 seu
2373 471 2726 540 Iliospolitani
2778 470 2846 524 ad
2896 472 3145 528 eumdem
3196 472 3557 543 Theophilum,
3593 496 3690 534 nec

458 573 691 625 electum
721 585 735 619 :
765 580 924 635 quem
951 573 1131 619 tamen
1171 566 1428 635 deinceps
1455 566 1654 619 acriter
1675 573 1759 619 est
1788 565 2023 619 insecta-

456 670 567 724 tus,
608 668 661 711 ct
683 657 738 711 in
778 657 988 728 synodo
1021 656 1315 722 Quercensi
1353 672 1495 711 anno
1526 656 1629 711 403
1657 664 2022 711 exauctoran-

456 753 584 807 dum
637 750 867 805 curavit.
922 749 1161 819 Denique
1193 749 1457 818 lethargia
1504 756 1793 818 correptus
1834 763 2024 817 supre-

457 858 603 896 mum
628 841 770 895 diem
809 842 1007 895 clausit
1036 857 1182 894 anno
1218 841 1341 904 412,
1376 841 1559 896 Idibus
1606 839 1883 903 Octobris,
1914 839 2024 896 IIo-

461 934 617 988 norio
644 932 712 986 IX
743 944 795 987 et
824 932 1133 987 Theodosio
1166 931 1209 986 V
1247 948 1417 997 coss.,
1448 940 1507 987 ut
1553 933 1737 987 scribit
1769 931 2022 987 Socrates

456 1019 583 1089 (ll):
634 1022 877 1093 adeoque
922 1033 1064 1079 totos
1094 1040 1242 1080 xxvtt
1297 1040 1469 1079 annos
1534 1031 1750 1094 tresque
1807 1038 2023 1077 menses

460 1118 605 1172 haud
631 1119 931 1187 completos
962 1118 1259 1173 Ecclesiam
1296 1118 1439 1172 rexit
1467 1116 1912 1171 Alexandrinam.

527 1209 588 1266 Il.
634 1212 927 1281 Complura
990 1212 1187 1267 litteris
1238 1212 1594 1281 consignasse
1636 1209 2019 1279 Theophilum,

457 1315 567 1356 tum
606 1318 673 1356 ex
713 1302 780 1357 iis
817 1319 938 1371 qua:
988 1303 1278 1358 liodienum
1344 1302 1560 1373 integra
1592 1311 1872 1371 superant,
1907 1309 2022 1354 tuin

455 1409 584 1447 vero
608 1409 672 1448 ex
698 1409 889 1448 eorum
917 1395 1234 1464 fragmentis
1272 1411 1393 1464 qua:
1433 1395 1850 1457 interciderunt,
1881 1392 2022 1463 apud

455 1490 664 1537 veteres
701 1484 961 1549 servatis,
1012 1484 1384 1554 intelligimus.
1431 1484 1636 1538 Horum
1672 1494 1851 1538 autem
1885 1500 2023 1552 prae-

457 1575 613 1643 cipua
656 1582 864 1628 tantum
912 1575 1150 1628 breviter
1188 1575 1277 1630 hic
1321 1576 1761 1633 recensebimus:
1818 1575 2023 1644 reliqua

455 1684 587 1722 vero
622 1669 1111 1738 praetermittimus,
1148 1670 1570 1725 internoscenda
1604 1686 1670 1723 ex
1712 1670 2025 1738 inscriptio-

456 1761 617 1815 nibus
674 1776 794 1825 quae
844 1760 1026 1815 fontes
1077 1763 1328 1831 aperiunt
1358 1762 1503 1816 unde
1555 1762 1648 1815 illa
1682 1762 2021 1831 potissimum

462 1853 767 1906 hausimus.
820 1852 1010 1922 Itaque
1046 1827 1188 1908 inter
1242 1852 1526 1925 Theophili
1566 1827 1770 1923 scripta
1822 1853 2026 1919 princi-
2059 1827 2097 1883 Β

457 1958 576 2014 pem
611 1943 789 1997 locum
822 1944 1031 1998 obtinet
1051 1946 1172 2011 ejus
1206 1944 1406 2016 Cyclus
1438 1945 1710 2017 paschalis
1771 1945 2025 2015 quadrin-

453 2043 727 2104 gentorum
764 2034 1049 2088 octodecim
1073 2052 1353 2098 annorum,
1391 2046 1449 2090 ut
1503 2037 1578 2089 ait
1633 2036 1888 2107 Cyrillus,
1925 2052 2024 2089 au-

455 2126 626 2179 ctoris
666 2142 836 2195 nepos
869 2134 925 2181 et
974 2142 1263 2182 successor
1303 2127 1400 2197 (b).
1450 2128 1624 2193 Quam
1670 2128 1890 2198 quidem
1932 2144 2026 2197 pe-

454 2217 665 2271 riodnm
722 2219 1024 2287 paschalem
1078 2218 1373 2276 Theodosii
1433 2221 1611 2291 Magni
1671 2232 1858 2290 rogatu
1894 2236 2025 2274 con-

454 2312 645 2375 texuit,
672 2327 797 2365 cum
821 2312 1061 2365 nonduin
1089 2320 1233 2366 esset
1260 2313 1573 2381 episcopus,
1604 2310 1887 2380 eidemque
1915 2310 2025 2361 Au-

453 2417 613 2472 gusto
642 2402 864 2456 dicavit.
892 2402 961 2455 At
991 2418 1121 2455 vero
1144 2420 1207 2455 ne
1229 2402 1367 2469 forte
1403 2411 1476 2454 tot
1526 2416 1786 2453 annorum
1842 2417 2026 2469 conge-

455 2497 557 2549 ries
593 2505 683 2549 aut
717 2494 995 2560 fastidium
1023 2492 1387 2563 cognoscendi,
1412 2502 1503 2544 aut
1533 2492 1802 2562 pigritiam
1830 2490 2027 2545 descri-

456 2586 609 2639 bendi
633 2584 945 2656 quibusdam
973 2583 1205 2652 aﬂerret,
1239 2582 1559 2636 laterculum
1591 2595 1805 2636 centum
1856 2598 2028 2637 anno—

454 2692 575 2732 rum
627 2677 929 2747 composuit
974 2692 1006 2728 a
1052 2674 1221 2744 primo
1253 2690 1392 2727 anno
1444 2673 1749 2727 consulatus
1784 2673 2027 2742 ejusdem

457 2769 781 2833 Theodosii,
818 2767 1024 2822 Christi
1053 2766 1259 2835 vulgari
1299 2765 1425 2829 580,
1457 2766 1672 2818 initium
1706 2766 1930 2830 ducens,
1971 2774 2029 2818 ut.

456 2881 520 2919 ex
554 2863 745 2919 eodem
789 2861 991 2933 Cyrillo
1029 2858 1313 2914 erudimur
1338 2857 1432 2927 (c).
1463 2857 1540 2913 De
1574 2858 1892 2927 hujusmodi
1933 2873 2031 2912 au—

459 2964 562 3010 tem
599 2952 886 3023 Theophili
930 2951 1085 3023 cyclo
1128 2957 1184 3005 et
1248 2949 1533 3014 laterculo,
1578 2958 1772 3018 praeter
1823 2948 2032 3003 Buche-

461 3048 602 3099 rium
638 3043 713 3117 td)
746 3052 797 3098 et
815 3041 1219 3097 Tillemontium
1244 3040 1338 3112 (ε),
1367 3041 1523 3110 plura
1546 3040 1758 3095 erudite
1780 3039 2031 3093 observat

458 3135 697 3189 Joannes
731 3133 848 3188 Van
875 3134 972 3187 der
992 3132 1209 3202 Haagen
1241 3134 1295 3185 in
1329 3130 1589 3200 peculiari
1622 3130 2028 3196 dissertatione,
2059 3166 2103 3223 α

461 3242 621 3296 qnam
677 3225 781 3279 hoc
837 3224 905 3278 de
971 3229 1292 3293 argumento
1364 3221 1713 3291 conscripsit.
1771 3223 2034 3294 Superest

462 3320 755 3372 etiamnum
778 3316 1040 3382 Prologus
1063 3330 1222 3383 quem
1245 3320 1437 3367 auctor
1460 3313 1573 3368 sive
1598 3331 1699 3369 suo
1737 3317 1891 3386 cyclo
1918 3318 2034 3372 sive

462 3408 720 3463 laterculo
780 3406 1055 3477 praefixit:
1091 3406 1320 3480 ejusque
1358 3402 1545 3459 Grieca
1586 3422 1649 3461 ex
1688 3406 1908 3463 Petavio
1944 3410 2032 3480 (ι’),

462 3508 699 3555 veterem
741 3513 871 3552 vero
923 3498 1232 3554 versionem
1273 3477 1346 3550 ex
1400 3496 1620 3551 laudato
1662 3496 1926 3555 Bucberio
1960 3503 2033 3572 (g)

465 3591 874 3661 descripsimus.

538 3681 620 3734 Ill.
662 3681 949 3752 Theophili
983 3683 1231 3753 epistolis
1272 3684 1665 3755 superstitibus
1699 3682 1893 3737 Edicta
1944 3700 2036 3737 ca-

466 3775 651 3827 nonica
683 3771 731 3826 Χ
757 3784 812 3828 et
848 3790 1098 3843 responsa
1122 3774 1208 3839 llI,
1245 3792 1369 3830 cum
1400 3776 1739 3830 Balsanionis
1769 3791 2039 3830 commen-

470 3866 625 3919 tariis
655 3866 1019 3934 praemisimus
1043 3907 1056 3927 .
1091 3882 1158 3922 ex
1190 3866 1483 3921 Pandectis
1514 3881 1785 3920 canonum
1810 3866 2039 3920 Bevere°

468 3958 538 4025 gii
569 3961 852 4027 desumpta
886 3958 981 4028 (h).
1018 3958 1166 4012 Inter
1202 3958 1464 4028 epistolas
1493 3972 1624 4011 vero
1669 3956 1853 4010 statim
1910 3955 2041 4009 sub-

464 4058 637 4115 jectas
684 4049 773 4101 illa
820 4050 1043 4113 eminet,
1070 4064 1234 4119 quam
1269 4058 1457 4103 auctor
1502 4046 1808 4102 Palaestinis
1847 4053 1901 4099 et
1934 4045 2040 4115 Cy-

475 4138 607 4207 priis
638 4139 943 4208 inscripsit;
990 4141 1085 4195 ubi
1138 4142 1294 4210 plura
1339 4139 1410 4195 de
1465 4138 1718 4209 Origenis
1756 4137 2039 4192 erroribus

474 4232 711 4285 disserit.
739 4229 891 4284 Hanc
919 4240 1097 4286 autem
1132 4233 1418 4302 epistolam
1462 4231 1641 4299 magni
1672 4246 1803 4284 sane
1837 4228 2041 4282 ducen-

473 4324 620 4387 dam,
646 4338 709 4375 ex
742 4330 1055 4392 pervetusto
1082 4322 1500 4381 Mediolanensis
1548 4339 1653 4378 ms.
1698 4321 2043 4377 bibliotheca:

474 4414 846 4468 Ambrosianae
874 4414 1085 4485 primus
1122 4431 1153 4469 e
1185 4416 1427 4471 tenebris
1452 4417 1593 4470 eruit
1632 4413 2040 4470 eruditissimus

2125 579 2230 616 non
2291 564 2565 617 Anastasii
2614 578 2764 632 papa:
2816 563 2885 615 ad
2932 562 3327 633 Simpliciannm
3380 569 3687 637 epistolas:

2122 670 2261 722 quas
2294 669 2481 707 omnes
2512 669 2635 707 cum
2667 662 2893 710 sanctus
2930 654 3287 727 Hieronymus
3312 657 3469 714 Latio
3508 662 3692 715 reddi-

2124 744 2285 805 derit,
2322 753 2379 799 ut
2404 746 2631 815 ipsemet
2653 747 2879 802 innuere
2899 748 3112 802 videtur
3142 750 3203 820 (i)
3228 790 3242 812 ,
3281 753 3534 807 laudatus
3560 752 3689 806 Val-

2124 836 2326 892 Iarsius
2374 837 2428 891 iu
2462 852 2615 892 suam
2668 836 2912 893 Doetoris
2946 842 3162 894 maximi
3218 839 3453 911 Operuin
3497 845 3692 898 editio-

2124 943 2247 982 nem
2277 928 2481 982 invexit
2518 929 2603 999 (i).
2642 929 2849 987 Exinde
2880 947 3008 986 vero
3048 941 3159 987 tres
3192 949 3402 1002 priores
3429 945 3689 1001 epistolas

2124 1018 2273 1087 prelo
2302 1018 2705 1089 consignandas
2738 1023 3068 1091 accepimus,
3103 1035 3295 1092 quarta
3327 1037 3689 1080 AnaStasmna

2123 1111 2486 1180 prasterinissa
2531 1127 2694 1181 quam
2743 1112 2871 1166 alibi
2908 1123 3093 1181 postea
3137 1114 3543 1179 exhibebimus;
3598 1115 3689 1169 iis-

2122 1218 2228 1272 que
2257 1211 2413 1257 notas
2442 1200 2815 1259 Vallarsianas
2850 1213 3030 1259 textus
3062 1205 3301 1258 litteram
3335 1206 3688 1275 respicientes

2124 1293 2475 1360 subiecimus,
2522 1296 2772 1363 pauculis
2798 1296 3007 1350 nostris
3050 1296 3292 1350 intextis.

2198 1402 2294 1456 llic
2326 1418 2487 1471 porro
2518 1404 2661 1458 haud
2703 1413 2786 1459 est
2816 1405 3197 1470 omittendum,
3241 1407 3587 1463 existimasse
3619 1412 3691 1463 cl.

2124 1498 2383 1553 editorein
2437 1499 2508 1567 (lt)
2560 1499 2828 1568 ejusmodi
2882 1499 3169 1569 Theophili
3234 1503 3521 1571 epistolam
3574 1518 3694 1558 esse

2128 1591 2297 1658 ipsam
2339 1591 2482 1644 illam
2520 1591 2858 1662 synodicam,
2897 1607 3058 1661 quam
3084 1592 3151 1646 ab
3194 1609 3254 1648 se
3299 1592 3468 1649 fuisse
3509 1593 3694 1649 Latine

2131 1681 2401 1735 redditam
2447 1683 2638 1737 scribit
2690 1693 2914 1739 sanctus
2947 1682 3325 1753 Hieronymus,
3369 1686 3457 1738 ubi
3487 1687 3562 1739 ai:
3588 1686 3689 1755 (1;:

2126 1772 2293 1838 Duas,
2325 1774 2630 1844 synodicam
2657 1784 2706 1828 et
2753 1774 3051 1843 paschalem
3080 1774 3192 1844 ejus
3234 1773 3559 1846 (Theophili)
3589 1780 3692 1847 epi-

2126 1867 2291 1919 stolas
2318 1878 2504 1921 contra
2529 1867 2803 1937 Origcnem
2828 1866 3073 1937 illiusque
3095 1866 3450 1937 discipulos—
3477 1886 3569 1939 per
3600 1873 3690 1925 hoc

2128 1952 2289 2019 ferme
2325 1952 2587 2006 biennium
2630 1954 3005 2021 interpretatus
3032 1970 3184 2016 sum,
3209 1965 3260 2009 et
3302 1956 3357 2009 in
3396 1958 3693 2027 a'diﬁcatio-

2128 2059 2243 2095 nem
2270 2041 2520 2097 Ecclesia:
2536 2044 2777 2113 legendas
2809 2055 3004 2099 nostra:
3024 2045 3218 2116 lingua:
3242 2048 3539 2104 hominibus
3557 2049 3696 2104 dedi.

2129 2131 2324 2187 Verum
2355 2135 2473 2201 ejus
2504 2135 2830 2187 sententiam
2880 2137 3002 2191 aliis
3043 2139 3225 2193 minus
3246 2140 3523 2207 probatam
3551 2155 3701 2194 com-

2127 2222 2389 2291 perimus.
2416 2221 2618 2275 Noster
2650 2232 2797 2277 certe
2840 2223 3205 2295 Hieronymus
3238 2226 3305 2281 de
3329 2225 3495 2282 Prato
3533 2228 3697 2298 pluri-

2126 2311 2229 2365 bus
2258 2326 2359 2365 nec
2400 2312 2610 2366 levibus
2639 2317 2977 2384 argumentis
3022 2332 3140 2371 eam
3188 2317 3496 2374 infirmasse
3539 2322 3695 2375 novi-

2127 2419 2249 2456 mus
2283 2404 2378 2470 (ιη)
2417 2420 2430 2457 :
2466 2404 2628 2474 eique
2660 2405 2920 2477 deinceps
2938 2407 3232 2463 adhaesisse
3270 2410 3446 2465 virum
3478 2411 3701 2468 doctum

2125 2489 2282 2545 Joan.
2311 2489 2507 2547 Franc.
2527 2491 2860 2548 Bernardum
2884 2496 2952 2551 de
2977 2498 3181 2554 Itubeis
3212 2499 3565 2571 intelligimus
3599 2503 3696 2574 (ιι).

2128 2582 2299 2647 Quam
2346 2582 2565 2652 quidem
2624 2585 3075 2657 disceptationem
3120 2589 3246 2645 aliis
3290 2590 3703 2662 dijudicandam

2130 2676 2509 2744 relinquimus.

2200 2824 2289 2879 IV.
2330 2825 2652 2895 llujusmodi
2685 2837 2865 2886 autem
2902 2831 3357 2905 Theophilensem
3389 2837 3696 2909 epistolam,

2129 2922 2447 2990 encyclicam
2494 2924 2678 2993 potius
2717 2940 2880 2994 quam
2914 2931 3220 2999 synodicam
3246 2931 3479 2989 fortasse
3521 2933 3700 3003 appel-

2131 3010 2369 3077 landam,
2396 3020 2510 3067 tres
2544 3014 2822 3083 excipiunt
2849 3018 3125 3085 paschales
3162 3021 3402 3089 epistola:
3433 3037 3697 3078 annorum

2133 3099 2259 3162 401,
2294 3100 2398 3155 402
2422 3110 2473 3157 et
2505 3103 2630 3157 404.
2663 3105 2889 3159 Constat
2945 3108 3088 3161 enim
3144 3110 3415 3165 antistites
3465 3110 3701 3166 Alexan-

2135 3192 2324 3247 drinos
2368 3194 2434 3248 de
2468 3210 2618 3248 more
2662 3195 2812 3250 illius
2849 3195 3105 3253 Ecclesiae
3150 3201 3465 3269 quotannis,
3486 3213 3700 3270 peracto

2137 3281 2552 3351 Epiphaniorum
2574 3285 2677 3348 die,
2713 3294 2770 3339 ut
2792 3286 2968 3357 inquit
2988 3288 3283 3345 Cassianus
3315 3290 3408 3362 (a),
3443 3292 3701 3362 epistolas

2137 3374 2512 3443 promulgasse
2549 3374 2614 3428 ad
2647 3375 2887 3430 solemne
2907 3375 3192 3433 Paschalis
3219 3386 3433 3449 tempus
3453 3380 3701 3435 indicen-

2134 3467 2303 3529 dum,
2341 3466 2610 3535 paschales
2653 3477 2969 3537 propterea,
3021 3468 3138 3523 sive
3171 3471 3333 3525 etiam
3376 3472 3705 3543 quandoque

2138 3559 2349 3626 [estates
2376 3558 2552 3611 dictae.
2597 3556 2705 3613 IIas
2732 3574 2859 3613 vero
2884 3558 3170 3629 Theophili
3202 3563 3460 3635 epistolas
3491 3562 3703 3619 Latinis

2138 3650 2361 3702 auribus
2393 3648 2617 3702 donavit
2658 3655 2885 3705 sanctus
2925 3648 3288 3722 Hieronymus
3310 3692 3327 3717 ,
3364 3658 3530 3723 atque
3561 3654 3703 3709 inter

2137 3740 2256 3809 ejus
2284 3754 2447 3809 Opera
2473 3742 2792 3812 plerumque
2817 3743 3277 3799 circumferuntur
3299 3764 3311 3809 ;
3330 3746 3423 3801 sed
3451 3747 3503 3800 in
3529 3748 3705 3800 omni-

2139 3834 2238 3887 bus
2280 3833 2461 3895 editis,
2514 3835 2561 3889 si
2594 3833 2989 3890 Vallarsiannm
3021 3838 3285 3909 excipias,
3325 3839 3515 3893 ordine
3564 3854 3703 3908 prte-

2137 3933 2357 3995 postero
2384 3926 2534 3980 fuere
2556 3928 2858 3997 οἰεροεῑιίε.
2883 3928 3251 3985 Inversionem
3282 3932 3487 4002 primus
3505 3931 3701 3986 detexit

2139 4019 2603 4073 eminentissimus
2635 4018 2885 4076 Norisius
2934 4020 3008 4091 (p)
3032 4063 3047 4087 ,
3085 4024 3175 4093 qui
3209 4023 3435 4095 proinde
3463 4024 3705 4093 singulas

2142 4113 2260 4167 suis
2288 4113 2446 4166 annis
2479 4123 2737 4169 accurate
2762 4115 3017 4171 restituit.

2210 4232 2391 4287 Prima
2424 4235 2629 4304 itaque,
2658 4237 2817 4305 cujus
2845 4244 2927 4291 est
2964 4236 3270 4299 exordium,
3304 4238 3574 4293 Christum
3610 4236 3702 4291 Je-

2142 4340 2257 4378 sum
2291 4324 2595 4390 Dominum,
2622 4328 2723 4381 sub
2752 4328 2910 4381 linem
2954 4325 3161 4380 Pascha
3207 4327 3398 4381 indicit
3426 4327 3704 4382 celebran-

2144 4422 2270 4476 dum
2292 4423 2381 4478 die
2412 4439 2505 4478 xix
2530 4426 2736 4480 mensis
2785 4422 3101 4477 Pharmnthi
3131 4422 3285 4492 juxta
3321 4423 3504 4493 cyclos
3539 4421 3676 4493 JEgy

478 4504 776 4561 Vallarsius
808 4525 822 4561 :
858 4508 1018 4576 eique
1054 4516 1312 4578 prazterea
1355 4524 1422 4562 ex
1454 4508 1642 4562 eodem
1696 4509 1885 4564 codice
1926 4515 2041 4563 tres
2072 4510 2116 4564 D
2144 4517 2307 4585 ptios.
2361 4532 2555 4584 nempe
2605 4516 2746 4587 apud
2784 4514 3007 4569 Latinos
3053 4516 3206 4583 juxta
3264 4514 3701 4583 supputationeizi

477 4594 611 4647 alias
641 4596 890 4661 attexuit,
919 4595 987 4650 ad
1017 4596 1261 4651 eamdem
1293 4612 1513 4651 causam
1550 4598 1914 4666 pertinentes;
1956 4600 2042 4651 ni-

477 4686 672 4739 inirum
705 4686 773 4740 ad
802 4687 1195 4755 praecedentem
1228 4687 1514 4759 Theophili
1543 4690 1822 4761 epistolam
1848 4691 2041 4759 synodi

478 4777 985 4849 Ilierosolymitanae
1033 4797 1377 4852 responsum,
1409 4780 1764 4855 Dionysiiqtte
1807 4782 2041 4837 Lidden-

551 4937 623 5007 (a)
670 4937 881 5010 Socrat.
906 4937 1051 4993 Hist.
1084 4941 1212 4994 eccl.
1245 4941 1338 4994 lib.
1364 4956 1461 5006 vii,
1485 4956 1607 5010 cap.
1642 4941 1690 4994 7.

551 5012 623 5079 (ὁ)
660 5009 848 5080 Cyrill.
895 5010 1050 5068 Alex.
1090 5013 1147 5065 in
1198 5010 1409 5079 Proleg.
1458 5009 1611 5066 nunt.
1657 5011 1709 5074 2,
1745 5010 1887 5080 apud
1934 5011 2041 5065 Bu-

478 5081 629 5150 cher.
669 5079 751 5150 ille
780 5079 952 5134 doctr.
990 5091 1167 5149 temp.,
1202 5097 1322 5150 pag.
1355 5080 1470 5136 482.

553 5148 624 5220 (ε)
667 5149 743 5203 Id.
785 5151 919 5204 iliid.
947 5148 1153 5205 numin.
1188 5152 1223 5205 9..
1245 5148 1297 5205 et
1322 5152 1374 5205 6.

554 5223 632 5284 (ιι)
668 5220 897 5291 Bttcher.
933 5221 1009 5274 De
1041 5223 1209 5275 doctr.
1264 5233 1418 5287 temp.
1451 5237 1573 5291 pag.
1613 5222 1716 5274 129
1751 5238 1903 5290 seqq.

556 5290 623 5357 (ε)
666 5287 878 5363 Tillem.
917 5290 1075 5363 Mem.
1126 5291 1252 5363 ρει-ι.
1308 5287 1572 5353 ιοιιιᾙΧῙ,
1638 5308 1794 5363 pagg.
1831 5287 1943 5346 31—69
1990 5299 2044 5346 et

482 5358 609 5430 65‘).
640 5369 753 5430 n_ot.
780 5360 821 5409 Υ
852 5377 945 5413 sur
979 5362 1276 5430 'I'Itéopt'tile.

556 5429 623 5502 (Ι)
656 5426 840 5502 Petav.
894 5431 971 5483 De
1007 5426 1175 5485 doctr.
1211 5444 1363 5501 temp.
1404 5444 1534 5486 toni.
1563 5431 1629 5491 ll,
1660 5448 1779 5502 pag.
1813 5432 1939 5488 50!.

559 5500 633 5572 (g)
676 5495 969 5572 liuelier._l.
1003 5518 1053 5555 c.
1090 5520 1209 5572 pag.
1254 5495 1503 5558 471475.

561 5570 638 5643 (li)
671 5567 866 5643 lie-ver.
899 5567 1238 5626 Pand.'(}an.
1281 5583 1412 5633 tum.
1449 5574 1510 5635 Il,
1542 5589 1694 5643 pagg.
1731 5572 1975 5626 “0-175.

562 5637 625 5708 (ὁ)
671 5637 889 5713 Ilieron.
1043 5660 1055 5695 ι
1084 5646 1301 5713 Apolog.
1323 5660 1487 5698 contr.
1518 5637 1691 5713 nit/III.
1747 5642 1774 5712 §
1802 5645 1884 5706 I2,
1912 5645 2044 5713 Opp.

494 5706 633 5781 toni.
679 5706 742 5781 ιι,
768 5725 890 5781 pag.
920 5712 1048 5766 468.

572 5778 639 5853 (ᾖ)
687 5777 913 5837 Υδιιιιῖε.
950 5785 1077 5838 edit.
1117 5783 1336 5839 Ilieron.
1375 5794 1504 5838 tom.
1529 5783 1566 5850 I,
1600 5800 1755 5856 pagg.
1790 5781 2046 5839 557—552.

2142 4608 2411 4662 Julianam
2436 4609 2523 4663 die
2567 4624 2656 4662 xiv
2688 4608 2929 4678 Aprilis:
2965 4621 3071 4675 qua
3103 4621 3234 4660 sane
3257 4607 3346 4660 die
3376 4607 3430 4659 in
3458 4605 3702 4661 Ecclesia

2142 4698 2385 4753 Romana
2416 4702 2744 4756 celebratum
2778 4709 2860 4755 est
2890 4701 3088 4753 festum
3123 4699 3377 4767 paschale
3403 4715 3548 4753 anno
3572 4699 3700 4757 ιοι,

2143 4794 2295 4863 cyelo
2323 4793 2452 4848 solis
2482 4808 2634 4855 xvni,
2666 4792 2803 4845 linire
2836 4806 2919 4852 tu,
2948 4791 3052 4845 litt.
3081 4789 3231 4857 Dom.
3268 4789 3327 4843 F.
3358 4788 3483 4844 Haec
3520 4796 3701 4844 autem

2216 4944 2287 5015 (lt)
2328 4944 2404 4999 Id.
2451 4945 2658 5016 praefat.
2701 4945 2766 4998 ad
2811 4953 2940 4997 toni.
2974 4942 3199 5016 ILpng.
3242 4943 3332 5016 2?,
3364 4959 3515 5016 num.
3543 4943 3615 5016 5;
3650 4950 3703 4996 et

2143 5013 2422 5084 pag.'557.
2455 5013 2512 5068 in
2568 5027 2682 5069 not.
2730 5023 2783 5069 et
2821 5023 2955 5067 tom.
3011 5014 3121 5076 XI;
3172 5015 3224 5068 iu
3284 5013 3386 5068 Vit.
3435 5013 3499 5068 S.
3549 5014 3698 5067 Hier.

2147 5101 2303 5155 pagg.
2347 5087 2497 5139 1834
2509 5087 2596 5140 88.

2215 5152 2291 5227 (ll
2322 5156 2540 5211 Ilieron.
2603 5154 2696 5209 lib.
2741 5170 2801 5208 ιιι
2851 5164 3020 5209 contr.
3058 5154 3239 5225 Ruﬁn.
3270 5154 3298 5227 ᾗ
3335 5154 3422 5220 I6,
3464 5166 3594 5210 tom.
3636 5152 3700 5213 ll.

2146 5243 2198 5292 β’
2217 5226 2507 5367 (ῗῦὅιιτάυ
2530 5293 2694 5348 Prato
2716 5292 2947 5349 Dissert.
2965 5311 3016 5349 γι
3043 5296 3111 5349 ad
3144 5294 3343 5362 Snlpic.
3370 5295 3486 5348 Sev.
3511 5304 3643 5349 tom.
3662 5292 3701 5357 l,

2146 5365 2300 5435 pagg.
2336 5365 2442 5419 277
2472 5380 2623 5435 seqq.

2217 5433 2293 5503 (ii)
2333 5436 2393 5491 Β.
2423 5435 2491 5489 de
2517 5434 2655 5490 Rob.
2696 5434 2921 5489 Dissert.
2956 5434 3020 5487 de
3043 5433 3221 5502 Ruﬁn.
3267 5449 3386 5503 cap.
3422 5434 3510 5497 IS,
3543 5449 3699 5503 pagg.

2150 5508 2250 5561 100
2302 5522 2451 5575 seqq.

2218 5578 2289 5652 to)
2330 5574 3089 5652 fliassiairz‘Collgt.‘10,_'cap.
3123 5573 3177 5627 2.
3305 5640 3334 5652 __
3430 5650 3436 5652 Α
3488 5641 3545 5652 ω

2219 5640 2293 5715 (ρ)
2334 5645 2510 5700 Neris.
2546 5645 2686 5701 Hist.
2726 5646 2903 5714 Pelag.
2938 5640 3083 5695 Iibft
3107 5683 3119 5697 .
3154 5656 3270 5708 cup.
3304 5640 3356 5693 ἱ.
3393 5650 3443 5693 (ἰ
3479 5641 3700 5695 Dissert.

2248 5726 2414 5768 sauct.
2450 5718 2608 5769 Siric.
2650 5717 2743 5783 Pp.
2781 5715 2914 5783 Opp.
2951 5723 3090 5783 tom.
3115 5711 3133 5764 I
3158 5753 3170 5768 .
3195 5726 3359 5783 pagg.
3397 5711 3467 5767 ‘20
3521 5726 3700 5783 δαιτί..

2149 5718 2211 5769 de
2248 5726 2414 5768 sauct.
2450 5718 2608 5769 Siric.
2650 5718 2743 5783 Pp.
2781 5718 2914 5783 Opp.
2951 5723 3080 5764 toni.
3116 5718 3170 5768 l.
3205 5726 3359 5778 pagg.
3397 5718 3467 5767 ‘20
3521 5726 3703 5783 seqq.,

2151 5797 2205 5843 et
2237 5799 2364 5841 toni.
2403 5784 2489 5855 IV,
2531 5801 2685 5856 pagg.
2718 5785 2819 5837 726
2850 5798 2996 5852 seqq.
3030 5782 3159 5835 edit.
3195 5781 3391 5836 Veron.
