4054 6206
320 276 388 331 5'5
1782 268 2114 326 CANONES.
3490 269 3561 331 34

321 389 608 458 ἸῚιεορΙιίΙί
641 387 876 458 epistola
908 387 962 440 in
998 387 1235 458 vulgatis
1278 388 1613 444 editionihus
1661 388 1891 442 secunda
1922 394 1966 447 Α
1998 388 2335 456 paschalium
2403 387 2648 442 ordinem
2710 401 2737 439 a
2797 384 3013 439 Norisio
3070 386 3188 441 viro
3244 387 3563 443 doctissimo

324 495 601 546 perperam
638 480 909 551 signatur.

397 571 646 627 Secunda
666 586 831 641 porro
851 586 974 641 qua:
1004 571 1199 643 incipit
1232 570 1512 625 :Primum
1545 572 1896 627 solenmitatis

328 674 561 733 augusti:
583 679 733 717 servo
758 661 991 728 divinus,
1020 679 1247 734 quaeque
1277 674 1435 719 antea
1463 665 1604 718 male
1644 665 1699 718 in
1734 665 1896 719 editis

327 764 581 825 tanquam
612 756 787 824 prima
828 754 1159 821 habebatur,
1182 754 1392 810 Pascha
1418 756 1662 811 futurum
1695 757 1897 811 denun-

324 848 419 901 tiat
440 846 532 901 die
558 861 614 899 χι
642 845 847 900 mensis
881 843 1225 909 Pharmuthi,
1252 846 1303 899 id
1332 853 1416 901 est.
1443 846 1595 915 iuxta
1632 848 1894 916 epocham

322 936 596 992 lulianum
628 938 716 992 die
742 953 797 991 Vl
826 936 1032 1007 Aprilis
1069 955 1083 991 :
1117 951 1222 1006 qua
1255 936 1475 1007 quidem
1517 937 1605 992 die
1633 954 1663 992 a
1690 937 1897 991 Latinis

324 1045 471 1086 anno
501 1030 630 1093 402,
672 1030 949 1100 paschalia
983 1030 1122 1085 festa
1153 1039 1372 1100 peracta
1405 1041 1552 1094 sunt,
1589 1032 1742 1102 cyclo
1767 1032 1897 1086 solis

328 1138 444 1186 xix,
478 1123 622 1177 lunae
657 1139 730 1187 tv,
765 1123 869 1177 litt.
913 1121 1069 1177 Dom.
1098 1120 1161 1175 Ε.

399 1213 585 1268 Tertia
616 1213 853 1284 denique
876 1214 1184 1284 incipiens:
1231 1213 1388 1268 Nunc
1416 1231 1613 1285 quoque
1650 1215 1741 1269 Dei
1785 1216 1897 1270 viva

327 1306 626 1373 sapientia,
680 1304 893 1360 Pascha
949 1305 1201 1375 designat
1246 1307 1610 1375 peragendum
1662 1308 1749 1361 die
1783 1322 1893 1361 mi

329 1394 575 1464 ejusdem
611 1396 818 1450 mensis
848 1393 1171 1449 Pharmuthi
1208 1415 1220 1449 :
1267 1411 1440 1465 eaque
1480 1398 1568 1450 die
1598 1413 1741 1451 anno
1786 1399 1897 1451 his-

331 1485 510 1540 sextili
534 1484 644 1539 404
665 1486 1001 1540 celebratum
1027 1485 1128 1540 fuit
1159 1487 1314 1555 cyclo
1341 1488 1473 1541 solis
1501 1504 1615 1551 xxi,
1650 1489 1790 1542 lunae
1821 1506 1895 1554 Vl,

332 1575 528 1631 litteris
553 1573 712 1630 Dom.
738 1575 804 1637 C.
831 1574 889 1630 Β.

401 1670 575 1738 Atque
612 1669 687 1721 ita
734 1668 954 1737 quidem
1011 1670 1175 1723 trium
1216 1668 1502 1741 Theophili
1541 1673 1895 1741 epistolarum

1995 480 2305 533 restitutum
2348 480 2519 534 secuti
2551 494 2742 532 sumus
2773 487 2895 547 post
2922 476 3269 542 Vallarsium,
3312 496 3375 532 ex
3403 481 3562 548 cujus

1993 571 2264 625 recensita
2304 570 2549 623 editione
2597 568 3013 639 llieronymiana
3063 583 3156 623 eas
3209 570 3559 637 protulimus.

1991 663 2305 732 Adjecimus
2359 670 2620 730 praeterea
2689 660 3002 715 earumdem
3060 661 3411 730 epistolarum
3456 663 3563 714 l'ra-

1995 760 2211 821 gmenta
2243 753 2454 810 Gra‘ca.
2499 768 2606 805 non
2653 750 2828 805 solum
2853 765 2916 803 ex
2956 750 3155 820 Cyrillo
3198 751 3564 805 Alexandrino

1996 859 2057 897 ac
2115 842 2441 915 'l‘heodorito
2470 884 2483 904 ,
2528 858 2712 897 verum
2767 843 2931 896 etiam
2979 859 3045 897 ex
3108 842 3303 898 Cosma
3349 844 3560 897 Indico—

1996 936 2206 1003 pleustc
2238 934 2523 1004 desumpta
2558 954 2571 989 :
2604 934 2749 1004 quod
2794 935 2995 988 nemini
3027 935 3293 990 hactenus
3322 934 3567 989 animad-

1997 1042 2234 1081 versum.
2272 1028 2470 1082 Atlth
2505 1043 2569 1081 ex
2611 1028 2750 1081 actis
2777 1029 2994 1081 concilii
3033 1028 3287 1097 Ephesini
3323 1028 3432 1082 duo
3460 1028 3564 1082 alia

2000 1120 2184 1174 Grazca
2220 1120 2519 1190 fragmenta
2565 1137 2630 1175 ex
2687 1119 2931 1188 ejusdem
2992 1119 3280 1191 Theophili
3320 1121 3565 1191 epistolis

1998 1213 2347 1282 paschalibus
2381 1230 2411 1266 ν
2468 1223 2520 1268 et
2547 1230 2599 1266 vr
2631 1223 2882 1285 excerpta
2920 1214 3281 1270 subdidimus.

2069 1304 2199 1371 Quae
2247 1321 2376 1359 vero
2426 1321 2564 1376 pone
2607 1307 3016 1377 subsequuntur
3056 1308 3320 1378 epistolze,
3352 1309 3567 1380 aliaque.

1999 1414 2061 1451 ex
2102 1398 2344 1451 auctoris
2386 1398 2558 1452 nostri
2610 1400 2867 1468 operibus
2914 1400 3216 1470 deperditis
3249 1400 3413 1454 simul
3447 1401 3565 1454 col-

2000 1493 2134 1545 lecta
2186 1491 2517 1562 fragmenta.
2567 1508 2667 1547 nec
2699 1508 2802 1546 non
2857 1494 3029 1561 ipsius
3059 1493 3510 1563 apophthegmata
3549 1512 3563 1547 :

2000 1584 2131 1646 haec,
2168 1584 2412 1653 inquam,
2434 1584 2614 1638 omnia
2646 1585 2786 1639 unde
2801 1585 2911 1639 sint
2940 1587 3154 1639 demum
3198 1586 3410 1651 hausta,
3450 1588 3565 1641 loca

2000 1676 2203 1745 uhique
2227 1676 2539 1744 singillatim
2575 1684 2992 1746 praemonstrata
3028 1678 3319 1733 docebunt.

2386 1893 2544 1903 —-—_—

1508 2100 2383 2236 ΘΕΟΦΙΛΟΥ

1052 2364 1971 2452 ΑΡΧΙΕΠΙΣΚΟΠΟΥ
2026 2357 2850 2455 ΑΛΕΞΑΝΔΡΕΙΑΣ

1408 2604 2482 2722 ΠΡΟΣΦΩΝΗΣΙΣ

1060 2843 1190 2898 ΤΩΝ
1229 2844 1429 2898 APION
1468 2844 1854 2898 ΘΕΟΦΑΝΙΩΝ
1894 2842 2335 2899 ΕΠΙΣΤΑΝἸῺΝ
2367 2848 2458 2900 EN
2494 2848 2831 2919 ΚΥΡΙΑΚῌ.

1122 3200 1822 3330 EDICTUM
1924 3206 2789 3331 THEOPHILI

1417 3460 1943 3519 ARCHIEPISCOPI
1980 3463 2473 3531 ALEXANDRINI,

769 3665 929 3726 CUM
974 3664 1279 3727 SANCTA
1326 3665 1851 3727 THEOPHANIA
1905 3665 1988 3727 ΙΝ
2041 3668 2177 3728 DIE
2214 3670 2613 3732 DOMINICO
2657 3673 3107 3735 lNSTARENT

400 3974 507 4026 Kal
542 3970 608 4023 τὸ
648 3968 784 4034 ἔθος
821 3968 898 4037 (Ι)
934 3969 1031 4023 καὶ
1072 3968 1137 4021 τὸ
1188 3968 1414 4038 πρέπον
1454 3971 1611 4041 ἡμᾶς
1663 3974 1933 4038 ἀπαιτεῖ]

2068 3977 2137 4030 Et
2171 3995 2280 4032 mos
2308 3988 2357 4031 et
2390 3978 2630 4030 honestas
2668 3995 2698 4029 a
2726 3977 2872 4029 nobis
2902 3977 3078 4045 exigit,
3111 3985 3167 4027 ut
3201 3991 3400 4027 omnem
3429 3974 3569 4028 diem

332 4062 539 4119 πᾶσαν
570 4058 881 4129 Κυριακὴν
905 4059 1097 4130 τιμᾷν,
1129 4063 1226 4115 καὶ
1251 4064 1319 4115 ἐν
1353 4066 1536 4133 ταύτῃ
1566 4069 1894 4137 πανηγυρί-

331 4155 471 4220 ζειν,
497 4151 818 4221 ἐπειδήπερ
848 4153 919 4205 ἐν
943 4153 1125 4220 ταύτῃ
1153 4157 1185 4207 ό
1210 4155 1421 4222 Κύριος
1452 4157 1622 4224 ἡμῶν
1665 4159 1893 4225 Ἰησοῦς

328 4249 587 4317 Χριστὸς
628 4246 741 4315 τὴν
781 4247 850 4300 ἐκ
888 4246 1114 4315 νεκρῶν
1153 4246 1490 4302 ἀνάστασιν
1536 4250 1681 4320 ἡμῖν
1721 4252 1892 4320 capv-

328 4339 609 4392 τάνευσε.
658 4336 754 4390 Διὸ
803 4336 903 4390 καὶ
953 4336 1022 4389 ἐν
1070 4336 1198 4403 ταῖς
1240 4338 1420 4405 ἱεραῖς
1462 4340 1757 4408 Γραφαῖς,
1798 4342 1895 4395 καὶ

328 4428 535 4498 πρώτη
560 4427 865 4495 κέκληται,
887 4428 965 4495 ὡς
991 4428 1145 4499 ἀρχὴ
1176 4428 1322 4497 ζωῆς
1353 4430 1497 4500 ἡμῖν
1519 4431 1894 4501 ὑπάρχουσα,

330 4522 435 4575 καὶ
464 4519 660 4588 ὀγδόη,
701 4520 803 4575 ἅτε
842 4521 1273 4588 ὑπερϐεϐηκυῖα
1304 4520 1562 4578 τὸν-τῶν
1606 4524 1899 4579 Ἰουδαίων

330 4611 763 4680 σαϐϐατισμόν,
812 4612 966 4664 Ἐπεὶ
1002 4608 1116 4667 οὖν
1150 4613 1376 4681 συνέϐη
1419 4613 1535 4683 τὴν
1565 4613 1684 4669 τῶν
1716 4618 1899 4681 ἁγίων

335 4700 678 4769 Θεοφανίων
708 4700 1001 4769 νήστιμον
1027 4701 1257 4769 ’ἡμέραν
1293 4698 1443 4757 εἶναι
1475 4706 1718 4771 ταύτην,
1743 4708 1899 4759 οἱκο-

330 4795 690 4861 νομήσωμεν
708 4832 723 4857 ,
775 4792 873 4846 καὶ
948 4792 1096 4860 πρὸς
1150 4793 1442 4861 ἑκατέρων
1490 4795 1899 4865 ἐπιστημόνως

330 4883 718 4953 χωρήσωμεν,
759 4884 860 4938 ἵνα
884 4884 1436 4954 μεταλαμϐάνοντες
1461 4888 1677 4957 ὀλίγων
1711 4888 1899 4957 φοινί-

331 4994 478 5040 κων,
518 4977 885 5046 ἐκκλίνωμεν
926 4976 1046 5046 ἅμα
1089 4979 1186 5030 καὶ
1230 4978 1336 5043 τὰς
1378 4977 1639 5046 αἱρέσεις
1671 4979 1778 5046 τὰς
1811 4980 1897 5050 μὴ

334 5066 599 5136 τιμώσας
627 5066 740 5135 τὴν
770 5067 1184 5136 άναστάσιμον
1207 5068 1312 5122 τοῦ
1348 5069 1566 5136 Κυρίου
1594 5069 1762 5138 ἡμῶν
1799 5072 1902 5138 Ἰηε

331 5158 454 5212 σοῦ
499 5159 755 5227 Χριστοῦ
811 5158 1070 5229 ἡμέραν,
1120 5161 1216 5213 καὶ
1272 5160 1337 5213 τὸ
1395 5162 1783 5229 ὀφειλόμενον
1824 5162 1900 5231 τῇ

327 5251 607 5319 νηστίμῳ
662 5250 849 5320 ἡμέρᾳ
899 5251 1242 5320 ἀποδῶμεν,
1321 5252 1736 5321 περιμένοντες
1785 5254 1901 5322 τὴν

1999 4069 2331 4122 Dominicum
2386 4070 2717 4129 honoremus.
2767 4083 2982 4136 eumque
3036 4066 3386 4128 celebremus;
3434 4083 3590 4135 quos

1997 4163 2142 4215 niam
2176 4161 2435 4215 Dominus
2467 4170 2643 4214 noster
2671 4159 2827 4214 Jesus
2874 4158 3117 4214 Christus
3155 4160 3471 4228 prtcclarum
3511 4161 3566 4212 in

1996 4268 2058 4304 ea
2079 4267 2189 4305 suae
2216 4250 2624 4304 resurrectionis
2665 4266 2850 4302 munus
2889 4248 3032 4304 obiit.
3073 4248 3138 4301 Et
3166 4247 3280 4302 ideo
3310 4252 3362 4301 in
3396 4249 3564 4302 sacris

1998 4342 2287 4412 Scripturts
2321 4358 2446 4411 ipse,
2480 4352 2530 4395 et
2560 4344 2759 4409 primus
2807 4342 3103 4411 appellatus
3135 4352 3231 4403 est,
3273 4351 3328 4393 ιιι
3376 4341 3466 4409 qui
3497 4341 3568 4393 sit

1997 4434 2143 4486 nobis
2172 4434 2290 4486 viti?
2332 4433 2665 4502 principium,
2706 4441 2753 4485 et
2784 4442 3016 4490 octavus,
3046 4438 3104 4482 ut
3136 4430 3223 4499 qui
3254 4427 3565 4481 Judazorum

1999 4525 2377 4579 sabbatismum
2423 4524 2833 4592 exsuperaverit.
2879 4523 3018 4589 Quia
3067 4538 3188 4591 ergo
3242 4520 3455 4579 accidit,
3511 4529 3567 4571 ut

1998 4627 2301 4669 sanctorum
2359 4616 2815 4685 Theophaniornm
2874 4614 2956 4666 hic
3008 4622 3141 4667 esset
3197 4612 3305 4665 dies
3356 4609 3564 4678 jejunio

2002 4709 2351 4778 peragendus,
2382 4710 2774 4777 dispensemus,
2824 4720 2872 4760 et
2920 4706 2986 4759 ad
3034 4716 3307 4773 utrumque
3352 4703 3563 4756 scientes

1998 4800 2360 4868 procedamus,
2405 4811 2461 4852 ut
2490 4817 2683 4870 paucos
2728 4798 2965 4867 dactylos
3005 4805 3286 4858 sumentes,
3322 4792 3479 4845 simul
3517 4804 3562 4843 et

1999 4895 2219 4945 ha’reses
2262 4894 2500 4953 vitemus,
2543 4908 2658 4961 qua:
2717 4890 2929 4942 Domini
2979 4889 3150 4944 nostri
3189 4886 3317 4940 Jesu
3368 4885 3564 4937 Christi

2000 4986 2394 5038 resurrectionis
2444 4985 2580 5036 diem
2632 5000 2732 5036 non
2782 4982 3067 5042 honorant,
3127 4989 3175 5033 et
3229 4978 3332 5031 diei
3375 4975 3560 5043 jejunii

2000 5076 2136 5145 quod
2160 5076 2375 5129 debetur
2404 5075 2708 5139 reddamus,
2738 5076 3082 5142 vespertinam
3115 5070 3560 5138 congregationem

2000 5177 2375 5237 exspectantes,
2406 5185 2523 5237 qua:
2551 5168 2654 5226 hic,
2689 5168 2797 5220 Deo
2818 5168 2996 5229 dante,
3030 5165 3313 5233 peragitur.
3347 5158 3546 5231 Congre

1999 5275 2186 5327 gamur
2216 5277 2334 5329 ergo
2366 5260 2447 5313 hic
2475 5260 2538 5312 ab
2564 5260 2693 5311 hora
2723 5275 2880 5311 nona.

328 5338 664 5410 ἑσπερινὴν
699 5342 977 5409 σύναξιν,
1032 5343 1163 5411 ἣτις
1194 5343 1470 5407 ἐνταῦθα,
1517 5344 1664 5397 Θεοῦ
1706 5342 2007 5413 θέλοντος,
2070 5352 2347 5405 τελεῖται.
2397 5348 2793 5419 Συναχθῶμεν
2835 5350 3040 5403 τοίνυν
3089 5349 3206 5403 ἀπὸ
3255 5346 3408 5415 ὥρης
3472 5352 3541 5405 ἐν

329 5432 519 5501 νήτης
546 5433 821 5489 ἐνταῦθα.

409 5637 485 5706 (ι)
510 5640 636 5691 Ilaec
664 5636 1055 5706 descripsimus
1094 5651 1157 5691 ex
1202 5634 1456 5706 Pandect.
1488 5651 1673 5688 canon.
1717 5635 1879 5689 [leve-

329 5705 493 5779 regii.
516 5716 648 5763 tom.
675 5705 736 5776 ll,
763 5705 920 5779 pagg.
953 5706 1210 5762 170-175.
1260 5705 1491 5763 Exstant
1537 5716 1795 5775 praeterea
1831 5708 1882 5759 in

1986 5633 2342 5707 Conciliorum
2381 5632 2706 5707 collectione,
2756 5643 2886 5690 tom.
2933 5634 3007 5700 ll,
3051 5652 3174 5707 pag.
3228 5634 3359 5688 1570
3409 5647 3560 5701 seqq,

1991 5705 2121 5759 edit.
2154 5701 2554 5763 Veneto—Labb.
