4054 6206
492 305 523 355 '5

528 302 561 356 3

1495 292 1865 348 TllEOPlllLl
1908 291 2216 348 EPISCOPI
2258 288 2727 347 ALEXANDRINI
3646 286 3720 341 36

515 446 3692 476 MM

1212 563 1230 578 ’
1296 547 1522 635 ΤΟΥ
1582 546 1957 634 ΑΥΤΟΥ
2007 544 2915 633 ΥΠΟΜΝΗΣΤΙΚΟΝ

1546 727 1722 798 Ὅπερ
1751 724 1911 781 ἔλαϐε
1937 723 2189 796 Ἀμμῶν,
2226 723 2314 778 διὰ
2345 724 2446 796 τὴν
2480 723 2663 780 Λυκώ.

756 939 1116 1004 EIUSDEM
1150 934 1851 1002 COMMONITORIUM
1880 935 2105 1010 QUOD
2133 936 2468 999 ACCEPIT
2505 934 2801 999 AMMON
2850 934 3218 997 PROPTER
3249 934 3479 996 LYCO.
3553 906 3559 911 ἠ

2085 1142 2133 1197 Α

1119 1127 1348 1184 CANON
1384 1127 1424 1182 l.

562 1224 635 1278 De
664 1225 728 1279 iis
752 1225 838 1296 qui
868 1224 1082 1279 Arionis
1121 1224 1657 1289 communicaverunt,
1697 1230 1749 1277 et
1784 1220 2053 1280 Ecclesias

488 1316 588 1371 huc
621 1333 780 1387 usque
811 1317 1065 1385 detinent,
1091 1326 1149 1370 ut
1172 1332 1227 1371 se
1254 1314 1407 1371 habet
1433 1314 1773 1379 consuetudo,
1801 1317 1902 1385 fiat
1932 1333 1950 1371 :
1975 1318 2053 1371 ita

489 1418 663 1465 tamen
698 1419 754 1463 ut
782 1410 878 1463 alii
910 1411 1324 1471 constituantur,
1360 1408 1449 1478 qui
1477 1408 1533 1461 in
1566 1407 1880 1462 orthodoxia
1909 1411 2056 1463 testi—

489 1502 733 1570 ﬁcentnr,
757 1511 805 1556 et
837 1501 917 1554 illi
954 1508 1319 1571 permaneant.
1353 1497 1451 1553 llis
1477 1514 1678 1569 quoque
1726 1498 1803 1553 ita
1848 1498 2058 1568 dispen-

489 1593 641 1653 satis,
668 1604 723 1645 ut
760 1593 881 1646 aliis
916 1590 1131 1646 urbibus
1150 1589 1433 1645 orthodoxi
1458 1591 1510 1642 in
1539 1588 1800 1644 Thebaide
1832 1591 2059 1660 episcopi

489 1682 742 1752 fecerunt,
772 1681 862 1752 qui
899 1679 963 1734 ab
1001 1681 1237 1748 episcopo
1270 1678 1510 1749 Apolline
1542 1680 1841 1746 constituti,
1884 1689 1933 1735 et
1970 1683 2059 1752 qui

490 1790 607 1826 cum
653 1772 866 1826 Arionis
900 1770 1165 1825 Ecclesias
1212 1770 1522 1824 habentibus
1582 1772 2056 1837 communicantes,

490 1865 815 1932 puniantur;
861 1864 907 1917 si
950 1862 1155 1933 quidem
1198 1863 1432 1930 ipsorum
1474 1863 1742 1917 voluntate
1781 1863 1876 1917 hoc
1924 1863 2061 1932 fece-

492 1966 647 2019 runt;
685 1957 768 2010 sin
802 1967 976 2009 autem
1017 1956 1232 2025 proprio
1271 1956 1509 2025 episcopo
1556 1956 1893 2018 obedierunt,
1943 1972 2057 2024 per-

491 2056 770 2111 maneant,
813 2048 911 2100 etsi
970 2046 1108 2117 quod
1132 2047 1340 2116 justum
1374 2057 1451 2101 est
1484 2064 1585 2101 non
1626 2049 1876 2101 noverint.
1910 2047 1977 2101 Et
2016 2049 2063 2101 si

492 2155 669 2192 omnes
707 2137 917 2208 quidem
951 2137 1132 2207 populi
1172 2154 1258 2191 eos
1320 2153 1440 2191 cum
1491 2137 1613 2191 aliis
1649 2137 1916 2200 reficiant,
1966 2137 2061 2190 alii

491 2231 834 2295 ordinentur;
878 2232 960 2285 sin
989 2242 1166 2285 autem
1194 2248 1280 2285 eos
1317 2232 1539 2285 retinent
1579 2247 1695 2283 cum
1732 2229 1840 2282 illis
1876 2229 2061 2299 quibus

491 2325 971 2386 communicarunt,
1007 2323 1046 2375 ii
1081 2339 1282 2392 quoque
1310 2338 1424 2375 eam
1453 2323 1883 2374 consuetudinem
1912 2336 2063 2379 expe-

490 2416 719 2477 riantur,
744 2431 847 2484 qua
875 2414 958 2467 usi
1001 2423 1123 2468 sunt
1159 2429 1336 2468 omnes
1386 2411 1665 2466 orthodoxi
1706 2412 1757 2465 in
1802 2410 2062 2466 Thebaide

490 2507 741 2577 episcopi.

2757 1128 2997 1184 ΚΔΝΩΝ
3050 1128 3129 1182 Δ’.

2225 1224 2368 1295 Περὶ
2405 1222 2521 1279 τῶν
2556 1210 3051 1290 κοινωνησάντων
3097 1218 3222 1286 τοῖς
3279 1217 3590 1289 Ἆρειανοῖς
3628 1218 3726 1272 καὶ

2150 1318 2328 1389 μέχρι
2356 1316 2474 1372 νῦν
2516 1315 2625 1381 τὰς
2652 1314 3020 1383 Ἐκκλησίας
3052 1313 3443 1381 κατεχόντων,
3476 1312 3556 1378 ὡς
3593 1311 3728 1378 ἔθος

2156 1406 2429 1479 γινέσθω,
2458 1405 2611 1460 οὕτω
2649 1403 2853 1476 μέντοι
2894 1402 3136 1473 ἐτέρους
3174 1401 3545 1471 καταστῆναι
3582 1415 3730 1471 μαρ-

2156 1498 2561 1570 τυρουμένους
2614 1498 2683 1551 ἐν
2744 1497 3090 1566 όρθοδοξίᾳ,
3135 1494 3455 1560 κάκείνους
3497 1490 3729 1553 αὐλίζε-

2158 1596 2315 1647 σθαι.
2360 1591 2557 1656 Οὕτως
2591 1586 3102 1659 οἰκονομουμένων
3136 1585 3502 1649 καὶτούτων,
3527 1583 3730 1653 ὥσπερ

2159 1686 2257 1740 καί
2291 1686 2360 1739 ἐν
2390 1686 2519 1750 ταῖς
2544 1682 2762 1749 ἄλλαις
2790 1683 3007 1736 πόλεσι
3052 1678 3456 1747 πεποιήκασιν
3482 1681 3535 1733 οί
3560 1678 3629 1732 ἐν
3652 1675 3728 1746 τῇ

2163 1775 2403 1844 Θηϐαΐδι
2461 1774 2769 1842 όρθόδοξοι
2817 1773 3170 1836 ἐπίσκοποι,
3223 1772 3277 1824 οὶ
3324 1767 3730 1831 καταστάντες

2160 1868 2320 1937 παρὰ
2348 1868 2454 1921 τοῦ
2495 1868 2864 1931 Ἀπόλλωνος
2907 1862 3014 1919 τοῦ
3066 1863 3422 1933 ἐπισκόπου,
3466 1861 3566 1914 καὶ
3605 1878 3727 1914 κοι-

2161 1959 2542 2028 νωνήσαντες
2585 1958 2708 2025 τοῖς
2739 1956 2951 2027 ἔχουσι
2977 1955 3084 2023 τὰς
3115 1954 3481 2023 Ἐκκλησίας
3518 1953 3728 2021 Ἁρεια-

2160 2053 2307 2118 νοῖς,
2333 2050 2836 2119 ἐπιτιμᾶσθωσαν,
2875 2048 2999 2119 stre
3026 2046 3225 2118 γνώμῃ
3254 2044 3450 2101 αὐτῶν
3477 2043 3727 2110 πεποιή-

2162 2160 2306 2200 κασι
2334 2143 2509 2198 τοῦτο
2530 2158 2545 2172 “
2616 2144 2670 2196 εὶ
2700 2141 2767 2195 δὲ
2802 2142 3060 2209 ὑπήκοοι
3097 2141 3378 2210 γεγόνασι
3410 2137 3490 2204 τῷ
3538 2137 3731 2202 οἰκείῳ

2161 2235 2487 2303 ἐπισκόπῳ,
2541 2232 3008 2299 αὐλιζέσθωσαν,
3052 2232 3151 2288 καὶ
3196 2230 3283 2301 μὴ
3331 2231 3729 2300 ἐπεγνωκότες

2167 2326 2225 2378 τὸ
2254 2325 2528 2395 εὔλογον.
2561 2325 2672 2379 Kal
2702 2326 2754 2378 εί
2782 2324 2897 2394 μὲν
2939 2323 3161 2390 πάντες
3204 2326 3258 2377 oi
3304 2322 3438 2377 λαοὶ
3481 2321 3730 2385 τούτους

2163 2411 2594 2470 ἀποποιοῦνται
2629 2415 2779 2485 μετὰ
2819 2415 2938 2470 τῶν
2972 2415 3197 2480 ἄλλων,
3246 2414 3433 2481 ἕτεροι
3469 2426 3732 2482 χειροτο-

2092 2490 2132 2541 Β
2159 2507 2497 2563 νείσθωσαν
2517 2526 2529 2538 ·
2565 2510 2618 2562 εί
2642 2508 2710 2562 δὲ
2728 2508 3175 2563 ἀντιποιοῦνται
3206 2505 3405 2560 αὐτῶν
3421 2504 3548 2573 μετ’
3574 2501 3728 2556 ἐκεί-

490 2618 613 2657 νων
666 2595 757 2665 οἷς
797 2598 1268 2665 κεκοινωνήκασι
1309 2599 1516 2664 ταῦτα,
1563 2597 1661 2650 καὶ
1712 2592 1877 2654 οὗτοι
1940 2597 2482 2668 ἀποπειράσθωσαν
2515 2601 2627 2672 τῆς
2670 2603 3015 2670 συνηθείας,
3052 2594 3093 2672 ᾖ
3150 2597 3487 2669 ἐχρήσαντο
3550 2598 3602 2651 ol
3662 2594 3731 2648 ὲν

494 2694 735 2763 Θηϐαΐδι
768 2693 993 2761 πάντες
1023 2694 1345 2748 ἐπίσκοποι
1383 2693 1714 2762 όρθόδοξοι.

1112 2806 1342 2863 CANON
1382 2806 1448 2862 ll.

568 2902 641 2957 De
668 2902 838 2967 Bisto,
871 2902 960 2973 qui
1004 2903 1059 2955 in
1094 2899 1267 2953 Erebo
1317 2899 1633 2953 constitutus
1668 2911 1742 2953 est
1774 2900 2062 2970 presbyter,

493 2993 829 3063 quaerendum
849 3002 924 3046 est
946 3002 1024 3056 ;et
1054 2994 1100 3045 si
1125 2991 1289 3045 alicui
1309 2989 1516 3058 quidem
1539 2990 1749 3043 mulieri
1780 3001 2063 3059 separatae,

496 3084 689 3135 rivente
718 3083 934 3146 marito,
955 3080 1059 3133 vim
1103 3081 1304 3141 attulit,
1342 3095 1444 3132 non
1476 3080 1683 3131 sinatur
1712 3095 1823 3131 esse
1864 3079 2070 3148 presby-

496 3184 606 3234 ter;
636 3188 757 3225 nant
796 3188 858 3225 ne
893 3183 949 3224 ut
989 3171 1155 3225 laicus
1204 3170 1413 3241 quidem
1456 3171 1603 3224 debet
1654 3172 2060 3232 communicare,

496 3281 613 3316 cum
639 3281 726 3317 eos
753 3265 841 3333 qui
866 3263 995 3317 tales
1021 3272 1142 3317 sunt
1166 3278 1413 3332 separare
1441 3263 1761 3317 consueverit
1799 3262 2058 3316 Ecclesia.

502 3353 615 3408 Hoc
649 3364 823 3409 autem
860 3354 1066 3407 nullum
1090 3355 1245 3423 aﬁ'ert
1278 3355 1521 3424 episcopo
1552 3352 1784 3423 Apollini
1809 3353 2064 3421 prrojutli-

497 3447 656 3507 cium,
680 3447 725 3498 si
749 3462 868 3499 eum
894 3461 986 3514 per
1014 3445 1372 3516 ignorantiam
1405 3446 1711 3508 constituit;
1738 3458 1856 3495 cum
1878 3454 2064 3497 sancta

497 3539 726 3608 synodus
756 3537 978 3607 jusserit
999 3555 1109 3605 eos,
1147 3539 1236 3609 qui
1277 3548 1397 3609 post
1437 3539 1825 3594 ordinationem
1854 3545 2064 3607 propter

496 3629 693 3682 crimen
723 3628 927 3699 indiqni
947 3645 1061 3683 esse
1092 3630 1493 3697 convincuntur,
1527 3629 1741 3698 expelli.

2760 2808 3001 2861 ΚΑΝΩΝ
3055 2807 3133 2861 B'.

2236 2900 2375 2969 Περὶ
2402 2900 2624 2954 Βίστου
2651 2899 3059 2965 καταστάντος
3106 2900 3178 2953 ἐν
3230 2899 3434 2970 Ἐρέὄῃ
3474 2906 3728 2971 πρεσϐυ-

2167 2991 2337 3058 τέρου
2367 2990 2675 3060 ζητητέον·
2722 2990 2820 3044 καὶ
2855 2993 2908 3044 εί
2950 2991 3067 3061 μὲν
3108 2992 3568 3063 ἀποταξαμένην
3599 2997 3729 3050 τινὰ

2167 3080 2380 3147 ζὶῖιντος
2427 3082 2532 3135 τοῦ
2567 3080 2786 3149 ἀνδρὸς
2833 3080 3133 3142 ἐϐιάσατο,
3176 3081 3263 3152 μὴ
3309 3087 3728 3155 συγχωρείσθω

2164 3168 2315 3226 εἶναι
2342 3172 2757 3243 πρεσϐύτερος,
2790 3171 2940 3224 ὅπου
2969 3188 3034 3241 γε
3062 3170 3204 3225 οὐδὲ
3235 3173 3315 3240 ὠς
3335 3174 3543 3241 λαικὸς
3574 3176 3731 3245 ὀφεί-

2167 3264 2259 3315 λει
2297 3259 2686 3331 συνάγεσθαι,
2722 3258 2830 3328 τῆς
2884 3260 3244 3329 Ἐκκλησίας
3281 3264 3551 3329 εἰωθυίας
3589 3264 3729 3330 τοὺς

2168 3354 2471 3418 τοιούτους
2510 3352 2786 3421 χωρίζειν.
2824 3354 2905 3406 οὐ
2941 3354 3106 3421 φέρει
3130 3353 3198 3407 δὲ
3222 3355 3395 3409 τοῦτο
3438 3359 3729 3427 πρόκριμα

2168 3445 2248 3513 τῷ
2288 3447 2595 3510 ἐπισκόπῳ
2652 3446 3005 3509 Ἀπόλλωνι,
3050 3449 3103 3500 εί
3144 3447 3214 3513 ἐξ
3266 3449 3512 3518 ἀγνοίας
3545 3450 3731 3505 αὐτὸν

2169 3538 2521 3607 κατέστησε,
2560 3535 2669 3605 τῆς
2701 3537 2873 3606 ἁγίας
2898 3538 3163 3593 συνόδου
3190 3541 3568 3609 κελεύσασης
3590 3543 3729 3610 τοὺς

2164 3630 2449 3696 ἀναξίους
2473 3630 2622 3700 μετὰ
2642 3627 2757 3697 τὴν
2786 3631 3154 3699 χειροτονίαν
3177 3632 3609 3703 ἐλεγχομένους
3630 3636 3727 3688 ἐπὶ

2166 3720 2435 3790 ἔγκλημα
2458 3715 2832 3773 ἐκσαλέσθαιᾲ

569 3810 763 3866 BALS.
812 3811 998 3867 Bistus
1049 3812 1119 3867 ab
1174 3812 1430 3882 Apolline
1481 3812 1741 3881 episcopo
1782 3812 2065 3883 presbyter

2238 3810 2428 3863 ΒΛΛΣ.
2488 3811 2548 3863 ὐ
2598 3809 2788 3873 Βίστος
2843 3809 2993 3881 παρὰ
3049 3811 3377 3878 Ἀπόλλωνος
3434 3815 3728 3869 ἐπισκόπου

497 3901 834 3958 constitutus
882 3902 1058 3956 fuerat
1106 3901 1162 3955 in
1209 3899 1414 3967 Ereba;
1459 3910 1543 3956 est
1595 3909 1773 3956 autem
1818 3917 1881 3955 ea
1916 3901 2064 3971 regio

497 3994 719 4066 Aﬁgypti
741 3995 885 4049 sicut
913 4003 968 4050 et
989 3993 1157 4067 Lyco.
1194 3994 1244 4052 Is
1278 4010 1408 4051 vero
1437 3994 1722 4049 dicebatur
1753 4001 1878 4048 ante
1914 3994 2065 4048 ordi-

498 4089 775 4143 nationem
806 4089 1024 4146 mulieri
1054 4097 1320 4160 separataa
1359 4089 1466 4143 vim
1486 4089 1761 4143 attulisse.
1801 4088 1924 4143 vivo
1956 4105 2071 4141 ma-

500 4186 626 4235 rito.
666 4181 741 4237 De
779 4198 846 4236 eo
873 4182 1040 4252 igitur
1071 4183 1439 4253 interrogatus
1469 4179 1827 4250 Theophilus,
1852 4180 2065 4249 inquit:

500 4274 784 4339 Qomratnr
812 4289 881 4327 an
920 4274 992 4328 sit
1026 4290 1214 4329 verum
1246 4290 1369 4331 eum
1407 4273 1622 4330 mulieri
1654 4274 1763 4327 vim
1802 4272 2069 4337 attulisse,

502 4373 556 4417 ot
589 4364 635 4418 si
669 4365 741 4418 ita
782 4364 874 4427 sit,
917 4380 987 4420 ne
1026 4366 1078 4420 ei
1110 4380 1234 4421 esse
1281 4367 1660 4437 presbyterum
1706 4365 2067 4433 permittatur.

503 4455 785 4521 Quomodo
823 4454 969 4510 enim
1005 4455 1168 4510 fuerit
1212 4455 1259 4510 is
1293 4455 1599 4527 presbyter,
1650 4456 1741 4510 cui
1786 4471 1887 4511 nec
1930 4456 2072 4510 laico

504 4544 559 4598 in
589 4543 876 4599 ecclesiam
920 4544 1140 4614 quidem
1189 4544 1524 4615 permittitur
1571 4545 1806 4614 ingredi,
1842 4560 1965 4598 cum
2002 4546 2073 4599 sit

507 4648 723 4706 propter
751 4644 1032 4706 peccatum
1068 4636 1419 4717 segregatus?
1455 4634 1560 4691 Eos
1587 4639 1755 4699 enim,
1808 4640 1898 4706 qui
1944 4650 2073 4692 sunt

504 4729 792 4796 ejusmodi,
826 4727 1067 4783 extrudit
1108 4727 1350 4782 Ecclesia
1390 4738 1445 4784 et
1487 4735 1704 4798 separat
1737 4743 1765 4780 a
1800 4728 2070 4783 ﬁdelibus.

507 4820 622 4877 Hoc
646 4829 823 4873 autem
862 4835 891 4873 ιι
932 4819 1232 4889 Theophila
1274 4836 1619 4891 nequaquam
1677 4821 1944 4874 canonice
1990 4820 2075 4874 di-

507 4924 651 4969 ctum
692 4921 775 4967 est
808 4930 822 4967 :
858 4910 1300 4982 quandoquidem
1341 4923 1653 4967 sanctorum
1704 4914 2073 4982 apostolorum

510 5020 823 5069 xxvcanon,
851 5012 906 5061 et
932 5004 1112 5074 magni
1149 5002 1332 5057 Basilii
1364 5004 1557 5059 tertius
1582 5012 1636 5058 et
1664 5019 1835 5068 χχχιι,
1864 5012 1918 5059 et
1943 5003 2082 5059 Car-

508 5102 713 5170 thagin.
755 5115 875 5171 syn.
918 5114 1072 5163 χχιι,
1110 5097 1362 5158 clericos.
1408 5098 1499 5168 qui
1545 5106 1861 5168 peccarunt,
1896 5107 1950 5153 et
1979 5099 2073 5154 de-

2167 3899 2401 3970 κατέστη
2431 3899 2794 3971 πρεσϐύτερος
2815 3899 2873 3952 ὲν
2915 3899 3110 3972 Ἑρέϐῃ
3130 3915 3145 3930 ο
3182 3903 3336 3975 χώρα
3370 3904 3428 3958 δὲ
3467 3904 3601 3976 αὕτη
3635 3906 3730 3958 Λί-

2166 3993 2408 4062 γυπτίων
2463 3994 2640 4058 ἐστὶν,
2694 3993 2884 4065 ὥσπερ
2932 3995 3027 4048 καὶ
3071 3997 3106 4067 ἡ
3143 3996 3324 4051 Λυκὼ.
3386 3998 3632 4068 Ἐλέγετο
3672 3999 3729 4053 δὲ

2170 4087 2298 4158 περὶ
2358 4085 2600 4152 ἐκείνου,
2667 4086 2750 4139 ὅτι
2804 4085 2910 4160 πρὸ
2961 4087 3061 4159 τῆς
3115 4089 3445 4160 χειροτονίας
3499 4095 3732 4160 γυναῖκα

2168 4178 2422 4233 ἐόιάσατο
2464 4177 2879 4251 ἅποταξαμένην
2929 4180 3132 4247 ζῶντος
3181 4182 3274 4237 τοῦ
3335 4184 3543 4256 ἀνδρός.
3598 4187 3731 4257 Περὶ

2168 4270 2355 4325 τούτου
2387 4266 2480 4326 οὖν
2507 4272 2800 4344 ἐρωτηθεὶς
2833 4276 2863 4328 ὁ
2903 4272 3178 4344 Θεόφιλος,
3219 4274 3347 4346 ἔφη,
3389 4277 3471 4330 ὅτι
3512 4278 3732 4349 ἐρευνη-

2171 4363 2337 4434 θήτω,
2382 4363 2477 4417 καὶ
2514 4363 2563 4415 εί
2595 4363 2797 4435 ἀληθές
2829 4366 2942 4417 ἐστι
2985 4365 3047 4417 τὸ
3090 4364 3381 4435 βιάσασθαι
3430 4366 3590 4420 αὐτὸν
3632 4369 3731 4438 τὴν

2170 4456 2425 4524 γυναῖκα,
2468 4455 2541 4527 μὴ
2580 4455 2965 4526 συγχωρείσθω
3002 4450 3143 4511 εἶναι
3183 4457 3571 4530 πρεσσύτερος.
3608 4459 3731 4524 Πῶς

2167 4547 2277 4618 γὰρ
2321 4548 2404 4617 εἴη
2446 4547 2846 4619 πρεσόὑτερος,
2893 4546 2953 4611 ὃς
2993 4547 3114 4600 οὐδὲ
3155 4548 3341 4614 λαῖκὸς
3374 4554 3731 4623 συγχωρεῖται

2171 4635 2397 4691 εἰσιέναι
2422 4639 2501 4699 είς
2528 4636 2837 4708 ἐκκλησίαν,
2864 4635 3250 4708 ἀφοριζόμενος
3268 4638 3357 4693 διὰ
3388 4640 3448 4693 τὸ
3475 4642 3729 4713 ἁμάρτη-

2175 4744 2284 4797 μα;
2316 4725 2506 4792 ἔξωθεί
2528 4728 2635 4800 γὰρ
2657 4727 2784 4791 τοὺς
2813 4725 3085 4792 τοιούτους
3119 4730 3151 4798 ἡ
3183 4727 3479 4801 Ἐκκλησία
3501 4732 3595 4786 καὶ
3623 4751 3728 4802 χω-

2172 4818 2312 4889 ρίζει
2346 4819 2454 4874 ἀπὸ
2493 4819 2600 4873 τῶν
2638 4818 2862 4873 πιστῶν.
2913 4819 3083 4872 Τοῦτο
3124 4819 3182 4873 δὲ
3219 4821 3280 4874 οὐ
3322 4823 3617 4889 κανονικῶς
3654 4825 3732 4895 τῷ

2171 4910 2412 4982 Θεοφίλῳ
2438 4911 2677 4983 εἴρηταιο
2711 4911 2739 4964 ὃ
2762 4926 2822 4963 τε
2847 4912 2957 4982 γὰρ
2982 4911 3091 4965 τῶν
3124 4912 3295 4982 ἁγίων
3324 4915 3635 4971 ἀποστόλων
3653 4923 3729 4971 κε’

2173 4999 2372 5065 κανὼν,
2397 5002 2532 5055 καὶὸ
2561 5000 2653 5056 τοῦ
2688 5000 2921 5071 μεγάλου
2944 4999 3220 5056 Βασιλείω
3247 5004 3430 5076 τρίτος
3462 5008 3553 5060 καὶ
3570 5010 3598 5060 ὀ
3628 5005 3726 5077 λβ’,

2173 5095 2266 5150 καὶ
2287 5095 2318 5148 ὁ
2345 5095 2445 5165 τῆς
2469 5095 2527 5148 ὲν
2565 5092 2890 5165 Καρθαγένῃ
2929 5093 3012 5164 κβ⁹
3056 5096 3182 5160 τοὺς
3224 5094 3516 5167 κληρικοὺς
3548 5099 3727 5169 ἅμαρ-

511 5192 668 5260 positi
721 5190 960 5257 fuerunt,
1007 5204 1038 5243 a
1072 5189 1459 5244 connnunionc
1502 5202 1611 5242 non
1657 5196 1865 5244 arcent.
1911 5187 2065 5256 Quod

2171 5185 2470 5255 τήσαντας,
2522 5184 2615 5238 καὶ
2665 5183 3118 5255 καθαιρεθέντας,
3167 5188 3268 5260 τῆς
3311 5189 3589 5253 κοινωνίας
3630 5193 3731 5245 οὐκ

509 5294 686 5339 autem
722 5289 1005 5343 ordinatus
1038 5288 1130 5350 sit,
1159 5285 1212 5340 id
1240 5300 1349 5340 non
1392 5282 1548 5339 aﬂ‘ert
1578 5283 1834 5338 damnum
1861 5285 2071 5353 episco-

514 5395 601 5449 po,
642 5379 735 5449 qui
764 5395 909 5442 eum,
955 5388 1235 5450 peccatum
1273 5379 1564 5448 ignorans,
1608 5376 1904 5432 ordinavit.
1949 5375 2071 5431 Sta-

516 5474 618 5526 tuit
669 5472 811 5526 enim
869 5472 1129 5543 synodus,
1184 5480 1244 5527 ut
1284 5471 1375 5540 qni
1435 5478 1784 5541 peccatorum
1837 5469 2071 5525 convicti

515 5564 753 5624 fuerunt,
787 5564 950 5618 etiam
982 5572 1101 5631 post
1134 5564 1534 5620 ordinationem
1559 5563 1869 5633 ejiciantur.
1896 5562 1954 5615 1d
1978 5578 2074 5615 an-

518 5667 622 5711 tem
649 5670 733 5710 est
754 5654 939 5726 prima:
962 5652 1152 5723 synodi
1176 5652 1408 5708 Nicmnm
1431 5671 1553 5710 can.
1590 5670 1666 5711 nt.
1693 5655 1827 5709 Illud
1853 5664 2030 5709 autem
2056 5671 2069 5706 :

520 5748 787 5818 Separatu:
816 5747 924 5802 viro
971 5744 1197 5808 marito;
1233 5746 1357 5799 facti
1396 5755 1500 5811 est,
1532 5755 1585 5801 et
1632 5747 1753 5802 ideo
1801 5746 2071 5816 adjectum

2174 5276 2514 5348 ἀπείργουσι.
2563 5276 2637 5329 Τὸ
2683 5276 2741 5331 δὲ
2788 5280 3225 5352 χειροτονηθῆναι
3274 5280 3433 5335 αὐτὸν
3472 5282 3532 5335 οὐ
3579 5284 3733 5357 φέρει

2179 5367 2380 5441 βλάϐην
2442 5368 2520 5440 τῷ
2578 5375 3009 5445 χειροτονήσαντι
3084 5374 3249 5429 αὑτὸν
3323 5376 3602 5448 ὲπισκόπῳ
3674 5378 3733 5443 ἐξ

2178 5462 2397 5530 ἀγνοίας
2420 5462 2511 5515 τοῦ
2539 5464 2955 5536 ἁμαρτήματος
2983 5467 3015 5537 ὴ
3038 5465 3143 5537 γὰρ
3176 5466 3386 5531 σύνοδος
3415 5467 3582 5543 ὥρισε
3608 5469 3735 5533 τοὺς

2180 5552 2566 5625 ἐλεγχομένους
2602 5557 2694 5611 ἐπὶ
2726 5558 3028 5629 ἐγκλήματι
3058 5558 3151 5609 καὶ
3193 5558 3330 5628 μετὰ
3365 5558 3464 5631 τὴν
3499 5577 3735 5633 χειροτο-

2180 5643 2295 5697 νίαν
2332 5646 2705 5704 ὲκὸἀλλεσθαι.
2732 5648 2925 5719 ,Τοῦτο
2962 5647 3019 5703 δὲ
3058 5649 3155 5717 τῆς
3192 5652 3249 5702 ἐν
3282 5649 3484 5722 Νικαίᾳ
3518 5653 3732 5708 συνόδου

2181 5738 2401 5810 πρώτης
2425 5741 2542 5795 ἐστὶ
2569 5727 2762 5797 κανὼν
2788 5741 3026 5806 ἕννατος.
3058 5741 3129 5794 Τὸ
3162 5742 3241 5806 δὲ,
3273 5742 3729 5814 ἀποταξαμένην
