4054 6206
340 299 415 353 37
1796 296 2130 354 CANONES.
3514 312 3583 367 33

345 421 568 482 ζῶντος
613 412 724 468 τοῦ
772 411 1013 480 ἀνδρὸς,
1062 411 1156 465 τοῦ
1202 411 1408 480 φάκτου
1461 415 1596 478 ἐστὶ,
1635 416 1722 470 διὰ
1760 416 1886 467 τοῦτ

1989 465 1991 471 .
2019 423 2103 469 est
2134 435 2145 469 :
2177 417 2373 482 Alieni,
2412 420 2552 474 sicut
2588 430 2642 474 et
2675 421 2807 476 illud
2830 463 2845 486 ,
2880 427 2983 479 vim
3014 429 3218 481 attulit.
3257 426 3407 482 Licet
3437 434 3578 485 enim

349 508 450 564 καὶ
479 509 554 566 τὸ,
597 501 753 567 τινὰ,
799 503 1142 573 πρόσκειται,
1177 501 1362 574 ὥσπερ
1397 503 1490 556 καὶ
1519 503 1581 557 τὸ
1617 503 1887 558 ἐϐιάσατο

2025 505 2344 577 simpliciter
2378 527 2498 564 cum
2527 513 2751 567 muliere
2775 514 2979 583 aliqua,
3016 533 3121 570 non
3159 530 3430 587 separata,
3465 537 3576 576 rem

354 599 470 655 Κᾶν
501 595 607 668 γὰρ
653 593 840 656 ἁπλῶς
879 593 1015 665 ἄλλῃ
1065 594 1371 666 συνεφθαρη
1417 596 1632 664 γυναικὶ
1675 597 1749 667 μὴ
1784 598 1887 650 ἀπο

2023 596 2305 665 habuerit;
2342 602 2422 654 sic
2455 618 2672 672 quoque
2712 605 2773 658 in»
2795 621 2917 658 eum
2964 608 3232 676 depositio
3271 612 3581 670 introducta

351 688 644 761 ταξαμένῃ,
685 687 781 740 καὶ
815 686 988 749 οὕτως
1027 688 1060 757 ή
1102 686 1415 758 καθαίρεσις
1473 688 1623 759 αὑτῷ
1659 689 1912 760 ἐπήγετο,

349 782 448 835 κᾶν
487 781 564 854 μὴ
595 779 849 834 ἐϐιάσατο
872 779 1062 849 αὐτήν.

943 891 1186 946 ΚΑΝΩΝ
1235 891 1309 947 1".

413 983 555 1052 Περὶ
589 984 657 1037 δὲ
685 983 862 1053 Σοὺρ,
910 982 1117 1051 ἐπειδὴ
1147 986 1182 1038 ό
1223 985 1555 1052 ἐπίσκοπος
1613 987 1912 1041 Ἀπόλλων

337 1074 794 1130 διεϐεϐαιώσατο
818 1075 915 1130 καί
947 1075 1390 1130 ἀπεσταλκέναι
1426 1076 1640 1132 τοῦτον
1677 1078 1774 1132 καὶ
1804 1080 1910 1133 ἀλ-

338 1170 584 1235 λότριον
624 1165 733 1235 τῆς
778 1168 1137 1235 Ἑκκλησίας
1178 1169 1582 1238 πεποιηκέναι,
1621 1173 1776 1226 ἐστω
1809 1173 1907 1226 οὒ-

339 1274 456 1324 τως
485 1259 569 1324 ὡς
595 1258 940 1327 ἀπεφήνατο
969 1261 1002 1312 ό
1032 1259 1387 1326 ἐπίσκοπος,
1419 1262 1724 1331 χρωμένου
1757 1265 1906 1318 ὲκεί-

339 1367 453 1404 νου
490 1351 618 1417 ταῖς
653 1353 896 1419 οἰκείαις
933 1351 1398 1423 δικαιολογίαις,
1436 1356 1558 1424 εἴτε
1593 1357 1902 1422 βούλεται,

341 1442 442 1496 καί
463 1442 754 1511 μέμφεται
772 1442 886 1511 τὴν
911 1445 1220 1512 ἀπόφασιν
1242 1446 1348 1501 τοῦ
1376 1446 1727 1503 ἐπισκόπου.

415 1555 603 1609 ΒΔΛΣ.
629 1555 906 1626 Κληρικδς
933 1551 1001 1628 ἦν
1034 1560 1063 1612 ὁ
1087 1559 1226 1629 Σοὺρ
1254 1558 1348 1612 τοῦ
1385 1561 1676 1614 ἐπισκόπου
1715 1562 1902 1616 Ἀπόλ-

344 1645 533 1709 λωνος’
567 1647 628 1711 ὃς
653 1648 949 1711 ἐπίσκοπος
973 1649 1135 1703 αὑτὸν
1157 1651 1553 1706 ἀπεσταλκέναι
1582 1654 1674 1707 τοῦ
1697 1655 1899 1728 κλήρου

2021 699 2125 751 est,
2156 690 2254 743 etsi
2275 693 2323 744 ei
2359 693 2464 745 vim
2499 710 2604 747 non
2641 695 2907 750 attulerit.

2604 894 2833 949 CANON
2877 895 2962 952 Ill.

2091 982 2166 1036 De
2199 984 2305 1036 Sur
2333 996 2526 1045 autent,
2576 988 2698 1056 quia
2751 990 2940 1057 Apollo
2989 991 3261 1058 cpiscopus
3297 994 3576 1062 afﬁrmavit

2017 1090 2070 1126 se
2099 1084 2146 1126 et
2183 1092 2299 1127 eum
2351 1077 2736 1143 amandarisse,
2785 1089 2836 1133 et
2865 1081 2929 1133 ab
2959 1079 3198 1135 Ecclesia
3227 1084 3458 1138 alienum
3493 1087 3574 1154 fe-

2015 1167 2165 1228 cisse,
2208 1168 2283 1220 ita
2315 1170 2383 1221 sit
2415 1181 2470 1222 ut
2511 1173 2868 1239 pronuntiauit
2916 1175 3227 1243 episcopus;
3278 1189 3454 1232 utente
3482 1180 3573 1233 illo

2013 1259 2122 1311 suis
2158 1259 2569 1327 defensionibus,
2609 1265 2656 1316 si
2695 1265 2825 1329 vult,
2865 1275 2913 1318 et
2945 1264 3011 1320 de
3053 1268 3277 1336 episcopi
3313 1273 3573 1324 sententin

2013 1354 2369 1420 conqueritur.

2081 1549 2268 1606 BALS.
2303 1551 2434 1606 Erat
2476 1554 2692 1624 quidem
2734 1555 2839 1610 Sur
2877 1556 3112 1612 clericus
3143 1559 3385 1629 episcopi
3416 1560 3574 1631 Apol-

2008 1643 2153 1702 linis.
2187 1646 2278 1714 qui
2307 1647 2595 1717 episc0pus
2623 1665 2681 1704 se
2711 1665 2835 1704 eum
2880 1666 2911 1704 a
2951 1651 3098 1708 clero
3137 1654 3482 1718 amandasse,
3516 1656 3566 1707 id

337 1734 792 1802 διεϐεϐαιώσατο,
833 1739 952 1792 ἀντὶ
993 1739 1087 1792 τοῦ
1123 1740 1530 1813 ἐκϐεϐληκέναι.
1570 1747 1750 1800 Ἔστω
1785 1744 1887 1810 οὖν,

2007 1743 2110 1796 est,
2141 1737 2433 1806 expulisse,
2481 1738 2784 1794 atlirmavit.
2832 1739 2915 1795 Sit
2948 1757 3100 1810 ergo,
3136 1742 3331 1812 inquit,
3374 1759 3570 1798 secun-

337 1827 494 1897 φησὶ,
528 1828 678 1881 κατὰ
700 1828 800 1898 τὴν
835 1829 917 1882 ἐπ’
944 1829 1087 1901 αὒτῷ
1126 1832 1305 1903 κρίσιν
1337 1833 1428 1886 τοῦ
1453 1837 1771 1901 ἐπισκόπου,
1806 1839 1887 1892 τοί

2003 1827 2129 1880 dum
2167 1829 2406 1898 episc0pi
2435 1829 2727 1897 judicium,
2775 1832 2922 1902 quod
2967 1833 3021 1886 in
3069 1832 3246 1902 ipsum
3297 1834 3565 1903 prolatum

336 1919 548 1990 κλήρου
604 1918 895 1992 ἀλλότριος.
944 1923 1006 1975 Ei
1045 1923 1101 1976 δὲ
1153 1927 1387 1980 αἰτιᾶται
1418 1928 1515 1998 τὴν
1555 1931 1648 1982 τοῦ
1683 1932 1902 1986 ἐπισκό-

336 2029 449 2066 που
498 2012 796 2082 ἀπόφασιν,
844 2015 1061 2086 χράσθω
1090 2020 1211 2080 ταῖς
1252 2018 1476 2083 οἰκείαις
1520 2021 1903 2092 δικαιολογίαις

338 2104 497 2176 παρὰ
547 2107 612 2177 τῇ
667 2107 881 2176 συνόδῳ,
943 2108 1002 2172 ἐξ
1049 2105 1117 2182 ἦς
1168 2107 1234 2181 ἦν
1296 2112 1511 2176 πάντως
1566 2116 1660 2170 καὶ
1705 2119 1734 2170 ό
1771 2118 1893 2171 ἐπί-

335 2213 560 2261 σκοπος.

934 2291 1170 2345 ΚΑΝΩΝ
1221 2295 1293 2346 Δ’.

401 2381 540 2448 Περὶ
567 2381 814 2450 Πανοὺςρ
840 2383 944 2436 τοῦ
981 2385 1390 2451 καταστάντος
1411 2385 1695 2442 διακόνου
1724 2389 1794 2442 ἐν
1823 2390 1897 2459 τῇ

335 2473 526 2533 Λυκὼ,
566 2473 663 2525 δεῖ
685 2470 957 2542 ζητῆσαι.
994 2475 1104 2529 Kal
1145 2479 1196 2530 εί
1226 2477 1338 2546 μὲν
1381 2480 1646 2548 εὑρεθείη
1695 2477 1892 2548 οὗτος,

328 2565 774 2632 κατηχούμενος
803 2565 1134 2634 τυγχάνων,
1175 2567 1288 2634 τὴν
1325 2570 1656 2640 ἀδελφιδῆν
1678 2573 1894 2629 ἑαυτοῦ

332 2651 482 2719 πρὸς
533 2653 721 2722 γάμου
767 2657 1084 2710 κοινωνίαν
1130 2658 1473 2729 δεξάμενος,
1519 2663 1668 2732 μετὰ
1717 2664 1786 2717 δὲ
1826 2666 1894 2719 τὸ

325 2743 644 2810 ,ϐάπτισμα
669 2749 752 2812 είς
778 2747 1008 2815 κλῆρον
1027 2749 1276 2820 δεχθεὶς,
1291 2752 1519 2822 μενέτω
1546 2755 1616 2809 ἐν
1640 2754 1720 2820 τῷ
1749 2757 1894 2822 κλή-

325 2858 418 2904 ιξῳ
437 2853 450 2866 ’
476 2839 598 2907 εῖγε
619 2841 952 2909 κεκοίμηται
971 2843 1171 2911 ἐκείνη
1192 2845 1288 2898 καὶ
1309 2845 1460 2915 μετὰ
1487 2846 1554 2900 τὸ
1577 2847 1893 2918 ,βάπτισμα

321 2930 443 2980 οὐκ
474 2929 868 2996 ἐκοινώνησεν
905 2931 1081 3000 αὐτῇ.
1112 2935 1181 2986 El
1224 2933 1292 2986 δὲ
1328 2935 1542 3001 πιστὸς
1580 2935 1893 3005 τυγχάνων

321 3018 445 3088 τὴν
471 3019 662 3088 αὐτὴν
679 3021 1012 3090 ἀδελφιδὴν
1040 3023 1258 3078 ἐαυτοῦ
1285 3025 1434 3093 πρὸς
1470 3027 1662 3095 γάμου
1692 3045 1892 3082 κοινω-

324 3115 467 3167 νίαν
503 3113 768 3180 ἐδέξατο,
814 3115 970 3170 ἔστω
1015 3117 1121 3172 τοῦ
1165 3118 1390 3184 κλήρου
1431 3119 1766 3186 ἀλλότριος.
1808 3123 1890 3175 Οὐ
1917 3143 1960 3202 c

321 3208 432 3274 τὰρ
487 3210 784 3279 πρόκριμα
827 3209 910 3275 τῷ
955 3210 1258 3277 ἐπισκόπῳ
1315 3213 1669 3276 Ἀπόλλωνι,
1725 3214 1778 3266 εὶ
1819 3213 1889 3278 ἐξ

325 3291 571 3360 ἀγνοίας
589 3292 964 3363 κατέστησεν
985 3298 1189 3350 αὐτόν.

401 3401 587 3463 ΒΔΛΣ.
640 3408 700 3463 '0
740 3410 960 3478 Πανοὺφ
993 3409 1206 3478 ἐλέγετο
1246 3411 1351 3482 πρὸ
1395 3412 1488 3466 τοῦ
1527 3411 1885 3484 βαπτισθῆναι

330 3501 424 3571 τὴν
462 3502 667 3556 οἰκείαν
709 3503 989 3576 ἀδελφιδῆν
1036 3506 1116 3567 είς
1163 3507 1396 3573 γυναῖκα
1430 3504 1648 3558 λαϐεῖν·
1689 3507 1883 3576 βαπτι-

324 3593 470 3657 σθεὶς
501 3594 558 3646 δὲ
598 3596 1002 3666 κεχειροτόνητο
1034 3596 1294 3661 διάκονος.
1330 3598 1489 3666 Λέγει
1518 3594 1610 3652 οὖν
1636 3601 1664 3652 ὁ
1691 3598 1883 3667 Θεόφι-

322 3685 432 3747 λος,
478 3686 560 3737 ὅτι
605 3687 698 3740 ἐὰν
729 3689 762 3756 ἡ
805 3687 940 3759 γυνὴ
989 3687 1328 3760 ἐτελεύτησε,
1372 3690 1466 3743 καὶ
1515 3691 1650 3760 μετὰ
1683 3691 1744 3743 τὸ
1789 3691 1884 3760 βά-

321 3795 533 3848 πτισμα
568 3779 665 3832 οὐκ
703 3781 969 3850 ἐχρήσατο
1008 3781 1144 3852 αὐτῇ
1167 3821 1182 3846 ,
1248 3783 1452 3852 μενέτω
1494 3783 1768 3847 διάκονος,
1809 3784 1883 3847 ὡς

319 3868 414 3922 τοῦ
449 3870 600 3938 ἁγίου
631 3870 1000 3941 βαπτίσματος
1037 3871 1107 3924 τὰ
1152 3873 1258 3945 πρὸ
1307 3872 1496 3927 τούτου
1544 3873 1881 3945 καθάραντος

322 3963 712 4033 ἁμαρτήματα.
769 3964 833 4016 El
882 3963 938 4016 δὲ
989 3963 1178 4027 πιστὸς
1219 3961 1295 4018 ὢν
1345 3965 1480 4033 μετὰ
1505 3966 1566 4018 τὸ
1599 3965 1880 4036 βάπτισμα

324 4054 475 4126 εῖχεν
528 4056 734 4129 αὐτὴν,
779 4056 1096 4128 ἐκϐληθήτω
1149 4059 1242 4112 τοῦ
1302 4059 1523 4132 κλήρου.
1575 4059 1665 4132 Τῷ
1717 4061 1770 4115 δὲ
1821 4061 1879 4128 ἐξ

324 4149 539 4215 ἀγνοίας
587 4150 746 4204 αὑτὸν
792 4151 1225 4222 χειροτονήσαντι
1267 4153 1330 4204 ὲκ
1369 4153 1557 4206 τούτου
1606 4151 1773 4222 βλάϐη
1817 4152 1878 4205 οὑ

322 4243 768 4313 προσγενήσεται.
803 4243 876 4296 Τὸ
911 4244 987 4305 δὲ,
1030 4245 1082 4296 εί
1123 4243 1461 4312 κεκοίμηται
1503 4244 1541 4310 η
1582 4241 1760 4311 γυνὴ,
1805 4237 1880 4294 εἴ·

318 4349 440 4396 πεν,
480 4335 555 4397 ὡς
602 4333 744 4387 οὕτω
796 4335 1197 4406 συμϐεϐηκέναι
1247 4334 1563 4405 λεγόμενον·
1611 4334 1878 4401 ὲπείτοιγε

313 4425 423 4478 κᾶν
452 4425 600 4489 ζῶσα
620 4423 690 4496 ἦν
716 4427 810 4479 καὶ
841 4426 977 4496 μετὰ
1015 4426 1076 4479 τὸ
1101 4425 1378 4497 βάπτισμα
1412 4426 1512 4478 οὐκ
1541 4423 1679 4492 ἔγνω
1711 4425 1878 4496 αὐτὴν

311 4521 342 4571 ὁ
377 4518 619 4585 navabo,
647 4516 779 4572 ἀλλὰ
811 4519 903 4572 καὶ
930 4516 1289 4588 ἀπεπέμψατο
1320 4517 1504 4588 αὐτὴν,
1530 4516 1756 4570 ἠδύνατο
1784 4519 1876 4570 καὶ

312 4608 495 4672 οὕτως
526 4604 657 4663 εῖναι
686 4610 947 4673 διάκονος.

926 4722 1156 4777 ΚΑΝΩΝ
1192 4725 1268 4780 E'.

388 4813 524 4880 Περὶ
571 4813 778 4866 Ἰακὼϐ
808 4813 921 4881 χρὴ
958 4813 1222 4883 ζητῆσαι.
1250 4817 1319 4868 El
1354 4812 1742 4883 drarrcbo'rqc
1770 4811 1867 4885 ἦν,

316 4903 413 4956 καὶ
447 4903 775 4974 ἐγκλήματι
811 4904 1086 4971 πορνείας
1126 4905 1461 4969 ὑπεύθυνος
1485 4902 1741 4974 ἐδείχθη,
1773 4905 1872 4958 καὶ

314 4995 472 5062 παρὰ
488 4994 606 5047 τῶν
631 4994 1040 5064 πρεσϐυτέρων
1061 4995 1371 5064 ἐξεϐλήθη,
1397 4991 1523 5049 εἶτα
1545 4996 1870 5064 κεχειροτό-

311 5103 482 5154 νηται
533 5084 735 5154 οὗτος,
774 5086 1170 5151 ἑκϐαλλέσθω,
1221 5087 1498 5156 ἀκριϐοῦς
1540 5086 1868 5152 ἐξετάσεως

310 5178 658 5248 γενομένης,
689 5177 888 5247 καὶμὴ
909 5180 1098 5248 μόνον
1126 5177 1192 5231 ἐκ
1219 5174 1594 5247 ψιθυρισμῶν
1623 5176 1661 5245 ἢ
1696 5193 1868 5229 κακο-

307 5269 529 5341 λογιῶν
575 5271 840 5340 ὑποψίας
866 5273 953 5335 είς
997 5271 1179 5325 αὐτὸν
1212 5271 1552 5339 γενομένης.
1583 5273 1654 5323 El
1691 5269 1758 5324 δέ
1779 5268 1864 5339 μὴ

305 5364 571 5432 εὑρεθείη
603 5365 957 5429 ὑπεύθυνος,
975 5362 1195 5433 μενέτω
1214 5363 1281 5416 ὲν
1302 5361 1382 5428 τῷ
1407 5362 1632 5431 κλήρῳ·
1663 5364 1733 5416 οὺ
1758 5362 1866 5432 γὰρ

304 5454 402 5509 δεῖ
434 5455 561 5522 ταῖς
583 5457 859 5526 ματαίαις
884 5455 1182 5521 διαϐολαῖς
1208 5455 1548 5526 προσέχειν.

375 5569 573 5624 ΒΔΛΣ.
619 5569 808 5625 Ἰακώϐ
835 5587 918 5634 τις
949 5568 1294 5639 ἀναγνώστης
1326 5569 1540 5638 ἐλέγετο
1585 5565 1740 5633 εἶναι,
1768 5569 1861 5622 καὶ

302 5662 399 5716 ἐπὶ
426 5663 676 5735 πορνείας
711 5662 1080 5734 διαϐληθῆναι,
1122 5662 1215 5715 καὶ
1253 5661 1578 5732 ἐκϐληθῆναι
1603 5663 1694 5714 τοῦ
1731 5659 1862 5730 κλή-

249 5781 262 5796 σ
299 5773 426 5827 pou,
455 5751 570 5811 εἷτα
601 5758 678 5822 εἰς
704 5754 920 5827 μείζονα
947 5754 1378 5827 χειροτονηθῆναι
1407 5753 1629 5823 βαθμὸν.
1657 5753 1857 5826 Γράῳει

2003 1931 2104 1983 est,
2137 1935 2166 1973 a
2189 1923 2334 1976 clero
2366 1923 2600 1978 alienus.
2636 1923 2730 1977 Sin
2757 1933 2936 1978 autem
2964 1923 3204 1994 episcopi
3235 1926 3563 1978 sententiam

2001 2019 2243 2074 accusat,
2276 2022 2458 2066 utatur
2491 2015 2606 2068 suis
2644 2014 3074 2078 defensionibus,
3111 2015 3252 2084 apud
3296 2015 3563 2086 synodum

2001 2104 2241 2167 scilicet,
2273 2119 2335 2159 ex
2372 2121 2476 2174 qua
2509 2115 2593 2160 est
2616 2107 2777 2160 etiam
2808 2109 3115 2177 episc0pus.

2589 2287 2817 2344 CANON
2865 2286 2956 2343 IV.

2068 2379 2145 2435 De
2168 2379 2412 2449 Panuplt,
2443 2384 2532 2451 qui
2557 2383 2611 2434 in
2652 2381 2790 2452 Lyco
2821 2383 3078 2436 diaconus
3112 2383 3424 2436 constitutus
3460 2393 3559 2444 est,

1996 2487 2226 2542 quwrere
2275 2483 2514 2542 Oportet;
2563 2485 2610 2527 et
2646 2475 2693 2527 si
2742 2474 2787 2527 is
2839 2473 3047 2544 quidem
3094 2475 3324 2529 inventus
3378 2476 3556 2543 fuerit.

1995 2580 2114 2618 cum
2143 2576 2276 2619 esset
2299 2566 2719 2630 catecliumenus,
2758 2566 2945 2635 fratris
2979 2568 3062 2620 sui
3086 2567 3254 2636 ﬁliam
3293 2569 3345 2621 in
3378 2570 3559 2621 matri-

1996 2658 2158 2709 monii
2179 2659 2480 2712 societatem
2504 2660 2776 2727 accepisse;
2806 2669 2921 2727 post
2945 2658 3261 2726 baptismum
3288 2661 3342 2712 in
3364 2661 3559 2713 clerum

1993 2760 2281 2818 promotus,
2317 2751 2372 2804 in
2399 2754 2537 2804 clero
2563 2762 2796 2813 maneat,
2829 2755 2878 2806 si
2911 2753 3006 2806 illa
3045 2769 3110 2807 ea:
3150 2753 3255 2806 vita
3291 2756 3554 2822 migrarit,

1992 2849 2040 2893 et
2061 2851 2174 2908 post
2195 2841 2514 2908 baptismum
2539 2858 2656 2894 cum
2681 2859 2743 2895 ea
2775 2859 2883 2895 rem
2918 2860 3020 2896 non
3049 2843 3309 2896 habuerit.
3340 2845 3434 2897 Sin
3455 2861 3524 2896 an
3543 2875 3556 2884 -

1996 2934 2095 2979 tem
2138 2943 2256 2979 cum
2299 2937 2433 2980 esset
2480 2927 2652 2995 ﬁdelis
2697 2929 2931 2983 eamdem
2961 2931 3149 2998 fratris
3181 2932 3262 2984 sui
3301 2933 3467 3000 ﬁliam
3502 2935 3555 2985 in

1993 3019 2323 3072 matrimonii
2343 3019 2646 3072 societatem
2667 3017 2840 3083 duxit,
2865 3022 2932 3073 sit
2960 3038 2992 3073 a
3016 3022 3156 3074 clero
3176 3023 3400 3075 alienus.
3433 3023 3554 3076 Non

1995 3121 2070 3164 est
2107 3113 2243 3166 enim
2285 3113 2522 3181 episcopo
2554 3112 2787 3181 Apollini
2825 3113 3194 3183 prtcjudicium
3250 3116 3298 3168 si
3327 3131 3441 3169 eum
3466 3130 3556 3183 per

1995 3204 2350 3275 ignorantiam
2379 3207 2675 3262 constituit.

2062 3402 2251 3458 BALS.
2285 3403 2574 3458 Dicebatur
2611 3404 2836 3474 Panuph
2882 3411 3171 3474 antequam
3208 3416 3353 3460 esset
3378 3407 3550 3476 bapti-

1987 3506 2142 3552 zatus
2168 3496 2324 3552 fatris
2353 3498 2438 3551 sui
2482 3496 2644 3550 tiliam
2689 3513 2911 3552 uxorem
2947 3498 3191 3553 duxisse.
3244 3499 3552 3570 Baptizatus

1985 3599 2163 3642 autem
2194 3588 2456 3642 diaconus
2503 3588 2786 3643 ordinatus
2816 3588 3015 3644 fuerat.
3043 3587 3180 3644 Dicit
3219 3607 3348 3662 ergo
3383 3591 3553 3648 Theo.

1986 3681 2185 3751 philus,
2219 3681 2364 3750 quod
2417 3680 2462 3733 si
2513 3681 2709 3734 mulier
2750 3696 2781 3735 e
2819 3681 2934 3736 vita
2987 3684 3308 3745 excesserit,
3343 3694 3396 3737 et
3427 3696 3549 3754 post

1985 3774 2312 3842 baptismum
2364 3787 2427 3826 ea
2484 3788 2592 3826 non
2652 3788 2786 3828 usus
2835 3772 2928 3839 sit,
2985 3784 3201 3828 maneat
3243 3773 3542 3838 diaconus;

1985 3883 2176 3936 nempe
2201 3881 2321 3921 cum
2343 3873 2565 3921 sanctus
2599 3865 2904 3936 haptismus
2938 3865 3119 3918 omnia
3159 3874 3379 3934 peccata
3411 3885 3545 3935 prau-

1983 3961 2234 4015 cedentia
2266 3959 2461 4014 deleat.
2497 3958 2593 4012 Sin
2627 3966 2832 4023 autem,
2863 3972 2986 4011 cum
3029 3965 3175 4011 esset
3205 3957 3397 4021 fidelis,
3443 3975 3539 4013 seu

1984 4063 2104 4122 post
2161 4054 2506 4123 baptismum,
2546 4067 2665 4105 eam
2709 4050 2917 4110 habuit,
2957 4049 3106 4102 clero
3153 4049 3420 4116 ejiciatur.
3480 4055 3537 4107 Ei

1983 4155 2185 4211 autem,
2237 4147 2328 4216 qui
2375 4161 2497 4200 eum
2535 4143 2775 4198 insciens
2810 4141 3105 4203 ordinavit,
3167 4141 3540 4211 praeiudicium

1982 4253 2088 4292 non
2135 4237 2403 4292 aﬂ’eretur.
2465 4235 2602 4290 Illud
2647 4242 2826 4289 autem
2861 4252 2876 4289 :
2909 4232 2971 4288 Si
3013 4234 3202 4288 mulier
3232 4252 3258 4288 e
3289 4237 3397 4289 vita
3443 4238 3542 4289 mi-

1985 4331 2170 4400 grarit,
2215 4331 2370 4392 dicit,
2401 4338 2586 4400 utpote
2619 4328 2876 4398 quoniam
2909 4327 2980 4382 ita
3025 4330 3272 4386 evenisse
3315 4331 3535 4386 dicitur.

1990 4422 2120 4476 Nam
2151 4423 2252 4479 etsi
2285 4424 2446 4478 etiam
2477 4429 2599 4493 post
2632 4423 2960 4492 baptismum
3003 4421 3251 4485 vixisset,
3292 4438 3390 4477 nec
3419 4439 3538 4478 eam

1990 4515 2214 4585 Panuph
2259 4516 2628 4585 cognovisset,
2658 4515 2751 4569 sed
2780 4514 2952 4584 ipsam
2972 4514 3136 4569 etiam
3165 4515 3538 4581 amandasset;

1983 4607 2250 4678 potuisset
2277 4607 2358 4664 sic
2380 4623 2597 4679 quoque
2625 4623 2747 4662 esse
2782 4606 3064 4661 diaconus.

2596 4723 2820 4779 CANON
2851 4723 2914 4778 ν.

2049 4819 2124 4873 De
2151 4817 2314 4872 Iacob
2343 4832 2575 4886 quwrere
2605 4824 2823 4883 oportet.
2858 4812 2917 4867 Si
2951 4813 3089 4866 enim
3134 4815 3294 4866 lector
3323 4821 3456 4872 erat,
3486 4820 3535 4863 et

1977 4911 2183 4965 crimini
2217 4909 2579 4979 fornicationis
2608 4908 2772 4976 fuisse
2800 4922 2916 4960 eum
2946 4904 3246 4968 obnoxium,
3273 4913 3533 4955 ostensum

1977 5003 2070 5065 sit,
2100 5011 2150 5055 et
2189 5019 2222 5054 a
2247 4999 2558 5071 presbyteris
2595 4998 2662 5051 sit
2707 4998 2918 5066 ejectus,
2958 4994 3141 5049 deinde
3190 4995 3233 5047 is
3267 5002 3345 5046 est
3383 4991 3536 5043 ordi-

1978 5101 2155 5154 natus,
2195 5091 2472 5160 ejiciatur;
2507 5096 2758 5142 accurata
2794 5086 3179 5141 examinatione
3223 5082 3399 5150 facta;
3431 5099 3532 5136 non

1977 5196 2148 5238 autem
2176 5198 2241 5236 ea:
2280 5183 2512 5238 susurris
2545 5179 2623 5234 uel
2657 5178 2950 5233 maledictis
2985 5185 3099 5230 orta
3129 5175 3181 5227 in
3211 5191 3327 5227 eum
3355 5178 3532 5243 suspi-

1972 5279 2136 5331 cione.
2170 5274 2264 5330 Sin
2307 5285 2480 5329 autem
2511 5290 2614 5328 non
2645 5273 2803 5342 fuerit
2847 5272 3079 5324 inventus
3123 5268 3333 5322 crimini
3366 5270 3527 5322 obno-

1970 5370 2110 5430 xius,
2144 5377 2350 5421 maneat
2396 5367 2450 5419 in
2495 5367 2651 5418 clero.
2686 5363 2865 5435 Neque
2898 5363 3031 5416 enim
3061 5362 3208 5414 vanis
3249 5362 3529 5416 calumniis

1970 5461 2204 5513 animum
2239 5459 2480 5513 adhibere
2509 5465 2726 5525 oportet.

2039 5570 2234 5626 BALS.
2263 5569 2430 5625 Jacob
2465 5568 2684 5639 quidam
2726 5568 2894 5623 lector
2925 5566 3096 5623 fuisse
3135 5567 3439 5628 dicebatur.
3475 5575 3526 5620 et

1971 5672 2190 5736 propter
2219 5663 2626 5717 fornicationem
2653 5661 2798 5717 clero
2827 5678 2948 5718 esse
2976 5661 3204 5730 cjectus,
3235 5667 3287 5715 et
3333 5659 3526 5715 deinde

1969 5758 2036 5813 ad
2076 5756 2336 5826 ntajorem
2369 5753 2593 5826 gradum
2623 5752 2790 5812 fuisse
2821 5755 3122 5811 ordinatus.
3150 5751 3356 5812 Scribit
3392 5766 3523 5822 ergo
