4042 6208
521 298 590 353 59
1535 286 1900 343 THEOPHILI
1942 286 2244 343 EPISCOPI
2285 285 2460 341 ALEX
2473 283 2745 340 ANDlliNl
3669 287 3743 343 1,0

515 409 844 480 Theophilus
884 407 1125 480 diligenti
1182 405 1578 462 examinatione
1633 407 1808 470 facta,
1857 407 1904 460 si
1952 421 2075 460 eum

2192 400 2268 459 n'w
2308 406 2338 456 ὀ
2370 403 2644 472 Θεόφιλος,
2678 404 2758 456 ὅτι
2790 402 3082 467 ἐξετάσεως
3128 401 3386 472 ἀκριϐοῦς
3424 406 3745 472 γενομένης,

517 518 770 574 peccasse
789 510 1123 571 compertum
1143 497 1326 562 fuerit,
1351 498 1498 551 clero
1519 497 1782 567 ejiciatur.
1802 497 1918 551 Non
1937 497 2080 551 enim

515 600 726 663 oportet
759 610 825 648 ex
883 595 1124 648 susurris
1171 605 1270 644 seu
1316 589 1669 644 clandestinis
1717 591 2080 654 sermonibus,

516 684 598 736 vel
627 683 930 737 maledictis
956 697 1050 735 seu
1075 679 1278 749 apertis
1306 678 1568 734 conviciis
1597 687 1717 732 orta
1749 679 2078 747 suspicione,

515 771 866 826 condemnari
930 771 1186 840 aliquem.
1247 766 1402 832 Quod
1445 768 1490 822 si
1553 781 1718 821 causa
1775 769 2080 821 exauiinata

523 864 708 916 insons
742 869 1052 931 compertus
1087 859 1268 922 fuerit,
1297 866 1513 913 maneat
1534 858 1588 912 in
1611 859 1778 913 clero.

1119 966 1349 1024 CANON
1392 966 1482 1021 Vl.

589 1089 662 1144 De
697 1089 760 1141 iis
785 1087 873 1158 qui
897 1087 1179 1140 ordinandi
1199 1097 1316 1141 sunt
1340 1087 1450 1141 [nec
1471 1087 1570 1141 erit
1599 1086 1770 1156 [arma
1795 1101 1812 1138 :
1842 1083 1907 1137 Ut
1929 1083 2082 1153 quid-

515 1178 640 1250 quid
669 1189 745 1232 est
779 1177 1127 1232 sacerdotalis
1169 1175 1370 1230 ordinis
1409 1177 1701 1229 consentiat
1733 1183 1781 1227 et
1819 1174 1996 1242 eligat,
2033 1183 2082 1226 et

519 1283 642 1324 tunc
693 1271 963 1340 episcopus
1018 1271 1306 1334 examinet,
1354 1269 1434 1322 vel
1478 1271 1524 1322 ei
1571 1269 1730 1322 etiam
1775 1266 2082 1320 assentiente

516 1364 838 1416 sacerdotali
887 1361 1070 1415 ordine
1101 1363 1155 1415 in
1200 1361 1373 1414 media
1425 1361 1644 1415 ecclesia
1680 1359 1906 1422 ordinet,
1943 1376 2081 1429 prte-

515 1468 656 1510 sente
689 1456 898 1523 populo,
934 1465 982 1508 et
1005 1455 1246 1524 episcopo
1275 1454 1594 1524 alloquente.
1631 1470 1698 1506 an
1727 1455 1886 1508 etiam
1918 1455 2080 1520 possit

514 1547 560 1598 ei
588 1549 808 1614 populus
851 1545 986 1612 ferre
1019 1547 1394 1600 testimonium.
1429 1544 1712 1600 Ordinatio
1762 1557 1934 1600 autem
1979 1562 2079 1597 non

517 1635 612 1704 ﬁat
655 1634 975 1688 clanculum.
1011 1632 1250 1688 Ecclesia
1298 1635 1434 1687 enint
1469 1649 1647 1700 pacem
1692 1631 1906 1685 [tabente
1939 1632 2082 1684 deret

2183 499 2276 552 ἐὰν
2323 497 2516 569 εὑρεθῇ
2550 495 2905 568 ἡμαρτηκὼς,
2945 495 3262 566 ἐκϐληθήτω
3301 495 3391 548 τοῦ
3422 495 3649 566 κλήρουο
3683 499 3752 548 οὐ

2181 590 2261 643 δεῖ
2285 588 2392 659 γὰρ
2424 591 2486 642 ἐκ
2519 588 2859 659 ψιθυρισμῶν
2883 588 2998 658 ἤτοι
3032 587 3358 650 καταλαλιᾶς
3395 587 3674 658 λαθραίας,
3707 588 3746 658 ἦ

2183 679 2512 747 κακολογιῶν
2537 679 2655 750 ἦτοι
2695 677 2970 750 λοιδοριῶν
2997 678 3242 749 φανερῶν
3279 677 3509 746 ὑποψίας
3533 680 3754 748 γινομέ-

2183 790 2279 843 νης
2313 771 2732 840 κατακρίνεσθαί
2757 789 2894 824 τινα.
2919 771 2982 826 Εἰ
3007 771 3064 823 δὲ
3088 772 3185 841 τῆς
3230 771 3532 834 ὑποθέσεως
3563 770 3754 835 ἐξετα-

2183 863 2414 934 ζομένης
2445 862 2732 926 ἀνεύθυνος
2755 862 3023 934 εὑρεθείη,
3053 861 3256 934 μενέτω
3286 865 3344 914 ἐν
3371 862 3447 932 τῷ
3468 862 3674 933 κλήρῳ.

2774 974 3012 1028 ΚΑΝΩΝ
3060 971 3152 1040 ς’.

2251 1088 2387 1155 Περὶ
2441 1087 2560 1142 τῶν
2621 1091 2971 1158 μελλόντων
3042 1088 3507 1160 χειροτονεῖσθαι
3568 1082 3750 1154 οὗτος

2181 1180 2350 1233 ἔσται
2381 1181 2567 1247 τύπος
2592 1197 2606 1212 ο
2639 1181 2817 1235 ’Ὥστε
2845 1179 2968 1236 πᾶν
2997 1181 3063 1234 τὸ
3093 1180 3377 1250 ίερατεῖον
3404 1178 3752 1248 συμφωνεῖν

2183 1273 2281 1326 καὶ
2324 1271 2632 1341 αίρεῒσθαι,
2667 1275 2765 1328 καὶ
2814 1277 2946 1328 τότε
2989 1273 3096 1328 τὸν
3129 1275 3464 1327 ἐπίσκοπον
3509 1269 3750 1340 δοκιμά-

2183 1362 2318 1427 ζειν,
2353 1365 2390 1430 ἣ
2411 1365 2507 1419 καί
2534 1365 2970 1430 συναινοῦντος
2999 1365 3158 1431 αὐτῷ
3186 1363 3292 1418 τοῦ
3317 1361 3599 1430 ἱερατείου
3632 1377 3752 1430 χει-

2173 1453 2446 1520 ροτονεῖν
2499 1456 2566 1508 ἐν
2618 1457 2772 1526 μέσῃ
2825 1454 2900 1524 τῇ
2935 1455 3260 1522 ἐκκλησίᾳ,
3311 1453 3600 1520 παρόντος
3640 1451 3748 1505 τοῦ

2179 1547 2352 1610 λαοῦ,
2383 1547 2480 1600 καί
2513 1547 3016 1616 προσφωνοῦντος
3046 1545 3154 1599 τοῦ
3185 1545 3542 1606 ἐπισκόπου,
3570 1545 3621 1597 εί
3651 1544 3750 1596 καί

2181 1641 2212 1690 ό
2245 1637 2394 1702 λαὸς
2435 1637 2681 1690 δύναται
2718 1634 2876 1699 αὐτῷ
2913 1634 3252 1704 μαρτυρεῖν.
3307 1632 3648 1700 Χειροτονία
3683 1629 3755 1683 δὲ

517 1729 857 1795 pra’sentibus
908 1727 1108 1780 sanctis
1157 1725 1514 1778 ordinationes
1567 1724 1682 1792 ﬁeri
1732 1725 1784 1775 in
1825 1723 2074 1776 ecclesiis.

2192 1729 2472 1796 λαθραίως
2499 1727 2584 1796 μὴ
2615 1727 2886 1796 γινέσθω.
2926 1725 3040 1794 Τῆς
3064 1727 3172 1796 γὰρ
3211 1725 3568 1790 Ἐκκλησιάς
3593 1721 3756 1789 sipri-

519 1820 582 1874 ἔτι
610 1821 812 1889 regione
847 1830 1021 1872 autent
1062 1819 1109 1872 si
1146 1819 1237 1888 qui
1281 1819 1410 1882 sint,
1453 1817 1542 1888 qui
1576 1817 2074 1869 communicantium

515 1911 706 1963 animis
763 1908 1304 1971 communicauerint;
1363 1923 1466 1960 non
1525 1906 1680 1958 aliter
1747 1903 2075 1968 ordinentur,

513 2015 670 2056 quam
701 1998 793 2061 iis,
833 1999 922 2068 qui
958 2007 1080 2052 sunt
1107 2012 1220 2050 vere
1250 1995 1528 2048 orthodoxi
1550 1994 1746 2052 clerici,
1772 1994 2080 2046 examinan-

517 2091 676 2151 tvbus,
713 2099 966 2156 pnesente
991 2103 1175 2140 rursus
1208 2088 1466 2155 episcopo,
1502 2095 1551 2138 et
1573 2092 1878 2152 prwsentem
1910 2099 2077 2152 popu-

519 2197 624 2248 lum
659 2179 970 2248 alloquente,
1005 2195 1068 2232 ne
1093 2177 1384 2231 intercedat
1417 2176 1598 2245 aliqua
1625 2176 2012 2228 circumventio.

2172 1837 2246 1886 νη
2256 1837 2289 1870 ν
2301 1820 2560 1886 ἐχούσης
2575 1819 2784 1886 πρέπει
2800 1820 3110 1886 παρόντων
3121 1815 3238 1869 τῶν
3252 1815 3430 1885 ἁγίων
3444 1813 3550 1878 τὰς
3563 1829 3754 1881 χειρο-

2172 1909 2372 1974 τονίας
2403 1910 2501 1962 ἐπὶ
2548 1909 2677 1975 ταῖς
2705 1909 3056 1978 ἐκκλησίαις
3096 1909 3384 1978 γίνεσθαι.
3432 1905 3534 1958 Ἐν
3573 1903 3642 1956 δὲ
3678 1902 3755 1971 τῇ

2173 2000 2392 2066 ὲνορίᾳ,
2419 2003 2471 2052 εὶ
2494 1999 2612 2068 μὲν
2633 1998 3110 2066 κοινωνήσαντές
3137 1999 3258 2052 eici
3281 2015 3438 2062 τινες
3467 1995 3599 2061 ταῖς
3633 1993 3756 2048 τῶν

2178 2090 2671 2158 κοινωνησάντων
2724 2090 3002 2160 γνώμαις,
3039 2089 3125 2160 μὴ
3161 2089 3361 2154 ἄλλως
3404 2085 3754 2158 χειροτονεί-

2180 2185 2444 2248 σθωσαν,
2474 2182 2631 2235 ἀλλὰ
2665 2181 2783 2234 τῶν
2815 2179 3052 2248 ἀληθῶς
3090 2181 3420 2249 όρθοδόξων
3457 2174 3753 2246 κληρικῶν

515 2270 960 2339 δοκιμαζόντων,
990 2270 1284 2337 παρόντος
1309 2267 1494 2322 πάλιν
1546 2267 1650 2320 τοῦ
1674 2268 2009 2320 ἐπισκόπου
2043 2269 2138 2323 καί
2177 2275 2679 2342 προσφωνοῦντος
2716 2275 2961 2341 παρόντι
2991 2271 3072 2339 τῷ
3109 2272 3258 2340 λαῷ,
3287 2275 3386 2327 ἵνα
3443 2270 3528 2342 μὴ
3559 2269 3756 2340 μέσον

515 2364 833 2434 περιδρομή
859 2382 949 2428 τις
980 2363 1222 2433 γένηται

588 2477 782 2532 BALS.
817 2477 890 2532 De
931 2479 996 2534 iis
1036 2477 1130 2548 qui
1167 2478 1224 2531 in
1283 2477 1430 2538 clero
1479 2477 1764 2532 ordinandi
1821 2485 1951 2532 sunt
1993 2476 2084 2530 dat

517 2579 730 2643 typum,
766 2579 820 2625 et
853 2569 986 2624 dicit
1021 2569 1164 2638 quod
1195 2578 1410 2638 oportet
1445 2585 1566 2624 eum
1599 2571 1692 2640 qui
1723 2580 1806 2624 est
1835 2570 2086 2624 ordinan-

519 2666 622 2720 dus
653 2679 683 2717 a
727 2671 842 2717 toto
887 2661 1078 2716 ordine
1123 2660 1448 2716 sacerdotali
1489 2662 1637 2730 eligi,
1677 2662 1779 2716 llOC
1818 2670 1922 2726 est,
1951 2677 2088 2715 una-

520 2754 654 2808 nimi
683 2769 952 2808 consensu
985 2754 1272 2822 approbari
1309 2762 1360 2806 et
1387 2751 1666 2822 praeferri,
1698 2763 1751 2806 et
1779 2767 1903 2807 cum
1939 2753 2087 2822 ejus-

523 2845 666 2900 modi
697 2845 938 2900 delectus
972 2844 1040 2898 de
1081 2859 1146 2898 co
1193 2843 1369 2912 iactus
1409 2843 1592 2906 fuerit,
1631 2855 1760 2897 tunc
1803 2845 1980 2913 ipsum
2017 2843 2087 2897 ab

519 2941 775 3009 episcopo
825 2937 1145 2998 examinari,
1180 2943 1233 2989 et
1271 2935 1487 3005 quando
1541 2934 1617 2988 illi
1660 2949 1876 3004 quoque
1925 2933 2086 2986 homo

2259 2477 2452 2530 ΒΑΛΣ.
2487 2478 2620 2548 Περὶ
2636 2477 2743 2530 τῶν
2775 2476 3074 2548 μελλόντων
3096 2479 3514 2550 χειροτονεῖσθαι
3533 2485 3590 2534 ἐν
3615 2483 3716 2554 κλή
3733 2513 3755 2526 ο

2191 2587 2269 2640 ρῳ
2316 2569 2493 2622 δίδωσι
2537 2569 2726 2634 τύπον,
2781 2569 2874 2622 καί
2916 2587 3080 2642 φησιν
3111 2571 3194 2623 ὃτι
3246 2571 3325 2622 δεῖ
3374 2573 3464 2624 τὸν
3493 2573 3756 2644 μέλλοντα

2189 2661 2604 2730 χειροτονεῖσθαι
2630 2661 2779 2732 παρὰ
2802 2663 3001 2726 παντὸς
3027 2663 3288 2734 ἱερατείου
3317 2665 3603 2735 αἱρεῖσθαι,
3634 2668 3755 2722 ἀντὶ

2189 2753 2283 2804 τοῦ
2313 2751 2697 2822 προκρίνεσθαι
2737 2751 3056 2824 συμφώνως,
3097 2755 3238 2808 οὕτω
3268 2756 3324 2808 δὲ
3371 2757 3752 2828 προκριθέντα,

2189 2842 2307 2896 τότε
2354 2843 2739 2914 δοκιμάζεσθαι
2787 2845 2948 2898 αὑτὸν
2993 2846 3140 2917 παρὰ
3171 2847 3261 2900 τοῦ
3309 2850 3626 2912 ἐπισκόπου,
3663 2853 3756 2904 καὶ

2191 2937 2277 2988 ὅτε
2305 2937 2536 3006 κάκείνῳ
2558 2936 2694 3000 δόξει
2718 2940 2748 2990 ὁ
2769 2937 3050 3010 ἄνθρωπος
3075 2940 3372 3010 ἐπιτήδειος
3409 2943 3488 3002 εἰς
3514 2959 3753 3012 χειροτο-

522 3029 672 3086 visus
701 3032 860 3085 fuerit
896 3039 1054 3100 aptus
1090 3038 1148 3083 ut
1177 3028 1484 3090 ordinetur,
1513 3034 1642 3078 tunc
1689 3039 1811 3078 eum
1843 3023 2088 3076 ordinari

2192 3031 2328 3096 νιαν,
2359 3032 2479 3084 τότε
2534 3033 2954 3103 χειροτονεῖσθαι
2999 3034 3294 3086 συναινέσει
3325 3034 3418 3086 τοῦ
3464 3037 3753 3108 ἱερατείου,

521 3136 794 3175 consensu
841 3119 1190 3175 sacerdolalis
1223 3118 1451 3176 ordinis.
1491 3123 1754 3185 praesente
1783 3113 1948 3169 etiam
1987 3127 2087 3182 po-

525 3211 672 3279 pulo.
700 3211 810 3264 Cur
845 3218 1024 3263 autem
1068 3209 1224 3272 dixit,
1263 3225 1385 3261 cum
1423 3206 1782 3260 ordinandum
1817 3219 2088 3258 consensu

525 3300 876 3356 sacerdotalis
900 3300 1146 3355 ordinis?
1167 3298 1300 3352 Nam
1333 3313 1456 3352 cum
1486 3312 1516 3350 a
1547 3296 1870 3352 sacerdotali
1901 3295 2092 3350 ordine

523 3395 728 3448 electus
761 3402 866 3455 est,
892 3392 958 3446 ad
982 3391 1379 3446 ordinationem
1408 3403 1713 3444 consensus
1741 3403 1849 3442 non
1878 3389 2093 3442 videtur

523 3499 646 3539 esse
679 3483 1045 3538 necessarius.
1080 3480 1186 3536 Sed
1211 3491 1296 3536 est
1315 3480 1612 3535 verisimile
1638 3494 1798 3550 posse
1828 3491 1952 3550 post
1983 3481 2093 3533 ele-

523 3575 760 3628 ctionem
785 3569 990 3642 aliquid
1012 3571 1272 3642 temporis
1297 3572 1644 3640 praeteriisse,
1669 3580 1722 3626 et
1751 3586 1847 3627 eos
1878 3573 2092 3626 interim

525 3666 620 3735 qui
670 3664 1034 3718 ordinandum
1084 3661 1444 3733 praejudicaut
1503 3663 1795 3719 rescivisse
1847 3661 2093 3733 aliquid,

526 3759 670 3830 quod
717 3759 843 3828 ejus.
892 3757 1288 3813 ordinationem
1338 3755 1641 3826 prohibeat.
1666 3755 1732 3809 Et
1795 3755 1918 3812 ideo
1965 3756 2099 3809 dicit

527 3855 674 3922 ipsos
697 3850 1030 3914 consentire,
1050 3857 1103 3904 et
1139 3847 1267 3902 dum
1289 3849 1574 3902 ordinatur
1594 3849 1850 3919 pepulum
1883 3863 2098 3917 quoque

527 3947 596 3999 ab
622 3945 877 4014 episcopo
907 3942 1253 4012 interrogari,
1288 3956 1356 3994 an
1379 3941 1574 4011 dignus
1603 3941 1694 4005 sit,
1737 3941 1822 3994 cui
1853 3940 2098 3994 testimo-

530 4041 678 4093 nium
703 4037 878 4091 ferant
908 4035 978 4090 ad
1018 4034 1443 4089 ordinationem.
1469 4032 1759 4089 Dissuadet
1791 4039 1992 4094 autem,
2031 4049 2098 4086 ne

531 4132 660 4182 tiant
692 4127 1069 4182 ordinationes
1109 4121 1484 4178 clandestinae.
1519 4123 1652 4178 Cum
1693 4123 1860 4184 enim,
1899 4123 2094 4192 inquit,

530 4235 632 4286 pax
661 4227 745 4272 est
773 4220 827 4270 in.
869 4215 1134 4281 Ecclesia,
1179 4213 1388 4269 scilicet
1417 4229 1540 4267 cum
1577 4229 1722 4268 nunc
1766 4230 1874 4267 non
1903 4223 1986 4268 est
2017 4214 2098 4266 di-

529 4309 684 4362 visus
705 4307 938 4377 populus
957 4305 1300 4360 cessantibus
1317 4304 1636 4369 batresibus,
1655 4305 1747 4360 sed
1769 4313 1895 4360 sunt
1909 4318 2097 4359 omnes

2191 3123 2455 3194 παρόντος
2482 3125 2574 3176 καὶ
2599 3124 2694 3176 τοῦ
2722 3125 2873 3180 λαοῦ,
2900 3127 3051 3179 Διατί
3079 3127 3122 3178 δ’
3155 3121 3292 3189 εἷπε,
3319 3131 3640 3196 χειροτονεῖν
3665 3131 3758 3181 αὐ-

2189 3213 2279 3266 τὸν
2305 3215 2608 3267 συναινέσει
2631 3214 2724 3268 τοῦ
2754 3217 3040 3286 ἱερατείου;
3059 3217 3210 3269 Ἐπεὶ
3229 3217 3334 3286 γὰρ
3360 3215 3576 3288 ἐξελὲγη
3604 3218 3757 3288 παρὰ

2189 3303 2284 3357 τοῦ
2327 3305 2614 3373 ἱερατείου,
2647 3307 2680 3377 ἡ
2723 3308 2812 3358 ἐπὶ
2845 3307 3146 3378 χειροτονίᾳ
3173 3307 3470 3370 συναίνεσις
3507 3306 3652 3361 δοκεῖ
3685 3309 3758 3380 μὴ

2191 3393 2464 3459 ἀναγκαία
2514 3389 2668 3448 εἶναι.
2717 3393 2854 3446 Ἀλλ’
2888 3395 3031 3457 εἰκὸς
3079 3395 3266 3466 καιρόν
3311 3413 3432 3450 τινα
3475 3397 3613 3467 μετὰ
3663 3398 3760 3466 τὴν

2193 3483 2421 3554 ἐκλογὴν
2437 3485 2743 3554 παρελθεῖν,
2766 3485 2860 3538 καί¹
2876 3487 2933 3538 ὲν
2944 3485 3022 3555 τῷ
3041 3487 3191 3554 μέσῳ
3212 3487 3413 3554 γνῶναί
3427 3505 3479 3540 τι
3495 3489 3620 3550 τοὺς
3631 3506 3763 3558 προ-

2193 3573 2474 3642 κρίνοντας
2511 3575 2600 3627 τὸν
2635 3573 2892 3645 μέλλοντα
2923 3575 3357 3644 χειροτονηθῆναι
3393 3577 3596 3630 κωλύον
3614 3577 3760 3647 αὐτῷ

2192 3665 2289 3736 τὴν
2305 3667 2654 3736 χειροτονίαν.
2675 3663 2772 3718 Διὰ
2782 3665 2940 3717 τοῦτο
2961 3660 3055 3718 οὖν
3081 3671 3346 3718 συναινεῖν
3373 3667 3568 3730 αὐτοὺς
3583 3685 3761 3738 κεχειο

2196 3757 2556 3827 ροτονημένου
2587 3756 2746 3810 αὐτοῦ
2774 3753 2912 3819 εἷπε,
2946 3757 3037 3809 καὶ
3063 3756 3153 3810 τὸν
3185 3757 3478 3810 ἐπίσκοπον
3519 3760 3612 3812 καὶ
3639 3762 3760 3814 τότε

2197 3853 2530 3919 προσφωνεῖν
2551 3849 2628 3918 τῷ
2644 3848 2775 3918 λαῷ,
2795 3847 3078 3920 ἐρωτῶντα
3101 3850 3148 3900 εἰ
3173 3851 3604 3919 μαρτυρεῖαὺτὸν
3625 3853 3761 3922 πρὸς

2195 3937 2525 4008 χειροτονίαν
2553 3937 2722 4002 ἄξιον.
2759 3937 3032 4009 Λαθραίας
3065 3937 3120 3990 δὲ
3158 3940 3486 4008 χειροτονίας
3520 3940 3760 4007 γίνεσθαι

2197 4029 2510 4098 ἀποτρέπει.
2566 4029 2717 4082 Ἐπεὶ
2763 4032 2890 4102 γὰρ,
2923 4031 3106 4102 φησὶν,
3139 4033 3327 4101 εἰρήνη
3361 4031 3479 4083 ἐστὶ
3507 4033 3658 4104 παρὰ
3687 4038 3751 4105 τῇ

2209 4119 2521 4188 Ἐκκλησία,
2545 4119 2711 4188 ἤγουν
2735 4121 2857 4173 ἐπεὶ
2882 4122 2974 4175 νῦν
3000 4123 3059 4175 ού
3089 4122 3412 4192 μεμέρισται
3434 4125 3462 4174 ὀ
3485 4123 3610 4188 λαὸς
3635 4143 3764 4180 παυ-

2197 4211 2308 4272 θεὶς
2329 4209 2436 4260 τῶν
2455 4208 2734 4276 αἱρέσεων,
2760 4211 2894 4262 ἀλλὰ
2916 4213 3116 4273 πάντες
3147 4214 3242 4283 τῆς
3271 4213 3550 4284 ὀρθοδόξου
3575 4217 3762 4286 μοίρας

2200 4301 2328 4361 εἰσὶ,
2359 4299 2558 4362 πάντες
2589 4301 2716 4370 μιᾶς
2741 4299 2952 4353 ἔσονται
2979 4302 3220 4373 γνώμης.
3251 4305 3343 4356 καὶ
3371 4305 3452 4358 δεῖ
3499 4307 3760 4377 παρουσίᾳ

531 4397 848 4452 orthodoxae
891 4397 1095 4466 partis;
1142 4411 1332 4451 omnes
1389 4396 1552 4449 unius
1591 4403 1752 4450 erunt
1793 4396 2090 4456 sentcntiae,

2199 4389 2306 4442 τῶν
2333 4390 2502 4458 ἁγίων
2529 4391 2643 4462 ἦτοι
2668 4390 2776 4442 τῶν
2805 4391 3013 4444 πιστῶν
3041 4393 3140 4457 τὰς
3161 4397 3494 4467 χειροτονίας
3521 4397 3760 4464 γίνεσθαι

533 4500 586 4544 et
615 4498 824 4560 oportet
862 4489 914 4542 in
947 4488 1234 4559 praesentia
1267 4495 1581 4543 sanctorum
1615 4503 1710 4542 seu
1739 4486 1976 4541 ﬁdelium
2005 4502 2094 4540 or-

533 4581 844 4634 dinationes
874 4580 989 4634 tieri
1034 4580 1089 4634 in
1125 4580 1380 4636 ecclesia.
1411 4578 1648 4633 Sanctos
1691 4587 1872 4632 autem
1916 4577 2097 4630 ﬁdeles

541 4671 848 4742 appellavit,
872 4687 937 4726 ex
961 4679 1150 4725 sancto
1179 4671 1280 4724 hoc
1306 4669 1474 4724 Paulo
1505 4685 1806 4723 assumens.
1833 4667 1921 4718 lite
1951 4667 2096 4720 enim

540 4763 620 4817 sic
650 4761 836 4816 ﬁdeles
869 4760 925 4814 in
947 4761 1063 4816 suis
1096 4759 1354 4830 Epistolis
1385 4759 1637 4828 appellat.
1670 4756 1794 4810 llaec
1829 4757 2008 4824 itaque
2034 4756 2099 4808 de

539 4854 628 4916 iis,
656 4853 750 4922 qui
782 4855 834 4906 in
875 4851 1103 4905 urbibus
1147 4851 1412 4914 habitant,
1462 4849 1672 4902 videtur
1709 4847 1908 4900 dicere.
1939 4843 2010 4900 De
2033 4846 2100 4898 iis

541 4954 744 5010 autem,
769 4943 861 5013 qui
885 4950 1011 4998 sunt
1041 4943 1096 4996 in
1124 4943 1362 5012 regione,
1389 4956 1482 4996 seu
1509 4941 1562 4993 in
1586 4939 1742 4998 vicis.
1772 4938 1922 4999 dicit,
1953 4937 2101 5006 quod

541 5037 794 5106 quoniam
834 5035 992 5090 multi
1020 5034 1186 5090 etiam
1227 5033 1380 5086 inviti
1423 5031 1896 5085 communicabant
1928 5030 2102 5083 luere-

543 5129 698 5193 ticis;
729 5142 914 5180 eorum
957 5132 1135 5180 autem
1169 5123 1324 5176 multi
1356 5119 1590 5174 ﬁdelium
1629 5119 1826 5172 animis
1858 5133 2102 5172 cornum-

545 5217 797 5271 nicabant
834 5218 947 5270 sive
994 5213 1386 5270 conveniebant
1433 5217 1485 5264 et
1537 5209 1972 5264 assentiebantur
2001 5227 2012 5261 :
2045 5208 2102 5262 Si

543 5309 665 5377 quis
687 5323 871 5362 eorum
897 5308 966 5363 sit
991 5303 1324 5359 ordinandus
1351 5303 1407 5356 in
1431 5301 1660 5361 clerum,
1687 5315 1810 5354 eum
1837 5315 1943 5377 non
1967 5301 2102 5354 alias

545 5393 924 5460 ordinandum,
957 5408 1118 5462 quam
1151 5407 1273 5446 cum
1321 5389 1709 5460 approbatione
1753 5368 2098 5454 clericorum,

545 5500 683 5552 quos
713 5491 927 5538 constat
957 5498 1079 5538 esse
1115 5481 1469 5546 orthodoxos,
1501 5487 1767 5550 przesente
1797 5479 1958 5535 etiam
1989 5479 2103 5548 epi-

547 5590 736 5645 sc0po,
765 5584 818 5629 et
851 5575 1158 5644 alloquente
1190 5573 1472 5643 populum,
1509 5582 1569 5628 ut
1610 5570 1864 5644 superius
1896 5571 2101 5624 dictum

545 5676 652 5724 est.
685 5665 808 5722 litec
836 5666 1014 5720 adtem
1045 5664 1178 5720 dicit
1205 5665 1340 5730 ﬁeri,
1368 5681 1435 5720 ne
1465 5665 1762 5725 intercedat
1787 5665 1968 5737 aliqua
1995 5665 2100 5719 cir-

2201 4483 2288 4533 ἐπ⁹
2327 4482 2637 4554 ἐκκλησίας.
2675 4482 2886 4550 Ἀγίους
2916 4481 2974 4535 δὲ
3001 4485 3127 4547 τοὺς
3157 4487 3380 4549 πιστοὺς
3401 4485 3671 4549 ἐκάλεσεν,
3701 4487 3762 4540 ἐκ

2200 4572 2292 4624 τοῦ
2328 4572 2611 4624 θεσπεσίου
2659 4571 2870 4626 Παύλου
2908 4573 3066 4627 τοῦτο
3107 4575 3429 4646 παραλαϐών
3450 4592 3462 4605 ·
3492 4576 3630 4628 οὕτω
3659 4577 3762 4644 γὰρ

2203 4666 2450 4726 κάκεῖνος
2476 4665 2534 4717 ἐν
2557 4668 2675 4728 ταῖς
2708 4665 3042 4730 Ἐπιστολαῖς
3069 4667 3233 4720 αὑτοῦ
3257 4669 3381 4730 τοὺς
3412 4667 3631 4728 πιστοὺς
3651 4667 3761 4716 δνο-

2206 4757 2384 4828 μὰζει.
2416 4759 2599 4813 Ταῦτα
2659 4761 2756 4831 μὲν
2802 4757 2893 4814 οὖν
2923 4763 3050 4834 περὶ
3099 4762 3204 4814 τῶν
3251 4763 3309 4813 ἐν
3343 4761 3556 4814 πόλεσιν
3599 4762 3764 4816 ὄντων

2204 4850 2345 4903 ἔοικε
2378 4850 2575 4918 λέγειν.
2607 4853 2740 4922 Περὶ
2766 4851 2821 4904 δὲ
2851 4852 2956 4904 τῶν
2995 4855 3050 4904 ἐν
3083 4855 3146 4921 τῇ
3187 4850 3386 4922 ἐνορίᾳ,
3427 4853 3542 4922 ἤτοι
3569 4853 3675 4906 τῦν
3709 4855 3765 4905 ἐν

2201 4943 2266 5010 τῇ
2298 4939 2469 5012 χώρᾳ,
2497 4943 2679 5011 φησιν,
2708 4943 2794 4994 ὅτι
2819 4943 2940 4994 ἐπεὶ
2969 4941 3150 4995 πολλοὶ
3180 4945 3290 5004 τοῖς
3313 4943 3606 5014 αἱρετικοῖς
3630 4947 3757 4996 ἐκοισ

2204 5031 2406 5085 νώνουν
2434 5033 2529 5086 καὶ
2558 5034 2800 5097 ἄκοντες,
2831 5032 2938 5085 τῶν
2964 5033 3214 5087 τοιούτων
3242 5034 3298 5086 δὲ
3332 5034 3515 5090 πολλοὶ
3546 5033 3650 5086 τῶν
3679 5053 3764 5088 πι-

2206 5122 2346 5176 στῶν
2378 5122 2690 5176 ἐκοινώνουν
2713 5126 2831 5185 ταῖς
2859 5122 3124 5194 γνώμαις,
3151 5124 3318 5194 ἦγουν
3352 5124 3764 5194 συγκατέϐαινον

2207 5211 2300 5264 καὶ
2335 5213 2595 5284 συνῄνουν
2616 5228 2630 5241 ⁸
2661 5213 2723 5264 Ei
2769 5214 2832 5265 ὲκ
2865 5213 3068 5266 τούτων
3115 5214 3296 5283 μέλλει
3333 5232 3416 5278 τις
3458 5217 3766 5284 χειροτονεῖ-

2207 5301 2330 5356 σθαι
2359 5307 2436 5368 εἰς
2471 5303 2559 5357 τὸν
2593 5303 2810 5376 κλῆρον,
2849 5301 2923 5374 μὴ
2953 5304 3126 5368 ἄλλως
3159 5304 3592 5376 χειροτονεῖσθαι,
3619 5305 3665 5355 εἰ
3697 5302 3766 5374 μὴ

2209 5393 2349 5463 μετὰ
2369 5395 2687 5465 δοκιμασίας
2716 5393 2822 5447 τῶν
2852 5394 3290 5463 ὁμολογουμένως
3325 5392 3619 5463 ὀρθοδόξων
3643 5393 3766 5463 κλη-

2212 5484 2396 5552 ρικῶν,
2423 5485 2684 5555 παρόντος
2709 5485 2803 5538 καὶ
2830 5483 2920 5536 τοῦ
2943 5483 3260 5540 ἐπισκόπου.
3289 5483 3380 5534 καὶ
3403 5481 3769 5553 προσφωνοῦν-

2207 5593 2298 5638 τος
2323 5573 2400 5644 τῷ
2432 5573 2564 5646 λαῷ,
2598 5576 2674 5639 ὡς
2701 5575 2904 5628 ἄνωθεν
2945 5574 3174 5643 εἴρηται.
3210 5573 3252 5622 Τ
3255 5570 3394 5625 αὔτα
3425 5575 3481 5627 δὲ
3511 5573 3654 5642 λέγει
3687 5571 3767 5642 γίο

2206 5666 2409 5733 νεσθαι,
2449 5667 2533 5720 ἴνα
2569 5667 2642 5738 μὴ
2685 5667 2847 5738 μέσον
2878 5664 3100 5733 γένηταί
3133 5679 3216 5726 τις
3254 5663 3574 5734 περιδρομὴ,
3608 5669 3765 5736 ἤγουν
