4054 6206
354 260 420 315 il
1805 252 2145 310 CANONES.
3539 249 3609 305 ἐξ

360 379 539 449 ἀπάτη
567 375 661 431 καὶ
687 373 1032 446 συναρπαγὴ,
1064 373 1157 427 καὶ
1180 369 1524 445 χειροτονηθῇ
1554 387 1635 434 τις
1667 372 1741 443 μὴ
1762 373 1927 442 ὑγιῶς

2036 345 2367 435 οὐωνοιιιὶο,
2395 385 2490 428 seu
2531 373 2683 427 fraus
2710 381 2765 428 et
2798 373 3063 445 abreptio,
3094 383 3147 431 et
3179 375 3465 431 ordinetur
3502 372 3607 429 ali-

360 471 497 543 εχων
519 468 648 539 περὶ
664 466 766 538 τὴν
789 464 991 519 πίστιν.

975 578 1216 634 ΚᾹΝΩΝ
1252 578 1323 633 Z'.

435 675 512 733 Τὰ
524 671 985 745 προσφερόμενα
998 674 1083 737 εὶς
1093 673 1277 740 λόγον
1288 672 1524 736 θυσίας,
1542 670 1690 739 μετὰ
1703 670 1774 724 τὰ
1794 670 1934 723 ἁνα-

352 767 693 836 λισκόμενα
712 766 800 829 είς
818 762 934 830 τὴν
947 760 1068 814 τῶν
1088 760 1438 830 μυστηρίων
1458 759 1687 829 χρείαν,
1708 762 1762 814 ol
1788 761 1934 826 κλη-

349 862 511 932 ρικοὶ
566 854 1105 928 διανειμάσθωσαν,
1154 852 1252 906 καί
1294 851 1447 921 μήτε
1491 853 1935 922 κατηχούμενος

356 954 430 1007 ἐκ
480 953 704 1006 τούτων
750 945 996 1002 ἐσθιέτω
1041 939 1080 1009 ἣ
1126 944 1361 1009 πινέτω,
1410 945 1569 1001 ἀλλὰ
1616 944 1857 1013 μᾶλλον
1880 946 1935 997 ol

361 1041 632 1111 κληρικοὶ
658 1041 754 1093 καὶ
779 1040 833 1093 ol
856 1036 977 1092 σὺν
1008 1034 1211 1101 αὐτοῖς
1235 1036 1435 1089 πιστοὶ
1462 1034 1729 1105 ἀδελφοί.

433 1155 626 1209 ΒΔΛΣ.
667 1153 735 1207 El
758 1169 880 1206 τινα
914 1150 1287 1224 περιττεύουσι
1315 1149 1421 1203 τῶν
1445 1153 1525 1213 είς
1554 1148 1742 1203 θυσίαν
1766 1165 1929 1221 προσ-

360 1247 642 1318 αγομένων
675 1245 824 1317 παρὰ
865 1241 971 1295 τῶν
1018 1241 1245 1310 πιστῶν,
1288 1240 1423 1312 μετά
1459 1241 1526 1294 τὰ
1568 1240 1932 1313 δαπανώμενα

361 1340 444 1402 είς
472 1336 541 1389 τὰ
579 1334 698 1388 θεῖα
752 1333 1047 1404 μυστήρια,
1094 1334 1209 1394 τοῖς
1263 1331 1545 1403 κληρικοῖς
1588 1334 1699 1385 δεῖν
1738 1332 1930 1397 ταῦτα,

361 1432 513 1501 φησὶ,
551 1427 920 1498 διανέμεσθαι,
966 1425 1103 1478 ὥστε
1134 1425 1263 1495 παρ’
1303 1426 1481 1489 αὐτοῖς
1537 1424 1809 1479 ἐσθίεσθαι
1841 1428 1934 1479 καὶ

362 1520 637 1583 πίνεσθαι,
660 1518 754 1571 καὶ
778 1516 926 1589 παρὰ
938 1516 1041 1570 τῶν
1066 1516 1270 1569 πιστῶν
1294 1516 1496 1570 λαίκῶν
1516 1534 1528 1547 ⁸
1560 1520 1669 1581 τοῖς
1684 1518 1739 1572 δὲ
1765 1535 1931 1589 κατη-

361 1614 646 1685 χουμένοις
692 1611 857 1682 μηδὲν
891 1611 947 1677 ἐξ
974 1608 1152 1663 αὐτῶν
1173 1609 1425 1664 δίδοσθαι.
1466 1611 1619 1665 Ἐπεὶ
1642 1610 1746 1683 γὰρ
1771 1629 1934 1683 προσ-

360 1706 605 1777 ήχθησαν
662 1702 736 1773 τῷ
792 1702 1178 1773 θυσιαστηρίῳ,
1218 1703 1315 1755 καὶ
1368 1699 1428 1766 ἐξ
1485 1702 1664 1756 αὐτῶν
1720 1703 1931 1774 μερίδες

2037 466 2164 534 quis
2190 464 2282 535 qui
2313 480 2421 520 non
2455 473 2603 521 recte
2632 467 2799 521 sentit
2818 467 2886 522 de
2912 466 3041 523 inde.

2623 576 2852 634 CANON
2900 576 3007 633 νη.

2108 666 2241 733 Qua:
2270 668 2323 721 in
2344 669 2600 739 sacriﬁcii
2627 671 2885 724 rationem
2912 670 3227 739 offeruntur,
3252 680 3369 740 post
3392 688 3453 725 ea
3484 686 3605 741 qua

2037 760 2089 812 in
2126 763 2495 829 mysteriorum
2521 777 2673 815 usum
2698 770 3114 822 consumuntur.
3143 762 3319 815 clerici
3339 763 3602 826 dividant,

2033 858 2084 902 et
2122 865 2213 903 nec
2251 850 2649 905 catechumenus
2677 866 2743 905 ea:
2774 851 2838 906 iis
2880 851 3118 906 comedat
3157 852 3238 907 uel
3283 852 3463 917 bibat,
3510 855 3603 908 sed

2034 943 2205 997 solum
2230 943 2425 1008 clerici,
2452 954 2502 998 et
2531 945 2619 1011 qui
2652 961 2768 998 cum
2799 946 2875 1000 eis
2907 950 3029 998 sunt
3052 945 3235 1015 ﬁdeles
3267 947 3483 1015 fratres.

2107 1144 2302 1200 BALS.
2334 1144 2392 1200 Si
2426 1161 2532 1216 qua
2568 1158 2757 1202 eorum
2811 1164 2933 1219 qua:
2958 1164 2987 1204 ιι
3018 1149 3269 1207 ﬁdelibus
3298 1151 3365 1207 ad
3401 1153 3594 1208 sacriﬁ-

2032 1239 2177 1291 cium
2226 1237 2548 1301 oderuntur,
2607 1241 3074 1310 superabundant,
3116 1250 3235 1314 past
3278 1258 3342 1300 ea
3376 1259 3499 1314 quae
3548 1245 3602 1298 iu

2032 1329 2214 1383 divina
2237 1329 2495 1399 mysteria
2513 1339 2937 1396 consumuntur,
2957 1334 3195 1398 clericis,
3229 1334 3426 1406 inquit,
3452 1351 3606 1406 opor-

2032 1429 2108 1476 tet
2134 1436 2196 1475 ca
2243 1421 2507 1485 dividere,
2541 1430 2600 1475 ut
2633 1424 2700 1477 ab
2753 1424 2888 1493 ipsis
2917 1426 3278 1481 eomedantur
3320 1444 3384 1482 ac
3413 1428 3608 1483 biban-

2031 1520 2142 1579 tur,
2177 1521 2229 1566 et
2258 1513 2422 1566 etiam
2471 1527 2501 1567 a
2535 1512 2782 1581 ﬁdelibus
2831 1516 2983 1572 laicis
3008 1534 3024 1581 ;
3054 1519 3465 1574 catechumenis
3508 1534 3606 1573 au-

2032 1610 2139 1656 tem
2169 1603 2303 1657 nihil
2326 1603 2395 1658 ab
2415 1605 2495 1660 eis
2521 1605 2700 1661 detur.
2726 1605 2865 1672 Quia
2895 1609 3037 1662 enim
3067 1609 3223 1663 altari
3247 1611 3427 1665 oblata
3451 1619 3603 1676 sunt,

2032 1705 2086 1749 et
2114 1695 2179 1749 ad
2216 1696 2395 1751 divina
2425 1696 2567 1751 dona
2613 1713 2679 1752 ex
2721 1698 2825 1755 illis
2878 1709 3057 1769 partes
3087 1703 3332 1771 quasdam
3375 1713 3606 1775 sumpta

359 1796 674 1869 ἐλήφθησαν
720 1796 796 1856 είς
835 1793 904 1846 τὰ
947 1792 1066 1845 θεῖα
1102 1792 1269 1864 δῶρα,
1315 1794 1542 1847 κάκεῖνα
1574 1794 1927 1865 ἡγιάσθησαν,

2037 1794 2199 1856 atque
2227 1788 2582 1844 sanctiﬁcata:
2612 1790 2796 1857 luere;
2827 1793 3102 1859 quomodo
3132 1795 3199 1848 iis
3228 1796 3319 1863 qui
3350 1806 3478 1850 sunt
3510 1798 3611 1851 im-

361 1892 483 1952 πῶς
512 1891 576 1942 ὲκ
599 1887 797 1941 τούτων
822 1889 932 1948 τοῖς
952 1884 1323 1957 ἁτελεστέροις
1351 1884 1665 1955 δοθήσονται
1693 1885 1933 1955 δαπανη-

365 1983 675 2053 θησόμενα;
705 1978 783 2031 Τὰ
816 1979 871 2032 δὲ
902 1979 982 2041 είς
1012 1975 1200 2030 θυσίαν
1233 1976 1619 2048 προσαγόμενα
1652 1977 1814 2046 ἄρτος
1840 1976 1934 2030 καὶ

364 2073 508 2139 οἶνός
534 2078 666 2129 εἰσιν
689 2092 702 2104 ·
756 2072 941 2142 ἕτερον
973 2071 1079 2141 γάρ
1116 2088 1168 2123 τι
1211 2070 1580 2142 προσάγεσθαι
1625 2072 1703 2133 είς
1743 2070 1931 2125 θυσια-

362 2168 583 2236 στήριον
622 2165 720 2216 οὐκ
763 2164 993 2229 ἐφεῖται.
1044 2161 1338 2229 Ἀνάγνωθι
1371 2160 1460 2213 τὸν
1510 2166 1551 2228 γ’
1580 2159 1932 2213 ἀποστολικδν

354 2259 576 2317 κανόνα.
613 2256 706 2308 καὶ
753 2254 853 2323 τῆς
882 2255 938 2305 ἐν
980 2252 1057 2324 τῷ
1094 2251 1347 2324 Τρούλλῳ
1381 2250 1595 2305 συνόδου
1638 2250 1736 2319 τῆς
1774 2249 1931 2319 λεγο-

356 2349 527 2421 μένης
563 2345 615 2411 ς’
643 2345 843 2399 κανόνα
872 2350 976 2415 κη’.

960 2454 1197 2506 ΚΑΝΩΝ
1250 2455 1331 2506 H'.

436 2548 675 2616 Ἐπειδὴ
722 2545 905 2614 Ἰέραξ
933 2547 1125 2609 τόνδε,
1165 2545 1383 2598 ὡσανεὶ
1414 2544 1512 2598 ἐπὶ
1537 2547 1785 2616 πορνείᾳ
1805 2547 1932 2602 δια-

359 2642 748 2709 ϐαλλόμενον,
778 2638 890 2690 οὐκ
926 2636 1191 2706 ὀφείλειν
1209 2635 1371 2704 λέγει
1392 2636 1462 2688 ἐν
1494 2631 1573 2701 τῷ
1610 2636 1813 2704 κλήρῳ
1848 2631 1930 2691 ετ-

363 2750 480 2790 ναι.
508 2735 538 2785 ό
566 2730 633 2783 δὲ
653 2729 986 2792 ἐπίσκοπος
1017 2728 1328 2780 Ἀπόλλων
1354 2724 1747 2795 διῖσχιρίζετο
1776 2743 1932 2796 τηνι.

367 2823 576 2885 καῦτα,
617 2819 843 2890 μηδένα
874 2818 1207 2888 κατήνορον
1246 2818 1316 2872 ἐν
1350 2818 1519 2887 μέσῳ
1565 2818 1930 2888 ἐληλυθέναι

362 2916 492 2970 κατ’
517 2912 725 2975 αὐτοῦ,
754 2910 1112 2977 ἐξεταζέσθω
1133 2911 1230 2965 καὶ
1260 2907 1435 2979 οὗτος
1455 2929 1468 2941 ο
1500 2913 1597 2967 καὶ
1621 2915 1673 2967 sl
1690 2912 1809 2983 μὲν
1830 2930 1932 2967 κα-

361 3005 609 3076 τήγορός
656 3022 746 3069 τις
791 3003 1119 3072 ἀναφύεται
1165 3002 1423 3069 πίστεως
1467 3002 1657 3069 ἄξιος,
1713 3004 1814 3058 καί
1864 3004 1930 3058 τὸ

2038 1877 2392 1947 perfectiores
2423 1880 2698 1935 dabuntur
2728 1885 3137 1939 consumenda?
3160 1886 3290 1952 Quae
3327 1894 3507 1943 autem
3536 1887 3607 1942 ad

2038 1968 2366 2023 sacriﬁcium
2403 1969 2723 2036 oll‘eruntur,
2771 1980 2899 2028 sunt
2941 1975 3100 2044 panis
3124 1986 3179 2031 et
3212 1978 3434 2043 vinum;
3469 1980 3608 2034 nihil

2035 2060 2179 2113 enim
2214 2061 2361 2115 aliud
2416 2062 2483 2115 ad
2536 2064 2710 2119 altare
2747 2067 2929 2120 offerri
2983 2070 3334 2136 permittitur.
3371 2071 3511 2142 Lege
3543 2091 3607 2129 ιιι

2036 2168 2235 2208 canon.
2283 2154 2480 2223 Apost,
2521 2164 2575 2211 et
2627 2159 2820 2228 synod.
2864 2160 2917 2213 in
2967 2159 3175 2226 Trullo,
3231 2179 3348 2234 quae
3402 2165 3607 2221 dicitur

2035 2256 2207 2309 sexta,
2238 2261 2435 2301 canon.
2468 2264 2654 2305 XXVIII.

2622 2445 2850 2501 CANON
2890 2444 3024 2502 Vlll.

2107 2540 2371 2605 Quoniam
2407 2539 2611 2594 Ilieraa:
2650 2540 2781 2593 dicit
2809 2542 3087 2611 quemdam
3136 2559 3239 2596 non
3286 2542 3471 2598 debere
3496 2561 3609 2599 esse

2034 2633 2087 2685 in
2113 2631 2272 2695 clero,
2308 2644 2364 2685 ut
2392 2633 2482 2704 qui
2512 2634 2580 2688 sit
2612 2633 2980 2702 fornicationis
3012 2634 3259 2697 delatus;
3288 2636 3477 2704 Apollo
3511 2654 3611 2691 au-

2035 2733 2136 2778 tem
2179 2724 2452 2795 episcopus
2494 2735 2617 2780 tunc
2660 2727 2941 2796 aﬂirmavit
2994 2727 3199 2781 nullum
3246 2738 3608 2783 accusatorem

2034 2814 2284 2868 adversus
2334 2831 2453 2868 eum
2508 2816 2561 2869 in
2610 2816 2839 2869 medium
2891 2818 3226 2885 processisse,
3278 2819 3362 2871 hic
3410 2835 3610 2889 quoque

2029 2908 2398 2961 examinetur:
2427 2914 2477 2961 et
2521 2908 2571 2961 si
2603 2907 2797 2976 aliquis
2826 2908 3036 2977 quidem
3079 2921 3360 2964 accusator
3381 2912 3487 2981 ﬁde
3524 2912 3611 2965 di-

2032 3016 2165 3070 gnus
2223 3000 2484 3066 exoritur,
2528 3009 2578 3054 et
2626 3000 2822 3054 crimen
2873 3002 3131 3071 probatur
3177 3004 3446 3073 productis
3503 3005 3609 3074 ﬁde

354 3099 624 3168 ἔγκλημα
670 3094 1114 3156 ἀποδείκνυται,
1181 3092 1521 3163 φερομένων
1562 3093 1927 3159 ἀξιοπίστων

2032 3092 2207 3163 dignis
2239 3090 2480 3157 testibus,
2513 3090 2754 3147 Ecclesia
2788 3092 3067 3161 ejiciatur;
3096 3095 3176 3149 sin
3211 3106 3388 3150 autem
3417 3097 3606 3170 dignus

347 3189 681 3260 μαρτύρων,
727 3186 838 3255 τῆς
895 3184 1260 3251 Ἕκκλησίας
1310 3183 1724 3239 ἐκϐαλλέσθω·
1765 3186 1817 3239 εί
1863 3183 1932 3239 δὲ

353 3281 460 3335 τοῦ
492 3278 717 3347 κλήρου
752 3276 919 3341 ἄξιός
952 3276 1097 3340 ἐστι,
1132 3275 1229 3329 καί
1267 3276 1363 3329 ἐπὶ
1393 3278 1758 3345 σωφροσύνῃ
1783 3295 1932 3347 μορ-

355 3371 629 3440 τιῳεῖται,
656 3368 884 3439 μενέτω
915 3370 984 3421 ἐν
1007 3369 1211 3433 τούτῳ.

425 3485 620 3538 ΒΑΛΣ.
669 3484 1076 3553 Ἐχειροτονήθη
1099 3500 1181 3547 τις
1228 3482 1506 3553 κληρικὸς,
1540 3479 1656 3537 εἶτα
1674 3482 1929 3556 διεϐλήθη

354 3578 428 3641 ὡς
462 3575 786 3649 πορνεύσας.
816 3575 1040 3642 Ἔλεγεν
1069 3570 1160 3628 οὖν
1201 3574 1374 3646 Ἰέραξ
1404 3592 1510 3639 τις.
1541 3574 1614 3647 μὴ
1636 3574 1746 3628 δεῖν
1769 3575 1930 3629 αὑτὸν

354 3673 411 3724 ἐν
448 3669 633 3740 κλήρῳ
667 3663 844 3721 εἶναι’
879 3668 908 3719 6
935 3666 991 3720 δὲ
1043 3668 1425 3739 χειροτονήσας
1459 3667 1620 3720 αὑτὸν
1664 3667 1929 3739 διῖσχυρί-

355 3765 496 3829 ζετο,
535 3764 653 3832 ἦτοι
695 3762 961 3822 ἐνίστατο,
994 3760 1067 3829 μὴ
1109 3759 1549 3831 κατηγορηθῆναι
1591 3759 1752 3814 αὑτὸν
1779 3760 1931 3831 παρά

353 3873 514 3918 τινος.
549 3856 693 3923 Ἔφη
745 3848 839 3906 οὖν
869 3854 897 3905 6
941 3850 1220 3917 Θεόφιλος,
1255 3852 1334 3903 ὅτι
1382 3851 1726 3921 ἐξετασθήτω
1762 3853 1791 3905 6
1836 3852 1930 3907 ἄν·

354 3948 587 4020 θρωπς,
613 3946 710 3999 καὶ
736 3948 785 3997 εἱ
814 3944 911 4013 μὲν
935 3943 1249 4013 εὑρίσκεταί
1274 3960 1354 4005 τις
1372 3944 1675 4014 κατήγορος
1695 3943 1929 4006 πίστεως

351 4037 497 4103 ἄξιος
539 4040 707 4108 ἡγουν
762 4034 947 4098 δεκτὸς
995 4037 1075 4097 εἰς
1107 4033 1432 4104 κατηγορίαν
1465 4034 1560 4103 (οὐ
1618 4031 1728 4105 γὰρ
1765 4034 1928 4087 παντὶ

354 4132 559 4198 ἐφεῖται
603 4130 928 4198 κατηγορεῖν
968 4126 1301 4197 ἱερωμένων,
1344 4125 1482 4179 κατὰ
1526 4127 1617 4179 τὸν
1652 4134 1704 4191 ς’
1732 4127 1928 4180 κανόνα

350 4220 445 4290 τῆς
476 4219 734 4289 δευτέρας
766 4217 1151 4288 οίκουμενικῆς
1196 4217 1434 4281 συνόδου,
1476 4218 1571 4271 καὶ
1602 4217 1693 4270 τὸν
1730 4217 1928 4272 κανόνα

348 4310 432 4366 κα⁹
477 4311 576 4380 τῆς
630 4310 668 4363 δ’
698 4309 1079 4379 οἰκουμενικῆς
1130 4307 1407 4377 συνόδου),
1456 4307 1774 4378 ἐκϐληθήτω
1829 4309 1928 4380 τῆς

359 4403 680 4474 Ἐκκλησίας
705 4401 842 4471 μετὰ
869 4398 1141 4466 ἀπόδειξιν
1159 4416 1173 4431 ’
1200 4400 1247 4451 εί
1269 4399 1324 4451 δὲ
1354 4398 1506 4451 οὐδὲν
1534 4398 1770 4452 τοιοῦτον
1791 4400 1924 4453 ἁπο-

344 4496 638 4564 διίκνυται,
671 4494 880 4566 μενέτω
912 4496 970 4547 ἐν
996 4492 1075 4563 τῷ
1105 4492 1310 4564 κλήρῳ.

961 4603 1198 4655 ΚΑΝΩΝ
1235 4604 1311 4657 Θ’.

417 4695 599 4749 Ὥστε
628 4693 829 4763 γνώμῃ
862 4693 1088 4760 παντὸς
1116 4694 1403 4763 ἱερατείου
1434 4695 1751 4763 οἰκονόμον
1770 4694 1920 4747 ἀετο-

344 4785 650 4855 δειχθὴναι
666 4784 890 4853 ἕτερον,
913 4783 1005 4852 ἐρ’
1027 4775 1075 4849 ᾧ
1099 4781 1468 4837 συντέθειται
1495 4782 1594 4837 καὶ
1620 4786 1653 4837 ὀ
1677 4782 1921 4837 ἐπίσκο-

339 4896 457 4946 πος
514 4880 829 4933 Ἀπόλλων
874 4877 1023 4945 πρὸς
1072 4876 1137 4929 τὸ
1180 4875 1250 4928 τὰ
1284 4874 1392 4942 τῆς
1430 4877 1796 4943 Ἐκκλησίας
1833 4878 1921 4940 εὶς

337 4969 480 5024 δέον
504 4968 963 5023 ἀναλίσκεσθαι.

408 5062 607 5116 ΒΑΛΣ.
654 5060 712 5113 ’0
740 5060 900 5122 αὐτὸς
932 5056 1156 5128 γνώμην
1183 5058 1348 5111 ἔδωκε
1385 5057 1562 5128 κρίσει
1603 5058 1797 5122 παντὸς
1824 5057 1917 5112 τοῦ

338 5154 607 5226 ἱερατείου
647 5153 739 5207 τὸν
771 5152 1051 5220 οἰκονόμον
1081 5150 1181 5221 τῆς
1222 5151 1524 5221 ἐπισκοπῆς
1564 5151 1828 5220 γίνεσθαι,
1869 5155 1916 5205 εί

335 5249 423 5301 καὶ
447 5250 476 5302 ὁ
492 5247 787 5309 ἐπίσκοπος
809 5241 1257 5312 συγκατατίθεται
1284 5246 1351 5315 τῇ
1370 5243 1544 5313 κρίσει
1562 5242 1653 5296 τοῦ
1681 5242 1881 5317 κλήρου
1899 5262 1913 5275 ·

332 5339 577 5407 γίνεσθαι
620 5340 679 5393 δὲ
719 5340 1026 5410 οἰκονόμον,
1064 5340 1153 5393 ἴνα
1196 5339 1264 5393 τὰ
1317 5340 1417 5409 τῆς
1462 5340 1788 5411 Ἐκκλησίας
1836 5344 1915 5405 εἰς

330 5428 448 5484 δέον
481 5431 825 5486 δαπανῶνται
874 5431 1115 5503 φροντίδι
1153 5432 1384 5485 ἐκείνου.
1411 5430 1522 5501 Τὴν
1569 5431 1627 5485 δὲ
1665 5435 1753 5499 εἰς
1777 5433 1917 5488 δέον

329 5517 593 5592 δαπάνην,
623 5521 685 5574 τὸ
718 5521 846 5589 ἑξῆς
882 5520 1031 5591 δηλοῖ
1060 5520 1367 5589 κεφάλαιον,
1397 5522 1521 5592 ἥτις
1562 5524 1699 5587 ἐστὶ,
1741 5524 1809 5577 τὰ
1835 5526 1913 5589 είς

328 5613 504 5683 χήρας
524 5614 617 5667 καί
642 5614 828 5680 ξένους
853 5614 949 5667 καὶ
973 5614 1209 5685 πένητας
1234 5614 1585 5685 ἀναλώματα.
1625 5616 1915 5671 ’ἰδιοποιεῖ-

334 5703 454 5760 σθαι
478 5704 584 5775 γὰρ
607 5704 673 5757 τὰ
695 5705 792 5774 τῆς
832 5704 1159 5777 Ἑκκλησίας
1179 5707 1285 5759 τινί
1308 5708 1406 5761 οὐκ
1431 5708 1657 5776 ἐφεῖται,
1682 5708 1763 5761 ὅτι
1787 5707 1911 5779 ἀφιη

615 5796 880 5858 Ριιτιιοι..
940 5796 1055 5856 Gn.
1096 5797 1283 5859 LXV.

2031 3192 2111 3238 est
2149 3181 2309 3248 clero,
2340 3192 2390 3237 et
2412 3184 2475 3237 de
2493 3185 2607 3254 ejus
2644 3183 2963 3238 continentia
2994 3185 3349 3241 testimonium
3378 3186 3606 3257 feratur,

2033 3277 2088 3330 in
2113 3293 2172 3330 eo
2206 3287 2435 3345 maneat.

2105 3476 2296 3532 BALS.
2352 3477 2582 3545 Quidam
2639 3478 2923 3533 ordinatus
2972 3486 3058 3535 est
3109 3478 3366 3545 clericus,
3413 3479 3610 3535 deinde

2032 3578 2290 3639 tanquam
2321 3569 2415 3640 qui
2448 3569 2751 3626 fornicatus
2789 3578 2955 3634 esset,
2993 3581 3285 3626 accusatus
3316 3579 3418 3624 est.
3452 3569 3604 3624 Dice.

2030 3662 2124 3715 bat
2147 3677 2275 3734 ergo
2298 3662 2518 3732 quidam
2549 3661 2771 3727 Hierax,
2802 3679 2911 3718 non
2940 3672 3193 3733 oportere
3221 3679 3344 3719 eum
3381 3664 3435 3718 in
3461 3664 3608 3718 clcro

2029 3765 2186 3818 esse;
2224 3752 2272 3807 is
2316 3758 2497 3807 autem
2554 3751 2647 3822 qui
2689 3767 2814 3806 eum
2863 3752 3229 3815 ordinaverat,
3280 3751 3606 3813 allirmabat,

2031 3858 2127 3898 seu
2177 3843 2435 3908 instabat,
2469 3858 2592 3898 eum
2633 3858 2742 3897 non
2787 3858 2909 3899 esse
2950 3842 3019 3897 ab
3047 3843 3230 3907 aliquo
3260 3852 3602 3897 accusatum.

2030 3933 2172 3989 Dicit
2199 3949 2329 4006 ergo
2359 3933 2728 4004 Theophilus:
2764 3934 2936 3988 llomo
2964 3936 3327 3997 esuminetur,
3366 3943 3419 3987 et
3443 3933 3491 3987 si
3522 3934 3606 3987 in-

2030 4025 2248 4080 venitur
2288 4023 2510 4096 quidem
2555 4025 2758 4094 aliquis
2801 4031 3088 4080 accusator
3114 4023 3220 4079 title
3248 4024 3465 4095 dignus,
3504 4040 3605 4080 seu

2029 4119 2122 4189 qui
2156 4120 2226 4174 sit
2257 4119 2322 4174 ad
2352 4117 2722 4174 accusandum
2750 4116 3119 4172 admittendus
3147 4118 3280 4189 (non
3303 4118 3450 4173 enim
3480 4118 3604 4173 cui-

2028 4214 2110 4267 vis
2152 4213 2486 4283 permittitur
2514 4227 2775 4267 accusare
2809 4226 2906 4267 eos
2933 4211 3027 4282 qui
3057 4218 3187 4266 sunt
3224 4211 3277 4265 in
3320 4210 3516 4275 sacris,
3544 4219 3607 4265 ut

2027 4305 2143 4358 vult
2168 4320 2222 4358 vr
2251 4319 2372 4358 cau.
2398 4303 2443 4357 ll
2472 4319 2594 4374 syn.
2628 4305 3003 4367 mcumenicze,
3043 4311 3097 4359 et
3126 4318 3241 4369 XXI,
3281 4301 3346 4357 ιν
3382 4303 3603 4358 univer-

2030 4395 2164 4451 salis
2191 4397 2358 4467 syn.),
2384 4394 2628 4451 Ecclesia
2653 4396 2907 4465 ejiciatur
2929 4405 3052 4467 post
3078 4396 3454 4467 probationem
3476 4412 3490 4462 ;
3515 4396 3602 4452 sin

2028 4495 2204 4542 autem
2231 4486 2365 4541 nihil
2394 4484 2501 4543 tale
2528 4488 2811 4557 probetur,
2838 4498 3054 4544 maneat
3088 4489 3142 4544 in
3178 4489 3346 4543 clero.

2615 4599 2845 4656 CANON
2897 4600 2989 4657 IX.

2097 4690 2166 4745 Ut
2199 4694 2360 4747 totius
2405 4693 2756 4748 sacerdotalis
2790 4695 2993 4748 ordinis
3027 4694 3284 4749 sententia
3328 4692 3469 4745 alius
3517 4705 3600 4740 rc-

2022 4788 2292 4842 nuntietur
2316 4804 2635 4851 teconontus,
2661 4789 2713 4841 in
2742 4804 2845 4858 quo
2888 4786 3075 4857 Apollo
3098 4800 3299 4856 quoque
3325 4784 3597 4852 episcopus

2021 4882 2306 4943 consensit,
2330 4890 2386 4934 ut
2418 4880 2554 4935 bona
2590 4880 2838 4936 Ecclesia:
2864 4881 2918 4934 in
2945 4895 3008 4937 ea
3035 4892 3152 4947 qua:
3177 4883 3376 4944 oportet
3405 4873 3599 4943 impert.

2021 4973 2239 5027 dantur.

2092 5065 2290 5122 BALS.
2320 5066 2465 5127 Idem
2495 5066 2620 5120 tulit
2653 5066 3004 5127 sententiam,
3041 5063 3211 5116 totius
3238 5056 3594 5115 sacerdotalis

2019 5160 2229 5215 ordinis
2250 5159 2459 5229 judicio
2482 5158 2816 5215 ﬁeridebcre
2841 5158 3192 5225 cpiscOpatus
3219 5164 3591 5209 oeconomum.

2019 5251 2067 5306 si
2104 5251 2268 5306 etiam
2302 5250 2593 5320 episc0pus
2635 5248 2970 5303 assentiatur
3012 5242 3142 5297 cleri
3177 5242 3407 5313 judicio.
3449 5236 3595 5294 Fieri

2018 5324 2595 5403 auteul'aaeonomum,
2637 5347 2693 5391 ut
2729 5339 2870 5393 bona
2902 5334 3158 5392 Ecclesia
3192 5333 3338 5387 illius
3375 5343 3506 5386 cura
3539 5327 3594 5382 in

2015 5448 2078 5487 ea
2109 5447 2231 5502 quae
2262 5439 2478 5501 oportet
2507 5429 2910 5498 impendantur.
2946 5426 3084 5494 Quid
3125 5427 3196 5482 sit
3234 5433 3414 5478 autem
3444 5420 3500 5475 in
3528 5435 3596 5475 ea

2016 5536 2136 5591 quae
2164 5529 2378 5591 Oportet
2423 5520 2736 5589 impendere
2774 5532 3011 5588 sequens
3036 5516 3198 5571 docet
3227 5519 3411 5581 caput,
3443 5507 3596 5576 quod

2014 5621 2097 5668 est
2126 5611 2439 5683 impendere
2469 5610 2524 5665 in
2562 5609 2777 5675 viduas,
2804 5611 3050 5681 hospites
3073 5616 3128 5665 et
3160 5616 3446 5679 pauperes.
3486 5596 3596 5653 Na-

2014 5704 2147 5761 mini
2185 5703 2328 5760 enim
2373 5703 2706 5779 permittitur
2763 5706 2903 5762 bona
2944 5702 3199 5759 Ecclesia:
3248 5699 3300 5749 in
3338 5688 3597 5763 proprios

3228 5788 3267 5844 2
