4042 6208
438 266 510 320 κε
1422 259 1795 316 TllEOPHILl
1828 258 2138 316 EPISCOPI
2179 260 2656 319 ALEXANDRINI
3633 264 3703 318 Η

441 401 574 441 usus
592 384 927 450 transferre;
953 378 1155 455 quippe
1174 378 1322 452 quod
1347 387 1563 451 oportet
1582 378 1678 434 Dei
1708 377 2021 433 ministrum

2134 378 2394 452 λάργυρον
2417 378 2499 432 δεῖ
2521 375 2663 434 εἶναι
2693 378 2786 433 τὸν
2811 378 3126 453 λειτουργὸν
3156 378 3252 435 τοῦ
3274 378 3433 446 Θεοῦ,
3459 379 3551 435 καὶ
3580 379 3700 437 οὐδὲ

363 511 382 549 ,
439 492 561 533 esse
587 477 655 531 ab
677 476 913 533 avaritia
936 474 1205 540 alienum;
1234 478 1290 528 et
1321 485 1422 526 nec
1449 470 1518 525 ad
1548 484 1709 525 usum
1736 468 2018 540 proprium

2134 471 2206 535 εἰς
2228 471 2436 526 οἰκείαν
2466 472 2662 543 χρῆσιν
2690 473 2800 536 τοῖς
2828 471 2926 542 τῆς
2956 472 3260 544 ἐπισκοπῆς
3297 473 3582 543 πράγμασι
3612 490 3702 527 κε·-

359 572 383 603 έ
440 571 517 622 uti
550 568 715 623 rebus
741 567 1092 637 episcopatus
1128 563 1390 635 episcopo
1430 561 1785 629 conceditur;
1812 559 1919 616 nisi
1951 558 2021 613 ad

2134 562 2361 634 χρῆσθαι
2396 562 2474 635 τῷ
2503 563 2788 634 ὲπισκόπῳ
2841 561 3278 634 συγκεχώρηται,
3324 563 3373 615 ει
3408 563 3482 635 μὴ
3523 563 3603 625 εἰς
3634 559 3705 615 τὰ

439 673 500 711 ea
530 670 650 726 quae
681 662 812 710 sunt
855 656 1084 709 omnino
1125 650 1463 718 necessaria,
1504 658 1559 706 et
1614 658 1749 705 tunc
1801 649 2019 705 demum

450 747 659 815 mando
695 745 753 800 ei
802 743 952 799 domi
983 742 1185 800 desunt
1228 742 1554 809 facultates;
1599 740 1903 797 secundum
1932 753 2023 793 xu

438 855 563 893 can.
587 844 905 893 sanctorum
927 836 1325 907 apostolorum.
1345 835 1539 902 Quare
1560 849 1683 906 quae
1704 834 1760 888 in
1790 848 1856 889 eo
1885 832 2019 887 scri-

443 943 532 1001 pta
562 939 708 993 sunt,
738 939 796 986 et
824 942 957 986 xxiv
986 944 1112 986 can.
1137 944 1262 1001 syn.
1291 927 1664 985 Antiochense.

1252 1041 1399 1099 NX.

520 1134 790 1193 Vidua-et
833 1042 1591 1209 pauperefthgeljefrinantes
1622 1130 1848 1200 hospites
1882 1128 2024 1183 omni

441 1227 611 1294 quiete
643 1227 895 1296 fruantur
917 1269 934 1298 ,
972 1239 1029 1285 et
1058 1244 1209 1285 nemo
1256 1242 1326 1282 ea
1355 1241 1477 1295 qute.
1501 1233 1624 1279 sunt
1657 1221 1930 1288 Ecclesiae,
1966 1229 2025 1275 ut

443 1333 543 1371 sua
571 1329 817 1398 usurpet.

2127 654 2269 707 πάνυ
2283 655 2575 723 ἀναγκαῖα,
2596 654 2691 709 καὶ
2723 654 2843 708 τότε
2868 654 2956 707 ὅτε
2987 653 3195 709 οἴκοθεν
3220 654 3319 708 οὐκ
3344 653 3565 726 εὐπορεῖ
3590 651 3705 706 τού-

2127 761 2236 798 των
2250 746 2279 799 ὁ
2300 744 2618 809 ἐπίσκοπος,
2636 742 2778 797 κατὰ
2798 742 2889 797 τὸν
2908 749 2996 814 μα’
3026 742 3228 797 κανόνα
3246 742 3354 797 τῶν
3377 740 3544 812 ἁγίων
3567 740 3704 796 ἀπο-

2142 835 2363 891 στόλων.
2393 837 2556 908 Ζήτει
2590 835 2658 889 τὰ
2687 835 2746 889 ὲν
2768 835 2960 906 ἐκείνῳ
2986 833 3364 906 γεγραμμένα,
3391 833 3484 887 καὶ
3508 832 3598 886 τὸν
3626 832 3703 885 κδ’

2128 925 2330 981 κανόνα
2364 926 2463 996 τῆς
2484 926 2542 979 ὲν
2583 925 2883 997 Ἀντιοχείᾳ
2915 924 3155 980 συνόδου.

2758 1039 2997 1093 ΚΔΝΩΝ
3045 1040 3103 1092 l'.

2201 1132 2386 1201 Χῆραι
2417 1132 2515 1187 καὶ
2560 1135 2615 1186 οὶ
2644 1131 2898 1199 πένητες
2922 1132 3021 1183 καὶ
3058 1132 3114 1183 οὶ
3155 1123 3707 1197 παρεπιδημοῦντες

2131 1222 2293 1285 ξένοι
2316 1222 2520 1291 πάσης
2539 1223 2935 1287 ἀναπαύσεως
2959 1218 3450 1285 ἀπολαυέτωσαν,
3472 1215 3568 1271 καὶ
3589 1211 3705 1286 μή-

2132 1330 2222 1381 τις
2249 1314 2321 1369 τὰ
2348 1316 2460 1384 τῆς
2510 1316 2869 1383 Ἐκκλησίας
2899 1312 3317 1369 ἱδιοποιείσθω.

1381 1550 1396 1567 “
1450 1571 1678 1659 ΤΟΥ
1728 1565 2108 1657 ΑΥΤΟΥ
2156 1561 2710 1651 ΑΦΗΓΗΣΙΣ

1598 1752 1738 1824 Περὶ
1763 1751 1871 1806 τῶν
1909 1747 2224 1820 λεγομένων
2254 1745 2551 1817 Καθαρῶν.

999 1980 1357 2044 EIUSDEM
1403 1977 1822 2042 NARRATIO
1866 1974 1974 2036 DE
2016 1972 2119 2035 llS
2159 1970 2295 2044 QUI
2342 1969 2747 2032 DICUNTUR
2793 1972 3178 2034 CATHARI.

2067 2129 2137 2142 -ο

512 2216 822 2275 Declaravit
855 2217 985 2273 mihi
1010 2227 1104 2273 tua
1138 2221 1346 2291 pietas,
1391 2222 1531 2291 quod
1578 2219 1795 2290 quidam
1842 2218 2030 2269 horum

2203 2206 2511 2275 Δεδήλωκέ
2528 2225 2631 2277 μοι
2657 2210 2696 2278 ἡ
2720 2208 2803 2277 σὴ
2826 2209 3127 2274 εὐλάϐεια,
3142 2211 3223 2277 ώς
3253 2214 3408 2279 τινὲς
3435 2213 3552 2267 τῶν
3574 2215 3708 2269 δνο-

443 2311 538 2381 qui
570 2326 627 2365 se
652 2309 915 2366 Catharos
951 2312 1227 2365 nominant
1253 2351 1269 2374 ,
1300 2312 1480 2365 volunt
1506 2313 1574 2364 ad
1603 2308 1896 2363 Ecclesium
1929 2322 2023 2360 ac-

446 2395 646 2453 cedere.
690 2396 957 2463 Quoniam
1001 2413 1124 2466 ergo
1155 2413 1350 2468 magna
1387 2396 1645 2467 synodus,
1676 2412 1794 2464 qua:
1825 2392 2028 2450 Nicwat

445 2487 628 2542 ltabita
657 2495 737 2542 est
763 2503 796 2540 a
825 2486 1028 2540 sanctis
1061 2485 1319 2541 Patribus
1352 2488 1574 2550 nostris,
1604 2486 1815 2549 statuit,
1846 2494 1905 2539 ut
1938 2500 2027 2539 or-

443 2579 695 2634 dinentur
724 2578 816 2648 qui
845 2576 1139 2642 accedunt,
1169 2578 1293 2633 velis
1320 2579 1484 2651 juxta
1511 2578 1647 2633 hanc
1686 2578 1913 2648 formam
1937 2594 2026 2632 eos

444 2669 534 2740 qui
558 2668 626 2722 ad
646 2666 941 2723 Ecclesium
975 2668 1218 2723 accedere
1240 2671 1419 2724 volunt
1439 2669 1709 2732 ordinare,
1738 2670 1786 2724 si
1817 2666 2027 2740 quidem

446 2760 552 2812 vita
583 2774 763 2814 eorum
794 2767 940 2813 recta
968 2768 1069 2827 est,
1099 2767 1150 2813 et
1182 2759 1316 2814 nihil
1343 2761 1417 2816 eis
1447 2759 1777 2816 adversatur.

507 3044 717 3101 'BALS.
759 3044 837 3102 De
866 3044 1187 3103 Novatianis
1221 3046 1593 3117 interrogatus
1630 3052 1716 3099 est
1760 3043 1852 3113 (Ill
1879 3042 2028 3097 enim

449 3147 580 3195 sunt
606 3138 701 3209 qui
738 3138 903 3194 etiam
950 3137 1175 3193 Catbari
1216 3135 1563 3206 dicuntur),
1597 3142 1652 3190 et
1702 3147 2027 3203 responsum

445 3237 554 3297 est,
584 3227 730 3299 quod
752 3229 799 3283 εἰ
831 3226 900 3282 ad
921 3226 1017 3282 Dei
1039 3227 1338 3283 Ecclesium
1365 3225 1656 3290 accedunt,
1687 3225 1812 3295 quia
1834 3237 2030 3294 magna

446 3326 504 3376 et
530 3321 707 3391 prima
730 3318 949 3376 Nicena
979 3320 1226 3391 synodus
1258 3319 1483 3384 statuit,
1521 3327 1581 3373 ut
1606 3318 1644 3372 ii
1683 3317 2028 3380 ordinentur,

450 3414 540 3470 fac
572 3423 627 3469 tu
660 3429 881 3486 quoque
913 3413 1218 3470 secundum
1251 3412 1393 3466 hanc
1424 3410 1655 3466 formam
1685 3409 1803 3465 sive
1833 3423 2033 3465 secun-

449 3506 579 3562 dum
614 3507 780 3564 istum
813 3521 1081 3563 canonem
1102 3546 1117 3572 ,
1170 3512 1226 3561 et
1251 3503 1446 3559 ordina
1474 3517 1571 3559 eos
1600 3502 1695 3572 qui
1724 3500 2029 3566 accedunt;

2121 2299 2426 2372 μαζόντων
2468 2300 2720 2367 ἑαυτοὺς
2751 2301 3061 2371 Καθαροὺς
3088 2341 3103 2366 ,
3161 2305 3520 2371 προσελθεῖν
3560 2308 3710 2372 βού-

2124 2397 2334 2449 λονται
2380 2391 2455 2461 τῇ
2493 2393 2835 2461 Ἐκκλησία.
2879 2392 3114 2463 Ἐπειδὴ
3164 2396 3375 2451 τοίνυν
3406 2398 3444 2463 ἡ
3473 2397 3707 2468 μεγάλη

2125 2480 2387 2547 σύνοδος
2417 2482 2456 2549 ἠ
2488 2479 2777 2551 γενομένη
2806 2482 2878 2536 ἐν
2911 2483 3124 2550 Νικαίᾳ
3153 2484 3313 2552 παρὰ
3358 2483 3479 2538 τῶν
3508 2496 3706 2553 μακαέ-

2119 2573 2269 2642 ριων
2317 2570 2594 2641 Πατέρων
2644 2570 2816 2642 ἡμῶν
2837 2615 2853 2640 ,
2886 2573 3107 2642 ὥρισεν
3123 2616 3137 2640 ,
3170 2574 3328 2629 ὥστε
3359 2575 3708 2645 χειροτονεῖ-

2128 2666 2269 2717 σθαι
2301 2662 2442 2730 τοὺς
2487 2662 3009 2734 προσερχομένους
3032 2704 3048 2729 ,
3090 2664 3358 2734 θέλησον
3402 2667 3550 2721 κατὰ
3599 2667 3710 2720 τὸν

2128 2753 2322 2807 τύπον
2363 2752 2580 2808 τοῦτον
2616 2754 2761 2820 τοὺς
2796 2753 3117 2820 ἐθέλοντας
3147 2754 3587 2825 προσέρχεσθαι
3634 2754 3711 2826 τῇ

2142 2846 2466 2913 Ἐκκλησία
2488 2846 2853 2916 χειροτονεῖν
2872 2888 2888 2912 ,
2915 2846 3037 2917 εἴτε
3077 2850 3111 2900 ό
3132 2826 3275 2914 flor;
3307 2847 3507 2903 αὐτῶν
3537 2849 3711 2918 ὀρθός

2128 2935 2260 2988 ἐστι
2296 2936 2396 2989 καὶ
2426 2936 2624 3005 μηδὲν
2651 2937 2883 3003 τούτοις
2909 2937 3254 2991 ἀντίκειται.

2201 3049 2399 3103 ΒΑΛΣ.
2433 3050 2569 3121 Περὶ
2599 3049 2956 3104 Ναυατιανῶν
2979 3049 3239 3120 ἠρωτήθη
3273 3048 3468 3120 (τοῦτοι
3496 3050 3604 3120 γάρ
3634 3052 3709 3103 εί-

2132 3158 2215 3195 σιν
2263 3141 2312 3194 οἱ
2366 3140 2647 3212 λεγόμενοι
2678 3142 2992 3215 Καθαροὶ),
3030 3141 3124 3195 καὶ
3170 3140 3477 3212 ἀπεκρίθη.
3531 3141 3616 3193 ὅτι
3659 3141 3712 3192 εἰ

2131 3231 2526 3304 προσέρχονται
2556 3236 2621 3306 τῇ
2668 3234 2966 3307 Ἐκκλησία
2985 3275 2999 3299 ,
3029 3235 3152 3288 ἐπεὶ
3185 3237 3219 3305 ἡ
3256 3232 3463 3305 μεγάλη
3496 3231 3709 3296 σύνοδος

2130 3325 2164 3394 ή
2200 3325 2257 3378 ὲν
2280 3324 2487 3396 Νικαίᾳ
2510 3366 2525 3392 ,
2565 3327 2731 3397 ἤγουν
2760 3328 2793 3398 ἡ
2836 3325 3021 3398 πρώτη
3045 3368 3060 3391 ,
3097 3327 3264 3398 ὥρισε
3295 3323 3711 3397 χειροτονεῖσθαι

2130 3414 2328 3479 αὐτοὺς
2347 3455 2361 3480 ,
2396 3417 2539 3470 ποίει
2578 3419 2670 3472 καὶ
2700 3419 2764 3473 σὺ
2795 3418 2939 3473 κατὰ
2960 3419 3051 3474 τὸν
3078 3421 3248 3472 τύπον
3269 3460 3284 3485 ,
3313 3419 3433 3490 ἦτοι
3455 3415 3595 3471 κατὰ
3621 3415 3713 3469 τὸν

2132 3506 2335 3560 κανόνα
2361 3507 2549 3562 τοῦτον
2570 3551 2585 3577 ,
2620 3510 2715 3564 καὶ
2744 3510 3041 3581 χειροτόνει
3067 3512 3194 3574 τοὺς
3223 3507 3711 3581 προσερχομένους.

449 3598 556 3653 nisi
585 3596 807 3669 aliquod
835 3596 1286 3668 impedimentum
1316 3611 1382 3652 ex
1410 3594 1522 3651 vita
1551 3608 1743 3650 eorum
1774 3591 2031 3649 adverse-

2134 3598 2181 3650 εἰ
2210 3598 2283 3670 μή
2318 3616 2370 3652 τι
2399 3598 2628 3671 κώλυμα
2657 3601 2765 3655 ἀπὸ
2811 3601 2905 3654 τοῦ
2958 3600 3073 3672 βίου
3120 3599 3300 3655 αὐτῶν
3329 3599 3512 3662 αὐτοῖς
3559 3597 3710 3649 ἐναν-

450 3697 559 3743 tur.
588 3686 665 3744 De
690 3687 1007 3747 Novatianis
1040 3698 1221 3745 autem
1247 3701 1425 3744 canon
1471 3693 1557 3744 est
1585 3692 1815 3742 octavus
1844 3683 2033 3755 primae

449 3779 665 3852 synodi.

2136 3687 2368 3743 τιοῦται.
2408 3691 2465 3744 '0
2504 3692 2561 3745 δὲ
2595 3693 2721 3764 περὶ
2767 3691 2875 3745 τῶν
2914 3691 3272 3746 Ναυατιανῶν
3308 3689 3487 3745 κανὼν
3536 3684 3713 3758 δγδοός

2139 3781 2256 3834 ἐστι
2285 3782 2383 3853 τῆς
2414 3784 2636 3856 πρώτης
2665 3783 2901 3838 συνόδου.

1130 4010 1359 4097 ΤΟΥ
1415 4010 1792 4098 ΑΥΤΟΥ
1856 4006 2360 4098 ΑΓΑΘΩΝΙ
2414 4010 3039 4136 ΕΠΙΣΚΟΠῼ.

1922 4282 2237 4342 EIUSDEM

1422 4455 2045 4552 AGA'I‘HONI

526 4707 797 4766 Maximus
831 4708 1055 4763 asseruit
1077 4725 1131 4763 se
1156 4706 1407 4763 Ecclesia:
1438 4708 1571 4779 leges
1601 4711 1931 4780 ignorantem
1976 4714 2041 4767 il-
2073 4723 2116 4778 ι)

458 4802 603 4857 licito
632 4799 972 4853 matrimonio
1003 4797 1344 4867 conjunctum
1384 4812 1497 4850 esse
1518 4836 1533 4860 ,
1562 4807 1611 4851 et
1644 4797 1770 4867 quia
1800 4798 1898 4853 hoc
1921 4816 2038 4853 eum

458 4894 600 4949 male
621 4890 776 4946 habet
803 4888 943 4960 quod
972 4904 1076 4942 non
1118 4897 1253 4942 recte
1284 4897 1334 4941 et
1373 4903 1438 4941 ex
1481 4886 1666 4941 ordine
1700 4896 1860 4958 agat,
1900 4890 2041 4959 amr-

461 4988 643 5049 movit,
673 4984 763 5055 qui
793 4989 978 5037 contra
1009 4981 1145 5052 leges
1177 4979 1300 5049 fecit
1337 4995 1430 5049 per
1452 4979 1811 5051 ignorantia»:
1835 5019 1850 5043 ,
1887 4996 1942 5033 se
1973 4980 2038 5033 ab

458 5078 654 5133 illicita
693 5079 813 5133 vita
845 5075 1095 5131 societate
1123 5088 1188 5128 ex
1220 5089 1477 5128 consensu
1514 5071 1879 5127 ubstenturum
1904 5112 1920 5137 ,
1945 5072 2053 5150 illa.

458 5171 620 5224 etiam
645 5168 741 5225 hoc
773 5169 992 5226 volente.
1034 5166 1096 5223 Si
1126 5182 1250 5237 ergo
1281 5164 1585 5235 probaveris
1611 5204 1626 5227 ,
1656 5164 1795 5233 quod
1844 5164 1939 5219 hoc
1978 5180 2044 5219 ex

462 5277 715 5317 consensu
742 5262 1042 5331 faciant,et
1071 5277 1174 5315 non
1195 5258 1393 5329 fallant
1417 5299 1433 5323 ,
1463 5258 1590 5329 quia
1616 5266 1693 5311 est
1725 5265 1923 5326 tempus
1951 5258 2044 5311 de-

463 5351 678 5411 cennale
696 5367 716 5417 ,'
733 5353 778 5407 si
804 5354 1102 5409 consideres
1119 5369 1207 5407 eos
1229 5351 1413 5407 debere
1445 5351 1644 5405 versari
1666 5365 1785 5403 cum
1810 5348 2046 5403 catechu-

464 5445 629 5500 menis
655 5486 669 5509 ,
702 5458 839 5497 nunc
862 5459 948 5496 eos
977 5444 1055 5498 sic
1084 5443 1352 5512 dispenso.
1393 5439 1488 5495 Sin
1524 5449 1699 5493 autem
1742 5438 1883 5492 vides
1905 5437 2044 5507 quod

469 5536 698 5606 decipere
725 5533 883 5596 velit,
936 5542 985 5586 et
1035 5535 1324 5589 acerbitate
1354 5534 1530 5588 adhuc
1576 5532 1632 5586 in
1663 5548 1722 5585 eo
1765 5546 1893 5600 opus
1929 5531 1996 5584 sit
2027 5545 2044 5591 :

458 5632 553 5698 fac
575 5626 630 5683 id
658 5624 796 5697 quod
822 5623 961 5680 Deus
993 5622 1090 5678 tibi
1117 5625 1432 5694 suggesserit
1453 5639 1473 5688 ;
1504 5622 1559 5674 id
1593 5638 1798 5697 semper
1826 5637 2043 5695 sequens

2133 4459 2759 4554 EPISCOPO.

2222 4710 2480 4780 Ἀγνοῶν
2502 4709 2644 4776 τοὺς
2673 4708 3160 4778 τῆςἘκκλησίας
3187 4710 3409 4781 νόμους
3431 4710 3721 4781 Μάξιμος,

2146 4801 2563 4871 διϊσχυρίσατο
2599 4802 2956 4870 παρανόμως
3003 4802 3325 4871 συμϐιώσει
3368 4800 3675 4872 συνῆφθαι
3702 4819 3718 4834 ·

2141 4895 2240 4949 καὶ
2272 4891 2481 4962 ἐπειδὴ
2515 4893 2752 4963 θορυϐεῖ
2795 4893 2982 4947 αὑτὸν
3027 4896 3094 4947 τὸ
3133 4895 3517 4949 ἀσύντακτον
3548 4891 3721 4959 εἶναι,

2141 4984 2611 5050 διεϐεϐαιώσατο,
2631 4984 2839 5054 ἐπειδὴ
2861 4985 3074 5054 ἀγνοίᾳ
3095 4985 3162 5039 τὸ
3190 4986 3536 5058 παράνομον
3554 4987 3724 5056 E690-

2143 5093 2256 5132 σεν
2276 5117 2293 5144 ,
2344 5079 2414 5133 ὲκ
2461 5076 2789 5147 συμφώνου
2838 5075 3170 5147 ἀπέχεσθαι
3215 5077 3328 5146 τῆς
3377 5080 3724 5149 παρανόμου

2144 5168 2528 5237 συμϐιώσεως
2552 5207 2566 5232 ,
2600 5167 2885 5235 κάκείνης
2906 5166 3239 5238 ἀγαπώσης
3266 5168 3460 5223 τοῦτο.
3501 5165 3632 5219 Ἐὰν
3655 5164 3725 5219 δὲ

2145 5260 2355 5315 τοίνυν
2377 5258 2711 5330 δοκιμάσῃς
2729 5299 2743 5326 ,
2775 5260 2863 5314 ὅτι
2890 5260 3066 5314 τοῦτο
3091 5261 3374 5315 ποιοῦσιν
3393 5261 3461 5313 ἐκ
3488 5258 3724 5330 συμφώ-

2144 5366 2256 5402 νου
2286 5348 2384 5403 καὶ
2410 5350 2497 5418 μὴ
2536 5348 2847 5405 ἀπατῶσιν
2866 5394 2880 5420 ,
2914 5351 3121 5421 ἐπειδὴ
3158 5349 3444 5417 ὃεκαετής
3471 5349 3642 5404 ἐστιν
3688 5352 3724 5404 ὁ

2144 5440 2365 5508 χρόνος
2388 5479 2403 5504 ν
2426 5443 2480 5494 εὶ
2506 5441 2755 5509 σκοπεῖς
2779 5446 2932 5514 μετὰ
2971 5444 3086 5498 τῶν
3118 5439 3582 5511 κατηχουμένων
3613 5443 3724 5494 αὐ-

2145 5530 2287 5597 τοὺς
2320 5531 2692 5602 συνάγεσθαι
2718 5573 2733 5596 ,
2774 5535 2920 5602 τέως
2970 5534 3122 5587 οὕτω
3171 5533 3501 5598 διοίκησον.
3532 5534 3610 5597 El
3654 5530 3723 5584 δὲ

2144 5620 2443 5691 συνορᾷς.
2496 5625 2586 5680 ὅτι
2630 5626 2933 5693 ἀπατῆσαι
2961 5625 3274 5692 βούλεται,
3308 5622 3407 5677 καὶ
3437 5619 3620 5676 δεῖται
3650 5618 3719 5669 τὰ
