4054 6206
429 214 503 269 ειῦ
1873 225 2209 285 (ῖΑΝοΝΕε.

3614 254 3687 312 ιδ

429 323 561 380 κατ’
584 323 809 396 αὐτοὺς
842 328 1225 403 ἐπιστύψεως
1246 378 1261 401 ,
1302 337 1446 407 ὅπερ
1483 341 1517 394 ὁ
1554 343 1700 410 Θεὸς
1732 346 1996 416 ὑποϐάλῃ

2112 346 2251 415 quod
2289 348 2343 402 in
2372 364 2470 404 asa
2497 361 2576 406 est
2614 354 2815 425 vimque
2845 357 3057 416 obtinet.
3102 360 3245 417 Nam
3284 381 3401 421 cum
3429 367 3497 423 iis
3525 368 3599 425 sic
3629 371 3684 425 in

431 436 529 523 σοι
551 463 567 487 ,
613 423 793 479 τοῦτο
834 429 1099 496 ποίησον
1122 472 1136 495 ,
1169 439 1480 509 πανταχοῦ
1512 441 1660 508 πρὸς
1690 441 1757 494 τὸ
1790 440 1996 510 ἐπέχω

2113 439 2265 509 locis,
2301 457 2481 497 eorum
2512 454 2708 502 mentes
2740 448 2926 506 melius
2954 470 3110 509 noue
3133 466 3298 523 potes.

432 512 858 586 όδητούμενος.
900 522 1031 576 Ἐπὶ
1070 524 1181 593 γὰρ
1208 526 1325 580 τῶν
1351 531 1550 585 τόπων
1573 532 1884 602 τυγχάνων
1903 534 2009 599 τὰς

428 602 667 672 γνώμας
697 607 900 661 αὐτῶν
913 610 1161 680 μᾶλλον
1181 614 1400 671 ειδέναι
1432 619 1709 677 δύνασαι.

498 695 692 749 ΒΔΛΣ.
738 699 992 777 Μάξιμός
1047 721 1165 768 τις,
1198 707 1274 771 ὡς
1320 712 1622 784 παρανόμῳ
1669 715 1832 785 γάμῳ
1884 734 2009 770 συν-

426 787 622 880 αιρθεὶς
643 794 881 858 γυναικὶ,
906 795 1192 867 ἀφωρίσθη
1221 801 1312 854 καὶ
1334 803 1433 874 τῆς
1460 807 1728 872 συνάξεως
1750 809 1846 879 τῆς
1870 810 2008 880 μετά

423 878 548 975 τῶν-
589 882 798 975 πιστῶν
847 884 1082 958 εἴργετο.
1124 891 1185 945 '0
1217 893 1275 947 δὲ
1323 894 1507 965 ἔλεγεν
1534 938 1549 963 ,
1591 899 1673 953 ὃτι
1720 899 1778 955 ὲν
1814 878 2008 975 ἀγνοίᾳ

424 970 647 1065 ἐποίησε
672 974 735 1028 τὸ
774 977 1113 1051 παράνομον,
1141 985 1237 1038 καὶ
1269 984 1488 1058 ἕτοιμός
1530 991 1678 1044 ἐστιν
1704 970 2005 1065 ἀποστῆναι.

422 1061 520 1116 τοῦ
547 1064 746 1135 γάμου.
786 1066 946 1121 τοῦτο
972 1071 1067 1125 καὶ
1094 1073 1194 1143 τῆς
1221 1077 1480 1143 γυναικὸς
1511 1078 1868 1152 βουλομένης·
1904 1061 2007 1138 καὶ

422 1152 607 1223 ἐζήτει
662 1156 1030 1229 ἀφιστάμενος
1062 1162 1336 1234 δεχθῆναι.
1371 1168 1515 1239 Πρὸς
1551 1169 1721 1225 ταῦτα
1772 1169 1866 1226 οὖν
1899 1173 2003 1245 ἔφη

422 1245 454 1296 ό
479 1245 739 1316 Θεόφιλος
758 1290 773 1313 ,
795 1250 872 1314 ὡς
906 1250 974 1305 ἂν
1004 1253 1265 1321 ἐξετάσας
1287 1258 1538 1331 εὑρήσεις
1554 1304 1568 1325 ,
1585 1263 1666 1317 ὅτι
1693 1265 1758 1317 ὲκ
1783 1269 2005 1335 συμφὼ-

421 1352 537 1403 νου,
565 1338 687 1393 ἀντὶ
711 1340 810 1394 τοῦ
846 1343 911 1396 ἐκ
943 1347 1129 1417 κοινῆς
1155 1348 1353 1420 βουλῆς
1377 1391 1390 1416 ,
1420 1352 1743 1422 ἀφίστανται
1769 1356 1859 1409 τοῦ
1903 1357 2003 1426 γά·-

425 1441 529 1494 μου
558 1468 573 1491 ,
614 1430 712 1483 καὶ
758 1432 861 1485 οὐκ
914 1435 1199 1500 ἀπατῶσι,
1249 1439 1534 1495 δεκαετίαν
1586 1446 2002 1516 συνοικήσαντες

420 1517 679 1608 ἀλλήλοις
699 1564 714 1588 ,
746 1524 1006 1599 δυσχερὲς
1035 1527 1164 1594 ἴσως
1199 1530 1266 1585 ἂν
1294 1532 1563 1601 λογίζοιτο
1594 1537 1776 1601 αὐτοῖς
1816 1540 1849 1608 ἡ
1881 1538 2000 1594 διά·

418 1606 602 1677 ζευξις
621 1653 636 1675 ,
666 1614 762 1667 καὶ
791 1617 1001 1688 μήποτε
1032 1619 1335 1678 ἀπατῶσιν.
1363 1623 1425 1675 Et
1460 1629 1713 1691 σκοπεῖς,
1754 1628 1872 1681 ἀντὶ
1903 1628 1997 1681 τοῦ

2182 702 2376 757 ΒᾹΙ.8.
2402 704 2668 764 Maximus
2700 711 2919 781 quidam
2947 752 2963 776 ,
2996 721 3057 768 ut
3112 715 3301 771 illicito
3333 721 3681 778 matrimonio

2111 793 2324 849 mulieri
2355 797 2685 866 conjunctns
2715 813 3030 872 segregatus
3064 805 3261 872 fuerat,
3303 816 3356 863 et
3385 823 3416 862 a
3444 825 3681 884 congre-

2107 885 2326 954 gatione
2351 901 2474 941 cum
2511 888 2761 947 ﬁdelibus
2785 895 3195 963 prohibebatur.
3230 896 3279 954 ls
3309 913 3439 955 vero
3468 901 3683 958 dicebat

2109 991 2167 1030 se
2192 992 2288 1046 per
2321 977 2684 1048 ignorantiam
2716 982 2910 1041 fecisse
2936 997 3127 1042 contra
3156 990 3322 1061 leges,
3347 1000 3402 1047 et
3430 1005 3679 1065 paratum

2106 1082 2228 1122 esse
2260 1068 2330 1124 ab
2379 1070 2485 1126 hoc
2530 1078 2879 1132 matrimonio
2910 1080 3164 1137 recedere
3191 1122 3207 1144 ,
3257 1084 3485 1141 muliere
3514 1087 3678 1141 etiam

2106 1163 2321 1218 volente
2348 1183 2362 1225 :
2392 1173 2446 1220 et
2480 1169 2733 1238 petebat.
2762 1180 2821 1225 ut
2848 1173 2916 1226 ab
2944 1188 3008 1228 ea
3038 1174 3339 1233 abscedens
3367 1179 3683 1235 admittere-

2112 1262 2221 1307 tur.
2254 1254 2336 1309 Ad
2370 1256 2485 1313 haec
2508 1274 2637 1330 ergo
2666 1260 2799 1316 dicit
2828 1260 3185 1334 Theophilus,
3217 1268 3363 1337 quod
3399 1270 3446 1325 si
3495 1272 3678 1342 inqui-

2105 1358 2232 1398 rens
2259 1345 2532 1403 inueneris
2564 1364 2659 1406 eos
2680 1365 2744 1405 ex
2776 1367 3049 1409 consensu
3069 1397 3084 1420 ,
3119 1357 3220 1411 hoc
3252 1366 3369 1423 est,
3401 1362 3679 1416 communi

2103 1437 2369 1501 consilio,
2414 1455 2444 1494 a
2477 1442 2825 1498 matrimonio
2880 1445 3181 1511 absistere,
3235 1456 3289 1505 et
3321 1466 3430 1505 non
3468 1452 3676 1515 fallere.

2103 1544 2226 1583 cum
2258 1530 2444 1588 decem
2479 1534 2640 1590 annis
2670 1536 2835 1591 simul
2882 1539 3277 1606 cohabitarint,
3309 1541 3544 1598 diliicilis
3573 1544 3679 1599 l'or-

2103 1636 2200 1675 san
2237 1622 2304 1677 iis
2353 1623 2652 1680 existimari
2688 1637 2871 1697 posset
2917 1645 2947 1683 a
2983 1645 3042 1685 se
3089 1631 3320 1687 invicem
3352 1632 3674 1702 disjnnctio,

418 1704 468 1755 ei
503 1704 709 1773 κρίνεις
758 1708 895 1776 μετά
919 1710 1029 1763 τῶν
1057 1713 1481 1785 κατηχουμένων
1520 1718 1719 1781 αὐτοὺς
1748 1719 1996 1774 ἵστασθαι

2100 1720 2153 1765 et
2180 1727 2248 1767 ne
2277 1710 2489 1769 fallant.
2519 1713 2576 1770 Si
2609 1718 2942 1782 consideras,
2976 1720 3083 1777 hoc
3111 1730 3216 1787 est,
3251 1723 3299 1778 si
3333 1724 3549 1794 judicas
3577 1742 3675 1783 eos

417 1793 560 1858 τέως
580 1835 595 1855 .
634 1796 804 1863 ἤγουν
836 1800 966 1870 πρὸς
996 1801 1057 1854 τὸ
1083 1803 1278 1875 παρὸν,
1303 1804 1476 1870 οὕτως
1512 1808 1676 1860 αὐτὸν
1707 1809 1994 1879 οἰκονόμη·

422 1898 541 1935 σου.
588 1885 652 1936 Εἰ
679 1886 734 1938 δὲ
763 1892 926 1953 νοεῖς,
960 1894 1124 1963 φησὶν
1148 1934 1163 1957 ,
1195 1896 1277 1949 ὅτι
1326 1897 1469 1951 κατά
1516 1898 1733 1968 ἀπάτην
1778 1899 1995 1967 λέγουσι

426 1972 620 2040 ταῦτα,
656 1981 745 2030 καὶ
770 1980 850 2032 ὅτι
883 1981 963 2035 ἔτι
1012 1984 1220 2040 δέονται
1262 1988 1507 2059 στύψεως
1531 2029 1545 2053 ,
1586 1991 1705 2061 ἢτοι
1729 1990 1997 2060 αὐστηρο-

427 2065 599 2139 τέρων
646 2070 960 2141 ἐπιτιμίων,
992 2077 1217 2149 ποίησον
1248 2081 1386 2152 ὅπερ
1418 2080 1483 2135 ἂν
1526 2082 1555 2134 ὁ
1590 2081 1722 2146 Θεὸς
1748 2082 1994 2154 ὑποϐάλῃ

416 2172 526 2221 σοι,
558 2159 680 2212 ἀντὶ
704 2160 797 2214 τοῦ
827 2163 1066 2239 ὲνηχήσῃ
1093 2167 1171 2239 τῷ
1200 2169 1444 2242 λογισμῷ
1479 2189 1574 2225 σου
1600 2213 1614 2236 ,
1646 2173 1782 2245 ὅπερ
1811 2176 1839 2227 ὁ
1864 2173 1997 2238 Θεὸς

413 2248 712 2322 ὲνθυμήσει
738 2269 818 2319 σε,
843 2257 1118 2329 πανταχοῦ
1146 2259 1283 2331 πρὸς
1298 2261 1360 2315 τὸ
1388 2262 1583 2332 ἐπέχον
1609 2261 1993 2333 ὁδηγούμενος,

411 2339 532 2409 ἦτοι
564 2342 702 2414 πρὸς
725 2344 789 2399 τδ
812 2347 1144 2420 ἐπικρατοῦν
1173 2351 1205 2422 ἢ
1240 2352 1302 2406 τὸ
1329 2356 1674 2422 κατεπεῖγον.

2102 1809 2250 1857 stare
2283 1804 2482 1861 debere
2515 1821 2639 1863 cum
2672 1810 3115 1877 catechumenis,
3152 1830 3334 1881 nunc,
3385 1816 3436 1871 id
3489 1825 3573 1873 est
3617 1818 3673 1872 in

2101 1898 2389 1963 praesentia
2410 1937 2425 1962 ,
2459 1900 2540 1955 sic
2574 1916 2669 1957 eos
2717 1901 2996 1974 dispenso.
3026 1905 3181 1973 Quod
3216 1908 3262 1963 si
3319 1908 3673 1975 intellexeris,

2106 1984 2303 2071 inquit,
2331 1989 2476 2056 quod
2504 2006 2600 2061 per
2624 1994 2870 2050 fraudem
2905 1997 3018 2053 haec
3043 1998 3233 2054 dicunt
3261 2039 3277 2064 ,
3304 2010 3358 2056 et
3389 2002 3538 2071 quod
3579 2004 3676 2059 ad-

2103 2070 2209 2127 huc
2237 2076 2533 2134 acerbitate
2552 2080 2819 2152 indigent,
2843 2100 2940 2140 seu
2963 2088 3336 2147 acerbioribus
3359 2070 3556 2161 poenis,
3586 2092 3672 2148 fac

2097 2164 2242 2233 quod
2275 2165 2416 2222 Dens
2447 2169 2544 2225 tibi
2577 2177 2913 2244 suggesserit
2932 2219 2947 2243 ,
2978 2177 3083 2233 hoc
3106 2188 3221 2245 est,
3250 2189 3357 2237 tuae
3385 2184 3552 2239 mensi
3584 2184 3673 2239 in-

2096 2255 2384 2324 spiraverit
2408 2299 2422 2322 ,
2460 2263 2607 2330 quod
2637 2264 2691 2318 in
2720 2267 2960 2323 animum
2993 2269 3283 2327 immiserit
3319 2271 3495 2338 Deus,
3529 2290 3674 2331 sem~

2097 2362 2195 2439 per
2225 2350 2275 2405 id
2300 2353 2446 2421 quod
2465 2362 2551 2410 est
2579 2356 2633 2410 in
2659 2372 2759 2412 usu
2779 2361 2995 2431 etquod
3018 2363 3163 2420 vires
3182 2365 3391 2421 obtinet
3411 2382 3667 2439 sequens,

2096 2438 2150 2495 id
2185 2450 2290 2507 est,
2323 2445 2468 2515 quod
2508 2449 2683 2521 magis
2713 2458 2797 2507 est
2823 2460 2999 2508 ratum
3031 2469 3095 2510 ac
3125 2457 3387 2513 validum.

1194 2626 1422 2715 TOY
1485 2560 2239 2748 ΑΥΤΟΥΜΞΙΝᾼ
2292 2627 2907 2754 ΕΠΙΣΚΟΠῼ.

1883 2833 1952 2889 EJ
1960 2831 2138 2892 USDE
2144 2835 2192 2890 Μ

1516 2962 1882 3050 ΜΕΝᾹέ
1957 2965 2580 3057 EPISCOPO.

488 3185 751 3254 Νόμιμον
791 3180 1027 3254 πρᾶγμα
1070 3185 1472 3251 πεποιήκασιν
1505 3190 1557 3240 οἱ
1599 3191 1991 3259 πρεσϐύτεροι

2168 3189 2293 3244 Rem
2326 3189 2528 3257 iustam
2572 3190 2803 3258 fecerant
2846 3190 3134 3261 presbyteri
3168 3193 3224 3245 in
3258 3191 3473 3246 Gemino
3510 3210 3668 3262 pago,

412 3276 486 3330 ἐν
510 3278 741 3345 reple-rp
766 3275 841 3344 τῇ
870 3276 1031 3346 κώμῃ
1048 3316 1063 3338 .
1097 3280 1149 3330 εἱ
1176 3279 1456 3346 ἀληθεύει
1484 3278 1523 3346 ἠ
1563 3280 1895 3347 κομίζουσα
1924 3283 1989 3336 τὸ

415 3365 653 3436 γράμμα
698 3366 1064 3433 Εὐσταθοῦς.
1101 3367 1325 3422 Φάσκει
1376 3369 1519 3439 γὰρ,
1570 3369 1660 3423 ὅτι
1696 3370 1994 3439 Κυράδιον

411 3455 750 3512 ἀδικοῦσαν
779 3454 875 3510 καὶ
921 3455 1006 3525 μὴ
1051 3456 1441 3527 βουλομένην
1485 3459 1834 3513 ἀναστεῖλαι
1877 3461 1992 3528 τὴν

411 3548 676 3614 ἀδικίαν,
705 3550 1001 3617 ἐχώρισαν
1029 3549 1139 3618 τῆς
1158 3550 1489 3617 συνάξεως.
1522 3553 1754 3620 Ἐπειδὴ
1784 3538 1992 3608 τοίνυν

412 3635 630 3707 εὖρον,
672 3640 751 3705 ὠς
780 3639 844 3693 τὸ
873 3639 1093 3708 ἑαυτῆς
1115 3641 1306 3696 κακὸν
1334 3645 1749 3713 θεραπεύουσα
1766 3647 1985 3710 ,βούλε-

411 3746 509 3785 ται
550 3731 962 3801 συναχθῆναι,
991 3735 1253 3802 θέλησον
1297 3737 1754 3805 παρασκευάσαι
1798 3739 1992 3806 αὐτὴν

412 3822 746 3878 ἀποθέσθαι
803 3823 1039 3891 πρῶτον
1066 3826 1180 3894 τὴν
1212 3826 1470 3893 ἀδικίαν,
1509 3830 1605 3883 καὶ
1642 3828 1847 3884 πεῖσαι
1887 3848 1992 3899 με·

412 3914 709 3983 τανοῆσαι
735 3955 751 3978 ,
778 3917 857 3969 ἵν’
884 3917 1071 3984 οὕτως
1090 3959 1103 3983 ,
1134 3921 1186 3972 εἰ
1214 3920 1472 3988 συνίδῃς
1520 3922 1607 3975 ὅτι
1655 3923 1816 3992 νόμῳ
1842 3922 1989 3976 Θεοῦ

410 4007 808 4077 προσέρχεται
836 4008 947 4078 τῆς
966 4011 1278 4077 συνάξεως
1304 4013 1624 4083 ὀρεγομένη
1664 4013 1991 4085 ἐπιτρέψῃς

410 4100 610 4168 αὐτὴν
628 4100 780 4169 μετὰ
804 4100 921 4155 τῶν
947 4101 1114 4156 λαῶν
1138 4102 1527 4171 συνάγεσθαι.

482 4190 683 4246 ΒΑΛΣ.
706 4190 948 4247 Γυναῖκα
974 4211 1095 4248 τινα
1119 4194 1388 4266 Κυράδιον
1417 4195 1715 4268 λεγομένην
1746 4199 1841 4253 καὶ
1872 4199 1991 4252 ἀδι-

410 4281 620 4337 κοῦσαν
647 4286 696 4337 οἱ
725 4286 783 4337 ὲν
803 4286 1017 4358 Γεμίνῳ
1048 4288 1405 4359 πρεσῦύτεροι
1430 4289 1713 4361 ἀφώρισαν
1741 4292 1840 4363 τῆς
1864 4293 1991 4346 Ἑκ-

408 4373 675 4443 κλησίας,
714 4377 788 4447 μὴ
818 4377 1163 4448 ἀπεχομένην
1195 4378 1294 4448 τῆς
1316 4380 1546 4444 ἀδικίας.
1580 4381 1644 4433 Ἦ
1682 4382 1759 4445 δὲ,
1788 4381 1875 4435 διά
1899 4384 1990 4436 τὸν

409 4467 741 4537 ἀφορισμδν,
773 4469 1083 4539 ὑπισχνεῖτο
1113 4470 1447 4541 θεραπεῦσαι
1473 4472 1570 4543 τὴν
1606 4472 1820 4527 ἀδικίαν
1848 4516 1862 4539 ,
1898 4474 1991 4528 καὶ

407 4555 577 4627 ἠθελε
609 4557 882 4631 δεχθῆναι.
906 4561 1109 4635 Γράφει
1124 4558 1224 4617 οὖν
1259 4565 1288 4616 ὁ
1319 4563 1575 4631 Θεόφιλος
1596 4566 1732 4638 πρὸς
1759 4567 1848 4619 τὸν
1886 4566 1988 4635 τῆς
2020 4546 2063 4600 D

408 4646 601 4719 χώρας
632 4651 926 4705 ἐπίσκοπον
951 4692 965 4716 ,
997 4653 1078 4707 ὅτι
1110 4655 1539 4723 Παρασκεύασον
1592 4658 1757 4729 αὐτὴν
1793 4658 1990 4712 ἀποθέ-

410 4742 542 4791 συαι
574 4738 785 4812 πρῶτον
815 4741 913 4812 τὴν
944 4740 1176 4808 ἀδικίαν,
1206 4743 1372 4815 ἤγουν
1400 4743 1690 4800 ἀποδοῦναι
1725 4746 1761 4801 ἃ
1791 4746 1989 4812 ἀδίκως

408 4832 703 4903 ἐκτήσατο,
726 4834 817 4887 καὶ
849 4837 1207 4905 μετανοῆσαι,
1241 4837 1363 4890 ἀντὶ
1392 4838 1487 4892 τοῦ
1530 4839 1623 4892 ἐπὶ
1648 4841 1713 4910 τῇ
1744 4840 1991 4911 ἁμαρτίᾳ

405 4924 512 4995 τῆς
556 4923 772 4988 ἀδικίας
808 4927 1274 4999 μεταμεληθῆναι,
1300 4929 1396 4982 καὶ
1426 4929 1683 5001 δεηθῆναι
1730 4931 1823 4984 τοῦ
1854 4931 1987 4984 Θεοῦ

405 5013 681 5084 ἀφεθῆναι
709 5015 845 5088 αὐτῇ
876 5018 936 5070 τὸ
970 5017 1292 5089 ἁμάρτημα.
1324 5019 1433 5073 Καὶ
1475 5018 1646 5073 ταῦτα
1684 5022 1987 5093 ποιησάσης

407 5102 624 5173 αὐτῆς,
655 5107 703 5158 εί
743 5105 992 5177 συνίδῃς,
1039 5109 1318 5172 τουτέστι.
1364 5109 1507 5180 γνῷς
1543 5111 1624 5163 ὅτι
1665 5111 1817 5182 νόμῳ
1856 5112 1991 5165 θεοῦ

406 5195 805 5267 προσέρχεται,
847 5198 1013 5269 ἧγουν
1047 5200 1352 5271 συνειδήσει
1378 5200 1553 5273 ἀγαθῇ
1586 5203 1660 5272 μὴ
1690 5203 1989 5274 ἀνεχομένη

405 5286 746 5357 κεχωρίσθαι
778 5288 876 5358 τῆς
902 5287 1012 5342 τῶν
1058 5290 1264 5343 πιστῶν
1298 5290 1601 5356 συνάξεως,
1627 5291 1713 5344 διὰ
1742 5292 1832 5345 τὸν
1858 5292 1991 5346 Θεὸν

408 5377 512 5431 καὶ
542 5377 617 5449 μὴ
646 5377 712 5432 δι’
746 5379 1008 5450 αἰσχύνην
1033 5378 1357 5451 ἀνθρώπων,
1392 5382 1512 5434 τότε
1535 5381 1825 5453 ἐπίτρεψον
1851 5384 1988 5453 αὐτῇ

405 5467 513 5537 τὴν
542 5467 680 5537 μετά
709 5469 816 5523 τῶν
845 5469 1051 5524 πιστῶν
1078 5469 1222 5523 λαῶν
1257 5470 1472 5535 σύναξιν
1515 5471 1608 5524 καὶ
1645 5472 1901 5524 σύστασιν
1934 5473 1990 5523 ἐν

405 5559 527 5619 τοῖς
570 5556 775 5629 ὕμνοις.

2094 3283 2142 3335 εἰ
2171 3297 2345 3336 verum
2394 3281 2563 3345 dicit,
2593 3296 2709 3349 quae
2758 3280 2925 3349 defert
2961 3284 3164 3338 litteras
3207 3282 3496 3339 Eustathii.
3530 3285 3672 3338 Dicit

2090 3371 2254 3432 enim,
2295 3370 2433 3442 quod
2463 3369 2754 3440 Cyradium
2779 3371 3058 3441 facientem
3090 3373 3366 3443 injuriam,
3392 3391 3483 3429 nec
3514 3375 3579 3428 ab
3612 3392 3670 3429 ea

2092 3463 2341 3517 desistere
2369 3464 2643 3523 volentem.
2670 3480 2703 3517 a
2728 3464 3091 3520 communione
3113 3472 3507 3531 separaverunt.
3531 3466 3671 3533 Quia

2091 3571 2214 3624 ergo
2247 3556 2459 3615 inveni,
2502 3555 2640 3624 quod
2687 3571 2783 3609 suo
2819 3554 2963 3608 malo
3010 3571 3193 3609 curam
3252 3556 3504 3611 adhibens
3561 3559 3671 3613 vult

2092 3646 2479 3700 communicare
2506 3686 2519 3708 ,
2550 3646 2635 3715 fac
2665 3662 2728 3700 ea
2775 3648 2854 3700 ita
2879 3663 2935 3701 se
2980 3658 3245 3715 comparet
3269 3690 3282 3710 ,
3321 3658 3377 3702 nt
3412 3650 3671 3720 injuriam

2090 3738 2316 3803 primum
2348 3737 2608 3807 deponat.
2653 3748 2702 3792 et
2747 3739 3105 3807 pwnitentiam
3135 3756 3287 3808 agere
3331 3742 3385 3794 in
3433 3743 3671 3796 animum

2090 3830 2334 3895 inducat,
2362 3840 2420 3882 ut
2449 3830 2497 3883 si
2525 3830 2603 3884 sic
2629 3829 2970 3889 intellexeris,
3005 3828 3144 3899 quod
3174 3831 3391 3893 accedit,
3431 3848 3665 3886 commu-

2094 3922 2298 3975 nionem
2324 3920 2654 3984 desiderans,
2676 3921 2951 3990 permittas
2983 3922 3029 3974 ei
3058 3930 3115 3973 ut
3140 3937 3254 3974 cum
3280 3924 3483 3987 populis
3514 3940 3659 3977 com-

2091 4013 2336 4068 municet.

2165 4190 2362 4245 BALS.
2400 4189 2676 4244 Mulierem
2706 4188 2996 4260 quamdam
3024 4229 3038 4253 ,
3083 4205 3203 4260 quae
3231 4188 3525 4258 Cyradium
3572 4207 3668 4263 ap-

2091 4282 2429 4352 pellabatur,
2459 4290 2514 4335 et
2540 4280 2799 4351 injuriam
2834 4289 2960 4335 ante
2992 4280 3224 4336 faciebat
3251 4321 3265 4345 ,
3295 4282 3389 4351 qui
3422 4291 3579 4337 erant
3613 4287 3669 4337 in

2093 4374 2322 4429 Gemino
2351 4373 2650 4446 presbyteri
2700 4374 2770 4428 ab
2800 4373 3041 4428 Ecclesia
3083 4383 3501 4444 separaverant,
3541 4390 3664 4430 cum

2094 4465 2163 4520 ab
2202 4465 2400 4534 injuria
2429 4481 2537 4520 non
2567 4466 2886 4521 abstineret.
2918 4463 3010 4519 Illa
3038 4481 3167 4520 vero
3224 4474 3443 4536 propter
3481 4482 3662 4537 segre-

2094 4557 2367 4629 gationem
2403 4558 2763 4627 pollicebatur
2799 4572 2860 4613 se
2888 4556 3104 4627 injuriae
3132 4556 3430 4611 remedium
3468 4556 3658 4610 allatu-

2096 4664 2209 4701 ram
2243 4687 2258 4711 ,
2288 4656 2341 4702 et
2374 4647 2441 4702 ad
2471 4648 2910 4702 communionem
2953 4647 3167 4701 admitti
3197 4647 3428 4700 volebat.
3463 4646 3667 4701 Scribit

2096 4755 2226 4812 ergo
2266 4738 2606 4810 TheOphilus
2633 4740 2697 4794 ad
2727 4741 3042 4810 episcopum
3075 4739 3345 4809 regionis:
3377 4736 3484 4793 Fac
3522 4750 3581 4793 ut
3605 4753 3668 4793 ea

2096 4833 2331 4900 primum
2359 4834 2596 4903 deponat
2628 4832 2883 4901 injuriam
2906 4871 2920 4894 ,
2954 4831 3054 4885 hoc
3078 4837 3160 4885 est
3179 4872 3193 4895 ,
3224 4829 3413 4885 reddat
3460 4843 3525 4883 ea
3550 4844 3671 4900 quae.

2096 4923 2298 4993 injuste
2331 4923 2652 4993 acquisivit,
2683 4931 2736 4977 et
2766 4921 3138 4992 pwnitentiam
3192 4927 3315 4988 agat
3335 4959 3350 4983 ,
3382 4919 3435 4973 id
3458 4927 3544 4973 est
3567 4961 3582 4984 ,
3610 4935 3672 4975 se

2096 5015 2351 5082 iniuriam
2386 5013 2584 5069 fecisse
2623 5029 2764 5084 aegre
2817 5013 2985 5076 ferat,
3018 5018 3073 5065 et
3102 5009 3268 5063 Deum
3302 5015 3422 5064 oret
3455 5017 3515 5063 ut
3564 5011 3667 5065 sibi

2096 5112 2317 5172 peccata
2349 5104 2750 5160 condonentur.
2779 5102 2844 5155 Et
2877 5118 2999 5157 cum
3034 5101 3148 5154 haec
3181 5099 3392 5162 fecerit,
3423 5100 3468 5155 si
3503 5102 3666 5155 intel—

2098 5194 2317 5259 lexeris,
2346 5194 2451 5250 hoc
2482 5205 2603 5259 est,
2646 5194 2690 5248 si
2715 5193 3075 5262 cognoveris,
3109 5188 3255 5259 quod
3279 5190 3404 5260 lege
3449 5189 3541 5245 Dei
3579 5205 3669 5244 ac-

2095 5283 2273 5349 cedit,
2333 5299 2426 5340 sen
2472 5285 2614 5338 bona
2643 5281 3018 5346 conscientia,
3076 5295 3197 5351 quae
3252 5296 3359 5335 non
3397 5280 3498 5335 l'ert
3532 5294 3594 5335 se
3639 5293 3667 5333 ιι

2097 5373 2336 5427 ﬁdelium
2359 5376 2740 5428 communione
2755 5388 2878 5429 esse
2895 5379 3224 5441 separatam,
3239 5379 3463 5442 propter
3475 5369 3640 5426 Deum
3655 5408 3672 5435 ,

2096 5471 2150 5517 et
2181 5478 2289 5517 non
2320 5474 2538 5533 propter
2566 5464 2845 5518 hominum
2874 5463 3135 5535 pudorem
3161 5504 3176 5526 ,
3201 5471 3332 5517 tunc
3359 5462 3409 5516 ei
3444 5465 3673 5532 permit-

2099 5566 2179 5607 tes
2204 5570 2326 5606 cum
2369 5555 2618 5608 lidelihns
2644 5557 2857 5628 populis
2893 5557 3300 5612 communicare
3336 5565 3391 5609 et
3422 5555 3477 5607 in
3512 5554 3675 5626 hym-

2098 5645 2184 5700 nis
2206 5644 2524 5702 consistere.
