4042 6208
312 435 384 492 89
1251 431 1621 490 PROLOGUS
1663 435 1751 489 AD
1791 430 2178 492 EPISTOLAS
2215 427 2640 485 PASCHALES.
3494 426 3564 485 50

316 522 498 587 .taEat
545 522 657 577 τὸν
677 519 848 592 μῆνα
878 518 995 573 τῶν
1024 519 1199 584 νέων,
1241 521 1342 576 καὶ
1369 524 1645 589 ποιήσεις
1677 527 1743 577 τὸ
1779 523 1894 576 Πά-

2005 534 2155 583 rum;
2173 528 2221 571 et
2241 518 2403 587 facies
2426 517 2637 571 Pascha
2666 516 2888 571 Domino
2906 516 3013 570 Deo
3040 527 3128 571 tuo
3150 516 3353 572 decima
3373 528 3568 588 quarta

323 632 448 686 σχα
491 616 692 684 Κυρίῳ
730 611 809 679 τῷ
844 611 965 678 8εῷ
992 626 1111 666 σου
1157 611 1232 680 τῇ
1273 613 1899 682 τεσσαρεσκαιδεκάτῃ

317 704 505 776 ἡμέρᾳ
536 703 643 758 τοῦ
673 701 908 771 πρώτου
933 701 1150 770 μηνός.
1196 702 1358 771 Μῆνα
1403 703 1460 754 δὲ
1492 703 1612 755 νέον
1641 704 1812 773 λέγει,
1840 704 1900 757 δν

319 796 416 849 καὶ
443 792 668 865 πρῶτον
699 791 878 855 καλεῖ,
914 792 973 843 ὲν
996 783 1041 857 ᾧ
1063 790 1351 861 τεθηλότες
1383 793 1432 845 οἱ
1456 797 1661 864 καρποὶ
1690 795 1786 865 τήν
1806 812 1901 865 γε-

320 885 556 955 νομένην
614 883 723 937 τῶν
767 880 1017 935 παλαιῶν
1063 882 1498 953 προσημαίνουσι
1532 883 1895 938 κατάπαυσιν.

333 976 422 1029 Ἐν
450 975 510 1028 δὲ
533 976 601 1045 τῇ
646 969 1222 1045 τεσσαρεσκαιδεκάτῃ
1257 972 1440 1044 ήμέρᾳ
1481 972 1575 1025 τοῦ
1612 973 1779 1044 μηνὸς
1803 971 1897 1027 τοῦ

320 1065 537 1139 πρώτου
565 1061 948 1135 ἐπιτηρεῖσθαι
976 1060 1036 1115 τὺ
1063 1063 1254 1133 Πάσχα
1280 1062 1586 1128 συνέταξεν.
1612 1065 1712 1119 οὐκ
1738 1065 1898 1120 ἄλλου

314 1155 481 1212 τοῦτο
530 1152 715 1226 χάριν,
752 1154 787 1226 ή
831 1153 920 1209 ῖνα
952 1152 1093 1207 κατὰ
1125 1153 1360 1225 μίμησιν
1404 1154 1499 1208 τοῦ
1537 1155 1637 1226 τῆς
1669 1155 1900 1229 σελήνης

320 1249 503 1319 φωτὸς
530 1248 712 1319 πλήρη
748 1244 841 1299 τὸν
872 1244 1003 1298 ῖδιον
1027 1242 1228 1298 κύκλον
1255 1243 1509 1316 ἐχούσης,
1544 1244 1638 1298 τὸν
1670 1244 1772 1316 μὲν
1798 1248 1899 1317 τῆς

317 1340 556 1403 διανοίας
611 1337 876 1410 φωστῆρα
907 1338 1070 1407 ήμεῖς
1098 1335 1304 1391 τέλειον
1345 1336 1580 1408 ἔχοντες,
1629 1339 1688 1392 ὲν
1723 1338 1898 1408 σκότῳ

319 1430 596 1502 ἁμαρτίας
632 1429 706 1500 μὴ
733 1427 1131 1498 διατρίϐωμεν,
1167 1426 1456 1492 θάλλοντες
1479 1427 1537 1482 δέ
1565 1445 1669 1482 που
1699 1446 1895 1482 παντο-

325 1525 553 1579 δαπέσιν
578 1523 817 1593 ἀρεταῖς,
844 1520 942 1574 καὶ
976 1522 1087 1584 τοῖς
1129 1522 1335 1575 τούτων
1371 1519 1622 1585 πετάλοις
1650 1515 1739 1574 οἶα
1772 1537 1897 1592 τερ-

330 1615 439 1669 πνά
468 1614 606 1684 φυτὰ
630 1614 979 1683 σκεπόμενοι,
995 1610 1164 1682 ληῖων
1192 1612 1352 1684 δίκην
1374 1612 1591 1685 φαιδροὶ
1608 1611 1897 1683 διαμείνωο

325 1722 446 1774 μεν.
493 1702 1103 1775 Τεσσαρεσκαιδεκάτην
1149 1701 1205 1755 δὲ
1255 1702 1349 1755 τοῦ
1402 1701 1570 1773 μηνὸς
1601 1702 1781 1771 λέγει,
1832 1702 1893 1755 ού

317 1794 462 1848 κατὰ
494 1793 585 1847 τὸν
619 1794 846 1864 ἡλιακὸν
894 1792 1115 1855 κύκλον,
1152 1790 1290 1845 ἀλλὰ
1331 1792 1474 1845 κατὰ
1510 1793 1610 1863 τὴν
1642 1793 1889 1863 σελήνην.

326 1884 605 1955 Ἐϐραίων
634 1860 749 1959 κάρ
792 1884 993 1947 παῖδες.
1024 1885 1126 1937 οὐκ
1158 1885 1222 1936 ὲκ
1264 1884 1359 1937 τοῦ
1394 1860 1622 1954 ἡλιακοῦ
1667 1860 1889 1956 δρόμου,
1922 1860 1966 1915 Β

315 1975 439 2030 ἀλλ’
490 1976 555 2027 εκ
585 1973 681 2028 τοῦ
730 1975 826 2043 τῆς
867 1974 1096 2046 σελήνης
1143 1973 1347 2028 κύκλου
1381 1976 1472 2028 τὸν
1523 1976 1666 2046 μῆνα
1720 1978 1890 2029 ποιεῖν

322 2066 727 2138 ἑπαιδεύθησαν
748 2083 761 2096 ·
802 2066 988 2137 ἐπειδὴ
1015 2067 1110 2120 καὶ
1138 2067 1165 2120 ὁ
1200 2068 1305 2138 μὴν
1333 2068 1475 2121 κατὰ
1503 2067 1563 2121 τὸ
1593 2068 1764 2138 ὄνομα
1790 2068 1892 2137 τῆς

322 2156 557 2229 σελήνης
584 2156 817 2225 λέγεται.
850 2156 1011 2227 Μήνη
1043 2156 1152 2228 γὰρ
1174 2156 1312 2228 αὕτη
1329 2156 1653 2228 ὀνομάζεται
1684 2156 1889 2211 Ἐλλάδι

314 2251 383 2319 τῇ
418 2250 589 2318 φωνῇ.
616 2248 905 2317 Αἰγύπτιοι
937 2248 1067 2317 γοῦν
1106 2248 1321 2320 πρῶτον
1350 2247 1439 2301 διὰ
1464 2248 1525 2301 τὸ
1549 2248 1640 2301 τὸν
1669 2248 1769 2317 τῆς
1798 2265 1891 2300 σε-

312 2339 487 2411 λήνης
517 2339 718 2412 δρόμον
758 2340 1017 2406 ὀξύτατον
1041 2336 1199 2401 εἶναι,
1233 2341 1330 2393 καὶ
1357 2343 1423 2393 ὲκ
1441 2339 1631 2393 τούτου
1659 2340 1887 2411 συμϐαί-

313 2446 427 2484 νειν
474 2431 688 2503 πλάνην
723 2431 835 2487 τῶν
878 2432 1100 2503 ἡμερῶν
1151 2432 1302 2503 παρά
1338 2448 1450 2485 τισι
1499 2430 1772 2500 γενέσθαι.
1831 2430 1890 2495 ἐξ

313 2520 471 2591 ήλίου
504 2522 604 2585 τάς
625 2521 720 2576 τοῦ
756 2522 926 2594 μηνὸς
959 2522 1174 2593 ἡμέρας
1202 2523 1503 2595 ἐπενόησαν
1533 2521 1888 2593 ψηφίζεσθαι,

317 2611 650 2684 βραδύτερον
677 2613 772 2668 τοῦ
803 2614 905 2682 τῆς
934 2613 1165 2684 σελήνης
1194 2614 1333 2667 κατὰ
1357 2614 1447 2667 τὸν
1470 2613 1663 2668 ἰαυτοῦ
1688 2613 1890 2685 δρόμον

319 2704 658 2774 κινουμένου,
691 2704 879 2768 ὡςκαὶ
907 2703 1209 2776 δυναμένου
1242 2704 1432 2758 τοῦτον
1463 2704 1540 2773 (5)
1568 2706 1696 2775 ῥᾷον
1724 2720 1891 2760 κατα·

322 2792 708 2864 λαμϐάνεσθαι.

397 2885 474 2938 Β.
511 2884 725 2940 Τούτων
766 2886 945 2939 τοίνυν
984 2884 1158 2948 οὕτως
1199 2884 1390 2948 ὄντων,
1438 2884 1622 2939 πολλοὶ
1665 2886 1757 2938 καί
1800 2884 1891 2939 τὸν

320 2977 543 3048 πρῶτον
573 2977 717 3047 μῆνα
746 2976 842 3031 τοῦ
882 2974 1125 3030 ὶνιαυτοῦ
1155 2975 1469 3029 συντέλειαν
1495 2975 1627 3029 δντα
1654 2974 1753 3045 τῆς
1776 2991 1889 3045 χει-

320 3067 545 3139 μερινῆς
567 3069 795 3139 τροπῆς.
815 3067 891 3130 ὠς
918 3066 1135 3139 πρῶτον
1152 3065 1221 3120 δι’
1250 3065 1371 3120 ὅλου
1393 3065 1696 3119 τάττουσιν.
1723 3064 1892 3119 Τοῦτο

313 3156 379 3211 δὲ
418 3158 667 3211 ποιοῦσιν
713 3155 1035 3226 ἀγνοοῦντες
1069 3156 1148 3226 (4)
1189 3157 1220 3208 ὁ
1260 3155 1362 3225 τῆς
1412 3155 1636 3226 ἐαρινῆς
1680 3156 1892 3226 τροπῆς

317 3249 652 3320 ἀρχομένης,
679 3221 803 3320 ἦτίς
840 3248 951 3303 ἀπὸ
978 3221 1216 3319 ﬁsa-156
1256 3221 1328 3317 ιβ’*
1358 3221 1637 3302 καλανδῶν
1682 3221 1892 3321 ’Ᾱπριλ-
1916 3221 1957 3277 c

314 3341 432 3394 λίου
475 3341 769 3412 ειπυγχάνει⁸
798 3342 828 3395 ὃ
868 3342 1020 3395 ἐστιν
1057 3340 1134 3410 (1))
1184 3339 1447 3411 Φαμενὼθ
1505 3347 1601 3403 κε’.
1644 3341 1888 3411 Μαρτίου

317 3438 404 3484 xa'
456 3432 619 3500 (κατά
661 3431 719 3484 δὲ
767 3430 993 3501 Σύρους,
1059 3429 1387 3499 Ἀντιοχέας,
1429 3429 1522 3483 καὶ
1570 3429 1890 3494 Μακεδόνας

314 3523 569 3592 Μαρτίου
592 3528 700 3586 κα¹,
723 3522 967 3595 Δύστρου
1000 3523 1100 3592 μιᾷ
1124 3522 1217 3576 καὶ
1239 3521 1433 3591 εἰκάδι)
1462 3522 1605 3576 κατὰ
1622 3522 1715 3576 τὸν
1741 3523 1891 3595 ήλια-

312 3614 412 3666 ιδν
438 3614 674 3686 δρόμον·
708 3614 777 3685 ήν
811 3616 1095 3685 ἐπιτηρεῖν
1128 3617 1393 3686 προσήκει
1435 3614 1687 3685 μάλιστα,
1724 3618 1891 3685 μήπω

310 3704 518 3776 ταύτης
538 3706 837 3779 κατωτέρω
863 3706 1295 3777 πεπλανημένως
1322 3722 1428 3770 τις,
1455 3706 1552 3777 τὴν
1586 3724 1890 3780 τεσσαρεσ-

312 3795 708 3849 καιδεκαταίαν
780 3796 926 3849 κατὰ
978 3796 1208 3867 σελήνην
1260 3796 1427 3861 τάξας
1476 3795 1753 3871 διαμάρτῃ
1795 3797 1888 3853 τοῦ

314 3885 533 3954 Πάσχα,
567 3885 643 3949 ὡς
672 3886 766 3939 τοῦ
790 3885 1009 3957 πρώτου
1039 3886 1207 3958 μηνὸς
1236 3886 1471 3957 νομίζων
1492 3885 1628 3941 εἶναι
1661 3888 1886 3960 ταύτην.

313 3975 392 4029 Ού
426 3977 537 4048 γάρ
583 3979 645 4029 ὲν
674 3976 753 4047 τῷ
786 3976 1076 4048 δωδεκάτῳ
1123 3978 1255 4049 μηνὶ
1300 3981 1618 4051 χειμερινῆς
1657 3983 1885 4053 τροπῆς,

313 4065 395 4130 ὡς
422 4071 704 4138 προεῖπον,
740 4067 906 4138 οὔσης
934 4070 965 4122 ό
988 4068 1098 4123 τῶν
1135 4070 1273 4122 νέων
1298 4072 1549 4124 τάττεται
1579 4073 1709 4143 μὴν,
1737 4072 1890 4127 οδπω

313 4156 423 4209 τῶν
451 4159 687 4229 καρπῶν
709 4160 819 4214 τῶν
845 4160 981 4213 νέων
1009 4159 1418 4230 πεπονημένων,
1451 4161 1572 4215 οὐδὲ
1594 4162 1889 4234 δυναμένου

314 4250 586 4320 δρεπάνου
623 4253 680 4303 ὲν
710 4251 911 4323 άμητῷ
937 4251 1286 4323 πέμπεσθαι·
1319 4252 1476 4307 τοῦτο
1510 4254 1623 4326 γὰρ
1657 4256 1890 4326 μάλιστα

316 4345 545 4413 σημεῖον
576 4342 670 4396 τοῦ
702 4342 916 4414 πρώτου
951 4343 1116 4414 μηνὸς
1147 4346 1176 4397 ό
1207 4343 1350 4409 θεῖος
1377 4344 1533 4412 ἔταξε
1567 4347 1746 4418 νόμος.

391 4598 469 4652 1".
512 4598 650 4653 Ἀλλ’
685 4601 809 4655 ἐπεὶ
841 4601 1130 4672 συμβαίνει
1159 4601 1430 4671 προφάσει
1466 4602 1563 4672 τῆς
1593 4618 1891 4673 τεσσαρεσ-

314 4691 707 4755 καιδεκαταίας
746 4692 893 4747 κατὰ
921 4693 1153 4763 σελήνην
1178 4691 1272 4747 τοῦ
1296 4693 1459 4746 αὐτοῦ
1479 4691 1697 4763 πρώτου
1724 4692 1893 4765 μηνὸς

316 4781 404 4843 τίς
432 4779 641 4850 πλάνην
681 4780 1059 4850 ἐμπίπτοντάς
1086 4796 1242 4843 τινας
1269 4779 1597 4850 ἀπαντώσης
1630 4780 1802 4849 αὐτῆς
1834 4781 1892 4833 ἐν

320 4868 608 4937 κυριακῇ,
639 4868 674 4937 ἢ
711 4870 766 4920 ὲν
814 4868 1107 4938 Σαϐϐάτῳ,
1144 4866 1421 4940 περιλύειν
1465 4867 1565 4930 τὰς
1604 4870 1889 4938 νηστείας.

313 4958 776 5027 τρισκαιδεκάτης
804 4958 1199 5030 εὑρισκομένης
1221 4959 1340 5013 τότε
1369 4960 1512 5014 κατά
1540 4960 1789 5033 σελήνην,
1817 4961 1891 5027 ὡς

316 5044 447 5108 ξένα
488 5044 581 5097 τοῦ
621 5043 792 5115 νόμου
826 5047 1089 5116 πράττειν
1112 5062 1125 5076 ο
1161 5047 1323 5101 τοῦτο
1351 5051 1570 5102 σκοπεῖν
1601 5050 1888 5120 προσήκει,

314 5138 402 5190 ὅτι
437 5154 540 5207 περ
584 5139 633 5190 εἰ
676 5138 857 5209 συμϐῇ
892 5142 993 5208 τὴν
1022 5137 1192 5208 αὐτὴν
1240 5141 1892 5211 τεσσαρεσκαιδεκαταίαν

313 5228 422 5297 τῆς
458 5229 686 5300 σελήνης
732 5232 791 5283 ὲν
826 5232 1079 5301 κυριακῇ
1120 5231 1485 5301 εὑρίσκεσθαι,
1529 5234 1608 5295 εἰς
1637 5234 1734 5302 τὴν
1765 5233 1892 5302 ἑξῆς

316 5320 593 5390 ἑϐδομάδα
622 5320 841 5390 ἄμεινον
885 5321 1293 5391 ὑπερτίθεσθαι,
1333 5320 1426 5374 δύο
1457 5321 1661 5376 τούτων
1699 5324 1888 5377 ἕνεκα·

318 5410 540 5480 πρῶτον
575 5413 674 5481 μὲν
708 5414 793 5465 ἵνα
828 5413 902 5483 μὴ
942 5412 1453 5485 τρισκαιδεκαταίας
1479 5415 1621 5468 κατὰ
1643 5416 1890 5487 σελήνην,

314 5501 604 5555 Σαὸδάτου
648 5504 771 5557 τότε
807 5505 1220 5576 εὑρισκομένου,
1256 5505 1635 5577 περιλύσωμεν
1665 5507 1765 5571 τὰς
1793 5525 1893 5580 νη-

314 5591 536 5658 στείας
580 5596 719 5668 ὅπερ
751 5598 851 5650 οὐκ
893 5597 1207 5661 ἀκόλουθον,
1261 5596 1356 5651 τοῦ
1393 5598 1556 5670 νόμου
1612 5600 1769 5655 τοῦτο
1817 5610 1892 5675 μή

391 5728 475 5801 (ἓ)
518 5727 853 5801 Xcrtemlum
880 5740 1000 5801 erat
1032 5734 1254 5801 factam.

393 5799 475 5867 (3)
516 5795 679 5854 Forte
705 5799 793 5853 διὰ
821 5799 994 5854 τοῦτο.

2002 608 2088 664 die
2140 611 2329 664 mensis
2382 611 2563 679 primi.
2619 608 2860 663 Mensem
2915 614 3095 662 autem
3146 607 3356 662 Novum
3405 609 3565 673 dixit,

2006 717 2166 772 quem
2203 709 2256 757 et
2286 702 2520 772 primum
2573 707 2755 764 vocat,
2792 700 2846 753 in
2876 713 2987 769 quo
3032 700 3205 753 adulti
3241 699 3452 755 fructus
3485 700 3565 771 (ἰ)

2001 793 2294 849 adventum
2318 807 2478 848 suum
2502 791 2890 862 praenuntiant,
2911 796 3156 845 veterum
3179 793 3565 848 cessationem.

1998 886 2057 939 in
2089 884 2300 938 decima
2324 893 2518 953 quarta
2546 891 2725 938 autem
2755 881 2845 936 die
2874 880 3038 936 istius
3057 880 3217 949 primi
3239 882 3442 937 mensis
3467 883 3567 937 oh-

2001 975 2207 1031 scrvari
2226 974 2435 1029 Pascha
2459 972 2740 1044 praecepit,
2759 987 2868 1027 non
2886 979 3109 1042 propter
3125 971 3287 1024 aliam
3313 986 3561 1037 causam,

2000 1071 2107 1126 nisi
2143 1077 2368 1141 propter
2404 1066 2820 1125 similitudinem
2847 1066 3010 1127 lunae,
3044 1079 3166 1134 quas
3193 1071 3326 1118 tunc
3363 1064 3417 1118 in
3459 1063 3565 1119 ful-

1999 1174 2129 1231 gore
2164 1161 2382 1229 plenum
2411 1157 2571 1212 habet
2605 1156 2822 1227 globum
2843 1153 3151 1225 proprium,
3198 1160 3259 1207 ut
3299 1166 3401 1208 nos
3430 1166 3567 1222 quo-

1997 1266 2105 1321 que
2128 1250 2431 1320 perfectum
2458 1247 2802 1317 splendorem
2835 1244 2955 1300 ﬁdei
2989 1251 3044 1299 et
3066 1258 3263 1299 sensus
3290 1252 3564 1314 gerentes,

1996 1358 2028 1397 a
2056 1343 2264 1413 peccati
2295 1342 2539 1397 tenebris
2565 1352 2932 1411 segregemur,
2957 1347 3012 1393 et
3043 1344 3104 1392 ut
3126 1336 3361 1407 vegetati
3392 1336 3569 1391 diver-

1996 1450 2182 1489 sarum
2215 1436 2484 1488 varietate
2517 1431 2803 1495 virtutum,
2836 1443 3140 1499 earumque
3185 1429 3353 1497 foliis,
3399 1430 3564 1486 veluti

1995 1536 2227 1579 animum
2251 1521 2469 1577 arboris
2501 1520 2917 1577 adumbratione
2941 1520 3122 1585 velati,
3146 1526 3404 1592 tanquam
3436 1521 3567 1576 laeta:

1995 1626 2161 1686 atque.
2227 1614 2528 1670 fructifera:
2590 1621 2802 1684 segetes
2874 1612 3224 1684 puilulemus.
3285 1612 3563 1667 Decimum

1995 1714 2254 1777 quartum
2303 1714 2484 1761 autem
2518 1704 2663 1760 diem
2699 1705 2905 1760 mensis
2935 1704 3193 1774 appellat,
3228 1718 3335 1758 non
3366 1717 3567 1758 secun-

1994 1799 2122 1851 dum
2151 1798 2285 1855 solis
2322 1812 2546 1853 cursum
2569 1836 2584 1859 ,
2633 1795 2727 1852 sed
2760 1794 3059 1851 secundum
3112 1796 3317 1850 lunam.
3355 1794 3561 1849 "(3‘le

1992 1891 2137 1944 enim
2170 1907 2278 1945 non
2300 1906 2365 1945 ex
2397 1890 2529 1946 solis
2558 1904 2746 1956 cursu,
2780 1889 2876 1943 sed
2901 1904 2966 1944 ex
2986 1890 3130 1943 lunae
3146 1887 3299 1958 cyclo
3324 1900 3563 1941 mensem

1995 1979 2108 2034 ﬁeri
2128 1979 2331 2036 debere
2356 1982 2631 2045 dixerunt,
2664 1978 2923 2048 quoniam
2942 1987 2996 2032 et
3027 1978 3231 2032 mensis
3260 1976 3562 2030 secuiidum

1992 2072 2177 2126 lunam
2208 2072 2429 2133 dicitur,
2465 2084 2777 2140 nomenque
2814 2069 3019 2123 Achiva
3055 2069 3239 2137 lingua
3277 2066 3428 2120 Mene
3462 2081 3565 2120 vo-

1991 2171 2172 2217 catur.
2214 2160 2456 2232 Egyptii
2489 2160 2637 2216 enim
2668 2160 2852 2229 primi,
2885 2166 3110 2227 propter
3135 2159 3279 2210 inme
3311 2157 3563 2211 celerita-

1992 2261 2124 2314 tem,
2162 2268 2226 2307 ex
2261 2266 2368 2321 qua
2402 2250 2547 2321 apud
2581 2249 2844 2319 quosdam
2873 2248 3083 2303 dierum
3106 2259 3263 2300 error
3291 2245 3443 2299 nasci
3473 2259 3564 2299 so-

1993 2345 2160 2407 lebat,
2205 2360 2269 2398 ex
2310 2343 2445 2398 solis
2476 2357 2643 2396 cursu
2682 2355 2899 2394 menses
2931 2353 2994 2393 ac
3036 2338 3152 2392 dies
3183 2334 3562 2406 supputaodos

1992 2429 2210 2490 facilius
2256 2432 2636 2497 crediderunt,
2682 2446 2749 2486 eo
2793 2428 2940 2500 quod
2979 2428 3061 2485 sol
3102 2427 3311 2482 tardius
3363 2426 3560 2481 coelum

1989 2539 2153 2596 quam
2197 2525 2323 2578 luna
2372 2524 2697 2588 circumeat,
2746 2530 2910 2592 atque
2954 2519 3075 2575 ideo
3120 2517 3291 2588 possit
3347 2517 3560 2572 facilius

1989 2612 2402 2686 comprehendi.

2061 2871 2123 2927 11.
2144 2871 2240 2928 liis
2263 2871 2431 2943 igitur
2459 2868 2534 2925 ita
2566 2884 2626 2925 se
2652 2868 3001 2935 habentibus,
3033 2869 3187 2924 multi
3217 2879 3267 2925 et
3298 2869 3531 2941 primum

1994 2979 2260 3030 mensem,
2302 2972 2358 3020 et
2391 2963 2448 3018 in
2476 2977 2542 3017 eo
2573 2960 2797 3017 Pascha:
2824 2962 3097 3015 decimum
3132 2969 3387 3030 quartum
3416 2960 3558 3014 diem

1993 3057 2265 3121 nesciunt,
2286 3055 2413 3126 quia
2438 3054 2771 3124 frequenter,
2795 3052 3089 3107 secundum
3115 3051 3395 3115 Hebraeos,
3424 3053 3561 3105 duo-

1992 3148 2265 3205 decimum
2290 3147 2421 3202 anni
2452 3160 2720 3210 mensem,
2743 3144 2955 3199 hiberni
2986 3144 3245 3213 temporis
3275 3142 3559 3196 mutationi

1991 3238 2265 3296 conﬁnem
2301 3248 2467 3308 atque
2497 3235 2843 3305 contiguum,
2877 3242 2932 3287 ut
2959 3249 3053 3303 per
3090 3232 3273 3287 omnia
3303 3233 3561 3301 primum.

1991 3336 2266 3387 statuunt.
2302 3325 2416 3382 Hoc
2447 3333 2629 3380 autem
2664 3323 2895 3385 faciunt,
2929 3322 3056 3392 quia
3084 3337 3264 3375 verna:
3308 3318 3561 3372 immuta-

1993 3421 2430 3491 tionisignorant
2451 3416 2691 3479 initium,
2716 3412 2863 3485 quod
2883 3411 3268 3467 duodecimum
3289 3408 3559 3463 Kalendas

1991 3510 2191 3581 Aprilis
2222 3509 2390 3573 diem,
2417 3506 2572 3577 juxta
2606 3505 2741 3560 solis
2788 3517 3035 3562 cursum,
3067 3516 3278 3570 semper
3311 3497 3559 3560 incurrit,

1989 3600 2137 3673 quod
2175 3609 2301 3655 ante
2335 3597 2522 3655 omnia
2572 3596 2870 3652 observare
2915 3609 3016 3648 nos
3056 3590 3334 3651 convenit,
3383 3605 3469 3651 ne,
3514 3587 3559 3641 si

1992 3694 2131 3749 forte
2166 3693 2219 3745 in
2254 3692 2359 3746 hac
2393 3690 2513 3761 ipsa
2549 3688 2855 3743 mutatione
2892 3682 3121 3740 inferius
3158 3682 3337 3737 adhuc
3366 3688 3419 3734 et
3443 3680 3557 3733 lon-

1990 3788 2114 3857 gius
2148 3783 2473 3844 constituta,
2517 3795 2614 3849 per
2646 3794 2887 3835 errorem
2933 3777 3058 3847 quis
3091 3775 3357 3830 decimam
3398 3787 3564 3841 quar-

1991 3883 2101 3927 tam
2145 3877 2425 3941 computet
2455 3870 2665 3931 lunatn,
2708 3867 2765 3921 in
2808 3865 3092 3922 Paschalis
3126 3861 3323 3918 calculi
3351 3861 3565 3915 ratione

1991 3964 2230 4028 fallatur,
2264 3960 2418 4032 quasi
2464 3958 2629 4029 primi
2656 3972 2777 4011 eam
2804 3956 3083 4012 estimans
3118 3951 3341 4007 mensis.
3378 3948 3564 4019 Neque

1990 4057 2136 4111 enim
2183 4056 2241 4110 in
2273 4051 2603 4108 duodecimo
2633 4062 2844 4114 meme,
2878 4054 3123 4114 tempore
3154 4042 3333 4097 adhuc
3362 4040 3564 4097 hiemis

1989 4146 2319 4207 exsistente,
2346 4150 2405 4197 ut
2438 4142 2595 4212 prius
2623 4139 2759 4203 dixi,
2793 4151 3061 4193 novorum
3094 4134 3369 4189 fructuum
3403 4132 3561 4203 poni-

1990 4245 2081 4291 tur
2108 4236 2338 4299 mensis,
2363 4250 2465 4291 nec
2492 4232 2622 4288 dum
2650 4229 2927 4287 fructibus
2962 4227 3127 4283 novis
3153 4223 3567 4281 maturescenti-

1989 4328 2117 4391 bus,
2167 4324 2611 4397 quandoquidem
2648 4337 2749 4377 nec
2785 4320 2961 4376 falces
3007 4318 3241 4388 supponi
3293 4317 3564 4372 messibus

1991 4425 2248 4488 possunt,
2296 4418 2401 4472 hoc
2432 4416 2579 4472 enim
2616 4411 2853 4469 maxime
2897 4412 3110 4482 signum
3158 4407 3317 4479 primi
3357 4408 3571 4464 mensis

1994 4510 2076 4564 les
2102 4508 2288 4564 divina
2318 4504 2627 4562 constituit.

2063 4598 2161 4654 111.
2194 4597 2301 4655 Sed
2331 4596 2458 4667 quia
2502 4594 2757 4649 accidere
2800 4592 3073 4648 interdum
3109 4591 3269 4657 solet,
3304 4598 3363 4644 ut
3402 4602 3569 4645 occaa

1996 4692 2150 4748 sione
2181 4689 2408 4746 decimae
2434 4692 2646 4757 quartae
2669 4685 2812 4740 luna:
2842 4683 3006 4754 primi
3043 4682 3276 4743 mensis,
3311 4678 3565 4734 nonnulli

1995 4784 2048 4836 in
2081 4796 2323 4838 errorem
2353 4781 2575 4841 cadant,
2623 4779 2671 4834 si
2714 4777 2929 4833 decima
2958 4780 3155 4846 quarta
3196 4773 3311 4842 ipsa
3345 4771 3470 4824 luna
3506 4769 3563 4822 in

1994 4875 2338 4930 Dominicum
2366 4873 2511 4927 diem
2542 4870 2724 4926 veniat
2754 4872 2888 4939 (quo
2910 4866 3056 4920 facto
3086 4878 3313 4920 necesse
3337 4869 3424 4917 est
3446 4860 3562 4931 jam

1988 4966 2260 5036 jejunium
2311 4963 2448 5020 solvi
2479 4961 2703 5017 Sabbati
2740 4960 2849 5024 die,
2892 4957 3111 5027 quando
3151 4955 3358 5010 decima
3401 4951 3561 5006 tertia

1994 5060 2121 5112 luna
2147 5055 2443 5119 invenitur,
2477 5060 2532 5108 et
2560 5051 2856 5122 incipimus
2886 5050 2991 5121 legi
3024 5046 3300 5103 contraria
3335 5046 3560 5109 facere),

1993 5147 2249 5201 convenit
2288 5146 2390 5199 hoc
2430 5144 2720 5213 diligenter
2761 5141 3064 5201 attendere,
3112 5145 3169 5190 ut
3209 5134 3429 5205 quoties
3466 5135 3563 5191 dc-

1993 5239 2133 5291 cima
2163 5245 2362 5306 quarta
2407 5235 2534 5288 luna
2568 5233 2622 5286 in
2654 5230 3002 5285 Dominicum
3037 5226 3272 5280 incurrit
3298 5225 3466 5282 diem.
3504 5224 3559 5277 in

1995 5338 2311 5398 sequentem
2333 5325 2694 5397 septimanam
2726 5321 3049 5377 Paschalem
3071 5318 3217 5373 diem
3250 5320 3432 5389 potius
3458 5319 3566 5373 dil-

1997 5419 2258 5475 feramus.
2302 5417 2514 5487 Duplici
2556 5417 2660 5470 hac
2678 5429 2849 5469 causa
2889 5431 2902 5469 :
2933 5412 3178 5467 Primum
3207 5412 3447 5483 quidem,
3470 5426 3563 5472 ne.

1994 5510 2208 5566 decima
2237 5510 2397 5565 tertia
2419 5509 2547 5562 luna
2574 5508 2815 5569 inventa,
2846 5505 2903 5560 in
2932 5503 3156 5559 Sabbati
3183 5504 3271 5558 die
3287 5502 3564 5556 suivamm

1990 5601 2263 5674 Jejunium
2298 5619 2310 5655 :
2336 5598 2482 5670 quod
2511 5612 2857 5669 consequens
2879 5612 2991 5652 non
3011 5603 3114 5661 est,
3146 5592 3290 5665 quod
3322 5604 3419 5645 nec
3449 5588 3566 5658 ipsa

2065 5736 2141 5859 ἓ)
2183 5732 2370 5789 Mutila
2425 5741 2555 5789 sunt
2584 5732 2672 5788 hic
2700 5730 2908 5789 Graeca.
3138 5797 3147 5807 _
3203 5795 3214 5806 θ
3273 5794 3284 5805 ,

2065 5813 2069 5859 ῑ
2117 5808 2133 5859 l
2169 5803 2300 5859 (ina:
2324 5803 2656 5859 clauduntur
2676 5800 3015 5859 parenthesi.
3043 5802 3243 5853 omittit
3272 5811 3284 5847 ι

2055 5798 2133 5876 (Β)
2169 5803 2300 5872 Qua:
2324 5803 2656 5860 clauduntur
2676 5800 3015 5870 parenthesi,
3043 5798 3243 5853 omittit
3272 5798 3565 5863 interpres.
