4042 6208
453 448 511 503 Si
1447 449 1829 508 TllEOPlllLl‘
1856 447 2167 506 EPISCOPI
2206 449 2679 507 ALEXANDRINI
3630 443 3703 500 52

451 562 543 620 lex:
586 560 865 633 praecipit;
906 563 1142 618 maxime
1188 578 1312 617 cum
1359 572 1413 619 et
1456 564 1640 620 lumen
1681 564 1855 635 ipsius
1886 565 2023 619 luna

2133 562 2556 635 προστάξαντος,
2591 560 2727 616 άλλά
2758 559 2851 614 καὶ
2892 555 2986 612 τοῦ
3028 556 3315 629 φωστῆρος
3339 554 3436 628 τῆς
3472 554 3704 625 σελήνης

449 653 827 727 imperfectum
856 655 1034 710 adhuc
1059 654 1116 709 in
1144 656 1367 727 proprio
1398 657 1563 728 globo
1599 672 1725 712 esse
1750 658 2021 715 videatur.

448 745 682 812 Deinde,
720 763 811 813 ne,
865 746 1150 803 Dominica
1191 748 1322 803 luna
1363 749 1580 805 decima
1640 756 1836 822 quarta
1874 748 2025 804 exsi-

450 850 650 905 stente,
686 838 942 911 jejunare
983 855 1285 912 cogamur;
1332 841 1678 898 indecentem
1720 857 1832 897 rem
1866 840 2029 905 illici-

446 938 673 1002 tamque
701 928 1017 989 iacientes:
1070 934 1178 989 hoc
1225 933 1373 990 enim
1416 932 1840 989 Manichaeorum
1880 941 2028 988 recte

370 1008 373 1011 ’
448 1022 793 1078 consuetudo
817 1023 1081 1093 possidet.
1106 1022 1377 1090 Quoniam
1410 1023 1577 1094 igitur
1591 1024 1806 1079 decima
1827 1030 2028 1094 quarta

452 1115 582 1167 luna
621 1112 877 1169 veniente
909 1113 965 1168 in
1017 1112 1356 1170 Dominicam
1400 1114 1567 1181 diem,
1611 1114 1866 1185 jejunare
1917 1128 2027 1169 non

448 1205 739 1273 debemus,
775 1221 955 1275 neque
987 1215 1335 1277 consequens
1372 1214 1479 1270 est,
1515 1216 1574 1262 ut
1608 1208 1656 1262 si
1700 1208 1756 1262 in
1802 1205 2028 1261 Sabbati

447 1296 538 1350 die
569 1296 784 1351 decima
808 1305 1001 1367 quarta
1031 1299 1158 1353 luna
1185 1298 1387 1361 veniat,
1407 1299 1685 1355 solvamus
1717 1296 2023 1367 jejunium:

448 1388 766 1443 necessario
783 1389 1088 1445 asserimus
1116 1390 1219 1445 hoc
1242 1392 1295 1444 in
1326 1391 1692 1461 septimanam
1709 1398 2027 1459 sequentem

446 1475 649 1533 debere
692 1476 922 1542 diﬂ'erri,
978 1479 1141 1533 sicuti
1192 1479 1358 1550 paulo
1404 1478 1662 1550 superius
1709 1479 1857 1546 dixi;
1919 1494 2028 1533 non

446 1574 630 1622 tamen
660 1582 728 1622 ex
756 1567 859 1624 hac
878 1568 1163 1636 dilatione,
1195 1571 1645 1641 pravaricatioue
1667 1571 1850 1641 aliqua
1879 1571 2027 1625 circa

445 1657 768 1715 Paschalem
824 1660 1092 1716 circulum
1157 1671 1492 1733 perpetrata.
1553 1660 2028 1727 Quemadmodum

445 1750 593 1804 enim
624 1751 875 1808 decimus
892 1768 1158 1810 numerus
1186 1753 1577 1825 complectitur
1607 1768 1838 1816 nonum,
1869 1752 1950 1807 sic
1976 1759 2028 1807 et

444 1843 666 1914 quoties
697 1844 912 1901 decima
952 1854 1150 1917 quarta
1184 1847 1316 1901 luna
1358 1844 1414 1900 in
1464 1844 1802 1902 Dominicam
1843 1845 2032 1900 incur-

2128 654 2208 709 ἑτι
2252 672 2359 725 περ
2388 653 2618 719 ἀτελοῦς
2646 653 2776 727 περὶ
2803 653 2895 707 τὸν
2934 650 3134 705 κύκλον
3172 649 3263 703 τὸν
3304 651 3497 702 ἑαυτοῦ
3525 648 3697 711 ὄντος.

2132 748 2359 800 Ἔπειτα
2407 747 2494 800 ⁸ἱνα
2528 745 2604 817 μὴ
2634 746 2729 799 καὶ
2770 742 3056 816 Κυριακῆς
3080 741 3265 813 οὔσης,
3293 741 3386 795 καὶ
3412 756 3709 810 τεσσαρεσ-

2133 838 2516 903 καιδεκαταίας
2579 838 2722 893 κατὰ
2769 836 3001 908 σελήνην
3050 831 3422 906 ὑπαρχούσης,
3464 833 3707 901 ἀναγκα-

2134 928 2352 999 σθῶμεν
2379 926 2683 999 νηστεύειν,
2716 926 2964 999 ἀπρεπὲς
2995 925 3228 996 πρᾶγμα
3258 920 3559 983 ποιοῦντες.
3589 922 3709 973 Μα-

2128 1018 2351 1089 νιχαίων
2378 1019 2487 1089 γάρ
2526 1018 2674 1071 ἐστιν
2699 1016 2828 1070 ῖδιον
2858 1016 3091 1087 πρᾶγμα
3113 1013 3175 1066 τὸ
3209 1010 3468 1066 τοιοῦτον.
3500 1009 3708 1063 Οὐκοῦν

2130 1110 2322 1181 ἐπειδὴ
2348 1110 2470 1164 οὐδὲ
2499 1109 2598 1181 τῆς
2629 1104 3286 1180 τεσσαρεσκαιδεκαταίας
3312 1102 3453 1157 κατὰ
3479 1101 3708 1170 σελήνην

2133 1201 2191 1254 ἑν
2242 1203 2495 1273 Κυριακῇ
2545 1200 2939 1273 εύρισκομένης
2977 1198 3261 1270 νηστεύειν
3296 1196 3397 1259 δεῖ,
3432 1193 3554 1248 οὔτε
3582 1192 3711 1247 ἀκό-

2130 1292 2319 1346 λουθον
2365 1295 2424 1347 ἑν
2454 1293 2719 1363 Σαϐϐάτῳ
2750 1290 3199 1363 τρισκαιδεκάτης
3230 1286 3559 1358 ἀπαντώσης
3609 1302 3709 1338 πε-

2133 1383 2333 1453 ριλύειν
2361 1383 2463 1447 τὰς
2495 1382 2748 1454 νηστείας
2768 1399 2782 1412 ·
2811 1382 3086 1451 ἀναγκαία
3113 1383 3146 1452 ἡ
3181 1379 3473 1451 ὑπέρθεσις
3504 1380 3585 1441 εἰς
3610 1376 3711 1445 τὴν

2130 1472 2261 1544 ἑξῆς
2291 1474 2586 1545 ἑϐδομάδα,
2615 1474 2689 1538 ὡς
2722 1473 2889 1543 ὀλίγῳ
2921 1472 3157 1545 πρόσθεν
3180 1470 3415 1543 εἴρηται,
3443 1471 3504 1523 ού
3540 1486 3711 1540 παρα-

2129 1564 2338 1630 λύσεως
2364 1565 2694 1637 γιγνομένης
2718 1566 2775 1617 ἑν
2795 1564 2874 1635 τῷ
2895 1565 3087 1635 Πάσχα
3107 1563 3194 1616 διὰ
3219 1562 3321 1633 τῆς
3341 1560 3707 1633 ὑπερθέσεως.

2143 1655 2284 1710 Ἀλλ’
2339 1657 2530 1730 ὥσπερ
2562 1659 2591 1711 ό
2624 1657 2847 1720 δέκατος
2897 1655 3133 1729 ἀριθμὸς
3181 1653 3576 1727 περιλαμϐάνει
3617 1653 3711 1706 τὸν

2131 1750 2314 1817 ἑννέα,
2348 1750 2524 1815 οὕτως
2550 1752 2583 1821 ή
2613 1748 3242 1820 τεσσαρεσκαιδεκαταεα
3267 1748 3364 1817 τῆς
3398 1746 3627 1816 σελήνης
3653 1746 3711 1801 ἑν

2133 1842 2392 1910 κυριακῇ
2427 1840 2814 1911 εὑρισκομένη,
2854 1838 2942 1892 διὰ
2969 1839 3031 1891 τὸ
3066 1838 3141 1910 μή
3185 1838 3294 1891 δεῖν
3319 1839 3373 1891 ἑν
3416 1836 3588 1908 ταύτῃ
3618 1853 3711 1907 νη-

447 1936 581 1991 rerit
608 1936 769 2001 diem,
801 1952 867 1993 eo
897 1940 1043 2008 quod
1090 1939 1145 1993 in
1190 1954 1255 1994 ea
1304 1939 1558 2009 jejunare
1590 1953 1701 1993 non
1735 1937 1915 2000 liceat,
1970 1935 2023 1990 in

2136 1931 2367 1996 στεύειν,
2404 1932 2483 1995 εἰς
2524 1931 2624 2003 τήν
2654 1932 2780 2000 ἑξῆς
2812 1930 3082 2003 ἑϐδομάδα
3116 1929 3409 2001 ὑπέρθεσις
3447 1929 3709 1999 γίγνοιτο,

444 2027 748 2096 proximam
780 2026 1142 2096 septimanam
1166 2027 1376 2084 differri
1401 2042 1625 2083 necesse
1641 2033 1726 2083 est
1750 2026 1892 2081 diem
1920 2026 2025 2080 Pa-

444 2116 627 2182 scha;
665 2118 815 2172 nulla
849 2117 998 2173 enim
1033 2133 1100 2173 ex
1141 2119 1244 2173 hoc
1288 2119 1603 2173 imminutio
1640 2118 1760 2173 ﬁeri
1802 2118 2026 2174 Pascha

442 2207 681 2275 videtur,
717 2209 848 2280 quia
883 2224 979 2266 sex
1018 2220 1311 2281 sequentes
1345 2210 1462 2267 dies
1488 2212 1929 2281 complectuntur
1971 2220 2026 2266 et

442 2299 708 2371 reliquos.

515 2412 605 2469 IV.
630 2413 806 2470 Aliter
833 2423 1038 2478 autem,
1071 2416 1218 2485 quod
1247 2423 1302 2471 et
1331 2415 1586 2471 Salvator
1602 2422 1789 2473 noster
1811 2416 2022 2479 decima

442 2512 641 2575 quarta
672 2506 894 2575 quidem
942 2514 1028 2562 est
1073 2505 1313 2562 traditus
1363 2507 1514 2571 luna,
1547 2507 1652 2561 hoc
1701 2514 1785 2563 est
1832 2507 2024 2577 quinta

441 2603 568 2666 post
590 2592 886 2652 Sabbatum
904 2613 921 2665 ;
939 2597 1149 2652 decima
1167 2600 1360 2669 quinta
1377 2608 1558 2655 autem
1586 2598 1905 2664 cruciﬁxus,
1934 2598 2024 2653 die

442 2687 610 2742 tertio
639 2688 1028 2752 resurrexerit,
1057 2687 1163 2744 hoc
1191 2697 1298 2755 est,
1332 2689 1549 2747 decima
1592 2691 1826 2762 septima
1868 2692 2019 2757 luna,

450 2794 577 2849 qua
613 2788 745 2834 tunc
776 2779 831 2833 in
868 2778 1153 2835 Dominica
1192 2781 1282 2837 die
1309 2781 1529 2837 inventa
1557 2791 1674 2849 est;
1704 2784 1846 2839 sicut
1873 2791 1927 2839 et
1956 2798 2024 2838 ex

440 2868 865 2940 Evangeliorum
892 2870 1177 2926 notatione
1194 2871 1586 2941 comperimus.
1601 2870 1878 2929 Habemus
1893 2887 2023 2943 ergo

438 2958 726 3025 solatium,
747 2975 857 3031 quo
884 2968 1033 3015 recte
1056 2959 1235 3017 facere
1252 2959 1463 3018 Pascha
1485 2963 1783 3033 possimus,
1802 2961 2022 3018 etiamsi

438 3049 638 3106 dilatio
669 3050 835 3106 fuerit
866 3061 1190 3118 consecuta,
1235 3039 1460 3123 propter
1502 3053 1877 3109 incurrentem
1924 3069 2023 3108 ne-

439 3143 776 3209 cessitatem,
815 3152 876 3197 ut
914 3144 960 3199 si
996 3145 1209 3200 decima
1236 3154 1431 3215 quarta
1455 3145 1619 3215 primi
1652 3146 1859 3200 mensis
1881 3144 2021 3199 Sab-

441 3233 570 3289 bato
598 3237 843 3291 evenerit
880 3237 1031 3298 luna,
1067 3247 1161 3291 aut
1192 3237 1239 3292 si
1281 3246 1408 3291 ante
1455 3237 1756 3292 Sabbatum
1794 3237 1850 3291 in
1897 3237 2021 3292 aliis

440 3324 765 3394 septimana
793 3327 1077 3397 sequentis
1103 3327 1299 3385 diebus
1331 3327 1615 3393 acciderit,
1652 3329 1774 3383 sine
1800 3328 2023 3383 dubita-

438 3415 594 3471 tione
620 3415 833 3473 Pascha
877 3418 1240 3474 celebremus.
1282 3417 1342 3473 Si
1384 3434 1516 3475 vero
1566 3420 1621 3475 in
1678 3420 2024 3476 Dominicum

441 3505 718 3570 inciderit,
758 3508 1078 3563 omnimodo
1111 3510 1165 3563 in
1196 3510 1558 3578 septimanam
1586 3519 1929 3581 sequentem,
1961 3518 2025 3566 ut

443 3599 647 3669 sapius
696 3599 902 3654 dictum
952 3608 1060 3665 est,
1118 3601 1509 3667 conferamus,
1555 3603 1688 3673 quia
1737 3601 2023 3658 Dominica

441 3689 803 3747 hebdomadis
834 3691 1009 3764 prima
1041 3692 1160 3749 dies
1185 3703 1287 3761 est,
1324 3703 1380 3749 ut
1419 3696 1572 3765 prius
1600 3693 1736 3749 dixi.

514 3843 582 3902 V.
618 3845 715 3903 His
765 3864 897 3920 ergo
934 3848 1324 3906 demonstratis
1355 3856 1522 3921 atque
1562 3849 1878 3920 patefactis,
1918 3847 2024 3902 hoc

439 3937 610 3993 etiam
661 3940 1124 3996 considerandum
1161 3947 1269 4004 est,
1309 3940 1455 4012 quod
1487 3950 1542 3995 et
1586 3941 1669 3995 lex
1704 3938 2024 4009 frequenter

440 4042 611 4084 causa
636 4032 988 4087 necessitatis
1021 4047 1117 4087 eos
1173 4031 1269 4102 qui
1308 4030 1708 4086 constrictione
1756 4030 2023 4099 temporis

439 4119 681 4188 quadam
714 4137 821 4176 non
846 4131 1147 4192 potuerunt
1177 4124 1231 4178 in
1266 4124 1445 4194 primo
1468 4138 1661 4179 mense
1692 4121 1909 4179 Pascha
1934 4138 2025 4178 ee-

440 4208 683 4273 lebrare,
727 4214 972 4267 secundo
1017 4214 1161 4270 idem
1199 4214 1382 4269 facere
1410 4215 1677 4286 pracipit.
1712 4213 1907 4269 Melius
1938 4222 2024 4270 est

436 4299 588 4356 enim
627 4299 681 4352 in
733 4302 1068 4358 necessitate
1104 4306 1320 4373 positos
1360 4307 1649 4375 superiora
1681 4321 1846 4377 quam
1883 4305 2023 4361 infe-

438 4387 593 4442 riora
624 4389 847 4454 sectari,
880 4392 1145 4459 quoniam
1186 4392 1452 4448 inferiora
1487 4397 1868 4465 superioribus
1896 4409 2025 4451 con-

440 4480 730 4547 tinentur;
792 4484 1079 4552 superiora
1127 4494 1312 4540 antem
1366 4486 1436 4541 ab
1492 4488 1740 4544 inferiori
1792 4503 2022 4545 numero

438 4587 551 4629 non
578 4573 958 4631 includuntur.
990 4574 1128 4631 Illud
1160 4578 1381 4643 iterum,
1410 4578 1557 4648 quod
1590 4580 1895 4649 posuimus,
1927 4579 2022 4636 de-

437 4669 737 4732 clarantes,
775 4668 1037 4739 quoniam
1068 4669 1318 4726 decimus
1348 4685 1613 4725 numerus
1645 4686 1849 4725 nonum
1878 4673 2020 4727 intra

438 4776 500 4818 se
522 4762 824 4826 contineat,
855 4776 1037 4816 nouus
1068 4769 1251 4817 autem
1278 4762 1554 4818 decimum
1589 4764 1873 4819 continere
1908 4779 2017 4819 non

437 4855 637 4923 possit.
674 4853 830 4921 Quod
863 4855 910 4910 si
945 4856 1028 4911 lex
1058 4855 1126 4909 ad
1169 4857 1472 4925 secundum
1508 4871 1752 4913 mensem
1778 4859 2017 4913 transire

438 4960 540 5001 nos
596 4946 872 5018 pracipit,
921 4947 967 5001 si
1021 4962 1129 5001 non
1169 4947 1447 5017 possimus
1500 4956 1752 5003 sanetum
1803 4947 2014 5006 Pascha

436 5038 614 5108 primo
644 5054 831 5096 mense
856 5040 1134 5096 celebrare
1159 5048 1384 5111 propter
1413 5042 1682 5112 quasdam
1712 5043 2014 5099 necessita-

485 5282 561 5349 (6)
608 5275 659 5333 ls
684 5295 862 5338 annus
889 5294 971 5339 est
1002 5285 1241 5356 vulgaris
1270 5285 1478 5342 Christi
1522 5284 1650 5341 580.

2135 2024 2195 2077 ού
2237 2022 2332 2077 τοῦ
2365 2023 2558 2093 Πάσχα
2589 2022 2885 2077 ἐλάττωσιν
2926 2022 3190 2075 ποιοῦσα’
3240 2021 3347 2075 τῶν
3390 2021 3451 2086 ἓξ
3491 2021 3711 2094 ἡμερῶν

2134 2130 2202 2166 πε
2210 2111 2662 2185 ριλαμϐανουσῶν
2689 2111 2783 2165 καὶ
2809 2110 2910 2175 τάς
2939 2110 3117 2174 ἄλλας.

2207 2428 2280 2482 Δ’.
2317 2427 2530 2491 Ἀλλως
2561 2443 2622 2479 τε
2658 2426 2846 2497 ἐπειδὴ
2865 2427 2895 2479 ό
2923 2422 3113 2495 Σωτὴρ
3141 2421 3301 2494 ήμῶν
3327 2426 3393 2494 τῇ
3430 2422 3531 2493 μὲν
3560 2438 3712 2495 τρισ-

2132 2516 2491 2585 καιδεκαταιᾳ
2541 2513 2849 2585 παρεδόθη,
2914 2512 3161 2566 τουτέστι
3211 2513 3279 2581 τῇ
3333 2510 3562 2581 πέμπτῃ
3613 2508 3709 2563 τοῦ

2133 2606 2436 2670 Σαϐϐάτου,
2492 2608 2559 2677 τῇ
2592 2605 2650 2658 δὲ
2692 2601 3323 2675 τεσσαρεσκαιδεκαταίᾳ
3368 2598 3707 2670 ἐσταυρώθη,

2132 2698 2189 2750 ἑν
2232 2697 2517 2769 τριημέρῳ
2560 2695 2820 2758 ἀναστὰς,
2859 2693 3137 2747 τουτέστιν
3185 2695 3252 2764 τῇ
3299 2691 3359 2758 ἒξ
3386 2691 3480 2745 καὶ
3505 2691 3709 2761 δεκάτῃ

2133 2788 2276 2842 κατὰ
2324 2789 2573 2859 σελήνην,
2616 2787 2740 2857 ἥτις
2770 2785 2979 2857 ηὑρέθη
3022 2784 3142 2838 τότε
3173 2784 3231 2836 ἑν
3263 2784 3537 2855 κυριακῇ,
3563 2781 3639 2846 ὡς
3665 2783 3701 2852 ἡ

2129 2876 2239 2930 τῶν
2274 2876 2620 2944 Εύαγγελίων
2665 2874 2777 2945 ἔχει
2824 2874 3228 2945 παρατήρησις.
3264 2872 3500 2942 Ἔχομεν
3531 2886 3711 2942 παρα-

2134 2965 2326 3037 μύθιον
2374 2964 2469 3017 τοῦ
2504 2964 2683 3028 καλῶς
2718 2965 2891 3017 ποιεῖν
2917 2962 2979 3015 τὸ
3026 2961 3240 3032 Πάσχα,
3267 2960 3370 3014 κᾶν
3417 2958 3708 3031 ὑπέρθεσις

2132 3054 2378 3125 γένηται,
2417 3054 2508 3108 διὰ
2552 3054 2651 3126 τήν
2689 3053 3104 3109 καταλαϐοῦσαν
3149 3052 3417 3121 ἀνάγκην.
3454 3051 3552 3105 Ἂν
3602 3050 3705 3121 μὶν

2130 3142 2224 3201 οὖν
2250 3148 2283 3218 ή
2317 3146 2890 3217 τεσσαρεσκαιδεκάτη
2918 3145 3015 3198 τοῦ
3062 3143 3222 3213 ἁγίου
3248 3143 3444 3214 Πάσχα
3480 3142 3708 3214 ἔρχηται

2130 3242 2189 3295 ἑν
2217 3237 2505 3308 Σαϐϐάτῳ,
2537 3238 2569 3309 ἢ
2596 3236 2701 3309 πρὸ
2728 3236 2824 3290 τοῦ
2852 3236 3135 3290 Σαϐϐάτου
3164 3239 3222 3290 ἑν
3247 3239 3368 3300 ταῖς
3395 3236 3583 3299 ἄλλαις
3609 3236 3711 3306 τῆς

2130 3330 2423 3402 ἑϐδομάδος
2444 3329 2701 3401 ἡμέραις,
2728 3329 3014 3401 ἀραρότως
3029 3326 3190 3381 τοῦτο
3218 3330 3393 3382 ποιεῖν
3416 3329 3705 3399 προσήκει·

2127 3421 2223 3475 ἑὰν
2247 3420 2303 3474 δὲ
2339 3422 2396 3474 ἑν
2432 3420 2689 3491 Κυριακῇ
2733 3418 3038 3489 ἀπαντήσει
3085 3419 3119 3488 ή
3175 3418 3707 3487 τεσσαρεσκαιδεκα·

2125 3515 2255 3568 ταία
2298 3513 2399 3584 τῆς
2454 3511 2686 3582 σελήνης
2733 3510 2827 3563 τοῦ
2874 3508 3095 3581 πρώτου
3137 3509 3335 3580 μηνὸς,
3382 3508 3708 3581 ὑπερθετέον

2127 3607 2343 3668 πάντως
2374 3606 2455 3669 εἰς
2500 3603 2600 3675 τὴν
2647 3601 2776 3672 ἑξῆς
2819 3600 3112 3672 ἑϐδομάδα.
3177 3600 3241 3653 Ἠ
3287 3600 3398 3672 γὰρ
3451 3601 3706 3673 Κυριακή

2127 3693 2319 3765 πρώτη
2351 3692 2538 3763 ήμέρα
2582 3693 2683 3765 τῆς
2710 3690 3005 3762 ἑϐδομάδος
3042 3691 3215 3753 ἐστὶν,
3249 3689 3324 3754 ὡς
3357 3691 3703 3763 προείρηται.

2126 3855 2246 3913 tes;
2274 3863 2381 3903 non
2417 3848 2663 3920 intelligo
2695 3860 2792 3904 cur
2834 3862 2967 3912 non,
3001 3845 3048 3903 si
3092 3846 3308 3903 decima
3344 3854 3543 3917 quarta
3574 3846 3705 3902 luna

2127 3941 2181 3995 in
2213 3939 2557 3995 Dominicum
2588 3941 2733 3995 diem
2767 3937 3084 4004 incurrerit,
3106 3937 3511 3993 rationabiliter
3538 3937 3593 3991 in
3627 3952 3708 3992 se-

2127 4033 2436 4103 ptimanam
2503 4042 2826 4102 sequentem
2863 4031 3184 4088 dilationem
3246 4029 3475 4088 Pascha
3525 4029 3707 4085 facere

2127 4121 2473 4177 debeamus:
2526 4130 2784 4178 manente
2822 4129 2879 4177 et
2925 4122 3103 4194 primo
3134 4136 3342 4186 mense,
3392 4128 3447 4176 et
3493 4119 3706 4176 decima

2124 4216 2319 4286 quinta
2364 4215 2515 4276 luna,
2558 4213 2614 4268 in
2657 4228 2766 4284 qua
2797 4212 3050 4268 Salvator
3099 4212 3398 4268 cruciﬁxus
3428 4218 3553 4277 est;
3589 4224 3708 4265 ma-

2127 4314 2293 4361 nente
2322 4306 2493 4359 etiam
2530 4313 2585 4360 et
2622 4304 2837 4360 decima
2871 4304 3127 4374 septima,
3181 4303 3404 4374 quando
3444 4310 3569 4373 post
3604 4301 3706 4356 tri-

2124 4398 2292 4452 duum
2322 4397 2645 4453 resurrexit.

2197 4488 2287 4543 Vl.
2324 4488 2437 4544 Hac
2478 4490 2647 4561 igitur
2694 4487 3049 4543 mediocriter
3080 4503 3111 4543 a
3146 4489 3306 4543 nobis
3358 4488 3706 4544 ordinatione

2126 4582 2419 4652 όὶενοείιο,
2474 4583 2915 4653 uniuscujusque
2963 4581 3094 4636 anni
3136 4583 3433 4649 calculum,
3486 4584 3580 4652 qui
3635 4582 3704 4637 ad

2131 4673 2580 4744 supputationem
2621 4676 2857 4745 pertinet
2888 4673 3132 4737 Pascha,
3165 4674 3461 4745 diligenter
3484 4689 3705 4744 quoque

2126 4766 2416 4838 posuimus
2473 4764 2588 4836 (6);
2631 4779 2662 4818 a
2711 4765 2890 4834 primo
2951 4767 3243 4820 consulatu
3301 4765 3703 4837 religiosissimi

2126 4858 2479 4930 imperatoris
2507 4857 2831 4920 Theodosii,
2860 4864 3083 4912 centum
3123 4873 3299 4927 usque
3338 4873 3512 4913 annos
3535 4858 3705 4913 adue—

2122 4961 2360 5017 eteutes,
2427 4953 2593 5009 simul
2642 4968 2708 5007 ac
2750 4949 3171 5007 manifestantes
3219 4950 3446 5005 decima
3495 4961 3704 5023 quarta:

2123 5044 2267 5100 luna
2299 5045 2577 5110 notitiam,
2601 5054 2656 5102 et
2690 5042 2961 5099 Dominici
2984 5040 3269 5099 Paschalis
3302 5040 3434 5098 diei.
