  <div class='ocr_page' id='page_1' title='image "/cluster/home/n/w/nwhite01/storage/ocr_20150623/65/hvd.32044073501967/033.png"; bbox 0 0 4042 6208; ppageno 0'>
   <div class='ocr_carea' id='block_1_1' title="bbox 378 337 3616 411">
    <p class='ocr_par' dir='ltr' id='par_1_1' title="bbox 378 337 3616 411">
     <span class='ocr_line' id='line_1_1' title="bbox 378 337 3616 411; baseline -0.005 0"><span class='ocrx_word' id='word_1_1' title='bbox 378 357 446 411; x_wconf 68' lang='grc' dir='ltr'>ίίό</span> <span class='ocrx_word' id='word_1_2' title='bbox 1377 349 1743 407; x_wconf 79' lang='lat' dir='ltr'><strong>THEOPHILI</strong></span> <span class='ocrx_word' id='word_1_3' title='bbox 1784 346 2094 403; x_wconf 83' lang='lat' dir='ltr'><strong>EPISCOPI</strong></span> <span class='ocrx_word' id='word_1_4' title='bbox 2129 343 2598 401; x_wconf 75' lang='lat' dir='ltr'><strong>ALEXANDRINI</strong></span> <span class='ocrx_word' id='word_1_5' title='bbox 3543 337 3616 396; x_wconf 79' lang='lat'><strong>56</strong></span> 
     </span>
    </p>
   </div>
   <div class='ocr_carea' id='block_1_2' title="bbox 371 452 1974 542">
    <p class='ocr_par' dir='ltr' id='par_1_2' title="bbox 371 467 1950 542">
     <span class='ocr_line' id='line_1_2' title="bbox 371 467 1950 542; baseline -0.004 -17"><span class='ocrx_word' id='word_1_6' title='bbox 371 485 477 542; x_wconf 75' lang='lat' dir='ltr'><strong>pro</strong></span> <span class='ocrx_word' id='word_1_7' title='bbox 505 471 665 527; x_wconf 84' lang='lat' dir='ltr'><strong>nobis</strong></span> <span class='ocrx_word' id='word_1_8' title='bbox 709 469 994 540; x_wconf 79' lang='lat' dir='ltr'><strong>ingressus</strong></span> <span class='ocrx_word' id='word_1_9' title='bbox 1038 476 1145 535; x_wconf 86' lang='lat' dir='ltr'><strong>est,</strong></span> <span class='ocrx_word' id='word_1_10' title='bbox 1194 477 1358 540; x_wconf 85' lang='lat' dir='ltr'><strong>atque</strong></span> <span class='ocrx_word' id='word_1_11' title='bbox 1395 470 1515 540; x_wconf 87' lang='lat' dir='ltr'><strong>ejus</strong></span> <span class='ocrx_word' id='word_1_12' title='bbox 1554 469 1646 539; x_wconf 87' lang='lat' dir='ltr'><strong>qui</strong></span> <span class='ocrx_word' id='word_1_13' title='bbox 1684 468 1736 522; x_wconf 92' lang='lat' dir='ltr'><strong>in</strong></span> <span class='ocrx_word' id='word_1_14' title='bbox 1779 467 1950 537; x_wconf 81' lang='lat' dir='ltr'><strong>ﬁgura</strong></span> 
     </span>
    </p>
   </div>
   <div class='ocr_carea' id='block_1_3' title="bbox 2052 452 3630 542">
    <p class='ocr_par' dir='ltr' id='par_1_3' title="bbox 2054 452 3630 537">
     <span class='ocr_line' id='line_1_3' title="bbox 2054 452 3630 537; baseline -0.008 -19"><span class='ocrx_word' id='word_1_15' title='bbox 2054 465 2196 537; x_wconf 81' lang='grc' dir='ltr'>ὑπὲρ</span> <span class='ocrx_word' id='word_1_16' title='bbox 2224 462 2381 536; x_wconf 76' lang='grc' dir='ltr'>ἡμῶν</span> <span class='ocrx_word' id='word_1_17' title='bbox 2410 461 2647 532; x_wconf 78' lang='grc' dir='ltr'>εἰσῆλθε,</span> <span class='ocrx_word' id='word_1_18' title='bbox 2686 460 2779 513; x_wconf 73' lang='grc' dir='ltr'>καὶ</span> <span class='ocrx_word' id='word_1_19' title='bbox 2818 458 2913 512; x_wconf 81' lang='grc' dir='ltr'>τοῦ</span> <span class='ocrx_word' id='word_1_20' title='bbox 2945 457 3085 512; x_wconf 80' lang='grc' dir='ltr'>κατὰ</span> <span class='ocrx_word' id='word_1_21' title='bbox 3120 456 3212 510; x_wconf 89' lang='grc' dir='ltr'><strong>τὸν</strong></span> <span class='ocrx_word' id='word_1_22' title='bbox 3248 452 3417 508; x_wconf 73' lang='grc' dir='ltr'>τύπον</span> <span class='ocrx_word' id='word_1_23' title='bbox 3448 453 3630 526; x_wconf 78' lang='grc' dir='ltr'>ἀρχιε-</span> 
     </span>
    </p>
   </div>
   <div class='ocr_carea' id='block_1_4' title="bbox 371 558 1945 632">
    <p class='ocr_par' dir='ltr' id='par_1_4' title="bbox 371 558 1945 632">
     <span class='ocr_line' id='line_1_4' title="bbox 371 558 1945 632; baseline -0.005 -15"><span class='ocrx_word' id='word_1_24' title='bbox 371 562 571 617; x_wconf 77' lang='lat' dir='ltr'><strong>summi</strong></span> <span class='ocrx_word' id='word_1_25' title='bbox 606 560 909 616; x_wconf 76' lang='lat' dir='ltr'><strong>sacerdotis</strong></span> <span class='ocrx_word' id='word_1_26' title='bbox 940 577 1143 615; x_wconf 90' lang='lat' dir='ltr'><strong>munus</strong></span> <span class='ocrx_word' id='word_1_27' title='bbox 1176 561 1421 632; x_wconf 92' lang='lat' dir='ltr'><strong>gerebat,</strong></span> <span class='ocrx_word' id='word_1_28' title='bbox 1450 575 1608 614; x_wconf 87' lang='lat' dir='ltr'><strong>usum</strong></span> <span class='ocrx_word' id='word_1_29' title='bbox 1640 558 1945 628; x_wconf 81' lang='lat' dir='ltr'><strong>abrogavit,</strong></span> 
     </span>
    </p>
   </div>
   <div class='ocr_carea' id='block_1_5' title="bbox 370 649 1950 723">
    <p class='ocr_par' dir='ltr' id='par_1_5' title="bbox 370 649 1950 723">
     <span class='ocr_line' id='line_1_5' title="bbox 370 649 1950 723; baseline -0.002 -15"><span class='ocrx_word' id='word_1_30' title='bbox 370 660 573 708; x_wconf 69' lang='lat' dir='ltr'><strong>aeterna</strong></span> <span class='ocrx_word' id='word_1_31' title='bbox 593 668 693 722; x_wconf 89' lang='lat' dir='ltr'><strong>pro</strong></span> <span class='ocrx_word' id='word_1_32' title='bbox 716 654 876 709; x_wconf 87' lang='lat' dir='ltr'><strong>nobis</strong></span> <span class='ocrx_word' id='word_1_33' title='bbox 905 653 1283 723; x_wconf 74' lang='lat' dir='ltr'><strong>redemptione</strong></span> <span class='ocrx_word' id='word_1_34' title='bbox 1313 653 1554 717; x_wconf 86' lang='lat' dir='ltr'><strong>inventa,</strong></span> <span class='ocrx_word' id='word_1_35' title='bbox 1573 666 1637 707; x_wconf 89' lang='lat' dir='ltr'><strong>ac</strong></span> <span class='ocrx_word' id='word_1_36' title='bbox 1669 666 1766 721; x_wconf 90' lang='lat' dir='ltr'><strong>pro</strong></span> <span class='ocrx_word' id='word_1_37' title='bbox 1791 649 1950 706; x_wconf 85' lang='lat' dir='ltr'><strong>nobis</strong></span> 
     </span>
    </p>
   </div>
   <div class='ocr_carea' id='block_1_6' title="bbox 372 741 1953 813">
    <p class='ocr_par' dir='ltr' id='par_1_6' title="bbox 372 741 1953 813">
     <span class='ocr_line' id='line_1_6' title="bbox 372 741 1953 813; baseline -0.003 -17"><span class='ocrx_word' id='word_1_38' title='bbox 372 744 547 797; x_wconf 84' lang='lat' dir='ltr'><strong>vultui</strong></span> <span class='ocrx_word' id='word_1_39' title='bbox 580 742 673 799; x_wconf 88' lang='lat' dir='ltr'><strong>Dei</strong></span> <span class='ocrx_word' id='word_1_40' title='bbox 701 760 760 800; x_wconf 82' lang='lat' dir='ltr'><strong>se</strong></span> <span class='ocrx_word' id='word_1_41' title='bbox 791 745 1016 800; x_wconf 84' lang='lat' dir='ltr'><strong>sistens.</strong></span> <span class='ocrx_word' id='word_1_42' title='bbox 1049 741 1206 798; x_wconf 84' lang='lat' dir='ltr'><strong>‘l‘unc</strong></span> <span class='ocrx_word' id='word_1_43' title='bbox 1247 743 1468 813; x_wconf 86' lang='lat' dir='ltr'><strong>quidem</strong></span> <span class='ocrx_word' id='word_1_44' title='bbox 1500 741 1671 798; x_wconf 90' lang='lat' dir='ltr'><strong>semel</strong></span> <span class='ocrx_word' id='word_1_45' title='bbox 1704 741 1759 794; x_wconf 90' lang='lat' dir='ltr'><strong>in</strong></span> <span class='ocrx_word' id='word_1_46' title='bbox 1804 753 1953 793; x_wconf 79' lang='lat' dir='ltr'><strong>anno</strong></span> 
     </span>
    </p>
   </div>
   <div class='ocr_carea' id='block_1_7' title="bbox 371 829 1950 899">
    <p class='ocr_par' dir='ltr' id='par_1_7' title="bbox 371 829 1950 899">
     <span class='ocr_line' id='line_1_7' title="bbox 371 829 1950 899; baseline -0.004 -10"><span class='ocrx_word' id='word_1_47' title='bbox 371 833 524 889; x_wconf 76' lang='lat' dir='ltr'><strong>solus</strong></span> <span class='ocrx_word' id='word_1_48' title='bbox 555 849 806 890; x_wconf 89' lang='lat' dir='ltr'><strong>summus</strong></span> <span class='ocrx_word' id='word_1_49' title='bbox 830 832 1089 890; x_wconf 81' lang='lat' dir='ltr'><strong>sacerdos</strong></span> <span class='ocrx_word' id='word_1_50' title='bbox 1119 833 1173 887; x_wconf 88' lang='lat' dir='ltr'><strong>in</strong></span> <span class='ocrx_word' id='word_1_51' title='bbox 1195 832 1396 887; x_wconf 89' lang='lat' dir='ltr'><strong>Sancta</strong></span> <span class='ocrx_word' id='word_1_52' title='bbox 1426 840 1740 887; x_wconf 85' lang='lat' dir='ltr'><strong>sanctorum</strong></span> <span class='ocrx_word' id='word_1_53' title='bbox 1764 829 1950 899; x_wconf 83' lang='lat' dir='ltr'><strong>ingre-</strong></span> 
     </span>
    </p>
   </div>
   <div class='ocr_carea' id='block_1_8' title="bbox 371 920 1950 994">
    <p class='ocr_par' dir='ltr' id='par_1_8' title="bbox 371 920 1950 994">
     <span class='ocr_line' id='line_1_8' title="bbox 371 920 1950 994; baseline 0.001 -20"><span class='ocrx_word' id='word_1_54' title='bbox 371 920 650 984; x_wconf 85' lang='lat' dir='ltr'><strong>diebatur.</strong></span> <span class='ocrx_word' id='word_1_55' title='bbox 686 924 888 994; x_wconf 80' lang='lat' dir='ltr'><strong>popqu</strong></span> <span class='ocrx_word' id='word_1_56' title='bbox 921 922 1057 977; x_wconf 81' lang='lat' dir='ltr'><strong>foris</strong></span> <span class='ocrx_word' id='word_1_57' title='bbox 1104 933 1394 986; x_wconf 88' lang='lat' dir='ltr'><strong>manente,</strong></span> <span class='ocrx_word' id='word_1_58' title='bbox 1430 922 1643 977; x_wconf 87' lang='lat' dir='ltr'><strong>scilicet</strong></span> <span class='ocrx_word' id='word_1_59' title='bbox 1674 921 1745 976; x_wconf 93' lang='lat' dir='ltr'><strong>ob</strong></span> <span class='ocrx_word' id='word_1_60' title='bbox 1790 927 1950 990; x_wconf 86' lang='lat' dir='ltr'><strong>pote-</strong></span> 
     </span>
    </p>
   </div>
   <div class='ocr_carea' id='block_1_9' title="bbox 372 1009 1950 1085">
    <p class='ocr_par' dir='ltr' id='par_1_9' title="bbox 372 1009 1950 1085">
     <span class='ocr_line' id='line_1_9' title="bbox 372 1009 1950 1085; baseline -0.001 -18"><span class='ocrx_word' id='word_1_61' title='bbox 372 1015 530 1069; x_wconf 83' lang='lat' dir='ltr'><strong>statis</strong></span> <span class='ocrx_word' id='word_1_62' title='bbox 577 1016 933 1071; x_wconf 85' lang='lat' dir='ltr'><strong>tenuitatem:</strong></span> <span class='ocrx_word' id='word_1_63' title='bbox 974 1015 1228 1070; x_wconf 84' lang='lat' dir='ltr'><strong>Salvator</strong></span> <span class='ocrx_word' id='word_1_64' title='bbox 1253 1025 1432 1069; x_wconf 85' lang='lat' dir='ltr'><strong>autem</strong></span> <span class='ocrx_word' id='word_1_65' title='bbox 1465 1013 1771 1085; x_wconf 83' lang='lat' dir='ltr'><strong>ingressus,</strong></span> <span class='ocrx_word' id='word_1_66' title='bbox 1814 1009 1950 1065; x_wconf 79' lang='lat' dir='ltr'><strong>libe-</strong></span> 
     </span>
    </p>
   </div>
   <div class='ocr_carea' id='block_1_10' title="bbox 369 1103 1771 1173">
    <p class='ocr_par' dir='ltr' id='par_1_10' title="bbox 369 1103 1771 1173">
     <span class='ocr_line' id='line_1_10' title="bbox 369 1103 1771 1173; baseline -0.001 -14"><span class='ocrx_word' id='word_1_67' title='bbox 369 1118 487 1159; x_wconf 81' lang='lat' dir='ltr'><strong>ram</strong></span> <span class='ocrx_word' id='word_1_68' title='bbox 516 1106 719 1173; x_wconf 82' lang='lat' dir='ltr'><strong>cuique</strong></span> <span class='ocrx_word' id='word_1_69' title='bbox 753 1108 956 1163; x_wconf 89' lang='lat' dir='ltr'><strong>volenti</strong></span> <span class='ocrx_word' id='word_1_70' title='bbox 988 1107 1230 1163; x_wconf 64' lang='lat' dir='ltr'><strong>intrandi</strong></span> <span class='ocrx_word' id='word_1_71' title='bbox 1258 1106 1569 1160; x_wconf 77' lang='lat' dir='ltr'><strong>facultatem</strong></span> <span class='ocrx_word' id='word_1_72' title='bbox 1604 1103 1771 1158; x_wconf 86' lang='lat' dir='ltr'><strong>dedit.</strong></span> 
     </span>
    </p>
   </div>
   <div class='ocr_carea' id='block_1_11' title="bbox 2060 544 3632 629">
    <p class='ocr_par' dir='ltr' id='par_1_11' title="bbox 2060 544 3632 629">
     <span class='ocr_line' id='line_1_11' title="bbox 2060 544 3632 629; baseline -0.008 -19"><span class='ocrx_word' id='word_1_73' title='bbox 2060 558 2197 629; x_wconf 81' lang='grc' dir='ltr'>ρέως</span> <span class='ocrx_word' id='word_1_74' title='bbox 2235 557 2487 610; x_wconf 78' lang='grc' dir='ltr'><strong>πέπαυκε</strong></span> <span class='ocrx_word' id='word_1_75' title='bbox 2526 554 2626 624; x_wconf 78' lang='grc' dir='ltr'><strong>τὴν</strong></span> <span class='ocrx_word' id='word_1_76' title='bbox 2664 552 2873 624; x_wconf 80' lang='grc' dir='ltr'><strong>χρείαν,</strong></span> <span class='ocrx_word' id='word_1_77' title='bbox 2919 552 3051 622; x_wconf 75' lang='grc' dir='ltr'>ἡμῖν</span> <span class='ocrx_word' id='word_1_78' title='bbox 3099 548 3319 603; x_wconf 76' lang='grc' dir='ltr'><strong>αἰωνίαν</strong></span> <span class='ocrx_word' id='word_1_79' title='bbox 3364 544 3632 615; x_wconf 75' lang='grc' dir='ltr'><strong>λύτρωσιν</strong></span> 
     </span>
    </p>
   </div>
   <div class='ocr_carea' id='block_1_12' title="bbox 2052 635 3632 721">
    <p class='ocr_par' dir='ltr' id='par_1_12' title="bbox 2052 635 3632 721">
     <span class='ocr_line' id='line_1_12' title="bbox 2052 635 3632 721; baseline -0.01 -19"><span class='ocrx_word' id='word_1_80' title='bbox 2052 649 2373 721; x_wconf 76' lang='grc' dir='ltr'>εὑράμενος.</span> <span class='ocrx_word' id='word_1_81' title='bbox 2397 648 2491 702; x_wconf 58' lang='grc' dir='ltr'><strong>καί⁵</strong></span> <span class='ocrx_word' id='word_1_82' title='bbox 2513 645 2653 716; x_wconf 80' lang='grc' dir='ltr'>ὑπὲρ</span> <span class='ocrx_word' id='word_1_83' title='bbox 2675 643 2830 715; x_wconf 80' lang='grc' dir='ltr'>ἡμῶν</span> <span class='ocrx_word' id='word_1_84' title='bbox 2862 641 3216 713; x_wconf 71' lang='grc' dir='ltr'><strong>ἐμφανισθεὶς</strong></span> <span class='ocrx_word' id='word_1_85' title='bbox 3246 638 3322 708; x_wconf 82' lang='grc' dir='ltr'>τῷ</span> <span class='ocrx_word' id='word_1_86' title='bbox 3358 635 3632 707; x_wconf 77' lang='grc' dir='ltr'><strong>προσώπῳ</strong></span> 
     </span>
    </p>
   </div>
   <div class='ocr_carea' id='block_1_13' title="bbox 2051 729 3633 807">
    <p class='ocr_par' dir='ltr' id='par_1_13' title="bbox 2051 729 3633 807">
     <span class='ocr_line' id='line_1_13' title="bbox 2051 729 3633 807; baseline -0.008 -12"><span class='ocrx_word' id='word_1_87' title='bbox 2051 739 2147 795; x_wconf 81' lang='grc' dir='ltr'>τοῦ</span> <span class='ocrx_word' id='word_1_88' title='bbox 2195 739 2353 793; x_wconf 79' lang='grc' dir='ltr'>Θεοῦ.</span> <span class='ocrx_word' id='word_1_89' title='bbox 2416 738 2553 791; x_wconf 85' lang='grc' dir='ltr'>Τότε</span> <span class='ocrx_word' id='word_1_90' title='bbox 2609 737 2708 807; x_wconf 84' lang='grc' dir='ltr'>μὲν</span> <span class='ocrx_word' id='word_1_91' title='bbox 2766 735 2910 801; x_wconf 66' lang='grc' dir='ltr'>ἅπαξ</span> <span class='ocrx_word' id='word_1_92' title='bbox 2960 731 3056 787; x_wconf 77' lang='grc' dir='ltr'>τοῦ</span> <span class='ocrx_word' id='word_1_93' title='bbox 3101 730 3349 786; x_wconf 77' lang='grc' dir='ltr'><strong>ἐνιαυτοῦ</strong></span> <span class='ocrx_word' id='word_1_94' title='bbox 3400 729 3559 800; x_wconf 83' lang='grc' dir='ltr'>μόνος</span> <span class='ocrx_word' id='word_1_95' title='bbox 3602 732 3633 783; x_wconf 86' lang='grc' dir='ltr'><strong>ό</strong></span> 
     </span>
    </p>
   </div>
   <div class='ocr_carea' id='block_1_14' title="bbox 2049 821 3631 904">
    <p class='ocr_par' dir='ltr' id='par_1_14' title="bbox 2049 821 3631 904">
     <span class='ocr_line' id='line_1_14' title="bbox 2049 821 3631 904; baseline -0.006 -19"><span class='ocrx_word' id='word_1_96' title='bbox 2049 832 2341 904; x_wconf 76' lang='grc' dir='ltr'>ἀρχιερεὺς</span> <span class='ocrx_word' id='word_1_97' title='bbox 2368 830 2656 900; x_wconf 81' lang='grc' dir='ltr'>εἰσήρχετο</span> <span class='ocrx_word' id='word_1_98' title='bbox 2688 829 2765 891; x_wconf 78' lang='grc' dir='ltr'><strong>είς</strong></span> <span class='ocrx_word' id='word_1_99' title='bbox 2794 825 2865 879; x_wconf 81' lang='grc' dir='ltr'>τὰ</span> <span class='ocrx_word' id='word_1_100' title='bbox 2894 826 3028 894; x_wconf 76' lang='grc' dir='ltr'>ἅγια</span> <span class='ocrx_word' id='word_1_101' title='bbox 3052 824 3160 876; x_wconf 85' lang='grc' dir='ltr'><strong>τῶν</strong></span> <span class='ocrx_word' id='word_1_102' title='bbox 3190 823 3378 891; x_wconf 77' lang='grc' dir='ltr'>ἁγίων,</span> <span class='ocrx_word' id='word_1_103' title='bbox 3409 821 3512 887; x_wconf 76' lang='grc' dir='ltr'>ἔξω</span> <span class='ocrx_word' id='word_1_104' title='bbox 3535 823 3631 876; x_wconf 78' lang='grc' dir='ltr'><strong>τοῦ</strong></span> 
     </span>
    </p>
   </div>
   <div class='ocr_carea' id='block_1_15' title="bbox 2049 903 3634 994">
    <p class='ocr_par' dir='ltr' id='par_1_15' title="bbox 2049 903 3634 994">
     <span class='ocr_line' id='line_1_15' title="bbox 2049 903 3634 994; baseline -0.006 -17"><span class='ocrx_word' id='word_1_105' title='bbox 2049 903 2181 979; x_wconf 77' lang='grc' dir='ltr'>λαοῦ</span> <span class='ocrx_word' id='word_1_106' title='bbox 2220 903 2506 994; x_wconf 79' lang='grc' dir='ltr'>μένοντος,</span> <span class='ocrx_word' id='word_1_107' title='bbox 2544 920 2634 975; x_wconf 83' lang='grc' dir='ltr'>διὰ</span> <span class='ocrx_word' id='word_1_108' title='bbox 2682 920 2744 972; x_wconf 87' lang='grc' dir='ltr'><strong>τὸ</strong></span> <span class='ocrx_word' id='word_1_109' title='bbox 2795 919 2994 990; x_wconf 85' lang='grc' dir='ltr'>μικρὸν</span> <span class='ocrx_word' id='word_1_110' title='bbox 3037 918 3136 988; x_wconf 77' lang='grc' dir='ltr'>τῆς</span> <span class='ocrx_word' id='word_1_111' title='bbox 3167 916 3485 986; x_wconf 77' lang='grc' dir='ltr'>δυνάμεωςο</span> <span class='ocrx_word' id='word_1_112' title='bbox 3512 917 3541 968; x_wconf 90' lang='grc' dir='ltr'>ὁ</span> <span class='ocrx_word' id='word_1_113' title='bbox 3575 914 3634 968; x_wconf 71' lang='grc' dir='ltr'>δὲ</span> 
     </span>
    </p>
   </div>
   <div class='ocr_carea' id='block_1_16' title="bbox 2054 1008 3488 1087">
    <p class='ocr_par' dir='ltr' id='par_1_16' title="bbox 2054 1008 3488 1087">
     <span class='ocr_line' id='line_1_16' title="bbox 2054 1008 3488 1087; baseline -0.006 -16"><span class='ocrx_word' id='word_1_114' title='bbox 2054 1016 2247 1087; x_wconf 79' lang='grc' dir='ltr'>Σωτὴρ</span> <span class='ocrx_word' id='word_1_115' title='bbox 2273 1013 2468 1078; x_wconf 79' lang='grc' dir='ltr'>ὲπιὸὰς</span> <span class='ocrx_word' id='word_1_116' title='bbox 2501 1013 2686 1068; x_wconf 73' lang='grc' dir='ltr'>ἄδειαν</span> <span class='ocrx_word' id='word_1_117' title='bbox 2720 1016 2833 1077; x_wconf 87' lang='grc' dir='ltr'>τοῖς</span> <span class='ocrx_word' id='word_1_118' title='bbox 2860 1012 3203 1084; x_wconf 79' lang='grc' dir='ltr'><strong>βουλομένοις</strong></span> <span class='ocrx_word' id='word_1_119' title='bbox 3235 1008 3488 1062; x_wconf 83' lang='grc' dir='ltr'>δέδωκεν.</span> 
     </span>
    </p>
   </div>
   <div class='ocr_carea' id='block_1_17' title="bbox 988 1364 2972 1442">
    <p class='ocr_par' dir='ltr' id='par_1_17' title="bbox 988 1364 2972 1442">
     <span class='ocr_line' id='line_1_17' title="bbox 988 1364 2972 1442; baseline -0.003 -18"><span class='ocrx_word' id='word_1_120' title='bbox 988 1370 1369 1441; x_wconf 78' lang='lat' dir='ltr'><strong>Fragmentum</strong></span> <span class='ocrx_word' id='word_1_121' title='bbox 1398 1388 1464 1427; x_wconf 73' lang='lat' dir='ltr'><strong>ex</strong></span> <span class='ocrx_word' id='word_1_122' title='bbox 1487 1371 1729 1442; x_wconf 83' lang='lat' dir='ltr'><strong>Epistola</strong></span> <span class='ocrx_word' id='word_1_123' title='bbox 1764 1367 2016 1423; x_wconf 86' lang='lat' dir='ltr'><strong>Paschali</strong></span> <span class='ocrx_word' id='word_1_124' title='bbox 2046 1382 2170 1420; x_wconf 84' lang='lat' dir='ltr'><strong>amt.</strong></span> <span class='ocrx_word' id='word_1_125' title='bbox 2204 1365 2329 1431; x_wconf 65' lang='grc'><strong>401,</strong></span> <span class='ocrx_word' id='word_1_126' title='bbox 2369 1364 2398 1436; x_wconf 83' lang='lat'><strong>§</strong></span> <span class='ocrx_word' id='word_1_127' title='bbox 2428 1365 2483 1431; x_wconf 75' lang='grc'>5,</span> <span class='ocrx_word' id='word_1_128' title='bbox 2515 1380 2675 1433; x_wconf 87' lang='lat' dir='ltr'><strong>supra</strong></span> <span class='ocrx_word' id='word_1_129' title='bbox 2693 1381 2814 1436; x_wconf 85' lang='lat' dir='ltr'><strong>pag.</strong></span> <span class='ocrx_word' id='word_1_130' title='bbox 2846 1364 2972 1418; x_wconf 72' lang='lat'><strong>616.</strong></span> 
     </span>
    </p>
   </div>
   <div class='ocr_carea' id='block_1_18' title="bbox 437 1497 3558 1629">
    <p class='ocr_par' dir='ltr' id='par_1_18' title="bbox 437 1497 3558 1629">
     <span class='ocr_line' id='line_1_18' title="bbox 437 1497 3558 1629; baseline -0.005 -59"><span class='ocrx_word' id='word_1_131' title='bbox 437 1512 593 1585; x_wconf 77' lang='lat' dir='ltr'><strong>Apud</strong></span> <span class='ocrx_word' id='word_1_132' title='bbox 623 1510 886 1583; x_wconf 80' lang='lat' dir='ltr'><strong>Cyrillum</strong></span> <span class='ocrx_word' id='word_1_133' title='bbox 910 1512 1064 1567; x_wconf 74' lang='lat' dir='ltr'><strong>Alex.</strong></span> <span class='ocrx_word' id='word_1_134' title='bbox 1094 1512 1186 1565; x_wconf 89' lang='lat' dir='ltr'><strong>lib.</strong></span> <span class='ocrx_word' id='word_1_135' title='bbox 1228 1528 1264 1577; x_wconf 87' lang='grc' dir='ltr'><strong>ι,</strong></span> <span class='ocrx_word' id='word_1_136' title='bbox 1290 1510 1371 1566; x_wconf 90' lang='lat' dir='ltr'><strong>De</strong></span> <span class='ocrx_word' id='word_1_137' title='bbox 1410 1517 1559 1565; x_wconf 88' lang='lat' dir='ltr'><strong>recta</strong></span> <span class='ocrx_word' id='word_1_138' title='bbox 1593 1508 1695 1562; x_wconf 82' lang='lat' dir='ltr'><strong>ﬁde</strong></span> <span class='ocrx_word' id='word_1_139' title='bbox 1725 1506 1790 1561; x_wconf 86' lang='lat' dir='ltr'><strong>ad</strong></span> <span class='ocrx_word' id='word_1_140' title='bbox 1819 1503 2266 1629; x_wconf 57' lang='lat' dir='ltr'><strong>religiossigsimas</strong></span> <span class='ocrx_word' id='word_1_141' title='bbox 2320 1502 2561 1573; x_wconf 89' lang='lat' dir='ltr'><strong>reginas,</strong></span> <span class='ocrx_word' id='word_1_142' title='bbox 2595 1500 2727 1569; x_wconf 82' lang='lat' dir='ltr'><strong>Opp.</strong></span> <span class='ocrx_word' id='word_1_143' title='bbox 2754 1509 2878 1554; x_wconf 82' lang='lat' dir='ltr'><strong>tom.</strong></span> <span class='ocrx_word' id='word_1_144' title='bbox 2924 1499 2983 1564; x_wconf 82' lang='lat' dir='ltr'><strong>V,</strong></span> <span class='ocrx_word' id='word_1_145' title='bbox 3008 1508 3150 1568; x_wconf 88' lang='lat' dir='ltr'><strong>part.</strong></span> <span class='ocrx_word' id='word_1_146' title='bbox 3198 1514 3259 1564; x_wconf 88' lang='lat' dir='ltr'><strong>lt,</strong></span> <span class='ocrx_word' id='word_1_147' title='bbox 3289 1497 3383 1552; x_wconf 78' lang='lat' dir='ltr'><strong>sub</strong></span> <span class='ocrx_word' id='word_1_148' title='bbox 3439 1499 3558 1567; x_wconf 79' lang='grc' dir='ltr'><strong>Ιίη..</strong></span> 
     </span>
     <span class='ocr_line' id='line_1_19' title="bbox 1880 1590 2116 1629; baseline -0.008 0"><span class='ocrx_word' id='word_1_149' title='bbox 1880 1590 2002 1629; x_wconf 82' lang='lat' dir='ltr'><strong>naa.</strong></span> <span class='ocrx_word' id='word_1_150' title='bbox 2102 1614 2116 1627; x_wconf 94' lang='lat'><strong>.</strong></span> 
     </span>
    </p>
   </div>
   <div class='ocr_carea' id='block_1_19' title="bbox 1879 1590 2116 1646">
    <p class='ocr_par' dir='ltr' id='par_1_19' title="bbox 1879 1590 2116 1646">
     <span class='ocr_line' id='line_1_20' title="bbox 1879 1590 2116 1646; baseline -0.008 -18"><span class='ocrx_word' id='word_1_151' title='bbox 1879 1590 2002 1646; x_wconf 85' lang='lat' dir='ltr'><strong>pag.</strong></span> <span class='ocrx_word' id='word_1_152' title='bbox 2027 1590 2116 1629; x_wconf 72' lang='lat' dir='ltr'><strong>az.</strong></span> 
     </span>
    </p>
   </div>
   <div class='ocr_carea' id='block_1_20' title="bbox 376 1715 1952 1792">
    <p class='ocr_par' dir='ltr' id='par_1_20' title="bbox 376 1715 1952 1792">
     <span class='ocr_line' id='line_1_21' title="bbox 376 1715 1952 1792; baseline -0.004 -17"><span class='ocrx_word' id='word_1_153' title='bbox 376 1720 642 1792; x_wconf 81' lang='lat' dir='ltr'><strong>Theophili</strong></span> <span class='ocrx_word' id='word_1_154' title='bbox 667 1723 921 1792; x_wconf 75' lang='lat' dir='ltr'><strong>episcopi,</strong></span> <span class='ocrx_word' id='word_1_155' title='bbox 957 1738 1023 1775; x_wconf 80' lang='lat' dir='ltr'><strong>ea:</strong></span> <span class='ocrx_word' id='word_1_156' title='bbox 1057 1738 1296 1777; x_wconf 80' lang='lat' dir='ltr'><strong>sermone</strong></span> <span class='ocrx_word' id='word_1_157' title='bbox 1324 1722 1580 1790; x_wconf 84' lang='lat' dir='ltr'><strong>inscripto</strong></span> <span class='ocrx_word' id='word_1_158' title='bbox 1619 1718 1698 1771; x_wconf 83' lang='lat' dir='ltr'><strong>Ad</strong></span> <span class='ocrx_word' id='word_1_159' title='bbox 1731 1731 1829 1772; x_wconf 84' lang='lat' dir='ltr'><strong>eos</strong></span> <span class='ocrx_word' id='word_1_160' title='bbox 1859 1715 1952 1786; x_wconf 85' lang='lat' dir='ltr'><strong>qui</strong></span> 
     </span>
    </p>
   </div>
   <div class='ocr_carea' id='block_1_21' title="bbox 808 1791 1525 1863">
    <p class='ocr_par' dir='ltr' id='par_1_21' title="bbox 808 1791 1525 1863">
     <span class='ocr_line' id='line_1_22' title="bbox 808 1791 1525 1863; baseline -0.003 -16"><span class='ocrx_word' id='word_1_161' title='bbox 808 1808 933 1847; x_wconf 87' lang='lat' dir='ltr'><strong>cum</strong></span> <span class='ocrx_word' id='word_1_162' title='bbox 966 1792 1203 1863; x_wconf 83' lang='lat' dir='ltr'><strong>Origene</strong></span> <span class='ocrx_word' id='word_1_163' title='bbox 1235 1791 1525 1847; x_wconf 85' lang='lat' dir='ltr'><strong>sentirent.</strong></span> 
     </span>
    </p>
   </div>
   <div class='ocr_carea' id='block_1_22' title="bbox 752 1900 1550 1959">
    <p class='ocr_par' dir='ltr' id='par_1_22' title="bbox 752 1900 1550 1959">
     <span class='ocr_line' id='line_1_23' title="bbox 752 1900 1550 1959; baseline -0.009 0"><span class='ocrx_word' id='word_1_164' title='bbox 752 1906 841 1959; x_wconf 83' lang='lat' dir='ltr'><strong>Sic</strong></span> <span class='ocrx_word' id='word_1_165' title='bbox 870 1914 1045 1958; x_wconf 88' lang='lat' dir='ltr'><strong>autem</strong></span> <span class='ocrx_word' id='word_1_166' title='bbox 1072 1903 1200 1957; x_wconf 86' lang='lat' dir='ltr'><strong>dicit</strong></span> <span class='ocrx_word' id='word_1_167' title='bbox 1227 1902 1290 1957; x_wconf 87' lang='lat' dir='ltr'><strong>de</strong></span> <span class='ocrx_word' id='word_1_168' title='bbox 1317 1900 1550 1957; x_wconf 80' lang='lat' dir='ltr'><strong>Christo.</strong></span> 
     </span>
    </p>
   </div>
   <div class='ocr_carea' id='block_1_23' title="bbox 437 2005 1943 2085">
    <p class='ocr_par' dir='ltr' id='par_1_23' title="bbox 437 2005 1943 2085">
     <span class='ocr_line' id='line_1_24' title="bbox 437 2005 1943 2085; baseline -0.008 -14"><span class='ocrx_word' id='word_1_169' title='bbox 437 2016 709 2072; x_wconf 71' lang='lat' dir='ltr'><strong>Caeterum</strong></span> <span class='ocrx_word' id='word_1_170' title='bbox 757 2031 826 2071; x_wconf 90' lang='lat' dir='ltr'><strong>ne</strong></span> <span class='ocrx_word' id='word_1_171' title='bbox 872 2017 921 2071; x_wconf 93' lang='lat' dir='ltr'><strong>is</strong></span> <span class='ocrx_word' id='word_1_172' title='bbox 968 2015 1062 2085; x_wconf 90' lang='lat' dir='ltr'><strong>qui</strong></span> <span class='ocrx_word' id='word_1_173' title='bbox 1115 2015 1370 2085; x_wconf 84' lang='lat' dir='ltr'><strong>apparuit</strong></span> <span class='ocrx_word' id='word_1_174' title='bbox 1419 2013 1538 2068; x_wconf 90' lang='lat' dir='ltr'><strong>solo</strong></span> <span class='ocrx_word' id='word_1_175' title='bbox 1586 2011 1785 2071; x_wconf 84' lang='lat' dir='ltr'><strong>verbo,</strong></span> <span class='ocrx_word' id='word_1_176' title='bbox 1848 2005 1943 2062; x_wconf 91' lang='lat' dir='ltr'><strong>sed</strong></span> 
     </span>
    </p>
   </div>
   <div class='ocr_carea' id='block_1_24' title="bbox 365 2098 1946 2177">
    <p class='ocr_par' dir='ltr' id='par_1_24' title="bbox 365 2098 1946 2177">
     <span class='ocr_line' id='line_1_25' title="bbox 365 2098 1946 2177; baseline -0.008 -15"><span class='ocrx_word' id='word_1_177' title='bbox 365 2110 569 2164; x_wconf 76' lang='lat' dir='ltr'><strong>virtute</strong></span> <span class='ocrx_word' id='word_1_178' title='bbox 618 2122 838 2177; x_wconf 89' lang='lat' dir='ltr'><strong>quoque</strong></span> <span class='ocrx_word' id='word_1_179' title='bbox 889 2121 1052 2159; x_wconf 86' lang='lat' dir='ltr'><strong>verus</strong></span> <span class='ocrx_word' id='word_1_180' title='bbox 1099 2103 1243 2159; x_wconf 87' lang='lat' dir='ltr'><strong>Deus</strong></span> <span class='ocrx_word' id='word_1_181' title='bbox 1273 2119 1398 2160; x_wconf 88' lang='lat' dir='ltr'><strong>esse</strong></span> <span class='ocrx_word' id='word_1_182' title='bbox 1440 2103 1779 2163; x_wconf 82' lang='lat' dir='ltr'><strong>crederetur,</strong></span> <span class='ocrx_word' id='word_1_183' title='bbox 1828 2098 1946 2168; x_wconf 87' lang='lat' dir='ltr'><strong>ipse</strong></span> 
     </span>
    </p>
   </div>
   <div class='ocr_carea' id='block_1_25' title="bbox 364 2191 1943 2270">
    <p class='ocr_par' dir='ltr' id='par_1_25' title="bbox 364 2191 1943 2270">
     <span class='ocr_line' id='line_1_26' title="bbox 364 2191 1943 2270; baseline -0.008 -16"><span class='ocrx_word' id='word_1_184' title='bbox 364 2215 591 2270; x_wconf 86' lang='lat' dir='ltr'><strong>operum</strong></span> <span class='ocrx_word' id='word_1_185' title='bbox 634 2196 1043 2268; x_wconf 88' lang='lat' dir='ltr'><strong>magnilicentia</strong></span> <span class='ocrx_word' id='word_1_186' title='bbox 1085 2196 1456 2252; x_wconf 86' lang='lat' dir='ltr'><strong>certissimum</strong></span> <span class='ocrx_word' id='word_1_187' title='bbox 1489 2191 1792 2248; x_wconf 75' lang='lat' dir='ltr'><strong>divinitatis</strong></span> <span class='ocrx_word' id='word_1_188' title='bbox 1831 2204 1943 2243; x_wconf 79' lang='lat' dir='ltr'><strong>sua:</strong></span> 
     </span>
    </p>
   </div>
   <div class='ocr_carea' id='block_1_26' title="bbox 365 2285 1941 2358">
    <p class='ocr_par' dir='ltr' id='par_1_26' title="bbox 365 2285 1941 2358">
     <span class='ocr_line' id='line_1_27' title="bbox 365 2285 1941 2358; baseline -0.007 -12"><span class='ocrx_word' id='word_1_189' title='bbox 365 2291 630 2346; x_wconf 88' lang='lat' dir='ltr'><strong>indicium</strong></span> <span class='ocrx_word' id='word_1_190' title='bbox 688 2289 835 2345; x_wconf 82' lang='lat' dir='ltr'><strong>fecit.</strong></span> <span class='ocrx_word' id='word_1_191' title='bbox 870 2287 1157 2345; x_wconf 85' lang='lat' dir='ltr'><strong>Perfectus</strong></span> <span class='ocrx_word' id='word_1_192' title='bbox 1206 2289 1392 2358; x_wconf 87' lang='lat' dir='ltr'><strong>itaque</strong></span> <span class='ocrx_word' id='word_1_193' title='bbox 1425 2285 1569 2340; x_wconf 87' lang='lat' dir='ltr'><strong>Deus</strong></span> <span class='ocrx_word' id='word_1_194' title='bbox 1613 2298 1739 2338; x_wconf 86' lang='lat' dir='ltr'><strong>cum</strong></span> <span class='ocrx_word' id='word_1_195' title='bbox 1775 2289 1941 2341; x_wconf 80' lang='lat' dir='ltr'><strong>esset.</strong></span> 
     </span>
    </p>
   </div>
   <div class='ocr_carea' id='block_1_27' title="bbox 364 2377 1941 2449">
    <p class='ocr_par' dir='ltr' id='par_1_27' title="bbox 364 2377 1941 2449">
     <span class='ocr_line' id='line_1_28' title="bbox 364 2377 1941 2449; baseline -0.008 -10"><span class='ocrx_word' id='word_1_196' title='bbox 364 2386 549 2442; x_wconf 77' lang='lat' dir='ltr'><strong>factus</strong></span> <span class='ocrx_word' id='word_1_197' title='bbox 590 2392 676 2440; x_wconf 89' lang='lat' dir='ltr'><strong>est</strong></span> <span class='ocrx_word' id='word_1_198' title='bbox 728 2384 1016 2438; x_wconf 81' lang='lat' dir='ltr'><strong>voluntate</strong></span> <span class='ocrx_word' id='word_1_199' title='bbox 1049 2397 1146 2438; x_wconf 90' lang='lat' dir='ltr'><strong>sua</strong></span> <span class='ocrx_word' id='word_1_200' title='bbox 1180 2382 1380 2447; x_wconf 85' lang='lat' dir='ltr'><strong>homo;</strong></span> <span class='ocrx_word' id='word_1_201' title='bbox 1434 2394 1611 2449; x_wconf 88' lang='lat' dir='ltr'><strong>neque</strong></span> <span class='ocrx_word' id='word_1_202' title='bbox 1645 2377 1941 2448; x_wconf 89' lang='lat' dir='ltr'><strong>quidquam</strong></span> 
     </span>
    </p>
   </div>
   <div class='ocr_carea' id='block_1_28' title="bbox 364 2462 1943 2543">
    <p class='ocr_par' dir='ltr' id='par_1_28' title="bbox 364 2462 1943 2543">
     <span class='ocr_line' id='line_1_29' title="bbox 364 2462 1943 2543; baseline -0.006 -14"><span class='ocrx_word' id='word_1_203' title='bbox 364 2476 632 2540; x_wconf 88' lang='lat' dir='ltr'><strong>omnino,</strong></span> <span class='ocrx_word' id='word_1_204' title='bbox 683 2472 828 2543; x_wconf 91' lang='lat' dir='ltr'><strong>quod</strong></span> <span class='ocrx_word' id='word_1_205' title='bbox 879 2473 1136 2527; x_wconf 69' lang='lat' dir='ltr'><strong>humana:</strong></span> <span class='ocrx_word' id='word_1_206' title='bbox 1175 2480 1386 2525; x_wconf 69' lang='lat' dir='ltr'><strong>natum</strong></span> <span class='ocrx_word' id='word_1_207' title='bbox 1436 2462 1733 2539; x_wconf 82' lang='lat' dir='ltr'><strong>cognatum</strong></span> <span class='ocrx_word' id='word_1_208' title='bbox 1763 2475 1943 2529; x_wconf 86' lang='lat' dir='ltr'><strong>esset,</strong></span> 
     </span>
    </p>
   </div>
   <div class='ocr_carea' id='block_1_29' title="bbox 364 2558 1943 2637">
    <p class='ocr_par' dir='ltr' id='par_1_29' title="bbox 364 2558 1943 2637">
     <span class='ocr_line' id='line_1_30' title="bbox 364 2558 1943 2637; baseline -0.006 -19"><span class='ocrx_word' id='word_1_209' title='bbox 364 2574 564 2637; x_wconf 66' lang='lat' dir='ltr'><strong>praeter</strong></span> <span class='ocrx_word' id='word_1_210' title='bbox 594 2580 758 2619; x_wconf 89' lang='lat' dir='ltr'><strong>unam</strong></span> <span class='ocrx_word' id='word_1_211' title='bbox 810 2564 1032 2633; x_wconf 88' lang='lat' dir='ltr'><strong>impiam</strong></span> <span class='ocrx_word' id='word_1_212' title='bbox 1082 2564 1347 2617; x_wconf 88' lang='lat' dir='ltr'><strong>malitiam</strong></span> <span class='ocrx_word' id='word_1_213' title='bbox 1379 2562 1795 2633; x_wconf 82' lang='lat' dir='ltr'><strong>reliquit;nam</strong></span> <span class='ocrx_word' id='word_1_214' title='bbox 1838 2558 1943 2613; x_wconf 90' lang='lat' dir='ltr'><strong>etsi</strong></span> 
     </span>
    </p>
   </div>
   <div class='ocr_carea' id='block_1_30' title="bbox 367 2652 1943 2726">
    <p class='ocr_par' dir='ltr' id='par_1_30' title="bbox 367 2652 1943 2726">
     <span class='ocr_line' id='line_1_31' title="bbox 367 2652 1943 2726; baseline -0.005 -12"><span class='ocrx_word' id='word_1_215' title='bbox 367 2659 571 2725; x_wconf 81' lang='lat' dir='ltr'><strong>infans,</strong></span> <span class='ocrx_word' id='word_1_216' title='bbox 605 2657 924 2712; x_wconf 88' lang='lat' dir='ltr'><strong>Emmanuel</strong></span> <span class='ocrx_word' id='word_1_217' title='bbox 960 2666 1140 2711; x_wconf 89' lang='lat' dir='ltr'><strong>tamen</strong></span> <span class='ocrx_word' id='word_1_218' title='bbox 1172 2672 1295 2713; x_wconf 91' lang='lat' dir='ltr'><strong>esse</strong></span> <span class='ocrx_word' id='word_1_219' title='bbox 1336 2657 1757 2726; x_wconf 78' lang='lat' dir='ltr'><strong>agnoscebatur.</strong></span> <span class='ocrx_word' id='word_1_220' title='bbox 1794 2652 1943 2707; x_wconf 87' lang='lat' dir='ltr'><strong>Con-</strong></span> 
     </span>
    </p>
   </div>
   <div class='ocr_carea' id='block_1_31' title="bbox 365 2748 1944 2820">
    <p class='ocr_par' dir='ltr' id='par_1_31' title="bbox 365 2748 1944 2820">
     <span class='ocr_line' id='line_1_32' title="bbox 365 2748 1944 2820; baseline -0.004 -16"><span class='ocrx_word' id='word_1_221' title='bbox 365 2759 475 2805; x_wconf 82' lang='lat' dir='ltr'><strong>stat</strong></span> <span class='ocrx_word' id='word_1_222' title='bbox 520 2765 758 2820; x_wconf 85' lang='lat' dir='ltr'><strong>namque</strong></span> <span class='ocrx_word' id='word_1_223' title='bbox 802 2748 1009 2819; x_wconf 80' lang='lat' dir='ltr'><strong>Magos,</strong></span> <span class='ocrx_word' id='word_1_224' title='bbox 1048 2749 1140 2818; x_wconf 92' lang='lat' dir='ltr'><strong>qui</strong></span> <span class='ocrx_word' id='word_1_225' title='bbox 1184 2749 1249 2803; x_wconf 90' lang='lat' dir='ltr'><strong>ad</strong></span> <span class='ocrx_word' id='word_1_226' title='bbox 1302 2748 1453 2802; x_wconf 91' lang='lat' dir='ltr'><strong>illum</strong></span> <span class='ocrx_word' id='word_1_227' title='bbox 1485 2752 1772 2809; x_wconf 84' lang='lat' dir='ltr'><strong>venerunt,</strong></span> <span class='ocrx_word' id='word_1_228' title='bbox 1816 2759 1944 2799; x_wconf 91' lang='lat' dir='ltr'><strong>eum</strong></span> 
     </span>
    </p>
   </div>
   <div class='ocr_carea' id='block_1_32' title="bbox 364 2838 1944 2912">
    <p class='ocr_par' dir='ltr' id='par_1_32' title="bbox 364 2838 1944 2912">
     <span class='ocr_line' id='line_1_33' title="bbox 364 2838 1944 2912; baseline -0.004 -16"><span class='ocrx_word' id='word_1_229' title='bbox 364 2843 545 2912; x_wconf 81' lang='lat' dir='ltr'><strong>ipsum</strong></span> <span class='ocrx_word' id='word_1_230' title='bbox 588 2842 680 2911; x_wconf 89' lang='lat' dir='ltr'><strong>qui</strong></span> <span class='ocrx_word' id='word_1_231' title='bbox 721 2848 1073 2910; x_wconf 84' lang='lat' dir='ltr'><strong>apparuerat,</strong></span> <span class='ocrx_word' id='word_1_232' title='bbox 1108 2846 1170 2893; x_wconf 93' lang='lat' dir='ltr'><strong>ut</strong></span> <span class='ocrx_word' id='word_1_233' title='bbox 1210 2838 1376 2895; x_wconf 88' lang='lat' dir='ltr'><strong>Deum</strong></span> <span class='ocrx_word' id='word_1_234' title='bbox 1410 2839 1691 2901; x_wconf 81' lang='lat' dir='ltr'><strong>adorasse,</strong></span> <span class='ocrx_word' id='word_1_235' title='bbox 1730 2851 1944 2892; x_wconf 86' lang='lat' dir='ltr'><strong>necnon</strong></span> 
     </span>
    </p>
   </div>
   <div class='ocr_carea' id='block_1_33' title="bbox 365 2924 1945 3001">
    <p class='ocr_par' dir='ltr' id='par_1_33' title="bbox 365 2924 1945 3001">
     <span class='ocr_line' id='line_1_34' title="bbox 365 2924 1945 3001; baseline -0.003 -17"><span class='ocrx_word' id='word_1_236' title='bbox 365 2931 712 2987; x_wconf 90' lang='lat' dir='ltr'><strong>adorandum</strong></span> <span class='ocrx_word' id='word_1_237' title='bbox 743 2947 889 2996; x_wconf 87' lang='lat' dir='ltr'><strong>esse,</strong></span> <span class='ocrx_word' id='word_1_238' title='bbox 927 2945 1093 3001; x_wconf 89' lang='lat' dir='ltr'><strong>opere</strong></span> <span class='ocrx_word' id='word_1_239' title='bbox 1125 2931 1246 3001; x_wconf 92' lang='lat' dir='ltr'><strong>ipso</strong></span> <span class='ocrx_word' id='word_1_240' title='bbox 1290 2935 1550 2983; x_wconf 89' lang='lat' dir='ltr'><strong>testatum</strong></span> <span class='ocrx_word' id='word_1_241' title='bbox 1598 2927 1817 2983; x_wconf 78' lang='lat' dir='ltr'><strong>fecisse.</strong></span> <span class='ocrx_word' id='word_1_242' title='bbox 1853 2924 1945 2980; x_wconf 90' lang='lat' dir='ltr'><strong>Sic</strong></span> 
     </span>
    </p>
   </div>
   <div class='ocr_carea' id='block_1_34' title="bbox 365 3021 1942 3094">
    <p class='ocr_par' dir='ltr' id='par_1_34' title="bbox 365 3021 1942 3094">
     <span class='ocr_line' id='line_1_35' title="bbox 365 3021 1942 3094; baseline -0.004 -17"><span class='ocrx_word' id='word_1_243' title='bbox 365 3038 587 3094; x_wconf 89' lang='lat' dir='ltr'><strong>quoque</strong></span> <span class='ocrx_word' id='word_1_244' title='bbox 609 3024 735 3079; x_wconf 90' lang='lat' dir='ltr'><strong>licet</strong></span> <span class='ocrx_word' id='word_1_245' title='bbox 756 3023 1067 3079; x_wconf 90' lang='lat' dir='ltr'><strong>secundum</strong></span> <span class='ocrx_word' id='word_1_246' title='bbox 1093 3038 1316 3077; x_wconf 88' lang='lat' dir='ltr'><strong>carnem</strong></span> <span class='ocrx_word' id='word_1_247' title='bbox 1341 3021 1394 3076; x_wconf 93' lang='lat' dir='ltr'><strong>in</strong></span> <span class='ocrx_word' id='word_1_248' title='bbox 1423 3036 1644 3076; x_wconf 87' lang='lat' dir='ltr'><strong>crucem</strong></span> <span class='ocrx_word' id='word_1_249' title='bbox 1667 3027 1942 3090; x_wconf 87' lang='lat' dir='ltr'><strong>ageretur,</strong></span> 
     </span>
    </p>
   </div>
   <div class='ocr_carea' id='block_1_35' title="bbox 367 3108 1946 3184">
    <p class='ocr_par' dir='ltr' id='par_1_35' title="bbox 367 3108 1946 3184">
     <span class='ocr_line' id='line_1_36' title="bbox 367 3108 1946 3184; baseline -0.004 -15"><span class='ocrx_word' id='word_1_250' title='bbox 367 3114 502 3169; x_wconf 84' lang='lat' dir='ltr'><strong>solis</strong></span> <span class='ocrx_word' id='word_1_251' title='bbox 526 3121 706 3169; x_wconf 90' lang='lat' dir='ltr'><strong>tamen</strong></span> <span class='ocrx_word' id='word_1_252' title='bbox 754 3115 941 3170; x_wconf 89' lang='lat' dir='ltr'><strong>radios</strong></span> <span class='ocrx_word' id='word_1_253' title='bbox 989 3114 1341 3184; x_wconf 82' lang='lat' dir='ltr'><strong>reprimebat,</strong></span> <span class='ocrx_word' id='word_1_254' title='bbox 1382 3128 1634 3183; x_wconf 88' lang='lat' dir='ltr'><strong>novoque</strong></span> <span class='ocrx_word' id='word_1_255' title='bbox 1679 3108 1946 3165; x_wconf 89' lang='lat' dir='ltr'><strong>miraculo</strong></span> 
     </span>
    </p>
   </div>
   <div class='ocr_carea' id='block_1_36' title="bbox 2062 1726 3633 1801">
    <p class='ocr_par' dir='ltr' id='par_1_36' title="bbox 2062 1726 3633 1801">
     <span class='ocr_line' id='line_1_37' title="bbox 2062 1726 3633 1801; baseline -0.003 -13"><span class='ocrx_word' id='word_1_256' title='bbox 2062 1733 2357 1801; x_wconf 65' lang='grc' dir='ltr'>Θεοφίλου</span> <span class='ocrx_word' id='word_1_257' title='bbox 2413 1731 2750 1801; x_wconf 66' lang='grc' dir='ltr'>ἐπισκόπου</span> <span class='ocrx_word' id='word_1_258' title='bbox 2776 1769 2791 1793; x_wconf 96' lang='grc'><strong>,</strong></span> <span class='ocrx_word' id='word_1_259' title='bbox 2850 1729 2918 1801; x_wconf 57' lang='grc' dir='ltr'>ἐκ</span> <span class='ocrx_word' id='word_1_260' title='bbox 2977 1726 3081 1781; x_wconf 79' lang='grc' dir='ltr'>τοῦ</span> <span class='ocrx_word' id='word_1_261' title='bbox 3125 1726 3633 1801; x_wconf 32' lang='grc' dir='ltr'>,προσφωνητικοῦ</span> 
     </span>
    </p>
   </div>
   <div class='ocr_carea' id='block_1_37' title="bbox 2183 1797 3501 1872">
    <p class='ocr_par' dir='ltr' id='par_1_37' title="bbox 2183 1797 3501 1872">
     <span class='ocr_line' id='line_1_38' title="bbox 2183 1797 3501 1872; baseline -0.004 -16"><span class='ocrx_word' id='word_1_262' title='bbox 2183 1797 2371 1868; x_wconf 58' lang='grc' dir='ltr'>λόγου</span> <span class='ocrx_word' id='word_1_263' title='bbox 2405 1800 2549 1872; x_wconf 88' lang='grc' dir='ltr'>Πρὸς</span> <span class='ocrx_word' id='word_1_264' title='bbox 2571 1802 2698 1862; x_wconf 73' lang='grc' dir='ltr'>τοὺς</span> <span class='ocrx_word' id='word_1_265' title='bbox 2722 1797 3053 1870; x_wconf 77' lang='grc' dir='ltr'>φρονοῦντας</span> <span class='ocrx_word' id='word_1_266' title='bbox 3082 1797 3149 1850; x_wconf 77' lang='grc' dir='ltr'>τὰ</span> <span class='ocrx_word' id='word_1_267' title='bbox 3174 1798 3501 1867; x_wconf 72' lang='grc' dir='ltr'>Ὠριγένους.</span> 
     </span>
    </p>
   </div>
   <div class='ocr_carea' id='block_1_38' title="bbox 2372 1908 3317 1981">
    <p class='ocr_par' dir='ltr' id='par_1_38' title="bbox 2372 1908 3317 1981">
     <span class='ocr_line' id='line_1_39' title="bbox 2372 1908 3317 1981; baseline 0 -16"><span class='ocrx_word' id='word_1_268' title='bbox 2372 1913 2528 1981; x_wconf 69' lang='grc' dir='ltr'><strong>Ἔφη</strong></span> <span class='ocrx_word' id='word_1_269' title='bbox 2557 1910 2625 1964; x_wconf 81' lang='grc' dir='ltr'>δὲ</span> <span class='ocrx_word' id='word_1_270' title='bbox 2654 1912 2843 1976; x_wconf 79' lang='grc' dir='ltr'>οὕτως</span> <span class='ocrx_word' id='word_1_271' title='bbox 2871 1911 3003 1978; x_wconf 78' lang='grc' dir='ltr'>περὶ</span> <span class='ocrx_word' id='word_1_272' title='bbox 3034 1908 3317 1978; x_wconf 75' lang='grc' dir='ltr'><strong>Χριστοῦ.</strong></span> 
     </span>
    </p>
   </div>
   <div class='ocr_carea' id='block_1_39' title="bbox 2127 2020 3635 2095">
    <p class='ocr_par' dir='ltr' id='par_1_39' title="bbox 2127 2020 3635 2095">
     <span class='ocr_line' id='line_1_40' title="bbox 2127 2020 3635 2095; baseline -0.002 -18"><span class='ocrx_word' id='word_1_273' title='bbox 2127 2026 2242 2078; x_wconf 82' lang='grc' dir='ltr'>Ἵνα</span> <span class='ocrx_word' id='word_1_274' title='bbox 2270 2024 2345 2095; x_wconf 84' lang='grc' dir='ltr'>μὴ</span> <span class='ocrx_word' id='word_1_275' title='bbox 2368 2026 2425 2076; x_wconf 83' lang='grc' dir='ltr'>ὲν</span> <span class='ocrx_word' id='word_1_276' title='bbox 2458 2024 2600 2093; x_wconf 80' lang='grc' dir='ltr'>λόγῳ</span> <span class='ocrx_word' id='word_1_277' title='bbox 2638 2025 2803 2094; x_wconf 79' lang='grc' dir='ltr'>μόνῳ,</span> <span class='ocrx_word' id='word_1_278' title='bbox 2830 2023 2967 2077; x_wconf 84' lang='grc' dir='ltr'>ἀλλὰ</span> <span class='ocrx_word' id='word_1_279' title='bbox 3015 2024 3109 2075; x_wconf 72' lang='grc' dir='ltr'><strong>καὶ</strong></span> <span class='ocrx_word' id='word_1_280' title='bbox 3152 2024 3211 2075; x_wconf 81' lang='grc' dir='ltr'>ὲν</span> <span class='ocrx_word' id='word_1_281' title='bbox 3242 2022 3468 2093; x_wconf 80' lang='grc' dir='ltr'><strong>δυνάμει</strong></span> <span class='ocrx_word' id='word_1_282' title='bbox 3501 2020 3635 2085; x_wconf 83' lang='grc' dir='ltr'>Θεὸς</span> 
     </span>
    </p>
   </div>
   <div class='ocr_carea' id='block_1_40' title="bbox 2052 2110 3635 2184">
    <p class='ocr_par' dir='ltr' id='par_1_40' title="bbox 2052 2110 3635 2184">
     <span class='ocr_line' id='line_1_41' title="bbox 2052 2110 3635 2184; baseline -0.003 -16"><span class='ocrx_word' id='word_1_283' title='bbox 2052 2112 2303 2184; x_wconf 84' lang='grc' dir='ltr'>ἀληθινὸς</span> <span class='ocrx_word' id='word_1_284' title='bbox 2327 2115 2354 2165; x_wconf 87' lang='grc' dir='ltr'>ὁ</span> <span class='ocrx_word' id='word_1_285' title='bbox 2378 2113 2566 2181; x_wconf 73' lang='grc' dir='ltr'>φανεὶς</span> <span class='ocrx_word' id='word_1_286' title='bbox 2588 2110 2728 2165; x_wconf 79' lang='grc' dir='ltr'>εἶναι</span> <span class='ocrx_word' id='word_1_287' title='bbox 2751 2112 3097 2182; x_wconf 77' lang='grc' dir='ltr'>πιστεύηται,</span> <span class='ocrx_word' id='word_1_288' title='bbox 3115 2113 3179 2181; x_wconf 82' lang='grc' dir='ltr'>τῇ</span> <span class='ocrx_word' id='word_1_289' title='bbox 3212 2111 3320 2164; x_wconf 81' lang='grc' dir='ltr'>τῶν</span> <span class='ocrx_word' id='word_1_290' title='bbox 3340 2111 3635 2183; x_wconf 76' lang='grc' dir='ltr'>δρωμένων</span> 
     </span>
    </p>
   </div>
   <div class='ocr_carea' id='block_1_41' title="bbox 2054 2200 3634 2274">
    <p class='ocr_par' dir='ltr' id='par_1_41' title="bbox 2054 2200 3634 2274">
     <span class='ocr_line' id='line_1_42' title="bbox 2054 2200 3634 2274; baseline 0 -19"><span class='ocrx_word' id='word_1_291' title='bbox 2054 2200 2423 2274; x_wconf 72' lang='grc' dir='ltr'><strong>μεγαλουργίᾳ</strong></span> <span class='ocrx_word' id='word_1_292' title='bbox 2450 2202 2549 2273; x_wconf 81' lang='grc' dir='ltr'>τὴν</span> <span class='ocrx_word' id='word_1_293' title='bbox 2580 2203 2708 2273; x_wconf 70' lang='grc' dir='ltr'>περὶ</span> <span class='ocrx_word' id='word_1_294' title='bbox 2747 2201 2912 2256; x_wconf 77' lang='grc' dir='ltr'>αὑτοῦ</span> <span class='ocrx_word' id='word_1_295' title='bbox 2936 2201 3113 2271; x_wconf 84' lang='grc' dir='ltr'>δηλῶν</span> <span class='ocrx_word' id='word_1_296' title='bbox 3142 2202 3462 2271; x_wconf 78' lang='grc' dir='ltr'>ἀσφάλειαν,</span> <span class='ocrx_word' id='word_1_297' title='bbox 3493 2202 3634 2274; x_wconf 74' lang='grc' dir='ltr'><strong>πλή⁴</strong></span> 
     </span>
    </p>
   </div>
   <div class='ocr_carea' id='block_1_42' title="bbox 2054 2292 3634 2367">
    <p class='ocr_par' dir='ltr' id='par_1_42' title="bbox 2054 2292 3634 2367">
     <span class='ocr_line' id='line_1_43' title="bbox 2054 2292 3634 2367; baseline -0.002 -18"><span class='ocrx_word' id='word_1_298' title='bbox 2054 2312 2154 2367; x_wconf 84' lang='grc' dir='ltr'>ρης</span> <span class='ocrx_word' id='word_1_299' title='bbox 2186 2294 2283 2366; x_wconf 75' lang='grc' dir='ltr'>μὲν</span> <span class='ocrx_word' id='word_1_300' title='bbox 2322 2292 2398 2346; x_wconf 82' lang='grc' dir='ltr'>ὢν</span> <span class='ocrx_word' id='word_1_301' title='bbox 2436 2293 2590 2357; x_wconf 81' lang='grc' dir='ltr'>Θεὸς,</span> <span class='ocrx_word' id='word_1_302' title='bbox 2625 2293 2927 2356; x_wconf 76' lang='grc' dir='ltr'>αὐτοτελῶς</span> <span class='ocrx_word' id='word_1_303' title='bbox 2961 2294 3020 2346; x_wconf 84' lang='grc' dir='ltr'>δὲ</span> <span class='ocrx_word' id='word_1_304' title='bbox 3057 2294 3505 2365; x_wconf 79' lang='grc' dir='ltr'>ὲνανθρωπήσας,</span> <span class='ocrx_word' id='word_1_305' title='bbox 3540 2292 3634 2347; x_wconf 76' lang='grc' dir='ltr'><strong>καὶ</strong></span> 
     </span>
    </p>
   </div>
   <div class='ocr_carea' id='block_1_43' title="bbox 2055 2384 3632 2459">
    <p class='ocr_par' dir='ltr' id='par_1_43' title="bbox 2055 2384 3632 2459">
     <span class='ocr_line' id='line_1_44' title="bbox 2055 2384 3632 2459; baseline 0.003 -20"><span class='ocrx_word' id='word_1_306' title='bbox 2055 2387 2222 2459; x_wconf 78' lang='grc' dir='ltr'>μηδὲν</span> <span class='ocrx_word' id='word_1_307' title='bbox 2282 2385 2627 2458; x_wconf 79' lang='grc' dir='ltr'>ἀνθρωπείας</span> <span class='ocrx_word' id='word_1_308' title='bbox 2681 2384 2994 2456; x_wconf 86' lang='grc' dir='ltr'>ὁμοιώσεως</span> <span class='ocrx_word' id='word_1_309' title='bbox 3050 2385 3380 2451; x_wconf 76' lang='grc' dir='ltr'>καταλείψας</span> <span class='ocrx_word' id='word_1_310' title='bbox 3434 2384 3592 2443; x_wconf 75' lang='grc' dir='ltr'>ἐκτὸς</span> <span class='ocrx_word' id='word_1_311' title='bbox 3614 2424 3632 2447; x_wconf 80' lang='lat'><em>.</em></span> 
     </span>
    </p>
   </div>
   <div class='ocr_carea' id='block_1_44' title="bbox 2052 2475 3634 2551">
    <p class='ocr_par' dir='ltr' id='par_1_44' title="bbox 2052 2475 3634 2551">
     <span class='ocr_line' id='line_1_45' title="bbox 2052 2475 3634 2551; baseline -0.001 -20"><span class='ocrx_word' id='word_1_312' title='bbox 2052 2477 2194 2549; x_wconf 78' lang='grc' dir='ltr'>πλὴν</span> <span class='ocrx_word' id='word_1_313' title='bbox 2236 2478 2405 2551; x_wconf 82' lang='grc' dir='ltr'>μόνης</span> <span class='ocrx_word' id='word_1_314' title='bbox 2441 2476 2542 2547; x_wconf 84' lang='grc' dir='ltr'><strong>τῆς</strong></span> <span class='ocrx_word' id='word_1_315' title='bbox 2589 2475 2806 2530; x_wconf 81' lang='grc' dir='ltr'>ἀνοσίου</span> <span class='ocrx_word' id='word_1_316' title='bbox 2851 2477 3070 2539; x_wconf 86' lang='grc' dir='ltr'>κακίας.</span> <span class='ocrx_word' id='word_1_317' title='bbox 3125 2477 3235 2530; x_wconf 77' lang='grc' dir='ltr'><strong>Καὶ</strong></span> <span class='ocrx_word' id='word_1_318' title='bbox 3276 2475 3475 2546; x_wconf 80' lang='grc' dir='ltr'>βρέφος</span> <span class='ocrx_word' id='word_1_319' title='bbox 3522 2478 3634 2546; x_wconf 82' lang='grc' dir='ltr'>γὰρ</span> 
     </span>
    </p>
   </div>
   <div class='ocr_carea' id='block_1_45' title="bbox 2052 2567 3633 2641">
    <p class='ocr_par' dir='ltr' id='par_1_45' title="bbox 2052 2567 3633 2641">
     <span class='ocr_line' id='line_1_46' title="bbox 2052 2567 3633 2641; baseline -0.002 -18"><span class='ocrx_word' id='word_1_320' title='bbox 2052 2570 2363 2641; x_wconf 84' lang='grc' dir='ltr'>γενόμενος,</span> <span class='ocrx_word' id='word_1_321' title='bbox 2421 2567 2769 2640; x_wconf 78' lang='grc' dir='ltr'>Ἑμμανουὴλ</span> <span class='ocrx_word' id='word_1_322' title='bbox 2819 2568 3149 2638; x_wconf 80' lang='grc' dir='ltr'>ὡμολογεῖτο</span> <span class='ocrx_word' id='word_1_323' title='bbox 3167 2609 3183 2634; x_wconf 90' lang='grc'><strong>,</strong></span> <span class='ocrx_word' id='word_1_324' title='bbox 3247 2568 3438 2639; x_wconf 84' lang='grc' dir='ltr'>μάγων</span> <span class='ocrx_word' id='word_1_325' title='bbox 3495 2569 3633 2639; x_wconf 87' lang='grc' dir='ltr'>πρὸς</span> 
     </span>
    </p>
   </div>
   <div class='ocr_carea' id='block_1_46' title="bbox 2053 2655 3633 2732">
    <p class='ocr_par' dir='ltr' id='par_1_46' title="bbox 2053 2655 3633 2732">
     <span class='ocr_line' id='line_1_47' title="bbox 2053 2655 3633 2732; baseline -0.002 -18"><span class='ocrx_word' id='word_1_326' title='bbox 2053 2662 2214 2715; x_wconf 71' lang='grc' dir='ltr'>αὑτὸν</span> <span class='ocrx_word' id='word_1_327' title='bbox 2245 2663 2453 2724; x_wconf 79' lang='grc' dir='ltr'>ἰόντων,</span> <span class='ocrx_word' id='word_1_328' title='bbox 2488 2661 2582 2715; x_wconf 76' lang='grc' dir='ltr'>καὶ</span> <span class='ocrx_word' id='word_1_329' title='bbox 2606 2659 2685 2731; x_wconf 80' lang='grc' dir='ltr'>τῷ</span> <span class='ocrx_word' id='word_1_330' title='bbox 2716 2662 3045 2732; x_wconf 81' lang='grc' dir='ltr'>προσκυνεῖν</span> <span class='ocrx_word' id='word_1_331' title='bbox 3074 2661 3171 2714; x_wconf 74' lang='grc' dir='ltr'><strong>καὶ</strong></span> <span class='ocrx_word' id='word_1_332' title='bbox 3202 2659 3336 2712; x_wconf 83' lang='grc' dir='ltr'>Θεὸν</span> <span class='ocrx_word' id='word_1_333' title='bbox 3375 2655 3513 2712; x_wconf 78' lang='grc' dir='ltr'>εἶναι</span> <span class='ocrx_word' id='word_1_334' title='bbox 3541 2658 3633 2712; x_wconf 92' lang='grc' dir='ltr'><strong>τὸν</strong></span> 
     </span>
    </p>
   </div>
   <div class='ocr_carea' id='block_1_47' title="bbox 2054 2750 3633 2824">
    <p class='ocr_par' dir='ltr' id='par_1_47' title="bbox 2054 2750 3633 2824">
     <span class='ocr_line' id='line_1_48' title="bbox 2054 2750 3633 2824; baseline -0.003 -17"><span class='ocrx_word' id='word_1_335' title='bbox 2054 2755 2291 2824; x_wconf 79' lang='grc' dir='ltr'>φανέντα</span> <span class='ocrx_word' id='word_1_336' title='bbox 2314 2753 2563 2824; x_wconf 79' lang='grc' dir='ltr'>βοώντων</span> <span class='ocrx_word' id='word_1_337' title='bbox 2586 2771 2600 2784; x_wconf 75' lang='grc' dir='ltr'><strong><em>ο</em></strong></span> <span class='ocrx_word' id='word_1_338' title='bbox 2620 2755 2701 2807; x_wconf 86' lang='grc' dir='ltr'>ὃτι</span> <span class='ocrx_word' id='word_1_339' title='bbox 2728 2754 2820 2807; x_wconf 76' lang='grc' dir='ltr'><strong>καὶ</strong></span> <span class='ocrx_word' id='word_1_340' title='bbox 2847 2754 3011 2824; x_wconf 74' lang='grc' dir='ltr'>σαρκὶ</span> <span class='ocrx_word' id='word_1_341' title='bbox 3036 2753 3269 2824; x_wconf 86' lang='grc' dir='ltr'>σταυρού</span> <span class='ocrx_word' id='word_1_342' title='bbox 3279 2769 3457 2821; x_wconf 86' lang='grc' dir='ltr'>μενος.</span> <span class='ocrx_word' id='word_1_343' title='bbox 3483 2750 3633 2822; x_wconf 81' lang='grc' dir='ltr'>ἡλίου</span> 
     </span>
    </p>
   </div>
   <div class='ocr_carea' id='block_1_48' title="bbox 2055 2841 3636 2915">
    <p class='ocr_par' dir='ltr' id='par_1_48' title="bbox 2055 2841 3636 2915">
     <span class='ocr_line' id='line_1_49' title="bbox 2055 2841 3636 2915; baseline -0.004 -16"><span class='ocrx_word' id='word_1_344' title='bbox 2055 2846 2404 2899; x_wconf 82' lang='grc' dir='ltr'>συνέστελλεν</span> <span class='ocrx_word' id='word_1_345' title='bbox 2434 2846 2688 2909; x_wconf 85' lang='grc' dir='ltr'>ἀκτῖνας,</span> <span class='ocrx_word' id='word_1_346' title='bbox 2734 2845 2828 2899; x_wconf 73' lang='grc' dir='ltr'><strong>καὶ</strong></span> <span class='ocrx_word' id='word_1_347' title='bbox 2856 2843 2934 2915; x_wconf 87' lang='grc' dir='ltr'>τῷ</span> <span class='ocrx_word' id='word_1_348' title='bbox 2976 2843 3111 2914; x_wconf 80' lang='grc' dir='ltr'>ξένῳ</span> <span class='ocrx_word' id='word_1_349' title='bbox 3141 2842 3384 2913; x_wconf 77' lang='grc' dir='ltr'>θαύματι</span> <span class='ocrx_word' id='word_1_350' title='bbox 3429 2841 3527 2911; x_wconf 79' lang='grc' dir='ltr'><strong>τὴν</strong></span> <span class='ocrx_word' id='word_1_351' title='bbox 3558 2841 3636 2893; x_wconf 76' lang='lat' dir='ltr'><strong>oi-</strong></span> 
     </span>
    </p>
   </div>
   <div class='ocr_carea' id='block_1_49' title="bbox 2052 2934 3634 3008">
    <p class='ocr_par' dir='ltr' id='par_1_49' title="bbox 2052 2934 3634 3008">
     <span class='ocr_line' id='line_1_50' title="bbox 2052 2934 3634 3008; baseline -0.003 -18"><span class='ocrx_word' id='word_1_352' title='bbox 2052 2938 2207 2991; x_wconf 88' lang='grc' dir='ltr'>κείαν</span> <span class='ocrx_word' id='word_1_353' title='bbox 2251 2937 2561 3007; x_wconf 69' lang='grc' dir='ltr'>σαφηνίζων</span> <span class='ocrx_word' id='word_1_354' title='bbox 2599 2936 2863 3008; x_wconf 79' lang='grc' dir='ltr'>θεότητα,</span> <span class='ocrx_word' id='word_1_355' title='bbox 2895 2935 3132 3006; x_wconf 78' lang='grc' dir='ltr'>οὐδαμοῦ</span> <span class='ocrx_word' id='word_1_356' title='bbox 3166 2934 3464 3007; x_wconf 90' lang='grc' dir='ltr'>σκορπίσας</span> <span class='ocrx_word' id='word_1_357' title='bbox 3506 2935 3634 2987; x_wconf 77' lang='grc' dir='ltr'>ἐαυ-</span> 
     </span>
    </p>
   </div>
   <div class='ocr_carea' id='block_1_50' title="bbox 2053 3025 3636 3099">
    <p class='ocr_par' dir='ltr' id='par_1_50' title="bbox 2053 3025 3636 3099">
     <span class='ocr_line' id='line_1_51' title="bbox 2053 3025 3636 3099; baseline -0.003 -18"><span class='ocrx_word' id='word_1_358' title='bbox 2053 3029 2166 3093; x_wconf 85' lang='grc' dir='ltr'>τὸν,</span> <span class='ocrx_word' id='word_1_359' title='bbox 2212 3028 2244 3097; x_wconf 85' lang='grc' dir='ltr'>ἢ</span> <span class='ocrx_word' id='word_1_360' title='bbox 2289 3027 2550 3090; x_wconf 79' lang='grc' dir='ltr'>διαλύσας</span> <span class='ocrx_word' id='word_1_361' title='bbox 2600 3029 2680 3091; x_wconf 87' lang='grc' dir='ltr'><strong>είς</strong></span> <span class='ocrx_word' id='word_1_362' title='bbox 2712 3027 2965 3099; x_wconf 79' lang='grc' dir='ltr'>σωτῆρας</span> <span class='ocrx_word' id='word_1_363' title='bbox 3010 3026 3124 3080; x_wconf 75' lang='grc' dir='ltr'>δύο.</span> <span class='ocrx_word' id='word_1_364' title='bbox 3183 3025 3345 3079; x_wconf 85' lang='grc' dir='ltr'>Ἀλλὰ</span> <span class='ocrx_word' id='word_1_365' title='bbox 3387 3026 3481 3078; x_wconf 55' lang='grc' dir='ltr'><strong>καὶ¹</strong></span> <span class='ocrx_word' id='word_1_366' title='bbox 3523 3026 3636 3086; x_wconf 88' lang='grc' dir='ltr'>τοῖς</span> 
     </span>
    </p>
   </div>
   <div class='ocr_carea' id='block_1_51' title="bbox 2055 3112 3635 3192">
    <p class='ocr_par' dir='ltr' id='par_1_51' title="bbox 2055 3112 3635 3192">
     <span class='ocr_line' id='line_1_52' title="bbox 2055 3112 3635 3192; baseline -0.004 -19"><span class='ocrx_word' id='word_1_367' title='bbox 2055 3119 2326 3192; x_wconf 77' lang='grc' dir='ltr'>μαθηταῖς</span> <span class='ocrx_word' id='word_1_368' title='bbox 2357 3120 2512 3187; x_wconf 77' lang='grc' dir='ltr'>ἔλεγε</span> <span class='ocrx_word' id='word_1_369' title='bbox 2531 3136 2545 3150; x_wconf 86' lang='grc'><strong>·</strong></span> <span class='ocrx_word' id='word_1_370' title='bbox 2573 3118 2670 3187; x_wconf 80' lang='grc' dir='ltr'><strong>Μὴ</strong></span> <span class='ocrx_word' id='word_1_371' title='bbox 2695 3118 2994 3187; x_wconf 75' lang='grc' dir='ltr'>καλέσητε</span> <span class='ocrx_word' id='word_1_372' title='bbox 3016 3118 3388 3172; x_wconf 71' lang='grc' dir='ltr'>διδάσκαλον</span> <span class='ocrx_word' id='word_1_373' title='bbox 3407 3114 3503 3169; x_wconf 74' lang='grc' dir='ltr'><strong>ἐπὶ</strong></span> <span class='ocrx_word' id='word_1_374' title='bbox 3528 3112 3635 3182; x_wconf 81' lang='grc' dir='ltr'>τῆς</span> 
     </span>
    </p>
   </div>
   <div class='ocr_carea' id='block_1_52' title="bbox 366 3201 1974 3293">
    <p class='ocr_par' dir='ltr' id='par_1_52' title="bbox 366 3201 1945 3271">
     <span class='ocr_line' id='line_1_53' title="bbox 366 3201 1945 3271; baseline -0.001 -15"><span class='ocrx_word' id='word_1_375' title='bbox 366 3203 713 3258; x_wconf 85' lang='lat' dir='ltr'><strong>divinitatem</strong></span> <span class='ocrx_word' id='word_1_376' title='bbox 744 3220 900 3259; x_wconf 88' lang='lat' dir='ltr'><strong>suam</strong></span> <span class='ocrx_word' id='word_1_377' title='bbox 927 3205 1047 3259; x_wconf 88' lang='lat' dir='ltr'><strong>orbi</strong></span> <span class='ocrx_word' id='word_1_378' title='bbox 1073 3213 1345 3260; x_wconf 87' lang='lat' dir='ltr'><strong>terrarum</strong></span> <span class='ocrx_word' id='word_1_379' title='bbox 1369 3201 1732 3271; x_wconf 80' lang='lat' dir='ltr'><strong>patefaciebat</strong></span> <span class='ocrx_word' id='word_1_380' title='bbox 1761 3219 1773 3252; x_wconf 91' lang='lat'>:</span> <span class='ocrx_word' id='word_1_381' title='bbox 1809 3215 1945 3254; x_wconf 85' lang='lat' dir='ltr'><strong>nus-</strong></span> 
     </span>
    </p>
   </div>
   <div class='ocr_carea' id='block_1_53' title="bbox 2052 3201 3632 3293">
    <p class='ocr_par' dir='ltr' id='par_1_53' title="bbox 2052 3205 3632 3293">
     <span class='ocr_line' id='line_1_54' title="bbox 2052 3205 3632 3293; baseline -0.007 -26"><span class='ocrx_word' id='word_1_382' title='bbox 2052 3212 2196 3282; x_wconf 74' lang='grc' dir='ltr'>γῆς’</span> <span class='ocrx_word' id='word_1_383' title='bbox 2231 3209 2320 3278; x_wconf 79' lang='grc' dir='ltr'>εἷς</span> <span class='ocrx_word' id='word_1_384' title='bbox 2352 3210 2460 3281; x_wconf 74' lang='grc' dir='ltr'>γάρ</span> <span class='ocrx_word' id='word_1_385' title='bbox 2492 3212 2663 3266; x_wconf 72' lang='grc' dir='ltr'>ἐστιν</span> <span class='ocrx_word' id='word_1_386' title='bbox 2696 3210 2867 3280; x_wconf 77' lang='grc' dir='ltr'><strong>ὑμῶν</strong></span> <span class='ocrx_word' id='word_1_387' title='bbox 2899 3206 3245 3279; x_wconf 70' lang='grc' dir='ltr'>καθηγητὴς</span> <span class='ocrx_word' id='word_1_388' title='bbox 3290 3209 3323 3260; x_wconf 86' lang='grc' dir='ltr'><em>ὀ</em></span> <span class='ocrx_word' id='word_1_389' title='bbox 3359 3205 3632 3293; x_wconf 62' lang='grc' dir='ltr'>Χριστός,</span> 
     </span>
    </p>
   </div>
   <div class='ocr_carea' id='block_1_54' title="bbox 366 3290 1946 3362">
    <p class='ocr_par' dir='ltr' id='par_1_54' title="bbox 366 3290 1946 3362">
     <span class='ocr_line' id='line_1_55' title="bbox 366 3290 1946 3362; baseline -0.002 -18"><span class='ocrx_word' id='word_1_390' title='bbox 366 3305 533 3361; x_wconf 85' lang='lat' dir='ltr'><strong>quam</strong></span> <span class='ocrx_word' id='word_1_391' title='bbox 576 3300 671 3345; x_wconf 89' lang='lat' dir='ltr'><strong>aut</strong></span> <span class='ocrx_word' id='word_1_392' title='bbox 713 3307 773 3347; x_wconf 90' lang='lat' dir='ltr'><strong>se</strong></span> <span class='ocrx_word' id='word_1_393' title='bbox 816 3293 998 3362; x_wconf 87' lang='lat' dir='ltr'><strong>ipsum</strong></span> <span class='ocrx_word' id='word_1_394' title='bbox 1029 3292 1316 3356; x_wconf 86' lang='lat' dir='ltr'><strong>divisisse,</strong></span> <span class='ocrx_word' id='word_1_395' title='bbox 1356 3301 1451 3345; x_wconf 93' lang='lat' dir='ltr'><strong>aut</strong></span> <span class='ocrx_word' id='word_1_396' title='bbox 1485 3291 1540 3344; x_wconf 91' lang='lat' dir='ltr'><strong>in</strong></span> <span class='ocrx_word' id='word_1_397' title='bbox 1584 3290 1724 3345; x_wconf 86' lang='lat' dir='ltr'><strong>duos</strong></span> <span class='ocrx_word' id='word_1_398' title='bbox 1765 3291 1946 3343; x_wconf 78' lang='lat' dir='ltr'><strong>salva-</strong></span> 
     </span>
    </p>
   </div>
   <div class='ocr_carea' id='block_1_55' title="bbox 365 3381 1948 3452">
    <p class='ocr_par' dir='ltr' id='par_1_55' title="bbox 365 3381 1948 3452">
     <span class='ocr_line' id='line_1_56' title="bbox 365 3381 1948 3452; baseline 0.001 -17"><span class='ocrx_word' id='word_1_399' title='bbox 365 3391 518 3438; x_wconf 82' lang='lat' dir='ltr'><strong>tores</strong></span> <span class='ocrx_word' id='word_1_400' title='bbox 548 3382 885 3439; x_wconf 88' lang='lat' dir='ltr'><strong>dissecuisse</strong></span> <span class='ocrx_word' id='word_1_401' title='bbox 920 3386 1280 3452; x_wconf 88' lang='lat' dir='ltr'><strong>comperitur.</strong></span> <span class='ocrx_word' id='word_1_402' title='bbox 1312 3382 1458 3449; x_wconf 85' lang='lat' dir='ltr'><strong>Quin</strong></span> <span class='ocrx_word' id='word_1_403' title='bbox 1485 3381 1732 3452; x_wconf 78' lang='lat' dir='ltr'><strong>ejusdem</strong></span> <span class='ocrx_word' id='word_1_404' title='bbox 1764 3382 1948 3452; x_wconf 89' lang='lat' dir='ltr'><strong>potius</strong></span> 
     </span>
    </p>
   </div>
   <div class='ocr_carea' id='block_1_56' title="bbox 363 3474 1950 3546">
    <p class='ocr_par' dir='ltr' id='par_1_56' title="bbox 363 3474 1950 3546">
     <span class='ocr_line' id='line_1_57' title="bbox 363 3474 1950 3546; baseline -0.001 -17"><span class='ocrx_word' id='word_1_405' title='bbox 363 3489 622 3530; x_wconf 88' lang='lat' dir='ltr'><strong>sermone</strong></span> <span class='ocrx_word' id='word_1_406' title='bbox 664 3474 965 3546; x_wconf 87' lang='lat' dir='ltr'><strong>discipulos</strong></span> <span class='ocrx_word' id='word_1_407' title='bbox 1001 3491 1133 3532; x_wconf 91' lang='lat' dir='ltr'><strong>suos</strong></span> <span class='ocrx_word' id='word_1_408' title='bbox 1179 3475 1544 3546; x_wconf 87' lang='lat' dir='ltr'><strong>compellasse</strong></span> <span class='ocrx_word' id='word_1_409' title='bbox 1592 3475 1828 3545; x_wconf 85' lang='lat' dir='ltr'><strong>legitur:</strong></span> <span class='ocrx_word' id='word_1_410' title='bbox 1872 3476 1950 3528; x_wconf 87' lang='lat' dir='ltr'><strong>Ne</strong></span> 
     </span>
    </p>
   </div>
   <div class='ocr_carea' id='block_1_57' title="bbox 367 3566 1950 3638">
    <p class='ocr_par' dir='ltr' id='par_1_57' title="bbox 367 3566 1950 3638">
     <span class='ocr_line' id='line_1_58' title="bbox 367 3566 1950 3638; baseline -0.001 -16"><span class='ocrx_word' id='word_1_411' title='bbox 367 3569 559 3622; x_wconf 67' lang='lat' dir='ltr'><strong>vocetis</strong></span> <span class='ocrx_word' id='word_1_412' title='bbox 594 3569 909 3638; x_wconf 83' lang='lat' dir='ltr'><strong>magistrum</strong></span> <span class='ocrx_word' id='word_1_413' title='bbox 940 3569 994 3621; x_wconf 87' lang='lat' dir='ltr'><strong>iu</strong></span> <span class='ocrx_word' id='word_1_414' title='bbox 1030 3578 1210 3632; x_wconf 85' lang='lat' dir='ltr'><strong>terra;</strong></span> <span class='ocrx_word' id='word_1_415' title='bbox 1248 3584 1384 3620; x_wconf 84' lang='lat' dir='ltr'><strong>unus</strong></span> <span class='ocrx_word' id='word_1_416' title='bbox 1419 3578 1496 3621; x_wconf 78' lang='lat' dir='ltr'><strong>est</strong></span> <span class='ocrx_word' id='word_1_417' title='bbox 1528 3566 1665 3620; x_wconf 87' lang='lat' dir='ltr'><strong>enim</strong></span> <span class='ocrx_word' id='word_1_418' title='bbox 1700 3567 1950 3637; x_wconf 82' lang='lat' dir='ltr'><strong>magister</strong></span> 
     </span>
    </p>
   </div>
   <div class='ocr_carea' id='block_1_58' title="bbox 366 3659 1949 3732">
    <p class='ocr_par' dir='ltr' id='par_1_58' title="bbox 366 3659 1949 3732">
     <span class='ocr_line' id='line_1_59' title="bbox 366 3659 1949 3732; baseline 0.001 -18"><span class='ocrx_word' id='word_1_419' title='bbox 366 3671 536 3715; x_wconf 80' lang='lat' dir='ltr'><strong>vester</strong></span> <span class='ocrx_word' id='word_1_420' title='bbox 563 3660 807 3717; x_wconf 80' lang='lat' dir='ltr'><strong>Christus</strong></span> <span class='ocrx_word' id='word_1_421' title='bbox 830 3661 870 3716; x_wconf 87' lang='grc'><strong>³.</strong></span> <span class='ocrx_word' id='word_1_422' title='bbox 900 3659 1090 3731; x_wconf 85' lang='lat' dir='ltr'><strong>Neque</strong></span> <span class='ocrx_word' id='word_1_423' title='bbox 1114 3660 1261 3717; x_wconf 86' lang='lat' dir='ltr'><strong>enim</strong></span> <span class='ocrx_word' id='word_1_424' title='bbox 1293 3660 1516 3732; x_wconf 81' lang='lat' dir='ltr'><strong>quando</strong></span> <span class='ocrx_word' id='word_1_425' title='bbox 1544 3660 1807 3731; x_wconf 87' lang='lat' dir='ltr'><strong>apostolis</strong></span> <span class='ocrx_word' id='word_1_426' title='bbox 1831 3660 1949 3716; x_wconf 67' lang='lat' dir='ltr'><strong>haec</strong></span> 
     </span>
    </p>
   </div>
   <div class='ocr_carea' id='block_1_59' title="bbox 366 3751 1949 3839">
    <p class='ocr_par' dir='ltr' id='par_1_59' title="bbox 366 3751 1949 3839">
     <span class='ocr_line' id='line_1_60' title="bbox 366 3751 1949 3839; baseline 0.001 -33"><span class='ocrx_word' id='word_1_427' title='bbox 366 3752 693 3822; x_wconf 86' lang='lat' dir='ltr'><strong>imperabat,</strong></span> <span class='ocrx_word' id='word_1_428' title='bbox 727 3751 1069 3807; x_wconf 80' lang='lat' dir='ltr'><strong>divinitatem</strong></span> <span class='ocrx_word' id='word_1_429' title='bbox 1106 3768 1263 3809; x_wconf 88' lang='lat' dir='ltr'><strong>suam</strong></span> <span class='ocrx_word' id='word_1_430' title='bbox 1309 3766 1340 3805; x_wconf 91' lang='lat' dir='ltr'><strong>a</strong></span> <span class='ocrx_word' id='word_1_431' title='bbox 1378 3767 1617 3839; x_wconf 67' lang='lat' dir='ltr'><strong>corpore</strong></span> <span class='ocrx_word' id='word_1_432' title='bbox 1645 3752 1791 3823; x_wconf 90' lang='lat' dir='ltr'><strong>quod</strong></span> <span class='ocrx_word' id='word_1_433' title='bbox 1827 3767 1949 3808; x_wconf 87' lang='lat' dir='ltr'><strong>cer-</strong></span> 
     </span>
    </p>
   </div>
   <div class='ocr_carea' id='block_1_60' title="bbox 367 3842 1946 3916">
    <p class='ocr_par' dir='ltr' id='par_1_60' title="bbox 367 3842 1946 3916">
     <span class='ocr_line' id='line_1_61' title="bbox 367 3842 1946 3916; baseline -0.001 -17"><span class='ocrx_word' id='word_1_434' title='bbox 367 3844 626 3908; x_wconf 88' lang='lat' dir='ltr'><strong>nebatur,</strong></span> <span class='ocrx_word' id='word_1_435' title='bbox 677 3844 1020 3916; x_wconf 83' lang='lat' dir='ltr'><strong>sejungebat,</strong></span> <span class='ocrx_word' id='word_1_436' title='bbox 1049 3861 1227 3915; x_wconf 84' lang='lat' dir='ltr'><strong>neque</strong></span> <span class='ocrx_word' id='word_1_437' title='bbox 1260 3861 1503 3910; x_wconf 89' lang='lat' dir='ltr'><strong>rursum,</strong></span> <span class='ocrx_word' id='word_1_438' title='bbox 1533 3860 1658 3899; x_wconf 89' lang='lat' dir='ltr'><strong>cum</strong></span> <span class='ocrx_word' id='word_1_439' title='bbox 1689 3859 1749 3901; x_wconf 89' lang='lat' dir='ltr'><strong>se</strong></span> <span class='ocrx_word' id='word_1_440' title='bbox 1785 3842 1946 3899; x_wconf 82' lang='lat' dir='ltr'><strong>Chri-</strong></span> 
     </span>
    </p>
   </div>
   <div class='ocr_carea' id='block_1_61' title="bbox 369 3938 1949 4011">
    <p class='ocr_par' dir='ltr' id='par_1_61' title="bbox 369 3938 1949 4011">
     <span class='ocr_line' id='line_1_62' title="bbox 369 3938 1949 4011; baseline 0.002 -21"><span class='ocrx_word' id='word_1_441' title='bbox 369 3944 514 3991; x_wconf 84' lang='lat' dir='ltr'><strong>stum</strong></span> <span class='ocrx_word' id='word_1_442' title='bbox 550 3953 675 3995; x_wconf 82' lang='lat' dir='ltr'><strong>esse</strong></span> <span class='ocrx_word' id='word_1_443' title='bbox 706 3940 1037 4003; x_wconf 82' lang='lat' dir='ltr'><strong>testabatur,</strong></span> <span class='ocrx_word' id='word_1_444' title='bbox 1084 3955 1143 3996; x_wconf 90' lang='lat' dir='ltr'><strong>se</strong></span> <span class='ocrx_word' id='word_1_445' title='bbox 1175 3940 1244 3995; x_wconf 89' lang='lat' dir='ltr'><strong>ab</strong></span> <span class='ocrx_word' id='word_1_446' title='bbox 1274 3940 1459 3995; x_wconf 88' lang='lat' dir='ltr'><strong>animo</strong></span> <span class='ocrx_word' id='word_1_447' title='bbox 1502 3947 1557 3997; x_wconf 90' lang='lat' dir='ltr'><strong>et</strong></span> <span class='ocrx_word' id='word_1_448' title='bbox 1593 3954 1828 4011; x_wconf 91' lang='lat' dir='ltr'><strong>corpore</strong></span> <span class='ocrx_word' id='word_1_449' title='bbox 1859 3938 1949 3993; x_wconf 89' lang='lat' dir='ltr'><strong>di-</strong></span> 
     </span>
    </p>
   </div>
   <div class='ocr_carea' id='block_1_62' title="bbox 367 4029 1951 4105">
    <p class='ocr_par' dir='ltr' id='par_1_62' title="bbox 367 4029 1951 4105">
     <span class='ocr_line' id='line_1_63' title="bbox 367 4029 1951 4105; baseline 0.003 -24"><span class='ocrx_word' id='word_1_450' title='bbox 367 4029 635 4095; x_wconf 84' lang='lat' dir='ltr'><strong>vellebat,</strong></span> <span class='ocrx_word' id='word_1_451' title='bbox 669 4032 766 4089; x_wconf 85' lang='lat' dir='ltr'><strong>sed</strong></span> <span class='ocrx_word' id='word_1_452' title='bbox 828 4034 994 4091; x_wconf 83' lang='lat' dir='ltr'><strong>simul</strong></span> <span class='ocrx_word' id='word_1_453' title='bbox 1028 4042 1359 4105; x_wconf 88' lang='lat' dir='ltr'><strong>utrumque,</strong></span> <span class='ocrx_word' id='word_1_454' title='bbox 1418 4033 1523 4089; x_wconf 89' lang='lat' dir='ltr'><strong>hoc</strong></span> <span class='ocrx_word' id='word_1_455' title='bbox 1555 4041 1674 4095; x_wconf 93' lang='lat' dir='ltr'><strong>est,</strong></span> <span class='ocrx_word' id='word_1_456' title='bbox 1723 4030 1868 4088; x_wconf 89' lang='lat' dir='ltr'><strong>Deus</strong></span> <span class='ocrx_word' id='word_1_457' title='bbox 1896 4040 1951 4087; x_wconf 91' lang='lat' dir='ltr'><strong>et</strong></span> 
     </span>
    </p>
   </div>
   <div class='ocr_carea' id='block_1_63' title="bbox 2052 3292 3633 3374">
    <p class='ocr_par' dir='ltr' id='par_1_63' title="bbox 2052 3292 3633 3374">
     <span class='ocr_line' id='line_1_64' title="bbox 2052 3292 3633 3374; baseline -0.006 -17"><span class='ocrx_word' id='word_1_458' title='bbox 2052 3305 2126 3358; x_wconf 79' lang='grc' dir='ltr'><strong>Οὐ</strong></span> <span class='ocrx_word' id='word_1_459' title='bbox 2154 3302 2263 3374; x_wconf 84' lang='grc' dir='ltr'><strong>γὰρ</strong></span> <span class='ocrx_word' id='word_1_460' title='bbox 2292 3305 2381 3356; x_wconf 81' lang='grc' dir='ltr'>ὅτε</span> <span class='ocrx_word' id='word_1_461' title='bbox 2394 3303 2550 3356; x_wconf 76' lang='grc' dir='ltr'>τοῦτο</span> <span class='ocrx_word' id='word_1_462' title='bbox 2571 3305 2682 3366; x_wconf 87' lang='grc' dir='ltr'>τοῖς</span> <span class='ocrx_word' id='word_1_463' title='bbox 2698 3300 3014 3364; x_wconf 81' lang='grc' dir='ltr'>ἀποστόλοις</span> <span class='ocrx_word' id='word_1_464' title='bbox 3031 3297 3365 3371; x_wconf 85' lang='grc' dir='ltr'>παρήγγειλε</span> <span class='ocrx_word' id='word_1_465' title='bbox 3391 3296 3524 3365; x_wconf 79' lang='grc'><strong>(10),</strong></span> <span class='ocrx_word' id='word_1_466' title='bbox 3539 3292 3633 3348; x_wconf 79' lang='grc' dir='ltr'><strong>τοῦ</strong></span> 
     </span>
    </p>
   </div>
   <div class='ocr_carea' id='block_1_64' title="bbox 1982 3389 3632 3468">
    <p class='ocr_par' dir='ltr' id='par_1_64' title="bbox 1982 3389 3632 3468">
     <span class='ocr_line' id='line_1_65' title="bbox 1982 3389 3632 3468; baseline -0.01 -13"><span class='ocrx_word' id='word_1_467' title='bbox 1982 3452 1987 3455; x_wconf 29' lang='grc' dir='ltr'><strong>ν</strong></span> <span class='ocrx_word' id='word_1_468' title='bbox 2052 3397 2375 3468; x_wconf 75' lang='grc' dir='ltr'>φαινομένου</span> <span class='ocrx_word' id='word_1_469' title='bbox 2427 3395 2678 3468; x_wconf 82' lang='grc' dir='ltr'>σώματος</span> <span class='ocrx_word' id='word_1_470' title='bbox 2715 3395 2814 3465; x_wconf 75' lang='grc' dir='ltr'><strong>τὴν</strong></span> <span class='ocrx_word' id='word_1_471' title='bbox 2858 3394 3065 3448; x_wconf 75' lang='grc' dir='ltr'>οἰκείαν</span> <span class='ocrx_word' id='word_1_472' title='bbox 3103 3390 3323 3463; x_wconf 75' lang='grc' dir='ltr'>διώριζε</span> <span class='ocrx_word' id='word_1_473' title='bbox 3369 3389 3632 3459; x_wconf 84' lang='grc' dir='ltr'>θεότητα·</span> 
     </span>
    </p>
   </div>
   <div class='ocr_carea' id='block_1_65' title="bbox 2051 3477 3636 3560">
    <p class='ocr_par' dir='ltr' id='par_1_65' title="bbox 2051 3477 3636 3560">
     <span class='ocr_line' id='line_1_66' title="bbox 2051 3477 3636 3560; baseline -0.008 -17"><span class='ocrx_word' id='word_1_474' title='bbox 2051 3489 2172 3543; x_wconf 77' lang='grc' dir='ltr'>οὐδὲ</span> <span class='ocrx_word' id='word_1_475' title='bbox 2200 3490 2289 3542; x_wconf 79' lang='grc' dir='ltr'><strong>ὅτε</strong></span> <span class='ocrx_word' id='word_1_476' title='bbox 2340 3488 2573 3560; x_wconf 73' lang='grc' dir='ltr'>Χριστὸν</span> <span class='ocrx_word' id='word_1_477' title='bbox 2606 3487 2797 3540; x_wconf 73' lang='grc' dir='ltr'>ἑαυτὸν</span> <span class='ocrx_word' id='word_1_478' title='bbox 2830 3484 3225 3557; x_wconf 79' lang='grc' dir='ltr'>διεμαρτύρετο</span> <span class='ocrx_word' id='word_1_479' title='bbox 3267 3479 3428 3543; x_wconf 77' lang='grc' dir='ltr'>εἶναι,</span> <span class='ocrx_word' id='word_1_480' title='bbox 3457 3477 3636 3549; x_wconf 76' lang='grc' dir='ltr'>ψυχῆς</span> 
     </span>
    </p>
   </div>
   <div class='ocr_carea' id='block_1_66' title="bbox 2051 3566 3637 3650">
    <p class='ocr_par' dir='ltr' id='par_1_66' title="bbox 2051 3566 3637 3650">
     <span class='ocr_line' id='line_1_67' title="bbox 2051 3566 3637 3650; baseline -0.009 -18"><span class='ocrx_word' id='word_1_481' title='bbox 2051 3580 2145 3634; x_wconf 74' lang='grc' dir='ltr'>καὶ</span> <span class='ocrx_word' id='word_1_482' title='bbox 2181 3579 2385 3650; x_wconf 88' lang='grc' dir='ltr'>σαρκὸς</span> <span class='ocrx_word' id='word_1_483' title='bbox 2422 3576 2725 3648; x_wconf 79' lang='grc' dir='ltr'>διωρίζετο,</span> <span class='ocrx_word' id='word_1_484' title='bbox 2753 3574 2928 3638; x_wconf 72' lang='grc' dir='ltr'>οὕτως</span> <span class='ocrx_word' id='word_1_485' title='bbox 2969 3575 3138 3646; x_wconf 76' lang='grc' dir='ltr'>ἄμφω</span> <span class='ocrx_word' id='word_1_486' title='bbox 3163 3571 3465 3643; x_wconf 83' lang='grc' dir='ltr'>τυγχάνων,</span> <span class='ocrx_word' id='word_1_487' title='bbox 3502 3566 3637 3629; x_wconf 84' lang='grc' dir='ltr'>Θεός</span> 
     </span>
    </p>
   </div>
   <div class='ocr_carea' id='block_1_67' title="bbox 2051 3662 3634 3741">
    <p class='ocr_par' dir='ltr' id='par_1_67' title="bbox 2051 3662 3634 3741">
     <span class='ocr_line' id='line_1_68' title="bbox 2051 3662 3634 3741; baseline -0.007 -17"><span class='ocrx_word' id='word_1_488' title='bbox 2051 3689 2108 3724; x_wconf 85' lang='grc' dir='ltr'><strong>τε</strong></span> <span class='ocrx_word' id='word_1_489' title='bbox 2137 3671 2230 3724; x_wconf 72' lang='grc' dir='ltr'><strong>καὶ</strong></span> <span class='ocrx_word' id='word_1_490' title='bbox 2264 3670 2571 3741; x_wconf 79' lang='grc' dir='ltr'>ἄνθρωπος,</span> <span class='ocrx_word' id='word_1_491' title='bbox 2601 3666 2786 3730; x_wconf 80' lang='grc' dir='ltr'>δοῦλος</span> <span class='ocrx_word' id='word_1_492' title='bbox 2810 3666 3107 3739; x_wconf 85' lang='grc' dir='ltr'>ὁρώμενος,</span> <span class='ocrx_word' id='word_1_493' title='bbox 3133 3666 3229 3719; x_wconf 75' lang='grc' dir='ltr'>καὶ</span> <span class='ocrx_word' id='word_1_494' title='bbox 3262 3662 3466 3733; x_wconf 81' lang='grc' dir='ltr'>Κύριος</span> <span class='ocrx_word' id='word_1_495' title='bbox 3492 3677 3634 3728; x_wconf 86' lang='grc' dir='ltr'>γνω-</span> 
     </span>
    </p>
   </div>
   <div class='ocr_carea' id='block_1_68' title="bbox 2055 3749 3637 3834">
    <p class='ocr_par' dir='ltr' id='par_1_68' title="bbox 2055 3749 3637 3834">
     <span class='ocr_line' id='line_1_69' title="bbox 2055 3749 3637 3834; baseline -0.007 -19"><span class='ocrx_word' id='word_1_496' title='bbox 2055 3761 2359 3834; x_wconf 78' lang='grc' dir='ltr'>ριζόμενος,</span> <span class='ocrx_word' id='word_1_497' title='bbox 2384 3761 2444 3813; x_wconf 87' lang='grc' dir='ltr'><strong>τὸ</strong></span> <span class='ocrx_word' id='word_1_498' title='bbox 2487 3760 2585 3831; x_wconf 84' lang='grc' dir='ltr'><strong>μὲν</strong></span> <span class='ocrx_word' id='word_1_499' title='bbox 2619 3759 2823 3831; x_wconf 67' lang='grc' dir='ltr'>ὑψηλὸν</span> <span class='ocrx_word' id='word_1_500' title='bbox 2857 3760 2955 3829; x_wconf 83' lang='grc' dir='ltr'>τῆς</span> <span class='ocrx_word' id='word_1_501' title='bbox 2998 3757 3251 3828; x_wconf 78' lang='grc' dir='ltr'>Θεότητος</span> <span class='ocrx_word' id='word_1_502' title='bbox 3291 3754 3369 3826; x_wconf 81' lang='grc' dir='ltr'>τῷ</span> <span class='ocrx_word' id='word_1_503' title='bbox 3399 3749 3637 3822; x_wconf 84' lang='grc' dir='ltr'>ταπεινῷ</span> 
     </span>
    </p>
   </div>
   <div class='ocr_carea' id='block_1_69' title="bbox 2051 3841 3638 3925">
    <p class='ocr_par' dir='ltr' id='par_1_69' title="bbox 2051 3841 3638 3925">
     <span class='ocr_line' id='line_1_70' title="bbox 2051 3841 3638 3925; baseline -0.008 -17"><span class='ocrx_word' id='word_1_504' title='bbox 2051 3856 2151 3925; x_wconf 80' lang='grc' dir='ltr'>τῆς</span> <span class='ocrx_word' id='word_1_505' title='bbox 2189 3852 2654 3924; x_wconf 81' lang='grc' dir='ltr'>ὲνανθρωπήσεως</span> <span class='ocrx_word' id='word_1_506' title='bbox 2688 3851 3171 3923; x_wconf 83' lang='grc' dir='ltr'>ὐποκρυπτόμενος</span> <span class='ocrx_word' id='word_1_507' title='bbox 3215 3847 3545 3922; x_wconf 84' lang='grc' dir='ltr'>φρονήματι,</span> <span class='ocrx_word' id='word_1_508' title='bbox 3574 3841 3638 3896; x_wconf 77' lang='grc' dir='ltr'><strong>τὸ</strong></span> 
     </span>
    </p>
   </div>
   <div class='ocr_carea' id='block_1_70' title="bbox 2053 3932 3636 4016">
    <p class='ocr_par' dir='ltr' id='par_1_70' title="bbox 2053 3932 3636 4016">
     <span class='ocr_line' id='line_1_71' title="bbox 2053 3932 3636 4016; baseline -0.007 -17"><span class='ocrx_word' id='word_1_509' title='bbox 2053 3946 2110 4000; x_wconf 75' lang='grc' dir='ltr'>δέ</span> <span class='ocrx_word' id='word_1_510' title='bbox 2146 3963 2210 4016; x_wconf 89' lang='grc' dir='ltr'><strong>γε</strong></span> <span class='ocrx_word' id='word_1_511' title='bbox 2243 3944 2496 3999; x_wconf 89' lang='grc' dir='ltr'>ταπεινὸν</span> <span class='ocrx_word' id='word_1_512' title='bbox 2530 3943 2624 3996; x_wconf 79' lang='grc' dir='ltr'>τοῦ</span> <span class='ocrx_word' id='word_1_513' title='bbox 2671 3944 2950 4016; x_wconf 84' lang='grc' dir='ltr'>ὁρωμένου</span> <span class='ocrx_word' id='word_1_514' title='bbox 2984 3940 3234 4013; x_wconf 84' lang='grc' dir='ltr'>σώματος</span> <span class='ocrx_word' id='word_1_515' title='bbox 3276 3941 3341 4011; x_wconf 78' lang='grc' dir='ltr'>τῇ</span> <span class='ocrx_word' id='word_1_516' title='bbox 3388 3938 3486 4009; x_wconf 83' lang='grc' dir='ltr'>τῆς</span> <span class='ocrx_word' id='word_1_517' title='bbox 3518 3932 3636 3989; x_wconf 77' lang='grc' dir='ltr'>θεό-</span> 
     </span>
    </p>
   </div>
   <div class='ocr_carea' id='block_1_71' title="bbox 2054 4034 2865 4108">
    <p class='ocr_par' dir='ltr' id='par_1_71' title="bbox 2054 4034 2865 4108">
     <span class='ocr_line' id='line_1_72' title="bbox 2054 4034 2865 4108; baseline 0.004 -20"><span class='ocrx_word' id='word_1_518' title='bbox 2054 4053 2216 4107; x_wconf 77' lang='grc' dir='ltr'>τητος</span> <span class='ocrx_word' id='word_1_519' title='bbox 2254 4034 2566 4108; x_wconf 81' lang='grc' dir='ltr'>ὑπεραίρων</span> <span class='ocrx_word' id='word_1_520' title='bbox 2593 4036 2865 4108; x_wconf 78' lang='grc' dir='ltr'>ἐνεργείᾳ.</span> 
     </span>
    </p>
   </div>
   <div class='ocr_carea' id='block_1_72' title="bbox 370 4117 3636 4201">
    <p class='ocr_par' dir='ltr' id='par_1_72' title="bbox 370 4117 3636 4201">
     <span class='ocr_line' id='line_1_73' title="bbox 370 4117 3636 4201; baseline 0 -31"><span class='ocrx_word' id='word_1_521' title='bbox 370 4117 536 4175; x_wconf 83' lang='lat' dir='ltr'><strong>homo</strong></span> <span class='ocrx_word' id='word_1_522' title='bbox 569 4130 710 4177; x_wconf 90' lang='lat' dir='ltr'><strong>erat.</strong></span> <span class='ocrx_word' id='word_1_523' title='bbox 747 4123 953 4183; x_wconf 82' lang='lat' dir='ltr'><strong>Servus</strong></span> <span class='ocrx_word' id='word_1_524' title='bbox 998 4127 1199 4199; x_wconf 86' lang='lat' dir='ltr'><strong>quippe</strong></span> <span class='ocrx_word' id='word_1_525' title='bbox 1247 4133 1387 4192; x_wconf 88' lang='lat' dir='ltr'><strong>erat,</strong></span> <span class='ocrx_word' id='word_1_526' title='bbox 1431 4126 1525 4199; x_wconf 91' lang='lat' dir='ltr'><strong>qui</strong></span> <span class='ocrx_word' id='word_1_527' title='bbox 1571 4126 1939 4193; x_wconf 87' lang='lat' dir='ltr'><strong>cernebatur;</strong></span> <span class='ocrx_word' id='word_1_528' title='bbox 1995 4128 2260 4184; x_wconf 88' lang='lat' dir='ltr'><strong>Dominus</strong></span> <span class='ocrx_word' id='word_1_529' title='bbox 2290 4145 2418 4185; x_wconf 87' lang='lat' dir='ltr'><strong>vero</strong></span> <span class='ocrx_word' id='word_1_530' title='bbox 2494 4128 2588 4200; x_wconf 90' lang='lat' dir='ltr'><strong>qui</strong></span> <span class='ocrx_word' id='word_1_531' title='bbox 2637 4128 3073 4201; x_wconf 82' lang='lat' dir='ltr'><strong>intelligebatur,</strong></span> <span class='ocrx_word' id='word_1_532' title='bbox 3118 4124 3340 4180; x_wconf 89' lang='lat' dir='ltr'><strong>deitatis</strong></span> <span class='ocrx_word' id='word_1_533' title='bbox 3410 4117 3636 4175; x_wconf 82' lang='lat' dir='ltr'><strong>celsitu-</strong></span> 
     </span>
    </p>
   </div>
   <div class='ocr_carea' id='block_1_73' title="bbox 368 4213 3635 4292">
    <p class='ocr_par' dir='ltr' id='par_1_73' title="bbox 368 4213 3635 4292">
     <span class='ocr_line' id='line_1_74' title="bbox 368 4213 3635 4292; baseline -0.001 -24"><span class='ocrx_word' id='word_1_534' title='bbox 368 4214 590 4280; x_wconf 85' lang='lat' dir='ltr'><strong>dinem,</strong></span> <span class='ocrx_word' id='word_1_535' title='bbox 646 4216 840 4270; x_wconf 87' lang='lat' dir='ltr'><strong>humili</strong></span> <span class='ocrx_word' id='word_1_536' title='bbox 891 4219 1291 4275; x_wconf 81' lang='lat' dir='ltr'><strong>incarnationis</strong></span> <span class='ocrx_word' id='word_1_537' title='bbox 1341 4235 1512 4276; x_wconf 87' lang='lat' dir='ltr'><strong>sensu</strong></span> <span class='ocrx_word' id='word_1_538' title='bbox 1562 4218 1915 4288; x_wconf 82' lang='lat' dir='ltr'><strong>occultabat;</strong></span> <span class='ocrx_word' id='word_1_539' title='bbox 1968 4229 2162 4275; x_wconf 88' lang='lat' dir='ltr'><strong>contra</strong></span> <span class='ocrx_word' id='word_1_540' title='bbox 2225 4238 2354 4277; x_wconf 88' lang='lat' dir='ltr'><strong>vero</strong></span> <span class='ocrx_word' id='word_1_541' title='bbox 2390 4222 2661 4292; x_wconf 78' lang='lat' dir='ltr'><strong>corporis,</strong></span> <span class='ocrx_word' id='word_1_542' title='bbox 2704 4221 2851 4284; x_wconf 83' lang='lat' dir='ltr'><strong>quod</strong></span> <span class='ocrx_word' id='word_1_543' title='bbox 2889 4220 3198 4281; x_wconf 86' lang='lat' dir='ltr'><strong>videbatur,</strong></span> <span class='ocrx_word' id='word_1_544' title='bbox 3267 4213 3635 4268; x_wconf 84' lang='lat' dir='ltr'><strong>humilitatem</strong></span> 
     </span>
    </p>
   </div>
   <div class='ocr_carea' id='block_1_74' title="bbox 369 4303 1596 4378">
    <p class='ocr_par' dir='ltr' id='par_1_74' title="bbox 369 4303 1596 4378">
     <span class='ocr_line' id='line_1_75' title="bbox 369 4303 1596 4378; baseline 0.002 -16"><span class='ocrx_word' id='word_1_545' title='bbox 369 4303 573 4362; x_wconf 77' lang='lat' dir='ltr'><strong>etiicaci</strong></span> <span class='ocrx_word' id='word_1_546' title='bbox 606 4304 828 4361; x_wconf 89' lang='lat' dir='ltr'><strong>deitatis</strong></span> <span class='ocrx_word' id='word_1_547' title='bbox 859 4310 1176 4378; x_wconf 87' lang='lat' dir='ltr'><strong>operatione</strong></span> <span class='ocrx_word' id='word_1_548' title='bbox 1198 4311 1481 4366; x_wconf 72' lang='lat' dir='ltr'><strong>eveltebat.</strong></span> <span class='ocrx_word' id='word_1_549' title='bbox 1588 4371 1596 4378; x_wconf 49' lang='grc'><strong>,</strong></span> 
     </span>
    </p>
   </div>
   <div class='ocr_carea' id='block_1_75' title="bbox 934 4580 3067 4658">
    <p class='ocr_par' dir='ltr' id='par_1_75' title="bbox 934 4580 3067 4658">
     <span class='ocr_line' id='line_1_76' title="bbox 934 4580 3067 4658; baseline -0.001 -23"><span class='ocrx_word' id='word_1_550' title='bbox 934 4580 1311 4652; x_wconf 83' lang='lat' dir='ltr'><strong>Fragmentum</strong></span> <span class='ocrx_word' id='word_1_551' title='bbox 1335 4599 1399 4637; x_wconf 79' lang='lat' dir='ltr'><strong>ex</strong></span> <span class='ocrx_word' id='word_1_552' title='bbox 1432 4584 1615 4638; x_wconf 80' lang='lat' dir='ltr'><strong>eadem</strong></span> <span class='ocrx_word' id='word_1_553' title='bbox 1644 4585 1883 4657; x_wconf 84' lang='lat' dir='ltr'><strong>Epistola</strong></span> <span class='ocrx_word' id='word_1_554' title='bbox 1916 4587 2165 4644; x_wconf 84' lang='lat' dir='ltr'><strong>Pascltali</strong></span> <span class='ocrx_word' id='word_1_555' title='bbox 2194 4604 2321 4641; x_wconf 85' lang='lat' dir='ltr'><strong>anu.</strong></span> <span class='ocrx_word' id='word_1_556' title='bbox 2354 4587 2476 4653; x_wconf 69' lang='grc'><strong>401,</strong></span> <span class='ocrx_word' id='word_1_557' title='bbox 2513 4586 2619 4658; x_wconf 63' lang='grc' dir='ltr'><strong>μ,</strong></span> <span class='ocrx_word' id='word_1_558' title='bbox 2652 4601 2770 4653; x_wconf 82' lang='lat' dir='ltr'><strong>sup.</strong></span> <span class='ocrx_word' id='word_1_559' title='bbox 2790 4599 2910 4653; x_wconf 85' lang='lat' dir='ltr'><strong>pag.</strong></span> <span class='ocrx_word' id='word_1_560' title='bbox 2943 4582 3067 4636; x_wconf 84' lang='lat' dir='ltr'><strong>6l7.</strong></span> 
     </span>
    </p>
   </div>
   <div class='ocr_carea' id='block_1_76' title="bbox 1223 4717 2819 4791">
    <p class='ocr_par' dir='ltr' id='par_1_76' title="bbox 1223 4717 2819 4791">
     <span class='ocr_line' id='line_1_77' title="bbox 1223 4717 2819 4791; baseline 0 -20"><span class='ocrx_word' id='word_1_561' title='bbox 1223 4718 1380 4789; x_wconf 82' lang='lat' dir='ltr'><strong>Apud</strong></span> <span class='ocrx_word' id='word_1_562' title='bbox 1409 4717 1789 4775; x_wconf 75' lang='lat' dir='ltr'><strong>Theodoritum</strong></span> <span class='ocrx_word' id='word_1_563' title='bbox 1816 4720 1953 4775; x_wconf 89' lang='lat' dir='ltr'><strong>Dial.</strong></span> <span class='ocrx_word' id='word_1_564' title='bbox 1989 4737 2050 4784; x_wconf 86' lang='lat' dir='ltr'><strong>ll,</strong></span> <span class='ocrx_word' id='word_1_565' title='bbox 2087 4720 2218 4791; x_wconf 85' lang='lat' dir='ltr'><strong>Opp.</strong></span> <span class='ocrx_word' id='word_1_566' title='bbox 2248 4729 2375 4774; x_wconf 88' lang='lat' dir='ltr'><strong>tom.</strong></span> <span class='ocrx_word' id='word_1_567' title='bbox 2408 4719 2512 4787; x_wconf 86' lang='lat' dir='ltr'><strong>IV,</strong></span> <span class='ocrx_word' id='word_1_568' title='bbox 2539 4734 2662 4790; x_wconf 86' lang='lat' dir='ltr'><strong>pag.</strong></span> <span class='ocrx_word' id='word_1_569' title='bbox 2699 4717 2819 4773; x_wconf 79' lang='lat' dir='ltr'><strong>l0l.</strong></span> 
     </span>
    </p>
   </div>
   <div class='ocr_carea' id='block_1_77' title="bbox 374 4850 1974 4928">
    <p class='ocr_par' dir='ltr' id='par_1_77' title="bbox 374 4856 1951 4928">
     <span class='ocr_line' id='line_1_78' title="bbox 374 4856 1951 4928; baseline -0.003 -14"><span class='ocrx_word' id='word_1_570' title='bbox 374 4860 527 4914; x_wconf 82' lang='lat' dir='ltr'><strong>Beati</strong></span> <span class='ocrx_word' id='word_1_571' title='bbox 563 4856 832 4927; x_wconf 72' lang='lat' dir='ltr'><strong>TheOpItili</strong></span> <span class='ocrx_word' id='word_1_572' title='bbox 845 4856 1081 4928; x_wconf 72' lang='lat' dir='ltr'><strong>episcopi</strong></span> <span class='ocrx_word' id='word_1_573' title='bbox 1102 4856 1466 4928; x_wconf 64' lang='lat' dir='ltr'><strong>Alexandria,</strong></span> <span class='ocrx_word' id='word_1_574' title='bbox 1498 4871 1563 4909; x_wconf 83' lang='lat' dir='ltr'><strong>ea:</strong></span> <span class='ocrx_word' id='word_1_575' title='bbox 1583 4856 1649 4910; x_wconf 83' lang='lat' dir='ltr'><strong>iis</strong></span> <span class='ocrx_word' id='word_1_576' title='bbox 1671 4871 1790 4928; x_wconf 69' lang='lat' dir='ltr'><strong>quae</strong></span> <span class='ocrx_word' id='word_1_577' title='bbox 1815 4857 1951 4910; x_wconf 81' lang='lat' dir='ltr'><strong>srri-</strong></span> 
     </span>
    </p>
   </div>
   <div class='ocr_carea' id='block_1_78' title="bbox 2052 4850 3642 4928">
    <p class='ocr_par' dir='ltr' id='par_1_78' title="bbox 2064 4850 3642 4928">
     <span class='ocr_line' id='line_1_79' title="bbox 2064 4850 3642 4928; baseline -0.005 -17"><span class='ocrx_word' id='word_1_578' title='bbox 2064 4856 2174 4912; x_wconf 85' lang='grc' dir='ltr'><em>Τοῦ</em></span> <span class='ocrx_word' id='word_1_579' title='bbox 2231 4858 2531 4928; x_wconf 71' lang='grc' dir='ltr'>μακαρίου</span> <span class='ocrx_word' id='word_1_580' title='bbox 2597 4854 2901 4928; x_wconf 57' lang='grc' dir='ltr'><strong>ΔΘεοςίιαῑρν</strong></span> <span class='ocrx_word' id='word_1_581' title='bbox 2966 4850 3307 4928; x_wconf 57' lang='grc' dir='ltr'>ᾆπίςκόθζου</span> <span class='ocrx_word' id='word_1_582' title='bbox 3371 4850 3642 4916; x_wconf 65' lang='grc' dir='ltr'>Ἀλεξαν-</span> 
     </span>
    </p>
   </div>
   <div class='ocr_carea' id='block_1_79' title="bbox 774 4924 1530 4997">
    <p class='ocr_par' dir='ltr' id='par_1_79' title="bbox 774 4924 1530 4997">
     <span class='ocr_line' id='line_1_80' title="bbox 774 4924 1530 4997; baseline 0.004 -17"><span class='ocrx_word' id='word_1_583' title='bbox 774 4924 887 4997; x_wconf 82' lang='lat' dir='ltr'><strong>psit</strong></span> <span class='ocrx_word' id='word_1_584' title='bbox 910 4925 1190 4982; x_wconf 81' lang='lat' dir='ltr'><strong>Adversus</strong></span> <span class='ocrx_word' id='word_1_585' title='bbox 1219 4924 1530 4996; x_wconf 83' lang='lat' dir='ltr'><strong>Origenem.</strong></span> 
     </span>
    </p>
   </div>
   <div class='ocr_carea' id='block_1_80' title="bbox 445 5038 1952 5110">
    <p class='ocr_par' dir='ltr' id='par_1_80' title="bbox 445 5038 1952 5110">
     <span class='ocr_line' id='line_1_81' title="bbox 445 5038 1952 5110; baseline 0 -17"><span class='ocrx_word' id='word_1_586' title='bbox 445 5038 557 5096; x_wconf 84' lang='lat' dir='ltr'><strong>Nec</strong></span> <span class='ocrx_word' id='word_1_587' title='bbox 596 5039 957 5096; x_wconf 90' lang='lat' dir='ltr'><strong>similitudine</strong></span> <span class='ocrx_word' id='word_1_588' title='bbox 986 5046 1195 5106; x_wconf 87' lang='lat' dir='ltr'><strong>nostra,</strong></span> <span class='ocrx_word' id='word_1_589' title='bbox 1222 5053 1387 5110; x_wconf 92' lang='lat' dir='ltr'><strong>quam</strong></span> <span class='ocrx_word' id='word_1_590' title='bbox 1420 5040 1741 5110; x_wconf 88' lang='lat' dir='ltr'><strong>assumpsit,</strong></span> <span class='ocrx_word' id='word_1_591' title='bbox 1779 5040 1833 5093; x_wconf 87' lang='lat' dir='ltr'><strong>in</strong></span> <span class='ocrx_word' id='word_1_592' title='bbox 1869 5038 1952 5093; x_wconf 81' lang='lat' dir='ltr'><strong>di-</strong></span> 
     </span>
    </p>
   </div>
   <div class='ocr_carea' id='block_1_81' title="bbox 374 5130 1951 5203">
    <p class='ocr_par' dir='ltr' id='par_1_81' title="bbox 374 5130 1951 5203">
     <span class='ocr_line' id='line_1_82' title="bbox 374 5130 1951 5203; baseline 0.002 -20"><span class='ocrx_word' id='word_1_593' title='bbox 374 5130 623 5187; x_wconf 79' lang='lat' dir='ltr'><strong>vinitatis</strong></span> <span class='ocrx_word' id='word_1_594' title='bbox 661 5140 916 5187; x_wconf 86' lang='lat' dir='ltr'><strong>naturam</strong></span> <span class='ocrx_word' id='word_1_595' title='bbox 950 5140 1178 5199; x_wconf 87' lang='lat' dir='ltr'><strong>mutata,</strong></span> <span class='ocrx_word' id='word_1_596' title='bbox 1227 5147 1326 5186; x_wconf 86' lang='lat' dir='ltr'><strong>nec</strong></span> <span class='ocrx_word' id='word_1_597' title='bbox 1367 5130 1654 5187; x_wconf 89' lang='lat' dir='ltr'><strong>divinitate</strong></span> <span class='ocrx_word' id='word_1_598' title='bbox 1690 5132 1864 5203; x_wconf 90' lang='lat' dir='ltr'><strong>ipsius</strong></span> <span class='ocrx_word' id='word_1_599' title='bbox 1896 5133 1951 5187; x_wconf 90' lang='lat' dir='ltr'><strong>in</strong></span> 
     </span>
    </p>
   </div>
   <div class='ocr_carea' id='block_1_82' title="bbox 376 5222 1952 5296">
    <p class='ocr_par' dir='ltr' id='par_1_82' title="bbox 376 5222 1952 5296">
     <span class='ocr_line' id='line_1_83' title="bbox 376 5222 1952 5296; baseline 0.001 -18"><span class='ocrx_word' id='word_1_600' title='bbox 376 5222 791 5279; x_wconf 83' lang='lat' dir='ltr'><strong>similitudinem</strong></span> <span class='ocrx_word' id='word_1_601' title='bbox 819 5235 1064 5283; x_wconf 87' lang='lat' dir='ltr'><strong>nostram</strong></span> <span class='ocrx_word' id='word_1_602' title='bbox 1096 5240 1385 5282; x_wconf 83' lang='lat' dir='ltr'><strong>conversa.</strong></span> <span class='ocrx_word' id='word_1_603' title='bbox 1409 5225 1588 5281; x_wconf 85' lang='lat' dir='ltr'><strong>Manet</strong></span> <span class='ocrx_word' id='word_1_604' title='bbox 1611 5226 1782 5292; x_wconf 88' lang='lat' dir='ltr'><strong>enim,</strong></span> <span class='ocrx_word' id='word_1_605' title='bbox 1806 5226 1952 5296; x_wconf 79' lang='lat' dir='ltr'><strong>quod</strong></span> 
     </span>
    </p>
   </div>
   <div class='ocr_carea' id='block_1_83' title="bbox 377 5312 1954 5381">
    <p class='ocr_par' dir='ltr' id='par_1_83' title="bbox 377 5312 1954 5381">
     <span class='ocr_line' id='line_1_84' title="bbox 377 5312 1954 5381; baseline 0.002 -14"><span class='ocrx_word' id='word_1_606' title='bbox 377 5314 449 5370; x_wconf 82' lang='lat' dir='ltr'><strong>ab</strong></span> <span class='ocrx_word' id='word_1_607' title='bbox 480 5312 636 5368; x_wconf 89' lang='lat' dir='ltr'><strong>initio</strong></span> <span class='ocrx_word' id='word_1_608' title='bbox 685 5322 824 5380; x_wconf 89' lang='lat' dir='ltr'><strong>erat,</strong></span> <span class='ocrx_word' id='word_1_609' title='bbox 858 5316 1023 5381; x_wconf 87' lang='lat' dir='ltr'><strong>Deus,</strong></span> <span class='ocrx_word' id='word_1_610' title='bbox 1074 5325 1258 5372; x_wconf 89' lang='lat' dir='ltr'><strong>manet</strong></span> <span class='ocrx_word' id='word_1_611' title='bbox 1305 5317 1468 5371; x_wconf 86' lang='lat' dir='ltr'><strong>etiam</strong></span> <span class='ocrx_word' id='word_1_612' title='bbox 1518 5324 1766 5372; x_wconf 86' lang='lat' dir='ltr'><strong>nostram</strong></span> <span class='ocrx_word' id='word_1_613' title='bbox 1803 5315 1856 5370; x_wconf 87' lang='lat' dir='ltr'><strong>in</strong></span> <span class='ocrx_word' id='word_1_614' title='bbox 1895 5330 1954 5371; x_wconf 90' lang='lat' dir='ltr'><strong>se</strong></span> 
     </span>
    </p>
   </div>
   <div class='ocr_carea' id='block_1_84' title="bbox 376 5407 1188 5479">
    <p class='ocr_par' dir='ltr' id='par_1_84' title="bbox 376 5407 1188 5479">
     <span class='ocr_line' id='line_1_85' title="bbox 376 5407 1188 5479; baseline 0.002 -16"><span class='ocrx_word' id='word_1_615' title='bbox 376 5408 500 5479; x_wconf 87' lang='lat' dir='ltr'><strong>ipso</strong></span> <span class='ocrx_word' id='word_1_616' title='bbox 534 5407 777 5463; x_wconf 88' lang='lat' dir='ltr'><strong>retinens</strong></span> <span class='ocrx_word' id='word_1_617' title='bbox 805 5408 1188 5466; x_wconf 86' lang='lat' dir='ltr'><strong>substantiam.</strong></span> 
     </span>
    </p>
   </div>
   <div class='ocr_carea' id='block_1_85' title="bbox 451 5583 1097 5647">
    <p class='ocr_par' dir='ltr' id='par_1_85' title="bbox 451 5583 1097 5647">
     <span class='ocr_line' id='line_1_86' title="bbox 451 5583 1097 5647; baseline 0 -10"><span class='ocrx_word' id='word_1_618' title='bbox 451 5584 469 5615; x_wconf 84' lang='grc'>⁸</span> <span class='ocrx_word' id='word_1_619' title='bbox 504 5583 693 5640; x_wconf 78' lang='lat' dir='ltr'><strong>Matth.</strong></span> <span class='ocrx_word' id='word_1_620' title='bbox 730 5596 888 5646; x_wconf 62' lang='lat' dir='ltr'><strong>ut&quot;,</strong></span> <span class='ocrx_word' id='word_1_621' title='bbox 919 5584 973 5647; x_wconf 90' lang='lat'><strong>8,</strong></span> <span class='ocrx_word' id='word_1_622' title='bbox 1013 5583 1097 5637; x_wconf 78' lang='grc'><strong>10.</strong></span> 
     </span>
    </p>
   </div>
   <div class='ocr_carea' id='block_1_86' title="bbox 459 5754 1140 5829">
    <p class='ocr_par' dir='ltr' id='par_1_86' title="bbox 459 5754 1140 5829">
     <span class='ocr_line' id='line_1_87' title="bbox 459 5754 1140 5829; baseline -0.006 -16"><span class='ocrx_word' id='word_1_623' title='bbox 459 5759 573 5829; x_wconf 74' lang='lat'><strong>(10)</strong></span> <span class='ocrx_word' id='word_1_624' title='bbox 614 5757 739 5829; x_wconf 76' lang='lat' dir='ltr'><strong>Leg.</strong></span> <span class='ocrx_word' id='word_1_625' title='bbox 783 5754 1140 5828; x_wconf 76' lang='grc' dir='ltr'>παρήγγελλε.</span> 
     </span>
    </p>
   </div>
   <div class='ocr_carea' id='block_1_87' title="bbox 2337 4921 3367 4996">
    <p class='ocr_par' dir='ltr' id='par_1_87' title="bbox 2337 4921 3367 4996">
     <span class='ocr_line' id='line_1_88' title="bbox 2337 4921 3367 4996; baseline -0.005 -16"><span class='ocrx_word' id='word_1_626' title='bbox 2337 4921 2559 4996; x_wconf 76' lang='grc' dir='ltr'>δρείας,</span> <span class='ocrx_word' id='word_1_627' title='bbox 2582 4926 2650 4980; x_wconf 80' lang='grc' dir='ltr'>ἐκ</span> <span class='ocrx_word' id='word_1_628' title='bbox 2687 4921 2806 4978; x_wconf 74' lang='grc' dir='ltr'><strong>τῶν</strong></span> <span class='ocrx_word' id='word_1_629' title='bbox 2834 4921 2994 4978; x_wconf 77' lang='grc' dir='ltr'>Κατὰ</span> <span class='ocrx_word' id='word_1_630' title='bbox 3041 4921 3367 4992; x_wconf 86' lang='grc' dir='ltr'>Ὠριγένους.</span> 
     </span>
    </p>
   </div>
   <div class='ocr_carea' id='block_1_88' title="bbox 2135 5032 3641 5111">
    <p class='ocr_par' dir='ltr' id='par_1_88' title="bbox 2135 5032 3641 5111">
     <span class='ocr_line' id='line_1_89' title="bbox 2135 5032 3641 5111; baseline -0.006 -17"><span class='ocrx_word' id='word_1_631' title='bbox 2135 5039 2273 5095; x_wconf 73' lang='grc' dir='ltr'>Οὔτε</span> <span class='ocrx_word' id='word_1_632' title='bbox 2308 5040 2406 5111; x_wconf 80' lang='grc' dir='ltr'>τῆς</span> <span class='ocrx_word' id='word_1_633' title='bbox 2447 5039 2720 5111; x_wconf 79' lang='grc' dir='ltr'>ἡμετέρας</span> <span class='ocrx_word' id='word_1_634' title='bbox 2749 5034 3079 5107; x_wconf 85' lang='grc' dir='ltr'>ὁμοιώσεως,</span> <span class='ocrx_word' id='word_1_635' title='bbox 3113 5034 3251 5106; x_wconf 83' lang='grc' dir='ltr'>πρὸς</span> <span class='ocrx_word' id='word_1_636' title='bbox 3285 5035 3351 5105; x_wconf 84' lang='grc' dir='ltr'>ῆν</span> <span class='ocrx_word' id='word_1_637' title='bbox 3384 5032 3641 5088; x_wconf 83' lang='grc' dir='ltr'>κεκοινώ-</span> 
     </span>
    </p>
   </div>
   <div class='ocr_carea' id='block_1_89' title="bbox 2065 5124 3643 5204">
    <p class='ocr_par' dir='ltr' id='par_1_89' title="bbox 2065 5124 3643 5204">
     <span class='ocr_line' id='line_1_90' title="bbox 2065 5124 3643 5204; baseline -0.006 -17"><span class='ocrx_word' id='word_1_638' title='bbox 2065 5151 2249 5204; x_wconf 83' lang='grc' dir='ltr'>νηκεν,</span> <span class='ocrx_word' id='word_1_639' title='bbox 2286 5135 2363 5198; x_wconf 82' lang='grc' dir='ltr'><strong>είς</strong></span> <span class='ocrx_word' id='word_1_640' title='bbox 2392 5132 2647 5204; x_wconf 80' lang='grc' dir='ltr'>θεότητος</span> <span class='ocrx_word' id='word_1_641' title='bbox 2668 5129 2830 5199; x_wconf 81' lang='grc' dir='ltr'>φύσιν</span> <span class='ocrx_word' id='word_1_642' title='bbox 2864 5125 3361 5198; x_wconf 72' lang='grc' dir='ltr'>μεταδαλλομένης,</span> <span class='ocrx_word' id='word_1_643' title='bbox 3387 5126 3511 5179; x_wconf 73' lang='grc' dir='ltr'>οὔτε</span> <span class='ocrx_word' id='word_1_644' title='bbox 3541 5124 3643 5193; x_wconf 74' lang='grc' dir='ltr'>τῆς</span> 
     </span>
    </p>
   </div>
   <div class='ocr_carea' id='block_1_90' title="bbox 2067 5216 3643 5295">
    <p class='ocr_par' dir='ltr' id='par_1_90' title="bbox 2067 5216 3643 5295">
     <span class='ocr_line' id='line_1_91' title="bbox 2067 5216 3643 5295; baseline -0.008 -15"><span class='ocrx_word' id='word_1_645' title='bbox 2067 5225 2317 5291; x_wconf 80' lang='grc' dir='ltr'>θεότητος</span> <span class='ocrx_word' id='word_1_646' title='bbox 2338 5224 2502 5278; x_wconf 77' lang='grc' dir='ltr'>αὐτοῦ</span> <span class='ocrx_word' id='word_1_647' title='bbox 2528 5220 2871 5295; x_wconf 76' lang='grc' dir='ltr'>τρεπομένης</span> <span class='ocrx_word' id='word_1_648' title='bbox 2902 5222 2982 5284; x_wconf 90' lang='grc' dir='ltr'><strong>είς</strong></span> <span class='ocrx_word' id='word_1_649' title='bbox 3009 5218 3106 5290; x_wconf 82' lang='grc' dir='ltr'><strong>τὴν</strong></span> <span class='ocrx_word' id='word_1_650' title='bbox 3140 5218 3416 5290; x_wconf 78' lang='grc' dir='ltr'>ἡμετέραν</span> <span class='ocrx_word' id='word_1_651' title='bbox 3441 5216 3643 5287; x_wconf 79' lang='grc' dir='ltr'>όμοίω-</span> 
     </span>
    </p>
   </div>
   <div class='ocr_carea' id='block_1_91' title="bbox 2066 5305 3642 5387">
    <p class='ocr_par' dir='ltr' id='par_1_91' title="bbox 2066 5305 3642 5387">
     <span class='ocr_line' id='line_1_92' title="bbox 2066 5305 3642 5387; baseline -0.005 -18"><span class='ocrx_word' id='word_1_652' title='bbox 2066 5332 2171 5369; x_wconf 87' lang='grc' dir='ltr'>σιν.</span> <span class='ocrx_word' id='word_1_653' title='bbox 2203 5309 2363 5369; x_wconf 77' lang='grc' dir='ltr'>Μένει</span> <span class='ocrx_word' id='word_1_654' title='bbox 2392 5315 2501 5387; x_wconf 78' lang='grc' dir='ltr'>γὰρ</span> <span class='ocrx_word' id='word_1_655' title='bbox 2530 5315 2558 5369; x_wconf 84' lang='grc' dir='ltr'><strong>ὃ</strong></span> <span class='ocrx_word' id='word_1_656' title='bbox 2586 5311 2655 5385; x_wconf 73' lang='grc' dir='ltr'>ἦν</span> <span class='ocrx_word' id='word_1_657' title='bbox 2691 5314 2785 5367; x_wconf 80' lang='grc' dir='ltr'>ἀπ’</span> <span class='ocrx_word' id='word_1_658' title='bbox 2812 5312 3009 5383; x_wconf 78' lang='grc' dir='ltr'>ἀρχῆς,</span> <span class='ocrx_word' id='word_1_659' title='bbox 3040 5311 3204 5374; x_wconf 70' lang='grc' dir='ltr'>Θεός*</span> <span class='ocrx_word' id='word_1_660' title='bbox 3241 5310 3391 5381; x_wconf 76' lang='grc' dir='ltr'>μένει</span> <span class='ocrx_word' id='word_1_661' title='bbox 3422 5312 3512 5365; x_wconf 78' lang='grc' dir='ltr'><strong>καὶ</strong></span> <span class='ocrx_word' id='word_1_662' title='bbox 3545 5305 3642 5381; x_wconf 69' lang='grc' dir='ltr'><strong>τὴν</strong></span> 
     </span>
    </p>
   </div>
   <div class='ocr_carea' id='block_1_92' title="bbox 2063 5400 3260 5481">
    <p class='ocr_par' dir='ltr' id='par_1_92' title="bbox 2063 5400 3260 5481">
     <span class='ocr_line' id='line_1_93' title="bbox 2063 5400 3260 5481; baseline -0.005 -19"><span class='ocrx_word' id='word_1_663' title='bbox 2063 5411 2098 5479; x_wconf 77' lang='grc' dir='ltr'><strong>ἡ</strong></span> <span class='ocrx_word' id='word_1_664' title='bbox 2107 5407 2221 5480; x_wconf 80' lang='grc' dir='ltr'><strong>μῶν</strong></span> <span class='ocrx_word' id='word_1_665' title='bbox 2245 5409 2302 5462; x_wconf 75' lang='grc' dir='ltr'>ὲν</span> <span class='ocrx_word' id='word_1_666' title='bbox 2334 5408 2513 5481; x_wconf 78' lang='grc' dir='ltr'>ἑαυτῷ</span> <span class='ocrx_word' id='word_1_667' title='bbox 2552 5403 2985 5480; x_wconf 76' lang='grc' dir='ltr'>παρασκευάζων</span> <span class='ocrx_word' id='word_1_668' title='bbox 3010 5400 3260 5473; x_wconf 78' lang='grc' dir='ltr'>ὕπαρξιν.</span> 
     </span>
    </p>
   </div>
  </div>
