4042 6208
295 326 372 386 57

1539 333 1906 395 ενιετοιηε
1943 337 1967 394 Ι

2033 333 2374 395 εωΑιΕε.
3493 322 3562 376 58
3574 322 3589 341 ⁸

1907 471 1993 531 ιν.

969 575 1352 651 Fragmentum
1394 596 1460 637 ea:
1491 580 1735 653 Epistula
1766 585 2015 642 Paschali
2051 604 2175 640 ann.
2198 586 2325 648 402,
2363 583 2390 656 §
2421 584 2472 648 7,
2503 599 2621 653 sup.
2650 598 2772 655 pag.
2800 552 2939 639 623.-

1122 693 1272 761 Apud
1302 694 1674 754 Theodoritum
1708 699 1840 757 Dial.
1876 715 1957 766 ιιι,
1994 698 2128 769 Opp.
2163 711 2291 753 tom.
2322 697 2429 763 IV,
2460 714 2583 769 pag.
2612 697 2734 752 167.

312 803 608 874 Θεοφίλου
656 803 998 858 ἐπισκόπου
1040 803 1484 881 ἐμεξανδρείας
1502 846 1518 873 ,
1551 810 1622 874 ἐξ
1672 810 1897 878 Ἑορτα-
1929 817 1967 872 Α

2033 809 2277 881 "Iteophili
2340 810 2571 877 episcopi
2620 806 2995 881 Alexandriw,
3047 821 3113 862 es;
3157 816 3299 863 tomo
3346 806 3576 862 Ileorta-

879 874 1092 928 στικοῦ
1134 879 1317 944 τόμον

382 988 508 1041 Τῶν
542 987 653 1058 γὰρ
680 987 893 1058 ἀλόγων
918 989 1017 1042 οὐκ
1049 989 1294 1060 αἴρονται
1335 991 1429 1044 καὶ
1476 991 1709 1045 τίθενται
1738 992 1899 1047 πάλιν

312 1085 372 1136 αἱ
399 1082 592 1151 ψυχαὶ,
616 1082 752 1135 ἀλλὰ
779 1082 921 1153 μετὰ
946 1080 1053 1134 τῶν
1083 1082 1351 1152 σωμάτων
1375 1083 1894 1155 συνδιαφθείρονται,

313 1172 414 1224 καὶ
443 1174 524 1233 ei;
554 1171 683 1243 χοῦν
727 1170 1071 1226 ἀναλύουσιν.
1114 1171 1173 1225 ὐ
1211 1170 1268 1224 δὲ
1302 1172 1512 1244 Σωτὴρ,
1545 1176 1685 1247 ἄρας
1732 1175 1900 1229 αὑτοῦ

315 1263 472 1336 παρὰ
522 1264 613 1316 τὸν
642 1263 835 1335 καιρὸν
879 1261 973 1316 τοῦ
1015 1262 1251 1334 σταυροῦ
1292 1265 1391 1335 τὴν
1427 1266 1603 1338 ψυχὴν
1652 1268 1762 1323 ἀπὸ
1804 1267 1901 1323 τοῦ

316 1353 522 1407 οἰκείου
580 1352 865 1424 σώματος,
917 1354 1079 1408 πάλιν
1129 1354 1299 1427 αὐτὴν
1350 1359 1431 1419 εἰς
1483 1358 1615 1411 αὐτὸ
1657 1359 1901 1413 τέθεικεν

320 1446 636 1515 ἀναστήσας
672 1447 736 1498 ἐκ
768 1445 996 1516 νεκρῶν.
1037 1444 1209 1498 Τοῦτο
1240 1445 1303 1516 δὴ
1342 1446 1701 1517 πιστούμενος
1733 1451 1901 1520 ἡμᾶς,

327 1536 599 1608 προύλεγε
624 1536 712 1590 διὰ
737 1537 828 1590 τοῦ
860 1536 1165 1607 Ψαλμῳδοῦ
1198 1535 1365 1607 βοῶν·
1396 1540 1519 1592 Οὐκ
1554 1539 1905 1609 ἐγκαταλεί·

326 1631 470 1695 ψειεν
505 1627 619 1694 τὴν
651 1628 863 1697 ψυχήν
889 1645 1009 1699 μου
1055 1630 1145 1693 εὶς
1185 1627 1360 1695 ᾅδην,
1392 1627 1534 1682 οὐδὲ
1559 1629 1776 1699 δώσεις
1800 1631 1908 1688 τὸν

317 1716 502 1771 ὅσιόν
525 1733 642 1772 σου
674 1718 825 1773 ἰδεῖν
850 1717 1197 1789 διαφθοράν.

1924 1817 1992 1875 ν.

2717 880 2872 931 stico.

2075 993 2309 1048 Ratione
2334 991 2640 1049 carentium
2678 1006 2786 1045 non
2826 990 3117 1055 tolluntur,
3158 998 3213 1045 et
3250 991 3448 1047 iterum
3484 1007 3583 1063 po-

2005 1093 2210 1137 nuntur
2238 1083 2454 1147 animai,
2488 1083 2581 1137 sed
2619 1098 2722 1136 una
2759 1098 2883 1137 cum
2922 1096 3154 1151 corpore
3198 1083 3493 1143 intereunt.
3528 1088 3586 1137 et

2004 1176 2059 1229 iu
2087 1176 2367 1245 pulverem
2403 1176 2771 1229 resolvuntur.
2806 1176 2875 1227 At
2922 1171 3176 1227 Salvator
3222 1173 3416 1229 tollens
3455 1183 3586 1228 tem-

2004 1282 2137 1339 pore
2168 1267 2448 1338 passionis
2488 1267 2727 1321 animam
2766 1280 2797 1319 a
2831 1266 3055 1335 proprio
3089 1280 3343 1335 corpore,
3384 1265 3585 1319 iterum

2004 1375 2126 1415 eam
2162 1360 2405 1415 restituit
2435 1357 2655 1429 corpori
2695 1372 2725 1410 a
2764 1358 2997 1410 mortuis
3025 1358 3375 1412 resuscitato.
3411 1355 3587 1425 Hujus

2006 1451 2085 1506 rei
2138 1449 2300 1506 ﬁdem
2350 1449 2513 1506 nobis
2561 1450 2773 1506 faciens
2799 1449 3051 1520 praedixit
3104 1462 3201 1516 per
3241 1446 3586 1501 Psalmistam

2006 1544 2296 1597 clama-ns:
2337 1541 2459 1597 Non
2492 1543 2752 1612 relinques
2792 1541 3026 1594 animam
3060 1554 3228 1592 meum
3268 1537 3322 1590 in
3360 1536 3585 1605 inferno,

2006 1650 2167 1704 neque
2194 1635 2346 1689 dabis
2377 1644 2619 1689 sanctum
2650 1645 2797 1687 tuum
2827 1631 3001 1686 uidere
3030 1628 3479 1701 corruptionem‘.

860 1951 1231 2023 Fragmentum
1261 1968 1327 2005 ea:
1355 1954 1536 2006 eadem
1567 1950 1801 2022 Epistula
1828 1953 2080 2011 Paschali
2117 1973 2245 2011 ann.
2271 1956 2404 2019 602,
2439 1956 2467 2029 §
2494 1957 2579 2022 l6,
2613 1974 2732 2027 sup.
2762 1974 2883 2028 pag.
2909 1956 3039 2011 6‘23.

1158 2064 1311 2133 Apud
1343 2063 1716 2117 Theodoritum
1756 2065 1892 2121 Dial.
1931 2081 1991 2130 ιι,
2024 2067 2157 2137 Opp.
2194 2078 2322 2122 tom.
2359 2068 2449 2132 IV,
2480 2084 2602 2138 pag.
2631 2070 2754 2126 101.

368 2183 487 2238 Τοῦ
531 2181 828 2255 μαλᾳιρζου
869 2181 1163 2255 θεοφίλου
1210 2180 1549 2255 ἐζπιᾳκόεζου
1605 2181 1877 2247 Ἀλεξαν-
1946 2196 1967 2255 ι

2033 2184 2171 2239 Beati
2198 2185 2467 2255 Theophili
2496 2185 2727 2254 episcopi
2747 2184 3108 2255 Alexuudria',
3137 2200 3202 2238 ex
3230 2188 3296 2243 iis
3319 2202 3437 2254 quae
3460 2185 3602 2243 serie

632 2250 849 2318 δρείας,
882 2253 946 2302 ὲκ
978 2249 1084 2302 τῶν
1114 2250 1254 2303 κατὰ
1290 2250 1618 2321 Ὠριγένους.

412 2358 553 2412 Ἀλλ’
574 2359 638 2411 ού
663 2357 771 2429 γὰρ
795 2359 894 2429 οὐχ
919 2358 1209 2430 ἡσυχάζων
1228 2359 1388 2413 πάλιν
1415 2359 1756 2432 βλασφημεῖς
1777 2360 1912 2433 (11),

326 2452 687 2522 συκοφαντῶν
735 2451 825 2505 τὸν
873 2451 1004 2506 Υἱὸν
1043 2451 1135 2505 τοῦ
1184 2451 1350 2516 Θεοῦ,
1384 2454 1479 2505 καὶ
1514 2452 1690 2522 λέγων
1731 2455 1914 2520 αὐτοῖς

328 2546 576 2617 ῥήμασιν
597 2542 771 2606 οὕτως
793 2560 806 2573 ·
835 2562 852 2594 ι
884 2541 1091 2610 Ὠσπερ
1111 2544 1139 2595 6
1161 2543 1289 2607 Tib;
1311 2546 1402 2597 xui
1444 2546 1630 2617 Πατὴρ
1654 2546 1712 2599 ἓν
1754 2548 1916 2611 εἰσιν,

329 2636 473 2689 οὕτω
493 2635 681 2705 καὶιῆν
708 2633 929 2703 εἴληφεν
952 2634 980 2686 6
999 2632 1132 2696 Υἱὸς
1156 2632 1333 2705 ψυχὴν
1354 2636 1447 2688 καὶ
1466 2637 1916 2703 αὖτὸς,ἒνείσιν·.›

336 2727 545 2795 ἀγνοῶν
572 2728 654 2779 ὅτι
684 2728 712 2779 6
757 2726 855 2797 μὲν
899 2724 1027 2788 Υἱὸς
1057 2726 1151 2778 καὶ
1181 2729 1210 2780 6
1256 2727 1447 2799 Πατὴρ
1469 2728 1527 2781 ’ἐν
1564 2731 1671 2782 εἰσι
1702 2727 1791 2781 διὰ
1820 2730 1919 2800 τὴν

338 2820 474 2890 μίαν
507 2821 711 2883 οὐσίαν,
745 2819 840 2871 καὶ
868 2820 967 2888 τὴν
998 2819 1169 2889 αὐτὴν
1207 2819 1436 2890 θεότητα
1456 2837 1468 2850 ·
1498 2822 1530 2890 ή
1561 2821 1618 2874 δὲ
1648 2820 1793 2892 ψυχὴ
1827 2821 1921 2892 καὶ

334 2912 369 2962 6
402 2910 545 2973 Υἱὸς,
571 2910 728 2980 ἑτέρα
762 2909 897 2979 πρὸς
927 2909 1121 2981 ὲτέραν
1156 2910 1302 2962 ἐστὶν
1325 2911 1483 2963 οὐσία
1510 2928 1571 2963 τε
1605 2890 1701 2965 καὶ
1737 2890 1917 2980 φύσις.

333 3001 404 3054 Εἰ
432 3001 539 3072 γὰρ
565 3000 754 3072 ὥσπερ
778 3002 806 3053 6
833 3002 1020 3073 Πατὴρ
1053 3002 1146 3055 καὶ
1173 3004 1202 3054 6
1223 3001 1349 3065 Tib;
1381 3003 1440 3055 ἓν
1467 3004 1624 3070 εἰσιν,
1655 3003 1798 3056 οὕτω
1826 3004 1921 3057 κα)⁵
1957 2984 1962 2989 ’

334 3093 371 3161 ή
401 3091 549 3162 ψυχὴ
584 3092 677 3144 τοῦ
724 3092 852 3144 Υἱού
904 3093 997 3145 καὶ
1037 3094 1064 3145 6
1111 3092 1241 3156 Υἱὸς
1287 3093 1345 3145 ἓν
1377 3096 1545 3155 εἰσιν,
1582 3094 1733 3147 ἔσται
1772 3095 1866 3147 καὶ
1894 3096 1922 3150 6

338 3185 535 3255 Πατὴρ
571 3184 664 3236 καὶ
694 3187 727 3255 ἡ
775 3183 919 3255 ψυχὴ
954 3184 1034 3248 ἓν,
1077 3186 1169 3237 καὶ
1205 3185 1343 3249 λέξει
1398 3185 1527 3238 ποτὲ
1574 3187 1666 3239 καὶ
1708 3188 1742 3255 ἡ
1777 3185 1922 3257 ψυχὴ

335 3275 435 3329 τοῦ
479 3274 631 3337 Υἱοῦ,
674 3276 735 3327 Ὀ
774 3275 1049 3343 ἑωρακὼς
1089 3276 1194 3345 ἐμὲ
1245 3275 1468 3344 ἑώρακε
1515 3276 1624 3329 τὸν
1668 3275 1920 3344 Πατέρα.

351 3368 495 3420 nunc
527 3368 628 3419 οὐκ
659 3366 771 3420 ἔστι
808 3367 987 3430 τοῦτο,
1023 3367 1097 3438 μὴ
1140 3366 1377 3436 γένοιτοῐ
1415 3368 1472 3420 Ὀ
1517 3367 1624 3437 γὰρ
1659 3367 1787 3430 Υἱὸς
1833 3369 1925 3421 καὶ

337 3460 370 3511 6
404 3459 591 3529 Πατὴρ
646 3458 724 3524 ἓν,
779 3459 965 3530 ἐπειδὴ
1018 3460 1092 3530 μὴ
1126 3460 1373 3531 διάφοροι
1423 3462 1736 3529 ποιότητες·
1790 3462 1822 3532 ἡ
1868 3460 1925 3513 δὲ

338 3550 493 3621 ψυχὴ
520 3551 615 3603 καὶ
652 3552 681 3604 6
713 3551 864 3613 Υἱὸς,
888 3552 983 3604 καὶ
1012 3554 1076 3621 τῇ
1114 3550 1294 3619 φύσει,
1325 3551 1418 3603 καὶ
1447 3555 1514 3622 τῇ
1537 3552 1694 3623 obsto}
1719 3552 1926 3624 ἓτερον,
1955 3558 1998 3612 C

343 3641 536 3712 ἐπειδὴ
573 3642 666 3694 καὶ
708 3642 847 3715 αὐτὴ
892 3642 960 3696 δι’
998 3642 1160 3696 αὑτοῦ
1198 3643 1443 3712 γέγονεν,
1488 3644 1772 3714 ὀμοούσιος
1802 3647 1933 3718 ἡμῖν

344 3732 691 3802 ὑπάρχουσα.
727 3734 791 3786 Ei
825 3733 936 3805 γὰρ
978 3727 1024 3802 ᾦ
1069 3733 1258 3806 τρόπῳ
1303 3736 1332 3786 6
1372 3735 1562 3806 Πατὴρ
1612 3736 1705 3790 καὶ
1742 3739 1770 3791 6
1807 3737 1934 3800 Υἱός

345 3826 489 3877 εἰσιν
517 3824 594 3888 ἐν,
629 3824 803 3896 τούτῳ
835 3825 911 3896 τῷ
940 3825 1126 3897 τρόπῳ
1152 3827 1246 3879 και)⁸
1273 3826 1307 3897 ή
1347 3824 1494 3898 ψυχὴ
1522 3827 1615 3880 καὶ
1657 3829 1687 3880 6
1713 3828 1840 3892 Υἱὸς
1876 3828 1936 3883 ἓν

347 3917 484 3979 εἱσι,
515 3916 657 3969 κατὰ
697 3916 789 3969 τὸν
825 3916 1128 3989 Ὠριγένην,
1177 3916 1329 3969 ἔσται
1375 3919 1469 3971 καὶ
1508 3919 1540 3989 ἡ
1584 3918 1753 3992 ψυχὴ,
1801 3921 1875 3986 ὡς
1909 3923 1938 3975 6

349 4008 507 4071 Υἱὸς,
541 4008 882 4080 ἀπαύγασμα
904 4009 1003 4080 τῆς
1031 4009 1189 4081 δόξης
1215 4009 1306 4062 τοῦ
1333 4009 1489 4074 Θεοῦ,
1528 4012 1623 4064 καὶ¹
1651 4013 1938 4085 χαρακτὴρ

351 4099 456 4170 τῆς
486 4100 837 4164 ὑποστάσεως
872 4098 1058 4154 αὐτοῦ.
1096 4099 1260 4154 Ἀλλὰ
1300 4101 1405 4173 μὴν
1442 4101 1705 4157 ἀδύνατον
1745 4103 1935 4158 τοῦτο·

351 4191 616 4246 ἀδύνατον
659 4193 767 4265 ἄρα
810 4194 902 4246 καὶ
945 4193 1035 4246 τὸν
1068 4192 1193 4246 Υἱδν
1236 4195 1330 4247 καὶ
1357 4193 1453 4266 τὴν
1481 4194 1658 4268 ψυχὴν
1686 4195 1852 4249 αὐτοῦ
1883 4196 1940 4249 ἓν

358 4279 522 4347 εἶναι,
558 4284 811 4357 καθάπερ
857 4285 1020 4349 αὐτὸς
1053 4285 1149 4339 καὶ
1190 4288 1218 4339 6
1250 4286 1441 4357 Πατὴρ
1483 4286 1542 4340 ἓν
1581 4290 1705 4341 εἰσι.
1757 4289 1864 4345 Καὶ
1890 4289 1941 4341 τε

357 4378 579 4448 ποιήσει
627 4378 786 4431 πάλιν
823 4377 1002 4449 ἐαυτῷ
1037 4379 1420 4451 περιπίπτωνς
1454 4380 1655 4451 γράφει
1693 4381 1801 4453 γὰρ
1852 4380 1942 4434 ού-

355 4486 501 4531 τως·
537 4470 613 4521 06
658 4470 830 4540 δήπου
873 4470 982 4541 γὰρ
1020 4472 1054 4541 ἡ
1088 4470 1469 4541 τεταραγμένη
1508 4473 1601 4524 καὶ
1649 4472 1942 4543 περίλυπος

358 4560 502 4618 οὖσα
537 4563 679 4636 ψυχὴ
707 4566 735 4617 6
766 4561 1075 4635 Μονογενὴς
1113 4564 1206 4617 καὶ
1240 4563 1581 4635 πρωτότοκος
1618 4563 1797 4634 πάσης
1828 4564 1944 4616 κτί-

365 4672 507 4718 σεως
532 4655 825 4724 ἐτύγχανεν
858 4652 1013 4709 οὖσα.
1051 4654 1110 4707 '0
1138 4654 1247 4724 γὰρ
1274 4654 1406 4717 Θεὸς
1436 4654 1627 4721 Λόγος,
1659 4654 1734 4716 ὡς
1765 4653 1946 4721 κρείτ-

363 4763 473 4799 των
503 4748 603 4818 τῆς
638 4743 816 4816 ψυχῆς
844 4745 1149 4816 τυγχάνων,
1177 4745 1340 4808 αὐτὸς
1373 4745 1400 4797 6
1432 4744 1559 4807 Υἱός
1591 4760 1777 4814 φησιν,
1815 4743 1946 4807 Ἐξ-

364 4838 586 4892 audiar
631 4839 749 4907 ἔχω
809 4836 995 4890 θεῖναι
1051 4836 1285 4895 αὐτὴν,
1335 4835 1435 4889 καὶ
1496 4835 1787 4899 ἐξουσίαν
1828 4834 1947 4903 ἔχω

2442 2252 2551 2324 psit
2573 2252 2837 2310 adversus
2859 2252 3172 2324 Origenem.

2093 2367 2162 2420 At
2190 2367 2337 2422 enim
2366 2382 2474 2421 non
2500 2364 2759 2420 desinens
2786 2364 2981 2421 iterum
3006 2363 3379 2433 blasphemas,
3402 2362 3600 2419 Filium

2021 2456 2117 2514 Del
2149 2459 2513 2520 ealumnians,
2540 2466 2593 2511 et
2619 2457 2704 2512 liis
2734 2458 2918 2511 verbis
2949 2463 3109 2511 utens
3137 2473 3151 2509 :
3188 2473 3206 2507 ι
3236 2455 3604 2522 Quemadmo-

2022 2550 2152 2603 dum
2187 2547 2360 2603 Filius
2386 2556 2441 2601 et
2464 2546 2625 2601 Pater
2656 2538 2825 2600 unum
2856 2552 3005 2609 sunt,
3038 2544 3119 2599 sic
3148 2551 3202 2598 et
3231 2545 3412 2597 anima
3437 2559 3603 2613 quam

2025 2637 2511 2709 assumpsitFilius
2539 2650 2593 2692 et
2620 2639 2736 2708 ipse
2764 2653 2931 2690 unum
2952 2644 3113 2691 sunt:
3149 2654 3168 2686 ι
3192 2636 3443 2689 nesciens
3458 2632 3606 2705 quod

2025 2727 2200 2783 Filius
2237 2729 2459 2797 quidem
2498 2737 2551 2782 et
2602 2726 2763 2780 Pater
2808 2741 2976 2779 unum
3025 2726 3137 2779 sint
3187 2733 3409 2794 propter
3443 2738 3606 2777 unam

2028 2818 2419 2881 substantiam,
2445 2827 2499 2872 et
2526 2818 2772 2871 eamdem
2808 2818 3150 2871 divinitatem
3174 2833 3188 2881 ;
3224 2820 3403 2869 anima
3426 2824 3607 2871 autem

2026 2918 2080 2965 et
2107 2908 2283 2963 Filius
2306 2908 2582 2964 diversam
2616 2911 2761 2962 inter
2793 2924 2852 2963 se
2884 2911 3246 2963 substantiam
3280 2910 3522 2963 habeant
3553 2914 3609 2963 et

2028 3011 2307 3053 naturam.
2337 2997 2395 3052 Si
2423 2999 2568 3053 enim
2608 2998 2754 3053 sicut
2781 2997 2943 3052 Pater
2969 3006 3019 3052 et
3055 2996 3226 3053 Filius
3253 3015 3421 3053 unum
3455 3007 3607 3062 sunt,

2031 3100 2196 3147 erunt
2227 3098 2280 3144 et
2306 3088 2472 3144 Pater
2510 3098 2564 3145 et
2597 3089 2777 3147 anima
2813 3104 3004 3152 unum,
3049 3097 3103 3143 et
3138 3090 3283 3143 dicet
3314 3090 3612 3159 aliquando

2029 3187 2191 3243 etiam
2221 3184 2342 3239 Filii
2374 3184 2553 3238 anima
2581 3202 2593 3237 :
2626 3182 2730 3249 Qui
2753 3182 2880 3235 vidit
2913 3198 3010 3244 me,
3038 3183 3165 3236 vidit
3194 3182 3405 3236 Patrem
3434 3183 3474 3237 ⁸.
3505 3183 3611 3238 Sed

2032 3291 2139 3329 non
2188 3277 2267 3329 ita
2308 3283 2427 3337 est,
2477 3274 2657 3328 absit!
2713 3271 2848 3325 Nam
2906 3271 3081 3327 Filius
3131 3284 3184 3327 et
3227 3271 3391 3327 Pater
3443 3288 3613 3327 unum

2031 3375 2181 3425 sunt.
2206 3365 2336 3435 quia
2363 3380 2474 3420 non
2500 3373 2631 3418 sunt
2657 3363 2891 3417 diversa:
2921 3364 3215 3432 qualitates
3238 3366 3453 3430 ;anima
3485 3377 3616 3419 vero

2030 3466 2084 3514 et
2120 3456 2294 3512 Filius
2352 3468 2405 3512 et
2431 3464 2625 3510 natura
2661 3465 2715 3510 et
2758 3456 3068 3511 substantia
3098 3455 3378 3519 diﬂerunt,
3408 3456 3533 3525 quia
3564 3463 3617 3510 et

2033 3550 2151 3620 ipsa
2174 3565 2391 3620 quoque
2418 3564 2516 3619 per
2558 3564 2685 3604 eum
2722 3549 2865 3603 facta
2912 3557 3017 3612 est,
3051 3549 3297 3604 eamdem
3329 3549 3616 3603 nobiseum

2039 3643 2246 3699 habens
2268 3641 2658 3696 substantiam.
2688 3638 2746 3694 Si
2776 3639 2922 3695 enim
2956 3641 3419 3710 quemadmodum
3460 3639 3617 3693 Pater

2035 3746 2089 3789 et
2129 3733 2303 3788 Filius
2343 3747 2514 3787 unum
2563 3739 2725 3798 sunt,
2770 3732 2851 3787 sie
2891 3733 3073 3786 anima
3121 3742 3171 3788 et
3220 3731 3392 3788 Filius
3447 3746 3618 3786 unum

2038 3834 2187 3887 sunt,
2212 3835 2275 3879 ut
2305 3824 2421 3879 vult
2468 3822 2756 3893 Origenes,
2787 3825 2894 3879 erit
2920 3834 2973 3877 et
2999 3823 3214 3886 anima,
3251 3824 3397 3878 sicut
3424 3821 3619 3890 Filius,

2039 3918 2299 3989 splendor
2329 3915 2516 3986 gloriae
2543 3913 2661 3979 Dei,
2683 3922 2739 3970 et
2763 3916 3052 3970 character
3078 3914 3399 3969 substantiae
3424 3914 3617 3982 ipsius.

2039 4010 2204 4080 Atqui
2255 4009 2360 4063 hoc
2397 4007 2513 4062 (ἱετὶ
2552 4008 2764 4076 nequit.
2800 4006 3143 4075 lmpossibile
3189 4013 3276 4060 est
3330 4005 3517 4074 igitur,
3565 4013 3625 4058 ut

2041 4100 2217 4157 Filius
2237 4107 2292 4155 et
2317 4098 2439 4169 ejus
2473 4097 2659 4152 anima
2688 4113 2854 4151 unum
2888 4096 3019 4158 sint,
3050 4095 3194 4150 sicut
3228 4096 3344 4165 ipse
3382 4106 3435 4150 ct
3463 4092 3623 4148 Pater

2041 4207 2213 4249 unum
2250 4200 2401 4247 sunt.
2432 4188 2500 4244 Et
2528 4188 2662 4259 quid
2702 4187 2866 4242 faciet
2905 4200 3130 4241 rursum
3171 4188 3275 4242 sini
3313 4187 3418 4256 ipsi
3461 4200 3627 4255 repu-

2042 4283 2256 4356 gnans?
2309 4281 2582 4353 Siereuim
2632 4280 2829 4336 scribit
2861 4296 2876 4333 :
2908 4278 3263 4350 Nequaquam
3304 4279 3524 4332 turbata
3571 4284 3628 4332 et

2045 4378 2223 4433 tristis
2282 4375 2466 4431 anima
2518 4372 2851 4444 Unigenitus
2903 4381 3059 4438 erat,
3119 4379 3170 4426 et
3227 4370 3628 4442 primogenitus

2044 4468 2224 4525 omnis
2249 4474 2541 4521 creaturae.
2565 4463 2699 4518 Nam
2724 4464 2868 4519 Deus
2899 4463 3154 4529 Verbum,
3193 4473 3252 4515 ut
3282 4463 3461 4516 anima
3490 4476 3627 4531 prae-

2046 4560 2299 4622 stantior,
2332 4557 2451 4628 ipse
2482 4555 2656 4611 Filius
2697 4555 2773 4609 ait
2800 4574 2815 4610 :
2852 4555 3175 4609 Poteetutem
3205 4554 3365 4607 habeo
3400 4550 3626 4620 ponendi

2045 4667 2184 4715 eam,
2211 4661 2259 4709 et
2293 4658 2605 4721 potestatem
2635 4647 2797 4702 habeo
2827 4646 3129 4701 assumendi
3159 4662 3276 4700 eam
3292 4644 3333 4697 ⁸.
3371 4641 3426 4697 Si
3462 4643 3628 4712 igitur

2047 4744 2221 4801 Filius
2273 4743 2625 4815 praestantior
2662 4747 2748 4796 est
2789 4739 2973 4792 anima
3021 4752 3155 4803 sua,
3187 4735 3332 4790 sicut
3362 4741 3631 4804 praestan-

2046 4836 2244 4889 tiorem
2272 4849 2396 4890 esse
2435 4832 2492 4886 in
2536 4828 2795 4885 confesso
2824 4836 2929 4891 est,
2965 4824 3240 4896 quomodo
3284 4825 3404 4895 ejus
3447 4825 3629 4878 anima

363 4927 572 4981 λαϐεῖν
604 4928 818 4994 αὑτήν.
851 4930 914 4982 Ei
942 4928 1121 4981 τοίνυν
1152 4929 1416 4999 κρείττων
1445 4926 1592 4980 ἐστὶν
1628 4927 1657 4977 ὀ
1698 4926 1823 4991 Υἱὸς
1848 4926 1946 4998 τῆς

2058 4926 2284 4996 aequalis
2328 4931 2413 4978 est
2442 4922 2578 4986 Deo,
2619 4929 2673 4975 et
2708 4921 2763 4974 in
2802 4918 2975 4973 forma
3028 4917 3238 4988 ipsius?
3268 4914 3443 4987 Ipsam
3482 4914 3630 4969 enim

364 5018 557 5072 ἑαυτοῦ
590 5019 790 5091 ψυχῆς.
824 5019 1012 5092 ὥσπερ
1039 5014 1133 5073 οὖν
1165 5017 1258 5071 καὶ
1280 5017 1541 5088 κρείττων
1576 5016 1943 5089 ὡμολόγηται,

366 5111 484 5176 πῶς
516 5115 550 5184 ἡ
579 5112 724 5185 ψυχὴ
762 5114 954 5167 τούτου
989 5111 1079 5167 ῐσα
1123 5111 1262 5184 Θεῷ,
1291 5112 1385 5164 καὶ
1412 5112 1471 5163 ἐν
1517 5114 1696 5183 μορφῇ
1741 5111 1943 5175 αὐτοῦς

364 5204 538 5275 αὐτὴν
563 5206 673 5276 γὰρ
723 5201 862 5258 εἷναί
895 5222 1074 5275 φαμεν
1104 5206 1203 5276 τὴν
1237 5202 1554 5257 κενώσασαν
1586 5202 1806 5273 ἑαυτὴν,
1852 5203 1948 5256 καὶ

370 5295 588 5368 μορφὴν
617 5295 804 5350 δούλου
826 5295 1116 5351 λαϐοῦσαν.
1158 5297 1292 5359 Ταῖς
1324 5295 1648 5367 ύπερὸολαῑς
1685 5296 1793 5349 τῶν
1822 5296 1950 5349 ἀσε-

366 5388 535 5442 ϐειῶν
570 5388 971 5459 ἐπισημότερος
1009 5387 1117 5442 τῶν
1161 5386 1336 5441 ἄλλων
1368 5387 1659 5459 αἱρετικῶν
1702 5386 1946 5456 ἐγένετο,

362 5477 446 5544 ὡς
479 5476 969 5549 ἐπεσημηνάμεθα.
1010 5478 1074 5532 Ei
1099 5476 1207 5551 γὰρ
1239 5478 1300 5533 ἐν
1330 5480 1510 5550 μορφῇ
1550 5477 1687 5532 Θεοῦ
1717 5477 1952 5551 ὑπάρχει

437 5630 631 5688 ‘Psal.
662 5650 752 5700 xv,
785 5632 874 5690 to.
947 5635 969 5667 '
994 5633 1155 5689 Joan.
1188 5648 1301 5698 xw,
1332 5630 1387 5688 9.
1480 5634 1501 5664 ⁵
1534 5631 1691 5688 Joan.
1728 5649 1781 5697 ι,
1813 5632 1896 5689 18.

2051 5035 2173 5076 esse
2203 5018 2444 5074 dicimus
2466 5056 2481 5081 ,
2519 5031 2639 5085 qua:
2689 5030 2750 5071 se
2805 5014 2981 5084 ipsam
3016 5010 3346 5075 exinanivit;
3377 5016 3431 5061 et
3485 5005 3630 5063 servi

2052 5113 2282 5168 formam
2318 5109 2547 5178 accepit.
2583 5106 2763 5174 Quare
2794 5106 3062 5176 Origenes
3106 5117 3296 5158 omnes
3329 5100 3471 5157 alios
3517 5100 3631 5155 haec

2053 5206 2254 5261 reticos
2293 5203 2570 5272 impietate
2604 5208 2852 5270 superat,
2899 5206 2959 5253 ut
3005 5193 3522 5253 demonstravimus.
3571 5191 3631 5247 Si

2053 5294 2198 5352 enim
2230 5296 2287 5348 in
2321 5291 2493 5346 l'orma
2531 5290 2625 5344 Dei
2655 5296 2741 5344 est
2770 5287 3029 5351 Verbum,
3067 5292 3119 5341 et
3143 5283 3253 5340 Deo
3282 5291 3367 5340 est
3398 5282 3629 5353 aequale,

2058 5385 2114 5438 in
2146 5383 2322 5438 forma
2352 5398 2480 5437 vero
2520 5380 2615 5436 Dei
2643 5395 2788 5444 esse,
2836 5386 2892 5435 et
2921 5377 3186 5449 aequalem
3214 5392 3339 5433 esse
3372 5375 3483 5431 Deo
3512 5373 3634 5428 ani-

2060 5493 2203 5532 mam
2237 5476 2539 5531 Salvatoris
2571 5479 2746 5545 putat,
2787 5473 2884 5545 qui
2934 5472 3016 5530 sic
3055 5472 3297 5533 scribere
3326 5482 3496 5527 ausus
3523 5472 3631 5535 est.

438 5745 558 5819 (ll)
598 5746 727 5820 ch.
759 5747 1088 5821 βλασφημεῖ,
1126 5746 1469 5815 blasphemat.
1511 5745 1601 5802 Sic
1632 5761 1763 5802 sane
1803 5743 1967 5816 legcb:

2048 5743 2425 5813 Hieronymus.
