4042 6208
412 276 479 329 59
670 306 685 322 ο
1395 284 1770 342 THEOPHILI
1808 282 2121 343 EPISCOPI
2159 280 2633 340 ALEXANDRINI
3602 269 3668 323 (λθ

405 403 680 476 quomodo
730 401 875 474 quod
911 409 994 459 est
1042 400 1251 473 aequale
1296 402 1647 473 pratstantius
1689 400 1817 458 est?
1854 399 2016 467 Quae,

2149 399 2345 469 Λόγος,
2377 399 2474 454 καὶ
2512 395 2605 453 ἶσα
2624 395 2745 468 Θεῷ
2769 396 2938 459 ἐστιν,
2960 395 3018 447 ὲν
3052 393 3232 466 μορφῇ
3257 390 3314 443 δὲ
3332 386 3465 444 Θεοῦ
3497 386 3669 461 ῦπαρ.

404 498 546 553 enim
584 503 777 550 natura
822 494 1082 550 inferiora
1112 501 1265 563 sunt,
1296 508 1485 551 eorum
1517 508 1639 566 quae
1671 507 1839 566 supra
1865 492 1987 565 ipsa

2118 507 2212 561 [ειν
2240 489 2335 543 καὶ
2379 487 2472 543 ῐσα
2513 485 2635 559 Θεῷ
2679 487 2779 558 τὴν
2822 484 3001 556 ψυχὴν
3046 480 3142 536 τοῦ
3189 478 3439 548 Σωτῆρος
3470 477 3672 548 οἴεται,

407 595 538 642 sunt
566 588 938 659 praestantiam
969 594 1260 644 testantur.
1906 643 1917 656 ,

2118 577 2378 649 πολμήσας
2410 575 2555 630 οὕτω
2595 574 2826 647 γράψαι,
2863 574 2980 637 πῶς
3012 571 3073 625 τδ
3105 566 3214 624 ῐσον
3248 570 3491 642 κρεῖττόν
3520 569 3674 639 ἔστη

2094 666 2176 721 Τὰ
2209 667 2316 740 γὰρ
2356 666 2738 738 ὑποόεϐηκότα
2763 665 2861 737 τὴν
2892 663 3084 736 φύσιν,
3115 663 3224 718 τῶν
3269 659 3408 732 ὑπὲρ
3448 659 3587 714 αὐτὰ
3615 659 3671 713 τί

2094 762 2344 831 κρεῖττον
2373 761 2659 831 μαρτυρεῖ.

2006 874 2098 934 Vi.

1418 989 1801 1063 Fragmentum
1822 1004 1886 1045 ea:
1914 987 2157 1060 Epistola
2191 989 2445 1045 Paschali
2475 986 2539 1042 ν.
2722 1052 2728 1057 η

660 1100 809 1157 Inter
832 1114 951 1157 acta
983 1106 1192 1159 concilii
1231 1104 1485 1176 Ephesini
1507 1114 1652 1177 part.
1687 1121 1748 1171 ll,
1777 1106 1943 1170 acM,
1972 1105 2180 1161 Concil.
2216 1116 2347 1160 tam.
2389 1103 2510 1171 III,
2535 1120 2658 1175 pug.
2685 1100 2846 1167 1055,
2875 1102 3001 1154 edit.
3044 1093 3429 1152 t’encto-Labb.

414 1212 685 1284 Theophili
713 1217 1039 1289 sanctissimi
1061 1220 1288 1289 episcopi
1309 1219 1668 1285 Alexandria,
1692 1235 1759 1275 ea:
1793 1219 1996 1287 Quinta

936 1286 1181 1343 Paschali
1221 1286 1470 1360 epistola.

487 1457 711 1512 Exstant
757 1465 813 1514 et
857 1473 1006 1515 nunc
1042 1475 1263 1531 quoque
1310 1471 1550 1516 veterum
1594 1461 1985 1517 miraculorum

2109 1222 2403 1295 Θεοφίλου
2427 1219 2534 1295 τοῦ
2560 1215 2883 1295 ἁγιωτάτῳ)
2911 1212 3247 1295 ἐπισκᾴξου
3275 1208 3383 1276 τῆς
3414 1206 3683 1295 ἎέλεξαΪ²

2179 1279 2416 1413 δρεὶίεις,
2490 1292 2556 1344 ὲκ
2606 1279 2725 1359 ’τῆς
2788 1285 3046 1356 πέμπτης
3118 1279 3506 1351 Ἐορταστικὴς
3565 1279 3686 1330 ἐπι-

2176 1378 2269 1415 στο
2302 1379 2390 1432 ης.

2179 1471 2336 1525 Ἔστι
2361 1470 2469 1541 γὰρ
2500 1468 2597 1522 καὶ
2621 1466 2717 1521 νῦν
2745 1464 2852 1518 τῶν
2880 1463 3000 1516 τότε
3021 1462 3312 1535 θαυμάτων
3337 1459 3405 1513 τὰ
3435 1458 3685 1528 λείψανα.

417 1550 694 1621 reliquiae.
730 1549 903 1607 Nemo
936 1551 1148 1607 dubitet
1178 1553 1312 1624 quin
1351 1553 1442 1608 Dei
1472 1554 1650 1611 virtus
1688 1554 1901 1610 efﬁcere
1941 1554 1996 1608 id

2118 1563 2195 1635 lli;
2239 1561 2679 1621 άπιστείτωσαν,
2710 1558 2792 1611 ὅτι
2837 1554 3067 1626 δύναμις
3112 1552 3246 1607 Θεοῦ
3288 1550 3459 1622 ἰσχύει
3514 1552 3688 1603 ποιεῖν

414 1651 602 1713 queat,
658 1651 715 1698 ut
756 1645 910 1717 virgo
947 1646 1153 1715 pariat;
1209 1647 1262 1701 in
1306 1663 1425 1727 qua
1480 1650 1690 1719 utique,
1739 1650 1899 1705 nobis
1938 1658 1999 1705 ut

2105 1651 2371 1724 παρθένον
2397 1649 2729 1713 ἀποτίκτειν,
2761 1638 2876 1718 ὲνῇ
2919 1643 3205 1714 γενόμενος
3227 1644 3256 1695 δ
3293 1639 3400 1704 ζῶν
3431 1639 3529 1693 τοῦ
3548 1637 3684 1691 Θεοῦ

414 1737 856 1802 assimilarctur,
906 1739 1089 1794 vivum
1148 1739 1239 1796 Dei
1302 1740 1538 1797 Verbum
1575 1744 1717 1814 (alia
1766 1759 2005 1814 namque

2118 1743 2278 1812 Λόγος
2308 1741 2399 1795 διὰ
2418 1740 2517 1811 τὴν
2553 1738 2687 1811 πρὸς
2712 1738 2861 1808 ἡμᾶς
2902 1735 3158 1806 ὁμοίωσιν
3177 1750 3191 1764 ⁸
3221 1732 3394 1794 ἄλλως
3422 1731 3532 1803 γὰρ
3569 1747 3691 1782 συν⁹

414 1828 629 1883 ratione
660 1828 1003 1885 familiariter
1035 1833 1181 1886 inter
1218 1849 1319 1888 nos
1349 1834 1559 1889 versari
1588 1849 1696 1889 non
1732 1832 2001 1904 poterat),

415 1928 487 1969 ne
532 1930 563 1970 e
598 1916 880 1986 voluptate
928 1926 982 1974 et
1032 1934 1250 1987 somno,
1297 1929 1358 1975 ut
1410 1921 1466 1976 in
1511 1924 1638 1978 aliis
1687 1922 2004 1979 hominibus

414 2006 735 2076 contingere
768 2009 928 2069 solet.
957 2024 1159 2080 corpus
1189 2014 1490 2078 sumeret’,
1524 2021 1712 2070 nostra
1747 2014 2006 2070 similitu-

415 2097 545 2153 dine
569 2107 817 2167 aecepta,
850 2115 913 2154 ex
953 2101 1166 2170 virgine
1201 2103 1443 2173 prodiit:
1477 2105 1752 2160 hominem
1781 2105 2004 2176 quidem

413 2187 719 2241 secundum
752 2190 1003 2245 servilem
1043 2190 1275 2259 fortnam
1313 2195 1473 2251 nobis
1502 2196 1647 2249 haud
1678 2193 1999 2249 dissimilem

424 2275 721 2333 videndum
752 2293 811 2334 se
862 2281 1115 2348 praebens
1136 2322 1150 2346 ,
1182 2299 1248 2337 ex
1284 2285 1542 2352 operibus
1573 2292 1754 2337 tamen
1805 2281 2005 2354 (opera

414 2366 564 2420 enim
624 2368 807 2422 divina
865 2370 1152 2439 patrabat)
1202 2372 1447 2425 omnium
1497 2380 1551 2426 et
1596 2371 1886 2427 Dominum
1952 2379 2008 2427 et
2063 2374 2068 2379 ’

416 2456 672 2527 Opificem
708 2472 769 2512 se
808 2473 930 2512 esse
955 2459 1271 2514 ostendens.

2109 1833 2319 1905 ομιλεῖν
2347 1834 2481 1904 ἡμῖν
2511 1830 2670 1888 αὑτὸν
2700 1828 2994 1899 ἐγγύτερον
3016 1827 3115 1897 οὐχ
3138 1819 3250 1879 οἷόν
3274 1841 3334 1877 τε
3351 1818 3419 1894 ἦν
3437 1839 3452 1854 ν
3493 1822 3582 1875 ἴνα
3613 1821 3688 1892 μὴ

2111 1923 2171 1988 te
2202 1922 2392 1994 ἡδονῆς
2413 1920 2508 1974 καὶ
2540 1918 2731 1982 ὕπνου,
2758 1916 3008 1987 καθάπερ
3036 1914 3127 1966 ἐπὶ
3152 1912 3259 1966 τῶν
3281 1912 3455 1966 ἄλλων
3482 1909 3691 1980 ἀνθρώ-

2113 2032 2228 2070 πων
2261 2013 2395 2083 ἔχει,
2447 2012 2665 2081 δέξηται
2705 2009 2895 2078 σῶμα,
2930 2006 2990 2060 τὺ
3040 2008 3097 2059 ὲν
3144 2002 3446 2075 ὁμοιώματι
3499 2000 3690 2054 τούτου

2109 2105 2377 2176 λαμϐάνει
2427 2104 2492 2157 ὲκ
2541 2100 2809 2174 παρθένου
2866 2096 3217 2167 τικτόμενος·
3270 2093 3553 2164 ἄνθρωπος
3592 2091 3692 2161 μὲν

2111 2197 2452 2267 φαινόμενος,
2488 2193 2563 2256 ὼς
2597 2193 2779 2262 ἡμεῖς,
2804 2187 2947 2242 κατὰ
2976 2186 3072 2258 τὴν
3104 2184 3197 2239 τοῦ
3231 2185 3416 2238 δούλου
3452 2182 3689 2253 μορφὴν,

2109 2292 2174 2342 ἐκ
2203 2288 2259 2340 δὲ
2290 2285 2399 2340 τῶν
2430 2284 2608 2355 ἔργων
2653 2279 3141 2350 ἀποδεικνύμενος,
3178 2277 3261 2329 ὅτι
3292 2274 3401 2327 τῶν
3436 2273 3693 2326 ἁπάντων

2111 2375 2443 2449 δημιουργὸς
2476 2374 2569 2427 καὶ
2592 2368 2797 2441 Κύριός
2822 2370 2960 2433 ἐστι,
2988 2366 3242 2438 πράττων
3268 2362 3405 2433 ἔργα
3432 2358 3588 2414 Θεοῦ.

2006 2575 2119 2632 Vll.

1484 2688 1863 2763 Fragmentum
1883 2712 1946 2750 ea;
1979 2692 2226 2766 Epistula
2262 2687 2511 2745 Paschali
2547 2683 2633 2739 Vl.

2004 2785 2141 2842 Ibid.

638 2872 913 2946 Ejusdem,
942 2886 1007 2927 ex
1040 2869 1208 2927 Sexta
1242 2869 1492 2928 Paschali
1526 2876 1777 2944 epistola.

2144 2872 2254 2928 Τοῦ
2304 2869 2512 2935 αὐτοῦ,
2559 2868 2629 2921 ἐκ
2659 2867 2756 2936 τῆς
2799 2863 3059 3003 ὲξῖγςῆμὶ)
3112 2858 3500 2933 Ἐορταστικῆς
3538 2858 3660 2912 ἔπι-

2795 2952 2856 2987 στ
2907 2971 2917 2985 .
2960 2950 3004 2996 ς.

2795 2950 3004 2996 στολης.

500 3050 712 3106 Etenim
765 3055 826 3103 ut
883 3047 1325 3116 praestantissimi
1365 3048 1573 3119 quique
1618 3048 1859 3105 artiﬁces
1898 3066 2007 3107 non

2181 3052 2285 3112 Οἷα
2327 3055 2435 3127 γὰρ
2472 3052 2583 3107 τῶν
2622 3051 2881 3122 τεχνιτῶν
2913 3051 2961 3105 οἰ
3011 3050 3222 3121 ἄριστοι
3261 3047 3365 3100 οὐκ
3398 3048 3456 3100 ὲν
3486 3042 3695 3116 τιμίαις

426 3142 606 3195 solum
632 3140 687 3194 in
712 3138 880 3194 nobili
904 3138 1160 3209 quapiam
1188 3140 1417 3193 materia
1446 3148 1616 3195 artem
1644 3155 1799 3195 suam
1824 3149 2011 3197 osten-

426 3230 643 3293 dentes.
674 3243 929 3299 magnam
967 3227 1052 3281 sui
1086 3226 1500 3281 admirationem
1524 3228 1765 3283 excitare
1794 3230 2011 3296 solent;

427 3335 620 3375 verum
656 3321 822 3374 etiam
873 3319 1032 3373 vilem
1069 3332 1273 3384 ceram,
1317 3330 1371 3372 et
1408 3318 1582 3372 lutum
1622 3321 1768 3389 quod
1814 3322 2017 3377 dissol-

430 3414 597 3478 vitur,
636 3426 782 3482 saepe
828 3420 1142 3474 sumentes,
1178 3411 1314 3465 artis
1362 3425 1474 3465 suae
1507 3411 1613 3464 vim
1655 3411 1710 3465 in
1749 3428 1813 3467 ea
1843 3415 2017 3485 expli-

429 3513 581 3567 cant,
612 3512 667 3559 et
716 3501 1138 3557 cumulatiorem
1187 3499 1408 3561 laudem
1460 3511 1890 3571 promerentur:
1942 3505 2017 3560 ita

433 3610 569 3651 sane
589 3596 833 3650 omnium
858 3595 1100 3664 optimus
1128 3591 1350 3659 artifex,
1371 3593 1555 3649 vivum
1588 3593 1722 3649 illud
1746 3604 1800 3651 et
1825 3596 2018 3652 eﬂicax

437 3686 530 3742 Dei
564 3685 803 3741 Verbum
822 3685 865 3748 ⁵,
898 3685 1044 3755 quod
1077 3685 1393 3740 universam
1432 3686 1572 3741 hanc
1605 3703 1788 3743 rerum
1821 3690 2019 3745 molem

436 3780 577 3834 mira
613 3778 824 3834 ordinis
854 3777 1232 3833 concinnitate
1261 3780 1568 3844 exornavit,
1606 3795 1717 3835 non
1751 3788 2020 3852 tanquam

438 3872 681 3943 pretiosa
726 3872 912 3942 aliqua
962 3870 1211 3936 materia,
1258 3871 1360 3925 hoc
1404 3878 1508 3932 est.
1544 3873 1756 3928 cwlesti
1790 3887 2022 3943 corpore

437 3973 659 4037 sumpto
692 3963 761 4020 ad
818 3979 920 4019 nos
966 3961 1285 4027 descendit,
1320 3963 1414 4018 sed
1453 3963 1507 4017 in
1552 3964 1667 4019 luto
1718 3964 1853 4019 artis
1909 3978 2023 4019 sua:

438 4058 879 4128 magnitudinem
924 4056 1261 4120 declaravit,
1299 4055 1428 4110 dum
1470 4056 1586 4127 ipse
1632 4056 1908 4112 hominem
1956 4071 2025 4112 ex

2118 3150 2278 3221 μόνον
2321 3146 2476 3209 ῦλαις
2524 3144 2624 3216 τὴν
2668 3144 2863 3213 τέχνην
2915 3141 3229 3210 ἐκφαίνουσι
3272 3134 3695 3208 θαυμαζόμενοι,

2116 3245 2228 3300 ἀλλ’
2249 3240 2501 3303 εὐτελοῦς
2530 3238 2703 3309 κηροῦ
2735 3237 2830 3291 καὶ
2856 3234 3026 3306 πηλοῦ
3055 3232 3405 3302 διαλυομένου
3440 3227 3697 3289 πολλάκις

2117 3329 2535 3403 ἐπειλημμένοι,
2574 3328 2674 3398 τῆς
2716 3327 3027 3396 ἐπιστήμης
3059 3321 3267 3375 ἑαυτῶν
3304 3317 3698 3373 ἐπιδεικνύουσι

2115 3426 2215 3496 τὴν
2244 3423 2495 3493 δύναμιν,
2538 3418 2716 3489 πολλῷ
2760 3416 2957 3488 μᾶλλον
3011 3412 3428 3482 ἐπαινούμενον
3470 3408 3639 3470 οῦτως
3668 3408 3698 3456 ὀ

2118 3517 2336 3570 πάντων
2372 3513 2758 3586 ἀριστοτέχνης
2778 3548 2792 3573 ,
2831 3512 2859 3562 ὁ
2906 3508 3015 3573 ζῶν
3045 3506 3137 3559 καὶ
3180 3504 3409 3575 ἐνεργὴς
3441 3501 3534 3555 τοῦ
3565 3496 3699 3553 Θεοῦ

2118 3610 2309 3679 Λόγος,
2342 3607 2548 3672 τάξεως
2583 3603 2819 3677 ἁρμονίᾳ
2861 3601 3236 3672 διακοσμήσας
3274 3599 3343 3651 τὰ
3387 3595 3697 3665 σύμπαντα,

2119 3702 2218 3771 οὐχ
2261 3694 2351 3753 οἷά
2395 3714 2539 3763 τινος
2578 3696 2762 3768 τιμίας
2796 3692 2949 3765 ῦλης.
2982 3691 3232 3763 οὐρανίου
3267 3688 3561 3758 λαϐόμενος
3592 3684 3700 3736 orb-

2125 3808 2316 3865 ματος,
2351 3790 2487 3861 πρὸς
2518 3789 2667 3859 ἡμᾶς
2710 3787 2956 3854 ἀφῖκται,
3006 3781 3119 3836 ἀλλ’
3164 3782 3221 3834 ὲν
3266 3775 3421 3849 πηλῷ
3450 3775 3509 3827 τὸ
3561 3774 3702 3843 μέγα

2121 3885 2221 3948 τῆς
2250 3881 2444 3936 ἑαυτοῦ
2476 3880 2715 3933 δείκνυσι
2740 3877 2957 3947 τέχνης,
2987 3873 3076 3927 τὸν
3104 3874 3169 3925 ὲκ
3204 3869 3373 3942 πηλοῦ
3395 3867 3703 3921 πλασθέντα

2123 3972 2503 4046 διορθούμενος
2552 3970 2856 4039 ἄνθρωπον,
2894 3967 3054 4029 αὐτὸς
3102 3966 3167 4017 ὲκ
3200 3960 3478 4031 Παρθένου
3523 3973 3705 4011 καινοο

2126 4064 2351 4138 πρεπῶς
2375 4061 2580 4134 προῖὼν
2618 4060 2904 4132 ἄνθρωπος
2926 4077 2939 4089 ·
2970 4057 3048 4128 τῷ
3082 4056 3181 4128 μὲν
3206 4054 3391 4126 τρόπῳ
3419 4051 3520 4121 τῆς
3547 4048 3703 4118 γενέ-

440 4148 575 4204 limo
598 4149 895 4204 formatum
919 4149 1350 4214 instauraturus,
1386 4164 1522 4203 nova
1552 4148 1786 4219 quadam
1814 4148 2016 4204 ratione

2129 4173 2268 4219 σεως
2321 4153 2648 4208 διαλλάττων
2670 4192 2685 4216 ,
2734 4152 2831 4222 τὴν
2871 4149 2929 4203 δὲ
2966 4147 3108 4202 κατὰ
3142 4146 3318 4200 πάντα
3369 4143 3507 4214 πρὸς
3560 4140 3706 4211 ἡμᾶς

445 4239 612 4293 homo
652 4255 717 4293 ex
747 4239 957 4308 virgine
988 4241 1283 4307 processit.
1323 4240 1387 4293 Et
1426 4242 1680 4308 quamvis
1718 4240 2016 4296 nativitatis

2127 4248 2296 4319 χωρίς
2352 4244 2629 4316 ἁμαρτίας
2681 4243 2781 4295 οὐκ
2847 4240 3106 4310 ἐκφυγεῖν
3160 4236 3351 4307 κρίνας
3410 4233 3703 4305 ὁμοίωσιν·

452 4328 617 4383 modo
655 4343 685 4382 a
737 4329 897 4383 nobis
935 4328 1210 4396 dill‘erret,
1241 4329 1659 4388 similitudinem
1701 4340 1884 4386 tamen
1926 4345 2030 4386 no-

2129 4337 2468 4407 τικτόμενος,
2510 4331 3026 4405 σπαργανούμενος,
3070 4328 3474 4399 τιθηνούμενος,
3509 4323 3707 4394 βρέφος

456 4431 627 4478 stram
674 4424 956 4494 (peccato
1008 4424 1274 4478 duntaxat
1322 4428 1638 4497 excepto“)
1693 4443 1791 4497 per
1845 4427 2016 4481 omni:

2135 4429 2193 4481 ἐν
2226 4427 2400 4497 φάτνῃ
2433 4425 2701 4494 κείμενος,
2731 4423 2831 4493 τῆς
2864 4420 3078 4491 φύσεως
3108 4418 3265 4490 ἡμῶν
3293 4418 3392 4487 τὴν
3425 4413 3706 4468 ἀσθένειαν

452 4515 885 4586 amplectendam
921 4515 1280 4570 existimavit.
1315 4515 1453 4571 Nam
1480 4526 1534 4573 et
1559 4519 1829 4584 nascitur,
1860 4528 1915 4575 et
1950 4520 2031 4574 fa-

2136 4515 2490 4585 ὲκδεχόμενος
2511 4512 2599 4566 διὰ
2626 4511 2726 4575 τὰς
2759 4508 3132 4581 προλαϐοῦσας
3162 4505 3437 4576 ἁμαρτίας
3472 4502 3582 4572 (i5)
3614 4499 3707 4552 καὶ

450 4602 581 4657 scits
640 4601 956 4667 involvitur,
988 4610 1042 4655 et
1086 4602 1339 4667 Iactatur,
1370 4612 1424 4658 et
1457 4605 1638 4663 infans
1671 4607 1726 4661 in
1763 4608 2016 4677 praesepit

2136 4606 2335 4670 αἰτίας.
2375 4605 2513 4659 Ἀλλ’
2539 4606 2620 4658 ἔτι
2667 4604 2865 4676 βρέφος
2903 4601 2998 4664 ὢν,
3053 4597 3188 4669 ὁμοῦ
3230 4596 3324 4650 καὶ
3361 4595 3452 4647 τὸν
3494 4590 3704 4663 ἐχθρὸν,

453 4694 774 4763 ιιιιιιῑιιιτ¹⁰;
824 4702 879 4748 et
928 4708 1121 4749 omnes
1175 4694 1410 4764 denique
1449 4705 1672 4767 prepter
1699 4698 1813 4768 jam
1853 4698 2016 4755 dicta:

2136 4698 2230 4751 καὶ
2260 4698 2359 4769 τὴν
2396 4696 2588 4750 τούτου
2632 4694 2851 4766 θορυϐεῖ
2876 4692 3150 4762 φάλαγγα,
3181 4690 3388 4761 μάγους
3412 4687 3585 4741 ἕλκων
3617 4683 3708 4737 ἐπὶ

456 4801 655 4841 causas
690 4795 899 4841 naturae
927 4797 1131 4842 nostrae
1178 4784 1526 4844 infirmitates
1555 4790 1855 4859 experitur.
1889 4789 2030 4843 Inte-

458 4877 560 4931 rim
613 4884 796 4933 tamen
851 4893 976 4931 cum
1030 4877 1213 4933 infans
1261 4877 1441 4933 adhuc
1494 4890 1674 4947 esset,
1746 4882 2028 4935 inimicum

2139 4789 2465 4859 μετάνοιαν,
2521 4788 2616 4839 καὶ
2682 4781 3114 4856 παρασκευάζων
3158 4779 3250 4833 τοῦ
3295 4775 3708 4835 ἀποστείλαντος

2136 4882 2331 4945 αὐτοὺς
2356 4881 2703 4951 περιφρονεῖν
2728 4877 2839 4948 (Η)
2871 4874 3157 4946 βασιλέως.

460 4968 744 5041 ipsiusque
778 4969 1059 5026 cohortem
1096 4972 1384 5039 exterruit,
1418 4988 1604 5044 magos
1674 4976 1740 5030 ad
1783 4975 2159 5045 paenitentiam
2227 4977 2528 5041 adducens,
2573 4983 2628 5029 et
2698 4982 2755 5029 ut
2785 4986 2965 5043 regem
3017 4985 3049 5025 a
3101 4984 3211 5041 quo
3255 4964 3408 5023 missi
3471 4960 3710 5026 fuerant,

464 5072 896 5130 contemnerent,
929 5063 1187 5121 eﬂiciens.

538 5238 558 5269 '
592 5238 717 5309 Sap.
748 5257 843 5306 vn,
875 5244 926 5297 5.
1000 5241 1205 5299 'llcbr.
1242 5257 1317 5308 tv,
1348 5242 1431 5298 12
1497 5246 1515 5277 ⁸
1541 5243 1671 5299 ibid.
1708 5244 1791 5298 15.

541 5410 654 5486 (ἓξ)
694 5409 821 5486 ἔκθε-
853 5413 1037 5486 ἕκτης-

546 5482 653 5554 (l3)
856 5480 1051 5548 αἰτίας.

1868 5244 1909 5276 ¹⁰
1942 5244 2072 5301 Luc.
2095 5262 2156 5309 ιι,
2185 5245 2234 5297 7.

2219 5422 2331 5492 (14)
2375 5420 2502 5491 Leg.
2533 5422 2917 5491 καταφρονεῖν.

1800 5659 2418 5688 --ασοιο--η
3246 5651 3329 5675 -"
3376 5668 3400 5694 _.
3540 5644 3617 5689 ξι·
