4042 6208
356 270 426 327 65
1364 270 1730 329 TllEOPHlLl
1773 269 2084 330 EPISCOPI
2119 272 2593 330 ALEXANDRINI
3541 277 3615 336 65

356 398 466 441 tem
519 392 677 441 extra
727 383 862 439 ﬁnes
909 397 1043 440 suos
1082 382 1328 454 judicet;
1368 387 1415 442 si
1459 394 1639 442 autem
1687 387 1933 457 ignoras.

2048 390 2117 461 μὴ
2149 390 2355 461 κρίνειν
2381 389 2568 460 δίκην·
2599 391 2648 443 εἰ
2669 390 2726 445 δέ
2750 379 2984 459 ἆγνοείς,
3012 390 3198 462 μαθὼν
3232 387 3470 461 ea:qu
3501 391 3615 444 τῶν

356 480 533 542 disce,
584 486 638 533 et
672 492 700 531 a
737 476 940 532 libellis
984 476 1253 533 adversus
1290 493 1377 534 me
1413 478 1654 535 abstine.
1702 479 1836 533 Nam
1885 479 1931 535 si

353 566 592 637 judicari
627 578 712 619 me
752 573 1059 635 oporteret,
1104 567 1172 621 ab
1203 566 1481 640 Egyptiis
1520 570 1799 640 episc0pis
1838 570 1933 640 ju-

356 658 627 714 dicandus
660 673 818 726 sum,
854 673 966 715 non
999 675 1032 714 a
1078 669 1132 716 te
1160 661 1254 731 qui
1299 662 1644 733 septuaginta
1687 663 1935 739 quinque

356 750 568 806 dierum
604 751 799 806 itinere
830 751 958 805 hinc
980 753 1135 809 abes.

2042 480 2163 532 κατ’
2207 478 2340 550 ἐμοῦ
2379 478 2657 533 λιϐέλλων.
2691 480 2754 533 Εἰ
2802 480 2907 553 γὰρ
2936 482 3027 534 καὶ
3067 481 3176 534 δέοι
3210 497 3275 550 με
3321 478 3612 551 κριθῆναι,

2044 568 2197 641 παρὰ
2228 571 2336 623 τῶν
2372 570 2704 639 Αἰγυπτίων,
2736 571 2830 623 καὶ
2871 571 2930 623 οὐ
2964 570 3117 642 παρὰ
3154 569 3271 634 σοῦ,
3301 568 3615 640 ἀφεστῶτος
3710 615 3719 621 .

2046 658 2581 734 ἑϐδομηκονταπέντε
2619 658 2843 732 ἡμερῶν
2875 659 3014 715 ὁδόν.

675 862 809 918 Vill.
849 864 1116 920 EPISTOLA
1153 863 1375 920 Joannis
1411 882 1647 923 EPISCOPI
1678 865 1882 929 Cmul,
1921 879 1991 920 ετ
2021 863 2341 920 Sus'ren'ru
2365 859 2659 917 Tuncrum
2688 877 2922 918 EPISCOPI
2943 860 3334 915 ALEXANDRINI.

1085 1001 1239 1072 Apud
1271 1001 1590 1059 Cotelerium
1609 1004 1679 1058 ad
1706 1004 2143 1061 Constitutiones
2170 999 2405 1071 apostol.
2437 998 2531 1054 lib.
2558 1014 2609 1064 ν,
2639 1015 2756 1068 cap.
2787 998 2878 1056 ΞΟ.

427 1139 633 1196 Diebus
656 1139 877 1210 jejunii,
907 1140 1059 1197 circa
1085 1144 1278 1197 horam
1309 1158 1513 1199 nonam
1546 1154 1670 1215 post
1695 1158 1936 1200 consue-

356 1243 441 1288 tas
492 1247 722 1303 preces,
769 1236 1085 1305 sumptione
1126 1237 1288 1306 panis
1338 1236 1636 1300 duntaxat,
1677 1252 1836 1310 aquae
1880 1245 1936 1294 et

357 1326 595 1389 olerum,
634 1331 730 1377 aut
764 1324 1107 1386 caricarum.
1141 1335 1236 1382 aut
1269 1328 1611 1399 daetylornm
1634 1369 1669 1394 ,ι
1690 1331 1936 1386 necessi-

361 1421 525 1468 tatem
584 1414 833 1484 corporis
885 1415 1205 1487 explemus;
1254 1426 1622 1490 praeterquam
1662 1420 1708 1476 si
1748 1420 1936 1492 aliquo

364 1504 554 1557 morbo
581 1505 715 1559 illud
746 1505 1057 1561 aﬂlictetnr.
1084 1508 1219 1563 Cum
1252 1509 1422 1579 igitur
1452 1519 1507 1565 et
1535 1498 1623 1565 die
1653 1518 1778 1566 ante
1806 1526 1931 1566 san-

358 1600 445 1646 cta
479 1592 830 1664 The0phania
861 1597 1157 1667 jubeamur
1185 1599 1477 1671 jejunare,
1512 1609 1637 1670 post
1673 1600 1937 1672 vesperti-

359 1700 490 1737 num
533 1684 782 1741 Oliicium
836 1688 1027 1763 illique
1072 1692 1426 1760 conjunctam
1468 1693 1637 1746 divini
1690 1694 1936 1764 mysterii

2124 1144 2215 1196 ’Ev
2254 1146 2376 1207 ταῖς
2422 1139 2706 1213 νηστίμοις
2752 1137 2862 1192 τῶν
2898 1130 3158 1210 ἡμερῶν,
3206 1137 3336 1209 περί
3390 1138 3619 1211 ἐννάτην

2041 1235 2193 1307 ὥραν
2228 1233 2369 1307 μετὰ
2410 1233 2512 1295 τὰς
2547 1230 2799 1302 συνήθεις
2829 1228 3013 1299 εὐχὰς,
3062 1230 3122 1283 ἐν
3151 1227 3305 1299 ἄρτῳ
3342 1227 3489 1301 μόνῳ
3521 1231 3617 1287 καὶ

2042 1327 2195 1383 ὕδατι
2228 1327 2323 1382 καὶ
2352 1325 2627 1398 λαχάνοις,
2677 1324 2714 1395 ἢ
2748 1322 2960 1394 ἰσχάσιν
3006 1320 3144 1392 (l5),
3187 1320 3223 1392 ἡ
3264 1320 3491 1389 φοίνιξιν
3517 1321 3617 1394 τὴν

2040 1420 2231 1491 χρείαν
2277 1416 2701 1488 ἀποπληροῦμεν
2733 1413 2829 1470 τοῦ
2878 1412 3161 1484 σώματος,
3200 1413 3250 1466 ei
3297 1413 3370 1484 μή
3403 1429 3486 1477 τις
3532 1414 3619 1465 ἐν-

2042 1510 2225 1582 οχλοίη
2256 1509 2431 1580 τούτῳ
2456 1506 2729 1561 ἀσθένεια.
2773 1505 2926 1559 Ἐπεὶ
2948 1502 3125 1557 τοίνυν
3156 1501 3256 1557 κάν
3283 1507 3350 1575 τῇ
3378 1503 3484 1573 πρὸ
3510 1503 3619 1558 τῶν

2042 1601 2214 1670 ἁγίων
2245 1598 2558 1669 Θεοφανίων
2589 1600 2620 1668 ἡ
2630 1597 2775 1668 μέρᾳ
2806 1594 3277 1667 προστεταγμένον
3315 1593 3617 1666 νηστεύειν,

2049 1692 2185 1763 μετὰ
2211 1691 2309 1760 τὴν
2337 1689 2688 1760 συνημμένην
2712 1685 2887 1758 ταύτῃ
2912 1684 3065 1740 θείαν
3087 1685 3498 1756 μυσταγωγίαν,
3527 1685 3622 1738 ἐπὶ

359 1774 809 1845 celebrationem,
839 1780 909 1834 ad
942 1780 1124 1835 cibum
1161 1784 1378 1852 corpori
1412 1784 1827 1837 convenientem
1854 1799 1942 1838 so-

2048 1784 2139 1855 τὴν
2175 1780 2490 1853 σωματικὴν
2524 1779 2794 1850 εἰώθαμεν
2834 1778 2970 1832 ἰέναι
3008 1777 3214 1849 τροφὴν
3237 1818 3252 1843 ,
3283 1776 3342 1828 οὐ
3387 1775 3622 1847 μεταλη-

356 1860 538 1921 lemus
586 1869 878 1937 accedere;
908 1878 1041 1927 tunc
1071 1888 1295 1928 sumere
1335 1888 1445 1929 non
1477 1882 1696 1949 Oportet
1724 1873 1938 1936 oleum,

356 1965 453 2011 aut
493 1958 695 2028 pisces.
731 1958 867 2015 Nam
908 1963 954 2018 si
990 1979 1055 2019 ea
1084 1964 1222 2028 dies,
1253 1964 1474 2035 vigilia,
1518 1965 1778 2036 inquam,
1811 1978 1939 2020 san-

357 2058 572 2104 ctorum
627 2051 1135 2124 Theophaniorum,
1192 2057 1246 2112 in
1270 2057 1412 2111 diem
1458 2057 1804 2115 Domiuicuin
1854 2058 1942 2113 iii-

358 2140 661 2208 currisset;
691 2140 1031 2213 Theophilus
1065 2146 1419 2201 Alexandriae
1463 2147 1762 2217 episcopus
1798 2147 1940 2201 cari-

357 2241 454 2281 cas
484 2236 697 2283 tantum
732 2241 827 2286 aut
857 2234 1130 2302 palmulas
1154 2236 1440 2292 comedere
1465 2236 1725 2306 injungit,
1758 2243 1945 2305 quate-

357 2333 464 2375 nus
524 2330 787 2377 caveatur
847 2340 918 2380 ne
970 2325 1255 2381 Dominica
1318 2328 1605 2384 videamur
1651 2327 1939 2396 jejunare;

358 2416 563 2465 temere
593 2427 743 2475 vero,
768 2414 963 2468 eadem
987 2415 1168 2484 vigilia
1193 2416 1251 2470 in
1280 2416 1450 2471 alium
1477 2417 1617 2472 diem
1640 2417 1938 2482 incidente,

356 2500 541 2555 cibum
571 2503 915 2572 pinguiorem
951 2505 1323 2576 attigerimus.
1359 2507 1515 2575 Quod
1540 2509 1584 2564 si
1618 2518 1939 2567 sanctorum

357 2592 846 2664 Theophauiorum
875 2584 998 2654 dies
1026 2599 1080 2653 in
1108 2598 1348 2657 Tetrade
1380 2610 1475 2656 aut
1515 2601 1819 2658 Parasceve
1840 2601 1940 2673 (iv,

357 2691 453 2737 aut
486 2699 540 2740 νι
572 2683 744 2754 feria)
776 2687 1069 2754 institerit,
1094 2690 1331 2746 suﬂiciat
1358 2694 1517 2747 nobis
1548 2693 1763 2749 solvere
1792 2691 1940 2763 quod

353 2769 513 2839 juxta
545 2773 930 2844 Apostolorum
962 2793 1225 2836 canonem
1257 2797 1383 2841 Lxrx
1403 2826 1417 2849 ,
1452 2782 1604 2838 hisce
1633 2782 1829 2840 diebus
1857 2783 1945 2838 in-

358 2865 613 2920 stitutum
651 2877 736 2923 est
760 2869 1068 2939 jejunium;
1102 2874 1178 2928 uti
1222 2884 1404 2928 autem
1435 2876 1556 2931 oleo
1589 2885 1644 2932 et
1676 2876 1939 2947 piscibus.

357 2953 428 3006 At
458 2969 677 3011 carnem
701 2961 783 3012 vel
809 2975 1032 3015 caseum
1052 2962 1411 3029 manducare,
1439 2966 1692 3036 ingluviei
1715 2980 1942 3036 prorsus

359 3055 727 3103 commentum
761 3060 879 3115 est,
916 3068 1023 3106 non
1059 3055 1378 3123 apostolica:
1419 3057 1782 3126 iegislationis
1823 3058 1943 3126 jus-

2042 1874 2203 1926 πτέον
2238 1871 2417 1925 ἐλαίου
2447 1870 2479 1940 ἢ
2519 1869 2734 1940 ἰχθύων.
2777 1869 2840 1922 Εἰ
2870 1866 2978 1939 γὰρ
3006 1869 3106 1937 τῆς
3140 1866 3352 1937 ἡμέρας
3378 1865 3581 1935 ταύτης
3600 1906 3616 1926 ,

2040 1959 2140 2029 τῆς
2169 1956 2489 2028 παραμονῆς
2531 1974 2673 2027 φημι
2713 1955 2821 2009 τῶν
2864 1954 3033 2024 ἁγίων
3063 1954 3404 2024 Θεοφανίων,
3436 1955 3623 2026 ἡμέρᾳ

2042 2051 2293 2121 Κυριακῇ
2360 2047 2748 2120 συνελθούσης,
2815 2049 2845 2102 ό
2901 2045 3158 2116 Θεόφιλος
3216 2045 3621 2125 ’Δλεξανδρείας

2044 2141 2276 2210 ἰσχάδων
2326 2141 2483 2211 μόνον
2520 2139 2553 2210 ἦ
2597 2138 2855 2209 φοινίκων
2902 2138 3232 2210 ἐπισκήπτει
3270 2137 3622 2209 μεταλαμϐἁε-

2041 2248 2184 2293 νειν,
2214 2232 2339 2284 ὅσον
2369 2229 2711 2300 φυλάξασθαι
2744 2228 2806 2283 τὸ
2838 2229 2896 2284 ἐν
2929 2216 3182 2303 κυριακῇ
3214 2226 3487 2298 δειχθῆναι
3522 2243 3621 2296 νηο

2043 2322 2251 2375 στεύειν
2280 2338 2293 2351 ο
2331 2320 2493 2391 σχολῇ
2520 2322 2571 2388 γ’
2604 2319 2671 2374 ἂν
2698 2319 2864 2391 ἐτέρᾳ
2896 2318 3282 2390 συμπεσούσης
3306 2317 3510 2390 ἡμέρᾳ,
3537 2317 3618 2369 λι-

2043 2412 2365 2485 παρωτέρας
2391 2412 2596 2482 τροφῆς
2629 2410 2929 2482 ἁψαίμεθα.
2958 2411 3024 2464 Εἰ
3047 2409 3105 2463 δὲ
3128 2410 3227 2463 καί
3248 2410 3282 2480 ἡ
3314 2408 3425 2462 τῶν
3446 2407 3620 2476 ἁγίων

2042 2503 2353 2573 Θεοφανίων
2376 2502 2557 2575 ἡμέρα
2585 2505 2644 2557 ἐν
2673 2501 2905 2575 Τετρὰδι
2924 2502 2961 2573 ἦ
2984 2503 3309 2574 Παρασκευῇ
3341 2499 3616 2570 ἐπισταίη,

2042 2596 2274 2667 ἀρκετὸν
2314 2597 2449 2669 ἡμῖν
2497 2596 2658 2650 λῦσαι
2698 2597 2801 2668 τὴν
2826 2597 2886 2651 ἐν
2920 2598 3041 2661 ταῖς
3077 2592 3355 2659 τοιαύταις
3384 2593 3621 2665 ἡμέραις

2043 2684 2438 2756 νενομισμένην
2466 2685 2720 2756 νηστείαν
2752 2685 2895 2739 κατὰ
2922 2685 3015 2740 τὸν
3046 2682 3121 2751 ξθ¹
3150 2683 3261 2739 τῶν
3291 2683 3457 2753 ἁγίων
3485 2684 3622 2737 ἀπο·

2048 2780 2249 2835 στόλων
2289 2780 2509 2843 κανόνα,
2543 2779 2706 2850 ἐλαίῳ
2753 2796 2814 2832 τε
2851 2778 3157 2851 χρήσασθαι
3189 2780 3283 2834 καὶ
3314 2777 3512 2851 ἰχθύσι.
3548 2776 3623 2829 Τὸ

2044 2872 2101 2926 δὲ
2135 2872 2361 2944 κρέατος
2388 2871 2421 2942 ἡ
2444 2870 2609 2943 τυροῦ
2642 2874 2861 2942 φαγεῖν,
2903 2870 3351 2941 γαστριμαργίας
3381 2867 3623 2939 ἀτεχνῶς

2044 2960 2284 3034 εὕρημα,
2308 2961 2408 3014 οὐκ
2430 2960 2794 3031 ἀποπολικῆς
2825 2958 3145 3031 νομοθεσίας
3173 2960 3473 3028 ἐπίταγμα.
3501 2961 3624 3011 Οὐκ

2045 3053 2178 3107 ἔστι
2207 3052 2316 3123 γὰρ
2344 3054 2381 3122 ἠ
2399 3053 2688 3117 ,Βασιλεία
2713 3049 2816 3105 τοῦ
2843 3050 3013 3116 Θεοῦ,
3038 3047 3272 3119 ,βρῶσις
3293 3050 3392 3104 καί
3418 3050 3622 3116 πόσις,

362 3146 504 3187 sum.
534 3131 716 3203 Neque
746 3139 891 3191 enim
922 3121 1134 3209 regnum
1164 3141 1258 3196 Dei
1284 3154 1361 3197 est
1384 3121 1505 3197 escit
1533 3154 1580 3199 et
1607 3156 1763 3214 poma
1791 3121 1870 3212 ‘I;
1893 3154 1942 3201 et

2052 3145 2148 3197 καὶ
2174 3121 2244 3198 τὰ
2272 3143 2421 3215 ἑξῆς.

361 3238 483 3291 qua:
513 3236 841 3297 sequuntur.

1150 3373 1309 3437 Igitur
1327 3376 1562 3427 allocutio
1588 3386 1637 3428 cl
1664 3381 1744 3430 lex
1770 3381 1991 3443 episcopi
2013 3378 2279 3443 Theophili
2300 3379 2447 3429 Alex.
2477 3379 2589 3428 talis
2610 3378 2832 3429 habetur.

436 3492 499 3544 Et
534 3507 652 3549 mos
675 3500 730 3548 et
752 3493 911 3549 oliicii
946 3500 1084 3552 ratio
1106 3516 1138 3555 a
1166 3502 1327 3557 nobis
1353 3506 1611 3572 postulat,
1648 3514 1706 3560 ut
1725 3523 1940 3565 omnem

363 3583 507 3638 diem
546 3584 894 3642 Dominicum
936 3585 1306 3661 honoremus,
1339 3611 1574 3666 eumque
1602 3598 1805 3655 festum
1842 3600 1943 3656 ha-

366 3672 617 3740 beamus,
650 3690 774 3729 cum
812 3677 864 3732 in
900 3694 965 3735 eo
997 3680 1262 3738 Dominus
1292 3695 1480 3742 noster
1501 3686 1664 3745 Jesns
1691 3690 1946 3753 Christus

364 3767 822 3823 resurrectionem
857 3786 926 3824 ex
957 3776 1192 3830 mortuis
1234 3776 1393 3833 nobis
1443 3782 1845 3848 procuraverit.
1884 3782 1951 3841 Et

365 3854 489 3909 ideo
518 3855 610 3910 hic
644 3858 763 3913 dies
791 3859 845 3913 in
877 3862 1052 3918 sacris
1084 3860 1393 3935 Scripturis
1424 3875 1480 3922 et
1519 3869 1729 3938 primus
1760 3870 1950 3940 appel-

365 3946 511 4004 latus
540 3957 646 4014 est,
670 3960 730 4005 ut
760 3954 853 4023 qui
886 3954 958 4009 sit
986 3956 1148 4013 nobis
1178 3958 1303 4013 vitae
1335 3959 1551 4016 initium
1575 3979 1591 4028 ;
1614 3971 1669 4017 et
1700 3972 1951 4028 octavus,

364 4046 553 4109 utpote
603 4044 697 4112 qui
750 4043 1069 4103 Iudaeorum
1117 4048 1524 4108 Sabhatismum
1565 4054 1950 4124 supergredia-

365 4135 476 4182 tur.
511 4128 649 4196 Quia
673 4134 839 4202 igitur
865 4138 1117 4209 contigit,
1143 4140 1287 4194 diem
1313 4139 1511 4212 jejunii
1538 4144 1630 4213 qui
1660 4144 1727 4199 ad
1754 4153 1948 4199 sancta

362 4212 723 4289 'l‘heOphania
748 4229 1003 4295 pertinet,
1030 4232 1085 4285 in
1110 4233 1260 4286 illum
1293 4212 1639 4291 Dominicum
1669 4237 1946 4304 incidere;

369 4312 677 4367 mconomia
709 4322 953 4385 utamur,
975 4327 1029 4374 et
1061 4321 1130 4375 ad
1157 4330 1449 4395 utrumque
1477 4327 1774 4398 prudenter
1798 4344 1951 4387 acce-

2123 3510 2233 3581 (lG)
2268 3510 2376 3561 Καὶ
2403 3508 2465 3561 τὸ
2495 3506 2615 3571 ἔθος
2644 3508 2736 3560 καὶ
2765 3506 2826 3559 τὸ
2856 3509 3067 3579 πρέπον
3097 3510 3248 3579 ἡμᾶς
3277 3508 3498 3562 ἀπαιτεῖ
3526 3508 3626 3560 πᾶα

2051 3619 2149 3655 σαν
2200 3599 2483 3671 Κυριακὴν
2516 3601 2703 3670 τιμᾷν,
2758 3600 2853 3653 καὶ
2902 3601 2958 3652 ἐν
2996 3599 3169 3673 ταύτῃ
3215 3599 3625 3670 πανηγυρίζειν,

2052 3692 2347 3762 ἐπειδήπερ
2377 3693 2434 3744 ἐν
2463 3692 2637 3764 ταύτῃ
2667 3693 2694 3744 ὁ
2729 3689 2934 3760 Κύριος
2960 3689 3117 3761 ἡμῶν
3155 3689 3363 3760 Ἰησοῦς
3396 3688 3628 3760 Χριστὸς

2053 3784 2153 3855 τὴν
2188 3786 2252 3837 ἐκ
2281 3782 2490 3852 νεκρῶν
2532 3783 2827 3837 ἀνάστασιν
2868 3782 3257 3853 ἐπρυτάνευσε.
3292 3780 3384 3834 Διὸ
3430 3782 3525 3834 καὶ
3571 3782 3629 3831 ἐν

2056 3878 2174 3938 ταῖς
2203 3876 2376 3945 ἱεραῖς
2402 3874 2668 3945 Γραφαίς,
2709 3873 2803 3926 καί¹
2831 3872 3020 3946 πρώτη
3064 3873 3356 3942 κέκληται,
3384 3872 3460 3935 ὡς
3488 3871 3629 3941 ἁρχὴ

2060 3963 2206 4033 ζωῆς
2247 3966 2377 4034 ἡμῖν
2411 3964 2755 4034 ὑπάρχουσα,
2789 3964 2885 4018 καὶ
2915 3964 3072 4037 ὀγδόη
3093 4005 3104 4023 .
3133 3964 3229 4018 ἅτε
3259 3963 3323 4034 δὴ
3354 3964 3629 4034 ὑπεραναο

2051 4053 2319 4122 ϐεϐηκυῖα
2353 4051 2446 4106 τὸν
2471 4051 2580 4105 τῶν
2621 4052 2890 4106 Ἰουδαίων
2923 4052 3311 4122 σαϐϐατισμόν.
3359 4052 3511 4106 Ἐπεὶ
3537 4047 3631 4105 οὖν

2053 4143 2251 4213 συνέϐη
2281 4142 2379 4214 τὴν
2424 4142 2533 4196 τῶν
2573 4143 2745 4211 ἁγίων
2783 4142 3097 4212 Θεοφανίων
3127 4144 3388 4213 νὴστιμον
3421 4143 3632 4215 ἡμέραν

2050 4230 2188 4287 εἶναι
2217 4232 2420 4303 ταύτην
2458 4233 2592 4304 (l7),
2623 4235 3105 4306 οἰκονομήσωμεν,
3137 4235 3233 4288 καὶ
3265 4235 3401 4307 πρὸς
3440 4238 3631 4289 ἑκάτε-

2053 4342 2146 4396 ρον
2180 4325 2562 4396 ἐπιστημόνως
2591 4325 2934 4396 χωρήσωμεν
2954 4363 2971 4387 ,
3007 4325 3095 4378 ἵνα
3124 4325 3633 4396 μεταλαμϐάνοντες

368 4404 583 4471 damus,
613 4416 671 4459 ut
698 4417 980 4466 sumentes
1009 4430 1214 4484 paucas
1246 4418 1536 4485 palmulas,
1562 4421 1729 4475 simul
1760 4429 1817 4476 et
1847 4422 1942 4476 ha)-

2052 4416 2248 4485 ὀλίγων
2279 4417 2558 4484 φοινίκων,
2592 4416 2929 4486 ἐκκλίνωμεν
2961 4417 3080 4487 ἅμα
3117 4416 3212 4469 καὶ
3246 4417 3345 4479 τὰς
3371 4416 3631 4487 αἱρέσεις,

369 4509 521 4550 reses
561 4497 830 4563 vitemus,
887 4519 1009 4573 quae
1052 4505 1197 4560 diem
1239 4509 1670 4579 resurrectionis
1728 4509 1942 4567 Domini

2052 4507 2150 4571 τὰς
2188 4506 2261 4578 μὴ
2303 4505 2547 4576 τιμώσας
2576 4506 2674 4577 τὴν
2712 4506 3082 4576 ἀναστάσιμον
3120 4505 3212 4559 τοῦ
3240 4507 3445 4577 Κυρίου
3474 4506 3633 4577 ἡμῶν

370 4588 545 4643 nostri
577 4589 709 4646 Jesu
738 4592 946 4649 Christi
977 4612 1086 4651 non
1120 4597 1426 4664 honorant;
1457 4607 1510 4653 et
1540 4602 1685 4670 quod
1720 4602 1952 4659 debetur

369 4680 479 4736 diei
512 4682 711 4753 jejnnii
767 4688 1094 4753 reddamus,
1142 4700 1528 4761 exspectantes
1576 4696 1947 4763 vespertinum

371 4786 722 4843 conventum,
753 4784 846 4848 qui
879 4781 991 4844 hic,
1024 4781 1136 4837 Deo
1167 4783 1383 4839 volente
1403 4826 1419 4849 ,
1451 4798 1765 4857 peragetur.
1801 4789 1948 4845 Con-

372 4868 658 4937 grrgem’ur
688 4872 872 4941 itaque
896 4871 984 4927 hic
1016 4874 1085 4927 ab
1116 4874 1250 4930 hora
1288 4891 1454 4933 nona.

446 5104 486 5138 "
519 5105 677 5169 Rom.
712 5128 827 5182 xw,
875 5113 965 5173 l7.

450 5265 560 5344 (is)
587 5267 664 5344 vi
686 5244 810 5344 ίσχ.
834 5272 921 5326 Αι.
948 5273 1041 5328 καὶ
1071 5275 1176 5344 ἱσχ.
1217 5272 1309 5326 Sic
1343 5271 1468 5344 item
1497 5254 1660 5334 infra,
1686 5272 1779 5325 και
1805 5272 1947 5343 φοίν.

371 5335 709 5419 ρτοιρρίιδ.
745 5335 963 5419 Etmox
994 5345 1036 5397 δ’
1064 5335 1207 5419 ἄνξγ*
1240 5358 1338 5419 pro
1366 5343 1450 5398 ἄν.
1514 5392 1545 5419 χ

447 5405 561 5479 (16)
589 5405 714 5461 Haec
741 5409 929 5466 videas
956 5405 1211 5479 superius
1243 5405 1414 5470 relata
1444 5405 1800 5473 ex‘Pandect.
1839 5411 1949 5471 σου

360 5551 525 5621 terea
556 5547 612 5605 in
635 5546 993 5605 Corieiliorum
1017 5546 1341 5620 collectione,
1368 5566 1504 5612 tom.
1538 5553 1601 5617 ll,
1624 5567 1743 5622 pag.
1784 5556 1807 5611 l

373 5475 503 5531 non.
526 5475 801 5549 Beveregii
837 5484 970 5533 tom.
1002 5475 1067 5545 ll,
1094 5499 1252 5553 pagg.
1280 5484 1532 5540 170-175.
1569 5484 1800 5541 Exstant
1857 5500 1951 5540 rte-

373 5551 525 5602 tcrca
556 5547 612 5605 in
635 5546 993 5605 Conciliorum
1017 5553 1341 5612 collectione.
1368 5566 1504 5612 tom.
1538 5553 1601 5612 ll.
1624 5567 1743 5612 nat:-
1784 5500 1945 5612 lg‘lﬁ.

2068 4597 2241 4668 Ἰησοῦ
2276 4598 2514 4668 Χριστοῦ
2544 4599 2790 4671 ἡμέραν,
2844 4598 2937 4651 καὶ
2970 4598 3029 4650 τὸ
3071 4598 3419 4668 ὀφειλόμενον
3444 4602 3510 4671 τῇ
3538 4615 3635 4669 νη-

2056 4688 2233 4759 στίμῳ
2279 4688 2459 4759 ἡμέρᾳ
2493 4688 2812 4758 ἀποδῶμεν,
2851 4687 3233 4759 περιμένοντες
3271 4690 3369 4761 τὴν
3408 4691 3629 4759 ἑσπερι-

2051 4779 2149 4851 νὴν
2179 4779 2428 4847 σύναξιν,
2466 4781 2588 4851 ἣτις
2644 4780 2908 4841 ἐνταῦθα,
2957 4778 3090 4832 Θεοῦ
3138 4781 3411 4845 θέλοντος,
3460 4782 3629 4835 τελεῖ·

2052 4891 2142 4926 ται
2175 4872 2309 4943 (18).
2351 4872 2709 4943 Συναχθῶμεν
2744 4872 2922 4925 τοίνυν
2967 4872 3073 4924 ἀπὸ
3102 4870 3248 4944 ὥρας
3280 4873 3505 4942 ἐννάτης
3543 4874 3629 4925 ἐν·-

2053 4966 2239 5021 ταῦθα.

2057 5272 2186 5328 cdit.
2221 5274 2624 5331 Veneto-Labh.

2085 5344 2239 5428 1(l7)
2274 5342 2441 5400 Εἶναι
2471 5348 2713 5416 ταύτην.
2760 5344 2816 5399 In
2856 5348 3187 5404 membranis
3224 5348 3403 5419 Regiis
3430 5343 3630 5410 ταιῖτην

2058 5431 2241 5556 ε’ῗῖἓ)
2280 5485 2556 5542 Τελεῖται.
2591 5486 2700 5542 Aut
2728 5491 3079 5545 συντελεῖται.
