4054 6206
303 278 373 331 65
1707 285 1895 345 FRAGI

1957 287 2148 348 ENTA.
3482 298 3551 353 (36

313 483 3537 529 ’W‘M

794 660 1473 755 THEOPHILI
1559 665 2401 766 ALEXANDRINI
2480 622 3075 817 Episcopi

1112 875 1541 935 FRAGMENTA
1579 877 1672 934 EX
1708 880 1889 939 ALIIS
1939 882 2283 945 OPERIBUS
2320 888 2735 951 DEPERDITIS

1039 1153 1106 1210 In
1142 1153 1281 1209 illud
1316 1151 1522 1211 Psalmi
1551 1172 1684 1223 seu,
1708 1158 1971 1217 Dominus
2001 1166 2265 1234 regnavit,
2291 1167 2542 1225 decorem
2572 1141 2769 1227 induit.

1598 1244 1683 1301 Ea:
1716 1249 1891 1305 codice
1919 1252 2055 1323 regio
2094 1252 2219 1309 ΞΗ.

750 1392 904 1458 Apud
927 1390 1268 1447 Simondnm
1299 1395 1369 1448 ad
1404 1393 1584 1464 Ruﬁni
1615 1395 1894 1451 Palwstini
1926 1397 2119 1451 librum
2150 1398 2225 1454 De
2246 1400 2371 1465 ﬁde,
2397 1400 2530 1471 Opp.
2559 1413 2685 1459 tom.
2717 1403 2766 1473 I,
2790 1423 2913 1479 pag.
2946 1410 3067 1466 513.

371 1533 427 1585 '0
446 1529 664 1599 Κύριος
687 1527 1108 1591 ἐϐασίλευσεν,
1132 1528 1462 1584 ἐνεδύσατο
1483 1529 1865 1599 εὐπρέπειαν.
1894 1588 1895 1593 η

2047 1532 2303 1588 Dominus
2346 1536 2598 1605 regnavit,
2633 1542 2875 1593 decorem
2912 1541 3086 1597 induit
3115 1545 3176 1598 ¹¹.
3207 1544 3345 1612 Quia
3393 1548 3537 1603 enim

305 1622 520 1693 Ἐπειδὴ
550 1621 662 1692 γὰρ
695 1619 856 1673 ἔλαϐε
889 1619 1127 1692 φθαρτὸν
1159 1620 1349 1692 σῶμα,
1381 1622 1715 1693 εὐπρέπειαν
1747 1624 1864 1675 ἐνε-

291 1710 486 1765 δύσατο
517 1711 827 1779 ἀναστήσας
856 1708 1006 1772 αὐτὸ,
1037 1709 1098 1762 οὐ
1134 1710 1393 1781 φθαρτὸν,
1424 1711 1539 1765 ἀλλ’
1561 1712 1858 1783 ἄφθαρτον.

301 1802 360 1856 ’0
379 1800 583 1873 Κύριος
606 1798 965 1861 ἐϐασίλευσεν,
986 1801 1319 1872 εὐπρέπειαν
1334 1801 1636 1856 ἐνεδύσατο.
1660 1802 1860 1857 Ἔλαόε

294 1891 743 1965 γὰρ.ἀναστὴσας
779 1890 934 1945 πάλιν
961 1891 1023 1945 τὸ
1047 1893 1242 1946 ἑαυτοῦ
1273 1892 1451 1964 σῶμα,
1483 1895 1622 1949 κατὰ
1653 1895 1752 1967 τὴν
1781 1899 1861 1951 οι.

288 1986 450 2038 κείαν
486 1981 858 2051 ἑπαγγέλειαν,
891 1984 1127 2038 Λύσατε
1166 1985 1272 2037 τὸν
1311 1986 1461 2041 ναὸν
1487 1987 1733 2052 τοῦτον,
1763 1988 1863 2042 και

290 2077 397 2130 ἐπὶ
441 2076 636 2146 τρισὶν
668 2076 907 2147 ἡμέραις
928 2076 1108 2148 ἐγερῶ
1128 2081 1332 2134 αὐτόν.
1370 2082 1434 2133 Ὀ
1467 2081 1651 2153 ἤγειρε
1685 2082 1865 2136 τοίνυν

289 2168 581 2223 ἐνεδύσατο
598 2167 770 2239 σῶμα.
791 2170 982 2239 Ἔλεγε
995 2171 1123 2241 γὰρ,
1137 2174 1257 2226 Οὐκ
1278 2172 1731 2243 ἐγκαταλείψεις
1750 2174 1866 2243 τὴν

283 2260 502 2329 ψυχήν
521 2278 643 2330 μου
677 2264 765 2328 εἰς
794 2262 974 2330 ᾅδην.
999 2263 1142 2319 οὐδὲ
1168 2263 1384 2332 δώσεις
1413 2267 1519 2320 τὸν
1548 2265 1722 2322 ὅσιόν
1742 2284 1861 2323 σου

286 2348 437 2402 ιόεἴν
449 2350 799 2420 διαφθοράν·
812 2353 899 2407 ἔτι
916 2354 984 2407 δὲ
1009 2354 1109 2408 και
1127 2356 1166 2423 ἡ
1188 2355 1344 2425 σάρξ
1353 2374 1473 2427 μου
1486 2357 1862 2427 κατασκηνώ-

285 2450 381 2490 σει
405 2437 499 2491 ἐπ’
519 2438 740 2493 ἐλπίδι.
784 2441 1046 2506 Ἀναστὰς
1075 2444 1132 2496 ὲν
1152 2443 1230 2513 τῷ
1253 2446 1492 2516 μνήματι
1517 2445 1616 2498 οὐκ
1644 2444 1825 2517 ἔμεινε
1846 2462 1859 2479 ·

285 2528 379 2582 καὶ
417 2530 605 2599 μείνας
641 2534 700 2586 ὲν
732 2532 809 2603 τῷ
840 2535 1103 2604 μνήματι,
1135 2534 1236 2588 οὐκ
1265 2535 1372 2588 ἴδεν
1402 2534 1720 2607 διαφθορὰν,
1759 2536 1859 2590 οὐκ

285 2618 585 2690 ἐκράτησεν
618 2620 784 2675 αὐτοῦ
813 2625 847 2693 ή
872 2621 1160 2694 διαφθορά.
1195 2624 1255 2677 ὐ
1285 2624 1560 2696 ἄφθαρτος
1588 2625 1761 2694 Λόγος
1796 2626 1858 2679 τὸ

289 2711 521 2783 φθαρτὸν
549 2712 814 2780 ἀνέστησε
854 2713 1011 2786 σῶμα
1046 2718 1125 2780 εἰς
1155 2715 1460 2787 ἀφθαρσίαν
1654 2729 1661 2735 ’

1966 1624 2326 1695 corruptibile
2344 1640 2546 1696 corpus
2567 1631 2892 1700 assumpsit,
2912 1634 3165 1690 decorem
3195 1637 3393 1704 induit,
3418 1656 3543 1697 sus-

1961 1713 2144 1769 citans
2178 1714 2311 1769 illud
2360 1731 2471 1769 non
2515 1721 2908 1789 corruptibile,
2954 1723 3048 1777 sed
3101 1725 3533 1797 incorruptibile.

1965 1803 2217 1860 Dominus
2262 1808 2519 1877 regnavit,
2562 1807 2798 1864 decorem
2828 1812 3017 1868 induit.
3052 1813 3366 1886 Assumpsit
3393 1822 3539 1876 enim

1959 1905 2252 1961 resurgens
2281 1893 2481 1947 iterum
2505 1898 2787 1966 proprium
2812 1914 3034 1971 corpus,
3067 1914 3230 1972 prout
3261 1906 3381 1976 ipse
3408 1925 3541 1977 prae-

1961 1977 2173 2034 dixerat
2216 2000 2228 2035 :
2272 1980 2471 2037 Solvite
2526 1987 2773 2055 templum
2803 1991 2931 2055 hoc,
2962 2004 3009 2044 et
3052 1994 3106 2047 in
3154 1996 3319 2049 tribus
3355 1998 3539 2055 diebus

1959 2071 2198 2125 excitabo
2235 2073 2369 2125 illud
2397 2075 2462 2129 ".
2496 2076 2653 2141 Quod
2698 2082 2964 2135 excitarat
2995 2099 3126 2152 ergo
3150 2127 3165 2150 ,
3201 2087 3378 2141 induit
3418 2106 3539 2144 cor-

1960 2178 2087 2234 pus.
2122 2162 2346 2219 Dicebat
2377 2166 2523 2220 enim
2553 2187 2565 2220 :
2593 2166 2716 2220 Non
2747 2169 3069 2242 derelinques
3102 2178 3334 2230 animam
3367 2196 3536 2235 meum

1960 2252 2016 2305 in
2050 2251 2276 2320 inferno,
2310 2270 2401 2307 nec
2423 2255 2576 2310 dabis
2598 2271 2840 2311 sanctum
2870 2269 3013 2312 tuum
3038 2262 3206 2318 videre
3234 2271 3537 2337 corruptio-

1960 2358 2076 2397 nem
2102 2344 2147 2376 “
2173 2364 2186 2399 :
2214 2346 2427 2414 insuper
2456 2359 2631 2403 autem
2665 2360 2714 2404 et
2740 2368 2864 2405 caro
2894 2369 3007 2407 mea
3036 2357 3315 2426 requiescet
3339 2361 3392 2415 in
3423 2378 3532 2431 spe.

1957 2432 2273 2506 Resurgens
2317 2454 2425 2492 non
2459 2444 2660 2495 mansit
2690 2443 2745 2496 in
2795 2453 3192 2503 monumento:
3250 2453 3343 2506 sed
3381 2461 3436 2508 et
3481 2456 3535 2508 in

1956 2537 2311 2582 monumento
2352 2546 2579 2587 manens
2610 2548 2716 2587 non
2767 2535 2900 2591 vidit
2935 2541 3372 2610 corruptionem;
3410 2560 3537 2600 cor-

1954 2619 2135 2687 ruptio
2163 2619 2240 2672 illi
2274 2636 2379 2675 non
2402 2630 2488 2677 est
2514 2623 2817 2679 dominata.
2851 2627 3090 2685 Verbum
3119 2631 3539 2707 incorruptibile

1952 2712 2316 2782 corruptibile
2359 2729 2564 2785 corpus
2604 2720 2894 2775 suscitavit
2928 2724 2996 2777 ad
3041 2723 3535 2798 incorruptibilita-

1950 2809 2081 2857 tem.

1333 3047 1414 3101 Ex
1444 3045 1645 3104 Catena
1677 3049 1731 3103 in
1764 3048 2025 3110 Genesiu.
2048 3050 2163 3105 cod.
2199 3067 2304 3120 reg.
2333 3052 2457 3107 810.

1366 3164 1519 3235 Αριιά
1544 3160 1911 3236 Sirmonaum,
1939 3176 2092 3231 l0ld.,
2122 3184 2246 3239 pag.
2274 3168 2404 3225 292.

346 3300 467 3374 (19)
495 3302 617 3355 Ὅτι
637 3300 699 3355 οὗ
721 3301 788 3355 δι’
804 3300 1191 3374 ἁμαρτιας,ὠς
1220 3303 1482 3395 Ὠριγένει
1499 3304 1667 3372 ἔδοξε,
1686 3322 1854 3359 κατα·
1884 3314 1895 3369 1

2023 3305 2181 3372 Quod
2234 3323 2345 3363 non
2390 3311 2461 3365 ob
2504 3321 2814 3381 peccatum,
2850 3324 2908 3371 ut
2956 3318 3176 3390 Origeni
3211 3323 3389 3382 visum
3426 3337 3533 3395 est,

274 3386 607 3458 ϐεϐλημέναι
646 3389 702 3441 αἱ
743 3387 917 3461 ψυχαὶ
955 3388 1171 3460 σώμασι
1215 3392 1644 3464 συνεπλάκησαν,
1688 3396 1853 3466 ἐχρη-

277 3478 493 3551 σάμεθα
525 3479 603 3549 τῷ
628 3479 868 3544 Μωσέως
906 3482 1132 3553 ῥήματι,
1162 3482 1411 3553 λέγοντος
1438 3486 1550 3547 τοῖς
1582 3487 1717 3549 υἱοῖς
1756 3487 1853 3539 ἰσ-

276 3572 450 3645 ραὴλ,
498 3572 713 3639 Κύριος
758 3574 792 3627 d
835 3573 980 3640 Θεὸς
1012 3573 1129 3629 τῶν
1159 3574 1427 3644 πατέρων
1459 3576 1626 3645 ὑμῶν
1654 3590 1844 3644 προσ-

274 3664 404 3732 θείη
457 3663 600 3733 ὑμῖν
638 3665 902 3734 σήμερον
935 3666 1021 3731 ὡς
1050 3665 1191 3721 ἐστὲ
1230 3667 1664 3738 χιλιοπλασίως
1685 3707 1701 3731 ,
1746 3669 1845 3723 καὶ

1961 3396 2185 3467 deiecta:
2226 3401 2421 3456 animae
2454 3405 2780 3475 corporibus
2816 3408 3091 3479 implicita;
3137 3415 3281 3478 sint.
3321 3434 3387 3474 ex
3429 3420 3534 3477 Μο-

1959 3489 2039 3544 sis
2075 3489 2258 3546 verbis
2292 3491 2609 3561 didicimus,
2652 3494 2780 3552 ﬁliis
2827 3497 2994 3554 Israel
3028 3502 3263 3560 dicentis
3295 3525 3309 3562 :
3348 3508 3535 3581 Domig

1956 3599 2056 3637 nus
2081 3581 2224 3637 Deus
2251 3594 2460 3653 patrum
2485 3597 2773 3643 vestrorum
2802 3593 3023 3662 adjiciat
3051 3598 3218 3661 vobis,
3245 3602 3379 3654 sicut
3405 3605 3533 3659 estis

1954 3673 2127 3738 hodie,
2156 3676 2324 3730 millia
2348 3679 2534 3744 multa,
2557 3691 2605 3734 et
2632 3680 2901 3738 bene-dicat
2927 3688 3088 3752 nobis,
3121 3691 3258 3744 sicut
3284 3692 3425 3746 vobis
3457 3697 3536 3750 lo-

272 3754 605 3824 εὐλογήσαι
649 3755 803 3826 ὑμᾶς
837 3761 1044 3813 καθότι
1089 3759 1395 3830 ἐλάλησεν
1430 3761 1591 3831 ὑμῖν.
1629 3762 1703 3815 Οὐ
1740 3762 1849 3833 γὰρ

1957 3775 2102 3820 cutus
2130 3776 2207 3821 est
2241 3768 2305 3821 ¹⁵.
2340 3767 2526 3840 Neque
2554 3772 2698 3826 enim
2733 3774 3059 3843 benedictio,
3080 3783 3381 3839 secundum
3410 3784 3531 3840 Ori-

272 3845 495 3915 εὐλογία
527 3847 668 3900 κατὰ
704 3848 984 3921 Ὦριγένην
1012 3852 1159 3905 ἐστὶν
1185 3854 1218 3924 ἡ
1250 3852 1359 3907 τῶν
1395 3854 1663 3925 σωμάτων
1692 3855 1849 3924 ποίη-

274 3955 380 4006 σις,
414 3940 551 3996 ἀλλὰ
574 3943 790 4016 κατάρα
831 3945 1212 4017 πλανωμέναις
1240 3947 1461 4019 ψυχαῖς.

1950 3872 2166 3927 genem,
2200 3867 2282 3913 est
2307 3874 2599 3929 corporum
2628 3862 2939 3935 productio,
2972 3869 3067 3923 sed
3094 3872 3408 3929 maledictio
3434 3890 3531 3930 er-

1953 3949 2206 4003 rantibus
2239 3949 2550 4007 animabus.

1508 4175 1590 4229 Ex
1616 4177 1795 4232 eodem
1820 4179 1938 4232 cod.
1963 4193 2073 4248 reg.
2104 4176 2229 4235 810.

1672 4290 1805 4345 ibid.
1837 4307 1965 4363 pag.
1991 4290 2121 4346 295.

340 4401 526 4467 Μέσος
550 4399 644 4459 οὖν
673 4407 703 4460 ό
734 4405 1019 4478 ἄνθρωπος
1039 4406 1147 4460 τῶν
1174 4405 1269 4460 δύο
1290 4407 1505 4475 ἐγένετο
1526 4423 1540 4438 ’
1567 4406 1690 4460 οὔτε
1721 4407 1849 4479 θνη-

267 4492 360 4558 τὸς
415 4493 727 4569 ὁλοσχερὴς,
766 4496 889 4551 οὔτε
921 4497 1186 4562 ἀθάνατος
1216 4496 1443 4553 καθόλου
1463 4540 1478 4565 ,
1507 4498 1756 4563 δεκτικὸς
1787 4498 1845 4552 δὲ

267 4583 564 4659 ἑκατέρου.

1857 4731 1943 4789 ιν.

2030 4407 2241 4466 Medius
2274 4409 2444 4481 igitur
2466 4411 2611 4468 inter
2635 4413 2774 4470 duos
2803 4414 2965 4471 homo
2993 4414 3168 4472 factus
3194 4417 3371 4475 fuerat
3396 4438 3411 4476 :
3440 4437 3530 4479 ne-

1952 4515 2059 4571 que
2088 4502 2337 4558 mortalis
2374 4504 2525 4558 omni
2556 4519 2620 4560 ex
2651 4513 2828 4576 parte,
2857 4523 3035 4579 neque
3063 4516 3213 4566 totus
3246 4511 3529 4568 immorta-

1953 4593 2041 4660 lis,
2075 4595 2168 4650 sed
2203 4610 2375 4666 capax
2414 4597 2723 4668 utriusque.
2830 4650 2851 4667 ,

913 4843 1065 4911 Apud
1087 4841 1146 4898 S.
1178 4841 1442 4900 Joannem
1476 4845 1725 4900 Damasc.
1762 4846 1958 4902 Pnrall.
1991 4864 2134 4904 sacr.
2172 4848 2305 4919 Opp.
2349 4861 2477 4905 tam.
2510 4850 2597 4917 11,
2633 4868 2750 4924 pag.
2777 4854 2902 4911 359.

336 4950 477 5008 Εἶτα
504 4954 756 5025 βασιλεὺς
782 4958 880 5027 μὲν
912 4960 1151 5028 ἐπίγειος
1180 4960 1492 5014 πιστεύεται
1519 4956 1657 5013 εἶναι
1678 5001 1692 5023 ,
1728 4962 1851 5015 καί-

263 5063 373 5119 περ
421 5045 497 5118 μὴ
526 5048 660 5101 πᾶσι
704 5048 1064 5122 βλεπόμενος,
1094 5051 1182 5104 διὰ
1205 5051 1261 5103 δὲ
1295 5052 1477 5122 νόμων
1525 5053 1620 5106 καὶ
1669 5053 1848 5108 διατάο

263 5136 405 5201 ξεων
437 5139 624 5205 αὐτοῦ,
655 5142 750 5194 καὶ
770 5143 1029 5208 ἐξουσιῶν
1061 5144 1154 5196 καὶ
1188 5142 1472 5212 δυνάμεων
1502 5145 1596 5197 καὶ
1626 5147 1850 5199 εἰκόνων

260 5231 499 5283 νοεῖται·
532 5230 623 5297 τὸν
657 5232 713 5285 δὲ
739 5233 870 5287 Θεὸν
895 5234 957 5287 οὐ
988 5234 1165 5306 βούλει
1193 5234 1433 5288 νοεῖσθαι
1458 5234 1524 5288 δι’
1551 5235 1728 5307 ἔργων
1757 5238 1849 5291 καὶ

260 5313 551 5387 δυνάμεων
567 5335 584 5382 ;

2026 4962 2101 5017 Ita
2132 4982 2198 5018 ne
2230 4966 2447 5020 tandem
2479 4982 2571 5021 rex
2605 4976 2883 5032 terrenus,
2917 4968 3019 5024 etsi
3056 4967 3280 5025 minime
3310 4970 3526 5026 videtur

1951 5055 2019 5109 ob
2045 5057 2325 5123 omnibus,
2362 5067 2545 5113 tamen
2583 5076 2678 5130 per
2723 5059 2868 5129 leges
2901 5067 2956 5115 et
2987 5059 3163 5115 edicta
3184 5099 3199 5123 ,
3236 5063 3528 5117 auctorita-

1951 5150 2171 5211 temque
2208 5152 2261 5199 et
2294 5147 2592 5216 potentiam
2633 5163 2697 5201 ac
2729 5148 2995 5217 imagines
3042 5149 3312 5205 exsistere
3344 5152 3528 5207 credi-

1951 5242 2076 5296 tur;
2122 5233 2293 5289 Deum
2339 5254 2470 5293 vero
2510 5254 2576 5293 ex
2617 5239 2880 5309 aperibus
2929 5248 2984 5295 et
3026 5241 3265 5310 potentia
3297 5241 3524 5316 intelligi

1952 5340 2060 5379 non
2103 5328 2218 5382 vis?

332 5471 383 5503 “
415 5470 560 5527 Psal.
589 5489 718 5540 xcu,
763 5477 841 5530 l5.
920 5478 963 5510 ¹³
998 5477 1158 5537 Joan.
1191 5497 1250 5546 ιι,
1294 5482 1381 5536 19.
1460 5481 1502 5515 ί*
1535 5482 1681 5541 Psai.
1721 5466 1815 5549 xv:
1844 5483 1895 5539 l(

2009 5486 2051 5517 ¹⁵
2086 5485 2244 5544 Deut.
2283 5505 2323 5553 ι,
2357 5489 2443 5544 ii.

333 5625 450 5696 (19)
487 5628 798 5711 liisalilnia
843 5634 1033 5690 scribit
1080 5642 1273 5692 auctor
1316 5636 1370 5692 in
1420 5636 1591 5709 Epist.
1640 5638 1834 5695 Pasch.
1868 5653 1996 5695 ann.
2026 5639 2151 5707 401,
2181 5640 2206 5711 §
2236 5642 2324 5709 18,
2362 5642 2450 5699 ubi
2478 5649 2530 5699 et
2566 5641 2971 5702 Deuteronomii
2996 5645 3178 5707 locum
3210 5644 3299 5702 hic
3329 5644 3520 5703 lauds-

262 5702 379 5750 tmn
406 5702 630 5754 excitat.
