4042 6208
482 237 544 295 G7
1401 233 1699 292 THEOPH.
1743 233 1957 289 EPISC.
2001 235 2350 291 ALEXAND.
2393 234 2838 292 FRAGMENTA.
3673 241 3740 296 68

2074 368 2143 424 ν.

1793 474 1941 529 Idem
1974 476 2104 530 ibid.
2133 491 2251 548 pag.
2302 477 2422 530 78L

553 584 714 640 Pauci
762 585 1053 641 admodum
1099 593 1230 642 sunt
1275 588 1407 657 qui,
1446 603 1570 644 cum
1619 603 1839 643 omnem
1891 591 2061 644 vitam

2231 589 2440 658 Σφόδρα
2471 587 2668 657 ὀλίγων
2714 586 2969 656 τυγχάνει
3015 586 3124 638 τῶν
3164 588 3341 640 πάντα
3392 587 3484 642 τὸν
3533 589 3739 644 ἑαυτῶν

484 693 639 734 suam
673 677 984 731 divinarum
1026 675 1438 748 Scripturarum
1471 679 1817 748 inquisitioni
1857 681 2060 749 impen-

2162 681 2274 752 βίον
2305 679 2733 734 ἀνατεθεικότων
2758 681 2822 749 τῇ
2847 677 2976 748 περὶ
3003 677 3100 741 τὰς
3127 676 3276 741 Θείας
3306 678 3531 756 Γραφᾴς
3556 679 3744 745 ἑξετά-

485 770 641 836 dant,
681 769 985 825 doctrinam
1021 785 1140 840 qua:
1169 770 1225 823 in
1250 770 1332 824 eis
1369 771 1705 833 continetur,
1744 779 1800 825 et
1832 770 2062 840 profun-

2165 791 2268 834 σει,
2321 772 2381 825 τὸ
2432 771 2689 824 δύνασθαι
2737 767 3096 840 λογικώτερον
3147 771 3578 840 παρακολουθεῖν
3629 775 3745 837 τοῖς

487 861 668 917 diores
710 876 896 916 earum
939 877 1173 928 sensus,
1219 862 1542 918 sublimiore
1575 863 1937 933 intelligentia
1977 877 2067 918 as-

2164 863 2574 935 περιεχομένοις
2604 862 2858 932 δόγμασι,
2899 861 2994 913 καὶ
3040 862 3105 930 τῇ
3144 859 3420 934 βαθυτέρᾳ
3449 862 3558 916 τῶν
3597 863 3745 935 Γρα-

489 955 645 1023 sequi
681 955 917 1008 valeant.

2165 952 2282 1022 φῶν
2311 953 2522 1024 διανοίᾳ
2549 953 2678 1023 (20).

561 1109 672 1182 (20)
702 1108 1061 1183 Aliusesstat
1097 1109 1250 1164 locus
1282 1110 1476 1166 iisdem
1516 1111 1802 1166 Parallelis
1839 1110 2069 1166 Damus-
2175 1111 2386 1183 plenior
2421 1111 2656 1166 habetur
2684 1111 2738 1166 in
2768 1107 3327 1181 Apophthegmatibus,
3363 1114 3423 1162 ut
3455 1123 3579 1164 mox
3604 1109 3748 1165 infra

487 1179 663 1246 cenis;
690 1195 812 1251 pag.
857 1179 980 1246 60l,
1014 1180 1081 1235 de
1111 1189 1286 1237 morte
1325 1189 1702 1253 pertractans;
1751 1184 1843 1252 qui
1879 1191 2079 1236 tmnen-
2169 1179 2537 1237 inoneliimus.

978 1541 1674 1632 *THEOPHILI
1774 1535 2319 1627 EPISCOPI
2408 1536 3246 1626 ALEXANDRINI

1777 1727 2466 1789 APOPHTHEGMATA.

1036 1896 1160 1952 Vide
1196 1894 1251 1950 in
1277 1891 1573 1964 Appendice
1605 1889 1673 1946 ad
1706 1889 2020 1946 Palladium
2048 1886 2564 1956 Helenopolitanum,
2601 1888 2745 1959 infra
2773 1889 2843 1944 ad
2871 1904 3067 1944 annum
3093 1885 3219 1948 420.
