4054 6206
421 319 488 379 7⁸1
1559 329 1880 386 ΑΡΟῘἮΤΙῘ
1891 331 1990 387 EG!

2092 333 2170 389 rs
2212 334 2526 397 PATRUM.
3613 361 3682 423 τε

489 446 552 499 8.
583 439 752 499 Εἶπεν
782 445 810 497 6
837 444 1012 509 ἁῦϐἄς
1051 444 1335 511 ’Δντώνιος
1361 449 1435 519 τῷ
1465 451 1610 524 ἀϐὁᾷ
1648 455 1895 524 Ποιμένι,
1925 457 1982 509 ὅτ

2181 459 2233 514 4.
2267 461 2377 530 (19)
2400 463 2544 518 Dixit
2572 465 2741 523 abbas
2765 469 3031 530 Antonius
3054 477 3233 533 abbati
3257 479 3498 540 Pmmeni
3524 505 3540 544 :
3569 484 3682 542 Hoc

421 537 569 607 Αὕτη
589 537 736 591 ἐστὶν
768 539 800 609 ἠ
838 539 1052 610 μεγάλη
1099 543 1333 613 ἐργασία
1358 543 1450 597 τοῦ
1489 544 1798 615 ἀνθρώπου,
1836 548 1922 600 ἵνα
1948 549 1990 601 τί

2111 560 2473 624 estmagnum
2527 557 2766 615 hominis
2794 576 2955 632 opus,
3005 577 3060 620 nt
3086 569 3299 640 culpam
3329 590 3484 630 suam
3515 593 3678 650 super

423 629 645 699 σφάλμα
703 630 901 682 ἑαυτοῦ
954 631 1140 684 ἐπάνω
1194 633 1388 686 ἑαυτοῦ
1439 634 1576 707 βάλῃ
1633 637 1862 691 ἐνώπιον
1912 640 1990 692 τοῐ

2111 655 2170 695 se
2196 653 2361 712 ponat
2379 660 2565 701 coram
2592 649 2720 713 Deo,
2748 657 2803 704 et
2829 629 3194 711 tentationeni
3211 671 3489 732 exspectet

418 721 556 775 Θεοῦ
592 761 608 785 ,
667 724 763 776 καὶ
822 724 1173 800 προσδοκήσῃ
1245 729 1550 799 πειρασμὸν
1606 730 1710 795 Et»;
1771 733 1990 804 ἐσχάτης

2109 733 2176 785 ad
2214 743 2520 792 extremum
2550 738 2674 794 vitae
2705 739 2952 797 halitum.

419 813 722 883 ἀναπνοῆς.
1219 873 1221 876 γ
3397 885 3402 889 .

487 910 548 956 ε’.
592 906 648 956 '0
683 904 846 968 αὐτὸς
900 899 1053 958 εἶπεν
1081 925 1093 937 ·
1124 907 1315 972 Οὐδεὶς
1365 910 1692 982 ἀπείραστος
1719 912 1990 982 δυνήσεται

2176 911 2230 965 5.
2261 910 2374 982 ('20)
2406 911 2548 969 ldcm
2583 917 2701 973 infit
2735 935 2746 970 :
2774 919 2946 978 Nemo
2985 928 3309 986 tentationis
3336 945 3534 1002 expers
3587 953 3675 991 in-

416 993 680 1047 εἱσελθεῖν
733 995 816 1058 εἰς
862 994 962 1064 τὴν
997 995 1275 1064 βασιλείαν
1311 1000 1419 1052 τῶν
1450 1001 1713 1070 οὐρανῶν.
1758 1004 1990 1076 Ἔπαροι

2105 1010 2253 1059 trare
2283 1007 2480 1076 poterit
2521 1009 2575 1064 in
2623 1026 2852 1080 regnum
2901 1018 3190 1076 cmlorum.
3217 1020 3371 1079 Tolle
3395 1026 3560 1096 enim,
3593 1029 3677 1085 in-

417 1086 552 1155 γὰρ,
616 1084 769 1156 φησι,
808 1085 934 1148 τοὺς
993 1092 1352 1160 πειρασμοὺς,
1411 1093 1504 1146 καὶ
1555 1093 1728 1158 οὐδεὶς
1767 1095 1796 1147 6
1837 1097 1990 1161 σωζό-

2105 1095 2242 1164 quit,
2271 1101 2626 1167 tentationes,
2657 1110 2712 1158 et
2744 1120 2904 1161 nemo
2934 1108 3118 1165 salvus
3147 1111 3276 1168 erit.

420 1193 596 1246 μενος.

490 1269 564 1334 ς’.
608 1269 921 1341 Ἠρώτησεν
942 1274 971 1326 6
1020 1272 1196 1338 ἀὸὀᾶς
1227 1274 1439 1347 Παμὸὼ
1470 1277 1561 1332 τὸν
1601 1279 1774 1335 ὰϐϐᾶν
1805 1282 1990 1335 ’Δντώε

2170 1270 2226 1325 6.
2259 1272 2370 1344 (21)
2403 1273 2758 1347 Interrogavit
2785 1281 2954 1339 abbas
2983 1283 3188 1342 Pamho
3220 1289 3470 1349 abbatem
3505 1295 3676 1352 Anto-

416 1375 557 1412 νιον·
588 1359 653 1412 Τί
699 1361 949 1428 ποιήσιος
979 1362 1144 1428 Λέγει
1192 1362 1340 1433 αὺτῷ
1371 1366 1399 1418 6
1422 1365 1600 1436 γέρων
1625 1383 1637 1396 '
1661 1369 1752 1438 Μὴ
1781 1369 1872 1422 ἔσο
1899 1385 1990 1422 πε-

2101 1360 2250 1416 nium
2269 1383 2287 1455 ι
2323 1364 2461 1431 Quid
2480 1382 2637 1438 agam
2657 1371 2678 1423 ?
2695 1371 2786 1425 Ait
2813 1373 2888 1429 illi
2915 1391 3114 1432 senex:
3138 1379 3260 1436 Noli
3281 1383 3334 1437 in
3354 1393 3444 1438 tua
3458 1385 3671 1455 justitia

418 1451 619 1517 ποιθὼς
671 1456 735 1526 τῇ
781 1454 1098 1527 δικαιοσύνῃ
1163 1472 1297 1521 σου,
1355 1456 1492 1526 μηδὲ
1543 1459 1848 1529 μεταμελοῦ
1903 1461 1990 1514 ἐπὶ

2097 1454 2392 1523 conﬁdere,
2421 1473 2598 1531 neque
2623 1461 2691 1516 de
2719 1477 2778 1517 re
2816 1467 3088 1534 praeterita
3126 1473 3418 1541 pumileas,
3459 1451 3520 1532 et
3541 1493 3674 1534 con-

418 1546 699 1616 πράγματι
728 1544 1072 1615 παρελθόντι,
1118 1547 1211 1600 καὶ
1243 1548 1518 1618 ἐγκρατὴς
1560 1549 1718 1617 γενοῦ
1743 1548 1990 1621 γλώσσης

2096 1545 2208 1602 line
2237 1546 2474 1620 linguam
2501 1563 2876 1627 ventremque.

418 1637 511 1691 καὶ
535 1637 765 1701 κοιλίας.

483 1725 549 1794 ζ’.
583 1724 750 1782 Εἶπεν
795 1729 830 1784 6
872 1727 1046 1792 666i;
1089 1728 1371 1794 Ἀντώνιος
1398 1747 1413 1761 ·
1471 1725 1623 1786 Εἶδον
1681 1731 1860 1796 πασας
1894 1733 1990 1797 τὰς

2097 1723 2122 1746 "
2167 1723 2220 1776 7.
2254 1724 2365 1796 (29.)
2393 1725 2608 1784 Dictum
2631 1739 2716 1787 est
2744 1732 2814 1787 ab
2848 1734 3044 1792 abbate
3073 1739 3354 1796 Antonio:
3390 1738 3516 1798 Vidi
3549 1759 3668 1800 om-

413 1819 649 1886 παγίδας
707 1819 805 1872 τοῦ
845 1819 1033 1890 ἐχθροῦ
1076 1820 1402 1892 ἡπλωμένας
1461 1821 1554 1874 ἐπὶ
1589 1823 1687 1892 τῆς
1716 1823 1820 1893 γῆς
1843 1839 1858 1855 ο
1897 1825 1990 1878 καὶ

2094 1830 2191 1871 nes
2223 1817 2446 1887 laqueos
2474 1820 2684 1877 inimici
2732 1833 2990 1884 extensos
3036 1843 3198 1900 super
3229 1839 3469 1900 terram;
3497 1844 3553 1893 et
3581 1837 3669 1894 in-

417 1908 684 1973 στεναξας
727 1905 909 1964 εἷπον·
946 1911 1037 1974 Τίς
1071 1912 1180 1984 ἄρα
1226 1911 1560 1983 παρέρχεται
1611 1913 1850 1978 ταύτας;
1888 1913 1990 1968 Καὶ

2096 1908 2402 1996 ξεηιίεοεηε
2425 1911 2535 1966 dixi
2563 1930 2575 1966 :
2605 1912 2740 1981 Quis
2767 1917 2953 1988 utique
2973 1919 3136 1976 hosce
3160 1925 3672 1996 praetergredietur?

415 1999 633 2070 ἥκουσα
681 2001 861 2069 φωνῆς
904 2001 1165 2072 λεγούσης
1217 2021 1340 2075 μοι·
1384 2005 1448 2058 Ἦ
1499 2006 1989 2076 ταπεινοφροσύνη.

2095 1995 2232 2050 Tum
2262 2000 2446 2056 audivi
2481 2017 2667 2061 vocem
2697 2008 2931 2064 aientem
2966 2011 3097 2065 mihi
3132 2031 3148 2066 :
3179 1995 3488 2073 Humilitas.

491 2097 562 2160 η’.
592 2087 721 2144 Εἷπε
753 2092 934 2156 πάλιν,
976 2095 1059 2146 ὅτι
1095 2095 1215 2148 Εἰσί
1260 2112 1406 2158 τινες
1445 2095 1879 2166 κατατρίψαντες
1923 2096 1990 2149 τὰ

2165 2087 2218 2141 8.
2251 2090 2366 2159 (23)
2407 2090 2604 2147 lterum
2639 2097 2796 2164 dixit,
2835 2091 2959 2155 esse
2983 2102 3251 2170 quosdam
3280 2107 3374 2174 qui
3413 2123 3514 2164 sua
3543 2124 3670 2164 eor-

417 2181 628 2235 ἐαυτῶν
661 2181 882 2254 σώματα
922 2186 980 2238 ὲν
1015 2186 1264 2257 ἀσκήσει,
1305 2187 1400 2240 καὶ
1427 2187 1515 2241 διὰ
1560 2186 1622 2240 τὸ
1657 2186 1732 2258 μὴ
1764 2185 1993 2258 ἐσχηκέ-

409 2289 501 2324 ναι
541 2273 735 2336 αύτοὺς
773 2275 1066 2346 διάκρισιν,
1111 2282 1328 2350 μακρὰν
1374 2277 1467 2330 τοῦ
1502 2277 1636 2330 Θεοῦ
1681 2277 1989 2346 γεγόνασιν.

483 2363 548 2419 θ’.
577 2363 742 2418 Εἶπεν
778 2368 960 2430 πάλιν,
991 2371 1074 2423 ὅτι
1110 2372 1206 2426 Ἐκ
1237 2370 1332 2426 τοῦ
1381 2370 1604 2442 πλησίον
1631 2372 1777 2423 ἐστὶν
1811 2373 1844 2440 ἡ
1881 2371 1994 2443 ζωὴ

406 2457 505 2510 καὶ
556 2460 584 2510 ό
631 2458 882 2524 θάνατος.
931 2463 1058 2516 Ἐὰν
1101 2464 1208 2535 γὰρ
1236 2465 1590 2536 κερδήσωμεν
1615 2461 1706 2514 τὸν
1741 2461 1990 2531 ἀδελφὸν,

407 2550 500 2602 τὸν
550 2550 682 2603 Θεὸν
734 2553 1090 2624 κερδαίνομεν
1118 2571 1131 2585 °
1177 2555 1273 2608 ἐὰν
1322 2555 1378 2609 δὲ
1424 2553 1866 2624 σκανδαλίσωμεν
1901 2555 1992 2606 τὸν

409 2640 664 2711 ἀδελφὸν,
696 2645 775 2707 εἰς
798 2645 1033 2716 Χριστὸν
1063 2646 1466 2717 ἁμαρτάνομεν.

483 2733 534 2787 ι’.
582 2732 715 2788 Εἷπε
749 2737 941 2790 πάλιν·
977 2737 1188 2809 Ὥσπερ
1217 2740 1264 2791 oi
1309 2737 1489 2808 ἰχθύες
1519 2739 1562 2808 (1
1578 2739 1630 2807 7)
1660 2736 1992 2809 ἐγχρονίξον-

410 2844 498 2889 τες
525 2831 590 2898 τῇ
623 2829 765 2900 ξηρᾷ
794 2828 1138 2893 τελευτῶσιν,
1175 2830 1349 2893 οὕτως
1387 2831 1482 2884 καὶ
1517 2832 1566 2884 οἱ
1593 2832 1835 2901 μοναχοὶ,
1865 2831 1992 2902 βρα-

410 2919 654 2983 δύνοντες
685 2921 791 2984 ἔξω
833 2921 929 2974 τοῦ
983 2920 1214 2985 κελλίου,
1241 2922 1274 2992 ἢ
1305 2923 1442 2993 μετὰ
1479 2923 1758 2993 κοσμικῶν
1783 2923 1991 2994 διατρί-

411 3010 616 3074 ϐοντες,
647 3012 782 3084 πρὸς
813 3013 905 3067 τὸν
953 3013 1051 3084 τῆς
1105 3012 1336 3085 ἡσυχίας
1383 3014 1536 3068 τόνον
1565 3014 1865 3068 ἐκλύονται.
1902 3016 1993 3066 Δεῖ

408 3100 522 3164 οὖν,
567 3105 756 3175 ὥσπερ
787 3105 876 3158 τὸν
909 3107 1058 3178 ἰχθὺν
1106 3109 1185 3171 εἰς
1223 3109 1320 3181 τὴν
1371 3109 1666 3171 θάλασσαν,
1698 3107 1868 3171 οὕτως
1897 3109 1988 3161 καὶ
2014 3140 2058 3198 c

403 3197 558 3264 ἡμᾶς
586 3198 664 3260 εἰς
692 3197 751 3249 τὸ
773 3196 981 3250 κελλίον
1015 3198 1352 3266 ἐπείγεσθαι,
1398 3201 1607 3271 μήποτε
1638 3197 1988 3268 βραδύνοντες

408 3287 512 3351 ἔξω
541 3287 928 3358 ἐπιλαθώμεθα
959 3290 1056 3360 τῆς
1084 3289 1230 3343 ἔνδον
1255 3291 1522 3362 φυλακῆς.

481 3381 570 3429 ια’.
596 3371 730 3428 Εἷπε
769 3376 950 3441 πάλιν,
975 3377 1056 3430 ὅτι
1086 3377 1144 3429 '0
1174 3375 1479 3448 καθήμενος
1500 3381 1557 3432 ὲν
1587 3381 1651 3451 τῇ
1672 3379 1865 3450 ἐρήμῳ
1895 3379 1990 3434 καὶ

410 3465 901 3537 ήσυχάζωνηριῶν
923 3465 1324 3520 ἀπαλλάττεται
1347 3467 1620 3539 πολέμων,
1655 3470 1757 3540 τῆς
1788 3468 1978 3539 ἀκοῆς,

409 3557 502 3608 καὶ
534 3556 634 3624 τῆς
661 3557 870 3622 λαλιᾶς,
893 3560 986 3612 καὶ
1003 3558 1094 3612 τοῦ
1121 3557 1367 3629 βλέπειν·
1391 3559 1529 3631 πρὸς
1547 3560 1643 3613 ἕνα
1671 3560 1830 3632 μόνον
1857 3559 1988 3630 ἔχει,

407 3646 496 3698 τὸν
524 3646 622 3717 τῆς
649 3649 902 3720 πορνείας
930 3649 1065 3720 (18).

486 3743 573 3796 ιϐ’.
616 3740 857 3813 ’Δδελφοί
901 3759 1046 3806 τινες
1073 3742 1379 3814 παρέϐαλον
1409 3741 1487 3813 τῷ
1515 3741 1657 3815 ἁὸὁᾷ
1699 3743 1986 3814 Ἀντωνίῳ,

409 3833 729 3903 ἀναγγεῖλαι
766 3832 916 3903 αὐτῷ
952 3833 1252 3903 φαντασίας
1300 3832 1366 3897 ἃς
1395 3832 1639 3895 ἔϐλεπον,
1676 3834 1768 3887 καὶ
1799 3833 1988 3904 μαθεῖν

409 3923 536 3994 παρ’
567 3921 732 3976 αὐτοῦ
765 3922 814 3974 εἰ
845 3920 1095 3988 ἁληθιναί
1125 3923 1283 3981 εἰσιν,
1309 3921 1341 3992 ἢ
1378 3921 1485 3974 ἀπὸ
1514 3919 1803 3992 δαιμόνων.
1829 3919 1989 3994 Εἶχον

408 4015 463 4067 δὲ
486 4015 629 4078 όνον,
662 4013 757 4067 καὶ
784 4011 1053 4066 ἀπέθανεν
1083 4013 1139 4065 ὲν
1165 4015 1228 4083 τῇ
1422 4011 1510 4076 Ὠς
1530 4009 1623 4067 οὖν
1655 4009 1816 4084 ἦλθον
1850 4015 1988 4084 πρὸς

408 4106 500 4159 τὸν
534 4105 788 4173 γέροντα,
820 4103 1108 4175 προλαϐὼν
1135 4099 1286 4157 εἶπεν
1317 4104 1531 4168 αὐτοῖς·
1564 4103 1688 4168 Πῶς
1719 4103 1988 4158 ἀπέθανεν

406 4196 434 4248 6
490 4193 687 4265 μικρὸς
742 4191 861 4256 ὄνος
909 4193 966 4246 ὲν
998 4196 1065 4264 τῇ
1096 4192 1228 4263 όδῷ;
1277 4193 1540 4262 Λέγουσιν
1574 4193 1761 4264 αὐτῷ’
1815 4193 1988 4246 Πόθεν

407 4281 572 4350 οἶδας,
595 4284 777 4348 ἀ66ᾱ;
812 4284 870 4340 '0
892 4284 947 4338 δὲ
977 4279 1130 4338 εἶπεν
1162 4286 1345 4349 αὐτοῖς
1365 4302 1380 4316 ο
1411 4288 1473 4339 Οἱ
1503 4286 1758 4356 δαίμονες
1781 4285 1988 4354 ἔδειξαν

408 4378 638 4447 μοι.Κα⁴ι
654 4375 902 4444 λέγουσιν
929 4375 1094 4447 αὐτῷ’
1115 4375 1304 4446 Ἡμεῖς
1318 4376 1406 4429 διὰ
1421 4377 1578 4428 τοῦτο
1595 4375 1828 4447 ⁸ἤλθομεν
1850 4379 1986 4448 ὲρωο

2093 2194 2225 2247 pora
2249 2179 2304 2234 in
2335 2183 2657 2238 austeritate
2676 2189 3078 2257 contriverunt,
3094 2199 3149 2247 et
3169 2193 3314 2262 quod
3337 2195 3669 2254 discretione

2095 2277 2366 2334 carerent,
2393 2270 2604 2342 longea
2643 2273 2750 2330 Deo
2772 2275 2902 2332 facti
2944 2288 3090 2338 sunt.

2165 2358 2217 2413 9.
2245 2358 2359 2430 (24)
2414 2360 2625 2419 Rursus
2677 2367 2756 2420 ait
2795 2384 2810 2419 :
2842 2367 2889 2422 Α
2928 2371 3173 2439 proximo
3224 2373 3422 2443 pendet
3462 2376 3574 2431 vita
3613 2387 3670 2434 et

2095 2467 2266 2508 mors.
2296 2451 2434 2508 Nam
2489 2455 2536 2510 si
2571 2457 2767 2511 lncrati
2807 2458 3074 2517 fuerimus
3104 2462 3354 2530 fratrem,
3378 2465 3548 2523 Deum
3579 2470 3669 2524 lu-

2095 2559 2313 2600 cramur
2342 2563 2356 2612 ;
2386 2546 2472 2602 sin
2504 2563 2632 2602 vero
2670 2547 2891 2606 fratrem
2923 2552 3502 2631 scandalizaverimus,
3545 2575 3668 2630 pec-

2094 2649 2285 2690 camus
2317 2637 2369 2690 in
2403 2637 2702 2693 Christum.

2168 2725 2254 2780 10.
2301 2726 2413 2797 (25)
2441 2727 2584 2783 Dixit
2607 2730 2785 2787 adhuc
2825 2750 2838 2787 :
2876 2732 3029 2788 Sicut
3055 2735 3234 2806 pisces
3265 2737 3310 2794 si
3336 2754 3501 2811 supra
3552 2747 3666 2796 ter-

2094 2831 2212 2870 rain
2242 2818 2438 2871 morati
2472 2817 2694 2888 fuerint,
2732 2824 3076 2892 moriuntur;
3106 2829 3183 2882 ita
3213 2845 3436 2900 quoque
3472 2847 3665 2888 mona—

2094 2911 2205 2974 chi,
2229 2912 2273 2967 si
2291 2920 2443 2966 extra
2463 2915 2652 2968 cellam
2678 2915 3031 2981 tardaverint,
3053 2928 3146 2974 aut
3161 2936 3285 2976 cum
3309 2925 3666 2980 saecularibus

2095 3005 2515 3072 permanserint,
2541 3019 2570 3057 a
2600 3005 2799 3075 quietae
2829 3009 2952 3063 vitae
2973 3018 3162 3066 tenore
3187 3010 3468 3067 decidunt.
3499 3013 3666 3084 Opor-

2093 3104 2171 3153 tet
2199 3097 2385 3169 igitur,
2413 3099 2554 3153 sicut
2585 3100 2790 3169 piscem
2836 3103 2890 3155 in
2945 3117 3116 3167 mare,
3139 3104 3221 3158 sic
3249 3113 3305 3160 et
3333 3121 3433 3161 nos
3455 3106 3523 3162 ad
3553 3109 3666 3164 cel-

2096 3189 2199 3243 lam
2233 3205 2559 3260 properare;
2581 3207 2649 3247 ne
2681 3191 2817 3246 forte
2837 3191 2968 3248 foris
2992 3201 3340 3262 cunctantes,
3367 3197 3665 3254 oblivisca-

2093 3297 2216 3334 mur
2242 3282 2520 3337 interioris
2551 3283 2833 3339 custodiae.

2161 3371 2387 3441 ll.(26)
2439 3371 2763 3442 llnjusmodi
2818 3373 2984 3430 etiam
3037 3375 3214 3431 oratio
3257 3391 3377 3446 ejus
3408 3379 3660 3436 exstitit:

2091 3459 2192 3527 Qui
2227 3461 2378 3517 sedet
2427 3463 2482 3516 in
2513 3465 2826 3531 solitudine,
2861 3473 2914 3520 et
2940 3466 3193 3536 quiescit,
3222 3480 3253 3520 a
3289 3468 3464 3524 tribus
3507 3469 3664 3524 bellis

2089 3555 2319 3625 eripitur
2343 3575 2356 3610 :
2390 3556 2629 3616 auditus.
2659 3557 2970 3622 locutionis,
2994 3566 3048 3611 et
3077 3559 3266 3626 visus;
3296 3574 3463 3613 unum
3488 3559 3664 3615 solum

2091 3661 2334 3716 pugnare
2358 3645 2544 3710 habet,
2577 3661 2773 3716 nempe
2803 3645 3205 3703 fornicationis.
3504 3722 3510 3724 _

2163 3734 2250 3788 l2.
2277 3734 2386 3804 (27)
2417 3733 2637 3791 Fratres
2669 3737 2889 3806 quidam
2935 3747 3289 3794 accesserunt
3313 3739 3381 3794 ad
3412 3739 3664 3798 abbatem

2090 3825 2410 3890 Antonium,
2433 3827 2738 3882 nuntiaturi
2782 3843 2922 3900 quas
2965 3830 3265 3884 cernebant
3301 3830 3564 3897 visiones,
3608 3840 3664 3888 et

2089 3918 2339 3974 discituri
2366 3919 2434 3974 ab
2459 3919 2552 3973 illo
2576 3935 2706 3974 num
2737 3935 2879 3975 vera:
2904 3927 3109 3984 essent,
3134 3934 3205 3976 an
3239 3934 3271 3974 a
3297 3920 3660 3978 daemonibus.

2093 4009 2376 4067 llabebant
2403 4022 2586 4066 autem
2639 4011 2878 4076 asinum,
2911 4014 3004 4080 qui
3044 4013 3100 4068 in
3151 4011 3238 4068 via
3277 4019 3528 4070 mortuus
3555 4023 3662 4070 est.

2091 4099 2163 4155 Ut
2197 4116 2327 4171 ergo
2383 4109 2750 4171 pervenerunt
2781 4101 2849 4155 ad
2899 4116 3118 4167 senem,
3159 4103 3500 4173 praeveniens
3525 4104 3665 4160 dixit

2096 4193 2204 4248 illis
2234 4209 2246 4244 :
2276 4191 2393 4258 Quo
2422 4191 2583 4247 modo
2612 4193 2666 4246 in
2692 4193 2775 4246 via
2808 4200 3058 4250 mortuus
3095 4204 3183 4254 est
3212 4195 3459 4252 asellus?
3497 4197 3665 4252 Aiunt

2091 4285 2139 4340 ei
2169 4304 2182 4339 :
2215 4283 2369 4340 Unde
2417 4284 2548 4348 scis,
2577 4281 2773 4338 Pater?
2800 4284 2896 4338 llle
2933 4299 3064 4339 vero
3090 4285 3380 4356 dixitipsis
3407 4305 3424 4341 :
3457 4285 3665 4342 Daemo.

2092 4390 2190 4430 nes
2246 4373 2381 4428 mihi
2434 4372 2818 4429 ostenderunt.
2870 4372 3008 4428 Tum
3044 4374 3238 4430 dicunt
3286 4375 3336 4430 ei
3367 4375 3516 4433 :Nos
3538 4393 3665 4448 pro-

406 4467 568 4536 τῆσαί
590 4483 670 4530 σε,
689 4467 770 4519 ὅτι
791 4465 1061 4535 βλέπομεν
1087 4467 1408 4534 φαντασίας,
1430 4466 1523 4520 καὶ
1545 4466 1803 4530 πολλάκις
1814 4467 1986 4535 γίνονο

2094 4476 2277 4537 pterea
2317 4465 2571 4521 venimus
2594 4464 2934 4536 interrogare
2966 4475 3039 4530 te,
3071 4468 3202 4536 quia
3231 4467 3480 4523 videmus
3501 4469 3664 4538 phan-

407 4576 495 4612 ται
523 4557 790 4628 ἀληθιναὶ,
825 4560 1024 4628 μήπως
1069 4556 1418 4628 πλανώμεθα.
1455 4559 1566 4611 Καὶ
1606 4559 1986 4631 ὲπληροερόρη-

409 4668 501 4704 σεν
525 4651 724 4713 αὐτοὺς
757 4653 784 4703 6
806 4650 983 4720 γέρων
1011 4651 1075 4703 ὲκ
1096 4649 1188 4703 τοῦ
1219 4647 1360 4704 κατὰ
1393 4648 1484 4702 τδν
1508 4649 1628 4703 δνον
1660 4649 1986 4721 ἀποδείγμα-

404 4760 517 4806 τος.
551 4743 633 4796 ὅτι
667 4741 777 4795 ἀπὸ
809 4741 1078 4812 δαιμόνων
1096 4741 1252 4794 εἰσίν.

478 4833 566 4904 ιγ’.
600 4830 711 4887 Ἦν
750 4833 808 4887 δέ
836 4851 920 4896 τις
954 4833 1094 4887 κατὰ
1124 4833 1223 4903 τὴν
1280 4831 1488 4904 ἔρημον
1535 4831 1784 4904 θηρεύων
1815 4833 1984 4904 ἄγρια

405 4924 542 4989 ζῶα,
567 4925 660 4977 καὶ
687 4919 794 4978 εἶδε
837 4923 930 4976 τὸν
977 4923 1150 4976 ἀσΰᾶν
1191 4922 1474 4978 ’Λντώνιον
1511 4924 1984 4995 χαριεντιζόμενον

479 5117 594 5188 (17)
627 5118 858 5187 Ὠσπερ
904 5120 959 5188 oi
1009 5118 1232 5188 ἰχθύες.
1293 5115 1798 5188 Cod._Yin_dohon.
1842 5117 1985 5181 23$;

408 5185 741 5242 Athanasius
770 5185 831 5241 in
884 5185 1276 5242 Vita—Antonii
1319 5202 1373 5256 p.
1417 5186 1541 5240 499.
1584 5185 1782 5242 Videre
1821 5189 1983 5240 etiam

405 5274 584 5326 opera:
619 5258 850 5326 pretium
890 5259 1054 5312 fuerit
1086 5259 1283 5311 librum
1325 5257 1397 5310 De
1415 5256 1810 5326 quadripartito
1835 5271 1986 5310 exer-

405 5328 532 5396 citio
580 5329 750 5390 cella,
781 5343 899 5396 cap.
935 5331 989 5389 9,
1033 5329 1087 5380 in
1118 5327 1358 5382 Manuali
1415 5326 1792 5380 Solitariorum
1845 5326 1989 5380 Petri

403 5395 687 5452 Francisei
721 5398 972 5453 Chillletii
1025 5397 1126 5450 viri
1169 5396 1512 5463 doctissimi;
1565 5412 1778 5452 necnon
1807 5397 1981 5465 Enge-

405 5467 557 5537 ninm
589 5483 778 5537 papam
805 5483 929 5522 can.
964 5466 1176 5520 Placuit
1211 5467 1292 5530 l6,
1327 5484 1381 5537 (ι.
1410 5467 1460 5519 1.

478 5535 599 5609 (18)
634 5535 746 5609 ῖῆς
770 5537 1070 5609 πορνείας.
1097 5535 1571 5609 Ρςιιιείιιεςονάὶδ,
1607 5536 1854 5609 καρδίας.

479 5605 592 5676 (19)
647 5605 747 5676 Vit.
769 5605 920 5676 Patr.
935 5609 1108 5674 xv,i;
1131 5605 1352 5662 Dorotb.
1374 5607 1554 5662 θύειν.
1578 5624 1648 5662 vn
1675 5605 1691 5674 ς
1735 5605 1982 5676 Eplirtem

404 5675 545 5740 n.5,
575 5674 677 5729 inf.
706 5679 762 5729 in
786 5675 974 5739 Pamn,
1005 5693 1061 5731 η.
1093 5677 1214 5732 125.
1733 5676 1751 5690 '

480 5744 596 5815 (20)
611 5744 861 5819 _Doroth.
899 5749 1058 5818 epist.
1089 5747 1142 5812 5,
1178 5746 1273 5801 inf.
1315 5749 1365 5801 in
1397 5746 1641 5818 Evagrio,
1676 5763 1730 5801 η.
1764 5748 1812 5802 5.

2093 4561 2280 4623 tasias,
2326 4573 2391 4612 ac
2439 4557 2758 4628 plerumque
2794 4571 2934 4612 vera!
2966 4558 3261 4623 exsistunt,
3295 4573 3364 4613 ne
3394 4572 3662 4614 erremus.

2093 4654 2158 4709 Et
2179 4651 2446 4710 satisfecit
2465 4652 2546 4708 eis
2577 4666 2739 4706 senex
2773 4665 2870 4720 per
2891 4650 3031 4704 asini
3049 4651 3379 4720 exemplum,
3408 4664 3662 4720 comproo

2094 4744 2350 4814 bavitque
2377 4757 2470 4798 eas
2493 4741 2732 4798 visiones
2766 4755 2794 4794 ε
2831 4739 3170 4796 daemonibus
3198 4754 3342 4795 esse.

2165 4836 2254 4890 13.
2275 4834 2386 4906 (28)
2405 4833 2534 4887 Erat
2555 4841 2736 4888 autem
2759 4831 2980 4902 quidam
3001 4831 3093 4902 qni
3117 4846 3212 4901 per
3236 4845 3480 4886 eremum
3503 4844 3663 4902 agre-

2094 4927 2202 4983 stia
2226 4925 2480 4980 animalia
2512 4923 2853 4979 venabatur:
2884 4923 2930 4978 is
2962 4922 3211 4977 abbatem
3256 4921 3553 4977 Antonium
3579 4921 3663 4977 vi-

2183 5123 2274 5192 ει)
2319 5123 2424 5177 γει.
2461 5121 2617 5192 Patr.
2660 5137 2700 5187 ι,
2729 5122 2786 5177 2.

2183 5125 2274 5192 2|)
2319 5125 2424 5177 Vit.
2461 5125 2617 5176 Patr.
2660 5137 2700 5187 ι,
2729 5125 2786 5177 2.

2159 5125 2276 5265 $22)
2321 5193 2458 5265 _Vit._
2456 5191 2608 5246 Patr.
2636 5210 2727 5258 xv,
2755 5195 2819 5265 ὃς
2840 5207 2922 5265 nr,
2949 5189 3081 5265 129;
3107 5188 3172 5265 in_
3191 5185 3666 5265 Doroth._init..__et

2092 5256 2274 5318 Doctr'.
2313 5263 2378 5328 2;
2421 5263 2667 5332 Ephrmm
2708 5256 2763 5316 ii.
2792 5263 2846 5315 4.
2880 5260 3122 5315 Andreas
3155 5259 3208 5312 in
3235 5257 3448 5327 Αροεαι.
3478 5271 3529 5313 c.
3570 5256 3663 5312 55.

2163 5335 2273 5404 (es)
2325 5333 2428 5404 vn.
2467 5333 2641 5404 lfatr.,
2671 5348 2725 5394 x,
2757 5333 2811 5385 ι.

2162 5399 2275 5472 (24)
2327 5403 2431 5456 Vit.
2473 5401 2628 5472 Patr.
2665 5417 2800 5464 xvii,
2832 5399 2885 5452 2.

2162 5474 2276 5542 (εει)
2326 5472 2432 5542 va.
2464 5471 2616 5542 rum.
2644 5486 2704 5533 ιι,
2743 5472 2793 5542 ι.

2163 5539 2274 5612 (26)
2326 5541 2430 5612 Υίι.
2465 5541 2620 5612 [ζων.
2661 5556 2722 5600 n.
2751 5539 2807 5612 ἓ.

2159 5609 2274 5672 (27)
2326 5611 2434 5663 Vit.
2476 5609 2629 5663 Patr.
2662 5625 2716 5675 x,
2746 5610 2801 5664 2.
2877 5631 2880 5634 ~

2161 5680 2272 5751 (Ξὸ)
2316 5679 2394 5735 lb.
2435 5679 2594 5735 Joan.
2631 5677 2820 5735 Gcorn.
2853 5675 3056 5733 Parad.
3090 5677 3178 5734 68.
