  <div class='ocr_page' id='page_1' title='image "/cluster/home/n/w/nwhite01/storage/ocr_20150623/65/hvd.32044073501967/046.png"; bbox 0 0 4042 6208; ppageno 0'>
   <div class='ocr_carea' id='block_1_1' title="bbox 332 340 3614 440">
    <p class='ocr_par' dir='ltr' id='par_1_1' title="bbox 332 340 3614 440">
     <span class='ocr_line' id='line_1_1' title="bbox 332 340 3614 440; baseline 0.017 -58"><span class='ocrx_word' id='word_1_1' title='bbox 332 340 404 398; x_wconf 76' lang='grc' dir='ltr'><strong>ει</strong></span> <span class='ocrx_word' id='word_1_2' title='bbox 1489 347 2103 414; x_wconf 68' lang='grc' dir='ltr'><strong>ΑΡυΡιιττιΕοιιΑτΑ</strong></span> <span class='ocrx_word' id='word_1_3' title='bbox 2124 352 2445 419; x_wconf 66' lang='lat' dir='ltr'><strong>’ramuu.</strong></span> <span class='ocrx_word' id='word_1_4' title='bbox 3542 385 3614 440; x_wconf 70' lang='lat' dir='ltr'><strong>se</strong></span> 
     </span>
    </p>
   </div>
   <div class='ocr_carea' id='block_1_2' title="bbox 414 440 1933 552">
    <p class='ocr_par' dir='ltr' id='par_1_2' title="bbox 414 440 1933 544">
     <span class='ocr_line' id='line_1_2' title="bbox 414 440 1933 544; baseline 0.012 -33"><span class='ocrx_word' id='word_1_5' title='bbox 414 461 509 527; x_wconf 79' lang='grc' dir='ltr'><strong>ιη’.</strong></span> <span class='ocrx_word' id='word_1_6' title='bbox 562 453 807 524; x_wconf 75' lang='grc' dir='ltr'><strong>’Δόελφοὶ</strong></span> <span class='ocrx_word' id='word_1_7' title='bbox 859 440 1177 528; x_wconf 79' lang='grc' dir='ltr'><strong>παρέϐαλον</strong></span> <span class='ocrx_word' id='word_1_8' title='bbox 1225 461 1303 533; x_wconf 84' lang='grc' dir='ltr'><strong>τῷ</strong></span> <span class='ocrx_word' id='word_1_9' title='bbox 1348 462 1491 537; x_wconf 77' lang='grc' dir='ltr'><strong>ἀϐϐᾷ</strong></span> <span class='ocrx_word' id='word_1_10' title='bbox 1530 467 1800 544; x_wconf 76' lang='grc' dir='ltr'><strong>Ἀντωνίῳ</strong></span> <span class='ocrx_word' id='word_1_11' title='bbox 1830 475 1933 529; x_wconf 74' lang='grc' dir='ltr'><strong>ὀιπό</strong></span> 
     </span>
    </p>
   </div>
   <div class='ocr_carea' id='block_1_3' title="bbox 2037 440 3618 552">
    <p class='ocr_par' dir='ltr' id='par_1_3' title="bbox 2116 478 3618 552">
     <span class='ocr_line' id='line_1_3' title="bbox 2116 478 3618 552; baseline 0.011 -20"><span class='ocrx_word' id='word_1_12' title='bbox 2116 478 2198 533; x_wconf 93' lang='lat' dir='ltr'><strong>l8.</strong></span> <span class='ocrx_word' id='word_1_13' title='bbox 2243 480 2354 552; x_wconf 82' lang='lat'><strong>(&#39;53)</strong></span> <span class='ocrx_word' id='word_1_14' title='bbox 2393 478 2612 536; x_wconf 76' lang='lat' dir='ltr'><strong>Fratres</strong></span> <span class='ocrx_word' id='word_1_15' title='bbox 2655 481 2907 538; x_wconf 87' lang='lat' dir='ltr'><strong>abbatem</strong></span> <span class='ocrx_word' id='word_1_16' title='bbox 2957 484 3254 541; x_wconf 82' lang='lat' dir='ltr'><strong>Antonium</strong></span> <span class='ocrx_word' id='word_1_17' title='bbox 3305 487 3618 548; x_wconf 81' lang='lat' dir='ltr'><strong>inviserunt</strong></span> 
     </span>
    </p>
   </div>
   <div class='ocr_carea' id='block_1_4' title="bbox 341 546 1937 635">
    <p class='ocr_par' dir='ltr' id='par_1_4' title="bbox 341 546 1937 635">
     <span class='ocr_line' id='line_1_4' title="bbox 341 546 1937 635; baseline 0.013 -35"><span class='ocrx_word' id='word_1_18' title='bbox 341 546 619 619; x_wconf 75' lang='grc' dir='ltr'><strong>Σκήτεως,</strong></span> <span class='ocrx_word' id='word_1_19' title='bbox 653 548 750 601; x_wconf 77' lang='grc' dir='ltr'><strong>καὶ</strong></span> <span class='ocrx_word' id='word_1_20' title='bbox 776 548 1047 621; x_wconf 94' lang='grc' dir='ltr'><strong>ἐμϐάντες</strong></span> <span class='ocrx_word' id='word_1_21' title='bbox 1072 552 1155 616; x_wconf 72' lang='grc' dir='ltr'><strong>εἰς</strong></span> <span class='ocrx_word' id='word_1_22' title='bbox 1184 553 1365 610; x_wconf 80' lang='grc' dir='ltr'><strong>πλοῖον</strong></span> <span class='ocrx_word' id='word_1_23' title='bbox 1396 559 1648 616; x_wconf 78' lang='grc' dir='ltr'><strong>ἀπελθεῖν</strong></span> <span class='ocrx_word' id='word_1_24' title='bbox 1681 564 1818 635; x_wconf 82' lang='grc' dir='ltr'><strong>πρὸς</strong></span> <span class='ocrx_word' id='word_1_25' title='bbox 1846 569 1937 621; x_wconf 83' lang='grc' dir='ltr'><strong>αύ-</strong></span> 
     </span>
    </p>
   </div>
   <div class='ocr_carea' id='block_1_5' title="bbox 341 634 1930 714">
    <p class='ocr_par' dir='ltr' id='par_1_5' title="bbox 341 634 1930 714">
     <span class='ocr_line' id='line_1_5' title="bbox 341 634 1930 714; baseline 0.014 -22"><span class='ocrx_word' id='word_1_26' title='bbox 341 639 457 706; x_wconf 74' lang='grc' dir='ltr'><strong>-ιὺν,</strong></span> <span class='ocrx_word' id='word_1_27' title='bbox 486 634 649 713; x_wconf 81' lang='grc' dir='ltr'><strong>εὖρον</strong></span> <span class='ocrx_word' id='word_1_28' title='bbox 680 641 916 714; x_wconf 86' lang='grc' dir='ltr'><strong>γέροντα</strong></span> <span class='ocrx_word' id='word_1_29' title='bbox 951 641 1173 698; x_wconf 85' lang='grc' dir='ltr'><strong>θέλοντα</strong></span> <span class='ocrx_word' id='word_1_30' title='bbox 1200 649 1296 702; x_wconf 74' lang='grc' dir='ltr'><strong>καὶ</strong></span> <span class='ocrx_word' id='word_1_31' title='bbox 1323 651 1483 705; x_wconf 78' lang='grc' dir='ltr'><strong>αὐτὸν</strong></span> <span class='ocrx_word' id='word_1_32' title='bbox 1509 634 1761 710; x_wconf 65' lang='grc' dir='ltr'><strong>ἀπελθεῖν</strong></span> <span class='ocrx_word' id='word_1_33' title='bbox 1793 660 1930 713; x_wconf 81' lang='grc' dir='ltr'><strong>ἐκεῖ.</strong></span> 
     </span>
    </p>
   </div>
   <div class='ocr_carea' id='block_1_6' title="bbox 357 734 1935 822">
    <p class='ocr_par' dir='ltr' id='par_1_6' title="bbox 357 734 1935 822">
     <span class='ocr_line' id='line_1_6' title="bbox 357 734 1935 822; baseline 0.012 -37"><span class='ocrx_word' id='word_1_34' title='bbox 357 734 617 802; x_wconf 85' lang='grc' dir='ltr'><strong>Ἦγνόουν</strong></span> <span class='ocrx_word' id='word_1_35' title='bbox 648 734 707 788; x_wconf 80' lang='grc' dir='ltr'><strong>δὲ</strong></span> <span class='ocrx_word' id='word_1_36' title='bbox 737 735 904 789; x_wconf 81' lang='grc' dir='ltr'><strong>αὐτὸν</strong></span> <span class='ocrx_word' id='word_1_37' title='bbox 932 737 985 789; x_wconf 79' lang='grc' dir='ltr'><strong>οἱ</strong></span> <span class='ocrx_word' id='word_1_38' title='bbox 1016 737 1256 808; x_wconf 78' lang='grc' dir='ltr'><strong>ἀδελφοί.</strong></span> <span class='ocrx_word' id='word_1_39' title='bbox 1296 742 1407 795; x_wconf 77' lang='grc' dir='ltr'><strong>Καὶ</strong></span> <span class='ocrx_word' id='word_1_40' title='bbox 1438 744 1736 816; x_wconf 85' lang='grc' dir='ltr'><strong>καθήμενοι</strong></span> <span class='ocrx_word' id='word_1_41' title='bbox 1767 750 1826 803; x_wconf 85' lang='grc' dir='ltr'><strong>ὲν</strong></span> <span class='ocrx_word' id='word_1_42' title='bbox 1856 751 1935 822; x_wconf 85' lang='grc' dir='ltr'><strong>τῷ</strong></span> 
     </span>
    </p>
   </div>
   <div class='ocr_carea' id='block_1_7' title="bbox 340 824 1931 912">
    <p class='ocr_par' dir='ltr' id='par_1_7' title="bbox 340 824 1931 912">
     <span class='ocr_line' id='line_1_7' title="bbox 340 824 1931 912; baseline 0.012 -36"><span class='ocrx_word' id='word_1_43' title='bbox 340 825 516 895; x_wconf 79' lang='grc' dir='ltr'><strong>πλοίῳ</strong></span> <span class='ocrx_word' id='word_1_44' title='bbox 537 824 763 879; x_wconf 75' lang='grc' dir='ltr'><strong>ἐλάλουν</strong></span> <span class='ocrx_word' id='word_1_45' title='bbox 790 826 983 894; x_wconf 82' lang='grc' dir='ltr'>λόγους</span> <span class='ocrx_word' id='word_1_46' title='bbox 1011 827 1293 900; x_wconf 88' lang='grc' dir='ltr'><strong>Πατέρων,</strong></span> <span class='ocrx_word' id='word_1_47' title='bbox 1328 833 1424 887; x_wconf 74' lang='grc' dir='ltr'><strong>καὶ</strong></span> <span class='ocrx_word' id='word_1_48' title='bbox 1461 835 1526 889; x_wconf 83' lang='grc' dir='ltr'><strong>ἐκ</strong></span> <span class='ocrx_word' id='word_1_49' title='bbox 1558 836 1659 908; x_wconf 84' lang='grc' dir='ltr'><strong>τῆς</strong></span> <span class='ocrx_word' id='word_1_50' title='bbox 1688 838 1727 890; x_wconf 89' lang='grc' dir='ltr'><strong><em>Γ</em></strong></span> <span class='ocrx_word' id='word_1_51' title='bbox 1733 841 1931 912; x_wconf 85' lang='grc' dir='ltr'><strong>ραφῆς,</strong></span> 
     </span>
    </p>
   </div>
   <div class='ocr_carea' id='block_1_8' title="bbox 344 916 1932 1001">
    <p class='ocr_par' dir='ltr' id='par_1_8' title="bbox 344 916 1932 1001">
     <span class='ocr_line' id='line_1_8' title="bbox 344 916 1932 1001; baseline 0.011 -32"><span class='ocrx_word' id='word_1_52' title='bbox 344 916 441 969; x_wconf 82' lang='grc' dir='ltr'><strong>καὶ</strong></span> <span class='ocrx_word' id='word_1_53' title='bbox 491 916 656 970; x_wconf 85' lang='grc' dir='ltr'><strong>πάλιν</strong></span> <span class='ocrx_word' id='word_1_54' title='bbox 696 917 824 989; x_wconf 76' lang='grc' dir='ltr'><strong>περὶ</strong></span> <span class='ocrx_word' id='word_1_55' title='bbox 865 918 1198 990; x_wconf 82' lang='grc' dir='ltr'><strong>ἐργοχείρων</strong></span> <span class='ocrx_word' id='word_1_56' title='bbox 1248 923 1479 979; x_wconf 79' lang='grc' dir='ltr'><strong>ἑαυτῶν.</strong></span> <span class='ocrx_word' id='word_1_57' title='bbox 1515 927 1575 980; x_wconf 84' lang='lat'><strong>&#39;0</strong></span> <span class='ocrx_word' id='word_1_58' title='bbox 1616 927 1673 981; x_wconf 82' lang='grc' dir='ltr'><strong>δὲ</strong></span> <span class='ocrx_word' id='word_1_59' title='bbox 1716 929 1932 1001; x_wconf 85' lang='grc' dir='ltr'><strong>γέρων³</strong></span> 
     </span>
    </p>
   </div>
   <div class='ocr_carea' id='block_1_9' title="bbox 334 1002 1931 1093">
    <p class='ocr_par' dir='ltr' id='par_1_9' title="bbox 334 1002 1931 1093">
     <span class='ocr_line' id='line_1_9' title="bbox 334 1002 1931 1093; baseline 0.011 -37"><span class='ocrx_word' id='word_1_60' title='bbox 334 1002 577 1058; x_wconf 76' lang='grc' dir='ltr'><strong>ἐσιώπα.</strong></span> <span class='ocrx_word' id='word_1_61' title='bbox 597 1004 891 1060; x_wconf 76' lang='grc' dir='ltr'><strong>Ἐλθόντων</strong></span> <span class='ocrx_word' id='word_1_62' title='bbox 922 1006 981 1061; x_wconf 84' lang='grc' dir='ltr'><strong>δὲ</strong></span> <span class='ocrx_word' id='word_1_63' title='bbox 1008 1007 1190 1062; x_wconf 83' lang='grc' dir='ltr'><strong>αὐτῶν</strong></span> <span class='ocrx_word' id='word_1_64' title='bbox 1228 1011 1323 1065; x_wconf 73' lang='grc' dir='ltr'><strong>ἐπὶ</strong></span> <span class='ocrx_word' id='word_1_65' title='bbox 1363 1012 1459 1066; x_wconf 80' lang='grc' dir='ltr'><strong>τοῦ</strong></span> <span class='ocrx_word' id='word_1_66' title='bbox 1503 1015 1697 1093; x_wconf 82' lang='grc' dir='ltr'><strong>ὅρμου,</strong></span> <span class='ocrx_word' id='word_1_67' title='bbox 1732 1018 1931 1093; x_wconf 85' lang='grc' dir='ltr'><strong>εὑρέθη</strong></span> 
     </span>
    </p>
   </div>
   <div class='ocr_carea' id='block_1_10' title="bbox 341 1096 1934 1177">
    <p class='ocr_par' dir='ltr' id='par_1_10' title="bbox 341 1096 1934 1177">
     <span class='ocr_line' id='line_1_10' title="bbox 341 1096 1934 1177; baseline 0.01 -27"><span class='ocrx_word' id='word_1_68' title='bbox 341 1097 439 1150; x_wconf 73' lang='grc' dir='ltr'><strong>καὶ</strong></span> <span class='ocrx_word' id='word_1_69' title='bbox 465 1097 495 1148; x_wconf 92' lang='lat'><strong>6</strong></span> <span class='ocrx_word' id='word_1_70' title='bbox 517 1096 698 1167; x_wconf 84' lang='grc' dir='ltr'><strong>γέρων</strong></span> <span class='ocrx_word' id='word_1_71' title='bbox 720 1098 951 1166; x_wconf 82' lang='grc' dir='ltr'><strong>ὑπάγων</strong></span> <span class='ocrx_word' id='word_1_72' title='bbox 983 1099 1121 1170; x_wconf 82' lang='grc' dir='ltr'><strong>πρὸς</strong></span> <span class='ocrx_word' id='word_1_73' title='bbox 1165 1101 1261 1155; x_wconf 81' lang='grc' dir='ltr'><strong>τὸν</strong></span> <span class='ocrx_word' id='word_1_74' title='bbox 1305 1103 1479 1159; x_wconf 79' lang='grc' dir='ltr'><strong>ἀϐϐᾶν</strong></span> <span class='ocrx_word' id='word_1_75' title='bbox 1521 1107 1825 1165; x_wconf 76' lang='grc' dir='ltr'><strong>Ἄντώνιον.</strong></span> <span class='ocrx_word' id='word_1_76' title='bbox 1844 1112 1934 1177; x_wconf 81' lang='grc' dir='ltr'><strong>Ὠς</strong></span> 
     </span>
    </p>
   </div>
   <div class='ocr_carea' id='block_1_11' title="bbox 335 1182 1933 1273">
    <p class='ocr_par' dir='ltr' id='par_1_11' title="bbox 335 1182 1933 1273">
     <span class='ocr_line' id='line_1_11' title="bbox 335 1182 1933 1273; baseline 0.013 -34"><span class='ocrx_word' id='word_1_77' title='bbox 335 1186 402 1240; x_wconf 76' lang='grc' dir='ltr'><strong>δὲ</strong></span> <span class='ocrx_word' id='word_1_78' title='bbox 430 1182 597 1258; x_wconf 76' lang='grc' dir='ltr'><strong>ἦλθον</strong></span> <span class='ocrx_word' id='word_1_79' title='bbox 630 1188 770 1259; x_wconf 78' lang='grc' dir='ltr'><strong>πρὸς</strong></span> <span class='ocrx_word' id='word_1_80' title='bbox 812 1190 997 1254; x_wconf 78' lang='grc' dir='ltr'><strong>αὐτὸν,</strong></span> <span class='ocrx_word' id='word_1_81' title='bbox 1039 1191 1188 1261; x_wconf 83' lang='grc' dir='ltr'><strong>λέγει</strong></span> <span class='ocrx_word' id='word_1_82' title='bbox 1219 1195 1403 1260; x_wconf 84' lang='grc' dir='ltr'><strong>αὐτοῖς</strong></span> <span class='ocrx_word' id='word_1_83' title='bbox 1423 1213 1436 1226; x_wconf 85' lang='grc'>·</span> <span class='ocrx_word' id='word_1_84' title='bbox 1471 1199 1655 1273; x_wconf 81' lang='grc' dir='ltr'><strong>Καλὴν</strong></span> <span class='ocrx_word' id='word_1_85' title='bbox 1688 1204 1933 1260; x_wconf 79' lang='grc' dir='ltr'><strong>συνοδίαν</strong></span> 
     </span>
    </p>
   </div>
   <div class='ocr_carea' id='block_1_12' title="bbox 336 1276 1928 1366">
    <p class='ocr_par' dir='ltr' id='par_1_12' title="bbox 336 1276 1928 1366">
     <span class='ocr_line' id='line_1_12' title="bbox 336 1276 1928 1366; baseline 0.014 -38"><span class='ocrx_word' id='word_1_86' title='bbox 336 1276 556 1348; x_wconf 71' lang='grc' dir='ltr'><strong>εὕρετε,</strong></span> <span class='ocrx_word' id='word_1_87' title='bbox 586 1278 679 1331; x_wconf 85' lang='grc' dir='ltr'><strong>τὸν</strong></span> <span class='ocrx_word' id='word_1_88' title='bbox 703 1280 936 1366; x_wconf 82' lang='grc' dir='ltr'><strong>γέροντα</strong></span> <span class='ocrx_word' id='word_1_89' title='bbox 963 1281 1174 1338; x_wconf 79' lang='grc' dir='ltr'><strong>τοῦτον.</strong></span> <span class='ocrx_word' id='word_1_90' title='bbox 1206 1280 1343 1339; x_wconf 78' lang='grc' dir='ltr'><strong>Εῖπε</strong></span> <span class='ocrx_word' id='word_1_91' title='bbox 1370 1287 1427 1341; x_wconf 84' lang='grc' dir='ltr'><strong>δὲ</strong></span> <span class='ocrx_word' id='word_1_92' title='bbox 1451 1291 1544 1343; x_wconf 77' lang='grc' dir='ltr'><strong>καὶ</strong></span> <span class='ocrx_word' id='word_1_93' title='bbox 1572 1290 1649 1362; x_wconf 82' lang='grc' dir='ltr'><strong>τῷ</strong></span> <span class='ocrx_word' id='word_1_94' title='bbox 1676 1293 1894 1366; x_wconf 71' lang='grc' dir='ltr'><strong>γέροντε</strong></span> <span class='ocrx_word' id='word_1_95' title='bbox 1913 1312 1928 1329; x_wconf 90' lang='grc'><strong>·</strong></span> 
     </span>
    </p>
   </div>
   <div class='ocr_carea' id='block_1_13' title="bbox 340 1365 1939 1457">
    <p class='ocr_par' dir='ltr' id='par_1_13' title="bbox 340 1365 1939 1457">
     <span class='ocr_line' id='line_1_13' title="bbox 340 1365 1939 1457; baseline 0.014 -37"><span class='ocrx_word' id='word_1_96' title='bbox 340 1368 559 1433; x_wconf 73' lang='grc' dir='ltr'><strong>Καλοὺς</strong></span> <span class='ocrx_word' id='word_1_97' title='bbox 586 1370 849 1441; x_wconf 72' lang='grc' dir='ltr'><strong>ἀδελιροὺς</strong></span> <span class='ocrx_word' id='word_1_98' title='bbox 876 1365 1038 1445; x_wconf 77' lang='grc' dir='ltr'><strong>εὗρες</strong></span> <span class='ocrx_word' id='word_1_99' title='bbox 1073 1374 1212 1446; x_wconf 88' lang='grc' dir='ltr'><strong>μετά</strong></span> <span class='ocrx_word' id='word_1_100' title='bbox 1239 1376 1354 1441; x_wconf 75' lang='grc' dir='ltr'><strong>σοῦ,</strong></span> <span class='ocrx_word' id='word_1_101' title='bbox 1383 1379 1548 1437; x_wconf 80' lang='grc' dir='ltr'><strong>άϐϐᾶ.</strong></span> <span class='ocrx_word' id='word_1_102' title='bbox 1583 1365 1758 1454; x_wconf 79' lang='grc' dir='ltr'><strong>Λέγει</strong></span> <span class='ocrx_word' id='word_1_103' title='bbox 1776 1388 1805 1441; x_wconf 91' lang='grc' dir='ltr'><strong>ό</strong></span> <span class='ocrx_word' id='word_1_104' title='bbox 1833 1387 1939 1457; x_wconf 58' lang='grc' dir='ltr'><strong>γέ-ί</strong></span> 
     </span>
    </p>
   </div>
   <div class='ocr_carea' id='block_1_14' title="bbox 345 1462 1929 1555">
    <p class='ocr_par' dir='ltr' id='par_1_14' title="bbox 345 1462 1929 1555">
     <span class='ocr_line' id='line_1_14' title="bbox 345 1462 1929 1555; baseline 0.016 -44"><span class='ocrx_word' id='word_1_105' title='bbox 345 1475 484 1530; x_wconf 84' lang='grc' dir='ltr'><strong>ρων·</strong></span> <span class='ocrx_word' id='word_1_106' title='bbox 520 1462 691 1515; x_wconf 73' lang='grc' dir='ltr'><strong>Καλοὶ</strong></span> <span class='ocrx_word' id='word_1_107' title='bbox 735 1465 835 1535; x_wconf 78' lang='grc' dir='ltr'><strong>μέν</strong></span> <span class='ocrx_word' id='word_1_108' title='bbox 866 1466 1027 1532; x_wconf 67' lang='grc' dir='ltr'><strong>εἰσιν,</strong></span> <span class='ocrx_word' id='word_1_109' title='bbox 1062 1466 1236 1540; x_wconf 73' lang='grc' dir='ltr'><strong>ἀλλ’ἢ</strong></span> <span class='ocrx_word' id='word_1_110' title='bbox 1271 1471 1410 1545; x_wconf 81' lang='grc' dir='ltr'><strong>αὐλὴ</strong></span> <span class='ocrx_word' id='word_1_111' title='bbox 1440 1476 1622 1530; x_wconf 83' lang='grc' dir='ltr'><strong>αὐτῶν</strong></span> <span class='ocrx_word' id='word_1_112' title='bbox 1668 1481 1768 1538; x_wconf 63' lang='grc' dir='ltr'><strong>οὐκ</strong></span> <span class='ocrx_word' id='word_1_113' title='bbox 1814 1480 1929 1555; x_wconf 79' lang='grc' dir='ltr'><strong>ἔχει</strong></span> 
     </span>
    </p>
   </div>
   <div class='ocr_carea' id='block_1_15' title="bbox 344 1550 1930 1637">
    <p class='ocr_par' dir='ltr' id='par_1_15' title="bbox 344 1550 1930 1637">
     <span class='ocr_line' id='line_1_15' title="bbox 344 1550 1930 1637; baseline 0.017 -36"><span class='ocrx_word' id='word_1_114' title='bbox 344 1550 542 1620; x_wconf 76' lang='grc' dir='ltr'><strong>θύραν,</strong></span> <span class='ocrx_word' id='word_1_115' title='bbox 575 1554 670 1611; x_wconf 72' lang='grc' dir='ltr'><strong>καὶ</strong></span> <span class='ocrx_word' id='word_1_116' title='bbox 701 1557 729 1607; x_wconf 86' lang='grc' dir='ltr'><strong>ό</strong></span> <span class='ocrx_word' id='word_1_117' title='bbox 775 1555 946 1609; x_wconf 81' lang='grc' dir='ltr'>θέλων</span> <span class='ocrx_word' id='word_1_118' title='bbox 974 1558 1282 1630; x_wconf 75' lang='grc' dir='ltr'><strong>εἰσέρχεται</strong></span> <span class='ocrx_word' id='word_1_119' title='bbox 1322 1565 1403 1627; x_wconf 79' lang='grc' dir='ltr'><strong>εἰς</strong></span> <span class='ocrx_word' id='word_1_120' title='bbox 1437 1565 1529 1620; x_wconf 82' lang='grc' dir='ltr'><strong>τὸν</strong></span> <span class='ocrx_word' id='word_1_121' title='bbox 1559 1569 1806 1637; x_wconf 79' lang='grc' dir='ltr'><strong>σταῦλον,</strong></span> <span class='ocrx_word' id='word_1_122' title='bbox 1836 1550 1930 1628; x_wconf 64' lang='grc' dir='ltr'><strong>καὶ</strong></span> 
     </span>
    </p>
   </div>
   <div class='ocr_carea' id='block_1_16' title="bbox 347 1638 1929 1735">
    <p class='ocr_par' dir='ltr' id='par_1_16' title="bbox 347 1638 1929 1735">
     <span class='ocr_line' id='line_1_16' title="bbox 347 1638 1929 1735; baseline 0.018 -42"><span class='ocrx_word' id='word_1_123' title='bbox 347 1638 468 1735; x_wconf 80' lang='grc' dir='ltr'><strong>λύει</strong></span> <span class='ocrx_word' id='word_1_124' title='bbox 493 1642 583 1696; x_wconf 76' lang='grc' dir='ltr'><strong>τὸν</strong></span> <span class='ocrx_word' id='word_1_125' title='bbox 603 1644 738 1699; x_wconf 78' lang='grc' dir='ltr'><strong>ὄνον.</strong></span> <span class='ocrx_word' id='word_1_126' title='bbox 771 1646 944 1700; x_wconf 80' lang='grc' dir='ltr'><strong>Τοῦτο</strong></span> <span class='ocrx_word' id='word_1_127' title='bbox 966 1649 1024 1702; x_wconf 86' lang='grc' dir='ltr'><strong>δὲ</strong></span> <span class='ocrx_word' id='word_1_128' title='bbox 1047 1649 1252 1722; x_wconf 79' lang='grc' dir='ltr'><strong>ἔλεγεν,</strong></span> <span class='ocrx_word' id='word_1_129' title='bbox 1280 1654 1363 1708; x_wconf 85' lang='grc' dir='ltr'><strong>δτι</strong></span> <span class='ocrx_word' id='word_1_130' title='bbox 1388 1657 1455 1710; x_wconf 83' lang='grc' dir='ltr'><strong>τά</strong></span> <span class='ocrx_word' id='word_1_131' title='bbox 1481 1658 1747 1735; x_wconf 78' lang='grc' dir='ltr'><strong>ἐρχόμενα</strong></span> <span class='ocrx_word' id='word_1_132' title='bbox 1767 1667 1846 1730; x_wconf 76' lang='grc' dir='ltr'><strong>εἰς</strong></span> <span class='ocrx_word' id='word_1_133' title='bbox 1868 1665 1929 1720; x_wconf 85' lang='grc' dir='ltr'><strong>τὸ</strong></span> 
     </span>
    </p>
   </div>
   <div class='ocr_carea' id='block_1_17' title="bbox 343 1733 1075 1805">
    <p class='ocr_par' dir='ltr' id='par_1_17' title="bbox 343 1733 1075 1805">
     <span class='ocr_line' id='line_1_17' title="bbox 343 1733 1075 1805; baseline 0.018 -20"><span class='ocrx_word' id='word_1_134' title='bbox 343 1733 519 1805; x_wconf 76' lang='grc' dir='ltr'><strong>στόμα</strong></span> <span class='ocrx_word' id='word_1_135' title='bbox 544 1736 728 1792; x_wconf 81' lang='grc' dir='ltr'><strong>αὐτῶν</strong></span> <span class='ocrx_word' id='word_1_136' title='bbox 752 1738 1005 1796; x_wconf 79' lang='grc' dir='ltr'><strong>λαλοῦσιν</strong></span> <span class='ocrx_word' id='word_1_137' title='bbox 1029 1742 1075 1800; x_wconf 82' lang='grc'><strong>⁸.</strong></span> 
     </span>
    </p>
   </div>
   <div class='ocr_carea' id='block_1_18' title="bbox 414 1910 1935 2005">
    <p class='ocr_par' dir='ltr' id='par_1_18' title="bbox 414 1910 1935 2005">
     <span class='ocr_line' id='line_1_18' title="bbox 414 1910 1935 2005; baseline 0.019 -41"><span class='ocrx_word' id='word_1_138' title='bbox 414 1910 507 1966; x_wconf 82' lang='grc' dir='ltr'><strong>ιθ⁴.</strong></span> <span class='ocrx_word' id='word_1_139' title='bbox 547 1913 868 1985; x_wconf 79' lang='grc' dir='ltr'><strong>Παρέϐαλον</strong></span> <span class='ocrx_word' id='word_1_140' title='bbox 897 1920 1112 1991; x_wconf 67' lang='grc' dir='ltr'><strong>ἀδελφοὶ</strong></span> <span class='ocrx_word' id='word_1_141' title='bbox 1137 1924 1217 1996; x_wconf 87' lang='grc' dir='ltr'><strong>τῷ</strong></span> <span class='ocrx_word' id='word_1_142' title='bbox 1243 1926 1387 2000; x_wconf 74' lang='grc' dir='ltr'><strong>ἀϐϐᾷ</strong></span> <span class='ocrx_word' id='word_1_143' title='bbox 1419 1930 1706 2005; x_wconf 75' lang='grc' dir='ltr'><strong>Ἀντωνίῳ,</strong></span> <span class='ocrx_word' id='word_1_144' title='bbox 1733 1935 1826 1991; x_wconf 77' lang='grc' dir='ltr'><strong>καὶ</strong></span> <span class='ocrx_word' id='word_1_145' title='bbox 1847 1937 1935 1992; x_wconf 89' lang='grc' dir='ltr'><strong>λέ-</strong></span> 
     </span>
    </p>
   </div>
   <div class='ocr_carea' id='block_1_19' title="bbox 341 2006 1932 2097">
    <p class='ocr_par' dir='ltr' id='par_1_19' title="bbox 341 2006 1932 2097">
     <span class='ocr_line' id='line_1_19' title="bbox 341 2006 1932 2097; baseline 0.019 -44"><span class='ocrx_word' id='word_1_146' title='bbox 341 2017 542 2097; x_wconf 83' lang='grc' dir='ltr'><strong>γουσιν</strong></span> <span class='ocrx_word' id='word_1_147' title='bbox 588 2006 739 2076; x_wconf 83' lang='grc' dir='ltr'><strong>αὐτῷ</strong></span> <span class='ocrx_word' id='word_1_148' title='bbox 758 2027 771 2038; x_wconf 74' lang='grc' dir='ltr'><strong><em>ο</em></strong></span> <span class='ocrx_word' id='word_1_149' title='bbox 812 2010 944 2064; x_wconf 72' lang='grc' dir='ltr'><strong>Εἰπὲ</strong></span> <span class='ocrx_word' id='word_1_150' title='bbox 977 2016 1112 2084; x_wconf 78' lang='grc' dir='ltr'><strong>ἡμῖν</strong></span> <span class='ocrx_word' id='word_1_151' title='bbox 1137 2016 1316 2086; x_wconf 80' lang='grc' dir='ltr'><strong>λόγον,</strong></span> <span class='ocrx_word' id='word_1_152' title='bbox 1349 2021 1468 2086; x_wconf 85' lang='grc' dir='ltr'><strong>πῶς</strong></span> <span class='ocrx_word' id='word_1_153' title='bbox 1495 2023 1759 2097; x_wconf 83' lang='grc' dir='ltr'><strong>σωθῶμεν</strong></span> <span class='ocrx_word' id='word_1_154' title='bbox 1782 2044 1798 2093; x_wconf 87' lang='grc'>;</span> <span class='ocrx_word' id='word_1_155' title='bbox 1825 2028 1932 2082; x_wconf 86' lang='grc' dir='ltr'><strong>Λέ-</strong></span> 
     </span>
    </p>
   </div>
   <div class='ocr_carea' id='block_1_20' title="bbox 342 2095 1933 2189">
    <p class='ocr_par' dir='ltr' id='par_1_20' title="bbox 342 2095 1933 2189">
     <span class='ocr_line' id='line_1_20' title="bbox 342 2095 1933 2189; baseline 0.021 -47"><span class='ocrx_word' id='word_1_156' title='bbox 342 2108 450 2189; x_wconf 56' lang='grc' dir='ltr'><strong>γει</strong></span> <span class='ocrx_word' id='word_1_157' title='bbox 470 2095 654 2189; x_wconf 69' lang='grc' dir='ltr'><strong>αύτοῐς</strong></span> <span class='ocrx_word' id='word_1_158' title='bbox 698 2099 729 2150; x_wconf 88' lang='lat'><strong>6</strong></span> <span class='ocrx_word' id='word_1_159' title='bbox 765 2099 970 2189; x_wconf 72' lang='grc' dir='ltr'><strong>γέρωνο</strong></span> <span class='ocrx_word' id='word_1_160' title='bbox 1010 2105 1312 2164; x_wconf 83' lang='grc' dir='ltr'><strong>Ἠκούσατε</strong></span> <span class='ocrx_word' id='word_1_161' title='bbox 1335 2112 1439 2185; x_wconf 84' lang='grc' dir='ltr'><strong>τὴν</strong></span> <span class='ocrx_word' id='word_1_162' title='bbox 1460 2095 1711 2189; x_wconf 76' lang='grc' dir='ltr'><strong>Γραφήνς</strong></span> <span class='ocrx_word' id='word_1_163' title='bbox 1753 2119 1933 2187; x_wconf 86' lang='grc' dir='ltr'><strong>καλῶς</strong></span> 
     </span>
    </p>
   </div>
   <div class='ocr_carea' id='block_1_21' title="bbox 342 2183 1934 2280">
    <p class='ocr_par' dir='ltr' id='par_1_21' title="bbox 342 2183 1934 2280">
     <span class='ocr_line' id='line_1_21' title="bbox 342 2183 1934 2280; baseline 0.02 -46"><span class='ocrx_word' id='word_1_164' title='bbox 342 2183 634 2280; x_wconf 67' lang='grc' dir='ltr'><strong>ὐμῖνέχει.</strong></span> <span class='ocrx_word' id='word_1_165' title='bbox 664 2189 727 2241; x_wconf 80' lang='grc' dir='ltr'><strong>οι</strong></span> <span class='ocrx_word' id='word_1_166' title='bbox 838 2188 991 2247; x_wconf 79' lang='grc' dir='ltr'><strong>εἷπον</strong></span> <span class='ocrx_word' id='word_1_167' title='bbox 1010 2213 1025 2226; x_wconf 87' lang='grc'><strong>·</strong></span> <span class='ocrx_word' id='word_1_168' title='bbox 1062 2199 1353 2275; x_wconf 20' lang='grc' dir='ltr'><strong>Καὶιπαρά</strong></span> <span class='ocrx_word' id='word_1_169' title='bbox 1381 2183 1477 2257; x_wconf 78' lang='grc' dir='ltr'><strong>σοῦ</strong></span> <span class='ocrx_word' id='word_1_170' title='bbox 1505 2183 1733 2280; x_wconf 79' lang='grc' dir='ltr'><strong>θέλομεν</strong></span> <span class='ocrx_word' id='word_1_171' title='bbox 1767 2183 1934 2265; x_wconf 50' lang='grc' dir='ltr'><strong>ἀκοῦζ</strong></span> 
     </span>
    </p>
   </div>
   <div class='ocr_carea' id='block_1_22' title="bbox 336 2276 1934 2373">
    <p class='ocr_par' dir='ltr' id='par_1_22' title="bbox 336 2276 1934 2373">
     <span class='ocr_line' id='line_1_22' title="bbox 336 2276 1934 2373; baseline 0.021 -47"><span class='ocrx_word' id='word_1_172' title='bbox 336 2292 453 2373; x_wconf 63' lang='grc' dir='ltr'><strong>σαι,</strong></span> <span class='ocrx_word' id='word_1_173' title='bbox 484 2276 689 2351; x_wconf 75' lang='grc' dir='ltr'><strong>Πάτερ.</strong></span> <span class='ocrx_word' id='word_1_174' title='bbox 716 2279 849 2336; x_wconf 65' lang='lat' dir='ltr'><strong>Eine</strong></span> <span class='ocrx_word' id='word_1_175' title='bbox 878 2285 937 2339; x_wconf 75' lang='grc' dir='ltr'><strong>δὲ</strong></span> <span class='ocrx_word' id='word_1_176' title='bbox 970 2288 1154 2355; x_wconf 79' lang='grc' dir='ltr'><strong>αὐτοῖς</strong></span> <span class='ocrx_word' id='word_1_177' title='bbox 1180 2292 1211 2346; x_wconf 88' lang='lat'><strong>6</strong></span> <span class='ocrx_word' id='word_1_178' title='bbox 1232 2293 1443 2366; x_wconf 86' lang='grc' dir='ltr'><strong>γέρων·</strong></span> <span class='ocrx_word' id='word_1_179' title='bbox 1473 2276 1724 2368; x_wconf 27' lang='grc' dir='ltr'><strong>Λέγειντδ</strong></span> <span class='ocrx_word' id='word_1_180' title='bbox 1755 2302 1934 2373; x_wconf 84' lang='grc' dir='ltr'><strong>Εὐαγ-</strong></span> 
     </span>
    </p>
   </div>
   <div class='ocr_carea' id='block_1_23' title="bbox 334 2367 1931 2459">
    <p class='ocr_par' dir='ltr' id='par_1_23' title="bbox 334 2367 1931 2459">
     <span class='ocr_line' id='line_1_23' title="bbox 334 2367 1931 2459; baseline 0.021 -42"><span class='ocrx_word' id='word_1_181' title='bbox 334 2367 553 2434; x_wconf 82' lang='grc' dir='ltr'><strong>γέλιον·</strong></span> <span class='ocrx_word' id='word_1_182' title='bbox 600 2372 744 2425; x_wconf 76' lang='grc' dir='ltr'><strong>Ἐάν</strong></span> <span class='ocrx_word' id='word_1_183' title='bbox 760 2376 858 2442; x_wconf 81' lang='grc' dir='ltr'><strong>τίς</strong></span> <span class='ocrx_word' id='word_1_184' title='bbox 884 2394 961 2433; x_wconf 86' lang='grc' dir='ltr'><strong>σε</strong></span> <span class='ocrx_word' id='word_1_185' title='bbox 979 2383 1225 2454; x_wconf 77' lang='grc' dir='ltr'><strong>ραπίσῃ</strong></span> <span class='ocrx_word' id='word_1_186' title='bbox 1265 2388 1353 2454; x_wconf 75' lang='grc' dir='ltr'><strong>εἷς</strong></span> <span class='ocrx_word' id='word_1_187' title='bbox 1393 2386 1511 2459; x_wconf 74' lang='grc' dir='ltr'><strong>τὴν</strong></span> <span class='ocrx_word' id='word_1_188' title='bbox 1558 2367 1766 2458; x_wconf 73' lang='grc' dir='ltr'><strong>δεξιὰν</strong></span> <span class='ocrx_word' id='word_1_189' title='bbox 1795 2367 1931 2451; x_wconf 73' lang='grc' dir='ltr'><strong>σια-</strong></span> 
     </span>
    </p>
   </div>
   <div class='ocr_carea' id='block_1_24' title="bbox 334 2461 1932 2555">
    <p class='ocr_par' dir='ltr' id='par_1_24' title="bbox 334 2461 1932 2555">
     <span class='ocr_line' id='line_1_24' title="bbox 334 2461 1932 2555; baseline 0.019 -43"><span class='ocrx_word' id='word_1_190' title='bbox 334 2461 506 2555; x_wconf 61' lang='grc' dir='ltr'><strong>νότια.</strong></span> <span class='ocrx_word' id='word_1_191' title='bbox 554 2464 829 2534; x_wconf 71' lang='grc' dir='ltr'><strong>στρέψον</strong></span> <span class='ocrx_word' id='word_1_192' title='bbox 871 2471 1034 2537; x_wconf 83' lang='grc' dir='ltr'><strong>αὐτῷ</strong></span> <span class='ocrx_word' id='word_1_193' title='bbox 1081 2474 1181 2528; x_wconf 79' lang='grc' dir='ltr'><strong>καὶ</strong></span> <span class='ocrx_word' id='word_1_194' title='bbox 1227 2475 1342 2545; x_wconf 81' lang='grc' dir='ltr'><strong>τὴν</strong></span> <span class='ocrx_word' id='word_1_195' title='bbox 1391 2480 1613 2551; x_wconf 68' lang='grc' dir='ltr'><strong>ἀλλην.</strong></span> <span class='ocrx_word' id='word_1_196' title='bbox 1664 2484 1932 2555; x_wconf 81' lang='grc' dir='ltr'><strong>Λέγουσιν</strong></span> 
     </span>
    </p>
   </div>
   <div class='ocr_carea' id='block_1_25' title="bbox 335 2553 1932 2645">
    <p class='ocr_par' dir='ltr' id='par_1_25' title="bbox 335 2553 1932 2645">
     <span class='ocr_line' id='line_1_25' title="bbox 335 2553 1932 2645; baseline 0.018 -40"><span class='ocrx_word' id='word_1_197' title='bbox 335 2553 486 2645; x_wconf 76' lang='grc' dir='ltr'><strong>αύτῷ</strong></span> <span class='ocrx_word' id='word_1_198' title='bbox 511 2571 527 2587; x_wconf 76' lang='grc'><strong><em>⁸</em></strong></span> <span class='ocrx_word' id='word_1_199' title='bbox 557 2557 634 2609; x_wconf 83' lang='grc' dir='ltr'><strong>Ού</strong></span> <span class='ocrx_word' id='word_1_200' title='bbox 676 2558 958 2641; x_wconf 79' lang='grc' dir='ltr'><strong>δυνάμεθα</strong></span> <span class='ocrx_word' id='word_1_201' title='bbox 1000 2565 1161 2621; x_wconf 81' lang='grc' dir='ltr'><strong>τοῦτο</strong></span> <span class='ocrx_word' id='word_1_202' title='bbox 1204 2570 1448 2641; x_wconf 83' lang='grc' dir='ltr'><strong>ποιῆσαι.</strong></span> <span class='ocrx_word' id='word_1_203' title='bbox 1480 2574 1645 2645; x_wconf 82' lang='grc' dir='ltr'><strong>Λέγει</strong></span> <span class='ocrx_word' id='word_1_204' title='bbox 1687 2553 1872 2642; x_wconf 82' lang='grc' dir='ltr'><strong>αὐτοῖς</strong></span> <span class='ocrx_word' id='word_1_205' title='bbox 1902 2580 1932 2632; x_wconf 90' lang='lat'><strong>6</strong></span> 
     </span>
    </p>
   </div>
   <div class='ocr_carea' id='block_1_26' title="bbox 338 2644 1932 2738">
    <p class='ocr_par' dir='ltr' id='par_1_26' title="bbox 338 2644 1932 2738">
     <span class='ocr_line' id='line_1_26' title="bbox 338 2644 1932 2738; baseline 0.019 -44"><span class='ocrx_word' id='word_1_206' title='bbox 338 2644 557 2738; x_wconf 52' lang='grc' dir='ltr'><strong>γέρωνξ</strong></span> <span class='ocrx_word' id='word_1_207' title='bbox 588 2646 652 2700; x_wconf 78' lang='lat' dir='ltr'><strong>Et</strong></span> <span class='ocrx_word' id='word_1_208' title='bbox 699 2650 774 2722; x_wconf 79' lang='grc' dir='ltr'><strong>μὴ</strong></span> <span class='ocrx_word' id='word_1_209' title='bbox 817 2652 1048 2709; x_wconf 84' lang='grc' dir='ltr'><strong>δύνασθε</strong></span> <span class='ocrx_word' id='word_1_210' title='bbox 1083 2658 1309 2731; x_wconf 75' lang='grc' dir='ltr'><strong>στρέψαι</strong></span> <span class='ocrx_word' id='word_1_211' title='bbox 1346 2664 1439 2716; x_wconf 77' lang='grc' dir='ltr'><strong>καὶ</strong></span> <span class='ocrx_word' id='word_1_212' title='bbox 1467 2664 1567 2738; x_wconf 79' lang='grc' dir='ltr'><strong>τὴν</strong></span> <span class='ocrx_word' id='word_1_213' title='bbox 1601 2665 1788 2737; x_wconf 82' lang='grc' dir='ltr'><strong>ἄλλην,</strong></span> <span class='ocrx_word' id='word_1_214' title='bbox 1829 2669 1932 2725; x_wconf 74' lang='grc' dir='ltr'>κᾶν</span> 
     </span>
    </p>
   </div>
   <div class='ocr_carea' id='block_1_27' title="bbox 339 2735 1932 2826">
    <p class='ocr_par' dir='ltr' id='par_1_27' title="bbox 339 2735 1932 2826">
     <span class='ocr_line' id='line_1_27' title="bbox 339 2735 1932 2826; baseline 0.018 -41"><span class='ocrx_word' id='word_1_215' title='bbox 339 2735 441 2805; x_wconf 77' lang='grc' dir='ltr'><strong>τὴν</strong></span> <span class='ocrx_word' id='word_1_216' title='bbox 476 2737 605 2805; x_wconf 78' lang='grc' dir='ltr'><strong>μίαν</strong></span> <span class='ocrx_word' id='word_1_217' title='bbox 648 2739 1003 2813; x_wconf 77' lang='grc' dir='ltr'><strong>ὑπομείνατε.</strong></span> <span class='ocrx_word' id='word_1_218' title='bbox 1043 2748 1312 2818; x_wconf 79' lang='grc' dir='ltr'><strong>Λέγουσιν</strong></span> <span class='ocrx_word' id='word_1_219' title='bbox 1364 2735 1546 2826; x_wconf 46' lang='grc' dir='ltr'><strong>αὐτῷ)</strong></span> <span class='ocrx_word' id='word_1_220' title='bbox 1587 2735 1734 2812; x_wconf 16' lang='grc' dir='ltr'><strong>Οὖδὲή</strong></span> <span class='ocrx_word' id='word_1_221' title='bbox 1774 2758 1932 2814; x_wconf 82' lang='grc' dir='ltr'><strong>τοῦτο</strong></span> 
     </span>
    </p>
   </div>
   <div class='ocr_carea' id='block_1_28' title="bbox 338 2826 1929 2924">
    <p class='ocr_par' dir='ltr' id='par_1_28' title="bbox 338 2826 1929 2924">
     <span class='ocr_line' id='line_1_28' title="bbox 338 2826 1929 2924; baseline 0.016 -43"><span class='ocrx_word' id='word_1_222' title='bbox 338 2826 633 2924; x_wconf 79' lang='grc' dir='ltr'><strong>δυνάμεθα,</strong></span> <span class='ocrx_word' id='word_1_223' title='bbox 668 2837 833 2924; x_wconf 82' lang='grc' dir='ltr'><strong>Λέγει</strong></span> <span class='ocrx_word' id='word_1_224' title='bbox 860 2840 893 2892; x_wconf 86' lang='lat'><strong>6</strong></span> <span class='ocrx_word' id='word_1_225' title='bbox 912 2838 1092 2911; x_wconf 85' lang='grc' dir='ltr'><strong>γέρων</strong></span> <span class='ocrx_word' id='word_1_226' title='bbox 1115 2857 1130 2871; x_wconf 76' lang='grc' dir='ltr'><strong>ο</strong></span> <span class='ocrx_word' id='word_1_227' title='bbox 1162 2843 1225 2895; x_wconf 80' lang='lat' dir='ltr'><strong>El</strong></span> <span class='ocrx_word' id='word_1_228' title='bbox 1252 2844 1375 2897; x_wconf 84' lang='grc' dir='ltr'><strong>οὐδὲ</strong></span> <span class='ocrx_word' id='word_1_229' title='bbox 1400 2845 1561 2900; x_wconf 83' lang='grc' dir='ltr'><strong>τοῦτο</strong></span> <span class='ocrx_word' id='word_1_230' title='bbox 1584 2847 1833 2913; x_wconf 75' lang='grc' dir='ltr'><strong>δύνασθε,</strong></span> <span class='ocrx_word' id='word_1_231' title='bbox 1854 2851 1929 2924; x_wconf 84' lang='grc' dir='ltr'><strong>μὴ</strong></span> 
     </span>
    </p>
   </div>
   <div class='ocr_carea' id='block_1_29' title="bbox 335 2921 1930 2996">
    <p class='ocr_par' dir='ltr' id='par_1_29' title="bbox 335 2921 1930 2996">
     <span class='ocr_line' id='line_1_29' title="bbox 335 2921 1930 2996; baseline 0.015 -23"><span class='ocrx_word' id='word_1_232' title='bbox 335 2921 461 2975; x_wconf 81' lang='grc' dir='ltr'><strong>δότε</strong></span> <span class='ocrx_word' id='word_1_233' title='bbox 494 2922 693 2982; x_wconf 74' lang='grc' dir='ltr'><strong>ἀνθόὗ</strong></span> <span class='ocrx_word' id='word_1_234' title='bbox 721 2928 965 2983; x_wconf 84' lang='grc' dir='ltr'><strong>ἐλάϐετε.</strong></span> <span class='ocrx_word' id='word_1_235' title='bbox 1002 2931 1111 2985; x_wconf 79' lang='grc' dir='ltr'><strong>Καὶ</strong></span> <span class='ocrx_word' id='word_1_236' title='bbox 1163 2928 1349 2989; x_wconf 76' lang='grc' dir='ltr'><strong>εῐπον·</strong></span> <span class='ocrx_word' id='word_1_237' title='bbox 1391 2938 1526 2992; x_wconf 78' lang='grc' dir='ltr'><strong>Οὐδὲ</strong></span> <span class='ocrx_word' id='word_1_238' title='bbox 1569 2940 1727 2994; x_wconf 84' lang='grc' dir='ltr'><strong>τοῦτο</strong></span> <span class='ocrx_word' id='word_1_239' title='bbox 1769 2921 1930 2996; x_wconf 62' lang='lat' dir='ltr'><strong>am;</strong></span> 
     </span>
    </p>
   </div>
   <div class='ocr_carea' id='block_1_30' title="bbox 338 3013 1932 3106">
    <p class='ocr_par' dir='ltr' id='par_1_30' title="bbox 338 3013 1932 3106">
     <span class='ocr_line' id='line_1_30' title="bbox 338 3013 1932 3106; baseline 0.016 -41"><span class='ocrx_word' id='word_1_240' title='bbox 338 3013 505 3084; x_wconf 82' lang='grc' dir='ltr'><strong>μεθα.</strong></span> <span class='ocrx_word' id='word_1_241' title='bbox 552 3016 716 3086; x_wconf 73' lang='grc' dir='ltr'><strong>Λέγει</strong></span> <span class='ocrx_word' id='word_1_242' title='bbox 757 3016 852 3074; x_wconf 76' lang='grc' dir='ltr'><strong>οὖν</strong></span> <span class='ocrx_word' id='word_1_243' title='bbox 883 3024 913 3075; x_wconf 90' lang='lat'><strong>6</strong></span> <span class='ocrx_word' id='word_1_244' title='bbox 947 3022 1127 3094; x_wconf 84' lang='grc' dir='ltr'><strong>γέρων</strong></span> <span class='ocrx_word' id='word_1_245' title='bbox 1155 3025 1232 3098; x_wconf 83' lang='grc' dir='ltr'><strong>τῷ</strong></span> <span class='ocrx_word' id='word_1_246' title='bbox 1262 3027 1480 3100; x_wconf 85' lang='grc' dir='ltr'><strong>μαθητῇ</strong></span> <span class='ocrx_word' id='word_1_247' title='bbox 1511 3032 1676 3086; x_wconf 80' lang='grc' dir='ltr'><strong>αὐτοῦ</strong></span> <span class='ocrx_word' id='word_1_248' title='bbox 1696 3048 1713 3065; x_wconf 76' lang='grc'><em>’</em></span> <span class='ocrx_word' id='word_1_249' title='bbox 1766 3035 1932 3106; x_wconf 79' lang='grc' dir='ltr'><strong>Ποίη-</strong></span> 
     </span>
    </p>
   </div>
   <div class='ocr_carea' id='block_1_31' title="bbox 337 3107 1931 3195">
    <p class='ocr_par' dir='ltr' id='par_1_31' title="bbox 337 3107 1931 3195">
     <span class='ocr_line' id='line_1_31' title="bbox 337 3107 1931 3195; baseline 0.014 -38"><span class='ocrx_word' id='word_1_250' title='bbox 337 3107 469 3158; x_wconf 80' lang='grc' dir='ltr'><strong>σον⁷</strong></span> <span class='ocrx_word' id='word_1_251' title='bbox 496 3109 685 3173; x_wconf 76' lang='grc' dir='ltr'><strong>αὐτοῖς</strong></span> <span class='ocrx_word' id='word_1_252' title='bbox 709 3111 913 3185; x_wconf 71' lang='grc' dir='ltr'><strong>μικρὰν</strong></span> <span class='ocrx_word' id='word_1_253' title='bbox 937 3115 1040 3186; x_wconf 82' lang='grc' dir='ltr'><strong>ἀθή</strong></span> <span class='ocrx_word' id='word_1_254' title='bbox 1049 3134 1148 3187; x_wconf 90' lang='grc' dir='ltr'><strong>ραν</strong></span> <span class='ocrx_word' id='word_1_255' title='bbox 1167 3134 1181 3148; x_wconf 90' lang='grc'><strong>·</strong></span> <span class='ocrx_word' id='word_1_256' title='bbox 1212 3118 1498 3175; x_wconf 82' lang='grc' dir='ltr'><strong>ἀσθενοῦσι</strong></span> <span class='ocrx_word' id='word_1_257' title='bbox 1531 3123 1661 3195; x_wconf 89' lang='grc' dir='ltr'><strong>γάρ.</strong></span> <span class='ocrx_word' id='word_1_258' title='bbox 1677 3124 1699 3157; x_wconf 82' lang='grc'><strong><em>⁵</em></strong></span> <span class='ocrx_word' id='word_1_259' title='bbox 1722 3127 1786 3179; x_wconf 79' lang='grc' dir='ltr'>Εἰ</span> <span class='ocrx_word' id='word_1_260' title='bbox 1804 3126 1931 3180; x_wconf 85' lang='grc' dir='ltr'><strong>τοῦ-</strong></span> 
     </span>
    </p>
   </div>
   <div class='ocr_carea' id='block_1_32' title="bbox 332 3185 1999 3287">
    <p class='ocr_par' dir='ltr' id='par_1_32' title="bbox 332 3185 1999 3287">
     <span class='ocr_line' id='line_1_32' title="bbox 332 3185 1999 3287; baseline 0.015 -37"><span class='ocrx_word' id='word_1_261' title='bbox 332 3215 401 3251; x_wconf 85' lang='grc' dir='ltr'><strong>το</strong></span> <span class='ocrx_word' id='word_1_262' title='bbox 431 3201 492 3252; x_wconf 81' lang='grc' dir='ltr'><strong>ού</strong></span> <span class='ocrx_word' id='word_1_263' title='bbox 522 3199 776 3267; x_wconf 75' lang='grc' dir='ltr'><strong>δύνασθε,</strong></span> <span class='ocrx_word' id='word_1_264' title='bbox 817 3205 1037 3260; x_wconf 83' lang='grc' dir='ltr'><strong>κάκεῖνο</strong></span> <span class='ocrx_word' id='word_1_265' title='bbox 1062 3207 1125 3261; x_wconf 83' lang='grc' dir='ltr'><strong>οὐ</strong></span> <span class='ocrx_word' id='word_1_266' title='bbox 1161 3208 1184 3241; x_wconf 77' lang='grc'><strong>⁵</strong></span> <span class='ocrx_word' id='word_1_267' title='bbox 1214 3209 1421 3279; x_wconf 85' lang='grc' dir='ltr'><strong>θέλετε,</strong></span> <span class='ocrx_word' id='word_1_268' title='bbox 1448 3212 1499 3266; x_wconf 81' lang='grc' dir='ltr'><strong>τι</strong></span> <span class='ocrx_word' id='word_1_269' title='bbox 1527 3214 1658 3287; x_wconf 80' lang='grc' dir='ltr'><strong>ὑμῖν</strong></span> <span class='ocrx_word' id='word_1_270' title='bbox 1684 3220 1926 3286; x_wconf 61' lang='lat' dir='ltr'><strong>ironiam;</strong></span> <span class='ocrx_word' id='word_1_271' title='bbox 1956 3185 1999 3242; x_wconf 61' lang='grc' dir='ltr'>Ο</span> 
     </span>
    </p>
   </div>
   <div class='ocr_carea' id='block_1_33' title="bbox 332 3288 724 3359">
    <p class='ocr_par' dir='ltr' id='par_1_33' title="bbox 332 3288 724 3359">
     <span class='ocr_line' id='line_1_33' title="bbox 332 3288 724 3359; baseline 0.005 -18"><span class='ocrx_word' id='word_1_272' title='bbox 332 3288 527 3358; x_wconf 77' lang='grc' dir='ltr'><strong>Εύχῶν</strong></span> <span class='ocrx_word' id='word_1_273' title='bbox 540 3291 724 3359; x_wconf 75' lang='grc' dir='ltr'><strong>χρεία.</strong></span> 
     </span>
    </p>
   </div>
   <div class='ocr_carea' id='block_1_34' title="bbox 409 3377 1931 3469">
    <p class='ocr_par' dir='ltr' id='par_1_34' title="bbox 409 3377 1931 3469">
     <span class='ocr_line' id='line_1_34' title="bbox 409 3377 1931 3469; baseline 0.017 -38"><span class='ocrx_word' id='word_1_274' title='bbox 409 3377 482 3433; x_wconf 80' lang='grc' dir='ltr'><strong>κ’.</strong></span> <span class='ocrx_word' id='word_1_275' title='bbox 535 3382 789 3453; x_wconf 76' lang='grc' dir='ltr'><strong>’Λδελφὸς</strong></span> <span class='ocrx_word' id='word_1_276' title='bbox 821 3385 1233 3460; x_wconf 80' lang='grc' dir='ltr'><strong>ἀποταξάμενος</strong></span> <span class='ocrx_word' id='word_1_277' title='bbox 1269 3391 1348 3463; x_wconf 78' lang='grc' dir='ltr'><strong>τῷ</strong></span> <span class='ocrx_word' id='word_1_278' title='bbox 1380 3394 1570 3469; x_wconf 83' lang='grc' dir='ltr'><strong>κόσμῳ</strong></span> <span class='ocrx_word' id='word_1_279' title='bbox 1597 3399 1689 3453; x_wconf 71' lang='grc' dir='ltr'><strong>καὶ</strong></span> <span class='ocrx_word' id='word_1_280' title='bbox 1719 3399 1931 3467; x_wconf 76' lang='grc' dir='ltr'><strong>διαδοὺς</strong></span> 
     </span>
    </p>
   </div>
   <div class='ocr_carea' id='block_1_35' title="bbox 336 3471 1935 3560">
    <p class='ocr_par' dir='ltr' id='par_1_35' title="bbox 336 3471 1935 3560">
     <span class='ocr_line' id='line_1_35' title="bbox 336 3471 1935 3560; baseline 0.014 -36"><span class='ocrx_word' id='word_1_281' title='bbox 336 3471 411 3525; x_wconf 86' lang='grc' dir='ltr'><strong>τά</strong></span> <span class='ocrx_word' id='word_1_282' title='bbox 437 3472 748 3545; x_wconf 78' lang='grc' dir='ltr'><strong>ὑπάρχοντα</strong></span> <span class='ocrx_word' id='word_1_283' title='bbox 775 3477 937 3531; x_wconf 79' lang='grc' dir='ltr'><strong>αὑτοῦ</strong></span> <span class='ocrx_word' id='word_1_284' title='bbox 964 3483 1223 3552; x_wconf 82' lang='grc' dir='ltr'><strong>πτωχοῖς,</strong></span> <span class='ocrx_word' id='word_1_285' title='bbox 1261 3488 1704 3560; x_wconf 85' lang='grc' dir='ltr'><strong>παρακατασχὼν</strong></span> <span class='ocrx_word' id='word_1_286' title='bbox 1739 3491 1795 3546; x_wconf 85' lang='grc' dir='ltr'><strong>δὲ</strong></span> <span class='ocrx_word' id='word_1_287' title='bbox 1833 3492 1935 3546; x_wconf 87' lang='grc' dir='ltr'><strong>ὀλί-</strong></span> 
     </span>
    </p>
   </div>
   <div class='ocr_carea' id='block_1_36' title="bbox 337 3565 1928 3653">
    <p class='ocr_par' dir='ltr' id='par_1_36' title="bbox 337 3565 1928 3653">
     <span class='ocr_line' id='line_1_36' title="bbox 337 3565 1928 3653; baseline 0.014 -39"><span class='ocrx_word' id='word_1_288' title='bbox 337 3578 415 3629; x_wconf 80' lang='grc' dir='ltr'><strong>γα</strong></span> <span class='ocrx_word' id='word_1_289' title='bbox 457 3566 538 3625; x_wconf 74' lang='grc' dir='ltr'><strong>εις</strong></span> <span class='ocrx_word' id='word_1_290' title='bbox 581 3565 741 3635; x_wconf 78' lang='grc' dir='ltr'><strong>λόγον</strong></span> <span class='ocrx_word' id='word_1_291' title='bbox 787 3569 1003 3634; x_wconf 75' lang='grc' dir='ltr'><strong>ἑαυτοῦ,</strong></span> <span class='ocrx_word' id='word_1_292' title='bbox 1036 3571 1313 3640; x_wconf 88' lang='grc' dir='ltr'><strong>παρέϐαλε</strong></span> <span class='ocrx_word' id='word_1_293' title='bbox 1346 3576 1423 3646; x_wconf 84' lang='grc' dir='ltr'><strong>τῷ</strong></span> <span class='ocrx_word' id='word_1_294' title='bbox 1451 3577 1593 3650; x_wconf 79' lang='grc' dir='ltr'><strong>ἀϐϐᾷ</strong></span> <span class='ocrx_word' id='word_1_295' title='bbox 1641 3579 1928 3653; x_wconf 74' lang='grc' dir='ltr'><strong>Ἀντωνίῳ.</strong></span> 
     </span>
    </p>
   </div>
   <div class='ocr_carea' id='block_1_37' title="bbox 337 3654 1934 3742">
    <p class='ocr_par' dir='ltr' id='par_1_37' title="bbox 337 3654 1934 3742">
     <span class='ocr_line' id='line_1_37' title="bbox 337 3654 1934 3742; baseline 0.014 -37"><span class='ocrx_word' id='word_1_296' title='bbox 337 3654 453 3707; x_wconf 77' lang='grc' dir='ltr'><strong>Καὶ</strong></span> <span class='ocrx_word' id='word_1_297' title='bbox 486 3655 645 3711; x_wconf 74' lang='grc' dir='ltr'><strong>τοῦτο</strong></span> <span class='ocrx_word' id='word_1_298' title='bbox 679 3658 884 3728; x_wconf 80' lang='grc' dir='ltr'><strong>μαθὼν,</strong></span> <span class='ocrx_word' id='word_1_299' title='bbox 918 3661 1066 3739; x_wconf 80' lang='grc' dir='ltr'><strong>λέγει</strong></span> <span class='ocrx_word' id='word_1_300' title='bbox 1115 3665 1263 3738; x_wconf 81' lang='grc' dir='ltr'><strong>αύτῷ</strong></span> <span class='ocrx_word' id='word_1_301' title='bbox 1312 3669 1341 3721; x_wconf 86' lang='grc' dir='ltr'><strong>ό</strong></span> <span class='ocrx_word' id='word_1_302' title='bbox 1381 3669 1591 3742; x_wconf 86' lang='grc' dir='ltr'><strong>γέρων·</strong></span> <span class='ocrx_word' id='word_1_303' title='bbox 1647 3672 1711 3726; x_wconf 80' lang='lat' dir='ltr'><strong>Ei</strong></span> <span class='ocrx_word' id='word_1_304' title='bbox 1757 3672 1934 3739; x_wconf 88' lang='grc' dir='ltr'><strong>θέλεις</strong></span> 
     </span>
    </p>
   </div>
   <div class='ocr_carea' id='block_1_38' title="bbox 342 3748 1934 3835">
    <p class='ocr_par' dir='ltr' id='par_1_38' title="bbox 342 3748 1934 3835">
     <span class='ocr_line' id='line_1_38' title="bbox 342 3748 1934 3835; baseline 0.014 -37"><span class='ocrx_word' id='word_1_305' title='bbox 342 3748 576 3818; x_wconf 80' lang='grc' dir='ltr'><strong>μοναχὸς</strong></span> <span class='ocrx_word' id='word_1_306' title='bbox 614 3751 888 3817; x_wconf 77' lang='grc' dir='ltr'><strong>γενέσθαι,</strong></span> <span class='ocrx_word' id='word_1_307' title='bbox 921 3755 1122 3811; x_wconf 80' lang='grc' dir='ltr'><strong>ἄπελθε</strong></span> <span class='ocrx_word' id='word_1_308' title='bbox 1152 3760 1233 3822; x_wconf 72' lang='grc' dir='ltr'><strong>εἰς</strong></span> <span class='ocrx_word' id='word_1_309' title='bbox 1262 3760 1417 3830; x_wconf 80' lang='grc' dir='ltr'><strong>τήνδε</strong></span> <span class='ocrx_word' id='word_1_310' title='bbox 1456 3762 1554 3833; x_wconf 84' lang='grc' dir='ltr'><strong>τὴν</strong></span> <span class='ocrx_word' id='word_1_311' title='bbox 1588 3762 1802 3835; x_wconf 79' lang='grc' dir='ltr'><strong>κώμην,</strong></span> <span class='ocrx_word' id='word_1_312' title='bbox 1839 3766 1934 3820; x_wconf 80' lang='grc' dir='ltr'><strong>καὶ</strong></span> 
     </span>
    </p>
   </div>
   <div class='ocr_carea' id='block_1_39' title="bbox 340 3838 1931 3929">
    <p class='ocr_par' dir='ltr' id='par_1_39' title="bbox 340 3838 1931 3929">
     <span class='ocr_line' id='line_1_39' title="bbox 340 3838 1931 3929; baseline 0.014 -38"><span class='ocrx_word' id='word_1_313' title='bbox 340 3838 615 3909; x_wconf 80' lang='grc' dir='ltr'><strong>ἀγόρασον</strong></span> <span class='ocrx_word' id='word_1_314' title='bbox 642 3844 834 3914; x_wconf 81' lang='grc' dir='ltr'><strong>κρέας,</strong></span> <span class='ocrx_word' id='word_1_315' title='bbox 863 3848 957 3900; x_wconf 75' lang='grc' dir='ltr'><strong>καὶ</strong></span> <span class='ocrx_word' id='word_1_316' title='bbox 990 3848 1212 3921; x_wconf 81' lang='grc' dir='ltr'><strong>περίθες</strong></span> <span class='ocrx_word' id='word_1_317' title='bbox 1231 3850 1310 3922; x_wconf 85' lang='grc' dir='ltr'><strong>τῷ</strong></span> <span class='ocrx_word' id='word_1_318' title='bbox 1349 3851 1561 3924; x_wconf 82' lang='grc' dir='ltr'><strong>σώματί</strong></span> <span class='ocrx_word' id='word_1_319' title='bbox 1592 3871 1683 3909; x_wconf 88' lang='grc' dir='ltr'><strong>σου</strong></span> <span class='ocrx_word' id='word_1_320' title='bbox 1719 3858 1931 3929; x_wconf 83' lang='grc' dir='ltr'><strong>γυμνῷ,</strong></span> 
     </span>
    </p>
   </div>
   <div class='ocr_carea' id='block_1_40' title="bbox 343 3930 1932 4013">
    <p class='ocr_par' dir='ltr' id='par_1_40' title="bbox 343 3930 1932 4013">
     <span class='ocr_line' id='line_1_40' title="bbox 343 3930 1932 4013; baseline 0.013 -32"><span class='ocrx_word' id='word_1_321' title='bbox 343 3930 442 3982; x_wconf 72' lang='grc' dir='ltr'><strong>καὶ</strong></span> <span class='ocrx_word' id='word_1_322' title='bbox 470 3930 643 3996; x_wconf 79' lang='grc' dir='ltr'><strong>οὕτως</strong></span> <span class='ocrx_word' id='word_1_323' title='bbox 681 3932 802 3989; x_wconf 83' lang='grc' dir='ltr'><strong>ἐλθέ</strong></span> <span class='ocrx_word' id='word_1_324' title='bbox 833 3937 1086 3994; x_wconf 80' lang='grc' dir='ltr'><strong>ἐνταῦθα.</strong></span> <span class='ocrx_word' id='word_1_325' title='bbox 1118 3941 1228 3994; x_wconf 78' lang='grc' dir='ltr'><strong>Καὶ</strong></span> <span class='ocrx_word' id='word_1_326' title='bbox 1279 3944 1606 4013; x_wconf 86' lang='grc' dir='ltr'><strong>ποιήσαντος</strong></span> <span class='ocrx_word' id='word_1_327' title='bbox 1637 3946 1811 4012; x_wconf 77' lang='grc' dir='ltr'><strong>οὕτως</strong></span> <span class='ocrx_word' id='word_1_328' title='bbox 1837 3947 1932 4002; x_wconf 80' lang='grc' dir='ltr'><strong>τοῦ</strong></span> 
     </span>
    </p>
   </div>
   <div class='ocr_carea' id='block_1_41' title="bbox 344 4021 1936 4107">
    <p class='ocr_par' dir='ltr' id='par_1_41' title="bbox 344 4021 1936 4107">
     <span class='ocr_line' id='line_1_41' title="bbox 344 4021 1936 4107; baseline 0.011 -31"><span class='ocrx_word' id='word_1_329' title='bbox 344 4021 599 4093; x_wconf 78' lang='grc' dir='ltr'><strong>ἀδελφοῦ,</strong></span> <span class='ocrx_word' id='word_1_330' title='bbox 627 4025 680 4078; x_wconf 72' lang='lat' dir='ltr'><strong>0i</strong></span> <span class='ocrx_word' id='word_1_331' title='bbox 720 4026 883 4093; x_wconf 82' lang='grc' dir='ltr'><strong>κύνες</strong></span> <span class='ocrx_word' id='word_1_332' title='bbox 920 4031 1016 4083; x_wconf 70' lang='grc' dir='ltr'><strong>καὶ</strong></span> <span class='ocrx_word' id='word_1_333' title='bbox 1048 4032 1117 4087; x_wconf 88' lang='grc' dir='ltr'><strong>τά</strong></span> <span class='ocrx_word' id='word_1_334' title='bbox 1145 4033 1307 4103; x_wconf 85' lang='grc' dir='ltr'><strong>δρνεα</strong></span> <span class='ocrx_word' id='word_1_335' title='bbox 1331 4035 1391 4088; x_wconf 75' lang='grc' dir='ltr'><strong>τὸ</strong></span> <span class='ocrx_word' id='word_1_336' title='bbox 1421 4035 1582 4107; x_wconf 78' lang='grc' dir='ltr'><strong>σῶμα</strong></span> <span class='ocrx_word' id='word_1_337' title='bbox 1612 4038 1776 4092; x_wconf 80' lang='grc' dir='ltr'><strong>αὐτοῦ</strong></span> <span class='ocrx_word' id='word_1_338' title='bbox 1804 4057 1936 4094; x_wconf 85' lang='grc' dir='ltr'><strong>κατ-</strong></span> 
     </span>
    </p>
   </div>
   <div class='ocr_carea' id='block_1_42' title="bbox 343 4113 1933 4203">
    <p class='ocr_par' dir='ltr' id='par_1_42' title="bbox 343 4113 1933 4203">
     <span class='ocr_line' id='line_1_42' title="bbox 343 4113 1933 4203; baseline 0.013 -37"><span class='ocrx_word' id='word_1_339' title='bbox 343 4113 587 4185; x_wconf 76' lang='grc' dir='ltr'><strong>έτεμνόν.</strong></span> <span class='ocrx_word' id='word_1_340' title='bbox 606 4118 1044 4191; x_wconf 76' lang='grc' dir='ltr'><strong>’Λπαντήσαντος</strong></span> <span class='ocrx_word' id='word_1_341' title='bbox 1076 4123 1131 4176; x_wconf 81' lang='grc' dir='ltr'><strong>δὲ</strong></span> <span class='ocrx_word' id='word_1_342' title='bbox 1179 4125 1343 4179; x_wconf 81' lang='grc' dir='ltr'><strong>αὑτοῦ</strong></span> <span class='ocrx_word' id='word_1_343' title='bbox 1378 4127 1516 4198; x_wconf 79' lang='grc' dir='ltr'><strong>πρὸς</strong></span> <span class='ocrx_word' id='word_1_344' title='bbox 1554 4128 1646 4183; x_wconf 81' lang='grc' dir='ltr'><strong>τὸν</strong></span> <span class='ocrx_word' id='word_1_345' title='bbox 1678 4131 1933 4203; x_wconf 82' lang='grc' dir='ltr'><strong>γέροντα,</strong></span> 
     </span>
    </p>
   </div>
   <div class='ocr_carea' id='block_1_43' title="bbox 346 4206 1935 4279">
    <p class='ocr_par' dir='ltr' id='par_1_43' title="bbox 346 4206 1935 4279">
     <span class='ocr_line' id='line_1_43' title="bbox 346 4206 1935 4279; baseline 0.014 -21"><span class='ocrx_word' id='word_1_346' title='bbox 346 4206 574 4260; x_wconf 76' lang='grc' dir='ltr'><strong>ἐπύθετο</strong></span> <span class='ocrx_word' id='word_1_347' title='bbox 595 4209 645 4262; x_wconf 69' lang='grc' dir='ltr'><strong>εἰ</strong></span> <span class='ocrx_word' id='word_1_348' title='bbox 673 4210 894 4278; x_wconf 79' lang='grc' dir='ltr'><strong>γέγονεν</strong></span> <span class='ocrx_word' id='word_1_349' title='bbox 912 4212 992 4278; x_wconf 79' lang='grc' dir='ltr'><strong>ὡς</strong></span> <span class='ocrx_word' id='word_1_350' title='bbox 1022 4215 1456 4273; x_wconf 81' lang='grc' dir='ltr'><strong>συνεϐούλευσεν.</strong></span> <span class='ocrx_word' id='word_1_351' title='bbox 1476 4220 1716 4277; x_wconf 76' lang='lat' dir='ltr'><strong>&#39;Exalvou</strong></span> <span class='ocrx_word' id='word_1_352' title='bbox 1738 4223 1794 4277; x_wconf 79' lang='grc' dir='ltr'><strong>δὲ</strong></span> <span class='ocrx_word' id='word_1_353' title='bbox 1814 4225 1935 4279; x_wconf 78' lang='grc' dir='ltr'><strong>ἐπι·</strong></span> 
     </span>
    </p>
   </div>
   <div class='ocr_carea' id='block_1_44' title="bbox 342 4297 1935 4387">
    <p class='ocr_par' dir='ltr' id='par_1_44' title="bbox 342 4297 1935 4387">
     <span class='ocr_line' id='line_1_44' title="bbox 342 4297 1935 4387; baseline 0.014 -39"><span class='ocrx_word' id='word_1_354' title='bbox 342 4297 696 4387; x_wconf 83' lang='grc' dir='ltr'><strong>δεικνυμένου</strong></span> <span class='ocrx_word' id='word_1_355' title='bbox 729 4303 789 4356; x_wconf 82' lang='grc' dir='ltr'><strong>τὸ</strong></span> <span class='ocrx_word' id='word_1_356' title='bbox 828 4304 987 4375; x_wconf 84' lang='grc' dir='ltr'><strong>σῶμα</strong></span> <span class='ocrx_word' id='word_1_357' title='bbox 1011 4305 1506 4381; x_wconf 83' lang='grc' dir='ltr'><strong>διεσπαραγμένον,</strong></span> <span class='ocrx_word' id='word_1_358' title='bbox 1545 4311 1694 4383; x_wconf 87' lang='grc' dir='ltr'><strong>λέγει</strong></span> <span class='ocrx_word' id='word_1_359' title='bbox 1722 4317 1750 4368; x_wconf 77' lang='lat'><strong>6</strong></span> <span class='ocrx_word' id='word_1_360' title='bbox 1780 4315 1935 4387; x_wconf 79' lang='grc' dir='ltr'><strong>ἅγιος</strong></span> 
     </span>
    </p>
   </div>
   <div class='ocr_carea' id='block_1_45' title="bbox 358 4386 1935 4472">
    <p class='ocr_par' dir='ltr' id='par_1_45' title="bbox 358 4386 1935 4472">
     <span class='ocr_line' id='line_1_45' title="bbox 358 4386 1935 4472; baseline 0.013 -33"><span class='ocrx_word' id='word_1_361' title='bbox 358 4386 669 4455; x_wconf 68' lang='grc' dir='ltr'><strong>Ἀντώνιος·</strong></span> <span class='ocrx_word' id='word_1_362' title='bbox 691 4393 756 4446; x_wconf 82' lang='grc' dir='ltr'>Οἱ</span> <span class='ocrx_word' id='word_1_363' title='bbox 783 4394 1183 4467; x_wconf 82' lang='grc' dir='ltr'><strong>ἀποταξάμενοι</strong></span> <span class='ocrx_word' id='word_1_364' title='bbox 1207 4399 1285 4470; x_wconf 84' lang='grc' dir='ltr'><strong>τῷ</strong></span> <span class='ocrx_word' id='word_1_365' title='bbox 1317 4401 1527 4472; x_wconf 83' lang='grc' dir='ltr'><strong>κόσμῳ,</strong></span> <span class='ocrx_word' id='word_1_366' title='bbox 1565 4405 1659 4456; x_wconf 71' lang='grc' dir='ltr'><strong>καὶ</strong></span> <span class='ocrx_word' id='word_1_367' title='bbox 1693 4386 1935 4471; x_wconf 84' lang='grc' dir='ltr'><strong>θέλοντες</strong></span> 
     </span>
    </p>
   </div>
   <div class='ocr_carea' id='block_1_46' title="bbox 2043 570 3619 648">
    <p class='ocr_par' dir='ltr' id='par_1_46' title="bbox 2043 570 3619 648">
     <span class='ocr_line' id='line_1_46' title="bbox 2043 570 3619 648; baseline 0.01 -24"><span class='ocrx_word' id='word_1_368' title='bbox 2043 570 2111 626; x_wconf 92' lang='lat' dir='ltr'><strong>de</strong></span> <span class='ocrx_word' id='word_1_369' title='bbox 2142 571 2307 637; x_wconf 89' lang='lat' dir='ltr'><strong>Sceti,</strong></span> <span class='ocrx_word' id='word_1_370' title='bbox 2340 581 2394 629; x_wconf 92' lang='lat' dir='ltr'><strong>et</strong></span> <span class='ocrx_word' id='word_1_371' title='bbox 2416 572 2651 645; x_wconf 84' lang='lat' dir='ltr'><strong>ingrcssi</strong></span> <span class='ocrx_word' id='word_1_372' title='bbox 2683 590 2877 631; x_wconf 87' lang='lat' dir='ltr'><strong>navem</strong></span> <span class='ocrx_word' id='word_1_373' title='bbox 2908 583 2968 630; x_wconf 91' lang='lat' dir='ltr'><strong>ut</strong></span> <span class='ocrx_word' id='word_1_374' title='bbox 3003 577 3145 634; x_wconf 92' lang='lat' dir='ltr'><strong>irent</strong></span> <span class='ocrx_word' id='word_1_375' title='bbox 3171 579 3245 635; x_wconf 91' lang='lat' dir='ltr'><strong>ad</strong></span> <span class='ocrx_word' id='word_1_376' title='bbox 3279 597 3428 648; x_wconf 88' lang='lat' dir='ltr'><strong>eum,</strong></span> <span class='ocrx_word' id='word_1_377' title='bbox 3461 583 3619 641; x_wconf 84' lang='lat' dir='ltr'><strong>inve—</strong></span> 
     </span>
    </p>
   </div>
   <div class='ocr_carea' id='block_1_47' title="bbox 2042 663 3622 740">
    <p class='ocr_par' dir='ltr' id='par_1_47' title="bbox 2042 663 3622 740">
     <span class='ocr_line' id='line_1_47' title="bbox 2042 663 3622 740; baseline 0.009 -24"><span class='ocrx_word' id='word_1_378' title='bbox 2042 669 2242 717; x_wconf 90' lang='lat' dir='ltr'><strong>nerunt</strong></span> <span class='ocrx_word' id='word_1_379' title='bbox 2273 678 2458 719; x_wconf 88' lang='lat' dir='ltr'><strong>senem</strong></span> <span class='ocrx_word' id='word_1_380' title='bbox 2488 663 2585 735; x_wconf 89' lang='lat' dir='ltr'><strong>qui</strong></span> <span class='ocrx_word' id='word_1_381' title='bbox 2625 664 2743 735; x_wconf 87' lang='lat' dir='ltr'><strong>ipse</strong></span> <span class='ocrx_word' id='word_1_382' title='bbox 2771 665 2937 725; x_wconf 76' lang='lat' dir='ltr'><strong>etiam</strong></span> <span class='ocrx_word' id='word_1_383' title='bbox 2980 667 3111 724; x_wconf 89' lang='lat' dir='ltr'><strong>illuc</strong></span> <span class='ocrx_word' id='word_1_384' title='bbox 3154 670 3432 740; x_wconf 76' lang='lat' dir='ltr'><strong>proﬁcisci</strong></span> <span class='ocrx_word' id='word_1_385' title='bbox 3474 673 3622 730; x_wconf 74' lang='lat' dir='ltr'><strong>vole-</strong></span> 
     </span>
    </p>
   </div>
   <div class='ocr_carea' id='block_1_48' title="bbox 2042 752 3622 833">
    <p class='ocr_par' dir='ltr' id='par_1_48' title="bbox 2042 752 3622 833">
     <span class='ocr_line' id='line_1_48' title="bbox 2042 752 3622 833; baseline 0.007 -27"><span class='ocrx_word' id='word_1_386' title='bbox 2042 752 2154 806; x_wconf 89' lang='lat' dir='ltr'><strong>bat.</strong></span> <span class='ocrx_word' id='word_1_387' title='bbox 2178 753 2464 810; x_wconf 78' lang='lat' dir='ltr'><strong>Fratribus</strong></span> <span class='ocrx_word' id='word_1_388' title='bbox 2491 762 2674 815; x_wconf 83' lang='lat' dir='ltr'><strong>autem</strong></span> <span class='ocrx_word' id='word_1_389' title='bbox 2706 770 2817 811; x_wconf 78' lang='lat' dir='ltr'><strong>non</strong></span> <span class='ocrx_word' id='word_1_390' title='bbox 2845 763 2964 811; x_wconf 90' lang='lat' dir='ltr'><strong>erat</strong></span> <span class='ocrx_word' id='word_1_391' title='bbox 2994 768 3179 817; x_wconf 82' lang='lat' dir='ltr'><strong>notus.</strong></span> <span class='ocrx_word' id='word_1_392' title='bbox 3211 758 3476 819; x_wconf 81' lang='lat' dir='ltr'><strong>Sedentes</strong></span> <span class='ocrx_word' id='word_1_393' title='bbox 3500 777 3622 833; x_wconf 88' lang='lat' dir='ltr'><strong>por-</strong></span> 
     </span>
    </p>
   </div>
   <div class='ocr_carea' id='block_1_49' title="bbox 2041 845 3623 917">
    <p class='ocr_par' dir='ltr' id='par_1_49' title="bbox 2041 845 3623 917">
     <span class='ocr_line' id='line_1_49' title="bbox 2041 845 3623 917; baseline 0.008 -20"><span class='ocrx_word' id='word_1_394' title='bbox 2041 859 2103 897; x_wconf 87' lang='lat' dir='ltr'><strong>ro</strong></span> <span class='ocrx_word' id='word_1_395' title='bbox 2134 845 2191 900; x_wconf 88' lang='lat' dir='ltr'><strong>in</strong></span> <span class='ocrx_word' id='word_1_396' title='bbox 2219 846 2367 911; x_wconf 79' lang='lat' dir='ltr'><strong>navi,</strong></span> <span class='ocrx_word' id='word_1_397' title='bbox 2398 846 2767 917; x_wconf 82' lang='lat' dir='ltr'><strong>loquebantur</strong></span> <span class='ocrx_word' id='word_1_398' title='bbox 2815 863 3101 904; x_wconf 83' lang='lat' dir='ltr'><strong>sermones</strong></span> <span class='ocrx_word' id='word_1_399' title='bbox 3130 847 3378 917; x_wconf 82' lang='lat' dir='ltr'><strong>Patrum,</strong></span> <span class='ocrx_word' id='word_1_400' title='bbox 3406 867 3623 909; x_wconf 85' lang='lat' dir='ltr'><strong>necnon</strong></span> 
     </span>
    </p>
   </div>
   <div class='ocr_carea' id='block_1_50' title="bbox 2039 935 3619 1010">
    <p class='ocr_par' dir='ltr' id='par_1_50' title="bbox 2039 935 3619 1010">
     <span class='ocr_line' id='line_1_50' title="bbox 2039 935 3619 1010; baseline 0.006 -19"><span class='ocrx_word' id='word_1_401' title='bbox 2039 951 2104 991; x_wconf 78' lang='lat' dir='ltr'><strong>ex</strong></span> <span class='ocrx_word' id='word_1_402' title='bbox 2152 935 2475 1008; x_wconf 85' lang='lat' dir='ltr'><strong>Scripturis,</strong></span> <span class='ocrx_word' id='word_1_403' title='bbox 2506 949 2695 1010; x_wconf 86' lang='lat' dir='ltr'><strong>postea</strong></span> <span class='ocrx_word' id='word_1_404' title='bbox 2741 939 2807 995; x_wconf 92' lang='lat' dir='ltr'><strong>de</strong></span> <span class='ocrx_word' id='word_1_405' title='bbox 2860 942 3143 997; x_wconf 79' lang='lat' dir='ltr'><strong>laboribus</strong></span> <span class='ocrx_word' id='word_1_406' title='bbox 3188 958 3453 998; x_wconf 87' lang='lat' dir='ltr'><strong>manuum</strong></span> <span class='ocrx_word' id='word_1_407' title='bbox 3492 960 3619 1001; x_wconf 85' lang='lat' dir='ltr'><strong>sua-</strong></span> 
     </span>
    </p>
   </div>
   <div class='ocr_carea' id='block_1_51' title="bbox 2039 1028 3620 1092">
    <p class='ocr_par' dir='ltr' id='par_1_51' title="bbox 2039 1028 3620 1092">
     <span class='ocr_line' id='line_1_51' title="bbox 2039 1028 3620 1092; baseline 0.008 -12"><span class='ocrx_word' id='word_1_408' title='bbox 2039 1042 2181 1082; x_wconf 86' lang='lat' dir='ltr'><strong>rum.</strong></span> <span class='ocrx_word' id='word_1_409' title='bbox 2213 1028 2283 1083; x_wconf 82' lang='lat' dir='ltr'><strong>At</strong></span> <span class='ocrx_word' id='word_1_410' title='bbox 2332 1046 2501 1087; x_wconf 81' lang='lat' dir='ltr'><strong>senex</strong></span> <span class='ocrx_word' id='word_1_411' title='bbox 2552 1031 2790 1086; x_wconf 85' lang='lat' dir='ltr'><strong>tacebat.</strong></span> <span class='ocrx_word' id='word_1_412' title='bbox 2822 1031 2962 1086; x_wconf 91' lang='lat' dir='ltr'><strong>Cum</strong></span> <span class='ocrx_word' id='word_1_413' title='bbox 2996 1041 3180 1091; x_wconf 89' lang='lat' dir='ltr'><strong>autem</strong></span> <span class='ocrx_word' id='word_1_414' title='bbox 3214 1035 3498 1092; x_wconf 81' lang='lat' dir='ltr'><strong>venissent</strong></span> <span class='ocrx_word' id='word_1_415' title='bbox 3551 1036 3620 1092; x_wconf 76' lang='lat' dir='ltr'><strong>ad</strong></span> 
     </span>
    </p>
   </div>
   <div class='ocr_carea' id='block_1_52' title="bbox 2039 1122 3623 1191">
    <p class='ocr_par' dir='ltr' id='par_1_52' title="bbox 2039 1122 3623 1191">
     <span class='ocr_line' id='line_1_52' title="bbox 2039 1122 3623 1191; baseline 0.008 -18"><span class='ocrx_word' id='word_1_416' title='bbox 2039 1128 2278 1190; x_wconf 88' lang='lat' dir='ltr'><strong>portum,</strong></span> <span class='ocrx_word' id='word_1_417' title='bbox 2310 1122 2686 1191; x_wconf 86' lang='lat' dir='ltr'><strong>deprehensus</strong></span> <span class='ocrx_word' id='word_1_418' title='bbox 2733 1130 2822 1178; x_wconf 88' lang='lat' dir='ltr'><strong>est</strong></span> <span class='ocrx_word' id='word_1_419' title='bbox 2865 1125 3031 1179; x_wconf 87' lang='lat' dir='ltr'><strong>etiam</strong></span> <span class='ocrx_word' id='word_1_420' title='bbox 3064 1140 3233 1181; x_wconf 84' lang='lat' dir='ltr'><strong>senex</strong></span> <span class='ocrx_word' id='word_1_421' title='bbox 3264 1126 3334 1183; x_wconf 88' lang='lat' dir='ltr'><strong>ad</strong></span> <span class='ocrx_word' id='word_1_422' title='bbox 3365 1127 3623 1185; x_wconf 83' lang='lat' dir='ltr'><strong>abbatem</strong></span> 
     </span>
    </p>
   </div>
   <div class='ocr_carea' id='block_1_53' title="bbox 2037 1208 3625 1281">
    <p class='ocr_par' dir='ltr' id='par_1_53' title="bbox 2037 1208 3625 1281">
     <span class='ocr_line' id='line_1_53' title="bbox 2037 1208 3625 1281; baseline 0.004 -19"><span class='ocrx_word' id='word_1_423' title='bbox 2037 1209 2334 1266; x_wconf 82' lang='lat' dir='ltr'><strong>Antonium</strong></span> <span class='ocrx_word' id='word_1_424' title='bbox 2367 1210 2659 1281; x_wconf 83' lang='lat' dir='ltr'><strong>proﬁcisci.</strong></span> <span class='ocrx_word' id='word_1_425' title='bbox 2688 1208 2869 1280; x_wconf 90' lang='lat' dir='ltr'><strong>thue</strong></span> <span class='ocrx_word' id='word_1_426' title='bbox 2921 1210 3002 1275; x_wconf 82' lang='lat' dir='ltr'><strong>ad</strong></span> <span class='ocrx_word' id='word_1_427' title='bbox 3037 1226 3164 1266; x_wconf 91' lang='lat' dir='ltr'><strong>eum</strong></span> <span class='ocrx_word' id='word_1_428' title='bbox 3218 1221 3512 1278; x_wconf 83' lang='lat' dir='ltr'><strong>venerunt,</strong></span> <span class='ocrx_word' id='word_1_429' title='bbox 3544 1213 3625 1273; x_wconf 84' lang='lat' dir='ltr'><strong>ait</strong></span> 
     </span>
    </p>
   </div>
   <div class='ocr_carea' id='block_1_54' title="bbox 2038 1299 3621 1378">
    <p class='ocr_par' dir='ltr' id='par_1_54' title="bbox 2038 1299 3621 1378">
     <span class='ocr_line' id='line_1_54' title="bbox 2038 1299 3621 1378; baseline 0.002 -24"><span class='ocrx_word' id='word_1_430' title='bbox 2038 1300 2148 1356; x_wconf 90' lang='lat' dir='ltr'><strong>illis</strong></span> <span class='ocrx_word' id='word_1_431' title='bbox 2181 1319 2194 1354; x_wconf 92' lang='lat'><strong>:</strong></span> <span class='ocrx_word' id='word_1_432' title='bbox 2232 1299 2442 1355; x_wconf 83' lang='lat' dir='ltr'><strong>Bonum</strong></span> <span class='ocrx_word' id='word_1_433' title='bbox 2476 1300 2798 1359; x_wconf 86' lang='lat' dir='ltr'><strong>comitatum</strong></span> <span class='ocrx_word' id='word_1_434' title='bbox 2834 1301 2979 1360; x_wconf 80' lang='lat' dir='ltr'><strong>nacti</strong></span> <span class='ocrx_word' id='word_1_435' title='bbox 3025 1304 3184 1368; x_wconf 88' lang='lat' dir='ltr'><strong>estis,</strong></span> <span class='ocrx_word' id='word_1_436' title='bbox 3218 1302 3367 1378; x_wconf 69' lang='lat' dir='ltr'><strong>hunc</strong></span> <span class='ocrx_word' id='word_1_437' title='bbox 3409 1318 3621 1360; x_wconf 85' lang='lat' dir='ltr'><strong>senem.</strong></span> 
     </span>
    </p>
   </div>
   <div class='ocr_carea' id='block_1_55' title="bbox 2037 1389 3621 1464">
    <p class='ocr_par' dir='ltr' id='par_1_55' title="bbox 2037 1389 3621 1464">
     <span class='ocr_line' id='line_1_55' title="bbox 2037 1389 3621 1464; baseline 0.004 -21"><span class='ocrx_word' id='word_1_438' title='bbox 2037 1389 2185 1446; x_wconf 80' lang='lat' dir='ltr'><strong>Dixit</strong></span> <span class='ocrx_word' id='word_1_439' title='bbox 2212 1406 2431 1461; x_wconf 88' lang='lat' dir='ltr'><strong>quoque</strong></span> <span class='ocrx_word' id='word_1_440' title='bbox 2465 1393 2584 1447; x_wconf 87' lang='lat' dir='ltr'><strong>seni</strong></span> <span class='ocrx_word' id='word_1_441' title='bbox 2614 1411 2626 1446; x_wconf 90' lang='lat'>:</span> <span class='ocrx_word' id='word_1_442' title='bbox 2658 1390 2871 1451; x_wconf 84' lang='lat' dir='ltr'><strong>Probos</strong></span> <span class='ocrx_word' id='word_1_443' title='bbox 2900 1392 3104 1450; x_wconf 78' lang='lat' dir='ltr'><strong>fratres</strong></span> <span class='ocrx_word' id='word_1_444' title='bbox 3134 1400 3312 1451; x_wconf 85' lang='lat' dir='ltr'><strong>tecum</strong></span> <span class='ocrx_word' id='word_1_445' title='bbox 3343 1394 3621 1464; x_wconf 85' lang='lat' dir='ltr'><strong>reperisti,</strong></span> 
     </span>
    </p>
   </div>
   <div class='ocr_carea' id='block_1_56' title="bbox 2036 1481 3619 1555">
    <p class='ocr_par' dir='ltr' id='par_1_56' title="bbox 2036 1481 3619 1555">
     <span class='ocr_line' id='line_1_56' title="bbox 2036 1481 3619 1555; baseline 0.004 -19"><span class='ocrx_word' id='word_1_446' title='bbox 2036 1482 2173 1537; x_wconf 84' lang='lat' dir='ltr'><strong>abba</strong></span> <span class='ocrx_word' id='word_1_447' title='bbox 2225 1481 2364 1540; x_wconf 80' lang='lat' dir='ltr'><strong>Tum</strong></span> <span class='ocrx_word' id='word_1_448' title='bbox 2409 1498 2577 1538; x_wconf 83' lang='lat' dir='ltr'><strong>senex</strong></span> <span class='ocrx_word' id='word_1_449' title='bbox 2609 1503 2623 1538; x_wconf 87' lang='lat'><strong>:</strong></span> <span class='ocrx_word' id='word_1_450' title='bbox 2661 1482 2919 1539; x_wconf 73' lang='lat' dir='ltr'><strong>Prmclari</strong></span> <span class='ocrx_word' id='word_1_451' title='bbox 2965 1485 3203 1555; x_wconf 54' lang='lat' dir='ltr'><strong>quidem,</strong></span> <span class='ocrx_word' id='word_1_452' title='bbox 3233 1493 3401 1553; x_wconf 79' lang='lat' dir='ltr'><strong>sunt;</strong></span> <span class='ocrx_word' id='word_1_453' title='bbox 3430 1500 3619 1545; x_wconf 84' lang='lat' dir='ltr'><strong>verum</strong></span> 
     </span>
    </p>
   </div>
   <div class='ocr_carea' id='block_1_57' title="bbox 2035 1574 3624 1648">
    <p class='ocr_par' dir='ltr' id='par_1_57' title="bbox 2035 1574 3624 1648">
     <span class='ocr_line' id='line_1_57' title="bbox 2035 1574 3624 1648; baseline 0 -18"><span class='ocrx_word' id='word_1_454' title='bbox 2035 1574 2161 1630; x_wconf 89' lang='lat' dir='ltr'><strong>aula</strong></span> <span class='ocrx_word' id='word_1_455' title='bbox 2202 1589 2391 1633; x_wconf 90' lang='lat' dir='ltr'><strong>eorum</strong></span> <span class='ocrx_word' id='word_1_456' title='bbox 2430 1591 2539 1633; x_wconf 84' lang='lat' dir='ltr'><strong>non</strong></span> <span class='ocrx_word' id='word_1_457' title='bbox 2573 1575 2738 1631; x_wconf 83' lang='lat' dir='ltr'><strong>habet</strong></span> <span class='ocrx_word' id='word_1_458' title='bbox 2759 1576 3010 1646; x_wconf 82' lang='lat' dir='ltr'><strong>januam,</strong></span> <span class='ocrx_word' id='word_1_459' title='bbox 3045 1584 3103 1633; x_wconf 89' lang='lat' dir='ltr'><strong>et</strong></span> <span class='ocrx_word' id='word_1_460' title='bbox 3147 1576 3463 1648; x_wconf 70' lang='lat' dir='ltr'><strong>quicunque</strong></span> <span class='ocrx_word' id='word_1_461' title='bbox 3504 1577 3624 1635; x_wconf 84' lang='lat' dir='ltr'><strong>vult</strong></span> 
     </span>
    </p>
   </div>
   <div class='ocr_carea' id='block_1_58' title="bbox 2034 1666 3622 1729">
    <p class='ocr_par' dir='ltr' id='par_1_58' title="bbox 2034 1666 3622 1729">
     <span class='ocr_line' id='line_1_58' title="bbox 2034 1666 3622 1729; baseline 0.001 -7"><span class='ocrx_word' id='word_1_462' title='bbox 2034 1666 2202 1722; x_wconf 89' lang='lat' dir='ltr'><strong>intrat</strong></span> <span class='ocrx_word' id='word_1_463' title='bbox 2240 1667 2294 1724; x_wconf 90' lang='lat' dir='ltr'><strong>in</strong></span> <span class='ocrx_word' id='word_1_464' title='bbox 2324 1668 2626 1729; x_wconf 85' lang='lat' dir='ltr'><strong>stabulum,</strong></span> <span class='ocrx_word' id='word_1_465' title='bbox 2661 1682 2725 1722; x_wconf 87' lang='lat' dir='ltr'><strong>ac</strong></span> <span class='ocrx_word' id='word_1_466' title='bbox 2752 1668 2916 1727; x_wconf 83' lang='lat' dir='ltr'><strong>solvit</strong></span> <span class='ocrx_word' id='word_1_467' title='bbox 2948 1668 3190 1724; x_wconf 89' lang='lat' dir='ltr'><strong>asinum.</strong></span> <span class='ocrx_word' id='word_1_468' title='bbox 3220 1667 3277 1727; x_wconf 83' lang='lat' dir='ltr'><strong>Id</strong></span> <span class='ocrx_word' id='word_1_469' title='bbox 3311 1682 3441 1726; x_wconf 87' lang='lat' dir='ltr'><strong>vero</strong></span> <span class='ocrx_word' id='word_1_470' title='bbox 3470 1668 3622 1724; x_wconf 86' lang='lat' dir='ltr'><strong>dice-</strong></span> 
     </span>
    </p>
   </div>
   <div class='ocr_carea' id='block_1_59' title="bbox 2033 1757 3621 1833">
    <p class='ocr_par' dir='ltr' id='par_1_59' title="bbox 2033 1757 3621 1833">
     <span class='ocr_line' id='line_1_59' title="bbox 2033 1757 3621 1833; baseline 0.004 -22"><span class='ocrx_word' id='word_1_471' title='bbox 2033 1757 2147 1823; x_wconf 85' lang='lat' dir='ltr'><strong>bat,</strong></span> <span class='ocrx_word' id='word_1_472' title='bbox 2178 1759 2307 1830; x_wconf 88' lang='lat' dir='ltr'><strong>quia</strong></span> <span class='ocrx_word' id='word_1_473' title='bbox 2338 1758 2606 1830; x_wconf 83' lang='lat' dir='ltr'><strong>quidquid</strong></span> <span class='ocrx_word' id='word_1_474' title='bbox 2637 1759 2747 1816; x_wconf 88' lang='lat' dir='ltr'><strong>illis</strong></span> <span class='ocrx_word' id='word_1_475' title='bbox 2774 1760 2829 1816; x_wconf 86' lang='lat' dir='ltr'><strong>in</strong></span> <span class='ocrx_word' id='word_1_476' title='bbox 2865 1760 3095 1817; x_wconf 89' lang='lat' dir='ltr'><strong>buccam</strong></span> <span class='ocrx_word' id='word_1_477' title='bbox 3128 1760 3401 1827; x_wconf 82' lang='lat' dir='ltr'><strong>veniebat,</strong></span> <span class='ocrx_word' id='word_1_478' title='bbox 3428 1760 3621 1833; x_wconf 84' lang='lat' dir='ltr'><strong>loque-</strong></span> 
     </span>
    </p>
   </div>
   <div class='ocr_carea' id='block_1_60' title="bbox 1957 1844 2253 1906">
    <p class='ocr_par' dir='ltr' id='par_1_60' title="bbox 1957 1844 2253 1906">
     <span class='ocr_line' id='line_1_60' title="bbox 1957 1844 2253 1906; baseline -0.003 0"><span class='ocrx_word' id='word_1_479' title='bbox 1957 1844 2002 1900; x_wconf 83' lang='grc' dir='ltr'><strong>Β</strong></span> <span class='ocrx_word' id='word_1_480' title='bbox 2030 1851 2253 1906; x_wconf 85' lang='lat' dir='ltr'><strong>bantur.</strong></span> 
     </span>
    </p>
   </div>
   <div class='ocr_carea' id='block_1_61' title="bbox 2109 1942 3617 2014">
    <p class='ocr_par' dir='ltr' id='par_1_61' title="bbox 2109 1942 3617 2014">
     <span class='ocr_line' id='line_1_61' title="bbox 2109 1942 3617 2014; baseline 0 -18"><span class='ocrx_word' id='word_1_481' title='bbox 2109 1943 2193 1997; x_wconf 83' lang='lat' dir='ltr'><strong>l9.</strong></span> <span class='ocrx_word' id='word_1_482' title='bbox 2236 1942 2349 2014; x_wconf 65' lang='grc'><strong>(54)</strong></span> <span class='ocrx_word' id='word_1_483' title='bbox 2390 1942 2677 2001; x_wconf 82' lang='lat' dir='ltr'><strong>Venerunt</strong></span> <span class='ocrx_word' id='word_1_484' title='bbox 2693 1943 2891 2001; x_wconf 77' lang='lat' dir='ltr'><strong>fratres</strong></span> <span class='ocrx_word' id='word_1_485' title='bbox 2919 1942 2988 2000; x_wconf 89' lang='lat' dir='ltr'><strong>ad</strong></span> <span class='ocrx_word' id='word_1_486' title='bbox 3012 1942 3264 2000; x_wconf 76' lang='lat' dir='ltr'><strong>abbatem</strong></span> <span class='ocrx_word' id='word_1_487' title='bbox 3288 1942 3617 2007; x_wconf 63' lang='lat' dir='ltr'><strong>Antonium,</strong></span> 
     </span>
    </p>
   </div>
   <div class='ocr_carea' id='block_1_62' title="bbox 2035 2033 3622 2107">
    <p class='ocr_par' dir='ltr' id='par_1_62' title="bbox 2035 2033 3622 2107">
     <span class='ocr_line' id='line_1_62' title="bbox 2035 2033 3622 2107; baseline -0.001 -18"><span class='ocrx_word' id='word_1_488' title='bbox 2035 2033 2296 2105; x_wconf 87' lang='lat' dir='ltr'><strong>aiuntque</strong></span> <span class='ocrx_word' id='word_1_489' title='bbox 2325 2035 2374 2090; x_wconf 89' lang='lat' dir='ltr'><strong>ei</strong></span> <span class='ocrx_word' id='word_1_490' title='bbox 2413 2054 2427 2089; x_wconf 88' lang='lat'><strong>:</strong></span> <span class='ocrx_word' id='word_1_491' title='bbox 2456 2035 2635 2092; x_wconf 68' lang='lat' dir='ltr'><strong>Ell‘are</strong></span> <span class='ocrx_word' id='word_1_492' title='bbox 2684 2036 2855 2091; x_wconf 85' lang='lat' dir='ltr'><strong>nobis</strong></span> <span class='ocrx_word' id='word_1_493' title='bbox 2900 2036 3149 2103; x_wconf 84' lang='lat' dir='ltr'><strong>verbum,</strong></span> <span class='ocrx_word' id='word_1_494' title='bbox 3184 2052 3424 2107; x_wconf 86' lang='lat' dir='ltr'><strong>quonam</strong></span> <span class='ocrx_word' id='word_1_495' title='bbox 3456 2034 3622 2089; x_wconf 89' lang='lat' dir='ltr'><strong>modo</strong></span> 
     </span>
    </p>
   </div>
   <div class='ocr_carea' id='block_1_63' title="bbox 2035 2124 3621 2198">
    <p class='ocr_par' dir='ltr' id='par_1_63' title="bbox 2035 2124 3621 2198">
     <span class='ocr_line' id='line_1_63' title="bbox 2035 2124 3621 2198; baseline 0.001 -18"><span class='ocrx_word' id='word_1_496' title='bbox 2035 2124 2171 2180; x_wconf 88' lang='lat' dir='ltr'><strong>salvi</strong></span> <span class='ocrx_word' id='word_1_497' title='bbox 2206 2125 2461 2182; x_wconf 86' lang='lat' dir='ltr'><strong>erimus?</strong></span> <span class='ocrx_word' id='word_1_498' title='bbox 2491 2125 2798 2198; x_wconf 80' lang='lat' dir='ltr'><strong>Respondit</strong></span> <span class='ocrx_word' id='word_1_499' title='bbox 2848 2143 3015 2183; x_wconf 80' lang='lat' dir='ltr'><strong>senex</strong></span> <span class='ocrx_word' id='word_1_500' title='bbox 3045 2142 3060 2181; x_wconf 90' lang='lat'><strong>:</strong></span> <span class='ocrx_word' id='word_1_501' title='bbox 3089 2126 3341 2182; x_wconf 83' lang='lat' dir='ltr'><strong>Audistis</strong></span> <span class='ocrx_word' id='word_1_502' title='bbox 3369 2125 3621 2195; x_wconf 67' lang='lat' dir='ltr'><strong>Scriptu—</strong></span> 
     </span>
    </p>
   </div>
   <div class='ocr_carea' id='block_1_64' title="bbox 2033 2210 3622 2287">
    <p class='ocr_par' dir='ltr' id='par_1_64' title="bbox 2033 2210 3622 2287">
     <span class='ocr_line' id='line_1_64' title="bbox 2033 2210 3622 2287; baseline -0.001 -17"><span class='ocrx_word' id='word_1_503' title='bbox 2033 2210 2358 2272; x_wconf 76' lang='lat' dir='ltr'><strong>rant?Bene</strong></span> <span class='ocrx_word' id='word_1_504' title='bbox 2389 2216 2674 2271; x_wconf 82' lang='lat' dir='ltr'><strong>vobiscum</strong></span> <span class='ocrx_word' id='word_1_505' title='bbox 2705 2219 2908 2287; x_wconf 88' lang='lat' dir='ltr'><strong>agitur.</strong></span> <span class='ocrx_word' id='word_1_506' title='bbox 2950 2215 3019 2269; x_wconf 85' lang='lat' dir='ltr'><strong>At</strong></span> <span class='ocrx_word' id='word_1_507' title='bbox 3049 2216 3494 2284; x_wconf 81' lang='lat' dir='ltr'><strong>illiexceperunt</strong></span> <span class='ocrx_word' id='word_1_508' title='bbox 3527 2232 3542 2268; x_wconf 76' lang='grc' dir='ltr'><strong>ι</strong></span> <span class='ocrx_word' id='word_1_509' title='bbox 3573 2214 3622 2268; x_wconf 83' lang='grc' dir='ltr'><strong>Δ</strong></span> 
     </span>
    </p>
   </div>
   <div class='ocr_carea' id='block_1_65' title="bbox 2035 2304 3616 2376">
    <p class='ocr_par' dir='ltr' id='par_1_65' title="bbox 2035 2304 3616 2376">
     <span class='ocr_line' id='line_1_65' title="bbox 2035 2304 3616 2376; baseline -0.001 -15"><span class='ocrx_word' id='word_1_510' title='bbox 2035 2316 2088 2363; x_wconf 89' lang='lat' dir='ltr'><strong>te</strong></span> <span class='ocrx_word' id='word_1_511' title='bbox 2111 2307 2321 2376; x_wconf 86' lang='lat' dir='ltr'><strong>pariter</strong></span> <span class='ocrx_word' id='word_1_512' title='bbox 2347 2307 2538 2363; x_wconf 89' lang='lat' dir='ltr'><strong>audire</strong></span> <span class='ocrx_word' id='word_1_513' title='bbox 2568 2308 2844 2376; x_wconf 88' lang='lat' dir='ltr'><strong>cupimus,</strong></span> <span class='ocrx_word' id='word_1_514' title='bbox 2876 2305 3065 2362; x_wconf 88' lang='lat' dir='ltr'><strong>Pater.</strong></span> <span class='ocrx_word' id='word_1_515' title='bbox 3091 2304 3249 2360; x_wconf 86' lang='lat' dir='ltr'><strong>Tunc</strong></span> <span class='ocrx_word' id='word_1_516' title='bbox 3278 2304 3343 2360; x_wconf 88' lang='lat' dir='ltr'><strong>ad</strong></span> <span class='ocrx_word' id='word_1_517' title='bbox 3375 2304 3498 2360; x_wconf 90' lang='lat' dir='ltr'><strong>illos</strong></span> <span class='ocrx_word' id='word_1_518' title='bbox 3524 2319 3616 2360; x_wconf 86' lang='lat' dir='ltr'><strong>se-</strong></span> 
     </span>
    </p>
   </div>
   <div class='ocr_carea' id='block_1_66' title="bbox 2033 2396 3621 2469">
    <p class='ocr_par' dir='ltr' id='par_1_66' title="bbox 2033 2396 3621 2469">
     <span class='ocr_line' id='line_1_66' title="bbox 2033 2396 3621 2469; baseline -0.002 -15"><span class='ocrx_word' id='word_1_519' title='bbox 2033 2414 2141 2455; x_wconf 85' lang='lat' dir='ltr'><strong>nex</strong></span> <span class='ocrx_word' id='word_1_520' title='bbox 2182 2416 2199 2457; x_wconf 87' lang='lat'><strong>:</strong></span> <span class='ocrx_word' id='word_1_521' title='bbox 2234 2396 2414 2453; x_wconf 75' lang='lat' dir='ltr'><strong>Verba</strong></span> <span class='ocrx_word' id='word_1_522' title='bbox 2446 2397 2730 2469; x_wconf 73' lang='lat' dir='ltr'><strong>Evangelii</strong></span> <span class='ocrx_word' id='word_1_523' title='bbox 2765 2405 2896 2454; x_wconf 88' lang='lat' dir='ltr'><strong>sunt</strong></span> <span class='ocrx_word' id='word_1_524' title='bbox 2933 2417 2947 2453; x_wconf 89' lang='lat'><strong>:</strong></span> <span class='ocrx_word' id='word_1_525' title='bbox 2982 2396 3182 2468; x_wconf 78' lang='lat' dir='ltr'><strong>Siquis</strong></span> <span class='ocrx_word' id='word_1_526' title='bbox 3219 2404 3268 2450; x_wconf 87' lang='lat' dir='ltr'><strong>te</strong></span> <span class='ocrx_word' id='word_1_527' title='bbox 3305 2396 3621 2465; x_wconf 74' lang='lat' dir='ltr'><strong>percusserit</strong></span> 
     </span>
    </p>
   </div>
   <div class='ocr_carea' id='block_1_67' title="bbox 2033 2485 3622 2558">
    <p class='ocr_par' dir='ltr' id='par_1_67' title="bbox 2033 2485 3622 2558">
     <span class='ocr_line' id='line_1_67' title="bbox 2033 2485 3622 2558; baseline -0.002 -13"><span class='ocrx_word' id='word_1_528' title='bbox 2033 2491 2088 2545; x_wconf 84' lang='lat' dir='ltr'><strong>in</strong></span> <span class='ocrx_word' id='word_1_529' title='bbox 2113 2490 2384 2545; x_wconf 76' lang='lat' dir='ltr'><strong>dexteram</strong></span> <span class='ocrx_word' id='word_1_530' title='bbox 2413 2490 2715 2553; x_wconf 76' lang='lat' dir='ltr'><strong>maxillam,</strong></span> <span class='ocrx_word' id='word_1_531' title='bbox 2751 2489 2925 2558; x_wconf 68' lang='lat' dir='ltr'><strong>praebe</strong></span> <span class='ocrx_word' id='word_1_532' title='bbox 2971 2489 3056 2543; x_wconf 87' lang='lat' dir='ltr'><strong>illi</strong></span> <span class='ocrx_word' id='word_1_533' title='bbox 3104 2496 3156 2542; x_wconf 84' lang='lat' dir='ltr'><strong>et</strong></span> <span class='ocrx_word' id='word_1_534' title='bbox 3182 2487 3494 2543; x_wconf 80' lang='lat' dir='ltr'><strong>alterum“.</strong></span> <span class='ocrx_word' id='word_1_535' title='bbox 3527 2485 3622 2542; x_wconf 86' lang='lat' dir='ltr'><strong>Di-</strong></span> 
     </span>
    </p>
   </div>
   <div class='ocr_carea' id='block_1_68' title="bbox 2033 2577 3618 2652">
    <p class='ocr_par' dir='ltr' id='par_1_68' title="bbox 2033 2577 3618 2652">
     <span class='ocr_line' id='line_1_68' title="bbox 2033 2577 3618 2652; baseline -0.003 -15"><span class='ocrx_word' id='word_1_536' title='bbox 2033 2591 2166 2639; x_wconf 88' lang='lat' dir='ltr'><strong>cunt</strong></span> <span class='ocrx_word' id='word_1_537' title='bbox 2191 2582 2241 2637; x_wconf 91' lang='lat' dir='ltr'><strong>ei</strong></span> <span class='ocrx_word' id='word_1_538' title='bbox 2272 2601 2288 2637; x_wconf 90' lang='lat'><strong>:</strong></span> <span class='ocrx_word' id='word_1_539' title='bbox 2322 2580 2437 2638; x_wconf 85' lang='lat' dir='ltr'><strong>Hoc</strong></span> <span class='ocrx_word' id='word_1_540' title='bbox 2465 2581 2649 2637; x_wconf 80' lang='lat' dir='ltr'><strong>facere</strong></span> <span class='ocrx_word' id='word_1_541' title='bbox 2680 2595 2791 2636; x_wconf 90' lang='lat' dir='ltr'><strong>non</strong></span> <span class='ocrx_word' id='word_1_542' title='bbox 2820 2595 3139 2652; x_wconf 84' lang='lat' dir='ltr'><strong>possumus.</strong></span> <span class='ocrx_word' id='word_1_543' title='bbox 3171 2577 3385 2646; x_wconf 86' lang='lat' dir='ltr'><strong>Quibus</strong></span> <span class='ocrx_word' id='word_1_544' title='bbox 3411 2591 3579 2634; x_wconf 82' lang='lat' dir='ltr'><strong>senex</strong></span> <span class='ocrx_word' id='word_1_545' title='bbox 3600 2595 3618 2632; x_wconf 86' lang='lat'><strong>:</strong></span> 
     </span>
    </p>
   </div>
   <div class='ocr_carea' id='block_1_69' title="bbox 2036 2671 3622 2743">
    <p class='ocr_par' dir='ltr' id='par_1_69' title="bbox 2036 2671 3622 2743">
     <span class='ocr_line' id='line_1_69' title="bbox 2036 2671 3622 2743; baseline -0.001 -17"><span class='ocrx_word' id='word_1_546' title='bbox 2036 2671 2094 2727; x_wconf 90' lang='lat' dir='ltr'><strong>Si</strong></span> <span class='ocrx_word' id='word_1_547' title='bbox 2130 2672 2356 2727; x_wconf 87' lang='lat' dir='ltr'><strong>alteram</strong></span> <span class='ocrx_word' id='word_1_548' title='bbox 2388 2672 2631 2743; x_wconf 74' lang='lat' dir='ltr'><strong>praebere</strong></span> <span class='ocrx_word' id='word_1_549' title='bbox 2683 2687 2795 2727; x_wconf 88' lang='lat' dir='ltr'><strong>non</strong></span> <span class='ocrx_word' id='word_1_550' title='bbox 2843 2672 3101 2743; x_wconf 85' lang='lat' dir='ltr'><strong>potestis,</strong></span> <span class='ocrx_word' id='word_1_551' title='bbox 3132 2671 3329 2727; x_wconf 87' lang='lat' dir='ltr'><strong>saltem</strong></span> <span class='ocrx_word' id='word_1_552' title='bbox 3358 2684 3467 2725; x_wconf 92' lang='lat' dir='ltr'><strong>una</strong></span> <span class='ocrx_word' id='word_1_553' title='bbox 3496 2683 3622 2741; x_wconf 86' lang='lat' dir='ltr'><strong>per-</strong></span> 
     </span>
    </p>
   </div>
   <div class='ocr_carea' id='block_1_70' title="bbox 2033 2761 3621 2834">
    <p class='ocr_par' dir='ltr' id='par_1_70' title="bbox 2033 2761 3621 2834">
     <span class='ocr_line' id='line_1_70' title="bbox 2033 2761 3621 2834; baseline -0.003 -15"><span class='ocrx_word' id='word_1_554' title='bbox 2033 2778 2198 2819; x_wconf 89' lang='lat' dir='ltr'><strong>cussa</strong></span> <span class='ocrx_word' id='word_1_555' title='bbox 2247 2763 2494 2819; x_wconf 86' lang='lat' dir='ltr'><strong>tolerate.</strong></span> <span class='ocrx_word' id='word_1_556' title='bbox 2547 2764 2719 2818; x_wconf 86' lang='lat' dir='ltr'><strong>Aiunt</strong></span> <span class='ocrx_word' id='word_1_557' title='bbox 2755 2763 2806 2819; x_wconf 90' lang='lat' dir='ltr'><strong>ei</strong></span> <span class='ocrx_word' id='word_1_558' title='bbox 2842 2781 2857 2817; x_wconf 91' lang='lat'><strong>:</strong></span> <span class='ocrx_word' id='word_1_559' title='bbox 2889 2762 3078 2834; x_wconf 88' lang='lat' dir='ltr'><strong>Neque</strong></span> <span class='ocrx_word' id='word_1_560' title='bbox 3130 2762 3237 2818; x_wconf 88' lang='lat' dir='ltr'><strong>hoc</strong></span> <span class='ocrx_word' id='word_1_561' title='bbox 3279 2776 3442 2833; x_wconf 88' lang='lat' dir='ltr'><strong>agere</strong></span> <span class='ocrx_word' id='word_1_562' title='bbox 3473 2761 3621 2831; x_wconf 57' lang='lat' dir='ltr'><strong>vale;</strong></span> 
     </span>
    </p>
   </div>
   <div class='ocr_carea' id='block_1_71' title="bbox 2033 2853 3623 2926">
    <p class='ocr_par' dir='ltr' id='par_1_71' title="bbox 2033 2853 3623 2926">
     <span class='ocr_line' id='line_1_71' title="bbox 2033 2853 3623 2926; baseline 0.003 -17"><span class='ocrx_word' id='word_1_563' title='bbox 2033 2871 2177 2912; x_wconf 87' lang='lat' dir='ltr'><strong>mus.</strong></span> <span class='ocrx_word' id='word_1_564' title='bbox 2226 2854 2359 2910; x_wconf 82' lang='lat' dir='ltr'><strong>Dein</strong></span> <span class='ocrx_word' id='word_1_565' title='bbox 2390 2871 2553 2912; x_wconf 89' lang='lat' dir='ltr'><strong>senex</strong></span> <span class='ocrx_word' id='word_1_566' title='bbox 2581 2873 2596 2911; x_wconf 90' lang='lat'><strong>:</strong></span> <span class='ocrx_word' id='word_1_567' title='bbox 2634 2856 2695 2911; x_wconf 89' lang='lat' dir='ltr'><strong>Si</strong></span> <span class='ocrx_word' id='word_1_568' title='bbox 2728 2871 2905 2926; x_wconf 87' lang='lat' dir='ltr'><strong>neque</strong></span> <span class='ocrx_word' id='word_1_569' title='bbox 2940 2856 3045 2911; x_wconf 83' lang='lat' dir='ltr'><strong>hoc</strong></span> <span class='ocrx_word' id='word_1_570' title='bbox 3073 2855 3292 2920; x_wconf 88' lang='lat' dir='ltr'><strong>valetis,</strong></span> <span class='ocrx_word' id='word_1_571' title='bbox 3330 2855 3513 2915; x_wconf 79' lang='lat' dir='ltr'><strong>nolite.</strong></span> <span class='ocrx_word' id='word_1_572' title='bbox 3538 2853 3623 2913; x_wconf 74' lang='lat' dir='ltr'><strong>fe-r</strong></span> 
     </span>
    </p>
   </div>
   <div class='ocr_carea' id='block_1_72' title="bbox 2033 2941 3623 3017">
    <p class='ocr_par' dir='ltr' id='par_1_72' title="bbox 2033 2941 3623 3017">
     <span class='ocr_line' id='line_1_72' title="bbox 2033 2941 3623 3017; baseline 0.003 -18"><span class='ocrx_word' id='word_1_573' title='bbox 2033 2945 2144 3001; x_wconf 89' lang='lat' dir='ltr'><strong>rire</strong></span> <span class='ocrx_word' id='word_1_574' title='bbox 2177 2961 2275 3016; x_wconf 87' lang='lat' dir='ltr'><strong>pro</strong></span> <span class='ocrx_word' id='word_1_575' title='bbox 2306 2961 2372 3000; x_wconf 91' lang='lat' dir='ltr'><strong>eo</strong></span> <span class='ocrx_word' id='word_1_576' title='bbox 2399 2946 2547 3016; x_wconf 91' lang='lat' dir='ltr'><strong>quod</strong></span> <span class='ocrx_word' id='word_1_577' title='bbox 2572 2946 2897 3016; x_wconf 85' lang='lat' dir='ltr'><strong>vapulastis.</strong></span> <span class='ocrx_word' id='word_1_578' title='bbox 2935 2944 3020 3000; x_wconf 87' lang='lat' dir='ltr'><strong>Illi</strong></span> <span class='ocrx_word' id='word_1_579' title='bbox 3054 2963 3070 3001; x_wconf 88' lang='lat'><strong>:</strong></span> <span class='ocrx_word' id='word_1_580' title='bbox 3104 2941 3294 3014; x_wconf 82' lang='lat' dir='ltr'><strong>Neque</strong></span> <span class='ocrx_word' id='word_1_581' title='bbox 3329 2944 3387 2998; x_wconf 88' lang='lat' dir='ltr'><strong>id</strong></span> <span class='ocrx_word' id='word_1_582' title='bbox 3423 2959 3623 3017; x_wconf 59' lang='lat' dir='ltr'><strong>passu;-</strong></span> 
     </span>
    </p>
   </div>
   <div class='ocr_carea' id='block_1_73' title="bbox 2033 3033 3621 3109">
    <p class='ocr_par' dir='ltr' id='par_1_73' title="bbox 2033 3033 3621 3109">
     <span class='ocr_line' id='line_1_73' title="bbox 2033 3033 3621 3109; baseline 0 -17"><span class='ocrx_word' id='word_1_583' title='bbox 2033 3053 2178 3095; x_wconf 91' lang='lat' dir='ltr'><strong>mus.</strong></span> <span class='ocrx_word' id='word_1_584' title='bbox 2224 3036 2368 3093; x_wconf 89' lang='lat' dir='ltr'><strong>Dicit</strong></span> <span class='ocrx_word' id='word_1_585' title='bbox 2404 3038 2569 3109; x_wconf 78' lang='lat' dir='ltr'><strong>igitur</strong></span> <span class='ocrx_word' id='word_1_586' title='bbox 2614 3053 2778 3094; x_wconf 86' lang='lat' dir='ltr'><strong>senex</strong></span> <span class='ocrx_word' id='word_1_587' title='bbox 2812 3036 3089 3107; x_wconf 89' lang='lat' dir='ltr'><strong>discipulo</strong></span> <span class='ocrx_word' id='word_1_588' title='bbox 3129 3050 3240 3092; x_wconf 82' lang='lat' dir='ltr'><strong>suo.</strong></span> <span class='ocrx_word' id='word_1_589' title='bbox 3271 3033 3458 3097; x_wconf 66' lang='lat' dir='ltr'><strong>:Para</strong></span> <span class='ocrx_word' id='word_1_590' title='bbox 3510 3036 3621 3092; x_wconf 85' lang='lat' dir='ltr'><strong>illis</strong></span> 
     </span>
    </p>
   </div>
   <div class='ocr_carea' id='block_1_74' title="bbox 2032 3124 3622 3203">
    <p class='ocr_par' dir='ltr' id='par_1_74' title="bbox 2032 3124 3622 3203">
     <span class='ocr_line' id='line_1_74' title="bbox 2032 3124 3622 3203; baseline -0.003 -16"><span class='ocrx_word' id='word_1_591' title='bbox 2032 3146 2255 3203; x_wconf 88' lang='lat' dir='ltr'><strong>parvam</strong></span> <span class='ocrx_word' id='word_1_592' title='bbox 2300 3130 2545 3201; x_wconf 87' lang='lat' dir='ltr'><strong>pultem;</strong></span> <span class='ocrx_word' id='word_1_593' title='bbox 2591 3128 2795 3186; x_wconf 88' lang='lat' dir='ltr'><strong>etenim</strong></span> <span class='ocrx_word' id='word_1_594' title='bbox 2838 3132 3132 3199; x_wconf 64' lang='lat' dir='ltr'><strong>aegrotant.</strong></span> <span class='ocrx_word' id='word_1_595' title='bbox 3181 3124 3428 3199; x_wconf 37' lang='lat' dir='ltr'><strong>[:Deinde</strong></span> <span class='ocrx_word' id='word_1_596' title='bbox 3481 3125 3622 3182; x_wconf 81' lang='lat' dir='ltr'><strong>dixit</strong></span> 
     </span>
    </p>
   </div>
   <div class='ocr_carea' id='block_1_75' title="bbox 2031 3217 3620 3299">
    <p class='ocr_par' dir='ltr' id='par_1_75' title="bbox 2031 3217 3620 3299">
     <span class='ocr_line' id='line_1_75' title="bbox 2031 3217 3620 3299; baseline -0.004 -18"><span class='ocrx_word' id='word_1_597' title='bbox 2031 3229 2114 3282; x_wconf 88' lang='lat' dir='ltr'><strong>eis</strong></span> <span class='ocrx_word' id='word_1_598' title='bbox 2139 3242 2152 3279; x_wconf 88' lang='lat'><strong>:</strong></span> <span class='ocrx_word' id='word_1_599' title='bbox 2178 3223 2200 3299; x_wconf 96' lang='lat'>]</span> <span class='ocrx_word' id='word_1_600' title='bbox 2233 3222 2291 3280; x_wconf 93' lang='lat' dir='ltr'><strong>Si</strong></span> <span class='ocrx_word' id='word_1_601' title='bbox 2323 3224 2425 3279; x_wconf 88' lang='lat' dir='ltr'><strong>hoc</strong></span> <span class='ocrx_word' id='word_1_602' title='bbox 2452 3239 2559 3278; x_wconf 91' lang='lat' dir='ltr'><strong>non</strong></span> <span class='ocrx_word' id='word_1_603' title='bbox 2590 3222 2845 3295; x_wconf 80' lang='lat' dir='ltr'><strong>potestis,</strong></span> <span class='ocrx_word' id='word_1_604' title='bbox 2883 3236 3063 3292; x_wconf 86' lang='lat' dir='ltr'><strong>neque</strong></span> <span class='ocrx_word' id='word_1_605' title='bbox 3092 3218 3229 3285; x_wconf 87' lang='lat' dir='ltr'><strong>illud</strong></span> <span class='ocrx_word' id='word_1_606' title='bbox 3265 3217 3459 3284; x_wconf 85' lang='lat' dir='ltr'><strong>vultis,</strong></span> <span class='ocrx_word' id='word_1_607' title='bbox 3485 3217 3620 3289; x_wconf 80' lang='lat' dir='ltr'><strong>quid</strong></span> 
     </span>
    </p>
   </div>
   <div class='ocr_carea' id='block_1_76' title="bbox 2034 3312 3063 3386">
    <p class='ocr_par' dir='ltr' id='par_1_76' title="bbox 2034 3312 3063 3386">
     <span class='ocr_line' id='line_1_76' title="bbox 2034 3312 3063 3386; baseline -0.002 -15"><span class='ocrx_word' id='word_1_608' title='bbox 2034 3316 2229 3372; x_wconf 80' lang='lat' dir='ltr'><strong>faciam</strong></span> <span class='ocrx_word' id='word_1_609' title='bbox 2254 3315 2455 3371; x_wconf 86' lang='lat' dir='ltr'><strong>vobis?</strong></span> <span class='ocrx_word' id='word_1_610' title='bbox 2482 3314 2739 3386; x_wconf 88' lang='lat' dir='ltr'><strong>Indigetis</strong></span> <span class='ocrx_word' id='word_1_611' title='bbox 2773 3312 3063 3385; x_wconf 71' lang='lat' dir='ltr'><strong>precibus.</strong></span> 
     </span>
    </p>
   </div>
   <div class='ocr_carea' id='block_1_77' title="bbox 2100 3402 3621 3485">
    <p class='ocr_par' dir='ltr' id='par_1_77' title="bbox 2100 3402 3621 3485">
     <span class='ocr_line' id='line_1_77' title="bbox 2100 3402 3621 3485; baseline -0.005 -23"><span class='ocrx_word' id='word_1_612' title='bbox 2100 3409 2191 3464; x_wconf 72' lang='lat' dir='ltr'><strong>2t).</strong></span> <span class='ocrx_word' id='word_1_613' title='bbox 2234 3409 2347 3481; x_wconf 73' lang='lat'><strong>(35)</strong></span> <span class='ocrx_word' id='word_1_614' title='bbox 2393 3406 2584 3465; x_wconf 83' lang='lat' dir='ltr'><strong>Frater</strong></span> <span class='ocrx_word' id='word_1_615' title='bbox 2616 3407 2709 3478; x_wconf 87' lang='lat' dir='ltr'><strong>qui</strong></span> <span class='ocrx_word' id='word_1_616' title='bbox 2742 3406 3155 3485; x_wconf 73' lang='lat' dir='ltr'><strong>renuntiaverat</strong></span> <span class='ocrx_word' id='word_1_617' title='bbox 3183 3402 3412 3470; x_wconf 81' lang='lat' dir='ltr'><strong>saeculo,</strong></span> <span class='ocrx_word' id='word_1_618' title='bbox 3442 3409 3499 3459; x_wconf 88' lang='lat' dir='ltr'><strong>et</strong></span> <span class='ocrx_word' id='word_1_619' title='bbox 3520 3412 3621 3456; x_wconf 72' lang='lat' dir='ltr'><strong>sua</strong></span> 
     </span>
    </p>
   </div>
   <div class='ocr_carea' id='block_1_78' title="bbox 2031 3497 3620 3574">
    <p class='ocr_par' dir='ltr' id='par_1_78' title="bbox 2031 3497 3620 3574">
     <span class='ocr_line' id='line_1_78' title="bbox 2031 3497 3620 3574; baseline -0.004 -18"><span class='ocrx_word' id='word_1_620' title='bbox 2031 3503 2369 3574; x_wconf 89' lang='lat' dir='ltr'><strong>pauperibus</strong></span> <span class='ocrx_word' id='word_1_621' title='bbox 2390 3500 2777 3565; x_wconf 86' lang='lat' dir='ltr'><strong>distribuerat,</strong></span> <span class='ocrx_word' id='word_1_622' title='bbox 2805 3500 2913 3556; x_wconf 88' lang='lat' dir='ltr'><strong>sibi</strong></span> <span class='ocrx_word' id='word_1_623' title='bbox 2946 3506 3129 3555; x_wconf 87' lang='lat' dir='ltr'><strong>tamen</strong></span> <span class='ocrx_word' id='word_1_624' title='bbox 3145 3497 3463 3565; x_wconf 69' lang='lat' dir='ltr'><strong>retinuerat</strong></span> <span class='ocrx_word' id='word_1_625' title='bbox 3483 3509 3620 3565; x_wconf 66' lang='grc' dir='ltr'><strong>ρους-</strong></span> 
     </span>
    </p>
   </div>
   <div class='ocr_carea' id='block_1_79' title="bbox 2033 3586 3622 3656">
    <p class='ocr_par' dir='ltr' id='par_1_79' title="bbox 2033 3586 3622 3656">
     <span class='ocr_line' id='line_1_79' title="bbox 2033 3586 3622 3656; baseline -0.006 -7"><span class='ocrx_word' id='word_1_626' title='bbox 2033 3607 2120 3656; x_wconf 75' lang='lat' dir='ltr'><strong>ea.</strong></span> <span class='ocrx_word' id='word_1_627' title='bbox 2162 3592 2397 3648; x_wconf 89' lang='lat' dir='ltr'><strong>accessit</strong></span> <span class='ocrx_word' id='word_1_628' title='bbox 2428 3590 2496 3648; x_wconf 90' lang='lat' dir='ltr'><strong>ad</strong></span> <span class='ocrx_word' id='word_1_629' title='bbox 2528 3591 2780 3645; x_wconf 88' lang='lat' dir='ltr'><strong>abbatem</strong></span> <span class='ocrx_word' id='word_1_630' title='bbox 2815 3588 3135 3648; x_wconf 80' lang='lat' dir='ltr'><strong>Antonium.</strong></span> <span class='ocrx_word' id='word_1_631' title='bbox 3165 3586 3286 3654; x_wconf 87' lang='lat' dir='ltr'><strong>Quo</strong></span> <span class='ocrx_word' id='word_1_632' title='bbox 3314 3593 3622 3656; x_wconf 83' lang='lat' dir='ltr'><strong>comperto,</strong></span> 
     </span>
    </p>
   </div>
   <div class='ocr_carea' id='block_1_80' title="bbox 2034 3675 3625 3752">
    <p class='ocr_par' dir='ltr' id='par_1_80' title="bbox 2034 3675 3625 3752">
     <span class='ocr_line' id='line_1_80' title="bbox 2034 3675 3625 3752; baseline -0.006 -13"><span class='ocrx_word' id='word_1_633' title='bbox 2034 3684 2172 3739; x_wconf 79' lang='lat' dir='ltr'><strong>dixit</strong></span> <span class='ocrx_word' id='word_1_634' title='bbox 2204 3684 2253 3738; x_wconf 92' lang='lat' dir='ltr'><strong>ei</strong></span> <span class='ocrx_word' id='word_1_635' title='bbox 2287 3698 2455 3738; x_wconf 86' lang='lat' dir='ltr'><strong>senex</strong></span> <span class='ocrx_word' id='word_1_636' title='bbox 2489 3701 2501 3735; x_wconf 93' lang='lat'><strong>:</strong></span> <span class='ocrx_word' id='word_1_637' title='bbox 2542 3680 2601 3736; x_wconf 89' lang='lat' dir='ltr'><strong>Si</strong></span> <span class='ocrx_word' id='word_1_638' title='bbox 2630 3681 2715 3735; x_wconf 88' lang='lat' dir='ltr'><strong>vis</strong></span> <span class='ocrx_word' id='word_1_639' title='bbox 2745 3678 3226 3743; x_wconf 77' lang='lat' dir='ltr'><strong>monachusﬁeri,</strong></span> <span class='ocrx_word' id='word_1_640' title='bbox 3258 3692 3426 3752; x_wconf 69' lang='lat' dir='ltr'><strong>perge</strong></span> <span class='ocrx_word' id='word_1_641' title='bbox 3456 3676 3527 3731; x_wconf 89' lang='lat' dir='ltr'><strong>ad</strong></span> <span class='ocrx_word' id='word_1_642' title='bbox 3561 3675 3625 3728; x_wconf 87' lang='lat' dir='ltr'><strong>il-</strong></span> 
     </span>
    </p>
   </div>
   <div class='ocr_carea' id='block_1_81' title="bbox 2035 3768 3623 3842">
    <p class='ocr_par' dir='ltr' id='par_1_81' title="bbox 2035 3768 3623 3842">
     <span class='ocr_line' id='line_1_81' title="bbox 2035 3768 3623 3842; baseline -0.004 -12"><span class='ocrx_word' id='word_1_643' title='bbox 2035 3775 2145 3831; x_wconf 89' lang='lat' dir='ltr'><strong>lum</strong></span> <span class='ocrx_word' id='word_1_644' title='bbox 2191 3776 2397 3838; x_wconf 84' lang='lat' dir='ltr'><strong>vicum,</strong></span> <span class='ocrx_word' id='word_1_645' title='bbox 2432 3789 2555 3831; x_wconf 90' lang='lat' dir='ltr'><strong>eme</strong></span> <span class='ocrx_word' id='word_1_646' title='bbox 2591 3787 2811 3837; x_wconf 86' lang='lat' dir='ltr'><strong>carnes,</strong></span> <span class='ocrx_word' id='word_1_647' title='bbox 2849 3774 3211 3842; x_wconf 70' lang='lat' dir='ltr'><strong>circumpone</strong></span> <span class='ocrx_word' id='word_1_648' title='bbox 3254 3768 3473 3839; x_wconf 87' lang='lat' dir='ltr'><strong>corpori</strong></span> <span class='ocrx_word' id='word_1_649' title='bbox 3525 3775 3623 3824; x_wconf 90' lang='lat' dir='ltr'><strong>tuo</strong></span> 
     </span>
    </p>
   </div>
   <div class='ocr_carea' id='block_1_82' title="bbox 2036 3854 3619 3936">
    <p class='ocr_par' dir='ltr' id='par_1_82' title="bbox 2036 3854 3619 3936">
     <span class='ocr_line' id='line_1_82' title="bbox 2036 3854 3619 3936; baseline -0.008 -16"><span class='ocrx_word' id='word_1_650' title='bbox 2036 3865 2205 3926; x_wconf 84' lang='lat' dir='ltr'><strong>nudo.</strong></span> <span class='ocrx_word' id='word_1_651' title='bbox 2259 3865 2452 3936; x_wconf 87' lang='lat' dir='ltr'><strong>sicque</strong></span> <span class='ocrx_word' id='word_1_652' title='bbox 2501 3863 2610 3919; x_wconf 82' lang='lat' dir='ltr'><strong>huc</strong></span> <span class='ocrx_word' id='word_1_653' title='bbox 2641 3863 2785 3917; x_wconf 89' lang='lat' dir='ltr'><strong>veni.</strong></span> <span class='ocrx_word' id='word_1_654' title='bbox 2812 3861 2950 3916; x_wconf 87' lang='lat' dir='ltr'><strong>Cum</strong></span> <span class='ocrx_word' id='word_1_655' title='bbox 2985 3873 3115 3934; x_wconf 78' lang='lat' dir='ltr'><strong>ergo</strong></span> <span class='ocrx_word' id='word_1_656' title='bbox 3144 3857 3221 3917; x_wconf 82' lang='lat' dir='ltr'><strong>ita</strong></span> <span class='ocrx_word' id='word_1_657' title='bbox 3253 3856 3474 3912; x_wconf 81' lang='lat' dir='ltr'><strong>fecisset</strong></span> <span class='ocrx_word' id='word_1_658' title='bbox 3504 3854 3619 3908; x_wconf 71' lang='lat' dir='ltr'><strong>ira-</strong></span> 
     </span>
    </p>
   </div>
   <div class='ocr_carea' id='block_1_83' title="bbox 2037 3944 3621 4025">
    <p class='ocr_par' dir='ltr' id='par_1_83' title="bbox 2037 3944 3621 4025">
     <span class='ocr_line' id='line_1_83' title="bbox 2037 3944 3621 4025; baseline -0.006 -14"><span class='ocrx_word' id='word_1_659' title='bbox 2037 3967 2139 4020; x_wconf 87' lang='lat' dir='ltr'><strong>ter,</strong></span> <span class='ocrx_word' id='word_1_660' title='bbox 2169 3971 2334 4012; x_wconf 85' lang='lat' dir='ltr'><strong>canes</strong></span> <span class='ocrx_word' id='word_1_661' title='bbox 2380 3963 2543 4025; x_wconf 87' lang='lat' dir='ltr'><strong>atque</strong></span> <span class='ocrx_word' id='word_1_662' title='bbox 2586 3969 2715 4009; x_wconf 90' lang='lat' dir='ltr'><strong>aves</strong></span> <span class='ocrx_word' id='word_1_663' title='bbox 2750 3967 2961 4023; x_wconf 84' lang='lat' dir='ltr'><strong>corpus</strong></span> <span class='ocrx_word' id='word_1_664' title='bbox 2993 3951 3115 4019; x_wconf 84' lang='lat' dir='ltr'><strong>ejus</strong></span> <span class='ocrx_word' id='word_1_665' title='bbox 3142 3948 3484 4003; x_wconf 87' lang='lat' dir='ltr'><strong>lacerabant.</strong></span> <span class='ocrx_word' id='word_1_666' title='bbox 3514 3944 3621 4002; x_wconf 88' lang='lat' dir='ltr'><strong>Oc-</strong></span> 
     </span>
    </p>
   </div>
   <div class='ocr_carea' id='block_1_84' title="bbox 2035 4035 3621 4109">
    <p class='ocr_par' dir='ltr' id='par_1_84' title="bbox 2035 4035 3621 4109">
     <span class='ocr_line' id='line_1_84' title="bbox 2035 4035 3621 4109; baseline -0.007 -7"><span class='ocrx_word' id='word_1_667' title='bbox 2035 4056 2289 4107; x_wconf 89' lang='lat' dir='ltr'><strong>currente</strong></span> <span class='ocrx_word' id='word_1_668' title='bbox 2319 4051 2499 4100; x_wconf 91' lang='lat' dir='ltr'><strong>autem</strong></span> <span class='ocrx_word' id='word_1_669' title='bbox 2524 4044 2618 4097; x_wconf 93' lang='lat' dir='ltr'><strong>illo</strong></span> <span class='ocrx_word' id='word_1_670' title='bbox 2650 4042 2717 4096; x_wconf 86' lang='lat' dir='ltr'><strong>ad</strong></span> <span class='ocrx_word' id='word_1_671' title='bbox 2746 4056 2965 4105; x_wconf 73' lang='lat' dir='ltr'><strong>senem,</strong></span> <span class='ocrx_word' id='word_1_672' title='bbox 2989 4037 3351 4109; x_wconf 75' lang='lat' dir='ltr'><strong>interrogavit</strong></span> <span class='ocrx_word' id='word_1_673' title='bbox 3383 4051 3513 4091; x_wconf 92' lang='lat' dir='ltr'><strong>num</strong></span> <span class='ocrx_word' id='word_1_674' title='bbox 3538 4035 3621 4092; x_wconf 78' lang='lat' dir='ltr'><strong>fc-</strong></span> 
     </span>
    </p>
   </div>
   <div class='ocr_carea' id='block_1_85' title="bbox 2035 4124 3620 4202">
    <p class='ocr_par' dir='ltr' id='par_1_85' title="bbox 2035 4124 3620 4202">
     <span class='ocr_line' id='line_1_85' title="bbox 2035 4124 3620 4202; baseline -0.008 -13"><span class='ocrx_word' id='word_1_675' title='bbox 2035 4133 2201 4189; x_wconf 89' lang='lat' dir='ltr'><strong>cisset</strong></span> <span class='ocrx_word' id='word_1_676' title='bbox 2252 4140 2312 4187; x_wconf 91' lang='lat' dir='ltr'><strong>ut</strong></span> <span class='ocrx_word' id='word_1_677' title='bbox 2362 4132 2463 4202; x_wconf 90' lang='lat' dir='ltr'><strong>ipsi</strong></span> <span class='ocrx_word' id='word_1_678' title='bbox 2507 4128 2800 4193; x_wconf 77' lang='lat' dir='ltr'><strong>consilium</strong></span> <span class='ocrx_word' id='word_1_679' title='bbox 2849 4126 3094 4183; x_wconf 90' lang='lat' dir='ltr'><strong>dederat.</strong></span> <span class='ocrx_word' id='word_1_680' title='bbox 3137 4125 3204 4180; x_wconf 84' lang='lat' dir='ltr'><strong>Et</strong></span> <span class='ocrx_word' id='word_1_681' title='bbox 3248 4132 3538 4196; x_wconf 86' lang='lat' dir='ltr'><strong>postquam</strong></span> <span class='ocrx_word' id='word_1_682' title='bbox 3570 4124 3620 4192; x_wconf 76' lang='lat' dir='ltr'><strong>is</strong></span> 
     </span>
    </p>
   </div>
   <div class='ocr_carea' id='block_1_86' title="bbox 2036 4216 3620 4292">
    <p class='ocr_par' dir='ltr' id='par_1_86' title="bbox 2036 4216 3620 4292">
     <span class='ocr_line' id='line_1_86' title="bbox 2036 4216 3620 4292; baseline -0.006 -12"><span class='ocrx_word' id='word_1_683' title='bbox 2036 4225 2371 4281; x_wconf 84' lang='lat' dir='ltr'><strong>ostendisset</strong></span> <span class='ocrx_word' id='word_1_684' title='bbox 2418 4238 2619 4292; x_wconf 86' lang='lat' dir='ltr'><strong>corpus</strong></span> <span class='ocrx_word' id='word_1_685' title='bbox 2665 4234 2826 4287; x_wconf 80' lang='lat' dir='ltr'><strong>suum</strong></span> <span class='ocrx_word' id='word_1_686' title='bbox 2879 4218 3264 4283; x_wconf 82' lang='lat' dir='ltr'><strong>dilaceratum,</strong></span> <span class='ocrx_word' id='word_1_687' title='bbox 3292 4216 3369 4272; x_wconf 93' lang='lat' dir='ltr'><strong>ait</strong></span> <span class='ocrx_word' id='word_1_688' title='bbox 3393 4224 3620 4283; x_wconf 73' lang='lat' dir='ltr'><strong>sanctus</strong></span> 
     </span>
    </p>
   </div>
   <div class='ocr_carea' id='block_1_87' title="bbox 2039 4305 3620 4394">
    <p class='ocr_par' dir='ltr' id='par_1_87' title="bbox 2039 4305 3620 4394">
     <span class='ocr_line' id='line_1_87' title="bbox 2039 4305 3620 4394; baseline -0.008 -26"><span class='ocrx_word' id='word_1_689' title='bbox 2039 4314 2309 4377; x_wconf 80' lang='lat' dir='ltr'><strong>Antonius</strong></span> <span class='ocrx_word' id='word_1_690' title='bbox 2344 4332 2358 4369; x_wconf 89' lang='lat'><strong>:</strong></span> <span class='ocrx_word' id='word_1_691' title='bbox 2392 4312 2497 4382; x_wconf 86' lang='lat' dir='ltr'><strong>Qui</strong></span> <span class='ocrx_word' id='word_1_692' title='bbox 2548 4309 2755 4374; x_wconf 87' lang='lat' dir='ltr'><strong>mundo</strong></span> <span class='ocrx_word' id='word_1_693' title='bbox 2797 4308 3274 4372; x_wconf 86' lang='lat' dir='ltr'><strong>renuntiaverunt,</strong></span> <span class='ocrx_word' id='word_1_694' title='bbox 3318 4305 3620 4394; x_wconf 73' lang='lat' dir='ltr'><strong>voluntquu</strong></span> 
     </span>
    </p>
   </div>
   <div class='ocr_carea' id='block_1_88' title="bbox 2036 4394 3621 4480">
    <p class='ocr_par' dir='ltr' id='par_1_88' title="bbox 2036 4394 3621 4480">
     <span class='ocr_line' id='line_1_88' title="bbox 2036 4394 3621 4480; baseline -0.008 -20"><span class='ocrx_word' id='word_1_695' title='bbox 2036 4405 2236 4460; x_wconf 83' lang='lat' dir='ltr'><strong>habere</strong></span> <span class='ocrx_word' id='word_1_696' title='bbox 2259 4403 2541 4480; x_wconf 87' lang='lat' dir='ltr'><strong>pecunias,</strong></span> <span class='ocrx_word' id='word_1_697' title='bbox 2564 4400 2711 4455; x_wconf 88' lang='lat' dir='ltr'><strong>hunc</strong></span> <span class='ocrx_word' id='word_1_698' title='bbox 2740 4401 2798 4456; x_wconf 92' lang='lat' dir='ltr'><strong>in</strong></span> <span class='ocrx_word' id='word_1_699' title='bbox 2827 4399 3053 4456; x_wconf 89' lang='lat' dir='ltr'><strong>modum</strong></span> <span class='ocrx_word' id='word_1_700' title='bbox 3086 4412 3118 4454; x_wconf 87' lang='lat' dir='ltr'><strong>a</strong></span> <span class='ocrx_word' id='word_1_701' title='bbox 3145 4394 3621 4465; x_wconf 52' lang='lat' dir='ltr'><strong>daemonibusimq</strong></span> 
     </span>
    </p>
   </div>
   <div class='ocr_carea' id='block_1_89' title="bbox 347 4474 1933 4580">
    <p class='ocr_par' dir='ltr' id='par_1_89' title="bbox 347 4474 1933 4561">
     <span class='ocr_line' id='line_1_89' title="bbox 347 4474 1933 4561; baseline 0.014 -34"><span class='ocrx_word' id='word_1_702' title='bbox 347 4474 497 4544; x_wconf 72' lang='grc' dir='ltr'><strong>ἔχειν</strong></span> <span class='ocrx_word' id='word_1_703' title='bbox 535 4479 813 4549; x_wconf 75' lang='grc' dir='ltr'><strong>χρήματα,</strong></span> <span class='ocrx_word' id='word_1_704' title='bbox 861 4481 1036 4548; x_wconf 77' lang='grc' dir='ltr'><strong>οὕτως</strong></span> <span class='ocrx_word' id='word_1_705' title='bbox 1076 4485 1185 4539; x_wconf 71' lang='grc' dir='ltr'><strong>ἀπὺ</strong></span> <span class='ocrx_word' id='word_1_706' title='bbox 1233 4486 1345 4541; x_wconf 83' lang='grc' dir='ltr'><strong>τῶν</strong></span> <span class='ocrx_word' id='word_1_707' title='bbox 1390 4487 1661 4561; x_wconf 84' lang='grc' dir='ltr'><strong>δαιμόνων</strong></span> <span class='ocrx_word' id='word_1_708' title='bbox 1699 4494 1933 4549; x_wconf 82' lang='grc' dir='ltr'><strong>κατακό-</strong></span> 
     </span>
    </p>
   </div>
   <div class='ocr_carea' id='block_1_90' title="bbox 2037 4474 2705 4580">
    <p class='ocr_par' dir='ltr' id='par_1_90' title="bbox 2040 4474 2705 4569">
     <span class='ocr_line' id='line_1_90' title="bbox 2040 4474 2705 4569; baseline -0.002 -21"><span class='ocrx_word' id='word_1_709' title='bbox 2040 4474 2274 4569; x_wconf 74' lang='lat' dir='ltr'><strong>pugnati</strong></span> <span class='ocrx_word' id='word_1_710' title='bbox 2293 4493 2705 4563; x_wconf 74' lang='lat' dir='ltr'><strong>discerpuntur.</strong></span> 
     </span>
    </p>
   </div>
   <div class='ocr_carea' id='block_1_91' title="bbox 345 4569 1028 4643">
    <p class='ocr_par' dir='ltr' id='par_1_91' title="bbox 345 4569 1028 4643">
     <span class='ocr_line' id='line_1_91' title="bbox 345 4569 1028 4643; baseline 0.018 -28"><span class='ocrx_word' id='word_1_711' title='bbox 345 4580 578 4619; x_wconf 80' lang='grc' dir='ltr'><strong>πτονται</strong></span> <span class='ocrx_word' id='word_1_712' title='bbox 610 4569 1028 4643; x_wconf 80' lang='grc' dir='ltr'><strong>πολεμούμενοι.</strong></span> 
     </span>
    </p>
   </div>
   <div class='ocr_carea' id='block_1_92' title="bbox 418 4654 1933 4743">
    <p class='ocr_par' dir='ltr' id='par_1_92' title="bbox 418 4654 1933 4743">
     <span class='ocr_line' id='line_1_92' title="bbox 418 4654 1933 4743; baseline 0.014 -35"><span class='ocrx_word' id='word_1_713' title='bbox 418 4662 527 4709; x_wconf 86' lang='grc' dir='ltr'><strong>κα’.</strong></span> <span class='ocrx_word' id='word_1_714' title='bbox 582 4659 816 4732; x_wconf 80' lang='grc' dir='ltr'><strong>’Δδελφῷ</strong></span> <span class='ocrx_word' id='word_1_715' title='bbox 844 4654 973 4717; x_wconf 78' lang='grc' dir='ltr'><strong>ποτε</strong></span> <span class='ocrx_word' id='word_1_716' title='bbox 1004 4667 1200 4740; x_wconf 85' lang='grc' dir='ltr'><strong>συνέϐη</strong></span> <span class='ocrx_word' id='word_1_717' title='bbox 1233 4672 1537 4743; x_wconf 79' lang='grc' dir='ltr'><strong>πειρασμὸς</strong></span> <span class='ocrx_word' id='word_1_718' title='bbox 1567 4674 1646 4737; x_wconf 73' lang='grc' dir='ltr'><strong>εἰς</strong></span> <span class='ocrx_word' id='word_1_719' title='bbox 1667 4674 1727 4728; x_wconf 87' lang='grc' dir='ltr'><strong>τδ</strong></span> <span class='ocrx_word' id='word_1_720' title='bbox 1759 4673 1933 4730; x_wconf 82' lang='grc' dir='ltr'><strong>κοινό-</strong></span> 
     </span>
    </p>
   </div>
   <div class='ocr_carea' id='block_1_93' title="bbox 346 4745 1933 4845">
    <p class='ocr_par' dir='ltr' id='par_1_93' title="bbox 346 4745 1933 4845">
     <span class='ocr_line' id='line_1_93' title="bbox 346 4745 1933 4845; baseline 0.014 -46"><span class='ocrx_word' id='word_1_721' title='bbox 346 4745 467 4800; x_wconf 75' lang='grc' dir='ltr'><strong>ϐιον</strong></span> <span class='ocrx_word' id='word_1_722' title='bbox 499 4749 594 4803; x_wconf 77' lang='grc' dir='ltr'><strong>τοῦ</strong></span> <span class='ocrx_word' id='word_1_723' title='bbox 616 4751 764 4807; x_wconf 80' lang='grc' dir='ltr'><strong>ἀϐϐἄ</strong></span> <span class='ocrx_word' id='word_1_724' title='bbox 802 4755 952 4810; x_wconf 64' lang='lat' dir='ltr'><strong>mn</strong></span> <span class='ocrx_word' id='word_1_725' title='bbox 986 4757 1031 4790; x_wconf 81' lang='lat'><strong>“</strong></span> <span class='ocrx_word' id='word_1_726' title='bbox 1051 4774 1067 4791; x_wconf 80' lang='grc'><strong><em>⁸</em></strong></span> <span class='ocrx_word' id='word_1_727' title='bbox 1091 4761 1185 4814; x_wconf 77' lang='grc' dir='ltr'><strong>καὶ</strong></span> <span class='ocrx_word' id='word_1_728' title='bbox 1200 4761 1449 4834; x_wconf 74' lang='grc' dir='ltr'><strong>διωχθεὶς</strong></span> <span class='ocrx_word' id='word_1_729' title='bbox 1464 4764 1671 4818; x_wconf 77' lang='grc' dir='ltr'><strong>ἐκεῖθεν</strong></span> <span class='ocrx_word' id='word_1_730' title='bbox 1692 4766 1933 4845; x_wconf 73' lang='grc' dir='ltr'><strong>ἀπῆλθεν</strong></span> 
     </span>
    </p>
   </div>
   <div class='ocr_carea' id='block_1_94' title="bbox 348 4840 1934 4928">
    <p class='ocr_par' dir='ltr' id='par_1_94' title="bbox 348 4840 1934 4928">
     <span class='ocr_line' id='line_1_94' title="bbox 348 4840 1934 4928; baseline 0.014 -36"><span class='ocrx_word' id='word_1_731' title='bbox 348 4841 429 4903; x_wconf 69' lang='grc' dir='ltr'><strong>εἰς</strong></span> <span class='ocrx_word' id='word_1_732' title='bbox 460 4840 585 4913; x_wconf 74' lang='grc' dir='ltr'><strong>ὅρος</strong></span> <span class='ocrx_word' id='word_1_733' title='bbox 626 4845 764 4916; x_wconf 78' lang='grc' dir='ltr'><strong>πρὸς</strong></span> <span class='ocrx_word' id='word_1_734' title='bbox 807 4846 900 4902; x_wconf 84' lang='grc' dir='ltr'><strong>τδν</strong></span> <span class='ocrx_word' id='word_1_735' title='bbox 949 4850 1125 4904; x_wconf 84' lang='grc' dir='ltr'><strong>ἀϐϐᾶν</strong></span> <span class='ocrx_word' id='word_1_736' title='bbox 1163 4853 1465 4910; x_wconf 77' lang='grc' dir='ltr'><strong>Ἄντώνιον.</strong></span> <span class='ocrx_word' id='word_1_737' title='bbox 1507 4857 1617 4910; x_wconf 80' lang='grc' dir='ltr'><strong>Καὶ</strong></span> <span class='ocrx_word' id='word_1_738' title='bbox 1656 4840 1934 4928; x_wconf 65' lang='grc' dir='ltr'><strong>μείναντος</strong></span> 
     </span>
    </p>
   </div>
   <div class='ocr_carea' id='block_1_95' title="bbox 344 4930 1933 5012">
    <p class='ocr_par' dir='ltr' id='par_1_95' title="bbox 344 4930 1933 5012">
     <span class='ocr_line' id='line_1_95' title="bbox 344 4930 1933 5012; baseline 0.012 -28"><span class='ocrx_word' id='word_1_739' title='bbox 344 4930 443 4984; x_wconf 72' lang='grc' dir='ltr'><strong>τοῦ</strong></span> <span class='ocrx_word' id='word_1_740' title='bbox 471 4933 700 5003; x_wconf 78' lang='grc' dir='ltr'><strong>ἀδελφοῦ</strong></span> <span class='ocrx_word' id='word_1_741' title='bbox 728 4938 921 5008; x_wconf 84' lang='grc' dir='ltr'><strong>χρόνον</strong></span> <span class='ocrx_word' id='word_1_742' title='bbox 945 4942 1083 5012; x_wconf 85' lang='grc' dir='ltr'><strong>πρὸς</strong></span> <span class='ocrx_word' id='word_1_743' title='bbox 1115 4943 1299 5009; x_wconf 78' lang='grc' dir='ltr'><strong>αὐτὸν,</strong></span> <span class='ocrx_word' id='word_1_744' title='bbox 1326 4946 1644 5000; x_wconf 87' lang='grc' dir='ltr'><strong>ἀπέστειλεν</strong></span> <span class='ocrx_word' id='word_1_745' title='bbox 1673 4947 1834 5001; x_wconf 77' lang='grc' dir='ltr'><strong>αὑτὸν</strong></span> <span class='ocrx_word' id='word_1_746' title='bbox 1853 4950 1933 5012; x_wconf 82' lang='grc' dir='ltr'><strong>εἰς</strong></span> 
     </span>
    </p>
   </div>
   <div class='ocr_carea' id='block_1_96' title="bbox 344 5022 1932 5103">
    <p class='ocr_par' dir='ltr' id='par_1_96' title="bbox 344 5022 1932 5103">
     <span class='ocr_line' id='line_1_96' title="bbox 344 5022 1932 5103; baseline 0.013 -30"><span class='ocrx_word' id='word_1_747' title='bbox 344 5022 410 5075; x_wconf 76' lang='grc' dir='ltr'><strong>τὸ</strong></span> <span class='ocrx_word' id='word_1_748' title='bbox 446 5024 711 5080; x_wconf 81' lang='grc' dir='ltr'><strong>κοινόϐιον</strong></span> <span class='ocrx_word' id='word_1_749' title='bbox 753 5028 874 5084; x_wconf 81' lang='grc' dir='ltr'><strong>ὅθεν</strong></span> <span class='ocrx_word' id='word_1_750' title='bbox 908 5029 1089 5103; x_wconf 83' lang='grc' dir='ltr'><strong>ἐξέϐη.</strong></span> <span class='ocrx_word' id='word_1_751' title='bbox 1126 5034 1191 5087; x_wconf 87' lang='grc' dir='ltr'><strong>Οἱ</strong></span> <span class='ocrx_word' id='word_1_752' title='bbox 1221 5034 1279 5088; x_wconf 84' lang='grc' dir='ltr'><strong>δὲ</strong></span> <span class='ocrx_word' id='word_1_753' title='bbox 1319 5036 1519 5100; x_wconf 75' lang='grc' dir='ltr'><strong>ἰδόντες</strong></span> <span class='ocrx_word' id='word_1_754' title='bbox 1559 5037 1741 5100; x_wconf 74' lang='grc' dir='ltr'><strong>αὐτὸν,</strong></span> <span class='ocrx_word' id='word_1_755' title='bbox 1770 5038 1932 5095; x_wconf 70' lang='grc' dir='ltr'><strong>πάλιν</strong></span> 
     </span>
    </p>
   </div>
   <div class='ocr_carea' id='block_1_97' title="bbox 345 5113 1929 5198">
    <p class='ocr_par' dir='ltr' id='par_1_97' title="bbox 345 5113 1929 5198">
     <span class='ocr_line' id='line_1_97' title="bbox 345 5113 1929 5198; baseline 0.011 -32"><span class='ocrx_word' id='word_1_756' title='bbox 345 5113 607 5179; x_wconf 63' lang='grc' dir='ltr'><strong>ἐδίωξαν</strong></span> <span class='ocrx_word' id='word_1_757' title='bbox 648 5118 681 5170; x_wconf 86' lang='lat'><strong>6</strong></span> <span class='ocrx_word' id='word_1_758' title='bbox 727 5119 784 5173; x_wconf 83' lang='grc' dir='ltr'><strong>δέ</strong></span> <span class='ocrx_word' id='word_1_759' title='bbox 812 5120 1097 5194; x_wconf 69' lang='grc' dir='ltr'><strong>ἀνέκαμψε</strong></span> <span class='ocrx_word' id='word_1_760' title='bbox 1122 5125 1256 5198; x_wconf 81' lang='grc' dir='ltr'><strong>πρὸς</strong></span> <span class='ocrx_word' id='word_1_761' title='bbox 1293 5127 1383 5182; x_wconf 81' lang='grc' dir='ltr'><strong>τὸν</strong></span> <span class='ocrx_word' id='word_1_762' title='bbox 1414 5127 1587 5182; x_wconf 76' lang='grc' dir='ltr'><strong>ἀϐϐᾶν</strong></span> <span class='ocrx_word' id='word_1_763' title='bbox 1625 5128 1929 5197; x_wconf 81' lang='grc' dir='ltr'><strong>Ἀντώνιον,</strong></span> 
     </span>
    </p>
   </div>
   <div class='ocr_carea' id='block_1_98' title="bbox 345 5204 1933 5292">
    <p class='ocr_par' dir='ltr' id='par_1_98' title="bbox 345 5204 1933 5292">
     <span class='ocr_line' id='line_1_98' title="bbox 345 5204 1933 5292; baseline 0.011 -34"><span class='ocrx_word' id='word_1_764' title='bbox 345 5204 523 5274; x_wconf 83' lang='grc' dir='ltr'><strong>λέγων</strong></span> <span class='ocrx_word' id='word_1_765' title='bbox 541 5225 557 5239; x_wconf 79' lang='grc' dir='ltr'><strong><em>ο</em></strong></span> <span class='ocrx_word' id='word_1_766' title='bbox 590 5210 705 5264; x_wconf 72' lang='grc' dir='ltr'><strong>Οὐκ</strong></span> <span class='ocrx_word' id='word_1_767' title='bbox 732 5212 1007 5285; x_wconf 75' lang='grc' dir='ltr'><strong>ἠθέλησαν</strong></span> <span class='ocrx_word' id='word_1_768' title='bbox 1038 5234 1106 5288; x_wconf 85' lang='grc' dir='ltr'><strong>με</strong></span> <span class='ocrx_word' id='word_1_769' title='bbox 1133 5217 1408 5285; x_wconf 78' lang='grc' dir='ltr'><strong>δέξασθαι,</strong></span> <span class='ocrx_word' id='word_1_770' title='bbox 1436 5219 1640 5292; x_wconf 87' lang='grc' dir='ltr'><strong>Πάτερ.</strong></span> <span class='ocrx_word' id='word_1_771' title='bbox 1659 5219 1933 5275; x_wconf 77' lang='grc' dir='ltr'><strong>Ἀπέστει-</strong></span> 
     </span>
    </p>
   </div>
   <div class='ocr_carea' id='block_1_99' title="bbox 344 5294 1932 5383">
    <p class='ocr_par' dir='ltr' id='par_1_99' title="bbox 344 5294 1932 5383">
     <span class='ocr_line' id='line_1_99' title="bbox 344 5294 1932 5383; baseline 0.009 -33"><span class='ocrx_word' id='word_1_772' title='bbox 344 5294 438 5351; x_wconf 84' lang='grc' dir='ltr'><strong>λεν</strong></span> <span class='ocrx_word' id='word_1_773' title='bbox 461 5294 555 5353; x_wconf 76' lang='grc' dir='ltr'><strong>οὖν</strong></span> <span class='ocrx_word' id='word_1_774' title='bbox 592 5301 622 5353; x_wconf 90' lang='lat'><strong>6</strong></span> <span class='ocrx_word' id='word_1_775' title='bbox 653 5302 832 5374; x_wconf 85' lang='grc' dir='ltr'><strong>γέρων</strong></span> <span class='ocrx_word' id='word_1_776' title='bbox 871 5304 1082 5374; x_wconf 76' lang='grc' dir='ltr'><strong>λέγων’</strong></span> <span class='ocrx_word' id='word_1_777' title='bbox 1135 5308 1324 5372; x_wconf 82' lang='grc' dir='ltr'><strong>Πλρῖον</strong></span> <span class='ocrx_word' id='word_1_778' title='bbox 1371 5310 1709 5380; x_wconf 74' lang='grc' dir='ltr'><strong>ἐναυάγησεν</strong></span> <span class='ocrx_word' id='word_1_779' title='bbox 1750 5313 1809 5367; x_wconf 85' lang='grc' dir='ltr'><strong>ἐν</strong></span> <span class='ocrx_word' id='word_1_780' title='bbox 1854 5311 1932 5383; x_wconf 82' lang='grc' dir='ltr'><strong>τῷ</strong></span> 
     </span>
    </p>
   </div>
   <div class='ocr_carea' id='block_1_100' title="bbox 344 5383 1931 5473">
    <p class='ocr_par' dir='ltr' id='par_1_100' title="bbox 344 5383 1931 5473">
     <span class='ocr_line' id='line_1_100' title="bbox 344 5383 1931 5473; baseline 0.011 -35"><span class='ocrx_word' id='word_1_781' title='bbox 344 5387 594 5458; x_wconf 81' lang='grc' dir='ltr'><strong>πελάγει,</strong></span> <span class='ocrx_word' id='word_1_782' title='bbox 622 5393 718 5446; x_wconf 79' lang='grc' dir='ltr'><strong>καὶ</strong></span> <span class='ocrx_word' id='word_1_783' title='bbox 748 5394 999 5450; x_wconf 82' lang='grc' dir='ltr'><strong>ἀπώλεσε</strong></span> <span class='ocrx_word' id='word_1_784' title='bbox 1026 5398 1116 5451; x_wconf 79' lang='grc' dir='ltr'><strong>τὸν</strong></span> <span class='ocrx_word' id='word_1_785' title='bbox 1145 5399 1332 5469; x_wconf 85' lang='grc' dir='ltr'><strong>γόμον,</strong></span> <span class='ocrx_word' id='word_1_786' title='bbox 1368 5400 1463 5455; x_wconf 72' lang='grc' dir='ltr'><strong>καὶ</strong></span> <span class='ocrx_word' id='word_1_787' title='bbox 1492 5383 1631 5473; x_wconf 83' lang='grc' dir='ltr'><strong>μετά</strong></span> <span class='ocrx_word' id='word_1_788' title='bbox 1682 5402 1931 5473; x_wconf 86' lang='grc' dir='ltr'><strong>καμάτου</strong></span> 
     </span>
    </p>
   </div>
   <div class='ocr_carea' id='block_1_101' title="bbox 416 5502 1330 5583">
    <p class='ocr_par' dir='ltr' id='par_1_101' title="bbox 416 5502 1330 5583">
     <span class='ocr_line' id='line_1_101' title="bbox 416 5502 1330 5583; baseline 0.01 -26"><span class='ocrx_word' id='word_1_789' title='bbox 416 5502 761 5583; x_wconf 58' lang='lat' dir='ltr'><strong>f_Al:_ittser.</strong></span> <span class='ocrx_word' id='word_1_790' title='bbox 791 5508 898 5583; x_wconf 68' lang='lat' dir='ltr'><strong>del.</strong></span> <span class='ocrx_word' id='word_1_791' title='bbox 931 5510 1091 5583; x_wconf 45' lang='grc' dir='ltr'><strong>Δξων.</strong></span> <span class='ocrx_word' id='word_1_792' title='bbox 1116 5512 1330 5583; x_wconf 67' lang='grc' dir='ltr'><strong>εὶσερχό</strong></span> 
     </span>
    </p>
   </div>
   <div class='ocr_carea' id='block_1_102' title="bbox 346 5567 1679 5666">
    <p class='ocr_par' dir='ltr' id='par_1_102' title="bbox 346 5567 1679 5666">
     <span class='ocr_line' id='line_1_102' title="bbox 346 5567 1679 5666; baseline 0.01 -38"><span class='ocrx_word' id='word_1_793' title='bbox 346 5567 373 5598; x_wconf 78' lang='lat'><strong>’</strong></span> <span class='ocrx_word' id='word_1_794' title='bbox 400 5574 493 5630; x_wconf 82' lang='grc' dir='ltr'><strong>ΔΙ.</strong></span> <span class='ocrx_word' id='word_1_795' title='bbox 520 5574 777 5635; x_wconf 77' lang='grc' dir='ltr'><strong>δύνασθε.</strong></span> <span class='ocrx_word' id='word_1_796' title='bbox 853 5580 896 5612; x_wconf 75' lang='grc'><strong>⁸⁸</strong></span> <span class='ocrx_word' id='word_1_797' title='bbox 930 5580 1128 5635; x_wconf 80' lang='grc' dir='ltr'><strong>Ἠλίου.</strong></span> <span class='ocrx_word' id='word_1_798' title='bbox 1210 5567 1473 5666; x_wconf 31' lang='lat' dir='ltr'><strong>ﬂabianii.</strong></span> 
     </span>
    </p>
   </div>
   <div class='ocr_carea' id='block_1_103' title="bbox 446 5683 1068 5747">
    <p class='ocr_par' dir='ltr' id='par_1_103' title="bbox 446 5683 1068 5747">
     <span class='ocr_line' id='line_1_103' title="bbox 446 5683 1068 5747; baseline 0 -7"><span class='ocrx_word' id='word_1_799' title='bbox 446 5684 536 5740; x_wconf 71' lang='lat'><strong>35)</strong></span> <span class='ocrx_word' id='word_1_800' title='bbox 595 5686 701 5739; x_wconf 75' lang='lat' dir='ltr'><strong>Vit.</strong></span> <span class='ocrx_word' id='word_1_801' title='bbox 736 5683 887 5742; x_wconf 83' lang='lat' dir='ltr'><strong>Patr.</strong></span> <span class='ocrx_word' id='word_1_802' title='bbox 916 5702 988 5747; x_wconf 84' lang='grc' dir='ltr'><strong>ιν,</strong></span> <span class='ocrx_word' id='word_1_803' title='bbox 1021 5687 1068 5747; x_wconf 84' lang='grc' dir='ltr'><strong>Ι.</strong></span> 
     </span>
    </p>
   </div>
   <div class='ocr_carea' id='block_1_104' title="bbox 445 5755 1106 5827">
    <p class='ocr_par' dir='ltr' id='par_1_104' title="bbox 445 5755 1106 5827">
     <span class='ocr_line' id='line_1_104' title="bbox 445 5755 1106 5827; baseline 0.006 -18"><span class='ocrx_word' id='word_1_804' title='bbox 445 5756 535 5827; x_wconf 73' lang='grc'><strong>34)</strong></span> <span class='ocrx_word' id='word_1_805' title='bbox 586 5755 693 5811; x_wconf 78' lang='lat' dir='ltr'><strong>Vit.</strong></span> <span class='ocrx_word' id='word_1_806' title='bbox 730 5755 881 5812; x_wconf 79' lang='lat' dir='ltr'><strong>Patr.</strong></span> <span class='ocrx_word' id='word_1_807' title='bbox 915 5770 989 5827; x_wconf 77' lang='lat' dir='ltr'><strong>tv,</strong></span> <span class='ocrx_word' id='word_1_808' title='bbox 1022 5759 1106 5813; x_wconf 85' lang='lat' dir='ltr'><strong>ll.</strong></span> 
     </span>
    </p>
   </div>
   <div class='ocr_carea' id='block_1_105' title="bbox 2104 4658 3655 4745">
    <p class='ocr_par' dir='ltr' id='par_1_105' title="bbox 2104 4658 3655 4745">
     <span class='ocr_line' id='line_1_105' title="bbox 2104 4658 3655 4745; baseline -0.008 -18"><span class='ocrx_word' id='word_1_809' title='bbox 2104 4672 2192 4739; x_wconf 68' lang='lat'><strong>2|.</strong></span> <span class='ocrx_word' id='word_1_810' title='bbox 2236 4671 2346 4745; x_wconf 73' lang='lat'><strong>(36)</strong></span> <span class='ocrx_word' id='word_1_811' title='bbox 2386 4669 2628 4741; x_wconf 86' lang='lat' dir='ltr'><strong>Contigit</strong></span> <span class='ocrx_word' id='word_1_812' title='bbox 2649 4667 2949 4740; x_wconf 89' lang='lat' dir='ltr'><strong>aliquando</strong></span> <span class='ocrx_word' id='word_1_813' title='bbox 2976 4663 3133 4725; x_wconf 80' lang='lat' dir='ltr'><strong>fratri</strong></span> <span class='ocrx_word' id='word_1_814' title='bbox 3157 4661 3389 4726; x_wconf 79' lang='lat' dir='ltr'><strong>tentatio</strong></span> <span class='ocrx_word' id='word_1_815' title='bbox 3418 4661 3472 4716; x_wconf 91' lang='lat' dir='ltr'><strong>in</strong></span> <span class='ocrx_word' id='word_1_816' title='bbox 3502 4674 3619 4720; x_wconf 65' lang='lat' dir='ltr'><strong>eteo</strong></span> <span class='ocrx_word' id='word_1_817' title='bbox 3642 4658 3655 4673; x_wconf 85' lang='lat'><strong>&#39;</strong></span> 
     </span>
    </p>
   </div>
   <div class='ocr_carea' id='block_1_106' title="bbox 2036 4753 3618 4830">
    <p class='ocr_par' dir='ltr' id='par_1_106' title="bbox 2036 4753 3618 4830">
     <span class='ocr_line' id='line_1_106' title="bbox 2036 4753 3618 4830; baseline -0.011 -10"><span class='ocrx_word' id='word_1_818' title='bbox 2036 4764 2202 4820; x_wconf 87' lang='lat' dir='ltr'><strong>nobio</strong></span> <span class='ocrx_word' id='word_1_819' title='bbox 2226 4765 2440 4819; x_wconf 88' lang='lat' dir='ltr'><strong>abbatis</strong></span> <span class='ocrx_word' id='word_1_820' title='bbox 2462 4762 2626 4830; x_wconf 68' lang='lat' dir='ltr'><strong>Elite;</strong></span> <span class='ocrx_word' id='word_1_821' title='bbox 2658 4777 2722 4816; x_wconf 92' lang='lat' dir='ltr'><strong>ac</strong></span> <span class='ocrx_word' id='word_1_822' title='bbox 2746 4759 3011 4829; x_wconf 84' lang='lat' dir='ltr'><strong>expulsus</strong></span> <span class='ocrx_word' id='word_1_823' title='bbox 3043 4754 3192 4822; x_wconf 76' lang='lat' dir='ltr'><strong>inde,</strong></span> <span class='ocrx_word' id='word_1_824' title='bbox 3222 4753 3356 4809; x_wconf 88' lang='lat' dir='ltr'><strong>abiit</strong></span> <span class='ocrx_word' id='word_1_825' title='bbox 3385 4753 3439 4806; x_wconf 91' lang='lat' dir='ltr'><strong>in</strong></span> <span class='ocrx_word' id='word_1_826' title='bbox 3463 4765 3618 4805; x_wconf 86' lang='lat' dir='ltr'><strong>mon-</strong></span> 
     </span>
    </p>
   </div>
   <div class='ocr_carea' id='block_1_107' title="bbox 2037 4843 3619 4917">
    <p class='ocr_par' dir='ltr' id='par_1_107' title="bbox 2037 4843 3619 4917">
     <span class='ocr_line' id='line_1_107' title="bbox 2037 4843 3619 4917; baseline -0.01 -6"><span class='ocrx_word' id='word_1_827' title='bbox 2037 4863 2143 4911; x_wconf 87' lang='lat' dir='ltr'><strong>tem</strong></span> <span class='ocrx_word' id='word_1_828' title='bbox 2206 4855 2276 4910; x_wconf 89' lang='lat' dir='ltr'><strong>ad</strong></span> <span class='ocrx_word' id='word_1_829' title='bbox 2339 4856 2588 4909; x_wconf 90' lang='lat' dir='ltr'><strong>abbatem</strong></span> <span class='ocrx_word' id='word_1_830' title='bbox 2654 4850 2985 4915; x_wconf 67' lang='lat' dir='ltr'><strong>Antonium,</strong></span> <span class='ocrx_word' id='word_1_831' title='bbox 3017 4847 3267 4917; x_wconf 84' lang='lat' dir='ltr'><strong>Cumque</strong></span> <span class='ocrx_word' id='word_1_832' title='bbox 3322 4843 3619 4906; x_wconf 78' lang='lat' dir='ltr'><strong>mansisset</strong></span> 
     </span>
    </p>
   </div>
   <div class='ocr_carea' id='block_1_108' title="bbox 2039 4933 3617 5019">
    <p class='ocr_par' dir='ltr' id='par_1_108' title="bbox 2039 4933 3617 5019">
     <span class='ocr_line' id='line_1_108' title="bbox 2039 4933 3617 5019; baseline -0.01 -18"><span class='ocrx_word' id='word_1_833' title='bbox 2039 4947 2182 5019; x_wconf 88' lang='lat' dir='ltr'><strong>apud</strong></span> <span class='ocrx_word' id='word_1_834' title='bbox 2209 4963 2331 5003; x_wconf 88' lang='lat' dir='ltr'><strong>eum</strong></span> <span class='ocrx_word' id='word_1_835' title='bbox 2364 4946 2534 5002; x_wconf 81' lang='lat' dir='ltr'><strong>l&#39;ra&#39;ter</strong></span> <span class='ocrx_word' id='word_1_836' title='bbox 2570 4960 2668 5017; x_wconf 87' lang='lat' dir='ltr'><strong>per</strong></span> <span class='ocrx_word' id='word_1_837' title='bbox 2706 4944 2928 5016; x_wconf 85' lang='lat' dir='ltr'><strong>aliquod</strong></span> <span class='ocrx_word' id='word_1_838' title='bbox 2955 4949 3193 5009; x_wconf 71' lang='lat' dir='ltr'><strong>tempus,</strong></span> <span class='ocrx_word' id='word_1_839' title='bbox 3222 4936 3438 4999; x_wconf 76' lang='lat' dir='ltr'><strong>remisit.</strong></span> <span class='ocrx_word' id='word_1_840' title='bbox 3461 4933 3617 4987; x_wconf 83' lang='lat' dir='ltr'><strong>illum</strong></span> 
     </span>
    </p>
   </div>
   <div class='ocr_carea' id='block_1_109' title="bbox 1996 5020 3617 5107">
    <p class='ocr_par' dir='ltr' id='par_1_109' title="bbox 1996 5020 3617 5107">
     <span class='ocr_line' id='line_1_109' title="bbox 1996 5020 3617 5107; baseline -0.009 -17"><span class='ocrx_word' id='word_1_841' title='bbox 1996 5100 2005 5107; x_wconf 40' lang='grc' dir='ltr'><strong>ο</strong></span> <span class='ocrx_word' id='word_1_842' title='bbox 2040 5037 2092 5090; x_wconf 92' lang='lat' dir='ltr'><strong>in</strong></span> <span class='ocrx_word' id='word_1_843' title='bbox 2140 5035 2457 5091; x_wconf 78' lang='lat' dir='ltr'><strong>cmnobium</strong></span> <span class='ocrx_word' id='word_1_844' title='bbox 2516 5033 2660 5090; x_wconf 91' lang='lat' dir='ltr'><strong>unde</strong></span> <span class='ocrx_word' id='word_1_845' title='bbox 2714 5047 2973 5105; x_wconf 74' lang='lat' dir='ltr'><strong>egressus</strong></span> <span class='ocrx_word' id='word_1_846' title='bbox 3008 5026 3319 5087; x_wconf 81' lang='lat' dir='ltr'><strong>fuerat._At</strong></span> <span class='ocrx_word' id='word_1_847' title='bbox 3357 5020 3617 5083; x_wconf 82' lang='lat' dir='ltr'><strong>monachi</strong></span> 
     </span>
    </p>
   </div>
   <div class='ocr_carea' id='block_1_110' title="bbox 2038 5111 3616 5199">
    <p class='ocr_par' dir='ltr' id='par_1_110' title="bbox 2038 5111 3616 5199">
     <span class='ocr_line' id='line_1_110' title="bbox 2038 5111 3616 5199; baseline -0.01 -18"><span class='ocrx_word' id='word_1_848' title='bbox 2038 5128 2217 5199; x_wconf 91' lang='lat' dir='ltr'><strong>ipsum</strong></span> <span class='ocrx_word' id='word_1_849' title='bbox 2269 5126 2476 5193; x_wconf 87' lang='lat' dir='ltr'><strong>intuiti,</strong></span> <span class='ocrx_word' id='word_1_850' title='bbox 2508 5126 2704 5197; x_wconf 87' lang='lat' dir='ltr'><strong>iterum</strong></span> <span class='ocrx_word' id='word_1_851' title='bbox 2737 5127 3070 5195; x_wconf 50' lang='lat' dir='ltr'><strong>ejeceruntf,</strong></span> <span class='ocrx_word' id='word_1_852' title='bbox 3092 5119 3141 5182; x_wconf 82' lang='lat' dir='ltr'><strong>is</strong></span> <span class='ocrx_word' id='word_1_853' title='bbox 3169 5130 3301 5174; x_wconf 80' lang='lat' dir='ltr'><strong>vero</strong></span> <span class='ocrx_word' id='word_1_854' title='bbox 3333 5111 3402 5178; x_wconf 85' lang='lat' dir='ltr'><strong>ad</strong></span> <span class='ocrx_word' id='word_1_855' title='bbox 3443 5112 3616 5167; x_wconf 86' lang='lat' dir='ltr'><strong>abba-</strong></span> 
     </span>
    </p>
   </div>
   <div class='ocr_carea' id='block_1_111' title="bbox 2038 5203 3618 5280">
    <p class='ocr_par' dir='ltr' id='par_1_111' title="bbox 2038 5203 3618 5280">
     <span class='ocr_line' id='line_1_111' title="bbox 2038 5203 3618 5280; baseline -0.009 -8"><span class='ocrx_word' id='word_1_856' title='bbox 2038 5229 2145 5272; x_wconf 80' lang='lat' dir='ltr'><strong>tem</strong></span> <span class='ocrx_word' id='word_1_857' title='bbox 2201 5217 2499 5271; x_wconf 87' lang='lat' dir='ltr'><strong>Antonium</strong></span> <span class='ocrx_word' id='word_1_858' title='bbox 2551 5231 2808 5272; x_wconf 86' lang='lat' dir='ltr'><strong>reversus</strong></span> <span class='ocrx_word' id='word_1_859' title='bbox 2837 5224 2946 5280; x_wconf 89' lang='lat' dir='ltr'><strong>est,</strong></span> <span class='ocrx_word' id='word_1_860' title='bbox 2978 5211 3227 5279; x_wconf 83' lang='lat' dir='ltr'><strong>dixitque</strong></span> <span class='ocrx_word' id='word_1_861' title='bbox 3260 5224 3274 5259; x_wconf 87' lang='lat'><strong>:</strong></span> <span class='ocrx_word' id='word_1_862' title='bbox 3308 5203 3618 5260; x_wconf 85' lang='lat' dir='ltr'><strong>Noluerunt</strong></span> 
     </span>
    </p>
   </div>
   <div class='ocr_carea' id='block_1_112' title="bbox 2038 5297 3615 5381">
    <p class='ocr_par' dir='ltr' id='par_1_112' title="bbox 2038 5297 3615 5381">
     <span class='ocr_line' id='line_1_112' title="bbox 2038 5297 3615 5381; baseline -0.014 -11"><span class='ocrx_word' id='word_1_863' title='bbox 2038 5326 2127 5369; x_wconf 86' lang='lat' dir='ltr'><strong>me</strong></span> <span class='ocrx_word' id='word_1_864' title='bbox 2170 5311 2471 5381; x_wconf 81' lang='lat' dir='ltr'><strong>suscipere,</strong></span> <span class='ocrx_word' id='word_1_865' title='bbox 2501 5307 2680 5371; x_wconf 66' lang='lat' dir='ltr'><strong>Peter,</strong></span> <span class='ocrx_word' id='word_1_866' title='bbox 2719 5306 2903 5376; x_wconf 72' lang='lat' dir='ltr'><strong>Itaque</strong></span> <span class='ocrx_word' id='word_1_867' title='bbox 2955 5301 3115 5361; x_wconf 81' lang='lat' dir='ltr'><strong>misit;</strong></span> <span class='ocrx_word' id='word_1_868' title='bbox 3158 5313 3349 5363; x_wconf 86' lang='lat' dir='ltr'><strong>senex,</strong></span> <span class='ocrx_word' id='word_1_869' title='bbox 3377 5297 3615 5353; x_wconf 82' lang='lat' dir='ltr'><strong>dicens:</strong></span> 
     </span>
    </p>
   </div>
   <div class='ocr_carea' id='block_1_113' title="bbox 2038 5390 3616 5473">
    <p class='ocr_par' dir='ltr' id='par_1_113' title="bbox 2038 5390 3616 5473">
     <span class='ocr_line' id='line_1_113' title="bbox 2038 5390 3616 5473; baseline -0.01 -18"><span class='ocrx_word' id='word_1_870' title='bbox 2038 5399 2206 5456; x_wconf 80' lang='lat' dir='ltr'><strong>Navis</strong></span> <span class='ocrx_word' id='word_1_871' title='bbox 2236 5401 2291 5456; x_wconf 87' lang='lat' dir='ltr'><strong>in</strong></span> <span class='ocrx_word' id='word_1_872' title='bbox 2324 5403 2515 5473; x_wconf 86' lang='lat' dir='ltr'><strong>pelago</strong></span> <span class='ocrx_word' id='word_1_873' title='bbox 2545 5397 2888 5468; x_wconf 80' lang='lat' dir='ltr'><strong>naufragium</strong></span> <span class='ocrx_word' id='word_1_874' title='bbox 2939 5393 3089 5459; x_wconf 78' lang='lat' dir='ltr'><strong>fecit,</strong></span> <span class='ocrx_word' id='word_1_875' title='bbox 3125 5390 3420 5466; x_wconf 77' lang='lat' dir='ltr'><strong>amisitque</strong></span> <span class='ocrx_word' id='word_1_876' title='bbox 3465 5399 3616 5442; x_wconf 81' lang='lat' dir='ltr'><strong>Iner-</strong></span> 
     </span>
    </p>
   </div>
   <div class='ocr_carea' id='block_1_114' title="bbox 1335 5499 3613 5587">
    <p class='ocr_par' dir='ltr' id='par_1_114' title="bbox 1335 5499 3613 5587">
     <span class='ocr_line' id='line_1_114' title="bbox 1335 5499 3613 5587; baseline -0.002 -16"><span class='ocrx_word' id='word_1_877' title='bbox 1335 5529 1472 5587; x_wconf 79' lang='grc' dir='ltr'><strong>μενα</strong></span> <span class='ocrx_word' id='word_1_878' title='bbox 1501 5516 1578 5578; x_wconf 65' lang='lat' dir='ltr'><strong>lci;</strong></span> <span class='ocrx_word' id='word_1_879' title='bbox 1597 5515 1794 5587; x_wconf 69' lang='grc' dir='ltr'><strong>αύτοὺς</strong></span> <span class='ocrx_word' id='word_1_880' title='bbox 1823 5516 2067 5579; x_wconf 74' lang='grc' dir='ltr'><strong>ἐλάλουν.</strong></span> <span class='ocrx_word' id='word_1_881' title='bbox 2141 5519 2162 5551; x_wconf 80' lang='grc'><strong>⁷</strong></span> <span class='ocrx_word' id='word_1_882' title='bbox 2195 5516 2282 5571; x_wconf 85' lang='lat' dir='ltr'><strong>Al.</strong></span> <span class='ocrx_word' id='word_1_883' title='bbox 2316 5517 2428 5579; x_wconf 77' lang='grc' dir='ltr'><strong>τοῖς</strong></span> <span class='ocrx_word' id='word_1_884' title='bbox 2455 5512 2723 5581; x_wconf 77' lang='grc' dir='ltr'><strong>ἀδελφοῖς.</strong></span> <span class='ocrx_word' id='word_1_885' title='bbox 2798 5511 2822 5544; x_wconf 86' lang='grc'><strong><em>⁸</em></strong></span> <span class='ocrx_word' id='word_1_886' title='bbox 2846 5508 2933 5565; x_wconf 81' lang='lat' dir='ltr'><strong>Al.</strong></span> <span class='ocrx_word' id='word_1_887' title='bbox 2962 5506 3093 5565; x_wconf 83' lang='lat' dir='ltr'><strong>add.</strong></span> <span class='ocrx_word' id='word_1_888' title='bbox 3118 5507 3216 5567; x_wconf 75' lang='grc' dir='ltr'><strong>καὶ</strong></span> <span class='ocrx_word' id='word_1_889' title='bbox 3235 5505 3386 5578; x_wconf 76' lang='grc' dir='ltr'><strong>λέγει</strong></span> <span class='ocrx_word' id='word_1_890' title='bbox 3404 5499 3613 5567; x_wconf 53' lang='lat'><strong>0.61016-</strong></span> 
     </span>
    </p>
   </div>
   <div class='ocr_carea' id='block_1_115' title="bbox 2108 5681 2999 5757">
    <p class='ocr_par' dir='ltr' id='par_1_115' title="bbox 2108 5681 2999 5757">
     <span class='ocr_line' id='line_1_115' title="bbox 2108 5681 2999 5757; baseline 0.002 -16"><span class='ocrx_word' id='word_1_891' title='bbox 2108 5687 2220 5757; x_wconf 66' lang='grc' dir='ltr'><strong>(δῦ)</strong></span> <span class='ocrx_word' id='word_1_892' title='bbox 2271 5685 2374 5740; x_wconf 75' lang='lat' dir='ltr'><strong>Vit.</strong></span> <span class='ocrx_word' id='word_1_893' title='bbox 2400 5684 2553 5757; x_wconf 60' lang='lat' dir='ltr'><strong>Patr.</strong></span> <span class='ocrx_word' id='word_1_894' title='bbox 2590 5697 2672 5745; x_wconf 85' lang='lat' dir='ltr'><strong>ut.</strong></span> <span class='ocrx_word' id='word_1_895' title='bbox 2704 5682 2802 5757; x_wconf 58' lang='grc' dir='ltr'><strong>(ᾆδε</strong></span> <span class='ocrx_word' id='word_1_896' title='bbox 2833 5698 2905 5753; x_wconf 84' lang='lat' dir='ltr'><strong>tv,</strong></span> <span class='ocrx_word' id='word_1_897' title='bbox 2943 5681 2999 5743; x_wconf 77' lang='lat' dir='ltr'><strong>l.</strong></span> 
     </span>
    </p>
   </div>
   <div class='ocr_carea' id='block_1_116' title="bbox 2113 5755 2769 5831">
    <p class='ocr_par' dir='ltr' id='par_1_116' title="bbox 2113 5755 2769 5831">
     <span class='ocr_line' id='line_1_116' title="bbox 2113 5755 2769 5831; baseline -0.009 -17"><span class='ocrx_word' id='word_1_898' title='bbox 2113 5755 2227 5831; x_wconf 75' lang='lat'><strong>(56)</strong></span> <span class='ocrx_word' id='word_1_899' title='bbox 2276 5757 2379 5813; x_wconf 75' lang='lat' dir='ltr'><strong>l’t‘t.</strong></span> <span class='ocrx_word' id='word_1_900' title='bbox 2411 5755 2565 5812; x_wconf 82' lang='lat' dir='ltr'><strong>Patr.</strong></span> <span class='ocrx_word' id='word_1_901' title='bbox 2607 5769 2686 5826; x_wconf 71' lang='grc' dir='ltr'><strong>ιχ,</strong></span> <span class='ocrx_word' id='word_1_902' title='bbox 2717 5755 2769 5810; x_wconf 85' lang='grc' dir='ltr'><strong>ι.</strong></span> 
     </span>
    </p>
   </div>
  </div>
