4054 6206
375 249 446 306 35
1540 246 1881 304 APPENDIX
1922 249 2013 302 AD
2049 248 2391 307 PALLADIU
2403 251 2471 306 Μ.
3563 260 3632 315 86

375 474 498 530 qua:
526 458 594 512 ad
633 466 832 512 terram
866 463 1080 510 servata
1112 454 1333 508 fuerunt
1368 453 1533 507 vultis
1573 453 1946 522 submergere.

376 551 457 607 Illi
511 565 674 622 porro
726 548 1122 617 comperientes
1169 543 1314 614 quod
1358 544 1426 598 ab
1471 543 1668 599 abbate
1720 546 1952 599 Antonio

375 643 583 698 missus
624 640 838 701 fuisset,
872 637 1053 693 statim
1089 651 1213 691 eum
1251 642 1594 703 receperunt.

445 735 535 790 22.
581 733 692 803 (57)
737 731 882 785 Dixit
938 729 1105 784 abbas
1159 727 1431 782 Antonius
1477 745 1491 781 :
1540 727 1752 796 chuto
1807 729 1950 797 quod

380 842 580 896 corpus
615 825 810 878 habeat
843 822 1137 876 motionem
1171 820 1608 890 naturalem'ipsi
1643 827 1954 889 contempe-

381 926 579 980 ratam,
606 917 699 972 sed
755 915 977 970 nolente
1028 914 1232 979 animo,
1262 929 1371 968 non
1420 922 1712 982 operatur;
1741 921 1952 966 tantum

378 1009 586 1062 indicat
620 1006 674 1060 in
702 1019 933 1076 corpore
961 1011 1169 1060 motum
1199 1005 1318 1059 sine
1344 1004 1615 1074 passione.
1649 1003 1744 1058 Est
1772 1010 1952 1056 autem

377 1108 433 1154 et
473 1100 580 1153 alia
629 1097 819 1160 motio,
851 1111 918 1151 ex
960 1096 1263 1150 nutritione
1306 1095 1660 1164 fomentoque
1707 1093 1955 1163 corporis

380 1204 477 1260 per
509 1189 692 1242 cibum
725 1202 789 1241 ac
824 1194 1051 1258 potum;
1090 1186 1235 1240 unde
1264 1185 1550 1256 sanguinis
1580 1185 1732 1240 calor
1755 1200 1956 1254 corpus

379 1282 581 1337 excitat
610 1281 676 1335 ad
705 1279 1099 1349 operationem.
1133 1276 1312 1344 Quare
1346 1278 1643 1347 Apostolus
1687 1277 1910 1348 scripsit
1938 1295 1952 1330 :

383 1369 564 1426 Nolite
593 1370 847 1424 inebriari
871 1370 1009 1433 vino,
1037 1369 1090 1421 in
1118 1383 1219 1437 quo
1255 1378 1331 1421 est
1355 1367 1671 1422 luxuria‘”.
1697 1366 1959 1422 Rursum-

379 1479 488 1534 que
534 1462 798 1516 Dominus
848 1460 902 1514 in
954 1459 1248 1531 Evangelia
1292 1458 1582 1530 discipulis
1634 1459 1958 1530 praecipiens

381 1557 566 1612 dixit:
611 1555 808 1618 Videte,
846 1569 910 1608 ne
959 1535 1094 1622 forte
1141 1559 1425 1622 graventur
1475 1552 1639 1605 corda
1690 1561 1862 1605 vestra
1904 1552 1958 1604 in

382 1647 602 1716 crapula
653 1656 703 1701 et
748 1646 996 1701 ebrietate
1014 1645 1079 1700 ι’.
1109 1643 1208 1700 Est
1242 1652 1297 1700 et
1320 1645 1427 1698 alia
1456 1645 1630 1700 motio
1675 1643 1731 1697 in
1767 1643 1834 1698 iis
1866 1642 1956 1713 qui

271 391 282 402 ο
331 411 334 414 .
375 381 471 423 ces
515 381 666 430 suas,
698 376 752 420 et
793 365 881 420 vix
914 365 969 419 in
1000 373 1200 418 terram
1228 362 1375 418 salva
1407 361 1651 432 appulit;
1694 378 1790 418 vos
1820 378 1950 417 vero

2072 366 2234 438 :ctqu
2266 368 2359 420 ἐπὶ
2385 367 2485 439 τὴν
2514 367 2616 438 γῆν
2635 384 2647 396 ·
2679 367 2834 438 ὑμεῖς
2854 367 2909 422 δὲ
2934 368 3001 422 τὰ
3033 369 3271 423 σωθέντα
3291 367 3387 424 ἐπὶ
3411 369 3509 440 τὴν
3532 371 3636 442 γῆν

2059 457 2241 511 θέλετε
2275 459 2687 514 καταποντίσαι.
2725 458 2785 511 Οἱ
2833 459 2891 511 δὲ
2931 460 3259 523 ἀκούσαντες
3285 462 3367 514 ὅτι
3403 464 3431 516 6
3463 462 3638 527 ἀ66ἄς

2071 548 2354 613 Ἀντώνιος
2404 549 2566 604 αὐτὸν
2611 550 2947 617 ἀπέστειλεν,
2993 551 3194 616 εὐθέως
3239 552 3486 620 ἐδέξαντο
3535 555 3637 609 αὑ-

2058 642 2169 696 τόν.

2129 735 2232 804 κβ’.
2275 731 2441 788 Εἶπεν
2470 737 2498 789 6
2535 735 2710 799 ἀϐϐᾶς
2745 735 3026 800 Ἀντώνιος
3046 753 3059 766 ·
3089 736 3387 807 Λογίζομαι
3413 738 3496 791 ὅτι
3527 737 3640 808 ἔχει

2057 826 2119 878 τὸ
2147 825 2306 897 σῶμα
2331 826 2542 899 κίνησιν
2571 827 2807 897 φυσικὴν
2840 831 3304 900 συναναφυρεῖσαν
3325 828 3500 899 αὐτῷ·
3525 828 3638 883 ἀλλ’

2060 917 2160 970 οὐκ
2195 919 2425 988 ἐνεργεῖ,
2467 919 2542 990 μὴ
2594 918 2852 989 θελούσης
2884 920 2983 992 τῆς
3009 921 3185 992 ψυχῆς
3210 937 3222 949 ·
3267 923 3427 991 μόνον
3455 921 3512 974 δὲ
3545 939 3644 993 ση-

2065 1009 2244 1079 μαίνει
2275 1013 2331 1063 ἐν
2364 1010 2442 1082 τῷ
2473 1008 2682 1080 σώματι
2708 1011 2890 1082 ἀπαθῆ
2919 1013 3314 1082 κίνησιν.’Έστι
3341 1011 3397 1064 δὲ
3427 1013 3521 1066 καὶ
3551 1013 3647 1067 ἄλ-

2060 1101 2127 1171 λη
2152 1099 2382 1168 κίνησις,
2408 1102 2472 1154 ὲκ
2499 1101 2594 1154 τοῦ
2621 1102 2838 1174 τρέφειν
2866 1102 2960 1156 καὶ
2981 1102 3206 1156 θάλπειν
3227 1103 3288 1156 τὸ
3320 1102 3479 1174 σῶμα
3506 1103 3646 1174 βρώ-

2065 1209 2197 1263 μασι
2235 1193 2328 1246 καὶ
2346 1194 2583 1264 πόμασιν
2603 1210 2617 1223 ·
2647 1194 2707 1258 ἐξ
2730 1187 2804 1247 ὧν
2833 1196 2866 1266 ή
2893 1193 3067 1266 θέρμη
3091 1194 3184 1247 τοῦ
3207 1195 3435 1266 αἵματος
3453 1195 3648 1263 διεγεί-

2067 1301 2146 1352 ρει
2172 1285 2233 1337 τὸ
2266 1285 2425 1356 σῶμα
2456 1287 2588 1358 πρὸς
2619 1287 2912 1358 ἐνέργειαν.
2953 1286 3045 1340 Διὸ
3079 1287 3173 1340 καὶ
3217 1286 3398 1354 ἔλεγεν
3423 1289 3451 1340 6
3485 1287 3648 1339 Ἀπό-

2066 1373 2277 1439 στολος⁸
2313 1379 2370 1430 Μ
2379 1377 2411 1444 ἡ
2440 1379 2821 1445 μεθύσκεσθε
2855 1375 3102 1440 virque?
3128 1367 3176 1441 ᾧ
3205 1375 3378 1430 ἐστιν
3397 1377 3644 1432 ἀσωτία.

2064 1465 2174 1518 Καὶ
2199 1465 2359 1518 πάλιν
2388 1467 2417 1518 6
2445 1465 2650 1537 Κύριος
2679 1466 2735 1519 ὲν
2760 1466 2836 1537 τῷ
2870 1466 3185 1536 Εὑαγγελίῳ
3220 1470 3332 1529 τοῖς
3382 1467 3649 1536 μαθηταῖς

2066 1555 2442 1627 ἐντελλόμενος
2477 1551 2596 1610 εἷπε
2618 1573 2630 1586 ·
2662 1556 2924 1611 Βλέπετε
2970 1557 3204 1627 μήποτε
3224 1558 3577 1626 βαρηθῶσιν
3604 1559 3648 1592 ⁵⁸

2066 1648 2234 1717 ὑμῶν
2260 1651 2321 1703 αἱ
2361 1648 2595 1718 καρδίαι
2637 1649 2707 1702 ἐν
2732 1649 3031 1724 κραιπάλῃ
3068 1649 3166 1703 καί
3200 1649 3372 1719 μέθῃ.
3396 1649 3554 1703 Ἐστι
3593 1649 3650 1704 δέ

384 1741 440 1796 in
472 1739 637 1808 hujus
665 1739 789 1795 vita:
818 1753 991 1809 agone
1016 1737 1321 1802 decertant,
1353 1751 1476 1806 qua:
1521 1751 1586 1791 ex
1637 1734 1851 1790 insidiis
1894 1749 1958 1787 ac

2072 1756 2144 1803 tt;
2173 1741 2265 1794 καὶ
2292 1741 2456 1812 ἑτέρα
2480 1741 2695 1812 κίνησις
2736 1743 2848 1804 τοῖς
2872 1720 3309 1811 ἀγωνιζομένοις.
3341 1739 3400 1804 ea
3429 1740 3651 1792 ἐπιϐου-

384 1829 589 1884 invidia
611 1828 922 1882 daemonum
965 1827 1298 1898 supervenit.
1330 1825 1517 1896 Itaque
1548 1826 1690 1882 scire
1721 1831 1956 1896 oportet,

385 1927 499 1974 tres
551 1933 672 1974 esse
723 1917 1040 1989 corporales
1107 1927 1325 1982 motus;
1380 1932 1550 1972 unum
1611 1916 1958 1980 naturalem,

387 2011 556 2065 alium
588 2025 652 2065 ex
694 2013 1010 2081 promiscuo
1041 2026 1148 2066 usu
1177 2010 1446 2074 ciborum,
1475 2009 1696 2065 tertium
1728 2005 1962 2077 denique

388 2118 418 2158 a
450 2103 808 2158 daemonibus.

456 2194 550 2249 25.
593 2194 702 2267 (58)
745 2193 890 2248 Dixit
927 2194 1145 2260 iterum,
1172 2192 1344 2249 Deum
1371 2205 1480 2245 non
1508 2188 1797 2244 demittere
1824 2187 1965 2242 bella

387 2285 833 2356 tentationcsque
883 2285 941 2340 in
992 2293 1208 2340 atatem
1270 2282 1434 2347 hanc,
1499 2278 1963 2352 quemadmodum

391 2375 536 2446 apud
572 2375 828 2444 antiquos
859 2393 872 2429 :
910 2375 1054 2430 scire
1084 2375 1230 2428 enim
1259 2372 1509 2427 homines
1539 2385 1687 2425 nunc
1717 2369 1966 2424 inﬁrmos

391 2484 540 2532 esse,
576 2483 676 2522 nec
710 2481 870 2538 posse
899 2474 1141 2537 portare.

459 2560 552 2615 24.
594 2558 914 2616 Develatum
944 2565 1029 2614 est
1066 2559 1118 2612 in
1155 2557 1448 2614 solitudine
1493 2556 1675 2612 abbati
1706 2553 1967 2618 Antonio,

391 2667 515 2710 csse
549 2651 784 2722 aliquem
814 2651 868 2705 in
904 2650 1037 2705 urbe
1064 2650 1164 2719 ipsi
1198 2649 1454 2712 similem,
1487 2647 1829 2718 professione
1857 2660 1972 2701 me-

395 2746 604 2807 dicum,
633 2746 724 2814 qui
759 2742 1022 2816 quidquid
1051 2740 1310 2812 superﬂui
1352 2739 1668 2813 possidebat
1697 2738 1854 2793 daret
1885 2737 1970 2791 in-

392 2835 729 2907 'digentibus,
760 2843 813 2890 et
844 2833 1090 2906 quotidie
1109 2833 1418 2904 Trisagium
1448 2845 1572 2888 cum
1598 2830 1804 2902 angelis
1827 2829 1974 2900 psal-

396 2931 554 2985 leret.

2063 1830 2164 1900 λῆς
2190 1833 2284 1884 καὶ
2321 1830 2516 1900 φθόνου
2549 1832 2818 1902 δαιμόνων
2856 1831 3236 1902 ὲπιγινομένη,
3271 1829 3412 1884 ὥστε
3450 1829 3651 1884 εἰδέναι

2063 1921 2160 1987 δεῖ,
2193 1922 2275 1976 ὅτι
2312 1924 2458 1993 τρεῖς
2492 1925 2598 1976 εἰσι
2628 1923 2940 1994 σωματικαὶ
2977 1924 3240 1992 κινήσεις,
3291 1921 3390 1992 μία
3425 1921 3521 1992 μὲν
3551 1937 3651 1989 φυ-

2067 2012 2215 2081 σικὴ,
2237 2010 2399 2080 ἑτέρα
2423 2011 2479 2064 δὲ
2501 2010 2560 2075 ἐξ
2585 2009 2906 2082 ἀδιαφορίας
2929 2010 3148 2082 τροφῶν
3177 2010 3311 2082 (40),
3348 2013 3382 2082 ἡ
3410 2011 3468 2064 δὲ
3492 2009 3652 2081 τρίτη

2067 2102 2174 2157 ἀπὸ
2202 2102 2489 2172 δαιμόνων.

2137 2200 2244 2261 κγ’.
2286 2188 2420 2246 Eine
2450 2193 2632 2260 πάλιν,
2663 2194 2746 2248 ὅτι
2787 2194 2815 2247 6
2855 2192 2987 2258 Θεὸς
3013 2193 3112 2246 οὐκ
3136 2193 3287 2263 ἀφίει
3323 2194 3451 2257 τοὺς
3488 2189 3654 2246 πολέ-

2071 2301 2202 2356 μους
2242 2284 2333 2336 ἐπὶ
2376 2283 2475 2356 τὴν
2503 2283 2696 2352 γενεὰν
2739 2282 2968 2354 ταύτην,
3003 2282 3194 2354 ὥσπερ
3248 2284 3341 2336 ἐπὶ
3387 2282 3497 2336 τῶν
3547 2284 3652 2351 ἀρ-

2068 2375 2256 2448 χαίων.
2289 2371 2411 2429 Οἵδε
2445 2376 2553 2448 γὰρ
2581 2375 2663 2430 ὃτι
2699 2374 2945 2439 ἀσθενεῖς
2992 2376 3098 2428 είσι
3131 2375 3226 2428 καὶ
3257 2373 3316 2436 οὐ
3355 2372 3658 2444 βαστάζου-

2071 2485 2175 2522 σιν.

2143 2559 2241 2612 κδ’.
2283 2558 2373 2630 Τῷ
2406 2559 2550 2629 ἀδὸᾷ
2578 2557 2846 2628 ’Δντωνίῳ
2871 2555 3233 2628 ἀπεκαλύφθη
3263 2556 3320 2609 ἐν
3347 2558 3414 2627 τῇ
3439 2556 3652 2628 ἐρήμῳ,

2072 2650 2154 2703 ὅτι
2199 2650 2288 2703 Ἐν
2322 2652 2388 2721 τῇ
2417 2649 2570 2703 πόλει
2599 2650 2717 2703 ὲστί
2737 2666 2822 2713 τις
2848 2647 3033 2720 ὅμοιός
3067 2664 3169 2708 σοι,
3199 2647 3383 2718 ἰατρὸς
3408 2647 3504 2717 τὴν
3533 2645 3660 2698 ἔπι·

2077 2745 2311 2814 στήμην,
2355 2743 2452 2814 τὴν
2509 2742 2822 2815 περισσείαν
2867 2740 3032 2795 αὑτοῦ
3081 2739 3257 2801 διδοὺς
3311 2740 3423 2800 τοῖς
3467 2737 3661 2807 χρείαν

2074 2833 2278 2904 ἔχουσι,
2305 2835 2398 2888 καὶ
2431 2835 2614 2886 πᾶσαν
2657 2832 2754 2904 τὴν
2787 2831 3000 2904 ἡμέραν
3026 2829 3088 2883 τὸ
3117 2827 3410 2900 Τρισάγιον
3443 2825 3661 2895 ψάλλων

2081 2926 2219 2997 μετά
2247 2925 2358 2979 τῶν
2395 2923 2665 2992 ἀγγέλων.

467 3021 560 3077 25.
601 3019 814 3075 Dictum
842 3017 1055 3074 abbatis
1084 3017 1297 3074 Antonii
1337 3034 1351 3072 :
1385 3014 1550 3073 Venit
1599 3021 1836 3083 tempus,
1864 3027 1966 3082 quo

2149 3021 2247 3072 κε’.
2288 3013 2456 3069 Εἶπεν
2492 3018 2521 3069 ό
2552 3015 2726 3078 ἀϐϐἄς
2763 3011 3076 3078 Ἀντώνιος,
3125 3011 3208 3065 ὅτι
3240 3012 3498 3082 Ἔρχεται
3541 3027 3661 3063 και-

401 3113 653 3168 homines
708 3111 1002 3172 insanieut,
1034 3116 1090 3164 et
1134 3122 1256 3162 cum
1291 3106 1528 3160 viderint
1575 3105 1809 3173 aliquem
1865 3117 1972 3155 non

397 3206 675 3266 insanum,
709 3203 996 3272 insurge-nt
1030 3200 1293 3254 adversus
1324 3197 1500 3261 illum,
1534 3195 1781 3251 dicentes
1829 3214 1844 3250 :
1894 3192 1974 3246 Tu

401 3293 648 3356 insanis;
680 3308 746 3347 eo
777 3292 924 3362 quod
945 3291 1078 3360 ipsis
1110 3289 1305 3346 similis
1332 3302 1440 3341 non
1473 3287 1563 3342 sit.
1885 3273 1896 3283 ’

473 3383 564 3439 26.
607 3382 830 3458 Fratres
859 3389 1233 3437 convenerunt
1280 3379 1531 3434 abbatem
1557 3377 1879 3444 Antonium,
1915 3392 1978 3432 ac

406 3475 752 3545 protulerunt
799 3473 877 3528 illi
928 3471 1302 3528 testimonium
1335 3485 1366 3524 e
1393 3468 1654 3524 Levitico.
1710 3467 1979 3539 Egressus

412 3570 597 3636 itaque
638 3572 722 3621 est
769 3580 932 3620 senex
980 3565 1035 3619 in
1085 3577 1352 3630 eremum,
1379 3563 1518 3617 clam
1561 3570 1820 3632 sequente
1853 3579 1978 3618 eum

411 3659 606 3714 abbate
628 3659 912 3720 Ammona,
941 3657 1032 3728 qui
1057 3653 1504 3712 consuetudinem
1538 3655 1712 3725 ipsius
1733 3663 1978 3709 noverat.

406 3749 478 3803 Et
526 3748 718 3818 procul
771 3763 941 3805 senex
991 3747 1293 3818 profectus,
1329 3759 1484 3802 stans
1529 3745 1597 3799 ad
1652 3747 1978 3809 orationem,

409 3845 666 3899 clamavit
697 3859 831 3900 voce
861 3857 1057 3914 magna
1085 3861 1098 3897 :
1130 3841 1294 3907 Deus,
1325 3841 1546 3914 Moysen
1572 3844 1745 3906 mitte,
1775 3842 1868 3911 qui
1897 3857 1983 3897 me

408 3937 604 3993 doceat
632 3937 686 3992 id
715 3937 1020 3992 oraculum.
1055 3934 1194 3989 Tum
1239 3934 1388 3989 venit
1437 3932 1505 3988 ad
1549 3949 1672 3989 eum
1718 3948 1824 3988 vox
1857 3948 1982 3988 cum

409 4029 533 4099 ipso
581 4029 920 4098 colloquens.
949 4026 1098 4081 Dixit
1150 4027 1314 4098 igitur
1362 4025 1532 4080 abbas
1575 4023 1897 4089 Ammonas,
1926 4039 1986 4080 se

407 4120 624 4187 quidem
655 4119 895 4175 audiisse
923 4135 1111 4174 vocem
1139 4135 1262 4174 cum
1294 4118 1414 4189 ipso
1436 4118 1770 4189 loquentem,
1794 4133 1984 4173 verum

413 4208 688 4265 sermonis
719 4210 826 4262 vim
867 4225 976 4262 non
1008 4210 1365 4265 intellexisse.

481 4301 574 4354 27.
615 4297 753 4353 Tres
779 4298 970 4354 Patres
1003 4299 1253 4354 solebant
1288 4300 1520 4370 singulis
1549 4301 1708 4356 annis
1749 4300 1817 4355 ad
1858 4300 1988 4355 bea-

2082 3106 2194 3178 ρὸς,
2225 3106 2311 3159 ἵνα
2339 3106 2388 3158 οἱ
2421 3103 2696 3174 ἅνθρωποι
2728 3101 2959 3174 μανῶσι,
2984 3103 3077 3155 καὶ
3099 3100 3236 3154 ἐπὰν
3267 3102 3418 3155 ἴδωσί
3441 3119 3560 3155 τινα
3585 3101 3659 3170 μὴ

2080 3198 2424 3268 μαινόμενον,
2460 3198 2920 3267 ἐπαναστήσονται
2965 3194 3114 3266 αὑτῷ
3151 3194 3420 3264 λέγοντες,
3464 3196 3547 3248 ὄτι
3589 3195 3663 3246 Σὺ

2082 3290 2269 3362 μαίνῃ,
2299 3288 2387 3341 διὰ
2414 3288 2473 3341 τὸ
2510 3289 2585 3360 μὴ
2611 3284 2751 3342 εἶναι
2785 3288 2971 3359 ὅμοιον
3003 3289 3209 3352 αὐτοῖς.

2153 3387 2267 3446 κς’.
2322 3379 2565 3450 Ἀδελφοὶ
2600 3379 2906 3451 παρέϐαλον
2951 3379 3030 3450 τῷ
3061 3379 3205 3450 ἀὸὅᾷ
3245 3379 3537 3449 Ἀντωνίῳ,
3568 3379 3663 3434 καὶ

2085 3471 2239 3528 εἷπον
2271 3473 2420 3544 αὐτῷ
2453 3474 2603 3545 ρῆμα
2635 3471 2729 3526 τοῦ
2764 3473 3070 3527 Λευῖτικοῦ.
3089 3471 3342 3543 Ἐξῆλθεν
3377 3469 3470 3526 οὖν
3506 3475 3534 3527 6
3571 3473 3665 3541 γέ-

2085 3586 2192 3642 ρων
2243 3569 2324 3632 εἰς
2367 3567 2466 3638 τὴν
2520 3567 2744 3638 ἔρημον,
2775 3567 2868 3620 καὶ
2914 3565 3278 3636 ἠκολούθησεν
3307 3563 3455 3635 αὐτῷ
3493 3563 3667 3626 ἀὸϐἄς

2095 3663 2388 3732 Ἀμμωνᾶς
2435 3660 2637 3732 κρυφῆ,
2673 3658 2829 3722 εἰδὼς
2868 3657 2966 3729 τὴν
3017 3657 3302 3729 συνήθειαν
3332 3655 3519 3711 αὐτοῦ.
3559 3657 3668 3710 Καὶ

2087 3752 2369 3824 μακρύνας
2396 3753 2529 3805 πολὺ
2559 3754 2587 3804 6
2621 3752 2820 3823 γέρων,
2854 3749 2986 3813 στὰς
3021 3751 3099 3813 είς
3131 3749 3442 3820 προσευχὴν
3469 3747 3668 3819 ἐκραξε

2085 3847 2234 3918 φωνῇ
2269 3845 2510 3916 μεγάλῃ·
2551 3843 2610 3898 '0
2641 3843 2796 3906 Θεὸς.
2825 3841 3141 3897 ἀπόστειλον
3174 3841 3265 3896 τὸν
3289 3841 3549 3910 Μωῦσῆν,
3576 3841 3670 3893 καὶ

2085 3938 2284 4005 διδάξει
2322 3954 2389 4008 με
2421 3936 2482 3990 τὸ
2513 3937 2664 4008 ῥῆμα
2692 3934 2870 3989 τοῦτο.
2897 3933 3007 3988 Καὶ
3032 3929 3196 4005 ἢλθεν
3221 3931 3372 4003 αὐτῷ
3400 3930 3551 4003 φωνὴ
3575 3930 3672 3984 λα-

2085 4030 2254 4085 λοῦσα
2290 4031 2405 4101 μετ’
2431 4027 2618 4082 αὐτοῦ.
2647 4023 2816 4081 Εἶπεν
2844 4022 2939 4081 οὖν
2968 4027 2996 4080 6
3027 4024 3202 4090 ἀὸϐἄς
3235 4025 3549 4096 Ἀμμωνᾶς,
3589 4023 3671 4076 ὅτι

2087 4121 2197 4193 Τὴν
2229 4120 2326 4192 μὲν
2359 4120 2540 4191 φωνην
2568 4118 2778 4189 ἥκουσα
2804 4116 2903 4189 τὴν
2929 4114 3198 4171 λαλοῦσαν
3227 4114 3346 4186 μετ’
3369 4112 3672 4183 αὑτοῦ,τὴν

2088 4214 2146 4268 δὲ
2176 4213 2407 4282 δύναμιν
2438 4209 2531 4265 τοῦ
2560 4209 2718 4277 λόγου
2750 4209 2852 4263 οὐκ
2879 4208 3102 4278 ἔμαθον.

2161 4305 2262 4370 κζ’.
2303 4305 2466 4377 Τρεῖς
2514 4303 2621 4358 τῶν
2673 4300 2934 4373 Πατέρων
2961 4297 3104 4370 εἶχον
3133 4295 3253 4362 ἔθος
3277 4297 3398 4352 κατ’
3424 4293 3671 4350 ἐνιαυτὸν

414 4389 528 4445 tum
557 4387 853 4441 Antonium
886 4387 1196 4458 proficisci;
1231 4403 1296 4443 ac
1343 4390 1452 4444 duo
1486 4390 1705 4461 quidem
1736 4392 1958 4447 seiscita

2093 4392 2326 4460 ὑπάγειν
2363 4393 2500 4464 πρὸς
2545 4391 2636 4446 τὸν
2678 4391 2946 4462 μακάριον
2991 4385 3302 4441 ’Λντώνιον
3332 4387 3427 4440 καὶ
3475 4388 3524 4439 οἱ
3577 4385 3676 4456 μὲν

416 4482 616 4536 bantur
650 4478 825 4548 ipsum
859 4479 927 4534 de
955 4479 1387 4550 cogitationibus
1432 4487 1488 4536 et
1529 4483 1710 4536 salute
1755 4483 1952 4538 anima:

2093 4483 2186 4537 δύο
2218 4481 2451 4554 ἠρώτων
2479 4482 2640 4536 αὐτὸν
2666 4481 2795 4552 περὶ
2818 4477 3096 4549 λογισμῶν
3137 4476 3232 4530 καὶ
3271 4474 3544 4548 σωτηρίας
3573 4475 3678 4544 ψυ·

385 4573 612 4636 ,tertius
651 4586 801 4637 vero,
834 4571 1048 4628 tacebat
1087 4573 1332 4638 omnino,
1365 4587 1468 4627 nec
1507 4572 1804 4642 quidquam
1833 4588 1964 4643 roga

2096 4573 2226 4644 χῆς’
2271 4576 2298 4626 ό
2339 4573 2394 4625 δὲ
2440 4568 2520 4634 εἷς
2550 4569 2790 4625 nava-at“
2817 4567 3028 4622 ἐσιώπα
3059 4565 3223 4637 μηδὲν
3252 4564 3490 4637 ἐρωτῶν.
3526 4563 3679 4618 Μετά

417 4663 532 4716 bat.
563 4662 748 4732 Itaque
774 4671 897 4732 post
930 4663 1157 4717 multum
1188 4671 1425 4732 tempus,
1463 4664 1539 4718 ait
1565 4663 1640 4716 illi
1678 4663 1848 4718 abbas
1879 4663 1959 4716 An

2097 4665 2154 4718 δὲ
2183 4665 2346 4718 πολὺν
2376 4664 2566 4734 χρόνον
2593 4662 2741 4731 λέγει
2769 4659 2917 4731 αὐτῷ
2945 4662 2974 4712 6
2998 4658 3173 4722 ἀϐὁᾶς
3201 4655 3510 4720 Ἀντώνιος·
3547 4654 3679 4708 Ἰδοὺ

421 4753 605 4808 tonius
637 4771 650 4808 :
689 4753 824 4807 Ecce
860 4769 891 4807 a
931 4760 1084 4808 tanto
1123 4761 1368 4822 tempore
1421 4755 1528 4808 huc
1575 4754 1750 4819 venis,
1789 4768 1888 4808 nec
1930 4754 1960 4806 d

2097 4755 2351 4810 τοσοῦτον
2378 4756 2567 4826 χρόνον
2601 4755 2744 4826 ἔχεις
2771 4753 3062 4825 ἐρχόμενος
3087 4744 3210 4816 ὦδε,
3247 4748 3343 4802 καὶ
3375 4747 3524 4801 οὐδὲν
3551 4746 3682 4817 ἐρω-

421 4857 694 4914 qnoquam
725 4843 1032 4912 interrogas
1065 4859 1167 4898 me.
1197 4843 1336 4898 Tum
1367 4844 1708 4916 respondens
1739 4842 1875 4899 dixit
1903 4845 1951 4898 ei

2102 4847 2201 4917 τᾷς
2230 4862 2316 4915 με.
2348 4845 2458 4897 Καὶ
2485 4843 2806 4916 ἀποκριθεὶς
2833 4838 2984 4895 εἶπεν
3018 4838 3167 4910 αὐτῷ
3189 4857 3202 4870 ο
3249 4839 3434 4910 ’Δρκεῖ
3465 4854 3553 4908 μοι
3589 4837 3682 4906 μό-

422 4931 553 4987 Mihi
578 4933 630 4987 id
659 4949 828 4987 unum
860 4933 1075 4995 sulilcit.
1105 4933 1285 5000 Pater,
1319 4936 1464 5006 quod
1502 4943 1554 4988 te
1587 4935 1764 4992 video.

2105 4954 2192 4989 νον
2220 4935 2371 4990 τοῦ¹⁵
2407 4935 2623 5005 βλέπειν
2654 4951 2734 5001 σε,
2766 4933 2967 5001 Πάτερ.

493 5022 584 5077 9.8.
629 5025 740 5098 ('59)
779 5026 1010 5082 Aiebant
1041 5027 1332 5098 quemdam
1385 5044 1575 5082 senum
1604 5044 1634 5082 a
1668 5027 1776 5083 Deo
1805 5038 1962 5099 postu

2180 5035 2288 5099 κη’.
2333 5028 2576 5096 Ἔλεγον,
2617 5028 2700 5080 ὃτι
2747 5042 2829 5087 τις
2877 5024 2983 5077 τῶν
3016 5023 3283 5094 γερόντων
3312 5019 3562 5094 ἠρώτησε
3593 5016 3686 5070 τὸν

449 5129 571 5171 asse
609 5118 686 5172 uti
720 5118 929 5175 videret
974 5118 1204 5188 Patres;
1255 5135 1319 5175 ac
1368 5120 1572 5175 vidisse
1615 5121 1760 5185 illos,
1803 5130 1966 5192 praete

2107 5118 2238 5172 Θεὸν
2267 5117 2395 5190 ἰδεῖν
2424 5117 2551 5180 τοὺς
2578 5113 2826 5188 Πατέρας
2845 5130 2860 5145 ο
2890 5112 2985 5167 καὶ
3011 5108 3150 5168 εἶδεν
3179 5112 3376 5176 αὐτοὺς
3408 5109 3575 5182 χωρὶς
3591 5106 3684 5160 τοῦ

499 5267 568 5302 uo
598 5268 798 5340 Εριιεε,
829 5291 883 5340 γ,
920 5274 1006 5333 18,
1084 5275 1128 5307 η
1166 5273 1300 5330 Luc.
1333 5291 1444 5337 xu,
1476 5274 1564 5330 54.
1645 5276 1687 5306 ”
1726 5275 1810 5331 ᾹΙο
1847 5274 1966 5346 βαρε

2072 5273 2201 5329 ὺσιν.
2281 5275 2324 5306 ’⁸
2367 5275 2449 5328 Al.
2485 5272 2735 5326 πάντοτε.
2815 5271 2857 5302 ¹⁵
2885 5270 2971 5326 Al.
3013 5271 3094 5326 τό.

528 5419 621 5506 ξι)
671 5423 779 5506 ιιι
807 5422 958 5506 13w-
987 5444 1039 5495 ν.
1073 5429 1124 5506 1.
1607 5468 1610 5474 -

2115 5430 2458 5506 reddidisset,
2483 5444 2547 5506 ea:
2572 5427 2896 5506 plenitafiine
2925 5427 3179 5506 ci_borrmi.
3213 5424 3270 5480 In
3300 5423 3566 5494 Operibus
3587 5437 3686 5506 au-

653 5492 959 5569 _Vit_._Patr.
988 5492 1040 5560 χ,
1069 5500 1124 5551 4.
1195 5567 1200 5569 _

2115 5509 2221 5554 tem
2263 5492 2531 5569 Ephrﬁmi
2572 5492 2640 5568 'p.
2690 5499 2815 5564 587,
2849 5515 2931 5569 n._
2967 5498 3022 5569 7,
3081 5492 3359 5569 interpres
3405 5493 3688 5563 praesentis

653 5561 1043 5650 ityqshchum,
1061 5581 1114 5650 ρ.
1147 5567 1266 5622 128.
1329 5642 1353 5650 _
1448 5642 1460 5650 _
1758 5642 1792 5650 _
1836 5644 1845 5650 _
1925 5643 1933 5650 _
2117 5561 2780 5650 λιν-ορΙεὶΙιεριηςιίδἸιοιιει,
2803 5561 2876 5620 ἐκ
2897 5566 3096 5648 delectu
3127 5561 3380 5632 ciborum,
3408 5561 3554 5635 quod
3569 5577 3689 5621 esse

509 5631 766 5715 (iOL'EE
796 5632 1141 5715 ἀδιαφορίας
1169 5642 1417 5715 τροφῶν.
1448 5642 1727 5715 Invencrat
1758 5642 1966 5715 Pelagin

2116 5631 2350 5706 videtur,
2386 5631 2448 5694 ἔκ
2486 5640 2748 5708 διαφορᾶς
2779 5636 3018 5707 τροφῶν,

439 5705 494 5758 in
524 5701 712 5759 codice
747 5717 868 5769 suo,
914 5701 976 5757 ἐκ
1010 5701 1383 5776 πληροφορίας
1434 5713 1666 5780 τροφῶν.
1702 5714 1848 5767 Alias
1888 5701 2005 5766 ’ίιυιι
