4054 6206
283 323 356 377 83
1416 319 2030 376 Al‘OPllTllEGMA'l‘A
2076 321 2370 377 PATRUM
3491 327 3568 380 se
3666 303 3669 306 ’

278 438 431 492 ἀδεᾶ
469 433 774 489 Ἀντωνίον.
815 433 978 501 Λέγει
1013 429 1106 486 οὖν
1131 433 1211 504 τῷ
1237 433 1536 487 δεικνύοντι
1561 435 1708 505 αὐτῷ
1729 449 1740 462 °
1773 433 1881 488 Ποῦ

2006 435 2241 491 ibhatctn
2293 436 2611 490 Antonium.
2663 436 2801 490 Dicit
2847 453 2977 508 ergo
3023 439 3378 495 monstratori
3413 459 3429 496 :
3459 438 3564 496 Uhi

281 532 436 584 ἐστιν
479 531 508 582 6
557 526 735 590 άδὸᾶς
770 524 1092 589 Ἀντὼνιοςς
1131 525 1187 578 '0
1220 526 1275 578 δὲ
1300 520 1454 578 εἶπεν
1494 526 1663 595 αὐτῷ,
1689 527 1769 580 ὅτι
1803 527 1882 590 εις

285 624 379 679 τὸν
401 623 563 676 τόπον
594 621 730 674 ὅπου
756 620 785 672 6
809 617 960 683 Θεὸς,
994 618 1112 670 ἐκεῖ
1139 619 1311 670 ἐστιν.

359 714 463 768 κθ’.
518 707 961 780 Ἐσυκοεραντήθη
1021 707 1249 778 ἁδελφὸς
1299 710 1380 773 εις
1428 710 1692 764 κοινόὸιον
1759 710 1886 783 περὶ

291 805 566 878 πορνείας,
602 806 697 858 καὶ
727 802 965 863 ἀναστάς
993 794 1126 870 ἦλθε
1165 800 1302 870 πρὸς
1345 800 1438 853 τὸν
1475 802 1649 854 άϐὁᾶν
1694 801 1887 855 Ἀντώ-

289 915 433 952 νιον’
469 897 563 950 καὶ
593 891 759 966 ἦλθον
806 894 855 946 οι
906 891 1128 960 ἀδελφοὶ
1157 891 1266 945 ἀπὸ
1300 891 1391 945 τοῦ
1423 892 1690 946 κοινοὸίου
1725 892 1886 963 θερα-

292 990 491 1044 πεῦσαι
527 987 690 1040 αὑτὸν
741 986 836 1039 καὶ
867 984 1082 1038 λαϐεῖν·
1119 985 1212 1038 καὶ
1246 983 1478 1055 ἤρξαντο
1526 984 1767 1055 ἐλέγχειν
1803 987 1886 1039 ὄτι

291 1081 481 1144 Οὕτως
514 1081 794 1149 ἐποίησας.
813 1079 872 1131 Ὀ
899 1077 952 1130 δὲ
980 1077 1300 1145 ἀπελογεῖτο
1337 1078 1420 1130 ὅτι
1449 1076 1617 1132 Οὐδὲν
1644 1077 1887 1132 τοιοῦτον

294 1173 548 1243 ἐποίησα.
576 1170 886 1240 Εὑκαίρησε
936 1169 993 1222 δὲ
1043 1171 1158 1221 ἐκεῖ
1200 1171 1229 1222 6
1273 1168 1448 1232 άὸὄᾶς
1482 1169 1821 1238 Παφνούτιος
1858 1172 1887 1223 6

293 1263 574 1334 Κεφαλᾶς,
602 1264 696 1316 καὶ
739 1259 862 1314 εἷπε
916 1260 1230 1332 παραϐολὴν
1262 1260 1520 1332 τοιαύτην
1544 1258 1563 1292 ·’
1603 1259 1755 1315 Εἶδον
1808 1263 1888 1325 εἰς

295 1357 397 1425 τὴν
423 1354 587 1425 όχθαν
618 1353 712 1406 τοῦ
748 1351 995 1421 ποταμοῦ
1019 1351 1305 1422 ἄνθρωπον
1332 1351 1597 1423 βληθέντα
1639 1355 1720 1417 εἰς
1759 1353 1886 1424 βόρ-

299 1444 460 1515 ϐορον
505 1445 608 1506 ἕως
649 1442 759 1496 τῶν
806 1443 1047 1512 γονάτων
1087 1442 1278 1508 αὑτοῦ,
1313 1445 1406 1496 καὶ
1449 1445 1695 1509 ἐλθόντες
1744 1446 1888 1508 τινές

299 1536 480 1590 δοῦναι
508 1535 656 1606 αὐτῷ
689 1538 849 1606 χεῖρα
889 1533 1284 1590 κατεπόντισαν
1310 1536 1475 1590 αὑτὸν
1512 1537 1617 1600 ἕως
1643 1536 1737 1590 τοῦ
1762 1554 1890 1609 τρα-

300 1629 486 1698 χήλου.
518 1628 628 1681 Καὶ
651 1628 799 1694 λέγει
822 1627 1006 1690 αὐτοῖς
1032 1629 1061 1682 6
1092 1627 1270 1692 ἁϐσᾶς
1312 1628 1596 1694 Ἀντώνιος
1634 1629 1763 1702 περὶ
1792 1630 1886 1683 τοῦ

298 1718 445 1773 ἁόὄᾶ
491 1719 860 1790 Παφνουτίου·
910 1719 1040 1772 Ἰδοὺ
1091 1717 1378 1790 ἄνθρωπος
1430 1720 1702 1792 ἀληθινὸς,
1731 1721 1889 1776 δυνά·

301 1828 464 1882 μενος
496 1787 840 1882 θεραπεῦσαι
893 1810 986 1864 καὶ
1032 1787 1207 1864 σῶσαι
1247 1809 1447 1880 ψυχάς.
1477 1787 1890 1883 Κνατανυγέντες
1920 1787 1964 1843 Β

296 1897 397 1957 οὖν
441 1900 519 1972 τῷ
557 1901 707 1970 λόγῳ
750 1900 856 1952 τῶν
903 1899 1189 1972 γερόντων,
1233 1899 1430 1954 ἐδαλον
1479 1902 1772 1971 μετάνοιαν
1817 1903 1895 1974 τῷ

299 1991 549 2060 ἀδελφῷ.
598 1991 705 2043 Καὶ
735 1989 1170 2061 παρακληθέντες
1200 1990 1306 2044 ὑπὸ
1343 1989 1451 2044 τῶν
1479 1991 1739 2063 Πατέρων
1773 1991 1897 2047 ἐλα-

304 2085 410 2140 οον
438 2086 527 2140 τὸν
564 2085 786 2154 ἀδελφὸν
815 2088 894 2149 εἰς
914 2086 976 2139 τὸ
1007 2085 1293 2142 κοινόσιον.

386 2178 450 2234 λ’.
499 2178 721 2246 Ἔλεγον
766 2195 910 2242 τινες
958 2180 1086 2249 περὶ
1128 2178 1224 2232 τοῦ
1277 2178 1423 2232 άσὸᾶ
1464 2177 1770 2243 Ἀντωνίου,
1815 2180 1898 2234 ὃτι

299 2269 495 2340 γέγονε
520 2270 987 2339 Πνεοματοφόρος,
1007 2269 1124 2322 ἀλλ’
1140 2269 1240 2322 οὐκ
1269 2268 1426 2341 ἤθελε
1457 2269 1640 2324 λαλεῖν
1662 2269 1751 2324 διὰ
1772 2271 1896 2334 τοὺς

302 2360 628 2434 ἀνθρώπους
649 2377 663 2390 ο
707 2363 804 2416 καὶ
844 2361 953 2432 γὰρ
986 2361 1055 2414 τὰ
1081 2361 1342 2430 γινόμενα
1384 2363 1442 2415 ἐν
1471 2362 1549 2432 τῷ
1583 2361 1774 2434 κόσμῳ
1806 2363 1900 2416 καὶ

303 2449 375 2505 τὰ
408 2450 670 2521 μέλλοντα
696 2449 871 2504 ἐλθεῖν
896 2451 1152 2521 ἐμήνυεν.

381 2632 482 2686 λα’.
523 2631 665 2685 Ποτέ
701 2634 730 2685 ὁ
758 2631 935 2696 άὸὅᾶς
971 2631 1251 2694 Ἀντώνιος
1275 2631 1494 2697 ἐδέξατο
1521 2627 1900 2684 Κωνσταντιου

313 2723 410 2776 τοῦ
439 2723 700 2792 βασιλέως
729 2725 1107 2795 γρὰμματα¹⁶,
1143 2723 1228 2777 ἵνα
1271 2722 1400 2794 ἐλθῃ
1444 2723 1525 2785 εἰς
1563 2723 1904 2774 Κωνσταντι-

314 2814 596 2868 νούπολιν·
631 2816 726 2868 καὶ
756 2816 978 2868 ἐσκόπει
999 2816 1052 2868 τί
1074 2816 1315 2884 ποιῆσαι.
1345 2813 1508 2881 Λέγει
1538 2808 1629 2866 οὖν
1653 2811 1732 2882 τῷ
1759 2811 1902 2882 ἀδϐᾷ

315 2905 519 2976 Παύλῳ
563 2905 642 2976 τῷ
685 2906 900 2977 μαθητῇ
954 2906 1144 2958 αὑτοῦ·
1181 2904 1428 2974 ’Ὠφειλον
1466 2901 1746 2965 ἀπελθεῖνς
1791 2901 1903 2955 Καὶ

315 2997 467 3065 λέγει
489 2997 662 3068 αὐτῷ’
710 2997 834 3051 Ἐὰν
863 2997 1126 3068 ἀπέλθῃς,
1144 2996 1430 3061 Ἀντώνιος
1467 2993 1630 3066 λέγῃ·
1661 2993 1710 3046 εἰ
1743 2991 1799 3046 δὲ
1827 2991 1902 3064 μὴ

319 3088 582 3162 ἀπέλθῃς,
609 3087 783 3152 άϐὁᾶς
824 3087 1123 3150 Ἀντώνιος.

389 3128 700 3248 λβκῃὲῐπεν
729 3128 954 3241 6.66.65;
982 3128 1295 3240 Ἀντιῦνιοςο
1336 3174 1476 3245 Ἐγὼ
1502 3173 1686 3228 οὐκέτι
1717 3172 1907 3244 φοϐοῦ.
1929 3128 1977 3189 c

323 3285 425 3338 μαι
453 3268 545 3321 τὸν
561 3267 694 3319 Θεὸν
713 3267 845 3336 (tl),
874 3267 988 3320 ἀλλ’
1015 3267 1213 3336 ἀγαπῶ
1244 3267 1406 3321 αὐτόν
1425 3268 1486 3320 ¹⁷.
1507 3265 1689 3337 Ὴγὰρ
1703 3265 1904 3337 ἀγάπη

319 3357 438 3422 ἔξω
464 3355 686 3422 ,ϐάλλει
712 3359 820 3410 τὸν
845 3357 1050 3426 φόϐον.

395 3449 497 3518 λγ.
549 3451 608 3504 Ὀ
656 3450 816 3513 αὐτὸς
867 3445 1018 3502 εἴπεο
1055 3448 1168 3519 Ιῐρδ
1221 3449 1512 3520 ὀφθαλμῶν
1542 3449 1628 3519 ἔχε
1675 3448 1907 3502 πάντοτε

321 3539 417 3594 τὸν
468 3542 629 3610 φόϐον
681 3540 773 3593 τοῦ
824 3539 982 3594 Θεοῦ.
1019 3539 1339 3610 Μνημόνευε
1368 3538 1459 3592 τοῦ
1505 3539 1908 3604 θανατοῦντος

326 3633 426 3685 καὶ
459 3631 912 3701 ζέυογοι·οῦντος.
947 3633 1232 3702 Μισήσατε
1255 3631 1347 3683 τὸν
1381 3631 1584 3701 κόσμον
1611 3631 1706 3684 καὶ
1733 3632 1909 3684 πάντα

327 3722 393 3775 τὰ
429 3724 485 3774 ἐν
512 3723 678 3792 αὐτῷ,
722 3725 1003 3794 Μισὴσατε
1050 3725 1233 3778 πᾶσαν
1275 3723 1543 3795 σαρκικὴν
1578 3722 1905 3776 ἀνάπαυσιν.

341 3815 706 3879 Ἀποτὰξασθε
751 3819 818 3887 τῇ
870 3816 979 3887 ζωῇ
1029 3816 1222 3890 ταύτῃ,
1268 3817 1354 3868 ἶνα
1408 3815 1609 3886 ζήσητε
1655 3813 1733 3884 τῷ
1769 3811 1906 3884 Θεῷ.

328 3909 713 3978 Μνημονεύετε
756 3909 807 3960 τί
852 3907 1246 3976 ἐπηγγείλασθε
1289 3905 1367 3978 τῷ
1418 3906 1561 3978 Θεῷ·
1617 3904 1771 3977 ζητεῖ
1803 3905 1911 3977 γὰρ

331 4001 460 4052 αὐτὸ
489 4002 615 4070 παρ’
654 3999 808 4070 ὑμῶν
834 4002 889 4052 ἐν
911 4001 1095 4070 ἡμέρᾳ
1126 4000 1381 4070 κρίσεως.
1415 3997 1734 4063 Πεινάσατε,
1758 3996 1914 4067 διψὴ-

335 4091 927 4162 σατε,γυμντ;τεύσατε.
959 4092 1366 4161 άγρυπνήσατε,
1396 4092 1723 4162 πενθήσατε,
1756 4089 1916 4143 κλαύ-

335 4199 480 4245 σατε,
539 4183 830 4247 στενάξατε
882 4186 947 4254 τῇ
1001 4183 1198 4254 καρδίᾳ
1250 4185 1436 4254 ὑμῶν’
1484 4183 1815 4254 δοκιμάσατε
1865 4184 1914 4236 εἰ

333 4270 471 4334 ἄξιοί
500 4273 625 4324 ἐστε
656 4271 746 4324 τοῦ
775 4271 908 4324 Θεοῦ
928 4288 939 4298 ’
974 4273 1420 4344 καταφρονήσατε
1447 4273 1543 4342 τῆς
1579 4271 1801 4344 σαρκδθ
1828 4273 1915 4326 ἵνα

336 4363 547 4434 σώσητε
574 4363 728 4434 ὑμῶν
753 4364 849 4428 τὰς
877 4363 1074 4434 ψυχάς.

1983 535 2068 580 est
2119 526 2288 579 abbas
2327 526 2639 604 Antonius?
2689 526 3141 600 llesponsutnque
3165 530 3316 597 tulit,
3348 545 3415 588 eo
3460 531 3568 589 loci

1986 633 2096 688 quo
2126 616 2267 672 Deus
2296 625 2401 679 est,
2435 617 2506 672 ibi
2534 632 2659 673 eum
2691 633 2832 674 csse.

2055 708 2144 762 29.
2191 709 2302 778 (42)
2342 707 2531 763 Frater
2581 709 2635 763 in
2689 711 2942 764 etenobio
2987 711 3316 766 calumniam
3371 728 3570 782 passus

1986 808 2070 856 cst
2103 801 2508 865 fornicationis,
2547 816 2892 872 surgensque
2916 802 3155 857 accessit
3199 803 3266 856 ad
3319 803 3568 858 abbatem

1987 891 2282 947 Antonium
2323 912 2337 948 :
2374 901 2642 949 venerunt
2671 893 2877 964 pariter
2911 895 3108 952 fratres
3139 911 3170 951 e
3201 896 3478 960 emnobio,
3511 903 3573 950 ιιι

1989 995 2248 1041 curarent
2282 1002 2406 1041 eum
2439 1001 2502 1041 ac
2527 987 2853 1043 reducerent
2885 1005 2900 1041 3
2939 998 3333 1058 οωροτιιιιιιμιο
3373 1003 3572 1057 argue-

1990 1093 2070 1138 re.
2114 1092 2215 1131 cur
2262 1078 2336 1132 ita
2383 1076 2624 1134 fecisset.
2664 1077 2760 1134 Ille
2816 1094 2952 1134 vero
2992 1080 3316 1144 excusabat,
3367 1094 3575 1150 negans

1991 1169 2292 1240 quidquam
2363 1171 2675 1240 huiusmodi
2709 1188 2737 1225 a
2771 1187 2830 1227 se
2861 1171 3086 1226 factum.
3116 1170 3478 1227 Commodum
3508 1171 3577 1225 il-

1990 1261 2061 1315 lic
2093 1261 2270 1314 adfuit
2322 1262 2492 1317 abbas
2542 1261 2904 1332 Paphnutius,
2931 1263 3114 1318 dictus
3157 1263 3448 1332 Cephalas,
3479 1263 3573 1332 qui

1991 1352 2135 1406 hanc
2162 1353 2480 1422 parabolam
2514 1354 2745 1424 protulit
2771 1372 2784 1408 :
2816 1351 2941 1406 Vidi
2971 1353 3025 1408 in
3055 1353 3172 1423 ripa
3203 1351 3446 1407 fluminis
3474 1353 3576 1408 ho-

1992 1443 2194 1498 minem
2243 1459 2418 1516 usque
2450 1445 2518 1499 ad
2551 1461 2727 1517 genua
2771 1447 2825 1501 in
2864 1446 2978 1499 luto
3011 1444 3284 1513 dejectum
3305 1461 3327 1509 -,
3352 1443 3576 1500 venien-

1992 1543 2076 1591 tes
2122 1544 2307 1590 autem
2357 1539 2609 1592 nonnulli
2648 1546 2707 1593 ut
2735 1539 2786 1593 ei
2823 1551 3044 1592 manum
3091 1535 3459 1606 porrigerent,
3504 1535 3574 1591 ad

1992 1627 2194 1682 collum
2223 1644 2396 1699 usque
2424 1629 2676 1685 eumdem
2706 1629 3115 1685 demerserunt.
3149 1627 3294 1681 Dixit
3317 1626 3453 1696 ipsis
3481 1625 3578 1680 ab.

1995 1720 2094 1777 bas
2148 1720 2421 1777 Antonius
2477 1721 2546 1778 de
2595 1721 2908 1792 Paphnutio
2959 1720 3191 1774 abbate:
3224 1717 3366 1773 Ecce
3415 1718 3578 1772 homo

1997 1828 2179 1876 verus,
2206 1813 2299 1884 qui
2335 1813 2512 1883 possit
2553 1828 2750 1869 curare
2794 1813 3008 1867 animas
3055 1820 3111 1866 et
3157 1823 3400 1865 servare.
3432 1807 3580 1875 Quo-

1996 1902 2140 1957 circa
2172 1917 2425 1958 sermone
2454 1917 2648 1958 senum
2680 1900 3022 1972 compuncti,
3052 1898 3296 1954 demisso
3321 1912 3461 1968 genu
3489 1912 3579 1952 v0-

1997 1993 2143 2046 niam
2177 2009 2206 2046 a
2239 1992 2412 2049 fratre
2445 1995 2828 2064 postularunt;
2857 2003 3021 2063 atque
3046 2006 3075 2044 a
3111 1989 3370 2045 Patribus
3394 1988 3584 2043 admo-

1997 2082 2122 2145 niti,
2156 2082 2378 2138 fratrem
2409 2084 2751 2139 admiserunt
2779 2084 2835 2138 in
2871 2082 3208 2138 cmnobinm.

2069 2174 2157 2230 50.
2199 2173 2429 2241 Quidam
2463 2181 2822 2230 asseruerunt
2851 2174 2919 2230 de
2947 2182 3142 2229 sancto
3161 2171 3422 2236 Antonio,
3449 2171 3586 2228 fuis-

1998 2281 2058 2322 se
2093 2266 2244 2320 illum
2273 2263 2668 2336 Spiritiferum,
2701 2279 2801 2320 seu
2853 2279 2886 2319 a
2936 2272 3130 2319 sancto
3174 2260 3381 2332 Spiritu
3433 2260 3586 2317 ama-

2001 2370 2138 2424 tum,
2179 2358 2275 2414 sed
2308 2367 2535 2429 pr0pter
2568 2358 2824 2414 homines
2878 2357 3128 2414 noluisse
3161 2356 3333 2427 loqui.
3366 2354 3588 2412 Etenim

2000 2466 2121 2521 quae
2157 2451 2212 2506 in
2241 2451 2446 2507 mundo
2483 2449 2894 2521 contingebant,
2920 2464 3152 2521 quaeque
3177 2457 3407 2504 ventura
3428 2455 3590 2503 erant

2000 2541 2282 2598 indicavit.
2941 2549 2952 2558 ’

2071 2633 2160 2687 51.
2203 2632 2449 2700 Quodam
2504 2631 2594 2688 die
2649 2632 2861 2703 accepit
2904 2631 3122 2687 litteras
3173 2646 3204 2686 ιι
3262 2630 3594 2688 Constantio

2003 2724 2334 2794 imperatore
2379 2724 2550 2779 abbas
2600 2725 2897 2789 Antonius,
2948 2732 3006 2778 ut
3047 2721 3594 2794 Constantinopolim

2003 2813 2250 2879 veniret;
2282 2820 2336 2868 et
2364 2814 2754 2869 considerabat
2795 2812 2925 2884 quid
2975 2812 3076 2869 sibi
3115 2813 3384 2883 agendum
3420 2820 3588 2868 esset.

2003 2907 2094 2960 Ait
2140 2906 2308 2976 igitur
2357 2905 2540 2959 abbati
2590 2903 2764 2959 Paulo
2828 2919 2932 2959 suo
2983 2903 3301 2974 discipulo:
3337 2903 3595 2961 Debeono

2005 2997 2322 3069 proﬁcisci?
2363 2997 2671 3067 Respondit
2695 2997 2788 3052 ille
2822 3015 2835 3051 :
2868 2995 2924 3050 Si
2961 2997 3185 3057 abieris,
3209 2995 3485 3051 Antonius
3508 2997 3594 3051 di-

2005 3089 2178 3153 ceris;
2214 3088 2260 3142 si
2294 3103 2418 3143 vero
2461 3089 2755 3156 manseris,
2781 3088 3070 3145 vocaberis
3093 3089 3266 3144 abbas
3290 3089 3590 3144 Antonius.

2077 3179 2166 3234 32.
2211 3179 2323 3251 (45)
2366 3178 2514 3234 Dixit
2572 3181 2742 3236 abbas
2792 3181 3067 3236 Antonius
3109 3200 3123 3236 :
3158 3179 3272 3252 Ego
3317 3194 3427 3235 non
3479 3194 3594 3234 am-

2006 3273 2152 3344 plius
2180 3271 2349 3327 Deum
2386 3273 2572 3338 timeo,
2607 3273 2703 3328 sed
2747 3273 2918 3345 diligo
2945 3273 3122 3329 illum.
3160 3271 3414 3327 Charitas
3444 3271 3594 3327 enim

2007 3365 2154 3436 foras
2190 3365 2350 3418 mittit
2385 3366 2624 3420 timorem
2643 3366 2708 3420 “.

2080 3459 2169 3512 33.
2216 3456 2360 3513 ldem
2391 3457 2530 3511 dixit
2568 3475 2580 3512 :
2625 3456 2852 3528 Semper
2886 3457 3026 3514 habe
3068 3473 3181 3528 pra:
3221 3456 3400 3514 oculis
3436 3456 3594 3514 timo-

2007 3567 2122 3607 rem
2157 3550 2271 3607 Dei.
2308 3549 2514 3606 Memor
2544 3560 2666 3607 esto
2707 3552 2855 3608 illius
2899 3553 2992 3623 qui
3027 3553 3316 3622 inerti/ica!
3345 3564 3396 3608 et
3423 3554 3596 3624 viviﬁ-

2010 3654 2094 3698 cat
2113 3644 2178 3700 ”.
2211 3643 2346 3698 Odio
2378 3645 2575 3700 habete
2612 3643 2899 3711 mundum,
2935 3646 3233 3716 omniaque
3271 3661 3394 3717 quae
3418 3647 3474 3702 in
3505 3646 3598 3703 illo

2009 3747 2158 3792 sunt.
2184 3733 2344 3790 Odite
2371 3751 2585 3789 omnem
2613 3737 2796 3790 carnis
2819 3737 3080 3806 quietem.
3107 3737 3441 3793 Renuntiate
3471 3736 3600 3794 huic

2012 3827 2156 3891 vitae,
2193 3835 2253 3881 ut
2296 3825 2403 3881 Deo
2435 3827 2651 3882 vivatis.
2683 3826 3011 3884 Mementote
3058 3827 3187 3897 quid
3221 3828 3588 3898 promiseritis

2013 3918 2158 3986 Deo;
2193 3919 2324 3974 illud
2355 3919 2498 3972 enim
2530 3934 2559 3972 a
2588 3919 2743 3973 vobis
2769 3918 3008 3988 requiret
3033 3918 3084 3972 in
3108 3917 3195 3973 die
3215 3917 3430 3987 judicii.
3453 3918 3588 3973 Esu-

2015 4013 2142 4073 rite.
2174 4011 2344 4072 sitite,
2398 4011 2532 4064 nudi
2576 4020 2770 4070 estote.
2807 4010 3048 4080 vigilate,
3102 4009 3304 4077 lugete,
3360 4007 3595 4078 plorato,

2015 4101 2354 4170 ingemiscite
2405 4101 2459 4153 in
2506 4099 2672 4153 corde
2700 4105 2912 4160 vestro;
2947 4096 3174 4166 probate
3202 4111 3318 4159 vos,
3347 4111 3417 4150 au
3451 4096 3577 4152 sitis

2016 4193 2126 4247 Deo
2157 4191 2342 4262 digni;
2384 4205 2602 4246 carnem
2633 4188 2984 4253 contemnite,
3020 4196 3081 4242 ut
3117 4187 3331 4243 animas
3371 4197 3589 4245 vestras

2017 4282 2269 4338 servetis.

403 4455 500 4508 λδν.
542 4454 828 4526 Παρέὁαλέ
882 4471 1012 4507 ποτε
1055 4457 1083 4508 6
1117 4453 1289 4517 ά66ἄς
1335 4452 1616 4519 ’Δντὼνιος
1659 4453 1738 4526 τῷ
1774 4455 1907 4526 άϐϐᾷ

2091 4454 2180 4510 54.
2224 4453 2388 4510 Venit
2423 4453 2717 4524 aliquando
2748 4451 2916 4507 abbas
2949 4451 3222 4507 Antonius
3251 4450 3319 4506 ad
3353 4451 3604 4507 abbatem

346 4544 552 4616 Ἀμοῦν
578 4548 654 4606 εἰς
683 4545 742 4597 τὸ
773 4545 898 4616 ὅρος
919 4545 1019 4616 τῆς
1048 4545 1298 4617 Νιτρῖας,
1330 4546 1422 4598 καὶ
1460 4547 1600 4616 μετὰ
1637 4545 1696 4599 τὸ
1725 4563 1917 4599 συνευε-

333 4641 450 4707 χεῖν
476 4636 744 4709 ἀλλήλοις,
771 4637 920 4706 λέγει
961 4637 1110 4708 αὑτῷ
1153 4639 1182 4692 ὁ
1214 4636 1388 4701 esea;
1435 4637 1659 4708 ’Λμοῦν’
1703 4639 1920 4709 Ἐπειδὴ

333 4729 423 4783 διὰ
473 4729 582 4782 τῶν
637 4728 812 4800 εὐχῶν
857 4747 950 4783 σου
1001 4729 1420 4802 ἐπληθύνθησαν
1455 4733 1503 4784 oi
1547 4729 1790 4798 ἀδελφοὶ,
1827 4732 1922 4785 καὶ

337 4819 550 4873 θέλουσι
581 4837 722 4884 τινες
762 4820 940 4874 αὐτῶν
972 4822 1324 4894 οἰκοδομῆσαι
1353 4821 1538 4876 κελλῖα
1567 4822 1787 4895 μακρὰν
1835 4824 1922 4878 ἴνα

337 4912 675 4982 ήσυχάσωσι,
710 4914 875 4968 πόσον
900 4913 1142 4978 κελεύεις
1178 4915 1265 4968 ἵνα
1313 4914 1492 4987 ἀπέχῃ
1534 4915 1810 4986 διάστημα
1853 4915 1920 4971 τὰ

335 5002 629 5072 κτιζόμενα
664 5003 854 5056 κελλῖα
894 5005 1002 5058 τῶν
1041 5005 1308 5072 ἐνταῦθας
1335 5007 1394 5059 ’0
1428 5006 1482 5059 δὲ
1516 5002 1634 5059 εἷπε
1655 5023 1667 5035 °
1711 5007 1922 5062 Γευσὼο

337 5089 482 5160 μεθα
516 5089 664 5161 ὥραν
693 5092 911 5164 ἐνάτην,
938 5095 1030 5146 καὶ
1057 5093 1380 5166 ἐξέλθωμεν,
1409 5097 1502 5150 καὶ
1525 5095 1921 5168 διακινήσωμεν

334 5181 438 5253 τὴν
458 5182 501 5214 ¹⁸
534 5182 760 5254 ἔρημον,
785 5185 878 5237 καὶ
906 5184 1216 5255 σκοποῦμεν
1245 5186 1334 5240 τὸν
1365 5186 1546 5240 τόπον.
1568 5187 1654 5250 Ὠς
1679 5187 1736 5243 δὲ
1760 5186 1922 5241 ὥδευ-

413 5343 456 5373 ¹⁶
483 5342 568 5396 Al.
604 5341 839 5414 γράμμα
872 5343 1168 5414 βασιλικόν.
1247 5346 1288 5378 ¹¹¹
1325 5344 1490 5401 Abest
1519 5347 1590 5402 ab
1617 5348 1707 5403 al;
1768 5348 1810 5380 "
1847 5348 1934 5405 Al.

412 5502 525 5571 (Η)
564 5501 717 5572 Ἐγὼ
744 5502 940 5557 οὐκέτι
971 5501 1259 5571 φοϐοῦμαι
1310 5502 1414 5554 τὸν
1469 5502 1638 5556 Θεόιυ.
1680 5501 1917 5558 Joanncs

342 5572 519 5628 Scala:
548 5574 720 5640 gradu
733 5573 824 5634 29,
847 5573 1112 5626 ἀπάθειαν
1138 5572 1378 5636 ἔδειξενὸ
1403 5572 1570 5625 εἰπὼν
1594 5572 1915 5640 Αἰγύπτιος,

345 5642 420 5712 μὴ
459 5642 745 5708 φοϐεῖσθαι
766 5643 854 5695 τὸν
889 5642 1218 5713 ΚύριονκΛιΙ
1251 5657 1408 5712 quem
1442 5642 1625 5713 locum
1680 5641 1921 5713 Gallicus

342 5710 651 5768 elucidator
703 5713 882 5768 laudat
907 5710 1075 5766 Etiam
1099 5710 1436 5775 Cretensem,
1473 5712 1540 5765 de
1593 5710 1651 5764 S.
1687 5711 1924 5767 Antonio

344 5793 713 5839 enarrantetn.
738 5781 936 5839 Eadem
977 5781 1197 5840 Antonii
1233 5783 1391 5838 verba
1424 5783 1593 5838 habes
1642 5782 1782 5852 apud
1819 5782 1924 5842 Do-

2019 4548 2198 4603 Aniun
2223 4549 2278 4602 in
2314 4555 2552 4601 montem
2585 4545 2794 4608 Nitriae,
2827 4554 2880 4600 et
2905 4544 2994 4599 ubi
3028 4543 3311 4612 congressi
3344 4553 3493 4609 sunt,
3517 4543 3604 4598 di-

2021 4641 2095 4695 cit
2129 4639 2300 4694 abbas
2333 4637 2513 4690 Amun
2548 4655 2562 4690 :
2595 4635 3052 4706 Quandoquidem
3098 4650 3194 4704 per
3243 4649 3436 4704 preces
3481 4645 3606 4688 tuas

2021 4731 2220 4786 fratres
2257 4727 2604 4798 multiplicati
2655 4734 2807 4791 sunt,
2840 4726 3182 4797 cupiuntque
3218 4739 3410 4780 eorum
3461 4739 3604 4780 non-

2027 4823 2161 4878 nulli
2189 4821 2355 4876 cellas
2378 4820 2606 4875 dissitas
2624 4817 2918 4884 :edificare,
2951 4826 3008 4873 ut
3033 4816 3219 4887 quiete
3244 4815 3376 4870 inibi
3399 4814 3602 4878 vivant,

2028 4923 2236 4987 quanto
2266 4914 2442 4984 spatio
2461 4913 2624 4982 jubes
2649 4917 2707 4964 ut
2727 4907 3116 4964 construendae
3142 4906 3292 4961 cellas
3312 4905 3518 4959 distent
3536 4905 3606 4958 ab

2028 5009 2133 5063 hoc
2183 5007 2304 5060 loco
2333 5004 2355 5056 ?
2381 5003 2525 5058 Dixit
2578 5003 2669 5057 ille
2699 5021 2711 5056 :
2751 5000 3148 5056 Manducemus
3177 4997 3312 5052 liora
3356 5007 3522 5058 nona,
3550 5000 3611 5050 et

2028 5099 2394 5169 egrediantur,
2426 5112 2490 5151 ac
2517 5093 2870 5151 solitudinem
2899 5087 3364 5164 perambulemus,
3383 5083 3610 5155 conspi-

2029 5192 2350 5262 eiamusqne
2397 5191 2596 5244 locum.
2633 5184 2704 5242 Ut
2729 5193 2910 5240 autem
2941 5194 3182 5239 eremum
3214 5182 3605 5250 peragrarunt,

1969 5350 2049 5412 εἰς
2069 5349 2191 5420 τήν.
2269 5349 2311 5378 ¹⁹
2339 5345 2495 5400 Joan.
2533 5361 2606 5409 tv,
2645 5343 2732 5397 18.
2809 5340 2858 5374 ¹⁶
2896 5338 2916 5392 Ι
2954 5336 3089 5408 Reg.
3120 5347 3198 5402 xt,
3231 5335 3289 5390 6.

2025 5502 2276 5557 rothcnm
2319 5499 2571 5553 Doctrina
2605 5498 2658 5553 4.
2700 5494 2783 5568 Et
2806 5490 3226 5568 _Apop_l_ttltegma
3250 5489 3521 5564 integrum
3553 5487 3611 5544 in

2027 5573 2304 5642 Operihus
2320 5569 2596 5642 Epjira‘mi
2641 5565 2848 5642 ρκ’ῥδγϐ,
2881 5582 2936 5624 n.
2965 5563 3022 5621 ὅ.

2099 5641 2211 5708 μοι)
2269 5638 2551 5694 νίιζρηιν.
2589 5653 2670 5700 ιιι,
2702 5638 2824 5694 158.

2104 5711 2215 5784 (l5)
2265 5709 2380 5787 l't'tg
2419 5710 2573 5769 Patr.
2609 5725 2743 5779 xvu,
2774 5710 2827 5766 l.
