4054 6206
404 262 475 323 31
1573 263 1917 319 APPENDlx
1959 263 2050 317 AD
2087 263 2510 322 PALLADIUM.
3345 242 3356 246 ’
3606 245 3686 331 iis

403 398 517 454 quo
549 395 720 452 usque
759 379 838 435 sol
875 377 942 432 ad
970 391 1229 433 occasum
1264 379 1526 444 venisset,
1555 380 1626 432 ita
1660 379 1877 434 locutus
1903 387 1987 432 est

2095 394 2188 431 σαν
2221 379 2320 450 τὴν
2356 379 2559 450 ἔρημον
2597 381 2703 444 ἕως
2729 373 2790 434 οὗ
2815 381 2986 436 ὲλθεῖν
3017 379 3172 436 δῦναι
3201 382 3292 436 τὸν
3319 383 3491 453 ἥλιον,
3524 381 3675 452 λέγει

406 473 580 529 abbas
599 469 901 524 Antonius:
927 468 1186 534 Oremus,
1218 476 1383 539 atque
1407 470 1494 523 hic
1525 476 1836 523 statuamus
1860 481 1987 521 cru-

407 580 546 626 cem,
578 570 638 615 ut
674 561 874 616 ibidem
904 561 1175 617 aediﬁcent
1206 562 1300 630 qui
1328 559 1600 615 aediﬁcare
1628 560 1846 626 volunt;
1879 573 1988 629 quo

407 655 442 708 ii
481 652 573 722 qui
604 652 720 708 illic
749 653 1072 719 manebunt,
1100 652 1322 722 quando
1355 653 1423 707 ad
1449 667 1544 707 eos
1572 653 1661 720 qui
1689 651 1778 705 hic
1808 666 1989 706 versa-

405 743 512 796 tnri
545 750 677 797 sunt
703 743 965 798 accedere
1001 742 1296 806 voluerint,
1324 748 1542 812 gustata
1575 739 1642 793 ad
1670 739 1860 792 horam
1892 754 1989 792 no-

406 847 530 886 nam
576 848 745 902 parva
796 849 896 889 sua
926 834 1151 897 buccea,
1184 832 1266 886 sic
1294 829 1593 894 accedant;
1633 841 1686 884 et
1721 828 1814 898 qui
1859 828 1986 882 hinc

407 925 549 978 idem
607 923 874 978 facientes
927 923 1293 992 perrexerint,
1328 919 1384 974 in
1439 927 1630 974 mutua
1677 918 1988 974 visitatione

408 1019 618 1088 absque
644 1019 844 1071 mentis
878 1016 1238 1072 distractione
1268 1018 1637 1083 perseverent.
1677 1010 1774 1066 Est
1802 1018 1985 1065 autem

409 1109 752 1164 intervallum
806 1107 1048 1178 lapidum
1079 1105 1392 1162 duodecim.

480 1195 570 1251 55.
607 1197 792 1252 Abbas
840 1196 1118 1251 Antonius
1165 1195 1306 1250 dixit
1344 1212 1359 1248 :
1407 1193 1513 1261 Qui
1561 1207 1799 1249 massam
1858 1192 1988 1247 ferri

410 1289 669 1358 percutit,
701 1287 856 1357 prius
903 1296 1088 1342 mente
1134 1294 1354 1357 reputat
1401 1287 1667 1356 quidnam
1701 1284 1989 1340 coniectu-

410 1395 508 1434 rus
536 1380 628 1443 sit,
663 1378 876 1443 falcem,
904 1379 1167 1450 gladium,
1198 1379 1460 1435 securim.
1511 1377 1589 1434 lta
1616 1393 1718 1434 nos
1745 1393 1985 1448 quoque,

410 1471 714 1540 recogitare
763 1471 1049 1538 debemus,
1089 1471 1398 1541 cujusmodi
1434 1471 1692 1527 virtutem
1737 1470 1988 1544 aggredi—

411 1578 566 1629 mur;
602 1579 670 1618 ne
696 1563 1007 1622 laboremus
1039 1563 1094 1618 in
1124 1579 1346 1619 vanum.

479 1653 572 1710 36.
615 1653 768 1710 lianc
802 1671 1023 1726 quoque
1053 1656 1384 1713 sententiam
1417 1655 1644 1727 protulit
1672 1676 1686 1711 :
1719 1653 1990 1712 Obedien-

409 1747 486 1802 iia
518 1761 641 1801 cum
669 1748 1022 1812 abstinentia,
1051 1747 1196 1804 feras
1232 1748 1550 1805 hominibus
1581 1747 1823 1819 subiicit.

483 1839 574 1894 37.
613 1837 854 1894 Rursum
887 1841 963 1893 ait
997 1858 1010 1894 :
1045 1839 1180 1895 Novi
1211 1842 1511 1898 monachos
1564 1842 1658 1912 qui
1686 1851 1808 1911 post
1833 1841 1990 1897 labo-

408 1944 499 1984 res
544 1929 831 1998 plurimos,
864 1929 1002 1998 lapsi
1053 1939 1205 1994 sunt,
1239 1938 1294 1986 et
1343 1931 1400 1985 in
1453 1931 1654 1986 mentis
1701 1945 1989 1986 excessum

411 2022 755 2089 inciderunt;
787 2023 933 2090 quod
981 2023 1036 2076 in
1081 2023 1344 2093 operibus
1391 2023 1510 2078 suis
1536 2031 1875 2094 sperassent,
1908 2031 1992 2076 at-

409 2129 518 2185 que
544 2114 757 2184 decepti
785 2129 896 2168 non
923 2113 1316 2185 cogitavissent
1345 2114 1680 2168 'mandatum
1713 2115 1861 2168 illius
1893 2115 1988 2182 qni

417 2206 582 2262 dicit:
613 2206 888 2278 Interroga
917 2216 1122 2276 patrem
1158 2215 1326 2272 tuum,
1356 2216 1406 2261 et
1431 2205 1772 2261 annuntiabit
1809 2205 1982 2260 tibi".

481 2299 572 2356 58.
605 2301 720 2372 (44)
742 2299 888 2354 Dixit
914 2300 1126 2355 adhuc:
1157 2298 1211 2354 Si
1236 2299 1350 2353 ﬁeri
1375 2307 1572 2368 potest,
1601 2307 1735 2367 quot
1764 2311 1990 2369 gressus

412 2390 982 2457 monachus'incedit,
1032 2392 1118 2446 vel
1161 2398 1296 2461 quot
1334 2405 1489 2460 aquae
1534 2397 1718 2459 guttas
1763 2390 1900 2445 bibit
1932 2389 1986 2445 in

417 2481 549 2534 cella
579 2495 702 2550 sua,
729 2479 886 2536 debet
915 2481 1250 2538 confidenter
1274 2481 1498 2539 senibus
1526 2481 1827 2551 declarare,
1854 2498 1986 2537 num

416 2571 472 2628 in
501 2571 608 2628 illis
633 2571 890 2629 oﬂ'endat.

423 2685 430 2692 ’
919 2687 995 2743 De
1029 2689 1214 2743 abbate
1243 2688 1488 2743 Arsemo.
1814 2759 1819 2764 .

485 2780 538 2836 ‘l.
586 2778 696 2851 (45)
745 2778 926 2835 Abbas
957 2779 1242 2846 Arsenius,
1297 2793 1424 2834 cum
1459 2777 1638 2833 adhuc
1689 2778 1744 2832 in
1785 2779 1989 2849 palatio

413 2881 743 2939 versaretur,
784 2871 958 2928 oravit
979 2873 1048 2927 ad
1081 2871 1272 2936 Deum,
1307 2871 1537 2927 dicens:
1590 2869 1836 2936 Domine,
1881 2871 1988 2926 duc

413 2981 502 3022 me
536 2982 632 3038 per
660 2966 802 3021 viam
831 2979 940 3037 qua
980 2964 1210 3020 salutem
1237 2978 1568 3034 consequar.
1612 2962 1676 3017 Et
1705 2963 1988 3020 descendit

2092 469 2242 540 αὐτῷ
2269 473 2297 523 ό
2325 470 2498 534 ἁϐϐἄς
2533 471 2842 535 Ἀντώνιος·
2885 473 3207 545 Ποιήσωμεν
3236 473 3402 546 εὐχὴν
3423 475 3517 527 καὶ
3549 480 3685 544 στη-

2090 579 2272 633 σωμεν
2311 556 2413 616 ὧδε
2451 564 2685 635 σταυρὸν
2713 564 2850 635 (50),
2881 564 2967 618 ἵνα
2994 561 3096 619 ὧδε
3127 565 3386 620 κτίσωσιν
3411 566 3461 619 οἱ
3489 564 3676 618 θέλον-

2086 671 2179 718 τες
2211 656 2412 719 κτίσαι,
2447 656 2535 710 ἵνα
2563 656 2655 710 καὶ
2682 658 2730 709 οί
2764 656 2994 720 ἐκεῖθεν,
3012 658 3140 711 ὅταν
3163 656 3518 730 παραϐάλωσι
3547 657 3676 711 τού-

2087 763 2222 810 τοις,
2265 747 2595 815 γευσάμενοι
2627 747 2689 801 τὸ
2724 747 2918 820 μικρὸν
2942 747 3125 818 βουκὶν
3161 748 3274 818 (Si)
3308 748 3482 802 αὐτων
3521 747 3676 820 ῶραν

2088 837 2306 909 ἐνάτην,
2333 837 2506 902 οὕτως
2549 837 2929 910 παραϐάλωσι,
2957 837 3052 891 καὶ
3093 837 3141 890 oi
3177 836 3326 890 ἔνθεν
3353 837 3674 909 ἀπερχόμε-

2089 943 2190 992 νοι,
2229 928 2292 980 τὸ
2323 928 2454 982 αὐτὸ
2479 927 2779 995 ποιοῦντες,
2816 927 3216 999 άπερίσπαστοι
3244 927 3480 998 μένωσιν
3508 931 3566 981 ὲν
3594 926 3674 999 τῷ

2089 1019 2458 1091 παραϐάλλειν
2502 1019 2936 1092 άλλήλοις.Ἐστι
2971 1020 3028 1074 δὲ
3057 1021 3118 1073 τὸ
3149 1019 3424 1092 διάστημα
3471 1025 3677 1091 σημεῖα.

2087 1109 2332 1164 δεκαδύο.

2161 1199 2256 1254 λε’.
2296 1197 2466 1256 Εἶπεν
2506 1204 2536 1256 ό
2565 1201 2740 1266 άϐϐἄς
2771 1200 3086 1266 Ἀντώνιος·
3131 1201 3192 1254 Ὃ
3221 1201 3442 1255 τύπτων
3475 1201 3535 1254 τὸ
3569 1218 3675 1272 μα-

2089 1291 2173 1356 ζὶν
2219 1291 2314 1346 τοῦ
2354 1293 2595 1364 σιδήρου,
2637 1290 2851 1362 πρῶτον
2897 1292 3094 1344 σκοπεί
3129 1290 3220 1343 τὸν
3271 1288 3531 1360 λογισμὸν
3549 1289 3594 1320 ⁸³
3621 1286 3676 1340 τί

2093 1383 2275 1454 μέλλει
2319 1385 2515 1448 ποιεῖν,
2547 1383 2832 1455 δρέπανον,
2872 1384 3169 1455 μάχαιραν,
3203 1379 3434 1434 πέλυκα.
3486 1377 3686 1442 Οὕτως

2095 1479 2188 1531 καὶ
2214 1480 2376 1550 ἡμεῖς
2403 1477 2692 1548 ὀφείλομεν
2717 1474 3027 1544 λογίζεσθαι
3061 1474 3219 1528 ποίαν
3253 1471 3455 1544 ἀρετὴν
3481 1487 3677 1541 μετερο

2090 1567 2320 1638 χόμεθα,
2353 1568 2440 1621 ἵνα
2471 1568 2545 1638 μὴ
2577 1569 2658 1630 εἰς
2687 1565 2844 1620 κενὸν
2874 1564 3245 1634 κοπιάσωμεν.

2162 1661 2272 1726 λς’.
2315 1656 2452 1714 Eis-rs
2492 1659 2675 1728 πάλιν,
2707 1661 2791 1714 ὅτι
2822 1661 2855 1731 ὴ
2883 1655 3131 1729 ὐποταγὴ
3165 1654 3304 1728 μετὰ
3345 1654 3678 1727 ἐγκρατείας

2023 1719 2066 1774 Β
2096 1719 2392 1806 amicam.
2425 1751 2610 1823 θηρία.

2163 1844 2260 1909 λζ’.
2302 1839 2437 1897 Εῐπε
2469 1844 2661 1897 πάλιν·
2695 1839 2825 1897 Οἶδα
2863 1842 3130 1914 μοναχοὺς
3161 1840 3299 1914 μετὰ
3327 1840 3554 1903 πολλοὺς
3585 1838 3676 1893 κό-

2093 1949 2226 1996 πους
2267 1932 2553 1996 πεσόντας,
2587 1933 2680 1985 καὶ
2725 1934 2804 1996 είς
2848 1931 3102 1986 ἔκστασιν
3139 1931 3354 2002 φρενῶν
3399 1931 3670 1993 ἐλθόντας,

2089 2025 2177 2078 διὰ
2201 2025 2261 2077 τὸ
2287 2023 2576 2094 ἠλπικέναι
2601 2024 2692 2076 ἐπὶ
2729 2022 2792 2076 τὸ
2833 2021 2992 2097 ἔργον
3019 2022 3218 2087 αὐτῶν,
3248 2023 3339 2076 καὶ
3372 2021 3674 2093 παραλογι-

2093 2116 2360 2186 σαμένους
2393 2114 2491 2187 τὴν
2530 2113 2749 2186 ἐντολὴν
2781 2113 2874 2167 τοῦ
2923 2115 3205 2178 εἰπόντος·
3261 2113 3676 2184 Ἐπερώτησον

2089 2207 2197 2261 τὸν
2227 2206 2455 2273 πατέρα
2483 2221 2624 2271 σου,
2652 2205 2751 2260 καί
2777 2203 3104 2274 ἀναγγελεῖ
3129 2220 3249 2257 σοι.

2159 2297 2261 2368 λη’.
2307 2292 2443 2350 Εἷπε
2477 2296 2639 2351 πάλιν
2661 2313 2675 2327 ·
2723 2297 2785 2350 Ei
2813 2294 3062 2357 δυνατὸν,
3108 2294 3210 2347 ὅσα
3236 2294 3460 2364 βήματα
3489 2292 3678 2363 βάλλει

2088 2392 2116 2444 ό
2145 2389 2396 2461 μοναχὸς,
2426 2390 2458 2461 ἦ
2484 2391 2614 2452 ὅσας
2648 2387 2916 2456 σταγόνας
2947 2385 3095 2439 πίνει
3124 2385 3235 2457 (52)
3259 2387 3340 2448 εἰς
3376 2384 3436 2437 τὸ
3465 2383 3679 2436 κελλίον

2089 2481 2278 2546 αὑτοῦ,
2307 2480 2509 2551 ὀφείλει
2529 2480 2749 2552 θαρρεῖν
2762 2481 2874 2542 τοῖς
2892 2477 3170 2548 γέρουσιν,
3191 2478 3239 2529 εί
3269 2474 3377 2546 ἄρα
3412 2473 3472 2528 οὑ
3492 2473 3678 2527 πταίει

2092 2577 2148 2634 ἐν
2167 2561 2368 2641 αὐτοῖς.

2469 2687 2609 2760 Περὶ
2637 2689 2742 2744 τοῦ
2778 2687 2930 2743 ἀϐϐἆ
2957 2683 3292 2753 Ἀρσενίου.

2161 2786 2228 2843 α’.
2266 2785 2323 2838 '0
2358 2783 2534 2847 άϐϐἄς
2566 2781 2840 2850 Ἀρσένιος
2879 2779 3015 2848 (55),
3065 2777 3147 2830 ἔτι
3182 2775 3256 2829 ὢν
3303 2776 3359 2828 ὲν
3388 2769 3464 2842 τῷ
3502 2770 3676 2824 παλα-

2089 2876 2210 2946 τίῳ,
2233 2875 2429 2939 εὔξατο
2450 2873 2528 2944 τῷ
2556 2873 2677 2942 Θεῷ
2709 2871 2911 2940 λέγων’
2940 2869 3135 2940 Κύριε,
3173 2865 3437 2937 όδήγησόν
3467 2881 3533 2934 με
3559 2862 3675 2925 πῶς

2091 2963 2271 3017 σωθῶ.
2293 2965 2400 3016 Καὶ
2414 2958 2577 3032 ἦλθεν
2592 2960 2741 3030 αὐτῷ
2759 2959 2910 3031 φωνὴ
2925 2957 3160 3026 λέγουσα
3178 2972 3192 2986 ·
3225 2953 3487 3025 Ἀρσένιε,
3511 2951 3678 3022 φεῦγε

415 3058 481 3112 ad
504 3073 626 3113 eum
645 3057 758 3112 haec
777 3072 908 3112 vox:
929 3056 1145 3121 Arseni,
1161 3055 1284 3126 fuge
1304 3055 1575 3120 homines,
1592 3064 1643 3110 et
1661 3056 1844 3111 salvus
1862 3057 1991 3114 eris.

2096 3057 2223 3120 τοὺς
2255 3053 2594 3126 ἀνθρώπους,
2620 3051 2716 3104 καὶ
2745 3049 2912 3120 σώζῃ.

483 3149 539 3201 2.
573 3149 684 3218 (46)
711 3148 854 3202 Idem
887 3161 1011 3200 cum
1035 3146 1100 3200 ad
1119 3146 1421 3201 solitariam
1452 3148 1618 3201 vitam
1643 3149 1988 3216 secessisset,

417 3239 614 3294 iterum
648 3238 822 3292 oravit
851 3236 1096 3291 eamdem
1131 3251 1370 3306 precem.
1420 3236 1753 3309 Audivitque
1799 3255 1991 3297 vocem

417 3329 763 3398 huiusmodi:
811 3327 1030 3391 Arseni,
1065 3327 1210 3400 fuge,
1249 3335 1389 3395 tace,
1435 3329 1676 3400 quiesce.
1725 3331 1820 3388 ila:
1847 3333 1996 3395 enim

419 3423 548 3478 sunt
581 3421 796 3476 radices
826 3420 1217 3489 iinpeccantiaa.

490 3512 543 3566 5.
587 3511 698 3584 (47)
743 3511 1050 3568 Astiterunt
1097 3510 1391 3581 aliquando
1429 3510 1611 3567 abbati
1661 3511 1890 3568 Arsenio
1939 3513 1994 3568 in

419 3605 554 3660 cella
587 3604 768 3675 posito
795 3603 1090 3666 dmmones,
1113 3611 1168 3658 et
1197 3602 1450 3659 molestia
1480 3605 1633 3658 illum
1664 3605 1992 3660 adiciebant.

419 3698 756 3753 Accedentes
801 3703 983 3751 autem
1012 3697 1246 3754 ministri
1297 3696 1437 3767 ejus,
1491 3708 1544 3752 et
1592 3706 1746 3753 extra
1801 3698 1994 3752 cellam

421 3798 652 3858 stantes,
701 3789 992 3845 audierunt
1038 3790 1192 3844 illum
1229 3791 1554 3846 clamantem
1614 3791 1681 3846 ad
1717 3790 1884 3845 Deum
1932 3806 1998 3846 ac

419 3882 737 3938 dicentem:
781 3881 954 3948 Deus,
1007 3897 1076 3936 ne
1119 3882 1465 3952 derelinquas
1506 3897 1630 3949 me;
1683 3882 1817 3937 nihil
1865 3881 1995 3937 boni

422 3975 523 4030 feci
559 3991 742 4031 coram
766 3983 856 4044 te;
889 3975 985 4031 sed
1011 3975 1078 4030 da
1107 3976 1239 4030 mihi
1270 3975 1571 4032 secundum
1605 3975 1994 4044 benignitatem

421 4077 593 4130 tuam,
630 4079 691 4122 ut
719 4084 866 4122 nunc
891 4067 1148 4137 incipiam
1185 4068 1323 4124 bene
1356 4083 1535 4138 agere.

490 4155 543 4210 4.
592 4155 702 4225 (48)
741 4157 976 4211 Aiebant
1018 4157 1088 4212 de
1118 4160 1305 4214 eodem
1332 4198 1347 4222 ,
1391 4157 1534 4229 quod
1567 4157 1710 4214 sicut
1747 4157 1932 4212 nullus
1966 4173 1997 4214 e

423 4246 643 4316 palatio,
680 4246 986 4315 pretiosiori
1009 4263 1075 4302 eo
1106 4259 1253 4304 veste
1285 4250 1655 4318 induebatur;
1699 4249 1774 4304 ita
1806 4265 1910 4306 nec
1940 4250 1996 4305 in

423 4333 666 4388 Ecclesia
702 4334 846 4388 ullus
880 4336 1163 4405 tegebatur
1191 4338 1393 4394 viliori.

2169 3148 2234 3219 β’.
2283 3148 2340 3200 '0
2369 3145 2530 3208 αὐτὸς
2557 3143 2916 3215 ἀναχωρήσας
2949 3142 3007 3194 ὲν
3041 3139 3119 3209 τῷ
3153 3139 3380 3210 μονήρει
3414 3137 3535 3208 βίῳ,
3569 3137 3677 3190 πά-

2094 3239 2177 3291 λιν
2203 3235 2416 3303 εύξατο,
2439 3235 2530 3288 τὸν
2555 3235 2715 3288 αὑτὸν
2737 3233 2893 3302 λόγον
2919 3230 3107 3286 εἰπών.
3132 3230 3243 3284 Καὶ
3271 3231 3470 3300 ἢκουσε
3495 3227 3679 3298 φωνῆς

2093 3329 2358 3399 λεγούσης
2388 3325 2537 3398 αὑτῴ
2561 3345 2575 3361 ·
2623 3324 2888 3397 Ἀρσένιε,
2932 3322 3120 3394 φεῦγε,
3161 3320 3360 3384 σιώπα,
3394 3318 3638 3390 ἡσύχαζε
3660 3335 3674 3348 ο

2096 3412 2258 3475 αὗται
2290 3421 2400 3490 γάρ
2431 3419 2567 3471 εἰσιν
2599 3419 2656 3470 αἱ
2681 3415 2826 3488 ῥίζαι
2849 3415 2948 3486 τῆς
2971 3412 3407 3484 ἀναμαρτησίας.
3532 3485 3536 3489 λ

2169 3519 2238 3581 γ’.
2287 3508 2624 3582 Ἐπέστησάν
2654 3523 2788 3560 ποτε
2810 3505 2887 3577 τῷ
2905 3505 3048 3575 άϐϐᾷ
3079 3501 3339 3574 Ἀρσενίῳ
3359 3503 3408 3554 οἱ
3429 3500 3679 3570 δαίμονες

2099 3607 2156 3661 ὲν
2177 3603 2254 3676 τῷ
2277 3602 2474 3673 κελλίῳ
2495 3599 2765 3662 θλίϐοντες
2781 3597 2963 3652 αὐτόν.
2979 3594 3397 3668 Παραϐαλόντες
3418 3593 3475 3647 δὲ
3498 3594 3543 3645 οἱ
3563 3591 3681 3645 δια-

2099 3695 2381 3758 κονοῦντες
2407 3693 2575 3764 αὐτῷ,
2616 3692 2712 3746 καὶ
2741 3691 2965 3752 στάντες
2999 3688 3104 3753 ἔξω
3127 3688 3227 3758 τῆς
3267 3684 3482 3757 κέλλης,
3513 3684 3680 3754 ἢκου-

2101 3803 2200 3843 σαν
2237 3783 2402 3844 αὐτοῦ
2444 3782 2677 3852 βοῶντος
2718 3780 2854 3853 πρὸς
2891 3777 2983 3833 τὸν
3016 3777 3148 3833 Θεὸν
3170 3777 3265 3830 καὶ
3294 3776 3579 3844 λέγοντος·
3621 3773 3680 3828 ’0

2099 3879 2250 3943 Θεὸς,
2276 3877 2350 3950 μὴ
2374 3873 2750 3946 ὲγκαταλίπῃς
2776 3889 2844 3943 με
2866 3888 2880 3902 ο
2910 3871 3063 3925 οὐδὲν
3087 3869 3318 3940 ἐποίησα
3336 3865 3563 3920 ἐνώπιόν
3584 3883 3678 3919 σου

2099 3969 2299 4039 ἀγαθόν
2322 3986 2336 4000 ο
2384 3964 2522 4021 ἀλλὰ
2543 3965 2632 4028 δός
2663 3981 2752 4035 μοι
2773 3961 2917 4017 κατὰ
2941 3961 3039 4032 τὴν
3075 3958 3422 4034 χρηστότητά
3456 3974 3549 4011 σου
3580 3956 3680 4028 βα-

2098 4063 2212 4117 λεῖν
2242 4061 2436 4133 ἀρχήν.

2169 4154 2231 4209 δ’.
2273 4153 2496 4220 Ἔλεγον
2525 4149 2654 4221 περ).
2690 4145 2880 4212 αὐτοῦ,
2920 4146 3002 4200 ὅτι
3031 4143 3220 4212 ὥσπερ
3248 4137 3423 4203 οὐδεὶς
3451 4139 3545 4193 τοῦ
3576 4155 3680 4192 πα-

2099 4245 2283 4300 λατίου
2323 4243 2508 4313 ἐφόρει
2544 4241 2788 4312 βελτίονα
2820 4235 2985 4291 αὑτοῦ
3023 4235 3228 4305 ἐσθῆτα
3247 4232 3293 4264 ’³
3313 4247 3328 4262 ⁶
3353 4230 3524 4295 οὕτως
3559 4230 3681 4283 οὐδὲ

2099 4340 2179 4402 είς
2205 4337 2304 4408 τὴν
2349 4332 2675 4402 Ἐκκλησίαν
2720 4327 3107 4398 εὐτελεστέραν
3149 4341 3235 4385 τις
3278 4319 3442 4375 αὐτοῦ
3473 4320 3677 4391 ἐφόρει.

492 4425 544 4480 5.
577 4423 688 4497 (49)
734 4424 878 4480 Dixit
935 4427 1136 4496 aliquis
1195 4429 1356 4484 beato
1389 4431 1667 4489 Arscnio:
1709 4431 1991 4502 Quomodo

2165 4425 2229 4480 ε’.
2262 4419 2398 4478 Εἶπέ
2417 4439 2500 4485 τις
2527 4420 2604 4490 τῷ
2637 4418 2891 4492 μακαρίῳ
2915 4413 3174 4485 Ἀρσενίῳ
3194 4429 3208 4442 ·
3234 4412 3358 4475 Πῶς
3375 4413 3536 4482 ἡμεῖς
3567 4409 3681 4502 άπὸ

425 4532 547 4581 nos,
579 4515 673 4586 qui
712 4514 848 4571 adeo
876 4517 1075 4573 eruditi
1123 4533 1187 4573 ac
1220 4519 1366 4574 docti
1406 4536 1620 4585 sumus,
1658 4523 1794 4576 nihil
1825 4523 1994 4577 habe-

2098 4516 2368 4586 τοσαύτης
2393 4511 2730 4576 παιδεύσεως
2764 4509 2860 4563 καὶ
2891 4507 3084 4577 σοφίας
3111 4504 3259 4558 οὐδὲν
3293 4502 3511 4574 ἔχομεν,
3537 4496 3680 4557 οὗτοι

495 4677 539 4706 ιι
584 4674 738 4728 Deut.
768 4689 945 4742 xxxii,
971 4675 1024 4729 7.
1100 4675 1146 4710 "
1171 4674 1257 4729 Al.
1289 4673 1367 4744 τῷ
1399 4672 1662 4744 λογισμῷ.
1741 4674 1787 4706 ⁸³
1814 4675 1900 4728 Al.
1923 4675 1991 4729 in:

2095 4678 2158 4727 ὲτε
2188 4669 2255 4744 ἦν
2284 4672 2341 4724 ὲν
2363 4669 2443 4740 τῷ
2463 4667 2728 4738 παλατίῳ.

426 4808 430 4812 π
497 4787 608 4856 (Η)
663 4785 763 4841 Vit.
798 4786 947 4856 Patr.
975 4804 1054 4851 ιιι,
1089 4789 1207 4844 176.

498 4854 610 4926 (45)
661 4857 766 4914 Vit.
798 4854 950 4912 Patr.
989 4875 1074 4925 ιιι,
1114 4861 1246 4926 190;
1276 4875 1334 4924 u,
1375 4861 1424 4913 5.

497 4927 609 4994 (46)
647 4927 783 4983 Ibid.

522 4997 609 5060 i7)
659 4997 764 5053 Vit.
799 4998 950 5052 Patr.
983 5015 1073 5060 xv,
1107 5001 1159 5055 5.

520 5066 611 5133 48)
657 5068 763 5122 Vit.
804 5067 952 5122 Patr.
981 5086 1066 5134 xv,
1099 5074 1152 5123 6.

513 5135 612 5196 49)
661 5136 769 5195 Vit.
801 5139 960 5196 Patr.
995 5153 1052 5194 ι.
1095 5142 1147 5194 5.

521 5145 590 5190 49
665 5145 769 5195 Vit.
801 5145 960 5196 Patr.
995 5153 1052 5194 ι.
1095 5145 1147 5194 5.

499 5145 612 5276 (50)
652 5208 977 5278 Στήσωμεν
994 5207 1110 5267 ὧδε
1137 5208 1418 5276 σταιφόν.
1447 5205 1605 5264 Vides
1623 5208 1998 5278 antiquitatem

431 5272 910 5342 StatirOpegiornin
922 5323 934 5336 .

503 5343 612 5415 (51)
651 5347 891 5422 ροιζκίγ.
933 5349 1036 5406 Pro
1071 5351 1302 5422 βουκίον,
1358 5349 1624 5422 βουκκίον,
1660 5347 1999 5422 buccea._lu

431 5413 699 5492 Anastasii
728 5413 942 5492 llpdego
971 5436 1042 5492 ιι.Δ
1060 5413 1128 5475 30
1153 5438 1173 5492 :7
1211 5423 1270 5474 Ὀ
1293 5413 1489 5492 άρτος,
1533 5421 1627 5474 καὶ
1656 5417 1729 5492 ab
1763 5419 1999 5492 ψωμίον,

427 5483 523 5558 καὶ
551 5484 614 5558 sb
641 5482 845 5558 βονκίν,
880 5482 1256 5558 ἐοιῐίβουκίον.
1312 5482 1615 5546 liorothens
1655 5482 2002 5544 Institutione

433 5555 516 5613 il,
545 5555 849 5629 _”Ex).a=;tsv
890 5556 918 5607 ό
956 5555 1179 5629 ἀβελφὸς
1221 5563 1427 5624 ἐκεῖνος
1454 5560 1700 5629 βουκκία,
1741 5559 1998 5627 φοινίκιαι,

429 5623 616 5696 auxia,
652 5622 958 5696 κρόμμυα.⁸
991 5622 1106 5682 Ubi
1135 5628 1364 5696 βουκκία
1397 5622 1655 5686 buccella:
1686 5622 1855 5689 sunt,
1893 5643 2001 5680 non

434 5693 586 5763 (abte,
622 5693 711 5749 ant
735 5694 904 5751 viciae.
943 5694 1114 5754 lnstit.
1137 5693 1236 5765 ⁷21,
1267 5707 1464 5768 qltanst.
1497 5700 1548 5768 8,
1592 5699 1908 5753 ἁπεκτεῖναι
1940 5697 2000 5748 τὸ

2108 4787 2290 4847 Βουκίν
2323 4802 2416 4838 σου
2450 4784 2529 4846 εἰς
2553 4783 2650 4837 ὅλα
2671 4779 2738 4834 τὰ
2768 4777 2961 4852 ὲψητά.
2990 4775 3170 4852 _Atque
3199 4772 3328 4852 hinc
3349 4851 3354 4852 ν
3373 4771 3680 4852 an-fama:

2103 4841 2194 4910 τον
2217 4859 2270 4910 in
2303 4855 2422 4908 Vita
2449 4841 2706 4908 Dosithei.
2735 4841 2880 4912 Ha'ac',
2911 4846 3040 4917 quia
3074 4841 3177 4899 vox
3209 4841 3426 4899 abest'a
3458 4841 3680 4898 Meursii

2104 4928 2644 5066 Glggi‘rgrarérag.
2685 4990 2887 5044 Calices
2933 5002 3083 5066 aqua:
3128 4983 3183 5066 i_n
3224 4983 3359 5066 Vitis
3419 4981 3677 5066 Patrum;

2103 5051 2764 5150 aut‘laxi'ori'versione;
2821 5067 2914 5113 aut
2956 5051 3084 5127 quia
3148 5054 3366 5120 lectum,
3421 5051 3674 5121 λαγόνας,

2102 5138 2184 5192 vel
2215 5137 2473 5204 λαγύνας.
3345 5193 3356 5204 ⁸
3553 5192 3564 5203 .
3632 5191 3644 5203 .

2175 5207 2285 5276 (55)
2341 5206 2392 5256 '0
2421 5199 2605 5276 ᾀᾷϐᾷς
2623 5196 3032 5276 ξᾼρσένιοςενίη
3057 5194 3272 5276 duobus
3303 5193 3457 5275 hisce
3488 5207 3678 5276 primis

2103 5263 2372 5344 capitibus
2389 5263 2594 5328 videsis
2622 5263 3055 5338 Excerpta’Vitaa
3073 5265 3232 5319 Luca:
3244 5263 3499 5332 junioris,
3541 5270 3676 5344 tom.

2103 5345 2146 5388 ll
2201 5344 2437 5388 Auctarii
2491 5340 2873 5388 (Inmbaiisiani
2927 5339 3034 5388 col.
3099 5335 3234 5388 989.
3291 5347 3355 5386 ac
3407 5331 3679 5388 Enhraemt

2103 5345 2146 5399 ll
2173 5337 2437 5398 'Auctarii
2491 5337 2874 5396 Combeiisiani
2927 5339 3034 5392 col.
3099 5337 3234 5394 989,
3291 5347 3355 5386 ac
3407 5337 3679 5400 Ephraami

2103 5415 2278 5484 Opera
2303 5429 2357 5484 p.
2383 5412 2508 5484 386,
2534 5410 2675 5484 n._6,
2705 5408 3138 5484 cumDorotbeo,
3155 5403 3340 5484 Doctr.
3360 5400 3680 5484 ἥρωι-οπο

2104 5472 2164 5540 εί
2180 5472 2366 5553 Glyr'a.
2386 5472 2538 5536 Adde
2557 5472 2724 5553 Ilicet
2756 5481 2878 5553 aliis
2907 5473 3224 5553 A_rsenianis
3254 5472 3681 5553 apophthegma:

2103 5537 2442 5624 tibustitam
2459 5551 2790 5624 sanctissimi
2808 5537 3311 5624 anachoretaﬂuae
3336 5537 3678 5624 e'xstatjtpud

2108 5624 2329 5699 Surium
2366 5621 2434 5699 ig
2465 5619 2616 5699 Julii.
2648 5621 2702 5676 in
2727 5635 2861 5699 mss.
2908 5615 3114 5672 Graecis
3168 5609 3452 5685 b‘ymeonis
3504 5609 3677 5666 Meta-

2106 5693 2360 5772 plirastae,
2400 5691 2432 5747 8
2480 5691 2626 5748 Maii.
