4054 6206
505 246 578 306 9‘5
1675 238 2021 296 APPENDIX
2061 241 2152 296 AD
2186 241 2605 302 PALI.ADIUM.
3699 236 3776 290 96

502 361 730 433 grinos?
776 356 1116 429 Respondit:
1159 354 1536 425 Nequaquam.
1581 353 1720 410 Tum
1745 356 2074 424 ille:Quare

2197 359 2248 416 Ὀ
2271 361 2328 414 δέ
2351 362 2522 431 λέγει’
2550 364 2670 417 Ὅτι
2695 357 2848 423 εῐπές
2876 376 2986 429 μοι,
3008 358 3140 412 ὅταν
3159 357 3522 428 ἀποσχίσῃς²⁹
3540 355 3613 409 τὰ
3643 354 3776 408 Oa).-

501 468 631 520 ergo
679 465 785 504 non
835 448 1071 504 venisti?
1116 447 1250 502 llic:
1298 447 1438 512 Quia
1488 445 1677 500 dixisti
1722 447 1891 500 mihi:
1942 449 2078 503 Cum

501 540 806 594 abscideris
827 539 1036 609 palmas
1060 539 1366 602 tuas,veni;
1394 537 1537 591 unde
1555 537 1702 591 dicto
1717 547 1810 591 tuo
1827 537 2077 606 audiens,

501 646 612 683 non
643 630 919 699 prolectus
948 644 1091 694 sum,
1125 629 1250 697 quia
1284 626 1446 682 modo
1479 627 1706 696 perfeci.
1739 625 1878 681 Tum
1908 628 2079 682 mira-

503 727 592 774 tus
618 728 704 775 est
738 735 900 773 senex
943 727 1254 771 accuratam
1291 717 1412 785 ejus
1443 716 1848 781 obedientiam;
1897 718 2081 788 aitque

506 810 624 862 illi:
665 809 842 862 Citius
877 807 1027 861 solve
1056 804 1348 875 jejunium,
1392 819 1500 874 quo
1549 814 1604 859 et
1649 805 1882 859 cilicium
1926 814 2079 861 tuum

508 899 732 961 recites,
781 906 835 952 et
880 913 1077 967 aquam
1122 906 1268 950 tuam
1315 911 1531 951 sumas:
1579 897 1662 950 sin
1707 897 1892 953 minus
1930 897 2081 953 brevi

507 1005 709 1060 COZ'pUS
739 998 891 1043 tuum
930 989 982 1042 in
1019 987 1388 1043 infirmitatem
1426 987 1688 1042 incurret.

575 1083 666 1134 9.3.
710 1081 820 1148 (80)
864 1079 1123 1134 Pervenit
1169 1078 1462 1148 aliquando
1507 1079 1677 1134 abbas
1708 1079 1973 1136 Arsenius
2012 1080 2083 1135 ad

508 1171 795 1238 quemdam
843 1169 1022 1223 locum
1062 1168 1116 1221 in
1163 1182 1274 1237 quo
1313 1175 1472 1221 erant
1511 1167 1837 1233 arundines;
1889 1185 2009 1238 quae
2051 1185 2083 1225 a

508 1271 668 1315 \‘cuto
701 1270 856 1314 minae
901 1269 1049 1315 sunt.
1094 1259 1158 1312 Et
1199 1259 1274 1312 ait
1300 1275 1465 1314 senex
1493 1257 1796 1314 fratribus:
1840 1261 1975 1326 Quis
1998 1268 2084 1316 est

511 1359 687 1405 motus
721 1351 840 1406 hic?
885 1350 1336 1420 Responderunt:
1376 1350 1684 1406 Arundines
1713 1359 1864 1406 sunt.
1899 1353 2086 1422 Itaque

509 1442 640 1495 dicit
672 1443 752 1499 eis
783 1459 983 1498 senex:
1037 1441 1248 1497 Revera
1283 1442 1327 1496 si
1371 1443 1496 1512 quis
1523 1441 1728 1498 sederit
1754 1444 1956 1512 quiete,
1987 1459 2087 1497 au-

509 1532 776 1600 dieritque
803 1547 992 1586 vocem
1031 1531 1279 1596 aviculae,
1317 1547 1425 1585 non
1451 1532 1674 1587 habebit
1715 1532 1811 1586 'cor
1850 1534 1968 1602 ejus
1997 1549 2086 1590 re-

507 1623 689 1691 quiem
717 1623 1002 1678 eamdem:
1038 1631 1244 1694 quanto
1275 1624 1448 1694 magis
1484 1639 1604 1691 vos,
1638 1624 1830 1679 harum
1862 1625 2086 1680 arundi-

511 1728 640 1765 num
673 1713 1020 1782 agitationem
1058 1713 1384 1768 sentientes.

580 1802 668 1859 26.
706 1803 816 1874 (81)
852 1803 1140 1858 Referebat
1163 1803 1336 1857 abbas
1364 1802 1571 1867 Daniel,
1595 1802 1859 1873 quosdam
1885 1802 2082 1858 fratres

512 1890 794 1944 Thebaida
819 1899 1038 1964 propter
1066 1890 1210 1943 filum
1230 1891 1431 1946 lincunt
1449 1899 1820 1960 perrecturus.
1841 1890 2078 1946 dixisse:

517 1983 625 2034 Per
660 1981 1005 2034 occasionem
1039 1980 1289 2035 abbatem
1318 1980 1607 2033 Arsenium
1635 1980 2084 2034 invisamus.lta-

511 2087 618 2141 que
642 2072 921 2140 ingressus
943 2070 1114 2124 abbas
1139 2070 1464 2132 Alexander,
1487 2069 1625 2123 dixit
1656 2071 1773 2124 seni
1800 2087 1813 2121 :
1861 2069 2082 2127 Fratres

511 2178 577 2217 ex
608 2162 934 2216 Alexandria
961 2162 1256 2223 venientes,
1276 2159 1461 2215 videre
1485 2169 1535 2214 te
1556 2160 1802 2230 cupiunt.
1835 2159 2086 2231 Respon-

512 2258 590 2308 dit
621 2271 821 2310 senex:
851 2253 1007 2310 Disce
1028 2271 1095 2310 ex
1123 2254 1192 2308 iis
1215 2269 1320 2324 qua
1345 2253 1412 2308 de
1434 2267 1601 2308 causa
1622 2253 1960 2307 advenerint.
1992 2252 2086 2308 Ille

513 2345 607 2400 ubi
643 2347 1018 2416 comperisset,
1047 2344 1102 2397 in
1127 2341 1457 2397 Thebaidem
1485 2341 1580 2395 lini
1624 2357 1753 2412 ergo
1784 2340 2082 2411 proficisci,

513 2434 632 2488 seni
686 2432 1034 2487 renuntiavit.
1087 2429 1224 2484 Tum
1271 2429 1388 2485 hic:
1445 2427 1604 2482 Certe
1637 2427 1831 2482 faciem
1869 2428 2084 2483 Arsenii

514 2540 622 2579 non
653 2524 1015 2598 conspicient,
1051 2522 1312 2592 quoniam
1341 2519 1445 2574 mei
1487 2518 1664 2590 gratia
1694 2534 1803 2573 non
1841 2533 2087 2574 accesse-

515 2624 666 2678 runt,
699 2616 792 2670 sed
843 2615 912 2670 ob
941 2629 1078 2684 opus
1107 2628 1286 2667 suum.
1342 2609 1570 2681 Suscipe
1596 2625 1690 2665 eos
1721 2625 1784 2664 ac
1815 2618 2088 2666 recreatos

515 2707 727 2761 dimitte
779 2705 831 2759 in
889 2719 1042 2775 pace,
1077 2703 1298 2757 dicens:
1369 2700 1547 2757 Senex
1592 2700 1750 2757 vobis
1801 2717 2091 2761 occurrere

517 2813 626 2854 non
657 2804 850 2867 potest.

584 2891 675 2945 27.
709 2890 821 2960 (82)
847 2890 1055 2959 Aliquis
1096 2887 1326 2944 fratrum
1358 2887 1492 2943 abiit
1523 2887 1591 2942 ad
1639 2887 1834 2945 cellam
1878 2887 2091 2943 abbatis

519 2985 730 3040 Arsenii
759 2984 812 3038 in
851 2984 1019 3045 Secti,
1070 2996 1133 3035 ac
1183 2995 1279 3050 per
1308 2980 1507 3035 ostium
1547 2979 1881 3045 attendebat,
1912 2978 2091 3034 videt-

518 3093 622 3147 que
646 3092 830 3132 senem
862 3077 1038 3130 instar
1067 3073 1208 3144 ignis
1239 3080 1410 3126 totum
1437 3089 1451 3137 ;
1484 3081 1600 3126 erat
1623 3078 1804 3126 autem
1841 3071 1888 3126 is
1921 3069 2090 3128 frater

517 3169 715 3235 d’gnus
754 3168 848 3235 qui
903 3167 1268 3234 conspiceret.
1308 3161 1485 3233 thue
1532 3162 1788 3232 pulsavit,
1835 3177 2089 3231 egressus

521 3267 605 3312 cst
636 3274 823 3323 senex,
846 3265 898 3311 et
928 3256 1278 3320 conspicatus
1298 3253 1518 3310 fratrem
1549 3255 1696 3309 velut
1717 3261 1941 3324 stupore
1964 3269 2090 3308 cor-

522 3356 755 3418 reptum,
804 3347 942 3401 dixit
975 3347 1058 3402 ei.-
1131 3347 1168 3400 A
1205 3347 1448 3400 multone
1477 3354 1720 3416 tempore
1761 3345 1906 3400 fores
1966 3346 2089 3416 pui-

522 3439 652 3494 sas?
680 3437 818 3492 Num
849 3437 1050 3508 aliquid
1094 3437 1183 3492 hic
1206 3453 1266 3492 es
1303 3438 1574 3492 intuitus?
1620 3435 1952 3508 Respondit:
1989 3436 2093 3493 Ne-

522 3541 816 3598 quaquam.
848 3526 985 3580 Tum
1025 3528 1352 3588 collocutus.
1387 3527 1595 3582 dimisit
1617 3543 1763 3582 eum.

589 3637 682 3693 28.
723 3636 836 3709 (85)
878 3636 1124 3702 Quodam
1163 3644 1408 3707 tempore
1448 3635 1576 3691 dum
1619 3634 1886 3692 resideret
1925 3635 2093 3691 abbas

522 3730 787 3787 Arsenius
820 3729 874 3785 in
904 3728 1147 3800 Canopo,
1180 3728 1442 3784 senatorii
1487 3727 1703 3797 generis
1732 3727 1905 3797 virgo,
1944 3727 2095 3783 dives

525 3822 836 3885 admodum,
881 3833 944 3874 ac
976 3819 1142 3872 Deum
1177 3818 1398 3880 timens,
1441 3815 1590 3870 venit
1637 3830 1668 3868 a
1702 3813 1894 3880 Roma,
1921 3825 1978 3870 ut
2010 3815 2095 3868 vi-

525 3915 677 3970 deret
707 3928 870 3980 cum;
918 3918 1282 3980 susceptaque
1319 3912 1404 3962 est
1438 3921 1469 3960 a
1499 3904 1801 3978 TheOphilo
1827 3905 2098 3978 archiepi-

526 4021 728 4075 scopo;
753 4019 912 4075 quem
945 4001 1180 4072 rogavit,
1199 4008 1259 4055 ut
1291 3999 1408 4056 seni
1442 3997 1792 4069 persuaderet
1815 3997 2099 4054 admittere

529 4097 697 4148 illam.
724 4095 789 4148 Et
817 4095 1063 4158 veniens,
1090 4093 1340 4147 hortatus
1360 4100 1444 4148 est
1472 4106 1594 4146 eum
1615 4090 1700 4145 his
1729 4089 1911 4147 verbis
1936 4108 1949 4146 :
1982 4089 2097 4154 Illa,

533 4185 830 4248 senatoria,
879 4200 908 4237 e
946 4185 1118 4238 Roma
1161 4185 1405 4246 advenit.
1442 4185 1671 4255 vultque
1699 4183 1885 4238 videre
1921 4191 1992 4239 te.
2031 4186 2100 4237 At

530 4288 693 4327 senex
732 4288 838 4324 non
872 4273 1146 4341 acquievit
1177 4281 1236 4326 ut
1275 4275 1492 4330 mulieri
1525 4274 1742 4330 obviam
1788 4274 1907 4330 iret.
1964 4273 2101 4330 Cum

2175 451 2266 504 λία
2293 470 2410 517 σου,
2443 453 2599 506 ἐλθέ·
2657 453 2752 506 καὶ
2777 450 2960 522 τηρῶν
2991 449 3081 501 τὸν
3111 448 3267 516 λόγον
3303 464 3418 507 σου,
3448 447 3548 500 οὐκ
3577 442 3778 518 ἦλθον,

2175 543 2256 595 ὅτι
2307 544 2431 613 ἄρτι
2487 545 2801 614 ἐπλήρωσα.
2863 543 2972 596 Καὶ
3018 539 3326 609 ἐθαύμασεν
3363 541 3392 593 6
3433 537 3617 610 γέρων
3677 539 3782 609 τὴν

2177 633 2462 703 ἀκρίϐειαν
2489 635 2676 697 αὐτοῦ,
2719 633 2816 690 καὶ
2853 633 3004 699 λέγει
3034 629 3184 700 αὐτῷ
3207 646 3220 661 ·
3261 630 3567 700 Ταχύτερον
3595 631 3782 683 κατὰ·

2177 721 2270 775 λυε
2293 723 2426 792 (84),
2479 723 2565 776 ἵνα
2589 725 2684 776 καὶ
2711 725 2808 795 τὴν
2853 721 3070 788 σύναξίν
3121 737 3211 772 σου
3243 719 3410 789 βάλῃς
3439 720 3505 782 ⁸⁸,
3543 720 3647 772 καὶ
3681 719 3783 772 τοῦ

2181 810 2374 874 ὕδατός
2421 829 2516 865 σου
2548 812 2860 882 μεταλάὸῃς
2882 829 2896 842 ο
2939 811 2988 864 εἰ
3032 809 3089 863 δὲ
3118 809 3283 880 μήγε,
3317 808 3522 879 ταχέως
3549 808 3672 878 ἔχει
3720 809 3784 862 τὸ

2182 902 2345 973 σῶμά
2377 919 2470 955 σου
2499 902 2817 973 ἀσθενῆσαι.

2254 1086 2350 1133 κε’.
2393 1077 2675 1150 Παρέὸαλέ
2733 1094 2862 1131 ποτε
2892 1079 2920 1130 6
2953 1075 3125 1139 666i;
3164 1074 3437 1146 Ἀρσένιος
3471 1077 3549 1138 εἰς
3575 1076 3785 1141 τόπον,

2183 1172 2278 1223 καὶ
2297 1165 2438 1240 ἦσαν
2465 1172 2583 1224 ἐκεῖ
2616 1169 2870 1240 κάλαμοι,
2903 1169 2999 1222 καὶ
3027 1167 3355 1238 ἐκινήθησαν
3389 1168 3492 1221 ὑπὸ
3517 1169 3611 1220 τοῦ
3651 1169 3782 1222 6V6-

2185 1277 2309 1330 μου.
2372 1260 2483 1314 Καὶ
2523 1260 2669 1329 λέγει
2701 1263 2728 1314 6
2759 1260 2934 1330 γέρων
2981 1262 3094 1321 τοῖς
3141 1257 3420 1327 ἀδελφοῖςο
3463 1259 3527 1310 Ti
3565 1259 3729 1313 ἐστιν
3755 1260 3786 1310 6

2185 1349 2404 1420 σεισμὸς
2450 1344 2639 1414 οὗτος
2691 1353 2802 1404 Καὶ
2841 1351 3092 1419 λέγουσι·
3128 1349 3376 1419 Κάλαμοί
3424 1350 3550 1402 είσι.
3601 1350 3786 1417 Λέγει

2185 1435 2278 1493 οὖν
2313 1441 2496 1503 αὐτοῖς
2521 1443 2549 1494 6
2592 1441 2769 1512 γέρων
2788 1459 2802 1472 ο
2856 1440 3020 1494 Φύσει
3049 1441 3144 1493 ἐὰν
3175 1439 3408 1509 κάθηταί
3433 1456 3520 1502 τις
3543 1440 3600 1493 ἐν
3637 1442 3784 1509 ἡσυο

2184 1530 2296 1602 χίᾳ,
2331 1529 2557 1585 ἀκούσει
2584 1531 2642 1584 δὲ
2673 1532 2857 1602 φωνὴν
2898 1531 3201 1604 στρουθίου,
3235 1531 3333 1583 οὐκ
3365 1529 3477 1599 ἔχει
3506 1532 3540 1600 ἡ
3569 1530 3786 1602 καρδία

2183 1623 2284 1692 τὴν
2315 1623 2484 1693 αὐτὴν
2510 1622 2741 1694 ἡσυχίαν
2761 1639 2776 1654 ⁸
2807 1624 2959 1694 πόσῳ
3014 1623 3211 1694 μᾶλλον
3249 1622 3406 1691 ὑμεῖς
3441 1619 3658 1690 ἔχοντες
3683 1623 3786 1674 τὸν

2114 1695 2160 1746 Β
2187 1715 2410 1786 σεισμὸν
2437 1714 2547 1768 τῶν
2571 1716 2834 1787 καλάμων
2855 1715 3086 1769 τούτων.

2257 1815 2369 1873 κς¹.
2396 1807 2624 1878 Ἔλεγεν
2651 1811 2680 1862 6
2699 1809 2875 1872 6666;
2900 1807 3120 1879 Δανιὴλ,
3142 1808 3223 1862 ὃτι
3244 1807 3386 1871 τινὲς
3405 1805 3620 1874 ἀδελφοὶ
3640 1806 3789 1876 μέλ-

2184 1895 2367 1957 λοντες
2405 1897 2634 1965 ὑπάγειν
2659 1898 2740 1960 είς
2760 1896 2997 1967 Θηϐαΐδα
3029 1895 3117 1948 διά
3147 1895 3383 1966 λινάρια,
3408 1895 3625 1963 λέγουσι
3647 1911 3661 1922 ·
3695 1893 3787 1945 Δι’

2185 1987 2440 2057 ἀφορμῆς
2475 1987 2672 2056 ἴδωμεν
2705 1987 2798 2040 καὶ
2839 1987 2951 2039 τὸν.
2973 1985 3146 2039 ἀὸὁᾶν
3182 1986 3479 2057 Ἀρσένιον.
3516 1985 3625 2038 Καὶ
3655 1986 3789 2037 εἰσ-

2183 2077 2346 2148 ἦλθεν
2381 2078 2410 2129 6
2457 2077 2633 2140 ἀϐϐᾶς
2689 2076 3052 2146 Ἀλέξανδρος,
3097 2076 3190 2129 καὶ
3236 2072 3356 2129 εἷπε
3402 2076 3478 2146 τῷ
3507 2077 3738 2146 γέροντι
3769 2092 3787 2105 ·

2199 2167 2439 2237 ’Λδελφοὶ
2465 2167 2708 2230 ἐλθόντες
2734 2169 2842 2222 ἀπὸ
2867 2167 3273 2239 Ἀλεξανδρείας
3295 2167 3507 2220 θέλουσί
3530 2185 3590 2220 σε
3616 2167 3789 2220 ίδεῖν.

2185 2259 2345 2327 Λέγει
2369 2259 2398 2311 6
2423 2259 2601 2332 γέρων
2619 2274 2631 2288 °
2659 2258 2812 2311 Μάθε
2843 2258 2972 2329 παρ’
2999 2257 3178 2311 αὐτῶν
3201 2258 3266 2311 δι’
3293 2258 3361 2328 ἣν
3379 2257 3558 2310 αἰτίαν
3589 2274 3795 2329 παρα-

2187 2349 2464 2419 γεγόνασι.
2519 2350 2631 2404 Καὶ
2667 2348 2852 2420 μαθὼν
2894 2350 2976 2402 ὅτι
3018 2349 3097 2412 εἰς
3151 2347 3388 2419 Θηόαἳδα
3425 2347 3512 2400 διὰ
3547 2347 3794 2419 λινάρια.

2188 2439 2503 2507 ὑπάγουσιν,
2529 2437 2827 2509 ἀπήγγειλε
2852 2438 2933 2509 τῷ
2962 2438 3198 2510 γέροντι.
3234 2438 3395 2507 Λέγει
3427 2438 3522 2491 καὶ
3553 2438 3726 2502 αύτός
3757 2456 3778 2470 ο

2187 2529 2352 2583 Φύσει
2379 2529 2441 2584 οὐ
2473 2528 2727 2599 βλέπουσι
2748 2529 2808 2582 τὸ
2833 2529 3121 2600 πρόσωπον
3148 2529 3446 2598 Ἀρσενίου,
3463 2530 3546 2582 ὅτι
3576 2528 3642 2581 δι’
3660 2530 3784 2599 ἐμὲ

2189 2622 2290 2677 οὐκ
2313 2616 2496 2690 ἦλθον,
2529 2619 2664 2673 ἀλλά
2691 2618 2780 2672 διὰ
2800 2619 2861 2673 τδ
2891 2618 3048 2690 ἔργον
3071 2619 3270 2673 αὐτῶν.
3301 2620 3636 2673 Ἀνάπαυσον
3661 2620 3783 2672 αὕη

2189 2710 2335 2773 τοὺς.
2357 2709 2450 2763 καὶ
2469 2708 2737 2764 ἀπόλυσον
2765 2709 2821 2761 ἐν
2849 2710 3061 2780 εἰρήνῃ,
3089 2706 3257 2762 εἰπὼν
3278 2708 3482 2772 αὐτοῖς,
3504 2708 3584 2760 ὅτι
3605 2709 3662 2763 '0
3673 2707 3780 2776 γέ-

2193 2815 2302 2876 ρων
2331 2799 2391 2855 ού
2415 2797 2639 2853 δύναται
2665 2797 2998 2867 ἀπαντῆσαι.

2260 2890 2362 2954 κζ’.
2401 2891 2652 2959 ’Λδελφός
2677 2908 2762 2954 τις
2791 2889 3035 2960 ἀπῆλθεν
3060 2889 3140 2952 εἰς
3168 2889 3228 2943 τὸ
3270 2889 3477 2942 κελλίον
3508 2888 3600 2942 τοῦ
3628 2887 3781 2942 ά66ᾶ

2204 2982 2478 3054 Ἀρσενίου
2504 2983 2564 3036 ἐν
2602 2983 2818 3053 Σκήτει,
2848 2983 2942 3036 καὶ
2979 2982 3255 3056 προσέσχε
3293 2979 3382 3034 διὰ
3410 2981 3507 3049 τῆς
3537 2979 3775 3050 θυρίδος,

2197 3075 2288 3128 καὶ
2319 3073 2512 3145 θεωρεῖ
2541 3073 2631 3127 τὸν
2667 3073 2900 3145 γέροντα
2931 3074 3052 3127 ὅλον
3080 3073 3156 3136 ὡς
3184 3071 3295 3142 πῦρ
3314 3087 3328 3101 ο
3369 3067 3438 3140 ἦν
3474 3071 3529 3122 δὲ
3569 3069 3716 3134 ἄξιος
3747 3072 3781 3123 6

2195 3166 2420 3235 ἀδελφὸς
2445 3165 2538 3218 τοῦ
2567 3165 2713 3220 ἰδεῖν.
2742 3165 2853 3218 Ka‘t
2871 3164 2946 3228 ὡς
2970 3164 3250 3236 ἔκρουσεν,
3281 3160 3501 3232 ἐξῆλθεν
3525 3162 3553 3213 6
3570 3160 3776 3230 γέρων,

2197 3259 2288 3312 καὶ
2314 3260 2508 3330 Θεωρεί
2540 3256 2631 3310 τὸν
2664 3257 2889 3328 ἀδελφὸν
2916 3256 2990 3322 ὼς
3021 3256 3315 3326 ἔκθαμϐον.
3346 3255 3456 3309 Kal
3488 3252 3635 3320 λέγει
3671 3251 3776 3304 a6-

2196 3347 2275 3418 τῷ
2297 3363 2311 3375 ·
2339 3349 2524 3420 Ἔχεις
2561 3346 2759 3418 πολλὴν
2788 3345 2938 3417 ὥραν
2967 3345 3177 3418 κρούων
3203 3361 3217 3410 ;
3273 3345 3346 3415 μή
3380 3345 3432 3397 τί
3471 3359 3601 3395 ποτε
3635 3338 3779 3402 εἶδες

2198 3431 2335 3503 ὧδε;
2389 3439 2502 3492 Καὶ
2542 3433 2663 3491 εἷπε
2688 3454 2705 3470 ·
2755 3436 2910 3507 Ούχί.
2967 3438 3079 3491 Καὶ
3121 3435 3360 3506 λαλήσας
3380 3434 3422 3465 ³³
3468 3432 3629 3488 αὐτὸν
3670 3433 3778 3484 ἁπ-

2202 3529 2292 3582 έλυ
2300 3546 2412 3584 σεν.

2270 3649 2374 3713 κη’.
2416 3642 2738 3714 Καθημένου
2783 3658 2884 3695 ποτ
2922 3629 2924 3633 ’
2954 3639 3047 3694 τοῦ
3077 3639 3223 3694 ἀϐὁᾶ
3264 3635 3545 3709 Ἃρσενιου
3580 3635 3661 3700 είς
3683 3635 3778 3691 τὸν

2199 3732 2488 3799 Κάνωπον,
2527 3728 2657 3804 ἦλθε
2701 3733 2799 3803 μία
2851 3730 3188 3802 συγκλητικὴ
3237 3728 3503 3799 παρθένος
3547 3726 3779 3779 πλουσία

2205 3823 2405 3893 σφόδρα
2442 3824 2536 3876 καὶ
2578 3822 2885 3893 φοϐουμένη
2923 3821 3014 3875 τὸν
3047 3820 3202 3884 Θεὸν,
3253 3819 3360 3872 ἀπὸ
3399 3817 3615 3888 Ῥώμης
3652 3817 3780 3869 ἰδεῖν

2203 3913 2363 3967 αὐτόν
2383 3929 2397 3943 ·
2433 3914 2527 3966 καὶ
2560 3913 2853 3979 ὑπεδέξατο
2885 3912 3054 3983 αὐτὴν
3087 3909 3340 3979 Θεόφιλος
3368 3910 3396 3961 6
3423 3907 3777 3980 ἀρχιεπίσκο-

2205 4021 2333 4068 ποςο
2371 4005 2464 4057 καὶ
2493 4003 2865 4075 παρεκάλεσεν
2899 4003 3082 4069 αὐτὸν,
3127 4004 3212 4055 ἵνα
3244 4000 3409 4072 πείσῃ
3432 3999 3524 4051 τὸν
3548 3998 3780 4068 γέροντα

2204 4093 2456 4165 δέξασθαι
2485 4095 2673 4164 αὐτήν.
2719 4093 2829 4148 Kal.
2869 4093 3037 4146 ἐλθὼν
3074 4093 3209 4163 πρὸς
3237 4091 3396 4146 αὐτὸν
3437 4090 3781 4161 παρεκάλεσε

2205 4184 2405 4254 λέγων⁹
2436 4185 2500 4238 Ἠ
2515 4185 2708 4256 δεῖναή
2736 4184 3071 4255 συγκλητικὴ
3092 4180 3253 4255 ἦλθεν
3279 4183 3386 4238 ἀπὸ
3412 4181 3650 4252 Ῥώμης,
3686 4180 3782 4234 καὶ

2209 4275 2350 4329 θέλει
2383 4293 2443 4329 σε
2469 4276 2614 4329 ἰδεῖν.
2651 4274 2713 4331 '0
2745 4275 2799 4328 δὲ
2824 4275 3001 4348 γέρων
3029 4275 3092 4330 ού
3119 4274 3442 4341 κατεδέξατο
3469 4271 3782 4340 ἀπαντῆσαι

528 4376 660 4431 ergo
702 4360 896 4432 virgini
928 4362 1298 4416 renuntiatum
1334 4363 1547 4430 fuisset,
1593 4367 1760 4436 jussit
1801 4367 1973 4423 sterni
2013 4369 2090 4438 ju-

2204 4367 2362 4437 αὐτῇ.
2409 4365 2496 4429 Ὦς
2524 4361 2615 4418 οὖν
2649 4363 2919 4434 ἀνηγγέλη
2963 4364 3100 4434 αύτῇ
3141 4363 3333 4427 ταῦτα,
3369 4361 3579 4414 κελεύει
3605 4376 3784 4431 στρω-

528 4461 736 4515 menta,
772 4451 916 4522 apud
942 4467 1001 4508 se
1028 4452 1248 4508 dicens:
1286 4454 1513 4510 Conﬁdo
1543 4456 1674 4523 Deo,
1704 4459 1851 4528 quod
1873 4475 2105 4530 conspe-

529 4553 686 4599 ctura
712 4547 814 4599 sim
847 4542 1174 4608 Arsenium;
1210 4558 1316 4598 non
1343 4545 1489 4599 enim
1516 4546 1582 4600 ad
1614 4549 1886 4603 hominem
1914 4550 2104 4605 viden-

529 4637 658 4691 dum
695 4651 814 4692 sum
843 4633 1122 4705 profecta;
1165 4634 1366 4704 quippe
1396 4651 1520 4690 cum
1557 4638 1806 4707 plurimis
1846 4641 1977 4694 viris
2018 4656 2106 4695 re-

521 4717 670 4783 ferta
694 4726 767 4783 sit
783 4734 970 4782 nostra
996 4727 1221 4795 civitas;
1242 4727 1338 4782 sed
1357 4727 1424 4780 ad
1445 4727 1763 4782 intuendum
1785 4731 2105 4799 prophetam

531 4819 636 4874 iter
689 4818 930 4888 suscepi.
990 4816 1170 4888 thue
1225 4819 1468 4887 pervenit
1508 4819 1654 4874 circa
1688 4820 1882 4874 cellam
1937 4822 2105 4888 senis,

533 4909 881 4963 commodum
910 4909 990 4965 sic
1015 4909 1123 4963 Deo
1158 4909 1482 4979 disponente
1519 4925 1684 4964 senex
1726 4918 1879 4966 extra
1917 4911 2108 4966 cellam

532 5000 763 5055 vacabat
789 5017 802 5052 :
831 5016 989 5071 quem
1016 4999 1106 5053 illa
1129 5009 1416 5064 contuens,
1444 4999 1676 5070 procidit
1700 5001 1765 5054 ad
1788 4999 1949 5069 pedes
1971 5000 2112 5071 ejus.

2201 4457 2359 4527 θῆναι
2385 4457 2580 4528 κτήνη,
2606 4455 2871 4523 λέγουσαο
2916 4453 3164 4506 Πιστεύω
3187 4452 3266 4522 τῷ
3297 4451 3415 4522 Θεῷ
3451 4451 3574 4504 ἰδεῖν
3600 4449 3779 4504 αὐτόν.

2199 4549 2273 4602 Ού
2305 4547 2410 4621 γὰρ
2453 4547 2735 4618 ἄνθρωπον
2780 4541 2946 4616 ἦλθον
2981 4545 3142 4597 ἰδεῖν·
3198 4543 3308 4595 εἰσὶ
3359 4543 3468 4614 γὰρ
3500 4541 3596 4595 καὶ
3627 4543 3684 4592 ὲν
3713 4542 3782 4612 τῇ

2203 4639 2357 4694 πόλει
2381 4640 2536 4710 ἡμῶν
2575 4637 2761 4691 πολλοὶ
2789 4635 3062 4707 ἄνθρωποι
3082 4651 3096 4666 ·
3140 4634 3277 4691 άλλά
3305 4636 3590 4706 προφήτην
3618 4629 3785 4705 ἦλθον

2205 4730 2356 4788 ἰδεῖν.
2383 4730 2494 4783 Καὶ
2522 4729 2598 4791 ὡς
2626 4728 2826 4798 ἔφθασε
2861 4727 2990 4797 περὶ
3025 4726 3124 4796 τὴν
3159 4725 3354 4780 κέλλαν
3379 4725 3474 4779 τοῦ
3509 4725 3783 4794 γέροντος,

2203 4820 2325 4874 κατ’
2376 4820 2685 4889 οἰκονομίαν
2724 4817 2859 4871 Θεοῦ
2909 4816 3235 4888 εύκαίρησεν
3275 4818 3303 4869 6
3337 4815 3513 4888 γέρων
3543 4814 3647 4880 ἔξω
3683 4814 3785 4884 τῆς

2206 4910 2402 4981 κέλλης
2424 4926 2439 4942 ’
2489 4911 2583 4962 καὶ
2614 4907 2794 4961 ἰδοῦσα
2819 4907 2980 4960 αὑτὸν
3011 4907 3316 4978 προσέπεσε
3361 4908 3471 4970 τοῖς
3498 4906 3655 4958 ποσὶν
3684 4903 3786 4958 αὑ-

2207 5001 2324 5054 τοῦ.
2369 5001 2426 5054 Ὀ
2449 5001 2506 5054 δὲ
2528 5001 2745 5072 ἤγειρεν
2776 4999 2944 5069 αὐτὴν
2970 5001 3086 5069 μετ’
3115 4999 3286 5070 ὀργῆς
3309 4998 3417 5068 (85)
3437 5015 3452 5028 '
3491 4998 3586 5051 καὶ
3616 5013 3788 5067 προσ-

537 5084 589 5141 Is
618 5103 747 5144 vero
774 5091 952 5147 erexit
985 5089 1132 5145 illam
1165 5104 1290 5145 cum
1325 5089 1436 5157 ira;
1480 5089 1879 5160 intendensque
1910 5094 1965 5144 in
1993 5107 2090 5146 ean

2211 5092 2368 5162 ἐσχεν
2399 5093 2536 5164 αὐτῇ
2575 5092 2782 5160 λέγων·
2815 5092 2877 5145 Εἰ
2899 5091 2959 5145 τὸ
2987 5091 3276 5164 πρόσωπόν
3307 5107 3408 5162 μου
3433 5089 3605 5152 θέλεις
3632 5088 3784 5153 ἰδεῖν,

613 5256 660 5289 ’³
686 5258 775 5312 Al.
814 5262 1048 5336 ἀπόσχῃ.
1126 5264 1171 5296 ³⁸
1202 5263 1288 5319 ΑΞ.
1324 5265 1482 5336 ποιῇς
1502 5263 1806 5334 ἀταράχως.
1869 5263 1910 5296 ³⁸
1946 5263 2031 5318 Αι.
2053 5264 2156 5321 ins.
2183 5265 2352 5337 αὐτῷ.

607 5410 724 5479 (8οὶ
772 5410 876 5466 Vit.
917 5415 1062 5472 Patr.
1102 5435 1161 5481 ιι,
1187 5419 1236 5473 5.

774 5482 878 5558 KH.
918 5483 1065 5558 ξων.
1097 5504 1177 5545 III.
1213 5487 1350 5553 £92;
1390 5506 1487 5558 vn,
1526 5506 1713 5558 XXXIV,
1754 5491 1820 5548 2.

611 5550 726 5688 ξὸὲ)
776 5551 878 5603 Vit.
918 5551 1068 5605 Patr.
1107 5571 1259 5619 ιιι-ιιι,
1299 5561 1343 5611 l.

637 5621 728 5688 85)
780 5620 881 5676 Vit.
915 5620 1068 5676 Patr.
1107 5639 1184 5688 tu,
1215 5627 1315 5688 65;

637 5621 728 5690 8⁸5)
780 5620 881 5676 γη.
915 5620 1068 5676 Patr.
1107 5639 1184 5688 ιιι,
1215 5627 1315 5690 65;
1354 5644 1410 5695 ιι,
1447 5628 1493 5682 7.

2290 5419 2342 5488 (8
2356 5419 2401 5492 ᾗ)
2439 5419 2741 5492 Κατάλυε.
2756 5421 3028 5492 lnterpres
3044 5429 3219 5485 vetus,
3239 5420 3536 5490 disjuugerr
3549 5419 3616 5472 al-
3633 5435 3788 5488 opere

2219 5500 2328 5542 tuo.
2356 5488 2572 5550 Inscite.
2603 5505 2666 5544 ac
2700 5491 2876 5547 alieno
2905 5488 3066 5560 plane
3108 5506 3292 5560 sensu.

2291 5560 2402 5626 (83$)
2441 5560 2579 5612 Μετ’
2613 5559 2814 5628 ὀργῆς.
2859 5555 2990 5615 eam
3028 5559 3406 5628 indignatione,
3430 5559 3592 5611 vertit
3626 5555 3782 5612 Pela-

2219 5629 2340 5700 gius
2375 5646 2386 5682 :
2429 5645 2542 5682 cum
2573 5629 2930 5701 festinatione,
2963 5628 3221 5696 Rufinus,
3253 5629 3370 5699 μεθ’
3407 5628 3600 5698 ὁρμῆς.
