4054 6206
243 328 338 388 97‘

1411 322 2020 384 APOPllTllEGMATA
2062 325 2368 383 PATRUM.
3453 332 3522 383 08

248 441 359 498 ἰδοὺ
404 439 594 510 βλέπε.
641 437 708 492 ἰι
765 433 823 490 δὲ
866 435 977 490 ἀπὸ
1029 436 1291 508 αἰσχύνης
1337 438 1398 490 οὗ
1452 440 1744 510 κατενόησε
1779 442 1832 493 τῇ

1943 441 2120 495 dixit:
2178 439 2236 495 Si
2284 440 2475 496 faciem
2525 455 2700 496 meam
2753 442 2911 513 copis
2959 443 3226 513 aspicere,
3272 462 3342 503 en
3373 449 3520 506 vide.

247 529 544 600 πρόσωπον
563 526 754 581 αὑτοῦ.
779 526 890 579 Καὶ
913 525 1062 595 λέγει
1095 526 1234 596 αὐτῇ
1256 528 1285 579 6
1303 526 1481 598 γέρων
1499 543 1512 557 ο
1545 528 1656 581 Οὐκ
1678 530 1838 598 ἧκον.

251 639 351 684 σας
370 621 440 674 τὰ
466 619 605 691 ἔργα
631 635 766 688 μους
798 616 973 671 ταῦτα
995 617 1214 688 βλέπειν
1239 617 1534 685 ἀναγκαῖόν
1561 621 1695 672 ἐστι,
1716 619 1839 680 Πῶς

250 713 306 767 δὲ
335 712 643 782 ἐτόλμησας
673 709 930 763 τοσοῦτον
969 709 1197 777 ποιῆσαι
1227 708 1429 774 πλοῦν;
1461 710 1559 762 οὐκ
1589 706 1734 772 οἶδας
1756 711 1837 763 ὃτι

251 806 384 875 γυνὴ
430 799 479 856 εἷ
507 820 523 868 ;
573 803 674 855 οὐκ
701 800 935 870 ὀφείλεις
974 800 1291 871 ὲξέρχεσθαί
1325 801 1426 853 πού
1455 817 1618 865 ποτε;
1650 802 1719 853 Ἦ
1751 801 1839 856 ἶνα

253 896 490 969 ἀπέλθῃς
520 896 602 958 εἰς
627 893 871 963 Ῥώμην,
903 891 999 944 καὶ
1013 893 1176 960 εἴπῃς
1211 895 1333 954 ταῖς
1357 891 1548 956 ἄλλαις
1571 892 1834 960 γυναιξὶν,

254 989 332 1042 ὅτι
370 986 628 1057 Ἑώρακα
672 983 965 1053 Ἀρσένιον,
1010 983 1105 1035 καὶ
1141 983 1405 1053 ποιήσωσι
1437 983 1534 1054 τὴν
1563 983 1835 1036 θάλασσαν

251 1077 363 1130 ὁδὸν
395 1074 675 1143 γυναικῶν
705 1072 1018 1144 ἐρχομένων
1039 1073 1175 1142 πρὸς
1207 1073 1308 1143 μές
1339 1073 1400 1127 Ἥ
1419 1074 1474 1126 δὲ
1499 1069 1675 1126 εἶπεν·
1711 1075 1834 1128 Ἐὰν

235 1150 379 1239 θέλῃ
405 1167 434 1218 6
467 1165 690 1237 Κύριος,
719 1165 820 1218 οὒκ
859 1164 982 1231 ἀφῶ
1013 1180 1135 1216 τινα
1177 1164 1348 1216 ἐλθεῖν
1384 1158 1518 1218 ὧδε·
1577 1164 1692 1217 ἀλλ’
1747 1164 1835 1216 εὗ-

250 1276 343 1328 χου
390 1259 535 1328 ὑπὲρ
579 1256 736 1327 ἐμοῦ,
773 1256 866 1308 καὶ
904 1255 1207 1325 μνημόνευέ
1263 1272 1363 1325 μου
1406 1256 1714 1318 διαπαντός.
1771 1257 1832 1308 '0

247 1349 305 1401 δὲ
340 1348 658 1419 ἀποκριθεὶς
685 1343 836 1400 εἶπεν
869 1346 1005 1415 αὐτῇ
1031 1364 1045 1378 ·
1082 1345 1323 1415 Εῠχομαι
1351 1347 1427 1415 τῷ
1465 1345 1606 1416 Θεῷ,
1637 1347 1722 1399 ἵνα
1747 1345 1832 1411 ἐξ-

251 1439 446 1512 αλείψῃ
471 1440 531 1492 τὸ
561 1438 901 1508 μνημόσυνόν
931 1452 1022 1488 σου
1055 1438 1118 1488 ὲκ
1161 1437 1263 1505 τῆς
1291 1437 1517 1507 καρδίας
1559 1455 1680 1507 μου.
1724 1439 1832 1490 Καὶ

252 1529 422 1582 ταῦτα
443 1527 744 1591 ἀκούσασα,
781 1525 972 1595 ἐξῆλθε
995 1527 1396 1596 τεταραγμένη.
1437 1528 1545 1580 Καὶ
1571 1528 1644 1590 ὡς
1669 1523 1831 1598 ἦλθεν

254 1621 333 1682 είς
368 1619 464 1688 τὴν
490 1618 663 1681 πόλιν,
703 1617 812 1671 ἀπὸ
836 1617 934 1685 τῆς
966 1615 1138 1686 λύπης
1169 1615 1329 1669 ἐὸαλε
1360 1618 1650 1686 πυρέσσειν
1669 1633 1680 1645 ·
1738 1619 1832 1671 καὶ⁸

252 1709 528 1778 ἀνηγγέλη
575 1707 654 1777 τῷ
714 1706 971 1777 μακαρίῳ
1019 1705 1259 1775 Θεοφίλῳ
1303 1705 1381 1776 τῷ
1420 1707 1832 1777 ἀρχιεπισκόπῳ

1941 529 2033 583 llla
2067 546 2177 600 prae
2206 532 2530 586 verecundia
2562 533 2768 585 vultum
2807 533 2981 602 ipsius
3020 538 3386 606 contemplata
3413 555 3518 594 non

1935 628 2042 674 est.
2101 620 2237 674 Tum
2280 637 2478 676 senex:
2508 621 2701 676 Nonne
2729 623 2948 677 audiisti
2982 641 3148 692 opera
3185 629 3337 680 mea?
3388 628 3515 683 lla-c

1937 710 2288 764 considerare
2341 712 2604 780 oportuit.
2663 711 2947 777 Quomodo
3019 721 3197 767 autem
3267 731 3398 770 ausa
3459 735 3518 774 es

1937 808 2143 854 tantam
2169 803 2566 871 navigationem
2599 804 2903 858 coniicere?
2955 803 3148 858 Nonne
3178 807 3289 860 scis
3315 815 3368 860 te
3393 824 3518 863 esse

1937 889 2246 952 mulierem,
2288 906 2390 944 nec
2437 892 2633 945 debere
2677 909 2951 962 quoquam
2983 894 3173 948 exire?
3215 895 3293 948 Au
3330 905 3386 949 ut
3409 896 3519 951 Ro-

1935 994 2079 1030 mam
2118 995 2363 1046 reversa,
2391 981 2544 1036 dicas
2571 983 2781 1036 caeteris
2809 983 3156 1037 mulieribus:
3205 983 3319 1038 Vidi
3352 986 3514 1041 Arse-

1935 1068 2125 1134 nium;
2180 1072 2378 1141 ﬁatque
2423 1089 2571 1128 mare
2607 1074 2705 1127 iter
2735 1074 3022 1127 mulierum
3048 1073 3365 1129 adeuntium
3397 1077 3518 1132 me?

1934 1157 2003 1208 At
2055 1158 2145 1211 illa
2189 1162 2432 1230 excepit:
2484 1161 2540 1216 Si
2601 1161 2710 1216 Deo
2761 1163 3003 1229 libuerit,
3049 1180 3156 1218 non
3205 1167 3515 1235 permittam

1932 1264 2208 1319 quamque
2253 1251 2358 1307 huc
2392 1253 2684 1323 appellere.
2737 1253 2934 1308 Verum
2967 1269 3064 1308 ora
3104 1272 3203 1326 pro
3239 1273 3346 1321 me,
3381 1261 3516 1314 mei-

1933 1356 2040 1409 que
2080 1357 2294 1412 semper
2327 1355 2619 1400 meinento.
2669 1347 2973 1417 Respondit
3001 1351 3298 1405 Arsenius:
3343 1352 3512 1408 Deum

1935 1445 2150 1499 precor,
2203 1440 2262 1486 ut
2313 1436 2629 1489 memoriam
2687 1437 2764 1490 tui
2818 1438 2996 1491 deleat
3047 1439 3114 1493 de
3160 1442 3323 1496 corde
3369 1458 3508 1498 meo.

1935 1519 2147 1585 Quibus
2180 1523 2380 1579 auditis
2414 1526 2564 1595 virgo
2603 1527 2919 1596 perturbata
2955 1529 3233 1585 discessit.
3265 1532 3511 1602 Cumth

1932 1611 1997 1664 ad
2033 1613 2220 1667 urbem
2255 1615 2512 1681 venisset,
2549 1632 2658 1686 pra:
2691 1618 2909 1671 tristitia
2941 1618 2994 1672 in
3040 1619 3246 1675 febrem
3278 1622 3510 1691 incidit;

1934 1703 2333 1774 nuntiatusque
2383 1714 2466 1760 est
2521 1707 2678 1762 beato
2730 1707 3034 1776 TlteOpbilo
3099 1711 3512 1784 archiepiscopo

248 1799 330 1852 ὅτι
357 1799 597 1852 ἀσθενεῖ.
636 1799 745 1851 Ka‘t
778 1795 944 1849 ὲλθὼν
980 1797 1118 1867 πρὸς
1160 1797 1348 1864 αὐτὴν,
1392 1799 1686 1866 παρεκάλει
1717 1816 1822 1869 μα-

1934 1792 2148 1847 morbus
2181 1793 2320 1862 ejus.
2357 1794 2461 1860 Qui
2496 1794 2563 1848 ad
2614 1796 2761 1850 illum
2802 1797 3102 1866 profectus,
3137 1802 3390 1869 precibus
3423 1804 3509 1857 di-

251 1889 362 1942 θεῖν
391 1889 446 1942 τί
475 1891 625 1942 ἐστιν
651 1888 679 1940 ὃ
707 1889 838 1958 ἔχει.
878 1888 937 1941 Ἢ
957 1888 1009 1940 δὲ
1039 1884 1190 1941 εἶπεν
1213 1888 1389 1958 αὐτῷ·
1419 1889 1543 1942 Εἴθε
1565 1891 1639 1961 μὴ
1657 1891 1828 1961 ἀπήν-

247 1995 397 2049 τησα
423 1972 566 2030 ὧδε·
611 1975 759 2031 εἷπον
787 1977 891 2047 γὰρ
928 1977 1002 2047 τῷ
1040 1977 1287 2048 γέροντι·
1333 1980 1653 2049 Μνημόνευέ
1691 1997 1824 2051 μου’

248 2070 348 2123 καὶ
377 2065 503 2122 εἶπέ
525 2086 612 2139 μοι
628 2085 641 2098 ·
668 2068 904 2139 Εὕχομαι
925 2068 1002 2138 τῷ
1019 2068 1158 2138 Θεῷ,
1190 2070 1277 2123 ἵνα
1305 2071 1594 2142 ἐξαλειφθῇ
1614 2072 1673 2124 τὸ
1698 2090 1830 2143 μνη-

250 2157 493 2228 μόσυνόν
520 2174 610 2210 σου
642 2159 703 2209 ἐκ
723 2157 820 2227 τῆς
851 2157 1076 2228 καρδίας
1109 2174 1230 2225 μου.
1268 2159 1376 2210 Kal.
1407 2159 1514 2211 ἰδοὺ
1543 2159 1653 2226 ἐγὼ
1687 2161 1827 2212 ἀπο-

249 2250 480 2320 θνήσκω
503 2251 567 2302 ἐκ
591 2249 689 2318 τῆς
717 2248 914 2320 λύπης.
945 2250 1054 2301 Καὶ
1077 2249 1223 2317 λέγει
1254 2250 1386 2320 αὐτῇ
1420 2253 1447 2302 6
1478 2251 1826 2321 ἀρχιεπίσκο-

251 2357 350 2404 τος
371 2359 385 2372 ·
429 2341 544 2394 Οὐκ
563 2336 708 2402 οἶδας
740 2341 823 2393 ὅτι
862 2341 998 2411 γυνὴ
1031 2335 1102 2402 εἴ,
1131 2342 1224 2394 καὶ
1247 2340 1335 2392 διὰ
1363 2340 1470 2393 τῶν
1503 2342 1774 2408 γυναικῶν
1800 2343 1829 2393 ὁ

254 2432 445 2503 £10m;
471 2432 700 2501 πολεμεῖ
721 2433 848 2495 τοὺς
871 2431 1087 2500 ἁγίουςς
1110 2432 1198 2484 διὰ
1225 2431 1380 2484 τοῦτο
1400 2428 1551 2485 εἶπεν
1580 2436 1607 2486 6
1629 2433 1826 2504 γέρων·

252 2525 381 2595 περὶ
440 2523 548 2594 γὰρ
591 2523 692 2591 τῆς
732 2523 909 2593 ψυχῆς
956 2540 1049 2576 σου
1098 2522 1313 2593 εὔχεται
1355 2525 1662 2588 διαπαντός.
1722 2526 1830 2578 Καὶ

258 2615 432 2678 οὕτως
469 2614 810 2686 ἐθεραπεύθη
859 2617 887 2668 6
943 2616 1199 2687 λογισμὸς
1237 2616 1428 2686 αὐτῆς,
1479 2616 1573 2669 καὶ
1619 2617 1829 2687 ἀπῆλθε

259 2709 400 2774 μετὰ
434 2709 604 2781 χαρᾶς
637 2709 717 2770 εἰς
745 2708 814 2761 τὰ
853 2707 980 2762 ἴδια.

322 2884 432 2939 κθ’.
461 2887 763 2955 Διηγήσατο
790 2886 818 2938 6
848 2884 1020 2948 ἀ66ᾶς
1053 2884 1246 2955 Δανιὴλ
1269 2885 1396 2956 περὶ
1425 2885 1518 2938 τοῦ
1551 2882 1832 2954 ὰϐὀᾶἊρο

265 2977 469 3039 σενίου,
490 2977 571 3028 ὅτι
592 2971 724 3045 ἦλθέ
759 2991 886 3026 ποτε
914 2974 1320 3044 μαγιστριανὸς,
1353 2973 1532 3043 φέρων
1553 2972 1700 3042 αὐτῷ
1719 2972 1832 3025 δια-

257 3067 434 3138 θήκην
462 3067 606 3129 τινὸς
645 3065 1010 3137 συγκλητικοῦ
1047 3065 1339 3133 συγγενοῦς
1389 3064 1570 3126 αὑτοῦ,
1607 3064 1665 3127 ὃς
1699 3079 1831 3116 κατ-

258 3160 442 3213 έλιπεν
469 3157 618 3228 αὐτῷ
639 3156 1001 3227 κληρονομίαν
1030 3155 1228 3226 πολλὴν
1261 3155 1463 3224 σφόδρα
1483 3169 1497 3184 ο
1530 3154 1624 3207 καὶ
1651 3149 1830 3206 λαϐὼν

255 3251 451 3315 αὐτὴν,
483 3249 643 3319 ἧθελε
672 3249 874 3318 σχίσαι.
903 3249 1010 3300 Καὶ
1042 3247 1234 3300 ἔπεσεν
1256 3249 1283 3300 6
1312 3246 1698 3316 μαγιστριανὸς
1722 3244 1831 3315 (86)

254 3343 332 3404 εις
360 3342 490 3404 τοὺς
524 3339 689 3402 πόδας
723 3338 907 3401 αὑτοῦ,
953 3337 1124 3407 λέγων
1144 3353 1157 3368 °
1224 3338 1420 3408 Δέομαί
1456 3354 1568 3400 σου,
1607 3337 1680 3407 μὴ
1714 3336 1830 3406 σχί-

256 3449 356 3502 an;
395 3433 585 3500 αὐτὴν,
621 3433 740 3484 ἐπεὶ
785 3430 996 3501 αἴρεταί
1037 3447 1136 3500 μου
1181 3431 1214 3500 ὴ
1261 3429 1491 3500 κεφαλή.
1545 3429 1651 3481 Καὶ
1682 3428 1830 3495 λέγει

254 3521 408 3592 αὐτῷ
445 3525 474 3575 6
503 3521 672 3585 ἀϐὃᾶς
717 3522 1017 3591 Ἀρσένιος’
1073 3519 1213 3588 Ἐγὼ
1246 3520 1352 3590 πρὸ
1386 3519 1592 3572 ἐκείνου
1624 3518 1830 3571 ἀπέθα-

256 3629 343 3666 νον
363 3630 378 3642 ’
411 3613 572 3675 αὐτὸς
600 3614 654 3665 δὲ
677 3612 801 3683 ἄρτι
827 3611 1082 3665 ἀπέθανε.
1127 3611 1233 3663 Kal.
1271 3608 1612 3680 ἁντέπεμψεν
1639 3609 1829 3679 αὐτὴν,

261 3703 432 3773 μηδὲν
455 3702 757 3773 δεξάμενος.

323 3796 388 3848 λ’.
439 3795 657 3862 Ἔλεγον
690 3795 847 3849 πάλιν
889 3794 1016 3865 περὶ
1057 3793 1243 3856 αὑτοῦ,
1288 3795 1370 3846 ὅτι
1413 3794 1509 3863 ὀψὲ
1548 3793 1829 3847 σαϐϐάτων

258 3885 680 3956 tmpus-x0661};
712 3885 1018 3956 Κυριακῆς,
1061 3885 1188 3954 ἡφιε
1222 3884 1314 3937 τὸν
1347 3884 1497 3955 ἥλιον
1529 3883 1702 3936 ὀπίσω
1732 3883 1828 3936 αὑ-

257 3976 376 4040 τοῦ,
406 3978 501 4029 καί
529 3977 697 4030 ἔτεινε
731 3978 828 4039 τὰς
853 3979 1042 4048 χεῖρας
1067 3975 1234 4028 αὑτοῦ
1264 3977 1344 4038 είς
1371 3975 1460 4029 τὸν
1491 3975 1714 4046 οὐρανὸν
1737 3975 1829 4027 εὐ-

259 4068 509 4137 χόμενος,
538 4068 641 4129 ἓως
667 4065 828 4119 πάλιν
863 4063 1100 4134 ἔλαμψεν
1124 4066 1152 4117 6
1179 4063 1328 4134 ἥλιος
1357 4066 1436 4127 είς
1461 4064 1522 4117 τὸ
1543 4063 1829 4135 πρόσωπον

258 4157 427 4209 αὐτοῦ
451 4174 466 4186 ο
498 4159 594 4209 καὶ
626 4155 798 4219 οὕτως
819 4154 1108 4219 ἐκαθέζετο
1130 4155 1194 4206 ³’.

329 4248 434 4300 λα’.
464 4247 690 4315 Ἔλεγον
710 4247 838 4317 περὶ
859 4245 954 4298 τοῦ
982 4245 1127 4299 assa
1160 4244 1432 4313 Ἀρσενίου
1458 4243 1552 4296 καὶ
1572 4242 1664 4296 τοῦ
1688 4242 1830 4296 ἀδεᾶ

255 4338 535 4410 Θεοδώρου
557 4337 650 4390 τοῦ
672 4339 769 4408 τῆς
794 4337 1034 4408 Φέρμης,
1058 4337 1138 4389 ὅτι
1166 4335 1306 4406 ὑπὲρ
1333 4334 1540 4397 πάντας
1563 4333 1674 4402 (87)
1706 4331 1828 4403 ἑμί-

258 4446 387 4482 σουν
421 4429 523 4498 τὴν
566 4427 673 4480 τῶν
715 4427 1017 4497 ἀνθρώπων
1064 4425 1238 4490 δόξαν.
1295 4426 1351 4474 ὐ
1392 4424 1492 4493 μὲν
1527 4419 1618 4476 οὖν
1655 4423 1827 4486 ἁῦϐᾶς
1864 4463 1905 4516 D

270 4520 550 4590 ’Apaéwo;
573 4520 670 4588 οὐχ
698 4519 909 4588 ὑπήντα
931 4516 1138 4586 ταχέως
1155 4515 1278 4567 τινί·
1301 4516 1328 4567 6
1353 4513 1407 4566 δὲ
1430 4513 1600 4576 ἀ66ᾶς
1626 4513 1829 4566 Θεόδω·

259 4628 350 4682 ρος
387 4612 600 4679 ὑπήντα
639 4611 754 4679 μὲν,
786 4609 918 4662 ἀλλὰ
937 4609 1012 4670 ὡς
1043 4607 1281 4678 ῥομφαία
1307 4602 1395 4675 ἦν.

326 4703 432 4756 λον.
459 4699 834 4772 Καθεζομένου
858 4699 967 4769 (88)
997 4698 1124 4751 ποτὲ
1151 4696 1245 4749 τοῦ
1283 4695 1426 4748 ἁ66τῖ
1466 4695 1738 4766 Ἀρσενίου
1771 4694 1828 4747 ἐν

259 4793 372 4854 τοῖς
401 4791 553 4843 κάτω
575 4789 786 4860 μέρεσι,
811 4789 902 4842 καὶ
919 4786 1242 4858 ὀχλουμένου
1269 4786 1467 4852 ἐκεῖσε,
1492 4783 1667 4851 ἔδοξεν
1685 4783 1830 4854 αὐτῷ

310 4946 358 4977 ³⁸
379 4945 468 4999 Al.
495 4946 660 5000 inscr.
701 4943 902 4999 λοιπόν.

328 5099 448 5168 (86)
485 5097 940 5166 Μαγιστριανός.
982 5093 1367 5168 Magistrianus
1419 5091 1534 5148 sive
1579 5091 1834 5161 magiste-

258 5167 478 5244 rianus.
509 5168 800 5244 dignitasa
833 5167 1107 5244 veteribus
1141 5179 1284 5244 smpe
1314 5169 1632 5244 meme-rata,
1660 5172 1834 5244 et‘per

259 5231 596 5292 recentiores
656 5238 855 5291 multos
906 5237 1176 5304 exposita;
1222 5231 1574 5304 ideoquebic
1609 5236 1831 5304 praeter-

257 5307 553 5366 mittenda,
607 5307 711 5359 nisi
753 5299 1078 5358 monendum
1118 5304 1332 5365 fuisset,
1366 5299 1510 5354 male
1549 5299 1832 5368 epistolam

257 5377 320 5430 81
360 5379 461 5430 lib.
501 5391 554 5428 tv
582 5373 1079 5430 lsidoriPelusiota:
1130 5373 1348 5425 titulum
1405 5366 1625 5432 habere,
1660 5366 1833 5436 Νεμε-

260 5446 364 5516 σίῳ
409 5440 1306 5516 μαστριανῷρίίρτοᾲμαγιᾼστριανῴ.
1345 5439 1604 5516 Memorat
1655 5435 1833 5516 Tllet)-

260 5507 503 5580 doritus,
531 5507 806 5584 e'pist."l9',
846 5507 937 5566 τὸν
966 5507 1377 5578 καθωσιωμένον
1409 5507 1704 5579 Εὑφρόνιον
1737 5507 1830 5560 τὸν

262 5583 744 5655 στρατηλατιανόν.

338 5647 474 5723 "(87)"
504 5653 671 5721 Ὑπὲρ
704 5650 951 5716 πάντας.
982 5649 1250 5722 Pelagius,
1278 5647 1416 5725 ὑπὲρ
1441 5647 1646 5714 πάντα,
1677 5659 1831 5713 super

267 5739 468 5777 omina.

1934 1897 2086 1936 scere
2130 1885 2492 1940 contendebat
2549 1887 2808 1955 quidnam
2867 1897 3014 1944 esset
3059 1892 3203 1960 quod
3261 1893 3506 1950 haberet.

1932 1969 2231 2039 Respondit
2267 1975 2414 2045 ipsa:
2463 1975 2680 2030 Utinam
2716 1993 2800 2033 me
2850 1979 2957 2034 huc
2994 1996 3101 2035 non
3127 1985 3504 2040 contulissem!

1932 2059 2052 2115 Dixi
2084 2065 2282 2133 quippe
2309 2067 2459 2120 seni:
2499 2065 2702 2122 Memor
2738 2071 2840 2123 mei
2863 2079 3018 2137 esto;
3056 2088 3118 2126 ac
3150 2073 3246 2127 tuli
3283 2091 3510 2145 respon-

1931 2169 2087 2209 sum:
2132 2154 2298 2209 Deum
2344 2172 2557 2226 precor,
2599 2167 2656 2211 ut
2700 2162 2960 2214 memoria
2998 2163 3075 2215 tui
3113 2179 3144 2218 e
3188 2166 3352 2218 corde.
3387 2183 3508 2220 meo

1931 2243 2194 2299 deleatur.
2252 2245 2316 2299 Et
2347 2263 2471 2302 ecce
2513 2263 2624 2318 pra:
2679 2250 2897 2305 tristitia
2949 2267 3048 2323 ego
3087 2255 3310 2308 morior.
3353 2254 3507 2310 Tunc

1931 2333 2408 2403 archiepiscopus:
2447 2335 2554 2405 (89)
2587 2335 2797 2403 Nescis,
2832 2337 3030 2408 inquit,
3068 2348 3118 2394 te
3151 2355 3272 2396 esse
3306 2345 3500 2398 nnilie-

1933 2438 2068 2486 rem,
2087 2433 2414 2495 sanctosque
2439 2441 2534 2495 per
2551 2427 2809 2482 mulieres
2831 2429 2899 2483 ab
2918 2431 3140 2485 inimico
3164 2432 3508 2502 impugnari?

1933 2509 2234 2581 Eaproptcr
2268 2513 2342 2566 ita
2385 2515 2755 2582 pronuntiavit
2785 2532 2972 2572 senex.
3025 2518 3158 2574 Nam
3196 2537 3294 2590 pro
3323 2523 3505 2578 anima

1931 2609 2022 2655 tua
2054 2605 2232 2657 orabit
2287 2620 2522 2675 semper.
2560 2605 2736 2677 Atque
2775 2609 2920 2663 hunc
2957 2609 3012 2664 in
3062 2612 3283 2666 tnodum
3317 2624 3506 2668 curata

1931 2700 2014 2746 est
2052 2709 2204 2747 mens
2251 2695 2496 2764 feminae;
2549 2707 2602 2752 ct
2650 2714 2772 2752 cum
2805 2697 3002 2769 gaudio
3038 2702 3105 2756 ad
3147 2703 3382 2773 patriam
3420 2721 3507 2760 re-

1935 2786 2155 2838 meavit.

2000 2869 2085 2928 29.
2119 2875 2230 2944 (90)
2255 2871 2505 2931 Narravit
2537 2877 2705 2935 abbas
2724 2878 2908 2935 Daniel
2938 2881 3005 2935 dc
3035 2883 3229 2938 abbate
3251 2886 3502 2952 Arsenio,
3572 2894 3576 2898 '

1931 2966 2076 3034 quod
2109 2968 2316 3020 venerit
2352 2967 2645 3037 aliquando
2695 2970 3108 3038 magistrianus.
3147 2974 3398 3031 deferens
3432 2988 3506 3031 te-

1934 3066 2260 3114 stamentum
2287 3057 2571 3129 cujusdam
2613 3062 2883 3117 senatoris
2909 3063 3198 3135 propinqui
3243 3067 3384 3134 ejus,
3409 3070 3502 3138 qui

1932 3149 1980 3204 ei
2027 3149 2314 3202 maximam
2351 3149 2715 3206 [nereditatem
2768 3153 3099 3223 reliquerat:
3155 3157 3300 3226 quod
3342 3168 3502 3213 testa-

1936 3247 2176 3292 mentum
2223 3239 2312 3292 tibi
2356 3242 2586 3310 acccpit,
2623 3241 2790 3295 voluit
2825 3243 3088 3299 lacerare.
3148 3246 3221 3298 At
3271 3249 3504 3316 procidit

1933 3328 2322 3397 magistrianus
2365 3329 2430 3383 ad
2463 3331 2624 3398 pedes
2679 3332 2820 3400 ejus,
2862 3332 3088 3390 dicens:
3153 3333 3394 3391 Obsecro
3427 3346 3502 3402 te,

1932 3418 2043 3472 noli
2070 3419 2413 3484 discindere;
2441 3421 2645 3492 alioqui
2674 3424 2846 3492 capite
2881 3426 3197 3480 truncabor.
3247 3425 3384 3482 'l'um
3408 3433 3502 3481 ab-

1929 3509 2026 3563 bas
2057 3512 2320 3566 Arsenins
2352 3513 2428 3565 ait
2452 3513 2526 3565 illi
2551 3533 2563 3568 :
2592 3513 2700 3584 Ego
2725 3524 2850 3568 ante
2877 3515 3054 3584 ipsum
3080 3528 3328 3572 mortuus
3355 3535 3500 3584 sum;

1931 3598 1978 3653 is
2020 3611 2197 3654 autem
2227 3601 2387 3656 modo
2413 3603 2567 3660 obiit.
2625 3602 2804 3674 Atque
2847 3606 3058 3660 remisit
3089 3615 3500 3674 testamentum,

1929 3705 2028 3745 nec
2057 3691 2348 3760 quidquam
2380 3693 2542 3760 cepit.

2001 3781 2090 3834 50.
2134 3780 2246 3851 (9|)
2302 3782 2533 3834 Aiebant
2570 3791 2825 3851 pra‘terea
2857 3783 2924 3839 de
2953 3785 3063 3850 illo,
3103 3787 3247 3852 quod
3277 3803 3502 3856 vespere

1932 3869 2290 3925 Sabbatorum
2325 3871 2673 3926 illucescente
2704 3873 3003 3938 Dominiea,
3035 3876 3200 3930 solem
3226 3878 3502 3946 relinque-

1930 3962 2023 4016 bat
2055 3972 2220 4027 retro,
2256 3978 2556 4032 manusque
2587 3963 2653 4016 ad
2691 3965 2886 4018 cmlum
2924 3966 3268 4028 extendebat,
3305 3983 3492 4028 orans.

1930 4067 2213 4123 quousque
2232 4053 2426 4116 iterum
2451 4054 2534 4108 sol
2556 4055 2762 4107 vultum
2781 4053 2901 4124 ejus
2924 4053 3304 4121 collustraret;
3337 4063 3500 4126 atque

1932 4145 2004 4199 ita
2039 4145 2328 4200 residebat.

1998 4238 2084 4290 5t.
2126 4237 2238 4306 (9‘2)
2272 4236 2531 4290 Dicebant
2578 4236 2646 4291 de
2687 4236 2881 4292 abbate
2925 4237 3157 4292 Arsenio
3198 4246 3252 4292 et
3298 4237 3498 4294 abbate

1929 4325 2215 4381 Theodoro
2245 4326 2583 4391 Pliermensi,
2618 4327 2762 4397 quod
2799 4341 2967 4396 supra
3007 4338 3240 4383 cunctos
3268 4329 3496 4399 gloriam

1931 4417 2210 4471 hominum
2251 4419 2377 4472 odio
2414 4417 2696 4472 baberent.
2743 4417 3011 4484 Quocirca
3043 4420 3208 4475 abbas
3234 4420 3500 4475 Arsenius

1933 4524 2040 4562 non
2081 4509 2238 4563 facile
2274 4508 2595 4562 occurrebat
2621 4510 2895 4580 cuiquam.
2947 4510 3131 4564 Abbas
3173 4527 3300 4564 vero
3329 4510 3500 4564 Theo-

1933 4601 2120 4667 dorus,
2145 4603 2467 4658 occurrebat
2489 4603 2729 4671 quidem,
2758 4603 2851 4656 sed
2885 4603 3026 4655 velut
3045 4603 3256 4672 gladius
3281 4611 3418 4656 erat.

2003 4693 2091 4745 32.
2129 4693 2238 4760 (95)
2273 4692 2490 4747 SCllC‘llli
2519 4693 2812 4760 aliquando
2845 4692 3019 4746 abbati
3057 4690 3287 4745 Arsenio
3319 4691 3370 4742 in
3411 4691 3498 4744 in-

1935 4782 2224 4839 ferioribus
2251 4784 2496 4854 partibus
2528 4781 2818 4856 [Egypti],
2845 4793 3006 4854 atque
3029 4783 3138 4837 illic
3159 4781 3496 4852 interpellari

2005 5087 2118 5158 (88)
2156 5086 2578 5158 KaOefcjtér-ov.
2609 5083 2879 5158 Prmponit
2909 5081 3157 5158 Pelagius
3187 5097 3200 5133 :
3244 5077 3494 5158 picebant

1933 5147 2110 5211 autem,
2135 5157 2198 5212 de
2226 5175 2304 5222 eo,
2324 5147 2461 5226 rq'ut'a
2486 5173 2633 5226 nemo
2655 5147 2880 5226 potuerit
2917 5147 3353 5226 carinare/tendere
3384 5164 3495 5199 mo—

1932 5229 2058 5278 dum
2089 5218 2500 5282 conversationis
2519 5218 2857 5292 ejusIGraece
2878 5218 3285 5292 exicolbcrtinis
3305 5218 3456 5292 libris
3473 5234 3491 5271 :

1945 5296 2189 5362 Ἐλέγετο
2217 5297 2272 5348 δὲ
2297 5296 2424 5364 περὶ
2451 5286 2635 5364 αὐτοῦ,
2665 5293 2755 5364 ’ὃτι
2784 5292 2882 5364 οὐκ
2902 5288 3137 5364 ὴμδυν-ήθη
3159 5303 3240 5350 τις
3262 5286 3496 5339 καταλα-

1933 5365 2047 5417 ϐεῖν
2066 5357 2163 5432 τὴν
2189 5357 2458 5432 διαγωγὴν
2476 5363 2574 5431 τῆς
2593 5359 2862 5432 πολιτείας
2885 5357 3074 5411 αὑτοῦ.

2031 5431 2127 5500 89)
2159 5432 2286 5498 Sttp.
2318 5431 2540 5500 Νοηιοε.
2581 5447 2634 5482 n.
2667 5431 2757 5482 41.

2030 5503 2120 5569 90)
2168 5502 2271 5554 Vit.
2307 5499 2455 5569 Ifatr.
2497 5513 2574 5559 vt,
2602 5500 2656 5569 2.

2030 5559 2118 5638 91)
2171 5570 2278 5623 Vit.
2320 5566 2470 5638 _Patr.
2505 5583 2600 5630 xu,
2635 5564 2880 5638 l;.loan.
2909 5565 3096 5623 Gcom.
3134 5559 3332 5620 Parad.
3369 5564 3426 5620 2.

2029 5636 2118 5708 9:!)
2168 5639 2273 5691 Vit.
2309 5636 2461 5708 Patr.
2493 5636 2691 5708 vm,"5.

2009 5706 2120 5780 (93)
2171 5707 2272 5762 Vit.
2299 5706 2452 5763 Patr.
2481 5722 2570 5774 xv,
2604 5706 2658 5761 9.
