4042 6208
543 313 611 368 $9
1719 298 2060 365 APPENDIX
2098 309 2186 362 AD
2225 309 2567 366 PAl-LADIU
2577 308 2646 363 Μ.

3699 303 3792 358 lt‘n

545 425 729 484 solito,
769 422 943 476 visunt
979 428 1063 474 est
1104 414 1297 474 cellam
1340 419 1670 490 relinquere.
1709 421 1784 475 Ac
1826 423 1959 476 nihil
1994 422 2116 476 inde

2224 425 2537 477 καταλιπεῖν
2565 423 2625 476 τὸ
2648 421 2878 476 κελλίον.
2915 420 3096 491 Μηδὲν
3123 420 3180 474 δὲ
3204 418 3264 484 ἐξ
3295 419 3459 472 αὐτοῦ
3483 416 3685 485 λαϐὼν,
3718 420 3794 473 οὔ.

545 528 852 574 assumens,
883 511 955 565 ita
991 512 1230 579 perrexit
1261 512 1326 565 ad
1359 529 1490 568 suos
1521 512 1820 582 discipulos
1855 513 2123 567 Pharani-

543 612 630 656 tas
662 603 1030 658 Alexandrum
1073 612 1127 658 et
1159 603 1394 660 Zoilum.
1431 604 1575 658 Dixit
1604 620 1733 675 ergo
1767 605 2072 661 Alexandro
2104 620 2119 658 :

543 695 742 766 Surge,
773 697 1056 752 ascendito
1091 713 1306 752 navem.
1356 696 1534 766 Atque
1576 697 1649 751 ita
1698 697 1842 753 fecit.
1878 697 1942 752 Et
1973 697 2122 753 Zoilo

543 791 620 841 ait
648 806 661 842 :
695 786 828 843 Veni
861 804 1072 842 mecum
1099 804 1270 858 usque
1301 788 1367 841 ad
1397 789 1618 851 llumen,
1651 797 1702 841 et
1731 804 1913 858 qurere
1943 789 2122 843 navim

543 895 666 950 qua:
684 880 1067 934 Alexandriam
1099 895 1184 934 me
1209 880 1388 943 vehat,
1416 880 1605 952 sicque
1630 880 1697 935 ad
1723 879 1944 936 fratrem
1968 889 2122 936 tuum

543 973 765 1039 naviga.
807 971 992 1027 Zoilus
1023 987 1151 1026 vero
1185 973 1280 1025 tali
1313 987 1567 1028 sermone
1613 974 1996 1040 conturbatus,
2046 982 2124 1027 ta-

539 1066 679 1119 cuit.
724 1063 912 1134 quue
951 1063 1113 1118 modo
1140 1079 1170 1117 a
1201 1079 1260 1119 se
1292 1063 1526 1119 invicem
1558 1065 1818 1135 disiuncti
1849 1074 1997 1122 sunt.
2021 1065 2124 1122 De-

546 1156 760 1212 scendit
786 1157 952 1227 igitur
971 1171 1134 1210 senex
1167 1155 1233 1209 ad
1268 1167 1449 1224 partes
1477 1157 1851 1222 Alexandrize;
1883 1173 1990 1226 quo
2018 1157 2123 1212 loci

544 1248 603 1304 in
638 1251 1013 1302 vehementem
1046 1247 1296 1302 morbum
1333 1247 1547 1302 incidit.
1578 1249 1649 1302 At
1683 1249 1856 1319 ipsius
1883 1249 2123 1305 ministri

550 1355 649 1396 seu
689 1341 945 1410 discipuli
975 1355 1034 1395 se
1065 1347 1256 1394 mutuo
1297 1347 1665 1410 rogaverunt:
1700 1339 1838 1396 Num
1867 1343 2126 1399 alteruter

543 1443 796 1487 nos'rum
843 1445 1028 1486 senem
1085 1433 1461 1498 contristavit,
1509 1438 1564 1488 et
1603 1449 1722 1488 eam
1777 1433 1848 1488 ob
1903 1450 2123 1490 causam

544 1522 775 1578 seCessit
804 1537 833 1575 a
867 1522 1064 1577 nobis?
1113 1521 1221 1577 Nec
1272 1524 1598 1578 invenerunt
1644 1525 1699 1578 in
1744 1540 1803 1581 se
1845 1525 2122 1596 quidpiam

541 1615 743 1682 culpae,
785 1621 879 1667 aut
919 1614 1324 1669 inobedientiaz.
1367 1613 1538 1668 Porro
1588 1631 1753 1671 senex
1785 1626 2123 1687 recuperata

545 1707 802 1767 sanitate,
841 1705 1022 1759 dixit:
1058 1703 1264 1760 Vadam
1312 1706 1378 1760 ad
1434 1705 1624 1763 Patres
1670 1723 1840 1763 meos.
1879 1706 2034 1762 llunc
2069 1709 2123 1761 in

2221 533 2328 580 τως
2366 515 2635 586 ἐπορεύθη
2659 514 2705 546 ³⁸
2738 513 2985 584 μαθητὰς
3021 513 3149 574 τοὺς
3194 511 3500 582 Φαρανίτας
3555 507 3794 576 Ἀλέξαν-

2222 608 2345 678 δρον
2369 608 2462 660 καὶ
2492 605 2709 660 Ζώῖλον.
2735 599 2904 657 Εἶπεν
2926 600 3020 657 οὖν
3042 603 3121 673 τῷ
3149 602 3500 673 Ἀλεξάνδρῳ⁸
3538 601 3796 664 Ἀναστάς

2223 701 2580 754 ἀνάπλευσον.
2633 699 2742 752 Kal
2791 697 3048 769 ἐποίησεν
3097 697 3292 760 οὕτως.
3335 697 3447 750 Kal
3486 695 3566 766 τῷ
3614 693 3797 766 Ζωΐλῳ

2224 787 2364 846 εἴπεο
2397 791 2566 864 Δεῦρο
2593 793 2709 862 μετ’
2736 781 2871 862 ἐμοῦ
2896 791 2999 853 ἓως
3029 789 3125 842 τοῦ
3153 788 3423 864 ποταμοῦ,
3445 788 3540 842 καὶ
3566 785 3800 859 ζήτησύν

2227 902 2315 956 μοι
2350 885 2530 938 πλοῖον
2557 885 2648 937 ἐπὶ
2667 884 2766 954 τὴν
2813 881 3224 954 Ἀλεξάνδρειαν
3242 881 3570 945 καταπλέον,
3595 897 3666 934 κα
3709 878 3802 934 οῦς

2223 995 2330 1040 τως
2354 977 2690 1030 άνάπλευσον
2717 976 2811 1028 καὶ
2837 977 2902 1028 σὺ
2930 975 3067 1046 πρὸς
3102 974 3195 1028 τὸν
3231 972 3460 1042 ἀδελφόν
3491 989 3605 1026 σου.
3655 973 3711 1026 Ὀ
3745 972 3799 1026 δὲ

2225 1068 2442 1133 Ζὼῖλος,
2462 1069 2553 1120 ἐπὶ
2572 1067 2649 1138 τῷ
2669 1065 2813 1136 λόγῳ
2833 1065 3146 1138 ταραχθεὶς,
3177 1064 3474 1134 ἐσιώπησε.
3501 1064 3612 1118 Kal
3629 1063 3799 1126 οὕτως

2226 1158 2600 1231 ἐχωρίσθησαν
2627 1159 2719 1211 ἀπ’
2743 1156 3008 1227 ἀλλήλων.
3037 1153 3321 1225 Κατῆλθεν
3343 1151 3435 1208 οὖν
3459 1156 3488 1208 ό
3509 1155 3686 1226 γέρων
3711 1153 3800 1208 ἐπὶ

2223 1251 2292 1306 τὰ
2335 1250 2474 1322 μέρη
2533 1244 2961 1320 Ἀλεξανδρείας,
3007 1249 3101 1301 καὶ
3146 1247 3444 1317 ἠσθένησεν
3491 1244 3801 1317 ἀρρωστίαν
3903 1279 3913 1284 -

2228 1343 2488 1414 μεγάλην.
2521 1343 2584 1394 Οἱ
2618 1342 2675 1395 δὲ
2708 1341 2898 1394 τούτου
2931 1339 3248 1410 διακονηταὶ
3285 1335 3439 1392 εἷπον
3471 1338 3606 1409 πρὸς
3639 1338 3802 1408 ἀλλή-

2224 1436 2369 1501 λους·
2397 1433 2487 1504 Μὴ
2520 1434 2628 1506 ἄρα
2646 1451 2730 1498 τις
2753 1433 2910 1505 ἡμῶν
2932 1433 3172 1504 ἐλύπησε
3197 1431 3290 1485 τὸν
3315 1433 3568 1504 γέροντα.
3597 1430 3691 1484 καὶ
3718 1429 3804 1484 διὰ

2225 1527 2384 1581 τοῦτο
2413 1525 2688 1598 ἐχωρίσθη
2718 1525 2812 1593 ἀφ’
2835 1525 2990 1594 ἡμῶν
3013 1536 3030 1589 ;
3060 1524 3172 1576 Kal
3199 1523 3298 1593 οὐχ
3323 1517 3480 1593 εὗρον
3504 1523 3564 1575 ὲν
3593 1523 3804 1581 ἑαυτοῖς

2224 1620 2400 1681 οὐδὲν,
2433 1618 2555 1672 οὔτε
2581 1619 2663 1672 ὅτι
2691 1618 3048 1688 παρήκουσαν
3073 1615 3238 1669 αὐτοῦ
3265 1632 3418 1669 ποτε.
3461 1613 3724 1682 ’Υγιάνας
3751 1611 3806 1664 δὲ

2225 1712 2254 1764 6
2282 1711 2457 1780 γέρων
2492 1706 2633 1762 εἴπεο
2665 1707 3012 1779 Πορεύσομαι
3036 1707 3172 1778 πρὸς
3191 1707 3318 1770 τοὺς
3338 1705 3504 1776 ἐμοὺς
3533 1703 3801 1772 Πατέρας.

546 1796 769 1849 modum
799 1796 1147 1865 renavigans,
1182 1797 1327 1851 venit
1359 1797 1423 1850 ad
1457 1799 1636 1852 locum
1665 1798 1756 1867 qui
1791 1797 1992 1853 dicitur
2022 1797 2119 1853 Pe-

2232 1767 2544 1862 Kalloﬁtw;
2577 1767 2928 1862 ἀναπλεύσας
2963 1767 3126 1868 ἦλθεν
3155 1767 3250 1861 *εἰς
3422 1795 3636 1866 Πέτραν
3673 1767 3806 1846 όπου

546 1897 654 1953 tra,
690 1890 782 1943 ubi
819 1891 1112 1944 manebant
1164 1891 1400 1945 ministri
1454 1892 1648 1961 ipsius.
1697 1890 1944 1962 Cumque
1978 1900 2126 1948 esset

543 1985 701 2054 juxta
731 1983 951 2048 ﬂumen,
973 1984 1169 2039 ancilla
1192 1985 1438 2054 quaedam
1467 1985 1807 2054 {Ethiopissa
1829 1986 2120 2049 accedens,

547 2074 729 2142 tetigit
769 2073 942 2142 ipsius
966 2072 1220 2127 meloten.
1244 2071 1382 2126 Tum
1417 2089 1584 2128 senex
1617 2074 1918 2144 increpavit
1951 2075 2121 2129 illam.

548 2164 718 2236 Igitur
762 2164 955 2219 ancilla
995 2163 1060 2217 ad
1097 2180 1221 2220 eum
1253 2165 1393 2219 dixit
1433 2183 1446 2219 :
1483 2164 1540 2220 Si
1590 2167 1890 2220 monachus
1937 2180 2017 2228 es,
2069 2167 2122 2219 in

547 2265 789 2310 montem
821 2254 1189 2326 proﬁciscere.
1230 2254 1350 2321 Quo
1387 2270 1638 2311 sermone
1672 2270 1837 2308 senex
1879 2255 1934 2308 in
1965 2269 2120 2308 com-

548 2347 904 2416 punctionem
938 2347 1231 2406 adductus,
1261 2346 1474 2398 dicebat
1509 2345 1649 2414 apud
1684 2360 1742 2398 se
1782 2363 1794 2398 :
1827 2345 2040 2408 Arseni,
2071 2347 2117 2400 si

547 2453 607 2491 cs
641 2437 962 2498 monachus,
1005 2437 1058 2488 in
1103 2444 1339 2489 montem
1373 2435 1741 2502 proficiscere.
1782 2436 1995 2491 Interea
2030 2453 2122 2493 oc-

545 2534 839 2580 currerunt
862 2527 909 2579 ci
935 2525 1244 2579 Alexander
1273 2535 1326 2580 et
1355 2524 1560 2580 Zoilus.
1591 2525 1838 2598 Cumque
1866 2529 2123 2598 procidis-

547 2626 670 2671 sent
707 2628 832 2670 ante
865 2615 1027 2688 pedes
1063 2616 1232 2682 illius,
1267 2632 1326 2671 se
1373 2616 1538 2672 ctiam
1585 2619 1885 2687 prostravit
1921 2635 2121 2687 senex;

546 2724 611 2762 ac
641 2709 840 2763 ﬂebant
871 2724 935 2763 ex
964 2717 1191 2779 utraque
1220 2718 1392 2779 parte.
1432 2710 1520 2764 Ait
1553 2727 1716 2767 senex
1750 2730 1762 2766 :
1797 2709 1990 2769 Nonne
2021 2729 2121 2768 au-

545 2798 728 2853 uliistis
754 2806 1046 2868 :egrotasse
1069 2799 1190 2852 me?
1218 2798 1643 2870 Responderunt
1673 2821 1685 2856 :
1712 2800 1787 2856 Ita
1818 2811 1917 2859 est.
1943 2806 2122 2860 Senex

545 2898 676 2942 tunc
704 2907 717 2943 :
748 2889 811 2942 Et
844 2905 943 2944 cur
977 2904 1084 2943 non
1119 2891 1346 2945 venistis
1376 2891 1444 2946 ad
1475 2891 1768 2948 videndum
1796 2896 1919 2949 me?
1941 2897 2122 2949 Abbas

2229 1889 2372 1964 ἦσαν
2403 1893 2454 1943 οἱ
2487 1890 2803 1960 διακονηταὶ
2846 1889 3034 1942 αὐτοῦ.
3084 1891 3274 1951 Ὀντος
3302 1886 3359 1940 δὲ
3389 1887 3552 1940 αὑτοῦ
3582 1884 3809 1953 πλησίον

2230 1985 2323 2038 τοῦ
2349 1981 2612 2054 ποταμοῦ,
2635 1982 2893 2053 παιδίσκη
2915 1999 3000 2044 τις
3021 1980 3346 2033 Αίθιόπισσα
3363 1978 3610 2035 ἐλθοῦσα.
3631 1975 3812 2044 ἥψατο

2229 2077 2328 2144 τῆς
2367 2075 2622 2146 μηλωτῆς
2661 2073 2954 2128 αύτοῦ..”0
2983 2073 3039 2126 δὲ
3068 2072 3244 2143 γέρων
3281 2071 3610 2141 ἐπετίμησεν
3647 2069 3808 2138 αὐτῇ.

2243 2167 2306 2219 Ἢ
2338 2162 2429 2219 οὖν
2460 2166 2720 2234 παιδίσκη
2747 2163 2897 2218 εἶπεν
2929 2163 3097 2234 αὐτῷ·
3127 2164 3190 2216 El
3221 2163 3450 2234 μοναχδς
3474 2158 3545 2225 εἴ,
3575 2161 3810 2232 πορεύου

2231 2256 2311 2318 είς
2352 2253 2413 2308 τὸ
2455 2254 2599 2326 ὅρος.
2653 2254 2710 2307 '0
2737 2253 2794 2306 δὲ
2825 2251 3000 2323 γέρων
3041 2251 3134 2304 ἐπὶ
3166 2249 3244 2322 τῷ
3280 2250 3424 2320 λόγῳ
3465 2247 3805 2314 κατανυγεὶς

2231 2346 2414 2414 ἔλεγεν
2441 2348 2497 2399 ὲν
2521 2344 2718 2415 ὲαυτᾷν
2755 2344 3020 2415 Ἀρσένιε,
3047 2345 3094 2395 εί
3124 2341 3352 2413 μοναχὸς
3375 2336 3443 2406 εἴ,
3471 2339 3702 2409 πορεύου
3727 2338 3810 2399 εἰς

2229 2438 2288 2492 τὺ
2317 2439 2463 2509 ὅρος.
2492 2439 2603 2491 Kal
2640 2438 2733 2490 ἐπὶ
2771 2436 2944 2506 τούτῳ
2975 2435 3294 2504 ἀπήντησαν
3327 2431 3477 2502 αύτῷ
3507 2432 3536 2484 6
3559 2447 3616 2482 τε
3661 2429 3813 2481 Ἀλέ-

2233 2531 2454 2603 ξανδρος
2481 2532 2574 2585 καὶ
2603 2528 2821 2592 Ζώῖλος·
2850 2529 2944 2581 καὶ
2974 2525 3344 2579 ἐπιπεσόντων
3370 2519 3549 2576 αὐτῶν
3570 2521 3682 2580 τοῖς
3707 2534 3812 2570 πο-

2232 2621 2318 2674 σὶν
2350 2618 2536 2683 αὑτοῦ,
2562 2617 2782 2690 ἔρριψεν
2806 2616 2997 2670 ἑαυτὸν
3019 2615 3113 2668 xal
3136 2615 3164 2666 6
3191 2613 3391 2684 γέρωνο
3415 2611 3508 2664 καὶ
3535 2609 3810 2661 ἔκλαυσαν

2230 2710 2550 2781 ἀμφότεροι.
2577 2703 2712 2762 Εἷπε
2743 2708 2800 2760 δὲ
2829 2710 2857 2761 6
2882 2708 3078 2777 γέρων·
3107 2704 3221 2758 Οὐκ
3245 2702 3515 2772 ἠκούσατε
3542 2701 3624 2754 ὅτι
3656 2698 3813 2767 ἡσθέ‹

2229 2816 2401 2870 νησα;
2426 2799 2535 2850 Kal
2565 2793 2720 2850 εἷπον
2746 2796 2912 2866 αύτῷ·
2948 2796 3073 2848 Ναί.
3105 2796 3216 2848 Kal
3241 2793 3388 2861 λέγει
3417 2794 3443 2844 ό
3472 2789 3667 2859 γέρων·
3698 2788 3812 2840 Kal

2229 2887 2370 2941 διατί
2385 2888 2484 2940 ούκ
2511 2887 2698 2956 ἤλθετε
2734 2887 2860 2941 ίδεῖν
2881 2905 2945 2956 με
2967 2903 2980 2950 ;
3013 2885 3121 2937 Kal
3148 2884 3295 2951 λέγει
3323 2885 3351 2934 6
3375 2881 3546 2942 ά66ᾱς
3563 2875 3813 2939 Ἀλέξαν-

546 2980 856 3034 Alexander
883 2981 1050 3036 dixit:
1083 2979 1368 3051 Separatio
1393 2991 1482 3038 tua
1506 2997 1535 3036 a
1561 2985 1719 3040 nobis
1778 3002 2119 3058 nequaquam

2227 2979 2351 3049 δρος
2387 2979 2469 3031 ὅτι
2503 2980 2560 3030 ’0
2580 2979 2856 3049 χωρισμός
2874 2995 2965 3030 σου
2983 2977 3120 3044 άφ’ἡ
3130 2975 3245 3045 μῶν
3266 2975 3326 3026 οὐ
3348 2973 3538 3040 γέγονε
3563 2968 3808 3030 πιθανὸς.

547 3071 650 3124 fuit
680 3080 926 3140 accepta.
951 3071 1063 3124 imo
1086 3073 1271 3126 multis
1297 3074 1503 3136 nocuit,
1528 3076 1622 3144 qui
1647 3077 1720 3130 ita
1743 3076 2123 3134 disserebant:

545 3160 661 3214 Nisi
693 3161 1067 3215 inobedientes
1093 3162 1438 3217 exstitissent
1467 3165 1607 3232 seni,
1645 3182 1754 3221 non
1789 3170 1857 3222 ab
1889 3169 2000 3225 illis
2040 3186 2128 3226 se-

544 3251 826 3303 cessisset.
864 3247 1003 3301 Dicit
1032 3248 1111 3303 eis
1151 3267 1164 3302 ε
1218 3247 1432 3306 Rursus
1488 3253 1672 3324 itaque
1719 3260 2127 3325 pronuntiaturi

544 3348 686 3408 sunt
705 3339 989 3393 homines:
1032 3337 1150 3392 Non
1191 3341 1395 3394 invenit
1424 3343 1674 3398 columba
1709 3351 1949 3418 requiem
1985 3352 2130 3422 pedi-

542 3429 650 3483 bus
677 3429 816 3492 suis,
851 3435 907 3482 et
937 3444 1155 3486 reversa
1191 3439 1273 3485 est
1303 3431 1372 3484 ad
1405 3430 1519 3486 Noe
1553 3433 1612 3486 in
1644 3450 1828 3490 arcam
1852 3439 1918 3492 ⁸³.
1950 3441 2128 3511 Atque

545 3523 650 3574 hoc
682 3528 840 3590 pacto
865 3521 1140 3575 conciliati
1175 3533 1336 3590 sunt;
1365 3525 1674 3596 mansitque
1697 3543 1820 3582 cum
1848 3531 1928 3586 eis
1951 3549 2127 3604 usque

546 3613 615 3666 ad
651 3619 877 3667 mortem
909 3628 1088 3667 suam.

620 3707 710 3761 53.
727 3706 864 3775 (93’)
888 3704 1032 3760 Dixit
1050 3707 1215 3763 abbas
1235 3706 1422 3763 Daniel
1442 3727 1457 3763 :
1475 3708 1644 3766 Nobis
1669 3713 1835 3770 abbas
1858 3715 2123 3773 Arsenius

542 3799 698 3854 velut
729 3798 795 3852 de
821 3798 932 3853 alio
964 3801 1240 3865 narravit;
1278 3800 1415 3856 forte
1443 3811 1622 3857 autem
1652 3805 1767 3875 ipse
1797 3817 1946 3872 erat;
1979 3809 2122 3878 quod

546 3892 613 3944 ad
647 3906 834 3945 senem
877 3891 1171 3960 quemdam
1213 3893 1265 3946 in
1307 3909 1404 3947 sua
1433 3895 1566 3948 cella
1598 3897 1871 3951 sedentem
1902 3899 2121 3970 delapsa

548 3983 713 4037 fuerit
758 3982 1074 4052 huiusmodi
1116 3983 1444 4053 vox:Veni,
1489 3988 1773 4042 ostendam
1812 3989 1906 4043 tibi
1955 4006 2118 4061 opera

548 4072 858 4126 hominum.
895 4073 971 4127 Ac
1005 4089 1238 4146 surgens
1265 4091 1524 4147 egressus
1555 4087 1668 4146 est;
1701 4079 1962 4151 duxitque
1995 4098 2116 4136 eum

546 4162 600 4213 in
627 4163 808 4216 locum
835 4165 1148 4233 quemdam,
1173 4177 1226 4222 et
1253 4169 1493 4224 ostendit
1518 4169 1828 4242 [Ethiopem
1855 4174 1998 4243 ligna
2021 4176 2121 4228 ca:-'

547 4251 787 4315 dentem,
817 4269 880 4307 ex
913 4257 1116 4322 quibus
1148 4259 1473 4316 conﬁciebat
1513 4262 1770 4332 grandem
1806 4263 2111 4329 sarcinam;

2241 3069 2333 3122 καὶ
2353 3069 2534 3123 πολλοὶ
2553 3069 2652 3121 οὐκ
2671 3067 3048 3138 ὠφελήθησαν,
3063 3065 3332 3132 λέγοντες.
3346 3065 3429 3117 ὅτι
3455 3064 3517 3116 El
3541 3062 3615 3132 μὴ
3663 3077 3814 3131 παρ-

2233 3164 2470 3235 ήκουσαν
2485 3160 2576 3213 τοῦ
2594 3158 2967 3230 γέροντοςρύκ
2982 3156 3044 3209 ἂν
3062 3154 3330 3226 ἐχωρίσθη
3347 3152 3408 3219 ἐξ
3423 3154 3618 3208 αὐτῶν.
3644 3152 3784 3219 Λέγε
3795 3174 3812 3208 ι

2233 3254 2435 3316 αὐτοῖς·
2458 3251 2626 3307 Πάλιν
2648 3246 2740 3303 οὗν
2757 3249 3009 3319 μέλλουσι
3023 3246 3201 3314 λέγειν
3215 3247 3264 3298 οἱ
3285 3244 3380 3299 ἄνθ
3389 3260 3581 3316 ρωποι,
3595 3243 3677 3296 ὅτι
3694 3243 3816 3311 Οὐχ

2234 3339 2392 3416 εὗρεν
2427 3347 2460 3415 ὴ
2504 3342 2799 3414 περιστερὰ
2835 3339 3139 3394 ἀνάπαυσιν
3170 3341 3281 3400 τοῖς
3311 3338 3466 3390 ποσὶν
3494 3337 3682 3407 αὐτῆς,
3714 3339 3816 3390 καὶ

2233 3436 2532 3508 ἀνέστρεψε
2557 3435 2693 3506 πρὸς
2723 3434 2815 3486 τὸν
2841 3432 2984 3495 Νῶε,
3008 3431 3088 3493 είς
3107 3429 3204 3501 τὴν
3227 3429 3478 3483 κιϐωτόν.
3501 3430 3611 3482 Kal
3632 3427 3816 3493 οὕτως

2232 3525 2698 3598 ἐθεραπεύθησαν⁹
2732 3523 2827 3576 καὶ
2858 3523 3039 3594 ἔμεινε
3071 3521 3188 3592 μετ’
3213 3521 3390 3574 αὐτῶν
3411 3520 3456 3553 ⁸⁸
3476 3521 3580 3584 ἕως
3603 3522 3701 3590 τῆς
3719 3538 3815 3573 τε·

2230 3619 2420 3689 λευτῆς
2455 3615 2640 3671 αὐτοῦ.

2299 3711 2398 3780 λγ’.
2447 3707 2614 3763 Εἶπεν
2641 3710 2670 3762 6
2697 3707 2871 3771 assa;
2899 3705 3116 3782 Δανιὴλ,
3165 3705 3246 3758 ὅτι
3280 3706 3585 3776 Διηγήσατο
3616 3706 3752 3776 ἡμῖν
3783 3708 3812 3759 6

2229 3804 2402 3868 ἀόὀᾶς
2445 3803 2716 3874 Ἀρσένιος
2743 3801 2818 3864 ὼς
2849 3799 2979 3870 περὶ
3007 3798 3164 3852 ἄλλου
3192 3797 3355 3861 τινός·
3392 3799 3530 3868 τάχα
3555 3798 3611 3852 δὲ
3644 3799 3814 3862 αὐτὸς

2226 3893 2314 3970 ἦν·
2345 3898 2426 3950 ὅτι
2461 3894 2771 3964 καθημένου
2802 3892 2946 3955 τινὸς
2977 3891 3232 3962 γέροντος
3260 3892 3340 3952 είς
3370 3889 3430 3942 τὸ
3463 3888 3673 3942 κελλίον
3700 3891 3809 3942 αὐ-

2226 3991 2341 4056 τοῦ,
2365 3987 2528 4062 ἦλθεν
2554 3987 2701 4058 αύτῷ
2732 3986 2882 4058 φωνὴ
2909 3986 3161 4056 λέγουσα⁶
3186 3983 3374 4057 Δεῦρο,
3408 3986 3503 4038 καὶ
3532 3983 3690 4050 δείξω
3720 4001 3810 4038 σοι

2225 4083 2292 4136 τὰ
2325 4082 2460 4152 ἔργα
2504 4081 2611 4133 τῶν
2657 4077 2980 4149 ἀνθρώπων.
3014 4077 3126 4131 Kal
3170 4076 3406 4140 ἀναστὰς
3452 4074 3662 4144 ἐξῆλθε·
3706 4077 3810 4128 καὶ

2225 4174 2534 4245 ἀπήνεγκεν
2565 4170 2725 4224 αὑτὸν
2755 4171 2832 4233 είς
2857 4169 3021 4222 τόπον
3048 4168 3189 4233 τινὰ,
3227 4171 3322 4221 καὶ
3351 4167 3549 4234 ἔδειξεν
3570 4167 3808 4222 Αἰθίοπα

2224 4266 2492 4319 κόπτοντα
2532 4262 2687 4330 ξύλα,
2721 4263 2816 4314 καὶ
2851 4262 3148 4332 ποιήσαντα
3189 4260 3407 4329 φορτίον
3449 4259 3610 4330 μέγα’
3647 4261 3806 4312 ἐπει-

543 4342 848 4395 Conabatur
879 4351 1058 4398 autem
1088 4347 1234 4401 illam
1269 4359 1505 4417 portare,
1538 4368 1638 4408 nec
1659 4353 1904 4419 valebat;
1933 4364 1986 4409 et
2015 4371 2112 4426 pro

2224 4360 2347 4430 ρᾶτο
2373 4358 2428 4410 δὲ
2456 4356 2585 4409 αὐτὸ
2605 4355 2897 4426 βαστάσαι,
2923 4355 3019 4406 καὶ
3045 4353 3146 4404 οὐκ
3174 4351 3426 4420 ἡδύνατο’
3450 4353 3544 4406 καὶ
3565 4353 3686 4405 ἀντὶ
3705 4351 3804 4404 τοῦ

543 4444 610 4482 eo
643 4435 699 4481 ut
727 4429 856 4484 inde
884 4434 1132 4488 nonnihil
1151 4437 1393 4502 tolleret,
1412 4439 1606 4494 iterum
1635 4443 1907 4497 incidebat
1938 4444 2103 4514 ligna,

543 4530 707 4592 atque
737 4523 1027 4592 adjiciebat
1057 4526 1124 4580 ad
1154 4530 1447 4583 sarcinam.
1490 4530 1544 4583 Id
1589 4548 1751 4600 porro
1784 4535 1990 4589 diutius
2027 4535 2109 4588 fa-

538 4611 744 4665 ciebat.
779 4610 840 4664 Et
869 4615 1148 4683 paululum
1181 4633 1526 4688 progressus,
1561 4619 1756 4676 iterum
1793 4625 2032 4679 ostendit
2059 4627 2110 4680 ei

542 4700 816 4755 hominem
843 4703 937 4772 qui
964 4705 1139 4759 stabat
1171 4707 1235 4758 ad
1267 4708 1464 4771 lacum,
1498 4708 1888 4780 hauriebatque
1913 4726 2109 4782 aquam

536 4807 609 4847 ex
635 4793 748 4855 illo,
775 4807 838 4846 ac
870 4795 1232 4852 transferebat
1263 4797 1316 4851 in
1348 4807 1628 4868 pertusum
1653 4816 1768 4865 vas,
1797 4802 1938 4871 quod
1960 4818 2109 4858 eain-

538 4882 663 4936 dem
696 4899 892 4953 aquam
932 4886 986 4940 in
1027 4887 1203 4942 lacum
1250 4889 1591 4946 refundebat.
1624 4892 1818 4950 Postea
1851 4895 1989 4950 dixit
2014 4898 2064 4951 ei
2096 4917 2108 4954 :

541 4969 700 5034 Veni,
731 4974 1015 5029 ostendam
1047 4976 1144 5031 tibi
1176 4978 1346 5033 aliud.
1377 4979 1515 5035 Tum
1554 4982 1691 5037 vidit
1729 4985 2014 5055 templum,
2047 5001 2112 5040 ac

535 5061 676 5117 duos
707 5064 856 5118 viros
886 5065 1137 5122 sedentes
1179 5069 1232 5122 in
1271 5071 1451 5141 equis,
1484 5080 1537 5127 et
1581 5083 1862 5143 portantes
1902 5077 2108 5148 lignum

536 5152 775 5223 oblique,
827 5156 973 5211 hunc
1019 5167 1208 5213 contra
1258 5161 1445 5228 illum;
1495 5164 1748 5220 volebant
1796 5175 1973 5223 autem
2017 5183 2112 5237 per

531 5238 754 5306 ianuam
812 5247 1044 5317 ingredi,
1087 5265 1265 5321 neque
1313 5261 1584 5322 poterant,
1633 5266 1918 5326 propterea
1961 5259 2107 5327 quod

535 5330 740 5400 lignum
767 5342 1140 5397 transversum
1172 5351 1337 5401 esset.
1373 5343 1482 5401 Nec
1515 5361 1574 5402 se
1597 5346 1817 5404 demisit
1846 5350 2108 5406 alteruter

603 5487 648 5542 .”
681 5487 814 5559 Gen.
845 5507 962 5559 vui,
993 5495 1046 5549 9.

532 5553 788 5626 πλαγίως.

597 5673 737 5746 (93')
779 5672 882 5728 Vit.
924 5673 1080 5733 Patr.
1117 5694 1273 5748 xvut,
1298 5684 1355 5736 εὶ.

1146 5498 1192 5530 ³⁸
1225 5499 1310 5556 Al.
1339 5501 1506 5560 inscr.
1535 5505 1668 5578 πρὸς
1705 5507 1828 5573 τοῦς
1874 5507 2090 5564 ἑαυτοῦ.

2265 5510 2348 5564 Al.
2388 5509 2606 5581 ἔμειναν
2643 5513 2761 5584 μετ’
2796 5515 2981 5568 αὑτοῦ.

2209 4445 2338 4520 ἆραι
2375 4449 2433 4515 ἐξ
2463 4446 2649 4511 αὐτοῦ,
2683 4445 2844 4499 πάλιν
2867 4444 2913 4476 ³⁸
2948 4443 3146 4497 ἔκοπτε
3177 4443 3331 4508 ξύλα,
3364 4444 3458 4496 καὶ
3488 4443 3802 4514 προσετίθει

2206 4538 2282 4608 τῷ
2328 4538 2550 4608 φορτίῳ.
2585 4535 2755 4589 Τοῦτο
2801 4535 2857 4588 δὲ
2903 4535 2996 4587 ἐπὶ
3029 4535 3163 4588 πολὺ
3197 4535 3387 4589 ἐποίει.
3433 4535 3543 4590 Kal
3587 4535 3802 4606 προϐάς

2206 4629 2383 4697 ὀλίγον
2420 4628 2578 4682 πάλιν
2627 4627 2823 4692 ἔδειξεν
2870 4626 3017 4697 αύτῷ
3051 4626 3336 4696 ἄνθρωπον
3377 4629 3663 4699 ἱστάμενον
3704 4631 3800 4682 ἐπὶ

2208 4721 2432 4786 λάκκου,
2464 4722 2556 4774 καὶ
2589 4720 2886 4774 ἀντλοῦντα
2922 4719 3066 4791 ὓδωρ
3095 4719 3154 4786 ἐξ
3186 4719 3376 4784 αὐτοῦ,
3399 4722 3492 4774 καὶ
3524 4721 3798 4792 μεταϐάλ-

2209 4811 2368 4865 λοντα
2395 4814 2474 4876 είς
2505 4812 2804 4883 δεξαμενὴν
2826 4813 3236 4884 τετρημμένην,
3263 4813 3359 4867 καὶ
3396 4815 3457 4866 τὸ
3481 4813 3614 4868 αὐτὸ
3648 4799 3797 4886 ὕδωρ

2209 4903 2505 4973 ὲκχέουσαν
2543 4905 2622 4966 είς
2667 4903 2758 4956 τὸν
2803 4903 3024 4958 λάκκον.
3076 4905 3184 4956 Kal
3224 4904 3374 4974 λέγει
3405 4905 3552 4977 αὐτῷ
3607 4907 3791 4960 πάλινο

2208 4992 2402 5063 Δεῦρο,
2429 4993 2586 5056 δείξω
2621 5011 2702 5046 σοι
2731 4993 2877 5048 ἄλλο.
2901 4993 3011 5046 Kal
3053 4995 3248 5065 θεωρεῖ
3275 4996 3438 5067 ἱερὸν,
3463 4998 3557 5050 καὶ
3581 4996 3675 5049 δύο
3700 4997 3796 5050 ἄν·

2208 5080 2339 5151 δρας
2371 5082 2709 5152 καθημένους
2733 5085 2941 5146 ἵπποις,
2963 5085 3058 5136 καὶ
3076 5083 3442 5154 βαστάζοντας
3471 5087 3626 5154 ξύλον
3652 5089 3795 5142 πλα-
3883 5074 3892 5080 ’

2216 5172 2366 5240 γίως,
2391 5172 2485 5226 ἕνα
2510 5173 2795 5228 κατέναντι
2819 5174 2913 5229 τοῦ
2944 5175 3081 5239 ἑνός·
3105 5175 3292 5249 ἤθελον
3315 5178 3371 5232 δὲ
3391 5178 3478 5232 διὰ
3498 5178 3598 5250 τῆς
3620 5178 3796 5251 πύλης

2215 5264 2496 5329 εἰσελθεῖν,
2545 5267 2638 5320 καὶ
2683 5269 2784 5322 οὐκ
2825 5268 3107 5338 ἠδύναντο,
3157 5269 3243 5323 διὰ
3282 5270 3342 5323 τὸ
3371 5265 3512 5324 εἶναι
3543 5271 3603 5324 τὸ
3636 5270 3796 5338 ξύλον

2214 5353 2442 5422 πλάγιον
2464 5356 2527 5410 ³⁷.
2547 5356 2661 5408 Ούκ
2684 5356 3016 5412 ἐταπείνωσε
3039 5358 3094 5410 δὲ
3114 5360 3142 5411 ό
3169 5353 3249 5422 εἷς
3279 5360 3466 5413 ἑαυτὸν
3494 5361 3670 5415 ὀπίσω
3697 5361 3796 5415 τοῦ

3075 5515 3118 5547 ³⁸
3149 5515 3236 5568 Al.
3273 5514 3541 5570 ἀπελθών.
3619 5517 3663 5551 ⁸⁷
3699 5517 3788 5574 Al.
