4054 6206
271 318 360 375 IOI
920 342 939 351 κ
1439 300 2046 363 APOI’II'I'IIEGMATA
2089 304 2391 365 PATREM.

3431 317 3531 374 I01

265 426 450 497 ἐτέρου
483 422 707 490 ινέγκαι
742 419 801 473 τὸ
834 417 990 484 ξύλον
1030 419 1112 472 ἐπ’
1141 419 1374 483 εῢθεξας·
1418 420 1512 471 καὶ
1553 419 1642 472 διά
1679 418 1837 473 τοῦτο

1947 431 2109 486 retro,
2145 431 2204 476 ut
2243 424 2450 494 lignum
2496 423 2664 480 ferret
2711 425 2764 480 in
2812 434 3061 492 rectum;
3102 428 3333 500 ideoque
3373 443 3525 488 extra

268 520 487 588 ἔμειναν
511 514 617 578 ἔξω
644 513 746 580 τῆς
779 511 977 581 πύλης.
1008 504 1169 564 Οὗτοι
1193 514 1318 573 εἰσι,
1355 512 1540 580 φησὶν,
1564 513 1612 563 οἱ
1648 511 1847 580 βαστά-

269 608 450 673 ζοντες
481 604 559 668 ὡς
583 601 934 669 δικαιοσύνης
963 598 1126 667 ζυγὸν
1154 598 1291 667 μετὰ
1326 599 1723 669 ὑπερηφανίας,
1755 601 1849 652 καὶ

270 700 365 754 οὐκ
397 692 848 763 ιταπεινώθησαν
885 690 982 744 τοῦ
1027 689 1424 761 διορθώσασθαι
1471 692 1714 754 ἑαυτοὺς,
1755 691 1849 743 καὶ

273 786 601 860 πορευθῆναι
628 786 695 854 τῇ
720 784 953 854 ταπεινῇ
979 780 1085 852 6δῷ
1107 780 1203 834 τοῦ
1228 782 1485 852 Χριστοῦ·
1513 780 1595 835 διδ
1628 782 1722 835 καὶ
1750 782 1848 853 μέ-

271 893 446 931 νουσιν
481 874 589 941 ἔξω
614 873 714 942 τῆς
744 869 1019 941 βασιλείας
1040 869 1137 924 τοῦ
1166 868 1322 926 Θεοῦ.
1366 872 1426 925 ’0
1449 872 1503 924 δὲ
1534 872 1747 925 κόπτων
1778 872 1847 924 τά

272 969 399 1036 ξύλα
429 965 717 1037 ἅνθρωπός
742 967 891 1018 ἐστιν
919 963 978 1016 ἐν
1005 962 1301 1035 ἁμαρτίαις
1329 961 1571 1026 πολλαῖς·
1607 962 1701 1016 καὶ
1726 964 1848 1016 ἀντὶ

268 1058 360 1114 τοῦ
395 1058 745 1129 μετανοῆσαι,
775 1054 943 1118 ἄλλας
974 1053 1204 1125 ἀνομίας
1232 1053 1513 1125 προστιθεῐ
1531 1054 1717 1107 ἐπάνω
1740 1054 1848 1107 τῶν

271 1151 554 1223 ἁμαρτιῶν
594 1148 781 1204 αὑτοῦ.
814 1148 924 1202 Kal.
953 1150 983 1202 ὁ
1024 1146 1087 1200 τὸ
1132 1143 1276 1217 ὕδωρ
1313 1145 1521 1202 ἁπλῶν
1563 1146 1848 1219 άνθρωπᾶς

271 1248 382 1299 ἔστι
423 1243 563 1298 καλὰ
594 1243 691 1314 μὲν
716 1240 855 1314 ἔργα
888 1238 1081 1299 ποιῶν.
1115 1238 1229 1293 ἀλλ’
1272 1239 1459 1310 ἐπειδὴ
1498 1232 1640 1310 εἶχεν
1666 1242 1722 1293 ὲν
1745 1240 1846 1293 αύ-

269 1337 378 1399 ⁴ιοῖς
418 1330 663 1403 πονηρὰν
694 1329 1000 1401 συμμιγὴν.
1042 1330 1102 1380 ὲν
1133 1326 1307 1397 τούτῳ
1351 1326 1600 1382 ἀπώλεσε
1649 1328 1740 1381 xal.
1777 1325 1847 1379 τὰ

268 1425 410 1479 καλὰ
440 1421 607 1476 αὐτοῦ
646 1420 803 1492 ἔργα.
849 1420 967 1488 Χρὴ
1007 1414 1101 1471 οὖν
1130 1419 1320 1487 νήφειν
1348 1419 1525 1471 πάντα
1563 1417 1848 1490 ἄνθρωπον

272 1515 348 1576 εἰς
372 1513 439 1565 τὰ
465 1512 604 1581 ἔργα
638 1508 829 1572 αὑτοῦ,
864 1508 950 1561 ἵνα
976 1506 1050 1576 μὴ
1074 1508 1154 1569 εἰς
1183 1506 1340 1559 κενὸν
1372 1507 1634 1579 κοπιάσῃ.

337 1601 431 1654 λδ’.
475 1602 534 1654 ’0
567 1599 730 1662 αὐτὸς
759 1599 1073 1667 διηγήσατο.
1101 1597 1181 1650 ὅτι
1218 1597 1348 1649 ποτε
1377 1593 1540 1668 ἦλθόν
1567 1614 1709 1661 τινες
1738 1598 1848 1653 τῶν

270 1690 527 1761 Πατέρων
557 1689 666 1743 ἀπὸ
702 1687 1129 1757 Ἀλεξανδρείας.
1163 1670 1291 1740 ἰδεῖν
1321 1686 1412 1739 τὸν
1438 1686 1612 1740 άϐϐᾶν
1656 1686 1843 1757 ’Δρσέ-

1950 522 2162 581 portam
2194 522 2600 568 remanserunt.
2634 513 2723 581 Ili.
2754 505 2952 586 inquit.
2986 528 3113 573 sunt
3144 512 3395 578 lininines
3425 527 3518 593 qui

1950 602 2095 656 velut
2118 602 2346 670 justitiaa
2367 602 2559 673 jugum
2586 614 2807 675 portant
2829 622 2952 661 cum
2977 612 3255 680 superbia,
3277 628 3381 668 nec
3405 630 3527 669 sese

1949 690 2286 746 demiserunt
2316 700 2374 745 ut
2407 695 2836 765 corrigerentur.
2883 699 3308 772 incederentque
3338 704 3390 759 in
3426 705 3529 758 hu-

1949 779 2063 833 mili
2101 779 2308 836 Christi
2347 783 2436 837 via
2475 802 2489 838 :
2533 784 2678 841 unde
2720 794 2877 841 extra
2911 803 3139 860 regnum
3179 790 3274 846 Dei
3307 809 3526 862 perma-

1949 877 2101 923 nent.
2136 868 2239 935 Qui
2286 886 2416 925 vero
2449 872 2595 943 ligna
2628 873 2896 939 caedebat,
2949 877 3113 930 homo
3158 886 3244 933 est
3290 888 3525 935 onustus

1949 961 2224 1029 peccatis;
2257 962 2349 1032 qui
2387 961 2508 1016 loco
2536 964 2893 1033 poenitentia,
2924 965 3062 1021 alias
3100 966 3287 1036 adjicit
3323 968 3530 1038 iniqui-

1948 1056 2088 1105 tates
2111 1050 2176 1104 ad
2208 1059 2431 1121 peccata
2457 1069 2578 1110 sua.
2609 1052 2704 1110 Ille
2730 1070 2860 1110 vero
2880 1057 2974 1127 qui
2996 1057 3284 1113 hauriebat
3303 1074 3524 1129 aquam,

1947 1139 2111 1195 homo
2145 1153 2250 1205 est.
2283 1144 2387 1214 qui
2416 1145 2637 1215 quidem
2683 1146 2822 1202 bona
2865 1163 3030 1218 opera
3073 1148 3222 1212 facit.
3262 1152 3357 1206 sed
3393 1152 3523 1222 quia

1948 1245 2073 1285 cum
2115 1232 2222 1288 illis
2264 1235 2405 1287 mals
2453 1235 2712 1304 permista
2761 1236 2945 1302 habet,
2994 1237 3047 1295 iu
3088 1253 3156 1293 eo
3185 1240 3349 1294 etiam
3382 1240 3525 1294 bona

1947 1333 2112 1388 opera
2150 1322 2403 1391 perdidit.
2439 1322 2665 1393 Oportet
2704 1326 2869 1394 igitur
2899 1336 2958 1381 ut
2981 1330 3211 1397 quilibet
3237 1330 3528 1399 vigilanter

1948 1410 2187 1465 attendat
2218 1413 2284 1465 ad
2314 1428 2478 1483 opera
2513 1430 2633 1480 sua,
2669 1431 2777 1485 quo
2817 1432 2926 1471 non
2967 1419 3177 1472 laboret
3212 1420 3266 1472 in
3299 1434 3521 1474 vanum.

2017 1588 2105 1643 54.
2141 1588 2255 1660 (95)
2286 1588 2431 1645 Idem
2464 1592 2649 1647 retulit
2700 1593 2847 1662 quod
2877 1594 3061 1662 aliquo
3085 1604 3328 1666 tempore
3355 1612 3523 1653 vene-

1946 1678 2057 1733 rint
2085 1678 2302 1749 quidam
2334 1680 2561 1737 Patrum
2595 1684 2665 1738 ab
2692 1686 3046 1750 Alexandria.
3069 1695 3130 1741 ut
3160 1688 3408 1743 viderent
3429 1693 3526 1743 ab-

268 1798 397 1835 νιον·
421 1781 519 1834 xal.
536 1776 604 1850 ἦν
626 1773 707 1841 εἷς
727 1778 786 1843 ἐξ
810 1777 987 1831 αὐτῶν
1037 1776 1178 1839 θεῖος
1201 1774 1296 1829 τοῦ
1318 1775 1551 1831 παλαιοῦ
1581 1776 1846 1847 Τιμοθέου

1948 1771 2126 1825 hatem
2158 1772 2489 1839 Arsenium;
2527 1789 2593 1829 ex
2636 1776 2837 1844 quibus
2877 1793 3017 1833 unus
3050 1788 3168 1833 erat
3203 1782 3402 1835 veteris
3432 1779 3522 1835 Ti-

267 1870 704 1941 άρχιεπισκόπου
744 1866 1143 1939 Ἀλεξανδρείας
1163 1866 1254 1919 τοῦ
1283 1866 1577 1937 λεγομένου
1606 1868 1848 1937 ἀκτήμο-

266 1977 384 2022 νος.
422 1960 518 2014 καὶ
541 1954 686 2029 εἶχεν
710 1958 803 2012 ἕνα
822 1960 884 2011 ὲκ
901 1958 1007 2011 τῶν
1027 1957 1399 2026 τεκναδέλφων
1422 1954 1605 2010 αὑτοῦ.
1643 1954 1768 2027 Εἶχε
1792 1957 1848 2010 δὲ

265 2051 398 2107 τότε
432 2053 461 2105 ὸ
481 2049 654 2120 γέρων
678 2048 977 2112 ἀσθένειαν,
1005 2049 1097 2102 καὶ
1122 2049 1222 2101 οὐκ
1245 2047 1507 2118 ἠθέλησεν
1536 2048 1846 2117 ἀπαντῆσαι

266 2142 481 2204 αὐτοῖς.
505 2141 590 2193 ἵνα
612 2138 686 2210 μὴ
709 2140 802 2192 καὶ
832 2139 977 2194 ἄλλοι
1010 2138 1205 2192 ἔλθωσι
1239 2140 1333 2192 καὶ
1371 2138 1846 2210 παρενοχλήσωσιν

266 2231 451 2286 αὐτόν.
474 2226 579 2284 Ἦν
609 2229 665 2284 δὲ
695 2229 815 2283 τότε
849 2231 929 2293 εἰς
958 2230 1058 2301 τὴν
1091 2230 1303 2300 Πέτραν
1332 2230 1434 2299 τῆς
1481 2228 1694 2299 Τρώης.
1738 2230 1847 2282 Kal.

267 2320 591 2392 ἀνέκαμψαν
604 2320 776 2374 λυπού
783 2337 954 2392 μενοι.
974 2321 1179 2391 Συνέϐη
1192 2321 1247 2373 δὲ
1263 2320 1547 2374 ἐπίστασιν
1559 2319 1845 2392 βαρϐάρων

266 2410 539 2476 γενέσθαι,
557 2413 653 2464 καὶ
670 2409 841 2464 θέλων
855 2412 899 2441 ³⁸
914 2410 1123 2480 ἔμεινεν
1140 2413 1197 2464 ὲν
1214 2414 1324 2472 τοῖς
1340 2410 1491 2464 κάτω
1509 2410 1718 2481 μέρεσι.
1738 2411 1846 2465 Kal.

268 2496 602 2562 ἀκούσαντες
626 2499 790 2553 πάλιν
816 2495 977 2570 ἦλθον
1003 2501 1130 2553 ἰδεῖν
1156 2499 1339 2553 αὐτόν.
1373 2500 1484 2553 Kal
1515 2499 1653 2567 μετὰ
1672 2499 1844 2569 χαρᾶς

274 2586 635 2659 προσελάϐετο
671 2588 889 2653 αὐτούς.
913 2589 1022 2643 Kal.
1042 2589 1188 2657 λέγει
1212 2589 1361 2659 αὐτῷ
1383 2591 1412 2644 ὁ
1435 2586 1662 2658 ἁδελφὸς
1688 2588 1746 2650 ὸς
1776 2583 1844 2656 ἦν

272 2681 389 2750 μετ’
410 2680 609 2733 αὐτῶν·
640 2681 755 2734 υύκ
773 2677 942 2745 οἶδας,
964 2680 1126 2743 assa,
1150 2682 1230 2735 ὅτι
1252 2682 1485 2753 ἧλθομεν
1509 2678 1844 2750 παραϐαλεῖν

268 2783 354 2821 σοι
384 2769 463 2831 εἰς
486 2766 705 2841 Τρώην.
738 2769 832 2823 καὶ
858 2768 957 2822 οὐκ
986 2768 1149 2833 ἐδέξω
1176 2772 1355 2841 ἡμᾶς
1388 2769 1497 2823 Kal
1524 2768 1675 2837 λέγει
1695 2766 1846 2835 αὐτῷ

268 2863 295 2915 ὁ
331 2861 531 2932 γέρων·
580 2862 769 2931 Ὑμεῖς
804 2861 1100 2929 ἐγεύσασθε
1129 2863 1295 2932 ἄρτον
1323 2862 1417 2915 καὶ
1448 2862 1629 2915 ὲπίετε
1678 2860 1841 2932 ὔδωρ

268 2951 432 3021 φύσει
461 2950 520 3004 δὲ
544 2950 677 3019 ἐγὼ,
703 2952 911 3014 τέκνον,
951 2950 1074 3004 οὔτε
1107 2952 1274 3023 ἄρτου
1303 2952 1426 3005 οὔτε
1464 2952 1652 3015 ὓδατος
1690 2952 1846 3020 ἐγευ-

268 3044 473 3113 σάμην,
503 3042 627 3098 οὕτε
664 3042 769 3115 μὴν
796 3043 1040 3109 ἐκάθισα,
1086 3044 1327 3110 κολάζων
1362 3044 1620 3114 ἐμαυτὸν,
1649 3044 1753 3107 ἕως
1781 3038 1842 3096 οὗ

270 3133 568 3204 ὶδοκίμασα
603 3135 686 3188 ὅτι
718 3132 988 3203 ὲφθάσατε
1016 3136 1095 3198 εἰς
1121 3135 1213 3188 τὸν
1246 3136 1408 3189 τόπον
1449 3135 1620 3206 ὑμῶν.
1658 3136 1738 3188 ὅτι
1776 3134 1845 3188 δι’

270 3226 366 3296 εμὲ
416 3225 514 3278 xal.
562 3226 721 3296 ὑμεῖς
770 3225 1053 3298 ἑσκύλητε’
1104 3226 1239 3279 ἀλλὰ
1285 3225 1675 3297 συγχωρήσατέ
1729 3241 1842 3296 μοι.

271 3315 507 3387 ἀδελφοί.
533 3318 643 3371 Ka't
667 3315 1105 3389 παρακληθέντες
1124 3316 1494 3391 ἀνεχώρησαν.

337 3496 437 3554 λε’.
483 3497 545 3552 '0
564 3499 725 3563 αὐτὸς
752 3499 955 3568 ἔλεγεν,
978 3501 1060 3556 ὅτι
1088 3484 1341 3557 Ἐκάλεσέ
1375 3521 1441 3575 με
1469 3506 1596 3577 μίαν
1616 3508 1644 3563 ὁ
1671 3507 1847 3575 assa;

279 3590 578 3661 ’Δρσένιος,
596 3591 692 3643 καὶ
712 3590 861 3659 λέγει
886 3607 994 3663 μοι’
1026 3593 1361 3649 Ἀνάπαυσον
1380 3595 1473 3648 τὸν
1495 3597 1706 3668 πατέρα
1726 3615 1844 3663 σου,

268 3680 354 3738 ἵνα
381 3683 515 3734 ὅταν
539 3679 750 3755 ἀπέλθῃ
779 3682 915 3755 πρὶς
938 3683 1164 3755 Κύριον,
1189 3684 1544 3758 παρακαλέσῃ
1564 3686 1702 3760 ὑπὲρ
1724 3686 1842 3759 σοῦ,

269 3772 361 3823 καὶ
385 3771 452 3825 εὖ
487 3788 571 3825 σοι
596 3771 839 3855 γένηται.

334 3861 448 3927 λς’.
488 3863 716 3932 Ἔλεγον
736 3881 801 3917 πε
810 3863 863 3937 pl.
885 3864 976 3919 τοῦ
999 3864 1143 3920 esse
1177 3866 1472 3938 Ἀρσενίου,
1501 3869 1606 3935 ὅτι,
1629 3869 1848 3942 ἀσθενή-

270 3970 464 4018 σαντος
505 3955 670 4010 αὐτοῦ
719 3973 849 4011 ποτε
886 3960 965 4023 εἰς
1002 3958 1224 4029 Σκῆτιν,
1284 3958 1524 4031 ἀπῆλθεν
1553 3961 1580 4014 ὁ
1610 3961 1847 4032 πρεσϐύ-

272 4062 452 4117 τερος,
504 4047 598 4101 καὶ
642 4048 871 4117 ἤνεγκεν
907 4050 1069 4104 αὐτὸν
1125 4051 1206 4114 εἰς
1254 4050 1356 4122 τὴν
1403 4052 1719 4123 ἐκκλησίαν,
1752 4055 1847 4107 καὶ

270 4134 469 4204 ἔθηκεν
508 4137 670 4192 αὑτὸν
702 4139 783 4203 εἰς
829 4140 1136 4213 χαλάδριον,
1181 4143 1373 4214 μικρὸν
1408 4145 1844 4215 προσκεφάλαιον

268 4224 410 4294 πρὸς
458 4228 526 4297 τῇ
579 4226 787 4300 κεφαλῇ
820 4229 1006 4285 αὐτοῦ.
1036 4232 1148 4285 Kal.
1179 4231 1287 4286 ἰδοὺ
1315 4226 1395 4296 εἷς
1422 4234 1530 4287 τῶν
1575 4235 1846 4308 γερόντων

265 4314 443 4369 ἐλθὼν
511 4316 907 4385 ἐπισκέψασθαι
970 4319 1155 4385 αὑτὸν,
1227 4322 1321 4376 καὶ
1371 4322 1496 4376 ἰδὼν
1547 4324 1709 4378 αὐτὸν
1765 4327 1847 4391 εἰς

1951 1861 2155 1915 mothei
2190 1863 2591 1935 archiepiscopi
2619 1866 3000 1930 Alexandrini.
3026 1870 3284 1939 pauperis
3312 1887 3524 1926 nuncuo

1948 1952 2081 2016 pati.
2119 1954 2448 2014 avunculus.
2481 1954 2846 2026 comitemque
2878 1957 3116 2013 habebat
3148 1974 3179 2013 e
3214 1958 3404 2015 fratris
3436 1962 3521 2016 sui

1949 2036 2137 2094 liberis
2179 2057 2366 2094 unum.
2405 2042 2560 2097 Tunc
2593 2061 2721 2099 vero
2753 2049 3055 2116 :rgrotabat
3095 2064 3286 2110 senex.
3318 2050 3527 2104 noluit-v

1947 2142 2055 2197 que
2080 2128 2163 2184 eis
2193 2145 2504 2195 occurrere.
2557 2149 2626 2188 ne
2678 2135 2770 2188 alii
2817 2137 3026 2205 pariter
3070 2139 3413 2197 accederent.
3457 2154 3524 2192 ac

1946 2235 2070 2275 eum
2102 2222 2548 2280 interturbarent.
2586 2225 2716 2279 Erat
2745 2243 2910 2296 porro
2947 2228 3002 2283 in
3031 2227 3191 2284 Petra
3224 2228 3399 2284 Troa}.
3436 2232 3521 2287 Illi

1949 2313 2139 2369 tristes
2182 2324 2518 2370 remearunt.
2562 2318 2803 2389 Contigit
2839 2327 3019 2374 autem
3064 2329 3124 2374 ut
3158 2320 3521 2376 barbarorum

1947 2404 2177 2475 irruptio
2215 2407 2395 2468 ﬁeret;
2429 2409 2575 2465 unde
2607 2414 2808 2466 mansit
2841 2420 3036 2481 sponte
3070 2414 3126 2466 in
3163 2414 3520 2470 inferioribus

1946 2497 2215 2563 partibus.
2256 2496 2375 2563 Quo
2405 2500 2611 2565 audito.
2646 2501 2841 2556 iterum
2878 2511 3147 2558 venerunt
3182 2505 3333 2558 illum
3377 2506 3521 2559 invi-

1946 2603 2088 2645 sere.
2117 2588 2180 2642 Et
2206 2590 2460 2646 alacriter
2488 2594 2730 2664 suscepit
2754 2611 2869 2650 eos.
2910 2595 3054 2651 Dicit
3093 2597 3170 2650 illi
3218 2596 3386 2651 frater
3418 2600 3513 2668 qui

1947 2694 2054 2731 una
2088 2694 2211 2733 cum
2238 2680 2345 2734 illis
2368 2692 2523 2737 erat:
2555 2685 2742 2740 Nonne
2773 2688 2903 2751 scis.
2939 2688 3099 2753 abba,
3126 2703 3228 2742 nos
3256 2704 3521 2758 congres-
3560 2760 3563 2763 Α

1947 2784 2107 2825 suros
2144 2778 2344 2835 tecum.
2388 2776 2693 2842 perrexisse
2723 2776 2926 2842 Troen.
2959 2796 3061 2834 nec
3093 2795 3125 2834 a
3161 2789 3212 2834 te
3243 2781 3524 2836 admissos

1946 2857 2160 2914 fuisse?
2206 2860 2505 2930 Respondit
2553 2879 2759 2929 senex:
2791 2864 2900 2921 Vos
2940 2883 3136 2936 panem
3177 2870 3519 2929 comedislis.

1945 2966 2009 3007 ac
2040 2952 2255 3007 bibistis
2282 2966 2513 3022 aquam;
2546 2970 2646 3025 ego
2683 2971 2834 3017 vero.
2870 2957 2964 3020 fili.
3000 2974 3135 3012 sane
3172 2974 3274 3013 nec
3316 2976 3518 3029 panem

1947 3059 2048 3099 nec
2074 3060 2268 3114 aquam
2301 3046 2537 3114 gustavi,
2582 3061 2757 3116 neque
2783 3046 2922 3111 sedi.
2956 3048 3223 3118 meipsum
3262 3048 3518 3119 puniens.

1949 3136 2124 3191 donec
2174 3138 2518 3206 exploratum
2572 3137 2759 3201 habui.
2802 3153 2900 3193 vos
2943 3138 3010 3193 ad
3061 3139 3238 3193 locum
3276 3150 3521 3195 vestrum

1948 3228 2282 3297 pervenisse.
2318 3228 2445 3299 quia
2484 3237 2705 3299 propter
2735 3244 2820 3284 me
2864 3229 3081 3301 fatigati
3125 3229 3389 3297 fueratis;
3423 3232 3522 3287 sed

1947 3319 2161 3373 veniam
2202 3319 2335 3374 mihi
2359 3320 2583 3386 donate,
2620 3318 2841 3376 fratres.
2874 3318 2955 3374 Illi
2985 3321 3218 3377 recreati
3250 3320 3525 3377 discesse-

1947 3417 2098 3469 runt.

2017 3502 2108 3557 55.
2143 3502 2292 3557 Idem
2316 3502 2625 3558 referebat:
2655 3500 2901 3568 Quodam
2933 3501 3025 3557 die
3060 3503 3277 3559 vocavit
3310 3519 3393 3559 me
3421 3504 3520 3558 ab-

1947 3591 2047 3648 bas
2072 3594 2359 3658 Arsenius,
2393 3594 2641 3664 dixitque
2667 3593 2839 3649 mihi:
2877 3591 3086 3648 Solatio
3117 3594 3194 3649 sis
3225 3593 3374 3649 Patri
3399 3603 3517 3659 tuo.

1949 3691 2008 3740 ut
2047 3692 2339 3753 postquam
2371 3681 2438 3736 ad
2468 3683 2760 3739 Dominum
2793 3682 3140 3751 discesserit,
3169 3692 3290 3739 oret
3311 3699 3411 3756 pro
3444 3694 3519 3750 te,

1950 3788 2016 3830 ac
2057 3773 2195 3828 bene
2223 3774 2296 3826 sit
2328 3771 2449 3830 tibi.

2017 3865 2107 3919 36.
2149 3864 2263 3934 (96)
2288 3863 2546 3918 Dixerunt
2577 3861 2647 3919 de
2684 3862 2883 3920 abbate
2912 3862 3144 3919 Arsenio
3164 3900 3181 3928 ,
3206 3863 3353 3932 quod
3391 3879 3515 3917 cum

1948 3954 2094 4012 Secti
2123 3962 2433 4025 aegrotaret.
2477 3948 2752 4025 profectus
2782 3954 3085 4026 presbyter.
3127 3967 3252 4007 eum
3292 3951 3520 4007 adduxit

1947 4049 2013 4103 ad
2052 4047 2361 4111 ecclesiam.
2397 4047 2686 4115 posuitque
2718 4046 2773 4100 in
2798 4052 2994 4111 strato,
3028 4059 3153 4099 cum
3193 4058 3364 4114 parvo
3399 4058 3521 4098 cer-

1945 4136 2107 4192 vieali
2156 4136 2261 4192 sub
2296 4136 2475 4206 capite
2502 4135 2644 4205 eius.
2692 4134 2831 4189 Tum
2877 4149 3009 4191 ecce
3040 4149 3071 4189 e
3107 4132 3335 4189 senibus
3372 4148 3522 4188 unus

1947 4228 2170 4284 veniens
2219 4226 2286 4283 ad
2329 4225 2658 4282 visitandum
2699 4241 2846 4293 eum,
2891 4225 2984 4281 ubi
3017 4216 3247 4281 vidisset
3275 4223 3427 4278 illum
3458 4225 3517 4279 in

1948 4327 2145 4382 strato,
2169 4334 2294 4375 cum
2321 4318 2576 4374 eervicali
2606 4319 2823 4384 subtus.
2855 4315 3172 4374 scandalum
3196 4329 3396 4387 passus
3412 4324 3521 4379 est.

264 4405 327 4458 τὸ
374 4406 668 4477 χαλάδριον
691 4407 826 4478 (91),
871 4409 964 4463 καὶ
1003 4409 1065 4464 es
1113 4412 1546 4482 προσκεφάλαιον
1590 4415 1846 4471 ὑποκάτω

1949 4409 2195 4485 dixitque
2228 4428 2242 4465 :
2277 4408 2505 4466 Hiccine
2528 4419 2613 4466 est
2632 4412 2802 4467 abbas
2832 4409 3139 4466 Arseniusi
3163 4416 3218 4464 et
3253 4424 3322 4465 eo
3358 4408 3521 4464 modo

266 4498 465 4561 αὐτοῦ.
515 4498 924 4571 ὲσκανδαλίσθη,
968 4500 1165 4570 λέγων·
1203 4497 1372 4567 Οὗτός
1417 4504 1562 4558 ἐστιν
1605 4507 1634 4561 ὁ
1673 4507 1847 4572 ἁσϐᾶς

278 4588 599 4661 ’Δρσένιοςς
631 4590 726 4644 καὶ
748 4592 829 4654 εἰς
848 4590 1021 4647 ταῦτα
1040 4593 1320 4648 ἀνάκειται
1338 4610 1353 4660 ;
1384 4594 1575 4648 Λαϐὼν
1595 4596 1652 4649 δὲ
1681 4598 1844 4652 αὑτὸν

267 4680 646 4752 πρεσϐύτερος
676 4682 796 4735 κατ’
828 4682 983 4744 ἰδίαν,
1016 4681 1162 4750 λέγει
1195 4683 1361 4753 αὐτῷ’
1395 4684 1438 4736 Τ
1445 4684 1461 4737 ι
1492 4679 1560 4755 ἦν
1594 4685 1654 4738 τὸ
1684 4685 1843 4758 ἔργον

271 4787 367 4825 σου
392 4773 538 4842 ὲντῇ
568 4770 729 4845 κώμῃ
770 4789 895 4838 σούς
929 4773 986 4827 Ὀ
1009 4772 1067 4826 δὲ
1101 4768 1245 4826 εἴπεο
1281 4773 1491 4845 Ποιμήν
1520 4774 1687 4846 ήμην.
1718 4775 1845 4840 Πῶς

267 4856 386 4924 οὖν,
416 4863 569 4932 φησὶ,
602 4862 788 4934 διῆγες
813 4865 905 4917 τὸν
938 4863 1049 4934 βίον
1073 4881 1198 4930 σούς
1234 4863 1291 4918 '0
1312 4864 1365 4917 δὲ
1390 4863 1513 4935 ἔφη’
1556 4866 1644 4918 Ἐν
1668 4866 1847 4937 πολλῷ

266 4952 429 5024 κόπῳ
454 4953 658 5023 διῆγον.
682 4954 792 5011 Kal
811 4954 959 5023 λέγει
982 4954 1150 5026 αύτῷ·
1178 4955 1292 5009 Νῦν
1317 4950 1407 5008 οὖν
1434 4955 1548 5019 πῶς
1568 4955 1772 5025 διάγεις
1792 4959 1851 5011 ἐν

264 5041 346 5112 τῷ
381 5041 612 5112 κελλίῳς
647 5043 706 5095 ’0
729 5043 787 5096 δὲ
815 5042 939 5112 ἔφη·
973 5043 1191 5099 Μᾶλλον
1215 5043 1588 5114 ἀναπαύομαι.
1624 5046 1734 5099 Kal.
1764 5045 1849 5099 λέ-

265 5147 358 5200 γει
382 5131 555 5203 αύτῷ·
586 5131 813 5196 Βλέπεις
848 5133 1037 5188 τοῦτον
1066 5133 1161 5187 τὸν
1193 5131 1367 5188 άϐϐἄν
1401 5133 1705 5205 Ἀρσένιον;
1740 5153 1847 5189 πα·-

342 5282 394 5315 ⁸⁸
424 5283 511 5338 Αι.
544 5282 737 5337 ἐλθών.

339 5394 854 5473 (θίδ-Χξιάδριογ.
886 5398 1149 5473 Stratum,
1188 5400 1366 5455 instar
1403 5402 1585 5457 lectuli
1620 5404 1852 5473 pellibus

264 5462 509 5587 ins‘trati.
547 5462 761 5521 Undea
788 5466 994 5525 Joanne
1041 5470 1323 5526 Geometra
1359 5488 1453 5543 per
1482 5462 1633 5530 κώεα
1673 5462 1852 5547 οιρτίὲ-

264 5549 341 5587 ml
375 5549 480 5587 ur:
1433 5568 1449 5580 .
1726 5574 1731 5577 Α

264 5549 443 5587 mitur
464 5551 480 5588 Ζ
1433 5568 1449 5580 .
1726 5574 1731 5577 Α

336 5621 619 5693 Μέμςσετο
645 5625 948 5692 Ἀρσένιόν
974 5645 1062 5695 τις
1082 5627 1223 5683 Mter
1241 5629 1339 5684 ἐπὶ
1362 5630 1584 5686 κώεσιν
1612 5633 1775 5688 ὄντα.

266 5712 491 5773 Dictum
523 5726 711 5773 autem
750 5719 963 5775 videtur
988 5720 1297 5792 χαλάδριον,
1349 5729 1440 5778 aut
1475 5739 1504 5777 a
1541 5726 1705 5782 verbo
1746 5742 1848 5797 χα-

1949 4501 2255 4556 recumbit?
2294 4500 2528 4558 Sumens
2559 4508 2737 4556 autem
2768 4501 2921 4555 illum
2954 4501 3185 4557 seorsim
3212 4501 3518 4570 presbyter,

1947 4592 2060 4647 ait:
2096 4589 2382 4657 Quodnam
2424 4601 2544 4647 erat
2590 4608 2728 4662 opus
2774 4598 2927 4646 tuum
2971 4591 3027 4646 in
3073 4598 3167 4645 tuo
3204 4590 3381 4660 pago?
3418 4587 3523 4644 Ile-

1948 4680 2171 4750 spondit
2203 4680 2330 4735 ille:
2355 4679 2516 4735 Eram
2549 4688 2753 4750 pastor.
2781 4679 3030 4746 Quonam
3061 4693 3193 4749 ergo
3216 4676 3401 4742 modo.
3434 4676 3522 4733 in-

1946 4775 2086 4844 quit,
2114 4773 2280 4828 vitam
2306 4772 2686 4844 transigebas?
2710 4772 2803 4827 Ait
2829 4791 2842 4828 :
2869 4772 2926 4827 In
2957 4771 3144 4826 labore
3166 4769 3361 4825 multo.
3380 4768 3522 4823 Tum

1947 4864 2234 4935 presbyter
2276 4882 2291 4918 :
2332 4862 2491 4918 Nunc
2531 4879 2659 4918 vero
2704 4879 2865 4934 quem
2910 4862 2977 4916 ad
3015 4861 3236 4917 modum
3292 4861 3345 4916 in
3384 4860 3524 4914 cella

1951 4955 2107 5024 agis?
2138 4953 2315 5009 Senex
2345 4972 2358 5008 :
2383 4952 2442 5007 In
2472 4953 2667 5022 majori
2704 4953 2842 5024 dego
2872 4953 3072 5024 quiete.
3109 4950 3249 5007 Dicit
3280 4951 3356 5006 illi
3384 4968 3397 5004 :
3431 4948 3527 5004 Vi-

1949 5045 2048 5101 des
2086 5045 2233 5100 hunc
2272 5044 2521 5100 abbatem
2573 5046 2903 5101 Arsenium?
2948 5044 3178 5111 Quando
3220 5044 3275 5096 in
3316 5042 3528 5098 mundo

1948 5137 2297 5203 versabatur.
2327 5148 2481 5208 pater
2501 5138 2710 5195 exstitit
2740 5140 3169 5208 imperatorum;
3202 5134 3351 5190 mille
3377 5135 3527 5190 seni

1952 5403 2086 5459 λάω.
2116 5409 2210 5456 aut
2240 5403 2395 5473 quasi
2426 5402 2738 5473 χαράδριον.
2774 5401 2896 5456 Vita
2928 5402 3162 5473 rArscnii
3199 5405 3381 5459 Graeca
3416 5416 3525 5457 ms.

1952 5473 2167 5544 εὐτελές
2188 5472 2509 5544 τιστρῶμα.
2541 5473 2698 5539 Quod
2738 5473 2882 5542 apud
2917 5472 3238 5543 Surium,u.
3283 5473 3374 5538 2|,
3426 5475 3533 5528 vita

1952 5542 2269 5609 stragulum.
2329 5542 2340 5544 ⁷
2418 5542 2423 5543 ⁷

2024 5611 2137 5677 (95)
2180 5608 2298 5677 Viri.
2335 5608 2511 5666 Vitam
2548 5612 2770 5673 Arseuii.
2804 5628 2859 5667 n.
2890 5612 2983 5668 22.

2031 5680 2141 5752 (96)
2180 5676 2338 5737 Joan.
2366 5680 2555 5737 Genui.
2592 5681 2789 5739 Parad.
2830 5685 2909 5741 ιο.
