4042 6208
222 334 331 394 103

1367 334 1984 394 ᾹΡΟΡΠἹῚΠΞΟΜΑΤΑ
2025 336 2330 399 PATRUM.

220 448 569 518 καταστῆσαι
593 445 778 511 αὑτὸν,
804 444 886 499 δτι
916 445 1137 518 μακρὰν
1162 440 1230 517 ἦν
1254 447 1287 517 ἡ
1309 449 1472 503 κέλλα
1493 451 1681 506 αὐτοῦ.
1707 453 1807 505 Kal

1920 463 2079 519 trem,
2114 455 2207 525 qui
2246 469 2371 509 eum
2403 453 2644 523 sisteret,
2680 456 2940 526 quoniam
2972 459 3164 529 procul
3200 469 3320 517 erat
3356 466 3493 522 cella

222 542 563 612 κρούσαντες
589 538 688 611 τὴν
718 537 888 610 θύραν
909 537 1181 608 εἰσῆλθον,
1208 538 1301 592 καὶ
1323 541 1703 613 ἀσπασάμενοι
1726 545 1818 597 τὸν

1920 544 2116 615 ipsius.
2154 546 2400 615 Cumque
2425 546 2627 598 ostium
2661 547 2995 616 pulsassent,
3040 550 3338 607 intrarunt.
3389 554 3499 611 Sa-

224 639 456 706 γέροντα
490 631 756 686 ἐκάθισαν
790 628 1126 694 σιωπῶντες.
1162 626 1329 685 Εἶπεν
1353 630 1446 687 οὖν
1479 637 1507 688 6
1535 635 1762 705 ἀδελφὸς
1790 640 1807 692 ί

1919 636 2200 705 lutatoque
2231 651 2361 691 sene
2395 637 2658 692 sederunt
2691 639 2867 692 taciti.
2910 638 3058 694 Dixit
3100 642 3191 697 ille
3235 643 3490 703 Ecclesia:

226 725 324 795 τῆς
364 721 714 793 Ἐκκλησίας·
753 719 895 789 Ἐγὼ
922 719 1137 787 ὑπάγω,
1157 720 1385 788 εὔξασθε
1412 725 1552 798 ὑπὲρ
1577 726 1733 797 ἐμοῦ.
1759 727 1807 780 Ὀ

1918 731 2089 784 frater
2114 747 2127 782 :
2166 728 2276 798 Ego
2305 729 2463 791 abeo,
2499 738 2655 784 orate
2685 745 2784 801 pro
2813 746 2917 785 me.
2950 731 3144 787 Frater
3177 751 3306 790 vero
3336 753 3494 807 pere-

229 816 281 868 δέ
312 814 545 884 ἀδελφὸς
575 814 605 866 6
643 811 813 877 ξένος,
859 811 937 883 μή
970 811 1149 884 εὑρὼν
1182 816 1499 886 παρρησίαν
1541 817 1679 888 πρὸς
1722 816 1816 872 τὸν

230 905 477 977 γέροντα,
507 901 628 958 εἷπε
652 904 731 975 τῷ
752 903 988 975 ἀδελφῷ·
1021 907 1299 977 Ἔρχομαι
1337 907 1491 977 κάγὼ
1527 913 1665 979 μετά
1696 910 1812 966 σοῦ.

230 992 339 1047 Καὶ
377 995 605 1067 ἐξῆλθον
646 996 806 1067 ὁμοῦ.
844 996 1226 1067 Παρεκάλεσεν
1269 995 1362 1051 οὖν
1394 1000 1574 1065 αὐτὸν,
1617 1001 1811 1070 λέγων’

232 1092 374 1142 Λάϐε
410 1105 477 1157 με
507 1088 603 1140 καὶ
636 1085 774 1159 πρὸς
806 1087 897 1140 τὸν
915 1086 1092 1141 ἁδδᾶν
1107 1088 1312 1160 Μωσῆν
1332 1091 1421 1144 τὸν
1444 1091 1553 1145 ἀπὸ
1578 1092 1811 1166 λῃστῶν.

230 1179 338 1230 Ka‘t
359 1176 626 1233 ἐλθόντων
648 1179 829 1233 αὐτῶν
850 1180 987 1250 πρὸς
1008 1180 1191 1245 αὐτὸν,
1212 1181 1430 1246 ἐδέξατο
1454 1185 1650 1248 αὐτοὺς
1675 1186 1813 1256 μετὰ

227 1278 422 1348 χαρᾶς,
458 1277 552 1331 καὶ
580 1276 986 1347 φιλοφρονήσας
1007 1277 1052 1309 ³⁹
1088 1277 1284 1342 αὐτοὺς
1307 1278 1563 1333 ἀπέλυσε.
1591 1281 1701 1334 Καὶ
1721 1281 1807 1334 λέ-

227 1383 316 1433 γει
347 1366 494 1437 αὐτῷ
518 1369 546 1421 6
577 1367 803 1435 ἀδελφὸς
826 1369 854 1421 6
880 1365 1119 1436 ἐνεγκὼν
1146 1369 1334 1422 αὐτόν·
1377 1371 1508 1424 Ἰδοὺ
1531 1373 1811 1442 ἀπένεγκά

228 1473 290 1510 σε
333 1457 467 1528 πρὸς
496 1458 589 1511 τὸν
623 1457 833 1522 ξενικὸν
865 1458 960 1512 καὶ
988 1457 1124 1529 πρὸς
1151 1459 1243 1514 τὸν
1268 1459 1588 1529 Αίγύπτιον.
1624 1463 1718 1528 Τίς
1746 1467 1810 1517 ἐκ

228 1546 342 1600 τῶν
382 1547 677 1618 δύο-ἤρεσέ
710 1566 825 1614 σοι;
867 1549 927 1602 '0
967 1549 1023 1603 δὲ
1065 1549 1387 1623 ἀποκριθεὶς
1425 1549 1601 1606 εἶπεν·
1654 1553 1809 1624 Ἐμοὶ

224 1640 375 1703 ’τέως
401 1641 429 1692 6
453 1640 744 1708 Αἰγύπτιος
773 1643 988 1713 ἤρεσεν.
1028 1640 1290 1705 Ἀκούσας
1307 1644 1365 1696 δέ
1393 1661 1476 1708 τις
1503 1646 1611 1698 τῶν
1638 1645 1801 1700 Πατέ-

224 1747 341 1801 ρων
360 1730 546 1791 ταῦτα,
576 1730 772 1796 εὔξατο
800 1731 879 1802 τῷ
901 1732 1040 1803 Θεῷ,
1077 1732 1272 1802 λέγων·
1301 1735 1492 1808 Κύριε,
1520 1736 1691 1804 δεῖξόν
1715 1757 1805 1809 μοι

1914 822 2132 892 grinus,
2168 827 2315 891 quod
2364 836 2493 888 erga
2539 837 2723 876 senem
2770 822 3024 878 fiduciam
3082 826 3336 896 loquendi
3384 844 3494 884 non

1915 913 2166 975 haberet,
2198 913 2339 966 dixit
2365 913 2521 966 fratri
2549 931 2563 967 :
2600 913 2709 984 Ego
2741 917 2905 969 etiam
2948 924 3124 971 tecum
3154 919 3489 988 proficiscor.

1916 1003 2202 1075 Simulque
2245 1005 2524 1058 exierunt.
2564 1004 2901 1074 Deprecatus
2935 1024 3066 1077 ergo
3105 1025 3229 1064 eum
3267 1020 3372 1076 est,
3412 1013 3496 1066 di-

1913 1110 2084 1149 cens:
2121 1094 2235 1149 Duc
2267 1111 2353 1150 me
2395 1096 2460 1149 ad
2504 1096 2755 1151 abbatem
2808 1098 3009 1155 Mosen]
3061 1101 3154 1170 qui
3191 1101 3292 1155 fuit
3328 1104 3489 1158 latro.

1912 1184 2033 1250 Quo
2061 1201 2182 1240 cum
2217 1186 2621 1255 pervenissent,
2669 1187 2914 1256 suscepit
2963 1188 3083 1241 illos
3120 1188 3295 1250 laetus,
3328 1190 3490 1244 dimi-

1911 1279 2093 1349 sitque
2118 1285 2366 1332 amanter
2391 1285 2677 1333 tractatos.
2711 1278 2855 1332 Dixit
2886 1278 3053 1334 frater
3084 1282 3173 1349 qui
3202 1281 3368 1334 alium
3401 1281 3492 1335 ad-

1910 1370 2182 1424 duxerat:
2211 1366 2351 1423 Ecce
2392 1368 2525 1422 duxi
2572 1380 2626 1441 te
2662 1368 2728 1423 ad
2770 1377 3090 1423 extraneum
3129 1380 3182 1425 et
3223 1374 3287 1425 ad
3318 1372 3489 1443 Egy-

1910 1463 2082 1532 ptium
2110 1478 2123 1515 :
2155 1460 2278 1529 quis
2305 1476 2335 1515 e
2361 1461 2578 1514 duobus
2608 1460 2815 1529 placuit
2850 1462 2987 1516 tibi?
3021 1462 3319 1532 Respondit
3350 1465 3441 1519 ille
3471 1483 3484 1518 :

1911 1551 2038 1604 Mihi
2086 1552 2274 1620 utique
2318 1549 2525 1619 placuit
2569 1549 2883 1620 Egyptius.
2922 1551 3167 1607 Audiens
3214 1560 3342 1606 vero
3382 1554 3487 1608 ista

1908 1640 2132 1696 Patrum
2161 1642 2381 1712 aliquis,
2407 1641 2584 1695 oravit
2615 1640 2785 1695 Deum
2817 1642 2898 1697 sic
2929 1661 2941 1697 :
2979 1642 3229 1707 Domine,
3257 1646 3486 1699 ostende

1908 1736 2043 1789 mihi
2090 1736 2233 1787 hanc
2277 1749 2415 1799 rem,
2457 1732 2586 1803 quia
2633 1733 2726 1787 ille
2772 1732 2992 1803 quidem
3036 1746 3257 1804 propter
3285 1750 3485 1790 nomen

223 1821 285 1874 τὸ
308 1823 541 1892 πρᾶγμα
564 1822 750 1876 τοῦτο·
775 1823 858 1877 ὅτι
880 1824 937 1888 ὃς
960 1825 1058 1895 μὲν
1084 1825 1277 1895 φεύγει
1294 1827 1386 1881 διὰ
1405 1829 1466 1881 τὸ
1490 1828 1662 1901 ὄνομά
1687 1848 1800 1885 σοῦ’

1908 1833 2060 1880 tuum
2100 1824 2256 1895 fugit,
2281 1824 2372 1878 hic
2404 1838 2535 1878 vero
2566 1830 2790 1893 propter
2823 1823 2962 1877 idem
2997 1839 3198 1879 nomen
3222 1826 3487 1880 ambabus

222 1912 279 1977 ὃς
304 1913 363 1965 δέ
383 1912 809 1981 ἐναγκαλίζεται
829 1914 914 1967 διὰ
932 1915 989 1967 τὸ
1011 1915 1185 1987 ὄνομά
1200 1934 1315 1970 σου.
1334 1918 1447 1973 Kal.
1465 1919 1573 1974 ἰδοὺ
1590 1920 1803 1994 ἐδείχθη

222 2005 377 2074 αὐτῷ
396 2004 494 2057 δύο
524 2004 686 2057 πλοῖα
705 2005 909 2075 μεγάλα
929 2008 986 2059 ἐν
1011 2007 1088 2078 τῷ
1110 2008 1361 2080 ποταμῷ,
1384 2011 1479 2063 καὶ
1501 2010 1697 2084 θεωρεῖ
1714 2014 1806 2069 τὸν

222 2092 409 2148 ἆδὸᾶν
425 2094 698 2165 Ἀρσένιον
710 2096 800 2147 καὶ
812 2095 863 2147 τί
876 2095 1011 2152 Πνεῦ
1020 2115 1094 2167 μα
1104 2098 1196 2151 τοῦ
1212 2098 1347 2152 Θεοῦ
1363 2099 1523 2153 πλέον
1540 2103 1596 2154 ἐν
1608 2104 1807 2176 ἡσυχίᾳ

222 2181 309 2247 εἷς
330 2184 431 2237 ἕνα
450 2185 517 2216 ⁸ου
546 2185 680 2238 καὶὸ
698 2184 869 2248 ἀδδᾶς
885 2187 1090 2258 Μωσῆς
1118 2189 1213 2241 καὶ
1233 2192 1280 2244 oi
1304 2190 1525 2259 ἄγγελοι
1551 2194 1644 2246 τοῦ
1670 2193 1804 2249 Θεοῦ

223 2274 486 2340 πλέοντες
508 2276 588 2339 είς
606 2274 784 2339 Eva“,
810 2276 905 2330 καὶ
933 2276 1207 2349 ἐψώμιζον
1235 2281 1396 2334 αὐτὸν
1431 2282 1804 2355 μελικηρίδας.

292 2365 394 2419 λθ’.
427 2366 656 2435 Ἔλεγεν
681 2369 711 2421 6
741 2367 917 2432 ἀδὸἄς
948 2370 1170 2442 Δανιὴλ,
1198 2372 1280 2424 ὅτι
1321 2372 1529 2442 μέλλων
1550 2376 1807 2448 τελευτᾷν

227 2454 256 2509 6
298 2454 475 2519 ἀδσᾶς
528 2455 827 2527 Ἀρσένιος,
882 2458 1249 2529 παρήγγειλεν
1293 2460 1424 2529 ἡμῖν
1466 2459 1661 2529 λέγων·
1714 2463 1804 2535 Μὴ

229 2547 552 2620 (φροντίσητε
589 2550 766 2602 ποιεῖν
799 2549 1020 2617 ἀγάπας
1037 2551 1083 2581 ⁵⁸
1118 2550 1258 2620 ὑπὲρ
1287 2550 1445 2621 ἐμοῦ·
1476 2551 1586 2619 ἐγὼ
1620 2555 1724 2624 γὰρ
1758 2554 1806 2606 εί

227 2638 461 2710 ἐποίησα
486 2638 708 2710 ἐμαυτῷ
729 2639 972 2713 ἀγάπην,
1002 2640 1205 2713 ταύτην
1234 2640 1341 2711 ἔχω
1373 2642 1573 2713 εὑρεῖν.

302 2736 381 2800 μ’.
409 2730 711 2797 Μέλλοντος
747 2732 1008 2805 τελευτᾷν
1044 2733 1137 2787 τοῦ
1176 2733 1319 2788 esea
1358 2732 1654 2805 Ἀρσενίου,
1686 2735 1810 2788 ἐτασ-

228 2817 509 2891 ράχθησαν
537 2823 585 2874 οἱ
612 2821 853 2892 μαθηταὶ
877 2822 1063 2878 αὐτοῦ.
1099 2825 1205 2877 Καὶ
1231 2824 1378 2893 λέγει
1410 2826 1613 2890 αὐτοῖς·
1644 2824 1810 2880 Οὔπω

228 2906 393 2979 ἦλθεν
423 2914 460 2983 ή
489 2910 623 2984 ὥρα’
653 2914 743 2967 ὅτε
769 2915 827 2967 δέ
861 2915 991 2990 ἔλθῃ
1021 2915 1157 2987 ὥρα,
1189 2916 1331 2986 λέγω
1357 2917 1505 2987 ὑμῖν.
1533 2917 1809 2991 Κριθῆναι

227 2995 282 3052 δέ
306 2998 425 3070 ἔχω
450 3001 567 3071 μεθ’
603 3001 758 3072 ὑμῶν
799 3003 891 3057 ἐπὶ
933 3003 1026 3056 τοῦ
1057 3003 1299 3075 βήματος
1345 3003 1439 3057 τοῦ
1489 3004 1721 3076 φοϐεροῦ
1738 3005 1806 3070 ⁴³,

229 3087 322 3144 ἐὰν
350 3088 489 3142 δῶτε
529 3090 591 3144 τδ
628 3090 883 3161 λείψανόν
923 3092 1023 3164 μού
1062 3107 1186 3147 τινι.
1218 3095 1280 3146 Οί
1310 3093 1367 3147 δὲ
1402 3088 1577 3148 εἷπον·
1618 3095 1683 3147 Τί
1715 3088 1807 3147 οῦν

1910 1918 2058 1972 ulnis
2084 1916 2335 1986 suscipit.
2373 1915 2439 1968 Et
2472 1931 2604 1971 ecce
2635 1924 2872 1971 ostensae
2901 1926 3029 1970 sunt
3054 1918 3103 1971 ei
3133 1917 3253 1973 duae
3278 1932 3487 1988 magna:

1908 2023 2075 2063 naves
2102 2008 2157 2061 in
2188 2006 2387 2071 fluvio;
2423 2006 2884 2076 conspicaturque
2910 2008 3161 2063 abbatem
3189 2009 3482 2064 Arsenium

1908 2110 1964 2155 et
1986 2099 2248 2169 Spiritum
2282 2096 2373 2151 Dei
2410 2098 2464 2151 in
2498 2113 2606 2151 una
2636 2099 2818 2166 quiete
2846 2100 3182 2168 navigantes.
3214 2100 3350 2155 Cum
3383 2102 3482 2156 ab-

1908 2184 2035 2241 bate
2086 2200 2215 2240 vero
2258 2184 2407 2239 Mose
2449 2184 2624 2253 angeli
2669 2184 2767 2239 Dei
2815 2186 2871 2239 in
2912 2188 3080 2241 altera
3122 2189 3481 2254 vehebantur,

1909 2288 2144 2343 eumque
2182 2272 2342 2327 melle
2369 2287 2400 2327 e
2433 2271 2573 2327 favis
2599 2273 2899 2329 distillante
2921 2274 3199 2330 cibabaut.

1979 2365 2067 2421 '59.
2119 2363 2196 2437 (2)
2241 2363 2438 2418 Aiebat
2480 2364 2651 2420 abbas
2696 2364 2885 2420 Daniel
2928 2384 2942 2420 :
2977 2365 3274 2423 Moriturus
3314 2369 3484 2424 abbas

1911 2457 2197 2519 Arsenius,
2252 2455 2600 2510 denuntiavit
2649 2455 2808 2511 nobis
2859 2456 3095 2512 dicens:
3130 2457 3307 2513 Nolite
3353 2460 3485 2513 dare

1909 2564 2130 2619 operam
2162 2555 2223 2602 ut
2251 2563 2351 2618 pro
2371 2562 2456 2601 me
2486 2562 2690 2618 agapas
2716 2546 2955 2603 faciatis.
2979 2547 3091 2619 Ego
3109 2550 3255 2604 enim
3272 2549 3324 2604 si
3348 2550 3483 2605 mihi

1908 2653 2116 2709 agapen
2154 2638 2279 2701 feci,
2316 2638 2644 2693 inventurus
2672 2653 2793 2694 sum
2827 2654 2969 2694 eam.

1978 2726 2068 2781 40.
2119 2725 2197 2796 (5)
2229 2726 2366 2781 Cum
2415 2726 2584 2780 abbas
2641 2726 2909 2782 Arsenius
2964 2729 3267 2784 moriturus
3311 2739 3480 2794 esset,

1909 2817 2113 2873 turbati
2145 2824 2273 2872 sunt
2306 2817 2483 2899 ipsius
2512 2817 2787 2887 discipuli.
2818 2817 2886 2871 Et
2920 2819 3058 2873 dixit
3082 2820 3163 2875 eis
3189 2840 3202 2874 :
3228 2819 3482 2876 Nondum

1908 2909 2057 2965 venit
2094 2907 2259 2973 hora;
2284 2907 2505 2975 quando
2532 2916 2714 2961 autem
2743 2909 2977 2973 venerit,
3012 2910 3167 2964 vobis
3191 2913 3480 2967 nuntiabo.

1907 3001 2173 3055 Caeterum
2194 2998 2531 3068 judicandus
2552 3015 2672 3054 sum
2691 3000 2974 3056 vobiscum
2996 3009 3120 3056 ante
3140 3004 3479 3058 tremendum

1909 3088 2172 3154 tribunal,
2198 3088 2245 3143 si
2269 3102 2473 3157 corpus
2497 3103 2678 3143 meum
2712 3090 2968 3159 cuiquam
3003 3091 3283 3146 dederitis.
3318 3091 3484 3148 Dixe-

232 3179 556 3251 ποιήσομεν,
598 3182 679 3236 ὅτι
711 3182 814 3235 οὐκ
851 3182 1072 3254 οἴδαμεν
1112 3184 1464 3252 smmum;
1504 3184 1617 3239 Καὶ
1656 3185 1806 3253 λέγει

1908 3192 2035 3238 nint
2057 3183 2092 3237 ii
2127 3201 2139 3237 :
2166 3180 2308 3248 Quid
2331 3196 2464 3251 ergo
2478 3180 2878 3257 _faciemus,qui
2904 3181 3179 3237 nescimus
3208 3182 3480 3254 sepelire?

227 3268 412 3335 αὐτοῖς
444 3273 475 3325 6
512 3271 709 3344 γέρων·
754 3274 867 3328 Οὐκ
893 3274 1072 3329 οἴδατε
1107 3275 1289 3347 βαλεῖν
1331 3276 1561 3346 σχοινίον
1604 3278 1685 3341 είς
1717 3276 1806 3331 τὸν

227 3364 367 3419 πόδα
406 3382 533 3437 μου,
567 3368 666 3420 καὶ
692 3361 823 3440 ἀραί
856 3384 923 3438 με
947 3370 1028 3431 εἰς
1051 3369 1112 3421 τὸ
1142 3367 1297 3438 ὅρος;
1327 3353 1496 3432 Οῦτος
1523 3368 1580 3422 δέ
1605 3370 1635 3424 6
1653 3368 1808 3439 λόγος

224 3456 319 3511 τοῦ
371 3456 629 3530 γέροντος
660 3454 749 3531 ἦν·
802 3460 1068 3531 ’Δρσένιε,
1118 3460 1199 3513 διὸ
1246 3460 1497 3532 ἐξῆλθες;
1547 3460 1805 3533 λαλήσας,

227 3549 494 3613 πολλάκις
515 3549 918 3624 μετεμελήθην,
935 3554 1217 3623 σιωπήσας
1244 3552 1300 3606 δέ
1325 3553 1600 3609 οὐδέποτε.
1635 3552 1723 3618 Ὦς
1751 3554 1807 3607 δέ

224 3640 396 3709 ἐγγὺς
431 3637 502 3714 ἦν
542 3642 638 3695 τοῦ
685 3643 945 3715 τελευτᾷν
965 3642 1032 3707 ⁸⁸,
1082 3639 1223 3697 εἶδον
1275 3644 1435 3697 αὐτὸν
1485 3646 1535 3697 οἱ
1589 3643 1809 3713 ἀδελφοὶ⁵

227 3732 504 3787 κλαίοντα·
552 3733 647 3787 καὶ
687 3733 937 3803 λέγουσιν
983 3733 1151 3805 αὐτῷ·
1209 3734 1296 3787 Ἐν
1333 3734 1561 3806 ἀληθείᾳ
1604 3733 1699 3789 καὶ
1741 3735 1805 3788 σὺ

229 3823 390 3893 φοϐῇ,
417 3823 634 3894 Πάτερ;
662 3824 770 3878 Kal.
792 3820 943 3878 εἶπεν
970 3826 1172 3888 αὐτοῖς·
1211 3824 1297 3878 Ἐν
1319 3824 1564 3896 ἀληθείᾳ,
1589 3827 1617 3879 6
1644 3824 1808 3896 φόϐος

224 3915 369 3969 όνῦν
403 3915 523 3985 μετ’
551 3914 687 3987 ἐμοῦ
717 3918 774 3971 ἐν
809 3919 874 3987 τῇ
917 3917 1036 3988 ὥρα
1066 3916 1258 3989 ταύτῃ,
1309 3918 1428 3988 μετ’
1479 3915 1616 3988 ἐμοῦ
1659 3919 1807 3970 ἐστιν

226 4007 321 4078 ἀφ’
348 3999 412 4061 οὗ
436 4007 707 4079 ἐγενόμην
728 4008 980 4079 μοναχός.
1010 4009 1121 4062 Καὶ
1144 4009 1316 4068 οὕτως
1332 4009 1626 4081 ἐκοιμήθη.

301 4103 416 4169 μα’.
455 4095 683 4166 Ἔλεγον
707 4096 766 4151 δέ
801 4098 884 4152 ὅτι
913 4098 1032 4152 ὅλον
1058 4098 1149 4152 τὸν
1182 4099 1371 4170 χρόνον
1400 4100 1500 4171 τῆς
1532 4099 1679 4172 ζωῆς
1704 4098 1806 4155 αύ-

228 4187 344 4252 τοῦ,
386 4186 750 4259 καθεζόμενος
791 4190 873 4254 εἰς
916 4189 976 4242 τὸ
1017 4190 1329 4263 ἐργόχειρον
1372 4191 1561 4257 αὑτοῦ,
1605 4194 1807 4263 ράκκος

226 4275 375 4351 εἶχεν
400 4281 458 4332 ἐν
481 4279 561 4350 τῷ
586 4281 792 4351 κόλπῳ,
833 4278 993 4352 χάριν
1026 4281 1136 4335 τῶν
1168 4281 1417 4354 δακρύων
1448 4282 1556 4337 τῶν
1581 4283 1807 4338 πιπτόν-

225 4387 336 4426 των
369 4370 482 4424 ἀπὸ
515 4372 625 4424 τῶν
648 4371 942 4443 ὀφθαλμῶν
966 4370 1153 4429 αὐτοῦ.
1203 4373 1465 4437 Ἀκούσας
1490 4374 1549 4428 δέ
1578 4377 1607 4429 6
1632 4375 1806 4439 ἀὸϐἄς

1904 3275 2210 3348 Respondit
2245 3290 2415 3330 senex
2443 3292 2458 3329 :
2489 3273 2726 3329 Nescitis
2756 3276 2971 3330 mittere
2993 3276 3175 3331 funem
3206 3275 3260 3331 in
3284 3276 3478 3347 pedem

1908 3383 2111 3433 meum,
2144 3377 2195 3423 et
2235 3368 2455 3422 trahere
2492 3382 2577 3421 me
2608 3367 2664 3421 in
2704 3367 2984 3421 montem?
3015 3366 3090 3439 (4)
3124 3365 3346 3424 Solebat
3380 3384 3480 3423 au-

1906 3464 2013 3511 tem
2045 3456 2228 3512 dicere
2255 3474 2271 3511 :
2306 3455 2526 3519 Arseni,
2560 3456 2915 3526 quamobrem
2945 3470 2975 3510 e
2997 3456 3197 3511 saecqu
3221 3471 3478 3527 egressus

1904 3547 2001 3603 es?
2031 3545 2229 3617 Loqui,
2257 3546 2516 3617 paenituit
2544 3562 2629 3600 me
2663 3562 2836 3616 saepe;
2873 3548 3131 3612 tacuisse,
3174 3564 3475 3618 nunquam.

1905 3638 1974 3695 Ut
1995 3647 2179 3694 autem
2206 3640 2369 3693 morti
2396 3637 2500 3691 fuit
2525 3637 2832 3707 proximus,
2867 3638 3061 3695 fratres
3081 3638 3332 3693 viderunt
3354 3655 3476 3694 eum

1904 3730 2064 3798 flere;
2104 3740 2159 3785 et
2200 3729 2358 3783 aiunt
2394 3728 2444 3783 ei
2476 3746 2491 3782 :
2525 3726 2583 3781 In
2626 3729 2875 3794 veritate,
2928 3735 2983 3780 tu
3040 3744 3258 3798 quoque
3294 3730 3472 3794 times,

1904 3822 2101 3879 Pater?
2128 3820 2180 3878 Is
2213 3819 2323 3875 illis
2357 3837 2370 3874 :
2425 3818 2658 3882 Revera,
2704 3820 2869 3872 timor
2903 3833 3012 3889 quo
3053 3820 3154 3873 hac
3187 3819 3323 3873 hora
3351 3836 3475 3874 cor-

1905 3913 2098 3984 ripior,
2129 3927 2340 3968 mecum
2374 3925 2497 3965 esse
2525 3925 2633 3963 non
2664 3909 2873 3965 destitit
2901 3924 2932 3963 a
2956 3917 3198 3978 tempore
3221 3925 3329 3979 quo
3354 3926 3475 3965 mo-

1904 4006 2174 4061 nasticam
2206 4005 2373 4067 vitam
2409 4004 2650 4072 suscepi.
2683 4002 2863 4071 Atque
2896 4003 2972 4054 ita
2993 4000 3348 4055 obdormivit.

1973 4099 2064 4154 ιι.
2095 4095 2170 4169 (5)
2204 4095 2562 4170 Affirmabant
2597 4102 2801 4159 autem,
2832 4093 2977 4164 quod
3014 4109 3112 4164 per
3136 4108 3300 4149 omne
3333 4101 3474 4149 tem—

1905 4206 2008 4262 pus
2029 4190 2155 4245 vitaa
2174 4204 2306 4252 suae,
2327 4188 2523 4244 sedens
2544 4187 2611 4242 ad
2635 4186 2984 4241 manuftcium
3018 4202 3201 4251 suum,
3234 4202 3476 4257 pannum

1905 4281 1960 4336 in
1994 4281 2118 4337 sinu
2141 4279 2461 4353 gestaverit,
2487 4279 2558 4335 ob
2587 4278 2862 4350 lacrymas
2891 4294 2956 4334 ex
2983 4279 3157 4334 oculis
3185 4280 3308 4348 ejus
3330 4280 3480 4337 deci-

1906 4375 2120 4430 dentes.
2165 4372 2240 4445 (6)
2286 4371 2556 4428 Caeterum
2605 4371 2774 4427 abbas
2809 4371 3055 4436 Pcemen,
3111 4371 3299 4426 audita
3331 4372 3476 4427 illius

227 4460 444 4532 Ποιμὴν
479 4463 560 4515 ὅτι
602 4461 892 4535 ἐκοιμήθη,
930 4461 1208 4535 δακρύσας
1243 4460 1385 4519 εἶπε·
1414 4466 1700 4536 Μακάριος
1733 4461 1804 4531 εἴ,

1908 4463 2256 4530 dormitione,
2286 4460 2422 4518 flens
2454 4460 2601 4517 infit:
2621 4458 2857 4516 Felicem
2885 4471 2958 4525 te,
2977 4460 3115 4515 abba
3138 4461 3358 4527 Arseni,
3380 4463 3475 4532 qui

229 4550 375 4605 ἀδὸᾶ
413 4551 676 4623 Ἀρσένιε,
706 4553 789 4607 ὅτι
820 4552 1087 4617 ἔκλαυσας
1109 4553 1300 4609 ἐαυτὸν
1326 4555 1405 4620 εἰς
1430 4556 1523 4609 τὸν
1561 4549 1663 4610 ὦδε
1709 4557 1804 4611 κό-

231 4659 387 4712 σμον.
424 4641 485 4695 ’0
529 4642 639 4713 γὰρ
684 4643 758 4714 μὴ
798 4641 1003 4697 κλαίων
1045 4643 1237 4698 ἐαυτὸν
1272 4637 1394 4706 ὦδε,
1426 4644 1659 4709 αίωνίως
1690 4644 1808 4699 ἐκεῖ

225 4732 548 4788 κλαύσεται.
569 4733 696 4787 Εἴτε
713 4730 808 4787 οὖν
831 4728 933 4787 ὧδε
949 4732 1113 4802 ἐκὼν,
1126 4734 1238 4789 εἶτε
1253 4736 1372 4790 ἐκεῖ
1393 4735 1505 4790 ἀπὸ
1532 4735 1802 4806 βασάνων,

226 4824 492 4879 ἀδύνατον
527 4826 600 4898 μὴ
625 4825 881 4879 κλαῦσαι.

298 4937 410 5008 μβ¹.
445 4939 753 5009 Διητήσατο
778 4939 837 4993 δέ
866 4940 898 4993 6
922 4937 1098 5002 ἀδϐᾶς
1127 4937 1322 5011 Δανιὴλ
1354 4938 1483 5012 περὶ
1512 4940 1698 5004 αὐτοῦ,
1720 4941 1806 4996 δτι

219 5029 483 5083 οὐδέποτε
530 5030 688 5101 ήθελε
725 5030 908 5085 λαλεῖν
946 5047 1001 5085 τι
1046 5030 1267 5102 ζήτημα
1313 5032 1379 5084 ἐκ
1419 5031 1519 5103 τῆς
1562 5032 1807 5105 Γραφῆς,

220 5117 430 5189 καίπερ
463 5117 764 5190 δυνάμενος
794 5118 1026 5190 λαλῆσαι
1053 5119 1102 5172 εί
1135 5119 1345 5191 ἢθελενο
1386 5119 1500 5172 ἀλλ’
1531 5121 1654 5175 οὐδέ
1687 5123 1810 5176 ἐπι-

222 5210 420 5283 στολὴν
456 5210 667 5280 ταχέως
695 5210 957 5281 ἔγραφεν.
994 5212 1123 5267 Ὅτε
1152 5212 1210 5266 δέ
1245 5212 1446 5285 ήρχετο
1484 5214 1564 5273 είς
1592 5210 1688 5280 τὴν
1717 5228 1810 5267 εκ-

216 5299 457 5371 κλησίαν
480 5300 573 5355 διὰ
597 5302 815 5374 χρόνον,
840 5302 1019 5357 ὀπίσω
1045 5301 1140 5357 τοῦ
1169 5302 1363 5356 στύλου
1385 5301 1697 5368 ἐκαθέζετο,
1720 5304 1809 5359 ἵνα

1906 4556 2075 4610 hocce
2102 4554 2157 4608 in
2186 4554 2393 4609 mundo
2428 4553 2661 4623 teipsum
2703 4550 2941 4607 ﬂeveris.
2983 4549 3120 4607 Nam
3152 4553 3245 4623 qui
3277 4563 3478 4609 semet—

1904 4646 2086 4716 ipsum
2108 4646 2199 4700 hic
2225 4659 2334 4701 non
2361 4638 2549 4711 deﬂet,
2572 4642 2906 4712 sempiterna
2926 4641 3039 4696 illic
3065 4641 3323 4712 plorabit.
3351 4640 3477 4697 Sive

1903 4751 2036 4806 ergo
2059 4735 2149 4791 hic
2183 4744 2398 4806 sponte,
2432 4735 2547 4789 sive
2578 4733 2649 4789 ibi
2687 4748 2782 4805 per
2815 4741 3109 4800 tormenta,
3139 4733 3255 4788 fieri
3289 4736 3478 4805 nequit

1902 4828 2036 4898 quin
2062 4830 2366 4900 lugeamus.

1978 4942 2069 4999 4‘2.
2105 4940 2181 5014 (7)
2217 4938 2472 4995 Narravit
2520 4938 2590 4995 de
2639 4939 2829 4995 eodem
2877 4939 3050 4995 abbas
3083 4938 3295 5004 Daniel,
3331 4938 3476 5009 quod

1906 5049 2184 5104 nunquam
2214 5032 2282 5088 de
2315 5033 2425 5087 ulla
2455 5029 2751 5101 Scriptura:
2777 5031 3082 5101 qumstione
3109 5030 3257 5099 loqui
3293 5029 3481 5084 volue-

1906 5125 2000 5189 rit,
2039 5126 2166 5181 licet
2206 5124 2447 5195 potuerit
2479 5125 2527 5179 si
2558 5124 2846 5178 voluisset.
2882 5122 2987 5179 Sed
3021 5138 3122 5179 nec
3150 5122 3363 5177 litteras
3394 5121 3478 5176 fa-

1904 5216 2009 5270 cile
2043 5215 2343 5271 scribebat.
2379 5214 2612 5281 Quando
2638 5222 2820 5269 autem
2858 5213 2927 5267 ad
2950 5214 3237 5269 ecclesiam
3271 5227 3368 5283 per
3394 5213 3479 5267 in-

1905 5307 2131 5362 tervalla
2158 5306 2432 5369 veniebat,
2459 5303 2685 5359 sedebat
2712 5318 2743 5357 a
2775 5312 2926 5374 tergo
2952 5302 3241 5370 columnae,
3264 5319 3332 5359 ne
3352 5304 3480 5375 quis

294 5415 339 5446 ³³
374 5415 460 5496 Al.
491 5415 852 5484 φιλοξενίσας.
931 5416 978 5450 ⁵⁸
1000 5416 1087 5472 Al.
1120 5415 1200 5473 ἓν.
1277 5420 1320 5451 ⁵⁸
1352 5418 1439 5472 Al.
1465 5418 1542 5474 ἐν.
1616 5419 1661 5451 ⁵⁸
1696 5420 1779 5475 Al.

1908 5421 2059 5497 ἱπην.
2140 5423 2185 5455 ⁵³
2218 5422 2303 5478 Al.
2335 5420 2593 5495 Χριστοῦ.
2674 5420 2722 5453 ⁸⁵
2752 5420 2834 5473 Al.
2857 5418 3090 5491 ἤμελλεν
3124 5421 3480 5495 παραδιδόναι

217 5482 280 5537 τὺ
305 5482 555 5558 πνεῦμα.

287 5626 369 5697 (2)
406 5624 515 5679 Vit.
545 5624 698 5680 Patr.
726 5641 781 5691 ι,
816 5625 874 5680 9-

288 5695 369 5763 (3)
416 5695 529 5748 Vit.
566 5695 717 5749 Patr.
745 5713 798 5757 κ,
828 5695 874 5751 9.

315 5736 369 5837 ὅ
406 5736 986 5836 né}b£h'.'"1502irf'io;
1018 5765 1291 5839 Euthymii
1329 5766 1473 5835 Vita,
1506 5784 1560 5825 η.
1596 5767 1685 5825 59.

507 5858 779 5920 ΡΑτιιοι..
827 5859 945 5922 Gn.
996 5862 1183 5925 LXV.

2230 5626 2380 5701 Patr.
2414 5641 2498 5690 ιιι,
2537 5627 2597 5701 l_;
2637 5623 3010 5701 Martyrolog.,
3038 5625 3146 5685 Jul.
3182 5627 3267 5683 19.

1999 5697 2054 5758 6)
2093 5697 2202 5754 Vit.
2229 5697 2379 5751 Palr.
2415 5714 2504 5758 xv,
2542 5697 2595 5751 9.

1998 5627 2030 5683 5
2097 5627 2201 5683 Vit.
2230 5627 2380 5681 Patr.
2414 5641 2498 5690 m,
2537 5627 2597 5690 l;

1999 5700 2032 5752 6
2093 5697 2202 5754 Vit.
2229 5697 2379 5751 Palr.
2415 5714 2504 5758 xv,
2542 5697 2595 5751 9.

1975 5627 2057 5840 g1;
2097 5768 2201 5824 Vit.
2230 5768 2382 5824 Patr.
2405 5783 2494 5835 xv,
2525 5768 2608 5825 10.

3169 5864 3205 5918 ἐ

3397 351 3618 411 106·
