4054 6206
520 374 627 429 1οτ

1684 366 2026 422 APPENDIX
2065 367 2153 422 AD
2184 368 2266 422 PA
2278 365 2603 423 LLADIUM.

3677 365 3777 416 "’8

526 481 732 539 videret
774 479 967 534 faciem
1008 477 1204 547 ipsius,
1262 490 1363 530 nec
1420 474 1537 545 ipse
1590 473 1713 532 aliis
1754 477 2083 533 intenderet.

2203 478 2384 550 μηδεὶς
2431 477 2510 549 ἰδῇ
2554 476 2615 529 τὸ
2663 476 2949 547 πρόσωπον
3013 473 3199 538 αὐτοῦ,
3245 474 3379 546 μηδὲ
3424 473 3585 536 αὐτὸς
3628 476 3771 546 ἄλλῃ

522 570 695 629 Porro
721 569 904 641 specie
937 579 1055 624 erat
1090 567 1359 638 angelica,
1404 566 1549 621 sicut
1583 563 1790 635 Iacob;
1818 575 1968 623 totus
1996 583 2091 624 ca-

521 677 649 730 nus,
680 676 909 733 corpore
936 660 1169 731 eleganti
1207 676 1220 713 :
1251 656 1354 713 fuit
1382 668 1566 714 autem
1605 659 1825 727 aridus;
1858 661 2092 731 gestavit

521 754 745 808 barbam
779 752 996 819 longam
1029 764 1152 821 quae
1183 749 1250 804 ad
1290 757 1535 805 ventrem
1583 752 1943 822 pertingeret;
1996 752 2093 823 pili

519 842 806 898 oculorum
833 856 946 911 prie
968 839 1125 895 fletus
1146 839 1490 896 vehementia
1511 839 1847 895 deciderant.
1872 840 2092 896 Statura

520 939 637 984 erat
665 931 796 995 alta,
822 930 921 986 sed
950 929 1106 985 senio
1134 943 1358 983 curvus.
1391 930 1579 985 Annos
1604 939 1768 986 natus
1799 931 2094 1001 nonaginta

517 1022 781 1093 quinque.
820 1021 887 1075 Et
913 1036 1045 1078 vero
1074 1022 1274 1077 mansit
1301 1021 1354 1075 in
1382 1020 1584 1077 divinae
1613 1022 1887 1077 memoria;
1916 1021 2097 1077 Theo-

518 1112 664 1168 dosii
701 1112 931 1182 majoris
962 1112 1166 1183 palatio
1197 1126 1373 1167 annos
1407 1111 1794 1182 quadraginta,
1832 1120 1986 1182 pater
2009 1110 2094 1167 fa-

520 1211 642 1259 ctus
669 1204 1146 1262 divinissimorum
1177 1204 1398 1258 Arcadii
1427 1210 1481 1258 et
1504 1202 1760 1273 llonorii;
1791 1204 1940 1259 Sceti
1959 1204 2095 1259 alios

518 1294 913 1366 quadraginta;
946 1294 1002 1348 in
1039 1292 1182 1348 Troe
1218 1292 1524 1364 superioris
1552 1292 1871 1364 Babylonis,
1900 1307 2097 1349 versus

520 1385 835 1455 Memphim,
869 1386 1056 1441 decem
1083 1401 1098 1453 ;
1129 1390 1243 1439 tres
1277 1384 1333 1438 in
1362 1382 1597 1454 CanOpo‘
1623 1384 2001 1452 Alexandria;
2027 1384 2097 1440 ad

519 1477 764 1547 reliquos
788 1483 971 1532 autem
1002 1476 1142 1531 duos
1167 1490 1367 1537 annos.
1395 1475 1556 1530 rediit
1587 1473 1805 1541 Troen;
1838 1476 1930 1529 ubi
1954 1492 2098 1531 mor-

521 1581 648 1626 tuus
686 1579 805 1640 est;
839 1577 1130 1641 postquam
1168 1572 1221 1623 in
1254 1583 1387 1639 pace
1424 1584 1488 1624 ac
1521 1568 1721 1624 timore
1753 1567 1847 1625 Dei
1872 1583 2096 1625 cursum

522 1680 681 1720 suum
704 1660 1145 1720 consummasset
1174 1680 1187 1715 :
1220 1660 1359 1726 Quia
1389 1669 1505 1715 erat
1543 1661 1619 1715 vir
1641 1658 1807 1715 bonus
1831 1669 1882 1714 et
1912 1660 2098 1731 plenus

523 1754 727 1824 Spiritu
748 1763 933 1810 sancto
953 1769 1002 1809 et
1029 1752 1134 1823 ﬁde
1149 1752 1216 1805 ".
1241 1751 1481 1823 Reliquit
1501 1768 1635 1809 vero
1655 1753 1788 1807 mihi
1814 1754 2097 1824 pelliceam

2200 572 2434 642 πρόσχῃ.
2462 565 2569 623 Ἶῐν
2588 568 2643 622 δὲ
2669 568 2729 621 τὸ
2760 563 2897 630 εἶδος
2916 566 3103 629 αὑτοῦ,
3128 565 3437 634 ἁγγελικδν,
3464 565 3613 620 ὥσπε
3623 585 3653 639 ρ
3678 566 3776 622 τοῦ

2212 662 2423 716 Ἰακώϐ·
2446 660 2739 722 ὁλοπόλιος,
2764 661 2976 722 ἀστεῖος
2990 658 3066 728 τῷ
3091 656 3321 728 σώματι·
3345 656 3505 729 ξηρὸς
3524 658 3579 711 δὲ
3600 660 3776 731 ῦπῆρ⁴

2198 770 2312 824 χεν·
2341 748 2452 823 εἶχε
2480 752 2536 805 δὲ
2562 752 2651 805 τὸν
2669 750 2904 819 πώγωνα
2930 749 3100 820 μέγαν
3127 748 3393 817 φθάνοντα
3418 748 3522 811 ἓως
3542 751 3637 820 τῆς
3662 768 3778 803 κοι-

2199 844 2339 908 λίας·
2372 847 2426 897 αἱ
2464 844 2521 897 δὲ
2551 843 2736 914 τρίχες
2770 842 2878 894 τῶν
2914 840 3206 911 ὀφθαλμῶν
3239 839 3403 894 αὑτοῦ
3440 840 3634 895 ἔπεσον
3667 843 3778 895 διπό

2198 933 2295 988 τοῦ
2327 933 2628 1003 κλαυθμοῦ·
2661 931 2867 1003 μακρὸς
2887 933 2942 985 δὲ
2966 928 3055 1002 ἦν,
3090 931 3206 984 ἀλλ’
3233 931 3518 1002 ὲκυρτὼθη
3552 931 3658 984 ἀπὸ
3678 932 3776 986 τοῦ

2200 1028 2403 1098 γήρως.
2436 1026 2682 1093 Ἐγένετο
2704 1025 2749 1055 ⁸⁸
2768 1024 2824 1078 δὲ
2844 1023 2980 1076 ἐτῶν
3003 1024 3324 1094 ἐνενήκοντα
3344 1022 3525 1077 πέντε.
3558 1023 3777 1096 Ἐποίηα

2203 1136 2263 1172 σε
2296 1118 2350 1171 δὲ
2385 1119 2464 1181 εἰς
2500 1117 2560 1170 τὸ
2610 1115 2870 1170 παλάτιον
2918 1114 3008 1167 τοῦ
3038 1112 3138 1183 τῆς
3165 1112 3313 1175 θείας
3339 1115 3558 1185 μνήμης
3587 1114 3777 1168 Θεοδο·

2205 1210 2321 1264 σίου
2354 1209 2447 1264 τοῦ
2480 1208 2712 1279 μεγάλου
2761 1207 2854 1277 ἔτη
2881 1204 3309 1276 τεσσαράκοντα,
3337 1205 3518 1276 πατὴρ
3545 1205 3777 1273 γενόμε-

2202 1318 2291 1365 νος
2319 1301 2427 1354 τῶν
2455 1299 2743 1354 θειοτάτων
2776 1296 3057 1368 ’Δρκαδὶου
3080 1295 3174 1349 καὶ
3209 1295 3485 1366 Ὀνωρίου·
3510 1296 3603 1348 καὶ
3629 1299 3689 1349 ὲν
3710 1298 3777 1366 τῇ

2205 1392 2399 1464 Σκήτει
2447 1385 2699 1460 ἐποίηόεν
2750 1386 2843 1458 ἔτη
2891 1385 3319 1457 τεσσαράκοντα·
3375 1385 3466 1439 καὶ
3516 1385 3645 1439 δέκα
3698 1389 3780 1447 εις

2204 1482 2400 1556 Τρὼην
2427 1482 2526 1552 τῆς
2567 1482 2677 1536 ἄνω
2705 1478 3021 1540 Βαϐυλῶνος
3056 1476 3130 1548 (9)
3165 1475 3450 1529 κατέναντι
3476 1477 3777 1547 Μέμφεως·

2205 1574 2302 1628 καὶ
2324 1574 2451 1646 τρία
2480 1573 2574 1643 ἐτη
2598 1574 2677 1635 είς
2702 1570 2791 1623 τὸν
2827 1569 3093 1622 Κάνωπον
3132 1564 3552 1639 Ἀλεξανδρείας
3583 1568 3679 1622 καὶ
3706 1566 3780 1622 τὰ

2206 1664 2338 1719 ἄλλα
2370 1663 2461 1718 δύο
2497 1663 2612 1733 ἔτη,
2647 1657 2779 1733 ἦλθε
2811 1659 2970 1714 πάλιν
3003 1660 3083 1723 εἰς
3109 1655 3323 1729 Τρὼην,
3360 1659 3453 1712 καὶ
3490 1660 3608 1712 ἐκεῖ
3635 1661 3781 1713 ὲκοι-

2210 1755 2379 1827 μήθη,
2400 1754 2623 1817 τελέσας
2644 1754 2686 1784 ’·⁷
2710 1755 2768 1805 ἐν
2793 1754 2981 1824 εἰρήνῃ
3009 1753 3104 1805 καὶ
3130 1753 3186 1806 ὲν
3209 1751 3357 1822 φόϐῳ
3379 1749 3517 1803 Θεοῦ
3543 1750 3633 1803 τὸν
3653 1750 3779 1821 δρό-

521 1862 679 1903 suam
729 1849 998 1911 tunicam,
1050 1844 1334 1900 cilicinum
1380 1860 1663 1899 camasum
1712 1846 1918 1910 album,
1974 1860 2096 1900 cum

2206 1865 2304 1920 μον
2339 1845 2525 1900 αὑτοῦ·
2570 1846 2651 1899 δτι
2692 1839 2760 1915 ἦν
2790 1843 2928 1914 ἀνὴρ
2964 1842 3166 1911 ἀγαθὸς
3198 1843 3293 1896 καὶ
3318 1840 3557 1911 πλήρης
3586 1844 3777 1896 Uret}-

520 1940 789 1997 sandaliis
844 1938 1094 2011 palmeis.
1148 1938 1281 2006 Quae
1326 1952 1427 2009 ego
1475 1936 1735 2009 indignus
1776 1938 2003 2009 gestavi,
2040 1946 2098 1993 ut

2203 1958 2386 2011 ματος
2412 1940 2584 2008 ἁγίου
2624 1936 2723 1992 καὶ
2756 1938 3036 2002 πίστεως.
3074 1934 3347 1989 Κατέλιπε
3376 1934 3430 1987 δέ
3464 1953 3552 2006 μοι
3580 1936 3669 1987 τὸν
3696 1953 3781 2005 χι-

520 2046 618 2105 per
642 2046 706 2089 ea
732 2028 1109 2089 benedicerer.

590 2302 681 2356 43.
719 2300 917 2356 lterum
953 2300 1203 2355 narravit
1244 2299 1413 2354 abbas
1446 2298 1631 2352 Daniel
1671 2296 1739 2350 de
1768 2295 1965 2350 abbate
1997 2292 2098 2346 Ar-

521 2390 710 2445 senio:
750 2387 979 2443 Vocavit
1031 2388 1328 2456 aliquando
1377 2386 1571 2439 Patres
1623 2398 1813 2447 meos,
1849 2384 2097 2437 abbatem

521 2480 892 2535 Alexandrum
920 2492 983 2532 ac
1001 2477 1233 2542 Zoilum,
1256 2484 1310 2530 et
1342 2492 1450 2545 prae
1476 2477 1780 2532 humilitate
1807 2477 2099 2533 demittens

521 2585 581 2625 se
604 2610 617 2633 ,
653 2568 792 2623 dixit
825 2569 939 2624 eis:
975 2567 1429 2638 Quandoquidem
1463 2568 1740 2624 daemones
1776 2571 2100 2641 impugnant

522 2646 630 2723 ine,
657 2673 722 2713 ac
749 2659 937 2713 nescio
965 2673 1035 2712 an
1064 2658 1118 2712 in
1147 2673 1341 2713 somno
1372 2660 1689 2730 subrepant,
1714 2668 1930 2715 noctem
1961 2662 2101 2715 hanc

524 2750 739 2821 vigilate
769 2764 1016 2813 mecura,
1048 2757 1105 2805 et
1152 2749 1472 2817 observate,
1527 2766 1657 2805 num
1710 2751 1766 2806 in
1816 2752 2100 2822 pervigilio

520 2840 833 2898 dormitem.
861 2838 1031 2912 igitur
1060 2854 1091 2894 a
1117 2841 1434 2911 vespertino
1462 2847 1703 2912 tempore
1727 2841 1988 2897 sederunt
2019 2851 2101 2896 ta-

520 2933 651 2996 citi,
677 2947 816 2988 unus
869 2946 898 2986 a
950 2932 1159 2988 dextris
1190 2932 1369 2996 illius,
1399 2934 1533 2988 alter
1584 2948 1614 2987 a
1652 2934 1911 2990 sinistris.
1944 2933 2101 2988 Dixe-

522 3031 758 3096 runtque
783 3021 972 3080 Patres
1004 3021 1147 3077 mei:
1173 3021 1284 3078 Nos
1310 3023 1671 3078 dormivimus
1702 3039 1765 3077 ac
1792 3024 2096 3094 experrecti

524 3129 714 3170 sumus
736 3154 750 3178 ,
781 3129 880 3169 nec
919 3115 1193 3170 sensimus
1225 3128 1348 3168 eum
1383 3114 1698 3167 nictanlcm.
1730 3111 1887 3167 Mane
1916 3123 2096 3168 autem

524 3203 711 3273 (Dens
744 3203 930 3268 novit,
974 3212 1158 3256 utrum
1188 3203 1305 3272 ipse
1334 3202 1709 3269 simulaverit,
1742 3218 1851 3273 quo
1882 3213 2100 3273 putare-

523 3307 646 3347 mus
687 3306 811 3346 eum
846 3290 1253 3346 dormituriisse
1275 3330 1290 3353 ,
1325 3306 1417 3347 seu
1450 3306 1579 3346 vere
1625 3306 1851 3346 somnus
1906 3303 2103 3347 natura

523 3387 751 3451 cogente
783 3379 1102 3450 advenerit)
1148 3390 1232 3435 ter
1258 3377 1406 3434 flavit
1433 3420 1447 3446 ,
1484 3379 1883 3452 confestimque
1916 3398 2103 3438 surre-

524 3473 597 3526 xit
624 3510 639 3534 ,
696 3471 883 3527 aiens:
922 3469 1129 3526 Dormii
1173 3470 1380 3542 utique.
1414 3470 1478 3526 Et
1526 3474 1912 3544 respondimus
1966 3489 2102 3530 nos:

524 3562 831 3617 Nescimus.

594 3655 683 3710 44.
714 3655 993 3710 Venerunt
1016 3655 1310 3726 aliquando
1342 3670 1501 3710 senss
1543 3654 1610 3709 ad
1647 3653 1896 3711 abbatem
1937 3656 2103 3713 Arse-

524 3745 699 3812 nium,
716 3745 1059 3816 multumque
1085 3752 1413 3815 rogaverunt
1437 3752 1497 3798 ut
1515 3745 1957 3815 colloquerentur
1979 3761 2098 3801 cum

524 3842 609 3893 eo.
643 3835 737 3892 Ille
770 3847 950 3892 autem
1004 3844 1216 3906 portam
1249 3838 1481 3905 aperuit.
1513 3833 1652 3889 Tum
1702 3835 1903 3890 hortati
1954 3849 2103 3903 sunt,

525 3936 585 3985 nt
612 3929 679 3984 ad
713 3942 809 3984 eos
848 3941 1153 3984 sermonem
1205 3926 1430 3983 haberet
1474 3926 1541 3981 de
1571 3927 1835 3982 solitariis
1884 3927 1974 3997 qui
2004 3944 2105 3984 ne-

524 4021 726 4076 minem
759 4019 1072 4073 admittunt.
1100 4016 1189 4073 Ait
1225 4033 1427 4074 senex:
1465 4016 1720 4084 Quandiu
1772 4018 1925 4089 virgo
1958 4018 2106 4090 degit

524 4114 580 4169 in
612 4113 776 4167 domo
813 4111 989 4182 patris
1022 4110 1139 4175 sui,
1184 4111 1408 4180 plurimi
1452 4112 1678 4180 cupiunt
1725 4110 1912 4179 sponsi
1956 4110 2105 4166 illius

523 4204 677 4268 ﬁeri;
728 4217 854 4256 cum
909 4217 1039 4257 vero
1098 4202 1355 4256 maritum
1400 4202 1701 4271 acceperit,
1761 4215 2102 4270 nequaquam

522 4296 701 4367 placet
743 4294 999 4357 cunctis,
1047 4293 1140 4348 sed
1174 4294 1254 4347 illi
1301 4292 1517 4364 quidem
1569 4300 1957 4355 contemnunt,
2012 4292 2103 4345 alii

523 4398 651 4439 vero
678 4383 1014 4453 pra‘dicaut;
1047 4398 1147 4437 nec
1173 4384 1228 4436 in
1256 4385 1350 4437 tali
1385 4384 1593 4439 honore
1616 4393 1721 4447 est,
1762 4384 1907 4453 quali
1943 4392 2103 4438 antea

525 4474 850 4538 fruebatur,
904 4473 1126 4544 quando
1188 4474 1444 4528 manebat
1510 4474 1848 4529 abscondita.
1898 4473 2098 4528 Eodem

525 4577 686 4638 pacto
710 4606 726 4633 ,
756 4570 811 4619 et
840 4565 1037 4619 anima:
1065 4579 1153 4621 res
1182 4583 1195 4620 :
1225 4580 1293 4622 ex
1340 4581 1447 4637 quc
1476 4567 1769 4639 vulgantur
1788 4608 1805 4633 ,
1846 4566 2099 4621 omnibus

525 4666 800 4730 nequeunt
833 4656 1165 4714 satisfacere.

1012 4793 1089 4846 De
1131 4791 1319 4847 abbate
1350 4791 1637 4863 Agathone.

596 4908 650 4962 1.
687 4906 765 4977 (8)
803 4906 951 4962 Dixit
994 4906 1164 4962 abbas
1196 4904 1415 4971 Petrus,
1447 4905 1535 4961 ille
1555 4904 1891 4961 abbatis‘Lot
1919 4906 2102 4977 [disci-

522 4998 745 5073 pulus]:
780 5001 942 5056 Eram
969 4998 1264 5071 aliquando
1288 4999 1343 5054 in
1372 4998 1508 5055 cella
1534 4998 1747 5055 abbatis
1775 4999 2096 5070 Agathonis,

595 5159 641 5193 “
664 5161 789 5216 Act.
820 5176 894 5227 ιι,
926 5158 1016 5213 24.
1097 5157 1139 5190 ⁸⁸
1164 5157 1250 5212 Al.
1291 5156 1539 5231 τελευτᾷ.
1614 5156 1658 5189 ⁸⁷
1691 5155 1779 5213 Al.
1813 5157 2124 5223 τελειώσας.

592 5314 669 5385 (8)
705 5314 811 5370 Vit.
846 5315 995 5371 Patr.
1028 5332 1084 5381 χ,
1112 5315 1166 5371 8.

592 5385 668 5455 (9)
698 5387 802 5450 Εις
845 5386 1048 5456 Τιώην
1094 5385 1207 5452 τ’ς
1264 5386 1387 5440 ἀνω
1435 5384 1816 5452 Βαϐυλῶνος.
1868 5388 2093 5439 Patrum

592 5455 701 5508 itte:
745 5451 813 5506 In
852 5458 966 5508 loco
1004 5458 1093 5508 aui
1130 5405 1333 5508 Eicitur
1374 5454 1576 5508 Troheu
1607 5457 1749 5508 (nis.
1802 5455 2090 5508 SuesSiori.

532 5451 701 5526 vae.-
745 5451 813 5506 In
839 5451 1093 5526 μεθ’ᾳαὶ
1135 5451 1576 5526 ἀίεἱιιιν-Ττοιιεη
1607 5457 1749 5526 (ms.
1774 5451 1777 5452 ⁷
1802 5455 2090 5526 SuesSiori.

536 5472 701 5508 "te:
745 5472 813 5506 ιη
852 5472 966 5508 toco
1040 5473 1092 5509 ut
1135 5472 1333 5511 accitur
1377 5472 1576 5509 iroueu
1607 5472 1749 5526 (ms.
1802 5472 2090 5509 aucssron.

525 5521 805 5599 rtFossat.
838 5472 1229 5647 Troenzgupra
1259 5524 1630 5595 Babyloniam.
1666 5524 1823 5591 Quod
1860 5533 1978 5590 est,
2014 5526 2097 5603 εθίς

526 5591 715 5647 Totan
738 5592 838 5647 τὴν
862 5593 974 5647 ἄνω
1094 5594 1347 5647 δυλῶνος.
1375 5602 1470 5647 aut
1498 5597 1579 5647 εἰς
1612 5594 1807 5647 Τοώην
1823 5603 1836 5617 ⁸
1856 5595 1970 5647 ἄνω
1996 5611 2096 5647 της

526 5591 838 5666 Τρῴηνῌτὴν
862 5593 974 5666 ᾴνω
1012 5591 1347 5666 Βαϐυλῶνος,
1375 5591 1470 5648 aut
1498 5597 1579 5658 εἰς
1612 5594 1836 5666 Τρώην⁸
1856 5595 1970 5666 ἄνω
1996 5594 2096 5663 τῆς

524 5661 858 5734 Ιιαδυᾌὼνος.
880 5661 1169 5734 Lectiones
1189 5678 1533 5734 nequaquam
1564 5661 1952 5734 improbandae.

595 5732 706 5806 (10)
724 5732 1237 5788 Σεϐένινα.11οι·ιιιιι
1256 5731 1398 5786 infra
1422 5732 1474 5787 in
1492 5731 1680 5788 lsaacb
1692 5734 1921 5790 Celliota
1941 5749 2094 5788 num.

2199 2033 2345 2086 τῶνα
2389 2029 2555 2084 αὑτοῦ
2595 2029 2687 2082 τὸν
2732 2028 3079 2097 δερμάτινον,
3126 2025 3218 2078 καὶ
3261 2025 3497 2096 τρίχινον
3538 2026 3782 2097 καμὰσιν

2198 2121 2408 2183 λευκδν,
2450 2119 2543 2172 καὶ
2569 2117 2825 2171 σανδάλια
2854 2117 3097 2169 σεϐένινα
3119 2116 3249 2186 (l0).
3285 2118 3395 2169 Kal.
3421 2115 3533 2185 ἐγὼ
3561 2117 3780 2183 ἀνάξιος

2200 2209 2435 2280 ὲφόρεσα
2462 2206 2622 2269 αὐτὰ,
2663 2206 2749 2259 ἴνα
2782 2203 3081 2274 εῦλογηθῶ.

2274 2306 2382 2370 μγ’.
2419 2298 2725 2368 Διηγήσατο
2775 2295 2937 2349 πάλιν
2983 2297 3013 2348 δ
3051 2294 3224 2359 acea;
3265 2297 3461 2368 Δανιὴλ
3503 2299 3630 2368 περὶ
3682 2298 3780 2351 τοῦ

2199 2391 2342 2444 ἀδεᾶ
2377 2388 2673 2459 Ἀρςενίου,
2708 2388 2789 2439 ὅτι
2815 2386 2945 2439 ποτὲ
2975 2386 3202 2439 ἐκάλεσε
3220 2388 3345 2448 τοὺς
3370 2389 3619 2462 Πατέρας
3649 2406 3779 2459 μου,

2199 2481 2291 2534 τόν
2322 2499 2381 2533 τε
2408 2479 2581 2533 ἀϐϐᾶν
2633 2476 2977 2546 Ἀλέξανδρον
3010 2476 3104 2529 καὶ
3126 2476 3322 2529 Ζώῖλον
3341 2494 3354 2506 ·
3392 2477 3485 2529 καὶ
3506 2476 3784 2529 ταπεινῶν

2200 2573 2388 2628 ἑαυτὸν
2415 2569 2565 2625 εἶπεν
2599 2570 2778 2632 αὐτοῖς
2802 2582 2817 2597 ’
2866 2567 3085 2638 Ἐπειδὴ
3118 2569 3167 2620 οἱ
3200 2566 3449 2636 δαίμονες
3479 2564 3783 2636 πολεμοῦσί

2205 2682 2271 2735 με
2296 2704 2309 2728 ,
2335 2664 2428 2717 καὶ
2455 2662 2555 2716 οὐκ
2583 2657 2699 2714 οἶδα
2730 2660 2777 2712 εί
2803 2658 3093 2712 κλέπτουσι
3120 2675 3185 2728 με
3217 2659 3273 2711 ἐν
3300 2658 3452 2727 ῦπνῳ
3474 2698 3488 2719 ,
3521 2656 3655 2710 ἁλλὰ
3680 2654 3782 2731 τὴν

2202 2756 2371 2811 νύκτα
2396 2753 2599 2825 ταύτην
2623 2751 2922 2805 κοπινὰσατε
2949 2751 3065 2820 μετ’
3093 2747 3250 2819 ἐμοῦ,
3283 2750 3377 2802 καὶ⁵
3404 2765 3469 2818 τη
3480 2745 3678 2819 ρήσατέ
3708 2764 3779 2819 με

2202 2851 2250 2903 εἰ
2281 2846 2529 2907 νυσταζω
2561 2847 2617 2898 ἐν
2646 2847 2712 2915 τῇ
2745 2842 3042 2914 ἀγρυπνίᾳ·
3064 2842 3173 2895 Ka‘t
3207 2840 3453 2895 ἐκάθισεν
3486 2835 3565 2905 εἷς
3593 2842 3657 2894 ἐκ
3686 2840 3775 2893 δεν-

2203 2939 2331 3005 ξιῶν
2363 2936 2551 3000 αὐτοῦ,
2584 2938 2676 2990 καὶ
2710 2933 2790 2998 εἷς
2824 2935 2882 3001 ἐξ
2910 2932 3236 3003 εὐωνύμων,
3267 2933 3376 2986 ἀπὸ
3403 2931 3499 3002 ὀψὲ
3532 2931 3777 2986 σιωπῶνη

2200 3048 2311 3094 τες.
2349 3031 2457 3084 Ka‘t
2485 3024 2633 3081 εἶπον
2658 3029 2706 3079 oi
2730 3026 2968 3097 Πατέρες
2992 3042 3114 3096 μου,
3141 3026 3221 3077 ὅτι
3265 3024 3453 3095 Ἡμεῖς
3485 3024 3777 3096 ἐκοιμήθη-

2206 3138 2304 3192 μεν
2354 3120 2448 3173 καὶ
2483 3117 2819 3188 ἀνέστημεν,
2855 3116 2947 3168 καὶ
2975 3115 3073 3166 οὐκ
3119 3114 3466 3200 ᾑσθρὶνθημεν
3493 3113 3651 3167 αὐτὸν
3685 3130 3778 3168 νυ-

2207 3212 2495 3277 στὰξαντα.
2527 3210 2636 3262 Kal.
2665 3208 2756 3260 ἐπὶ
2780 3206 2840 3259 τὸ
2871 3203 3016 3275 πρωῒ
3044 3203 3092 3276 (ὁ
3119 3204 3249 3266 Θεὸς
3280 3201 3421 3256 οἶδεν
3450 3204 3498 3256 εἰ
3528 3203 3620 3273 ἀφ’
3649 3204 3778 3258 ἑαυ-

2201 3302 2297 3356 τοῦ
2328 3302 2580 3372 ἐποίησεν
2605 3338 2620 3362 ,
2656 3298 2741 3350 ἵνα
2771 3297 3052 3366 νοήσωμεν
3084 3297 3164 3348 ὅτι
3197 3294 3485 3359 ὲνύσταξεν
3510 3335 3525 3361 ,
3575 3294 3608 3363 ἢ
3638 3294 3780 3348 κατὰ

2203 3395 2459 3466 ἀλήθειαν
2507 3391 2730 3463 ἡφύσις
2780 3388 2874 3442 τοῦ
2904 3386 3076 3441 ὕπνου
3101 3381 3282 3457 ἦλθεν)
3346 3384 3584 3456 ἐςεῦςησε
3630 3387 3779 3457 τρεῖς

2204 3488 2372 3551 πνοὰς
2397 3526 2410 3549 ,
2448 3486 2543 3539 καὶ
2589 3483 2792 3543 εὐθέως
2825 3480 3027 3549 ἀνέστη
3066 3478 3274 3547 λέγων·
3326 3477 3641 3544 Ἐνύσταξα,
3665 3478 3776 3531 ναί.

2202 3582 2312 3634 Καὶ
2340 3576 2714 3647 ἀπεκρίθημεν
2760 3575 2920 3644 ἡμεῖς
2943 3611 2958 3636 ,
2999 3571 3248 3639 λέγοντες
3271 3588 3283 3599 ·
3317 3569 3430 3623 Οὐκ
3463 3570 3703 3639 οἴδαμεν.

2278 3670 2380 3741 μδ’.
2406 3665 2609 3721 Ἶιλθὸν
2636 3682 2766 3718 ποτε
2797 3664 3050 3734 γέροντες
3083 3661 3218 3732 πρὸς
3261 3661 3352 3713 τὸν
3385 3659 3559 3713 ἀϐϐᾶν
3595 3658 3782 3732 Ἀρσέ-

2203 3776 2334 3821 νιον,
2370 3757 2463 3811 καὶ
2494 3753 2661 3808 πολλὰ
2696 3751 3071 3825 παρεκάλεσαν
3114 3751 3200 3802 ἵνα
3247 3747 3579 3819 συντύχωσιν
3608 3748 3778 3821 αὐτῷ.

2216 3853 2274 3905 '0
2299 3850 2355 3904 δὲ
2388 3847 2596 3921 ἤνοιξεν
2629 3846 2828 3908 αὐτοῖς.
2862 3843 2971 3897 Καὶ
3006 3840 3387 3913 παρεκάλεσαν
3410 3839 3572 3895 αὑτὸν
3602 3841 3779 3895 εἰπεῖν

2203 3944 2383 4006 αὐτοῖς
2438 3940 2593 4008 λόγον
2655 3936 2783 4008 περὶ
2850 3933 2958 3987 τῶν
3012 3932 3392 4003 ἡσυχαζόντων
3444 3932 3539 3985 κει.)⁸
3589 3932 3780 4003 μηδενὶ

2204 4029 2586 4088 ἀπαντώντων.
2617 4027 2778 4095 Λέγει
2811 4026 2993 4089 αὐτοῖς
3022 4026 3050 4077 ὁ
3101 4022 3278 4096 γέρων
3301 4042 3314 4055 ·
3348 4023 3516 4076 Ὅταν
3559 4024 3592 4094 ἡ
3631 4038 3777 4095 παρ-

2207 4122 2359 4185 θένος
2391 4124 2445 4175 ἐν
2476 4119 2553 4190 τῷ
2584 4118 2718 4188 οἴκῳ
2750 4116 2844 4169 τοῦ
2876 4115 3079 4187 πατρὸς
3106 4116 3275 4185 αὐτῆς
3302 4111 3359 4186 ᾗ,
3390 4114 3574 4167 πολλοὶ
3601 4113 3779 4167 θέλου-

2208 4232 2293 4268 σιν
2345 4213 2480 4283 αὐτῇ
2532 4208 2966 4282 μνηστευθῆναι·
3016 4205 3155 4260 ἐπὰν
3198 4205 3254 4258 δὲ
3305 4204 3679 4279 >.ἁ6ῃ“ἄνδρα,
3713 4206 3775 4258 εὖ

2206 4306 2368 4359 πᾶσιν
2398 4301 2652 4371 ἀρέσκει·
2687 4302 2733 4353 οἱ
2767 4300 2865 4371 μὲν
2897 4295 3266 4364 ὲξουθενοῦσιν
3292 4336 3304 4360 ,
3344 4296 3492 4351 ἄλλοι
3519 4297 3574 4351 δὲ
3614 4299 3777 4351 ἐπαι-

2204 4395 2384 4450 νοῦσι·
2413 4392 2506 4446 καὶ
2542 4392 2640 4462 οὐχ
2668 4390 2838 4453 οὕτως
2867 4389 2979 4461 ἔχει
3011 4388 3175 4459 τιμὴν
3210 4386 3286 4452 ὡς
3310 4387 3369 4441 τδ
3398 4388 3611 4458 πρῶτον
3634 4427 3648 4448 .
3684 4387 3774 4441 ὅτε

2203 4477 2270 4552 ἦν
2304 4480 2678 4550 κεκρυμμένη.
2714 4477 2898 4540 οὕτως
2946 4477 3041 4529 καὶ⁵
3076 4476 3145 4529 τὰ
3188 4476 3289 4547 τῆς
3319 4476 3494 4548 ψυχῆς
3516 4493 3530 4507 ·
3568 4477 3661 4545 ἀφ’
3682 4477 3775 4530 ὅτε

2203 4570 2612 4641 δημοσιεύεται,
2632 4572 2690 4623 οὐ
2728 4568 2931 4632 πάντας
2961 4567 3183 4623 δύναται
3213 4569 3637 4644 πληροφορῆσαι.

2557 4762 2693 4862 Περὶ
2721 4787 2827 4847 τοῦ
2865 4786 3011 4843 ἀΰϐᾶ
3060 4787 3406 4858 Ἀγάθωνες.

2276 4915 2345 4962 α’.
2381 4903 2544 4961 Εἶπεν
2573 4909 2602 4961 ὁ
2628 4907 2801 4971 esse;
2827 4909 3027 4979 Πέτρος
3052 4912 3081 4961 ὁ
3109 4905 3203 4961 τοῦ
3248 4903 3393 4961 itm
3413 4900 3555 4968 Λὼτ,
3577 4901 3658 4954 ὅτι
3687 4900 3775 4954 Ἐν

2205 5000 2281 5070 τῷ
2315 4999 2509 5070 κελλίῳ
2540 4999 2635 5052 τοῦ
2674 4998 2818 5053 ἁϐϐἄ
2856 4999 3157 5067 Ἀγάθωνος
3186 5001 3331 5071 ἥμην
3358 4999 3503 5063 ποτὲ,
3535 4999 3775 5068 καὶὴλθε

2201 5314 2254 5376 7,
2286 5326 2501 5367 necnon
2526 5311 2579 5365 in
2613 5307 2841 5365 Joannis
2878 5308 3097 5363 Mcursii
3127 5308 3415 5366 Glossario.
3451 5304 3774 5361 Ammonius

2203 5383 2511 5438 monachus
2546 5380 2623 5436 De
2657 5380 2909 5436 Patribus
2956 5379 3179 5436 Smaitis
3207 5388 3256 5434 et
3299 5376 3696 5434 Raitheusibus.
3744 5391 3773 5427 a

2201 5452 2268 5506 Β.
2299 5451 2362 5506 Ρ.
2392 5450 2721 5507 Combeiislo
2737 5451 2935 5510 editus.
2963 5466 3015 5519 p.
3044 5450 3145 5505 l00
3169 5445 3380 5519 δην-δὲ
3403 5444 3778 5519 ὴξτροφὴλαῦΐ

2201 5522 2321 5594 τοῦ.
2354 5521 2498 5594 ὕδωρ
2521 5522 2625 5594 καὶ
2677 5522 2864 5594 μικροὶ
2901 5512 3163 5594 φοίνικες,
3204 5519 3262 5594 ξε
3291 5512 3367 5572 ὧν
3412 5512 3776 5594 έῖχξριάςιεά

2203 5584 2479 5661 ἐνδύματα
2506 5591 2613 5645 ἀπὸ
2638 5584 2892 5661 σὶ6ιννίου
2909 5584 2991 5661 vel
3023 5589 3313 5661 at6tv_vi_c_ov_,
3347 5584 3772 5661 cap—129,125.

2204 5654 2360 5715 Ρηιίὶ
2386 5663 2717 5729 spiritualis,
2743 5660 2852 5715 ἀπὸ
2875 5658 3099 5713 σιὸινου.
3136 5658 3240 5713 Adi
3289 5654 3530 5714 Lexi'con
3570 5654 3743 5724 Hippo

2204 5739 2446 5786 eratcum
2483 5731 2684 5786 Foesii.

2203 5739 2446 5787 eratcum
2483 5732 2684 5788 Foesii.
