4054 6206
227 389 325 447 1119

1361 378 1966 436 APOPllTllliGMATA
2003 378 2311 435 PATRUM.

3369 382 3469 438 110

227 502 360 574 πρὸς
390 498 554 556 αὐτὸν
584 497 811 568 ἀδελφὸς
835 498 1009 565 λέγων
1027 512 1038 524 ⁸
1068 496 1219 549 Θέλω
1246 496 1462 567 οἰκῆσαι
1493 496 1629 567 μετὰ
1654 495 1802 549 ἀδελ-

1905 494 2053 549 venit
2106 494 2170 548 ad
2214 510 2337 550 eum
2386 493 2587 561 frater,
2617 494 2838 551 dicens:
2868 493 3002 573 Volo
3050 498 3296 555 habitare
3344 516 3468 558 cum

227 596 339 664 φῶν
357 609 371 623 ο
395 587 548 646 εἶπόν
581 608 673 661 μοι
702 588 821 653 πῶς
856 591 974 657 μετ’
1014 587 1190 642 αὐτῶν
1213 588 1437 658 οἰκήσω.
1466 588 1621 656 Λέγει
1652 585 1801 658 αὑτῷ

227 692 258 743 δ
289 687 499 759 γέρων·
542 682 634 749 Ὠς
664 686 723 737 έν
748 685 813 755 τῇ
842 680 1039 755 πρώτῃ
1077 681 1258 754 ἡμέρᾳ
1297 681 1384 734 ὅτε
1414 680 1635 753 είσέρχῃ
1663 678 1801 750 πρὸς

229 779 424 842 αὐτοὺς
445 820 463 846 ,
489 776 664 841 οὕτως
689 774 925 846 φύλαξον
952 775 1053 845 τὴν
1092 773 1351 838 ξενιτείαν
1390 789 1482 826 σου
1506 772 1683 834 πάσας
1703 770 1801 834 τὰς

229 871 442 943 ἡμέρας
470 868 568 938 τῆς
607 867 752 937 ζωῆς
786 882 881 918 σου
907 904 923 929 ,
978 864 1068 918 ἵνα
1122 864 1196 935 μὴ
1235 861 1649 935 παρῤησιασθῇς
1684 862 1801 931 μετ’

229 961 424 1018 αὐτῶν.
455 960 618 1029 Λέγει
644 956 792 1028 αὑτῷ
822 958 850 1010 ὁ
873 954 1045 1016 ἀὸσᾶς
1076 955 1361 1027 Μακάριος
1383 972 1398 987 ·
1432 954 1498 1007 Τί
1524 954 1632 1024 γὰρ
1661 953 1804 1005 ποιεί

226 1055 259 1125 ἠ
291 1049 613 1125 παρῤησία;
647 1049 813 1117 Λέγει
863 1044 1013 1117 αὐτῷ
1038 1047 1067 1099 ὁ
1111 1044 1289 1115 γέρων
1310 1060 1324 1074 ’
1362 1042 1574 1096 Ἔοικεν
1602 1042 1636 1111 ἡ
1662 1041 1802 1112 παῤ-

226 1141 394 1213 ρησία
436 1140 674 1195 καύσωνι
727 1137 947 1209 μεγάλῳ
973 1152 988 1167 ·
1034 1134 1094 1199 δς
1134 1134 1263 1188 ὅταν
1297 1133 1554 1205 γένηται,
1601 1130 1801 1195 πάντες

228 1231 521 1302 φεύγουσιν
553 1230 662 1284 ἀπὸ
696 1227 988 1301 προσώπου
1031 1225 1193 1280 αὑτοῦ
1217 1264 1233 1289 ,
1289 1226 1383 1279 καὶ⁸
1425 1223 1533 1276 τῶν
1572 1223 1800 1294 δένδρων

227 1317 319 1371 τὸν
349 1316 561 1388 καρπὸν
590 1315 908 1387 διαφθείρει.
942 1313 1103 1382 Λέγει
1146 1312 1296 1382 αὐτῷ
1325 1313 1354 1364 δ
1400 1311 1572 1374 άσόᾶς
1608 1311 1802 1365 Μακά-

232 1423 380 1485 ριος’
412 1407 598 1470 Οὕτως
648 1406 857 1477 χαλεπή
892 1406 1039 1458 ἐστιν
1083 1405 1117 1473 ἡ
1160 1402 1467 1475 nupsi-quia;
1498 1402 1609 1455 Καὶ
1647 1397 1799 1457 εἶπεν

229 1499 260 1551 δ
290 1498 464 1561 ἁδὸἇς
508 1497 779 1565 Ἀγάθων·
814 1495 927 1550 Οὐκ
950 1494 1097 1547 ἔστιν
1128 1492 1313 1565 ἕτερον
1356 1493 1524 1556 πάθος
1554 1493 1800 1564 χαλεπώ·

230 1606 388 1663 τερον
417 1590 517 1659 τῆς
568 1587 914 1660 παρρησίαςο
958 1585 1249 1656 γεννήτρια
1271 1584 1380 1654 γάρ
1421 1585 1538 1637 ἐστι
1582 1583 1800 1638 πάντων

230 1679 341 1735 τῶν
388 1680 591 1733 παθῶν.
624 1679 829 1751 Πρέπει
861 1678 918 1730 δὲ
964 1675 1043 1747 τῷ
1073 1676 1278 1747 ἐργάτῃ
1318 1675 1392 1746 μὴ
1426 1675 1796 1747 παρρησιάζε-

230 1770 376 1835 σθαι,
408 1770 510 1823 κᾶν
543 1770 700 1841 μόνος
792 1771 850 1821 ὲν
880 1765 958 1839 τῷ
981 1766 1195 1836 κελλίῳ.
1231 1762 1361 1818 Οἶδα
1388 1763 1496 1836 γὰρ
1528 1766 1608 1819 ὅτι
1645 1764 1799 1819 ἀδελ-

1903 585 2208 655 l‘ratribus;
2261 589 2397 644 doce
2449 603 2537 643 me
2569 604 2680 658 quo
2725 598 2883 661 pacto
2918 607 3040 646 cum
3070 593 3151 650 eis
3200 609 3470 652 maneam.

1903 676 2200 749 Respondit
2228 696 2426 736 senex:
2461 677 2927 747 Quemadmodum
2951 684 3128 754 primo
3155 684 3244 740 die
3262 688 3470 758 ingres-

1904 785 1999 826 sus
2027 771 2126 837 tui,
2166 773 2246 828 sic
2268 773 2544 828 custodito
2573 772 2871 844 hospitium
2904 782 3056 829 tuum
3083 779 3472 847 peregrinatio-

1902 875 2136 931 nemque
2165 864 2379 918 cunctis
2406 863 2601 919 diebus
2631 864 2752 919 vitae
2786 874 2892 919 tua:
2913 904 2928 930 ,
2984 864 3059 919 ita
3102 874 3160 920 ut
3197 882 3322 937 erga
3351 867 3473 922 illos

1902 966 2011 1005 non
2046 953 2220 1008 utaris
2252 952 2468 1008 ﬁducia.
2497 952 2638 1007 Dicit
2682 953 2731 1009 ei
2785 954 2954 1009 abbas
2988 953 3292 1012 Macarius:
3327 956 3470 1023 Quid

1901 1045 2043 1096 enim
2074 1043 2323 1114 designat
2353 1043 2587 1100 ﬁducia?
2613 1043 2724 1115 (11)
2758 1043 2895 1099 Tum
2927 1060 3131 1102 senex:
3160 1046 3366 1104 Similis
3387 1063 3473 1107 est

1903 1130 2101 1186 ﬁducia
2129 1133 2282 1187 αιδιυί
2316 1134 2659 1204 magno;qui
2679 1134 2900 1204 quando
2929 1137 3235 1207 contigerit,
3258 1139 3474 1210 fugiunt

1901 1237 2093 1279 omnes
2123 1239 2154 1277 a
2198 1224 2338 1280 facie
2374 1224 2527 1294 ejus,
2562 1223 2765 1294 quique
2809 1224 3064 1281 arborum
3105 1229 3316 1285 fructus
3350 1245 3473 1285 cor-

1900 1315 2122 1384 rumpit.
2154 1313 2296 1369 Dicit
2343 1316 2513 1371 abbas
2569 1314 2872 1372 Macarius:
2905 1317 3123 1373 Adeone
3147 1321 3299 1374 swvit
3330 1321 3475 1377 ﬁdu-

1900 1405 2028 1459 cia?
2057 1405 2241 1461 Abbas
2266 1405 2508 1476 Agatho:
2534 1404 2727 1463 Nullus
2756 1415 2861 1476 est,
2889 1408 3083 1477 inquit,
3117 1409 3342 1466 allectus
3372 1426 3473 1467 ste-

1900 1493 2020 1547 vior
2046 1493 2277 1549 ﬁducia:
2305 1494 2548 1548 omnium
2576 1496 2776 1566 quippe
2799 1496 3270 1566 perturbationum
3296 1507 3471 1554 mater

1899 1590 2003 1637 est.
2029 1580 2192 1638 Decet
2221 1591 2402 1637 autem
2427 1583 2692 1637 cultorem
2714 1583 2820 1649 sui,
2856 1584 3054 1639 ﬁducia
3077 1599 3283 1650 carere,
3304 1588 3470 1642 etiam

1901 1673 1946 1728 si
1980 1674 2132 1729 solus
2165 1673 2221 1728 in
2275 1674 2414 1729 cella
2443 1683 2710 1731 versetur.
2754 1673 2893 1731 Novi
2939 1677 3136 1730 etenim
3182 1679 3469 1748 quemdam

1900 1761 2158 1829 fratrem,
2192 1766 2283 1836 qui
2325 1765 2417 1820 diu
2472 1767 2528 1821 in
2560 1767 2694 1821 cella
2748 1778 3226 1837 perseveraverat,
3266 1768 3472 1826 habens

229 1861 328 1931 φὺς
363 1830 615 1932 ’ποιήσας
637 1830 828 1929 χρένον
875 1830 942 1910 ὲν.
975 1855 1056 1927 τῷ
1109 1830 1304 1925 κελλίῳ
1350 1830 1512 1907 οίκῶν
1538 1893 1554 1917 ,
1586 1852 1723 1923 ἔχων
1749 1869 1798 1904 τι

1904 1853 2159 1908 lectulum
2182 1895 2199 1922 ,
2231 1854 2469 1911 dixisse:
2503 1854 2545 1908 E
2576 1854 2711 1910 cella
2759 1856 3144 1928 emigrassem,
3195 1874 3305 1915 non
3346 1875 3472 1930 per-

228 1951 589 2020 κοιτωνάριον
607 1989 621 2009 ,
651 1943 799 2000 εἶπεν
818 1985 832 2009 ,
864 1946 944 2024 ὅλῃ
971 1944 1224 2015 Μετέϐην
1253 1945 1315 1996 ὲκ
1340 1942 1432 1997 τοῦ
1461 1941 1689 2000 κελλίου,
1727 1941 1799 2010 μὴ

226 2043 398 2108 γνοὺς
424 2039 558 2092 αὐτὸ
595 2037 654 2090 τὸ
699 2034 1075 2106 κοιτωνάριον,
1105 2036 1153 2088 εί
1195 2035 1270 2107 μὴ
1302 2032 1488 2102 ἕτερός
1514 2048 1602 2102 μοι
1628 2027 1799 2083 εἶπεν.

237 2133 301 2185 '0
327 2129 571 2193 τοιοῦτος
592 2128 822 2200 ἐργάτης
847 2124 965 2179 ἐστὶ
1001 2125 1096 2180 καὶ
1128 2125 1483 2194 πολεμιστής.

296 2223 368 2294 β’.
402 2217 570 2275 Εἶπεν
601 2221 628 2274 ὁ
657 2219 829 2283 ἀόὗᾶς
868 2216 1141 2288 ’Δγάθων-
1177 2215 1298 2288 Χρὴ
1337 2216 1429 2267 τὸν
1462 2211 1691 2284 μοναχὸν
1726 2211 1800 2281 μὴ

227 2315 385 2370 ἐάσαι
438 2311 535 2385 τὴν
562 2310 861 2381 συνείδησιν
887 2307 1051 2363 αὐτοῦ
1097 2305 1476 2377 κατηγορῆσαι
1510 2301 1675 2358 αὐτοῦ
1722 2303 1802 2365 εἰς

229 2404 537 2474 οιονδήποτε
574 2404 830 2473 πρᾶγμα.

295 2494 366 2563 Υ.
402 2490 538 2548 Εἷπε
572 2493 754 2559 πάλιν,
790 2493 872 2544 ὅτι
898 2492 1026 2547 ἄνευ
1057 2487 1304 2558 φυλακῆς
1326 2487 1436 2539 τῶν
1464 2484 1624 2538 θείων
1654 2486 1800 2537 ἐντο-

229 2584 332 2639 λῶν
365 2584 427 2638 οὗ
456 2583 735 2657 προϐαίνει
761 2582 1050 2654 ἅνθρωπος
1082 2580 1203 2634 οὐδὲ
1236 2579 1315 2641 εἰς
1352 2578 1479 2649 μίαν
1512 2576 1734 2647 ἀρετήν.

294 2763 363 2817 δ’.
392 2755 526 2814 Είπε
553 2760 736 2823 πάλιν,
769 2760 851 2812 ὅτι
883 2756 1150 2811 Οὐδέποτε
1180 2750 1478 2824 έκοιμήθην
1504 2749 1640 2821 ἔχων
1663 2746 1804 2799 κατά

230 2869 372 2915 τινος
394 2868 410 2882 ·
431 2851 551 2904 οὐδὲ
575 2850 763 2921 ἀφῆκά
782 2866 903 2901 τινα
936 2845 1256 2917 κοιμηθῆναι
1283 2842 1471 2913 ἔχοντα
1497 2841 1617 2893 κατ’
1644 2835 1800 2907 ἐμοῦ,

231 2940 369 2996 κατᾶ
392 2939 491 3012 τὴν
519 2938 743 3010 δύναμίν
776 2954 898 3008 μου.

1900 1954 2057 2013 cepto
2091 1947 2185 2001 illo
2234 1947 2481 2011 lectulo,
2545 1948 2653 2002 nisi
2707 1948 2846 2004 alius
2897 1949 3201 2007 monuisset
3255 1965 3361 2007 me.
3416 1950 3470 2007 ls

1901 2033 2086 2100 homo,
2123 2050 2251 2090 vere
2277 2046 2363 2092 est
2392 2036 2681 2107 aperarius
2704 2052 2770 2092 ac
2803 2039 3053 2094 bellator.

1969 2209 2025 2267 2.
2059 2209 2171 2283 (l2)
2198 2210 2405 2266 Monuit
2447 2214 2617 2270 abbas
2646 2213 2892 2285 Agatho:
2934 2214 3158 2286 Oportet
3190 2226 3249 2271 ut
3284 2233 3472 2273 mona-

1900 2302 2038 2357 chus
2066 2317 2170 2356 non
2196 2305 2475 2372 permittat
2500 2306 2853 2365 conscientia:
2877 2321 2992 2362 suae
3014 2322 3273 2363 accusare
3293 2309 3471 2378 ipsum

1901 2393 2011 2448 ulla
2040 2394 2094 2448 in
2122 2409 2202 2449 re.

1972 2483 2006 2536 5
2044 2482 2156 2554 (15)
2203 2481 2347 2537 Dixit
2395 2483 2636 2540 iterum:
2674 2484 2805 2542 Sine
2841 2486 3220 2545 observatione
3251 2489 3473 2546 manda-

1902 2584 2081 2629 torum
2119 2574 2246 2641 Dei,
2278 2592 2345 2633 ne
2366 2576 2434 2631 ad
2471 2594 2632 2633 unam
2666 2579 2884 2650 quidem
2916 2581 3173 2637 virtutem
3202 2583 3472 2641 hominem

1904 2665 2214 2736 procedere.

1972 2757 2028 2813 4.
2065 2757 2175 2830 (14)
2213 2760 2451 2815 Rursum
2481 2761 2651 2818 dixit:
2678 2761 2966 2835 Nunquam
2996 2780 3189 2821 somno
3217 2782 3302 2823 me
3326 2766 3472 2833 dedi,

1903 2848 2109 2904 habens
2157 2849 2419 2906 adversus
2458 2851 2695 2921 aliquem
2729 2854 2775 2886 δ’
2802 2895 2817 2919 ,
2868 2870 2966 2909 nec
2999 2855 3099 2909 sivi
3147 2871 3472 2927 quemquam

1903 2939 1984 2993 ire
2028 2940 2271 2994 cubitum
2295 2979 2311 3007 ,
2347 2941 2442 3012 qui
2482 2941 2748 2999 adversus
2779 2958 2866 2999 me
2911 2943 3170 3010 haberet,
3203 2954 3467 3016 quantum

1904 3028 2125 3101 quidem
2152 3030 2319 3086 valui.

296 3124 358 3170 ε’.
398 3114 622 3182 Ἔλεγον
667 3110 795 3183 περὶ
822 3108 915 3161 τοῦ
949 3106 1092 3161 esse
1131 3105 1433 3174 Ἀγάθωνος
1455 3144 1471 3169 ,
1505 3102 1586 3156 δτι
1628 3101 1802 3172 ἀπῆλ-

1974 3120 2028 3176 5.
2049 3120 2161 3193 (15)
2193 3122 2424 3176 Aiehant
2452 3121 2521 3178 de
2544 3123 2738 3179 abbate
2764 3123 3067 3195 Agathone,
3093 3124 3239 3196 quod
3261 3127 3327 3182 ad
3347 3142 3474 3183 eum

231 3205 318 3259 θον
346 3220 495 3267 τινες
524 3201 661 3274 πρὸς
689 3198 849 3253 αὐτὸν
875 3237 891 3262 ,
920 3196 1250 3257 ἀκούσαντες
1280 3194 1362 3247 ὅτι
1411 3191 1650 3263 μεγάλην
1681 3190 1799 3245 διά-

230 3312 409 3367 κρισιν
435 3294 577 3365 ἔχει’
613 3292 707 3347 καὶ
734 3290 975 3353 θέλοντες
1001 3286 1293 3358 δοκιμάσαι
1318 3285 1366 3317 ⁵⁸
1422 3285 1470 3337 εί
1496 3282 1796 3354 ὀργίζεται,

229 3388 478 3457 λέγωσιν
507 3383 657 3454 αὐτῷ
681 3402 696 3417 ·
720 3384 793 3438 Σὺ
837 3378 887 3436 εἶ
923 3379 1201 3451 ’Λγάθων;
1238 3376 1505 3449 ἀκούομεν
1532 3374 1661 3445 περὶ
1703 3371 1797 3426 σοῦ

228 3480 307 3533 δτι
347 3477 549 3548 πόρνος
590 3470 673 3539 εἰ,
706 3472 805 3528 καὶ
837 3472 1205 3541 ὑπερήφανος.
1251 3469 1309 3521 '0
1347 3467 1405 3521 δὲ
1449 3460 1634 3519 εἶπεν·
1668 3463 1799 3526 Ναὶ,

228 3568 400 3630 οὕτως
449 3564 584 3636 ἔχει.
614 3562 726 3619 Καὶ
752 3562 1001 3632 λέγουσιν
1054 3558 1200 3629 αὑτῷ
1216 3574 1231 3591 ·
1266 3558 1340 3610 Σὺ
1378 3552 1430 3609 εἴ
1485 3554 1728 3623 ’Λγάθων
1772 3555 1803 3608 δ

232 3664 471 3735 φλύαρος
519 3659 616 3715 καὶ
659 3657 992 3722 κατάλαλος;
1035 3656 1093 3709 '0
1135 3654 1194 3709 δὲ
1227 3648 1381 3707 εἶπεν
1404 3667 1416 3678 ·
1476 3647 1618 3719 Ἐγώ
1665 3648 1799 3717 εἰμί.

232 3757 463 3825 Λέγουσι
495 3752 658 3808 πάλιν
680 3767 693 3781 ·
749 3752 823 3805 Σὺ
870 3746 921 3803 εἴ
954 3746 1198 3817 ’Λγάθων
1252 3748 1281 3799 ὁ
1331 3741 1639 3814 αίρετικός;
1691 3739 1802 3793 Καὶ

233 3845 545 3919 ἀπεκρίθη·
587 3844 701 3897 Οὐκ
749 3843 866 3913 είμὶ
920 3837 1211 3911 αἱρετικός.
1264 3835 1374 3889 Καὶ
1422 3831 1801 3904 παρεκάλεσαν

233 3940 395 3994 αὐτὸν
421 3981 437 4005 ,
478 3937 763 4007 λέγοντες·
802 3934 937 3988 Εἰπὲ
983 3934 1113 4002 ἡμῖν
1140 3928 1281 3983 διατί
1314 3925 1551 3981 τοσαῦτα
1578 3921 1802 3994 εἴπομέν

235 4047 336 4094 σοι,
364 4029 464 4084 καὶ
499 4026 801 4090 κατεδέξω,
828 4024 919 4078 τὸν
948 4022 1005 4076 δὲ
1032 4021 1190 4090 λόγον
1213 4016 1401 4072 τοῦτον
1443 4016 1543 4070 οὐκ
1571 4014 1801 4068 ἐϐάστα-

237 4136 368 4187 σας;
410 4119 575 4187 Λέγει
605 4117 821 4179 αὐτοῖς’
856 4112 938 4169 Τὰ
981 4111 1174 4184 πρῶτα
1218 4106 1440 4180 ἐμαυτῷ
1469 4102 1757 4176 ὲπιγράφω
1783 4118 1797 4133 ο

231 4211 421 4283 δτρελος
458 4208 570 4279 γάρ
599 4209 716 4261 ἐστι
740 4206 808 4276 τῇ
840 4203 985 4273 ψυχῇ
1016 4217 1117 4272 μου
1143 4216 1157 4230 ’
1193 4198 1253 4252 τὸ
1284 4197 1341 4250 δὲ
1373 4193 1669 4283 αἱρετικδς,
1697 4210 1805 4263 χω-

236 4282 431 4371 ρισμός
466 4300 614 4351 ἔστιν
645 4296 752 4350 ἀπὸ
786 4293 880 4348 τοῦ
910 4291 1068 4357 Θεοῦ,
1102 4290 1197 4344 καὶ
1220 4289 1280 4342 οὐ
1307 4288 1446 4342 θέλω
1471 4282 1806 4358 χωρισθῆναι

232 4391 339 4445 ἀπὸ
363 4388 525 4443 Θεοῦ.
558 4389 621 4442 Οί
651 4387 709 4441 δὲ
736 4384 1067 4446 ἀκούσαντες
1086 4422 1101 4447 ,
1130 4380 1446 4452 ἐθαύμασαν
1466 4376 1564 4448 τὴν
1593 4374 1806 4444 διάκρι-

236 4500 318 4537 σιν
346 4479 546 4547 αὑτοῦ,
575 4479 670 4534 καὶ
695 4477 936 4549 ἀπῆλθον
962 4473 1430 4545 οίκοδομηθέντες.

304 4579 379 4640 ς’.
424 4572 762 4643 Διηγήσαντο
807 4569 934 4640 περὶ
987 4565 1080 4620 τοῦ
1130 4562 1275 4618 ἀϐϐᾶ
1324 4559 1669 4628 Ἀγάθωνος,
1721 4557 1805 4610 ὅτι

234 4660 417 4732 ἔμεινε
463 4659 654 4730 χρόνον
685 4656 866 4710 ίκανδν
915 4652 1210 4724 οἰκοδομῶν
1256 4649 1467 4703 κελλίον
1511 4647 1649 4719 μετὰ
1694 4646 1804 4702 τῶν

240 4750 497 4822 μαθητῶν
520 4748 683 4803 αὐτοῦ
697 4766 713 4780 ο
741 4749 837 4802 καὶ
859 4746 1259 4802 τελειωσάντων
1293 4739 1468 4795 αὐτῶν
1488 4740 1548 4792 τὸ
1572 4738 1803 4802 κελλίον,

236 4835 398 4909 ἦλθον
446 4838 631 4892 λοιπὸν
662 4837 757 4891 τοῦ
789 4836 1027 4891 καθίσαι.
1058 4829 1180 4887 Εἷδε
1211 4830 1270 4885 δὲ
1313 4830 1392 4892 είς
1438 4828 1539 4899 τὴν
1583 4824 1806 4897 πρώτην

239 4933 508 5003 ἑϐδομάδα
535 4934 766 5003 πρᾶγμα
793 4931 867 5003 μὴ
903 4928 1144 4999 ὠφελοῦν
1174 4924 1335 4979 αὐτὸν
1355 4963 1370 4989 ,
1399 4922 1493 4977 καὶ
1520 4920 1667 4989 λέγει
1688 4921 1808 5003 τοῖς

243 5020 514 5091 μαθηταῖς
568 5019 731 5074 αὑτοῦ
758 5037 774 5051 ·
846 5016 1153 5089 Ἐγείρεσθε
1184 5055 1198 5080 ,
1258 5013 1480 5083 ἄγωμεν
1537 5007 1805 5064 ἐντεῦθεν.

252 5111 662 5184 ἐταράχθησαν
695 5111 755 5166 δὲ
805 5111 1037 5184 σφόδρα,
1064 5108 1315 5178 λέγοντες
1333 5122 1347 5138 ·
1378 5107 1443 5159 Et
1486 5103 1624 5167 ὅλως
1650 5102 1808 5171 λογι-

245 5203 376 5272 σμὸν
400 5198 546 5273 εἶχες
579 5201 674 5256 τοῦ
728 5200 1057 5273 μεταϐῆναι,
1098 5199 1151 5252 τί
1183 5194 1435 5251 τοσοῦτον
1484 5192 1654 5247 κόπον
1699 5192 1807 5244 ὐπ-

244 5294 535 5364 εμείναμεν
565 5292 1016 5364 οἰκοδομήσαντες
1043 5289 1103 5343 τὸ
1147 5287 1390 5353 κελλίον;
1428 5285 1523 5340 καὶ
1553 5283 1807 5357 μέλλουσι

314 5475 358 5507 δ’
382 5476 469 5531 At.
501 5476 671 5531 inser.
700 5474 884 5530 αὐτόν.
959 5472 1008 5507 ⁸⁸
1041 5472 1227 5529 Matth.
1267 5487 1319 5539 v,
1346 5471 1449 5539 23;
1486 5467 1652 5525 Marc.
1687 5483 1765 5535 ιι,
1791 5467 1881 5523 25.

312 5632 425 5699 (11)
454 5631 681 5687 Doroth.
715 5630 899 5685 Doctr.
930 5631 983 5685 4.

314 5640 393 5699 (11
456 5640 681 5687 Doroth.
715 5640 899 5685 Doctr.
930 5640 946 5684 4

314 5640 425 5842 μοί
461 5702 568 5783 γει.
599 5702 753 5758 Patr.
784 5715 861 5765 ιι,
888 5700 946 5755 2.

341 5773 427 5842 13)
459 5772 597 5827 lbtd.

406 5784 427 5845 )
459 5784 537 5827 un

1905 3212 2241 3281 perrexerint
2273 3214 2552 3279 nonnulli,
2580 3214 2672 3285 qui
2696 3213 3016 3280 audierant,
3049 3230 3243 3286 magna
3272 3216 3469 3289 praedi-

1902 3313 2017 3358 tum
2047 3318 2170 3359 esse
2197 3302 2560 3374 discretione;
2587 3314 2642 3360 et
2670 3307 2917 3363 volentes
2946 3306 3235 3377 explorare
3271 3322 3341 3362 an
3367 3309 3476 3363 ira-

1903 3404 2182 3462 sceretur,
2226 3396 2463 3452 dixerint
2509 3399 2594 3453 ei:
2653 3396 2809 3463 Tune
2849 3412 2911 3455 es
2935 3398 3476 3470 Agatho?Audimus

1902 3486 1971 3543 de
2005 3494 2081 3552 te,
2116 3487 2263 3557 quod
2291 3489 2369 3544 sis
2397 3487 2694 3545 fornicator
2729 3504 2793 3545 ac
2821 3490 3114 3561 superbus.
3135 3488 3472 3561 Respondit:

1904 3578 2102 3644 Etiam,
2136 3580 2209 3633 ita
2242 3579 2423 3636 habet.
2459 3582 2660 3636 lterum
2708 3582 2902 3636 aiunt:
2957 3580 3039 3636 Tu
3064 3597 3124 3637 es
3149 3582 3361 3655 Agatho
3388 3582 3477 3636 ille

1903 3684 2085 3741 nugax
2116 3679 2170 3725 et
2199 3671 2803 3728 oblocutor?Assensus
2831 3679 2915 3726 est
2936 3686 2996 3727 se
3019 3686 3161 3727 esse.
3191 3671 3386 3727 Adhuc
3413 3673 3473 3727 ii:

1906 3760 1988 3815 Tu
2013 3776 2074 3816 es
2119 3760 2332 3831 Agatho
2373 3760 2701 3817 haereticus?
2732 3760 2798 3815 Et
2855 3762 3177 3832 respondit:
3206 3762 3325 3819 Non
3353 3778 3474 3820 sum

1905 3851 2215 3907 haereticus.
2243 3850 2399 3907 Tunc
2451 3859 2781 3923 rogaverunt
2828 3866 2955 3909 eum
2999 3851 3086 3908 his
3122 3851 3340 3907 verbis:
3390 3852 3478 3906 ln-

1904 3944 2024 4000 dica
2054 3944 2212 4000 nobis
2234 3983 2249 4009 ,
2280 3960 2381 3999 cur
2435 3944 2526 3999 ubi
2559 3952 2709 3999 tanta
2738 3945 2838 4000 tibi
2869 3943 3264 4015 imposuimus,
3304 3959 3475 4014 agno-

1903 4034 2070 4100 veris,
2098 4042 2433 4103 postremum
2468 4049 2599 4089 vero
2631 4048 2940 4089 sermonem
2967 4049 3078 4089 non
3108 4034 3477 4090 sustinueris?

1904 4130 1997 4185 Ait
2045 4130 2196 4186 illis:
2230 4127 2421 4184 Priora
2474 4129 2694 4184 ascribo
2743 4129 2913 4191 mihi,
2947 4129 3076 4198 quia
3126 4128 3181 4184 id
3218 4128 3478 4184 conducit

1906 4219 2101 4274 animae
2124 4234 2293 4287 meat;
2324 4224 2380 4272 at
2406 4218 2653 4285 haeresis,
2689 4217 2964 4288 separatio
2994 4224 3079 4273 est
3099 4233 3131 4273 a
3153 4217 3283 4284 Deo,
3315 4233 3345 4273 a
3369 4234 3479 4289 quo

1907 4310 2150 4379 separari
2181 4324 2525 4380 nequaquam
2557 4310 2703 4367 volo.
2732 4307 2947 4376 Quibus
2970 4308 3193 4377 auditis,
3227 4310 3477 4367 admirati

1908 4406 2037 4454 sunt
2066 4399 2143 4453 illi
2171 4399 2555 4456 discretionem:
2592 4401 2714 4471 ejus
2737 4442 2752 4468 ,
2785 4410 2948 4473 atque
2980 4403 3237 4459 instructi
3268 4404 3478 4461 disces-

1840 4507 1884 4562 υ
1914 4498 2126 4562 serunt.

1982 4557 2035 4613 6.
2065 4559 2176 4631 (l6)
2219 4558 2296 4616 De
2328 4561 2525 4618 abbate
2573 4562 2855 4634 Agathone
2894 4572 3289 4630 narraverunt,
3334 4567 3477 4637 quod

1912 4650 2048 4705 satis
2069 4648 2162 4704 ditt
2191 4654 2620 4720 perseveraverit
2645 4654 2922 4709 :ediﬁcans
2946 4654 3135 4709 cellam
3166 4669 3290 4709 cum
3313 4655 3480 4710 disci-

1912 4740 2056 4810 pulis
2084 4740 2200 4796 suis
2225 4761 2238 4795 :
2269 4758 2431 4812 quam
2462 4759 2585 4799 cum
2607 4747 3031 4809 exstruxissent,
3061 4754 3325 4801 venerunt
3353 4746 3476 4802 dein

1914 4833 2027 4889 illic
2060 4849 2332 4891 mansum.
2368 4833 2517 4891 Vidit
2550 4846 2729 4891 autem
2775 4837 2951 4906 prima
2986 4836 3333 4891 hebdomade
3362 4852 3474 4892 rem

1914 4922 2019 4978 sibi
2046 4922 2301 4999 noxiam,
2332 4932 2386 4978 et
2410 4924 2839 4995 discipulissuis
2879 4925 2985 4979 ait:
3025 4922 3242 4996 Surgite
3267 4966 3283 4991 ,
3320 4925 3478 4980 abea-

1918 5027 2042 5067 mus
2076 5011 2225 5066 hinc.
2260 5012 2340 5066 illi
2374 5014 2719 5069 vehementer
2765 5014 2969 5069 turbati
3018 5024 3180 5078 sunt,
3233 5028 3298 5068 ac
3329 5012 3480 5067 dirc-

1915 5112 2044 5157 runt
2068 5121 2082 5157 :
2119 5100 2179 5157 Si
2208 5102 2433 5159 omnino
2464 5103 2685 5159 sedebat
2714 5105 2903 5169 menti,
2932 5104 3196 5174 migrare,
3226 5118 3330 5157 cur
3359 5110 3450 5157 tan
3469 5133 3482 5141 -

1915 5201 2033 5248 tum
2064 5194 2269 5251 laboris
2294 5198 2630 5266 sumpsimus
2653 5197 2706 5251 in
2723 5197 2858 5252 cella
2889 5195 3256 5252 construenda
3277 5196 3300 5250 ?
3321 5194 3486 5253 Scan-

1914 5285 2098 5341 dalum
2123 5286 2300 5343 adhuc
2329 5295 2551 5358 propter
2571 5305 2670 5344 nos
2703 5288 2917 5360 passuri
2949 5295 3083 5344 sunt
3114 5288 3399 5357 homines,
3429 5307 3483 5349 ct

1989 5618 2102 5689 (14)
2138 5619 2247 5674 Vt't.
2275 5619 2422 5674 Patr.
2455 5635 2589 5681 xv”,
2622 5620 2673 5674 ϐ.

2018 5689 2101 5751 15)
2144 5689 2247 5744 Vit.
2291 5689 2441 5744 Patr.
2479 5706 2532 5751 ι,
2563 5690 2663 5746 10.⁹

2021 5620 2081 5673 14
2138 5620 2247 5674 Vt't.
2275 5620 2422 5674 Patr.
2455 5635 2589 5681 xv”,

2018 5691 2080 5745 15
2144 5689 2247 5744 Vit.
2291 5689 2441 5744 Patr.
2479 5706 2532 5751 ι,
2563 5690 2618 5743 10

2016 5620 2102 5832 16ξ
2147 5760 2246 5814 Vit.
2284 5760 2432 5815 Patr.
2470 5777 2541 5825 γι,
2568 5760 2618 5814 4.
