4042 6208
542 323 639 383 ιιι

1697 326 2048 383 APPENDIX
2086 328 2180 384 AD
2212 330 2638 394 PALLADIUM.

3693 323 3795 382 ιιι

540 440 778 497 dicturi:
816 438 954 495 Ecce
992 438 1190 496 iterum
1223 438 1406 497 sedem
1442 451 1721 499 mutarunt
1753 444 1845 500 isti
1874 446 1993 518 vagi
2024 453 2104 500 at-

2214 451 2374 506 πάλιν
2403 455 2451 506 oi
2486 452 2760 524 ἄνθρωποι
2782 494 2796 519 ,
2834 452 3310 516 σκανδαλισθέντες
3356 453 3437 516 είς
3479 452 3662 523 ἡμᾶς,
3688 460 3776 515 λέ.

537 547 646 602 que
692 531 998 588 instabiles.
1044 531 1286 588 Cernens
1336 532 1501 604 igitur
1533 550 1627 592 eos
1661 537 2109 607 pusillanimitate

538 621 785 693 deiectos
806 661 822 687 ,
854 623 930 677 ita
958 622 1281 692 prolocutus
1316 633 1431 679 est:
1466 625 1616 681 Licet
1642 627 1917 683 nonnullis
1947 643 2109 683 scan-

536 708 662 768 dalo
685 706 854 767 futuri
886 713 1060 767 simus
1081 754 1096 777 ,
1128 720 1183 767 at
1217 714 1339 769 aliis
1369 716 1575 773 erimus
1604 718 1951 774 aedilicationi
1971 759 1985 782 ,
2013 720 2106 788 qui

538 802 766 858 dicent:
822 802 973 858 Beati
1027 803 1118 858 isti
1167 804 1451 873 homines,
1507 810 1635 878 quia
1688 816 1907 880 propter
1936 808 2104 864 Deum

538 894 1041 966 transrnigrarunt,
1087 900 1341 954 omnibus
1398 901 1684 970 neglectis.
1725 899 2105 956 Verumtamen

538 986 634 1058 qui
665 988 901 1043 voluerit
931 989 1138 1054 venire,
1172 991 1375 1056 veniat,
1409 1006 1508 1062 ego
1535 991 1645 1058 jam
1677 992 1889 1047 recedo.
1923 990 2107 1061 Itaque

540 1094 599 1134 se
619 1078 673 1133 in
699 1080 875 1135 solum
910 1089 1346 1150 prostraverunt,
1379 1082 1740 1152 postulantes,
1771 1083 1944 1137 donec
1980 1097 2105 1152 per-

538 1171 692 1228 missi
725 1180 851 1228 sunt
883 1188 1007 1227 cum
1041 1190 1107 1229 eo
1132 1175 1236 1230 iter
1270 1190 1450 1246 agere.

606 1264 658 1318 7.
690 1264 952 1320 Dixerunt
978 1281 1172 1322 rursus
1202 1266 1267 1322 de
1295 1268 1408 1331 illo,
1427 1266 1626 1337 saepius
1646 1266 1961 1338 emigrasse,
1980 1284 2104 1324 cum

538 1353 762 1409 haberet
793 1352 1058 1408 duntaxat
1092 1356 1406 1425 scalpellum
1438 1358 1492 1411 in
1525 1358 1685 1413 cista.

606 1444 659 1501 8.
690 1445 800 1517 (l7)
834 1444 1204 1518 Interrogatus
1233 1456 1316 1505 est
1344 1450 1513 1505 abbas
1542 1450 1749 1521 Agatho
1777 1492 1793 1516 ,
1846 1450 2105 1520 quidnam

538 1521 716 1606 majus
745 1547 886 1592 esset
911 1579 926 1604 ,
958 1537 1110 1592 labor
1128 1540 1374 1609 corporis
1398 1582 1412 1607 ,
1447 1548 1540 1594 aut
1564 1541 1886 1595 interiorum
1923 1549 2107 1595 custo-

475 1682 481 1691 ,
538 1627 647 1683 dia.
686 1626 863 1683 Senex
906 1638 1085 1683 autem
1136 1632 1511 1700 pronuntiavit
1543 1651 1556 1685 :
1584 1630 1757 1687 Homo
1801 1632 1996 1687 similis
2023 1639 2105 1687 est

540 1719 753 1785 arbori;
803 1726 856 1773 et
887 1721 1188 1790 corporalis
1232 1719 1447 1790 quidem
1489 1722 1684 1788 labor,
1729 1722 1852 1776 folia
1902 1723 2104 1788 refert;

539 1809 859 1865 interiorum
890 1825 1019 1865 vero
1047 1811 1317 1875 custodia,
1345 1810 1605 1866 fructum.
1632 1812 1766 1879 Quia
1798 1828 1928 1867 vero
1953 1813 2108 1880 juxta

540 1894 880 1967 Seripturam
906 1940 920 1964 ,
957 1896 1143 1954 Omnis
1188 1900 1347 1954 arbor
1370 1941 1383 1964 ,
1417 1916 1531 1971 qua:
1559 1917 1662 1954 non
1705 1901 1836 1970 facit
1878 1901 2108 1968 fructum

538 1972 764 2049 bonum,
801 1986 1108 2051 excidatur,
1158 1997 1208 2043 et
1258 1989 1315 2043 in
1361 1989 1530 2059 ignem
1584 1988 1818 2042 mittetur
1846 1989 1913 2055 ”,
1962 1997 2109 2060 patet

536 2094 697 2134 omne
732 2080 971 2133 studium
1004 2086 1251 2134 nostrum
1298 2088 1545 2149 spectare
1582 2080 1650 2134 ad
1696 2080 1968 2144 fructum,
2005 2080 2109 2136 hoc

534 2178 658 2233 est,
701 2170 769 2224 ad
820 2170 1022 2224 mentis
1048 2169 1380 2226 custodiam.
1425 2170 1575 2245 Opus
1608 2180 1789 2227 tamen
1847 2172 2108 2228 habemus

533 2260 697 2316 etiam
728 2267 1041 2333 tegumenta
1073 2269 1127 2317 et
1153 2270 1351 2316 ornatu
1380 2277 1444 2317 ex
1481 2261 1656 2331 foliis;
1694 2261 1953 2316 nimirum
1984 2277 2109 2317 cor—

535 2354 685 2425 poris
711 2353 918 2408 labore.

603 2445 660 2502 9.
692 2446 804 2516 (l8)
838 2444 1316 2514 lnterrogaverunt
1367 2458 1492 2497 eum
1544 2442 1721 2497 adhuc
1766 2442 1993 2509 fratres,
2027 2442 2108 2498 di-

533 2544 755 2592 centes:
790 2535 921 2600 Quae
950 2534 1156 2595 virtus,
1184 2531 1349 2587 Pater
1367 2573 1382 2598 ,
1411 2533 1553 2588 inter
1589 2546 1815 2589 crateras
1844 2534 2105 2603 majorem

533 2627 701 2698 exigit
732 2625 1010 2681 laborem?
1036 2624 1178 2679 Dicit
1207 2625 1316 2681 eis:
1349 2623 1617 2701 ignoscite
1650 2626 1779 2679 mihi
1802 2666 1816 2690 ,
1853 2626 2108 2681 existimo

534 2716 745 2772 nullum
785 2715 1024 2770 laborem
1067 2716 1272 2784 aequari
1324 2714 1578 2784 precibus
1629 2714 1694 2769 ad
1727 2714 1917 2769 Deum.
1956 2714 2106 2781 Quo-

535 2808 855 2877 tiescunque
885 2806 1032 2862 enim
1075 2804 1239 2861 homo
1263 2805 1499 2860 voluerit
1525 2821 1719 2873 orare,
1761 2806 1968 2861 inimici
2006 2822 2105 2862 seu

533 2899 807 2955 daemones
832 2883 1082 2953 nituntur
1101 2912 1224 2952 eum
1248 2905 1512 2952 avertere.
1543 2895 1737 2952 Sciunt
1771 2898 1971 2967 quippe
1995 2912 2105 2951 non

533 2991 692 3044 aliter
721 2988 970 3060 impediri
1005 3004 1101 3055 se,
1149 2988 1256 3043 nisi
1306 3003 1403 3057 per
1453 2989 1758 3043 orationem
1808 2990 1874 3043 ad
1913 2988 2100 3040 Deum.

532 3079 691 3137 Certe
741 3078 1003 3150 quidquid
1043 3077 1189 3133 aliud
1222 3078 1351 3135 boni
1383 3079 1568 3147 operis
1598 3078 1760 3132 homo
1812 3092 2103 3148 aggressus

536 3171 721 3235 fuerit,
754 3171 810 3224 in
841 3186 908 3225 eo
934 3183 1310 3243 perseverans,
1341 3168 1586 3238 requiem
1618 3168 1864 3232 obtinet;
1897 3177 1952 3221 at
1980 3183 2105 3224 ora-

534 3265 610 3319 tio
635 3262 702 3318 ad
745 3261 1000 3317 ultimum
1049 3275 1223 3334 usque
1250 3260 1504 3329 spiritum
1532 3267 1655 3331 eget
1680 3260 1997 3315 certamine.

614 3438 700 3494 t0.
735 3436 846 3510 (i9)
870 3436 998 3492 Erat
1021 3445 1206 3491 autem
1232 3432 1403 3490 abbas
1426 3431 1637 3504 Agatho
1658 3433 1877 3506 sapiens
1906 3441 2103 3499 mente,

536 3534 768 3606 impiger
801 3545 1053 3601 corpore,
1088 3535 1142 3584 et
1174 3528 1230 3583 in
1262 3527 1478 3584 cunctis
1510 3526 1738 3582 idoneus
1759 3564 1775 3594 ,
1805 3540 1968 3597 opere
1992 3540 2104 3580 ma-

534 3641 728 3691 nuum,
756 3624 901 3692 cibo,
932 3620 1154 3678 vestitu.

606 3811 697 3868 ιι.
732 3808 842 3881 (20)
874 3805 1019 3862 Idem
1054 3804 1158 3860 iter
1212 3799 1406 3873 agebat
1457 3813 1581 3854 cum
1638 3796 1920 3868 discipulis
1952 3796 2102 3862 suis;

533 3917 834 3974 eorumque
874 3914 1021 3955 unus
1075 3897 1294 3952 inventa
1323 3893 1391 3948 ad
1439 3894 1579 3947 viam
1614 3891 1883 3945 cicercula
1920 3888 2102 3951 viridi,

533 3998 612 4054 ait
657 3994 774 4054 seni
811 4012 829 4050 :
860 3991 1070 4055 Pater,
1112 3988 1276 4060 ‘jubes
1327 3984 1477 4039 illam
1524 3981 1827 4051 accipiam?
1869 3978 2106 4032 intendit

533 4104 663 4160 ergo
708 4088 765 4142 in
801 4100 926 4141 eum
983 4097 1148 4138 senex
1196 4079 1463 4141 miratus,
1515 4074 1783 4143 dicitque:
1836 4069 1990 4124 Tune
2038 4071 2105 4122 il-

535 4178 640 4230 lam
698 4174 772 4228 ibi
822 4171 1095 4242 posuisti?
1143 4165 1446 4238 Respondit
1494 4162 1699 4217 frater:
1732 4160 2101 4230 Nequaquam.

533 4266 675 4320 Tum
710 4278 910 4319 senex:
955 4261 1075 4328 Quo
1103 4261 1264 4315 modo
1300 4259 1464 4329 igitur
1496 4256 1683 4311 tollere
1708 4257 1792 4310 vis
1821 4253 1965 4324 quod
1995 4266 2103 4307 non

535 4353 810 4427 posuisti?

2208 559 2327 610 γειν
2354 559 2367 572 ·
2408 543 2539 597 Ἰδοὺ
2589 544 2895 617 μετέϐησαν
2929 545 3088 599 πάλιν
3120 546 3170 598 οἱ
3203 544 3508 598 ἀκάθιστοι.
3554 542 3697 597 Ἰδὼν
3724 543 3783 598 ἢ

2208 633 2403 697 αὐτοὺς
2430 634 2887 705 ὀλιγοψυχοῢντας
2910 676 2926 697 ,
2959 636 3108 703 λέγει
3142 636 3351 697 αὐτοῖς·
3393 635 3458 687 Ei
3494 634 3588 687 καὶ
3618 652 3775 688 σκανο

2207 723 2507 787 δαλίξονταί
2548 743 2724 792 τινες,
2758 727 2893 781 ἀλλὰ
2924 727 3085 780 πάλιν
3117 723 3630 796 οἱκοδομηθήσονται
3662 726 3783 779 ἓτε-

2210 833 2292 886 ροι
2316 856 2331 880 ,
2366 816 2615 885 λέγοντες
2644 835 2658 848 ’
2712 818 2986 887 Μακάριοι
3036 820 3084 871 ot
3120 817 3387 879 τοιοῦτοι,
3437 816 3519 869 ὅτι
3567 816 3655 869 διὰ
3684 816 3780 870 τὸν

2207 907 2338 962 Θεὸν
2369 909 2672 979 μετέϐησαν
2693 949 2707 971 ,
2750 909 2844 961 καὶ
2867 910 3080 962 πάντων
3109 908 3536 979 κατεφρόνησαν.
3569 906 3713 977 Πλὴν
3746 911 3777 961 6

2208 996 2376 1050 θέλων
2429 997 2604 1050 ἐλθεῖν
2623 1037 2637 1061 ,
2668 997 2827 1069 ἔλθῃ,
2858 996 2967 1065 ἐγὼ
2997 997 3134 1060 τέως
3164 997 3374 1064 ὑπάγω.
3410 997 3638 1050 Ἔϐαλον
3683 993 3776 1051 οὖν

2207 1089 2433 1151 ἑαυτοὺς
2458 1088 2539 1151 είς
2570 1089 2629 1140 τὸ
2655 1088 2877 1156 ἔδαφος,
2920 1087 3191 1153 ἀξιοῦντες
3217 1129 3231 1154 ,
3273 1088 3377 1151 ἕως
3399 1080 3460 1141 οὗ
3489 1105 3779 1160 συγχωρη-

2208 1176 2371 1231 θῶσιν
2401 1179 2496 1229 σὺν
2522 1176 2670 1247 αὐτῷ
2695 1178 2931 1231 ὁδεῦσαι.

2276 1267 2342 1334 ξ’.
2381 1266 2549 1322 Εἶπον
2579 1270 2737 1323 πάλιν
2767 1269 2894 1337 περὶ
2925 1267 3088 1322 αὐτοῦ
3112 1310 3126 1333 ,
3159 1268 3241 1321 ὅτι
3274 1267 3531 1330 πολλάκις
3576 1267 3781 1342 μετέϐη

2207 1358 2345 1429 ἔχων
2373 1361 2471 1429 τὴν
2505 1359 2700 1430 σμίλαν
2736 1359 2931 1413 ἑαυτοῦ
2966 1360 3135 1430 μόνην
3165 1361 3243 1421 είς
3265 1359 3325 1411 τὸ
3356 1359 3609 1429 μαννάδιν
3639 1359 3776 1429 (τε).

2271 1453 2341 1515 η’.
2383 1447 2668 1518 Ἦρωτήθη
2698 1451 2726 1500 6
2760 1447 2934 1510 assa;
2969 1447 3212 1515 Ἀγάθων
3232 1489 3246 1509 ,
3275 1447 3326 1499 τί
3354 1447 3535 1517 μεῖζον
3556 1487 3569 1506 .
3601 1450 3629 1501 6
3674 1467 3780 1503 σω-

2211 1538 2438 1609 ματικδς
2466 1538 2712 1609 κόπος,ἢ
2739 1540 2771 1609 ἡ
2805 1538 3017 1607 φυλακὴ
3047 1537 3153 1590 τῶν
3186 1537 3349 1591 ἔνδον.
3387 1534 3519 1590 Εἷπε
3543 1538 3599 1591 δὲ
3624 1540 3651 1592 6
3680 1540 3777 1608 γέ-

2212 1643 2317 1698 ρων
2342 1643 2354 1656 ·
2399 1627 2579 1679 Ἔοικε
2612 1625 2810 1697 δένδρῳ
2843 1629 2871 1679 6
2914 1627 3222 1697 ἄνθρωπος·
3260 1629 3288 1680 6
3315 1627 3491 1680 τοίνυν
3541 1644 3780 1698 σωματι-

2208 1718 2300 1780 κὸς
2332 1712 2499 1780 κόπος
2530 1717 2702 1787 φύλλα
2752 1718 2930 1770 ἐστίν’
2979 1720 3012 1789 ἡ
3057 1719 3114 1770 δὲ
3163 1717 3272 1772 τῶν
3303 1706 3695 1791 ἔνδονφνλακὴ
3747 1724 3778 1774 6

2139 1787 2179 1841 Β
2210 1810 2421 1880 καρπός
2468 1811 2637 1862 ἐστιν.
2693 1809 2909 1879 Ἐπειδὴ
2951 1787 3009 1863 δὲ
3067 1810 3206 1863 κατὰ
3253 1810 3313 1863 τὸ
3369 1787 3777 1882 γεγραμμένον,

2206 1900 2337 1956 Πᾶν
2363 1901 2614 1968 δένδρον
2639 1901 2726 1970 μὴ
2756 1901 2972 1955 ποιοῦν
3005 1901 3238 1970 καρπὸν
3274 1902 3465 1955 καλιῖν
3491 1903 3773 1955 ἐκκόπτε-

2205 2010 2299 2047 ται
2325 2034 2339 2059 ,
2381 1993 2479 2046 καὶ
2502 1995 2589 2059 εὶς
2616 1993 2736 2061 πῦρ
2777 1994 3072 2057 βάλλεται
3095 2031 3110 2056 ,
3154 1996 3383 2063 φανερόν
3408 1996 3552 2049 ἐστιν
3579 1994 3660 2046 ὅτι
3688 1993 3779 2046 διὰ

2205 2086 2295 2138 τὸν
2317 2085 2524 2156 καρπόν
2556 2087 2702 2138 ἐστιν
2731 2085 2886 2155 ἡμῶν
2921 2086 2954 2155 ὴ
2983 2083 3185 2153 σπουδὴ
3214 2086 3380 2146 πᾶσα,
3406 2084 3648 2136 τουτέστι
3675 2083 3775 2153 τὴν

2204 2177 2298 2230 τοῦ
2328 2177 2445 2240 νοὸς
2475 2177 2737 2246 φυλακήν.
2762 2177 2936 2248 Χρεία
2960 2176 3016 2229 δέ
3036 2179 3150 2229 ἐστι
3175 2176 3269 2229 καὶ
3294 2176 3394 2246 τῆς
3419 2177 3482 2228 ἐκ
3511 2172 3618 2227 τῶν
3644 2174 3776 2242 φύλα

2204 2268 2311 2321 λων
2344 2268 2551 2335 σκέπης
2577 2268 2673 2321 καὶ
2698 2266 2994 2337 εὐκοσμίας
3015 2305 3030 2330 ,
3066 2265 3224 2320 ἅτινά
3248 2268 3393 2319 ἐστιν
3417 2268 3444 2320 6
3466 2264 3779 2335 σωματικδς

2205 2355 2392 2418 κόπος.

2278 2444 2344 2498 θ’.
2381 2442 2702 2516 Ἡρὼτησαν
2732 2445 2894 2498 αὑτὸν
2935 2444 3096 2498 πάλιν
3144 2446 3194 2498 ol
3227 2443 3441 2512 ἀδελφοὶ
3488 2442 3772 2512 λέγοντες·

2205 2534 2341 2588 Ποία
2366 2536 2533 2607 ἀρετή
2572 2537 2711 2600 ἐστι,
2744 2535 2945 2605 Πάτερ,
2974 2538 3031 2589 ἐν
3065 2539 3181 2599 ταῖς
3219 2534 3511 2598 πολιτείαις
3534 2576 3546 2596 ,
3573 2534 3775 2605 ἔχουσα

2205 2625 2423 2679 πλείονα
2461 2626 2739 2696 κάματον;
2775 2627 2936 2695 Λέγει
2989 2629 3197 2690 αὐτοῖς’
3223 2624 3612 2697 Συγχωρήσατέ
3658 2641 3773 2694 μοι,

2204 2714 2485 2784 λογίζομαι
2513 2716 2594 2767 ὅτι
2619 2715 2719 2768 οὐκ
2750 2716 2898 2769 ἐστιν
2935 2716 3121 2786 ἕτερος
3158 2715 3429 2788 κάματος,
3476 2714 3550 2779 ὡς
3580 2714 3643 2768 τὸ
3681 2712 3775 2769 εὖ-

2205 2802 2398 2869 ξασθαι
2425 2802 2503 2873 τῷ
2528 2801 2666 2872 Θεῷ.
2700 2804 2938 2856 Πάντοτε
2984 2804 3092 2874 γὰρ
3133 2804 3222 2857 ὅτε
3252 2804 3380 2878 θέλῃ
3416 2807 3443 2857 6
3492 2802 3775 2874 ἄνθρωπος

2206 2890 2639 2960 προσεύξασθαι,
2674 2890 2949 2960 βούλονται
2986 2894 3035 2945 oi
3072 2892 3253 2963 ἐχθροὶ
3297 2893 3525 2963 ἐκκόψαι
3570 2891 3725 2946 αὐτόν
3752 2907 3769 2923 ⁸

2203 2985 2375 3037 οἴδασι
2425 2984 2532 3054 γὰρ
2560 2984 2640 3037 ὅτι
2672 2983 2971 3053 οὐδαμόθεν
3012 2983 3425 3053 ἐμποδίζονται,
3465 2986 3514 3037 εί
3552 2983 3627 3054 μὴ
3665 2982 3774 3036 ἀπὸ

2204 3074 2298 3128 τοῦ
2330 3075 2587 3140 εὕξασθαι
2615 3075 2693 3146 τῷ
2719 3075 2855 3146 Θεῷ.
2885 3077 2993 3129 Καὶ
3018 3078 3196 3129 πᾶσαν
3225 3075 3280 3126 δὲ
3316 3075 3589 3129 πολιτείαν
3614 3076 3678 3146 ἢν
3707 3076 3776 3131 ἂν

2210 3166 2441 3238 μετέλθῃ
2468 3167 2513 3198 ⁵¹
2541 3167 2849 3237 ἄνθρωπος,
2884 3164 3233 3237 ὲγκαρτερῶν
3271 3166 3327 3217 ἐν
3362 3164 3498 3236 αὐτῇ
3523 3205 3536 3225 .
3576 3168 3778 3220 κτᾶται

2207 3258 2541 3313 ἀνάπαυσιν·
2594 3260 2656 3312 τὸ
2685 3259 2741 3312 δὲ
2769 3258 3027 3324 εὖξασθαι
3053 3298 3068 3323 ,
3096 3257 3201 3321 ἕως
3232 3256 3465 3329 ὲσχάτης
3501 3258 3778 3332 ἀναπνοῆς

2205 3348 2412 3416 ἀγῶνος
2440 3349 2630 3420 χρῄζει
2656 3351 2721 3404 ".

2276 3445 2324 3492 t'.
2357 3435 2463 3492 Ἦν
2495 3440 2549 3493 δὲ
2581 3442 2609 3493 6
2634 3441 2809 3505 esse;
2843 3441 3086 3511 Ἀγάθων
3125 3442 3283 3511 σοφὸς
3309 3444 3367 3496 ὲν
3396 3442 3474 3514 τῷ
3508 3443 3779 3515 διανοητιο

2206 3526 2287 3597 κῷ
2307 3566 2321 3590 ,
2352 3528 2444 3581 καὶ
2471 3528 2664 3594 ἄοκνος
2704 3533 2763 3585 ἐν
2803 3531 2881 3602 τῷ
2915 3532 3209 3604 σωματικῷ
3232 3573 3247 3598 ,
3280 3534 3374 3587 καὶ
3395 3535 3674 3606 αὐτάρκης
3713 3537 3772 3588 ὲν

2206 3622 2404 3686 πᾶσιν,
2434 3620 2491 3673 ἐν
2523 3639 2582 3675 τε
2629 3622 2709 3695 τῷ
2758 3624 3057 3697 ὲργοχείρῳ
3108 3626 3202 3680 καὶ
3250 3628 3318 3698 τῇ
3360 3629 3532 3699 τροφῇ
3581 3628 3673 3680 καὶ
3702 3628 3771 3698 τῇ

2206 3711 2413 3782 ἐσθῆτι.

2274 3811 2361 3858 ια’.
2401 3805 2459 3859 '0
2490 3806 2651 3871 αὐτὸς
2672 3806 2838 3861 ὥδευε
2869 3806 3012 3878 μετὰ
3037 3808 3143 3861 τῶν
3171 3808 3426 3882 μαθητῶν
3455 3807 3618 3863 αὐτοῦ
3638 3827 3650 3840 ·
3677 3808 3775 3864 καὶ

2204 3893 2377 3966 εὑρὼν
2406 3890 2486 3957 εἷς
2535 3897 2594 3962 ἐξ
2621 3898 2800 3952 αὐτῶν
2853 3898 3046 3970 μικρὸν
3077 3899 3305 3970 ἀράκιον
3352 3899 3558 3971 χλωρὸν
3608 3901 3665 3953 ὲν
3702 3903 3771 3971 τῇ

2204 3985 2308 4057 ὀδῷ
2324 4027 2339 4049 ,
2365 3985 2513 4056 λέγει
2541 3986 2619 4058 τῷ
2646 3988 2865 4059 γέροντι
2885 4006 2897 4018 ’
2924 3990 3105 4060 Πάτερ
3128 4029 3143 4056 ,
3167 3989 3408 4054 κελεύεις
3434 3990 3584 4045 λάϐω
3604 3990 3770 4056 αὐτός

2206 4077 2507 4147 προσέσχεν
2528 4074 2621 4131 οὖν
2649 4079 2679 4130 6
2706 4078 2883 4150 γέρων
2912 4080 3059 4151 αὐτῷ
3087 4079 3381 4151 θαυμάζων
3403 4122 3419 4147 ,
3454 4082 3547 4135 καὶ
3580 4079 3727 4151 λέγει
3755 4099 3770 4112 ·

2205 4170 2278 4223 Σὺ
2325 4167 2527 4239 ἔθηκας
2577 4169 2707 4223 αὐτὸ
2739 4172 2890 4236 ὲκεί;
2923 4173 3084 4241 Λέγει
3116 4174 3146 4225 6
3186 4171 3445 4240 ἀδελφός·
3479 4172 3632 4242 Οὐχί.
3663 4173 3774 4227 Καὶ

2203 4257 2351 4328 λέγει
2373 4259 2402 4311 6
2427 4259 2635 4330 γέρων·
2663 4259 2793 4325 Πῶς
2820 4256 2913 4315 οὖν
2938 4260 3111 4326 θέλεις
3138 4259 3322 4316 λαϐεῖν
3346 4261 3375 4315 6
3401 4262 3501 4315 οὐκ
3527 4261 3730 4334 ἔθηκας
3754 4280 3770 4330 ;

605 4444 693 4500 12.
726 4442 839 4517 (Si)
870 4439 1032 4496 Venit
1063 4439 1231 4494 frater
1260 4439 1326 4494 ad
1356 4438 1606 4493 abbatem
1634 4438 1989 4509 Agathonem,
2020 4436 2101 4491 di-

2273 4431 2366 4502 ιβ’.
2409 4433 2659 4503 Ἀδελφδς
2684 4428 2815 4506 ἦλθε
2852 4434 2987 4506 πρὸς
3011 4436 3102 4489 τὸν
3130 4436 3304 4491 άὸὄᾶν
3344 4437 3626 4507 ’Δγάθωνα
3646 4480 3661 4503 ,
3686 4438 3777 4493 λέ-

532 4537 749 4606 xitque:
781 4530 1040 4588 Permitte
1068 4537 1125 4584 ut
1147 4536 1328 4583 tecum
1361 4542 1629 4582 maneam.
1650 4526 1884 4582 Veniens
1898 4536 2096 4588 autem,

533 4625 735 4698 reperit
762 4624 817 4680 in
846 4621 1041 4677 itinere
1076 4632 1265 4690 parum
1300 4617 1430 4671 nitri
1460 4656 1477 4680 ,
1518 4615 1759 4685 illudque
1783 4618 1981 4671 attulit.
2019 4615 2099 4669 Ad

533 4734 695 4794 quem
720 4730 887 4775 senex
909 4733 925 4770 :
947 4710 1104 4769 Unde
1128 4711 1387 4782 accepisti
1411 4710 1614 4765 nitrum
1630 4709 1655 4761 Ἰ
1672 4706 1970 4777 Respondit
2001 4707 2104 4761 fra-

532 4823 649 4869 ter:
689 4811 750 4866 In
777 4807 866 4865 via
898 4802 1157 4862 incedens
1192 4809 1462 4875 repertum
1494 4798 1724 4869 sumpsi.
1759 4797 1934 4854 Senex
1968 4797 2103 4852 dicit

600 4964 654 4999 ⁸⁶
687 4958 878 5018 Matth.
922 4972 1002 5025 Ill,
1035 4956 1127 5016 10.
1199 4954 1245 4989 ’ί
1271 4953 1356 5009 Al.
1385 4951 1679 5026 μελετήσῃ.
1752 4952 1799 4985 ⁸⁸
1826 4951 1912 5005 Al.
1943 4952 2124 5024 χρεία.

606 5118 718 5194 (17)
757 5119 860 5194 [ἧι.
895 5117 1051 5194 fair.
1083 5131 1139 5181 x,
1173 5113 1260 5194 H_.

605 5174 722 5259 ῖὶθδ
758 5174 866 5244 Vit.
901 5187 1058 5259 Patr.
1093 5174 1286 5259 ιιι-λὶς
1319 5181 1480 5240 Joan.
1513 5179 1705 5237 Geom.
1742 5174 1950 5232 Parad.
1977 5176 2064 5234 77.

632 5197 700 5247 t8
760 5197 866 5244 Vit.
901 5197 1058 5243 Patr.
1093 5201 1196 5248 xu,
1219 5197 1286 5249 2;
1319 5197 1480 5240 Joan.
1513 5197 1705 5237 ueom.
1742 5197 1950 5232 raraa.
1986 5197 2064 5234 Η.

632 5197 722 5329 ίθζ
755 5258 861 5330 Ῡίί·
893 5257 1047 5330 Bal"-
1074 5272 1130 5317 ³ο
1158 5255 1247 5330 “.3
1419 5323 1431 5330 .
1468 5321 1485 5330 .
1622 5317 1656 5330 ..
1743 5317 1792 5330 ..
1858 5324 1870 5330 -
1913 5315 1973 5330 ,η
2056 5316 2068 5329 .

630 5315 722 5398 20')
756 5315 1056 5398 νίεείραιτί.
1092 5315 1173 5398 iv,
1210 5325 1369 5398 8.__-—
1395 5321 1488 5398 _Ad
1517 5317 1696 5398 capita
1736 5317 1794 5398 ll
1824 5324 1878 5397 et
1906 5315 2101 5398 μειδί-

538 5386 799 5467 miliaque
822 5397 951 5473 alia,
979 5386 1177 5473 apponi
1207 5394 1367 5473 velim
1395 5386 1958 5473 loeumﬁtephaniﬂin
1988 5386 2100 5439 fra-

575 5454 756 5524 mento
780 5454 1203 5537 rquod'yul'gavit
1248 5465 1333 5537 vi;
1350 5462 1597 5537 eruditus
1630 5454 1848 5537 Spfnue}
1876 5454 2099 5537 Tanau-

575 5486 756 5524 mento
789 5486 933 5537 quoa
964 5486 1203 5535 vutgavu
1248 5486 1330 5518 Vll'
1350 5486 1597 5518 eruuntus
1630 5486 1848 5535 Dilllllllil
1885 5486 2099 5509 ιυιιιιιι·

538 5486 668 5607 ﬁlis,
698 5536 791 5607 ubi
848 5533 917 5588 de
950 5532 1188 5607 Dyrbaeis
1215 5552 1230 5588 :
1262 5526 1424 5607 Οὗτοι
1477 5529 1611 5607 οὔτε
1626 5527 1930 5607 egenum»!
1977 5524 2103 5579 οὗτε

539 5595 946 5667 ἀποκτείνουσιν
973 5595 1277 5673 ἀνθρῴπων
1302 5602 1521 5673 οὐδένα.Δ
1554 5596 1681 5673 Ἐᾲν
1693 5596 1759 5650 δέ
1788 5613 1842 5673 τι
1871 5595 1932 5673 si}

540 5664 693 5750 δντῇ
721 5674 847 5750 ῥδῷ,
883 5664 1105 5750 χρυσίον
1132 5670 1402 5750 ἢβρίάτιον
1435 5669 1469 5741 ἢ
1498 5667 1759 5750 αργύριον
1871 5664 1998 5750 ἄλλο
2025 5681 2102 5726 τι,

718 5734 1105 5808 ἀτὼκινήσειαν
1123 5734 1277 5804 αὐτό,
1308 5754 1406 5796 seu
1434 5734 1615 5808 potius
1628 5734 1754 5792 cum
1769 5734 1872 5791 ms.
1906 5734 2099 5798 οὕτως.

2024 5611 2103 5648 σιν

2204 4539 2316 4591 γων
2338 4537 2352 4552 θ
2394 4523 2592 4576 Ἔασόν
2629 4540 2697 4593 με
2737 4523 2905 4576 οίκεῐν
2937 4524 3074 4593 μετὰ
3107 4524 3224 4578 σοῦ.
3270 4523 3593 4598 Ἑρχόμενος
3626 4527 3684 4581 δὲ
3713 4529 3774 4579 ὲν

2156 4630 2161 4636 ’
2205 4615 2270 4685 τῇ
2317 4611 2422 4682 ὀδῷ
2460 4607 2585 4682 εὗρε
2616 4614 2811 4684 μικρὸν
2841 4613 3021 4683 νίτρον
3044 4651 3060 4677 ,
3095 4613 3190 4665 καὶ
3221 4615 3449 4684 ἧνεγκεν
3477 4617 3625 4671 αὐτό.
3661 4617 3778 4671 Καὶ

2205 4703 2352 4772 λέγει
2380 4704 2410 4755 6
2441 4704 2619 4774 γέρων
2642 4720 2655 4733 ο
2688 4702 2860 4756 Πόθεν
2886 4695 3043 4775 εὗρες
3065 4703 3126 4757 τὸ
3148 4703 3360 4776 νίτρονς
3382 4708 3544 4777 Λέγει
3571 4708 3601 4761 6
3622 4708 3780 4763 ἀδελ-

2207 4798 2306 4867 φός
2326 4812 2339 4826 ·
2380 4796 2467 4849 Ἐν
2499 4798 2566 4867 τῇ
2596 4795 2700 4867 ὀδῷ
2726 4790 2881 4869 εὖρον
2910 4795 3063 4863 αὐτὸ,
3094 4799 3431 4870 περιπατῶν,
3463 4804 3557 4856 καὶ
3583 4801 3781 4857 ἔλαϐον

2204 5101 2303 5157 Illi
2328 5100 2765 5176 nequeiniurigm
2815 5100 3229 5176 faciunt,_nequc
3261 5119 3575 5176 quamquam
3604 5105 3781 5161 hami;

2201 5189 2326 5226 num
2358 5169 2619 5226 occidunt.
2654 5170 2714 5227 Si
2744 5169 2859 5225 vero
2890 5171 3093 5244 aliquid
3122 5169 3176 5228 in
3212 5169 3294 5229 siit
3325 5169 3633 5244 invenerint.
3669 5192 3775 5229 au-

2200 5259 2341 5316 rum,
2372 5251 2464 5295 aut
2487 5251 2694 5316 vestem,
2720 5252 2812 5295 aut
2836 5242 3130 5316 argentum,
3156 5253 3247 5297 aut
3267 5242 3416 5316 aliud
3446 5243 3592 5314 quid.
3614 5261 3777 5316 neque

2199 5312 2274 5365 sic
2302 5312 3081 5384 eorumquidquamﬂablaturi
3112 5326 3252 5369 sunt.
3279 5313 3403 5382 Legi
3438 5312 3656 5384 quoque
3679 5312 3778 5384 po—

2199 5388 2338 5442 test,
2369 5389 2428 5434 ut
2449 5381 2604 5449 plura
2647 5396 2753 5434 non
2787 5382 2964 5437 dicam
2991 5424 3005 5444 ,
3045 5381 3238 5436 Rerum
3261 5381 3531 5436 variarum
3569 5381 3635 5439 ex
3670 5381 3777 5439 ad-

2200 5452 2464 5523 versariis
2502 5449 2742 5523 Gretseri
2768 5453 3097 5523 selectarum
3123 5469 3261 5523 opus
3284 5453 3379 5507 lib.
3422 5469 3481 5515 ιι,
3509 5468 3633 5523 cap.
3666 5454 3720 5507 7.

2277 5520 2389 5590 (9.1)
2416 5518 2649 5588 Append.
2682 5535 2736 5589 p.
2774 5521 2932 5583 1002,
2960 5538 3013 5574 n.
3054 5520 3107 5574 6.

2276 5609 2392 5681 (22)
2426 5608 2497 5664 Τὸ
2534 5610 2853 5679 μαγνάὸιν.
2909 5610 3140 5669 Videtur
3163 5626 3284 5695 esse
3326 5611 3473 5695 quod
3502 5628 3604 5669 nos
3633 5610 3772 5669 Galli

2204 5694 2465 5736 vocamus
2493 5696 2592 5736 une
2622 5697 2829 5747 manna,
2853 5697 2924 5735 un
2949 5691 3284 5753 manneqm'n,
3313 5691 3465 5740 cista:
3487 5695 3678 5754 genus.
