4054 6206
177 287 269 349 llS

1320 290 1931 351 APOPHTHEGMATA
1971 290 2282 354 PATRUH.

3328 293 3432 353 11⁸

171 413 320 468 αὐτό.
356 411 524 480 Λέγει
551 406 698 480 αὐτῷ
732 412 761 464 ὀ
783 407 965 478 γέρων
987 425 1001 438 ·
1029 408 1092 463 Ei
1122 410 1241 482 μετ’
1264 411 1400 482 ἐμοῦ
1422 408 1586 483 ἦλθες
1611 415 1763 486 οἰκῆ-

1869 411 1945 467 ei:
1969 409 2028 466 Si
2060 426 2275 467 mecum
2301 409 2560 466 veniebas
2588 407 2853 474 habitare,
2870 410 3012 480 quod
3031 426 3139 467 non
3168 427 3431 483 posueras

173 522 283 567 σαι,
317 501 349 557 6
376 502 480 555 οὐκ
505 499 714 571 ἔθηκας
737 539 753 563 ,
787 498 907 561 πῶς
940 498 1206 570 εἴληφαςς
1238 501 1348 554 Καὶ
1384 501 1630 575 ἐπεμψεν
1661 505 1759 559 αὐ-

173 595 262 649 τὸν
289 593 617 660 ἀπενεγκεῖν
642 589 795 652 αὐτὸ,
822 589 945 644 ὅθεν
970 589 1193 661 εἴληφεν
1216 590 1370 644 αὑτό.

241 691 330 753 ιγ’.
375 682 634 751 Ἀδελφδς
676 680 932 753 ἠρώτησε
980 681 1073 735 τὸν
1114 681 1346 753 γέροντα
1384 683 1558 753 λέγων
1582 702 1597 716 δ
1640 686 1759 740 Ἑν-

178 774 296 845 τολή
330 791 422 844 μοι
449 772 678 841 ἔφθασε,
708 773 802 826 καὶ
834 771 950 825 ἐστι
974 772 1212 844 πόλεμος
1246 775 1381 828 ὅπου
1416 776 1565 830 ἐστὶν
1592 780 1625 848 ὴ
1671 780 1759 833 έν-

179 865 323 935 τολή.
353 863 504 917 Θέλω
540 859 634 919 οὖν
686 863 943 918 ἀπελθεῖν
992 864 1061 918 δι’
1093 865 1262 936 αὐτὴν
1287 905 1303 931 ,
1353 866 1447 920 καὶ
1486 868 1759 940 φοϐοῦμαι

178 956 263 1010 τὸν
291 956 553 1028 πόλεμον.
584 956 695 1010 Καὶ
726 955 875 1025 λέγει
896 955 1047 1027 αὐτῷ
1077 959 1106 1011 6
1146 957 1326 1031 γέρων
1346 976 1359 988 ·
1390 961 1453 1014 Et
1487 956 1556 1033 ἦν
1595 961 1759 1030 Ἀγά-

179 1047 281 1101 θων
315 1046 431 1119 (23)
460 1088 475 1112 ,
528 1048 702 1101 ἐποίει
752 1046 853 1120 τὴν
894 1046 1114 1121 ἐντολὴν
1140 1088 1156 1115 ,
1200 1050 1296 1104 καὶΙ
1335 1050 1492 1107 ἐνίκα
1533 1052 1626 1108 τὸν
1658 1055 1760 1110 πό-

177 1139 359 1213 λεμον.

236 1233 321 1288 ιδ’.
368 1233 426 1288 '0
458 1234 621 1297 αὐτὸς
657 1231 905 1301 ’Δγάθων
929 1271 944 1295 ,
975 1231 1253 1305 συνεδρίου
1302 1237 1598 1308 γενομένου
1628 1239 1762 1311 ’περὶ⁸

178 1324 499 1397 πράγματός
546 1341 688 1387 τινος
746 1325 803 1376 έν
850 1324 1049 1394 Σκήτει
1075 1363 1091 1387 ,
1121 1326 1216 1378 κα)¹
1261 1324 1519 1393 λαϐόντος
1566 1328 1759 1394 τύπον,

179 1414 403 1486 ὕστερον
439 1412 611 1468 ἐλθὼν
653 1411 807 1468 εἶπεν
849 1415 1063 1478 αὐτοῖς·
1107 1416 1182 1469 Οὐ
1217 1417 1399 1482 καλῶς
1442 1419 1761 1475 ὲτυπώσατε

189 1503 241 1559 :6
277 1507 530 1577 πρᾶγμα.
565 1506 628 1561 Οἱ
659 1506 719 1560 δὲ
749 1505 904 1561 εἶπον
938 1506 1074 1577 πρὸς
1112 1508 1277 1563 αὐτόν
1298 1526 1311 1539 ·
1364 1510 1435 1564 Σὺ
1464 1512 1550 1575 τίς
1596 1507 1649 1565 εἴ
1678 1514 1760 1568 ὅτι

179 1593 316 1659 ὅλως
332 1594 516 1658 λαλεῖς
541 1613 556 1663 ;
589 1595 648 1648 '0
669 1595 726 1649 δὲ
751 1591 926 1648 εἶπεν·
957 1596 1085 1660 Υἱὸς
1108 1596 1418 1669 ἀνθρώπου.
1447 1600 1761 1674 Γέγραπται

179 1682 315 1755 γάρ·
340 1686 413 1738 El
437 1682 678 1752 ἀληθῶς
702 1685 816 1752 ἄρα
840 1683 1237 1755 δικαιοσύνην
1248 1688 1509 1755 λαλεῖτε,
1525 1693 1761 1759 εὐθείας

179 1774 582 1842 κρίνατε,υίοὶ
611 1772 733 1828 τῶν
753 1774 1096 1843 ἀνθρώπων.

245 1953 337 2000 ιε’.
378 1946 611 2015 Ἔλεγον
657 1947 782 2018 περὶ
830 1943 923 2000 τοῦ
949 1946 1096 2002 ὰὸὄᾶ
1130 1947 1439 2017 Ἀγάθωνος
1463 1987 1480 2015 ,
1525 1950 1607 2004 ὅτι
1633 1951 1761 2023 τρία

176 2037 272 2109 ἔτη
308 2037 589 2108 ἐποίησεν,
617 2037 752 2108 ἔχων
780 2037 926 2092 λίθον
952 2040 1032 2103 είς
1059 2038 1120 2093 τὸ
1146 2039 1321 2119 στόμα
1346 2041 1512 2095 αὐτοῦ
1529 2082 1544 2107 ,
1572 2041 1676 2105 ἕως
1700 2037 1762 2098 οὗ

179 2127 520 2200 κατώρθωσε
551 2128 610 2182 τὸ
644 2132 876 2201 σιωπᾷν.

267 2222 366 2288 ις’.
409 2222 635 2291 Ἔλεγον
691 2223 854 2278 πάλιν
917 2225 1048 2297 περὶ
1093 2224 1260 2279 αὐτοῦ
1313 2227 1408 2280 καὶ
1464 2225 1560 2281 τοῦ
1618 2227 1764 2282 άόὅᾶ

194 2315 415 2388 Ἀμοῦν,
440 2318 523 2371 ὅτι
548 2318 637 2371 ὅτε
664 2318 1006 2390 ἐπίπρασκον
1037 2317 1252 2382 σκεῦος,
1281 2316 1428 2385 ἅπαξ
1448 2319 1633 2389 ἔλεγον
1664 2320 1762 2393 τὴν

185 2408 344 2480 τιμὴν
369 2449 385 2473 ,
416 2410 511 2462 καὶ
538 2408 598 2462 τὸ
631 2408 909 2480 διδόμενον
935 2407 1119 2473 αὐτοῖς
1168 2408 1473 2480 ἐλάμϐανον
1516 2411 1765 2464 σιωπῶν-

185 2516 271 2563 τες
317 2499 459 2571 μετὰ
507 2499 867 2564 ἀναπαύσεως
892 2512 904 2525 '
937 2499 1033 2553 καὶ
1077 2500 1239 2554 πάλιν
1282 2501 1372 2554 ὅτε
1413 2500 1604 2573 ἠθελον
1634 2504 1765 2571 ἀγο-

186 2593 346 2662 ράσαι
375 2592 429 2644 τί
461 2608 623 2655 ποτε,
666 2592 727 2645 τὸ
773 2592 1066 2662 λεγόμενον
1110 2594 1293 2658 αὐτοῖς
1325 2596 1590 2665 παρεῖχον
1627 2594 1764 2666 μετὰ

187 2683 397 2753 σιωπῆς
414 2724 430 2749 ,
456 2683 549 2736 καὶ
576 2682 883 2755 ἐλάμϐανον
908 2683 967 2737 τὸ
990 2684 1204 2753 σκεῦος,
1235 2684 1462 2739 καθόλου
1496 2685 1579 2758 μὴ,
1600 2685 1766 2756 φθεγ-

185 2776 426 2846 γὸμενοι.

248 2871 335 2935 ιζ’.
373 2870 432 2923 '0
475 2868 638 2934 αὐτὸς
670 2869 843 2934 ὰόὀᾶς
883 2871 1128 2940 ⁹Δγάθων
1168 2868 1319 2926 εἶπεν
1346 2912 1361 2938 ,
1392 2874 1474 2927 ὅτι
1496 2874 1765 2927 Οὐδέποτε

187 2960 362 3015 έδωκα
413 2960 633 3033 ἀγάπην
676 2962 827 3032 (24)·
885 2962 1025 3017 ἀλλὰ
1078 2964 1139 3018 τὸ
1196 2963 1379 3019 δοῦναι
1436 2966 1530 3020 καὶ
1579 2965 1767 3020 λαϐεῖν

187 3055 373 3125 ἀγάπη
404 3071 494 3125 μοι
526 3051 595 3128 ἦν
617 3071 633 3088 ·
673 3053 1024 3125 λογιζόμενος
1058 3057 1140 3111 ὅτι
1167 3059 1226 3112 τὸ
1276 3058 1465 3131 κέρδος
1490 3057 1585 3113 τοῦ
1613 3059 1768 3113 ἁδελ-

189 3145 285 3216 φοῦ
318 3164 446 3217 μου,
478 3147 640 3218 ἔργον
671 3148 1047 3219 καρποφορίας
1082 3150 1249 3203 ἐστίν.

256 3245 349 3308 ιη’.
394 3239 454 3292 '0
491 3239 654 3301 αὐτὸς
700 3240 788 3292 ὅτε
826 3238 1022 3292 έὸλεπε
1066 3243 1331 3312 πρᾶγμα,
1368 3243 1464 3296 καὶ
1500 3242 1692 3313 ἢθελεν
1738 3244 1767 3296 6

183 3327 446 3398 λογισμὸς
479 3327 642 3380 αὑτοῦ
673 3330 886 3400 κρῖναι,
916 3327 1101 3398 έλεγεν
1129 3329 1310 3400 ἑαυτῷ
1330 3346 1343 3361 ο
1392 3330 1658 3399 Ἀγάθων,
1693 3331 1769 3403 μὴ

184 3422 423 3493 ποιήσῃς
450 3420 584 3475 αὐτὸ
614 3419 704 3474 σύ.
726 3422 835 3476 Καὶ
854 3413 1009 3486 οὗτος
1029 3422 1075 3453 ⁸³
1094 3423 1123 3475 6
1143 3421 1403 3494 λογισμὸς
1429 3423 1594 3478 αὐτοῦ
1632 3425 1771 3497 ἡσύ-

184 3514 375 3583 χαζεν.

257 3605 345 3659 ιθθ.
395 3606 454 3658 '0
479 3605 642 3669 αὐτὸς
670 3600 852 3659 εἶπεν·
900 3605 1025 3659 Ἐάν
1065 3605 1283 3678 ὀργίλος
1324 3607 1515 3678 νεκρὸν
1560 3606 1770 3680 ἐγείρῃ,

184 3696 286 3751 οὐκ
308 3697 428 3751 εστι
448 3698 639 3762 δεκτὸς
669 3699 820 3771 παρὰ
847 3699 926 3771 τῷ
955 3699 1096 3771 Θεῷ.

252 3798 326 3845 κ’.
378 3791 547 3861 Ἔσχε
603 3791 734 3844 ποτὲ
783 3793 811 3845 6
862 3792 1033 3856 ἀὸϐἄς
1088 3791 1332 3861 Ἁγάθων
1380 3791 1473 3846 δύο
1523 3791 1773 3863 μαθητὰς

185 3883 615 3954 ἀναχωροῦντας
650 3883 773 3937 κατ’
809 3884 964 3942 ἰδίαν,
1012 3886 1101 3937 Ἐν
1135 3885 1233 3955 μιᾷ
1261 3879 1356 3938 οὖν
1378 3883 1487 3938 τῶν
1528 3884 1771 3955 ἡμερῶν,

184 3971 446 4043 ἠρώτησε
480 3972 570 4025 τὸν
591 3972 709 4025 ἕνα*
734 3972 857 4036 Πῶς
886 3971 1094 4041 διάγεις
1124 3975 1186 4025 ὲν»
1210 3972 1287 4044 τῷ
1316 3973 1513 4044 κελλίῳ
1543 3990 1671 4039 σου;
1717 3974 1774 4027 Ὀ

183 4062 243 4116 δὲ
281 4063 390 4134 ἔφη
414 4079 430 4094 ο
459 4063 726 4133 Νηστεύω
755 4063 861 4126 ἕως
890 4064 1006 4133 ἀψὲ,
1041 4065 1136 4118 καὶ
1165 4064 1333 4118 ἐσθίω
1373 4064 1467 4119 δύο
1515 4064 1776 4135 παξαμά-

184 4172 301 4210 τια.
325 4156 495 4225 Λέγει
522 4155 672 4227 αὐτῷ
692 4173 704 4185 ·
735 4155 892 4226 Καλὴ
913 4156 1092 4210 δίαιτα
1112 4196 1126 4221 ,
1158 4159 1219 4210 οὐ
1253 4158 1392 4212 πάνυ
1437 4157 1636 4228 ἔχουσα
1682 4156 1777 4210 κό-

186 4262 313 4302 πον.
350 4247 517 4316 Λέγει
544 4249 640 4301 καὶ
686 4246 763 4318 τῷ
789 4248 934 4318 ἄλλῳ
957 4262 970 4275 ³
1003 4249 1076 4301 Σὺ
1111 4249 1265 4313 πῶς;
1308 4250 1365 4302 '0
1406 4248 1462 4300 δὲ
1489 4247 1592 4319 ἔφη
1615 4264 1628 4277 ·
1675 4247 1793 4301 Δύο

182 4337 282 4393 δύο
302 4339 422 4411 (25)
451 4339 732 4411 vna-csum,
750 4340 960 4394 καὶδύο
988 4338 1305 4412 παξαμάτια
1322 4340 1427 4394 νὲσθ
1437 4341 1516 4395 ίω.
1534 4342 1664 4395 ,Καὶ
1687 4340 1778 4395 λέ-

253 4497 306 4530 ⁸⁸
331 4495 427 4550 ΔΙ.
467 4494 663 4560 οὕτως.
740 4498 789 4530 ⁸⁸
828 4496 977 4553 Psal.
1015 4512 1149 4563 Lvn,
1173 4497 1230 4551 2.

186 4723 300 4779 Illo.
329 4723 649 4794 Legendnm
689 4724 906 4794 videtur
936 4723 1018 4777 Si.

256 4794 319 4864 (2
333 4795 378 4865 t)
402 4791 703 4849 Οὐδέποτε
722 4793 931 4865 (ἔδωκας
946 4791 1210 4863 ἀγάπην.
1238 4793 1462 4863 Agapen
1496 4793 1776 4863 intelligo:

183 4863 446 4920 solemne
516 4864 851 4933 convivium.
904 4863 1079 4929 Quam
1160 4866 1572 4933 usurpationem
1623 4880 1783 4917 nemo

183 4935 436 5003 ignorat.
475 4936 717 4989 Historia
760 4932 1108 4995 Trevirensis,
1147 4932 1309 4988 ιοιιιοί
1347 4933 1443 4988 Χιι
1498 4935 1782 4989 utilissimi

182 5006 415 5074 operis,
448 5004 726 5073 Spicilegii
772 5004 1065 5074 Achrriani
1114 5019 1167 5074 p.
1216 5004 1324 5059 219
1360 5006 1428 5060 de
1465 5005 1782 5068 Eketherto,

183 5073 433 5143 Cumque
456 5083 574 5142 past
605 5074 812 5142 expleta
841 5073 1131 5127 Missurum
1162 5076 1438 5139 solemnia,
1460 5093 1492 5129 a
1524 5074 1783 5144 fratribus

182 5146 389 5197 obnixe
411 5153 680 5213 peteretur
709 5143 812 5196 cibi
841 5155 1098 5214 potusque
1123 5144 1438 5199 charitatem
1461 5161 1686 5208 sumere,
1722 5161 1784 5199 ne

181 5216 256 5267 eis
278 5230 571 5268 onerosum
605 5215 833 5279 fortasse
885 5217 1181 5278 exsisteret,
1223 5216 1269 5268 si
1307 5226 1459 5268 tanta
1500 5216 1783 5269 comitatus

184 5285 488 5339 ambitione
504 5283 696 5338 ibidem
717 5285 1037 5352 reﬁceretur.
1058 5286 1209 5353 erepit
1232 5301 1263 5338 a
1290 5285 1550 5354 fratribus
1570 5285 1786 5339 omnino

184 5355 531 5409 charitutem.
547 5355 805 5423 refutare,
829 5363 880 5409 et
916 5354 1144 5409 reditum
1174 5371 1332 5409 suum
1364 5358 1420 5411 in
1457 5355 1637 5410 urbem
1672 5371 1790 5408 ma-

186 5435 398 5480 tutare.

254 5495 386 5563 (25)
415 5496 760 5561 Νηστεύειν
801 5495 911 5550 δύο
967 5494 1100 5550 δύο.
1159 5493 1237 5549 Ex
1296 5495 1603 5551 innumeris
1649 5493 1789 5550 locis

188 5579 379 5638 unum
409 5566 589 5638 selegi
623 5564 865 5621 nondum
912 5564 1102 5638 Graece
1147 5565 1390 5638 editum.
1425 5565 1624 5638 Latine
1656 5579 1787 5619 vero

188 5636 354 5707 valde
388 5634 772 5707 depravatum,
802 5651 964 5707 quem
984 5635 1075 5707 hic
1103 5635 1439 5707 adlexerem.
1471 5634 1569 5707 Est
1597 5643 1780 5707 autem

190 5702 353 5764 Isaia
377 5702 597 5763 abbatis
630 5702 882 5764 oratione
905 5706 963 5774 8,
1016 5705 1073 5761 in
1114 5721 1219 5763 ms.
1255 5705 1607 5782 Culhertino:
1652 5702 1779 5757 Ἐὰν

1859 520 1969 575 quo
2004 505 2166 558 modo
2192 502 2435 572 cepisti?
2473 501 2726 572 Misitque
2753 516 2877 557 eum
2913 511 3192 574 reportare
3225 506 3429 563 nitrum

1857 610 1967 665 quo
1991 594 2110 650 loco
2125 600 2437 662 acceperat.

1930 687 2017 742 15.
2050 685 2162 757 (26)
2202 683 2396 740 Frater
2424 684 2499 738 ita
2530 688 2880 754 percontatus
2905 690 2990 737 est
3032 697 3247 740 senem:
3279 681 3433 741 Man-

1859 779 2046 834 datum
2078 777 2288 848 accepi,
2316 777 2411 832 sed
2438 774 2739 846 periculum
2771 774 3087 830 tentationis
3113 775 3352 830 occurrit
3377 775 3431 829 in

1859 870 1980 925 loco
2006 869 2269 924 mandati.
2301 866 2438 923 Volo
2468 867 2633 937 igitur
2668 880 2892 936 pergere
2912 903 2929 929 ,
2959 866 3030 920 ob
3081 873 3434 936 praeceptum,

1860 958 1957 1016 sed
2006 958 2305 1030 periculum
2357 957 2542 1011 timeo.
2589 953 2726 1009 Dicit
2773 955 2823 1009 ei
2871 969 3080 1010 senes:
3131 956 3196 1010 Si
3224 954 3436 1025 Agatho

1859 1058 2045 1116 esset,
2074 1048 2397 1109 mandatum
2427 1046 2758 1119 peregisset,
2794 1061 2859 1101 ac
2909 1054 3225 1118 superasset
3257 1054 3441 1102 tenta-

1860 1144 2085 1199 tionem.

1936 1234 2022 1289 H.
2061 1232 2170 1306 (27)
2205 1231 2353 1288 Idem
2379 1231 2611 1304 Agatho,
2646 1246 2771 1287 cum
2806 1228 2954 1288 Sceti
2986 1230 3279 1287 haberetur
3303 1246 3439 1288 con-

1862 1342 2051 1384 sessus
2076 1327 2147 1382 ob
2180 1326 2402 1397 aliquod
2433 1325 2710 1395 negotium
2734 1365 2751 1390 ,
2780 1323 3023 1393 illudque
3056 1323 3340 1378 sanctione
3369 1321 3436 1377 li-

1860 1433 1985 1474 nem
2014 1417 2340 1489 accepisset,
2365 1424 2553 1488 postea
2577 1415 2801 1471 veniens
2822 1415 2961 1469 dixit
2978 1414 3293 1470 monachis:
3316 1411 3436 1471 Non

1860 1518 2011 1566 recte
2039 1510 2108 1565 de
2140 1510 2360 1581 negotio
2386 1507 2668 1565 sanxistis.
2702 1505 2782 1562 Illi
2818 1514 2999 1562 autem
3031 1506 3100 1560 ad
3133 1521 3290 1561 eum:
3328 1503 3435 1570 Tu,

1860 1601 2139 1672 inquiunt,
2163 1601 2418 1671 quisnam
2443 1615 2525 1666 es,
2558 1599 2651 1670 qui
2676 1599 2761 1654 vel
2786 1597 3071 1670 loqueris?
3096 1595 3437 1667 ReSpondit:

1862 1692 1997 1748 Sum
2048 1692 2189 1748 filius
2239 1691 2499 1747 hominis.
2534 1690 2811 1762 Scriptum
2864 1690 3008 1745 enim
3052 1696 3173 1744 est:
3215 1686 3278 1742 Si
3327 1704 3442 1743 vere

1789 1780 1833 1835 Β
1863 1785 2039 1855 utique
2056 1783 2329 1853 justitiam
2360 1783 2671 1853 loquimini,
2721 1790 2869 1838 recta
2889 1781 3131 1851 judicate
3152 1820 3169 1847 ,
3210 1780 3314 1852 filii
3343 1780 3441 1835 Ito-

1862 1875 2063 1929 minum
2079 1875 2143 1928 ".

1933 1965 2022 2020 15.
2056 1964 2168 2037 (28)
2202 1964 2468 2020 Dicebant
2501 1965 2569 2021 de
2606 1965 2803 2022 abbate
2829 1965 3120 2037 Agathone
3146 2005 3163 2030 ,
3205 1979 3305 2036 per
3328 1974 3444 2023 tres

1863 2056 2015 2111 illum
2054 2070 2226 2112 annos
2259 2055 2495 2127 lapidem
2529 2070 2623 2113 ore
2661 2066 2925 2128 gestasse,
2965 2057 3140 2112 donec
3165 2057 3328 2112 silere
3353 2057 3441 2113 di-

1864 2147 2109 2203 dicisset.

1936 2237 2021 2293 16.
2063 2238 2294 2294 Aiehant
2327 2239 2525 2294 iterum
2568 2237 2637 2293 de
2681 2238 2776 2293 illo
2804 2246 2860 2294 et
2904 2237 2972 2294 de
3001 2237 3199 2294 abbate
3236 2238 3451 2303 Amun,

1864 2330 2011 2400 quod
2042 2330 2263 2400 quando
2307 2345 2399 2385 vas
2446 2329 2664 2399 aliquod
2698 2330 3046 2397 vendebant,
3104 2331 3275 2386 semel
3310 2346 3440 2402 pre-

1863 2424 1997 2477 tium
2033 2429 2299 2491 ponerent
2321 2461 2337 2485 ,
2365 2413 2658 2492 datamque
2687 2422 2976 2492 pecuniam
3016 2423 3328 2494 acciperent
3356 2432 3442 2478 ta-

1864 2515 1959 2570 citi
1997 2529 2123 2569 cum
2168 2515 2389 2584 quiete:
2431 2513 2652 2584 quando
2707 2521 2890 2569 autem
2939 2514 3220 2586 quidpiam
3259 2530 3457 2575 emere

1864 2606 2159 2670 volebant,
2192 2605 2336 2676 quod
2370 2607 2656 2676 petebatur
2703 2606 3010 2662 tribuerent
3044 2622 3168 2662 cum
3202 2607 3443 2674 silentio,

1865 2704 2260 2767 sumerentque
2287 2711 2407 2764 vas,
2437 2696 2574 2752 nihil
2607 2698 2835 2754 omnino
2873 2699 3166 2770 prolocuti.

1940 2876 2027 2932 Π.
2072 2875 2215 2933 idem
2247 2876 2460 2947 Agatho
2486 2875 2661 2931 dixit:
2715 2879 3007 2947 Nunquam
3056 2876 3178 2933 dedi
3212 2888 3442 2948 agapen,

1868 2971 1965 3025 sed
1992 2969 2125 3024 dare
2164 2978 2219 3024 et
2250 2969 2500 3039 accipere
2525 3008 2543 3034 ,
2575 2983 2747 3039 agape
2778 2968 2911 3023 mihi
2939 2978 3090 3037 erat;
3126 2969 3444 3039 reputabant

1867 3060 2013 3115 enim
2055 3058 2202 3130 quod
2245 3060 2459 3115 lucrum
2495 3057 2684 3114 fratris
2715 3058 2854 3125 mei,
2894 3073 3034 3129 opus
3064 3056 3137 3114 sit
3166 3056 3444 3113 fructuum

1867 3150 2178 3206 oblationis.

1938 3241 2023 3296 18.
2063 3240 2210 3297 Idem
2261 3257 2386 3297 cum
2417 3241 2625 3314 aliquid
2657 3241 2930 3306 vidisset,
2980 3240 3253 3311 velletque
3293 3250 3450 3295 mens

1865 3332 1987 3402 ejus
2019 3333 2087 3387 de
2114 3332 2464 3403 rejudicare,
2498 3334 2724 3389 sibimet
2759 3333 2976 3389 aiebat:
3009 3331 3245 3403 Agatho.
3283 3340 3342 3385 tu
3380 3344 3450 3387 ne

1869 3424 1925 3480 id
1951 3424 2168 3483 ieceris.
2198 3424 2396 3498 Sicque
2417 3427 2637 3499 quietus
2675 3426 2932 3482 manebat
2964 3424 3182 3480 animus
3211 3422 3355 3495 ejus.

1940 3609 2026 3665 i9.
2054 3608 2167 3681 (29)
2194 3608 2341 3677 Dixit
2363 3609 2542 3665 idem:
2568 3609 2873 3667 Iracundus
2896 3607 3148 3679 quamvis
3173 3613 3459 3663 mortuum

1870 3702 2239 3765 suscitaverit,
2277 3701 2420 3772 apud
2453 3700 2623 3756 Deum
2646 3716 2755 3755 non
2778 3708 2864 3756 est
2898 3706 3180 3768 acceptus.

1939 3792 2032 3848 20.
2066 3791 2264 3847 Habuit
2288 3791 2583 3862 aliquando
2609 3792 2780 3847 abbas
2807 3790 3018 3863 Agatho
3041 3790 3182 3846 duos
3210 3776 3465 3858 discipu-

1872 3883 1967 3938 los.
1993 3883 2085 3951 qui
2139 3898 2389 3938 seorsum
2436 3885 2603 3938 vitam
2660 3884 3099 3938 anachoreticam
3155 3882 3450 3937 ducebant.

1873 3974 2118 4041 Quadam
2153 3989 2282 4044 ergo
2313 3974 2403 4030 die
2438 3975 2593 4045 petiit
2631 3976 2700 4030 ab
2740 3991 2882 4039 uno,
2914 3988 3151 4044 quonam
3206 3980 3367 4045 pacto
3397 3973 3451 4027 in

1872 4067 2019 4121 cella
2040 4074 2366 4137 suaagcret.
2394 4066 2695 4135 Respondit
2719 4067 2841 4121 ille:
2869 4064 3054 4135 Usque
3078 4065 3146 4119 ad
3167 4079 3452 4135 vesperam

1868 4157 2100 4227 jejuno,
2150 4165 2205 4213 et
2248 4158 2476 4213 comedo
2522 4157 2631 4212 duo
2664 4158 2993 4228 paxamatia.
3030 4156 3171 4212 Tum
3209 4156 3451 4228 Agatho:

1875 4249 2145 4304 Prmelara
2175 4249 2392 4305 vivendi
2420 4250 2584 4311 ratio.
2607 4266 2709 4305 nec
2738 4250 2911 4305 labori
2937 4249 3171 4304 multum
3194 4248 3454 4304 obnoxia.

1875 4343 1956 4397 Ad
1983 4342 2214 4399 alterum
2249 4356 2381 4399 vero
2417 4342 2558 4400 dixit
2592 4360 2607 4398 :
2642 4340 2725 4397 Tu
2755 4350 2938 4398 autem
2960 4380 2976 4408 ,
3007 4340 3322 4413 quomodo?
3352 4338 3469 4395 Βοι

257 4653 380 4738 (εξ)
404 4654 474 4707 Et
500 4650 583 4738 ἦγ
942 4652 1166 4738 fanum
1207 4651 1372 4713 Vitae:
1398 4653 1489 4711 Sic
1510 4652 1771 4725 eratAga-

1879 4652 1986 4738 γάρ
2007 4668 2090 4715 τις
2126 4649 2456 4738 νηὶστεύῃκέὶξ
2499 4647 2579 4738 ἒς,
2607 4647 2702 4738 καὶ
2720 4644 3171 4738 ξκδιῇβὲαυτρνείς
3194 4646 3465 4738 μεγάλους

1880 4715 2081 4785 κόᾶτους
2119 4715 2213 4775 καὶ
2250 4715 2491 4785 ἐντολὰς,
2523 4719 2678 4782 ἐκτὸς
2701 4717 2802 4787 τῆς
2826 4715 2946 4772 ὀδοῦ
2961 4715 3150 4787 aurci?
3182 4715 3382 4781 πάντες
3410 4717 3466 4771 οῖ

1880 4792 2039 4846 κόποι
2060 4784 2225 4844 αὐτοῦ
2254 4784 2650 4862 μάταιοίείσιν.
2681 4784 2797 4842 Hoc
2833 4798 2919 4843 est
2949 4803 2963 4839 :
3000 4784 3145 4862 Nam
3167 4789 3222 4862 _si
3239 4789 3354 4862 quis
3375 4788 3460 4857 je-

1871 4862 2026 4931 junet
2053 4878 2146 4932 per
2173 4856 2266 4932 sea}
2289 4870 2340 4932 et
2373 4875 2466 4914 sea:
2497 4861 2631 4925 dies,
2671 4871 2724 4932 et
2766 4875 2822 4912 se
2853 4864 3058 4927 magnis
3101 4856 3459 4932 laboribus'ac

1880 4926 2159 5002 pra’ceptis
2196 4930 2770 5002 dedat,_‘extra_viam
2822 4926 3010 5002 sumit;
3037 4944 3212 5002 ontnes
3253 4926 3459 5002 labores

1881 4995 1998 5070 ejus
2021 4995 2200 5055 inanes
2229 5011 2371 5055 sunt.
2407 4999 2576 5053 Zinus
2612 4998 2917 5066 interpres:
2953 4995 3107 5063 Quod
3138 4997 3185 5049 si
3202 4999 3318 5070 quis
3347 4999 3462 5051 sine

1883 5067 2189 5126 humilitate
2219 5074 2294 5126 vel
2330 5070 2543 5140 iejuniis
2577 5070 2875 5130 incumbat,
2904 5071 2978 5121 rel
3007 5082 3124 5121 sese
3140 5067 3462 5140 vellementer

1885 5144 2105 5213 affligat,
2141 5143 2218 5197 vel
2250 5136 2505 5196 mandata
2556 5151 2775 5213 conetur
2801 5139 3098 5213 observare,
3129 5136 3244 5205 ejus
3277 5139 3462 5191 inanes

1883 5208 2012 5267 esse
2027 5214 2255 5269 labores.
2278 5213 2443 5267 Vides
2471 5220 2735 5279 quantum
2765 5210 3002 5279 intersit,
3022 5208 3241 5279 (irascos'
3270 5217 3461 5265 aucto-

1884 5299 1976 5338 res
2000 5299 2097 5340 sua
2122 5285 2306 5354 lingua
2329 5276 2508 5354 editos
2528 5282 2747 5354 habere.
2772 5276 2881 5354 _Sed
2901 5293 3001 5354 nec
3034 5276 3268 5354 feliciter
3284 5288 3465 5354 trans-

1885 5354 2010 5407 tulit
2056 5347 2322 5423 Evagi-ius
2353 5352 2733 5405 Antiochenus
2769 5348 2874 5403 ista
2908 5347 3199 5404 Athanasii
3243 5349 3299 5404 in
3338 5348 3464 5423 γεω

1956 5489 2066 5562 (26)
2109 5489 2213 5562 fit.
2244 5489 2400 5562 Patr,
2435 5486 2631 5562 vni
3132 5518 3137 5523 ἱ
3243 5423 3469 5475 Antam;

1959 5559 2071 5629 (ετ)
2106 5560 2213 5615 vn.
2248 5559 2404 5615 Patr.
2436 5574 2492 5621 ι,
2524 5559 2610 5629 te.

1957 5627 2079 5703 (28),
2109 5630 2215 5703 ἷξε.
2251 5630 2509 5703 Rath-tv,
2532 5627 2599 5703 _7_.

1958 5693 2067 5775 (29)
2112 5701 2215 5757 Vit,
2258 5701 2407 5759 Patr.
2442 5693 2501 5771 x,
2528 5699 2631 5771 l5;
2660 5696 2817 5756 Joan.
2847 5696 3036 5755 Geom.
3081 5693 3283 5753 Parad.
3306 5695 3445 5754 θυεμ
