4054 6206
500 315 599 372 H5

1663 313 2007 370 APPENDIX
2048 316 2136 370 AD
2177 318 2597 376 PALLADIUM.

3636 326 3736 385 Hb’

496 424 750 496 spondit:
780 425 913 481 Post
950 425 1175 482 biduum
1214 425 1410 496 jejunii
1435 470 1449 492 ,
1485 426 1624 483 duos
1669 431 2067 487 subcinericios

2178 451 2255 503 γει
2286 436 2434 508 αὐτῷ
2479 440 2507 491 6
2537 438 2715 508 γέρων
2735 455 2747 466 °
2782 438 2991 507 Κοπιᾷς
3036 438 3192 507 τόνῳ,
3231 437 3324 490 δύο
3351 438 3619 509 πολέμους

496 531 664 588 panes
696 516 986 571 manduco.
1025 515 1092 569 Et
1137 515 1211 569 ait
1260 515 1335 570 illi
1376 532 1577 572 senex:
1612 516 1781 573 Valde
1830 520 2067 584 laboras,

495 608 604 662 duo
632 608 770 662 bella
809 623 1021 679 gerens.
1058 606 1197 673 Quia
1232 606 1278 663 si
1312 608 1435 678 quis
1468 609 1699 681 singulis
1739 610 1934 667 diebus
1977 629 2074 673 co-

496 698 761 765 mederit,
794 714 895 754 nec
942 698 1107 753 fuerit
1133 699 1400 763 satiatus,
1434 699 1785 771 defatigatur.
1820 701 1916 757 Est
1942 718 2069 758 vero

498 789 659 852 alius,
694 790 789 859 qui
820 790 970 858 cupit
998 805 1092 860 per
1117 789 1280 846 bidua
1311 791 1581 861 jejunare,
1612 803 1775 864 atque
1806 795 2066 850 saturari.

496 882 565 936 At
595 889 650 935 tu
677 881 953 952 duplicato
986 896 1081 939 seu
1118 882 1382 938 biduatim
1406 883 1688 955 jejunans,
1720 900 2066 956 nequaquam

497 973 736 1028 satiaris.

564 1061 652 1116 21.
683 1061 874 1118 Frater
891 1062 1208 1120 sciscitatus
1237 1071 1321 1121 est
1346 1066 1599 1122 abbatem
1634 1067 1972 1137 Agathonem
2000 1065 2068 1122 de

495 1151 885 1222 fornicatione;
944 1155 1037 1224 qui
1093 1168 1414 1224 responsum
1477 1159 1664 1215 dedit:
1702 1157 1893 1225 Vade,
1942 1165 2069 1213 ante

495 1244 664 1299 Deum
695 1246 899 1316 projice
951 1246 1321 1303 infirmitatem
1371 1256 1563 1315 tuam,
1599 1257 1652 1305 et
1706 1250 1935 1305 habebis
1985 1266 2069 1306 re-

495 1352 699 1406 qtuem.

566 1447 655 1501 22.
686 1447 1113 1519 Egrotaverunt
1167 1451 1463 1523 aliquando
1497 1453 1666 1509 abbas
1715 1454 1926 1526 Agatho
1951 1496 1964 1519 ,
2014 1466 2068 1510 et

496 1539 635 1596 alius
694 1555 880 1595 senex.
935 1540 1402 1599 Recumbentibus
1431 1554 1611 1600 autem
1669 1546 1777 1600 illis
1813 1547 1866 1601 in
1906 1546 2064 1609 cella,

495 1628 665 1686 frater
711 1631 930 1700 quidam
984 1634 1167 1703 legens
1220 1636 1486 1689 recitabat
1523 1652 1553 1689 e
1591 1637 1728 1692 libro
1758 1637 2063 1703 Geneseos,

493 1720 750 1789 venitque
788 1721 856 1775 ad
893 1722 1189 1794 capitulum
1225 1725 1314 1780 ubi
1344 1727 1477 1779 dicit
1508 1723 1707 1781 Iacob:
1738 1725 1933 1795 Ioseph
1964 1745 2067 1781 non

494 1818 592 1875 est,
619 1808 843 1881 Symeon
869 1828 972 1866 non
1000 1823 1098 1877 est,
1128 1826 1178 1870 et
1201 1814 1481 1884 Benjamin
1507 1815 1796 1885 auferetis;
1823 1826 1872 1871 ct
1903 1815 2067 1870 deda-

495 1901 622 1957 cetit
671 1912 926 1956 senectam
961 1919 1128 1957 meam
1172 1921 1288 1958 cum
1340 1906 1558 1959 tristitia
1591 1904 1660 1958 ad
1698 1906 1959 1973 infernum
1990 1906 2061 1959 ⁸⁸.

496 1992 564 2047 Et
586 2008 752 2048 senex
780 1994 944 2064 cmpit
978 1993 1201 2050 dicere:
1232 1995 1349 2050 Non
1381 1997 1480 2053 tibi
1513 1996 1790 2052 sulIiciuut
1833 1999 1922 2053 alii
1970 1999 2067 2054 de-

498 2097 613 2137 cem
638 2122 653 2147 ,
688 2081 849 2137 Pater
884 2082 1087 2140 Iacob?
1121 2086 1203 2141 Ad
1238 2103 1397 2158 quem
1432 2086 1676 2158 Agatho:
1718 2087 1915 2144 Desine
1940 2130 1953 2150 ,
1985 2090 2068 2143 in-

497 2177 634 2244 quit,
659 2190 693 2230 o
720 2191 905 2233 senex.
932 2174 988 2233 Si
1013 2176 1154 2235 Deus
1180 2179 1520 2248 comprobat,
1549 2181 1674 2250 quis
1709 2179 1907 2233 audeat
1930 2195 2065 2233 con-

498 2265 757 2323 demnare
786 2268 877 2322 ὀἳ

566 2376 657 2432 25.
690 2377 835 2433 Dixit
855 2380 1025 2436 abbas
1053 2380 1264 2450 Agatho
1291 2398 1303 2431 :
1339 2380 1394 2433 Si
1422 2381 1546 2448 quis
1580 2382 1707 2436 mihi
1740 2400 1908 2455 supra
1945 2401 2063 2443 mo-

499 2467 627 2523 dum
674 2469 875 2524 charus
906 2479 1072 2533 esset,
1111 2477 1166 2525 et
1201 2483 1587 2538 cognoscerem
1644 2476 1788 2542 quod
1852 2491 1936 2531 me
1992 2479 2060 2532 ad

497 2564 782 2626 peccatum
818 2557 1131 2623 deduceret,
1162 2558 1537 2614 abscinderem
1569 2561 1721 2617 illum
1752 2579 1782 2619 a
1812 2580 1919 2621 me.

567 2665 660 2721 24.
684 2667 855 2723 Etiam
882 2666 1054 2723 dixit:
1088 2667 1315 2739 Oportet
1339 2678 1396 2725 ut
1434 2671 1601 2728 homo
1648 2676 1892 2745 qualibet
1932 2677 2064 2735 hora

500 2759 741 2815 attendat
773 2760 1126 2828 adjudicium
1161 2760 1276 2817 Dei.

567 2869 659 2927 25.
687 2868 822 2925 Cum
858 2869 1054 2926 fratres
1083 2870 1151 2925 de
1177 2871 1445 2929 charitate
1496 2875 1888 2946 loquerentur,
1934 2880 2069 2935 dixit

500 2960 668 3018 abbas
699 2960 940 3033 Joseph:
976 2962 1196 3018 Scimus
1236 2978 1338 3019 nos
1372 2965 1502 3034 quid
1561 2968 1634 3023 sit
1685 2970 1964 3027 charitas?
2000 2972 2067 3027 Et

500 3053 685 3109 retulit
718 3052 785 3110 de
805 3054 1002 3110 abbate
1027 3055 1328 3125 Agathone,
1368 3056 1516 3127 quod
1545 3058 1794 3117 habuerit
1824 3064 2066 3133 scalpel-

501 3145 636 3211 lum,
667 3160 898 3216 cumque
931 3145 1242 3200 advenisset
1277 3145 1465 3211 frater,
1501 3163 1565 3203 ac
1603 3149 1737 3205 illud
1770 3153 2069 3220 prtedicas-

502 3245 607 3302 set,
635 3252 745 3292 non
778 3237 1084 3305 permiserit
1115 3252 1238 3292 eum
1269 3238 1438 3301 abire.
1472 3240 1575 3296 nisi
1601 3252 1889 3314 postquam
1923 3249 2067 3303 scal-

502 3328 703 3398 pellum
729 3326 956 3397 accepit.

569 3417 662 3474 26.
689 3419 804 3491 ('50)
829 3420 970 3475 Dixit
987 3421 1156 3479 abbas
1178 3424 1389 3495 Agatho
1422 3441 1435 3475 :
1476 3423 1533 3479 Si
1563 3424 1674 3481 fieri
1698 3436 1882 3498 posset
1915 3429 2073 3485 utin-

504 3518 668 3564 vento
700 3509 938 3580 leproso,
972 3510 1157 3568 darem
1194 3514 1271 3569 illi
1307 3528 1508 3586 corpus
1537 3531 1718 3571 meum
1739 3557 1754 3581 ,
1788 3518 2073 3590 ipsiusque

507 3598 834 3669 acciperem.
862 3599 1094 3658 facerem
1128 3603 1379 3661 libenter.
1415 3604 1493 3658 Ea
1516 3606 1661 3660 enim
1706 3615 1790 3664 est
1825 3610 2070 3680 perfecta

507 3692 765 3748 charitas.

576 3783 669 3841 27.
692 3784 805 3857 (51)
834 3784 1025 3841 Adhuc
1048 3787 1114 3843 de
1135 3787 1230 3843 illo
1258 3789 1495 3856 aiebant,
1533 3793 1679 3863 quod
1703 3793 1929 3851 veniens
1978 3796 2075 3849 ali-

509 3874 729 3944 quando
748 3874 816 3930 ad
844 3875 1119 3933 civitatem
1147 3885 1205 3933 ut
1232 3880 1492 3936 venderet
1508 3895 1638 3939 vasa
1658 3897 1779 3948 sua,
1805 3884 2075 3940 invenerit

516 3966 782 4023 hominem
803 3969 1150 4044 peregrinum
1165 3969 1434 4039 jaeentetn
1451 3972 1506 4027 in
1528 3973 1706 4043 platea
1723 3988 1949 4044 aegrum,
1972 3989 2074 4030 nec

511 4054 798 4112 habentem
828 4057 921 4127 qui
948 4056 1068 4127 ejus
1095 4043 1283 4113 curam
1316 4066 1567 4128 gereret;
1602 4043 2076 4130 permanseritque

511 4162 635 4202 cum
661 4163 726 4204 eo
747 4163 933 4213 senex,
960 4149 1227 4205 conducta
1252 4150 1411 4217 cella,
1446 4165 1512 4205 ac
1536 4165 1603 4205 ex
1632 4150 1814 4221 operis
1832 4151 1916 4206 sui
1942 4165 2080 4205 mer-

512 4239 646 4293 cede
673 4239 906 4308 pretium
933 4241 1083 4294 cella
1116 4241 1362 4304 solverit,
1398 4240 1665 4312 reliquam
1690 4243 1978 4311 pecuniam
2008 4242 2076 4297 ad

514 4327 713 4384 inﬁrmi
765 4328 1145 4384 necessitatem
1185 4331 1492 4395 insumens,
1553 4337 1608 4386 et
1654 4331 1923 4387 manserit
1964 4339 2077 4387 tres

2174 525 2404 590 στάζωψ
2432 527 2512 580 ὅτι
2548 527 2639 580 ἐάν
2658 544 2742 590 τις
2768 526 2918 597 ἐσθίῃ
2946 528 3065 581 καθ’
3098 528 3312 599 ἡμέραν
3343 529 3433 581 καὶ
3455 528 3516 581 οῦ
3543 531 3744 603 χορτά-

2172 616 2362 687 ξηται,
2398 620 2583 688 κοπιᾷ.
2616 619 2773 673 Ἔστι
2818 619 2873 672 δὲ
2911 619 3100 685 ἄλλος,
3131 618 3410 689 νηστεύειν
3444 619 3610 675 θέλων
3650 621 3748 677 δύο

2169 708 2262 760 δύο
2293 710 2385 762 καὶ
2419 709 2809 781 χορτάζεσθαι·
2837 712 2901 764 σὺ
2931 711 2987 764 δὲ
3012 710 3204 774 διπλᾶς
3229 709 3503 780 νηστεύων
3532 713 3592 766 οὐ
3617 730 3749 785 χορ⁴

2171 797 2330 869 τάξῃ.
2386 865 2395 871 ⁸

2241 1068 2347 1114 κα¹.
2382 1060 2632 1131 Ἀδελφὸς
2665 1061 2917 1133 ὴρὼτησε
2942 1061 3033 1114 τὸν
3081 1061 3253 1115 ἀϐϐἄν
3298 1062 3580 1132 Ἀγάθωνα
3619 1068 3749 1136 περὶ

2168 1153 2266 1222 τῆς
2306 1151 2578 1223 πορνείας.
2614 1152 2724 1204 Καὶ
2769 1151 2915 1219 λέγει
2957 1150 3124 1221 αὐτῷ·
3171 1152 3422 1220 Ὕπαγε,
3460 1153 3616 1223 ῥῖψον
3664 1156 3752 1207 ὲν-

2167 1242 2339 1297 ὡπιον
2363 1242 2456 1296 τοῦ
2478 1242 2613 1296 Θεοῦ
2641 1244 2738 1313 τὴν
2767 1243 3065 1314 ἀδυναμίαν
3085 1242 3130 1274 ⁸⁷
3163 1259 3276 1308 σου,
3312 1244 3407 1297 καὶ
3443 1244 3585 1310 ’ἐξεις
3616 1244 3752 1300 ἀνά-

2173 1351 2283 1387 παν
2291 1350 2373 1387 σιν
2380 1374 2394 1388 .

2241 1447 2348 1519 κβἎ
2380 1446 2674 1515 Ἠσθένησέ
2699 1462 2823 1500 ποτε
2849 1448 2877 1500 6
2898 1446 3071 1510 ἀϐϐἆς
3100 1446 3343 1515 Ἀγάθων
3369 1447 3462 1502 καὶ
3484 1447 3643 1512 ἀλλος
3662 1465 3753 1514 τις

2167 1539 2277 1593 τῶν
2302 1538 2592 1611 γερόντωνο
2609 1538 3009 1607 Ἀνακειμένων
3037 1538 3094 1591 δὲ
3132 1538 3311 1593 αὐτῶν
3342 1541 3399 1593 ὲν
3422 1538 3500 1612 τῷ
3528 1540 3748 1618 κελλίφ,

2169 1630 2526 1699 ἀνεγίνωσκεν
2554 1630 2582 1681 6
2610 1626 2927 1697 άδελφὺςείς
2950 1629 3045 1700 τὴν
3071 1628 3308 1696 Γένεσιν,
3327 1632 3420 1685 καὶ
3436 1631 3653 1704 ἔρχεται
3669 1634 3751 1696 εἰς

2171 1723 2231 1776 τὸ
2264 1723 2552 1791 κεφάλαιον
2602 1723 2737 1775 ὅπου
2774 1720 2919 1790 λέγει
2975 1725 3004 1775 6
3064 1721 3294 1776 Ἰακώϐ⁹
3354 1722 3580 1793 Ἰωσὴφ
3636 1727 3751 1780 οὐκ

2171 1815 2303 1869 ἐστι
2328 1854 2342 1878 ,
2375 1812 2618 1883 Συμεὼν
2649 1815 2761 1867 οὐκ
2788 1815 2918 1867 ἐστι
2938 1853 2952 1876 .
2988 1813 3089 1868 καὶ
3112 1814 3218 1868 τὸν
3245 1816 3528 1886 Βενιαμὶν
3553 1817 3753 1886 λήψεσ-

2172 1911 2282 1962 σθε
2307 1922 2320 1934 '
2356 1906 2453 1961 καὶ
2491 1904 2768 1969 καθέξετέ
2810 1905 2859 1937 ³⁸
2881 1923 3002 1974 μου
3044 1905 3109 1959 τὸ
3158 1903 3344 1975 γῆρας
3367 1906 3518 1975 μετὰ
3545 1908 3751 1975 ,λύπης

2172 2002 2260 2065 εις
2286 1998 2437 2067 ᾅδου
2471 1997 2606 2067 (52).
2641 1996 2752 2050 Καὶ
2782 1996 3099 2068 ἀποκριθεὶς
3129 1998 3158 2049 6
3199 1996 3377 2068 γέρων
3413 1992 3569 2075 εἶπεν
3587 2015 3602 2031 ο
3635 2000 3751 2053 Οὐκ

2173 2089 2400 2160 ἀρκοῦσι
2435 2104 2516 2140 σοι
2564 2088 2614 2139 οἱ
2655 2086 2803 2140 ἄλλοι
2832 2086 3002 2149 δέκα,
3035 2084 3182 2140 ἀϐϐἄ
3227 2085 3459 2152 ’Ῑακὼϐς
3508 2087 3671 2156 Λέγει
3718 2089 3752 2141 6

2172 2178 2344 2242 ὰϐϐἱς
2373 2177 2614 2245 Ἀγάθων
2633 2195 2645 2208 ·
2668 2177 2901 2243 Παῦσαι,
2926 2178 3123 2249 γέρων.
3155 2178 3219 2230 Εἰ
3248 2179 3276 2232 6
3300 2178 3433 2243 Θεὸς
3454 2181 3482 2232 6
3501 2178 3747 2242 δικαιῶν,

2171 2271 2256 2333 τίς
2287 2270 2315 2321 ὁ
2346 2269 2688 2339 κατακρίνων
2710 2286 2725 2336 ;

2242 2390 2348 2452 κγ’.
2380 2377 2547 2437 Εἶπεν
2578 2385 2607 2436 6
2638 2380 2813 2445 ἀϐϐᾶς
2846 2378 3091 2450 Ἀγάθων
3110 2397 3123 2410 ’
3178 2381 3487 2453 Ἀγαπητός
3531 2382 3632 2453 μού
3665 2398 3752 2445 τις

2173 2469 2325 2547 ἐὰνῇ
2357 2473 2477 2528 καθ’
2506 2472 2831 2545 ὑπερϐολὴν,
2878 2472 2975 2526 καὶ
3017 2471 3131 2540 γνῶ
3157 2472 3240 2525 ὅτι
3273 2472 3503 2541 κατάγει
3549 2488 3617 2542 με
3668 2473 3753 2535 εἰς

2174 2564 2476 2636 ἐλάττωμα,
2503 2564 2798 2617 ἀποκόπτω
2829 2563 2990 2617 αὐτὸν
3020 2563 3113 2615 ἀπ’
3142 2560 3299 2632 ἐμοῦ.

2244 2678 2342 2731 κδ’.
2376 2673 2512 2731 Εἷπε
2555 2676 2742 2732 πάλινο
2777 2678 2898 2750 Χρὴ
2928 2678 3020 2732 τὸν
3062 2678 3348 2749 ἄνθρωπον
3392 2670 3532 2728 εἶναι
3568 2672 3752 2727 πᾶσαν

2174 2767 2324 2839 ὥραν
2354 2767 2689 2839 προσέχοντα
2716 2768 2795 2840 τῷ
2822 2768 3092 2840 κριτηρίῳ
3118 2766 3215 2821 τοῦ
3236 2764 3394 2820 Θεοῦ.

2244 2888 2342 2934 κε’.
2374 2880 2600 2949 Ἔλεγεν
2630 2882 2659 2934 6
2691 2879 2866 2944 ἁϐϐἄς
2911 2878 3128 2951 Ἰωσὴφ,
3162 2878 3407 2948 ἀδελφῶν
3445 2874 3753 2931 λαλούντων

2177 2975 2302 3046 περὶ
2341 2973 2581 3043 ἀγάπης,
2628 2973 2710 3026 ὅτι
2744 2973 2932 3043 Ἡμεῖς
2980 2971 3204 3042 οἴδαμεν
3234 2971 3288 3025 τί
3321 2973 3470 3024 ἐστιν
3520 2970 3747 3040 ἀγάπης

2177 3065 2288 3118 Καὶ
2317 3060 2436 3117 εἷπε
2470 3065 2597 3133 περὶ
2623 3063 2718 3117 τοῦ
2749 3064 2894 3117 ἀϐϐἀ
2944 3062 3250 3132 Ἀγάθωνος
3273 3102 3288 3128 ,
3336 3063 3420 3117 ὅτι
3454 3061 3665 3132 σμιλίον
3697 3061 3747 3094 ⁸⁸

2171 3146 2307 3221 εἶχε,
2338 3152 2432 3203 καὶ
2457 3147 2587 3221 ἦλθε
2610 3151 2746 3222 πρὸς
2777 3150 2937 3204 αὐτὸν
2966 3150 3211 3219 ἀδελφὸς,
3237 3151 3332 3205 καὶ
3361 3150 3622 3222 ἐπῄνεσεν
3653 3150 3752 3203 αύ-

2170 3242 2251 3305 τὸ,
2285 3243 2378 3296 καὶ
2407 3244 2507 3295 οὐκ
2540 3243 2751 3313 ἀφῆκεν
2780 3243 2944 3296 αὑτὸν
2986 3240 3254 3307 ἐξελθεῖν,
3300 3244 3350 3295 εἰ
3385 3241 3462 3312 μὴ
3500 3240 3658 3294 ἔλαϐε
3689 3240 3755 3292 τὸ

2174 3334 2405 3404 σμιλίον.

2243 3430 2353 3488 κςκ
2392 3423 2616 3492 Ἔλεγεν
2646 3424 2675 3476 6
2707 3422 2879 3486 ἀϐϐᾶς
2911 3422 3175 3493 Ἀγάθων,
3205 3424 3287 3476 ὅτι
3324 3422 3388 3476 Εἰ
3437 3414 3753 3491 δυνατὸν-ἧν

2177 3513 2474 3584 μοιεύρεῖν
2517 3511 2744 3582 κελεφὸν
2786 3512 2923 3583 (53),
2968 3514 3061 3567 καὶ
3110 3512 3294 3566 δοῦναι
3323 3510 3471 3582 αύτῷ
3508 3511 3569 3565 τὸ
3614 3511 3746 3581 ἐμὸν

2177 3603 2357 3674 σῶμα,
2389 3606 2481 3657 καὶ
2501 3604 2685 3658 λαϐεῖν
2709 3604 2769 3658 τὸ
2808 3603 2995 3671 αὐτοῦ,
3022 3605 3192 3674 ἡδέως
3239 3598 3404 3676 εἶχον.
3441 3602 3588 3673 Αὕτη
3635 3601 3747 3673 γάρ

2176 3693 2326 3745 ἐστιν
2357 3694 2390 3764 ἡ
2418 3693 2597 3747 τελεία
2625 3694 2834 3766 ἀγάπη.

2245 3786 2349 3852 κζ’.
2382 3786 2603 3855 Ἔλεγον
2631 3785 2790 3839 πάλιν
2820 3784 2947 3857 περὶ
2971 3783 3157 3849 αὐτοῦ,
3187 3784 3267 3837 ὅτι
3291 3780 3459 3835 ὲλθών
3480 3796 3607 3832 ποτε
3635 3796 3750 3832 πω·-

2176 3881 2336 3951 λῆσαι
2362 3880 2528 3949 σκεύη
2558 3880 2615 3931 ἐν
2642 3880 2705 3948 τῇ
2725 3875 2896 3940 πόλει,
2921 3870 3077 3948 εὗρεν
3105 3873 3388 3947 ἄνθρωπον
3419 3870 3566 3937 ξένον
3594 3870 3654 3922 ὲν
3678 3870 3748 3941 τῇ

2178 3972 2410 4043 πλατείᾳ
2436 3969 2765 4042 ἐρριμμένον
2785 3969 3087 4042 ἄρρωστον,
3113 3966 3189 4038 μὴ
3212 3965 3403 4038 ἔχοντα
3435 3963 3527 4017 τὸν
3557 3964 3751 4032 ἐπιμε-

2178 4063 2434 4135 λούμενον
2454 4076 2467 4089 ·
2506 4060 2601 4112 καὶ
2629 4058 2811 4128 ἔμεινε
2832 4060 2927 4113 σὺν
2951 4057 3100 4129 αὐτῷ
3127 4059 3155 4109 6
3174 4056 3352 4128 γέρων
3396 4052 3579 4107 λαϐὼν
3610 4052 3754 4104 ἐνοι-

2179 4155 2297 4209 κίου
2324 4150 2552 4215 κελλίον,
2585 4150 2678 4203 καὶ
2695 4152 2759 4203 ὲκ
2788 4149 2882 4204 τοῦ
2910 4149 3222 4221 ἐργοχεῐρου
3259 4147 3482 4218 παρεῖχε
3528 4144 3587 4197 τὸ
3617 4142 3757 4196 ἐνοί-

2180 4263 2316 4310 κιον,
2343 4245 2438 4299 καὶ
2463 4244 2531 4297 τὰ
2553 4242 2715 4297 λοιπά
2744 4244 2824 4306 εἰς
2849 4243 2947 4314 τὴν
2977 4241 3071 4295 τοῦ
3099 4238 3381 4313 ἀρρώστου
3426 4237 3617 4310 χρείαν
3661 4238 3757 4290 ἀν-

2181 4338 2370 4409 ήλισκε
2393 4352 2406 4366 ·
2439 4335 2533 4388 καὶ
2566 4322 2749 4405 ἔμεινε
2770 4333 3131 4404 τετράμηνον,
3160 4331 3265 4394 ἓως
3290 4324 3350 4384 οῦ
3377 4329 3499 4399 ἰάθη
3522 4332 3550 4382 6
3571 4327 3755 4400 ᾱρρω-

515 4432 754 4481 mettses,
772 4432 1059 4488 quousque
1084 4426 1323 4489 :egrotus
1345 4433 1717 4488 recuperasset
1747 4423 2035 4478 sanitatem
2062 4439 2072 4474 :

2184 4447 2327 4492 στος.
2379 4426 2489 4481 Καὶ
2525 4425 2700 4488 οὕτως
2734 4426 2763 4477 6
2798 4424 2978 4496 γέρων
3026 4421 3266 4493 ἀπῆλθεν
3314 4423 3395 4484 εἰς
3436 4418 3499 4473 τὸ
3547 4417 3758 4473 κελλίον

517 4517 680 4579 atque
721 4509 799 4563 ita
850 4508 917 4562 ad
972 4510 1166 4565 cellam
1221 4524 1374 4565 suam
1432 4527 1717 4583 regressus
1754 4512 1918 4568 fuerit
1951 4528 2072 4573 cum

2185 4516 2349 4571 αὐτοῦ
2381 4518 2494 4588 μετ’
2532 4517 2777 4588 ειρὴνης.

514 4615 666 4672 pace.

585 4691 675 4747 28.
707 4690 911 4748 Retulit
970 4692 1141 4748 abbas
1189 4690 1423 4747 Daniel:
1476 4695 1778 4765 Antequam
1838 4696 2081 4751 venisset

519 4783 687 4841 abbas
715 4782 976 4840 Arsenius
1004 4783 1070 4839 ad
1101 4781 1289 4838 Patres
1321 4797 1491 4847 meos,
1516 4783 1619 4854 ipsi
1642 4797 1860 4854 quoque
1893 4799 2083 4840 mane-

520 4880 647 4932 bant
682 4891 806 4932 cum
833 4876 1026 4931 abbate
1063 4875 1363 4944 Agathone.
1406 4873 1672 4945 Diligebat
1703 4882 1884 4931 autem
1911 4876 2081 4933 abbas

524 4968 726 5040 Agatho
753 4966 1002 5022 abbatem
1027 4965 1415 5034 Alexandrum,
1446 4966 1573 5036 quia
1612 4973 1730 5021 erat
1763 4976 2083 5022 mansuetus

2142 4652 2148 4658 Ι
2255 4700 2362 4765 κη’.
2399 4692 2622 4762 Ἔλεγεν
2646 4693 2674 4745 ὁ
2692 4690 2863 4755 ἀϐϐᾶς
2890 4690 3107 4761 Δανιὴλ,
3127 4690 3209 4744 ὅτι
3231 4691 3367 4762 Πρὶν
3385 4689 3515 4762 ἔλθῃ
3534 4691 3563 4743 6
3584 4686 3761 4749 ἀϐϐἇς

2198 4787 2467 4859 Ἀρσένιος
2490 4785 2625 4857 πρὸς
2652 4786 2777 4848 τοὺς
2814 4785 3066 4857 Πατέρας
3092 4802 3215 4857 μου,
3239 4787 3334 4839 καὶ
3365 4786 3517 4839 αὐτοὶ
3538 4784 3759 4855 ἔμειναν

2189 4876 2328 4948 μετά
2347 4876 2439 4929 τοῦ
2462 4876 2607 4929 ἀϐϐἄ
2644 4875 2965 4944 Ἀγάθωνος.
3013 4875 3231 4943 Ἡγάπα
3262 4875 3319 4929 δὲ
3344 4878 3372 4929 6
3397 4875 3573 4937 ἁϐϐἄς
3591 4873 3759 4940 Ἀγά-

2186 4969 2293 5023 θων
2323 4968 2416 5022 τὸν
2468 4968 2641 5023 ἀϐϐἄν
2697 4966 3064 5038 Ἀλέξανδρον,
3116 4968 3198 5021 ὅτι
3254 4967 3499 5039 ἀσκητὴς
3546 4962 3613 5037 ἦν
3664 4963 3762 5019 καὶ

588 5137 634 5169 ⁸⁸
665 5133 801 5190 Gen.
828 5149 961 5201 xw,
989 5131 1080 5198 '56,
1108 5131 1197 5188 38.
1273 5132 1320 5165 ⁸⁸
1352 5132 1511 5188 Rom.
1534 5148 1650 5197 vui,
1674 5133 1762 5200 55,
1789 5134 1859 5190 54
1929 5135 1975 5167 ⁸⁷
2009 5136 2072 5190 Al

2178 5137 2372 5209 ἱναμιν.
2448 5138 2496 5171 ⁸⁸
2525 5138 2608 5192 Al.
2636 5136 2915 5204 κατάξετέ.
2992 5138 3036 5170 ⁸⁹
3071 5136 3153 5190 Al.
3195 5136 3495 5208 σμιλάριον.

523 5293 740 5363 Δηιοπὶὶ
769 5311 822 5363 p.
847 5293 951 5350 456
976 5310 989 5347 :
1022 5290 1131 5347 Ἦν
1152 5290 1195 5345 6’
1238 5292 1324 5363 ’ὅτε
1353 5291 1449 5363 καὶ
1476 5291 1564 5345 διὰ
1586 5291 1726 5363 δύοη
1735 5293 1997 5363 πολλάκις
2033 5294 2091 5346 δὲ

523 5363 618 5436 και
650 5362 739 5414 διὰ
771 5360 1073 5436 τεσσάρων
1106 5360 1499 5433 μετελάμϐανε,
1553 5362 1666 5425 sic,
1698 5360 2092 5436 Nonnunquam

524 5430 988 5555 bitliiuodtriduoque
1028 5430 1117 5488 εἰς’
1140 5430 1473 5502 permanens,
1516 5444 1707 5502 quarta
1748 5430 1955 5486 domum
2008 5433 2093 5486 die

530 5513 585 5552 re
619 5515 666 5555 οι
734 5509 872 5554 atur.

530 5509 872 5555 reﬁciebatur.

581 5501 872 5569 ﬁdebatur.
904 5501 911 5503 ἡ
1142 5501 1146 5502 ⁷

598 5569 712 5638 (30)
745 5569 934 5623 Radcri
964 5569 1199 5624 Viridar.
1232 5587 1314 5638 Ill,
1356 5571 1411 5637 6,
1442 5570 1532 5625 20.

598 5638 710 5704 (Si)
749 5639 855 5708 Yit-
887 5639 1038 5708 Patr.
1075 5654 1158 5702 Ill,
1188 5642 1320 5708 156;
1345 5641 1481 5696 Rud.
1511 5641 1585 5694 ib.

598 5708 720 5779 ρετ),
743 5705 1035 5773 Καθέζετέ
1079 5726 1197 5777 μου
1232 5705 1316 5762 ω’
1349 5708 1536 5779 γῆρας
1566 5712 1716 5779 μετὰ
1746 5713 1946 5779 λύπης
1999 5711 2087 5776 εις

2198 5292 2366 5359 ᾅδου.
2398 5290 2555 5347 Certa
2592 5289 2899 5346 emendatio
2935 5289 3216 5357 κατάξετε.
3242 5289 3320 5343 Ad
3359 5304 3519 5359 quem
3552 5295 3763 5343 textum

2198 5362 2334 5431 Gen.
2359 5376 2493 5423 xm,
2523 5360 2612 5431 58,
2636 5360 2965 5431 conspectis
2986 5360 3142 5431 libris
3160 5361 3347 5431 regiis.
3368 5374 3531 5431 manu
3566 5373 3761 5413 exara-

2198 5431 2289 5493 tis,
2323 5430 2501 5484 inveni
2539 5430 2594 5483 in
2627 5429 2755 5493 219,
2790 5429 2914 5493 810,
2945 5429 3106 5492 2416,
3139 5429 3349 5498 ἦξεται.
3377 5429 3432 5482 In
3457 5429 3551 5482 illo
3578 5437 3761 5482 autem

2197 5501 2289 5569 qui
2320 5502 2565 5569 signatur
2597 5515 2822 5556 numero
2873 5499 3031 5560 “16.
3069 5497 3392 5570 κατάξηται,
3422 5513 3548 5553 cum
3582 5497 3763 5553 littera

2196 5586 2221 5620 ε
2252 5585 2416 5640 supra
2447 5569 2680 5623 litteram
2712 5588 2767 5640 η.
2795 5570 2940 5640 quod
2965 5575 3050 5623 est
3078 5569 3389 5640 κατάξεται.

2252 5588 2416 5637 supra
2449 5588 2680 5623 llllel'am
2754 5611 2767 5627 .
2795 5588 2940 5640 (11100
2965 5588 3050 5623 εει
3078 5588 3389 5633 καταςεται.

2226 5708 2238 5719 ,
2266 5638 2379 5707 (55)
2409 5588 2835 5721 Ιςελεφόις.ἲιοο
2860 5640 2927 5696 de
2945 5637 3165 5693 nomine
3193 5637 3446 5694 Petavius
3476 5644 3533 5694 et
3551 5635 3770 5693 Salma‘

2194 5716 2310 5764 sius
2338 5716 2699 5780 scripserunt.
