4054 6206
261 270 361 328 ΗἹ

1399 275 2009 336 ΛΡΟΡΠΤΠΕΟΜΑΤΑ
2041 278 2348 337 PATRUM.

3410 290 3523 343 H8”

261 384 534 455 ιπωικής.
574 382 777 453 Συνέϐη
808 382 864 435 δὲ
896 382 1052 447 ὅλους
1085 386 1213 450 τοὺς
1253 388 1500 459 μαθητάς
1519 393 1681 445 αὑτοῦ
1715 395 1847 448 πλύ-

1953 409 2015 448 ac
2040 394 2091 447 in
2109 394 2501 449 exercitatione
2522 395 2823 450 monastiea
2845 395 3095 467 diligens.
3116 400 3329 454 Accidit
3355 416 3515 470 porro

261 493 371 530 νειν
402 475 473 528 τὰ
503 474 642 547 θρύα
682 477 761 538 εἰς
792 476 882 528 τὸν
908 477 1178 547 ποταμόν·
1208 480 1301 532 καὶ
1328 482 1355 533 6
1384 480 1557 547 esse;
1602 485 1844 551 Ἀλέξανο

263 570 386 639 ὅρος
412 567 674 629 ἐπιεικῶς
698 566 948 620 ἕπλυνεν.
978 570 1041 621 Οἱ
1072 569 1127 623 δὲ
1157 570 1332 626 λοιποὶ
1351 573 1566 644 ἀδελφοὶ
1588 572 1739 631 εἷπον
1766 578 1844 649 τῷ

268 659 510 728 γέροντι·
568 657 627 710 '0
667 657 895 728 ἀδελφὸς
942 659 1289 733 Ἀλέξανδρος
1319 664 1472 716 οὐδὲν
1518 670 1679 720 ποιεῖ.
1734 668 1845 723 Kal

271 748 431 801 θέλων
447 746 645 809 αὐτοὺς
675 746 1029 817 θεραπεῦσαι,
1061 744 1214 803 εἶπεν
1235 751 1409 822 αὐτῷ*
1448 754 1666 823 Ἀδελφὲ
1696 756 1843 809 Ἀλέ-

272 840 494 910 ξανδρε,
532 837 715 901 καλῶς
759 838 956 891 πλῦνον
1008 839 1146 894 αὐτὰ
1199 841 1279 895 ὅτι
1308 841 1525 916 λινάριά
1568 848 1696 901 εἰσι.
1734 849 1844 902 Kal

269 932 341 993 ὡς
365 931 597 1001 ἡκουσεν
619 929 885 999 ἐλυπήθη.
926 932 1035 984 Kal
1070 932 1208 1003 μετὰ
1248 933 1422 989 ταῦτα
1468 938 1843 1008 παρεκάλεσεν

265 1022 424 1076 αὑτὸν
454 1024 485 1076 6
514 1022 715 1094 γέρων,
746 1021 919 1089 λέγων
946 1038 959 1051 ·
988 1021 1078 1095 Μὴ
1110 1025 1219 1098 γάρ
1246 1027 1346 1080 οὐκ
1381 1028 1527 1100 ᾔδειν
1559 1030 1642 1083 ὅτι
1662 1030 1843 1095 καλῶς

268 1114 471 1177 ποιεῖς;
515 1113 652 1168 ἀλλὰ
687 1113 849 1167 τοῦτο
889 1110 1043 1168 εἶπόν
1074 1133 1157 1169 σοι
1195 1116 1287 1170 ἐπὶ
1322 1120 1533 1186 αὐτῶν,
1571 1122 1658 1176 ἵνα
1688 1122 1846 1194 θεραο

265 1202 454 1257 πεύσω
472 1203 649 1258 αὐτῶν
674 1205 764 1257 τὸν
794 1205 1053 1276 λογισμὸν
1089 1208 1147 1259 έν
1176 1210 1239 1278 τῇ
1270 1211 1335 1280 σῇ
1368 1211 1604 1284 ὑπακοῇ,
1623 1214 1838 1284 ἀδελφέ.

336 1296 436 1351 κθ’.
475 1298 815 1369 Διηγήσαντο
871 1300 1000 1371 περὶ
1055 1299 1150 1353 τοῦ
1201 1301 1347 1357 eaea
1401 1304 1725 1374 Ἀγάθωνος,
1760 1311 1842 1364 ὃτι

268 1385 564 1451 ἐσπούδαζε
598 1390 769 1441 ποιεῖν
796 1390 973 1442 πᾶσαν
999 1391 1241 1462 ἐντολήν.
1269 1395 1377 1447 Kal
1405 1398 1453 1448 ei
1478 1396 1743 1452 διέϐαινεν
1765 1403 1843 1464 εἰς

270 1473 564 1545 πορθμεῖον
588 1516 602 1539 ,
639 1476 804 1541 αὐτὸς
841 1476 1053 1548 πρῶτος
1085 1481 1310 1550 ἐκράτει
1355 1484 1454 1555 τὴν
1478 1484 1670 1558 κώπην
1694 1505 1706 1519 ·
1748 1492 1842 1545 καὶ

267 1562 356 1614 ὅτε
392 1563 701 1634 παρέϐαλον
730 1565 879 1636 αὑτῴ
907 1566 1143 1637 ἀδελφοὶ,
1173 1570 1376 1636 εὐθέως
1406 1575 1515 1628 ἀπὸ
1542 1578 1639 1646 τῆς
1676 1578 1842 1650 εὐχῆς

265 1656 300 1722 ἡ
327 1654 445 1725 χεὶρ
463 1655 626 1709 αὑτοῦ
644 1657 744 1727 τὴν
757 1657 1035 1727 τράπεζαν
1057 1660 1222 1714 ἐτίθει
1243 1675 1256 1688 ·
1274 1658 1343 1733 ἦν
1364 1664 1469 1737 γὰρ
1490 1668 1685 1736 μεστὸς
1706 1670 1842 1738 ἀγά-

1947 493 2007 538 ιιι
2034 499 2223 541 omnes
2257 485 2376 554 ejus
2407 484 2660 554 discipuli
2686 499 2879 554 scapos
2910 486 3151 543 lavarent
3175 489 3229 544 in
3253 488 3515 557 ﬂumine;

1945 580 1999 630 et
2023 575 2194 631 abbas
2222 573 2525 631 Alexander
2559 573 2773 628 lavabat
2806 575 3102 633 moderate.
3144 576 3339 633 Centeri
3384 595 3515 636 vero

1946 664 2144 722 fratres
2168 664 2423 720 dixerunt
2453 663 2608 720 seni:
2640 662 2830 719 Frater
2865 664 3170 721 Alexander
3192 667 3329 721 nihil
3363 666 3516 722 facit.

1950 756 2100 812 Unde
2135 757 2322 814 volens
2355 757 2434 813 eis
2457 756 2685 820 mederi,
2721 756 2797 811 ait
2828 757 2905 811 illi
2937 755 3166 813 :Frater
3189 758 3518 825 Alexander,

1944 856 2091 905 recte
2126 849 2243 903 lava
2292 863 2419 915 eos;
2460 849 2554 903 lini
2614 847 2762 904 enim
2795 856 2945 903 sunt.
2985 846 3163 919 thue
3189 848 3236 905 is
3293 850 3518 914 audivit,

1944 940 2136 996 acerbe
2172 940 2316 994 tulit.
2353 939 2418 994 Et
2450 946 2638 1010 postea
2687 940 2897 996 solatus
2926 950 3010 994 est
3071 955 3196 996 cum
3238 954 3401 994 senex
3433 940 3521 997 his

1943 1033 2125 1088 verbis
2155 1052 2168 1087 :
2198 1033 2278 1086 An
2304 1032 2615 1087 nesciebam
2635 1039 2686 1085 te
2709 1039 2855 1085 recte
2886 1030 3089 1101 agere?
3111 1028 3309 1087 Verum
3341 1031 3396 1086 id
3424 1032 3519 1088 tibi

1943 1137 2131 1177 coram
2164 1121 2271 1177 illis
2311 1121 2446 1187 dixi,
2482 1119 2671 1185 frater,
2707 1136 2815 1191 quo
2860 1134 3051 1176 eorum
3079 1119 3324 1175 animum
3346 1121 3401 1176 in
3429 1130 3519 1178 tua

1943 1212 2254 1269 obedientia
2289 1226 2565 1267 curarem.

2013 1304 2104 1359 29.
2130 1302 2712 1360 Commemoraverunt
2742 1301 2810 1357 de
2841 1300 3039 1357 abbate
3056 1302 3519 1374 Agathone,quod

1942 1408 2104 1447 omne
2136 1392 2455 1446 mandatum
2486 1391 2716 1461 exsequi
2767 1390 3142 1446 contenderet.
3193 1392 3254 1445 Et
3301 1390 3357 1445 in
3398 1391 3521 1445 navi

1943 1480 1990 1536 si
2017 1481 2339 1551 trajicicbat,
2376 1481 2590 1551 primus
2632 1482 2750 1552 ipse
2795 1480 3065 1535 tractabat
3116 1495 3347 1534 remum.
3384 1480 3519 1535 Cum

1943 1574 2331 1631 adventassent
2362 1573 2591 1641 fratres,
2646 1574 2831 1630 statim
2872 1580 2994 1643 post
3035 1586 3272 1642 precem,
3325 1587 3523 1627 manus

1942 1663 2063 1732 ejus
2082 1678 2326 1717 mensam
2355 1664 2680 1734 apponebat.
2713 1663 2910 1719 Plenus
2936 1664 3080 1718 enim
3108 1672 3227 1718 erat
3256 1662 3526 1718 cliaritate

268 1761 378 1816 πης
400 1746 556 1800 Θεοῦ.
587 1747 892 1813 Μέλλοντος
913 1749 969 1803 δὲ
1000 1752 1165 1806 αὐτοῦ
1181 1735 1456 1827 τελευτᾷν,
1488 1735 1670 1829 ἔμεινε
1693 1735 1841 1833 τρεῖς

1949 1751 2062 1808 Dei.
2086 1751 2200 1824 (54)
2217 1753 2486 1810 Caeterum
2519 1751 2739 1824 quando
2773 1752 2965 1808 mortis
2993 1759 3208 1823 tempus
3230 1752 3525 1823 appropin-

264 1835 479 1908 ἡμέρας
512 1838 890 1908 ἀνεῳγμένους
912 1841 1046 1912 ἔχων
1071 1844 1196 1908 τοὺς
1219 1845 1530 1918 ὀφθαλμοὺς
1561 1849 1636 1921 μὴ
1664 1869 1844 1907 κινου-

268 1928 493 1998 μένους.
525 1929 760 1996 Ἐνυξαν
784 1931 839 1985 δὲ
866 1933 1027 1988 αὐτὸν
1048 1934 1097 1987 οἱ
1124 1935 1344 2006 ἀδελφοὶ
1368 1939 1618 2009 λέγοντες
1642 1961 1656 1975 ο
1674 1944 1845 2000 Ἀϐὅᾶ

279 2018 555 2088 Ἀγάθων,
583 2019 684 2073 ποῦ
703 2018 781 2087 εἷς
802 2023 962 2092 Λέγει
991 2026 1204 2090 αὐτοῖς·
1250 2028 1508 2084 Ἐνὼπιον
1538 2032 1632 2086 τοῦ
1658 2051 1845 2107 κριτη-
1894 2052 1901 2057 '

264 2111 394 2181 ρίου
421 2109 517 2163 τοῦ
544 2110 675 2164 Θεοῦ
701 2112 947 2184 ἵσταμαι.
971 2115 1235 2183 Λέγουσιν
1254 2119 1405 2190 αὐτῷ
1428 2133 1443 2148 ’
1463 2122 1573 2177 Kal
1595 2125 1658 2181 σὺ
1681 2126 1841 2198 φοϐῇ,

264 2202 488 2273 Πάτερ;
522 2202 684 2271 Λέγει
709 2204 920 2269 αὐτοῖς·
950 2206 1099 2272 Τέως
1124 2208 1354 2280 ἐποίησα
1372 2210 1469 2283 τὴν
1489 2212 1719 2286 δύναμίν
1741 2234 1844 2288 μου

265 2296 347 2357 εἰς
375 2294 438 2347 τὸ
468 2292 704 2362 φυλάξαι
736 2294 835 2360 τὰς
857 2297 1076 2361 ἐντολὰς
1096 2298 1190 2352 τοῦ
1213 2300 1347 2354 Θεοῦ
1373 2318 1386 2333 ·
1420 2302 1535 2357 ἀλλ’
1558 2305 1844 2377 ἄνθρωπός

268 2387 385 2456 εἰμι
407 2401 422 2415 '
452 2385 617 2440 πόθεν
631 2382 750 2441 οἶδα
773 2389 821 2440 εί
841 2388 903 2440 τὸ
924 2388 1084 2459 ἔργον
1115 2407 1217 2462 μου
1237 2391 1568 2467 εὐηρέστησε
1591 2398 1667 2469 τῷ
1689 2398 1841 2470 Θεῷ;

270 2475 532 2543 Λέγουσιν
562 2475 713 2546 αὐτῷ
747 2477 798 2529 οἱ
832 2477 1080 2547 άδελφοί’
1122 2481 1235 2535 Οὐκ
1266 2477 1319 2535 εῐ
1349 2484 1621 2550 πεποιθὼς
1656 2489 1748 2541 ἐπὶ
1784 2489 1846 2543 τὸ

272 2564 431 2635 ἔργον
455 2582 570 2630 σου,
604 2568 686 2620 ὅτι
721 2569 863 2622 κατά
883 2568 1019 2624 Θεόν
1055 2572 1235 2638 ἐστιν;
1268 2575 1428 2645 Λέγει
1455 2579 1483 2630 ὁ
1518 2578 1695 2650 γέρων
1724 2596 1737 2609 ·
1768 2581 1844 2635 Οὐ

270 2656 480 2728 θαρρῶ,
514 2659 563 2710 εί
602 2659 679 2730 μὴ
702 2659 780 2730 τῷ
803 2658 922 2731 Θεῷ
951 2663 1281 2735 άπαντήσω.
1304 2667 1528 2740 Ἕτερον
1571 2669 1681 2740 γάρ
1729 2672 1845 2723 ἐστι

269 2750 333 2802 τὸ
358 2746 453 2802 τοῦ
478 2749 612 2802 Θεοῦ
642 2753 945 2823 κριτήριον,
977 2755 1069 2807 καὶ
1091 2755 1276 2827 ἕτερον
1302 2757 1363 2810 τὸ
1382 2758 1489 2814 τῶν
1518 2758 1843 2831 ἀνθρώπων.

284 2840 373 2902 Ὠς
405 2839 462 2892 δὲ
485 2838 676 2911 ἡθελον
712 2842 984 2914 ἐρωτῆσαι
1015 2845 1177 2899 αὐτὸν
1217 2847 1400 2920 ἕτερον
1446 2850 1602 2919 λόγον
1624 2891 1639 2913 ,
1695 2851 1846 2920 λέγει

273 2932 456 2995 αὐτοῖς
472 2947 484 2958 ·
509 2932 779 3000 Ποιήσατε
800 2934 1042 3005 ἀγάπην,
1071 2937 1144 3007 μὴ
1166 2936 1373 2993 λαλεῖτε
1404 2941 1529 3011 ἄρτι
1552 2941 1844 3011 μετ’ὲμοῦ,

272 3025 353 3075 ὅτι
382 3021 735 3093 ἀσχολοῦμαι.
774 3022 879 3077 Καὶ
909 3025 1194 3099 ἐτελειώθη
1245 3030 1290 3101 ⁸8
1321 3031 1379 3084 ὲν
1430 3034 1593 3103 χαρᾷ.
1631 3032 1847 3105 Ἐὡρων
1876 3081 1919 3105 η

274 3116 386 3185 γάρ
414 3114 576 3167 αὐτὸν
603 3115 955 3185 ἀναγόμενον,
981 3117 1039 3170 ὃν
1069 3119 1269 3187 τρόπον
1289 3137 1372 3183 τις
1395 3122 1697 3186 ἀσπάζεται
1722 3124 1848 3188 τοὺς

273 3203 469 3257 ἑαυτοῦ
502 3203 689 3272 φίλους
720 3206 814 3258 καὶ
850 3207 1186 3277 ἀγαπητούς.
1228 3205 1354 3280 Εἶχε
1394 3210 1445 3263 δὲ
1475 3212 1718 3284 φυλακὴν
1753 3230 1852 3280 με·

270 3295 444 3366 γάλην
481 3298 539 3348 ὲν
567 3297 702 3349 πᾶσι
726 3336 741 3359 ,
778 3298 872 3349 καὶ
897 3297 1079 3365 ἔλεγεν
1099 3315 1112 3329 ·
1141 3300 1303 3352 ’Λνευ
1338 3300 1586 3372 φυλακῆς
1609 3303 1850 3375 μεγάλης

269 3389 331 3440 οὐ
358 3387 642 3458 προϐαίνει
668 3388 950 3459 ἄνθρωπος
977 3388 1100 3444 οὔτε
1127 3393 1208 3454 εἰς
1249 3392 1377 3463 μίαν
1414 3394 1637 3466 ἀρετήν.

340 3478 407 3533 λ’.
441 3478 676 3548 arma:
718 3496 848 3532 ποτε
875 3481 904 3532 6
943 3482 1116 3545 ἁϐὃᾶς
1163 3482 1405 3550 Ἀγάθων
1452 3485 1532 3545 εἰς
1569 3482 1669 3554 τὴν
1699 3483 1852 3537 πόλιν

272 3570 530 3640 πωλῆσαι
556 3569 730 3641 μικρά
761 3569 951 3641 σκεύη,
986 3572 1082 3625 καὶ
1115 3573 1359 3642 εὑρίσκει
1378 3573 1499 3625 τινά
1536 3572 1853 3644 λελωϐημέ-

274 3681 363 3715 νον
402 3662 444 3694 ⁸⁸
479 3661 635 3734 παρὰ
682 3664 781 3733 τὴν
812 3663 950 3716 ὁδόν.
983 3662 1145 3731 Λέγει
1194 3665 1342 3735 αὐτῷ
1368 3667 1397 3719 6
1441 3665 1848 3737 λελωϐημένος⁹

274 3752 387 3806 Ποῦ
412 3751 647 3821 ὑπάγεις
670 3768 685 3817 ;
715 3751 877 3819 Λέγει
908 3752 1056 3822 αὐτῷ
1079 3753 1107 3803 ὀ
1134 3752 1308 3815 assa;
1332 3754 1576 3822 Ἀγάθων
1596 3769 1609 3784 ο
1638 3755 1731 3818 Εἰς
1754 3754 1853 3825 τὴν

275 3843 433 3897 πόλιν
465 3843 718 3915 πωλῆσαι
747 3844 935 3913 σκεύη.
972 3844 1135 3912 Λέγει
1157 3844 1304 3915 αὐτῷ
1324 3862 1336 3875 ·
1363 3844 1594 3915 Ποίησον
1610 3844 1850 3915 ἀγάπην,

276 3936 373 3988 καὶ
406 3932 539 4007 ἆρόν
575 3953 642 4007 με
676 3936 810 3990 ἐκεῖ.
851 3938 955 3991 Kal
991 3937 1266 4007 βαστάσας
1310 3936 1503 4001 αὐτὸν,
1543 3937 1853 4009 ἀπήνεγκεν

275 4023 358 4083 εἰς
383 4021 483 4092 τὴν
513 4022 684 4077 πόλιν.
727 4022 890 4091 Λέγει
915 4024 1065 4094 αὐτῷ
1085 4043 1097 4056 ο
1135 4024 1305 4078 Ὅπου
1335 4024 1532 4088 πωλεῖς
1556 4024 1626 4078 τὰ
1662 4023 1852 4096 σκεύη,

276 4114 395 4165 ἐκεῖ
432 4130 501 4183 με
531 4111 643 4177 θές.
705 4114 956 4186 Ἐποίησε
982 4115 1039 4168 δὲ
1077 4115 1270 4180 οὕτως.
1329 4116 1435 4169 Kal
1463 4118 1553 4169 ὅτε
1604 4115 1854 4186 ὲπὼλησε

278 4203 493 4268 σκεῦος,
528 4204 712 4273 ἔλεγεν
746 4206 894 4278 αὐτῷ
917 4208 944 4259 6
982 4205 1359 4277 λελωϐημένος
1381 4222 1394 4235 ·
1425 4207 1598 4260 Πόσου
1640 4206 1848 4278 ἐπώλη-

275 4310 378 4358 σας
411 4294 577 4359 αὐτό;
608 4295 718 4349 Kal
750 4294 903 4365 ἔλεγε
924 4294 1106 4351 τόσου.
1130 4297 1240 4349 Kal
1272 4295 1455 4365 ἔλεγεν
1486 4295 1635 4367 αὐτῷ
1662 4318 1674 4329 ·
1698 4297 1853 4364 Ἀγό-

1945 1842 2156 1912 quavit,
2185 1852 2299 1899 tres
2335 1842 2455 1898 dies
2481 1843 2683 1897 mansit
2713 1842 2887 1897 oculis
2915 1842 3121 1913 apertis
3152 1842 3522 1914 immotisque.

1944 1930 2166 1988 Fratres
2182 1942 2360 1987 autem
2391 1933 2908 2003 pulsaverunteum,
2937 1932 3302 2002 dixeruntque
3334 1949 3347 1985 :
3372 1931 3523 1987 Abba

1943 2021 2178 2093 Agatho,
2211 2022 2433 2077 ubinam
2486 2024 2582 2079 es?
2612 2022 2913 2093 Respondit
2951 2021 3032 2078 eis
3066 2040 3080 2076 :
3120 2020 3217 2077 Sto
3248 2030 3375 2078 ante
3422 2026 3520 2078 tri-

1944 2114 2112 2183 bunal
2143 2114 2257 2169 Dei.
2287 2113 2400 2186 (ὅῦ)
2430 2115 2598 2168 Aiunt
2624 2136 2637 2171 :
2672 2113 2845 2168 Etiam
2869 2122 2928 2167 tu
2960 2112 3142 2176 times,
3170 2098 3482 2169 PaterHlle
3508 2133 3521 2167 :

1944 2207 2120 2261 Antea
2146 2207 2290 2277 quod
2318 2206 2466 2277 potui
2502 2206 2601 2261 feci
2636 2213 2693 2259 ut
2719 2205 3067 2260 observarem
3108 2203 3364 2258 mandata
3391 2202 3523 2271 Dei;

1947 2295 2043 2351 sed
2073 2296 2236 2353 homo
2286 2312 2446 2353 sum:
2484 2297 2630 2351 unde
2679 2296 2848 2353 sciam
2880 2303 3063 2349 utrum
3113 2293 3225 2351 Deo
3263 2296 3525 2367 placuerit

1946 2399 2085 2456 opus
2103 2387 2322 2441 meum?
2340 2385 2539 2441 Dicunt
2562 2387 2609 2441 ei
2629 2384 2829 2441 fratres
2852 2406 2864 2439 :
2888 2382 3008 2440 Non
3031 2384 3263 2442 confidis
3285 2386 3339 2440 in
3361 2401 3528 2456 opere

1947 2480 2062 2541 tuo,
2090 2476 2236 2546 quod
2269 2477 2572 2532 secundum
2631 2474 2799 2531 Deum
2833 2475 2946 2530 sit?
2970 2473 3271 2545 Respondit
3311 2490 3474 2531 senex
3511 2495 3524 2530 :

1944 2565 2064 2621 Non
2094 2569 2268 2624 habeo
2292 2569 2566 2633 fiduciam,
2595 2569 2698 2623 nisi
2723 2567 2832 2624 Deo
2852 2583 3170 2625 occurrero.
3202 2568 3362 2624 Aliud
3384 2569 3527 2624 enim

1946 2665 2030 2714 est
2055 2658 2322 2727 judicium
2360 2659 2478 2721 Dei,
2512 2660 2662 2714 aliud
2713 2660 3014 2714 hominum.
3051 2659 3300 2730 Cumque
3330 2660 3530 2717 vellent

1947 2764 2072 2805 eum
2107 2750 2214 2803 alia
2241 2751 2306 2805 de
2334 2766 2392 2806 re
2424 2751 2762 2820 percontari,
2792 2752 2868 2805 ait
2896 2752 3004 2807 illis
3030 2771 3043 2806 :
3077 2751 3377 2807 Charitatis
3394 2766 3531 2821 opus

1948 2843 2208 2914 peragite,
2230 2858 2299 2898 ne
2320 2844 2558 2913 amplius
2589 2858 2800 2898 mecum
2821 2843 3153 2913 loquamini:
3182 2859 3303 2899 smn
3329 2844 3533 2915 quippe

1948 2940 2273 3003 occupatus.
2312 2932 2378 2986 Et
2434 2932 2672 2989 excessit
2710 2948 2741 2988 e
2788 2933 2899 2987 vita
2933 2947 3059 2986 cum
3090 2932 3314 3004 gaudio.
3367 2931 3531 2988 Vide—

1950 3032 2081 3079 runt
2105 3025 2375 3095 siquidem
2401 3040 2524 3080 eum
2555 3024 2833 3090 eductum,
2861 3038 2970 3095 quo
2993 3024 3153 3079 modo
3179 3024 3305 3095 quis
3327 3025 3531 3080 salutat

1952 3114 2157 3170 amicos
2190 3129 2323 3170 suos
2365 3113 2726 3182 dilectosque.
2776 3112 2975 3166 Habuit
3021 3126 3186 3182 porro
3225 3112 3279 3167 in
3314 3112 3531 3168 cunctis

1952 3220 2204 3275 magnam
2236 3203 2583 3267 custodiam;
2617 3210 2671 3258 et
2700 3201 2882 3258 dicere
2914 3202 3160 3267 solebat,
3200 3201 3407 3272 absque
3448 3203 3531 3255 in-

1952 3297 2098 3367 genti
2152 3296 2402 3351 custodia
2461 3295 2734 3350 hominem
2768 3309 2944 3367 neque
2973 3294 3040 3349 ad
3079 3309 3242 3349 unam
3268 3294 3528 3352 virtutem

1952 3386 2225 3458 progredi.

2021 3478 2108 3533 30.
2136 3475 2421 3547 Ingressus
2442 3476 2684 3547 quodam
2709 3488 2952 3547 tempore
2978 3475 3032 3530 in
3064 3475 3343 3531 civitatem
3362 3474 3530 3530 abbas

1951 3565 2163 3636 Agatho
2189 3566 2257 3620 ad
2291 3566 2578 3622 vendenda
2616 3567 2862 3631 vaseula,
2898 3567 3102 3638 reperit
3133 3568 3189 3622 in
3225 3567 3313 3622 via
3353 3566 3532 3635 lepro-

1952 3671 2072 3710 sum
2107 3673 2121 3710 ;
2160 3657 2253 3726 qui
2286 3659 2605 3713 sciscitatus
2634 3664 2739 3721 est,
2772 3673 2882 3728 quo
2927 3657 3052 3712 iret.
3094 3640 3401 3727 Respbndit
3437 3656 3533 3712 ab-

1955 3748 2053 3804 bas
2088 3748 2301 3819 Agatho
2335 3764 2349 3800 :
2393 3747 2474 3802 Ad
2509 3747 2722 3814 urbem,
2755 3747 3031 3803 venditum
3064 3763 3215 3804 vasa.
3261 3747 3415 3804 Tunc
3450 3748 3531 3803 le-

1955 3854 2152 3910 prosus
2180 3839 2299 3894 inﬁt
2330 3858 2341 3893 :
2374 3838 2484 3895 Fac
2514 3839 2862 3904 charitatem,
2908 3853 2975 3894 eo
3018 3853 3106 3894 me
3134 3837 3283 3893 tolle.
3318 3836 3383 3893 Et
3405 3852 3534 3909 por-

1953 3938 2078 3986 tans
2107 3944 2252 3996 eum,
2285 3928 2513 3984 adduxit
2551 3929 2606 3983 in
2652 3929 2949 3984 civitatem.
3011 3927 3208 3982 lterum
3257 3927 3349 3982 ille
3378 3945 3392 3983 :
3427 3925 3529 3983 Ubi

1954 4019 2191 4076 vendere
2219 4020 2365 4076 soles
2394 4034 2547 4084 vasa,
2578 4019 2655 4075 ibi
2687 4034 2773 4075 me
2794 4034 2954 4090 pone.
2988 4019 3068 4073 Ita
3104 4018 3250 4073 fecit.
3281 4016 3532 4090 Cumque

1956 4113 2294 4169 vendidisset
2323 4127 2442 4179 vas,
2484 4113 2640 4183 petiit
2690 4112 2759 4167 ah
2787 4126 2854 4167 eo
2874 4112 3146 4182 leprosus,
3180 4112 3373 4181 quanti
3401 4127 3532 4169 ven-

1956 4204 2204 4261 didisset.
2240 4203 2420 4268 Tanti,
2457 4202 2655 4274 inquit.
2687 4201 2826 4258 Tum
2858 4202 2906 4258 is
2940 4220 2953 4257 :
2987 4201 3116 4257 Eme
3151 4201 3281 4256 mihi
3319 4202 3531 4272 placen-

1956 4306 2085 4350 tam.
2121 4295 2281 4349 Emit.
2320 4294 2515 4349 lterum
2547 4294 2697 4350 aliud
2726 4309 2822 4351 vas
2853 4292 3117 4349 vendidit.
3148 4291 3216 4347 Et
3252 4295 3344 4351 ille
3377 4313 3390 4349 :
3416 4294 3534 4351 Hoc

286 4384 453 4452 ρασόν
482 4401 573 4455 μοι
620 4384 944 4439 πλακοῦντιν
980 4386 1043 4438 ⁶¹.
1085 4385 1191 4439 Kal
1239 4385 1499 4457 ἠγόραζε.
1538 4386 1646 4440 Kal
1691 4386 1849 4440 πάλιν

1961 4400 2092 4440 vero
2115 4385 2351 4455 quanti?
2398 4385 2582 4450 Tanti,
2636 4386 2831 4456 inquit.
2864 4385 3140 4455 Leprosus
3174 4402 3186 4435 :
3234 4384 3368 4442 Eme
3400 4387 3533 4441 mihi

282 4475 485 4528 ἐπώλει
518 4474 647 4529 ἄλλο
690 4474 900 4540 σκεῦος.
941 4476 1050 4530 Kal
1078 4476 1258 4546 ἔλεγε·
1308 4477 1417 4530 Kal
1457 4477 1615 4530 τοῦτο
1652 4478 1852 4544 πόσου;

275 4564 389 4616 Kal
421 4562 575 4631 ἔλεγε
597 4581 610 4593 ·
646 4564 833 4618 Τόσου.
875 4565 986 4619 Kal
1009 4565 1194 4635 ἔλεγεν
1219 4564 1399 4636 αὐτῷ’
1442 4567 1733 4638 ’Λγόρασόν
1767 4586 1854 4638 μοι

279 4655 424 4709 τόδε.
443 4656 554 4708 Kal
565 4655 819 4726 ἠγόραζε.
840 4639 990 4709 Mardi
1002 4652 1094 4710 οὖν
1108 4657 1170 4709 τὸ
1194 4656 1445 4727 πωλῆσαι
1466 4656 1563 4709 ὅλα
1579 4657 1647 4710 τὰ
1665 4658 1853 4728 σκεύη,

288 4746 384 4800 καὶ
432 4744 607 4799 θέλειν
658 4745 929 4809 ἀπελθεῖν,
981 4744 1126 4814 )ἐγει
1184 4745 1334 4817 αὑτῷ
1374 4749 1403 4800 6
1441 4746 1848 4816 λελωϐημένος’

299 4837 590 4903 Ὑπάγεις;
619 4836 777 4906 Λέγει
797 4834 945 4906 αὐτῷ
967 4853 978 4865 ·
1002 4836 1128 4889 Ναί.
1156 4837 1263 4889 Kal
1293 4837 1466 4906 λέγει·
1500 4836 1731 4907 Ποίησον
1753 4836 1857 4890 πά-

1961 4475 2087 4532 hoc.
2108 4475 2254 4531 Emit
2274 4478 2464 4535 abbas.
2485 4478 2621 4533 Cum
2652 4494 2781 4551 ergo
2820 4479 3155 4534 vendidisset
3173 4480 3355 4535 omnia
3379 4495 3533 4548 vasa,

1958 4569 2228 4640 velletque
2283 4570 2455 4636 abire,
2490 4571 2628 4627 dixit
2656 4571 2705 4626 ei
2762 4571 3013 4642 leprosus
3044 4589 3057 4626 :
3094 4567 3327 4626 Recedis
3345 4570 3388 4637 ?_
3429 4570 3536 4626 Re-

1961 4660 2183 4732 spondit
2211 4679 2225 4717 :
2251 4660 2448 4718 Etiam.
2478 4664 2614 4718 Tum
2649 4663 2784 4720 ille:
2819 4663 3012 4718 Adhuc
3058 4676 3197 4732 opus
3248 4660 3531 4718 charitatis

1960 4766 2175 4817 exerce,
2205 4750 2350 4808 refer
2380 4768 2466 4807 me
2516 4768 2627 4823 quo
2678 4753 2797 4807 loco
2846 4750 3123 4806 invenisti.
3176 4748 3528 4820 Portavitque

1954 4857 2099 4907 eum,
2134 4849 2189 4897 et
2220 4842 2287 4897 ad
2321 4858 2480 4898 suum
2513 4844 2691 4897 locum
2752 4841 3016 4898 restituit.
3052 4840 3208 4896 Tunc
3241 4840 3378 4896 dixit
3422 4841 3473 4895 ei
3512 4861 3525 4896 :

279 4930 366 4984 λιν
397 4928 634 5000 ἀγάπην,
675 4930 767 4982 καὶ
802 4926 1083 5000 ἆρονὸπου
1119 4945 1187 4998 με
1231 4920 1407 5000 εὗρες.
1437 4930 1547 4982 Kal
1583 4927 1849 4998 βαστάσας

1955 4933 2279 4993 Benedictus
2311 4952 2372 4993 es
2396 4935 2607 5005 Agatho
2637 4951 2669 4991 a
2701 4933 3005 4990 Dominoin
3035 4934 3174 4988 cmlo
3205 4942 3261 4989 et
3286 4933 3341 4988 in
3361 4939 3528 4987 terra.

276 5021 465 5084 αὐτὸν,
496 5021 722 5094 ἢνεγκεν
759 5025 838 5084 εἰς
859 5022 950 5075 τὸν
974 5022 1137 5076 τόπον
1158 5022 1348 5076 αὐτοῦ.
1372 5021 1481 5074 Kal
1505 5020 1651 5088 λέγει
1682 5018 1851 5090 αὐτῷ·

1958 5025 2282 5097 Levatisque
2339 5028 2517 5082 oculis
2550 5026 2722 5081 abbas
2778 5024 3053 5081 neminem
3087 5023 3325 5094 amplius
3374 5020 3528 5077 vidit.

280 5113 659 5184 Εὐλογημένος
684 5109 1040 5182 εἷ,’Λγάθων,
1071 5115 1175 5167 ὑπὸ
1202 5114 1407 5186 Κυρίου
1434 5114 1493 5167 ἐν
1521 5111 1736 5183 οὐρανῷ
1761 5113 1849 5165 καὶ

1960 5117 2091 5171 Erat
2113 5119 2259 5173 enim
2309 5120 2535 5191 angelus
2564 5116 2780 5173 Domini
2810 5117 2904 5188 qui
2932 5122 3160 5174 venerat
3188 5125 3245 5170 ut
3276 5112 3535 5186 probaret.

275 5205 376 5257 ἐπὶ
408 5205 532 5274 γῆς.
586 5205 696 5257 Kal
740 5204 878 5276 ἄρας
926 5207 1052 5270 τοὺς
1100 5205 1409 5276 ὀφθαλμοὺς
1450 5203 1614 5258 αὑτοῦ
1666 5203 1857 5258 οὐδένα
1961 5224 2101 5263 eum.

281 5293 454 5351 εἶδεν·
488 5292 556 5368 ἦν
594 5297 701 5368 γάρ
729 5296 957 5366 ἄγγελος
993 5297 1201 5369 Κυρίου
1231 5296 1398 5351 ἐλθὼν
1434 5295 1726 5368 δοκιμάσαι
1763 5296 1857 5350 ab-

275 5412 308 5444 τ
321 5392 392 5444 εν.

357 5551 405 5582 ε’
432 5546 517 5601 Al.
542 5544 709 5603 inser.
744 5544 963 5608 εὐθέως.

365 5700 479 5769 (34)
530 5697 630 5752 Vit.
664 5699 819 5754 Patr.
858 5718 930 5767 xl,
960 5701 1013 5757 2.

1044 5544 1085 5576 "
1118 5544 1200 5598 Al.
1232 5543 1396 5601 inscr.
1440 5541 1792 5616 ἐρριμμένον.

1960 5539 2046 5593 Al.
2090 5538 2431 5600 πλακοῦντας
2467 5545 2519 5589 et
2575 5536 2904 5591 πλακοῦντα.

2039 5692 2147 5765 (55)
2180 5691 2401 5753 [ὶονοιιι.
2440 5690 2613 5745 υιςειν.
2645 5708 2702 5759 tt,
2739 5692 2793 5747 ὃ.
