4042 6208
536 295 634 356 "9

1004 411 1083 470 De
1111 411 1299 468 abbate
1339 412 1622 467 Ammona.

593 529 646 582 1.
681 526 795 600 (56)
832 525 1024 584 Frater
1066 529 1424 598 interrogavit
1458 529 1709 585 abbatem
1743 532 2090 593 Ammonam,

522 619 759 676 dicens:
815 618 1002 674 Profer
1033 619 1166 672 mihi
1202 619 1451 675 verbum.
1502 619 1590 674 Ait
1646 635 1810 674 senex
1847 633 1861 672 :
1927 614 2090 682 Vade,

522 711 686 765 talem
718 710 856 765 habe
893 711 1299 780 cogitationem,
1331 712 1549 782 qualem
1567 713 1645 766 rei
1668 711 1760 782 qui
1794 711 1849 764 in
1873 724 2094 767 carcere

522 809 828 856 versantur.
854 800 934 855 llli
959 817 1196 873 namque
1219 819 1434 871 semper
1458 803 1797 872 interrogant
1831 799 2094 856 acceden-

521 898 604 946 tes
625 893 794 954 viros,
828 893 1048 946 ubinam
1077 893 1236 963 degat
1257 909 1476 963 praeses,
1501 905 1554 947 et
1582 893 1800 964 quando
1829 905 2092 947 venturus

521 978 625 1044 sit;
651 987 810 1048 atque
825 995 891 1033 ex
917 983 1322 1050 exspectatione
1354 985 1588 1052 plorant.
1622 982 1744 1037 Pari
1778 983 1938 1038 modo
1969 997 2091 1035 mo-

521 1069 729 1123 nachus
767 1070 926 1125 debet
954 1087 1168 1142 semper
1214 1073 1514 1136 attendere,
1562 1088 1626 1126 ac
1663 1073 1898 1126 animam
1935 1087 2090 1126 suam

519 1160 830 1230 objurgare,
866 1162 1096 1216 dicendo
1131 1181 1144 1217 :
1184 1161 1277 1216 Vae
1335 1164 1507 1218 mihi!
1567 1162 1848 1228 Quomodo
1900 1171 2092 1233 potero

520 1260 700 1305 astare
728 1252 796 1305 ad
827 1253 1066 1307 tribunal
1107 1254 1356 1308 Christi?
1389 1254 1591 1324 quidve
1642 1253 1852 1308 habebo
1901 1252 2091 1308 defen-

519 1341 691 1395 sionis
725 1357 910 1396 coram
934 1344 1067 1398 illo?
1097 1343 1152 1398 Si
1187 1346 1259 1399 ita
1295 1345 1519 1401 assidue
1563 1345 1858 1401 meditatus
1886 1344 2088 1412 fueris,

520 1435 724 1502 poteris
745 1437 1005 1505 consequi
1036 1438 1290 1492 salutem.

593 1523 648 1578 2.
682 1525 792 1595 (57)
822 1525 1193 1582 Memorabant
1215 1530 1281 1584 de
1303 1531 1498 1585 abbate
1523 1529 1811 1596 Ammona,
1831 1527 1977 1598 quod
1999 1529 2092 1583 ba-

519 1614 764 1671 siliscum
794 1618 1076 1673 occiderit.
1122 1619 1258 1675 Nam
1289 1622 1566 1692 profectus
1621 1623 1676 1674 in
1714 1620 1992 1676 desertum
2021 1621 2089 1675 ad

515 1703 874 1760 hauriendam
907 1723 1101 1778 aquam
1128 1726 1158 1765 e
1180 1711 1321 1776 lacu,
1351 1728 1474 1766 cum
1500 1711 1724 1767 vidisset
1746 1712 2086 1776 basiliscum,

521 1811 640 1854 sese
673 1798 725 1852 in
761 1798 955 1854 laciem
1009 1804 1322 1872 prostravit,
1374 1819 1439 1857 ac
1467 1804 1644 1858 dixit:
1684 1803 1934 1866 Domine,
1994 1815 2088 1860 aut

515 1902 616 1958 ego
650 1892 872 1956 moriar,
930 1902 1023 1949 aut
1058 1894 1182 1951 iste.
1220 1896 1524 1970 Statimque
1559 1897 1854 1953 basiliscus
1890 1899 2088 1954 virtute

516 1977 718 2035 Christi
743 1984 977 2052 crepuit.

583 2065 637 2123 3.
674 2071 784 2141 (38)
818 2074 960 2127 Dixit
984 2073 1156 2130 abbas
1181 2077 1510 2133 Ammonas:
1537 2078 1643 2134 Per
1670 2081 2084 2152 quatuordecim

514 2173 690 2214 annos
715 2161 770 2214 in
803 2160 948 2216 Sccti
979 2173 1351 2220 commoratus
1381 2167 1530 2221 oravi
1560 2166 1726 2222 Deum
1765 2167 1854 2222 die
1894 2183 1958 2223 ac
1987 2183 2088 2223 no-

513 2257 618 2321 cte,
657 2251 875 2304 ut'mibi
907 2253 1014 2306 vim
1045 2255 1337 2324 largiretur
1366 2256 1619 2311 vincendi
1645 2261 1802 2311 iram.

580 2343 636 2397 4.
671 2343 783 2412 (59)
815 2342 1069 2398 Narravit
1107 2346 1328 2415 quidam
1360 2349 1604 2410 Patrum,
1647 2349 1792 2418 quod
1816 2350 1884 2403 ad
1914 2349 2084 2404 Cellia

511 2439 630 2488 erat
688 2435 885 2503 aliquis
937 2450 1105 2488 senex
1139 2435 1467 2502 laboriosus,
1501 2438 1682 2492 ferens
1735 2448 1980 2495 multam.
2033 2440 2084 2495 ls

513 2524 702 2578 abiens
745 2525 894 2578 venit
928 2525 994 2578 ad
1043 2527 1294 2580 abbatem
1330 2527 1674 2584 Ammonam.
1709 2532 1812 2597 Qui
1850 2549 2083 2590 cernens

512 2631 636 2669 eum
669 2625 837 2670 matta
871 2619 1148 2683 vestitum,
1189 2621 1360 2674 dixit:
1393 2621 1516 2677 Ilaec
1541 2622 1640 2678 tibi
1675 2625 1805 2678 nihil
1839 2625 2080 2694 prodest.

515 2707 871 2778 Interrogavit
905 2720 1086 2765 autem
1126 2727 1316 2775 senex,
1355 2713 1586 2768 dicens:
1621 2713 1755 2770 Tres
1797 2716 2084 2785 cogitatio-

405 2857 407 2860 ,
435 2851 448 2873 Ι
513 2812 609 2851 nes
637 2798 767 2851 mihi
795 2798 1003 2853 faciunt
1033 2803 1360 2867 molestiam,
1404 2804 1484 2858 vel
1515 2820 1610 2873 per
1636 2806 1960 2860 solitudines
1991 2822 2084 2858 va-

511 2891 649 2958 gari,
681 2891 765 2944 vel
792 2891 855 2944 ad
885 2894 1227 2962 peregrinum
1262 2894 1441 2948 locum
1470 2897 1640 2960 abire,
1673 2897 1764 2951 ubi
1799 2913 1958 2951 nemo
1989 2914 2082 2951 co-

513 2991 735 3049 guoscat
767 2996 885 3047 me;
911 2983 995 3037 vel
1019 2983 1253 3052 denique
1285 2992 1342 3038 ut
1377 2987 1428 3040 in
1451 2987 1641 3040 cellam
1668 3004 1752 3040 me
1783 2988 2079 3052 includam,

1697 293 2039 350 APPENDIX
2081 292 2174 348 AD
2210 292 2552 350 PALLADIU
2562 293 2631 348 Μ’.

2123 416 2171 473 A

3694 282 3794 338 τεο

2603 410 2742 480 Περὶ
2770 405 2877 465 τοῦ
2898 407 3050 466 ὰϐϐᾶ
3075 407 3362 481 Ἀμμωνᾶο

2265 532 2336 579 α’.
2367 526 2620 598 Ἀδελφδς
2648 524 2902 596 ἠρώτησε
2931 523 3021 577 τὸν
3042 522 3218 576 ἀϐὄᾶν
3246 521 3563 593 Ἀμμωνᾶν,
3585 519 3782 592 λέγων

2197 615 2332 670 Εἰπέ
2374 633 2462 686 μοι
2498 615 2668 687 ῥῆμα.
2697 616 2806 668 Kal.
2825 615 2970 683 λέγει
2993 616 3021 668 6
3042 615 3221 684 γέρων
3242 629 3254 642 ο
3286 614 3525 681 Ὕπαγε,
3556 614 3788 686 ποίησαι

2193 707 2284 760 τὸν
2316 707 2572 777 λογισμόν
2631 725 2722 761 σου
2747 749 2761 772 ,
2805 708 2998 779 ὥσπερ
3055 709 3098 761 οἱ
3131 705 3426 775 κακοῦργοι
3452 705 3693 760 ποιοῦσιν
3727 707 3782 763 οι

2193 794 2344 858 ὄντες
2374 796 2432 847 ἐν
2455 797 2518 866 τῇ
2549 795 2780 867 φυλακῇ.
2811 797 3052 848 Ἐκεῖνοι
3083 795 3191 866 γὰρ
3222 794 3502 866 ἐρωτῶσιν
3533 795 3621 846 ἀεὶ
3652 796 3781 859 τοὺς

2193 886 2529 958 ἀνθρώπους,
2563 886 2665 939 ποῦ
2705 887 2850 938 ἔστιν
2874 889 2902 939 6
2939 883 3163 957 ἡγεμὼν
3210 886 3303 936 καὶ
3355 885 3484 936 πότε
3523 885 3778 954 ἔρχεται,

2193 979 2288 1031 καὶ
2317 980 2424 1032 ἀπὸ
2455 979 2559 1048 τῆς
2589 978 2917 1049 προσδοκίας
2949 977 3247 1030 κλαίουσιν.
3283 974 3470 1036 Οὕτως
3499 976 3593 1026 καῖ
3621 977 3649 1028 6
3681 991 3781 1044 μοο

2191 1071 2354 1141 ναχὺς
2387 1071 2589 1140 ὀφείλει
2614 1070 2901 1130 διαπαντὸς
2935 1068 3241 1140 προσέχειν,
3273 1068 3366 1119 καὶ
3399 1065 3642 1137 ἐλέγχειν
3679 1067 3780 1134 τὴν

2192 1163 2382 1216 ἑαυτοῦ
2405 1164 2603 1233 ψυχὴν,
2632 1163 2835 1230 λέγων·
2867 1161 3003 1214 Οὐαί
3034 1179 3124 1231 μοι
3150 1162 3163 1212 l
3208 1158 3332 1220 Πῶς
3359 1158 3466 1228 ἔχω
3491 1158 3778 1229 παραστῆ-

2191 1271 2276 1307 ναι
2306 1253 2382 1324 τῷ
2404 1255 2605 1325 βήματι
2639 1253 2734 1306 τοῦ
2759 1252 2992 1322 Χριστοῦ
3016 1269 3030 1318 ;
3058 1252 3151 1304 καὶ
3178 1249 3296 1311 πῶς
3327 1249 3434 1319 ἔχω
3467 1249 3613 1318 αὐτῷ
3637 1251 3778 1301 ἀπο-

2189 1344 2550 1416 λογήσασθαι;
2594 1346 2720 1398 Ἐὰν
2751 1343 2923 1407 οὕτως
2953 1342 3254 1414 μελετήσῃς
3283 1339 3594 1404 διαπαντὸς,
3617 1339 3775 1392 δῦνα-

2194 1453 2282 1489 σαι
2316 1437 2574 1504 σωθῆναι.

2264 1527 2328 1597 β’.
2365 1527 2589 1595 Ἔλεγον
2616 1526 2742 1597 περὶ
2767 1525 2860 1578 τοῦ
2887 1525 3031 1578 assa
3071 1523 3359 1593 Ἄμμωνα,
3395 1521 3477 1573 ὅτι
3505 1519 3598 1572 καὶ
3630 1519 3787 1589 βασι-

2189 1618 2374 1672 λίσκον
2401 1618 2738 1671 ἀπέκτεινεν.
2791 1615 3065 1668 Ἀπελθὼν
3087 1615 3201 1684 γὰρ
3225 1617 3304 1676 είς
3327 1613 3423 1682 τὴν
3450 1612 3654 1682 ἔρημον
3685 1611 3778 1663 ἀν-

2191 1709 2384 1778 τλῆσαι
2417 1707 2560 1776 ὓδωρ
2593 1707 2699 1759 ἀπὸ
2729 1706 2952 1770 λάκκου,
3005 1705 3098 1757 καὶ
3149 1702 3270 1756 ἰδὼν
3297 1702 3387 1754 τὸν
3444 1701 3772 1770 βασιλίσκοη

2193 1801 2381 1854 ἕόαλεν
2411 1800 2573 1853 αὑτὸν
2600 1799 2691 1850 ἐπὶ
2725 1799 3014 1869 πρόσωπον
3035 1837 3049 1861 ,
3084 1796 3256 1863 λέγων
3278 1809 3292 1822 ·
3341 1793 3514 1863 Κύριε
3532 1833 3547 1856 ,
3591 1794 3640 1846 εἰ
3665 1793 3776 1862 ἐγὼ

2188 1892 2294 1962 ἔχω
2324 1891 2635 1953 ἀποθανεῖν,
2675 1890 2707 1960 ἢ
2740 1883 2914 1948 οὗτος,
2945 1888 3054 1940 Kal.
3084 1886 3284 1948 εὐθέως
3308 1885 3336 1936 6
3363 1883 3671 1955 βασιλίσκος
3709 1887 3770 1938 ἐν

2185 1981 2252 2049 τῇ
2285 1979 2509 2048 δυνάμει
2533 1977 2624 2030 τοῦ
2649 1976 2884 2046 Χριστοῦ
2910 1976 3192 2049 elapsam.

2257 2077 2323 2139 γ’.
2357 2067 2524 2123 Εἶπεν
2549 2072 2576 2122 ὁ
2605 2069 2778 2132 eaea;
2803 2070 3117 2139 Ἀμμωνᾶς,
3147 2068 3229 2119 ὃτι
3257 2065 3638 2136 Δεκατέσσαρα
3662 2063 3761 2134 ἔτη

2187 2163 2417 2232 ἐποίησα
2441 2165 2496 2214 ὲν
2522 2161 2987 2232 Σκήτειδεόμενος
3014 2159 3106 2212 τοῦ
3131 2159 3265 2212 Θεοῦ
3298 2159 3492 2222 νυκτὸς
3520 2159 3612 2212 καὶ
3635 2158 3772 2229 ἡμέσ

2189 2271 2306 2324 ρας,
2344 2253 2430 2306 ἵνα
2467 2270 2555 2324 μοι
2585 2253 2872 2324 χαρίσηται
2905 2254 3123 2323 νικῆσαι
3158 2252 3256 2323 τὴν
3293 2252 3482 2322 ὀργήν.

2253 2345 2314 2398 δ’.
2340 2344 2647 2415 Διηγήσατό
2674 2363 2756 2407 τις
2797 2344 2903 2396 τῶν
2926 2345 3207 2415 Πατέρων,
3256 2345 3336 2396 ὃτι
3376 2341 3442 2415 ἦν
3480 2361 3562 2406 τις
3587 2343 3772 2413 γέρων

2184 2436 2404 2498 πονικὸς
2429 2437 2505 2498 είς
2538 2435 2606 2488 τὰ
2628 2436 2826 2488 Κελλία
2853 2435 2985 2506 (40),
3018 2435 3200 2506 φορῶν
3222 2435 3433 2504 ψιάθιον
3455 2455 3467 2467 ·
3499 2435 3592 2487 καὶ
3609 2433 3770 2486 ἁπελο

2185 2526 2291 2580 θὼν
2321 2526 2596 2598 παρέϐαλε
2641 2526 2720 2596 τῷ
2765 2527 2910 2598 ἀϐϐᾷ
2956 2528 3238 2597 Ἀμμωνᾷ.
3275 2522 3392 2579 Εἶδε
3440 2526 3497 2578 δὲ
3532 2523 3693 2577 αὑτὸν
3739 2526 3768 2576 6

2183 2620 2362 2687 γέρων
2391 2616 2660 2687 φοροῦντα
2682 2618 2742 2669 τὸ
2771 2617 3006 2686 ψιάθιον,
3045 2618 3136 2670 καὶ
3181 2617 3326 2684 λέγει
3367 2615 3549 2684 αὐτῷ·
3594 2613 3769 2666 Τοῦτο

2183 2710 2334 2762 οὐδέν
2368 2727 2427 2761 σε
2461 2709 2680 2778 ὠφελεῖ.
2716 2710 2826 2762 Καὶ
2863 2708 3152 2783 ἠρώτησεν
3196 2709 3354 2762 αὑτὸν
3384 2709 3412 2759 6
3434 2708 3608 2776 γέρων
3632 2747 3646 2771 ,
3673 2705 3764 2758 λέ-

2183 2818 2296 2870 γων
2317 2817 2329 2830 ο
2368 2802 2528 2872 Τρεῖς
2559 2800 2808 2870 λογισμοὶ
2841 2801 3055 2869 ὀχλοῦσί
3093 2818 3182 2870 μοι
3205 2817 3217 2828 ο
3250 2801 3282 2870 ἢ
3308 2799 3369 2852 τὸ
3390 2797 3684 2860 πλάζεσθαι
3707 2799 3771 2848 ὲν

2182 2896 2300 2956 ταῖς
2325 2894 2551 2962 ἐρήμοις
2572 2892 2617 2922 ⁸⁸
2636 2891 2777 2961 (41),
2804 2891 2836 2961 ἢ
2867 2892 2952 2943 ἵνα
2981 2892 3201 2944 ἀπέλθω
3228 2893 3319 2942 ἐπὶ
3337 2891 3492 2959 ξένης
3510 2891 3640 2942 ὅπου
3671 2889 3762 2940 οὗ·

2183 2983 2294 3045 δεῖς
2329 3001 2394 3054 με
2424 2982 2798 3052 ἐπιγινώσκει,
2835 2981 2867 3051 ἦ
2898 2983 2983 3034 ἵνα
3013 2981 3276 3048 ὲγκλείσω
3305 2983 3496 3033 ἑαυτὸν
3527 2983 3605 3043 είς
3637 2978 3760 3032 κελο

511 3084 809 3124 occurrens
850 3072 1079 3133 nemini,
1130 3086 1193 3124 ac
1227 3081 1348 3142 post
1380 3073 1603 3127 biduum
1631 3073 1944 3127 comedens.
1993 3075 2083 3126 Ait

2189 3073 2316 3138 λίον,
2371 3075 2472 3127 καὶ»
2517 3074 2703 3144 μηδενὶ
2744 3073 3057 3142 ἀπαντήσω,
3096 3071 3182 3124 διὰ
3211 3071 3302 3123 δύο
3331 3072 3544 3123 ἐσθίων.
3602 3071 3764 3138 Λέγει

511 3161 590 3216 illi
620 3164 789 3217 abbas
836 3164 1174 3219 Ammonas:
1212 3165 1426 3229 Nullum
1451 3181 1481 3219 e
1517 3166 1692 3218 tribus
1751 3166 1970 3235 expedit
2025 3176 2082 3219 ut

511 3249 718 3316 facias;
757 3251 852 3305 sed
884 3254 1064 3322 potius
1100 3255 1228 3309 sede
1260 3257 1313 3308 in
1347 3257 1482 3310 cella
1513 3265 1637 3321 tua,
1681 3269 1733 3312 et
1767 3273 1957 3327 parum
1987 3274 2082 3312 co-

512 3341 665 3394 mede
684 3340 918 3410 singulis
941 3343 1133 3397 diebus
1155 3361 1168 3396 :
1191 3354 1353 3413 atque
1372 3346 1571 3399 habeto
1598 3363 1814 3416 semper
1840 3348 1893 3400 in
1916 3348 2082 3403 corde

513 3441 607 3483 tuo
633 3430 910 3501 publicani
946 3447 1256 3488 sermonem
1283 3435 1349 3499 ⁸³,
1373 3437 1684 3509 poterisque
1722 3437 1906 3492 salvus
1937 3437 2077 3492 tieri.

580 3607 634 3661 5.
673 3606 955 3664 Fratribus
993 3612 1192 3666 accidit
1246 3613 1466 3668 amictio
1499 3613 1551 3666 in
1595 3614 1714 3670 loco
1767 3630 1983 3682 eorum;
2016 3631 2081 3670 ac

512 3700 758 3755 volentes
793 3700 971 3756 locu-m
992 3705 1302 3774 relinquere
1325 3705 1550 3775 profecti
1574 3715 1701 3760 sunt
1729 3706 1794 3760 ad
1827 3707 2079 3762 abbatem

509 3797 852 3851 Ammonem.
876 3796 1014 3854 Ecce
1045 3809 1224 3853 autem
1259 3816 1424 3855 senex
1456 3800 1673 3869 navigio
1689 3801 2076 3855 dcvehebatur.

511 3889 614 3956 Qui
637 3889 827 3945 videns
851 3891 974 3947 illos
999 3893 1064 3946 ad
1095 3877 1336 3946 ﬂuminis
1356 3893 1506 3948 littus
1535 3894 1637 3946 iter
1669 3903 1912 3963 agentes,
1942 3894 2080 3947 dixit

511 3982 696 4036 nautis
733 4001 746 4035 :
789 3982 871 4037 Me
898 3982 965 4036 ad
998 3991 1200 4038 terram
1239 3983 1522 4039 demittite.
1560 3984 1625 4038 Et
1653 3985 1860 4038 vocatis
1895 3983 2082 4038 fratri-

513 4073 637 4138 bus,
670 4074 808 4127 dixit
848 4075 928 4130 eis
965 4094 977 4130 :
1012 4073 1122 4145 Ego
1155 4092 1276 4131 sum
1309 4078 1630 4141 Ammon-as,
1681 4092 1842 4145 quem
1881 4092 2080 4130 conve-

511 4166 630 4219 nire
655 4167 874 4234 cupitis.
896 4165 1225 4237 Solatusque
1259 4168 1500 4237 ipsorum
1526 4167 1711 4230 corda,
1744 4167 1954 4221 remisit
1984 4182 2078 4220 eos

512 4254 655 4306 unde
687 4267 966 4309 venerant.
1019 4255 1139 4309 Non
1166 4258 1311 4310 enim
1341 4257 1488 4327 quod
1521 4258 1822 4328 contigerat
1847 4258 2078 4313 nocebat

511 4342 728 4406 animae,
767 4343 860 4397 sed
893 4343 1133 4398 humana
1166 4354 1285 4400 erat
1315 4348 1548 4402 vexatio.

2183 3165 2331 3236 αὑτῷ
2357 3167 2384 3216 ὁ
2409 3165 2581 3227 ἀϐὄᾶς
2617 3165 2940 3234 Ἀμμωνᾶςο
2971 3163 3136 3214 Οὐδὲν
3175 3165 3238 3214 ὲκ
3273 3162 3380 3214 τῶν
3418 3162 3586 3231 τριῶν
3627 3179 3764 3232 συμ-

2181 3257 2333 3327 φέρει
2363 3273 2443 3309 σοι
2467 3257 2690 3327 ποιῆσαι
2714 3273 2726 3284 ·
2757 3255 2890 3307 ἀλλὰ
2925 3253 3123 3325 μᾶλλον
3151 3253 3317 3306 κάθου
3347 3255 3427 3315 είς
3463 3253 3523 3306 τὸ
3550 3253 3764 3306 κελλίον

2182 3364 2299 3411 σου,
2331 3349 2426 3400 καὶ
2461 3347 2605 3400 ἔσθιε
2638 3347 2832 3418 μικρὸν
2863 3347 2985 3398 καθ’
3012 3347 3227 3417 ἡμέραν
3249 3363 3262 3377 ·
3293 3347 3384 3398 καὶ
3414 3345 3504 3415 ἔχε
3537 3345 3764 3398 διαπαν-

2178 3438 2270 3500 τὸς
2298 3438 2388 3490 τὸν
2414 3438 2571 3506 λόγον
2594 3439 2688 3490 τοῦ
2713 3436 2943 3490 τελώνου
2977 3438 3034 3491 ὲν
3061 3441 3126 3510 τῇ
3157 3438 3354 3509 καρδίᾳ.
3385 3453 3477 3490 σου
3501 3454 3514 3468 ’
3557 3437 3651 3489 καὶ
3671 3435 3764 3489 δύ-

2180 3544 2340 3582 νασαι
2381 3527 2644 3598 σωθῆναι.

2249 3627 2312 3674 ε’.
2357 3620 2628 3688 Ἀδελφοῖς
2656 3617 2853 3689 συνέϐη
2885 3618 3062 3688 θλῖψις
3079 3621 3137 3672 ὲν
3165 3618 3242 3689 τῷ
3274 3619 3424 3690 τόπῳ
3445 3617 3644 3682 αὐτῶν,
3664 3617 3764 3672 καὶ

2179 3711 2423 3774 θέλοντες
2451 3711 2766 3764 καταλιπεῖν
2798 3712 2979 3778 αὐτὸν,
3008 3710 3248 3781 ἀπῆλθον
3284 3711 3420 3781 πρὸς
3453 3711 3544 3764 τὸν
3587 3709 3760 3765 ἀὸδᾶν

2190 3805 2501 3874 Ἀμμωνᾶν.
2535 3804 2642 3856 Kal.
2665 3803 2774 3856 ἰδοὺ
2804 3805 2832 3857 6
2870 3804 3046 3872 γέρων
3070 3803 3355 3865 κατέπλεε,
3391 3803 3486 3855 καὶ
3516 3801 3636 3855 ἰδὼν
3660 3802 3759 3856 αὐ-

2175 3899 2301 3960 τοὺς
2329 3896 2478 3967 παρά
2505 3895 2603 3966 τὴν
2641 3896 2806 3966 ὄχθαν
2852 3895 3135 3958 ὁδεύοντας
3178 3895 3271 3948 τοῦ
3317 3894 3584 3964 ποταμοῦ,
3638 3889 3762 3947 εἶπε

2175 3992 2289 4052 τοῖς
2321 3988 2580 4050 ναῦταιςο
2610 3988 2810 4040 Βάλετέ
2845 4005 2913 4057 με
2956 3989 3035 4052 εἰς
3083 3987 3180 4057 τὴν
3219 3987 3342 4057 γῆν.
3374 3989 3481 4038 Καὶ
3524 3985 3762 4050 καλέσας

2177 4081 2300 4142 τοὺς
2329 4078 2587 4147 ἀδελφοὺς
2633 4073 2785 4130 εἶπεν
2827 4079 3044 4140 αὐτοῖς’
3094 4077 3234 4145 Ἐγώ
3284 4080 3398 4147 είμι
3442 4077 3758 4148 ’Λμμωνᾶς,

2180 4170 2315 4241 πρὸς
2351 4169 2410 4222 ὃν
2444 4169 2624 4222 θέλετε
2653 4168 2847 4224 ἐλθεῖν.
2875 4171 2985 4223 Kal.
3023 4167 3412 4240 παρακαλέσας
3451 4167 3629 4221 αὐτῶν
3659 4167 3762 4230 τὰς

2178 4261 2424 4331 καρδίας.
2450 4260 2704 4330 ἐποίησεν
2737 4261 2932 4323 αὐτοὺς
2966 4259 3304 4331 ὑποστρέψαι
3351 4259 3473 4312 ὅθεν
3513 4258 3758 4328 ἐξῆλθον.

2178 4347 2252 4399 Οὐ
2279 4347 2384 4417 γὰρ
2411 4343 2524 4416 εἶχε
2553 4347 2614 4399 τὸ
2647 4349 2880 4418 πρᾶγμα
2919 4347 3120 4420 ζημίαν
3164 4348 3369 4419 ψυχῆς,
3403 4347 3540 4402 ἀλλά
3577 4347 3762 4417 θλίψιν

2110 4443 2154 4496 D
2183 4437 2550 4508 ἀνθρωπίνην.

583 4517 635 4572 6.
666 4515 827 4573 Venit
853 4517 1146 4587 aliquando
1176 4518 1345 4574 abbas
1372 4520 1668 4577 Ammonas
1711 4531 1770 4576 ut
1799 4523 2079 4592 trajiceret

512 4608 734 4672 flumen,
778 4623 843 4660 ac
890 4618 1106 4676 reperto
1145 4608 1412 4662 instructo
1432 4622 1790 4679 promptoque
1821 4621 2075 4680 pontone,

512 4699 739 4755 assedit.
785 4700 925 4754 Ecce
952 4708 1130 4753 autem
1168 4701 1273 4754 alia
1313 4702 1489 4762 navis.
1514 4718 1578 4756 eo
1605 4703 1858 4768 deducta,
1897 4715 2078 4759 vecto-

514 4809 601 4846 res
651 4792 975 4861 trajiciebat.
1012 4791 1207 4845 Dicunt
1239 4792 1326 4845 ei:
1379 4791 1513 4846 Veni
1564 4794 1750 4858 etiam,
1806 4803 1861 4847 tu
1913 4795 2075 4859 abba,

514 4883 706 4952 trajice
739 4883 1040 4937 uobiscum.
1069 4883 1366 4952 Respondit
1397 4884 1487 4938 ille
1515 4903 1527 4938 :
1557 4883 1668 4938 Nisi
1707 4886 1761 4938 in
1797 4887 2074 4954 publicum

514 4985 806 5044 pontonem
843 4991 950 5029 non
982 4976 1238 5030 ascendo.
1273 4974 1514 5030 Habebat
1540 4985 1718 5031 autem
1754 4978 2075 5032 fasciculum

515 5069 851 5138 palmeorum
883 5070 1342 5134 ramusculorum,
1378 5078 1431 5122 et
1463 5067 1685 5122 sedebat
1738 5072 1966 5139 plectam
2003 5080 2082 5126 te-

586 5228 631 5259 "
662 5229 794 5283 Luc.
819 5245 972 5293 xvm,
998 5228 1085 5283 23.
1163 5227 1209 5259 ⁸⁸
1245 5227 1330 5282 Al.
1362 5226 1686 5291 πελάζεσθαι
1717 5228 1775 5281 ὲν
1800 5230 1864 5299 τῇ
1903 5229 2115 5300 ἐρήμῳ.

587 5359 698 5444 (56)
866 5362 1018 5416 Patr.
1057 5378 1138 5429 ut,
1161 5362 1230 5430 2;
1255 5360 1315 5418 L.
1343 5363 1568 5418 Climac.
1589 5378 1644 5432 p.
1665 5362 1790 5426 418,
1822 5364 2077 5419 Anastas.

516 5430 708 5507 quiest.
740 5430 863 5483 155.

588 5502 698 5570 l3?)
742 5499 848 5570 fit.
878 5500 1032 5570 Patr.
1063 5519 1143 5564 Ill,
1174 5502 1302 5560 ‘2”.

591 5568 695 5637 (58)
739 5568 841 5621 Vit.
878 5569 1028 5624 Patr.
1073 5587 1166 5634 vit,
1203 5573 1255 5625 5.

583 5643 696 5710 (59)
739 5639 843 5692 γει.
882 5638 1037 5694 Patr.
1078 5657 1132 5698 χ,
1166 5643 1269 5710 ιιιζ
1865 5687 1872 5694 ,

585 5702 696 5772 Ηοὶ
726 5713 825 5775 Εἰς
850 5711 922 5764 τὰ
951 5711 1195 5764 Κελλία.
1242 5702 1507 5778 Pelagius,
1541 5713 1592 5765 in
1625 5713 1780 5768 cella.
1805 5711 1952 5767 Cella
1982 5727 2080 5783 pro

2251 4533 2324 4590 ς’.
2358 4523 2524 4579 Ἧλθέ
2552 4545 2679 4580 ποτε
2701 4530 2728 4582 6
2765 4528 2937 4590 ἁὸϐᾶς
2971 4530 3262 4600 Ἀμμωνᾶς
3285 4531 3516 4600 περάσαι
3545 4530 3635 4584 τὸν
3663 4548 3762 4584 πο-

2177 4618 2368 4688 ταμὸν,
2397 4621 2491 4672 καὶ
2518 4612 2643 4691 εὗρε
2671 4621 2730 4672 τὸ
2763 4620 3055 4688 πορθμεῖον
3086 4621 3513 4692 φιλοκαλημὲνον
3553 4625 3597 4654 ⁸³
3617 4663 3631 4687 ,
3665 4625 3764 4677 καὶ

2178 4709 2561 4780 παρεκαθέσθη
2589 4709 2754 4780 αὐτῷ’
2781 4709 2874 4760 καὶ
2899 4708 3005 4761 ἰδοὺ
3030 4709 3153 4762 ἄλλο
3174 4711 3376 4777 σκάφος
3392 4713 3469 4774 εἰς
3486 4712 3576 4764 τὸν
3596 4716 3763 4767 τόπον

2177 4797 2330 4872 ἦλθε,
2348 4803 2440 4854 καὶ
2455 4803 2690 4872 ἐπέρασε
2717 4803 2841 4864 τοὺς
2862 4803 3018 4864 ὄντας
3036 4801 3372 4874 ἀνθρώπους.
3389 4803 3499 4857 Kal.
3514 4804 3764 4873 λέγουσιν

2183 4891 2331 4965 αὐτῷ
2351 4910 2363 4922 ·
2391 4892 2559 4964 Δεῦρο
2585 4894 2675 4946 καὶ
2704 4895 2765 4946 σὺ
2795 4893 2958 4955 ἀδεᾶ,
2991 4893 3225 4963 πέρασον
3255 4895 3370 4964 μεθ’
3399 4896 3572 4966 ἡμῶν.
3621 4897 3680 4951 Ὀ
3701 4897 3770 4952 δὲ.

2184 4983 2364 5050 λέγει’
2388 4985 2450 5036 Et
2470 4985 2543 5053 μὴ
2573 4986 2652 5046 είς
2669 4983 2729 5035 τὸ
2754 4983 3008 5053 δημόσιον
3032 4983 3322 5053 πορθμεῖον
3338 4985 3438 5038 οὐκ
3464 4987 3760 5043 ἀναϐαίνω.

2185 5069 2314 5143 Εἶχε
2346 5072 2403 5125 δὲ
2439 5073 2644 5145 δέσμην
2686 5073 2934 5142 θαλλίων,
2981 5075 3076 5128 καὶ
3116 5073 3352 5146 ἐκάθητο
3385 5077 3598 5132 πλέκων
3652 5097 3766 5133 cst.-

2190 5231 2236 5263 “
2259 5232 2344 5285 Al.
2371 5231 2890 5305 πεφιλοκαλημένον.

2183 5363 2374 5440 Callia.
2407 5365 2599 5440 Locus
2614 5373 2697 5422 est
2726 5367 2960 5424 celebris
2984 5369 3038 5424 in
3062 5367 3281 5440 Egypti
3305 5383 3510 5433 eremo,
3552 5384 3584 5424 ιι
3623 5375 3762 5426 mul-

2181 5435 2418 5558 titligline
2444 5438 2767 5492 cellularum
2797 5435 3184 5509 nuncupatus,
3203 5435 3396 5504 Cellia,
3427 5439 3610 5507 Cellae,
3635 5441 3760 5496 Cel-

2206 5519 2236 5555 ιι
2315 5546 2327 5556 .

2184 5507 2366 5651 ῗιῗῗῗί)
2403 5574 2474 5651 εὐ
2504 5576 2831 5651 πβὰζεσθαι
2878 5578 2948 5630 ἐν
3007 5577 3137 5642 ταῖς
3156 5577 3431 5651 spoliem.
3485 5579 3760 5651 lnterpres

2182 5641 2322 5776 icdelél
2349 5641 2371 5695 ἐ
2405 5641 2471 5698 Ut
2501 5648 2699 5702 alicubi
2730 5651 2781 5702 in
2808 5663 2979 5702 eremo
3019 5641 3292 5702 recedam:
3318 5641 3554 5720 Legebat
3628 5641 3790 5705 πελά.

2218 5729 2276 5765 εσ
2313 5730 2391 5768 αι.

2218 5729 2391 5768 εσυαι.
