4042 6208
305 292 406 350 lii
471 328 474 331 -

1419 294 2039 357 APOPHTHEGMATA
2077 298 2387 357 PATllL’M.

3471 272 3575 372 tea

305 407 430 479 ρὰν,
448 404 548 458 καὶ
577 402 739 457 πάλιν
754 401 897 455 λύων
911 402 1104 474 αὐτὴν,
1123 404 1229 468 ἕως
1269 399 1331 460 οὗ
1359 406 1550 476 γέγονε
1583 408 1643 462 τὸ
1664 411 1711 443 ⁸⁸
1762 428 1898 483 πορ..

2016 428 2155 480 rens,
2206 415 2519 484 iterumque
2549 413 2771 470 solvens
2802 430 2943 485 eam,
2982 419 3226 490 quandiu
3261 423 3317 478 in
3342 432 3579 493 pontone

312 497 526 567 θμεῖον.
576 495 690 548 Kal
723 494 900 558 οὕτως
947 495 1238 567 ἐπέρασεν.
1292 499 1524 553 Ἐὄαλον
1555 496 1649 555 οὖν
1674 503 1824 576 αὐτῷ
1847 508 1896 560 οί

305 586 524 656 ἀδελφοὶ
549 585 862 656 μετάνοιαν,
892 586 1141 656 λέγοντες
1160 605 1174 620 ·
1200 588 1265 641 Τί
1290 589 1451 644 τοῦτο
1478 591 1739 663 ἐποίησας
1755 611 1770 661 ;
1788 597 1900 650 Kal

310 678 455 746 λέγει
485 678 674 740 αὐτοῖς
702 678 731 729 6
750 675 930 747 γέρων
951 692 967 706 ⁸
1002 679 1119 731 Ἵνα
1142 679 1217 749 μὴ
1240 679 1476 735 πάντοτε
1496 684 1899 761 σπουδάζοντος

311 770 400 823 τοῦ
432 768 696 840 λογισμοῦ
730 768 1041 841 περιπατῶ.
1087 769 1250 824 Ἀλλά
1282 773 1376 826 καὶ
1410 770 1567 828 τοῦτο
1593 776 1901 848 ὑπόδειγμά

311 863 479 926 ἔστιν,
510 862 598 914 ἵνα
626 859 768 931 μετὰ
793 860 1179 926 καταστάσεως
1208 860 1518 935 βαδίζωμεν
1541 866 1642 937 τὴν
1661 866 1779 923 ὁδόν
1798 866 1898 939 τοῦ

313 952 468 1007 Θεοῦ.

383 1045 450 1108 ζ’.
491 1044 728 1116 Ἀπῆλθέ
770 1061 901 1097 ποτε
932 1044 960 1097 6
991 1042 1164 1108 ἀϐὄᾶς
1223 1046 1515 1117 Ἀμμωνᾶς
1565 1048 1901 1120 παραϐαλεῖν

311 1137 389 1209 τῷ
412 1137 561 1209 ἀὸϐᾷ
591 1136 882 1208 Ἀντωνίῳ,
907 1135 1003 1189 καὶ
1025 1135 1304 1208 ἐπλανήθη
1326 1138 1424 1210 τὴν
1467 1139 1613 1194 ὀδόν·
1644 1142 1739 1195 καὶ
1767 1142 1902 1195 καθ-

321 1231 442 1295 ίσας
479 1230 749 1303 ἐκοιμήθη
785 1231 1015 1303 μικρόν·
1067 1233 1161 1285 καὶ
1204 1233 1443 1298 ἀναστὰς
1472 1237 1536 1289 ἐκ
1563 1236 1658 1290 τοῦ
1707 1236 1898 1305 ὕπνου,

314 1322 512 1388 εὔξατο
537 1321 617 1394 τῷ
649 1322 789 1393 Θεῷ,
843 1322 1049 1392 λέγων*
1076 1323 1280 1395 Δέομαί
1313 1342 1406 1379 σου
1430 1366 1446 1391 ,
1479 1326 1652 1399 Κύριε
1697 1331 1727 1382 ό
1770 1329 1902 1394 Θεός

321 1431 446 1485 μου,
483 1415 559 1485 μὴ
585 1411 860 1486 ἀπολέσῃς
886 1414 948 1467 τὸ
988 1414 1216 1485 πλάσμα
1253 1432 1369 1469 σου.
1407 1418 1518 1470 Kal
1556 1417 1713 1489 ὤφθη
1754 1420 1903 1492 αὐτῷ

319 1507 399 1570 ὡς
430 1507 552 1577 χεὶρ
580 1504 864 1577 ἀνθρώπου
914 1507 1243 1578 κρεμαμένη
1282 1508 1348 1562 ὲκ
1371 1509 1466 1562 τοῦ
1495 1510 1748 1581 οὐρανοῦ,
1795 1512 1903 1565 δει-

323 1595 563 1653 κνύουσα
587 1597 732 1669 αὺτῷ
758 1596 858 1669 τὴν
893 1598 1035 1661 όδδν,
1064 1598 1170 1662 ἕως
1189 1593 1253 1654 οὗ
1295 1596 1429 1673 ἦλθε
1459 1603 1555 1655 καὶ
1596 1602 1727 1676 ἔστη
1763 1605 1905 1659 κατὰ

323 1687 417 1743 τοῦ
445 1688 709 1759 σπηλαίου
731 1687 826 1742 τοῦ
851 1688 998 1742 esse
1035 1689 1339 1745 Ἀντωνίου.

2000 506 2171 559 stetit.
2221 505 2403 577 Atque
2451 505 2527 560 ita
2580 506 2825 561 transiit.
2867 505 3043 578 Igitur
3092 509 3294 568 fratres
3348 528 3581 584 corpora

1999 594 2142 650 flexo
2180 597 2471 666 petierunt,
2510 612 2610 653 cur
2635 597 2688 652 id
2715 597 2956 655 fecisset.
2982 602 3072 655 Ait
3103 617 3268 657 senex
3300 602 3417 658 :Ne
3435 621 3578 660 sem~

1999 700 2097 755 per
2128 686 2339 741 intenta
2375 697 2555 742 mente
2584 689 2916 744 incederem.
2955 689 3062 745 Sed
3089 702 3142 746 et
3177 693 3308 748 illud
3330 697 3581 765 exemplo

2000 783 2106 842 est,
2142 775 2222 830 uti
2262 778 2566 847 composite
2591 777 2654 833 in
2675 779 2765 834 via
2794 779 2890 836 Dei
2925 782 3261 853 gradiamur.

2082 1056 2137 1111 7.
2176 1054 2459 1112 Profectus
2480 1057 2776 1128 aliquando
2802 1058 2973 1116 abbas
3011 1062 3306 1116 Ammonas
3335 1061 3402 1118 ad
3428 1063 3586 1120 abba-

2000 1154 2109 1205 tem
2138 1149 2462 1213 Antonium,
2487 1165 2517 1202 a
2547 1150 2636 1204 via
2685 1151 2999 1217 aberravit;
3025 1151 3330 1221 sedensque
3358 1152 3583 1209 dormiit

2001 1257 2296 1312 parumper
2327 1260 2341 1296 :
2378 1243 2503 1296 dein
2537 1257 2570 1297 θ
2620 1257 2813 1298 somno
2838 1244 3134 1310 excitatus,
3162 1245 3336 1298 oravit
3371 1244 3537 1301 Deum
3566 1289 3577 1299 .

2002 1333 2083 1390 sic
2109 1351 2122 1383 :
2155 1331 2398 1390 Obsecro
2430 1342 2504 1397 te,
2538 1332 2769 1389 Domine
2797 1334 2941 1390 Deus
2972 1351 3145 1399 meus,
3171 1351 3241 1391 ne
3274 1349 3565 1392 creaturan

2003 1432 2149 1479 tuam
2182 1425 2408 1495 patiaris
2434 1425 2634 1494 perire.
2659 1423 2814 1479 Tunc
2845 1425 3101 1496 apparuit
3124 1426 3174 1479 ei
3207 1427 3355 1481 velut
3389 1443 3571 1482 manu:

2003 1515 2242 1572 hominis
2258 1532 2289 1571 e
2312 1516 2454 1571 coelo
2472 1531 2762 1586 suspensa,
2789 1515 3091 1571 ostendens
3115 1516 3281 1583 viam,
3300 1533 3564 1589 quousqua

2002 1608 2345 1678 pervenisset
2382 1622 2447 1663 ac
2484 1608 2733 1664 stetisset
2770 1616 2899 1662 ante
2938 1607 3154 1663 abbatis
3194 1608 3419 1662 Antonii
3463 1624 3590 1679 spe-

2003 1698 2244 1754 luncam.

385 1786 457 1851 η¹.
491 1743 683 1851 Τούτῳ
709 1779 789 1851 τῷ
816 1779 961 1852 ἀϐὗᾷ
1009 1780 1276 1853 Ἀμμωνᾷ
1313 1743 1722 1855 προεφήτευσεν
1745 1787 1776 1839 ό
1802 1784 1904 1840 ἀσ-

2316 1788 2454 1845 Iluic
2483 1789 2671 1846 abbati
2694 1789 2977 1846 Ammona;
3001 1790 3255 1860 praedixit
3278 1790 3448 1847 abbas
3476 1788 3591 1847 An-

318 1871 420 1939 σᾶς
462 1872 779 1937 Ἀντώνιος,
810 1872 978 1942 λέγων
998 1914 1015 1940 ,
1062 1875 1148 1927 ὅτι
1180 1874 1367 1946 Ἔχεις
1398 1878 1669 1948 προκόψαι
1701 1880 1781 1943 είς
1817 1880 1907 1933 τὸν

318 1962 494 2035 φόϐον
521 1963 620 2016 τοῦ
648 1962 802 2017 Θεοῦ.
834 1964 941 2017 Καὶ
962 1963 1229 2036 ἐξήγαγεν
1249 1966 1410 2021 αὐτὸν
1426 1967 1532 2033 ἔξω
1557 1969 1653 2022 τοῦ
1670 1969 1905 2035 κελλίου,

319 2056 424 2110 καὶ
475 2054 677 2122 ἔδειξεν
706 2055 851 2125 αὐτῷ
903 2054 1051 2109 λίθον
1073 2095 1089 2120 ,
1117 2057 1212 2111 καὶ
1255 2053 1409 2111 εἶπεν
1431 2058 1614 2130 αὐτῷ·
1648 2060 1910 2133 ’Υόρισον

320 2146 420 2201 τὸν
473 2146 622 2201 λίθον
672 2147 856 2202 τοῦτον
893 2148 987 2202 καί
1021 2146 1189 2218 τύψον
1221 2148 1408 2204 αὐτόν.
1455 2148 1513 2203 '0
1566 2150 1623 2203 δὲ
1652 2151 1910 2222 ἐποίησεν

320 2235 520 2301 οὕτως.
558 2238 664 2291 Καὶ
696 2239 840 2307 λέγει
874 2238 1027 2309 αὐτῷ
1059 2241 1089 2292 6
1120 2238 1603 2304 ἀ66ᾶς’Δντώνιος
1622 2258 1638 2273 ο
1669 2242 1763 2314 Μὴ
1787 2242 1912 2298 ἐλά-

318 2328 487 2400 λησεν
511 2329 542 2382 6
573 2327 756 2394 λίθος;
794 2329 852 2383 ’0
881 2329 939 2383 δὲ
965 2323 1153 2383 εἶπεν
1196 2329 1348 2402 Οὐχί.
1385 2330 1496 2385 Kal
1526 2330 1673 2399 λέγει
1704 2331 1854 2403 αὑτῷ
1882 2334 1913 2387 6

320 2420 497 2485 ἀσὸἄς
546 2419 862 2485 ⁹Δντώνιος·
900 2419 1058 2474 Οὕτω
1103 2421 1197 2474 καὶ
1223 2423 1290 2477 σὺ
1333 2422 1657 2478 καταλαϐεῖν
1696 2424 1915 2494 μέλλεις

322 2512 477 2567 τοῦτο
502 2511 567 2566 τὺ
617 2511 838 2584 μέτρον.
896 2514 964 2566 Ὀ
1020 2513 1115 2566 καὶ
1147 2511 1388 2583 ἐγένετο,
1437 2513 1717 2586 Προέκοψε
1747 2514 1859 2586 γὰρ
1884 2517 1914 2569 6

325 2604 497 2665 ἀὸὀᾶς
538 2604 836 2675 ’Δμμωνᾶς
862 2603 1054 2669 οὕτως,
1096 2603 1172 2668 ὡς
1199 2603 1308 2657 ἀπὸ
1350 2603 1548 2676 πολλῆς
1578 2605 1916 2680 ἀγαθότητος

334 2695 527 2768 μηκέτι
559 2695 762 2749 εἰδέναι
788 2694 890 2767 τὴν
918 2695 1136 2764 κακίαν.
1180 2696 1272 2750 Ἐν
1297 2689 1379 2759 οἷς
1418 2695 1712 2766 γενομένου
1748 2698 1916 2753 αὐτοῦ

331 2789 652 2855 ἐπισκόπου,
680 2789 1064 2860 προσήνεγκαν
1093 2786 1243 2858 αὐτῷ
1259 2786 1530 2858 παρθένον
1558 2786 1833 2845 λαϐοῦσαν
1860 2793 1918 2846 ἐν

334 2882 554 2953 γαστρὶ,
582 2882 677 2935 καὶ
706 2880 957 2951 λέγουσιν
980 2880 1129 2952 αὑτῷ
1152 2898 1166 2910 ·
1200 2880 1262 2935 '0
1288 2880 1436 2935 δεῖνα
1465 2881 1695 2957 ἐποίησε
1720 2883 1879 2939 τοῦτο
1900 2899 1918 2916 ⁸

335 2975 429 3038 δὸς
454 2974 637 3037 αὐτοῖς
664 2972 970 3043 ἐπιτιμίαν.
996 2973 1054 3027 Ὀ
1085 2972 1143 3025 δὲ
1165 2975 1474 3049 σφραγίσας
1494 2976 1665 3046 αὐτῆς
1683 2976 1784 3046 τὴν
1808 2992 1923 3028 κοι-

338 3066 480 3129 λίαν,
514 3064 770 3119 ἐκέλευσε
798 3062 1015 3140 δοθῆναι
1052 3069 1188 3141 αὐτῇ
1218 3068 1278 3134 ἐξ
1305 3068 1475 3138 ζυγάς
1508 3067 1801 3129 σινδονίων,
1831 3064 1919 3118 λέ-

335 3169 485 3223 γων’
526 3153 754 3226 Μήποτε
809 3154 887 3218 ὡς
928 3156 1230 3228 ἀπέρχεται
1270 3158 1549 3229 γεννῆσαι,
1600 3154 1846 3227 ἀποθάνῃ
1883 3154 1918 3225 ἢ

337 3247 475 3319 αὐτὴ
502 3246 537 3318 ἢ
562 3247 623 3300 τὸ
648 3246 880 3310 παιδίον,
906 3248 1001 3300 καὶ
1024 3248 1099 3319 μὴ
1126 3247 1265 3323 εὕρῃ
1280 3248 1628 3320 κηδευθῆναι.
1660 3247 1927 3315 Λέγουσιν

341 3336 491 3407 αὑτῷ
516 3338 566 3389 οἱ
595 3338 717 3391 κατ’
746 3337 916 3407 αὐτῆς
951 3338 1266 3408 ἐντυχόντες
1284 3354 1298 3368 ·
1341 3339 1406 3392 Τί
1434 3338 1594 3392 τοῦτο
1629 3337 1926 3409 ἐποίησας;

340 3428 431 3493 δδς
460 3428 645 3492 αὐτοῖς
666 3427 963 3499 ἐπιτιμίαν.
1017 3427 1075 3481 '0
1107 3428 1164 3482 δὲ
1220 3427 1369 3497 λέγει
1420 3428 1603 3491 αὐτοῖς
1622 3443 1636 3456 ·
1664 3426 1924 3490 Βλέπετε,

344 3519 587 3589 ἀδελφοὶ,
621 3520 705 3573 ὅτι
733 3517 901 3589 ἐγγύς
919 3522 1035 3574 ἐστι
1061 3518 1154 3573 τοῦ
1186 3519 1418 3575 θανάτου
1436 3537 1453 3554 ’
1482 3519 1578 3573 καὶ
1599 3518 1653 3571 τί
1681 3517 1791 3588 ἔχω
1820 3516 1931 3586 ἐγὼ

350 3612 610 3682 not-iiut;
640 3612 749 3665 Kal
767 3611 1039 3665 ἀπέλυσεν
1063 3611 1240 3683 αὐτήν
1259 3630 1273 3646 ·
1305 3613 1402 3667 καὶ
1436 3612 1539 3666 οὐκ
1571 3611 1870 3683 ἐτόλμησεν
1902 3611 1932 3664 6

350 3703 529 3775 γέρων
553 3702 883 3776 κατακρῖναί
913 3720 1058 3757 τινα.

423 3794 490 3850 θ’.
527 3793 755 3864 Ἔλεγον
787 3794 917 3869 περὶ
948 3791 1115 3849 αὐτοῦ
1138 3832 1154 3860 ,
1190 3794 1273 3849 ὃτι
1302 3794 1446 3859 τινὲς
1479 3790 1646 3867 ἦλθον
1670 3794 1935 3866 δικασθῆ-

352 3902 442 3940 ναι
465 3887 599 3958 παρ’
638 3884 809 3956 αὐτῷ.
864 3886 923 3939 '0
953 3885 1011 3939 δὲ
1058 3885 1238 3957 γέρων
1285 3887 1634 3958 ἐμωροποίει.
1664 3887 1772 3942 Kal
1824 3887 1933 3942 ἰδοὺ

354 3979 487 4048 γυνή
522 3994 606 4040 τις
625 3975 757 4047 ἔστη
787 3975 1012 4046 πλησίον
1048 3974 1237 4042 αὐτοῦ,
1265 3977 1357 4029 καὶ
1387 3976 1572 4046 ἔλεγεν
1600 3978 1645 4009 ⁸⁷
1667 3994 1681 4009 ⁸
1709 3972 1876 4042 Οὗτος
1907 3979 1936 4032 6

355 4068 531 4140 γέρων
551 4066 713 4130 σαλός
739 4069 907 4120 ἐστιν.
946 4066 1217 4119 Ἤκουσεν
1249 4060 1340 4119 οὖν
1363 4066 1537 4136 αὐτῆς
1559 4068 1588 4120 6
1613 4066 1812 4138 γέρων,
1842 4067 1937 4121 καὶ

357 4162 613 4233 φωνήσας
656 4158 827 4230 αὐτὴν
874 4156 1058 4227 λέγει’
1107 4156 1316 4222 Πόσους
1367 4157 1569 4220 κόπους
1621 4158 1852 4229 ἐποίησα
1879 4159 1937 4212 ἐν

355 4255 474 4315 ταῖς
511 4252 760 4322 ἐρήμοις,
791 4250 879 4302 ἵνα
912 4248 1200 4320 κτήσωμαι
1225 4248 1324 4319 τὴν
1369 4247 1640 4316 σαλότητα
1689 4247 1893 4319 ταύτην
1918 4286 1935 4315 ,

358 4345 454 4399 καὶ
485 4344 573 4397 διὰ
606 4344 667 4396 σὲ
691 4341 801 4412 ἔχω
828 4340 1095 4394 ἀπολέσαι
1114 4339 1281 4410 αὐτὴν
1309 4338 1582 4410 σήμερονι

2011 1881 2213 1948 tonius,
2246 1881 2393 1951 quod
2446 1882 2502 1936 in
2557 1883 2754 1936 timore
2793 1881 2890 1936 Dei
2938 1897 3292 1952 progressum
3342 1882 3590 1938 facturus

2007 1983 2174 2028 esset.
2207 1973 2289 2027 Ac
2320 1972 2510 2028 eduxit
2546 1988 2672 2028 eum
2696 1989 2731 2029 e
2769 1975 2939 2039 cella,
2995 1985 3329 2044 ostensoque
3371 1974 3590 2046 lapide,

2007 2060 2149 2116 dixit
2177 2080 2191 2116 :
2222 2062 2484 2119 Convicia
2512 2065 2635 2134 jace
2655 2066 2711 2120 in
2745 2067 2894 2121 hunc
2919 2068 3183 2137 lapidem,
3212 2077 3267 2124 et
3296 2069 3451 2123 illum
3473 2083 3597 2123 ver-

2009 2153 2162 2209 bera.
2215 2154 2306 2209 ille
2338 2169 2467 2210 vero
2520 2156 2595 2211 ita
2630 2156 2780 2212 fecit.
2816 2158 2906 2212 Ait
2939 2159 3017 2212 illi
3057 2160 3227 2215 abbas
3267 2160 3540 2213 Antonius
3572 2177 3589 2216 :

2009 2243 2151 2300 Num
2182 2246 2399 2302 locutus
2445 2254 2531 2303 est
2579 2246 2757 2317 lapis?
2810 2246 3161 2318 Respondit:
3209 2247 3589 2320 Nequaquam.

2013 2336 2152 2391 Tum
2184 2338 2452 2392 Antonius
2481 2355 2496 2391 :
2531 2337 2611 2392 Ita
2642 2347 2700 2393 tu
2733 2338 2801 2393 ad
2847 2354 2968 2395 eam
3022 2353 3336 2397 men5uram
3370 2356 3596 2412 pervcn-

2011 2435 2173 2484 turus
2196 2445 2274 2485 es.
2295 2428 2448 2496 Quod
2475 2436 2529 2487 ot
2560 2432 2763 2487 evenit.
2788 2431 2938 2487 Adeo
2960 2432 3107 2486 enim
3151 2430 3383 2503 profecit
3427 2430 3598 2486 abbas

2012 2522 2337 2587 Ammonas,
2392 2532 2453 2578 ut
2483 2540 2595 2595 prae
2646 2525 2817 2579 multa
2866 2524 3144 2587 bonitate,
3206 2538 3317 2576 non
3358 2522 3601 2593 amplius

2015 2625 2205 2672 nosset
2242 2617 2525 2671 malitiam.
2576 2615 2763 2687 itaque
2793 2632 2919 2671 cum
2958 2615 3029 2670 ad
3073 2616 3446 2687 episcopatum
3471 2630 3599 2670 eve-

2016 2715 2141 2764 ctus
2172 2707 2388 2770 fuisset,
2430 2706 2746 2761 obtulerunt
2769 2708 2817 2762 ei
2854 2706 3088 2776 puellam
3120 2712 3510 2775 praegnantem,
3542 2710 3599 2758 et

2017 2797 2316 2853 dixerunt:
2364 2796 2459 2850 Ille
2492 2795 2596 2850 hoc
2631 2795 2898 2865 patravit;
2951 2793 3175 2864 injunge
3232 2794 3344 2849 illis
3385 2793 3598 2863 peccati

2018 2890 2104 2945 sui
2139 2902 2375 2959 poenam.
2404 2886 2786 2942 AtAmmonas
2815 2887 2974 2956 signo
3001 2886 3184 2940 crucis
3211 2900 3377 2956 super
3406 2885 3602 2955 puella

2019 2989 2235 3037 uterum
2267 2978 2433 3042 facto,
2486 2978 2654 3047 jussit
2702 2978 2754 3032 ei
2802 2977 2922 3031 dari
2976 2993 3070 3033 sex
3102 2975 3395 3031 sindonum
3422 2976 3600 3045 paria,
3708 3000 3709 3003 η

2023 3072 2211 3127 dicens
2246 3084 2261 3123 :
2301 3068 2377 3125 Ne
2404 3070 2532 3124 dum
2564 3068 2631 3123 ad
2662 3077 2876 3139 partum
2921 3068 3154 3134 venerit,
3186 3075 3281 3122 aut
3335 3068 3476 3136 ipsa,
3506 3078 3604 3121 aut

2027 3158 2211 3216 infans
2256 3159 2439 3223 obeat,
2490 3173 2591 3213 nec
2619 3164 2693 3213 sit
2721 3158 2867 3212 unde
2896 3155 3177 3226 sepultura
3208 3155 3318 3209 ﬁat.
3349 3155 3518 3209 Aiunt
3553 3157 3603 3208 ei

2027 3251 2122 3323 qui
2150 3249 2407 3305 feminam
2436 3250 2744 3305 accusaturi
2777 3249 3111 3303 advenerant
3142 3263 3157 3299 :
3187 3245 3371 3313 Quare
3401 3246 3503 3299 hoc
3522 3244 3601 3300 fe-

2029 3342 2192 3400 cisti?
2261 3341 2483 3412 Impune
2533 3341 2644 3396 illis
2683 3340 3019 3410 paenitentia:
3075 3339 3354 3393 mulctam.
3392 3336 3486 3391 Ille
3535 3335 3606 3390 ad

2028 3449 2163 3491 eos:
2191 3431 2418 3499 Videtis,
2460 3433 2681 3497 fratres,
2734 3446 2902 3502 prope
2938 3440 3167 3484 mortem
3199 3438 3314 3494 est;
3347 3427 3479 3499 quid
3508 3442 3610 3497 ego

2031 3540 2193 3597 agere
2238 3522 2445 3580 debeo?
2477 3522 2616 3578 Tum
2649 3522 2859 3577 dimisit
2882 3537 3002 3595 eam
3029 3536 3044 3588 ;
3078 3535 3180 3577 nec
3210 3534 3381 3576 ausus
3403 3528 3489 3574 est
3520 3533 3608 3574 se-

2030 3631 2136 3671 nex
2166 3628 2494 3686 quemquam
2527 3611 2914 3668 condemnare.

2102 3786 2158 3844 9.
2195 3785 2309 3858 (45)
2340 3783 2416 3840 De
2453 3785 2548 3841 illo
2602 3782 2936 3849 referebant,
2970 3783 3119 3854 quod
3156 3783 3493 3842 accesserint
3541 3781 3612 3838 ad

2033 3893 2160 3934 eum
2181 3877 2424 3947 quidam,
2447 3884 2508 3929 ut
2530 3874 2929 3945 judicarentur.
2965 3871 3141 3927 Senex
3174 3883 3355 3927 autem
3383 3871 3611 3925 stultum

2035 3971 2352 4027 simulabat.
2386 3967 2451 4022 Et
2476 3982 2604 4022 ecce
2632 3964 2884 4036 quaedam
2902 3964 3096 4019 mulier
3121 3978 3243 4034 qua:
3263 3977 3428 4032 prope
3457 3961 3611 4016 illum

2037 4062 2238 4126 stabat,
2273 4060 2413 4115 dixit
2447 4074 2460 4112 :
2486 4058 2597 4113 lste
2627 4072 2794 4112 senex
2820 4071 2852 4111 e
2886 4054 3054 4109 fatuis
3096 4062 3202 4109 est.
3232 4052 3454 4106 Audivit
3482 4065 3616 4120 ergo

2036 4152 2321 4207 mulierem
2350 4164 2538 4211 senex,
2570 4154 2871 4216 vocataque
2890 4158 2954 4198 ea
2980 4144 3117 4198 dixit
3151 4158 3165 4194 :
3195 4142 3441 4208 Quantos
3464 4141 3619 4195 labo-

2037 4259 2127 4300 res
2154 4243 2209 4297 in
2238 4240 2632 4297 solitudinibus
2663 4238 2788 4302 tuli,
2820 4244 2880 4291 ut
2907 4237 3050 4289 hanc
3085 4233 3390 4288 fatuitatem
3421 4230 3613 4302 acqui-

2038 4345 2252 4398 rerem;
2283 4331 2445 4386 hodie
2473 4344 2603 4386 vero
2628 4339 2851 4400 propter
2881 4336 2934 4382 te
2952 4325 3267 4397 perditurus
3295 4338 3420 4380 sum
3447 4323 3625 4379 illam!

433 4442 487 4491 ι’.
521 4431 695 4488 Ἦλθέ
724 4411 857 4487 ποτε
880 4434 910 4486 6
939 4431 1113 4495 ἀὸὅᾶς
1169 4430 1461 4501 Ἀμμωνᾶς
1497 4430 1577 4493 εἰς
1605 4427 1779 4495 ,τόπον
1816 4426 1912 4496 γεύ

2016 4478 2017 4481 η
2115 4423 2205 4479 1θ.
2257 4422 2371 4496 (44)
2424 4421 2587 4477 Venit
2635 4419 2933 4491 aliquando
2978 4418 3152 4474 abbas
3207 4417 3506 4508 Ammonas
3554 4411 3628 4467 ad

363 4528 582 4594 σασθαι,
606 4527 700 4581 καὶ
718 4521 785 4598 ἦν
807 4527 925 4578 ἐκεῖ
937 4519 1016 4588 εἷς
1030 4523 1169 4594 ἔχων
1194 4525 1385 4594 φήμην
1399 4522 1576 4591 κακήν
1596 4535 1610 4550 ·
1629 4521 1722 4574 καὶ
1744 4519 1914 4573 συνέῶ

2038 4516 2341 4588 quemdam
2382 4516 2559 4569 locum
2592 4512 3048 4573 manducaturus,
3081 4509 3173 4564 ubi
3209 4506 3439 4578 degebat
3463 4505 3627 4560 homo

361 4621 538 4676 ἐλθεῖν
565 4620 666 4692 τὴν
693 4596 945 4687 γυναῖκα,
972 4616 1069 4671 καὶ
1098 4614 1357 4669 εἰσελθεῖν
1401 4616 1481 4676 είς
1516 4611 1575 4665 τὸ
1609 4610 1819 4666 κελλίον
1847 4613 1914 4663 τοί

2047 4608 2207 4663 mala:
2238 4606 2392 4660 fama:
2423 4621 2437 4658 :
2472 4606 2701 4675 contigit
2728 4613 2909 4659 autem
2935 4612 2993 4656 ut
3022 4600 3220 4655 mulier
3249 4596 3632 4668 ingrederetur

362 4709 595 4781 ἀδελφοῦ
621 4684 717 4763 τοὶέ
743 4708 957 4780 ἔχοντος
977 4705 1075 4778 τὴν
1107 4703 1282 4775 κακὴν
1308 4704 1516 4773 φήμην.
1546 4699 1822 4762 Μαθόντες
1847 4694 1914 4752 οὗ

2045 4702 2103 4756 in
2128 4699 2321 4754 cellam
2356 4697 2540 4752 fratris
2571 4697 2720 4752 illius
2749 4709 2915 4767 prava
2958 4692 3099 4746 fama
3128 4688 3451 4743 laborantis.
3499 4684 3619 4752 Quo

346 4806 413 4859 ὀἱ
442 4800 718 4864 οἰκοῦντες
748 4802 829 4865 είς
855 4799 946 4853 τὸν
967 4797 1130 4852 τόπον
1159 4797 1384 4856 ἐκεῖνον,
1414 4792 1812 4864 ἐταράχθησαν,
1846 4806 1914 4843 κα

2044 4801 2327 4863 comperto
2357 4791 2550 4845 incola:
2588 4788 2715 4853 loci,
2748 4783 3052 4858 perturbati
3092 4788 3243 4845 sunt,
3278 4786 3334 4834 et
3365 4790 3641 4832 convene-

367 4896 735 4968 συνήχθησαν,
767 4893 908 4948 ὥστε
946 4891 1135 4958 διῶξαι
1163 4889 1325 4946 αὐτὸν
1349 4890 1413 4942 ἐκ
1437 4887 1530 4941 τοῦ
1555 4886 1785 4941 κελλίου.
1834 4886 1914 4938 Ka

2047 4894 2198 4950 runt,
2230 4892 2289 4937 ut
2315 4899 2438 4937 eum
2471 4897 2502 4936 e
2523 4880 2661 4936 cella
2689 4878 3044 4948 expellerent.
3081 4872 3331 4940 Cumque
3352 4865 3637 4937 cognovis-

368 4962 606 5054 γνόντες-
635 4987 718 5041 ὅτι
768 4985 799 5038 6
836 4983 1133 5048 ἐπίσκοπος
1190 4980 1484 5053 ’Δμμωνᾶς
1523 4981 1603 5043 είς
1644 4978 1736 5031 τὸν
1782 4977 1914 5030 τόπο

2050 4987 2173 5034 sent
2200 4978 2524 5045 episc0pum
2563 4972 2885 5025 Ammonam
2926 4967 3146 5028 adesse,
3180 4962 3446 5016 adeuntes
3476 4972 3633 5028 roga-

367 5052 577 5135 ἐκεῖνόν
630 5080 812 5144 ἐστιν,
849 5075 1095 5139 ἐλθόντες
1145 5052 1529 5146 παρεκάλεσαν
1573 5068 1751 5133 αὑτὸν,
1799 5068 1914 5121 ὅπω

2049 5077 2250 5123 verunt
2278 5081 2402 5121 eum
2428 5073 2487 5119 ut
2521 5079 2647 5118 cum
2679 5063 2789 5117 illis
2819 5058 3127 5115 accederet.
3158 5052 3459 5121 Postquam
3507 5063 3638 5116 vero

369 5169 752 5243 παραγένηται
776 5139 874 5223 σὺν
906 5168 1108 5231 αὐτοῖς.
1156 5139 1245 5229 Ὦς
1264 5164 1321 5218 δέ
1355 5162 1469 5233 γνῶ
1510 5164 1540 5216 6
1567 5160 1792 5229 ἀδελφὸς
1811 5199 1826 5224 ,
1856 5159 1914 5212 λα

2050 5174 2167 5215 rem
2201 5157 2371 5212 frater
2414 5154 2662 5220 rescivit,
2712 5157 2997 5221 acceptam
3028 5144 3312 5201 mulierem
3342 5139 3638 5194 occultavit

370 5228 484 5316 σὼν
512 5228 614 5333 τὴν
644 5228 879 5330 γυναῖκα
905 5228 1141 5331 ἔκρυψεν
1160 5228 1241 5320 εἰς
1270 5228 1427 5309 πίθον
1473 5253 1665 5323 μέγαν.
1695 5251 1914 5321 Παραγε

2057 5252 2112 5305 iu
2144 5263 2343 5321 magno
2378 5248 2547 5303 dolio.
2581 5246 2930 5300 Adventante
2948 5253 3079 5310 ergo
3103 5228 3640 5333 tnultitudiue,nqttod

375 5318 600 5424 νομένου
627 5318 687 5406 δέ
709 5350 806 5406 τοῦ
839 5318 1101 5422 πλήθους,
1127 5318 1266 5402 εἶδεν
1289 5347 1319 5400 6
1346 5318 1522 5408 ἀϐὁάς
1556 5318 1861 5415 ⁷Ἀμμωνᾶς
1889 5360 1914 5395 τ

2061 5318 2267 5396 fecerat
2298 5337 2461 5394 scivit
2500 5336 2672 5391 abbas
2701 5332 3037 5398 Ammonas,
3087 5324 3184 5383 sed
3220 5332 3445 5398 propter
3467 5318 3642 5375 Deum

449 5507 497 5539 “
527 5503 592 5562 F.
625 5506 705 5570 είς
727 5507 809 5561 τό.
884 5506 928 5538 ⁸⁷
958 5504 1044 5560 Al.
1078 5502 1234 5574 ἔλεγε
1263 5506 1330 5578 τῇ
1361 5502 1594 5577 πλησίον
1624 5501 1806 5571 αὐτῆς.

452 5661 566 5729 με)
601 5661 833 5730 Append.
874 5658 1031 5725 1000,
1068 5675 1123 5730 tt.
1157 5658 1217 5714 8.

451 5732 566 5803 με)
606 5729 715 5788 Vit.
741 5729 895 5786 Patr.
924 5745 1015 5795 xv,
1048 5729 1134 5784 ιε.

2134 5645 2243 5718 (μ)
2273 5642 2496 5701 Dorotlt.
2537 5638 2718 5694 Doctr.
2751 5637 2809 5694 6.
