4042 6208
428 267 526 322 1‘25

1563 250 1909 307 APPENDIX
1947 247 2042 302 AD
2086 248 2504 308 PALLADIUM.

3594 251 3691 305 liii

427 377 635 428 obtexit
655 371 969 442 negotium;
1010 375 1064 422 et
1091 367 1379 441 ingressus
1408 367 1549 423 sedit
1581 382 1748 439 supra
1778 366 2010 430 dolium,

2128 367 2423 437 γενόμενον,
2452 366 2544 421 καὶ
2569 364 2658 418 διὰ
2680 364 2769 417 τὸν
2795 361 2925 418 Θεὸν
2951 360 3221 416 ὲσκέπασε
3237 362 3296 414 τὸ
3314 361 3563 432 πρᾶγμαν
3598 363 3692 415 καὶ

427 464 700 535 jnssitqne
742 461 1056 532 investigari
1091 478 1187 532 per
1209 462 1424 516 cellam.
1479 459 1576 516 Ubi
1609 460 1776 533 igitur
1810 468 2007 516 cuncta

432 554 612 607 rimati
640 559 788 617 sunt,
825 566 923 606 nec
963 549 1222 605 feminam
1270 551 1616 616 invenerunt,
1660 549 1800 606 dixit
1840 551 2011 607 abbas

432 645 729 699 Ammonas
759 661 772 696 :
806 641 948 709 Quid
979 643 1082 698 hoc
1109 643 1226 698 est?
1252 642 1397 699 Deus
1427 642 1581 700 vobis
1608 643 1822 699 veniam
1873 659 2011 698 con-

433 731 612 787 cedat.
649 730 788 785 Tum
821 732 1075 803 precibus
1101 732 1260 796 fusis,
1286 733 1454 803 jussit
1485 748 1676 789 omnes
1727 734 2009 803 secedere;

435 832 488 876 rt
512 823 849 892 apprehensa
880 838 1046 877 manu
1082 823 1287 889 fratris,
1317 824 1393 879 ait
1426 840 1439 877 :
1471 825 1706 881 Attende
1738 826 1859 891 tibi,
1900 826 2010 880 fra-

438 925 540 971 ter.
574 913 763 985 quue
791 914 937 970 dit-to
977 915 1130 969 abiit.

514 1093 596 1148 ll.
633 1093 744 1163 (45)
774 1094 1148 1164 Interrogatus
1184 1093 1354 1150 abbas
1402 1094 1736 1163 Ammonas,
1762 1112 2013 1168 quamam

440 1194 584 1240 esset
605 1183 687 1239 via
722 1194 948 1256 angusta
976 1193 1025 1238 et
1055 1193 1207 1239 arcta
1225 1185 1294 1250 “,
1325 1185 1613 1254 respondit
1650 1204 1664 1241 :
1704 1185 1803 1241 Via
1845 1203 2016 1258 angu-

442 1282 523 1328 sta
557 1283 611 1328 et
660 1282 830 1339 arcta,
867 1274 979 1329 hac
1019 1281 1104 1329 est
1136 1292 1150 1329 :
1186 1273 1296 1328 vim
1331 1274 1536 1330 inferre
1590 1277 2016 1347 cogitationibus

441 1364 577 1431 suis,
611 1370 775 1435 atque
804 1363 897 1418 Dei
943 1379 1111 1419 causa
1164 1362 1487 1423 abscindere
1513 1368 1822 1424 voluntates
1861 1385 2012 1426 suas.

442 1453 557 1509 Hoc
584 1456 748 1510 etiam
784 1462 869 1510 est
907 1454 1043 1510 illud
1076 1473 1091 1512 :
1119 1454 1255 1511 Ecce
1280 1474 1374 1525 nos
1408 1459 1715 1530 reliquimus
1740 1462 1940 1527 omnia,
1967 1471 2016 1518 et

440 1551 607 1604 secuti
638 1566 818 1604 sumus
852 1559 901 1605 te
931 1551 997 1605 ‘°.

943 1658 1023 1716 De
1077 1660 1265 1716 abbate
1309 1662 1519 1718 Achila.

512 1767 564 1821 1.
598 1766 709 1839 (46)
731 1766 1012 1825 Venerunt
1034 1771 1329 1840 aliquando
1356 1781 1467 1829 tres
1492 1789 1652 1830 senes
1680 1775 1749 1830 ad
1769 1775 2019 1833 abbatem

443 1857 962 1929 Aehilam,quorum
1004 1878 1145 1918 unus
1176 1863 1232 1917 in
1270 1865 1410 1919 mala
1450 1873 1571 1920 erat
1596 1866 2018 1926 existimatione.

415 1947 501 2027 ⁴ιίι
530 1948 608 2003 ait
639 1965 785 2005 unus
823 1966 1019 2006 senum
1060 1970 1074 2007 :
1114 1954 1292 2018 Abba,
1327 1954 1410 2010 fac
1439 1956 1569 2011 mihi
1604 1972 1884 2028 sagenam.
1913 1960 2021 2014 Re-

442 2041 662 2108 spondit
709 2041 799 2096 ille
835 2061 848 2097 :
888 2041 1007 2098 Non
1041 2044 1204 2101 facio.
1242 2045 1398 2103 Alius
1450 2049 1660 2120 rogavit
1690 2067 1702 2102 :
1734 2048 1924 2105 Facito
1954 2067 2020 2107 ex

452 2129 742 2196 rharitate,
761 2141 819 2187 ut
842 2133 920 2188 tui
934 2136 1251 2190 memoriam
1272 2136 1570 2195 habeamus
1590 2141 1644 2195 in
1663 2143 2018 2200 monasterio.

443 2218 667 2292 Excepit
703 2241 716 2278 :
749 2222 868 2280 Non
902 2226 1035 2280 mihi
1071 2237 1250 2283 vacat.
1285 2227 1526 2297 Tertius,
1556 2233 1645 2287 ille
1675 2235 1830 2289 malae
1864 2233 2023 2292 famae

443 2311 627 2376 homo,
656 2313 796 2369 dixit
824 2316 874 2371 ei
912 2336 925 2372 :
957 2318 1131 2386 Abba,
1161 2335 1421 2390 sagenam
1468 2324 1600 2377 mihi
1635 2324 1861 2392 confice,
1898 2335 1957 2381 ut
1990 2343 2023 2384 e

443 2403 699 2462 manibus
738 2406 849 2463 tuis
880 2407 1133 2466 habeam.
1173 2409 1371 2465 Statim
1420 2420 1605 2467 autem
1646 2415 1797 2470 dedit
1837 2418 1887 2474 ei
1928 2434 2021 2474 re-

443 2508 708 2561 sponsum
749 2497 912 2552 :Tibi
968 2500 1278 2555 conficiam.
1332 2501 1449 2558 Duo
1488 2503 1674 2576 itaque
1720 2507 1810 2561 alii
1862 2523 2022 2566 senes

443 2592 655 2639 secreto
679 2584 939 2640 dixerunt
982 2588 1187 2644 Achila:
1214 2609 1227 2645 :
1260 2591 1439 2657 Quare
1489 2596 1648 2651 nobis
1678 2600 2018 2667 rogantibus,

446 2669 672 2727 noluisti
706 2671 906 2743 facere,
937 2675 1065 2739 huic
1088 2688 1268 2735 autem
1304 2684 1604 2752 promisisti
1637 2694 1689 2742 te
1711 2686 2023 2745 facturum?

445 2755 582 2815 Tum
612 2762 720 2818 illis
754 2780 918 2841 senex
954 2785 966 2821 :
1004 2767 1167 2826 Vobis
1210 2771 1323 2826 dixi
1356 2792 1367 2827 :
1396 2773 1513 2829 Non
1548 2775 1686 2833 facio
1714 2795 1731 2845 ;
1760 2795 1862 2836 nec
1888 2797 2021 2837 eon-

447 2854 647 2908 tristati
702 2855 906 2924 fuistis,
942 2860 1101 2930 quasi
1155 2872 1424 2934 occupato
1468 2882 1554 2924 me
1586 2885 1602 2935 ;
1644 2871 1772 2927 huic
1801 2887 1935 2928 vero
1974 2874 2022 2929 si

447 2960 553 3000 non
585 2944 787 3013 fecero,
828 2950 1078 3008 dicturus
1101 2962 1186 3010 est
1217 2973 1230 3010 :
1256 2954 1487 3028 Propter
1528 2970 1813 3030 peceatum
1843 2980 2022 3019 meum

2046 1710 2094 1770 Β

2112 458 2363 512 εἰσελθὼν
2389 458 2639 512 ἐκάθισεν
2661 455 2846 510 ἐπάνω
2866 452 2959 506 τοῦ
2989 454 3165 516 πίθου,
3190 454 3283 507 καὶ
3314 452 3566 506 ἐκέλευσε
3597 452 3696 523 ζηα-

2110 549 2338 620 τηυῆναι
2362 548 2422 602 τὸ
2446 547 2672 601 κελλίον.
2689 547 2776 609 Ὠς
2801 540 2893 598 οὖν
2914 543 3288 613 ἐψηλάφησαν,
3306 543 3399 596 καὶ
3424 543 3521 612 οὐχ
3537 538 3696 613 εὗρον

2113 640 2211 711 τὴν
2231 641 2483 708 γυναῖκα,
2504 634 2656 691 εἶπεν
2685 640 2713 691 6
2733 636 2908 699 ἀθὸἄς
2937 636 3259 704 Ἀμμωνᾶς·
3294 633 3359 686 Τί
3377 635 3491 686 ἐστι
3514 632 3695 699 τοῦτος

2112 735 2141 786 6
2168 733 2299 797 Θεὸς
2328 731 2673 802 συγχωρήσει
2702 730 2748 761 ⁷⁰
2780 729 2928 799 ὑμῖν.
2971 728 3078 779 Καὶ
3124 723 3418 795 εὐξάμενος
3471 722 3695 794 ἐποίησε

2115 825 2327 887 πάντας
2363 822 2752 894 ἀναχωρῆσαι·
2799 821 2894 874 καὶ
2933 816 3222 888 κατασχὼν
3270 816 3371 886 τὴν
3397 817 3555 888 χεῖρα
3599 814 3697 870 τοῦ

2115 912 2367 983 ἀδελφοῦ,
2398 908 2551 964 εἶπεν
2586 908 2764 980 αὐτῷ·
2801 909 3042 980 Πρόσεχε
3079 904 3312 976 σεαυτῷ,
3339 904 3554 974 ἀδελφέ.
3589 905 3702 958 Καὶ

2114 997 2274 1055 τοῦτο
2306 998 2499 1063 εἰπὼν,
2532 995 2903 1069 ἀνεχώρησεν.

2201 1099 2290 1149 ια’.
2337 1090 2625 1163 Ἦρωτήθη
2702 1090 2729 1144 6
2779 1088 2953 1151 ἀεϐἄς
3028 1084 3360 1156 ’Ᾱμμωνᾶς,
3424 1081 3505 1145 τίς
3554 1081 3704 1134 ἐστιν

2116 1186 2153 1254 ἡ
2186 1185 2325 1251 ὁδὸς
2358 1185 2394 1252 ἠ
2418 1184 2602 1251 στενὴ
2628 1181 2725 1235 καὶ
2756 1177 3133 1249 τεθλιμμένη·
3158 1176 3251 1229 καὶ
3278 1172 3594 1246 ἀποκριθεὶς
3621 1166 3702 1224 εἷ-

2116 1291 2237 1327 πεν·
2272 1275 2333 1327 Ἡ
2371 1273 2489 1336 666.;
2519 1274 2552 1344 ή
2593 1270 2752 1341 στενὴ
2782 1270 2875 1322 καὶ
2920 1266 3254 1337 τεθλιμμένη
3284 1262 3422 1334 αὕτη
3470 1262 3613 1315 ἐστί·
3642 1262 3701 1315 τὺ

2120 1362 2400 1436 βιάζεσθαι
2425 1367 2551 1426 τοὺς
2569 1360 2861 1433 λογισμοὺς
2886 1356 3102 1420 ἑαυτοῦ,
3131 1354 3226 1410 καὶ
3250 1354 3470 1408 κόπτειν
3499 1351 3587 1404 διὰ
3613 1352 3706 1404 τὸν

2117 1454 2249 1508 Θεὸν
2264 1455 2333 1509 τὰ
2355 1453 2462 1508 ἴδια
2483 1453 2763 1524 θελήματα
2782 1468 2795 1482 ⁸
2825 1451 2916 1504 καὶ
2943 1447 3098 1501 τοῦτό
3118 1449 3231 1499 ἐστι
3253 1445 3335 1510 τὸ,
3362 1443 3508 1498 Ἰδοὺ
3533 1443 3705 1513 ἡμεῖς

2118 1548 2437 1618 ἀφήκαμεν
2468 1545 2684 1607 πάντα,
2717 1542 2815 1596 καὶ
2838 1537 3338 1611 ἠκολουθήσαμέν
3368 1554 3484 1591 σοι.

2448 1660 2611 1727 ,Περὶ
2657 1658 2763 1711 τοῦ
2804 1654 2955 1712 ἀϐϐᾶ
2998 1651 3272 1723 Ἀχιλᾶτί
3306 1694 3321 1708 .

2197 1781 2266 1829 α’.
2299 1772 2614 1843 Παρέὸαλόν
2635 1787 2764 1823 ποτε
2784 1769 3197 1841 τρεῖςγέροντες
3220 1766 3295 1839 τῷ
3320 1766 3464 1839 ἀῦϐᾷ
3497 1766 3705 1841 Ἀχιλᾷ,

2126 1865 2220 1919 καὶ
2256 1864 2285 1916 6
2311 1858 2390 1929 εἷς
2416 1863 2474 1929 ἐξ
2512 1863 2683 1917 ιὺτῶν
2716 1856 2827 1930 εἶχε
2855 1861 3042 1931 φήμην
3075 1859 3270 1930 κακήν.
3304 1854 3439 1911 Εἶπε
3472 1857 3529 1911 δὲ
3558 1858 3708 1929 αὐτῷ

2128 1950 2207 2019 εἷς
2227 1954 2334 2007 τῶν
2358 1954 2628 2025 γερόντων
2653 1968 2665 1978 ·
2690 1952 2877 2015 Ἀ66ᾶ,
2900 1950 3122 2022 ποίησόν
3155 1966 3245 2020 μοι
3283 1948 3410 2018 μίαν
3442 1949 3704 2020 σαγήνην.

2139 2047 2196 2099 ’0
2224 2046 2281 2099 δὲ
2310 2039 2461 2098 εἶπεν
2486 2062 2499 2076 ’
2534 2044 2609 2097 Οὐ
2659 2042 2817 2096 ποιῶ.
2862 2041 2972 2095 Καὶ
3006 2042 3035 2093 6
3079 2040 3235 2102 ἄλλος
3284 2036 3405 2092 εἷπε
3427 2058 3439 2069 θ
3476 2039 3708 2110 Ποίησον

2127 2137 2369 2207 ἀγάπην,
2411 2136 2499 2190 ἵνα
2526 2134 2738 2205 ἔχωμεν
2774 2150 2868 2187 σου
2903 2133 3244 2203 μνημόσυνον
3275 2132 3356 2194 είς
3393 2130 3491 2201 τὴν
3520 2132 3708 2201 μονήν.

2137 2230 2197 2281 '0
2226 2228 2282 2281 δὲ
2308 2227 2411 2298 ἔφη
2430 2243 2445 2257 ο
2480 2227 2553 2280 Οὐ
2584 2225 2847 2296 σχολάζω.
2878 2225 3041 2294 Λέγει
3098 2223 3247 2294 αὐτῷ
3277 2225 3305 2278 6
3335 2222 3492 2286 ἀλλος
3519 2225 3547 2276 ὀ
3573 2222 3712 2292 ἔχων

2128 2319 2225 2388 τὴν
2252 2318 2427 2386 κακὴν
2465 2319 2654 2387 φήμην
2678 2333 2691 2346 ·
2740 2316 2895 2386 Ἐμοὶ
2936 2314 3160 2387 ποίησον
3187 2317 3232 2347 ⁷³
3270 2314 3398 2386 μίαν
3439 2314 3707 2384 σαγήνην,

2128 2412 2215 2463 ἵνα
2243 2412 2305 2462 ὲκ
2336 2408 2445 2462 τῶν
2481 2409 2680 2478 χειρῶν
2722 2425 2813 2460 σου
2862 2407 2992 2479 ἔχω,
3023 2406 3185 2462 ἀϐὁᾶ.
3227 2407 3284 2459 ὐ
3310 2406 3365 2459 δὲ
3392 2405 3710 2476 ἀποκριθεὶς

2128 2501 2329 2564 εὐθέως
2348 2494 2501 2553 εἶπεν
2526 2498 2703 2570 αὐτῷ’
2743 2498 2885 2567 Ἐγώ
2925 2515 3006 2552 σοι
3038 2498 3195 2553 ποιῶ.
3235 2498 3343 2552 Καὶ
3376 2493 3528 2551 εἷπον
3558 2496 3711 2567 αὐτῷ

2129 2594 2248 2645 κατ’
2282 2591 2419 2645 ίδίαν
2446 2591 2497 2644 οἱ
2540 2590 2633 2643 δύο
2664 2589 2919 2662 γέροντες
2938 2607 2951 2620 ·
2985 2589 3110 2655 Πῶς
3143 2592 3303 2661 ἡμεῖς
3333 2587 3710 2659 παρεκαλέσα-

2132 2683 2230 2753 μέν
2266 2700 2346 2749 σε,
2389 2682 2484 2735 καὶ
2516 2682 2617 2735 οὐκ
2652 2681 2925 2752 ἠθέλησας
2954 2684 3087 2753 ἡμῖν
3126 2683 3369 2753 ποιῆσαι,
3402 2682 3496 2734 καὶ
3536 2679 3712 2752 τούτῳ

2129 2772 2320 2841 εἶπαςο
2374 2774 2516 2843 Ἐγώ
2543 2791 2626 2828 σοι
2667 2775 2806 2827 ποιῶ
2835 2791 2850 2840 ;
2882 2774 3045 2841 Λέγει
3085 2775 3271 2838 αὐτοῖς
3311 2776 3340 2827 6
3371 2774 3583 2845 γέρωνο
3620 2767 3713 2825 Ei.

2131 2885 2228 2921 πον
2255 2868 2403 2937 ὑμῖν,
2431 2866 2506 2920 Οὐ
2541 2866 2682 2919 ποιῶ
2702 2906 2715 2930 ,
2753 2866 2847 2919 καὶ
2872 2866 2973 2920 οὐκ
3005 2865 3336 2937 ἐλυπήθητε,
3367 2866 3442 2928 ὡς
3476 2864 3551 2936 μὴ
3592 2882 3712 2935 σχο-

2129 2959 2380 3025 λάζοντός
2403 2975 2503 3029 μου
2522 2975 2536 2989 ·
2564 2957 2738 3028 τούτῳ
2752 2957 2808 3011 δὲ
2831 2956 2925 3011 ἐὰν
2960 2957 3033 3027 μὴ
3069 2960 3302 3027 ποιήσω,
3333 2958 3469 3027 ἐρεῖ,
3501 2957 3584 3009 ὅτι
3615 2957 3713 3009 Διά

446 3037 714 3103 auditum,
750 3056 916 3099 senex
949 3046 1127 3101 noluit
1157 3047 1335 3106 facere
1363 3068 1377 3117 ;
1408 3063 1459 3106 et
1499 3053 1682 3108 statim
1732 3054 2020 3114 incidimus

2128 3052 2229 3123 τὴν
2283 3050 2558 3123 ἁμαρτίαν
2618 3067 2719 3120 μου
2779 3048 3017 3111 ἀκούσας
3046 3050 3075 3102 ό
3105 3048 3283 3118 γέρων
3333 3048 3434 3099 οὐκ
3482 3047 3713 3118 ἠθέλησε

448 3127 629 3185 funem
670 3128 913 3191 Excitavi
965 3151 1097 3209 ergo
1128 3139 1369 3195 animum
1397 3141 1538 3212 ejus,
1563 3157 1633 3199 ne
1660 3143 1883 3201 tristitia
1911 3146 2020 3217 ipse

2132 3144 2387 3214 ποιῆσαι·
2418 3144 2513 3197 κα)⁸
2535 3142 2737 3205 εὐθέως
2767 3141 3039 3212 κόπτομεν
3067 3139 3127 3193 τὺ
3168 3138 3417 3209 σχοινίον.
3449 3140 3718 3211 Διήγειρα

448 3221 852 3280 absorberetur.

515 3397 572 3454 2.
608 3397 863 3455 Narravit
899 3402 1070 3460 abbas
1126 3403 1361 3463 Betimes
1391 3424 1405 3461 :
1436 3407 1573 3464 Cum
1625 3410 1916 3482 aliquando
1969 3413 2026 3471 in

452 3488 653 3546 Scetim
679 3490 1090 3559 descenderem,
1118 3497 1386 3553 dederunt
1415 3501 1549 3554 mihi
1581 3505 1830 3559 nonnulli
1852 3519 2026 3574 pauca

453 3598 630 3651 poma,
655 3591 714 3639 ut
736 3585 987 3642 offerrem
1019 3589 1265 3647 senibus.
1291 3590 1356 3645 Et
1376 3594 1587 3663 pulsavi
1617 3594 1684 3650 ad
1709 3596 1901 3652 cellam
1933 3598 2028 3654 ab-

452 3675 595 3731 batis
625 3676 850 3744 Achilaa,
890 3695 999 3750 quo
1042 3682 1228 3737 darem
1277 3683 1376 3738 illi.
1431 3684 1577 3739 Dixit
1619 3692 1838 3744 autem:
1867 3687 2024 3757 Vere,

454 3765 641 3834 frater,
676 3769 846 3824 nolim
898 3771 1084 3843 pulses
1134 3774 1269 3829 mihi
1323 3779 1781 3848 nunc,quamvis
1826 3795 2028 3836 manna

450 3872 629 3930 esset;
664 3878 766 3919 nec
804 3865 871 3920 ad
907 3866 1071 3920 aliam
1117 3868 1310 3924 cellam
1353 3885 1567 3941 pergas.
1602 3869 1790 3941 Itaque
1826 3877 2028 3931 recessi

453 3951 509 4006 in
537 3954 728 4009 cellam
769 3971 968 4024 meam,
999 3964 1055 4014 et
1083 3959 1153 4013 ad
1185 3960 1475 4016 ecclesiam
1503 3977 1664 4032 poma
1692 3963 1883 4019 detuli.

521 4132 576 4185 3.
616 4131 729 4204 (47)
768 4130 930 4189 Venit
954 4135 1252 4208 aliquando
1284 4139 1454 4195 abbas
1482 4140 1704 4200 Aehilas
1729 4143 1798 4200 ad
1835 4145 2027 4201 cellam

452 4220 666 4277 abbatis
686 4222 834 4278 Isaiae
856 4226 909 4279 in
941 4223 1115 4295 Secti;
1142 4238 1194 4284 et
1223 4231 1429 4287 invenit
1452 4248 1576 4288 eum
1614 4235 2025 4295 comedentem:

455 4313 683 4367 miserat
721 4323 901 4370 autem
955 4315 1010 4370 in
1050 4320 1335 4375 scutellam
1367 4324 1446 4379 sal
1491 4340 1615 4379 eum
1654 4341 1825 4398 aqua.
1858 4326 2029 4385 Porro

2132 3231 2223 3289 οὖν
2256 3234 2418 3288 αὐτοῦ
2457 3235 2559 3306 τὴν
2607 3231 2804 3304 ψυχὴν,
2842 3231 2929 3286 ἵνα
2962 3230 3038 3303 μὴ
3079 3232 3145 3301 τῇ
3182 3229 3330 3303 λύπῃ
3363 3231 3645 3303 καταποθῇ
3684 3232 3717 3285 6

2132 3325 2391 3389 τοιοῦτος.

2206 3416 2271 3487 β’.
2310 3410 2478 3468 Εἶπεν
2512 3415 2543 3467 6
2572 3412 2745 3475 ἀδϐἄς
2776 3411 3022 3483 Βητίμης
3055 3412 3123 3476 ⁷³,
3153 3412 3236 3466 ὅτι
3279 3409 3716 3472 Καταὸαίνοντός

2137 3509 2237 3580 μού
2264 3524 2392 3561 ποτε
2427 3508 2507 3570 εἰς
2540 3506 2770 3577 Σκῆτιν,
2801 3504 3008 3558 ἔδωκάν
3050 3504 3140 3575 μοί
3186 3520 3330 3567 τινες
3357 3502 3513 3571 ὀλίγα
3547 3501 3714 3573 μῆλα,

2134 3601 2221 3653 ἵνα
2246 3597 2402 3653 δώσω
2443 3599 2555 3661 τοῖς
2588 3596 2832 3668 γέρουσι.
2877 3595 2989 3648 Καὶ
3034 3594 3271 3667 ἔκρουσα
3301 3594 3381 3657 είς
3414 3593 3475 3646 τὸ
3506 3593 3716 3647 κελλίον

2132 3688 2226 3743 τοῦ
2263 3687 2408 3743 ἀϐϐᾶ
2446 3688 2653 3760 Ἀχιλᾶ,
2686 3687 2773 3740 ἵνα
2813 3684 2971 3738 δώσω
3008 3684 3178 3757 αὐτῷ.
3220 3685 3279 3737 '0
3301 3683 3357 3737 δὲ
3386 3683 3722 3754 ἔφηοῷὐσει,

2132 3779 2347 3850 ἀδελφὲ,
2374 3778 2474 3832 οὐκ
2502 3778 2692 3850 ἤθελον
2722 3777 2810 3830 ἴνα
2838 3774 3077 3848 κρούσῃς
3112 3793 3201 3847 μοι
3235 3776 3378 3847 ἄρτι,
3408 3775 3457 3827 εἰ
3478 3767 3546 3845 ἦν
3577 3771 3715 3845 μάν-

2132 3889 2198 3926 να
2217 3885 2231 3900 °
2267 3869 2402 3943 μηδὲ
2439 3871 2518 3933 εἰς
2567 3869 2695 3924 ἄλλο
2722 3867 2930 3922 κελλίον
2946 3867 3209 3940 ἀπέλθῃς.
3249 3865 3595 3938 ’Δνεχώρησα
3623 3859 3718 3919 οὖν

2133 3964 2214 4026 είς
2243 3961 2304 4015 τὸ
2331 3960 2540 4015 κελλὶον
2589 3977 2689 4032 μου
2712 4000 2726 4027 ,
2759 3959 2855 4014 καὶ
2892 3959 3171 4030 ἀνήνεγκα
3216 3959 3355 4013 αὐτὰ
3391 3960 3471 4023 είς
3498 3959 3596 4030 τὴν
3623 3959 3717 4013 ἐκ·

2133 4054 2382 4125 κλησίαν.

2200 4150 2270 4213 γ’.
2312 4139 2483 4197 Ἦλθέ
2509 4159 2638 4196 ποτε
2667 4141 2695 4195 6
2716 4141 2892 4206 ἀῆϐᾶς
2932 4140 3150 4212 Ἀχιλᾶς
3175 4140 3256 4203 είς
3281 4139 3342 4193 τὸ
3378 4139 3591 4193 κελλίον
3617 4138 3718 4194 τοῦ

2132 4236 2279 4292 esca
2323 4236 2545 4289 Ἡσαΐου
2574 4237 2632 4288 ὲν
2664 4236 2880 4307 Σκήτει,
2916 4234 3011 4288 κει)⁵
3043 4227 3201 4304 εὗρεν
3228 4233 3392 4287 αὐτὸν
3421 4232 3671 4286 ἐσθίοντα
3699 4250 3714 4264 ·

2131 4320 2200 4397 ἦν
2234 4325 2291 4378 δὲ
2329 4325 2506 4396 βαλὼν
2548 4326 2626 4388 εἰς
2651 4324 2712 4377 τὸ
2737 4326 2956 4378 πινάκιν
2989 4323 3123 4386 ἀλας
3151 4322 3244 4376 καὶ
3277 4321 3439 4393 ὕδωρ.
3482 4321 3626 4375 Ἰδὼν
3657 4321 3717 4374 δὲ

455 4420 622 4461 senex
665 4407 1017 4476 conspicatus
1058 4411 1206 4480 quod
1252 4413 1497 4471 catillum
1537 4418 1870 4475 occultasset
1917 4435 2016 4490 pos

2141 4413 2304 4467 αὐτὸν
2333 4414 2361 4466 ὁ
2388 4413 2566 4485 γέρων
2612 4414 2696 4466 ὅτι
2741 4412 2976 4483 ἔκρυψεν
3002 4411 3138 4465 αὐτὸ
3165 4411 3341 4464 όπίσω
3371 4411 3470 4483 τῆς
3508 4413 3717 4483 σειρᾶς,

457 4496 708 4567 plectam,
755 4497 893 4553 dixit
913 4501 964 4555 ei
997 4520 1011 4556 :
1044 4501 1312 4573 Eloquere
1361 4506 1518 4573 mihi,
1566 4510 1699 4580 quid
1735 4512 2033 4570 manduca-

2130 4504 2277 4575 λέγει
2315 4504 2493 4576 αὐτῷ·
2522 4504 2657 4558 Εἰπέ
2685 4521 2793 4574 μοι,
2825 4504 2877 4555 τί
2899 4502 3087 4574 ἧσθιες
3112 4518 3127 4568 ;
3168 4503 3227 4555 Ὁ
3251 4500 3307 4555 δὲ
3332 4498 3478 4555 εἷπε·
3504 4501 3719 4573 Συγχώ-

454 4587 592 4644 bas?
626 4589 927 4661 Respondit
971 4591 1063 4648 ille
1092 4611 1107 4648 :
1136 4593 1361 4665 Ignosce
1407 4599 1559 4667 mihi,
1596 4601 1775 4670 abba;
1823 4606 2020 4675 palmas

2135 4598 2302 4672 ρησόν
2340 4615 2455 4668 μοι,
2486 4596 2651 4655 ἀὸὅᾶ.
2678 4597 2760 4649 ὃτι
2786 4595 2975 4648 θαλλία
2997 4594 3246 4659 ἔκοπτον,
3269 4595 3363 4647 καὶ
3384 4592 3615 4663 ἀνῆλθον
3639 4596 3719 4657 εἰς

456 4677 788 4747 incidebam,
816 4688 870 4737 et
900 4685 1127 4739 ascendi
1175 4686 1242 4741 ad
1272 4696 1505 4755 aestum;
1573 4691 1808 4762 misique
1854 4694 1909 4748 in
1972 4710 2020 4752 ns

2131 4691 2193 4744 τὸ
2223 4689 2432 4760 καῦμα,
2467 4689 2563 4742 καὶ
2590 4688 2782 4742 ἔϐαλον
2813 4688 2894 4750 εἰς
2919 4686 2980 4739 τὸ
3008 4686 3184 4756 στόμα
3220 4702 3320 4756 μου
3348 4684 3541 4757 ψωμὸν
3579 4685 3719 4756 μετὰ

457 4786 637 4826 meum
673 4772 932 4829 bucceam
957 4790 1083 4831 cum
1123 4778 1272 4846 sale;
1304 4782 1398 4835 sed
1430 4792 1759 4837 exaruerant
1794 4798 1858 4839 ex
1893 4793 2020 4841 aestu

2132 4779 2355 4843 ἀλατος·
2376 4781 2470 4833 καὶ
2510 4778 2779 4850 ἐξηράνθη
2812 4780 2840 4831 6
2863 4775 3077 4848 φάρυγξ
3110 4793 3212 4847 μου
3248 4777 3358 4830 ἀπὸ
3381 4776 3473 4829 τοῦ
3506 4776 3721 4848 καύμα-

457 4861 645 4920 fauces
703 4880 856 4929 meae,
916 4881 1019 4922 nec
1079 4867 1414 4926 descendere
1467 4879 1682 4941 poterat
1735 4873 2020 4931 buccella:

2135 4892 2245 4938 τος,
2280 4874 2374 4928 καὶ
2411 4874 2473 4927 οὗ
2504 4871 2820 4926 κατέϐαινεν
2841 4871 2870 4923 ὁ
2897 4868 3109 4939 ψωμόςο
3142 4868 3229 4922 διὰ
3266 4867 3446 4934 τοῦτο,
3474 4869 3715 4938 ήναγκά·

457 4966 767 5026 eapropter,
792 4965 1019 5013 coactus
1049 4975 1170 5015 sum
1201 4960 1418 5017 mittere
1461 4977 1650 5032 parum
1670 4979 1825 5034 aquae
1850 4966 1905 5019 in
1926 4968 2020 5033 sal,

2138 4967 2271 5038 σθην
2319 4966 2500 5031 βαλεῖν
2528 4964 2721 5036 μικρὸν
2747 4963 2890 5034 ὕδωρ
2930 4964 3011 5025 εἰς
3037 4961 3097 5014 τὸ
3133 4961 3285 5025 ἃλας,
3316 4962 3400 5014 ἵνα
3428 4959 3602 5024 οὕτως
3627 4960 3716 5013 δυ-

459 5054 521 5100 ut
545 5047 621 5102 ita
650 5050 935 5106 comedere
973 5052 1230 5107 valerem.
1266 5053 1371 5108 Sed
1414 5054 1635 5124 ignosce
1678 5057 1833 5112 mihi.
1891 5060 2020 5114 Tum

2138 5059 2284 5131 νηθῶ
2321 5056 2641 5127 γεύσασθαι.
2681 5053 2841 5108 Ἀλλὰ
2874 5051 3231 5124 συγχώρησόν
3256 5069 3367 5122 μοι.
3392 5052 3501 5104 Καὶ
3528 5050 3719 5118 λέγειό

461 5137 599 5193 dixit
644 5156 812 5198 senex
845 5160 860 5198 :
892 5141 1106 5210 Venite,
1135 5144 1315 5202 videte
1342 5145 1538 5201 Isaiam
1583 5146 1895 5204 sorbentem
1938 5150 2020 5220 jus

2137 5151 2345 5222 γέρων·
2378 5148 2563 5210 Δεῦτε,
2588 5147 2726 5200 ἴδετε
2760 5145 2989 5199 Ἡσαΐαν
3018 5143 3202 5214 ζωμὸν
3225 5143 3471 5197 ἐσθίοντα
3498 5144 3557 5196 ἐν
3579 5142 3721 5213 Σκήυ

462 5229 476 5281 i
507 5267 517 5280 .
543 5228 709 5286 Secti.
738 5234 793 5288 Si
814 5235 908 5305 jus
934 5237 1019 5292 vis
1055 5238 1406 5307 manducare,
1439 5255 1601 5314 perge
1622 5244 1677 5297 in
1710 5242 2020 5317 Egyptum.

2134 5263 2237 5299 τει.
2292 5244 2355 5296 El
2397 5242 2578 5312 ζωμὸν
2611 5238 2786 5303 θέλεις
2827 5238 3049 5302 ἐσθίειν,
3082 5234 3261 5305 ὕπαγε
3300 5236 3379 5298 εις
3424 5234 3715 5301 Αιγυπτον.

536 5383 802 5519 ἱέοὲίιιιιὴ.
832 5406 926 5455 vn,
964 5394 1047 5449 Η.
1126 5398 1169 5429 ⁸⁵
1195 5396 1381 5453 Matth.
1416 5414 1524 5466 nx,
1555 5400 1643 5454 ‘27.
1723 5402 1766 5433 '°
1795 5403 1880 5458 Al.
1908 5420 2020 5473 συγ]

2130 5405 2279 5475 ἧσαι.
2355 5403 2397 5434 ⁷¹
2429 5400 2513 5454 Al.
2567 5397 2799 5468 Ἀχιλλᾶ.
2877 5397 2922 5427 τ’
2954 5394 3117 5450 Abest
3172 5392 3238 5445 ab
3284 5390 3355 5445 al.
3431 5389 3477 5421 ⁷³
3502 5386 3723 5458 ΑΙ.Βη-

475 5473 660 5528 τιμιος.

542 5610 649 5681 (t5)
690 5611 794 5666 vn.
832 5612 984 5668 Patr.
1012 5629 1061 5678 χ,
1087 5614 1176 5667 8i.

1012 5629 1061 5735 ζ,
1087 5614 1176 5736 Sili.
2221 5619 2331 5689 (l7)
2374 5619 2473 5673 Vit.
2504 5617 2657 5676 Patr.
2691 5638 2764 5685 tv,
2808 5621 2902 5685 10;
2936 5618 3092 5674 Joau.
3134 5615 3321 5671 Geom.
3361 5610 3564 5668 Parad.
3603 5622 3632 5669 (Ξ
3672 5660 3690 5677 ,
