4042 6208
332 242 449 302 {‘25

1462 247 2075 308 APOPHTHEGMATA
2116 243 2423 303 PATRUM.

3509 245 3610 302 121i

393 365 458 418 δ’.
484 361 773 435 Παρέϐαλέ
796 381 881 428 τις
906 364 1014 418 τῶν
1045 365 1316 438 γερόντων
1342 366 1419 440 τῷ
1432 367 1577 441 ἀὸὁᾷ
1600 368 1807 440 ’Δχιλᾷ,
1826 367 1916 421 καὶ

2095 364 2146 417 ι.
2187 361 2296 433 (48)
2318 357 2584 417 Convenit
2607 357 2808 429 aliquis
2836 373 3030 415 senum
3056 356 3307 415 abbatem
3332 356 3605 436 Achilam.

325 454 524 526 θεωρεῖ
537 453 703 507 αὐτὸν
720 453 954 526 ῥίψαντα
976 452 1119 527 αἷμα
1138 459 1202 511 ἐκ
1221 457 1314 511 τοῦ
1333 460 1599 535 στόματος
1613 459 1777 515 αὐτοῦ
1795 479 1806 492 ·
1823 461 1917 513 καὶ

327 541 623 615 ἠρώτησεν
652 546 817 599 αὐτόν
842 561 856 575 ·
880 548 951 601 Τί
980 549 1096 601 ἐστι
1125 549 1317 614 τοῦτοὲ,
1354 551 1537 625 Πάτερ
1565 570 1581 619 ;
1625 553 1736 607 Kal
1770 547 1921 605 εἶπεν

329 639 357 689 6
378 637 554 708 γέρων
584 651 599 665 ·
633 637 720 690 ὅτι
747 637 923 705 Λόγος
961 638 1111 692 ἐστὶν
1159 640 1391 711 ἀδελφοῦ
1418 641 1788 715 λελυπηκότος
1828 660 1919 714 με,

331 729 420 782 καὶ
472 729 835 801 ἠγωνισάμην
865 730 961 783 τοῦ
1011 730 1085 802 μὴ
1119 731 1442 800 ἀναγγεῖλαι
1485 733 1632 805 αύτῷ
1663 733 1797 806 (48),
1828 733 1923 787 καλ⁸

332 819 555 889 ἐδεήθην
591 819 732 873 Θεοῦ
781 820 870 874 ἵνα
904 820 1043 892 ἀρθῇ
1077 822 1171 874 ἀπ’
1194 823 1328 893 ἐμοῦ
1350 841 1365 856 ο
1397 825 1491 878 καὶ
1528 824 1753 894 γέγονεν
1781 827 1809 879 6
1837 824 1924 878 λό-

332 927 424 979 γος
444 910 519 975 ὡς
547 908 691 983 αἷμα
722 913 782 966 ἐν
816 911 896 982 τῷ
939 912 1170 983 στόματί
1202 930 1304 984 μου
1325 954 1341 980 ,
1376 916 1473 971 καὶ
1503 915 1712 970 ἐπτυσα
1736 916 1920 976 αὐτὸν.

328 1004 422 1057 καὶ
439 1004 710 1074 ἅνεπάην,
739 1006 837 1058 καὶ
858 1005 957 1075 τὴν
981 1003 1158 1077 λύπην
1184 1005 1551 1078 ἐπελαθόμην.

394 1192 458 1239 ε’.
496 1186 729 1255 Ἔλεγεν
774 1187 804 1239 6
847 1185 1025 1250 6665i;
1074 1185 1373 1257 Ἀμμὼης,
1405 1188 1487 1241 ὅτι
1533 1187 1925 1259 Παρεὸάλομεν

329 1276 437 1345 ἐγὼ
464 1279 559 1332 καὶ
588 1281 618 1332 6
641 1278 817 1342 666-5.;
845 1278 1092 1349 Βητίμης
1120 1277 1197 1348 τῷ
1234 1279 1378 1351 ἀὸϐᾷ
1404 1280 1613 1351 Ἀχιλᾷ.
1642 1279 1736 1333 καὶ
1760 1279 1924 1349 ἡκούι

332 1385 503 1438 σαμεν
532 1367 696 1421 αὑτοῦ
728 1367 1061 1439 μελετῶντος
1093 1367 1185 1420 τὸν
1230 1367 1388 1436 λόγον
1416 1368 1635 1421 τοῦτον·
1672 1368 1768 1436 Μὴ
1816 1385 1924 1437 φο-

334 1458 465 1524 ϐοῦ,
515 1458 736 1521 Ἰακὼϐ,
757 1458 1091 1528 καταϐῆναι
1118 1460 1206 1525 εἱς
1221 1460 1548 1529 Αἴγυπτον.
1581 1460 1693 1512 Kal
1721 1460 1814 1512 ἐπὶ
1836 1476 1927 1511 τιο-

335 1552 401 1604 λί)
449 1552 628 1622 ἔμεινε
666 1553 905 1622 μελετῶν
935 1553 1027 1606 τὸν
1064 1553 1221 1622 λόγον
1245 1554 1454 1609 τοῦτον.
1490 1555 1601 1608 Kal
1630 1554 1706 1619 ὠς
1730 1555 1926 1626 ἐκρού-

334 1660 536 1712 σαμεν,
566 1643 776 1714 ἦνοιξεν
828 1645 984 1713 ἡμῖν,
1027 1644 1120 1696 καὶ
1164 1643 1489 1715 ἐπηρώτησε
1513 1661 1527 1674 ·
1564 1646 1735 1700 Πόθεν
1766 1647 1924 1710 ἐστές

2024 454 2264 523 viditque
2317 449 2635 521 sanguinem
2688 463 2754 503 ex
2794 463 2890 504 ore
2953 449 3103 504 illius
3137 461 3498 518 promanare;
3552 456 3608 505 cl

2024 545 2381 617 interrogavit
2415 566 2427 599 :
2459 543 2600 612 Quid
2633 544 2737 598 hoc
2787 548 2893 605 est,
2927 539 3137 597 Pater?
3182 539 3481 611 Respondit
3522 557 3612 597 se-

2025 655 2128 696 nex
2169 657 2183 694 :
2221 638 2437 694 Dictum
2502 644 2587 692 est
2646 633 2936 705 cujusdam
2978 633 3187 697 fratris,
3224 633 3317 703 qui
3360 648 3446 688 me
3473 649 3609 688 con-

2027 732 2286 795 tristavit,
2337 739 2392 785 et
2444 728 2679 800 pugnavi
2713 740 2929 781 mecum
2986 733 3046 783 ut
3103 740 3211 779 non
3266 725 3609 780 declararem

2024 826 2073 881 ei
2101 842 2116 892 ;
2152 823 2434 894 Deumque
2472 820 2796 891 deprecatus
2823 832 2967 883 sum,
3002 831 3034 872 a
3055 832 3143 874 me
3172 816 3223 872 id
3254 817 3402 872 verbi
3429 815 3611 872 aufer-

2025 925 2197 973 retur.
2232 914 2356 970 Fuit
2385 930 2515 987 ergo
2558 913 2707 970 velut
2740 913 2964 986 sanguis
3013 912 3069 967 in
3100 925 3197 966 ore
3249 924 3392 975 meo,
3444 918 3608 979 atque

2028 1008 2219 1079 e-xspui
2279 1006 2433 1075 illud,
2479 1021 2543 1062 ac
2592 1006 2837 1078 requiem
2897 1003 3132 1072 obtinui,
3204 1016 3428 1071 remque
3479 1016 3600 1056 sum

2026 1101 2248 1158 oblitus.

2098 1194 2152 1250 5.
2193 1192 2399 1249 Retulit
2432 1192 2601 1248 abbas
2634 1192 2891 1248 Ammoes
2930 1190 3082 1262 :Ego
3099 1196 3154 1245 et
3179 1189 3349 1245 abbas
3373 1186 3606 1243 Betimes

2028 1287 2365 1343 accessimus
2394 1285 2459 1339 ad
2486 1285 2739 1339 abbatem
2761 1283 3033 1345 Achilam,
3062 1290 3116 1337 et
3140 1282 3450 1337 audivimus
3480 1296 3602 1335 eum

2027 1378 2377 1433 meditantem
2405 1377 2458 1431 id
2514 1374 2663 1431 verbi
2697 1393 2711 1430 :
2757 1372 2885 1428 Noli
2922 1374 3123 1439 timere,
3151 1371 3342 1438 Jacob,
3392 1371 3606 1425 ὀρθοεπε-

2026 1468 2149 1525 dere
2174 1470 2229 1524 in
2260 1466 2552 1539 .Egyptum
2574 1468 2643 1522 ⁷³.
2676 1466 2889 1537 Diuque
2927 1464 3129 1520 mansit
3158 1463 3433 1518 meditans
3477 1475 3601 1516 eum

2029 1576 2358 1617 sermonem.
2382 1560 2518 1615 Cum
2553 1568 2735 1617 autem
2764 1559 3158 1629 pulsassemus,
3184 1556 3398 1625 aperuit
3424 1553 3604 1618 nobis,

2029 1661 2084 1705 et
2122 1650 2476 1720 interrog..vit
2510 1668 2523 1705 :
2556 1648 2711 1704 Unde
2750 1647 2930 1704 estis?
2964 1646 3134 1702 Porro
3163 1646 3321 1701 veriti
3371 1645 3557 1699 dicere
3586 1660 3601 1697 :

329 1735 436 1789 Kal
467 1733 802 1805 φοϐηθέντες
840 1737 1030 1801 εἰπεῖν,
1069 1736 1167 1791 Ἐκ
1208 1737 1316 1790 τῶν
1350 1738 1590 1791 Κελλίων
1611 1777 1625 1800 ,
1661 1738 1915 1808 εἴπαμεν,

2024 1742 2066 1798 Ε
2093 1737 2271 1809 Cellis;
2314 1743 2555 1798 diximus
2582 1760 2595 1795 :
2628 1740 2672 1794 E
2702 1748 2888 1796 monte
2928 1737 3138 1794 Nitriae.
3171 1738 3265 1792 Ait
3294 1737 3385 1793 illc.
3415 1753 3431 1790 :
3460 1735 3604 1802 Quid

339 1823 435 1876 Ἐκ
451 1824 550 1877 τοῦ
571 1826 737 1896 ὅρους
761 1826 858 1895 τῆς
881 1824 1122 1895 Νιτρίας.
1139 1826 1249 1879 Kal
1263 1826 1412 1895 λέγει
1434 1844 1446 1857 ·
1467 1826 1531 1879 Τί
1556 1827 1685 1897 ὑμῖν
1710 1829 1920 1897 ποιήσω

326 1917 412 1970 ὅτι
439 1916 553 1970 ἀπὸ
585 1917 821 1988 μήκοθέν
849 1920 997 1984 em;
1035 1920 1131 1971 καὶ
1155 1919 1452 1989 εἰσήγαγεν
1487 1919 1654 1990 ἡμᾶς.
1692 1920 1801 1972 Kal
1828 1917 1922 1971 sii-

333 2024 509 2081 ρομεν
536 2008 700 2062 αὑτὸν
743 2005 1106 2079 ἐργαζόμενον
1133 2007 1230 2080 τὴν
1258 2008 1428 2063 νύκτα
1463 2009 1666 2080 πολλὴν
1707 2010 1918 2082 σειρὰν,

333 2101 430 2156 καὶ
458 2102 822 2171 ὴρωτήσαμεν
863 2102 1025 2155 αὐτὸν
1056 2104 1232 2155 εἰπεῖν
1264 2104 1397 2173 ἡμῖν
1434 2102 1611 2171 λόγον.
1660 2104 1720 2156 '0
1756 2103 1815 2156 δὲ
1843 2099 1922 2157 εἶ-

331 2210 435 2245 πεν
454 2209 468 2222 ·
502 2191 642 2261 Ἐγὼ
667 2191 773 2245 ἀπὸ
800 2193 898 2262 ὀψὲ
931 2192 1037 2256 ἕως
1065 2193 1191 2265 ἄρτι
1215 2193 1416 2261 ἔπλεξα
1437 2195 1642 2249 εἴκοσιν
1668 2195 1918 2268 ὸργυίας,

332 2284 425 2336 καὶ
450 2284 612 2352 φύσει
643 2284 705 2336 ού
734 2282 924 2354 χρῄζω
967 2283 1177 2337 αὐτῶν·
1209 2284 1347 2339 ἀλλὰ
1382 2285 1580 2355 μήπως
1614 2287 1924 2357 ἀγανακτή-

334 2388 397 2444 σῃ
432 2373 462 2424 6
492 2372 646 2436 Θεὸς,
678 2373 774 2426 καὶ
802 2372 1075 2445 ἐγκαλέσῃ
1104 2392 1217 2444 μοι,
1252 2373 1425 2441 λέγων
1454 2392 1468 2406 ’
1500 2374 1657 2428 Διατί
1682 2375 1919 2446 δυνάμε-

333 2479 418 2528 νος
457 2464 817 2536 ἐργάσασθαι,
859 2466 959 2518 οὐκ
997 2466 1238 2537 εἰργάσω
1262 2465 1382 2529 ςδιὰ
1415 2465 1573 2519 τοῦτο
1609 2467 1806 2532 κοπιῶ,
1827 2468 1922 2521 καὶ

335 2552 469 2606 ποιῶ
530 2553 660 2625 ὃλην
689 2553 788 2623 τὴν
820 2552 1049 2624 δύναμιν
1084 2571 1206 2625 μου.
1254 2555 1366 2608 Kal
1406 2553 1777 2628 ὠφεληθέντες
1823 2557 1910 2612 ἁν-

340 2645 591 2716 εχωρήσα
599 2662 718 2715 μεν.

407 2745 470 2802 ς’.
515 2738 745 2793 ’Δλλοτε
786 2739 950 2794 πάλιν
985 2739 1158 2811 μέγας
1179 2740 1357 2813 γέρων
1382 2741 1658 2814 παρέϐαλε
1676 2739 1753 2812 τῷ
1777 2740 1923 2813 ἀδϐᾅ

333 2827 519 2899 ’Δχιλᾷ
551 2828 663 2883 ἀπὸ
694 2828 980 2900 Θηϐαΐδος,
1007 2830 1100 2882 καὶ
1136 2828 1285 2898 λέγει
1323 2831 1500 2901 αύτῷ·
1540 2831 1729 2894 Ἀ66ἇ,
1760 2829 1921 2883 πολε-

335 2917 539 2988 μοῦμαι
575 2922 654 2981 εἰς
698 2918 780 2975 σέ.
819 2919 879 2971 '0
923 2917 978 2971 δὲ
1020 2917 1171 2987 λέγει
1225 2919 1406 2991 αὐτῷ’
1443 2920 1661 2989 Ὕπαγε
1700 2919 1796 2973 καὶ
1832 2920 1921 2985 σὺ,

332 3010 613 3080 γέρον,εῐς
635 3009 738 3080 ἐμὲ
774 3009 901 3081 ἄρτι
930 3008 1175 3082 πολεμῇ;
1216 3011 1276 3064 Ὀ
1298 3011 1355 3065 δὲ
1391 3011 1571 3082 γέρων
1596 3011 1705 3065 ἀπὸ
1730 3029 1921 3064 ταπει-

2020 1833 2175 1888 vobis
2207 1832 2426 1897 faciam,
2455 1832 2601 1903 quod
2632 1832 2699 1887 de
2738 1831 2930 1902 procul
2980 1829 3254 1886 venistis?
3307 1826 3373 1882 Et
3427 1826 3601 1882 intro-

2020 1923 2173 1979 duxit
2200 1938 2320 1978 nos.
2355 1923 2668 1978 Invenimus
2703 1930 2884 1978 autem
2917 1936 3041 1977 eum
3092 1935 3187 1992 per
3224 1927 3438 1975 noctem
3485 1919 3603 1989 ple-

2020 2019 2165 2066 ctam
2196 2012 2423 2066 multam
2456 2018 2763 2081 operatum.
2791 2013 2971 2080 Atque
3002 2009 3315 2078 rogavimus
3346 2014 3406 2061 ut
3442 2006 3606 2066 nobis

2020 2099 2225 2171 aliquid
2269 2100 2707 2171 proloqueretur.
2757 2100 2852 2154 Ille
2885 2113 3013 2154 vero
3049 2098 3188 2153 dixit
3219 2116 3232 2151 :
3262 2098 3373 2168 Ego
3423 2113 3454 2151 a
3503 2113 3601 2153 ve-

2027 2191 2269 2263 spertino
2300 2199 2549 2263 tempore
2596 2190 2665 2245 ad
2695 2190 2820 2255 hoc,
2854 2190 3002 2245 texui
3044 2189 3236 2259 viginti
3278 2190 3455 2253 ulnas,
3490 2204 3600 2243 non

2026 2288 2203 2334 tamen
2238 2280 2305 2335 iis
2338 2280 2596 2351 indigeo;
2626 2280 2721 2336 sed
2755 2295 2823 2335 ne
2876 2278 3017 2334 forte
3063 2277 3377 2348 indignetur
3434 2276 3600 2341 Deus,

2021 2382 2349 2444 accuselque
2389 2387 2495 2438 me,
2544 2372 2735 2427 dicens
2768 2390 2781 2426 :
2822 2371 2934 2427 Cur
2964 2386 3089 2426 cum
3144 2385 3336 2441 posses
3363 2372 3601 2440 operari,

2021 2474 2128 2515 non
2182 2476 2242 2516 es
2293 2460 2599 2530 operatus?
2631 2460 2752 2515 ideo
2808 2459 3022 2522 laboro,
3081 2457 3287 2514 faciens
3337 2466 3602 2529 quantum

2023 2552 2194 2607 valeo.
2224 2549 2378 2607 Unde
2408 2550 2585 2605 fructu
2618 2559 2877 2622 percepto
2908 2550 3282 2607 discessimus.

2093 2722 2146 2778 6.
2172 2722 2291 2777 Alia
2314 2723 2435 2778 vice
2467 2738 2700 2794 magnus
2750 2738 2917 2778 senex
2974 2723 3124 2778 venit
3150 2736 3181 2777 e
3206 2720 3483 2777 Thebaide
3532 2720 3602 2775 ad

2026 2815 2273 2872 abbatem
2338 2816 2622 2883 Achilam;
2656 2821 2710 2871 et
2771 2815 2911 2869 dixit
2956 2815 3006 2870 ei
3038 2814 3255 2878 :Abba,
3286 2815 3339 2869 in
3397 2824 3451 2870 te
3500 2814 3605 2870 im-

2022 2924 2255 2980 pugnor.
2293 2906 2388 2963 Ille
2414 2922 2545 2962 vero
2594 2908 2729 2962 dicit
2767 2909 2815 2962 ei
2848 2925 2862 2961 :
2899 2906 3048 2962 Vade
3097 2907 3261 2962 etiam
3297 2916 3377 2972 tu,
3406 2921 3599 2974 senex,

2024 2996 2079 3056 in
2117 3017 2204 3057 me
2234 3000 2398 3055 modo
2425 2998 2763 3069 impugnaris
2784 3000 2809 3052 ?
2870 2996 3045 3053 Senex
3075 3006 3255 3053 autem
3283 3014 3349 3054 ex
3377 2999 3604 3054 humili-

332 3100 548 3165 νώσεως
587 3096 708 3155 εἷπε
737 3117 753 3131 ο
782 3102 916 3165 Nal,
962 3101 1127 3158 esea.
1157 3098 1266 3157 Ἦν
1298 3102 1354 3156 δὲ
1398 3105 1515 3156 ἐκεῖ
1559 3105 1652 3157 ἐπὶ
1684 3106 1749 3177 τῇ
1780 3105 1916 3177 θύρᾳ

2024 3101 2135 3149 tate
2164 3092 2451 3163 respondit
2479 3108 2492 3145 :
2523 3090 2722 3155 Etiam,
2756 3091 2914 3145 abba.
2945 3089 3077 3144 Erat
3128 3099 3308 3144 autem
3361 3089 3474 3144 illic
3532 3092 3598 3147 ad

331 3191 850 3269 zaﬂﬁttsvog‘yépmv
869 3193 1071 3262 τυφλὸς
1095 3194 1191 3247 καὶ
1228 3195 1417 3265 χωλός.
1458 3195 1562 3250 Kal
1592 3197 1744 3266 λέγει
1772 3197 1920 3268 αὐτῷ

328 3283 592 3355 ὁγέρωνο
627 3284 858 3339 Ἤθελον
905 3286 1130 3340 καθίσαι
1168 3289 1371 3360 μικρὰς
1419 3289 1651 3361 ἡμέρας,
1689 3291 1783 3344 καὶ
1831 3289 1919 3343 διὰ

330 3373 421 3427 τὸν
476 3375 711 3446 γέροντα
751 3375 941 3429 τοῦτον
980 3377 1041 3429 οὐ
1085 3376 1318 3450 δύναμαι
1367 3379 1607 3434 καθίσαι.
1653 3380 1919 3448 Ἀκούσας

330 3460 473 3519 οὖνὸ
500 3465 676 3529 ἀὸδᾶς
720 3465 956 3537 Ἀχιλᾶς,
988 3466 1265 3539 ἐθαύμασε
1314 3472 1412 3540 τὴν
1449 3470 1779 3526 ταπείνωσιν
1822 3471 1915 3526 τοῦ

330 3554 604 3625 γέροντος,
636 3556 732 3609 καὶ
767 3556 984 3626 ἔλεγεν·
1017 3555 1169 3631 Αὕτη
1207 3559 1308 3613 οὐκ
1332 3559 1447 3613 ἐστι
1492 3562 1740 3632 πορνεία,
1779 3562 1916 3617 ἀλλὰ

330 3645 521 3715 ςιθόνος
544 3647 665 3701 ἐστὶ
684 3648 797 3701 τῶν
830 3650 1085 3719 πονηρῶν
1109 3650 1402 3722 δαιμόνων.

746 3766 885 3834 Περὶ
915 3765 1023 3820 τοῦ
1054 3766 1205 3822 ἀϐὄᾶ
1248 3767 1501 3840 Ἀμμώη.

395 3881 465 3931 a'.
509 3876 740 3947 Ἔλεγον
769 3878 901 3950 περὶ
927 3878 1021 3934 τοῦ
1070 3879 1217 3934 ἀὸὁᾶ
1256 3881 1521 3954 Ἀμμώη,
1551 3884 1634 3937 ὅτι
1679 3884 1756 3950 ὡς
1808 3886 1914 3940 ὑπ-

328 3963 458 4034 ῆγεν
480 3967 561 4031 εἰς
589 3967 689 4038 τὴν
715 3969 1033 4041 ἐκκλησίαν,
1062 3972 1164 4026 οὐκ
1194 3971 1321 4044 ἧφιε
1352 3973 1442 4028 τὸν
1473 3974 1719 4047 μαθητὴν
1748 3975 1912 4033 αὐτοῦ

330 4056 556 4125 ἔγγιστα
582 4060 751 4113 αὐτοῦ
787 4064 1181 4136 περιπατῆσαι,
1209 4065 1345 4120 ἀλλὰ
1366 4067 1474 4121 ἀπὸ
1493 4069 1768 4142 μακρόθεν
1783 4089 1796 4103 ·
1816 4073 1912 4127 καὶ

327 4150 377 4201 εἰ
407 4149 609 4222 ἦρχετο
640 4152 916 4223 ἐρωτῆσαι
946 4155 1074 4225 περὶ
1112 4156 1387 4226 λογισμῶν
1408 4198 1423 4224 ,
1452 4157 1529 4222 ὡς
1550 4158 1735 4227 ἔλεγεν
1763 4160 1912 4232 αὐτῷ

330 4241 512 4310 μόνον,
541 4242 745 4306 εὐθέως
796 4243 1018 4298 ἐδίωκεν
1078 4246 1262 4315 αὐτὸν,
1313 4247 1490 4317 λέγων
1513 4265 1527 4280 ’
1563 4251 1789 4321 Μήποτε
1820 4251 1913 4307 λα-

327 4333 560 4388 λούντων
587 4335 743 4407 ἡμῶν
767 4337 897 4408 περὶ
919 4338 1204 4408 ὠφελείας,
1239 4340 1456 4414 ἐγκύψῃ
1476 4342 1522 4374 ’⁷⁸
1553 4342 1676 4416 ξένη
1701 4344 1907 4416 ὁμιλίαι

325 4426 590 4480 διὰτοῦτο
625 4427 725 4480 οὐκ
758 4428 883 4497 ἀφῶ
917 4446 975 4481 σε
1013 4428 1241 4499 ἔγγιστά.
1274 4448 1399 4496 μου.
1806 4444 1807 4447 ‘

398 4518 468 4589 β’.
511 4517 736 4588 Ἔλεγεν
775 4521 805 4573 6
834 4518 1008 4584 ἀϐϐἄς
1048 4520 1312 4592 ’Λμμώης
1350 4522 1429 4595 τῷ
1456 4523 1602 4597 ὰϐὂᾷ
1640 4526 1837 4601 Ἠσαῖᾳ
1864 4528 1911 4560 ⁷⁸

328 4613 393 4682 τῇ
418 4612 560 4683 ἀρχῇ
591 4628 604 4641 ·
642 4612 766 4676 Πῶς
796 4630 867 4685 με
898 4612 1116 4684 βλέπεις
1166 4613 1328 4686 apvt;
1362 4616 1526 4686 Λέγει
1576 4619 1727 4692 αὐτῷ
1760 4639 1774 4653 ’
1819 4623 1907 4687 Ὠς

328 4702 578 4771 ἄγγελον,
607 4704 813 4775 Πάτερ.
863 4704 974 4759 Kal
1007 4706 1087 4768 εἰς
1130 4705 1199 4760 τὰ
1239 4706 1441 4778 ὕστερα
1475 4708 1659 4779 ἔλεγεν
1707 4715 1857 4788 αὐτῷ
1887 4736 1902 4751 .

329 4794 452 4859 Πῶς
500 4813 566 4866 με
606 4794 703 4851 νῦν
739 4795 989 4866 βλέπεις;
1024 4796 1083 4850 Ὀ
1113 4796 1172 4850 δέ
1211 4797 1394 4867 ἔλεγεν
1420 4816 1432 4830 ’
1483 4800 1571 4862 Ὣς
1610 4802 1703 4856 τὸν
1732 4806 1906 4864 Σατα-

329 4886 424 4937 νᾶν
456 4898 472 4914 ⁸
501 4886 607 4939 κᾶν
653 4885 811 4955 λόγον
845 4903 936 4955 μοι
971 4886 1227 4959 λαλήσεις
1263 4888 1492 4957 ἀγαθὸν,
1526 4890 1603 4955 ὡς
1630 4894 1908 4967 ῥομφαίαν

329 4976 493 5030 αὐτὸν
529 4977 657 5047 ἔχω.

395 5073 466 5136 γ’.
507 5067 735 5138 Ἔλεγον
783 5069 910 5142 περὶ
952 5069 1046 5122 τοῦ
1088 5069 1233 5127 ἀϐὗᾶ
1275 5072 1530 5144 Ἀμμώη,
1555 5076 1637 5130 ὅτι
1691 5078 1910 5148 ἠσθένει

327 5160 589 5232 κλινήρης
607 5159 683 5215 ῶν
710 5161 801 5214 ἐπὶ
829 5160 999 5215 πολλὰ
1044 5161 1159 5235 ἔτη,
1200 5164 1297 5218 καὶ
1325 5165 1576 5220 οὐδέποτε
1612 5169 1791 5240 ἀφῆκε
1821 5173 1914 5228 τὸν

396 5318 444 5351 ⁷⁸
474 5319 561 5375 ΔΙ.
599 5321 954 5393 παρεμπέσῃ.
999 5322 1046 5354 ⁷⁸
1074 5322 1161 5378 Ai.
1207 5325 1401 5397 Ἀσέῳ.
1433 5325 1482 5358 ⁷⁸
1506 5324 1643 5382 Gen.
1675 5344 1820 5390 XLVI,
1847 5332 1900 5384 5.

392 5433 513 5506 (ιε),
548 5432 659 5487 Τοῦ
686 5432 773 5503 μὴ
808 5433 1157 5506 ἀναγγεῖλαι
1207 5439 1387 5505 αὐτῷ.
1435 5440 1685 5500 Eiusdem
1727 5443 1898 5497 inter-

324 5504 579 5579 pretatio,
624 5504 941 5579 conservare"
974 5504 1118 5561 illud
1149 5509 1290 5579 apud
1322 5504 1422 5563 rue.
1465 5510 1666 5572 Ruﬁni,
1695 5522 1754 5566 ut
1796 5531 1899 5567 non

321 5575 473 5628 illum
496 5573 745 5629 dicerem.
768 5574 1049 5632 Habebam
1079 5580 1132 5633 in
1165 5573 1358 5635 codice
1385 5582 1672 5643 ειιο,αὐτό.
1696 5581 1896 5638 Verum

324 5643 560 5701 Ruﬁnus
584 5659 686 5701 ms.
721 5646 1089 5714 Corbciensis,
1127 5657 1183 5702 ut
1216 5667 1318 5704 non
1357 5650 1438 5703 illi
1461 5651 1707 5706 dicerem.

2030 3192 2243 3255 portam
2308 3184 2506 3241 sedens
2552 3197 2721 3239 senex
2765 3197 2945 3238 carcus
2975 3189 3029 3239 et
3062 3181 3310 3239 claudus.
3345 3179 3489 3235 Dicit
3553 3181 3603 3236 ei

2020 3289 2227 3331 senex:
2288 3275 2559 3346 Cuperem
2619 3273 2709 3328 hic
2776 3271 3016 3328 residere
3060 3286 3265 3343 paucos
3306 3270 3447 3337 dies,
3505 3271 3603 3326 sed

2018 3378 2240 3438 propter
2271 3383 2457 3423 senem
2499 3368 2649 3422 hunc
2699 3382 2809 3421 non
2851 3382 3098 3437 possum.
3148 3366 3393 3420 Audiens
3437 3363 3603 3435 igitur

2017 3460 2188 3515 abbas
2249 3459 2491 3524 Achilas,
2544 3457 2803 3527 senisque
2859 3456 3217 3511 humilitatem
3274 3455 3598 3520 admiratus,

2016 3550 2158 3605 dixit
2183 3572 2194 3605 :
2222 3548 2349 3604 llaec
2383 3563 2492 3603 non
2530 3556 2613 3604 est
2638 3546 2952 3613 lornicatio,
2986 3546 3080 3603 sed
3126 3547 3331 3603 invidia
3369 3554 3454 3602 est
3481 3560 3601 3611 ma-

2016 3639 2193 3695 lorum
2224 3640 2556 3695 daemonum.

2523 3774 2601 3830 De
2632 3773 2823 3829 abbate
2847 3780 3085 3829 Ammae.

2085 3889 2136 3945 1.
2160 3888 2551 3962 (50)Dicebant
2569 3890 2636 3945 de
2663 3890 2859 3946 abbate
2900 3888 3149 3954 Ammoe,
3179 3889 3325 3960 quod
3376 3890 3602 3961 quando

2014 3982 2083 4037 ad
2112 3981 2403 4037 ecclesiam
2451 3989 2723 4052 pergeret,
2757 3996 2869 4036 non
2896 3981 3242 4052 permittebat
3267 3980 3598 4050 discipulum

2013 4088 2173 4129 suum
2200 4086 2368 4143 prope
2392 4087 2451 4127 se
2486 4072 2790 4138 ambulare,
2832 4073 3005 4129 sed~a
3039 4074 3236 4144 longe;
3272 4080 3325 4128 et
3347 4072 3395 4129 si
3426 4073 3602 4129 venis-

2012 4174 2095 4222 set
2123 4165 2462 4236 interrogare
2491 4164 2560 4221 de
2592 4165 3042 4236 cogitationibus,
3070 4180 3196 4220 mox
3256 4174 3315 4219 ut
3363 4180 3596 4235 respon-

2010 4257 2184 4322 derat,
2208 4256 2394 4312 statim
2426 4255 2737 4326 expellebat
2766 4271 2914 4320 eum,
2934 4256 3124 4311 dicens
3152 4272 3166 4309 :
3193 4254 3271 4309 Ne
3299 4254 3440 4309 forte
3467 4252 3601 4307 dum

2015 4348 2221 4419 aliquid
2248 4364 2316 4405 ex
2346 4363 2451 4404 usu
2484 4347 2781 4419 loquimur,
2810 4347 3159 4418 peregrinum
3190 4347 3397 4418 irrepat
3425 4345 3600 4401 collo-

2017 4441 2207 4512 quium
2241 4458 2255 4495 :
2296 4439 2421 4494 ideo
2450 4447 2505 4495 te
2537 4454 2648 4494 non
2680 4439 2802 4494 sino
2836 4453 3007 4509 prope
3027 4453 3133 4493 me.

2085 4532 2141 4588 2.
2166 4532 2277 4605 (5|)
2314 4531 2461 4586 Dixit
2489 4530 2660 4586 abbas
2689 4530 2948 4585 Ammoes
2975 4529 3159 4584 abbati
3190 4529 3344 4585 Isaite
3397 4529 3556 4584 initio
3578 4545 3601 4584 :

2008 4608 2133 4691 ~Quo
2160 4634 2321 4693 pacto
2358 4637 2443 4679 me
2484 4620 2641 4677 vides
2682 4621 2848 4676 modo
2875 4620 2898 4675 ‘l
2929 4619 3231 4690 Respondit
3261 4636 3276 4675 :
3317 4619 3472 4674 Velut
3500 4635 3603 4674 an-

2010 4717 2210 4788 gelum,
2259 4714 2446 4771 Pater.
2508 4715 2576 4769 Et
2631 4713 3034 4786 posterioribus
3087 4711 3428 4782 temporibus
3471 4711 3597 4764 ait:

2009 4807 2168 4862 Nune
2196 4800 2307 4877 quo
2333 4806 2499 4864 modo
2525 4823 2615 4864 me
2648 4806 2840 4863 vides?
2864 4804 2933 4859 Et
2958 4804 3087 4860 ille:
3114 4802 3275 4859 Velut
3300 4801 3599 4871 Satanam;

2010 4901 2261 4970 quamvis
2298 4900 2502 4955 bonum
2532 4901 2599 4954 ad
2632 4915 2720 4956 me
2752 4896 3051 4970 protuleris
3119 4909 3444 4955 sermonem,
3503 4893 3599 4947 in-

2012 5001 2131 5048 star
2157 4991 2319 5062 gladii
2351 4991 2500 5047 illum
2516 4991 2712 5048 habeo.

2086 5085 2121 5138 5
2178 5082 2324 5156 (52)
2356 5082 2621 5139 Dixerunt
2651 5083 2719 5140 de
2750 5082 2949 5139 abbate
2970 5081 3218 5143 Ammoe,
3247 5076 3392 5149 quod
3418 5090 3600 5148 aegro-

2017 5175 2212 5231 taverit
2250 5176 2578 5232 recumbens
2607 5176 2661 5231 in
2697 5175 2840 5231 lecto
2867 5190 2963 5245 per
3019 5172 3205 5243 plures
3247 5185 3444 5237 annos,
3493 5179 3594 5223 nec

2081 5440 2194 5509 (49)
2234 5438 2341 5509 vix.
2375 5439 2526 5509 13w.
2553 5454 2626 5499 ιν.
2667 5440 2721 5494 9.

2082 5507 2194 5577 (50)
2240 5507 2346 5563 Vit.
2386 5507 2540 5562 Patr.
2568 5525 2647 5573 ιι,
2688 5509 2743 5565 5.

2080 5579 2192 5647 (Pii)
2232 5578 2334 5632 Vit.
2374 5577 2527 5632 l’atr.
2555 5595 2642 5644 ιι,
2685 5581 2739 5633 4.

2076 5648 2189 5722 (Si)
2230 5648 2335 5704 Vit.
2366 5647 2521 5704 Patr.
2559 5666 2641 5715 tv,
2672 5651 2763 5706 ιι.
