4054 6206
351 263 454 321 129

768 373 910 444 Περὶ
951 374 1060 428 τοῦ
1101 372 1254 429 d666,
1298 371 1529 428 Ἀνούϐ.

421 494 490 548 a'.
509 491 826 561 Διηγήσατο
849 491 878 542 ὁ
900 489 1075 551 assa;
1099 487 1370 558 Ἰωάννης,
1390 489 1471 540 ὅτι
1493 487 1521 540 δ
1552 488 1728 552 assa;
1757 488 1946 542 Ἀνοὺϐ
1973 449 2022 505 Α

355 586 446 641 καὶ
477 585 506 638 6
535 581 710 644 6666i;
742 579 958 650 Ποιμὴν
996 579 1090 632 καὶ
1124 581 1172 632 οἱ
1219 579 1396 632 λοιποὶ
1426 579 1644 648 ἀδελφοὶ
1670 581 1951 642 αὑτῶν,ἐκ

360 678 496 748 μιᾶς
531 673 744 736 κοιλίας
769 672 941 734 ὄντες,
980 671 1075 724 καὶ
1125 669 1347 739 μοναχοὶ
1381 671 1440 721 ἐν
1466 673 1531 740 τῇ
1563 671 1758 741 Σκήτει
1799 671 1952 738 γενό-

353 775 533 840 μνοι,
564 765 654 818 ὅτε
684 759 848 834 ἦλθον
877 763 925 814 οἱ
951 759 1199 823 Mactata;
1232 761 1326 812 καὶ
1351 761 1657 831 ἡρήμωσαν
1687 761 1857 830 αὐτὴν
1885 761 1948 813 16

356 859 593 929 πρῶτον,
623 854 980 925 ἀνεχώρησαν
1003 851 1236 914 ἐκεῖθεν,
1257 853 1350 905 καὶ
1383 847 1548 921 ἦλθον
1576 854 1656 915 είς
1677 853 1842 905 τόπον
1863 868 1955 907 κα·

353 947 613 1019 λούμενον
641 944 984 1017 Τερενοῦθιν,
1001 944 1106 1006 ἕως
1126 935 1186 995 οῦ
1214 944 1531 1013 σκοπήσωσι
1559 943 1676 1006 πῶς
1698 944 1952 1011 ὀφείλωσι

357 1044 575 1112 μεῖναι.
600 1040 710 1093 Kal
751 1038 972 1108 ἔμειναν
1009 1036 1126 1088 ἐκεῖ
1155 1035 1236 1098 είς
1281 1033 1509 1087 παλαιὸν
1553 1034 1697 1104 ἱερὸν
1748 1035 1952 1105 μικρὰς

355 1132 587 1205 ἡμέρας.
606 1127 739 1184 Elite
759 1129 815 1182 δὲ
831 1131 858 1182 6
871 1126 1246 1190 ἀϐὗᾶςἈνοῦϐ
1262 1124 1338 1195 τῷ
1357 1125 1498 1196 άὸϐᾷ
1516 1126 1739 1196 Ποιμένι
1752 1145 1763 1156 ο
1787 1128 1953 1197 Ποίη-

358 1241 448 1277 σον
465 1224 689 1294 ἀγάπην
707 1240 717 1253 ο
738 1229 802 1275 σὺ
820 1219 914 1274 καὶ
934 1221 982 1272 οἱ
1015 1217 1235 1286 ἀδελφοί
1261 1234 1354 1270 σου
1383 1216 1614 1280 ἕκαστος
1636 1217 1952 1288 καταμόνας

355 1315 644 1386 ήσυχάσει,
680 1314 774 1365 καὶ
821 1311 896 1381 μὴ
936 1309 1340 1378 ἀπαντήσωμεν
1373 1309 1626 1378 ἀλλήλοις
1660 1311 1759 1379 τὴν
1794 1308 1946 1361 ἐϐδο-

363 1405 503 1474 μάδα
534 1401 762 1470 ταύτην.
797 1401 903 1452 Kal
927 1393 1079 1451 εἶπεν
1109 1400 1137 1450 6
1169 1397 1343 1462 ὰὸϐἄς
1374 1400 1616 1469 Ποιμήν·
1664 1399 1751 1461 Ὠς
1775 1398 1951 1462 θέλεις

361 1494 640 1564 ποιοῦμεν.
682 1491 795 1544 Kal
835 1491 1098 1561 ἐποίησαν
1141 1489 1331 1553 οὕτως.
1359 1486 1467 1543 τΗν
1496 1490 1551 1543 δὲ
1591 1491 1706 1542 ἐκεῖ
1729 1490 1951 1558 ἄγαλμα

358 1584 558 1638 λίθινον
592 1586 650 1637 ἐν
683 1581 832 1652 αὐτῷ
859 1583 937 1652 τῷ
986 1580 1116 1652 ἱερῷ
1144 1599 1158 1611 ο
1191 1581 1285 1634 καὶ
1322 1581 1574 1651 ἠγείρετο
1598 1582 1626 1633 6
1651 1582 1828 1652 γέρων
1855 1581 1899 1612 κθ
1922 1583 1950 1634 6

359 1676 531 1740 ἀϐϐἄς
575 1675 767 1728 Ἀνοὺὸ
812 1674 952 1728 κατὰ
1007 1672 1175 1743 πρωῒ,
1208 1673 1307 1726 καὶ
1337 1673 1630 1726 ἐλιθοϐόλει
1679 1674 1740 1726 τὸ
1779 1673 1948 1744 πρόσ-

358 1787 508 1825 ωπον
538 1768 638 1822 τοῦ
661 1767 990 1837 ἀγάλματος,
1027 1765 1121 1819 xal
1147 1764 1268 1819 καθ’
1296 1765 1534 1836 ἑσπέραν
1552 1766 1736 1832 ἔλεγεν
1764 1764 1912 1834 αὐτῷ
1931 1781 1944 1795 ο
1981 1804 2022 1857 Β

355 1858 729 1930 Συγχώρησόν
765 1876 873 1928 μοι.
895 1859 996 1910 Kal
1030 1856 1318 1928 ἐπλήρωσε
1350 1857 1450 1926 τὴν
1479 1855 1746 1926 ἑϐδομάδα
1771 1855 1945 1919 οὕτως

359 1951 559 2004 ⁴ποιῶν.
593 1951 670 2020 Τῇ
705 1949 761 2001 δὲ
786 1948 965 2019 ήμέρᾳ
996 1947 1398 2001 τοῦσαδὸάτου
1426 1949 1749 2018 ἀπήντησαν
1781 1947 1946 2018 ἀλλή-

358 2043 500 2105 λοις,
551 2044 645 2096 καὶ
681 2037 832 2094 εἶπεν
880 2043 908 2093 6
956 2039 1128 2103 άὸὗᾶς
1163 2040 1372 2112 Ποιμήν
1405 2039 1484 2111 τῷ
1537 2039 1680 2109 άϐϐᾷ
1731 2038 1942 2092 Ἀνούϐο

356 2130 516 2188 Εἷδόν
557 2150 648 2198 σε,
689 2131 866 2197 assa,
901 2134 967 2203 τῇ
1028 2131 1282 2201 ἐϐδομάδι
1324 2130 1500 2204 ταύτῃ
1546 2130 1833 2194 λιθάζοντα
1886 2130 1948 2183 τὸ

358 2227 651 2298 πρόσωπον
680 2223 776 2278 τοῦ
828 2214 1172 2294 ἀγάλματος,
1229 2225 1320 2276 καὶ
1360 2225 1403 2255 ⁸¹
1457 2224 1742 2294 μετάνοιαν
1799 2223 1948 2294 αὐτῷ

359 2318 616 2374 ποιοῦντα
653 2335 668 2348 ·
706 2318 894 2381 πιστὸς
927 2317 1213 2388 ἄνθρωπος
1254 2314 1431 2369 ταῦτα
1465 2319 1647 2381 ποιεῖ;
1699 2316 1807 2370 Kal
1845 2316 1949 2368 ἀπ-

366 2411 560 2483 εκρίθη
584 2412 612 2463 6
646 2410 823 2479 γέρων
844 2427 858 2440 ·
880 2410 989 2463 Kal
1004 2409 1165 2463 τοῦτο
1181 2410 1240 2462 16
1270 2410 1501 2479 πρᾶγμα
1516 2408 1582 2460 δι’
1607 2409 1749 2478 ὑμᾶς
1765 2407 1950 2477 ἐποίη-

363 2518 448 2554 σα.
488 2502 610 2554 Ὅτι
633 2499 678 2531 θ’
708 2499 877 2552 είδετέ
909 2517 975 2570 με
1002 2496 1381 2552 λιθοϐολοῦντα
1411 2496 1472 2548 τὸ
1517 2497 1806 2567 πρόσωπον
1853 2494 1946 2548 τοῦ

361 2593 696 2662 ἀγάλματος,
735 2594 810 2664 μὴ
866 2591 1124 2662 ἐλάλησεν
1145 2633 1159 2654 ,
1190 2589 1222 2661 ἢ
1280 2588 1560 2660 ὠργίσθη;
1594 2588 1704 2640 Kal
1737 2583 1889 2640 εἶπεν
1920 2587 1948 2638 6

362 2683 532 2747 6665.;
563 2685 798 2754 Ποιμήν·
826 2681 922 2736 Ού.
957 2683 1067 2736 Kal
1107 2681 1292 2744 πάλιν,
1319 2681 1400 2733 ὅτι
1436 2679 1626 2731 ἔὸαλον
1675 2678 1823 2748 αύτῷ
1857 2695 1950 2748 με-

359 2774 596 2837 τάνοιαν,
615 2775 690 2844 μὴ
725 2771 1022 2843 ἐταράχθη,
1053 2770 1148 2824 καὶ
1181 2766 1354 2833 εἶπεν,
1392 2769 1465 2821 Οὐ
1508 2767 1811 2838 συγχωρῶ;
1842 2766 1950 2818 Kal

359 2860 513 2918 εἶπεν
541 2867 568 2916 6
589 2865 765 2928 ἀὸὁᾶς
798 2866 1035 2934 Ποιμήν·
1069 2861 1166 2916 Οὔ.
1195 2862 1305 2915 Kal
1346 2857 1498 2933 εἶπες)
1529 2862 1557 2913 6
1589 2859 1768 2930 γέρων
1788 2876 1802 2890 ·
1841 2858 1951 2912 Kal

359 2958 524 3027 ἡμεῖς
554 2951 648 3008 οὖν
673 2957 841 3026 ἐσμεν
869 2953 1008 3008 ἐπτά
1044 2952 1293 3022 ἀδελφοί·
1340 2954 1390 3005 εἰ
1432 2951 1616 3004 θέλετε
1641 2949 1725 3001 ἵνα
1757 2949 1951 3018 μείνω-

365 3066 465 3120 μεν
492 3049 608 3120 μετ’
638 3048 902 3119 ἀλλήλων,
918 3045 1204 3117 γενώμεθα
1229 3043 1418 3116 ὥσπερ
1439 3044 1498 3097 τὸ
1520 3043 1742 3113 ἄγαλμα
1769 3040 1947 3104 τοῦτο,

1448 258 2067 315 ΑΡΟΡΠΤΠΕΟΜΛΤΑ
2108 259 2424 317 PATRUM.

3519 263 3623 320 ἰδ’)

2604 379 2682 433 De
2717 378 2898 432 abbate
2938 378 3108 432 Anub.

2126 489 2177 542 t.
2213 490 2320 561 (58
2347 491 2364 560 )
2387 489 2513 546 Haec
2545 492 2758 548 abbatis
2792 491 3021 548 Joannis
3072 491 3318 546 narratio
3378 493 3626 550 exstitit:

2050 586 2234 638 Abhas
2292 585 2451 640 Anub
2498 595 2552 640 et
2599 586 2769 639 abbas
2813 584 3036 640 Poemen
3081 601 3145 640 ac
3183 586 3377 656 reliqui
3427 585 3624 643 fratres

2050 691 2263 740 eorum,
2317 691 2382 730 ex
2431 692 2542 730 uno
2589 687 2746 731 utero
2777 678 2906 739 orti,
2939 676 3212 746 vitamque
3265 678 3624 730 monasticam

2050 766 2105 819 in
2133 767 2279 822 Sceti
2303 779 2546 838 agentes,
2564 769 2783 837 quando
2808 774 3075 822 venerunt
3103 767 3333 820 Mazices
3355 781 3418 818 ac
3442 773 3622 820 vasta-

2050 864 2249 910 verunt
2273 873 2391 912 eam
2423 860 2682 926 primum,
2714 859 3091 913 discesserunt
3127 857 3296 922 illinc,
3323 866 3620 911 venerunt-

2051 963 2158 1016 que
2183 949 2247 1001 ad
2287 949 2465 1002 locum
2503 949 2725 1003 nomine
2755 948 3116 1011 Terenuthin,
3146 963 3211 1001 eo
3238 949 3357 1002 loco
3381 946 3627 1002 mansuri

2051 1038 2226 1094 donec
2275 1041 2652 1111 prospicerent
2697 1041 2918 1095 ubinam
2955 1040 3217 1094 deberent
3263 1038 3535 1094 habitare.
3563 1038 3629 1091 Et

2051 1142 2375 1188 manserunt
2406 1134 2479 1188 ibi
2514 1135 2722 1204 aliquot
2768 1134 2886 1188 dies
2937 1134 2990 1188 in
3033 1134 3232 1202 templo
3263 1133 3496 1203 quodam
3533 1146 3630 1185 an-

2053 1224 2227 1293 tiquo.
2267 1224 2411 1278 Dixit
2435 1234 2616 1279 autem
2653 1224 2822 1278 abbas
2855 1224 3014 1277 Anub
3043 1225 3108 1277 ad
3141 1224 3391 1276 abbatem
3419 1221 3630 1276 Patrue-

2055 1333 2175 1371 nem
2213 1337 2226 1372 :
2260 1317 2367 1372 Fac
2397 1335 2533 1388 opus
2558 1319 2882 1383 charitatis;
2918 1325 2973 1370 tu
3012 1323 3066 1369 ct
3099 1316 3296 1370 fratres
3328 1316 3426 1379 tui,
3456 1331 3630 1370 unus-

2051 1405 2284 1475 quisque
2306 1407 2594 1478 separatim
2620 1422 2683 1458 ac
2708 1407 2948 1461 solitarie
2975 1406 3156 1475 degat,
3172 1423 3270 1460 nec
3289 1414 3478 1460 mutuo
3494 1421 3628 1461 con-

2053 1498 2365 1568 grediamur
2389 1517 2482 1570 per
2507 1501 2647 1554 hanc
2677 1499 3091 1553 hebdomadam.
3120 1499 3423 1567 Respondit
3455 1501 3626 1554 abbas

2052 1589 2272 1644 Pmmen
2303 1609 2314 1644 ε
2343 1591 2807 1657 Quemadmodum
2856 1592 2961 1654 vis,
3005 1591 3292 1645 faciemus.
3331 1593 3506 1660 Atque
3554 1593 3628 1646 ita

2056 1683 2325 1737 fecerunt.
2362 1682 2488 1734 Erat
2518 1692 2702 1737 autem
2737 1684 2846 1737 illic
2876 1685 2995 1752 ipso
3039 1684 3093 1737 in
3138 1683 3346 1753 templo
3399 1683 3630 1737 simula-

2054 1786 2206 1824 crum
2241 1773 2548 1842 lapideum;
2609 1781 2662 1828 et
2711 1773 2951 1841 quotidie
2981 1774 3239 1843 surgebat
3278 1790 3436 1827 mane
3464 1789 3632 1830 senex

2053 1865 2223 1919 abbas
2249 1865 2427 1926 Anub,
2455 1880 2517 1919 ac
2538 1865 2591 1918 in
2615 1864 2805 1920 faciem
2835 1865 3114 1920 simulacri
3138 1866 3381 1933 jactabat
3401 1866 3628 1935 lapides;

2052 1970 2279 2023 vespere
2316 1971 2446 2009 vero
2501 1957 2716 2010 dicebat
2747 1959 2795 2010 ei
2827 1975 2839 2009 :
2871 1957 3096 2026 Ignosce
3143 1957 3300 2010 milii.
3350 1956 3429 2011 Ac
3459 1965 3629 2010 totam

2055 2043 2447 2097 liebdomadeiu
2474 2045 2795 2112 pertransiit
2827 2046 2906 2100 sic
2961 2047 3187 2100 faciens.
3235 2045 3456 2100 Sabbati
3504 2062 3633 2100 veto

2054 2136 2165 2199 die,
2195 2138 2479 2204 congressi
2511 2145 2658 2191 sunt.
2683 2136 2830 2189 Dixit
2855 2152 2984 2205 ergo
3007 2137 3174 2190 abbas
3199 2135 3417 2190 Pmmen
3449 2137 3632 2190 abbati

2053 2229 2257 2283 Anub:
2293 2227 2413 2282 Vidi
2442 2239 2519 2292 te,
2559 2230 2696 2284 abba
2749 2245 2842 2298 per
2880 2229 3276 2285 hebdomadam
3303 2229 3444 2284 hanc
3485 2233 3632 2284 saxis

2055 2325 2239 2382 petere
2267 2312 2456 2367 faciem
2490 2313 2794 2376 simulacri,
2823 2324 2874 2368 et
2902 2330 3041 2384 genu
3067 2314 3205 2368 flexo
3229 2315 3296 2367 ab
3325 2330 3389 2367 eo
3415 2315 3630 2368 veniam

2055 2405 2340 2472 postulare
2378 2427 2388 2458 :
2417 2403 2580 2457 homo
2616 2405 2718 2458 fide
2743 2407 3003 2474 praeditus
3034 2407 3210 2460 istanc
3239 2405 3416 2459 facit?
3452 2406 3633 2460 Senex

2055 2503 2171 2549 tum
2244 2497 2525 2566 respondit
2574 2515 2586 2550 :
2647 2496 2798 2550 Hanc
2864 2513 2993 2566 ergo
3057 2513 3170 2551 rem
3230 2507 3410 2552 vestra
3461 2497 3633 2569 gratia

2056 2588 2182 2642 feci.
2215 2585 2442 2643 Vidistis
2473 2605 2558 2643 me
2591 2590 2795 2659 lapides
2819 2590 3108 2658 iacientem
3139 2590 3194 2643 in
3239 2590 3428 2644 faciem
3465 2591 3639 2645 simu-

2056 2679 2226 2745 lacri;
2261 2695 2406 2732 nunc
2430 2691 2559 2734 tunc
2582 2680 2821 2735 locutum
2850 2692 2937 2754 est
2964 2691 3058 2735 aut
3089 2682 3143 2736 in
3182 2681 3318 2735 iram
3347 2686 3642 2753 prorupit?

2056 2770 2204 2826 Dixit
2251 2772 2421 2826 abbas
2471 2773 2690 2828 Poamcn
2731 2793 2744 2828 :
2790 2773 3163 2843 Nequaquam.
3228 2774 3425 2828 lterum
3496 2776 3637 2829 vidi-

2060 2865 2185 2931 stis,
2218 2864 2480 2918 inclinato
2511 2881 2742 2934 corpore
2794 2865 3000 2934 ignosci
3050 2866 3181 2918 mihi
3233 2869 3633 2934 postulantem;

2058 2957 2499 3009 nuncturbatum
2529 2965 2634 3017 est,
2664 2971 2726 3009 ac
2753 2956 2889 3008 dixit
2924 2975 2937 3009 :
2963 2955 3082 3009 Non
3116 2957 3385 3026 ignosco?
3411 2956 3636 3026 Excepit

2057 3048 2228 3102 abbas
2278 3046 2498 3102 Paamen
2537 3067 2548 3101 :
2591 3047 2932 3105 Nullatenus.
3009 3047 3164 3102 Tunc
3213 3064 3377 3104 senex
3412 3069 3426 3104 :
3463 3049 3635 3104 Etiam

360 3143 498 3213 ὅπερ
535 3142 630 3195 ἐὰν
682 3139 914 3212 ὑϐρισθῇ
951 3140 983 3209 ἢ
1015 3139 1061 3169 ⁸³
1093 3137 1349 3208 δοξασθῇ,
1389 3137 1448 3191 οὑ
1488 3136 1841 3208 ταράσσεται.
1887 3134 1950 3186 Εἰ

2058 3154 2161 3194 nos
2198 3155 2348 3209 ergo,
2394 3139 2590 3208 inquit,
2626 3156 2816 3195 sumus
2853 3148 3058 3210 septem
3097 3140 3325 3207 fratres;
3358 3141 3403 3196 si
3435 3143 3636 3211 cupitis

357 3224 428 3288 δὲ’
448 3234 511 3286 ού
541 3232 722 3286 θέλετε
755 3231 1008 3300 γενέσθαι
1048 3230 1242 3294 οὕτως,
1280 3229 1388 3282 ίδοὺ
1416 3229 1675 3299 τέσσαρες
1703 3226 1870 3278 πύλαι
1904 3225 1951 3256 ⁸⁸

361 3327 502 3380 ιίσὶν
536 3327 593 3378 ἐν
629 3323 709 3394 τῷ
753 3321 885 3394 ἱερῷ
907 3340 920 3354 ·
949 3321 1180 3384 ἕκαστος
1226 3321 1360 3374 ὅπου
1395 3319 1524 3390 θέλῃ
1566 3317 1806 3388 ἀπέλθῃ.
1841 3315 1953 3368 Kal

362 3414 556 3469 ἔϐαλον
596 3415 821 3479 ἑαυτοὺς
875 3414 1070 3485 χαμαὶ,
1103 3414 1352 3482 λέγοντες
1395 3411 1473 3481 τῷ
1517 3410 1660 3481 ἀὸὅᾷ
1717 3409 1905 3462 Ἀνούϐ
1933 3426 1946 3439 ·

374 3507 465 3570 Ὠς
503 3505 696 3570 θέλεις,
719 3506 922 3577 Πάτερ,
945 3505 1224 3576 ποιοῦμεν,
1264 3505 1357 3558 καὶ
1378 3503 1646 3573 ἀκούομεν
1671 3503 1746 3566 ὡς
1771 3502 1951 3571 λέγεις

363 3600 518 3670 ἡμῖν.
548 3593 684 3651 Elite
730 3598 786 3651 δὲ
805 3599 840 3652 .6
871 3598 1043 3662 άϐϐἄς
1081 3598 1312 3669 Ποιμήν,
1337 3598 1419 3650 ὅτι
1476 3594 1801 3666 Ἐμείναμεν
1829 3595 1949 3666 μετ.

363 3689 610 3760 ἀλλήλων
631 3690 721 3742 τὸν
749 3689 964 3743 ἅπαντα
995 3690 1185 3762 χρόνον
1212 3689 1393 3760 ἡμῶν,
1422 3687 1776 3759 ἐργαζόμενοι
1806 3686 1948 3741 κατὰ

362 3783 458 3836 τὸν
483 3781 640 3850 λόγον
677 3780 770 3835 τοῦ
808 3781 1063 3853 γέροντος
1102 3781 1160 3836 ὃν
1185 3778 1336 3834 εἶπεν
1371 3783 1501 3852 ἡμῖν
1522 3797 1535 3810 ·
1568 3781 1949 3850 καταστήσαν-

363 3891 458 3936 1o;
481 3873 646 3926 αὐτοῦ
674 3874 769 3927 ἕνα
804 3874 860 3940 ἐξ
882 3874 1041 3944 ἡμῶν
1078 3873 1359 3943 οἰκονόμον
1377 3889 1390 3902 °
1417 3872 1512 3925 καὶ
1546 3872 1653 3925 πᾶν
1681 3872 1817 3941 ὅπερ
1841 3870 1949 3924 ἐτί-

367 3965 449 4020 θει
479 3968 611 4037 ἡμῖν
653 3966 940 4035 ὴσθίομεν·
995 3966 1091 4018 καὶ
1128 3963 1386 4018 ἀδύνατον
1421 3959 1488 4034 ἦν
1520 3964 1693 4015 εἰπεῖν
1745 3979 1862 4014 τινα
1895 3960 1956 4025 ἐξ

364 4057 546 4130 ἡμῶν,
594 4057 730 4128 Φέρε
773 4058 908 4126 ἡμῖν
937 4057 982 4088 ⁸⁸
1010 4055 1139 4110 ἄλλο
1164 4056 1218 4108 τί
1252 4071 1415 4118 ποτε,
1455 4053 1488 4124 ἢ
1533 4055 1729 4115 εἰπεῖν,
1763 4053 1845 4106 ὅτι
1878 4053 1952 4106 Οὐ

367 4149 594 4220 θέλομεν
627 4150 674 4182 ⁸⁸
706 4149 866 4203 τοῦτο
898 4151 1112 4219 φαγεῖν.
1154 4147 1267 4202 Kal
1311 4145 1606 4217 ἐποιοῦμεν
1638 4145 1730 4199 τὸν
1779 4145 1955 4200 πάντα

366 4241 559 4313 χρόνον
584 4243 618 4312 ή
627 4241 743 4311 μῶν
767 4244 824 4295 ἐν
839 4240 1139 4294 ἀναπαύσει
1164 4239 1258 4293 καὶ
1285 4240 1497 4310 εἰρήνῃ.

2060 3241 2119 3286 ιιι
2145 3232 2307 3287 simul
2349 3247 2691 3297 maneamus,
2722 3233 3022 3287 efficiamur
3053 3235 3202 3288 velut
3233 3234 3364 3288 illud
3406 3235 3635 3289 simula-

2058 3337 2247 3386 crum;
2283 3322 2426 3391 quod
2453 3322 2568 3377 sive
2607 3323 2937 3376 contumelia
2969 3323 3082 3378 sive
3115 3323 3321 3378 honore
3350 3323 3634 3388 afﬁciatur,

2059 3429 2168 3467 non
2190 3414 2554 3467 conturbatur
2583 3414 2724 3469 ideo.
2759 3413 2815 3468 Si
2846 3431 2977 3470 vero
3009 3415 3085 3469 ita
3117 3431 3226 3469 non
3252 3416 3416 3469 vultis
3450 3431 3632 3486 agere,

2057 3520 2187 3559 ecce
2212 3513 2449 3574 quatuor
2480 3513 2650 3574 porta:
2683 3513 2934 3574 prostant
2967 3505 3020 3559 in
3050 3507 3273 3576 templo,
3298 3505 3454 3560 abeat
3476 3523 3638 3562 unus-

2056 3597 2290 3667 quisque
2322 3611 2650 3665 quocunque
2684 3597 2972 3665 placuerit.
3015 3597 3092 3650 Illi
3125 3613 3184 3652 se
3215 3597 3363 3650 humi
3396 3606 3636 3666 prostra-

2054 3692 2272 3750 verunt,
2307 3685 2549 3738 dicentes
2580 3683 2648 3737 ad
2715 3684 2964 3739 abbatem
3023 3685 3184 3739 Anub
3225 3704 3240 3740 :
3273 3687 3637 3751 Quemadmo-

2056 3775 2187 3830 dum
2222 3775 2324 3836 vis,
2359 3773 2541 3835 Pater.
2589 3774 2891 3840 faciemus;
2927 3776 3433 3845 obtemperabimus
3473 3777 3637 3832 dictis

2058 3868 2188 3922 tuis.
2234 3867 2439 3923 Retulit
2482 3883 2644 3938 porro
2674 3869 2845 3924 abbas
2875 3868 3094 3923 Pcemen
3122 3887 3136 3922 :
3169 3868 3471 3924 Mausimus
3527 3884 3634 3922 una

2059 3973 2155 4027 per
2181 3972 2342 4012 omne
2366 3958 2488 4012 vitae
2522 3968 2755 4026 tempus,
2788 3959 2998 4029 operati
3024 3959 3181 4026 juxta
3223 3959 3446 4012 verbum
3485 3959 3636 4013 senis

2058 4051 2203 4121 quod
2247 4051 2385 4104 dixit
2414 4050 2605 4116 nobis;
2643 4051 2894 4104 cumille
2937 4065 3104 4102 unum
3155 4065 3186 4104 e
3227 4050 3388 4104 nobis
3427 4051 3635 4105 consu-

2057 4143 2254 4198 tuisset
2279 4156 2623 4196 asconomum
2643 4160 2658 4206 ;
2680 4151 2733 4196 et
2761 4140 3026 4211 quidquid
3072 4142 3230 4197 nobis
3283 4153 3632 4212 apposuerat,

2059 4235 2507 4298 comedebamus,
2543 4250 2645 4290 nec
2674 4235 2874 4291 licebat
2904 4235 3110 4303 dicere,
3143 4237 3224 4292 vel
3265 4253 3278 4290 :
3314 4237 3460 4293 Alter
3486 4236 3634 4293 aliud

370 4334 523 4404 quid,
586 4335 672 4390 vel
703 4353 717 4388 :
746 4334 861 4390 Hoc
917 4336 1175 4390 nolumus
1226 4331 1580 4388 manducare.
1645 4331 1824 4402 Atque
1867 4331 1943 4387 ita
1979 4345 2144 4386 omne
2174 4331 2298 4386 vita:
2350 4340 2555 4388 nostra:
2584 4340 2799 4403 tempus
2825 4331 2881 4386 in
2942 4331 3129 4402 quiete
3185 4348 3248 4387 ac
3277 4349 3412 4404 pace
3479 4349 3635 4407 pere-

367 4426 572 4492 gimus.

443 4516 508 4587 β’.
555 4512 722 4570 Εἶπεν
757 4519 786 4571 6
825 4517 999 4581 ἀῦὁᾶς
1041 4513 1263 4570 ’Λνούὸο
1304 4513 1392 4580 Ἐξ
1433 4515 1497 4570 οὖ
1541 4512 1604 4566 16
1636 4512 1807 4584 ὄνομα
1853 4514 1944 4567 τοῦ

2120 4513 2174 4569 2.
2207 4513 2316 4585 (59)
2364 4513 2505 4568 Dixit
2537 4513 2706 4569 abbas
2743 4513 2905 4569 Anub
2940 4533 2952 4568 :
2993 4513 3067 4570 Ex
3106 4531 3216 4586 quo
3257 4525 3494 4585 tempore
3535 4533 3632 4572 no-

366 4607 606 4678 Χριστοῦ
637 4605 838 4679 ἐκλήθη
886 4607 972 4660 ἐπ’
1001 4605 1118 4674 ἐμὲ,
1166 4604 1264 4658 οὐκ
1309 4601 1500 4673 ἐξῆλθε
1529 4599 1718 4671 ψεῦδος
1750 4605 1815 4655 ἐκ
1855 4602 1946 4656 τοῦ

370 4699 637 4771 στόματός
668 4716 790 4771 μου.

775 4809 914 4879 Περὶ
942 4809 1047 4864 τοῦ
1077 4809 1228 4866 ἀόϐᾱ
1274 4808 1541 4880 Ἀϐραάμ.

443 4927 517 4976 α’.
545 4923 768 4990 Ἔλεγον
801 4922 928 4993 περί
962 4939 1104 4986 τινος
1139 4921 1410 4992 γέροντος,
1440 4921 1522 4974 ὅτι,
1564 4918 1784 4989 ἐποίησε
1817 4935 1948 4971 πεν-

365 5014 604 5085 τήκοντα
643 5014 759 5084 ἐτη,
807 5015 940 5084 μήτε
978 5012 1139 5084 ἄρτον
1180 5011 1373 5065 ἐσθίων
1409 5013 1544 5084 μήτε
1593 5006 1732 5064 οἶνον
1779 5010 1950 5063 πίνων

363 5105 522 5175 ταχύ.
555 5105 664 5158 Kal
697 5104 898 5173 ἔλεγεν,
928 5105 1009 5156 ὃτι
1052 5103 1369 5156 Ἀπέκτεινα
1415 5103 1512 5174 τὴν
1564 5101 1818 5174 πορνείαν
1854 5099 1950 5154 καὶ

363 5195 468 5268 τὴν
498 5197 860 5269 φιλαργυρίαν
893 5196 988 5250 καὶ
1021 5194 1116 5268 τὴν
1155 5194 1477 5259 κενοδοξίαν.
1509 5195 1619 5247 Kal
1656 5189 1784 5265 ἦλθε
1817 5192 1952 5263 πρὸς

365 5286 530 5342 αύτδν
558 5289 587 5340 6
614 5287 786 5351 6666i;
826 5288 1092 5358 Ἀϐραὰμ,
1122 5286 1358 5348 ἀκούσας
1388 5285 1470 5338 ὅτι
1501 5281 1620 5337 εἷπε
1651 5282 1825 5347 τοῦτο,
1857 5281 1952 5336 xal

442 5439 488 5472 ιο
529 5440 655 5509 ὁγέ

369 5511 443 5565 ab
475 5511 544 5564 al.
627 5511 674 5541 ⁸⁸
698 5511 782 5564 Al.
821 5510 980 5566 θέλω.

465 5623 556 5688 58)
599 5620 704 5676 Vit.
741 5621 892 5678 Patr.
923 5639 1009 5684 xv,
1045 5623 1125 5676 Η.

467 5693 558 5763 89)
597 5692 704 5749 Vit.
733 5691 883 5748 Patr.
913 5710 1028 5765 vui,
1066 5694 1153 5748 58.

2054 4619 2180 4658 men
2211 4602 2414 4657 Christi
2443 4604 2748 4657 invocatum
2781 4610 2867 4657 est
2891 4618 3056 4674 super
3079 4619 3184 4668 me,
3217 4618 3325 4658 non
3351 4619 3631 4676 egressum

2055 4694 2156 4750 fuit
2193 4695 2537 4751 mendacium
2565 4711 2628 4750 ex
2658 4709 2754 4749 ore
2783 4710 2924 4751 meo.

2524 4805 2604 4860 De
2628 4805 2816 4860 abbate
2842 4806 3165 4862 Abrahamo.

2127 4917 2178 4971 l.
2207 4917 2316 4988 (60)
2361 4923 2429 4978 De
2463 4918 2695 4988 quodam
2742 4933 2873 4973 sene
2921 4917 3250 4982 referebant,
3283 4917 3426 4988 quod
3457 4933 3631 4974 annos

2055 5008 2447 5079 quinquaginta
2467 5009 2657 5080 egerit,
2677 5024 2777 5064 nec
2798 5024 2989 5079 panem
3012 5007 3302 5062 comedens
3328 5024 3428 5064 nec
3445 5009 3628 5064 vinum

2054 5099 2267 5164 bibens,
2311 5099 2489 5154 facile.
2540 5100 2616 5154 Ac
2657 5101 2872 5155 dicebat
2910 5118 2924 5154 :
2964 5097 3422 5162 Fornicationem,
3456 5101 3634 5156 avari-

2056 5189 2184 5244 tiam
2211 5197 2264 5245 et
2291 5205 2481 5244 vanam
2521 5191 2746 5262 gloriam
2781 5191 3002 5261 peremi.
3051 5188 3206 5255 Quod
3235 5189 3324 5243 ubi
3363 5191 3430 5245 ab
3456 5207 3520 5247 eo
3547 5192 3633 5248 di-

2056 5289 2204 5337 ctum
2235 5280 2404 5337 fuisse
2431 5282 2636 5336 audivit
2658 5283 2825 5338 abbas
2852 5280 3143 5342 Abraham,
3166 5281 3420 5350 accessit,
3447 5283 3634 5354 aitque

662 5456 770 5515 ρῳν
808 5441 960 5515 abest
998 5440 1067 5495 ab
1118 5440 1192 5494 al.
1267 5439 1310 5472 "
1337 5439 1424 5495 Al.
1465 5439 1561 5493 καὶ
1607 5437 1790 5492 πάλιν.
1866 5436 1953 5490 ⁸¹ι

2057 5435 2167 5488 ὅτε.
2229 5434 2277 5466 ⁸³
2308 5433 2488 5490 Deest.
2521 5435 2556 5505 ἦ
2588 5436 2642 5490 in
2686 5437 2758 5490 al.
2834 5436 2880 5469 “
2906 5437 2991 5493 Al.
3027 5441 3198 5499 στοαί.
3234 5442 3280 5475 ⁸⁸
3313 5436 3483 5495 Abest
3503 5442 3630 5515 ἡμῖν

2125 5616 2239 5691 (60)
2282 5617 2391 5676 Vit.
2421 5617 2574 5680 Patr.
2601 5636 2656 5686 ι,
2687 5620 2774 5676 i5.
