4054 6206
312 339 413 394 135

1416 329 2028 385 APOPHTIIEGMATA
2069 329 2379 387 PATBUH.

3473 333 3565 390 {3|

289 448 443 512 abeo;
474 448 533 501 δὲ
565 446 656 500 διά
693 444 785 498 τὸν
809 444 943 498 Θεὸν
972 444 1191 516 ἔρχεται
1220 443 1448 498 ἀκοῦσαι
1475 444 1652 512 λόγον.
1688 444 1883 516 Ἐργά-

1995 461 2313 502 sermonem.
2340 446 2524 503 Bonus
2542 448 2687 504 enim
2710 457 2795 503 est
2816 450 3130 519 operarius;
3156 451 3420 523 quidquid
3446 466 3567 509 eum

291 559 389 613 της
410 541 520 610 γάρ
547 540 723 590 ἐστιν’
744 536 855 608 ,καὶ
878 536 933 589 ei
955 553 1006 588 τι
1027 536 1070 587 δ’
1098 535 1165 587 ἂν
1194 533 1333 587 εἴπω
1361 534 1531 605 αὐτῷ,
1562 534 1700 605 μετά
1723 552 1888 588 σπου·-

291 631 386 699 δῆς
414 630 589 682 ποιεῖ·
626 624 716 679 διά
740 625 901 678 τοῦτο
932 623 1091 692 κάγὼ
1128 622 1274 677 λαλῶ
1299 624 1447 696 αὐτῷ
1476 626 1569 679 τὸν
1599 624 1754 694 λόγον
1791 626 1885 679 τοῦ

295 720 446 775 Θεοῦ.

685 830 828 898 Περὶ
856 829 968 883 τοῦ
997 830 1149 884 ἀόϐᾶ
1186 832 1496 889 'Alwrlov.

361 939 434 996 α’.
476 938 643 995 Εἶπεν
679 943 710 994 6
758 940 937 1004 ἀϐὅᾶς
978 932 1230 1005 ’Δλῶνιος
1261 943 1339 975 ⁸⁸·
1364 943 1493 997 Ἐὰν
1546 943 1621 1015 μὴ
1667 944 1796 1018 εἴπῃ
1831 945 1889 999 ἐν

294 1040 363 1109 τῇ
415 1034 613 1106 καρδία
650 1033 817 1088 αὐτοῦ
859 1032 1167 1105 ἄνθρωπος,
1209 1034 1292 1088 ὅτι
1327 1035 1469 1105 Ἐγὼ
1512 1038 1672 1107 μόνος
1726 1037 1818 1090 xal
1861 1038 1891 1090 6

295 1129 431 1191 Θεὸς
456 1129 623 1198 ἐσμὲν
647 1129 706 1180 ὲν
732 1126 811 1197 τῷ
841 1127 1055 1197 κόσμῳ,
1080 1126 1180 1197 οὐχ
1206 1126 1317 1191 ἔξει
1350 1128 1676 1185 ἀνάπαυσιν.

368 1220 432 1291 β’.
483 1216 617 1272 Εῐπε
663 1218 860 1272 πάλιν·
890 1219 955 1272 Ει
1004 1219 1079 1291 μὴ
1126 1220 1189 1274 τὸ
1235 1220 1357 1273 ὅλον
1389 1221 1755 1294 κατέστρεψα,
1788 1222 1890 1275 οὐκ

297 1307 365 1365 ἂν
394 1308 666 1378 ἠδυνήθην
700 1307 939 1377 ἐμαυτὸν
970 1308 1347 1380 οἰκοδομῆσαι.

371 1399 441 1471 γ’.
469 1397 603 1453 Eius
627 1399 811 1466 πάλιν,
840 1400 924 1453 ὅτι
951 1400 1047 1454 ἐὰν
1073 1400 1204 1475 Θέλῃ
1226 1403 1255 1455 6
1282 1402 1588 1475 ἄνθρωπος,
1616 1403 1724 1458 ἀπὸ
1748 1404 1892 1476 πρωῒ

303 1493 408 1556 ἕως
434 1492 691 1562 ἑσπέρας,
716 1491 924 1561 γίνεται
957 1494 1037 1555 είς
1068 1493 1269 1564 μέτρον
1298 1492 1461 1549 θεῖον.

369 1584 432 1638 δ’.
479 1583 764 1657 Ἦρώτησέ
814 1601 944 1638 ποτε
989 1585 1017 1637 6
1065 1585 1240 1650 666i;
1285 1586 1530 1656 Ἀγάθων
1579 1589 1671 1643 τὸν
1717 1589 1891 1645 ἀΰϐᾶν

318 1676 592 1739 ’Δλώνιον,
635 1675 841 1745 λέγων·
881 1674 1005 1741 Πῶς
1056 1676 1196 1731 Θέλω
1245 1682 1466 1749 κρατεῖν
1513 1681 1614 1753 τῆς
1642 1680 1891 1753 γλώσσης

1987 552 2274 601 monuero,
2303 539 2620 608 exsequitur
2647 539 2912 595 studiose.
2961 540 3251 613 Propterea
3293 557 3396 614 ego
3431 558 3571 615 quo-

1987 638 2096 694 que
2122 622 2342 693 profero
2371 625 2477 697 ipsi
2507 641 2815 683 sermonem
2841 626 2959 686 Dei.

2512 827 2592 884 De
2625 828 2813 884 abbate
2846 830 3054 884 Alonia.

2060 939 2115 993 l.
2143 938 2258 1010 (65)
2282 938 2424 994 Dixit
2452 941 2620 997 abbas
2646 942 2871 998 Alonius
2898 962 2912 998 :
2943 944 3060 1002 Nisi
3096 948 3257 1001 homo
3286 946 3484 1002 dixerit
3518 948 3571 1002 in

1990 1028 2156 1084 corde
2202 1044 2302 1084 suo
2342 1048 2355 1084 :
2406 1028 2521 1099 Ego
2563 1032 2713 1088 solus
2750 1043 2803 1087 et
2841 1033 2983 1089 Deus
3016 1050 3207 1091 sumus
3249 1036 3305 1090 in
3347 1038 3571 1101 mundo,

1989 1120 2235 1192 requiem
2269 1137 2378 1176 non
2408 1122 2693 1180 obtinebit.

2058 1212 2114 1265 2.
2148 1211 2293 1268 Dixit
2344 1213 2583 1269 iterum:
2626 1213 2740 1272 Nisi
2785 1224 2959 1271 totum
2999 1217 3418 1287 destruxissem,
3466 1236 3576 1277 non

1990 1301 2290 1372 potuissem
2321 1303 2587 1372 mcipsum
2626 1304 2897 1360 aedificare
2924 1314 3088 1376 atque
3116 1317 3455 1364 construere.

2061 1393 2116 1448 3.
2151 1392 2263 1466 (66)
2290 1392 2489 1450 lterum
2520 1413 2534 1450 :
2564 1394 2737 1451 Homo
2764 1396 2809 1451 si
2839 1398 3090 1467 voluerit,
3126 1415 3157 1453 a
3186 1415 3346 1456 mane
3373 1399 3440 1454 ad
3483 1416 3578 1456 ve-

1993 1499 2229 1555 speram,
2264 1486 2332 1541 ad
2360 1502 2669 1543 mensuram
2698 1488 2937 1543 divinam
2969 1490 3268 1560 perveniet.

2061 1577 2114 1632 4.
2138 1577 2248 1650 (67)
2273 1577 2630 1650 interrogavit
2659 1579 2951 1649 aliquando
2977 1582 3145 1637 abbas
3171 1582 3382 1654 Agatho
3419 1584 3577 1640 abba-

1990 1676 2100 1722 tem
2128 1668 2405 1733 Alonium,
2438 1668 2629 1724 dicens
2656 1688 2668 1724 :
2703 1667 2823 1735 Quo
2853 1671 3015 1727 modo
3046 1681 3234 1741 potero
3268 1682 3450 1729 tenere
3473 1673 3577 1728 lin~

304 1783 429 1837 μου,
459 1766 549 1819 ἵνα
586 1764 664 1837 μὴ
701 1765 836 1836 λαλῇ
862 1765 1068 1836 eausa;
1112 1767 1222 1821 Kal
1268 1768 1415 1837 λέγει
1461 1770 1609 1840 αὐτῷ
1650 1774 1678 1824 6
1720 1772 1892 1836 ἀ66ἄς

1995 1772 2154 1828 guam
2182 1772 2379 1825 meam,
2405 1768 2460 1814 ut
2487 1776 2595 1815 non
2625 1762 2879 1832 loquatur
2907 1763 3230 1818 mendacia?
3270 1762 3336 1818 Et
3378 1764 3453 1819 ait
3498 1764 3571 1819 illi

313 1856 573 1919 ’Δλώνιος
596 1882 604 1889 ·
630 1855 760 1909 Ἐὰν
786 1856 858 1926 μὴ
887 1855 1054 1930 ψεύδῃ
1076 1856 1209 1927 (64),
1240 1859 1441 1924 πολλὰς
1469 1862 1744 1931 ἁμαρτίας
1776 1863 1897 1933 μέλ-

300 1948 418 2012 λεις
451 1949 651 2000 ποιεῖν.
693 1948 750 2000 '0
774 1947 829 2000 δὲ
854 1943 1001 2000 εἶπ’
1034 1946 1194 2013 Πῶς;
1229 1950 1340 2003 Καὶ
1369 1949 1517 2019 λέγει
1558 1951 1706 2022 αὐτῷ
1738 1954 1767 2005 6
1799 1955 1896 2021 γέ-

307 2057 424 2114 ρων
444 2057 461 2071 ·
500 2039 631 2093 Ἰδοὺ
659 2039 747 2092 δύο
767 2039 1039 2111 ἂνθρωποι
1064 2040 1157 2092 ἐπὶ
1184 2040 1276 2093 σοῦ
1308 2042 1467 2110 φόνον
1495 2043 1779 2114 ἐποίησαν,
1804 2044 1897 2097 καὶ

300 2134 334 2186 6
362 2126 448 2195 εἷς
490 2130 688 2199 ἔφυγεν
729 2131 808 2193 είς
854 2130 915 2185 τὸ
962 2131 1169 2185 κελλίον
1208 2149 1302 2185 σου
1325 2147 1337 2160 ·
1369 2134 1464 2187 καὶ
1508 2134 1617 2188 ἰδοὺ
1657 2138 1685 2187 6
1713 2134 1896 2206 ἀρχων

299 2219 460 2292 ζητεί
496 2221 678 2284 αὑτὸν,
717 2220 811 2274 καὶ
848 2222 1030 2292 ἐρωτᾷ
1078 2237 1137 2274 σε
1191 2222 1396 2290 λέγων’
1426 2225 1549 2278 Ἐπὶ
1598 2225 1692 2277 σοῦ
1739 2226 1896 2295 φόνος

299 2312 557 2380 γέγονεν;
592 2311 685 2365 ἑάν
727 2311 800 2381 μὴ
835 2310 1037 2383 ψεύσῃ,
1074 2312 1384 2383 παραδιδεῖς
1411 2312 1458 2347 ’⁵
1480 2314 1573 2367 τὸν
1614 2314 1895 2387 ἄνθρωπον

302 2403 382 2465 εἰς
414 2402 665 2457 θάνατον.
717 2402 936 2457 Μᾶλλον
982 2403 1119 2473 ἄφες
1164 2404 1324 2457 αὐτὸν
1357 2404 1587 2460 ἐνώπιον
1618 2406 1713 2461 τοῦ
1758 2405 1893 2461 Θεοῦ

304 2496 472 2567 χωρὶς
503 2493 752 2566 δεσμῶν
783 2494 947 2559 αὐτὸς
974 2494 1083 2567 γὰρ
1105 2490 1213 2549 οἶδε
1242 2494 1314 2549 τὰ
1341 2495 1541 2554 πάντα.

751 2698 891 2767 Περὶ
925 2698 1031 2753 τοῦ
1064 2696 1216 2753 ἁϐϐᾶ
1240 2698 1450 2768 Ἀπφύ.

374 2812 711 2883 Διηγήσαντο
754 2811 883 2882 περὶ
929 2801 1227 2864 ἐπισκόπου
1270 2811 1369 2881 τῆς
1402 2807 1731 2880 Ὀξυρύγχου
1781 2809 1897 2863 ὀνό-

306 2921 439 2975 ματι
468 2904 614 2957 ἀδεᾶ
646 2904 825 2973 Ἀπφύ
845 2920 860 2935 ·
891 2903 975 2957 ὅτι
1002 2902 1090 2956 ὅτε
1121 2898 1189 2975 ἦν
1219 2901 1469 2973 μοναχδς,
1504 2901 1703 2967 πολλὰς
1731 2901 1896 2974 σκλη-

308 2991 588 3063 ραγωγίας
625 2990 832 3043 ἐποίει*
859 2991 950 3044 ὅτε
988 2991 1042 3043 δὲ
1070 2992 1287 3059 ἐγένετο
1323 2992 1637 3056 ἐπίσκοπος,
1664 2991 1893 3064 ἠθέλησε

1997 1847 2168 1902 abbas
2196 1847 2423 1903 Alonius
2452 1866 2465 1903 :
2501 1849 2614 1906 Nisi
2647 1852 2907 1908 mentitus
2932 1852 3124 1919 fueris,
3153 1854 3324 1909 multa
3351 1865 3573 1926 peccata

1995 1939 2395 1995 commissurus
2422 1957 2502 1997 es.
2534 1941 2627 1998 Ille
2647 1962 2660 1998 :
2684 1943 2803 2010 Quo
2824 1945 3024 2016 pacto?
3047 1942 3348 2017 Respondit
3368 1963 3534 2004 senex
3558 1966 3572 2003 :

1992 2026 2134 2084 Ecce
2163 2029 2272 2085 duo
2303 2032 2403 2085 viri
2443 2047 2627 2087 coram
2675 2045 2729 2090 te
2775 2035 3127 2092 homicidium
3172 2046 3573 2108 perpetrarunt,

1995 2120 2238 2189 alterque
2262 2136 2450 2176 eorum
2483 2122 2695 2194 aufugit
2738 2124 2792 2179 in
2833 2127 3021 2181 cellam
3055 2134 3202 2181 tuam
3229 2145 3245 2193 ;
3274 2128 3427 2183 adest
3456 2144 3578 2183 ma-

1993 2212 2277 2281 gistratus,
2310 2214 2505 2284 qua-rit
2537 2231 2683 2279 eum,
2707 2231 2770 2272 ac
2803 2223 2857 2273 te
2885 2218 3183 2289 interrogat
3227 2218 3315 2275 bis
3356 2218 3571 2274 verbis:
3684 2247 3693 2253 ο

1992 2301 2132 2357 Num
2162 2303 2221 2357 in
2251 2314 2543 2376 conspectu
2577 2313 2672 2361 tuo
2701 2308 2877 2365 caedes
2905 2310 3172 2381 contigit?
3201 2308 3313 2367 Nisi
3343 2311 3576 2366 mentia-

1993 2396 2093 2459 ris,
2118 2396 2393 2451 hominem
2427 2398 2597 2454 tradis
2639 2399 2707 2454 ad
2745 2411 2995 2456 mortem.
3044 2400 3272 2457 Praastat
3318 2411 3377 2457 ut
3420 2402 3573 2458 illum

1994 2487 2237 2543 dimittas
2272 2504 2456 2543 coram
2491 2489 2622 2551 Deo.
2654 2492 2860 2563 absque
2890 2492 3144 2551 vinculis.
3191 2494 3402 2550 Cuncta
3429 2495 3573 2551 enim

1994 2576 2139 2633 Deus
2168 2579 2339 2634 novit.

2519 2692 2592 2747 De
2629 2692 2819 2747 abbate
2852 2695 3059 2766 Appltg.

2064 2801 2178 2874 (68)
2208 2800 2580 2860 Narraverunt
2609 2804 2677 2861 de
2710 2807 2966 2877 episc0po
2999 2806 3332 2880 Oxyrynchi,
3355 2810 3447 2881 qui
3477 2827 3573 2866 τοι

1993 2895 2220 2949 cabatur
2244 2895 2415 2951 abbas
2440 2895 2654 2967 Appby,
2686 2898 2832 2967 quod
2857 2898 3077 2967 quando
3109 2908 3227 2954 erat
3250 2901 3574 2966 monachus,

1993 2986 2199 3042 duriori
2255 2989 2368 3042 vita
2416 2987 2708 3057 plurimum
2761 2990 3074 3044 macerabat
3127 3006 3220 3058 se;
3271 3007 3399 3046 cum
3447 3009 3576 3047 vero

305 3066 614 3153 χρήσασόαι
641 3084 709 3153 τῇ
736 3082 872 3153 αὐτῇ
906 3082 1300 3154 σκληραγωγίᾳ
1334 3085 1429 3137 καὶ
1480 3085 1537 3139 ἐν
1568 3084 1646 3155 τῷ
1683 3084 1890 3155 κόσμῳ,

1997 3077 2286 3148 episcopus
2321 3078 2498 3134 factus
2534 3086 2637 3142 est,
2663 3079 2832 3134 voluit
2864 3079 3028 3135 etiam
3076 3081 3132 3137 in
3174 3084 3395 3147 saeculo,
3432 3084 3572 3138 idem

308 3170 400 3224 καὶ
431 3171 532 3223 οὐκ
565 3170 774 3240 ἴσχυσε.
809 3171 919 3225 Kal
948 3170 1137 3244 ἔρριψε
1162 3172 1352 3225 ἑαυτὸν
1386 3174 1612 3227 ἐνώπιον
1642 3172 1733 3227 τοῦ
1761 3173 1892 3227 Θεοῦ

2001 3168 2215 3224 vivendi
2247 3184 2418 3238 genus
2456 3170 2677 3233 sectari,
2709 3185 2810 3225 nee
2835 3172 3022 3227 valuit.
3058 3171 3244 3243 Itaque
3285 3176 3578 3243 prostravit

310 3261 519 3330 λέγων·
544 3261 638 3332 Μὴ
681 3267 787 3333 ἀρα
826 3260 915 3317 διὰ
959 3264 1058 3334 τὴν
1097 3263 1401 3335 ἐπισκοπὴν
1442 3265 1682 3335 ἀτέῆλθεν
1715 3266 1748 3335 ὴ
1796 3264 1897 3335 χά-

313 3369 404 3425 ρις
431 3352 477 3384 ⁸⁸
506 3352 601 3405 ἀπ’
648 3351 818 3423 ὲμοῦ;
860 3353 970 3406 Kal
1017 3354 1376 3424 ἀπεκαλύφθη
1425 3354 1593 3425 αὐτῷ,
1628 3355 1709 3409 ὅτι
1733 3355 1894 3426 Οὑχί’

309 3441 447 3495 ἀλλά
474 3442 592 3494 τότε
617 3440 820 3512 ἕρημος
842 3435 930 3511 ἦν,
962 3441 1056 3495 καὶ
1086 3441 1160 3512 μὴ
1194 3440 1347 3504 ὄντος
1375 3440 1684 3511 ἀνθρώπου,
1708 3442 1737 3492 6
1767 3440 1900 3505 Θεὸς

309 3532 773 3603 ἀντελαμϐάνετο·
810 3532 906 3586 νῦν
937 3534 996 3587 δὲ
1035 3534 1237 3604 κόσμος
1272 3534 1412 3599 ἐστὶ,
1460 3533 1557 3586 καὶ
1600 3532 1650 3586 oi
1693 3528 1901 3605 ﬁvOpto-i

310 3642 403 3679 ποι
432 3624 917 3696 ἀντιλαμϐάνονται
950 3640 1065 3678 σου.

704 3737 846 3806 Περὶ
874 3736 982 3792 τοῦ
1025 3735 1176 3793 ἁόϐᾶ
1213 3733 1502 3791 Ἀπολλώ.

383 3861 451 3908 α’.
473 3848 584 3907 Ἦν
604 3869 690 3917 τις
713 3850 890 3925 γέρων
916 3853 996 3915 είς
1023 3852 1092 3904 τὰ
1114 3848 1316 3903 Κελλία
1339 3844 1581 3920 ὀνόματῖ
1596 3846 1895 3911 Ἀπολλώς·

309 3946 409 4001 καὶ
433 3948 482 3998 εἰ
512 3943 710 4016 ῆρχετό
752 3960 839 4006 τις
879 3943 1044 3996 αἰτῶν
1074 3941 1234 3996 αὐτὸν
1271 3942 1351 4004 εἰς
1378 3940 1684 4011 οίονδήποτε
1716 3939 1897 4011 ἔργον,

312 4034 455 4105 μετά
490 4034 667 4104 χαρᾶς
702 4032 892 4103 ἀπῄει,
929 4030 1136 4099 λέγων’
1183 4028 1338 4083 Μετά
1379 4028 1472 4082 τοῦ
1512 4027 1750 4100 Χριστοῦ
1790 4028 1900 4099 ἔχω

311 4128 555 4198 σήμερον
580 4124 916 4195 ἐργάσασθαι
943 4122 1083 4194 ὑπὲρ
1110 4122 1207 4193 τῆς
1230 4121 1410 4193 ψυχῆς
1442 4140 1540 4193 μου
1560 4139 1573 4152 ·
1610 4114 1764 4185 οὗτος
1791 4120 1899 4193 γάρ

311 4220 460 4272 ἐστιν
487 4220 516 4271 6
543 4216 735 4287 μισθὸς
767 4216 956 4285 αὐτῆς.

388 4310 455 4380 β’.
488 4310 712 4377 Ἔλεγον
759 4300 883 4379 περί
917 4324 1061 4371 τινος
1100 4307 1245 4361 ἀόδᾶ.
1271 4304 1513 4359 ’Δπολλὼ
1562 4306 1642 4369 εἰς
1677 4305 1895 4378 Σκῆτιν,

310 4402 399 4455 ὅτι
435 4399 637 4470 ποιμὴν
667 4395 735 4470 ἦν
760 4399 1043 4468 ἄγροικος·
1081 4400 1172 4452 καὶ
1205 4398 1326 4452 ίδὼν
1348 4400 1580 4467 γυναῖκα
1616 4398 1675 4451 ὲν
1701 4396 1897 4468 γαστρὶ

311 4492 545 4563 ἔχουσαν
577 4493 634 4545 ὲν
671 4490 749 4561 τῷ
789 4490 964 4561 ἀγρῷ,
1008 4490 1323 4561 ἐνεργηθελς
1363 4490 1468 4543 ὑπὸ
1506 4489 1599 4542 τοῦ
1647 4488 1891 4542 διαϐόλου

1998 3272 2060 3313 se
2086 3272 2270 3312 coram
2305 3256 2437 3319 Deo,
2466 3256 2696 3313 dicens:
2722 3257 2861 3313 Num
2896 3260 2967 3315 ob
2997 3261 3371 3332 episcopatum
3402 3263 3578 3335 gratia

1999 3349 2227 3405 recessit
2248 3364 2279 3403 a
2305 3350 2422 3404 me?
2442 3347 2506 3402 Et
2542 3348 2598 3403 in
2627 3350 2957 3407 revelatione
2978 3349 3184 3407 dictum
3213 3362 3297 3407 est
3332 3353 3381 3408 ei
3414 3370 3430 3408 :
3459 3351 3576 3406 Non

1997 3439 2265 3505 recessit;
2315 3439 2409 3494 sed
2448 3446 2581 3495 tunc
2617 3441 2857 3497 solitudo
2897 3451 3037 3506 erat,
3087 3456 3323 3513 cumque
3361 3441 3580 3499 deesset

1996 3529 2184 3594 homo,
2217 3528 2360 3586 Deus
2382 3530 2593 3585 ferebat
2620 3545 2813 3601 opem;
2852 3547 2999 3587 nunc
3026 3546 3158 3590 vero
3199 3534 3436 3589 mundus
3483 3534 3579 3589 ad-

1997 3628 2103 3684 est,
2133 3626 2186 3674 et
2214 3619 2462 3675 homines
2488 3618 2824 3688 opitulantur
2849 3620 2968 3674 tibi.

2514 3728 2594 3782 De
2626 3729 2816 3782 abbate
2852 3729 2890 3781 Α
2897 3728 3062 3797 palla.

2070 3843 2122 3897 1.
2158 3841 2269 3916 (69)
2299 3840 2432 3895 Erat
2455 3855 2620 3897 senex
2649 3840 2701 3894 in
2730 3839 2914 3903 Collis,
2945 3837 3164 3894 nomine
3196 3838 3420 3909 Apollo;
3451 3847 3504 3894 et
3530 3840 3575 3893 si

1999 3934 2123 4005 quis
2155 3935 2381 3997 veniret,
2404 3947 2467 3986 ac
2496 3938 2700 4001 peteret
2718 3944 2840 3985 eum
2871 3929 2937 3983 ad
2968 3928 3248 3998 qubdlibet
3272 3945 3430 3998 upus,
3451 3945 3575 3983 cum

1998 4026 2183 4081 laetitia
2222 4022 2692 4095 proficiscebatur,
2720 4019 2907 4074 dicens
2936 4037 2948 4073 :
2983 4018 3118 4072 Cum
3166 4017 3385 4073 Christo
3418 4018 3581 4075 hodie

1999 4126 2253 4188 operatus
2281 4130 2399 4170 sum
2425 4128 2524 4185 pro
2557 4112 2733 4166 anima
2769 4125 2906 4166 mea.
2939 4108 3064 4165 Haec
3096 4111 3238 4165 enim
3268 4117 3349 4166 est
3384 4111 3579 4167 animae

1999 4220 2412 4348 meﬁllceDSicc-bant
2447 4287 2515 4345 de
2561 4287 2793 4360 quodam
2839 4287 3034 4343 abbate
3079 4288 3270 4358 Apollo
3312 4287 3369 4343 in
3410 4286 3576 4349 Sceti.

1998 4388 2145 4457 quod
2179 4386 2279 4441 fuit
2310 4392 2495 4455 pastor
2531 4383 2763 4453 agrestis
2788 4397 2850 4437 ac
2879 4380 3059 4446 ferus;
3082 4388 3136 4438 et
3162 4382 3275 4438 visa
3308 4382 3425 4436 ruri
3456 4399 3573 4435 mu-

1999 4480 2131 4535 liere
2176 4477 2418 4549 gravida,
2448 4492 2477 4529 a
2530 4474 2749 4530 diabolo
2805 4474 3077 4530 excitatus
3121 4472 3401 4529 :Cernere
3431 4476 3598 4533 volo..

312 4580 470 4639 εἴπεο
500 4582 649 4635 Θέλω
685 4581 808 4634 ἰδεῖν
846 4580 964 4645 πῶς
998 4580 1061 4634 τὸ
1099 4580 1299 4653 βρέφος
1327 4582 1502 4633 κεῖται
1534 4580 1592 4632 ἐν
1615 4581 1678 4650 τῇ
1715 4577 1892 4647 κοιλίᾳ

1999 4572 2195 4641 inquit,
2227 4585 2338 4640 quo
2371 4568 2532 4624 modo
2561 4565 2742 4621 infans
2773 4565 2913 4621 situs
2944 4565 3017 4620 sit
3052 4565 3107 4619 in
3138 4574 3327 4620 ventre
3350 4565 3575 4631 matris;

311 4675 517 4746 αὐτῆς·
556 4674 651 4727 καὶ
694 4672 1007 4748 ἀναρρήξας
1052 4673 1239 4742 αὐτὴν,
1279 4667 1387 4724 εἶδε
1428 4672 1487 4723 τὸ
1525 4669 1742 4740 βρέφος.
1782 4670 1892 4724 Kal

1998 4680 2170 4735 eaque
2192 4663 2441 4730 disrupta
2475 4658 2609 4714 vidit
2634 4658 2916 4713 infantem.
2944 4659 3095 4712 lllieo
3133 4668 3313 4712 autem
3345 4657 3579 4727 pulsavit

312 4766 521 4829 εὐθέως
561 4747 827 4831 ἐπάταξεν
863 4762 1026 4818 αὐτὸν
1058 4766 1091 4835 ἡ
1123 4762 1317 4834 καρδία
1350 4760 1514 4816 αὑτοῦ
1534 4777 1549 4793 ο
1590 4762 1683 4814 καὶ
1725 4778 1891 4814 κατα-

1998 4772 2123 4813 eum
2148 4769 2276 4819 cor;
2322 4760 2376 4807 et
2419 4750 2839 4821 compunetione
2894 4749 3113 4811 ductus,
3162 4749 3308 4802 venit
3354 4747 3577 4808 Sectim,

312 4858 522 4924 νυγεὶς,
546 4852 708 4929 ἦλθεν
740 4858 820 4920 εἰς
857 4855 1075 4927 Σκῆτιν,
1100 4857 1191 4909 καὶ
1223 4854 1507 4926 ἀνήγγειλε
1543 4857 1656 4917 τοῖς
1685 4854 1892 4926 Πατρά-

2003 4846 2379 4915 nuntiavitque
2423 4842 2675 4897 Patribus
2716 4841 2847 4911 quid
2894 4840 3131 4895 fecisset.
3167 4838 3387 4895 Audivit
3416 4854 3580 4909 porro

314 4966 407 5003 σιν
456 4950 485 5002 6
534 4948 808 5021 ἐποίησεν.
843 4950 1079 5002 Ἤκουσε
1125 4948 1181 5002 δὲ
1229 4946 1409 5001 αὐτῶν
1448 4945 1787 5016 ψαλλόντωνο
1827 4947 1892 4999 Al

2003 4955 2099 4997 cos
2141 4938 2435 5009 psallentes
2468 4954 2482 4989 :
2524 4933 2646 4989 Dies
2682 4949 2957 4988 annorum
3008 4940 3309 4986 nostrorum
3352 4931 3407 4983 in
3451 4930 3581 5000 ipsis

311 5040 529 5111 ἡμέραι
581 5038 700 5094 τῶν
746 5038 897 5093 ἐτῶν
924 5038 1094 5110 ἡμῶν
1140 5039 1211 5093 ἐν
1256 5040 1457 5105 αὐτοῖς
1497 5035 1892 5106 ἐϐδομήκοντα

2005 5030 2337 5100 septuaginta
2376 5028 2537 5092 anui;
2578 5027 2625 5080 si
2677 5035 2852 5079 autem
2898 5025 2953 5077 in
3002 5021 3357 5091 potentatibus
3388 5060 3402 5081 ,
3438 5030 3582 5076 octo-

311 5136 423 5202 ἐτη
441 5151 455 5165 ’
491 5134 600 5188 ἐὰν
630 5133 699 5187 δὲ
729 5134 798 5187 ἐν
841 5132 1245 5198 δυναστείαις,
1278 5129 1678 5201 ὀγδοήκοντιν
1707 5126 1805 5182 καὶ
1835 5127 1892 5182 τε

2008 5125 2155 5196 ginta
2180 5137 2198 5176 :
2227 5131 2277 5177 et
2302 5120 2530 5189 amplius
2557 5134 2761 5183 eorutn,
2794 5115 2946 5171 labor
2971 5123 3023 5171 et
3062 5112 3214 5169 dolor
3235 5113 3300 5170 ".
3326 5112 3582 5189 Dixitque

391 5288 544 5344 "Al.
586 5288 843 5351 Ἀλωνᾶς.
920 5286 966 5319 ³⁸
1004 5287 1088 5341 Al.
1122 5283 1446 5358 παραδίδως.
1522 5284 1568 5318 ’⁵
1597 5281 1684 5337 Al.
1707 5281 1878 5338 inser.

1995 5296 2027 5333 l.
2104 5279 2151 5312 "
2187 5277 2332 5332 Psal.
2364 5289 2587 5338 Lxxxtx,
2618 5273 2703 5329 lO.

393 5421 507 5496 (66)
548 5426 693 5482 Ἐὰν
707 5424 793 5496 μὴ
825 5425 1047 5496 ψεύδῃ,
1068 5433 1174 5481 etc.
1202 5423 1554 5480 Colbertinus
1574 5423 1716 5477 liber
1738 5422 1902 5492 longe
2079 5418 2192 5557 (65)
2229 5415 2333 5498 Vit.
2361 5415 2514 5469 Patr.
2551 5428 2629 5479 xl,
2660 5414 2713 5468 5.

397 5512 482 5551 am
519 5497 741 5552 exhibet
793 5498 1230 5557 responsionem,
1278 5496 1382 5550 hoc
1409 5506 1567 5557 pacto
1598 5513 1611 5549 :
1664 5495 1847 5545 Ἔστω
1874 5492 1902 5544 6
2102 5488 2191 5557 66)
2230 5485 2335 5557 Yu.
2367 5485 2623 5557 Patr._xn,
2660 5484 2711 5537 6.

308 5484 741 5567 aliam'exhibe't
778 5484 1249 5567 'réspou'sionem,
1278 5496 1382 5550 hoc
1409 5506 1567 5567 pacto
1598 5513 1611 5549 :
1661 5484 1902 5567 Ἔστωᾌ
2230 5485 2335 5567 [ξι.
2367 5485 2626 5567 Reinh)“,
2660 5484 2711 5537 6.

310 5552 451 5639 νοῦς
499 5584 596 5639 σου
640 5552 901 5639 πάντοτέ
923 5552 1346 5639 προσηλωμένος
1377 5552 1771 5639 εἷςᾼτὺνῃφόϐον
1807 5560 1903 5639 τοῦ
2228 5552 2768 5639 Dorot'l‘t.‘Doctr..§.

310 5623 476 5703 Θεοῦ,
504 5637 601 5707 καὶ
628 5623 990 5707 ἀδιαλείπτως
1023 5623 1341 5706 μνὴμδνευε
1352 5623 1449 5687 τοῦ
1467 5623 1892 5707 Οανάξὲου,ᾐκαὶοξ

2086 5623 2197 5707 (Si?)
2240 5623 2344 5707 K'I‘:
2377 5624 2529 5707 ἒαὲνσ
2559 5640 2645 5688 κνο
2686 5624 2769 5707 '§-

313 5710 398 5780 μὴ
415 5694 682 5780 ψεύσεσαί
700 5723 848 5759 ποτε.
864 5705 946 5761 Sit
964 5694 1106 5780 mens
1120 5694 1214 5758 ἶιιιι
1224 5720 1425 5771 semper
1443 5706 1619 5780 tintori
1642 5694 1733 5755 Dei
1749 5702 1892 5770 aﬂixt

2086 5694 2198 5767 (69)
2240 5694 2345 5750 Vit.
2380 5694 2533 5749 Patr.
2562 5709 2697 5761 xvu,
2718 5701 2777 5754 ὃ.

315 5774 611 5834 ἱιύὲςὶάιιι
638 5786 892 5831 memento
931 5777 1135 5831 mortis.
1176 5790 1265 5828 nec
1301 5774 1561 5830 memie‘ria
1591 5789 1844 5842 unquam.
