4054 6206
260 357 358 414 137

1365 360 1980 420 ΑΡΟΡΙΙΤΠΕΟΜΑΤΑ
2025 364 2336 423 PATRUM.

3428 384 3532 436 138

256 473 347 527 καὶ
387 471 417 525 6
449 469 634 543 γέρων
663 469 937 542 ἡσύχασεν
985 471 1066 535 εἰς
1100 470 1160 526 τὸ
1198 470 1328 526 ἴδιον
1372 474 1597 528 κελλίον.
1635 475 1722 540 Ὠς
1752 471 1833 530 οὖα.

1948 491 2046 532 sua
2098 478 2333 549 quietem
2391 484 2518 554 egit.
2569 485 2861 559 Postquam
2913 505 3041 562 ergo
3097 497 3537 562 pertransier-unt

257 565 656 637 ἐπληρώθησαν
692 565 1094 638 δεκατέσσαρες
1140 567 1362 637 ἡμέραι,
1411 568 1761 639 ἐλυπήθησαν
1796 571 1844 622 οἱ

259 659 473 725 ἀδελφοὶ
503 657 648 710 κατὰ
675 656 768 710 τοῦ
799 659 1074 726 γέροντος,
1105 659 1185 711 ὅτι
1227 658 1329 712 οὐκ
1363 656 1502 715 εἶδον
1537 660 1696 714 αὐτὸν
1733 660 1846 714 πώο

261 768 384 804 ποτε
403 750 717 821 κινηθέντα,
749 751 845 804 καὶ
879 749 1089 818 ἔλεγον·
1123 751 1487 822 Κατήργησεν
1512 755 1540 806 6
1576 753 1754 824 γέρων
1786 753 1847 806 τὸ

259 845 487 912 πρᾶγμα
525 841 707 912 ἡμῶν.
753 842 830 912 Τῇ
881 841 938 894 δὲ
988 842 1446 914 πεντεκαιδεκάτῃ
1499 844 1682 916 ἡμέρα
1724 861 1845 897 συν⁸

256 932 499 1003 ήχθησαν
532 933 580 984 οἱ
621 930 838 1000 ἀδελφοὶ
884 931 1025 984 κατὰ
1061 931 1157 994 τὰς
1208 933 1513 1000 συνταγάς·
1560 935 1656 988 καὶ
1680 936 1725 996 ,ὁ
1755 934 1846 1002 γέ-

257 1041 362 1093 ρων
407 1018 543 1092 ἦλθε
584 1021 720 1094 πρὸς
762 1021 960 1084 αὐτοὺς
999 1021 1136 1091 ἔχων
1186 1022 1283 1093 τὴν
1329 1024 1544 1094 Σάκραν
1593 1024 1706 1094 (7|)
1741 1023 1855 1089 ὑπὸ,

253 1115 342 1167 τοῦ
375 1115 642 1184 βασιλέως
685 1113 1152 1185 ὲσφραγισμένην.
1193 1115 1412 1180 Ἰδόντες
1445 1116 1500 1169 δὲ
1538 1118 1588 1170 οἱ
1626 1117 1846 1187 ἀδελφοὶ

254 1209 574 1277 ἐξέστησαν,
622 1206 870 1275 λέγοντες
896 1223 908 1236 ·
948 1208 1084 1260 Πότε
1121 1206 1322 1279 ταύτην
1369 1209 1625 1280 ἤνεγκας,
1664 1210 1841 1275 ἀϐὁᾶς

252 1300 362 1352 Kal
394 1300 546 1367 λέγει
580 1301 608 1352 6
633 1300 840 1370 γέρων’
884 1297 1221 1352 Πιστεύσατέ
1255 1318 1365 1371 μοι,
1397 1297 1640 1370 ἀδελφοὶ,
1669 1302 1752 1355 ὅτι
1786 1302 1843 1354 ἐν

251 1392 424 1463 ταύτῃ
447 1395 510 1462 τῇ
534 1393 689 1444 νυκτὶ
713 1389 953 1461 ἀπῆλθον
977 1391 1112 1462 πρὸς
1133 1391 1224 1444 τὸν
1251 1391 1494 1462 βασιλέα,
1515 1394 1608 1446 καὶ
1637 1393 1842 1465 ἔγραψε

251 1485 350 1554 τὴν
398 1485 614 1554 Σάκραν
658 1483 896 1552 ταύτην·
943 1482 1037 1535 καὶ
1097 1482 1267 1535 ἐλθὼν
1313 1486 1393 1548 εἰς
1442 1485 1842 1556 Ἀλεξάνδρειαν

254 1577 548 1646 ὑπέγραψα
611 1575 784 1646 αὐτὴν
833 1573 982 1644 παρὰ
1020 1574 1129 1628 τῶν
1165 1575 1470 1646 ἀρχόντων·
1529 1577 1624 1630 καὶ
1669 1577 1843 1641 οὕτως

250 1663 414 1738 ἦλθον
447 1667 581 1735 πρὸς
615 1667 784 1738 ὑμᾶς.
831 1665 1192 1730 ’Λκούσαντες
1237 1666 1294 1719 δὲ
1348 1666 1712 1739 ἐφοϐήθησαν,
1750 1669 1842 1722 καὶ

247 1758 442 1811 ἔϐαλον
471 1756 620 1828 αὐτῷ
649 1757 962 1827 μετάνοιανο
997 1757 1092 1810 καὶ
1121 1755 1324 1826 ἠνύσθη
1375 1757 1556 1810 αὐτῶν
1597 1757 1658 1810 τὸ
1702 1760 1843 1830 πρᾶ-

244 1868 382 1921 γμα,
411 1851 511 1904 xal
543 1849 644 1902 οὒκ
669 1848 978 1919 ἠνώχλησεν
1005 1847 1188 1912 αὐτοῖς
1217 1850 1231 1880 ί
1260 1852 1287 1904 6
1316 1847 1518 1920 ἄρχων.

719 1959 882 2031 Ἀρχὴ
914 1958 1006 2012 τοῦ
1036 1961 1076 2012 Β
1108 1959 1394 2032 στοιχείου.

572 2075 710 2144 Περὶ
740 2075 842 2128 τοῦ
869 2075 1138 2146 μεγάλου
1169 2077 1514 2131 Βασιλείου.

319 2190 525 2258 Ἐλεγέ
549 2208 633 2253 τις
662 2190 768 2243 τῶν
795 2190 1090 2261 γερόντων,
1118 2191 1200 2244 ὅτι
1227 2193 1255 2244 ὁ
1283 2191 1438 2260 ἅγιος
1467 2191 1747 2256 Βασίλειος
1781 2196 1839 2247 ἐν

241 2282 502 2352 κοινοϐίῳ
540 2299 609 2334 πα
622 2282 887 2352 ραϐαλὼν,
918 2284 1058 2353 μετὰ
1092 2283 1191 2355 τὴν
1223 2284 1539 2356 πρέπουσαν
1580 2287 1836 2341 διδασκα-

242 2377 360 2428 λίαν
389 2376 541 2438 λέγει
573 2374 649 2443 τῷ
677 2376 995 2446 ἡγουμένῳο
1040 2377 1227 2446 Ἔχεις
1255 2377 1484 2443 ἀδελφὸν
1513 2373 1616 2432 ὧδε
1647 2379 1838 2450 ἔχοντα

246 2469 523 2538 ὕπακοήνς
570 2468 626 2519 Ὀ
653 2468 710 2520 δὲ
735 2467 883 2536 λέγει
913 2468 1093 2538 αὐτῷ·
1126 2470 1335 2533 Πάντες
1365 2470 1543 2524 δοῦλοί
1577 2471 1669 2525 σού
1704 2475 1834 2535 εἰσι,

245 2559 336 2612 καὶ
390 2557 752 2621 σπουδάζουσι
810 2557 1086 2628 σωθῆναι,
1149 2559 1404 2614 δέσποτα.
1466 2564 1635 2617 Πάλιν
1685 2565 1836 2633 λέγει

243 2650 394 2720 αὐτῷ
415 2667 429 2680 ο
461 2650 645 2719 Ἔχεις
671 2651 730 2702 ὲν
753 2649 982 2721 ἀληθείᾳ
1002 2651 1123 2707 τινὰ
1155 2651 1350 2722 ἔχοντα
1377 2653 1656 2724 ὑπακοήν;
1697 2656 1754 2707 '0
1778 2656 1835 2708 δὲ

243 2745 476 2813 ἤνεγκεν
521 2741 668 2811 αὐτῷ
699 2743 797 2795 ἕνα
842 2743 1106 2812 ἀδελφόν·
1151 2746 1245 2798 καὶ
1293 2746 1564 2816 ἐχρήσατο
1625 2748 1834 2800 aia-tim”

246 2838 323 2898 είς
349 2836 410 2888 τὸ
436 2837 654 2905 ἄριστον
679 2836 960 2907 ὑπηρέτην
985 2837 1005 2867 ³
1037 2837 1065 2888 ὀ
1091 2837 1244 2905 ἅγιος
1268 2838 1567 2902 Βασίλειος.
1599 2840 1754 2893 Μετὰ
1778 2840 1836 2894 δὲ

246 2927 304 2979 τὸ
329 2926 650 2995 γεύσασθαι,
676 2925 874 2979 ἔδωκεν
903 2926 1048 2997 αὐτῷ
1074 2927 1330 2996 νίψασθαι
1347 2944 1360 2958 ο
1389 2928 1483 2982 καὶ
1514 2927 1661 2996 λέγει
1684 2929 1834 3000 αὐτῷ

245 3018 273 3070 6
309 3017 466 3084 ἆγιος
505 3016 810 3080 Βασίλειος·
837 3015 1025 3087 Δεῦρο,
1062 3018 1216 3087 κάγὼ
1245 3018 1400 3071 δώσω
1436 3036 1516 3072 σοι
1552 3019 1829 3090 νίψασθαι.

255 3108 314 3161 ’0
339 3108 397 3161 δὲ
429 3105 750 3170 κατεδέξατο
783 3106 947 3160 αὐτοῦ
978 3107 1286 3178 ὲπιχέοντος
1313 3108 1374 3162 τὸ
1404 3109 1567 3182 ὕδωρ.
1611 3111 1719 3164 Kal
1749 3109 1834 3164 λέο

246 3216 330 3264 γει
375 3197 548 3268 αὐτῷ,
594 3199 676 3252 ὅτι
723 3200 890 3252 Ὅταν
930 3198 1262 3270 είσέρχωμαι
1307 3203 1386 3264 εἰς
1432 3201 1493 3255 τὸ
1545 3203 1830 3273 ίερατείον,

242 3290 404 3359 δεῦρο
433 3291 524 3344 ἵνα
568 3291 777 3360 ποιήσω
824 3307 882 3342 σε
920 3289 1186 3344 διάκονον.
1239 3292 1349 3344 Kal
1389 3292 1579 3346 τούτου
1604 3295 1832 3364 γενοξλιέ⁸

241 3399 356 3445 νου,
394 3381 646 3450 εποίησεν
687 3382 849 3434 αὑτὸν
879 3381 1280 3453 πρεσϐύτερον·
1313 3383 1406 3436 καὶ
1441 3383 1633 3438 ἐλαϐεν
1670 3387 1833 3441 αὑτὸν

246 3473 366 3545 μεθ’
419 3473 612 3527 ἑαυτοῦ
659 3476 738 3538 εἰς
780 3474 839 3527 τὸ
889 3475 1255 3539 ἐπισκοπεῖον,
1303 3473 1393 3528 διὰ
1437 3475 1537 3546 τὴν
1585 3477 1832 3552 ὑπακοὴν

245 3581 435 3622 αυτου.

601 3767 737 3835 Περὶ
763 3768 868 3821 τοῦ
893 3767 1042 3823 ἁόϐᾶ
1068 3771 1442 3841 Βισαριωνος
1465 3776 1510 3827 ⁵.

316 3886 386 3933 α’.
424 3878 650 3947 Ἔλεγεν
682 3881 709 3932 ὁ
742 3879 914 3943 ἀϐϐᾶς
952 3880 1155 3946 Δουλᾶς
1188 3883 1214 3935 6
1248 3882 1497 3954 μαθητὴς
1549 3882 1644 3936 τοῦ
1685 3883 1831 3937 ἀϐὅᾶ

245 3972 599 4043 Βισαρίωνος,
631 3973 712 4025 ὅτι
749 3973 1070 4027 Ὀδευόντων
1093 3974 1250 4044 ἡμῶν
1287 3993 1416 4028 ποτε
1438 3977 1516 4038 εἰς
1542 3974 1708 4045 δχθαν
1731 3977 1832 4046 τῆς

247 4065 546 4135 θαλάσσης,
582 4064 831 4136 ἐδίψησα,
869 4066 962 4118 καὶ
991 4060 1144 4118 εἶπον
1194 4065 1274 4135 τῷ
1307 4066 1451 4138 ἀϐὁᾷ
1499 4067 1824 4139 Βισαρίωνι·

258 4156 428 4209 ’A66c‘i
449 4196 463 4220 ,
495 4156 634 4225 διψῶ
670 4157 830 4209 πάνυ.
863 4157 974 4209 Καὶ
1006 4159 1239 4227 ποιήσας
1271 4159 1434 4230 εὐχὴν
1467 4160 1494 4212 6
1523 4159 1720 4232 γέρων,
1744 4159 1830 4212 λέ-

242 4264 330 4315 γει
369 4264 495 4318 μοι·
538 4247 636 4298 Ille
679 4248 742 4299 ὲκ
781 4246 882 4316 τῆς
920 4246 1217 4317 θαλάσσης.
1260 4249 1371 4301 Kal
1422 4248 1729 4320 ὲγλυκάνθη
1769 4249 1830 4302 τὸ

243 4340 410 4410 ὕδωρ,
455 4339 551 4392 καὶ
585 4337 756 4393 ἔπιον.
805 4340 945 4407 Ἐγὼ
995 4341 1050 4394 δὲ
1092 4339 1332 4411 ἤντλησα
1367 4343 1446 4405 εἰς
1493 4341 1554 4394 τὸ
1585 4343 1826 4411 ἀγγεῖον,

243 4434 457 4503 μήποτε
502 4434 633 4502 παρ’
677 4435 794 4486 ἐκεῖ
821 4432 934 4503 (72)
966 4433 1197 4504 διψήσω.
1240 4435 1351 4488 Kal
1395 4434 1518 4488 ἰδὼν
1561 4436 1591 4487 6
1623 4434 1826 4506 γέρων,

1947 569 2064 626 dies
2091 574 2523 642 quattuordecim.
2562 577 2824 649 indignati
2855 591 2983 637 sunt
3031 582 3224 640 fratres
3270 589 3535 642 adversus

1947 677 2155 729 senem,
2180 667 2324 736 quod
2356 683 2462 723 non
2490 669 2723 725 viderint
2751 672 2900 726 illum
2925 674 3198 732 ullatenus
3226 688 3532 734 moventem

1948 771 2035 820 se;
2073 771 2136 811 ac
2169 758 2426 815 dixerunt
2455 781 2466 815 :
2498 762 2715 818 lrritum
2753 764 2879 820 fecit
2905 776 3082 822 ‘senex
3129 770 3405 840 negotium
3429 787 3533 828 no-

1947 857 2140 902 strum.
2182 851 2383 916 Quinta
2429 853 2637 908 decima
2697 871 2826 910 vero
2874 857 2962 912 die
3013 858 3324 930 congregati
3383 868 3530 928 sunt,

1945 942 2403 1012 quemadmodum
2437 945 2832 1013 condixerant;
2863 951 3116 1020 venitque
3142 951 3210 1005 ad
3238 967 3332 1008 eos
3367 969 3534 1010 senex

1945 1048 2071 1088 cum
2109 1032 2277 1089 Sacra
2322 1037 2390 1090 ab
2431 1038 2756 1108 imperatore
2791 1040 3100 1112 obsignata.
3135 1043 3292 1109 Quod
3349 1046 3531 1100 intuiti

1945 1125 2163 1192 fratres,
2196 1127 2632 1199 obstupuerunt,
2687 1131 3048 1203 dixeruntque
3080 1153 3093 1188 :
3126 1133 3356 1200 Quando
3412 1152 3532 1190 eam

1945 1216 2196 1282 attulisti,
2244 1217 2424 1272 abba?
2468 1218 2557 1274 Ait
2595 1236 2758 1275 senex
2799 1241 2810 1276 :
2849 1221 2977 1277 Mihi
3034 1224 3260 1289 credite,
3301 1225 3530 1290 fratres;

1945 1306 2048 1361 hac
2077 1317 2234 1363 nocte
2258 1310 2322 1364 ad
2347 1311 2728 1380 imperatorem
2759 1314 2890 1381 abii,
2924 1323 2979 1370 et
3005 1315 3148 1370 hanc
3179 1317 3403 1371 Sacram
3437 1334 3532 1372 ex-

1943 1399 2150 1465 aravit;
2181 1407 2294 1454 tum
2328 1417 2557 1473 pergens
2587 1404 2993 1469 Alexandriam,
3027 1407 3214 1461 curavi
3257 1407 3530 1464 subscribi

1941 1503 2060 1542 eam
2095 1504 2194 1559 per
2220 1491 2599 1561 magistratus;
2651 1503 2814 1564 atque
2868 1496 2943 1550 ita
2980 1498 3101 1550 veni
3163 1498 3229 1551 ad
3266 1514 3383 1552 vos.
3411 1498 3530 1565 Quo

1942 1579 2020 1633 illi
2051 1581 2260 1648 audito,
2283 1581 2479 1639 timore
2505 1586 2742 1655 correpti
2775 1596 2931 1648 sunt;
2962 1595 3016 1642 et
3049 1588 3446 1644 inclinaverunt
3473 1605 3533 1646 se

1941 1685 2126 1726 coram
2165 1687 2251 1737 eo.
2282 1674 2703 1746 confectumque
2740 1676 2841 1732 fuit
2876 1693 3065 1733 eorum
3109 1680 3403 1752 negotium,
3429 1695 3532 1737 nec

1942 1759 2066 1816 illos
2105 1764 2340 1834 amplius
2371 1764 2620 1821 molestia
2655 1763 2834 1821 atiecit
2863 1783 3088 1838 praeses.

2409 1961 2744 2036 Principium
2780 1965 2973 2022 littera:
3007 1966 3065 2021 Β.

2457 2077 2536 2133 De
2563 2095 2752 2149 magno
2788 2079 3015 2136 Basilio.

2010 2185 2124 2256 (73)
2150 2187 2609 2245 Commemoravit
2641 2205 2832 2246 senum
2858 2195 3180 2259 nonnullus,
3212 2197 3360 2267 quod
3395 2214 3530 2256 san-

1939 2285 2062 2335 ctus
2092 2278 2325 2335 Basilius
2359 2295 2482 2336 cum
2515 2281 2584 2337 ad
2619 2283 2931 2339 coenobium
2953 2285 3213 2350 venisset,
3240 2297 3362 2358 post
3398 2305 3532 2346 con-

1938 2369 2244 2425 venientem
2292 2371 2620 2438 doctrinam,
2662 2374 2861 2430 dixerit
2897 2379 3187 2447 praeposito
3222 2398 3236 2434 :
3279 2379 3531 2439 Habesne

1940 2461 2030 2517 hic
2077 2462 2302 2517 fratrem
2354 2465 2446 2534 qui
2498 2465 2823 2521 obedientite
2877 2468 3081 2524 virtute
3135 2478 3366 2527 ornatus
3416 2475 3531 2530 sit?

1940 2553 2242 2624 Respondit
2285 2555 2628 2624 hegumenus
2665 2574 2679 2611 :
2721 2556 2969 2624 Domine,
3005 2575 3197 2616 omnes
3260 2563 3404 2618 servi
3447 2565 3526 2621 tul

1939 2654 2088 2710 sunt,
2115 2655 2169 2701 et
2199 2647 2266 2701 ad
2303 2649 2535 2704 salutem
2564 2653 3004 2721 consequendam
3035 2654 3299 2724 aspirant.
3327 2656 3525 2712 lterum

1937 2736 2075 2792 dixit
2101 2738 2149 2792 ei
2178 2757 2191 2793 :
2226 2736 2284 2793 In
2317 2739 2545 2796 veritate
2568 2781 2584 2805 ,
2645 2749 2802 2797 estne
2839 2743 2937 2797 tibi
2983 2743 3184 2814 aliquis
3217 2745 3527 2802 obedientla

1935 2827 2226 2898 praeditus?
2277 2829 2344 2882 At
2393 2830 2484 2885 ille
2535 2830 2760 2886 adduxit
2806 2831 2856 2886 ei
2904 2847 3074 2887 unum
3128 2848 3194 2888 ex
3243 2833 3527 2891 fratribus.

1937 2919 2193 2990 Ususque
2215 2927 2301 2976 est
2326 2934 2392 2976 eo
2418 2928 2644 2977 sanctus
2674 2922 2908 2977 Basilius
2930 2923 3185 2978 ministro
3208 2924 3351 2980 inter
3370 2941 3530 2996 pran-

1935 3010 2193 3067 dendum.
2229 3011 2528 3083 Postquam
2560 3021 2740 3068 autem
2778 3015 3126 3078 comedisset,
3168 3016 3318 3070 dedit
3347 3020 3395 3072 ei
3424 3017 3530 3072 fra-

1937 3111 2020 3158 ter
2063 3117 2260 3174 aquam
2308 3105 2376 3158 ad
2425 3104 2751 3172 lavandum;
2780 3113 2892 3160 tum
2931 3105 3070 3161 dixit
3109 3116 3335 3163 sanctus
3379 3109 3528 3163 Dasio

1936 3196 2081 3250 lius:
2111 3193 2270 3258 Veni,
2301 3211 2402 3268 ego
2435 3211 2654 3268 quoque
2683 3195 2826 3252 dabo
2866 3196 2966 3251 tibi
3005 3213 3201 3268 aquam
3238 3200 3525 3257 abluendis

1933 3288 2209 3358 manibus.
2263 3287 2314 3341 Is
2356 3303 2488 3344 vero
2543 3304 2740 3360 passus
2787 3296 2872 3345 est
2921 3289 3025 3346 sibi
3065 3290 3134 3345 ab
3165 3291 3285 3361 ipso
3310 3291 3523 3346 infundi

1933 3395 2152 3450 aquam.
2187 3380 2274 3434 Ait
2298 3380 2374 3434 illi
2407 3381 2582 3435 :Cum
2614 3381 2898 3452 ingressus
2929 3380 3083 3437 fuero
3109 3383 3162 3436 in
3192 3385 3518 3445 sacrarium,

1933 3471 2163 3536 accede,
2215 3481 2271 3526 ut
2313 3479 2366 3529 te
2412 3472 2606 3528 faciam
2649 3474 2961 3528 diaconum.
3002 3473 3122 3539 Quo
3168 3483 3410 3544 peracto,
3462 3477 3514 3530 iu

1932 3565 2310 3635 presbyterum
2340 3566 2501 3620 ctiam
2543 3566 2848 3632 ordinavit;
2889 3566 3296 3637 assumpsitque
3332 3583 3516 3623 secum

1934 3657 1988 3710 in
2013 3657 2311 3727 episcopio,
2334 3666 2554 3728 prepter
2577 3658 2911 3728 singularem
2935 3657 3110 3728 ipsius
3134 3659 3521 3715 obedientiam.

2393 3770 2469 3824 De
2510 3771 2698 3826 abbate
2727 3771 3035 3826 Besarione.

2005 3885 2058 3938 1.
2101 3884 2215 3950 (74)
2258 3882 2466 3940 Retulit
2521 3885 2691 3942 abbas
2740 3884 2908 3940 Dulas
2957 3884 3259 3955 discipulus
3305 3884 3521 3940 abbatis

1933 3976 2248 4034 Besarionis
2293 3996 2306 4032 :
2349 3976 2658 4047 Aliquando
2686 3978 2790 4032 iter
2818 3977 3102 4047 agentibus
3142 3975 3300 4031 nobis
3328 3975 3394 4028 ad
3430 3975 3519 4028 lit-

1933 4079 2020 4124 tus
2050 4071 2238 4134 maris,
2275 4070 2331 4124 in
2367 4069 2515 4125 sitim
2562 4069 2760 4130 incidi;
2791 4077 2844 4124 et
2884 4068 2994 4123 dixi
3045 4067 3229 4121 abbati
3267 4066 3520 4123 Besario-

1933 4159 1989 4213 ni
2016 4177 2028 4214 :
2054 4159 2231 4227 Abba,
2262 4158 2556 4214 admodum
2589 4159 2736 4215 sitio.
2768 4158 2922 4212 Tunc
2962 4158 3210 4212 oratione
3244 4157 3312 4212 ad
3351 4157 3516 4212 Deum

1935 4249 2078 4316 fusa,
2110 4251 2187 4305 ait
2227 4252 2359 4306 mibi
2404 4266 2615 4307 senex:
2651 4250 2782 4306 Bibe
2825 4266 2856 4306 e
2895 4250 3054 4305 mari.
3107 4249 3368 4304 Edulcata
3419 4265 3518 4304 au-

1933 4351 2042 4398 tem
2084 4354 2169 4399 est
2212 4359 2353 4415 aqua
2398 4353 2452 4401 et
2503 4345 2638 4401 bibi.
2683 4343 2854 4398 Porro
2905 4359 3005 4415 ego
3055 4342 3216 4398 aliam
3266 4344 3518 4399 haustam

1933 4435 2107 4492 infudi
2150 4437 2204 4490 in
2267 4451 2401 4501 vas,
2448 4436 2494 4492 si
2530 4436 2671 4492 forte
2719 4438 2928 4492 sitirem
2990 4435 3169 4491 adhuc
3204 4437 3258 4490 in
3300 4437 3514 4490 itinere.

318 4593 332 4622 ¹
374 4591 464 4644 Al.
512 4590 729 4654 αὐτούς.
805 4591 826 4621 ¹
857 4592 938 4644 Al.
964 4591 1133 4663 αὐτῷ.
1211 4593 1335 4646 ⁸ΛΙ.
1371 4593 1687 4664 ὑπηρετεῖν.
1766 4596 1788 4626 ⁸
1812 4594 1898 4648 Al.
1932 4595 2282 4666 Βησαρίωνος
2306 4603 2362 4651 ct
2401 4595 2807 4668 Βησσαρίωνος.

317 4749 432 4815 (71)
467 4748 588 4816 Τὴν
620 4748 878 4818 Σάκραν.
911 4747 1164 4811 Dabitur,
1199 4762 1381 4818 spero,
1419 4747 1551 4801 mihi
1591 4749 1707 4804 haec
1737 4765 1829 4804 ve-
1860 4752 1904 4808 D
1931 4749 2074 4802 drini

240 4819 356 4881 nia,
384 4827 445 4871 ut
485 4821 538 4872 in
575 4817 795 4874 nomine
831 4827 986 4880 noto,
1011 4821 1129 4873 vice
1159 4817 1532 4872 adnotationis
1553 4824 1822 4887 proferam

240 4890 461 4942 titulum
503 4890 683 4943 Sacra:
710 4889 968 4942 Marciani
993 4888 1340 4958 imperatoris
1360 4929 1374 4950 ,
1399 4900 1561 4956 prout
1593 4890 1826 4943 habetur

242 4959 438 5013 codice
473 4961 622 5027 regio
655 4960 813 5013 1026.
847 4959 952 5013 Ubi
999 4974 1130 5028 ergo
1163 4959 1216 5012 in
1241 4958 1482 5012 concilio
1521 4958 1820 5012 Clialcedoo

241 5030 401 5082 nensi
434 5039 589 5098 parte
621 5046 660 5090 ι,
695 5045 816 5098 cap.
844 5029 934 5094 '57,
968 5029 1188 5098 legitur,
1221 5029 1494 5099 Νικηταὶ,
1535 5029 1822 5099 Ούαλεντι-

241 5099 444 5170 νιανὸς,
474 5101 568 5152 καὶ
597 5099 934 5170 Μαρκιανὸς,
968 5099 1188 5166 ἔνδοξοι,
1221 5098 1572 5170 τροπαιοῦχοι
1596 5141 1610 5164 ,
1644 5098 1822 5152 ἀεισέ-

241 5168 434 5222 ϐαστοι
481 5168 790 5238 Ἀνατολίῳ,
823 5179 1158 5225 memoratus
1202 5168 1340 5223 liber
1367 5168 1640 5223 ostendit:
1680 5170 1824 5222 Ἴσον

241 5239 463 5311 Σακρας
515 5240 913 5311 ἀποσταλείσης
955 5239 1105 5310 παρὰ
1145 5238 1237 5311 τοᾷ
1286 5239 1672 5311 εὐσεϐεστάτου
1731 5239 1826 5292 καὶ

243 5308 591 5381 φιλοχρίστου
624 5308 886 5380 βασιλέως
910 5308 1250 5380 Μαρκιανοῦ,
1280 5308 1415 5381 πρὸς
1440 5309 1563 5381 τοὺς
1582 5310 1829 5381 ἅπαντα·

241 5378 340 5450 χοῦ
371 5378 819 5450 θεοφιλεστάτους
851 5378 1203 5444 ἐπισκόπους.
1255 5378 1393 5450 περὶ
1420 5379 1512 5433 τοῦ
1553 5380 1827 5436 συνελθεῖν

243 5449 454 5536 παντας
469 5449 661 5536 εἰςιτην
675 5451 944 5536 Νικαέων..
961 5453 1023 5503 Οἱ
1039 5451 1254 5536 νικῃταὶ
1269 5449 1433 5536 ρύκαλ.
1448 5450 1596 5536 xLM‘.
1622 5449 1646 5504 ἔ
1658 5491 1670 5504 .
1689 5467 1741 5536 τε
1765 5453 1798 5505 ἀ
1816 5491 1829 5504 .

241 5518 455 5578 Λέοντι,
483 5523 580 5574 καὶ⁸
606 5518 869 5590 ὡσαύτως
893 5518 1182 5590 ’Λνατολίῲ
1219 5521 1310 5574 καὶ
1335 5520 1542 5590 λοιποϊς
1568 5521 1626 5574 ἐν
1661 5524 1815 5574 πᾶσι.

317 5591 429 5656 (72)
463 5594 606 5663 Hap‘
634 5591 778 5663 ἐκεῖ.
815 5589 910 5663 vel
940 5588 1190 5663 παρεκεῖ.
1224 5591 1446 5663 lterum,
1473 5588 1638 5654 ultra,
1675 5591 1817 5653 inde,

245 5659 484 5715 ulteriori
505 5659 642 5716 loco.
669 5661 996 5716 Adverbium
1025 5659 1170 5731 quod
1199 5661 1378 5714 rarius
1404 5660 1456 5713 in
1489 5676 1591 5715 usu
1616 5663 1820 5731 reperi-

250 5738 350 5801 tur.
381 5731 564 5786 Utitur
591 5747 678 5797 eo,
704 5739 901 5801 prater
934 5732 1264 5785 Allatianum
1304 5745 1649 5801 anonymum
1678 5731 1818 5785 libro

254 5795 323 5853 De
364 5804 487 5857 locis
524 5795 1049 5871 Hierosolymitanis,
1079 5809 1270 5857 auctor
1311 5795 1559 5855 Chroizici
1585 5800 1817 5854 Alexan-

531 5897 955 5980 ΡΑτιιυιηίῖει.
991 5896 1187 5960 LXV.

2109 4767 2161 4820 ιι.
2189 4750 2314 4806 901.
2366 4751 2619 4818 Ἐξῆλθον
2639 4751 2697 4804 δὲ
2727 4751 2822 4804 καὶ
2847 4751 2895 4803 οἱ
2928 4749 3214 4820 νἈρμένιοι
3244 4747 3306 4820 το
3338 4750 3514 4817 τεῖχος

1934 4818 2616 4905 Βλαχερνιῖένηκαὶὲϐαλον
2646 4821 2760 4905 πύρ
2777 4822 2857 4905 εἰς
2888 4819 2979 4905 τον
2996 4818 3231 4905 ξέρῖῇολον
3259 4818 3352 4905 τὸν
3373 4835 3515 4905 παρτ

1931 4888 2055 4943 εκεῖ
2071 4888 2170 4944 ⁷τοῦ
2203 4893 2359 4960 ἁγίου
2388 4893 2678 4945 Νικολάου.
2709 4888 2799 4944 Sic
2831 4888 3012 4943 Latini
3038 4889 3298 4960 dixerunt
3334 4888 3514 4960 inmite

1932 4971 2024 5014 aut
2047 4961 2102 5014 in
2137 4957 2260 5015 ante
2284 4970 2337 5017 et
2365 4963 2601 5025 inantea,
2626 4969 2766 5016 teste
2795 4974 2920 5014 cum
2957 4959 3080 5013 aliis
3112 4957 3510 5013 Commodiano

1931 5029 2299 5087 instructione
2329 5032 2398 5086 46
2439 5051 2452 5086 :
2704 5036 2712 5043 '

1932 5144 2080 5199 Mens
2108 5146 2257 5200 bonis
2285 5147 2518 5216 inuigilet
2544 5163 2560 5200 :
2585 5162 2704 5200 cave
2741 5153 2796 5198 ut
2827 5142 2970 5198 haud
3000 5142 3272 5211 delinquas
3305 5138 3505 5193 inmite.

1933 5237 1988 5292 ld
2021 5247 2105 5293 est
2131 5238 2369 5306 posthac,
2405 5255 2512 5294 non
2545 5249 2723 5293 autem
2755 5245 2812 5290 ut
2847 5247 3003 5290 antea
3035 5249 3100 5288 ex
3143 5230 3509 5306 θῆρες-θοςιὶ

1934 5301 2160 5364 editoris
2188 5325 2251 5363 ac
2280 5301 2617 5379 interpretis.
2651 5308 3062 5379 ApudAugust.
3090 5317 3259 5356 serm.
3295 5301 3418 5379 23i_
3437 5302 3512 5357 De

1938 5387 2265 5452 tempore,‘et
2299 5371 2597 5452 caesariuni
2654 5371 2844 5452 bomil.
2883 5371 2942 5440 5,
2966 5388 3153 5452 earum
3207 5387 3347 5452 quas
3387 5371 3513 5452 Ste-

1931 5443 2429 5526 phanuslialuzius
2459 5448 2753 5502 clarissimi
2787 5443 3148 5526 vipnominis
3193 5443 3509 5526 evolgavit;

1928 5512 2157 5586 Pauperi
2189 5519 2571 5588 eleemosynam
2607 5517 2801 5588 petenti
2834 5516 3053 5569 dicunt:
3099 5512 3260 5588 Vade,
3296 5514 3428 5588 vade
3456 5512 3514 5565 in

1929 5583 2068 5653 ante,
2101 5597 2150 5643 et
2179 5587 2350 5654 dabit,
2387 5583 2469 5642 vel
2514 5588 2598 5642 det
2635 5586 2730 5642 tibi
2769 5587 2928 5653 Deus,
2985 5594 3090 5642 etc.
3127 5583 3510 5707 Capituléigr'uoqti

3371 5663 3467 5704 aro

1998 5729 2110 5798 (75)
2148 5727 2454 5798 Dorotheus
2489 5727 2747 5784 Doctrina
2790 5730 2838 5784 l.

1997 5799 2107 5868 (7.5)
2151 5797 2257 5856 Vit.
2290 5799 2443 5854 Patr.
2487 5815 2548 5865 Il,
2582 5801 2626 5855 Ι.
