4042 6208
245 296 332 355 ιιι
1352 283 1959 340 APOPUTIIEGMATA
1991 281 2293 337 PATRUM.

3386 289 3493 346 ΗΞ

247 426 315 478 τει
357 422 451 477 μοι
498 405 528 457 ὀ
566 403 773 475 γέρων·
821 400 1009 473 Δεῦρο,
1068 400 1284 468 ἁδελφέ.
1344 399 1707 468 σοστείλωμεν
1759 398 1816 452 τὸ

1921 398 2168 453 venimus
2191 412 2313 451 eum
2339 403 2513 450 morte
2529 404 2986 454 consummatum.
3017 399 3104 452 Ait
3127 400 3254 453 mihi
3282 415 3484 459 senex:

243 500 393 570 σῶμα
428 496 631 550 αὐτοῦ·
686 495 767 559 εἰς
808 493 916 565 γὰρ
957 490 1115 545 τοῦτο
1157 490 1400 562 ἔπεμψεν
1439 491 1586 562 ἡμᾶς
1618 492 1645 542 6
1685 488 1816 553 Θεὸς

241 587 355 645 ὧδε.
386 588 798 643 Συστελλόντων
827 586 884 638 δὲ
914 584 1067 655 ἡμῶν
1111 584 1189 646 είς
1220 582 1280 635 τὸ
1314 582 1479 652 θάψαι
1514 582 1691 643 αὐτὸν,
1726 579 1817 632 εὖ·

250 700 401 755 ρομεν
422 683 509 734 ὅτι
540 679 682 749 γυνὴ
703 674 771 748 ἦν
792 679 856 747 τῇ
883 676 1059 744 φύσει.
1090 674 1199 727 Καὶ
1230 673 1538 744 ἐθαύμασεν
1566 676 1593 726 6
1616 672 1814 743 γέρων,

250 776 330 828 καὶ
356 770 507 826 εἶπεν
528 787 541 799 ⁸
580 770 687 823 Ἴδε
719 768 837 831 πῶς
866 767 962 820 καὶ
994 768 1254 834 γυναῖκες
1276 766 1705 818 καταπαλαίουσι
1726 765 1816 817 τὸν

250 866 495 927 Σατανᾶν,
539 863 636 915 καὶ
668 862 829 931 ἡμεῖς
862 861 920 912 ἐν
964 862 1081 922 ταῖς
1119 859 1335 910 πόλεσιν
1377 856 1813 926 ἀσχημονοῦμεν.

250 956 347 1009 Καὶ
382 955 708 1018 δοξάσαντες
733 951 822 1004 τὸν
853 950 984 1003 Θεὸν
1007 949 1099 1001 τὸν
1120 946 1534 1020 ὑπερασπιστὴν
1556 947 1662 1001 τῶν
1685 948 1819 1014 ἁγα-

247 1047 459 1099 πώντων
492 1044 678 1111 αὐτὸν,
717 1041 1148 1114 ἀνεχωρήσαμεν
1176 1040 1403 1093 ἐκεῖθεν.

310 1229 368 1276 ε’.
396 1217 568 1274 Ἦλθέ
596 1219 681 1284 τίς
710 1235 840 1272 ποτε
873 1214 1317 1287 δαιμονιζόμενος
1356 1216 1435 1278 εἰς
1461 1214 1560 1286 τὴν
1590 1214 1814 1284 Σκῆτιν,

245 1315 334 1367 καὶ
364 1312 575 1381 ἐγένετο
596 1309 728 1381 εὐχὴ
752 1309 878 1380 περὶ
905 1305 1068 1360 αὑτοῦ
1092 1306 1152 1359 ἐν
1179 1309 1244 1376 τῇ
1276 1306 1561 1376 ἐκκλησίᾳ,
1594 1308 1689 1358 καὶ
1717 1304 1816 1357 οὐκ

247 1405 499 1474 ἐξήρχετο
530 1404 557 1455 6
597 1402 805 1470 δαίμων
827 1415 841 1429 ·
879 1394 949 1469 ἦν
980 1398 1089 1468 γὰρ
1124 1396 1378 1467 σκληρός.
1420 1396 1531 1449 Καὶ
1563 1395 1817 1464 λέγουσιν

248 1496 296 1545 οἱ
329 1490 606 1563 κληρικοὶ·
648 1490 713 1542 Τί
749 1489 946 1557 ἔχομεν
985 1487 1209 1556 ποιῆσαι
1241 1485 1318 1557 τῷ
1349 1486 1562 1556 δαίμονι
1605 1484 1815 1553 eodem;

250 1583 424 1645 οὒδεὶς
457 1582 673 1636 δύναται
708 1578 870 1633 αὑτὸν
906 1576 1176 1640 ἐκϐαλεῖν,
1204 1579 1253 1630 εί
1292 1577 1365 1649 μὴ
1397 1579 1425 1629 6
1461 1575 1631 1640 ἁϐϐᾶς
1656 1577 1821 1629 Βισα-

249 1675 414 1748 ρίων·
448 1674 537 1727 καὶ
565 1673 659 1724 ἐὰν
692 1671 853 1724 αὐτὸν
887 1668 1355 1740 παρακαλέσωμεν
1381 1669 1423 1735 ³,
1457 1669 1575 1721 οὐδέ
1611 1670 1688 1731 είς
1717 1667 1817 1739 τὴν

1921 489 2080 554 Veni,
2125 488 2314 553 frater,
2355 502 2748 558 componamus
2792 504 2991 560 corpus
3050 490 3191 560 ejus.
3246 493 3328 548 Ad
3384 495 3491 550 hoc

1917 583 2058 636 enim
2085 581 2229 636 misit
2256 596 2356 635 nos
2387 581 2528 636 Deus
2549 582 2678 635 buc.
2706 581 2841 636 Cum
2874 597 3002 653 ergo
3031 597 3490 653 componeremus

1919 672 1982 726 ad
2033 673 2387 743 sepulturam,
2442 672 2750 728 invenimus
2802 674 3086 728 mulierem
3143 690 3284 730 esse.
3346 675 3486 730 Tum

1917 764 2219 819 admirntus
2269 778 2468 828 senex,
2528 763 2583 817 in
2639 762 2754 818 haec
2806 765 3055 835 prorupit
3100 766 3263 819 verba
3297 785 3311 823 :
3346 766 3487 823 Ecce

1916 854 2190 923 quomodo
2244 855 2406 908 etiam
2454 852 2667 909 feminae
2724 865 2983 925 superant
3030 856 3325 923 daemones,
3386 874 3485 914 nos

1917 962 2047 1001 vero
2112 947 2165 999 in
2222 946 2449 1001 urbibus
2495 945 2750 1002 indecore
2800 948 3031 1017 agimus.
3084 947 3261 1016 Atque
3322 948 3490 1018 εισι-ῖς

1919 1039 2076 1093 ticato
2111 1039 2246 1102 Deo,
2288 1037 2377 1108 qui
2424 1046 2699 1108 protector
2745 1047 2828 1094 est
2871 1039 3204 1109 diligentium
3250 1052 3330 1105 se,
3363 1039 3489 1095 inde

1917 1131 2263 1185 secessimus.

1987 1221 2039 1275 5.
2074 1221 2183 1291 (80)
2216 1220 2413 1275 Seetim
2437 1221 2582 1276 venit
2603 1219 2897 1289 aliquando
2915 1220 3370 1289 daemoniacus,et
3390 1238 3490 1294 pro

1917 1326 1982 1366 eo
2004 1311 2144 1365 facta
2176 1320 2255 1365 est
2287 1312 2461 1365 oratio
2492 1313 2547 1365 in
2581 1310 2851 1379 ecclesia;
2894 1327 3085 1365 verum
3132 1312 3342 1367 daemon
3378 1329 3489 1368 non

1915 1400 2327 1472 egrediebatur;
2364 1409 2481 1454 erat
2506 1400 2649 1454 enim
2682 1400 3069 1455 saevus.Aiunt
3097 1401 3280 1455 clerici
3311 1421 3321 1455 :
3348 1402 3489 1469 Quid

1919 1493 2182 1547 habemus
2226 1491 2405 1546 facere
2447 1490 2710 1546 adversus
2755 1490 2900 1544 hunc
2940 1490 3277 1545 daemonem?
3318 1491 3491 1547 Nemo

1917 1591 2095 1654 potest
2123 1599 2245 1638 eum
2272 1582 2492 1652 ejicere,
2528 1582 2631 1637 nisi
2662 1582 2831 1637 abbas
2865 1581 3121 1649 Besario;
3160 1582 3256 1638 sed
3288 1584 3333 1639 si
3363 1600 3490 1638 eum

1919 1677 2312 1749 rogaverimus,
2338 1691 2513 1745 neque
2545 1675 2597 1729 in
2629 1676 2916 1731 ecclesiam
2947 1684 3213 1733 venturus
3236 1685 3338 1732 est.
3375 1676 3491 1731 Hoc

245 1765 538 1835 ἐκκλησίαν
570 1763 811 1835 ἔρχεται.
840 1759 1008 1812 Τοῦτο
1035 1756 1128 1812 οὖν
1156 1760 1466 1829 ποιήσωμεν
1485 1774 1499 1789 ’
1535 1759 1641 1811 ἰδοὺ
1668 1757 1817 1829 ἔρχε-

1921 1786 2050 1838 ergo
2080 1758 2345 1824 faciamus
2376 1786 2389 1823 :
2422 1783 2549 1823 ecce
2583 1767 2728 1823 venit
2760 1782 2917 1822 mane
2953 1769 3018 1822 ad
3049 1770 3334 1823 ecclesiam
3367 1775 3492 1823 ante

244 1872 335 1909 ται
370 1854 515 1926 πρωῒ
536 1854 642 1925 πρὸ
674 1854 887 1905 πάντων
912 1851 990 1913 είς
1016 1849 1115 1919 τὴν
1142 1849 1463 1919 ἐκκλησίανο
1500 1850 1813 1920 ποιήσωμεν

242 1947 335 2001 τὸν
360 1946 642 2015 πάσχοντα
667 1942 983 2014 καθευδῆσαι
1009 1945 1028 1974 ’
1057 1945 1136 2005 είς
1168 1942 1259 1994 τὸν
1292 1941 1453 1994 τόπον
1483 1940 1646 1994 αὐτοῦ
1673 1956 1685 1970 ·
1721 1940 1816 1993 καὶ

242 2037 336 2089 ὅτε
369 2036 697 2105 εἰσέρχεται,
722 2032 929 2102 στῶμεν
949 2034 1026 2095 εἰς
1048 2031 1233 2101 εὐχὴν,
1257 2031 1350 2082 καὶ
1378 2029 1619 2101 εἴπωμεν
1636 2028 1782 2099 αὐτῷ
1799 2043 1812 2059 ⁸

256 2124 598 2194 Ἐξύπνησον
638 2120 727 2175 καὶ
772 2122 864 2174 τὸν
906 2120 1157 2189 ἀδελφὸν,
1206 2117 1367 2172 assa.
1420 2118 1714 2188 Ἐποίησαν
1756 2114 1815 2169 δὲ

243 2214 437 2276 οὕτως,
492 2214 584 2267 καὶ
614 2213 855 2275 ἐλθόντος
886 2211 980 2264 τοῦ
1013 2210 1265 2282 γέροντος
1300 2207 1465 2281 πρωῒ,
1511 2208 1814 2278 ἐστάθησαν

246 2309 324 2369 εξς
354 2305 541 2375 εὐχὴν,
582 2303 674 2356 καὶ
710 2304 956 2370 λέγουσιν
1007 2301 1186 2372 αὐτῷ·
1229 2299 1560 2369 Ἐξύπνησον
1587 2299 1681 2350 καὶ
1714 2297 1808 2350 τὸν

248 2396 487 2463 ἀδελφόν.
520 2395 629 2448 Καὶ
657 2388 807 2445 εἶπεν
840 2392 987 2462 αὐτῷ
1014 2395 1042 2446 6
1069 2392 1247 2462 γέρων
1275 2408 1288 2421 ο
1340 2388 1601 2449 Ἀνάστα,
1638 2386 1815 2451 ἐξελοε

248 2488 363 2555 ἔξω.
393 2489 506 2542 Καὶ
548 2486 748 2549 εὐθέως
780 2485 1002 2556 ἐξῆλθεν
1044 2485 1139 2538 ἀπ’
1189 2480 1351 2537 αὐτοῦ
1390 2482 1417 2532 6
1453 2479 1679 2551 δαίμων,
1721 2477 1816 2530 καὶ

253 2581 367 2653 ἰάθη
398 2580 506 2634 ἀπὸ
532 2582 629 2645 τῆς
664 2578 815 2649 ὧρας
839 2578 1076 2647 ἐκείνης.

319 2681 389 2738 ς’.
412 2669 582 2725 Εἶπεν
603 2674 631 2724 6
663 2671 837 2732 ἁϐεᾶς
856 2668 1140 2739 Βισαρίων,
1161 2666 1241 2720 ὅτι
1278 2663 1693 2735 Τεσσαρὰκοντα
1727 2678 1818 2716 νυ-

250 2762 498 2834 χθήμερα
528 2759 719 2830 ἔμεινα
771 2758 935 2828 μέσον
968 2757 1209 2827 ράμνων,
1242 2754 1471 2824 στήκων,
1510 2750 1583 2822 μὴ
1613 2749 1817 2821 κοιμώ-

253 2870 427 2923 μενος.
929 2882 949 2903 ο

314 2943 380 3007 ζ’.
442 2940 695 3011 Ἀδελσός
742 2956 827 3003 τις
863 2938 1186 3010 ἁμαρτήσας
1242 2933 1533 3006 ἐχωρίζετο
1574 2935 1678 2988 ὑπὸ
1723 2931 1817 2986 τοῦ

251 3035 618 3105 πρεσὸυτὲρου
640 3036 703 3085 ἐκ
734 3033 830 3102 τῆς
858 3029 1167 3100 ἐκκλησίας.
1187 3027 1244 3081 Ὀ
1272 3027 1326 3080 δὲ
1355 3026 1527 3089 ἀϐϐᾶς
1548 3026 1817 3099 Βισαρίων

1919 1877 2153 1928 omnes;
2201 1876 2466 1931 ponamus
2511 1861 2658 1915 hunc
2705 1859 3031 1915 dmmonium
3086 1862 3379 1930 patientem
3434 1862 3491 1916 in

1917 1950 2038 2005 loco
2069 1952 2261 2022 ipsius,
2294 1952 2447 2022 quasi
2478 1951 2872 2015 dormientem;
2907 1959 2960 2007 et
2987 1967 3109 2007 cum
3134 1952 3489 2022 ingredietur,

1918 2050 2127 2097 stemus
2166 2042 2232 2094 ad
2265 2042 2599 2104 orationem,
2645 2056 2707 2095 ac
2739 2040 2988 2096 dicamus
3017 2041 3067 2097 ei
3105 2059 3118 2095 :
3156 2040 3345 2096 Excita
3382 2040 3493 2095 fra-

1917 2140 2085 2192 trem,
2135 2128 2293 2183 abba.
2347 2129 2524 2198 Atque
2572 2130 2645 2183 ita
2686 2128 2952 2183 fecerunt.
3002 2129 3311 2184 Aceedente
3361 2144 3492 2183 sene

1918 2233 2098 2284 mane,
2135 2228 2402 2274 steterunt
2421 2218 2486 2272 ad
2531 2219 2857 2280 orationem,
2887 2225 2940 2271 et
2973 2219 3126 2271 aiunt
3153 2218 3204 2272 ei
3238 2237 3251 2271 :
3303 2216 3491 2273 Excita

1918 2309 2161 2366 fratrem.
2186 2308 2322 2363 Tum
2346 2310 2482 2364 dixit
2504 2310 2549 2365 ei
2580 2325 2747 2365 senex
2777 2324 2791 2360 :
2824 2306 3015 2379 Surge,
3042 2307 3296 2378 egredere
3319 2308 3489 2363 foras.

1920 2401 2225 2471 Statimque
2249 2401 2379 2456 exiit
2406 2400 2474 2455 ab
2502 2415 2567 2455 eo
2594 2400 2828 2466 dcemon,
2858 2406 2912 2453 et
2942 2406 3168 2453 sanatus
3202 2405 3373 2454 estex
3399 2397 3495 2453 illa

1918 2492 2068 2546 liora.

1991 2658 2043 2712 6.
2067 2660 2267 2731 (BI-82)
2283 2658 2427 2715 Dixit
2450 2662 2617 2718 abbas
2634 2662 2854 2719 Besario
2873 2682 2884 2715 :
2905 2663 3273 2735 Quadraginta
3292 2664 3408 2721 dies
3430 2680 3493 2721 ac

1921 2757 2114 2805 noctes
2148 2752 2321 2805 mansi
2354 2751 2496 2807 inter
2525 2752 2732 2821 spinas,
2764 2762 2938 2820 stans,
2972 2768 3073 2810 nec
3103 2756 3398 2811 dormiens.

1924 2930 1929 2933 '
1992 2927 2041 2981 7.
2077 2927 2188 2998 (85)
2219 2926 2448 2993 Quidam
2482 2928 2648 2983 frater
2673 2931 2765 3001 qui
2797 2940 3142 3001 peccaverat,
3178 2943 3492 3002 segregatus

1925 3029 2022 3084 per
2050 3016 2427 3085 presbyterum
2468 3018 2844 3087 expellebatur
2889 3021 2956 3074 ab
2999 3022 3257 3078 ecclesia.
3307 3022 3491 3076 Abbas

251 3125 484 3186 kvazt’tg
529 3120 853 3194 συνεξῆλθεν
885 3119 1051 3189 αὐτῷ,
1082 3117 1276 3185 λέγων,
1306 3116 1387 3170 ὅτι
1431 3115 1602 3185 Κάγὼ
1642 3118 1817 3189 ἀμαρ-

1923 3113 2101 3161 autem
2137 3105 2360 3161 Besario
2410 3122 2674 3178 surgens,
2718 3124 2973 3181 egressus
3004 3119 3086 3167 est
3122 3127 3245 3166 cum
3273 3127 3367 3179 eo,
3409 3115 3496 3170 liis

252 3218 406 3282 τω).ὁς
432 3218 572 3287 εἰμι.

310 3318 382 3383 η’.
426 3311 490 3363 '0
537 3307 701 3369 αὐτὸς
727 3304 900 3366 assa;
932 3301 1202 3371 Βισαρίων
1232 3295 1404 3363 εἶπεν,
1436 3300 1517 3353 ὅτι
1543 3300 1821 3371 Τεσσαρὰ-

247 3421 408 3456 κοντα
443 3401 540 3470 ἔτη
567 3399 666 3452 οὐκ
695 3397 865 3467 ἔθηκα
893 3392 1082 3448 ἑαυτὸν
1099 3392 1422 3463 ἐπιπλευρὸν
1448 3391 1511 3456 ¹⁰,
1531 3390 1663 3444 ἀλλὰ
1687 3389 1821 3442 καθ-

248 3496 449 3565 ήμενος
478 3492 510 3562 ἦ
548 3493 757 3561 στήκων
790 3483 1125 3556 ἐκοιμώμην.

313 3584 378 3637 0'.
427 3583 491 3634 ⁸0
524 3581 685 3643 αὐτὸς
711 3573 862 3632 εἶπεν
882 3593 896 3607 ο
933 3577 1100 3629 Ὅταν
1126 3576 1183 3627 ἐν
1212 3574 1402 3647 εἰρήνη
1431 3572 1700 3644 τυγχάνῃς
1729 3570 1823 3624 καὶ

246 3676 302 3727 οὐ
336 3672 685 3743 πολεμῆσαι,
715 3670 835 3723 τότε
869 3668 1066 3739 μᾶλλον
1096 3664 1373 3727 ταπεινοῦ,
1421 3665 1615 3735 μήπως
1649 3664 1824 3733 χαρᾶς

247 3765 538 3836 ἀλλοτρίας
579 3759 996 3829 ἐπεισελθούσης
1042 3754 1476 3827 καυχησώμεθα,
1514 3753 1607 3808 καὶ
1653 3769 1826 3824 παρα-

248 3859 495 3929 δοθῶμεν
524 3857 606 3918 εἰς
658 3854 913 3923 πόλεμον.
946 3850 1215 3908 Πολλάκις
1245 3847 1355 3919 γὰρ
1386 3850 1415 3901 6
1449 3846 1580 3909 Θεὸς
1608 3844 1695 3899 διὰ
1726 3844 1826 3905 τὰς

251 3942 536 4003 ἀσθενείας
566 3938 723 4011 ἡμῶν
754 3940 816 3991 οὐ
859 3939 1132 4010 συγχωρεί
1179 3935 1320 4006 ἡμᾶς
1354 3933 1724 4006 παραδοθῆναι
1757 3933 1822 3995 η,

246 4036 331 4087 ἵνα
364 4036 443 4106 μὴ
476 4031 827 4101 ἀπολώμεθα.

318 4133 366 4182 ι’.
413 4124 672 4193 ’Λδελφὸς
707 4121 968 4176 συνοικῶν
997 4121 1240 4189 ἀδελφοῖς
1261 4118 1513 4192 ἠρώτησε
1538 4117 1629 4171 τὸν
1651 4114 1825 4170 ἀϐϐἄν

253 4217 585 4290 Βισαρίωναο
604 4217 670 4269 Τί
696 4216 939 4282 ποιήσω;
969 4213 1132 4281 Λέγει
1155 4211 1304 4282 αὐτῷ
1324 4214 1354 4266 6
1386 4210 1584 4281 γέρων·
1614 4206 1822 4271 Σιώπα,

251 4313 340 4365 καὶ
368 4311 453 4383 μὴ
489 4309 766 4381 μετρήσῃς
788 4307 1000 4360 ἑαυτόν.
1776 4312 1781 4318 ’

1924 3197 2149 3267 prolatis
2174 3198 2357 3252 verbis
2388 3196 2401 3252 ε
2434 3197 2547 3270 Ego
2580 3215 2797 3271 quoque
2826 3213 3083 3272 peccator
3113 3219 3255 3260 sum.

1992 3288 2045 3343 8.
2081 3287 2224 3344 Idem
2255 3290 2421 3345 abbas
2452 3290 2670 3349 Besario
2707 3294 2840 3348 dixit
2873 3314 2884 3349 :
2919 3294 3022 3350 Per
3047 3311 3219 3353 annos
3258 3299 3496 3368 quadra-

1923 3378 2071 3447 ginta
2107 3395 2214 3434 non
2255 3381 2481 3436 recubni
2525 3398 2689 3454 super
2721 3385 2883 3450 latus,
2912 3386 3006 3442 sed
3055 3397 3147 3442 aut
3179 3390 3374 3445 sedens
3400 3398 3494 3445 aut

1924 3477 2076 3527 stans
2104 3471 2460 3527 dormiebam.

1994 3560 2047 3617 9.
2082 3562 2133 3618 Is
2157 3564 2273 3633 ipse
2306 3566 2553 3621 monuit:
2586 3564 2814 3633 Quando
2849 3571 2901 3624 in
2936 3586 3067 3640 pace
3097 3571 3277 3643 degis.
3317 3590 3498 3645 neque

1925 3652 2287 3722 impngnaris,
2318 3662 2451 3709 tunc
2473 3656 2644 3725 magis
2667 3658 2925 3713 humilem
2958 3670 3011 3715 te
3040 3663 3247 3730 praebe;
3268 3678 3335 3717 ne
3357 3662 3496 3719 forte

1926 3744 2123 3813 gaudio
2151 3752 2410 3799 extraneo
2446 3747 2718 3816 irrepente
2760 3750 3075 3818 gloriemur,
3105 3752 3495 3824 tradamurqne

1925 3833 1995 3887 ad
2025 3842 2325 3890 certamen.
2373 3834 2511 3890 Nam
2553 3836 2697 3892 Deus
2741 3853 2884 3906 saepe
2908 3854 3015 3893 non
3050 3842 3341 3911 permittit,
3370 3858 3495 3910 pro-

1926 3930 2048 3992 pter
2072 3921 2418 3981 infirmitates
2447 3935 2692 3991 nostras,
2724 3936 2783 3982 ut
2811 3928 2951 3984 bello
2987 3945 3052 3984 ac
3081 3931 3365 3986 tentationi
3391 3943 3497 3987 ιτα-

1926 4013 2143 4079 damur,
2183 4029 2253 4072 ne
2290 4026 2602 4085 pereamus.

1999 4104 2086 4159 10.
2122 4105 2232 4177 (84)
2259 4106 2450 4162 Frater
2483 4122 2832 4164 commorans
2864 4125 2988 4166 cum
3026 4110 3286 4169 fratribus
3327 4114 3494 4170 inter-

1912 4198 2141 4268 regavit
2179 4199 2426 4253 abbatem
2454 4197 2822 4265 Besarioriem,
2869 4202 3001 4273 quid
3029 4204 3135 4257 sibi
3174 4219 3311 4274 opus
3352 4205 3497 4261 facto

1927 4293 2098 4344 esset.
2147 4285 2447 4358 Respondit
2491 4301 2708 4343 senex:
2744 4288 2915 4355 Tace,
2964 4306 3065 4347 nec
3105 4299 3158 4348 te
3201 4308 3328 4347 cum
3378 4294 3499 4350 aliis

1929 4378 2192 4434 metiaris.

317 4489 408 4537 ια’.
476 4481 539 4535 Ὅ
583 4478 755 4542 ἀὸὁᾶς
796 4477 1069 4549 Βισαρίων
1102 4473 1460 4548 ἀποθνήσκων
1491 4471 1698 4539 ἔλεγεν,
1744 4468 1817 4522 ὅτι

2002 4467 2089 4523 11.
2119 4467 2231 4539 (85)
2262 4467 2449 4524 Abbas
2479 4467 2731 4534 Besario,
2769 4472 3009 4528 moriens
3044 4472 3257 4529 dicebat
3287 4491 3301 4530 :
3335 4473 3503 4530 Debet

249 4575 453 4643 ὀφείλει
496 4568 631 4626 εἶναι
661 4574 691 4625 6
719 4568 975 4641 μοναχδς,
1003 4567 1080 4632 ὡς
1108 4566 1176 4620 τὰ
1226 4562 1493 4638 χερουωμ
1524 4562 1620 4615 καὶ
1640 4560 1709 4614 τὰ
1740 4576 1828 4613 σε-

252 4664 450 4731 ραφὶιι,
483 4662 600 4725 ὅλος
624 4660 923 4731 ὀφθαλμός.

318 4753 390 4823 ιβ’
446 4753 793 4823 Διηγήσαντο
823 4754 874 4806 οἱ
906 4751 1148 4824 μαθηταὶ
1170 4749 1266 4805 τοῦ
1297 4748 1443 4805 ἀσόᾶ
1469 4747 1822 4818 Βισαρίωνος,

252 4838 338 4893 τὸν
355 4842 477 4911 βίον
506 4843 668 4897 αὐτοῦ
689 4843 863 4907 οὕτως
888 4841 1238 4912 γεγενῆσθαι,
1268 4842 1342 4906 ὡς
1358 4841 1417 4894 ἐν
1430 4858 1484 4894 τι
1499 4840 1607 4895 τῶν
1626 4838 1825 4909 ἀερίων

251 4936 478 5005 πτηνῶν
510 4935 542 5006 ἢ
576 4937 791 5008 νηκτῶν
816 4937 851 5007 ἢ
894 4935 1165 5006 χερσαίων
1194 4933 1367 4999 ζώων,
1397 4932 1684 5003 ἀταράχως
1730 4927 1827 4981 καὶ

252 5024 574 5097 ἀμερίμνως
598 5028 775 5081 πάντα
798 5026 889 5080 τὸν
912 5026 1010 5095 τῆς
1047 5023 1193 5094 ζωῆς
1219 5021 1386 5078 αὑτοῦ
1425 5022 1619 5093 χρόνον
1646 5019 1828 5073 διατε-

252 5111 493 5171 ὶέσαντα
503 5118 568 5169 ’⁸.
584 5118 659 5172 Οὐ
672 5118 781 5189 γὰρ
793 5117 1012 5187 φροντὶς
1019 5115 1169 5169 οἴκου
1188 5115 1316 5185 παρ’
1333 5111 1498 5167 αὑτοῦ
1516 5110 1826 5182 maleﬁco,

256 5368 298 5399 η
315 5318 630 5399 '_§l._add..
660 5320 810 5399 rapi.
851 5320 1065 5399 τούτου.
1086 5389 1098 5399 _
1158 5319 1179 5351 ’
1201 5318 1286 5373 AI.
1314 5318 1556 5372 καθίσαι.

328 5391 421 5448 At.
462 5388 780 5452 διατελέσας
798 5398 865 5456 et
892 5389 1217 5445 διατελέσαι.

322 5527 441 5595 (80)
491 5526 593 5580 Vit.
624 5526 779 5581 Patr.
815 5544 875 5594 ll,
907 5529 961 5583 4.

322 5596 541 5666 (81-89.)
579 5595 682 5649 Vit.
725 5598 879 5651 Patr.
921 5614 1012 5661 νη,
1040 5600 1099 5653 1.

324 5666 444 5734 (83)
498 5665 598 5721 Vit.
628 5666 784 5722 Patr.
819 5684 891 5736 ιι,
924 5667 977 5720 2.

1933 4559 2264 4624 monachus,
2295 4560 2465 4615 instar
2503 4559 2930 4617 cherubinorum
2969 4568 3023 4620 et
3054 4566 3498 4635 rserapbinorum,

1932 4657 2081 4705 totus
2103 4664 2226 4706 esse
2258 4651 2473 4721 oculus.
3052 4634 3063 4655 “

2004 4742 2092 4798 12.
2133 4741 2503 4799 Narraverunt
2534 4744 2746 4801 abbatis
2771 4745 3082 4803 Besarionis
3115 4748 3393 4819 discipuli,
3426 4750 3501 4805 ita

1934 4834 2104 4891 fuisse
2152 4836 2315 4890 vitam
2355 4836 2530 4902 illius,
2574 4838 3028 4907 quemadmodum
3070 4840 3300 4907 alicujus
3342 4842 3503 4896 aeriae

1936 4928 2081 4991 avis,
2140 4934 2234 4980 aut
2284 4926 2482 4997 piscis,
2537 4935 2630 4982 aut
2677 4929 2956 4984 terrestris
3001 4930 3286 4996 animalis;
3340 4945 3505 4985 omne

1932 5015 2078 5070 enim
2109 5015 2235 5070 vitae
2277 5030 2392 5071 suae
2440 5023 2655 5088 tempus
2705 5018 2915 5089 absque
2955 5020 3204 5076 molestia
3254 5030 3309 5075 et
3358 5023 3504 5076 curis

1935 5107 2230 5178 peregisse.
2264 5104 2400 5162 Nam
2444 5100 2770 5165 necdomus
2802 5124 2932 5165 cura
2968 5126 3065 5180 per
3106 5125 3231 5166 eum
3260 5110 3505 5181 agitaba-

1664 5315 1707 5347 ¹⁰
1736 5313 1820 5369 At.
1865 5311 1959 5366 ἐπὶ
2022 5312 2272 5381 πλευρόν.
2354 5314 2393 5345 ¹¹
2436 5312 2520 5365 Al.
2594 5314 2868 5387 συγχωρεῖ
2921 5315 3055 5383 ἡμῖν
3103 5313 3501 5389 Μλεμηθῆναι.

2013 5515 2124 5587 (εξ)
2148 5514 2282 5587 App.
2315 5529 2369 5587 ρ.
2402 5511 2561 5578 1005,
2591 5529 2647 5587 n_.
2679 5512 2768 5569 52.

2012 5583 2125 5657 (85)
2166 5583 2271 5637 Vit.
2305 5583 2458 5638 Patr.
2494 5598 2573 5640 ιι.
2608 5583 2657 5638 7.
