4054 6206
521 318 626 374 “3

1644 300 1991 360 APPENDIX
2028 302 2119 357 AD
2161 302 2595 363 PALLADIUM.

3676 307 3782 366 ιιι

523 449 636 503 tur,
663 448 762 490 nec
788 432 1032 487 locorum
1071 428 1406 486 desiderium
1436 428 1612 483 visum
1640 434 1724 481 est
1751 434 1937 481 tenere
1975 426 2095 479 ani-

2209 426 2256 480 ιύ
2275 426 2457 483 τόπων
2472 426 2739 499 ἐπιθυμία
2754 427 3150 501 κεκρατηκέναι
3173 426 3319 495 ἔδοξε
3339 427 3440 500 τῆς
3458 429 3652 483 τούτου
3677 430 3783 499 ψυ·

525 540 673 582 mum
701 523 896 593 ipsius,
925 535 1033 575 non
1061 520 1287 577 satietas
1310 517 1651 584 deliciarum,
1682 532 1793 571 non
1821 516 2099 586 possessio

524 613 958 678 domiciliorum,
1003 626 1112 665 non
1157 610 1421 665 librorum
1472 607 1949 671 circumlationes;
2004 605 2099 661 sed

522 712 673 760 totus
712 703 933 758 omnino
958 716 988 755 a
1020 700 1268 770 corporis
1295 698 1580 754 affectibus
1608 699 1745 753 liber
1779 698 2097 769 apparebat,

524 796 679 850 alens
701 810 760 851 se
800 809 896 863 spe
938 791 1266 856 futurorum,
1290 805 1353 844 ac
1384 789 1507 844 fidei
1529 790 1868 844 munimento
1891 789 2099 853 firmus,

527 886 795 959 patienter
821 885 968 940 velut
991 883 1239 954 captivus
1271 881 1468 952 agebat
1500 880 1607 935 huc
1635 881 1892 952 illucque,
1929 878 1983 934 in
2009 879 2103 932 fri-

526 995 657 1050 gore
687 992 750 1032 ac
791 977 1036 1031 nuditate
1073 988 1453 1047 perseverans,
1488 980 1543 1027 et
1586 972 1719 1027 solis
1747 973 1943 1027 ardore
1971 987 2101 1026 exuo

529 1078 671 1131 stus.
719 1069 822 1125 sub
866 1069 954 1122 dio
1004 1082 1256 1137 semper;
1309 1064 1364 1119 in
1405 1063 1716 1134 praecipitiis
1752 1061 2104 1117 solitudinum

530 1175 589 1214 se
638 1168 895 1229 tanquam
946 1170 1195 1212 erronem
1243 1154 1517 1224 defigens,
1558 1160 1613 1208 et
1670 1161 1862 1223 sponte
1911 1167 2106 1223 passus

531 1262 903 1319 saepenumero
934 1262 992 1302 se
1029 1246 1084 1300 in
1112 1246 1217 1300 lata
1250 1259 1315 1299 ac
1342 1243 1647 1298 inhabitata
1675 1257 1854 1295 arenae
1886 1241 2107 1310 regione

531 1341 677 1396 velut
707 1339 760 1393 in
794 1339 980 1409 pelago
1010 1334 1160 1391 ferri.
1195 1334 1350 1403 Quod
1396 1334 1443 1390 si
1467 1332 1787 1404 contigisset
1812 1339 1869 1385 ut
1897 1332 1962 1385 ad
1991 1332 2106 1385 loca

534 1432 753 1487 mitiora
786 1430 1017 1495 veniret,
1049 1428 1104 1483 iu
1137 1427 1338 1498 quibus
1371 1440 1715 1481 communem
1745 1423 2109 1478 consimilem-

532 1540 637 1595 que
680 1525 846 1578 vitam
887 1522 1095 1576 ducunt
1146 1517 1434 1583 monachi,
1491 1524 1645 1572 extra
1683 1520 1871 1586 portas
1914 1514 2109 1569 sedens

532 1613 809 1687 plorabat,
846 1618 899 1667 et
944 1612 1092 1668 velut
1137 1607 1438 1679 naufragus
1487 1607 1541 1661 in
1587 1614 1788 1660 terram
1832 1603 2109 1675 proiectus

532 1703 949 1759 lamentabatur.
1004 1700 1233 1765 Postea,
1289 1698 1335 1755 si
1387 1696 1513 1770 quis
1567 1696 1799 1750 fratrum
1852 1708 2109 1765 egressus

532 1795 833 1851 invenisset
897 1808 1024 1848 eum
1087 1800 1345 1860 tanquam
1426 1787 1736 1844 mendicum
1796 1785 2104 1849 sedentem,

532 1887 681 1942 velut
732 1900 899 1939 unum
955 1883 1140 1939 saeculi
1193 1895 1508 1953 pauperem,
1538 1886 1591 1934 et
1636 1877 2104 1949 apprOpinquans,

533 1976 763 2033 dixisset
811 1991 878 2031 ex
931 1971 1307 2030 misericordia
1339 1989 1353 2027 :
1388 1969 1592 2036 Homo,
1642 1970 1772 2039 quid
1809 1966 2031 2038 ploras?
2060 1965 2107 2022 si

533 2067 765 2136 alicujus
810 2066 889 2120 rei
933 2062 1261 2119 necessariae
1302 2076 1462 2133 eges,
1505 2067 1771 2131 quantum
1808 2058 2108 2129 poterimus

532 2158 809 2228 accipies;
856 2162 1067 2209 tantum
1116 2152 1303 2218 introi,
1343 2151 1629 2207 nobiscum
1680 2164 1926 2205 mensam
1969 2147 2110 2202 habe

531 2261 899 2310 communem,
918 2245 1078 2302 refice
1095 2253 1148 2300 te
1165 2264 1177 2299 :
1199 2251 1328 2299 tunc
1345 2242 1435 2298 ille
1451 2241 1836 2321 respondebat,
1854 2255 1963 2295 non
1980 2254 2102 2310 pos-

534 2356 595 2396 se
617 2355 677 2396 se
698 2340 801 2395 sub
831 2347 974 2393 tecto
995 2352 1234 2403 manere,
1264 2335 1436 2391 donec
1456 2334 1753 2389 invenisset
1781 2333 1977 2389 domus
1997 2348 2110 2388 suae

533 2446 647 2497 res,
684 2432 839 2484 aiens
871 2444 902 2482 a
932 2443 993 2483 se
1024 2428 1194 2481 variis
1228 2427 1404 2481 modis
1437 2425 1639 2479 multas
1674 2424 1906 2481 amissas
1940 2422 2109 2480 fuisse

534 2537 688 2592 opes.
721 2520 935 2575 Etenim
966 2520 1019 2573 in
1050 2519 1256 2588 piratas
1301 2517 1501 2582 incidi,
1533 2516 1879 2587 naufragium
1911 2533 2109 2592 passus

534 2591 696 2679 sum;
731 2626 763 2665 a
815 2610 1107 2681 splendore
1154 2609 1372 2680 generis
1424 2610 1532 2665 mei
1588 2609 1798 2675 decidi,
1855 2591 2110 2681 ignobilis

536 2705 716 2760 factus
764 2704 857 2774 qui
907 2704 1050 2758 inter
1096 2703 1307 2758 nobiles
1356 2703 1641 2759 censebar.
1677 2701 1869 2757 Frater
1898 2718 2026 2758 vero
2060 2702 2108 2760 si

534 2796 604 2852 ad
656 2796 708 2851 id
735 2796 1003 2853 sermonis
1053 2794 1416 2859 lamentatus,
1455 2794 1795 2865 ingrediens,
1829 2802 2108 2865 sumptum

536 2888 769 2944 frustum
811 2887 970 2957 panis
1003 2884 1343 2948 tradidisset,
1370 2884 1556 2940 dicens
1589 2903 1602 2938 :
1637 2884 1869 2955 Accipe,
1906 2893 2061 2956 pater
2092 2903 2106 2940 :

535 2986 732 3034 caetera
775 2977 874 3032 tibi
909 2976 1074 3041 Deus,
1109 2973 1568 3046 quemadmodum
1607 2975 1721 3040 ais,
1757 2975 1981 3041 tribuet,
2013 2990 2113 3047 pa-

532 3066 734 3133 triam,
777 3081 985 3136 genus,
1014 3062 1234 3120 divitias
1277 3078 1415 3134 quas
1461 3063 1677 3118 locutus
1706 3079 1798 3131 es;
1840 3064 1888 3120 is
1938 3064 2111 3135 magis
2139 3089 2180 3149 ο

2201 517 2324 588 χῆς,
2342 519 2403 572 ού
2422 519 2578 591 κόρος
2603 521 2812 592 τρυφῆς
2831 520 2958 579 ’³.ού
2976 520 3229 583 κτίσις¹³⁶
3257 519 3597 591 οἰκημάτων,
3613 520 3675 575 οὺ
3700 521 3782 591 βί·

2202 611 2344 665 ϐλων
2377 612 2671 687 περιφοραί
2689 629 2703 646 ·
2734 613 2850 667 ἀλλ’
2876 613 2997 677 ὅλος
3018 612 3088 666 δι’
3117 614 3240 666 ὅλου
3262 612 3371 666 τῶν
3399 610 3493 666 τοῦ
3530 612 3786 684 σώματος

2203 699 2389 752 παθῶν
2422 701 2593 773 ὲφάνη
2638 700 2940 773 ἐλεύθερος,
2974 702 3148 755 ἐλπίδι
3174 701 3280 755 τῶν
3316 701 3616 772 μελλόντων
3654 718 3782 777 τρε-

2204 792 2457 864 φόμενος,
2478 794 2572 847 καὶ
2592 794 2826 857 πίστεως
2851 793 3167 865 ὀχυρώματι
3202 792 3469 864 βεϐηκὼς,
3493 794 3786 867 ἐκαρτέρει

2203 879 2393 954 ῶσπερ
2427 884 2769 954 αἰχμάλωτος
2807 878 2909 939 ὦδε
2952 886 3198 949 κάκεῖσε,
3230 886 3286 938 ὲν
3319 884 3480 955 ψύχει
3514 886 3609 938 καὶ
3637 902 3789 953 γυμ-

2206 973 2392 1045 νότητι
2414 974 2707 1046 διαμένων,
2744 976 2840 1029 καὶ
2866 979 2931 1049 τῇ
2977 977 3135 1047 φλογὶ
3159 975 3254 1030 τοῦ
3291 975 3442 1047 ἡλίου
3470 976 3790 1046 διακαιόμε-

2204 1080 2295 1126 νος
2333 1064 2543 1135 αἴθριος
2585 1065 2847 1119 πάντοτε·
2893 1070 3157 1139 κρημνοῖς
3202 1067 3448 1138 ὲρημιῶν
3487 1067 3679 1122 ἑαυτὸν
3709 1068 3788 1133 ὡς

2210 1155 2559 1227 πλανώμενον
2577 1159 2799 1230 περιπεί
2806 1176 2933 1229 ρων,
2960 1160 3053 1212 καὶ
3076 1158 3303 1229 πλατείᾳ
3328 1160 3394 1229 τῇ
3418 1158 3604 1229 ἄμμου
3633 1158 3790 1230 χώρᾳ

2208 1247 2449 1318 ἀοικήτῳ
2479 1249 2737 1312 πολλάκις
2758 1249 2947 1303 ἑαυτὸν
2969 1250 3044 1314 ὡς
3070 1251 3126 1303 ὲν
3154 1248 3382 1317 πελάγει
3408 1248 3672 1319 φέρεσθαι
3699 1252 3794 1303 εὑ-

2208 1337 2459 1409 δοκήσας.
2498 1340 2560 1392 Εἰ
2588 1340 2644 1394 δὲ
2676 1340 3010 1412 συμϐεϐήκει
3048 1341 3126 1404 εἰς
3159 1340 3474 1411 ἡμερότητα
3494 1339 3672 1393 τόπων
3704 1340 3792 1392 έλ-

2211 1428 2342 1491 θεῖν,
2377 1429 2504 1483 ἔνθα
2534 1431 2584 1483 οί
2604 1432 2703 1501 τῆς
2733 1432 3041 1503 όμοτρόπου
3072 1432 3215 1501 ζωῆς
3249 1432 3471 1502 μοναχοὶ
3493 1432 3586 1484 καὶ
3609 1431 3791 1485 κοινὸν

2210 1521 2300 1575 τὸν
2328 1520 2440 1592 βίον
2472 1520 2706 1592 ἔχουσιν,
2739 1522 2843 1589 ἔξω
2868 1522 3048 1593 θυρῶν
3079 1522 3439 1593 καθεζόμενος
3467 1522 3669 1588 ἔκλαιε,
3693 1523 3791 1577 καὶ

2211 1610 2401 1682 ῶσπερ
2434 1610 2500 1665 ὲκ
2542 1612 2799 1681 ναυαγίου
2831 1630 2914 1676 τις
2948 1612 3279 1683 ἀπορριφεὶς
3316 1612 3571 1683 ὠδύρετο.
3619 1608 3787 1666 Εἶτα.

2212 1696 2445 1765 ἐξελθών
2468 1718 2554 1765 τις
2575 1702 2682 1758 τῶν
2707 1702 2970 1772 ἀδελφῶν,
2999 1705 3048 1757 εί
3075 1698 3199 1774 εὗρε
3225 1702 3434 1766 τοῦτον,
3458 1703 3535 1768 ῶς
3564 1703 3790 1776 προσαί-

2208 1810 2308 1863 την
2347 1791 2449 1846 ἕνα
2476 1792 2585 1848 τῶν
2614 1794 2671 1847 ὲν
2704 1792 2783 1864 τῷ
2833 1794 3022 1865 κόσμῳ
3057 1794 3287 1866 πτωχῶν
3320 1794 3651 1867 καθήμενον,
3693 1795 3791 1850 καὶ

2208 1880 2456 1951 ἐγγίσας,
2488 1882 2733 1949 ἐλεεινῶς
2761 1902 2925 1955 φησιν
2946 1884 3113 1957 αύτῷ·
3140 1886 3205 1939 Τί
3236 1885 3463 1950 κλαίεις,
3490 1885 3743 1958 ἄνθρωπε
3765 1904 3781 1951 ;

2209 1975 2258 2028 εί
2300 1972 2393 2046 δέῃ
2443 1973 2587 2038 τινὸς
2633 1974 2741 2028 τῶν
2790 1974 3123 2043 ἀναγκαίων,
3174 1976 3316 2030 κατὰ
3358 1975 3585 2048 δύναμιν
3619 1977 3787 2049 λήψῃ,

2213 2065 2374 2134 μόνον
2415 2062 2673 2117 εἰσελθὼν
2715 2064 2862 2120 ἔνδον
2917 2064 3247 2137 κοινῶνησον
3304 2067 3436 2138 ἡμῖν
3488 2068 3788 2139 τραπέζης,

2209 2154 2567 2226 παραμυθίας
2604 2153 2804 2225 τυχών.
2849 2155 2908 2209 Ὀ
2948 2156 3004 2210 δὲ
3037 2157 3392 2228 ἀπεκρίνατο,
3423 2158 3497 2230 μὴ
3536 2159 3790 2215 δύνασθαι

2208 2246 2312 2299 ὑπὸ
2346 2245 2543 2316 στέγην
2588 2249 2788 2317 μεῖναι,
2823 2247 2952 2318 πρὶν
2998 2247 3064 2302 ἂν
3124 2247 3270 2319 εὕρω
3312 2253 3410 2320 τῆς
3448 2252 3587 2324 ἐμῆς
3614 2253 3795 2317 οἰκίας

2207 2337 2307 2408 τὴν
2350 2335 2620 2408 ὕπαρξινσ
2664 2337 3066 2392 ἀπολωλεκέναι
3100 2340 3280 2409 φήσας
3319 2333 3491 2394 πολλᾶ
3533 2344 3794 2413 χρήματα

2208 2430 2488 2503 διαφόροις
2535 2430 2777 2502 τρόποις.
2825 2431 2935 2484 Καὶ
2972 2430 3082 2503 γὰρ
3120 2434 3409 2503 πειραταῖς
3460 2432 3790 2504 περιέπεσα,

2210 2522 2305 2577 καὶ
2343 2522 2586 2592 ναυαγίῳ
2613 2520 2872 2592 ἐλήφθην,
2903 2523 2997 2575 καὶ
3024 2522 3125 2592 τῆς
3152 2522 3429 2591 εὐγενείας
3463 2540 3563 2594 μου
3595 2522 3787 2586 tatus.

2213 2629 2325 2677 σον,
2354 2610 2536 2679 ἄδοξος
2562 2610 2623 2675 ἐξ
2645 2608 2871 2675 ἐνδόξων
2892 2611 3204 2683 γενόμενος.
3248 2614 3306 2665 ’0
3333 2613 3389 2666 δὲ
3425 2612 3561 2682 πρὸς
3585 2613 3677 2665 τὸν
3699 2613 3793 2666 λό-

2209 2718 2306 2770 γον
2337 2701 2676 2772 σχετλιάσας,
2706 2699 2962 2753 εἰσελθὼν
2981 2740 2994 2765 ,
3028 2701 3123 2754 καὶ
3169 2700 3359 2772 ψωμὸν
3397 2700 3575 2754 λαϐὼν
3596 2742 3610 2767 ,
3647 2719 3792 2771 παρ-

2211 2789 2360 2863 έσχε,
2390 2791 2563 2859 λέγων
2585 2808 2599 2822 ’
2639 2790 2785 2845 Λάϐε
2813 2790 3021 2856 τοῦτον,
3064 2791 3238 2864 πάτερ
3258 2807 3272 2822 ·
3304 2792 3372 2846 τὰ
3399 2792 3453 2846 δὲ
3484 2792 3616 2847 ἄλλα
3652 2809 3730 2846 σοι
3763 2795 3791 2845 ό

2211 2881 2362 2944 Θεὸς,
2408 2882 2484 2945 ὡς
2516 2881 2715 2950 λέγεις,
2770 2882 3036 2949 ἀπονεμεῖ
3063 2862 3296 2951 πατρίδα
3334 2882 3429 2935 καὶ
3469 2881 3644 2950 γένος,
3692 2882 3790 2935 καὶ

2212 2970 2444 3024 πλοῦτον
2473 2971 2533 3024 ὃν
2578 2971 2734 3041 ἔφης.
2796 2969 2854 3024 Ὀ
2886 2972 2943 3024 δὲ
2974 2971 3053 3024 ἔτι
3088 2971 3287 3041 μᾶλλον
3334 2971 3547 3025 πενθῶν
3597 2972 3790 3042 ἐϐρυξε

2221 3062 2383 3133 μέγα,
2415 3060 2884 3133 ἐπιφθεγξάμενος
2903 3078 2917 3094 ο
2947 3062 3061 3115 Ούκ
3084 3058 3200 3115 οἶδα
3222 3064 3398 3116 εἰπεῖν
3429 3066 3476 3116 εί
3506 3062 3794 3134 δυνηθείην

528 3156 716 3211 adhuc
750 3156 963 3226 lugens,
999 3154 1204 3224 ingenti
1234 3154 1380 3210 edito
1414 3152 1651 3217 fremitu,
1675 3153 1968 3223 adjiciebat
1993 3155 2109 3211 haec

2215 3152 2390 3224 εὑρεῖν
2417 3152 2556 3225 ἆπερ
2580 3152 2727 3223 ζητῶ
2760 3152 3033 3214 ἀπολέσας
3056 3168 3069 3182 ·
3091 3151 3205 3205 ἀλλ’
3246 3151 3324 3205 ἔτι
3352 3153 3550 3223 μᾶλλον
3573 3152 3794 3224 χαρίσο-

536 3249 701 3303 verba
738 3264 753 3302 :
784 3245 901 3301 Non
942 3246 1116 3302 habeo
1167 3245 1348 3302 dicere
1385 3261 1454 3300 an
1486 3252 1677 3316 potero
1718 3245 1962 3301 invenire
1989 3262 2109 3317 quae

2220 3260 2339 3316 μαι,
2369 3242 2691 3297 κινδυνεύων
2713 3242 2799 3297 ἀεὶ
2826 3242 2948 3295 καθ’
2973 3242 3188 3314 ἡμέραν
3209 3245 3288 3308 εἰς
3314 3244 3564 3310 θάνατον,
3594 3242 3796 3314 ἀνοχὴν

535 3338 743 3394 amissa
780 3352 965 3410 quaero
994 3338 1136 3394 bona
1159 3376 1175 3403 ,
1217 3338 1312 3393 sed
1344 3337 1523 3393 adhuc
1568 3337 1872 3409 majoribus
1909 3336 2109 3394 alliciar

2217 3341 2317 3396 οὐκ
2347 3341 2483 3413 ἔχων
2513 3342 2621 3395 ἀπὸ
2653 3340 2763 3394 τῶν
2792 3340 3046 3412 ἀμέτρων
3072 3340 3197 3412 ἐμοὶ
3225 3340 3545 3413 συμφορῶν.
3574 3342 3668 3394 Δεῖ
3686 3339 3800 3412 γὰρ

539 3428 720 3495 malis,
748 3428 985 3500 pericula
1032 3428 1351 3500 quotidiana
1396 3427 1619 3485 subiens
1646 3442 1821 3498 usque
1854 3426 1922 3482 ad
1964 3442 2109 3484 mor-

2224 3450 2291 3503 με
2317 3431 2553 3504 συνεχῶς
2584 3430 3069 3503 ἀποπλανώμενον,
3108 3431 3394 3486 τελειῶσαι
3419 3432 3511 3486 τὸν
3538 3432 3761 3503 δρόμον.

540 3532 682 3591 tem,
723 3540 825 3580 nec
874 3525 1083 3582 habens
1110 3523 1487 3581 remissionem
1526 3523 1596 3579 ab
1648 3523 1932 3581 immensis
1973 3524 2112 3583 meis
2142 3527 2567 3585 calamitatibus.
2605 3527 2832 3599 Oportet
2857 3526 3004 3583 enim
3041 3541 3131 3582 me
3189 3527 3454 3583 continuo
3510 3526 3783 3583 oberran-

537 3622 674 3682 tem,
714 3632 968 3689 peragere
997 3632 1219 3674 cursum
1248 3617 1392 3673 vitae.

976 3725 1054 3783 De
1081 3726 1268 3781 abbate
1299 3725 1636 3797 Benjamino.

611 3818 665 3874 ε.
698 3817 843 3873 Dixit
884 3816 1053 3872 abbas
1082 3815 1365 3887 Beniamin
1394 3836 1408 3872 :
1439 3817 1668 3884 Quando
1716 3824 1843 3888 post
1872 3830 2107 3875 messem

540 3909 747 3969 Scetim
785 3908 1197 3975 descendimus,
1222 3909 1523 3965 attulerunt
1554 3910 1716 3966 nobis
1766 3925 1833 3966 ex
1882 3908 2117 3965 Alexan-

540 4002 661 4060 dria
690 4003 1053 4067 oblationem,
1101 4001 1332 4074 singulis
1365 4016 1462 4058 vas
1510 4000 1731 4059 sextarii
1771 4001 1877 4057 olei
1920 4014 2119 4072 gypsa-

542 4103 681 4152 tum.
730 4093 978 4164 Cumque
1023 4092 1219 4148 messis
1266 4097 1486 4163 tempus
1534 4090 1811 4154 rediisset,
1849 4088 2115 4160 quidquid

540 4184 741 4255 reliqui
789 4190 968 4247 esset,
1015 4180 1215 4238 fratres
1262 4183 1329 4237 ad
1381 4181 1672 4238 ecclesiam
1715 4181 1964 4237 solebant
2014 4179 2117 4236 de-

2601 3720 2744 3790 Hepl
2779 3719 2888 3775 τοῦ
2918 3719 3069 3777 ἀϐϐᾶ
3098 3723 3405 3792 Βενιαμίν.

2291 3820 2361 3870 α’,
2394 3813 2619 3882 Ἔλεγεν
2658 3815 2687 3866 ὁ
2717 3812 2891 3876 ἀϐϐᾶς
2925 3813 3207 3884 Βενιαμὶν,
3233 3815 3315 3868 ὅτι
3342 3814 3431 3877 Ὠς
3452 3819 3800 3892 κατήλθομεν

2216 3904 2325 3959 ἀπὸ
2349 3902 2444 3958 τοῦ
2483 3902 2673 3975 θέρους
2697 3904 2776 3967 εἰς
2806 3901 3025 3974 Σκῆτιν,
3065 3903 3302 3974 ἡνεγκαν
3341 3904 3473 3976 ἡμῖν
3504 3906 3614 3961 ἀπὸ
3651 3911 3803 3965 Ἀλε-

2219 3994 2503 4067 ξανδρείας
2550 3995 2951 4066 καρποφορίαν,
3014 3994 3152 4064 πρὸς
3209 3993 3308 4050 ἕνα
3355 3996 3575 4066 ἀγγεῖον
3616 4000 3800 4057 ἐλαίου

2222 4088 2411 4155 ξέστου
2457 4084 2879 4157 γεγυψωμένον·
2930 4084 3026 4138 καὶ
3061 4086 3135 4149 ὼς
3171 4081 3302 4157 ἦλθε
3332 4087 3495 4141 πάλιν
3539 4092 3569 4144 ό
3608 4096 3802 4165 καιρὸς

2221 4178 2316 4233 τοῦ
2347 4177 2559 4249 θέρους,
2593 4178 2726 4231 εἴτι
2756 4175 3125 4249 περιέσσευεν,
3169 4178 3219 4230 οί
3247 4177 3466 4249 ἀδελφοὶ
3496 4182 3692 4255 ἔφερον
3721 4189 3801 4250 εἰς

543 4275 708 4331 ferre.
739 4273 852 4342 Ego
887 4287 1018 4327 vero
1055 4287 1164 4327 non
1203 4273 1392 4343 aperui
1440 4273 1724 4329 vasculum
1758 4286 1938 4329 meum
1961 4311 1975 4335 ,
2018 4269 2109 4326 sed

2221 4270 2321 4341 τὴν
2361 4269 2676 4339 ἐκκλησίαν.
2715 4267 2886 4337 Κάγὼ
2923 4269 3073 4340 ήμην
3119 4267 3195 4339 μὴ
3236 4269 3454 4335 ἀνοίξας
3488 4272 3549 4326 τδ
3578 4275 3804 4344 ἀγγεῖόν

545 4378 650 4419 acu
694 4360 1000 4431 perforari,
1048 4367 1103 4415 et
1151 4376 1343 4430 parum
1376 4361 1616 4418 deduxi:
1647 4363 1895 4434 atquein
1934 4362 2109 4418 animo

2227 4377 2352 4431 μου,
2385 4359 2519 4414 ἀλλὰ
2559 4363 2625 4432 τῇ
2671 4360 2855 4433 ῥαφίδι
2883 4361 3186 4431 τρυπήσας,
3225 4361 3522 4431 μετέϐαλον
3568 4368 3799 4440 μικρόν·

547 4453 740 4519 habui,
780 4466 813 4507 a
843 4466 931 4506 me
955 4450 1088 4522 quid
1121 4451 1303 4521 magni
1331 4459 1515 4506 aetum
1547 4468 1687 4510 esse.
1729 4453 1927 4508 Verum
1969 4464 2109 4525 post-

2224 4449 2319 4503 καὶ
2345 4444 2489 4521 εἶχεν
2525 4450 2559 4521 ἡ
2604 4448 2802 4522 καρδία
2832 4465 2956 4520 μου,
2986 4449 3069 4503 ὅτι
3099 4449 3240 4520 μέγα
3273 4452 3507 4524 πρᾶγμα
3547 4456 3798 4528 ἐποίησα.

548 4563 713 4620 quam
748 4547 1048 4602 attulerunt
1077 4542 1275 4603 fratres
1300 4559 1431 4600 vasa
1464 4559 1565 4601 sua
1592 4546 1667 4599 uti
1695 4557 1870 4614 erant,
1912 4561 2109 4603 meum-

2224 4540 2336 4595 Καὶ
2362 4540 2437 4604 ὡς
2468 4540 2706 4612 ἡνεγκαν
2729 4542 2780 4594 oi
2810 4540 3032 4612 ἀδελφοὶ
3061 4541 3131 4596 τά
3159 4542 3369 4597 ἑαυτῶν
3410 4545 3606 4615 ἀγγεῖα
3630 4564 3771 4617 γεγυ
3788 4579 3801 4590 -

547 4655 655 4712 que
680 4645 799 4695 erat
825 4636 1157 4709 perforatum
1173 4677 1189 4703 ,
1219 4634 1368 4691 velut
1394 4632 1694 4691 fornicator
1718 4649 1831 4707 prae
1857 4650 2109 4693 verecun-

2223 4631 2451 4703 ψωμένα
2497 4632 2572 4697 ὡς
2617 4628 2777 4704 ἦσαν,
2832 4635 2929 4688 καὶ
2974 4633 3036 4687 τὸ
3076 4636 3209 4707 ἐμὸν
3250 4638 3663 4711 τετρυπημένον
3710 4638 3802 4714 ἦν,

545 4729 639 4784 dia
664 4729 818 4785 visus
846 4741 989 4782 sum.

2224 4726 2456 4799 εύρέθην
2485 4728 2561 4792 ὡς
2590 4728 2892 4800 πορνεύσας
2919 4728 3028 4782 ἀπὸ
3061 4729 3161 4801 τῆς
3192 4731 3474 4803 αἰσχύνης.

617 4822 674 4876 2.
705 4820 845 4891 (86)
883 4818 1089 4874 Retulit
1112 4817 1283 4874 abbas
1310 4815 1592 4887 Beniamin
1634 4815 1929 4873 Celliorum
1963 4832 2109 4887 pres‘

2302 4818 2368 4890 β’.
2399 4815 2567 4875 Εἶπεν
2586 4820 2615 4873 ό
2644 4819 2819 4884 ἀϐϐἇς
2834 4820 3091 4893 Βενιαμὶν
3106 4825 3135 4876 ό
3164 4824 3529 4896 πρεσϐύτερος
3550 4826 3657 4883 τῶν
3667 4827 3807 4882 Κελο

548 4916 749 4987 bytcr:
796 4911 1061 4966 Venimus
1112 4910 1314 4966 Scetim
1346 4909 1415 4963 ad
1452 4908 1741 4980 quemdam
1789 4922 1975 4965 senem
2002 4952 2016 4975 ,
2067 4918 2109 4966 et

2227 4910 2376 4977 λίων,
2400 4912 2481 4965 ὅτι
2506 4911 2895 4983 Παρεϐἀλομεν
2916 4912 2996 4977 είς
3021 4913 3165 4986 Σκῆτ
3176 4931 3224 4968 ιν
3252 4916 3386 4988 πρός
3410 4934 3532 4971 τινα
3551 4915 3803 4989 γέροντα,

551 5004 823 5059 voluimus
849 5002 899 5057 ei
939 4999 1070 5057 dare
1099 5014 1289 5070 parum
1315 4998 1423 5054 olei
1444 5013 1460 5063 ;
1484 5004 1599 5052 tum
1629 4996 1765 5053 dixit
1804 4998 2000 5055 nobis:
2038 4999 2109 5054 Eu

2230 5003 2325 5057 xui.
2357 5003 2702 5075 ⁴ήθελήσαμεν
2728 5004 2875 5077 αύτῷ
2907 5004 3090 5076 βαλεῖν
3124 5007 3319 5080 μικρὸν
3354 5009 3564 5063 ἐλαιονο
3595 5008 3689 5063 καὶ
3716 5010 3808 5063 λέ-

552 5096 706 5151 locus
733 5096 786 5150 in
831 5109 941 5165 quo
970 5093 1210 5165 positum
1249 5098 1335 5147 est
1364 5104 1593 5161 parvum
1623 5104 1717 5145 vas
1748 5090 1894 5162 quod
1929 5091 1996 5146 ad
2037 5107 2109 5148 ιιι(

2229 5111 2316 5165 γει
2371 5098 2504 5167 ἡμῖν
2524 5113 2536 5125 ·
2586 5096 2717 5181 ἰδρὺ
2774 5097 2877 5151 ποῦ
2930 5100 3105 5152 κεῖται
3152 5099 3214 5152 τὸ
3267 5101 3461 5172 μικρὸν
3504 5102 3725 5171 ἀγγεῖον
3776 5100 3807 5155 δ

548 5186 814 5242 attulistis
841 5192 970 5241 ante
996 5183 1327 5250 triennium;
1356 5180 1811 5252 quemadmodum
1857 5184 2109 5239 collocas-

2229 5187 2495 5258 ἡνέγκατέ
2539 5204 2628 5258 μοι
2654 5180 2771 5260 πρὸ
2819 5189 2988 5261 τριῶν
3022 5189 3192 5244 ἐτῶν·
3245 5192 3320 5254 ὼς
3365 5192 3599 5261 ὲθήκατε
3644 5191 3802 5259 αὐτὸ,

550 5278 625 5330 tis
653 5276 806 5342 illud,
847 5278 922 5332 ita
956 5278 1181 5331 mansit.
1216 5276 1337 5343 Quo
1369 5289 1470 5332 nos
1504 5276 1712 5343 audito,
1739 5275 1998 5332 admirati
2026 5292 2109 5331 su-

2230 5275 2403 5341 οὕτως
2442 5276 2672 5347 ἔμεινεν.
2718 5279 3074 5347 Ἀκούσαντες
3118 5281 3175 5336 δὲ
3220 5283 3380 5353 ἡμεῖς
3414 5281 3807 5353 ἐθαυμάσαμεν

545 5379 668 5419 ιιιυε
704 5365 851 5418 senis
881 5367 1161 5422 virtutem.

613 5455 676 5512 5.
708 5455 840 5528 (87)
894 5453 1037 5511 Idem
1059 5459 1192 5529 dixit
1217 5478 1229 5514 :
1253 5458 1600 5518 Pcrreximus
1624 5460 1688 5519 ad
1714 5460 1877 5517 alium
1901 5472 2119 5523 senem;

627 5610 671 5643 ⁸⁸
700 5610 805 5664 An.
833 5612 1061 5683 τροφῆς.
1138 5611 1202 5642 ¹³⁴
1228 5611 1290 5666 F.
1328 5615 1541 5686 κτῆσις.

622 5720 735 5798 (86)
772 5721 875 5781 Vit.
911 5721 1067 5777 Patr.
1108 5737 1183 5790 tv,
1214 5725 1300 5781 12.

2226 5366 2325 5437 τὴν
2358 5367 2629 5422 πολιτείαν
2661 5367 2756 5423 τοῦ
2789 5370 3062 5442 γέροντος.

2299 5465 2367 5525 γ’.
2419 5457 2479 5512 '0
2522 5459 2685 5525 αὐτὸς
2730 5456 2915 5529 εἶπεν,
2966 5464 3046 5517 ὅτι
3095 5464 3481 5538 Παρεσάλομεν
3526 5463 3671 5537 ἄλλῳ
3711 5463 3807 5535 γέ-

2294 5721 2404 5800 (87)
2436 5720 2568 5790 App.
2596 5737 2648 5792 p.
2679 5722 2804 5788 988,
2835 5738 2883 5779 c.
2909 5722 2963 5779 6.
