4054 6206
209 256 303 311 “5

1344 263 1954 326 APOPHTHEGMATA
1990 272 2298 331 PATBUM.

3370 288 3477 344 146

200 384 373 438 PM“
424 367 523 420 καὶ
573 366 878 440 ίκράτησεν
910 372 1059 442 ἡμᾶς
1105 379 1326 445 φαγεῖν·
1375 377 1532 432 ἔϐαλε
1566 380 1623 435 δὲ
1658 382 1760 455 ήμῑ

1857 436 1863 450 ,
1891 389 1983 458 qui
2002 390 2235 446 detinuit
2260 408 2360 448 nos
2380 403 2437 448 ut
2468 395 2926 454 manducaremus
2952 417 2965 453 :
3004 401 3258 470 apposuit
3285 410 3470 459 autem

204 458 583 533 ῥαφανέλαιον.
614 461 726 514 Καὶ
758 459 992 533 λέγομεν
1012 465 1162 537 αὐτῷ
1182 484 1198 499 ·
1229 468 1431 541 Πάτερ,
1463 472 1663 542 μᾶλλον
1698 492 1786 547 μι-

201 550 335 624 κρδν
384 551 659 622 χρήσιμον
704 552 888 635 έλαιον
938 554 1065 625 βάλε
1117 560 1267 631 ἡμῖν.
1329 563 1389 618 '0
1420 563 1476 619 δὲ
1522 568 1781 635 ἀκούσας,

205 643 532 714 ἐσφράγισεν
551 630 764 709 ὲαυτδν,
796 645 973 715 λέγων
990 665 1004 678 ·
1030 649 1100 703 Εἴ
1114 652 1261 707 ἐστιν
1283 652 1410 708 ἄλλο
1430 656 1605 714 ἔλαιον
1629 630 1785 728 me}

205 733 411 801 τούτου,
440 735 542 788 οὐκ
570 730 689 791 οἶδα
715 735 847 805 ἐγώ.

266 825 327 880 δ’.
384 827 444 880 ὐ
490 827 662 893 ἀὸὀᾶς
710 830 969 903 Βενιαμὶν
1019 834 1207 906 εἴρηκε
1252 839 1369 905 τοῖς
1424 843 1559 908 υἱοῖς
1614 845 1778 901 αὐτοῦ

201 917 589 989 ἀποθνήσκωνο
621 920 809 977 Ταῦτα
849 926 1074 991 ποιεῖτε,
1112 928 1208 980 καὶ
1236 928 1465 986 δύνασθε
1502 934 1777 1008 σωθῆναι·

200 1007 463 1066 Πάντοτε
496 1013 753 1083 χαίρετε,
809 1014 1209 1085 ἀδιαλείπτως
1241 1007 1677 1095 προσεύχεσθε,
1710 1029 1781 1085 ἐν

196 1102 376 1156 παντὶ
406 1106 835 1175 εὐχαριστεῖτε.

264 1200 325 1246 ε’.
379 1196 439 1248 '0
474 1197 635 1258 αὐτὸς
676 1199 900 1270 εἴρηκε·
938 1202 1050 1275 Τὴν
1077 1202 1362 1277 βασιλικὴν
1390 1207 1508 1261 ὁδὸν
1547 1213 1771 1282 πορεύεσ

195 1284 310 1350 σθε,
344 1287 441 1340 καὶ
476 1289 545 1342 τὰ
577 1288 727 1359 μίλια
760 1295 1031 1363 μετρεῖτε,
1061 1296 1155 1349 καὶ
1184 1298 1285 1351 οὐκ
1312 1298 1646 1371 ὀλιγωρεῖτε.

639 1403 781 1472 Περὶ
812 1405 918 1460 τοῦ
945 1406 1097 1463 ἀϐϐᾶ
1125 1411 1323 1481 Βιαρέ.

275 1510 552 1584 Ἦρώτησέ
590 1533 677 1581 τις
703 1517 797 1571 τὸν
838 1519 1011 1574 ἀὸὁᾶν
1063 1522 1252 1595 Βιαρὲ,
1289 1524 1498 1596 λέγων’
1542 1530 1607 1583 Τί
1656 1550 1775 1586 ποι-

191 1603 313 1674 ήσω
355 1605 439 1659 ἵνα
472 1607 669 1676 σωθῶ;
720 1608 827 1665 Καὶ
858 1611 1007 1681 λέγει
1046 1615 1230 1687 αὐτῷ’
1270 1619 1509 1689 ”Υπαγε,
1546 1623 1774 1695 ποίησον

186 1697 289 1769 τὴν
340 1699 551 1754 κοιλίαν
599 1718 693 1755 σου
758 1704 977 1774 μικρὰν,
1031 1708 1128 1760 καὶ
1186 1708 1249 1761 τὸ
1304 1711 1616 1786 ὲργόχειρόν
1677 1734 1772 1770 σου

188 1791 413 1862 μικρὸν,
444 1794 543 1847 καὶ
579 1793 655 1865 μὴ
701 1797 969 1866 ταράσσον
1009 1800 1087 1863 εις
1130 1799 1192 1855 τὸ
1234 1777 1611 1859 κελλίοννσουσ
1675 1810 1773 1864 καὶ
1808 1777 1847 1832 Β

186 1881 365 1955 σώζῃ.

251 1990 280 2013 ⁸
648 2000 811 2071 Ἀρχὴ
841 2000 935 2055 τοῦ
974 2003 1012 2056 Γ
1042 2006 1325 2076 στοιχείου.

326 2108 475 2179 Περὶ
502 2111 602 2166 τοῦ
632 2111 782 2170 ἀὸὄᾶ
806 2117 1139 2187 Γρηπηορίου
1166 2119 1273 2174 τοῦ
1303 2123 1611 2195 θεολόγου.

252 2218 322 2275 α’.
362 2216 532 2275 Εἶπεν
569 2222 598 2274 6
638 2222 815 2289 ἀϐὁᾶς
855 2226 896 2278 Γ
899 2228 1178 2301 ρηγόριος,
1213 2231 1295 2287 ὅτι
1326 2233 1396 2288 τὰ
1434 2235 1561 2307 τρία
1597 2237 1770 2294 ταῦτα

183 2312 408 2365 ἁπαιτεί
440 2313 471 2366 6
501 2311 635 2377 Θεὸς
686 2314 838 2387 παρὰ
882 2318 1082 2384 παντὸς
1133 2321 1423 2395 ἀνθρώπω
1465 2325 1680 2398 ἔχοντος
1707 2330 1769 2384 τὸ

185 2402 494 2475 βάπτισμα·
540 2405 726 2461 πίστιν
761 2406 930 2480 ὀρθὴν
974 2411 1082 2465 ἀπὸ
1129 2413 1230 2484 τῆς
1267 2415 1464 2487 ψυχῆς,
1498 2419 1593 2473 καὶ
1636 2421 1767 2494 ἁλή-

182 2495 332 2550 θειαν
375 2496 484 2552 ἀπὸ
521 2498 621 2571 τῆς
652 2497 930 2574 γλώσσης,
978 2506 1072 2559 καί
1125 2509 1480 2582 σωφροσύνην
1525 2512 1635 2568 ἀπὸ
1671 2515 1765 2569 τοῦ

186 2769 297 2837 μὶα,
332 2773 446 2833 τοῖς
478 2770 630 2841 πόθῳ
662 2772 981 2842 κάμνουσιν.

542 2885 685 2955 Περὶ
729 2885 839 2942 τοῦ
877 2888 1031 2945 ἀϐϐἇ
1065 2893 1390 2950 Γελασίου.

244 3003 314 3054 α’.
365 2998 589 3068 Ἔλεγον
632 3002 763 3072 περὶ
795 3001 890 3057 τοῦ
925 3004 1066 3059 ἀὸὅᾶ
1094 3007 1373 3072 Γελασίου,
1411 3012 1492 3065 ὃτι
1537 3006 1649 3084 εἷχε
1680 3014 1757 3085 βι-

1888 479 2047 537 nobis
2076 482 2255 538 oleum
2293 498 2323 539 e
2353 486 2634 556 raphauis.
2664 486 2908 546 Dicimus
2930 490 2979 546 ei
3013 509 3027 549 :
3060 490 3243 558 Pater,
3277 495 3466 563 potius

1885 571 2117 629 immitte
2140 590 2331 644 parum
2363 576 2491 632 boui
2522 579 2649 636 olei.
2692 580 2787 637 Ille
2841 597 2974 637 vero
3006 582 3257 649 audiens,
3291 600 3350 640 se
3386 585 3466 638 si-

1884 678 1993 734 gno
2042 667 2225 724 crucis
2264 667 2604 740 obsignavit,
2668 680 2832 744 atque
2876 673 2953 728 ait
3007 693 3021 730 :
3067 675 3151 728 An
3197 675 3269 732 sit
3316 675 3467 732 aliud

1884 758 2063 814 oleum
2082 770 2277 832 praeter
2306 763 2471 831 istud,
2494 781 2596 836 ego
2621 768 2828 824 nescio.

1954 852 2008 908 4.
2061 855 2244 911 Abbas
2300 855 2585 928 Benjamin
2642 860 2886 917 moriens
2931 862 3005 916 ita
3058 861 3268 917 monuit
3322 859 3467 918 ﬁlios

1884 957 2062 1000 suos:
2103 945 2230 1002 llaec
2268 948 2457 1012 facite,
2513 957 2566 1005 et
2619 953 2870 1021 poteritis
2919 953 3121 1010 salvari
3175 972 3189 1009 :
3246 951 3462 1023 Semper

1884 1037 2139 1108 gaudete;
2166 1040 2277 1095 sine
2321 1041 2713 1100 intermissione
2745 1054 2930 1112 orate;
2964 1047 3019 1101 in
3049 1045 3292 1102 omnibus
3333 1064 3460 1118 gra-

1882 1131 1984 1183 tias
2005 1132 2142 1201 agite
2166 1132 2227 1186 “.

1951 1220 2004 1276 5.
2053 1220 2187 1294 (88)
2232 1223 2378 1280 Idem
2430 1224 2605 1281 dixit:
2642 1224 2806 1298 Regia
2839 1228 2926 1282 via
2966 1226 3217 1293 incedite,
3250 1235 3306 1282 et
3334 1227 3461 1284 mil»

1881 1312 2037 1367 liaria
2069 1315 2356 1384 metimini,
2400 1334 2502 1373 nec
2534 1319 2657 1376 sitis
2697 1322 3051 1393 negligentes.

2407 1428 2487 1484 De
2513 1431 2700 1487 abbate
2728 1431 2905 1487 Biare.

1946 1534 2161 1607 Aliquis
2208 1538 2565 1612 interrogavit
2614 1543 2868 1600 abbatem
2929 1543 3107 1611 Biare,
3162 1544 3242 1601 sic
3270 1562 3284 1600 :
3314 1543 3461 1609 Quid

1877 1640 2056 1697 agam,
2080 1636 2142 1683 ut
2193 1630 2380 1688 salvus
2415 1633 2584 1687 ﬁam?
2622 1634 2712 1689 Ait
2741 1635 2856 1690 illi:
2886 1636 3056 1704 Vade,
3093 1635 3179 1692 l‘ac
3212 1643 3459 1693 ventrem

1879 1725 2033 1773 tuum
2066 1736 2296 1791 parvum
2351 1731 2407 1780 et
2447 1739 2589 1795 opus
2628 1742 2891 1783 manuum
2923 1744 3175 1802 parvum,
3207 1744 3311 1787 nec
3339 1737 3461 1785 tur-

1873 1806 2022 1865 beris
2055 1810 2112 1865 in
2140 1812 2281 1867 cella
2307 1820 2401 1869 tua
2433 1832 2446 1870 :
2486 1815 2570 1872 sic
2601 1816 2925 1876 salvaberis.

2327 2008 2671 2081 Principium
2696 2012 2889 2070 litterae
2910 2013 2975 2070 G.

2225 2119 2303 2176 De
2334 2121 2522 2179 abbate
2552 2122 2805 2197 Gregorio
2841 2127 3097 2199 theologo.

1943 2227 1994 2283 l.
2023 2227 2160 2301 (89)
2188 2229 2333 2288 Dixit
2382 2235 2555 2293 abbas
2597 2238 2932 2309 Gregorius:
2963 2240 3092 2296 Tria
3123 2241 3238 2298 haec
3284 2241 3455 2315 exigit

1871 2316 2014 2375 Deus
2045 2320 2113 2376 ab
2143 2324 2292 2379 omni
2326 2325 2549 2384 homine
2587 2329 2863 2400 baptizato
2897 2348 2911 2385 :
2953 2333 3114 2388 ﬁdem
3148 2343 3353 2390 rectam
3383 2350 3450 2390 ex

1869 2411 2073 2478 animo,
2119 2415 2405 2472 veritatem
2459 2419 2514 2474 in
2556 2419 2780 2493 lingua,
2832 2432 2887 2480 et
2932 2426 3349 2497 temperantiam
3384 2427 3457 2483 de

1867 2517 2118 2575 corpore.

1934 2684 1991 2739 2.
2035 2683 2172 2757 (90)
2221 2687 2369 2746 Dixit
2420 2691 2649 2748 iterum:
2698 2694 2852 2751 \‘elut
2901 2704 3014 2753 tota
3064 2699 3302 2757 hominis
3340 2701 3453 2757 vita

1864 2783 1968 2845 est,
2003 2794 2150 2837 unus
2186 2781 2322 2850 dies,
2356 2783 2423 2839 iis
2453 2785 2550 2855 qui
2580 2785 2851 2843 desiderio
2889 2789 3164 2847 laborant.

2364 2894 2441 2950 De
2476 2896 2666 2953 abbate
2687 2897 2922 2957 Gelasio.

1826 2986 1842 3011 '
1933 3003 1984 3056 Ι.
2023 3002 2043 3072 (
2060 3003 2157 3076 9|)
2188 3003 2451 3061 Dicebant
2480 3006 2549 3063 de
2579 3008 2774 3066 abbate
2798 3010 3034 3076 Gelasio,
3059 3013 3206 3083 quod
3233 3013 3444 3070 habue-

180 3085 324 3141 δλίον
377 3090 436 3142 ὲν
493 3089 778 3161 δέρμασιν,
829 3094 979 3158 ἄξιον
1035 3095 1313 3152 δεκαοκτὼ
1366 3105 1716 3173 νομισμάτων
1743 3124 1758 3137 ο

1864 3092 1937 3147 rit
1987 3094 2185 3149 librum
2219 3097 2275 3151 in
2324 3100 2661 3156 membranis
2693 3103 2854 3172 pretii
2898 3103 3204 3159 octodecim
3237 3105 3451 3161 solido-

132 3178 135 3191 ’
176 3176 284 3251 εἶχε
308 3181 369 3234 δὲ
395 3182 494 3253 τὴν
522 3182 765 3237 Παλαιὰν
785 3185 877 3238 καὶ
905 3186 1111 3258 Καινὴν
1137 3189 1413 3263 Διαθήκην
1438 3193 1482 3224 ³⁵
1512 3210 1760 3267 γεγραμ-

176 3275 346 3345 μένην
376 3274 505 3343 ὅλην
526 3292 539 3305 ·
575 3275 669 3328 καὶ
697 3275 873 3329 ἔκειτο
904 3279 962 3330 ὲν
1000 3281 1063 3348 τῇ
1094 3279 1380 3354 ἐκκλησία,
1408 3285 1496 3337 ἵνα
1535 3287 1564 3339 6
1591 3286 1759 3342 θέλων

172 3364 277 3417 τῶν
303 3363 557 3433 ἀδελφῶν
583 3365 820 3436 ἀναγνῷ.
877 3367 1075 3423 Ἐλθὼν
1103 3369 1161 3423 δέ
1200 3389 1283 3435 τις
1326 3372 1571 3442 ἀδελφῶν
1610 3376 1757 3442 ξένος

171 3452 514 3525 παραϐαλεῖν
538 3456 617 3526 τῷ
661 3456 896 3528 γέροντι,
928 3457 1004 3521 ὡς
1037 3454 1176 3514 εἶδεν
1212 3462 1368 3533 αὐτὸ,
1412 3464 1757 3539 ἐπεθύμησεν

169 3547 363 3613 αὑτοῦ,
394 3548 488 3601 καὶ
512 3546 717 3617 κλέψας
742 3549 983 3620 ἐξῆλθεν.
1030 3551 1088 3605 ὐ
1113 3551 1170 3606 δὲ
1204 3555 1382 3625 γέρων
1409 3557 1508 3610 οὐκ
1538 3558 1757 3626 ἐδίωξεν

169 3639 347 3691 ὀπίσω
379 3638 569 3701 αὐτοῦ,
603 3639 745 3693 ὥστε
777 3641 1104 3696 καταλαϐεῖν
1151 3643 1336 3711 αὐτὸν,
1378 3648 1581 3721 καίπερ
1631 3653 1755 3722 νοή-

171 3747 288 3793 σας.
339 3730 616 3783 Ἀπελθὼν
645 3727 737 3785 οὖν
763 3734 971 3796 ἐκεῖνος
994 3734 1074 3796 εἰς
1097 3734 1197 3805 τὴν
1225 3736 1400 3801 πόλιν,
1436 3737 1618 3812 ἐζήτει
1649 3760 1755 3795 πω-

168 3821 328 3892 λῆσαι
366 3823 532 3876 αὒτόο
574 3825 669 3876 καὶ
719 3821 894 3894 εὑρὼν
928 3823 1019 3878 τὸν
1061 3824 1285 3881 θέλοντα
1328 3829 1617 3902 ἀγοράσαι,
1650 3836 1755 3887 ἁπ-

167 3914 287 3983 ῄτει
314 3914 417 3987 τὴν
443 3916 609 3988 τιμὴν
648 3916 961 3988 νομίσματα
988 3916 1202 3987 δεκαέξ.
1245 3919 1304 3973 ὐ
1340 3920 1396 3975 δὲ
1425 3920 1595 3976 θέλων
1622 3925 1754 3992 ἀγο-

172 4009 355 4075 ράσαι,
386 4008 535 4078 λέγει
566 4009 718 4079 αὐτῷ
742 4027 754 4039 ·
798 4009 896 4074 Δός
920 4028 1010 4081 μοι
1035 4011 1269 4082 πρῶτον,
1294 4012 1572 4085 δοκιμασω
1599 4016 1750 4081 αὐτὸ,

166 4098 259 4149 καὶ
282 4098 429 4151 οὕτω
466 4100 525 4152 τὸ
557 4098 779 4170 τίμημά
809 4116 892 4152 σοι
925 4102 1172 4172 παρέχω.
1204 4101 1445 4156 Δέδοικεν
1473 4100 1566 4158 οὖν
1595 4106 1747 4161 αὑτό.

177 4190 234 4243 '0
277 4190 339 4242 δὲ
387 4190 593 4256 λαϐὼν,
634 4192 833 4261 ἤνεγκε
878 4190 957 4262 τῷ
1001 4191 1149 4264 ὰὸὁᾷ
1182 4192 1426 4265 Γελασίῳ
1461 4194 1751 4266 δοκιμάσαι

164 4282 317 4346 αὐτὸ,
364 4281 601 4354 εἰρηκὼς
646 4282 796 4353 αὐτῷ
839 4285 939 4356 τὴν
972 4285 1248 4356 ποσότητα
1274 4287 1340 4359 ἣν
1375 4285 1469 4340 καὶ
1496 4290 1526 4339 6
1556 4288 1752 4341 πωλῶν

164 4368 302 4426 εἷπε.
359 4375 470 4426 Καὶ
513 4374 661 4442 λέγει
697 4377 725 4428 6
767 4376 982 4448 γέρων·
1048 4377 1347 4449 Ἀγόρασον
1385 4379 1538 4443 αὐτὸ,
1587 4380 1748 4434 καλὸν

1820 3216 1825 3221 ο
1865 3200 1987 3241 rum
2021 3203 2034 3240 :
2072 3187 2126 3241 in
2157 3202 2267 3258 quo
2312 3189 2650 3261 descriptum
2679 3201 2797 3247 erat
2829 3203 3005 3248 totum
3041 3192 3213 3251 Vetus
3237 3210 3302 3252 ac
3331 3194 3446 3252 No-

1863 3293 1992 3331 vum
2028 3276 2472 3347 Testamentum;
2503 3291 2558 3337 et
2590 3284 2646 3339 in
2678 3283 2920 3341 Ecclesia
2963 3287 3178 3357 positus
3205 3298 3343 3354 erat,
3383 3297 3445 3344 ut

1859 3370 1955 3439 qui
1982 3371 2247 3427 voluisset
2278 3372 2531 3443 fratrum,
2561 3378 2781 3449 legeret.
2819 3378 3059 3436 Veniens
3080 3391 3261 3437 autem
3288 3397 3447 3452 pere-

1860 3460 2051 3531 grinus
2082 3462 2281 3533 aliquis
2310 3465 2538 3520 fratrum
2569 3469 2636 3522 ad
2669 3469 3012 3526 iuvisemlum
3055 3487 3263 3540 senem,
3289 3486 3444 3545 post-

1858 3565 2023 3622 quam
2080 3552 2210 3608 vidit
2253 3555 2522 3623 codicem,
2558 3557 2831 3615 desiderio
2858 3572 3167 3632 correptus,
3226 3564 3441 3622 furatus

1857 3653 1940 3699 est
1969 3659 2116 3712 eum,
2149 3659 2212 3699 ac
2253 3646 2529 3702 discessit.
2562 3648 2742 3704 Senex
2769 3660 2951 3707 autem
2983 3669 3092 3710 non
3145 3663 3231 3712 est
3258 3655 3441 3711 homi-

1856 3747 1980 3787 nem
2029 3735 2331 3803 insecutus,
2380 3744 2439 3793 ut
2473 3739 2980 3809 comprehenderet,
3021 3748 3275 3814 quamvis
3321 3765 3435 3803 rem

1854 3825 2232 3883 intellexisset.
2268 3829 2472 3885 Abiens
2509 3845 2642 3902 ergo
2679 3833 2770 3888 ille
2799 3835 2853 3889 in
2882 3834 3181 3902 civitatem,
3217 3853 3433 3908 quaere-

1857 3912 1950 3968 bat
1973 3931 2084 3986 quo
2102 3918 2254 3971 illum
2284 3919 2565 3976 venderet.
2597 3922 2928 3993 lnvcutoque
2953 3924 3046 3993 qui
3102 3926 3262 3981 vellet
3289 3941 3436 3983 eme-

1856 4020 1934 4071 re,
1970 4010 2267 4077 postulavit
2302 4025 2401 4081 pro
2428 4013 2602 4082 pretio
2633 4014 2870 4069 sedecim
2899 4014 3123 4072 solidos.
3165 4016 3270 4084 Qui
3304 4035 3434 4076 vero

1854 4099 2071 4157 volebat
2099 4115 2299 4168 emere,
2328 4098 2465 4157 dixit
2499 4103 2549 4158 ei
2585 4122 2599 4159 :
2631 4104 2707 4158 Da
2742 4104 2876 4160 mihi
2914 4106 3088 4177 prius,
3112 4108 3336 4179 probem
3370 4111 3434 4164 il-

1855 4188 1965 4243 lum
1988 4223 2003 4249 ν
2035 4200 2083 4245 et
2117 4200 2304 4261 postea
2333 4195 2565 4264 pretium
2595 4198 2826 4252 solvam.
2856 4196 3013 4253 Dedit
3042 4199 3229 4270 igitur.
3261 4200 3433 4258 Porro

1853 4279 2128 4350 accipiens
2156 4283 2245 4338 ille
2273 4283 2468 4339 detulit
2498 4285 2566 4340 ad
2595 4286 2846 4343 abbatem
2869 4286 3170 4356 Gelasium,
3200 4293 3279 4347 uti
3308 4308 3434 4363 pro-

1854 4372 2031 4436 baret,
2064 4372 2473 4446 declaravitque
2520 4377 2755 4446 pretium
2792 4380 2939 4449 quod
2967 4382 3221 4438 venditor
3252 4383 3432 4454 impo-

163 4466 269 4534 γάρ
295 4466 416 4518 ἐστι
448 4465 544 4518 καὶ
579 4466 726 4530 ἄξιον
757 4463 825 4541 ἧς
858 4468 1087 4540 εἴρηκας
1122 4470 1165 4500 ¹⁶
1198 4470 1382 4540 τιμῆς.
1421 4472 1532 4525 Καὶ
1579 4471 1749 4524 ἐλθὼν

1857 4473 2057 4520 suerat.
2118 4466 2206 4519 Ait
2255 4482 2418 4521 senex
2458 4483 2471 4519 :
2520 4468 2652 4524 Eme
2698 4469 2887 4538 illum;
2932 4481 3018 4528 est
3056 4474 3217 4528 enim"
3252 4452 3432 4531 bonus

162 4560 188 4609 6
218 4558 511 4628 ἄνθρωπος
543 4554 661 4611 εἷπε
700 4558 779 4629 τῷ
817 4558 1084 4612 πωλοῦντι
1110 4558 1305 4624 ἄλλως,
1338 4562 1433 4613 καὶ
1475 4560 1535 4613 οὐ
1566 4559 1751 4623 καθὼς

163 4644 313 4700 εἶπεν
358 4649 387 4700 6
430 4648 628 4721 γέρων,
669 4649 880 4718 λέγων·
944 4649 1076 4702 Ἰδοὺ
1124 4649 1301 4716 ἔδειξα
1339 4649 1471 4704 αὐτὸ
1496 4650 1574 4722 τῷ
1603 4650 1747 4723 ἀὸϐᾲ

162 4739 422 4809 ιἐλασίῳ,
453 4741 547 4794 καὶ
571 4737 689 4794 εἶπέ
722 4759 814 4813 μοι
838 4742 919 4795 ὅτι
947 4742 1142 4796 πολλοῦ
1180 4744 1318 4808 ἔστι,
1348 4745 1442 4798 καὶ
1474 4746 1575 4800 οὐκ
1598 4745 1745 4801 ἔστιν

159 4831 308 4897 ἀξιον
361 4829 428 4905 ἧς
476 4833 705 4905 εἴρηκας
760 4834 947 4905 τιμῆς.
1007 4834 1244 4898 Ἐκεῖνος
1282 4836 1541 4903 ἀκούσας,
1594 4837 1741 4907 λέγει

158 4923 308 4994 αὑτῷ
331 4941 345 4954 ο
382 4924 547 4977 Οὐδέν
584 4942 665 4977 σοι
708 4924 837 4979 ἄλλο
858 4922 1009 4978 εἶπεν
1037 4926 1066 4979 6
1112 4926 1325 5000 γέρων;
1361 4926 1524 4996 Λέγει
1554 4928 1738 5000 αὐτῷ’

158 5014 314 5085 Οὐχί.
350 5014 482 5067 Τότε
524 5014 704 5082 λέγει·
746 5014 946 5069 Οὐκέτι
977 5015 1117 5069 θέλω
1147 5015 1397 5085 πωλῆσαι
1440 5016 1591 5071 αὐτό.
1627 5019 1742 5070 Ka-

157 5106 413 5174 τανυγεὶς
441 5105 497 5158 δὲ
546 5100 678 5175 ἦλθε
718 5106 853 5176 πρὸς
898 5106 991 5161 τὸν
1038 5107 1271 5180 γέροντα
1308 5106 1608 5178 μετανοῶν,
1648 5110 1744 5162 καὶ

159 5196 492 5269 παρακαλῶν
535 5198 697 5251 αὐτὸν
742 5198 995 5265 δέξασθαι
1028 5199 1178 5252 αὑτό.
1237 5200 1295 5252 '0
1338 5198 1395 5253 δὲ
1440 5199 1617 5270 γέρων
1644 5200 1744 5253 οὐκ

154 5289 312 5358 ἡθελε
346 5290 552 5343 λαὸεῖν.
578 5290 714 5347 Τότε
758 5291 908 5360 λέγει
949 5292 1103 5365 αὐτῴ
1144 5293 1173 5344 6
1213 5289 1460 5361 ἀδελφὸς,
1486 5292 1568 5345 ὅτι
1616 5290 1745 5346 Ἐὰν

224 5471 270 5502 ⁸⁸
300 5470 468 5526 Abest
499 5470 569 5524 ab
591 5469 663 5524 al.
745 5471 786 5502 "
825 5471 909 5524 Al.
940 5471 1149 5543 εἴρηκε.

225 5622 341 5689 (88)
374 5621 606 5677 Dorotb.
642 5622 823 5678 Doctr.
860 5626 947 5682 κιο.

226 5694 337 5763 (89)
381 5692 485 5748 Vil‘.
519 5694 675 5749 Patr.
711 5712 748 5755 ι.
785 5696 836 5751 5.

1848 4568 1913 4608 ac
1941 4555 2183 4626 elegans,
2223 4559 2472 4630 valetque
2503 4570 2781 4645 quantuni
2815 4563 3022 4619 dixisti.
3055 4564 3290 4621 Rediens
3322 4569 3427 4621 ita-

1847 4661 1955 4716 que
1985 4647 2169 4713 bomo,
2196 4650 2354 4705 aliter
2385 4653 2703 4722 prolocutus
2730 4663 2816 4710 est
2848 4656 3128 4721 vendenti,
3170 4672 3269 4712 nec
3294 4658 3427 4727 jux-

1847 4746 1899 4792 ta
1931 4740 2080 4795 senis
2111 4741 2277 4796 verba
2303 4781 2319 4805 ,
2363 4744 2557 4800 aiens:
2588 4744 2726 4801 Ecce
2747 4747 2960 4803 ostendi
3004 4748 3201 4803 librum
3242 4750 3426 4806 abbati

1843 4827 2079 4895 Gelasio,
2124 4832 2368 4902 dixitque
2413 4835 2568 4899 mihi,
2596 4850 2784 4890 carum
2813 4852 2956 4904 esse,
2994 4853 3096 4893 nec
3140 4839 3320 4895 valere
3370 4840 3425 4894 id

1841 4920 1985 4988 quod
2020 4921 2180 4991 petis.
2219 4922 2340 4989 Quo
2369 4924 2459 4981 ille
2492 4925 2702 4992 audito,
2741 4927 2880 4982 dixit
2905 4929 2957 4985 ei
2986 4947 3000 4984 :
3027 4929 3244 4985 Nihilne
3275 4930 3423 4986 aliud

1843 5014 2070 5082 protulit
2124 5016 2330 5070 senex?
2366 5015 2724 5089 Respondit:
2776 5018 2941 5075 Nihil.
2994 5019 3150 5076 Tunc
3206 5020 3422 5079 frater:

1842 5104 1959 5160 Non
1991 5108 2226 5177 amplius
2260 5109 2383 5163 volo
2405 5110 2661 5167 vendere.
2706 5112 3085 5184 Compunctus
3112 5122 3294 5171 autem
3332 5132 3426 5172 ac-

1843 5198 2013 5252 cessit
2062 5199 2129 5251 ad
2176 5215 2360 5255 senem
2416 5202 2723 5272 paenitens,
2773 5212 2826 5260 et
2861 5205 3039 5259 oravit
3066 5211 3125 5259 ut
3157 5206 3427 5278 reciperet

1844 5289 2112 5344 codicem.
2173 5290 2242 5344 At
2280 5307 2447 5349 senex
2484 5293 2725 5349 uolebat.
2756 5294 2911 5352 Tunc
2945 5294 3086 5352 dixit
3118 5297 3167 5354 ei
3202 5296 3374 5355 frater
3401 5314 3423 5358 :

1229 5471 1316 5527 “l
1349 5470 1544 5527 Thess.
1579 5488 1634 5536 ν,
1669 5472 1754 5538 16,
1790 5472 1874 5538 l7,
1913 5473 1997 5528 18.

1914 5629 2025 5707 (ρο)
2198 5629 2358 5707 ﬁrm,
2398 5630 2494 5686 0r.
2528 5632 2622 5707 28,
2662 5651 2714 5707 p.
2748 5635 2878 5695 473.

1913 5700 2025 5772 (9|)
2072 5701 2173 5756 Vit.
2201 5702 2354 5759 Patr.
2387 5718 2499 5771 XVI,
2536 5705 2589 5761 1.
