4042 6208
489 393 506 450 l
523 393 592 450 i7

1645 389 1986 446 APPENDIX
2027 389 2118 445 AD
2156 387 2574 444 PALLADIUM.

3635 390 3739 448 ΝΒ

482 509 601 565 Nisi
654 508 950 579 acceperis,
1010 523 1289 580 nunquam
1334 523 1430 564 cro
1473 509 1712 580 quietus.
1771 507 1946 565 Senex
1993 508 2095 572 ad,

2197 510 2241 582 ιὴ
2271 509 2442 585 λάϐῃς
2476 509 2626 575 αὐτὸ,
2665 510 2765 563 οὐκ
2795 508 2904 580 ἔχω
2947 506 3254 562 ἀνάπαυσιν
3297 505 3361 558 ".
3399 505 3561 576 Λέγει
3591 507 3742 580 αὑτῷ

480 615 605 654 cum
627 619 642 656 :
661 597 718 654 Si
736 601 1019 670 quiescere
1038 615 1146 655 non
1167 610 1342 671 potes,
1365 616 1493 656 ecce
1507 593 1740 656 admitto
1756 601 1932 658 illum.
1953 601 2069 657 Cm-

481 700 658 746 terum
685 692 884 748 mansit
913 707 978 748 eo
1006 693 1114 748 loci
1141 691 1308 748 frater
1339 709 1514 764 usque
1540 691 1609 748 ad
1631 703 1859 750 mortem
1891 710 2066 761 suam,

482 766 642 854 capto
668 797 763 852 per
779 782 830 838 id
861 784 1006 854 quod
1038 801 1205 841 senex
1221 791 1410 856 egerat
1425 784 1652 840 salutari
1677 785 2066 844 emolumento.

555 875 612 928 2.
671 873 810 930 iluic
867 877 1052 932 abbati
1113 876 1332 933 Gelasio
1387 878 1684 949 aliquando
1737 894 1834 949 per
1881 895 2070 936 senem

487 965 800 1036 quemdam,
842 967 1169 1022 monachum
1221 967 1387 1022 etiam
1423 968 1626 1039 ipsum,
1681 969 1914 1025 incolam
1966 971 2071 1026 loci

487 1055 816 1129 Nicopoleos
843 1060 1028 1126 vicini,
1069 1061 1255 1115 relicta
1300 1061 1403 1115 fuit
1443 1062 1580 1117 cella
1628 1077 1755 1117 cum
1795 1078 1926 1134 agro
1964 1063 2074 1119 cir-

490 1147 872 1218 cumjacente;
903 1151 1133 1207 colonus
1173 1160 1356 1207 autem
1391 1153 1592 1222 aliquis
1619 1151 1808 1209 Vacati
1836 1154 2074 1212 hominis

490 1239 586 1308 qui
639 1247 770 1294 tunc
803 1241 1008 1311 primas
1049 1241 1295 1314 NicOpoli
1344 1243 1644 1300 Palaestinae
1675 1243 1904 1311 ferebat,
1949 1261 2074 1302 cum

489 1338 642 1387 esset
683 1331 930 1387 defuncti
965 1334 1115 1388 senis
1155 1346 1442 1405 cognatus,
1501 1337 1767 1396 accedens
1799 1339 1867 1393 ad
1906 1339 2077 1394 Vaca-

500 1430 642 1486 tum,
675 1424 867 1477 orabat
885 1432 944 1478 ut
973 1425 1238 1494 praedium
1273 1425 1404 1481 illud
1429 1428 1724 1500 acciperet,
1757 1429 1903 1500 quod
1927 1443 2076 1484 nem-

495 1527 564 1582 pe
621 1529 719 1584 per
757 1515 904 1586 leges
954 1517 1022 1571 ad
1082 1533 1142 1574 se
1191 1521 1478 1588 pervenire
1528 1521 1768 1577 deberet.
1810 1521 1903 1577 ille
1949 1537 2080 1578 vero

497 1598 652 1666 (erat
700 1601 844 1656 enim
896 1603 1206 1677 violentus)
1251 1623 1418 1662 manu
1467 1609 1688 1680 propria
1734 1625 1926 1681 agrum
1981 1625 2080 1664 au-

498 1688 643 1746 ferre
701 1691 975 1750 nitebatur
1007 1697 1076 1752 ab
1111 1697 1304 1753 abbat':
1359 1698 1596 1757 Gelasio.
1631 1700 1732 1768 Qui
1764 1701 1932 1758 abbas
1979 1701 2084 1758 Ge-

499 1781 693 1850 lasius,
731 1785 923 1842 nolens
953 1789 1146 1843 cellam
1204 1792 1560 1848 monasticam
1597 1794 1812 1850 tradere
1841 1795 1960 1850 vim
1985 1809 2084 1850 saa-

2168 605 2198 657 6
2228 602 2436 674 γέρωνο
2470 604 2532 656 Εἰ
2561 603 2662 656 οὐκ
2690 599 2965 672 ἁναπαύῃ,
2999 601 3128 654 ’ἰδοὺ
3172 599 3399 670 δέχομαι
3437 597 3585 652 αὑτό.
3632 599 3744 652 Καὶ

2169 691 2382 764 ἔμεινεν
2411 693 2439 746 6
2465 692 2692 763 ἁδελφὸς
2724 693 2932 755 ἐκεῖνος
2959 690 3002 724 ¹⁸
3021 690 3124 754 ἕως
3153 689 3254 760 τῆς
3273 689 3531 760 τελευτῆς
3551 689 3742 752 αὐτοῦ,

2169 783 2471 854 ὠφεληθεὶς
2511 783 2618 838 άπὸ
2639 783 2738 854 τῆς
2769 779 3030 856 ἐργασίας
3056 779 3152 834 τοῦ
3183 779 3456 852 γέροντος.

2243 875 2307 946 β’.
2332 875 2517 948 Τούτῳ
2537 875 2616 947 τῷ
2643 873 2789 946 άδϐᾷ
2817 873 3056 944 Γελασίῳ
3088 871 3415 943 κατελείφθη
3445 871 3574 926 ποτὲ
3594 866 3748 940 παρὰ

2171 967 2426 1039 γέροντός
2453 983 2615 1031 τινος,
2652 964 2886 1038 μοναχοῦ
2939 965 3034 1018 καὶ⁴
3084 961 3272 1028 αὑτοῦ,
3301 962 3428 1035 περὶ
3457 961 3554 1034 τὴν
3583 961 3747 1016 Νικό-

2173 1058 2328 1114 πολιν
2348 1059 2446 1130 τὴν
2475 1058 2690 1130 οἴκησιν
2717 1057 2952 1128 ἔχοντος,
3000 1054 3208 1110 κελλίον
3242 1054 3335 1109 καὶ
3375 1053 3436 1107 τὸ
3463 1053 3590 1124 περὶ
3614 1052 3751 1107 αὐτὸ

2173 1152 2392 1224 χωρίον.
2437 1151 2686 1222 Γεωργὸς
2710 1150 2767 1203 δέ
2789 1167 2872 1214 τις
2897 1148 3143 1202 Βακάτου
3171 1146 3266 1200 τοῦ
3293 1146 3413 1200 τότε
3445 1145 3752 1219 πρωτεύον-

2173 1262 2266 1309 τος
2292 1245 2390 1316 τῆς
2419 1243 2760 1306 Νικοπόλεως
2784 1243 2881 1314 τῆς
2907 1240 3048 1295 κατὰ
3078 1237 3460 1309 Παλαιστίνην,
3484 1235 3753 1308 συγγενὴς

2175 1334 2252 1390 ὢν
2280 1335 2377 1388 τοῦ
2425 1332 2783 1405 κοιμηθέντος
2815 1331 3089 1402 γέροντος,
3137 1326 3450 1400 προσελθὼν
3493 1326 3569 1396 τῷ
3601 1325 3754 1397 αὐτῷ

2180 1430 2412 1501 Βακάτῳ
2448 1429 2600 1500 ⁴ίχξίου
2643 1426 2829 1480 λαϐεῖν
2853 1425 2913 1478 τὸ
2953 1423 3085 1478 αὐτὸ
3130 1423 3350 1494 χωρίον,
3377 1421 3450 1483 ὡς
3490 1418 3649 1489 δῆθεν
3689 1419 3754 1470 ὲκ

2178 1523 2286 1576 τῶν
2324 1523 2502 1592 νόμιον
2529 1520 2606 1583 είς
2641 1517 2800 1572 αὑτὸν
2830 1515 3003 1570 ὲλθεῖν
3036 1513 3364 1582 ὀφείλοντος.
3419 1511 3477 1564 '0
3504 1509 3562 1562 δὲ
3601 1507 3754 1578 χερά-

2184 1633 2314 1686 στης
2343 1614 2454 1686 γὰρ
2487 1608 2578 1684 ἦν)
2621 1607 2898 1680 αὐτοχειρὶ
2935 1607 2998 1660 τὸ
3039 1606 3238 1676 χωρίον
3279 1603 3462 1657 λαϐεῖν
3499 1600 3758 1670 ἐπειρᾶτο

2183 1703 2335 1776 παρὰ
2367 1704 2462 1758 τοῦ
2491 1703 2635 1758 ἀὸϐἄ
2666 1699 2944 1754 Γελασίου.
2979 1697 3069 1767 Μὴ
3119 1696 3286 1749 θέλων
3318 1695 3373 1748 δὲ
3418 1691 3628 1747 κελλίον
3660 1707 3758 1760 μου

2185 1797 2408 1868 ναχικὺν
2443 1791 2777 1866 παραδοῦναι
2810 1789 3060 1860 κοσμικῷ
3103 1791 3132 1843 6
3169 1787 3333 1850 αὐτὸς
3375 1784 3548 1848 ἀϐὄᾶς
3591 1782 3760 1837 Γελά-

501 1873 698 1943 culari,
743 1892 851 1932 non
907 1879 1155 1938 cedebat.
1203 1883 1272 1937 At
1307 1883 1541 1941 Vacalus
1567 1901 1692 1941 cum
1741 1888 2088 1944 observasset

2197 1901 2323 1947 σιος.
2345 1884 2407 1937 οὐ
2441 1881 2774 1954 παρεχώρει.
2807 1877 3345 1950 Παρατηρησάμενος
3376 1874 3432 1928 δὲ
3461 1875 3489 1928 6
3509 1872 3760 1934 Βακάτος

495 1965 744 2036 iumenta
771 1970 984 2027 abbatis
1011 1973 1215 2029 Gelasii
1234 1977 1536 2033 transferre
1556 1979 1708 2034 oleas
1734 1980 1911 2034 relicti
1937 1981 2085 2037 illius

2197 1977 2252 2030 τὰ
2289 1975 2402 2040 ζῶα
2431 1974 2524 2028 τοῦ
2560 1973 2704 2027 ά66ἄ
2740 1971 2996 2025 Γελασίου
3031 1967 3403 2040 μεταφέροντα
3441 1965 3537 2028 τὰς
3569 1963 3758 2026 ἐλαίας

501 2059 712 2128 prredii,
751 2077 848 2132 per
886 2063 996 2118 vim
1025 2080 1089 2120 ea
1130 2065 1406 2134 distraxit,
1459 2069 1746 2141 allatisque
1774 2071 1831 2126 in
1863 2071 2084 2126 domum

2197 2067 2277 2121 τοῦ
2308 2065 2755 2134 καταλειφθέντος
2788 2062 2988 2134 χωρίου
3011 2059 3182 2130 αὐτῷ,
3219 2059 3406 2130 βιαίως
3421 2055 3591 2110 ταῦτα
3621 2057 3761 2107 ἀπο-

502 2166 659 2206 suam
693 2153 850 2217 oleis,
883 2155 973 2210 vix
1000 2163 1054 2210 et
1085 2172 1212 2213 eum
1243 2161 1574 2218 contumelia
1603 2163 1818 2219 remisit
1839 2164 2084 2234 jumenta

2197 2159 2421 2221 σπάσας,
2461 2157 2541 2219 είς
2575 2155 2666 2209 τὸν
2685 2149 3010 2206 οἷκοναὺτοῦ
3047 2149 3147 2212 τὰς
3184 2148 3368 2211 ἐλαίας
3389 2144 3588 2208 λαϐὼν,
3611 2143 3765 2213 μόλις

503 2259 630 2298 cum
674 2247 1044 2305 veterinariis.
1095 2248 1298 2306 Beatus
1329 2266 1460 2308 vero
1505 2267 1672 2309 senex
1753 2254 1938 2324 fruges
1969 2255 2090 2324 qui-

2197 2250 2326 2322 μετὰ
2348 2247 2570 2318 ἀτιμίας
2602 2246 2836 2299 ἀπέλυσε
2862 2243 2928 2298 τὰ
2952 2241 3064 2308 ζῶα
3093 2241 3228 2312 μετὰ
3249 2239 3354 2292 τῶν
3375 2235 3640 2308 κτηνιτῶν
3668 2234 3767 2288 αὐ-

503 2336 626 2392 ιίθῐη
663 2352 1007 2410 nequaquam
1039 2341 1352 2398 vindicabat
1382 2341 1509 2408 sibi,
1543 2343 1638 2398 sed
1681 2344 1871 2414 praelii
1910 2343 2089 2398 domi-

507 2425 600 2480 nio
633 2426 828 2482 cedere
859 2429 1100 2494 nolebat,
1150 2432 1222 2486 ob
1270 2432 1586 2502 praedictam
1627 2447 1873 2489 causam.
1923 2433 2092 2506 igitur

507 2524 700 2570 contra
732 2532 855 2572 eum
895 2521 1260 2577 exardescens
1286 2519 1526 2577 Vacatus
1551 2562 1566 2586 ,
1599 2521 1720 2578 aliis
1753 2537 1970 2592 quoque
1997 2539 2090 2578 ne-

507 2605 673 2672 gotiis
715 2607 1056 2666 trahentibus
1081 2652 1095 2673 ,
1132 2627 1256 2666 nam
1293 2612 1567 2684 litigiosus
1599 2622 1718 2670 erat
1749 2657 1764 2680 ,
1815 2615 2088 2672 Constan-

511 2697 793 2765 tinopolim
825 2699 1074 2757 concitus
1107 2703 1367 2772 perrexit,
1422 2705 1657 2775 pedestri
1709 2707 1900 2763 itinere
1929 2707 2094 2778 profi-

511 2786 745 2844 ciscens.
797 2790 932 2846 Cum
980 2800 1162 2848 autem
1215 2796 1454 2852 venisset
1503 2797 1650 2852 circa
1707 2797 2090 2866 Antiochiam,

512 2887 649 2935 tunc
675 2881 847 2937 instar
878 2883 1166 2940 luminaris
1199 2887 1382 2957 magni
1410 2887 1648 2960 fulgente
1675 2888 1836 2944 beato
1864 2888 2093 2961 Symeo-

513 2985 604 3035 ne,
634 2973 865 3029 audiens
895 2990 1016 3045 quae
1041 2975 1108 3031 de
1135 2976 1228 3032 illo
1258 2977 1574 3035 ferebantur
1601 2981 1904 3052 (humanas
1933 2982 2081 3038 enim

2184 2343 2312 2397 τῶν.
2354 2323 2492 2396 ’θ’δὲ
2524 2337 2792 2410 μακάριος
2806 2337 2982 2408 γέρων
3013 2333 3106 2388 τοῦ
3132 2334 3229 2404 μὲν
3243 2329 3456 2402 καρποῦ
3485 2329 3592 2382 οὐδ’
3627 2327 3768 2390 ὅλως

2185 2433 2538 2501 ἀντεποιήθη,
2563 2433 2664 2502 τῆς
2679 2429 2732 2482 δὲ
2760 2427 3075 2489 δεσποτείας
3099 2424 3190 2479 τοῦ
3217 2422 3414 2494 χωρίου
3427 2421 3487 2473 οὐ
3513 2416 3770 2488 παρεχώ-

2191 2541 2344 2598 ρησε,
2379 2521 2468 2576 διὰ
2503 2523 2601 2591 τὴν
2617 2519 2916 2592 εἰρημένην
2939 2517 3134 2570 αἰτίαν.
3164 2515 3278 2583 Ἐφ’
3309 2512 3366 2566 ὃν
3391 2512 3434 2544 ⁸⁸
3452 2507 3706 2576 ὲξαφθεὶς
3739 2508 3772 2560 6

2188 2611 2666 2686 Βακάτος,χρε;ὦν
2696 2612 2790 2665 καὶ
2812 2609 2984 2664 ἄλλων
3001 2605 3270 2660 ἑλκουσῶν
3300 2600 3458 2657 αὑτὸν
3473 2598 3770 2672 (φιλόδικος

2189 2705 2300 2777 γὰρ
2324 2700 2440 2776 ἦν),
2471 2703 2564 2755 ἐπὶ
2579 2695 3145 2755 Κωνσταντινούπολιν
3170 2695 3337 2765 ὁρμᾷ,
3359 2689 3494 2760 πεζῇ
3521 2689 3616 2758 τὴν
3631 2687 3774 2740 650:-

2189 2797 2386 2870 πορίαν
2400 2793 2738 2864 ποιούμενος.
2755 2791 3048 2862 Γενόμενος
3063 2788 3120 2842 δὲ
3141 2786 3280 2841 κατὰ
3295 2785 3393 2856 τὴν
3417 2781 3769 2851 Ἀντιόχειαν,

2189 2886 2310 2940 τότε
2339 2885 2415 2948 ὡς
2451 2882 2688 2954 μεγάλου
2716 2881 2998 2951 φωστῆρος
3017 2877 3324 2956 λάμποντος
3353 2873 3446 2928 τοῦ
3483 2873 3637 2940 ἁγίου
3671 2870 3774 2922 Συ·

2195 2975 2363 3048 μεὼν,
2380 2974 2449 3028 τὰ
2471 2974 2590 3028 κατ’
2611 2973 2770 3030 αὐτὸν
2784 2972 3018 3036 ἀκούσας
3048 2957 3519 3048 (ὑπὲψρωπον
3535 2966 3640 3036 γάρ
3658 2959 3773 3034 ἦν),

513 3062 660 3120 vires
681 3043 1061 3138 superabant),
1085 3067 1420 3126 desideravit
1449 3043 1710 3142 tanquam
1738 3072 2090 3130 Christianus

2197 3043 2549 3136 ⁷ἐπεθύμησεν
2615 3063 2692 3126 ὡς
2749 3059 3056 3134 χριστιανὸς
3095 3043 3392 3126 τὸνπᾶγιον
3456 3051 3772 3142 θεάσασθαι.

515 3162 770 3210 sanctum
814 3155 1020 3214 videre.
1059 3157 1128 3212 At
1177 3169 1405 3216 sanctus
1453 3161 1710 3232 Symeon,
1751 3179 1781 3218 e
1839 3163 2094 3219 columna

2201 3157 2348 3211 Ἰδὼν
2389 3157 2446 3210 δὲ
2493 3156 2654 3208 αὐτὸν
2699 3154 2806 3207 ἀπὸ
2847 3151 2941 3206 τοῦ
2987 3150 3178 3204 στόλου
3241 3149 3268 3202 6
3331 3147 3483 3216 ἅγιος
3528 3141 3774 3212 Συμεὼν.

517 3246 871 3316 conspicatus
895 3263 1019 3304 eum
1057 3252 1242 3307 statim
1271 3231 1566 3308 intrantem
1597 3254 1652 3307 in
1681 3255 2091 3320 monasterium,

2203 3246 2362 3310 εὐθὺς
2394 3243 2700 3299 εἰσελθόντα
2724 3243 2802 3306 είς
2827 3241 2890 3296 τὺ
2931 3241 3312 3313 μοναστήριον,
3352 3234 3572 3308 ἠρώτα·
3605 3231 3779 3287 Πόθεν

518 3337 876 3408 interrogavit
929 3359 942 3396 :
995 3340 1164 3412 Cujas
1202 3345 1296 3400 es?
1319 3352 1374 3400 et
1407 3359 1516 3414 quo
1573 3343 1763 3401 vadis?
1806 3344 2106 3416 Respondit

520 3429 660 3485 ille:
694 3429 1022 3490 Palaestinus
1073 3451 1234 3502 sum;
1290 3435 1822 3508 Constantinopolim
1876 3437 2098 3507 profici-

521 3534 669 3576 scor.
712 3520 950 3594 Symeon
991 3523 1148 3590 :Qua
1179 3525 1248 3581 de
1299 3527 1505 3582 causa?
1551 3526 1827 3583 Vacatus:
1876 3526 2106 3598 Propter

522 3614 696 3668 multa
723 3616 968 3684 negotia;
993 3629 1057 3670 ac
1079 3631 1260 3686 spero,
1290 3633 1386 3688 per
1423 3634 1612 3688 preces
1657 3620 1966 3674 sanctitatis
1999 3627 2106 3674 tum

523 3703 826 3758 rediturqu
860 3719 968 3768 me,
1035 3715 1202 3776 atque
1250 3708 1607 3762 ailoraturum
1644 3717 1834 3763 sancta
1879 3709 2105 3780 vestigia

523 3799 640 3850 tua.
678 3793 819 3850 Dicit
847 3795 897 3851 ei
923 3807 1148 3852 sanctus
1179 3797 1413 3868 Symeon
1444 3817 1456 3853 :
1482 3795 1600 3852 Non
1633 3799 1717 3854 vis
1741 3799 1927 3865 fateri,
1958 3815 1991 3854 ο
2024 3799 2108 3878 in-

522 3897 608 3942 ter
643 3887 892 3944 homines
923 3889 1229 3960 deplorato,
1278 3889 1422 3959 quod
1455 3899 1645 3944 contra
1679 3889 1954 3946 hominem
2010 3887 2106 3944 Dei

525 3980 710 4036 abeas.
755 3979 862 4036 Sed
895 3997 1218 4052 prosperum
1249 3998 1359 4038 non
1395 3983 1622 4038 habebis
1657 3983 1760 4038 iter
1789 3999 1965 4054 neque
1993 3997 2108 4036 am-

525 4072 672 4140 plius
703 4071 916 4128 videbis
953 4071 1175 4127 domum
1224 4081 1396 4130 tuam.
1441 4073 1498 4128 Si
1537 4089 1667 4144 ergo
1689 4090 1850 4146 pares
1877 4076 2106 4132 consilio

525 4178 670 4224 meo,
706 4161 835 4218 hinc
881 4163 994 4233 jam
1025 4165 1309 4231 recedens,
1341 4166 1408 4222 ad
1443 4165 1620 4236 ipsum
1677 4167 2019 4238 properabis.
2053 4174 2108 4224 et

526 4268 669 4322 genu
695 4251 834 4306 flexo
871 4259 1024 4322 petes
1079 4255 1317 4318 veniam,
1352 4257 1516 4312 modo
1543 4255 1722 4312 adhuc
1749 4255 1906 4312 vivus
1932 4257 2000 4312 ad
2025 4259 2106 4314 lo-

528 4359 654 4400 cum
705 4345 1013 4416 pertigeris.
1065 4344 1264 4400 Statim
1305 4347 1472 4418 igitur
1506 4345 1655 4404 febre
1685 4357 1970 4420 correptus
2001 4357 2105 4414 est,

529 4438 584 4486 et
617 4445 648 4486 a
682 4431 979 4488 comitibus
1007 4431 1060 4486 iu
1090 4432 1342 4488 lecticam
1375 4437 1599 4500 missus,
1639 4436 1930 4494 festinabat
1950 4437 2108 4508 juxta

2201 3333 2274 3400 εἴ,
2306 3337 2400 3390 καὶ
2425 3335 2526 3388 ποῦ
2554 3335 2792 3406 mpsim;
2841 3333 2901 3386 '0
2926 3332 2982 3386 δέ
3007 3348 3169 3404 φησιν
3189 3347 3202 3360 ·
3247 3327 3380 3381 Ἀπὸ
3412 3324 3780 3393 Παλαιστίνης

2203 3432 2339 3502 εἰμὶ,
2374 3431 2468 3485 καὶ
2505 3431 2582 3494 είς
2609 3425 3174 3483 Κωνσταντινούπολιν
3207 3423 3418 3490 ὑπάγω.
3461 3420 3518 3471 '0
3552 3417 3608 3470 δὲ
3640 3414 3781 3487 πρὸς

2206 3524 2399 3578 αὐτόν·
2447 3523 2558 3576 Καὶ
2592 3521 2734 3584 τίνος
2767 3521 2958 3592 χάριν;
3009 3519 3170 3588 Λέγει
3220 3513 3368 3586 αὐτῷ
3416 3515 3445 3566 6
3497 3511 3780 3570 Βακάτοςε

2203 3615 2304 3669 Διὰ
2343 3614 2529 3686 χρείας
2571 3611 2799 3676 πολλάς·
2836 3611 2934 3664 καὶ
2964 3609 3170 3674 ἐλπίζω
3213 3607 3300 3662 διὰ
3340 3603 3449 3658 τῶν
3475 3599 3647 3672 εὐχῶν
3680 3599 3785 3669 τῆς

2207 3707 2513 3777 ἁγιωσύνης
2542 3723 2634 3760 σου
2665 3702 2999 3760 ὲπαναλῦσαι
3019 3740 3034 3765 ,
3065 3702 3160 3756 καὶ
3197 3699 3519 3770 προσκυνεῖν
3548 3694 3614 3747 τά
3648 3691 3787 3760 ἆγιά

2207 3815 2298 3851 σου
2335 3797 2478 3868 ἴχνη.
2509 3797 2619 3850 Καὶ
2639 3795 2786 3865 λέγει
2808 3795 2956 3865 αὑτῷ
2985 3797 3012 3848 6
3043 3793 3196 3862 ἅγιος
3217 3791 3287 3843 Συ
3295 3787 3436 3861 μεὼν
3457 3804 3470 3817 ·
3491 3787 3563 3840 Οὐ
3583 3784 3782 3847 θέλεις,

2205 3889 2491 3944 ἀνέλπιστε
2516 3887 2623 3942 τῶν
2643 3885 2964 3958 ἀνθρώπων,
2997 3885 3170 3938 εἰπεῖν
3193 3883 3272 3936 ὅτι
3295 3877 3434 3934 κατὰ
3459 3876 3552 3930 τοῦ
3579 3872 3789 3944 ἀνθρώο

2207 3996 2310 4033 που
2322 3978 2414 4032 τοῦ
2429 3975 2562 4031 Θεοῦ
2583 3975 2810 4049 άνέρχῃ.
2827 3975 3068 4030 Ἀ).λὀὐκ
3082 3971 3239 4028 εὗοδά
3255 3989 3334 4024 σοι
3348 3970 3495 4023 ἔσται
3505 4009 3520 4032 ,
3530 3965 3650 4020 οὐδὲ
3661 3965 3788 4036 ὄψει

2207 4071 2288 4126 ἔτι
2313 4071 2408 4124 τὸν
2428 4066 2576 4124 οἶκόν
2605 4086 2721 4123 σου.
2763 4069 2888 4123 Ἐὰν
2916 4065 3008 4123 οὖν
3039 4067 3200 4138 πείθῃ
3225 4067 3289 4136 τῇ
3326 4060 3626 4134 συμΰουλίᾳ
3656 4074 3786 4129 μου,

2207 4161 2456 4216 ἐντεῦθεν
2481 4160 2581 4232 ἤδη
2609 4158 2878 4222 ἀναλύσας
2911 4159 3046 4230 πρὸς
3071 4157 3230 4210 αὐτὸν
3260 4156 3456 4226 ὁρμᾷς,
3484 4152 3578 4206 καὶ
3617 4165 3790 4220 μετα-

2207 4255 2348 4316 νοεῖς
2391 4250 2559 4320 αὐτῷ,
2601 4250 2715 4319 εἴγε
2755 4253 2812 4303 ὲν
2857 4254 2972 4312 τοῖς
3016 4247 3178 4312 ζῶσιν
3224 4245 3298 4300 ὢν
3339 4242 3652 4314 καταλάϐῃς
3694 4239 3792 4293 τὸν

2207 4342 2390 4396 τόπον.
2441 4339 2658 4402 Εὐθέως
2696 4334 2788 4392 οὖν
2827 4336 3054 4408 ληφθεὶς
3103 4335 3208 4390 ὑπὸ
3250 4333 3506 4406 πυρετοῦ,
3539 4333 3635 4385 καὶ
3682 4328 3792 4384 ὑπὸ

2208 4431 2318 4486 τῶν
2357 4431 2621 4485 συνόντων
2672 4432 2729 4483 ἐν
2759 4427 3015 4498 λεκτικίῳ
3057 4426 3294 4498 βληθεὶς,
3341 4424 3601 4494 ἠπείγετο
3645 4419 3793 4474 κατὰ

531 4521 710 4578 sancti
751 4520 1038 4594 Synieonis
1069 4539 1375 4580 sermonem
1422 4533 1482 4580 ut
1515 4526 1581 4581 ad
1612 4528 1887 4596 regionem
1918 4545 2095 4600 perve‘

2211 4524 2302 4578 τὸν
2331 4523 2486 4592 λόγον
2517 4521 2610 4576 τοῦ
2643 4520 2798 4591 ἁγίου
2829 4519 3054 4590 Συμεὼν
3099 4515 3424 4572 καταλαϐεῖν
3457 4515 3554 4586 τὴν
3581 4510 3790 4584 χώραν,

2288 4615 2298 4623 .
2565 4615 2590 4623 -
2788 4611 2812 4623 ..
2885 4610 3014 4623 .....-
3059 4610 3099 4623 ,η
3133 4609 3148 4623 ς
3244 4609 3254 4623 .
3587 4603 3790 4623 λαμ--

530 4615 698 4680 niret,
751 4623 916 4686 atque
949 4615 1136 4671 abbati
1192 4615 1410 4674 Gelasio
1441 4617 1709 4688 paenitere
1767 4635 1826 4675 se
1861 4635 1958 4690 per
1987 4636 2114 4690 pro-

531 4707 754 4764 fundam
791 4707 1200 4764 inclinationem
1245 4716 1599 4764 monstraret.
1640 4707 1838 4763 Verum
1877 4709 1966 4763 ubi
2009 4708 2110 4765 Be-

533 4807 714 4870 rytum
746 4799 946 4871 attigit,
980 4809 1234 4858 mortuus
1250 4809 1355 4864 est,
1387 4816 1486 4856 nec
1513 4799 1650 4853 vidit
1680 4800 1900 4855 domum
1931 4816 2108 4867 suam,

528 4892 685 4956 juxta
721 4893 898 4947 sancti
929 4893 1360 4964 praedictionem.
1396 4892 1504 4946 Ista
1528 4891 1673 4946 filius
1701 4891 1844 4960 ejus,
1871 4889 2112 4948 Vacalus

531 4983 694 5037 etiam
731 4982 983 5053 nomine,
1007 4992 1130 5054 post
1178 4987 1409 5037 mortem
1463 4979 1655 5050 patris,
1693 4981 1880 5037 multis
1909 4995 1974 5037 ac
2009 4982 2112 5039 fide

533 5074 711 5144 dignis
740 5075 1049 5131 hominibus
1083 5072 1385 5129 enarravit.

603 5165 657 5218 3.
695 5165 758 5221 Et
790 5167 892 5222 hoc
917 5180 1134 5236 quoque
1167 5163 1322 5217 multi
1351 5179 1383 5217 e
1420 5161 1708 5232 discipulis
1736 5163 1858 5233 ejus
1909 5165 2112 5220 retule-

536 5263 662 5308 runt
695 5274 711 5311 :
745 5259 1054 5330 Aliquando
1085 5257 1242 5329 pisce
1273 5255 1340 5310 ad
1374 5256 1571 5310 fratres
1599 5256 1785 5322 allato,
1811 5272 1936 5311 cum
1958 5257 2109 5311 illum

531 5360 746 5416 coquus
777 5347 1042 5416 frixisset,
1098 5347 1332 5420 portavit
1365 5347 1432 5401 ad
1490 5348 1825 5413 cellar-itam;
1876 5348 2114 5403 necessi-

535 5448 649 5493 tate
681 5445 862 5492 autem
897 5442 1196 5495 cellaritnm
1227 5447 1472 5510 urgente,
1502 5438 1666 5493 exivit
1693 5453 1722 5492 e
1748 5437 1991 5499 cellario,
2022 5452 2112 5491 re-

538 5530 793 5600 linquens
825 5529 1028 5599 piscem
1066 5532 1214 5586 humi
1257 5533 1307 5586 in
1343 5546 1490 5593 vase,
1529 5528 1794 5584 mandans
1835 5527 2114 5584 aiumnulo

535 5620 684 5678 beati
721 5618 922 5676 Gelasii
959 5628 1018 5676 ut
1053 5623 1354 5678 custodiret
1395 5623 1461 5676 ad
1496 5633 1731 5693 tempus,
1787 5619 1960 5676 donec
1999 5620 2115 5689 ipse

618 5777 661 5812 ¹⁷
683 5777 768 5833 ΑΙ.
806 5773 1132 5845 ἀναπαῆναι.
1215 5774 1360 5827 "Al.
1402 5779 1532 5830 ἐκεῖ.
1611 5777 1651 5806 ¹⁰
1688 5775 1771 5828 Al.
1806 5776 1895 5844 519’
1913 5768 2006 5829 ὢν.

2216 4615 2310 4668 καὶ
2365 4615 2691 4685 μετανοῆσαι
2746 4611 2824 4682 τῷ
2873 4610 3018 4682 άϐϐᾷ
3059 4609 3324 4678 Γελασίῳ.
3389 4606 3546 4658 Ἀλλὰ
3581 4603 3794 4672 φθάσας

2213 4704 2314 4775 τὴν
2349 4703 2610 4776 Βήρυτον,
2655 4701 2990 4770 ἐτελεύτησε,
3025 4698 3098 4770 μὴ
3138 4697 3471 4767 θεασάμενος
3516 4693 3606 4747 τὸν
3643 4687 3796 4744 οἷκον

2217 4793 2405 4858 αὑτοῦ,
2449 4794 2592 4848 κατὰ
2637 4794 2736 4864 τὴν
2781 4789 3119 4864 προφητείαν
3153 4787 3246 4842 τοῦ
3296 4785 3474 4855 ἁγίου.
3527 4781 3712 4836 Ταῦτα
3765 4783 3796 4834 6

2218 4887 2332 4950 υἱὸς
2358 4885 2546 4950 αὑτοῦ,
2593 4884 2835 4947 Βακάτος
2869 4884 2964 4938 καὶ
2993 4881 3156 4944 αὐτὸς
3188 4878 3499 4949 λεγόμενος,
3533 4871 3669 4945 μετὰ
3694 4871 3797 4934 τὴν

2216 4979 2474 5050 τελευτὴν
2501 4977 2596 5032 τοῦ
2630 4975 2832 5047 πατρὸς
2867 4973 3052 5038 αὑτοῦ,
3086 4972 3296 5034 πολλοῖς
3334 4969 3428 5024 καὶ
3459 4963 3797 5031 ἀξιοπίστως

2218 5071 2445 5144 ἀνδράσι
2473 5070 2788 5140 διηγήσατο.

2287 5161 2356 5232 γ’.
2401 5162 2510 5216 Καὶ¹
2541 5160 2699 5214 τοῦτο
2736 5159 2792 5212 δὲ
2829 5157 3013 5211 πολλοὶ
3073 5155 3180 5208 τῶν
3221 5150 3474 5224 μαθητῶν
3513 5145 3677 5203 αὐτοῦ
3713 5145 3796 5198 διο

2218 5257 2506 5328 ηγήσαντο·
2541 5253 2620 5306 ὅτι
2652 5251 2786 5304 Ποτὲ
2817 5249 3039 5320 ὀψαρίου
3071 5245 3376 5316 ἐνεχθέντος
3407 5244 3610 5304 αὐτοῖς,
3641 5237 3802 5290 τοῦτο

2221 5344 2517 5418 τηγανίσας
2572 5345 2600 5398 6
2659 5344 2952 5416 μάγειρος,
3001 5341 3284 5410 εἰσήνεγκε
3341 5337 3416 5408 τῷ
3468 5331 3798 5403 κελλαρίτῃ·

2221 5435 2412 5506 χρείας
2461 5434 2518 5486 δὲ
2568 5431 2894 5504 ἐπειγούσης
2937 5433 3027 5484 τὸν
3077 5427 3420 5498 κελλαρίτην,
3466 5422 3654 5494 ἐξῆλθε
3704 5418 3802 5474 τοῦ

2223 5525 2530 5596 κελλαρίου,
2561 5524 2727 5584 ἐάσας
2757 5523 2818 5576 τὸ
2862 5523 3085 5592 ὀψάριον
3133 5523 3190 5574 ἐν
3227 5519 3411 5573 σκεύει
3437 5515 3629 5587 χαμαὶ.
3662 5527 3804 5582 παρ’

2223 5617 2480 5685 αγγείλας
2518 5615 2830 5688 θρεπταρίῳ
2878 5613 3057 5686 μικρῷ
3094 5612 3186 5666 τοῦ
3235 5608 3502 5684 μακαρίου
3541 5605 3804 5660 Γελασὶου
