4042 6208
269 348 375 408 “9

1399 330 2017 392 APOPHTHEGMATA
2051 330 2360 391 PATRUM.

3421 342 3560 399 ίῆθετ

258 461 553 528 φυλάττειν
577 455 710 515 αὐτδ
740 454 878 528 πρὸς
901 453 1081 526 ὥραν,
1105 451 1210 516 ἕως
1234 445 1295 506 οὗ
1325 448 1627 521 ἀνακάμψῃ
1643 466 1660 479 ν
1697 448 1758 501 rb
1786 445 1842 499 δὲ

1951 455 2352 516 reverteretur;
2423 464 2558 520 puer
2611 463 2740 504 vero
2790 450 2930 520 gula:
2983 450 3209 505 libidine
3258 461 3555 522 tentatug.

257 550 476 606 παιδίον
518 546 814 620 λιχνισθὲν,
850 544 1044 600 ἐδαλεν
1096 543 1298 597 ἐσθίειν
1339 540 1573 612 ἀφειδῶς
1603 540 1663 594 rb
1706 539 1844 609 ὀψά-

265 659 404 714 ριον.
443 637 719 693 Είσελθὼν
762 637 820 690 δὲ
873 638 902 690 ὁ
951 634 1298 706 κελλαρίτης,
1358 634 1455 686 καὶ
1486 629 1663 702 εὑρὼν
1714 627 1847 683 αὐτὸ

265 732 467 795 ἀσθίον,
496 730 890 800 ἀγανακτήσας
924 726 1065 781 κατά
1092 725 1187 779 τοῦ
1222 725 1413 788 παιδὸς
1454 723 1632 794 χαμαὶ
1674 720 1847 793 καθη-

270 825 452 896 μένου,
485 820 928 894 ἀπαρατηρήτως
957 819 1037 890 τῷ
1060 818 1181 872 ποδὶ
1207 816 1419 887 ὥθησεν
1439 833 1453 846 ·
1476 815 1537 881 ἐξ
1567 814 1846 887 ἐνεργείας

264 916 323 970 δέ
375 932 548 980 τινος,
596 911 741 968 κατά
789 911 1013 981 σκαιρίου
1071 908 1390 983 κρουσθεὶς,
1441 906 1843 977 λειποθυμήσας

264 1004 557 1060 ἀπέθανεν.
603 1004 663 1057 ’0
692 1003 749 1056 δὲ
770 1000 1095 1072 κελλαρῐτης
1121 998 1271 1069 φόϐῳ
1303 996 1682 1067 κατασχεθεὶς,
1715 998 1846 1050 ἀνα-

264 1095 451 1158 κλίνας
503 1094 693 1148 τοῦτον
734 1094 793 1145 ὲν
821 1094 888 1163 τῇ
935 1091 1038 1160 ἰδίᾳ
1094 1088 1348 1161 στρώσει,
1396 1091 1492 1142 καὶ
1542 1089 1841 1152 σκεπάσας,

263 1185 517 1240 ἀπελθὼν
549 1183 859 1256 προσέπεσε
904 1183 1017 1244 τοῖς
1061 1180 1188 1233 ποσὶ
1232 1178 1325 1233 τοῦ
1375 1179 1517 1233 ἀϐὅᾶ
1563 1178 1841 1241 Γελασίου,

262 1274 624 1343 ἀπαγγέλλων
652 1271 801 1343 αὐτῷ
842 1271 906 1324 τὸ
938 1270 1265 1342 γενόμενον(
1296 1271 1354 1322 '0
1381 1269 1440 1323 δὲ
1468 1268 1843 1341 παραγγείλας

264 1367 416 1437 αύτῷ
447 1366 635 1437 μηδενί.
684 1365 831 1435 ἄλλῳ
865 1365 1061 1429 εἰπεῖν,
1099 1364 1385 1417 ἐκέλευσεν
1427 1361 1576 1433 αὐτῷ
1612 1358 1752 1432 μετά
1782 1358 1845 1412 rb

266 1459 476 1521 πάντας
508 1456 777 1528 ἡσυχάσαι
824 1456 1088 1527 ἑσπέρας,
1137 1453 1443 1522 εἰσενέγκαι
1496 1451 1629 1506 αὐτὸ
1669 1452 1750 1512 είς
1781 1449 1844 1503 rb

266 1548 596 1611 διακονικὸν,
625 1549 718 1601 καὶ
749 1545 924 1599 θεῖναι
972 1543 1282 1617 ἔμπροσθεν
1306 1544 1400 1597 τοῦ
1434 1541 1840 1611 θυσιαστηρίου,

269 1638 372 1692 καὶ
395 1637 764 1709 ἀναχωρῆσαι.
804 1636 917 1689 Καὶ
950 1633 1120 1688 ἐλθὼν
1150 1636 1179 1687 ό
1213 1634 1390 1706 γέρων
1421 1635 1502 1696 είς
1526 1632 1588 1685 rb
1606 1632 1843 1685 διακονι-

268 1729 384 1792 κὸν,
414 1728 543 1798 ἔστη
575 1729 654 1791 εἰς
694 1726 1001 1797 προσευχήν
1023 1741 1041 1756 ·
1077 1725 1171 1779 καὶ
1198 1727 1265 1794 τῇ
1305 1723 1424 1795 ὥρᾳ
1455 1723 1555 1791 τῆς
1588 1740 1843 1794 νυκτερι-

266 1819 363 1889 νῆς
396 1818 749 1888 ψαλμῳδίας,
783 1816 1153 1886 συναχθέντων
1188 1814 1298 1869 τῶν
1325 1813 1590 1883 ἀδελφῶν,
1622 1814 1844 1885 ἐξῆλθεν
1875 1807 1917 1861 Β

264 1913 294 1964 ὀ
330 1911 516 1981 γέρων
547 1911 691 1978 ἒχων
718 1907 1029 1963 ἀκολουθοῦν
1066 1907 1200 1961 αὐτὸ
1232 1907 1294 1961 rb
1329 1907 1646 1978 μειράκιον·
1682 1906 1845 1978 μηδε-

262 1999 358 2063 Vb;
393 1999 459 2052 rb
485 2000 776 2069 γενόμενον
806 1998 1021 2062 είόότος,
1052 1996 1192 2070 πλὴν
1235 1996 1424 2064 αὑτοῦ,
1454 1998 1548 2051 καὶ⁵
1585 1996 1680 2050 τοῦ
1719 1997 1845 2050 κελ·

262 2089 523 2161 λαρίτου,
557 2089 660 2153 ἕως
683 2090 781 2159 τῆς
810 2087 974 2144 αὐτοῦ
1002 2088 1282 2158 τελευτῆς.

337 2182 403 2236 δ’.
451 2182 677 2249 Ἔλεγον
713 2182 840 2252 περὶ
874 2181 967 2235 τοῦ
1008 2180 1154 2235 eaea
1195 2179 1478 2247 Γελασίου,
1516 2181 1614 2253 οὐχ
1651 2182 1700 2236 οί
1740 2199 1848 2254 μα-

264 2273 429 2341 θηταὶ
472 2272 640 2324 αὐτοῦ
693 2273 870 2343 μόνον,
907 2273 1042 2326 ἀλλά
1096 2271 1187 2325 καὶ
1232 2271 1419 2326 πολλοὶ
1465 2272 1574 2328 τῶν
1627 2274 1846 2337 πυκνῶς

266 2361 413 2432 αύτῷ
442 2361 871 2432 παραϐαλόντων
901 2361 1205 2433 διηγοῦντο,
1240 2362 1322 2414 ὅτι
1352 2364 1409 2415 ἐν
1438 2360 1514 2431 τῷ
1545 2361 1719 2431 καιρῷ
1746 2361 1845 2430 τῆς

266 2450 653 2521 οἱκουμενικῆς
690 2451 906 2504 συνόδου
933 2452 1031 2522 τῆς
1062 2454 1120 2505 ὲν
1149 2449 1451 2521 Καλχηδόνι
1479 2452 1542 2513 ’⁸,
1570 2451 1844 2512 θεοδόσιος

268 2541 296 2592 ό
322 2538 711 2610 προκατάρξας
750 2542 808 2593 ὲν
856 2539 1190 2611 Παλαιστίνῃ
1235 2538 1329 2592 τοῦ
1377 2538 1516 2592 κατὰ
1558 2538 1843 2609 Διόσκορον

270 2630 569 2701 alienato;
601 2633 669 2695 ²¹,
710 2630 997 2702 προλαϐὼν
1024 2632 1147 2693 τοὺς
1177 2630 1506 2693 ἐπισκόπους
1533 2629 1843 2684 ἐπανελθεῖν

270 2722 562 2793 μέλλοντας
594 2724 688 2777 ἐπὶ
719 2723 818 2786 τὰς
852 2721 986 2785 ιδίας
1024 2722 1346 2793 Ἐκκλησίας
1381 2722 1583 2793 (παρῆν
1616 2721 1724 2792 γὰρ
1749 2722 1843 2775 καὶ

268 2811 431 2874 αὐτὸς
462 2814 520 2864 ὲν
554 2810 1144 2875 Κωνσταντινουπόλει,
1173 2811 1418 2881 διωχθεὶς
1447 2810 1554 2864 ἀπὸ
1578 2812 1677 2880 τῆς
1710 2811 1844 2874 ἰδίας

270 2902 529 2971 πατρίδος
558 2900 633 2965 ὡς
658 2904 922 2975 ταραχαῖς
955 2900 1042 2954 ἀεὶ
1067 2900 1553 2973 χαίρων),ὤρμησε
1585 2902 1720 2973 πρὸς
1750 2903 1843 2955 τὸν

270 2990 447 3045 ἀϐὅᾶν
493 2991 748 3044 Γελάσιον
798 2993 878 3053 είς
922 2991 987 3044 rb
1025 2990 1190 3044 αὑτοῦ
1242 2992 1621 3063 μοναστήριον,
1668 2991 1842 3060 λέγων

271 3081 412 3135 κατά
450 3081 550 3152 τῆς
583 3080 820 3146 συνόδου,
852 3081 928 3144 ὡς
962 3081 1023 3134 τὸ
1055 3081 1348 3151 Νεστορίου
1378 3081 1553 3152 δόγμα
1592 3071 1874 3153 κυρωσά-⁹

274 3187 398 3241 σης·
440 3172 536 3227 διὰ
564 3170 755 3224 τούτου
778 3170 1012 3242 νομίζων
1036 3171 1127 3225 τὸν
1149 3170 1301 3240 ἅγιον
1329 3152 1690 3242 ὑφαρπάξεενῗν
1718 3173 1850 3243 πρὸς
1877 3152 1918 3209 C

275 3264 569 3334 συνεργίαν
595 3263 695 3332 τῆς
727 3263 893 3317 αὐτοῦ
924 3263 1273 3335 ῥᾳδιουργίας
1299 3262 1394 3317 καὶ⁸
1417 3262 1511 3316 τοῦ
1538 3262 1657 3316 κατ’
1691 3262 1851 3317 αὐτὸν

274 3354 598 3425 σχίσματος.
648 3355 705 3408 Ὀ
752 3354 809 3408 δὲ
852 3356 917 3406 ὲκ
962 3356 1057 3424 τῆς
1082 3354 1178 3408 τοῦ
1210 3353 1405 3425 ἀνδρὸς
1446 3354 1850 3420 καταστάσεως,

273 3447 367 3499 καὶ⁵
407 3449 477 3499 ὲκ
519 3447 619 3516 τῆς
663 3445 974 3517 προσούσης
1021 3444 1171 3516 αὑτῷ
1222 3444 1408 3499 θεόθεν
1463 3446 1747 3509 συνέσεως,
1792 3446 1854 3499 rb

270 3536 668 3608 διεφθαρμένον
709 3539 807 3609 τῆς
858 3536 1024 3592 αὐτοῦ
1054 3536 1280 3608 γνώμης
1325 3536 1666 3602 καταλαϐὼν,
1711 3539 1773 3591 οὐ
1806 3540 1851 3571 ⁸⁸

274 3628 603 3700 συναπήχθη
629 3632 695 3700 τῇ
738 3628 902 3683 αὐτοῦ
931 3628 1261 3699 ἀποστασία,
1300 3629 1377 3693 ὡς
1418 3631 1469 3681 oi
1502 3630 1622 3682 τότε
1669 3630 1854 3699 σχεδὸν

275 3721 500 3788 πάντες,
536 3722 653 3774 ἀλλ’
679 3720 845 3786 ἀξίως
883 3720 1043 3775 αὑτὸν
1072 3721 1344 3791 ἀτιμάσας
1383 3720 1726 3791 ἀπέπεμψεν.
1760 3723 1855 3784 Εἰς

278 3812 446 3878 μέσον
490 3812 600 3883 γὰρ
650 3811 891 3880 ἐνεγκὼν
928 3813 990 3866 τὸ
1019 3811 1344 3884 θρεπτάριον
1387 3813 1522 3884 ὅπερ
1550 3815 1614 3866 ἐκ
1645 3813 1855 3885 νεκρῶν

277 3904 597 3974 ἀνέστησεν,
635 3903 820 3973 ἔλεγεν
863 3905 920 3956 ἐν
952 3903 1072 3974 ἤθει
1102 3903 1284 3975 σεμνῷ
1310 3903 1515 3968 οὕτως·
1555 3904 1681 3958 Ἐὰν
1727 3906 1856 3977 περὶ

279 3993 518 4058 πίστεως
551 3994 711 4068 θέλῃς
754 3994 1122 4065 διαλεχθῆναι,
1157 3994 1299 4065 ἔχεις
1336 3994 1524 4049 τοῦτον
1562 3996 1713 4066 παρά
1760 3995 1852 4048 σοῦ

278 4086 545 4140 ἀκούοντα
575 4087 670 4140 καὶ
707 4086 1089 4157 διαλεγόμενόν
1133 4103 1247 4139 σοι⁸
1278 4087 1401 4157 ἐμοὶ
1446 4086 1556 4157 γὰρ
1591 4087 1653 4138 οὐ
1690 4085 1855 4157 σχολὴ

275 4178 349 4232 τὰ
380 4177 535 4248 παρὰ
573 4177 665 4231 σοῦ
691 4178 931 4231 ἀκούειν.
975 4178 1100 4232 Ἐπὶ
1137 4176 1346 4241 τούτοις
1388 4178 1724 4248 διατραπεὶς,
1759 4179 1856 4231 καὶ

276 4269 374 4322 ἐπὶ
401 4268 503 4341 τὴν
539 4271 703 4337 ἁγίαν
729 4269 884 4322 πόλιν
922 4270 1193 4342 ὁρμήσας,
1226 4268 1559 4339 συναρπάζει
1600 4270 1697 4340 μὲν
1735 4269 1856 4323 ὅλον

275 4360 339 4414 τὸ
370 4359 686 4431 μοναχικὸν,
717 4363 775 4414 ὲν
791 4362 1138 4431 προσχήματι
1182 4358 1326 4413 θείου
1360 4360 1523 4430 ζήλου
1545 4374 1559 4388 ο
1588 4360 1858 4432 συναρπά-

1952 542 2118 610 εωρῐι
2168 538 2324 593 avide
2386 541 2592 609 piscem
2645 540 2995 599 manducare.
3047 540 3184 596 Tum
3241 543 3522 612 ingressus

1952 632 2225 697 cellarius,
2257 638 2314 687 et
2338 632 2621 687 inveniens
2652 631 3047 697 comedentem,
3082 632 3160 687 ira
3188 635 3521 701 concitatus,

1950 737 2178 792 puerum
2221 724 2500 778 sedentem
2546 723 2718 790 humi,
2765 723 3167 779 inconsiderate
3215 724 3351 795 pede
3399 739 3526 797 per-

1952 813 2167 879 cussit;
2231 820 2394 881 atque
2449 814 2517 877 is,
2570 813 2818 867 deminutio
2875 823 3225 884 prorurante.
3289 817 3525 873 letaliter

1952 904 2219 974 pulsatus,
2269 904 2555 958 deﬁciente
2593 906 2777 959 animo
2819 906 3045 960 interiit.
3084 903 3241 962 Unde
3266 907 3549 964 cellarius‘

1952 995 2147 1050 timore
2179 1005 2484 1066 correptus,
2523 997 2804 1052 reclinavit
2832 1012 2955 1052 eum
2986 998 3040 1051 in
3068 996 3347 1067 proprium
3384 1005 3525 1054 strao

1952 1095 2089 1150 tum,
2125 1096 2178 1141 et
2199 1086 2431 1153 obtexit;
2463 1095 2626 1158 atque
2649 1086 2839 1143 abiens
2869 1088 3099 1158 procidit
3130 1089 3195 1144 ad
3227 1088 3394 1159 pedes
3424 1087 3526 1145 οἱ)-
3584 1112 3610 1154 τ·

1950 1178 2093 1232 batis
2122 1177 2343 1239 Gelasii.
2382 1178 2645 1233 nuntians
2668 1179 2715 1233 ei
2744 1179 2889 1249 quod
2922 1179 3243 1249 contigerat.
3273 1177 3365 1235 llle
3394 1195 3526 1236 vero

1922 1256 2237 1338 postquam
2287 1269 2658 1324 admonuisset
2707 1285 2777 1324 ne
2826 1269 2917 1323 alii
2970 1272 3226 1340 cuiquam
3272 1270 3522 1335 diceret,

1947 1359 2111 1429 jussit
2154 1369 2212 1412 ut
2256 1375 2500 1430 vespere,
2536 1375 2658 1414 cum
2695 1376 2885 1416 omnes
2909 1362 3278 1432 quiescerent,
3308 1361 3525 1418 allerret

1948 1471 2176 1527 puerum
2213 1456 2265 1510 in
2296 1456 2660 1522 diaconicum,
2707 1465 2932 1527 poneret
2972 1473 3155 1512 coram
3197 1459 3379 1523 altari,
3412 1461 3523 1516 sic-

1949 1563 2053 1618 que
2070 1547 2408 1602 abscederet.
2429 1546 2565 1601 Tum
2589 1546 2657 1602 ad
2674 1545 3017 1602 diaconicum
3039 1546 3314 1616 profectus
3329 1562 3522 1615 senex,

1950 1641 2097 1694 stetit
2124 1639 2190 1693 ad
2223 1640 2620 1708 precationem,
2679 1646 2842 1709 atque
2870 1638 3001 1692 hora
3046 1647 3327 1692 nocturnae
3378 1638 3523 1707 psal‘

1947 1732 2161 1794 modia},
2206 1730 2551 1800 congregatis
2609 1730 2892 1793 fratribus,
2940 1730 3112 1783 exivit
3151 1743 3339 1792 senex,
3374 1743 3526 1784 asse-

1945 1822 2084 1876 clam
2115 1820 2325 1876 habens
2358 1819 2863 1883 adolescentulum;
2918 1835 3017 1875 nec
3066 1819 3358 1890 quisquam
3406 1832 3524 1875 rem

1945 1913 2221 1982 cegnovit,
2263 1912 2501 1982 quandiu
2553 1911 2707 1979 vixit,
2772 1919 2966 1983 praeter
3021 1911 3200 1982 ipsum
3250 1918 3305 1967 et
3360 1909 3525 1966 cella-

1945 2017 2110 2059 num.

2015 2181 2071 2238 4.
2106 2180 2179 2238 De
2206 2181 2403 2237 abbate
2436 2180 2673 2244 Gelasio,
2714 2195 2821 2235 non
2852 2179 3012 2234 modo
3043 2177 3296 2248 discipuli
3349 2176 3531 2247 ipsius

1947 2275 2185 2338 aiebant,
2211 2273 2307 2329 sed
2334 2280 2389 2328 et
2414 2272 2724 2328 referebant
2750 2271 2902 2325 multi
2934 2284 3124 2325 eorum
3151 2270 3244 2340 qui
3271 2267 3535 2338 frequen-~

1947 2373 2029 2420 ter
2061 2365 2212 2418 illum
2268 2363 2535 2428 adierant,
2580 2363 2725 2433 quod
2761 2375 3004 2431 tempore
3051 2359 3400 2415 aecumeniea:
3430 2373 3525 2429 sy-

1945 2457 2070 2511 nodi
2104 2455 2446 2511 Chalcedone
2478 2462 2843 2524 congregatae,
2877 2452 3248 2517 Theodosius,
3289 2452 3377 2504 ille
3420 2449 3523 2520 qui

1946 2546 2000 2600 in
2029 2544 2317 2601 Palaestina
2354 2545 2596 2601 schisma
2632 2542 2876 2599 Dioscori
2901 2542 3222 2613 auspicatus
3245 2550 3348 2603 est,
3382 2556 3524 2611 prae-

1943 2637 2168 2693 veniens
2231 2637 2520 2707 episcopos
2569 2636 2634 2690 ad
2690 2650 2820 2691 suas
2870 2632 3149 2689 Ecclesias
3207 2646 3524 2690 reversuros

1945 2729 2105 2799 (nam
2162 2729 2277 2798 ipse
2306 2743 2527 2798 quoque
2573 2727 2762 2781 aderat
2798 2725 3293 2796 Constantinopoli.
3346 2724 3557 2795 patria.

1943 2820 2088 2890 quod
2133 2835 2348 2889 semper
2402 2819 2725 2874 tumultibus
2768 2818 3131 2873 delectaretur
3165 2816 3524 2889 pulsus).ir-

1944 2912 2054 2967 ruit
2091 2912 2146 2967 in
2203 2911 2451 2966 abbatem
2492 2910 2769 2964 Gelasium
2816 2909 2869 2963 in
2900 2909 3228 2964 monasterio
3259 2906 3402 2979 eius,
3438 2906 3521 2961 lo-
3552 2938 3555 2941 ν

1943 3020 2117 3077 quens
2169 3003 2432 3058 adversus
2473 3001 2764 3073 synodum,
2812 3001 2968 3069 quasi
3015 3015 3135 3068 qua:
3198 2997 3391 3067 dogma
3418 2995 3525 3050 Ne-
3566 3043 3581 3051 -

1949 3097 2106 3152 storii
2147 3095 2547 3158 conﬁrmasset,
2584 3101 2639 3149 et
2681 3108 2777 3163 per
2801 3091 3114 3161 huiusmodi
3147 3092 3351 3145 dictum
3381 3090 3526 3145 exis-

1953 3188 2153 3241 timans
2186 3202 2215 3239 a
2238 3200 2298 3240 se
2333 3186 2617 3254 abreptum
2656 3185 2722 3237 iri
2751 3198 2936 3239 senem
2978 3184 3031 3237 in
3065 3183 3378 3238 societatem
3432 3181 3525 3235 l'al-

1953 3279 2105 3333 Iacia:
2131 3292 2242 3332 suae
2280 3287 2334 3333 et
2362 3276 2702 3333 schismatis.
2734 3276 2803 3331 At
2824 3277 3018 3331 ille-ex
3054 3275 3296 3329 hominis
3325 3274 3529 3329 consti-

1954 3372 2180 3430 tutione.
2216 3382 2427 3422 necnon
2453 3383 2517 3423 ex
2543 3382 2605 3421 ea
2633 3383 2792 3438 quam
2821 3368 3082 3423 divinitus
3124 3365 3357 3419 habebat
3398 3380 3541 3435 pru-~

1952 3458 2157 3521 dentia,
2188 3457 2605 3527 deprehendens
2637 3458 2756 3528 ejus
2790 3456 3141 3527 deprava'am
3194 3455 3523 3511 sententiam

1952 3558 2112 3617 atque
2142 3550 2494 3612 voluntatem,
2524 3549 2591 3604 ad
2613 3550 2849 3605 haeretici
2876 3549 3229 3603 defectionem
3264 3564 3358 3603 seu
3394 3562 3526 3617 apo-

1953 3641 2197 3704 stasiam,
2224 3640 2400 3695 instar
2416 3649 2735 3695 caterorum
2765 3640 2875 3696 fere
2900 3641 3165 3700 omnium.
3187 3654 3294 3693 non
3320 3645 3403 3693 est
3429 3638 3528 3692 ab-

1953 3732 2184 3798 ductus;
2210 3732 2304 3786 sed
2329 3739 2488 3802 prout
2502 3732 2813 3787 merebatur
2834 3731 3216 3785 inhonoratum
3234 3730 3523 3801 ablegavit.

1952 3823 2086 3879 Nam
2110 3824 2165 3878 in
2205 3824 2443 3879 medium
2476 3821 2713 3877 adducto
2750 3822 2990 3887 alumno,
3030 3837 3199 3890 puero
3221 3821 3313 3876 illo
3361 3836 3522 3891 quem

1953 3915 2287 3971 excitaverat
2322 3929 2352 3968 a
2412 3914 2663 3979 mortuis,
2717 3912 2792 3966 ita
2854 3912 3093 3982 graviter
3123 3919 3178 3966 et
3224 3910 3526 3980 composite

1954 4007 2187 4061 locutus‘
2208 4016 2292 4060 est
2319 4024 2332 4061 :
2366 4004 2423 4060 Si
2445 4005 2511 4061 de
2539 4004 2643 4059 [ide
2666 4005 2821 4074 cupis
2845 4004 3137 4069 disserere,
3165 4002 3306 4056 hunc
3333 4000 3522 4066 habes,

1954 4098 2104 4169 quia
2133 4105 2185 4151 te
2219 4095 2425 4161 audiet,
2458 4102 2750 4163 tecumque
2787 4088 3163 4161 colloquetur;
3193 4090 3324 4144 mihi
3372 4092 3540 4146 enim'

1954 4202 2065 4247 non
2095 4191 2254 4241 vacat
2284 4193 2375 4238 tua
2402 4182 2735 4238 auscultare.
2769 4178 2851 4234 Ad
2880 4192 3001 4248 quae
3026 4178 3189 4232 verba
3220 4176 3311 4231 ille
3333 4175 3528 4230 confu-

1956 4295 2072 4343 sus,
2115 4279 2170 4335 in
2217 4285 2463 4334 sanetam
2516 4273 2792 4329 civitatem
2848 4270 3132 4341 prorupit;
3168 4269 3259 4324 ubi
3305 4268 3524 4340 quidem

1956 4369 2025 4423 ad
2069 4383 2197 4425 suas
2231 4374 2413 4437 partes
2464 4363 2702 4433 abripuit
2733 4377 2927 4417 omnes
2980 4360 3305 4423 monachos.
3342 4361 3545 4433 specie-

277 4453 364 4517 ζει
386 4452 443 4505 δὲ
470 4453 568 4506 καὶ
605 4453 701 4523 τὴν
727 4452 1041 4521 Δύγούσταν
1071 4452 1191 4505 τότε
1218 4453 1495 4525 παροῦσαν
1515 4468 1527 4481 ο
1563 4451 1658 4505 καὶ
1681 4449 1852 4515 οὕτως

1958 4460 2058 4516 zeli
2092 4459 2260 4514 divini
2302 4476 2316 4511 :
2351 4457 2589 4526 abripuit
2635 4470 2854 4529 quoque
2910 4453 3208 4525 Angustam
3257 4469 3379 4524 quae
3415 4454 3528 4508 illic

279 4545 547 4615 συνεργὸν
574 4543 773 4608 λαϐὼν,
819 4544 912 4615 βίᾳ
948 4543 1179 4614 κατέσχε
1205 4543 1294 4596 τὸν
1328 4543 1515 4616 θρόνον
1563 4543 1857 4615 Ἱεροσολύ-

284 4651 434 4705 μων·
472 4635 652 4704 φόνοις
695 4634 883 4688 τοῦτον
920 4634 1304 4707 προαρπάσας,
1344 4635 1438 4689 καὶ
1468 4635 1537 4688 τὰ
1570 4635 1704 4689 ἀλλα
1733 4635 1860 4690 ἀθέ-

283 4745 415 4797 μιτα
452 4728 550 4780 καὶ
582 4728 908 4782 ἀκανόνιστα
939 4726 1263 4798 διαπράξας,
1289 4725 1325 4780 ἃ
1353 4726 1518 4797 μέχρι
1545 4726 1639 4781 νῦν
1673 4728 1859 4782 πολλοὶ

287 4818 706 4889 μνημονεύουσι.
736 4819 871 4871 Τότε
908 4817 973 4887 δὴ
1007 4817 1081 4880 ῶς
1114 4815 1386 4888 ἐγκρατὴς
1425 4817 1732 4887 γενόμενος,
1762 4818 1857 4872 καὶ

284 4910 380 4964 τοῦ
413 4911 616 4965 σκοποῦ
644 4909 936 4981 ἐπιτυχὼν,
966 4910 1065 4963 καὶ
1087 4908 1418 4972 ἐπισκόπους
1445 4907 1728 4973 πλείστους
1746 4926 1858 4979 χει-

284 5007 601 5076 ροτονήσας,
643 5001 1042 5076 προλαμϐάνων
1075 5001 1202 5066 τοὺς
1246 5000 1465 5074 θρόνους
1497 5000 1605 5054 τῶν
1638 5000 1859 5052 ἐπισκό-

283 5113 404 5149 πων
450 5095 675 5167 μηδέπω
718 5093 1139 5157 ἐπανελθόντων,
1193 5092 1610 5173 μεταστέλλεται
1642 5091 1859 5145 καὶτὸν

279 5189 457 5243 ἀῦὅᾶν
486 5188 775 5242 Γελάσιον’
826 5188 921 5241 καὶ
955 5188 1322 5259 προτρέπεται
1360 5187 1438 5247 είς
1467 5183 1530 5237 rb
1568 5186 1856 5254 ίερατεῖον,

280 5281 550 5344 δελεάζων
578 5282 692 5351 ἅμα
720 5280 811 5334 καὶ
845 5280 1112 5349 ἐκφοϐῶν.
1146 5278 1452 5333 Εἰσελθόντι
1485 5274 1576 5330 οὖν
1606 5276 1753 5348 αὐτῷ
1778 5278 1859 5340 εἰς

280 5374 343 5427 rb
400 5375 685 5444 iaparaiov,
744 5375 927 5444 ἕλ;γεν
974 5380 1001 5430 ὀ
1054 5376 1361 5439 Θεοδόσιοςο
1439 5375 1858 5446 Ἀναθεμάτισον

282 5464 656 5520 Ἰουεενὰλιον.
713 5468 770 5519 '0
795 5468 851 5521 δὲ
887 5467 1054 5538 μηδὲν
1108 5468 1498 5534 καταπλαγεὶς,
1539 5468 1728 5521 Ἀλλον
1755 5468 1856 5520 οὐκ

279 5552 419 5621 οἶδα,
450 5559 638 5625 φησὶν,
702 5558 997 5612 ἐπίσκοπον
1060 5558 1470 5629 Ἱεροσολύμων,
1519 5561 1566 5611 εἰ
1606 5558 1677 5628 μὴ
1729 5559 1859 5610 Ἰου-

1957 4560 2087 4607 tunc
2115 4549 2336 4616 aderat;
2393 4555 2557 4618 atque
2590 4548 2665 4602 ita
2711 4547 2876 4615 huius
2938 4544 3142 4600 auxilio
3176 4560 3329 4609 usus,
3364 4546 3415 4599 vi
3447 4560 3531 4600 se-

1955 4643 2077 4697 dem
2109 4639 2657 4711 Hierosolymitanam
2715 4639 3026 4706 occupavit,
3061 4637 3301 4691 caedibus
3329 4648 3531 4704 prere-

1953 4742 2102 4807 ptam
2131 4756 2143 4803 ;
2173 4735 2391 4805 aliaque
2408 4739 2595 4787 contra
2627 4732 2772 4801 leges
2801 4738 2855 4784 et
2898 4742 3137 4784 canones
3176 4729 3523 4797 perpetravit,

1952 4842 2075 4898 quae
2124 4827 2406 4895 hucusque
2443 4831 2869 4878 commemorant
2902 4820 3078 4875 multi.
3132 4818 3285 4873 Tunc
3335 4817 3523 4887 igitur,

1956 4926 2015 4973 ut
2041 4919 2131 4987 qui
2164 4924 2488 4988 potestatem
2517 4915 2809 4979 obtineret,
2857 4913 3078 4981 votique
3107 4918 3253 4967 esset
3278 4922 3523 4977 compos.

1955 5010 2223 5066 ordinatis
2263 5008 2535 5079 episcopis
2581 5006 2848 5077 pluribus,
2885 5002 3193 5058 invadenda
3240 5001 3525 5072 episcopo-

1956 5116 2076 5156 rum
2110 5099 2350 5155 nondum
2376 5110 2755 5168 regressorum
2790 5095 3040 5158 thronus,
3075 5092 3238 5155 etiam
3272 5090 3523 5144 abbatem

1955 5191 2231 5246 Gelasium
2262 5189 2577 5255 arcessivit;
2613 5202 2773 5257 quem
2810 5184 2878 5239 ad
2905 5183 3211 5240 sacrarium
3251 5181 3522 5244 invitavit,

1958 5282 2225 5338 deliniens
2270 5281 2431 5336 simul
2478 5294 2541 5332 ac
2587 5287 2818 5333 terrens.
2865 5277 3002 5329 Cum
3060 5286 3189 5342 ergo
3246 5272 3524 5343 ingressus

1958 5383 2103 5430 esset
2135 5374 2188 5427 in
2225 5372 2550 5436 sacrarium,
2614 5370 2751 5424 dixit
2788 5366 3134 5421 Theodosius
3169 5383 3183 5420 :
3219 5363 3551 5419 Anatltemu»

1958 5466 2141 5537 profer
2165 5464 2427 5520 adversus
2450 5461 2790 5518 Iuvenalem.
2817 5457 3001 5512 Abbas
3032 5472 3161 5512 vero
3180 5454 3524 5527 impavidus:

1958 5557 2163 5621 Alium,
2202 5556 2395 5625 inquit,
2439 5571 2548 5609 nnn
2583 5552 2707 5608 novi
2766 5549 3269 5621 Hierosolymorum
3314 5547 3533 5619 episco-

347 5724 394 5755 ’⁸
431 5736 514 5789 Al.
543 5734 865 5804 Χαλκηδόνι.
943 5739 983 5769 ²¹
1020 5735 1104 5791 Al.
1140 5735 1434 5807 σχήματος.
1510 5736 1551 5766 ²²
1576 5734 1658 5789 Al.
1682 5736 1742 5790 οὐ
1778 5735 1936 5806 μόνον
1964 5737 2044 5791 οὑ.
