4054 6206
446 259 541 314 151

1610 252 1953 311 APPENDIX
1990 256 2082 312 AD
2111 255 2536 316 PALLADIUM.

3615 264 3722 322 152

446 396 600 458 pum,
626 386 825 451 praeter
847 374 1189 433 Juvenalem.
1226 374 1293 429 At
1321 373 1672 431 Theodosius
1700 377 1910 434 veritus
1957 393 2028 434 ne
2054 429 2059 441 ε

2163 378 2397 434 ξενάλιον.
2475 375 2815 448 Εὐλαϐηθεὶς
2880 374 2938 431 δὲ
3004 377 3034 431 ὁ
3092 375 3409 443 Θεοδόσιος,
3477 374 3557 450 μὴ
3625 379 3724 432 καὶ

447 474 539 531 alii
571 486 791 545 quoque
815 468 965 540 pium
991 466 1235 522 hominis
1259 467 1438 523 zelum
1473 466 1844 535 imitarentur,
1861 468 2031 539 jussit

450 575 511 623 ιιι
539 580 664 620 cum
702 560 958 617 irrisione
991 559 1294 631 pelleretur
1324 559 1392 614 ab
1424 558 1682 615 ecclesia.
1729 560 2031 631 Acceptum

448 664 635 713 autem
683 651 1021 711 scliismatici
1056 648 1548 706 circumdederunt
1602 648 1788 721 lignis,
1840 650 2033 705 minati

454 764 516 806 se
554 744 947 804 combusturos
982 757 1128 799 eum.
1163 737 1271 797 Sed
1299 740 1548 796 videntes
1582 756 1759 812 neque
1786 750 2035 813 propter-

451 854 518 899 ea
559 836 780 903 cedere,
845 849 948 889 nec
982 848 1200 904 pavere,
1239 839 1405 904 atque
1436 832 1599 889 veriti
1645 834 1819 905 plebis
1848 834 2035 890 conci-

452 920 737 995 tationem,
794 925 947 998 quod
980 926 1149 981 homo
1189 935 1338 982 esset
1398 925 1600 981 celebri
1647 924 1790 980 fama
1822 929 2032 997 (totum

453 1032 639 1078 autem
676 1038 706 1079 e
735 1035 976 1092 superna
1007 1017 1262 1075 veniebat
1289 1016 1704 1089 providentia);
1737 1025 2033 1088 martyrem

455 1115 690 1170 illaesum
740 1111 1112 1175 dimiserunt,
1148 1108 1265 1180 qui,
1301 1114 1568 1179 quantum
1625 1107 1802 1164 fuerat
1837 1108 1892 1164 in
1934 1124 1993 1166 se
2017 1148 2032 1174 ,

454 1204 681 1263 Christo
712 1204 770 1260 in
802 1203 1185 1259 holocaustum
1231 1215 1353 1256 sese
1387 1200 1680 1256 obtulerat.

527 1297 586 1356 5.
629 1295 703 1352 De
727 1294 918 1350 eodem
952 1293 1189 1348 relatum
1219 1300 1325 1360 est,
1356 1291 1502 1362 quod
1532 1293 1699 1347 vitam
1739 1292 1955 1362 inopem
1986 1302 2039 1348 et

458 1384 900 1442 anachoreticam
922 1383 977 1437 in
996 1382 1284 1453 juventute
1315 1381 1601 1452 professus
1628 1381 1857 1439 fuisset:
1881 1390 2040 1437 erant

460 1486 641 1535 autem
673 1493 741 1535 co
771 1487 1015 1549 tempore
1052 1475 1248 1532 iisdem
1282 1476 1339 1531 in
1364 1474 1504 1531 locis
1536 1475 1700 1530 etiam
1727 1477 1820 1530 alii
1855 1477 2041 1547 plures

459 1572 553 1641 qui
600 1584 699 1641 par
733 1567 861 1624 vita:
903 1567 1220 1623 institutum
1266 1564 1488 1622 fuerant
1529 1567 1857 1637 amplexati;
1900 1582 2040 1639 quos

457 1669 605 1717 inter
634 1676 799 1716 senex
829 1660 1077 1730 quidam,
1107 1673 1338 1715 summa:
1367 1657 1765 1730 simplicitatis,
1795 1659 2042 1730 nihilque

2132 472 2281 529 ἄλλοι
2337 470 2428 525 τὸν
2481 470 2679 536 εὐσεϐῆ
2738 468 2903 524 αὐτοῦ
2967 469 3129 541 ζῆλον
3189 470 3579 542 μιμήσωνται,
3623 486 3722 523 κε-

2132 564 2279 618 λεύει
2316 562 2478 618 αὐτὸν
2506 563 2722 633 εὐφυῶς
2749 562 2855 627 ἔξω
2880 562 2928 593 ⁸⁸
2961 561 3226 634 βληθῆναι
3267 561 3371 633 τῆς
3399 560 3724 633 ἐκκλησίας.

2134 654 2550 728 Παραλαϐόντες
2601 654 2658 707 δὲ
2706 653 2869 708 αὐτὸν
2914 653 2966 707 οἱ
3007 652 3102 707 τοῦ
3137 652 3304 707 αὐτοῦ
3342 653 3624 723 σχήματος
3651 651 3724 718 ⁸⁸,

2136 747 2504 821 περιέστησαν
2540 745 2689 818 αὐτῷ
2723 745 2877 812 ξύλα,
2914 744 3092 801 καίειν
3147 744 3311 799 αὐτὸν
3348 743 3726 811 ἀπειλοῦντες.

2146 840 2416 913 Ὀρῶντες
2444 839 2503 893 δὲ
2550 838 2712 893 αὐτὸν
2747 837 2882 910 μηδὲ
2917 837 3092 902 οὕτως
3133 837 3424 901 ἐνδιδόντα,
3456 837 3593 909 μηδὲ
3625 854 3731 891 κα-

2135 930 2541 1001 ταπτήσσοντα,
2564 929 2659 983 ml
2690 929 3083 1001 εὐλαϐούμενοι
3110 929 3210 1001 τὴν
3241 927 3337 982 τοῦ
3366 929 3429 1001 δή
3439 934 3540 1000 μου
3568 927 3731 999 ἔγερ-

2140 1037 2245 1084 σιν,
2268 1020 2357 1075 διά
2395 1021 2457 1074 τὸ
2504 1019 2827 1093 περιϐόητον
2856 1015 2994 1074 εἶναι
3036 1018 3130 1072 τὸν
3165 1018 3333 1091 ἄνδρα
3364 1018 3446 1090 (τὸ
3492 1018 3612 1072 ὅλον
3661 1019 3730 1071 ὲκ

2137 1116 2238 1185 τῆς
2272 1112 2477 1168 ἄνωθεν
2502 1107 2570 1184 ἦν
2600 1112 2898 1183 προνοίας),
2930 1111 3210 1166 ἀπέλυσαν
3229 1110 3441 1181 ἀϐλαϐῆ
3464 1109 3555 1164 τὸν
3586 1108 3731 1180 μάρ-

2139 1222 2297 1275 τυρα,
2330 1205 2391 1259 τό
2428 1222 2493 1274 γε
2520 1206 2609 1275 ἐφ’
2640 1203 2818 1275 ἑαυτῷ
2849 1203 3073 1276 Χριστῷ
3100 1202 3567 1263 ὁλοκαυτωθέντα.

2209 1306 2274 1352 ε’.
2319 1298 2546 1366 Ἔλεγον
2586 1297 2718 1368 περὶ⁵
2756 1296 2945 1364 αὐτοῦ,
2985 1297 3068 1349 ὃτι
3095 1297 3153 1349 ὲν
3181 1296 3396 1366 νεότητι
3431 1293 3524 1348 τὸν
3553 1294 3730 1364 ἀκτή-

2145 1406 2281 1461 μονα
2324 1388 2437 1461 βίον
2486 1389 2580 1443 ml
2634 1388 3046 1461 ἀναχωρητικδν
3099 1388 3436 1460 μετήρχετο·
3484 1382 3625 1457 ἦσαν
3671 1384 3731 1437 δὲ

2142 1488 2262 1540 κατ’
2296 1485 2458 1540 αὐτὸν
2490 1486 2584 1539 τὸν
2615 1486 2806 1557 καιρὸν
2835 1484 2931 1536 ml
2974 1482 3125 1539 ἄλλοι
3170 1480 3412 1536 πλεῖστοι
3437 1477 3579 1531 κατά
3603 1476 3732 1540 τοὺς

2143 1580 2343 1644 αὐτοὺς
2378 1581 2603 1643 τόπους,
2633 1578 2725 1632 τὸν
2766 1576 2931 1632 αὐτὸν
2980 1575 3095 1646 βίον
3121 1573 3269 1645 αὐτῷ
3312 1568 3733 1639 συνασπαζὸμε-

2145 1689 2258 1727 νοιο
2291 1675 2350 1727 ἐν
2392 1667 2476 1734 οἷς
2516 1672 2610 1727 καὶ
2651 1670 2833 1742 γέρων
2871 1686 2955 1733 τις
2983 1663 3053 1739 ἦν
3086 1668 3166 1731 είς
3203 1667 3372 1737 ἄκρον
3422 1662 3732 1718 ἁπλούστα-

457 1750 769 1822 possidens,
799 1751 894 1821 qui
951 1750 1007 1805 in
1059 1760 1309 1820 separata
1340 1749 1535 1806 cellula
1568 1766 1743 1820 usque
1788 1749 1855 1805 ad
1895 1766 2043 1805 mor-

2163 1780 2238 1827 τος
2268 1764 2364 1818 ml
2406 1764 2691 1834 ἀκτήμων,
2726 1765 2784 1815 ἐν
2822 1758 3149 1832 μονοκελλίῳ
3187 1757 3416 1826 οἰκήσας
3453 1754 3565 1826 (92)
3601 1752 3732 1825 ἄχρι

459 1856 568 1899 tem
596 1842 882 1907 habitavit,
917 1842 1170 1914 quamvis
1198 1842 1252 1897 in
1287 1850 1571 1899 senectute
1594 1842 1845 1898 habuerit
1877 1841 2047 1898 disci-

458 1937 641 2007 pulos.
668 1936 721 1992 ls
740 1935 797 1990 in
822 1950 885 1991 ea
903 1933 1292 1990 observatione
1312 1949 1435 1991 sese
1455 1942 1797 2000 exercuerat,
1826 1944 1886 1988 ut
1906 1934 2046 1989 duas

460 2027 679 2082 tunicas
717 2042 827 2081 non
884 2025 1215 2097 possideret,
1267 2040 1371 2079 nec
1406 2038 1516 2078 una
1559 2038 1685 2080 cum
1728 2024 1896 2081 sociis
1929 2025 2046 2081 suis

461 2119 531 2174 de
558 2117 804 2175 crastino
836 2116 1129 2188 cogitaret,
1159 2115 1229 2171 ad
1256 2123 1487 2172 mortem
1504 2131 1700 2188 usque.
1736 2116 1875 2172 Cum
1916 2130 2048 2188 ergo

462 2210 666 2266 accidit
697 2217 756 2265 ut
799 2209 969 2266 abbas
1037 2206 1289 2265 Gelasius
1339 2209 1651 2266 cmnobium
1707 2207 1816 2263 Dco
1850 2223 2051 2278 coope-

462 2310 623 2358 rante
658 2302 1043 2367 constitueret,
1101 2299 1474 2356 oll'erebantur
1519 2300 1571 2354 ei
1612 2299 1784 2353 multa
1816 2300 2048 2370 praedia;

465 2389 783 2460 possidebat
822 2396 1005 2444 autem
1050 2396 1104 2442 et
1152 2388 1221 2441 ad
1262 2401 1397 2442 usus
1458 2386 1697 2442 coenobii
1737 2387 2051 2443 necessaria

466 2484 713 2554 iumenta
740 2480 1067 2545 sarcinaria,
1092 2493 1218 2534 cum
1250 2478 1447 2534 bobus.
1474 2476 1578 2545 Qui
1625 2479 1775 2535 enim
1808 2479 1940 2535 olim
1962 2480 2052 2536 di-

466 2575 595 2629 vino
615 2571 914 2628 Pacbomio
944 2569 1232 2626 oraculum
1258 2569 1431 2636 dedit,
1475 2579 1535 2626 ut
1558 2578 1908 2626 construeret
1941 2584 2049 2626 ca:-

467 2666 716 2734 nobium,
742 2665 871 2720 huic
904 2678 1123 2737 quoque
1157 2661 1223 2717 ad
1251 2676 1470 2718 omnem
1514 2662 1835 2720 monasterii
1864 2677 2057 2720 ncces-

470 2759 688 2815 sitatem
741 2755 1121 2813 succurrebat.
1151 2754 1215 2809 1n
1249 2753 1339 2811 bis
1369 2767 1501 2825 ergo
1538 2762 1851 2810 versantem
1895 2752 2055 2811 Gela-

470 2853 613 2907 sium
639 2849 875 2905 intuitus
906 2847 1202 2920 praedictus
1225 2861 1417 2911 senex,
1468 2860 1534 2902 ac
1572 2861 1895 2919 germanam
1924 2860 2055 2919 erga

469 2955 597 2997 cum
626 2954 963 2996 conservans
990 2937 1367 3005 dilectionem,
1395 2937 1475 2992 ait
1498 2937 1577 2991 illi
1605 2955 1620 2992 :
1662 2936 1882 3004 Vereor,
1913 2938 2054 2994 abba

470 3031 676 3096 Gelasi,
711 3046 782 3087 ne
830 3030 1083 3102 alligetur
1111 3044 1269 3086 mens
1308 3036 1403 3083 tua
1447 3043 1574 3084 cum
1602 3028 1672 3084 ad
1719 3043 1901 3101 agros,
1938 3037 2055 3084 tum

2146 1852 2443 1920 τελευτῆς,
2495 1852 2699 1923 καίπερ
2763 1849 3013 1921 μαθητὰς
3066 1846 3316 1918 ἐσχηκὼς
3365 1847 3422 1899 ὲν
3470 1841 3548 1913 τῷ
3585 1846 3735 1913 γήρᾳ

2147 1940 2331 1996 αὐτοῦ.
2376 1937 2545 2005 Οὗτος
2581 1942 2788 2013 ἤσκησε
2810 1938 3043 2008 φυλάξαι
3081 1937 3143 1990 τὸ
3176 1935 3252 2007 μὴ
3291 1934 3594 2006 κτήσασθαι
3639 1931 3737 1985 δύο

2148 2033 2406 2104 χιτῶνας,
2433 2032 2567 2104 μηδὲ
2602 2032 2937 2104 μεριμνῆσαι
2967 2031 3095 2101 περὶ
3119 2030 3218 2099 τῆς
3252 2027 3440 2100 αὔριον
3467 2026 3605 2097 μετὰ
3625 2023 3735 2077 τῶν

2152 2126 2422 2180 συνόντων
2465 2122 2616 2195 αὐτῷ
2642 2123 2804 2195 μέχρι
2834 2121 3089 2175 Θανάτου.
3129 2120 3257 2173 Ὅτε
3281 2116 3375 2174 οὖν
3409 2118 3606 2187 συνέϐη
3642 2115 3736 2169 τὸν

2147 2216 2323 2271 ἀϐϐᾶν
2350 2213 2632 2277 Γελάτιον,
2663 2214 2730 2265 ὲκ
2774 2211 2926 2274 θείας
2973 2208 3261 2281 συνεργίας
3291 2208 3337 2240 ’⁸
3364 2203 3739 2277 συστήσασθαι

2150 2307 2212 2360 τὸ
2243 2305 2528 2373 κοινὸϐιον,
2567 2302 2971 2375 προσεφέροντο
3007 2300 3157 2372 αὐτῷ
3184 2299 3277 2353 καὶ
3306 2297 3482 2370 χωρία
3525 2296 3700 2351 πολλά
3720 2309 3736 2325 ⁶

2151 2400 2422 2469 ἐκτήσατο
2449 2396 2505 2450 δὲ
2548 2396 2644 2451 καὶ⁴
2683 2394 2753 2448 τά
2796 2394 2931 2468 πρὸς
2964 2393 3065 2457 τὰς
3101 2391 3289 2464 χρείας
3328 2389 3423 2442 τοῦ
3466 2386 3738 2442 κοινοϐίου

2152 2491 2321 2560 κτήνη
2356 2488 2635 2560 ἀχθοιρόρα
2667 2487 2762 2540 καὶ
2804 2485 2956 2557 βόας.
3011 2485 3072 2538 '0
3104 2483 3214 2554 γὰρ
3261 2479 3609 2554 χρηματίσας
3656 2477 3739 2547 τῷ

2155 2580 2287 2650 θείῳ
2340 2579 2622 2650 Παχωμίῳ
2668 2579 2727 2631 ὲν
2763 2576 2998 2649 πρώτοις
3042 2576 3305 2629 κοινόϐιον
3340 2568 3738 2642 συστήσασθαι,

2155 2674 2251 2728 ml
2275 2671 2450 2744 τούτῳ
2495 2673 2763 2744 συνήργει
2794 2673 2875 2735 είς
2903 2670 3002 2742 τὴν
3036 2670 3219 2722 πᾶσαν
3237 2666 3330 2720 τοῦ
3376 2664 3741 2736 μοναστηρίου

2157 2762 2439 2819 σύστασιν.
2488 2763 2577 2816 Ἐν
2598 2762 2809 2826 τούτοις
2836 2756 2930 2816 οὖν
2972 2760 3185 2832 βλέπων
3213 2757 3375 2814 αὐτὸν
3417 2758 3447 2811 ὁ
3477 2771 3740 2828 προειρη-

2161 2856 2324 2926 μένος
2357 2855 2559 2926 γέρων,
2600 2856 2698 2910 ml
2734 2854 2962 2926 γνησίαν
2996 2850 3186 2916 σώζων
3226 2850 3365 2924 πρὸς
3401 2847 3565 2904 αὐτὸν
3605 2847 3745 2918 ἀγά-

2158 2964 2288 3019 πην,
2347 2947 2535 3015 ἔλεγεν
2581 2945 2761 3017 αὐτῷ·
2820 2944 3117 3015 Φοϐοῦμαι,
3176 2944 3321 2998 ἀϐϐᾶ
3366 2942 3613 3006 Γελάσιε,
3665 2944 3744 3014 μὴ

2155 3029 2285 3110 ϐεθῇ
2325 3039 2356 3091 ὁ
2398 3037 2659 3107 λογισμός
2707 3054 2801 3089 σου
2847 3039 2927 3100 εἰς
2969 3036 3041 3090 τὰ
3069 3038 3246 3108 χωρία
3279 3037 3374 3089 ml
3414 3035 3513 3108 τὴν
3548 3035 3745 3106 λοιπὴν

474 3125 545 3182 ad
580 3125 849 3196 reliquam
898 3122 1137 3179 cmnobii
1181 3123 1616 3193 possessionem.
1666 3119 1823 3176 Tunc
1858 3120 1950 3176 ille
1985 3118 2054 3175 ad

2163 3131 2348 3201 κτῆσιν
2395 3128 2490 3183 τοῦ
2541 3128 2833 3185 κοινοϐίου.
2893 3130 2951 3182 '0
2988 3129 3043 3182 δὲ
3099 3128 3237 3200 πρὸς
3285 3128 3484 3183 αὐτόν·
3527 3127 3747 3180 Δέδεται

470 3232 598 3274 eum
632 3236 647 3272 :
687 3215 858 3288 Magis
896 3215 1116 3287 alligata
1145 3223 1231 3270 est
1278 3213 1545 3286 cogitatio
1586 3220 1681 3268 tua
1710 3212 1778 3267 ad
1803 3211 2058 3269 subulam

473 3325 584 3383 qua
639 3308 928 3381 operaris,
981 3321 1146 3379 quam
1206 3305 1410 3363 Gclasii
1454 3319 1611 3361 mens
1672 3304 1742 3361 ad
1786 3302 2057 3375 ejusmodi

474 3403 641 3460 bona.

545 3495 602 3550 6.
640 3492 973 3550 Referebant
1002 3492 1069 3548 de
1093 3491 1290 3547 abbate
1319 3491 1560 3559 Gelasio,
1585 3490 1733 3563 quod
1752 3490 2060 3548 molestiam

475 3603 620 3660 stepe
668 3602 868 3659 passus
902 3601 933 3641 a
967 3586 1417 3658 cogitationibus,
1443 3592 1506 3639 ut
1537 3586 1597 3641 in
1626 3599 1873 3640 eremum
1907 3599 2063 3642 sece-

478 3681 652 3747 deret,
705 3679 845 3735 dixit
895 3679 1132 3751 quadam
1189 3678 1277 3736 die
1324 3678 1599 3750 discipulo
1655 3691 1808 3734 suo:
1857 3676 2063 3733 Excrce

478 3774 827 3839 cbaritatem,
868 3772 1060 3838 frater,
1112 3771 1377 3843 quidquid
1430 3773 1636 3838 fecero,
1692 3772 1888 3837 tolera,
1940 3770 2064 3824 nuto

478 3868 704 3939 lumque
728 3865 799 3921 ad
840 3880 927 3921 me
956 3879 1179 3936 promas
1212 3879 1529 3921 sermonem
1558 3863 1899 3920 hebdomade
1939 3863 2061 3918 hac.

479 3957 547 4014 Et
572 3958 854 4031 accipiens
892 3958 1103 4029 virgam
1151 3957 1458 4028 palmeam,
1492 3957 1661 4027 cmpit
1691 3957 1977 4013 ambulare
2009 3957 2064 4011 in

482 4050 681 4108 atriolo
715 4064 853 4116 suo;
880 4063 1116 4120 cumque
1156 4047 1524 4113 lassescisset,
1555 4046 1696 4104 sedit
1728 4062 2064 4119 parumper;

481 4140 793 4212 iterumque
832 4154 1065 4209 surgens
1108 4138 1446 4195 ambulabat.
1485 4136 1721 4207 Vespere
1768 4146 1950 4192 autem
1988 4136 2068 4195 fa-

484 4236 598 4292 cto,
629 4229 905 4300 reputavit
929 4228 1072 4282 intra
1107 4243 1167 4283 se
1198 4245 1211 4284 :
1260 4228 1366 4295 Qui
1411 4243 1509 4299 per
1532 4227 1886 4284 solitudinem
1920 4228 2070 4285 incc-

486 4319 589 4383 dit,
613 4335 722 4377 non
755 4334 894 4390 pane
915 4319 1179 4383 vescitur,
1210 4318 1307 4375 sed
1331 4319 1549 4387 herbis;
1584 4328 1642 4374 tu
1679 4335 1811 4376 vero
1845 4329 2070 4391 propter

485 4411 865 4468 infirmitatem
916 4418 1067 4465 tuam
1114 4411 1344 4468 comede
1394 4412 1726 4469 olusculum.
1764 4413 1923 4481 Quod
1977 4413 2071 4469 ubi

485 4503 750 4568 fecisset,
783 4502 980 4557 iterum
1017 4503 1186 4558 menti
1218 4518 1333 4558 suae
1374 4502 1557 4560 dixit:
1597 4503 1700 4571 Qui
1737 4515 1989 4562 versatur
2015 4505 2072 4560 in

486 4609 696 4660 eremo,
738 4593 843 4650 sub
872 4599 1078 4647 tectum
1121 4608 1231 4647 non
1263 4592 1494 4660 dormit,
1542 4594 1638 4651 sed
1666 4594 1735 4650 ad
1768 4610 1951 4652 aerem
1973 4612 1990 4662 ;
2012 4603 2074 4650 tu

489 4687 658 4759 igitur
689 4686 767 4743 ita
795 4686 1003 4755 facito;
1032 4694 1089 4742 et
1117 4686 1445 4744 recumbens
1466 4687 1728 4745 dormivit
1771 4689 1826 4744 in
1856 4689 2073 4744 atriolo.

556 4843 603 4877 “
636 4842 807 4900 Abest
836 4843 1052 4912 εὐφυῶς
1080 4842 1149 4898 ab
1177 4844 1248 4897 al.
1327 4843 1375 4875 ”
1399 4841 1484 4896 Al.
1514 4843 1833 4915 σχίσματος.

569 4999 683 5072 (92)
731 4999 830 5072 Ἐν
852 5000 1231 5072 μονοκελλζῳ
1269 4998 1555 5072 οἰκήσας.
1578 4999 2078 5072 _'l‘ale_snMonocel-

496 5068 607 5125 lita:
620 5068 967 5129 dicebantur.
990 5070 1126 5126 Cod.
1159 5068 1464 5125 Vindobon.
1494 5070 1615 5135 156,
1643 5086 1697 5124 n.
1718 5070 1789 5124 25
1815 5087 1827 5123 :
1856 5071 2080 5124 Ἡσαΐου

498 5141 875 5213 πρεσϐυτέρου
919 5142 1015 5195 καὶ
1063 5141 1422 5213 ἀναχωρητοῦ
1444 5181 1460 5206 ,
1514 5142 1645 5213 περὶ
1663 5142 2084 5213 μκαταστάσεως

497 5210 800 5283 ἀρχαρίων,
854 5212 951 5266 καὶ
999 5213 1131 5283 περὶ
1173 5210 1726 5283 τῶνίμονοκελλιτῶν
1751 5251 1767 5276 ,
1835 5213 1943 5283 ml
1974 5210 2086 5283 τῶν

500 5279 762 5353 θελύντων
790 5283 1009 5351 οἰκῆσαι
1039 5279 1096 5336 ὲν
1124 5279 1396 5353 κοινοϐίὶρ.
1451 5281 1591 5337 Hinc
1613 5282 1674 5336 τὸ
1707 5281 2086 5353 μονοκελλικὸν

501 5350 558 5420 in
605 5350 771 5420 hisce_
812 5350 1163 5420 perobscuris
1217 5350 1403 5408 verbis
1469 5350 1739 5408 salebrosi
1797 5352 2087 5420 scriptoris

499 5418 1097 5493 Georgii_Pa'c_hymer:e
1120 5422 1326 5479 Hister.
1359 5424 1454 5479 lib.
1493 5440 1553 5487 tl,
1589 5439 1710 5493 cap.
1741 5423 1776 5478 9
1808 5442 1821 5476 :
1849 5418 1951 5493 ,Ἓν
1984 5422 2092 5493 τῶν

502 5489 998 5578 άναγᾼκαίων-έδοςε
1054 5493 1132 5578 τέ)
1170 5493 1348 5578 καιρῷ
1376 5495 1472 5578 καὶ
1499 5496 1619 5578 τοῖς
1652 5489 2092 5578 ἕφεστῶσιιπρά-

502 5576 699 5631 γμασι,
721 5559 783 5613 τὸ
820 5559 1167 5635 περιλειφθὲν
1198 5559 1355 5635 τέως,
1387 5565 1511 5617 ὅσον
1538 5566 1595 5635 ἐν
1623 5559 1902 5635 προνοίαις
1928 5559 2091 5616 ἐτάτ-

502 5630 876 5704 τετοημοναῐς
900 5647 960 5704 τε
992 5630 1086 5682 καὶ
1113 5631 1472 5704 ἐκκλησίαις,
1504 5634 1600 5687 καὶ
1622 5630 1734 5704 τοῖς
1759 5632 1969 5702 βασιλεῖ
1991 5649 2093 5686 πα-

506 5648 647 5696 τετο,
728 5648 876 5694 ovat;
900 5648 960 5683 τε
992 5648 1086 5682 και
1130 5648 1472 5704 εκκλησιαις,
1504 5648 1600 5687 και
1622 5648 1734 5696 τοις
1759 5648 1966 5702 Ρασιλει
1991 5649 2093 5686 πα-

506 5648 881 5774 ρασπίὲουσιν,
930 5698 1225 5769 ἀφεικότας
1266 5702 1370 5755 τῶν
1417 5703 1713 5770 δεσποτῶν,
1770 5704 1985 5759 τάττειν
2016 5703 2094 5767 εἰς

1931 4844 1978 4875 ’⁸
2010 4843 2097 4900 Al.
2125 4842 2423 4915 ἐνεργείας.

2163 3219 2364 3291 μᾶλλον
2403 3220 2431 3272 ὁ
2461 3219 2722 3291 λογισμός
2770 3236 2865 3273 σου
2911 3220 2993 3283 εἰς
3034 3219 3095 3272 τὸ
3125 3219 3451 3290 κεντητῆριν
3496 3220 3543 3250 ’⁸
3593 3220 3652 3271 ἐν
3701 3210 3748 3286 ᾧ

2161 3313 2394 3386 ἐργάζῃ,
2429 3312 2462 3384 ἦ
2496 3314 2526 3366 ὁ
2554 3312 2818 3386 λογισμὺς
2846 3312 3106 3367 Γελασίου
3137 3314 3217 3376 είς
3243 3312 3313 3366 τὰ
3359 3312 3638 3383 κτήματα.

2236 3500 2310 3560 ς’.
2351 3492 2576 3562 Ἔλεγον
2610 3492 2739 3565 περὶ
2769 3493 2864 3547 τοῦ
2897 3491 3040 3547 acea
3062 3491 3340 3557 Γελασίου,
3376 3491 3458 3546 ὅτι
3486 3491 3753 3557 πολλάκις

2163 3584 2472 3657 ἐνοχληθεὶς
2518 3585 2625 3638 ὐπὸ
2653 3584 2762 3639 τῶν
2792 3584 3069 3656 λογισμῶν
3097 3584 3357 3638 ἀπελθεῖν
3377 3586 3459 3648 εἰς
3497 3584 3596 3655 τὴν
3624 3585 3754 3656 ἔρη-

2167 3695 2288 3744 μον,
2320 3677 2419 3747 μιᾷ
2444 3675 2555 3729 τῶν
2580 3674 2804 3747 ἡμερῶν
2833 3675 2981 3745 λέγει
3010 3674 3089 3746 τῷ
3118 3676 3334 3747 μαθητῇ
3366 3675 3531 3729 αὐτοῦ
3548 3693 3561 3705 ·
3588 3675 3755 3747 Ποίη-

2166 3786 2258 3824 σον
2287 3767 2532 3839 ἀγάπην,
2562 3766 2780 3837 ἁδελφὲ,
2814 3769 2907 3821 καὶ
2933 3766 2988 3820 εἷ
3027 3784 3080 3821 τι
3108 3768 3154 3822 δ’
3186 3768 3252 3821 ἂν
3287 3768 3521 3838 ποιήσω,
3551 3767 3757 3837 βάσταο

2166 3860 2279 3927 ξον,
2319 3860 2414 3913 καὶ
2446 3858 2611 3928 μηδὲν
2644 3857 2885 3929 λαλήσῃς
2931 3875 3020 3930 μοι
3065 3858 3166 3931 τὴν
3208 3858 3479 3930 ἑϐδομάδα
3523 3858 3753 3931 ταύτην.

2167 3952 2279 4007 Καὶ
2308 3949 2488 4004 λαϐὼν
2519 3949 2711 4022 βαῖνην
2750 3950 2967 4022 ῥάϐδον,
3001 3950 3204 4024 ἤρξατο
3239 3953 3560 4022 περιπατεῖν
3583 3952 3662 4014 είς
3691 3948 3756 4004 τὸ

2169 4041 2455 4113 αὐλύδριον
2492 4040 2656 4095 αὐτοῦ
2682 4057 2698 4072 ο
2724 4043 2818 4095 ml
2848 4038 3116 4106 κοπιάσας
3144 4042 3362 4097 ἐκάθισε
3413 4043 3626 4114 μικρὸν,
3655 4043 3755 4095 καὶ

2170 4133 2330 4188 πάλιν
2372 4131 2611 4196 ἀναστὰς
2658 4132 2997 4204 περιεπάτει.
3052 4132 3357 4204 Γενομένης
3394 4132 3451 4185 δὲ
3490 4132 3753 4203 ἑσπέρας,

2170 4227 2317 4294 λέγει
2337 4224 2414 4296 τῷ
2435 4224 2680 4295 λογισμῷ
2698 4241 2714 4257 ·
2730 4226 2788 4279 ’0
2805 4226 2994 4296 είςτὴν
3016 4224 3221 4296 ἔρημον
3248 4223 3567 4296 περιπατῶν
3593 4225 3760 4295 ἄρτον

2171 4319 2272 4372 οὐκ
2300 4316 2471 4371 ἐσθίει
2495 4357 2513 4383 ,
2569 4315 2707 4370 ἀλλὰ
2760 4315 3014 4386 βοτάνας’
3050 4318 3114 4371 σύ
3139 4315 3196 4368 δὲ
3224 4314 3313 4368 διά
3340 4315 3439 4387 τὴν
3472 4314 3759 4370 ἀσθένειάν

2176 4427 2270 4462 σου
2308 4409 2448 4478 φάγε
2494 4408 2914 4480 λεπτολάχανον.
2949 4408 3059 4462 Καὶ
3096 4408 3330 4477 ποιήσας
3357 4406 3549 4471 οὓτως,
3596 4407 3762 4462 πάλιν

2176 4502 2329 4571 λέγει
2349 4501 2429 4572 τῷ
2465 4501 2710 4573 λογισμῷ
2730 4518 2744 4533 ’
2790 4501 2848 4555 '0
2873 4502 2953 4565 είς
2977 4501 3078 4573 τὴν
3106 4499 3313 4573 ἔρημον
3335 4500 3439 4554 ὐπὸ
3466 4500 3664 4571 στέγην
3695 4502 3760 4554 οὐ

2181 4597 2464 4668 κοιμᾶται,
2492 4595 2628 4649 άλλά
2650 4594 2757 4648 ὐπὸ
2775 4594 2867 4649 τὸν
2882 4595 3019 4666 ἀέρα
3034 4611 3048 4625 ο
3067 4594 3162 4649 ml
3192 4588 3285 4647 οὖν
3314 4593 3537 4664 ποίησον
3562 4591 3760 4656 οὔτως·

2182 4690 2278 4744 ml
2291 4688 2479 4753 κλίνας
2504 4688 2715 4757 ἑαυτὸν,
2741 4688 3001 4758 κοιμᾶται
3027 4688 3107 4751 εἰς
3123 4684 3494 4758 τὸαύλύδριον.
3523 4684 3767 4755 Ποιήσας

2529 4843 2576 4876 ³⁸
2599 4842 2686 4897 Al.
2715 4842 3090 4914 κεντητήριον.

2190 4997 2597 5070 στρατιωτικὸν,
2628 4996 2767 5070 πλὴν
2808 4998 2906 5070 καὶ
2937 4997 3327 5070 μονοκελλικὸν
3346 4997 3663 5070 ξύμπαντας
3691 4998 3772 5062 ὼς

2189 5067 2443 5122 ἐντεῦθεν
2471 5069 2668 5139 αὐτοὺς
2702 5067 3095 5138 ἔκείνοιςύπὲρ
3116 5070 3227 5123 τῶν
3263 5067 3773 5139 ἰδίωνπροσμένον-

2190 5156 2288 5202 τας
2312 5138 2602 5210 μάχεσθαι.
2631 5138 2805 5205 Quem
2827 5154 2928 5210 ego
2964 5140 3143 5194 locum
3174 5141 3332 5209 longe
3361 5138 3519 5192 aliter
3554 5138 3617 5193 ac
3640 5154 3771 5210 eru-

2191 5210 2342 5265 ditus
2372 5211 2646 5280 interpres
2680 5210 3058 5280 accipiendum
3108 5226 3231 5266 esse
3260 5219 3422 5280 atque
3447 5209 3770 5263 vertendum

2194 5278 2539 5350 augurabar';
2581 5280 2685 5334 hoc
2731 5278 2845 5334 fere
2876 5279 3038 5335 modo
3071 5295 3086 5332 :
3125 5281 3297 5333 Unum
3327 5279 3496 5332 visum
3524 5289 3603 5332 est
3639 5292 3773 5332 tem-

2194 5353 2311 5420 pori
2344 5350 2600 5421 rebusque
2638 5351 3007 5420 ing-ruentibus
3026 5351 3401 5421 necessarium,
3437 5357 3495 5401 ut
3517 5356 3775 5421 quotquot

2200 5418 2788 5489 supererant—collocati
2835 5422 2890 5474 in
2916 5418 3400 5488 procurationibus,
3432 5419 3774 5472 monasteriis

2199 5501 2249 5545 et
2283 5491 2541 5554 ecclesiis,
2572 5508 2635 5546 ac
2681 5491 2821 5545 inter
2867 5492 3202 5561 imperatoris
3228 5489 3507 5553 satellites,
3540 5491 3707 5561 soluti
3746 5500 3781 5561 α

2201 5561 2456 5624 dominis,
2490 5561 2543 5614 in
2574 5562 2823 5616 militiam
2849 5558 3238 5616 ascriberentur
3261 5561 3457 5622 cuncti,
3485 5559 3649 5613 etiam
3670 5558 3772 5628 qui

2202 5633 2253 5685 in
2287 5630 2619 5686 Monacelliis
2654 5649 2672 5687 :
2710 5647 2812 5702 quo
2842 5633 2896 5685 hi
2922 5647 3015 5699 pro
3042 5631 3151 5687 illis
3186 5632 3501 5700 illorumque
3530 5627 3766 5698 faculta-

2200 5703 2339 5758 tibus
2369 5707 2754 5773 perseverantes
2784 5714 3096 5773 pugnarent.
