4012 6208
449 321 556 382 155

1627 321 1968 376 APPENDIX
2015 322 2104 376 AD
2142 321 2364 378 PALLA
2377 321 2558 380 DIUM.

3599 327 3702 386 156

447 457 546 500 vos
567 456 748 498 emere
773 455 902 495 vasa
929 459 944 508 ;
982 441 1073 496 ubi
1112 458 1240 499 vero
1269 445 1708 501 accesserint‘ad
1745 447 2021 516 accipien-

2129 445 2248 499 ὅταν
2278 445 2471 500 ἔλθωσι
2503 444 2688 499 λαϐεῖν
2719 443 2818 516 τὴν
2840 443 3004 518 τιμὴν
3039 447 3236 515 αὐτῶν,
3259 448 3490 522 λέγομεν
3521 449 3705 518 αὐτοῖς

442 537 575 590 dum
617 533 852 604 pretium
877 572 893 596 ,
934 533 1185 590 dicemus
1224 537 1306 592 eis
1338 545 1398 590 ut
1437 536 1644 592 faciant
1673 539 2019 604 orationem;

443 633 498 680 et
538 623 700 679 credo
731 623 878 693 quod
919 624 1013 679 illa
1056 627 1364 682 sanabitur.
1409 627 1626 698 Egressi
1677 643 1810 696 ergo
1844 628 1911 682 ad
1943 629 2022 684 fo-

442 727 588 778 rum,
641 715 969 771 invenerunt
1003 733 1168 772 unu-n
1206 733 1236 772 e
1268 733 1461 772 senum
1510 719 1800 789 discipulis
1823 721 2021 776 seden-

443 812 552 858 tem
589 805 666 858 uti
697 805 957 862 venderet
996 821 1186 860 eorum
1226 807 1870 878 vasa;atlduxeruntque
1895 821 2018 862 eum

392 919 400 936 ι
441 909 568 950 cum
613 899 838 966 sportis,
887 897 1046 968 quasi
1097 907 1446 967 accepturum
1479 899 1735 968 pretium.
1776 899 2021 970 Cumque

443 987 746 1042 monachus
794 987 1014 1042 domum
1057 987 1339 1058 ingressus
1384 996 1570 1050 esset,
1610 989 1756 1044 venit
1816 991 2020 1044 daamo.

441 1076 620 1138 niaca,
653 1085 708 1138 et
733 1077 882 1130 dedit
924 1077 973 1132 ei
997 1077 1234 1146 alapam.
1268 1076 1318 1134 Is
1372 1093 1500 1133 vero
1532 1077 1697 1132 aliam
1743 1079 2020 1132 maxillam

441 1170 696 1234 obvertit,
731 1169 888 1238 juxta
917 1179 1244 1238 praeceptum
1279 1169 1490 1224 Domini
1517 1171 1584 1224 ”.
1623 1169 1777 1224 Tunc
1808 1171 2022 1226 daemon

442 1261 831 1324 discruciatus.
867 1263 1129 1324 clamavit
1177 1261 1369 1316 dicens
1398 1280 1413 1316 :
1447 1259 1492 1317 0
1525 1263 1670 1316 vim!
1707 1261 2021 1317 Mandatum

441 1351 572 1408 Jesu
605 1355 828 1424 expellit
855 1370 962 1408 me.
997 1353 1411 1424 Confestimque
1440 1363 1665 1423 purgata
1692 1363 1777 1408 est
1806 1355 2019 1408 mulier.

441 1443 740 1516 Postquam
777 1454 959 1502 autem
987 1447 1268 1500 venissent
1308 1460 1490 1508 senes,
1527 1445 1916 1500 nuntiaverunt
1941 1445 2023 1500 eis

441 1540 589 1610 quod
624 1539 914 1594 acciderat.
956 1538 1034 1593 Illi
1077 1536 1522 1607 glorificaverunt
1553 1535 1745 1601 Deum,
1781 1552 1844 1590 ac
1871 1535 2022 1592 dixe-

441 1639 575 1686 runt
607 1649 621 1688 :
657 1630 808 1686 Solet
847 1630 1122 1701 prosterni
1167 1629 1372 1684 diaboli
1409 1629 1662 1699 superbia
1705 1645 1801 1700 per
1845 1629 2025 1682 Immi-

448 1723 655 1778 litatem
687 1723 929 1777 mandati
950 1722 1178 1777 Christi.

2121 539 2210 592 ῐνα
2242 539 2539 608 ποιήσωσιν
2575 535 2760 608 εὐχὴν,
2796 539 2891 592 καὶ
2935 540 3174 594 πιστεύω
3198 542 3281 595 ὅτι
3314 541 3699 613 θεραπεύεται.

2121 629 2230 683 Καὶ
2263 628 2567 695 ἐξελθόντες
2593 631 2650 682 ὲν
2685 633 2749 702 τῇ
2776 630 2972 702 ἀγορᾷ,
3011 623 3168 704 εὖρον
3189 631 3288 686 ἕνα
3315 631 3563 705 μαθητὴν
3590 635 3703 688 τῶν

2121 718 2393 790 γερόντων
2427 718 2733 790 καθήμενον
2751 719 2837 772 ἵνα
2869 719 3094 791 πωλήσῃ
3125 719 3194 772 τὰ
3225 720 3393 792 σκεύη
3421 719 3601 775 αὐτῶν
3628 719 3700 754 ³⁰’

2121 813 2217 866 καὶ
2245 809 2435 864 ἔλαϐον
2479 811 2642 864 αὐτὸν
2685 810 2822 882 μετὰ
2849 811 2958 864 τῶν
2999 812 3293 884 σπυρίδων,
3332 813 3408 876 ὡς
3445 811 3532 866 ἵνα
3557 811 3700 887 λάϐῃ

2121 906 2181 957 τὸ
2211 903 2427 975 τίμημα
2455 903 2650 958 αὐτῶν.
2685 903 2794 957 Καὶ
2831 905 2918 957 ὅτε
2962 900 3124 976 ἦλθεν
3165 905 3194 956 6
3225 904 3456 976 μοναχὺς
3493 906 3573 968 είς
3609 903 3703 959 τδν

2121 990 2287 1058 οἷκον,
2316 989 2478 1067 ἦλθεν
2510 995 2542 1066 ἡ
2573 993 3008 1066 δαιμονιζομένη,
3040 995 3134 1049 καὶ
3172 995 3372 1049 ἔδωκεν
3417 995 3566 1066 αὐτῷ
3599 996 3700 1066 ῥά-

2123 1103 2300 1156 πισμα
2327 1085 2460 1156 (99).
2503 1085 2562 1138 Ὀ
2599 1085 2656 1140 δὲ
2697 1085 2924 1157 ἔστρεψε
2975 1084 3068 1140 καὶ
3094 1084 3192 1156 τὴν
3241 1086 3406 1157 ἄλλην
3451 1087 3700 1156 σιαγόνα,

2123 1178 2265 1232 κατὰ
2289 1177 2387 1249 τὴν
2413 1177 2631 1248 ἐντολὴν
2653 1176 2747 1231 τοῦ
2775 1177 3002 1249 Κυρίου.
3027 1177 3138 1230 Καὶ
3163 1176 3506 1248 βασανισθεὶς
3531 1179 3561 1230 6
3587 1178 3704 1232 δαί-

2127 1287 2261 1340 μων,
2315 1267 2512 1341 ἓκραξε
2555 1268 2762 1337 λέγων·
2805 1269 2868 1320 Ὦ
2911 1267 3036 1338 βίαι
3083 1270 3116 1339 ὴ
3161 1267 3348 1340 ἐντολὴ
3390 1267 3483 1322 τοῦ
3529 1269 3703 1339 Ἰησοῦ

2124 1359 2374 1414 ἐκϐάλλει
2411 1377 2501 1430 με.
2532 1360 2643 1413 Καὶ
2671 1359 2871 1422 εὐθέως
2897 1358 3233 1430 ἐκαθαρίσθη
3263 1361 3296 1431 ἠ
3339 1363 3472 1431 γυνή
3500 1361 3566 1414 ⁸⁸.
3591 1359 3702 1414 Καὶ

2122 1454 2200 1516 ὡς
2227 1449 2392 1524 ἦλθον
2426 1453 2476 1505 οί
2501 1452 2773 1524 γέροντες,
2807 1451 3134 1523 ἀνήγγειλαν
3162 1453 3346 1516 αὐτοῖς
3385 1453 3446 1506 τὸ
3473 1453 3701 1523 γενόμεσ-

2122 1563 2232 1600 νον.
2270 1543 2381 1598 Kal.
2425 1542 2684 1608 ἐδόξασαν
2725 1542 2817 1596 τὸν
2842 1543 2994 1606 Θεὸν,
3028 1544 3123 1598 καὶ
3147 1538 3336 1597 εἷπον
3383 1544 3542 1608 Ἐθος
3581 1545 3706 1599 ἐστὶ

2123 1638 2188 1707 τῇ
2217 1633 2567 1706 ὑπερηφανίᾳ
2593 1632 2689 1686 τοῦ
2719 1632 2988 1700 διαϐόλου,
3012 1634 3230 1688 πίπτειν
3259 1634 3368 1688 ἀπὸ
3388 1634 3488 1704 τῆς
3513 1649 3706 1690 ταπειρ

2125 1725 2341 1790 νὼσεως
2369 1727 2467 1798 τῆς
2489 1725 2706 1796 ἐντολῆς
2742 1723 2836 1777 τοῦ
2866 1723 3126 1796 Χριστοῦ.

515 1812 570 1868 4.
604 1811 800 1868 lterum
829 1812 964 1866 dixit
981 1813 1152 1869 abbas
1179 1812 1404 1870 Daniel:
1435 1811 1650 1879 Quanto
1675 1825 1876 1882 corpus
1898 1811 2013 1882 pul-

2193 1820 2254 1875 δ’.
2301 1772 2494 1889 ἶΕλεζε
2527 1772 2746 1872 πάλιννό
2773 1772 2949 1882 6665.;
2973 1817 3192 1888 Δανιὴλ,
3217 1819 3300 1872 ὃτι
3319 1818 3442 1874 ὅσον
3461 1817 3524 1871 τὸ
3545 1817 3704 1888 σῶμα

443 1904 602 1968 lulat,
651 1912 804 1957 tanto
853 1904 1093 1957 animam
1149 1903 1456 1968 attenuari,
1501 1912 1552 1958 et
1587 1911 1794 1972 quanto
1822 1918 2022 1972 corpus

445 1995 811 2058 imminuitur,
845 2001 999 2048 tanto
1025 1994 1262 2048 animam
1287 2008 1560 2050 crescere.

515 2086 567 2140 5.
613 2084 721 2140 lter
775 2085 890 2157 (9U)
941 2085 1172 2156 agebant
1215 2085 1514 2156 aliquando
1549 2083 1722 2140 abbas
1755 2082 1944 2139 Daniel
1971 2093 2025 2140 et

444 2177 616 2232 abbas
645 2176 922 2232 Ammnes.
958 2176 1106 2230 Dixit
1141 2176 1311 2232 abbas
1329 2175 1588 2230 Ammoes
1616 2195 1631 2231 :
1664 2175 1894 2241 Quando
1921 2190 2023 2230 nos

444 2285 663 2338 quoque
713 2269 1024 2324 sedchimns
1053 2267 1108 2322 in
1159 2269 1321 2330 cella,
1357 2266 1561 2322 Pater?-
1590 2265 1897 2337 Respondit
1925 2266 2022 2320 ab-

446 2358 544 2412 bas
577 2357 760 2412 Daniel
789 2377 802 2413 :
832 2357 967 2424 Quis
988 2357 1133 2413 enim
1167 2357 1328 2411 modo
1359 2355 1526 2410 Deum
1553 2371 1584 2409 a
1617 2356 1778 2411 nobis
1808 2357 2026 2411 aufert?

448 2451 589 2504 Deus
620 2452 773 2505 estin
812 2451 967 2514 cella,
997 2460 1050 2504 et
1087 2448 1266 2504 adhuc
1303 2455 1458 2504 extra
1491 2447 1682 2502 cellam
1721 2447 1865 2503 Deus
1889 2463 2022 2503 con-

449 2543 612 2597 sistit.

518 2635 570 2689 6.
615 2633 730 2701 (97)
765 2633 1014 2688 Narravit
1048 2632 1218 2687 abbas
1249 2631 1462 2696 Daniel,
1495 2631 1640 2702 quod
1674 2631 1895 2700 quando
1929 2630 2027 2686 ab-

445 2725 546 2780 bas
581 2726 846 2780 Arsenius
878 2724 1109 2795 degebat
1135 2725 1186 2778 in
1213 2721 1380 2788 Sceti,
1409 2729 1527 2777 erat
1576 2723 1687 2777 illic
1725 2722 2024 2778 monachus

446 2815 538 2886 qui
570 2831 701 2870 vasa
751 2831 945 2871 senum
989 2815 1312 2884 iurabatur;
1353 2823 1406 2870 et
1457 2813 1760 2885 assumpsit
1793 2829 1917 2870 eum
1968 2815 2024 2870 in

447 2907 637 2962 cellam
689 2923 844 2962 suam
894 2907 1064 2963 abbas
1095 2909 1402 2971 Arsenius,
1437 2908 1627 2962 volens
1668 2915 1780 2961 tum
1818 2907 2022 2962 lucrari

445 3014 592 3064 eum,
624 3007 738 3052 tum
788 2998 1014 3054 senibus
1056 3000 1294 3068 quietem
1355 3005 1634 3070 praestare.
1672 2995 1737 3050 Et
1775 2997 1852 3050 ait
1895 2997 1972 3050 illi
2005 3009 2022 3052 :

2125 1911 2328 1976 θάλλει,
2383 1909 2634 1964 τοσοῦτον
2671 1911 2705 1982 ἡ
2750 1909 2896 1982 ψυχὴ
2945 1909 3302 1964 λεπτύνεται·
3333 1909 3428 1964 καὶ
3475 1911 3597 1964 ὅσον
3643 1910 3704 1964 τὸ

2125 2001 2280 2074 σῶμα
2309 1999 2655 2064 λεπτύνεται,
2688 1999 2943 2053 τοσοῦτον
2969 2001 3002 2070 ἡ
3034 1997 3181 2071 ψυχὴ
3213 1998 3418 2055 θάλλει.

2193 2099 2255 2150 ε’.
2289 2092 2510 2146 Ὠδευόν
2535 2110 2666 2146 ποτε
2689 2095 2717 2146 6
2739 2091 2914 2156 ἁϐϐἇς
2945 2092 3141 2164 Δανιὴλ
3177 2093 3275 2148 καὶ
3303 2095 3330 2148 6
3369 2091 3542 2157 ἁϐϐᾶς
3573 2093 3707 2163 Ἀμ-

2127 2182 2300 2256 μὼης.
2341 2185 2452 2238 Καὶ
2497 2183 2646 2253 λέγει
2681 2185 2710 2236 6
2743 2182 2916 2246 ἀϐϐἄς
2959 2183 3223 2254 ’Δμμὼης
3248 2202 3260 2217 ·
3298 2184 3436 2240 Πότε
3481 2183 3708 2248 καθεζό-

2128 2277 2266 2348 μεθα
2298 2277 2390 2330 καὶ
2419 2278 2581 2346 ἡμεῖς
2609 2279 2688 2340 εἰς
2710 2277 2768 2329 τὸ
2800 2275 3030 2340 κελλίον,
3056 2276 3272 2346 Πάτερ;
3305 2275 3466 2344 Λέγει
3501 2273 3650 2340 αύτῷ
3677 2277 3708 2330 6

2125 2371 2300 2434 ἀϐϐᾶς
2333 2370 2533 2441 Δανιήλ
2554 2387 2568 2402 ο
2603 2369 2698 2434 Τίς
2735 2370 2843 2442 γὰρ
2886 2371 3110 2440 ἀφαιρεῖ
3145 2370 3236 2438 ἀφ’
3259 2369 3415 2442 ἡμῶν
3440 2371 3530 2423 τὸν
3569 2369 3706 2424 Θεὸν

2127 2461 2252 2531 ἄρτι
2285 2461 2395 2532 (1);
2424 2462 2453 2514 6
2477 2459 2611 2524 Θεύς
2651 2461 2797 2514 ἐστιν
2841 2461 2900 2514 ἐν
2937 2458 3015 2531 τῷ
3051 2457 3262 2528 κελλῐῳ,
3289 2459 3380 2512 καὶ
3410 2457 3567 2512 πάλιν
3599 2457 3708 2524 ἔξω

2123 2555 2152 2606 6
2175 2553 2306 2616 Θεός
2336 2554 2506 2608 ἐστιν.

2198 2648 2273 2706 ς⁴.
2313 2643 2620 2712 Διηγήσατο
2641 2643 2668 2695 6
2695 2640 2868 2705 ἀϐϐᾶς
2894 2641 3112 2712 Δανιὴλ,
3130 2641 3211 2694 ὅτι
3239 2641 3367 2694 Ὅτε
3391 2635 3456 2711 ἦν
3483 2641 3541 2693 ὲν
3563 2639 3708 2710 Σκὴο

2125 2751 2206 2788 τει
2235 2735 2262 2787 6
2293 2733 2468 2797 ἁϐϐᾶς
2507 2732 2800 2804 Ἀρσένιος,
2840 2729 2908 2804 ἦν
2932 2751 3016 2796 τις
3052 2735 3168 2785 ἐκεῖ
3197 2732 3425 2803 μοναχδς
3457 2729 3706 2784 κλέπτων

2125 2823 2192 2876 τὰ
2228 2821 2395 2894 σκεύη
2428 2823 2536 2878 τῶν
2583 2825 2874 2896 γερόντων.
2906 2825 3017 2878 Καὶ
3057 2823 3248 2876 ἔλαϐεν
3276 2823 3436 2876 αὑτὸν
3469 2823 3497 2876 ὁ
3531 2819 3705 2884 ἀϐϐᾶς

2137 2916 2412 2987 Ἀρσένιος
2445 2917 2526 2980 είς
2562 2917 2660 2988 τὴν
2707 2915 2900 2971 κέλλαν
2942 2915 3340 2982 αύτοῦ,·θέλων
3386 2915 3546 2969 αὐτὸν
3580 2931 3706 2986 itep-

2125 3005 2308 3076 δῆσαι,
2332 3009 2571 3070 καὶτοὺς
2591 3007 2850 3076 γέροντας
2871 3007 3218 3072 ἀναπαῦσαι,
3243 3008 3338 3062 καὶ
3369 3008 3512 3077 λέγει
3534 3005 3699 3078 αὐτῷ’

448 3089 504 3146 Si
539 3091 670 3161 quid
715 3092 988 3159 volueris,
1041 3091 1179 3146 dabo
1232 3091 1370 3156 tibi,
1407 3099 1616 3144 tantum
1663 3105 1732 3144 ne
1788 3089 2018 3144 fureris:

2220 3115 2271 3150 τι
2299 3097 2363 3150 ἂν
2391 3097 2576 3169 θέλῃς,
2605 3097 2714 3168 ἐγώ
2749 3116 2828 3152 σοι
2859 3099 3116 3170 παρέχωο
3150 3099 3310 3170 μόνον
3354 3099 3428 3171 μὴ
3465 3099 3704 3174 κλέψῃςο

448 3193 561 3237 tum
593 3183 742 3238 dedit
788 3183 837 3238 ei
891 3201 1109 3249 aurum,
1157 3185 1467 3254 pecuniam,
1507 3194 1710 3250 vestes,
1760 3181 2023 3256 quidquid

367 3296 371 3300 ~
447 3276 683 3346 denique
712 3276 1083 3330 necessarium
1113 3276 1163 3331 ei
1199 3282 1336 3329 erat.
1367 3274 1460 3330 ille
1491 3275 1704 3339 abiens,
1735 3273 2025 3329 iurabatur

447 3367 648 3422 adhuc.
679 3365 948 3432 Quocirca
981 3383 1140 3422 Senes
1169 3367 1418 3422 videntes
1451 3367 1598 3436 quod
1645 3381 1755 3421 non
1796 3365 2025 3423 desiste-

449 3464 550 3521 ret,
577 3457 903 3528 expulerunt
943 3458 1116 3522 illum,
1151 3456 1398 3513 dicentes
1433 3477 1446 3510 :
1482 3457 1538 3510 Si
1574 3457 1829 3513 inventus
1861 3457 2026 3512 fuerit

450 3548 620 3603 frater
665 3549 873 3605 habens
911 3548 1244 3603 infirmitatis
1289 3555 1598 3619 peccatum,
1648 3556 1861 3618 Oportet
1899 3563 2022 3604 eum

2131 3187 2224 3239 καὶ
2253 3185 2451 3240 ἔδωκεν
2494 3186 2643 3258 αὐτῷ
2669 3187 2891 3258 χρυσίον
2915 3188 3010 3241 καὶ
3044 3189 3226 3259 κέρμα
3261 3189 3356 3242 καὶ
3387 3189 3705 3260 ἱματισμὸν,

2129 3279 2223 3332 καὶ
2251 3279 2432 3332 πᾶσαν
2469 3277 2566 3350 τὴν
2593 3279 2780 3350 χρείαν
2817 3278 2984 3333 αὐτοῦ
3013 3280 3111 3350 (2).
3154 3278 3426 3334 Ἀπελθὼν
3459 3280 3515 3333 δὲ
3545 3280 3708 3335 πάλιν

2127 3368 2405 3422 ἐκλεπτεν.
2459 3370 2522 3422 Οἱ
2559 3365 2653 3424 οὖν
2700 3369 2975 3441 γέροντες,
3032 3370 3230 3434 ἰδόντες
3278 3371 3362 3424 ὅτι
3395 3372 3492 3424 οὐκ
3535 3370 3708 3424 ἐπαύ-

2127 3477 2276 3525 σατο,
2309 3457 2530 3524 ἐδίωξαν
2557 3460 2738 3524 αὐτὸν,
2766 3460 3032 3530 λέγοντες,
3065 3463 3146 3516 ὅτι
3184 3461 3310 3514 Ἐὰν
3329 3461 3522 3533 εὑρεθῇ
3549 3461 3707 3515 ἀδελ-

2123 3551 2224 3621 φὸς
2257 3551 2394 3622 ἔχων
2419 3551 2704 3607 ἀσθένειαν
2730 3551 3129 3624 ἐλαττώματος,
3161 3553 3268 3624 χρὴ
3291 3552 3579 3624 βαστάζειν
3609 3553 3710 3606 αὐ-

449 3640 719 3706 tnlerare;
763 3641 808 3695 si
839 3650 1020 3695 autem
1070 3640 1157 3694 fur
1205 3639 1386 3704 fuerit,
1415 3639 1596 3708 ejieitc
1648 3640 1860 3710 ipsum;
1895 3639 2023 3710 quia

2129 3643 2242 3696 τόν·
2271 3642 2364 3696 ἐὰν
2398 3643 2454 3696 δὲ
2511 3643 2741 3715 κλέπτῃ,
2795 3644 2841 3676 ³¹
2869 3642 3091 3709 διώξατε
3141 3645 3302 3698 αὐτόν
3321 3661 3333 3674 ·
3372 3647 3454 3699 ὅτι
3483 3645 3576 3698 καὶ
3603 3646 3706 3716 τὴν

448 3748 572 3786 cum
613 3732 808 3787 animae
839 3747 952 3787 sua:
991 3742 1184 3796 nocet,
1222 3739 1334 3785 tum
1362 3738 1589 3785 cunctos
1635 3745 1700 3786 eo
1734 3731 1838 3786 loci
1869 3747 2022 3786 com-

2129 3731 2297 3806 ῲυχὴν
2323 3733 2488 3788 αὐτοῦ
2524 3731 2730 3806 ζημιοῖ,
2776 3734 2870 3793 καὶ
2895 3734 3048 3799 ὅλους
3075 3735 3202 3800 τοὺς
3243 3737 3300 3790 ὲν
3332 3735 3407 3806 τῷ
3436 3735 3586 3806 τόπῳ
3609 3752 3710 3789 τα-

449 3833 726 3878 morantes
749 3824 1060 3878 conturbat.

519 3914 570 3970 7.
616 3915 730 3985 (98)
767 3915 946 3970 Abbas
996 3914 1181 3970 Daniel
1221 3912 1516 3970 Pharanita
1563 3914 1807 3969 narravit
1863 3915 2018 3970 hzec:

451 4003 592 4061 Dixit
628 4005 790 4062 Pater
816 4015 1002 4062 noster
1027 4008 1196 4062 abbas
1231 4008 1495 4063 Ars’enius
1527 4007 1596 4062 de
1625 4006 1860 4078 quodam
1891 4005 2025 4062 Sce-

447 4100 580 4152 tiota
605 4139 620 4163 ,
651 4097 798 4169 quod
830 4114 1060 4170 magnus
1105 4105 1253 4154 esset
1278 4097 1332 4152 in
1383 4099 1614 4169 agendo,
1665 4098 1719 4151 in
1759 4097 1862 4152 fide
1899 4112 2029 4153 vero

554 4253 599 4325 ξ’
635 4252 827 4308 Matth.
865 4271 917 4318 ν,
947 4253 1034 4307 59.
1121 4253 1167 4286 ³ο
1201 4254 1288 4310 Al.
1312 4251 1478 4324 αὐτῷ.
1558 4252 1600 4285 ³⁸
1634 4253 1720 4307 Al.
1777 4253 1935 4325 κόρη.

448 4323 504 4378 in
531 4323 601 4376 al.
634 4325 663 4376 6
691 4325 1015 4396 Ψαρανίτης.

547 4469 634 4540 96)
677 4469 782 4524 Vit.
815 4469 966 4524 Patr.
1001 4488 1074 4532 XI.
1118 4472 1171 4527 8.

544 4539 634 4610 97)
676 4540 774 4595 Vit.
812 4541 962 4596 Patr.
991 4559 1045 4604 κ,
1076 4544 1158 4598 l8.

543 4611 636 4679 98)
673 4610 775 4664 Vit.
803 4611 952 4666 Patr.
985 4629 1138 4674 XVIII,
1164 4612 1199 4666 3
1221 4629 1235 4676 ;
1259 4622 1314 4667 et
1335 4613 1388 4668 in
1432 4611 1553 4666 Vita
1575 4612 1808 4668 Arsenii.

523 4682 637 4750 (99)
678 4681 937 4737 Ἔδωκεν
955 4683 1116 4748 αὐτῷ
1134 4681 1432 4752 ῥάπισμα.
1449 4683 1801 4738 Cousimilem
1831 4691 2026 4737 nactus

451 4768 573 4808 sum
610 4753 1074 4821 narratiunculam
1100 4755 1153 4806 in
1171 4753 1357 4808 codice
1381 4753 1548 4821 Regio
1576 4753 1733 4815 i907,
1755 4767 1878 4806 cum
1905 4767 2029 4806 sen-

453 4823 641 4877 tentiis
671 4821 891 4876 Patrum
919 4840 948 4877 e
977 4819 1272 4876 Gerontico
1306 4819 1579 4891 excerptis
1611 4823 1880 4892 positam;
1920 4823 2027 4892 hoc

453 4894 650 4947 modo:
685 4893 820 4946 Τινὰ
862 4892 968 4946 τῶν
997 4894 1246 4963 μοναχῶν
1277 4893 1554 4963 ἐρημιτῶν
1583 4891 1867 4963 ἄνθρωπος
1909 4891 2026 4945 δαι-

456 4964 802 5032 μονιζόμενος
852 4963 943 5033 καὶ
995 4961 1183 5025 δεινῶς
1215 4961 1460 5033 ἀφρίζων
1522 4961 1695 5030 ἔτυψε
1731 4961 1891 5033 κατὰ,
1929 4963 2030 5033 τῆς

455 5031 721 5116 σιαγόνος.
961 5033 1144 5116 γέρων
1192 5031 1519 5116 ἐνμλλᾴξας,
1563 5035 1670 5116 ‘xa't
1708 5032 1809 5116 τὴν
1863 5031 2028 5114 ἄλλην

457 5099 748 5172 ὑπέθηκεν.
785 5104 843 5156 '0
871 5103 926 5156 δὲ
948 5099 1166 5174 δαίμων
1203 5103 1276 5173 μὴ
1307 5103 1490 5174 φέρων
1520 5101 1621 5174 τὴν
1651 5099 1902 5172 πύρωσιν
1931 5099 2029 5172 τῆς

456 5174 851 5237 ταπεινώσεως,
875 5173 1075 5236 εὐθέως
1106 5173 1284 5243 ἤγετο.
1325 5173 1387 5226 Id
1407 5182 1512 5234 est.
1541 5173 1712 5243 Homo
1743 5175 2030 5243 ada'mone

458 5255 750 5313 passesstts.
775 5259 820 5299 et
847 5260 1085 5313 spumam
1110 5242 1427 5298 horrendum
1451 5245 1504 5297 in
1537 5242 1750 5297 modum
1781 5242 2026 5311 fundens,

457 5310 768 5384 monachum
811 5310 1040 5384 aliquem
1075 5317 1348 5370 cremitam
1381 5317 1434 5367 in
1482 5313 1706 5368 maxilla
1749 5310 2027 5382 percussit.

458 5376 562 5454 Ille
578 5394 694 5454 vero
714 5376 1124 5446 seriem,'obecrso
1142 5386 1308 5449 vultu,
1328 5385 1549 5439 alteram
1570 5376 1863 5454 supposuit.
1890 5386 2032 5448 Quo-

456 5449 600 5502 circa
635 5449 772 5516 [erre
802 5469 901 5506 non
922 5466 1094 5511 valens
1115 5458 1322 5512 da'mou
1347 5449 1643 5512 incendium
1669 5449 2028 5518 humilitatis,

459 5521 641 5573 statim
662 5519 924 5575 discessit.

531 5590 606 5666 (1)
635 5591 830 5666 "QP";
860 5593 978 5666 Alia
1013 5595 1380 5666 iltlt'rpltnctio
1417 5599 1468 5651 in
1515 5597 1646 5650 Vilis
1683 5595 1922 5650 Patrum.

534 5659 613 5735 (2)
663 5661 1016 5735 ἰμᾳτισμὸοκ
1054 5659 1389 5721 xui-adem-
1421 5667 1534 5734 τὴν
1567 5669 1775 5735 χρείαν
1812 5664 2026 5722 αὐτῶν.

467 5725 642 5788 Vertit
673 5725 946 5804 Pelagius,
985 5725 1048 5787 ex
1083 5751 1268 5803 sensu,
1307 5755 1413 5791 nun
1456 5725 1520 5792 ait
1561 5725 1807 5804 ica-bum,
1843 5737 2031 5792 rescul-

2163 3825 2336 3878 ἀττει.

2163 3842 2336 3878 αττει.

2127 3842 2156 3895 ρ
2193 3915 2258 3982 ζ’.
2291 3920 2594 3988 Διηγὴσατο
2625 3921 2653 3973 6
2681 3918 2856 3983 ἀϐϐᾶς
2877 3919 3070 3992 Δανιὴλ
3119 3921 3148 3974 6
3182 3921 3486 3994 Φαρανίτης
3513 3920 3579 3984 ³³,
3624 3921 3708 3974 δτι

2125 4003 2294 4062 Εἶπεν
2316 4012 2344 4063 6
2364 4011 2553 4082 Πατὴρ
2575 4011 2734 4082 ἡμῶν
2752 4011 2926 4076 ἀϐϐἄς
2961 4014 3016 4066 ’Δ
3027 4013 3232 4084 ρσένιος
3258 4014 3382 4084 περί
3404 4029 3544 4076 τινος
3573 4013 3708 4081 Σκη-

2125 4097 2344 4164 τιώτου,
2373 4099 2455 4152 ὅτι
2499 4095 2567 4170 ἦν
2607 4101 2906 4170 πρακτικὸς
2945 4101 3118 4172 μέγας
3157 4103 3257 4174 (5),
3308 4102 3511 4174 ἀφελὴς
3545 4103 3602 4156 δὲ
3625 4103 3707 4165 είς

2043 4253 2088 4286 ³⁸
2116 4253 2202 4307 Al.
2233 4253 2399 4309 inser.
2459 4255 2553 4308 καὶ
2593 4255 3008 4329 νουθετούμενος
3045 4258 3108 4311 ού
3148 4257 3396 4314 παύεται,
3479 4259 3522 4292 ⁸³
3549 4258 3710 4318 Deest

2057 4477 2100 4531 D
2127 4471 2232 4534 las,
2255 4479 2304 4525 et
2335 4486 2487 4526 omne
2507 4468 2646 4540 quod
2673 4470 2728 4524 in
2759 4485 3007 4538 responso
3032 4467 3400 4540 suojialiebat.
3425 4465 3490 4521 Et
3512 4467 3707 4522 existi-

2127 4543 2296 4596 mavit
2345 4537 2565 4612 quidem
2603 4537 2963 4612 Rosweydus,
3016 4541 3071 4593 in
3119 4537 3309 4592 Graeco
3341 4553 3467 4612 esse
3514 4553 3703 4592 vocem

2128 4607 2921 4684 npoaawva'ptov,“Cordei'ius
2951 4624 3082 4664 vero
3129 4625 3335 4684 nomen
3363 4607 3656 4678 ἀπόκρισις
3687 4624 3702 4638 ·

2127 4679 2324 4736 néuter
2362 4679 2507 4736 vere.
2558 4679 2696 4735 Nam
2726 4695 3038 4749 responsum
3085 4687 3170 4734 est
3215 4679 3374 4748 χρεία
3396 4719 3410 4743 ,
3439 4694 3504 4733 eo
3538 4693 3706 4732 sensu

2128 4753 2220 4820 qui
2258 4753 2458 4821 passim
2494 4753 2634 4820 apud
2670 4760 2926 4805 auctores
2949 4819 2955 4821 Α
2980 4750 3171 4821 medim
3217 4749 3393 4802 aetatis
3443 4749 3706 4814 occurrit,

2128 4819 2396 4891 docteque
2431 4819 2720 4889 exponitur
2757 4837 2786 4874 a
2817 4819 3116 4884 Corderio,
3151 4834 3251 4891 pro
3282 4821 3502 4891 negotio
3541 4833 3609 4891 ac
3650 4833 3709 4872 re

2128 4889 2459 4963 necessaria.
2497 4891 2920 4963 Προσφωναρίον
2939 4898 3144 4963 autem,
3180 4889 3553 4963 Bartlmlomaii
3587 4903 3707 4963 Ino-

2129 4963 2291 5019 IIachi
2325 4962 2514 5023 dictio,
2549 4957 2822 5030 'suspecta
2857 4961 2990 5017 mihi
3033 4961 3110 5022 lit,
3161 4975 3229 5030 ne
3279 4961 3349 5014 sit
3393 4957 3710 5030 προσφορά-

2133 5051 2268 5107 ριον.
2299 5031 2405 5107 Sed
2436 5031 2648 5107 afﬁrmo
2672 5029 2830 5107 nihil.
2872 5031 3108 5107 Omnino
3146 5029 3614 5107 vide_gortleI'iuIII
3649 5029 3708 5082 in

2133 5097 2391 5156 Doruthci
2444 5101 2684 5156 lnstitut.
2733 5103 2766 5156 9
2799 5109 2854 5156 et
2881 5103 2901 5154 ι
2929 5117 2945 5164 ;
2993 5099 3282 5170 Roswi-ydi
3312 5097 3708 5170 Οιιιιιιιοειίοοιι

2133 5175 2198 5228 ad
2247 5173 2396 5228 Vitas
2451 5172 2699 5236 Patrum,
2736 5188 2869 5227 vace
2903 5168 3318 5240 Apocrisiarius,
3364 5168 3708 5224 Glossariqu

2131 5243 2330 5298 Juliani
2354 5244 2754 5302 Antecessoris,
2783 5251 2832 5296 et
2871 5241 3012 5311 juris
3050 5243 3290 5311 Lexiea.‘
3605 5281 3612 5288 .

2204 5313 2280 5385 (5)
2309 5313 2448 5385 Περί
2486 5330 2644 5378 τινος
2689 5307 3060 5385 Σκητιὶὶζτου,
3088 5312 3212 5385 ςὸτι
3253 5307 3331 5380 ἦν
3383 5307 3710 5385 πρακτικὸς

2126 5381 2334 5454 μέγας.
2369 5382 2532 5437 Juxta
2562 5385 2866 5438 versionem
2901 5382 3124 5452 Pelagii,
3180 5381 3254 5436 De
3291 5381 3519 5454 quatiam
3561 5395 3707 5454 sene,

2131 5448 2358 5524 quierat
2387 5469 2606 5524 magnus
2644 5455 2698 5507 in
2736 5454 2836 5508 [me
2865 5455 2995 5516 vita,
3017 5448 3111 5507 seu
3147 5448 3348 5524 pomis,
3381 5450 3454 5504 De
3478 5448 3708 5524 quodam

2134 5519 2252 5580 sene
2274 5527 2326 5579 iu
2353 5519 2493 5579 Sciti
2513 5525 2806 5586 habitante,
2832 5525 2954 5594 quia
2971 5533 3108 5585 erat,
3132 5519 3237 5594 e._t_c.
3270 5519 3529 5576 Testatur
3553 5522 3702 5594 enim

2135 5594 2487 5667 Mabillonius
2528 5605 2722 5667 noster
2755 5589 2902 5667 tonio
2935 5596 3112 5667 primo
3151 5589 3708 5667 Veterumaattalecto-

2135 5681 2252 5718 rum
2281 5681 2333 5734 p.
2361 5665 2490 5728 20l,
2527 5665 2580 5718 in
2618 5680 2720 5719 ms.
2750 5657 3066 5734 Corbeiensi
3097 5662 3284 5717 haberi
3312 5663 3361 5714 iu
3382 5658 3536 5734 _Sciti
3557 5657 3707 5722 habi-

2137 5732 2298 5800 tante,
2327 5745 2378 5792 et
2414 5736 2495 5790 ὅτι
2525 5743 2608 5790 est
2645 5735 2801 5803 quia;
2837 5732 2982 5805 quod
3017 5734 3180 5788 etiam
3212 5732 3452 5803 postulat
3488 5743 3701 5785 sensus.
