4054 6206
402 234 508 292 157

396 353 499 425 τὴν
520 353 711 409 πίστιν
729 372 746 387 θ
772 357 869 412 καὶ
891 358 1188 430 ἐσφάλλετο
1213 367 1301 422 διὰ
1332 370 1596 431 ίδιωτείαν
1619 396 1632 410 -

401 443 514 498 Οὐκ
549 442 667 498 ἐστι
714 445 875 514 φύσει
920 449 950 503 6
977 450 1143 521 ἄρτος
1179 454 1238 510 ὃν
1266 457 1614 535 λαμϐάνομεν
1662 470 1818 542 σῶμα
1852 442 1987 545 Χρι-

403 533 545 596 στοῦ,
580 535 699 588 ἀλλ’
727 537 1041 596 ἀντίτυπον.
1074 544 1184 598 Καὶ
1218 548 1456 618 ἤκουσαν
1486 533 1578 608 δύο
1618 533 1872 630 γέροντες
1904 533 1985 620 δτι

399 623 545 694 λέγει
571 625 665 678 τὸν
688 626 846 696 λόγον
876 630 1085 698 τοῦτον,
1111 638 1202 689 καὶ
1234 641 1590 711 γινώσκοντες
1623 651 1800 720 μέγαν
1827 656 1987 710 αὐτὸν

397 718 525 772 ὅντα
550 719 629 791 τῷ
657 720 778 793 βίῳ,
810 723 1125 793 ὲλογίσαντο
1150 730 1232 783 ὄτι
1260 733 1318 786 ὲν
1343 736 1549 809 ἀκακία
1576 718 1670 795 καὶ
1692 718 1983 819 ἀφελότητι

398 806 569 877 λέγει,
620 812 714 864 καὶ
758 809 920 885 ἦλθον
971 817 1109 888 πρὸς
1142 821 1325 887 αὐτὸν,
1376 829 1467 880 καὶ
1510 830 1755 900 λέγουσιν
1798 838 1979 910 αὐτῷ·

408 903 600 969 assa,
633 906 791 975 λόγον
833 910 1152 983 ἠκούσαμεν
1182 918 1309 987 περὶ
1345 910 1488 985 cis/6;
1517 924 1744 981 ἄπιστον
1773 929 1871 1002 (4),
1900 903 1982 987 ϐτι

393 995 544 1065 λέγει
569 999 650 1052 ὅτι
680 1003 708 1054 6
740 1003 903 1073 ἄρτος
936 1006 995 1058 ὃν
1025 1010 1538 1086 μεταλαμϐάνομεν,
1562 1019 1660 1072 οὐκ
1687 1022 1798 1074 ἔστι
1821 1022 1981 1090 φύσει

382 1088 556 1158 ,σῶμα
586 1092 846 1163 Χριστοῦ,
880 1095 996 1148 ἀλλ’
1032 1099 1323 1154 ἀντίτυπόν
1354 1107 1490 1159 ἐστι.
1520 1107 1682 1177 Λέγει
1711 1111 1739 1162 6
1764 1088 1941 1184 γέρων
1962 1130 1975 1145 ·

403 1178 546 1248 Ἐγώ
575 1184 690 1253 ειμι
727 1186 755 1237 6
783 1187 939 1241 τοῦτο
980 1188 1172 1258 λέγων.
1216 1194 1278 1245 Ol
1314 1194 1370 1248 δὲ
1415 1178 1783 1270 παρεκάλουν
1808 1178 1973 1262 αὐτὸν

391 1268 671 1338 λέγοντες·
704 1276 793 1345 Μὴ
824 1277 998 1342 οὕτως
1024 1285 1322 1355 κρατήσῃς.
1355 1268 1518 1352 ἀϐϐᾶ,
1560 1291 1673 1344 ἀλλ’
1700 1294 1776 1357 ὡς
1835 1316 1975 1371 παρ-

391 1356 655 1433 ἐδωκενή
699 1365 959 1439 καθολικὴ
1001 1370 1313 1443 Ἐκκλησία.
1367 1378 1557 1447 Ἡμεῖς
1597 1383 1704 1453 γὰρ
1730 1356 1976 1441 πιστεύοο

391 1467 510 1519 μεν,
537 1452 621 1506 ὅτι
639 1455 799 1519 αὐτὸς
825 1460 853 1510 6
879 1459 1039 1531 ἄρτος
1072 1463 1228 1534 σῶμά
1248 1466 1363 1520 ἐστι
1388 1469 1478 1521 τοῦ
1509 1472 1765 1542 Χριστοῦ,
1801 1478 1892 1530 καὶ
1916 1479 1974 1532 τὸ

386 1543 647 1614 ποτήριον
676 1547 805 1600 αὑτό
834 1552 949 1602 ἐστι
978 1552 1039 1604 τὸ
1073 1548 1209 1624 αἷμα
1248 1558 1342 1609 τοῦ
1375 1559 1630 1632 Χριστοῦ,
1666 1568 1807 1621 κατὰ
1836 1569 1972 1642 ἀλή-

385 1629 559 1699 Θειαν,
618 1639 714 1689 καὶ
769 1640 829 1690 οὐ
878 1640 923 1671 ³⁸
955 1645 1075 1695 κατ’
1124 1647 1433 1704 ἀντίτυπον.
1497 1653 1634 1708 Ἀλλ’
1674 1657 1859 1730 ὥσπερ
1912 1664 1968 1715 ἐν

380 1722 529 1794 ἀρχῇ
561 1725 694 1795 χοῦν
721 1727 900 1782 λαϐὼν
927 1732 1030 1786 ἀπὸ
1060 1736 1160 1805 τῆς
1191 1739 1293 1809 γῆς
1321 1739 1523 1796 ἔπλασε
1555 1746 1646 1800 τὸν
1682 1722 1966 1821 ἅνθρίοπον
2001 1731 2041 1789 Β

380 1816 510 1865 κατ’
540 1817 725 1869 εἰκόνα
756 1820 937 1886 αὑτοῦ,
972 1826 1058 1880 καὶ
1090 1827 1265 1893 οὐδεὶς
1289 1830 1509 1887 δύναται
1551 1838 1720 1890 εἰπεῖν
1755 1841 1837 1893 ὅτι
1864 1844 1965 1898 οὐκ

381 1903 540 1957 ἔστιν
579 1907 739 1961 εἰκὼν
756 1897 921 1969 Ὁεοῦ.
961 1917 1007 1967 εί
1039 1916 1130 1969 καὶ
1164 1919 1576 1993 ἀκατάληπτοςο
1604 1928 1777 1995 οὕτως
1803 1934 1830 1985 ὁ
1861 1932 1961 2005 ἄρ-

380 2011 480 2058 τος
506 1996 565 2050 ὂν
595 1994 741 2052 εἶπεν
777 2003 857 2057 ὅτι
879 2004 1048 2078 Σῶμά
1084 2011 1186 2080 μού
1225 2014 1393 2080 ἐστιν,
1426 2016 1598 2084 οὕτως
1633 2024 1962 2097 πιστεύομεν

377 2085 463 2140 δτι
489 2089 629 2141 κατὰ
658 2091 911 2163 ἀλήθειαν
941 2097 1100 2170 σῶμά
1138 2103 1255 2157 ἐστι
1287 2107 1548 2177 Χριστοῦ.
1589 2112 1646 2165 '0
1687 2113 1744 2166 δὲ
1784 2085 1960 2188 γέρων

374 2175 517 2246 ἔφη·
565 2178 686 2232 Ἐὰν
740 2184 814 2254 μὴ
852 2188 1058 2241 πεισθῶ
1107 2191 1214 2244 ἀπο
1258 2175 1600 2267 πραγματος,
1636 2201 1696 2254 οὐ
1753 2175 1957 2276 πληροσο

374 2268 668 2340 φοροῦμαι.
718 2276 780 2327 Οί
819 2275 877 2328 δὲ
923 2274 1072 2333 εἷπον
1106 2284 1242 2354 πρὸς
1282 2288 1475 2342 αὐτόν·
1523 2292 1810 2363 Δεηοῶμεν
1861 2295 1954 2349 τοῦ

372 2353 509 2407 Θεοῦ
540 2358 640 2427 τὴν
667 2360 939 2431 ἑϐδομάδα
968 2353 1171 2441 ταύτην
1200 2374 1328 2445 περὶ
1370 2376 1459 2429 τοῦ
1491 2383 1791 2452 μυστηρίου
1830 2384 1955 2437 τού-

372 2460 487 2511 του,
521 2449 615 2500 καὶ
642 2454 969 2526 πιστεύομεν
991 2459 1070 2513 ὃτι
1097 2464 1124 2514 ὁ
1146 2462 1275 2526 Θεὸς
1299 2466 1671 2525 ἀποκαλύπτει
1700 2475 1850 2545 ἡμῖν.
1894 2477 1953 2531 '0

371 2535 432 2589 δὲ
461 2539 638 2610 γέρων
673 2544 812 2612 μετὰ
843 2552 1018 2619 χαρᾶς
1046 2551 1263 2617 ἐδέξατο
1300 2557 1387 2610 τὸν
1425 2559 1584 2629 λόγον
1603 2579 1618 2594 ο
1778 2566 1954 2622 ἐδέετο

371 2628 468 2681 τοῦ
501 2632 657 2696 θεοῦ,
698 2635 902 2705 λέγων·
948 2640 1138 2712 Κύριε,
1168 2647 1233 2699 σὺ
1272 2649 1559 2717 γινώσκεις
1592 2655 1673 2709 ὅτι
1705 2657 1762 2709 οὗ
1811 2660 1953 2714 κατὰ

369 2721 570 2773 κακίαν
598 2725 816 2779 ἀπιστῶ
835 2746 849 2759 ο
878 2730 993 2784 ἀλλ’
1025 2734 1172 2799 ὅπως
1202 2737 1276 2809 μὴ
1302 2741 1359 2793 ἐν
1393 2741 1638 2818 ἀγνωσία
1670 2747 1948 2821 πλανηθῶ,

365 2814 721 2887 ἀποκάλυψόν
764 2837 876 2891 μοι,
907 2824 1078 2898 Κύριε
1132 2830 1308 2901 Ἰησοῦ
1341 2834 1564 2906 Χριστὲ.
1598 2814 1950 2906 ’Ἀπελθόντες

366 2903 429 2957 δὲ
454 2908 501 2957 οἱ
532 2908 787 2978 γέροντες
814 2914 895 2977 είς
921 2917 987 2968 τὰ
1015 2918 1198 2973 κελλία
1233 2903 1461 2989 ἑαυτῶν,
1490 2930 1830 2999 παρεκάλουν
1859 2903 1949 2987 τὸν

369 2995 501 3050 Θεὸν
526 3003 618 3053 καὶ
653 3003 827 3066 αὐτοὶ,
852 3004 1098 3075 λέγοντες
1117 3028 1132 3042 ο
1165 3013 1338 3085 Κύριε
1362 3018 1536 3087 Ἰησοῦ
1567 2995 1788 3090 Χριστὲ,
1811 3024 1947 3077 ἀπο-

365 3087 608 3160 κάλυψον
629 3094 705 3164 τῷ
727 3095 940 3165 γέροντι
958 3099 1016 3153 τὸ
1038 3105 1335 3177 μυστήριον
1356 3107 1529 3175 τοῦτο,
1550 3111 1635 3164 ἵνα
1656 3113 1940 3187 πιστεύσῃ,

363 3184 460 3232 καὶ
491 3184 569 3254 μὴ
608 3184 847 3260 ἀπολέσῃ
883 3190 975 3243 τὸν
1019 3193 1187 3247 κόπον
1216 3198 1400 3254 αὐτοῦ.
1434 3201 1538 3253 Καὶ
1567 3184 1943 3273 εἰσήκουσενηὸ

363 3272 497 3335 Θεὸς
529 3277 870 3350 ἀμφοτέρων.
904 3283 1010 3336 Καὶ
1058 3286 1437 3362 πληρωθείσης
1481 3292 1583 3363 τῆς
1628 3272 1939 3367 ἑϐδομάδος,

361 3359 527 3435 ἦλθον
550 3370 612 3437 τῇ
638 3372 884 3444 κυριακῇ
909 3375 987 3438 είς
1008 3375 1106 3448 τὴν
1133 3359 1452 3451 ἐκκλησίαν,
1480 3359 1571 3437 καὶ
1597 3359 1827 3457 ἔστησαν

361 3455 425 3509 τὸ
457 3458 588 3511 αὐτὸ
618 3460 667 3512 οἱ
696 3465 843 3533 τρεῖς
888 3466 1036 3535 μόνοι
1064 3471 1143 3532 εἰς
1181 3471 1239 3524 ἒν
1273 3473 1537 3544 ἐμϐρίμιν
1570 3477 1663 3547 (ὃ),
1697 3455 1859 3549 μέσος
1883 3481 1941 3534 δὲ

360 3543 431 3621 ἦν
460 3551 489 3604 6
534 3551 732 3623 γέρων.
760 3554 1135 3630 Ἀνεῴχθησαν
1180 3561 1238 3615 δὲ
1274 3543 1457 3618 αὐτῶν
1483 3569 1531 3620 oi
1569 3543 1834 3640 εέοοὶλμοί
1861 3571 1936 3603 ιι·

362 3640 457 3695 καὶ
484 3641 595 3730 ὅτε.
604 3643 765 3716 ἐτέθη
792 3649 820 3700 6
842 3646 1007 3719 ἄρτος
1037 3652 1116 3713 εις
1145 3653 1242 3724 τὴν
1269 3656 1429 3723 ἁγίαν
1458 3658 1756 3728 τράπεζαν,
1784 3663 1940 3730 ἐφαί-

361 3750 481 3787 νετο
503 3719 615 3799 τᾶῗς
644 3738 791 3806 τρισὶ
831 3740 1016 3809 μόνοις
1054 3742 1130 3807 ὡς
1166 3747 1397 3801 παιδίον.
1429 3751 1536 3802 Καὶ
1571 3752 1647 3815 ὡς
1680 3752 1939 3818 ἐξέτεινεν

358 3826 390 3879 6
416 3827 786 3901 πρεσϐύτερος
819 3832 918 3903 τὴν
951 3836 1108 3904 χεῖρα
1138 3836 1333 3891 κλάσαι
1358 3839 1448 3893 τὸν
1477 3842 1661 3914 ἄρτον,
1699 3845 1807 3899 ἰδοὺ
1840 3845 1941 3914 ἆγ-

358 3918 512 3987 γελος
556 3920 760 3992 Κυρίου
800 3925 1066 3996 κατῆλθεν
1099 3928 1158 3994 ἐξ
1207 3931 1435 4002 οὐρανοῦ
1482 3934 1618 4004 ἔχων
1649 3936 1936 4008 μάχαιραν,

356 4013 450 4065 καὶ
475 4012 636 4066 ἔθυσε
666 4015 728 4067 τὸ
755 4016 985 4082 παιδίον,
1014 4020 1109 4073 καὶ
1140 4020 1376 4076 ὲκένωσε
1399 4024 1458 4077 τὸ
1490 4022 1628 4097 αἷμα
1660 4028 1825 4082 αὐτοῦ
1862 4031 1941 4094 εἰς

354 4103 416 4156 τὸ
440 4107 723 4176 ποτήριον.
765 4107 851 4172 Ὡς
876 4109 933 4162 δὲ
961 4110 1187 4167 ἔκλασεν
1206 4115 1234 4165 6
1263 4116 1634 4189 πρεσϐύτερος
1659 4120 1739 4183 είς
1766 4121 1941 4193 μικρὰ

357 4195 500 4267 μέρη
535 4199 625 4250 τὸν
654 4198 841 4270 ἄρτον,
870 4203 963 4256 καὶ
996 4204 1024 4256 6
1064 4204 1293 4274 ἄγγελος
1322 4207 1551 4264 ἔκοπτεν
1591 4211 1656 4263 ὲκ
1688 4210 1781 4264 τοῦ
1811 4229 1941 4265 παι-

349 4285 467 4337 δίου
502 4286 674 4357 μικρὰ
708 4289 868 4360 μέρη.
894 4292 1002 4345 Καὶ
1030 4293 1106 4357 ὡς
1133 4296 1437 4367 προσῆλθον
1468 4298 1512 4329 ³⁸
1534 4298 1715 4352 λαϐεῖν
1742 4302 1807 4354 ἐκ
1832 4301 1940 4354 τῶν

1576 263 2191 333 ΑΡοΡιιΤηΕοΜΑΤΑ
2233 280 2541 341 PATiiUM.

3567 308 3668 367 138

1656 382 1744 435 καὶ
1773 383 1952 454 ἔλεγεν

2055 421 2067 453 ι
2097 393 2361 465 simplex:
2414 401 2557 457 unde
2587 403 2714 474 quia
2760 417 2871 463 erat
2908 408 3094 481 idiota,
3128 414 3439 490 fallebatur,
3470 440 3536 480 ac
3577 430 3663 483 di-

2091 483 2250 537 cebat
2279 503 2296 540 :
2328 487 2441 542 Non
2475 500 2559 546 est
2597 509 2783 549 revera
2811 513 3013 570 corpus
3038 503 3267 573 Christi,
3314 483 3470 580 panis
3496 532 3658 586 quem

2090 575 2382 642 sumimus,
2414 581 2507 634 Sed
2534 584 2836 655 antitypum
2859 629 2873 654 ,
2907 604 3003 645 seu
3045 593 3236 664 figura.
3272 598 3336 653 Et
3368 575 3662 661 audierunt

2088 664 2198 719 duo
2230 682 2411 735 senes,
2445 675 2591 743 quod
2618 680 2776 733 talem
2810 682 3077 751 proferret
3109 703 3434 748 sermonem.
3469 694 3662 752 Selen-

2086 762 2168 811 tes
2195 768 2375 814 autem
2409 778 2661 835 magnum
2693 786 2816 824 eum
2854 789 2979 828 esse
3024 777 3147 831 vita:
3187 782 3463 850 moribus,
3497 802 3659 858 repu—

2084 853 2364 914 taverunt,
2397 852 2471 906 ita
2507 855 2649 926 loqui
2682 874 2747 912 ex
2783 861 3157 932 simplicitate,
3191 870 3399 940 absque
3430 852 3653 932 malitia.

2085 935 2239 993 Unde
2276 941 2342 994 ad
2383 958 2505 997 eum
2552 948 2778 1015 profecti
2810 953 3064 1009 dixerunt
3096 976 3109 1011 :
3144 935 3323 1023 Abba,
3349 979 3652 1022 sermonem

2086 1026 2209 1083 fidei
2237 1035 2571 1088 contrarium
2600 1038 2909 1098 audivimus
2939 1045 3004 1099 de
3035 1048 3292 1116 quodam,
3335 1056 3478 1123 quod
3503 1061 3656 1125 putet

2081 1135 2189 1174 non
2223 1139 2345 1179 esse
2385 1142 2507 1181 vere
2542 1137 2593 1183 et
2628 1144 2818 1187 natura
2859 1151 3058 1207 corpus
3102 1140 3306 1198 Christi
3354 1163 3517 1216 quem
3561 1164 3662 1206 su-

2081 1211 2285 1268 mimus
2337 1231 2565 1286 panem,
2596 1223 2688 1275 sed
2719 1239 2842 1279 esse
2872 1230 3198 1300 antitypum.
3234 1232 3537 1306 Respondit
3562 1255 3654 1296 se-

2078 1318 2181 1357 nex
2209 1322 2221 1356 :
2262 1303 2372 1374 Ego
2406 1324 2524 1363 sum
2558 1314 2650 1381 qui
2701 1315 2774 1368 ita
2821 1320 3020 1374 sentio.
3056 1321 3135 1377 illi
3165 1340 3294 1379 vero
3321 1341 3652 1388 monuerunt

2076 1408 2199 1447 eum
2240 1396 2391 1452 hisce
2414 1401 2628 1457 verbis:
2652 1404 2825 1471 Abba,
2857 1411 2965 1463 noli
3000 1412 3080 1465 sic
3109 1422 3312 1482 tenere,
3339 1419 3432 1472 sed
3466 1437 3653 1490 quem-

2074 1486 2365 1542 admodum
2438 1492 2605 1546 tradit
2675 1496 2918 1553 Ecclesia
2987 1504 3278 1560 catholica.
3335 1508 3445 1565 Nos
3483 1486 3646 1568 venim

2073 1578 2375 1647 credimus,
2409 1584 2554 1652 quod
2608 1588 2722 1657 ipse
2762 1592 2919 1660 panis
2961 1609 3164 1665 corpus
3204 1602 3275 1652 sit
3328 1599 3556 1666 Christi,
3593 1613 3649 1660 et

2072 1668 2214 1722 calix
2267 1671 2384 1741 ipse
2412 1676 2482 1728 sit
2507 1680 2732 1748 sanguis
2754 1681 2983 1749 Christi,
3004 1689 3304 1743 secundum
3339 1679 3643 1759 veritatem,

2073 1774 2180 1812 non
2216 1762 2516 1819 secundum
2549 1767 2797 1838 figuram.
2829 1771 2933 1827 Sed
2953 1777 3095 1831 sicut
3134 1777 3188 1831 in
3218 1781 3403 1835 mundi
3437 1784 3646 1852 princi-

2071 1849 2161 1918 pio
2216 1851 2359 1908 Deus
2408 1858 2684 1925 pulverem
2728 1863 2796 1917 de
2837 1874 2982 1919 terra
3030 1869 3327 1939 accipiens,
3371 1873 3644 1931 hominem

2068 1939 2326 1997 formavit
2362 1948 2428 2001 ad
2462 1949 2753 2022 imaginem
2788 1971 2968 2021 suam,
3001 1976 3101 2015 nec
3141 1964 3432 2034 quisquam
3463 1968 3649 2025 dicere

2066 2041 2265 2101 potest,
2293 2052 2398 2090 non
2429 2054 2553 2094 esse
2578 2042 2867 2113 imaginem
2894 2047 3010 2113 Dei,
3043 2056 3296 2121 quamvis
3342 2057 3647 2126 incompre-

2068 2122 2235 2178 bensa
2265 2128 2337 2181 sit
2375 2129 2555 2200 imago
2589 2150 2602 2186 :
2645 2134 2719 2187 ita
2753 2137 2917 2190 etiam
2955 2139 3022 2194 de
3054 2157 3191 2209 pane
3231 2145 3297 2199 de
3328 2161 3435 2214 quo
3458 2149 3637 2205 dixit:

2063 2211 2275 2285 Corpus
2320 2234 2496 2274 meum
2527 2233 2642 2291 est,
2675 2227 2757 2281 sic
2805 2230 3103 2295 credimus,
3132 2236 3278 2303 quod
3305 2237 3461 2305 juxta
3498 2240 3642 2294 veri-

2064 2313 2226 2360 tatem
2262 2324 2464 2379 eorpus
2496 2313 2567 2368 sit
2593 2316 2821 2373 Christi.
2856 2319 2991 2375 Tum
3025 2338 3189 2379 senex
3225 2328 3374 2383 inlit:
3406 2328 3519 2384 Nisi
3549 2346 3638 2389 res

2061 2396 2177 2468 ipsa
2205 2407 2577 2470 persuaserit,
2608 2425 2719 2464 non
2755 2412 2914 2481 plene
2944 2416 3077 2470 mihi
3122 2420 3225 2474 erit
3269 2422 3632 2479 satisfactum.

2058 2490 2137 2545 Illi
2170 2493 2239 2547 ad
2272 2511 2429 2551 eum:
2461 2497 2626 2554 Deum
2665 2503 3025 2574 deprecemur
3052 2525 3147 2579 per
3170 2511 3309 2567 hanc
3340 2514 3637 2571 hebdmna-

2058 2582 2180 2635 dam
2242 2587 2390 2640 circa
2434 2594 2755 2660 mysterium
2784 2595 2917 2663 hoc;
2962 2599 3288 2657 confidimus
3330 2620 3451 2658 eum
3478 2607 3636 2662 nobis

2059 2673 2451 2732 revelaturum.
2487 2677 2665 2736 Senex
2710 2699 2839 2739 vero
2884 2701 3009 2739 cum
3044 2689 3225 2743 laetitia
3257 2693 3478 2748 admisit
3520 2711 3635 2750 ser-

2055 2779 2307 2832 monem;
2342 2766 2619 2840 Deumque
2645 2775 2859 2838 orabat,
2889 2777 3114 2835 dicens:
3150 2780 3396 2849 Domine,
3439 2795 3493 2839 ιιι
3523 2789 3634 2844 scis

2056 2863 2142 2903 me
2173 2866 2281 2905 non
2320 2865 2541 2924 propter
2587 2858 2853 2915 maliﬁam
2883 2881 3006 2919 esse
3036 2868 3409 2939 incredulum;
3442 2876 3535 2929 sed
3564 2892 3633 2931 ne

2053 2954 2152 3009 per
2203 2943 2562 3012 ignorantiam
2612 2949 2885 3018 aberrem,
2938 2958 3071 3011 mihi
3126 2962 3345 3028 revela,
3404 2963 3633 3022 Domine

2052 3026 2182 3084 Jesu
2217 3032 2455 3090 Christe.
2487 3037 2657 3095 Senes
2684 3057 2903 3113 quoque
2926 3049 3161 3115 regressi
3186 3051 3253 3104 ad
3294 3068 3421 3107 suas
3439 3056 3626 3119 cellas,

2058 3122 2423 3181 obsecrabant
2484 3127 2652 3185 Deum
2718 3148 2784 3188 ac
2840 3136 3097 3192 dicebant
3146 3159 3160 3195 :
3222 3140 3453 3198 Domine
3499 3145 3628 3201 Jesu

2045 3211 2295 3279 Christe,
2352 3221 2676 3288 mysterium
2723 3222 2870 3279 istud
2916 3229 3093 3281 revela
3128 3231 3276 3289 seni.
3319 3241 3377 3285 ut
3421 3235 3627 3301 credat,

2043 3319 2146 3359 nec
2191 3308 2382 3376 perdat
2419 3311 2631 3368 labores
2669 3330 2820 3370 suos.
2852 3316 2915 3372 Et
2952 3322 3229 3377 exaudivit
3256 3323 3398 3379 Dens
3437 3336 3626 3382 utros-

2043 3410 2168 3465 que.
2217 3397 2498 3471 Completa
2551 3419 2681 3475 ergo
2724 3407 3100 3477 hebdomada,
3139 3424 3408 3470 venerunt
3445 3416 3628 3472 Domi-

2042 3485 2169 3540 nico
2200 3487 2288 3543 die
2345 3491 2411 3543 ad
2456 3494 2770 3561 ecclesiam,
2821 3506 3200 3573 steteruntque
3233 3522 3338 3559 una
3384 3517 3494 3562 tres
3524 3511 3627 3565 soli

2042 3574 2098 3629 in
2133 3592 2242 3631 uno
2278 3581 2604 3651 embrimio;
2643 3588 2858 3643 medius
2884 3603 3065 3647 autem
3093 3605 3212 3648 erat
3243 3613 3431 3653 senex.
3469 3599 3627 3657 Tunc

2042 3672 2213 3738 aperti
2239 3679 2367 3725 sunt
2387 3676 2529 3728 oculi
2553 3692 2760 3734 eorum.
2786 3679 2921 3734 Nam
2949 3699 3073 3738 cum
3107 3688 3265 3753 panis
3289 3689 3354 3760 ad
3409 3706 3624 3747 sacram

2042 3776 2284 3816 mensam
2313 3765 2524 3833 positus
2557 3767 2771 3836 fuisset,
2801 3773 2983 3829 tiibus
3030 3776 3163 3830 solis
3198 3779 3492 3846 apparebat
3518 3782 3626 3836 vel-

2044 3860 2105 3905 ut
2159 3855 2441 3922 puerulus.
2479 3855 2543 3910 Et
2581 3858 2673 3913 ubi
2704 3876 2926 3916 manum
2960 3865 3203 3918 extendit
3233 3867 3520 3937 presbyter
3549 3870 3619 3924 ad

2043 3941 2401 4013 frangendum
2446 3963 2675 4017 panem,
2708 3967 2837 4007 ecce
2876 3956 3106 4025 angelus
3153 3956 3360 4011 Domini
3394 3959 3622 4016 descen-

2042 4033 2122 4086 dit
2145 4032 2213 4088 de
2239 4036 2380 4089 caelo
2409 4037 2616 4095 habens
2641 4043 2898 4109 cultrum,
2930 4054 2984 4100 et
3016 4049 3301 4116 puerulum
3338 4053 3616 4117 mactavit,

2042 4138 2105 4177 ac
2129 4127 2453 4195 sanguinem
2488 4131 2612 4200 ejus
2650 4133 2848 4188 infudit
2870 4136 2923 4190 in
2960 4139 3210 4194 calicem.
3235 4139 3372 4196 Tum
3400 4144 3620 4212 quando

2042 4216 2331 4287 presbyter
2364 4220 2418 4273 in
2452 4222 2749 4290 particulas
2794 4224 2953 4297 fregit
2987 4245 3206 4298 panem,
3244 4234 3408 4287 etiam
3455 4250 3619 4306 ange-

2043 4305 2130 4360 lus
2160 4322 2191 4361 c
2217 4311 2449 4376 puerulo
2483 4315 2783 4381 particulas
2811 4317 3108 4374 incidebat.
3144 4320 3207 4375 Ut
3242 4339 3403 4393 porro
3435 4340 3618 4382 acces-

352 4372 546 4442 ἁγίων,
581 4376 735 4459 ἐδόοῃ
783 4378 859 4449 τῷ
896 4382 1109 4451 γέροντι
1163 4384 1310 4455 μόνῳ
1344 4385 1509 4458 κρέας
1550 4389 1933 4460 ᾐματωμένοψ

2217 4372 2232 4376 _
2483 4372 2499 4381 _
2934 4372 3021 4374 νη
3072 4372 3105 4374 η
3153 4372 3206 4375 _-
3242 4372 3397 4393 rm-
3436 4372 3595 4382 η---

2055 4405 2242 4451 serunt
2273 4399 2338 4453 ad
2366 4403 2692 4458 sumendum
2736 4423 2766 4462 e
2810 4410 3054 4477 sanctis,
3093 4413 3193 4466 soli
3230 4414 3345 4467 seni
3381 4414 3506 4467 data
3535 4424 3619 4470 est

354 4466 451 4518 καὶ
488 4465 611 4519 ίδὼν
643 4468 899 4542 ἐφοϐήθη.
936 4472 1027 4525 καὶ
1048 4473 1245 4546 ἐκραξε
1279 4476 1485 4544 λέγων·
1519 4480 1788 4545 Πιστεύω,
1822 4482 1933 4536 Κύ-

352 4575 459 4629 ριε,
487 4560 570 4612 ὅτι
589 4561 617 4613 6
644 4561 807 4631 ἄρτος
833 4563 991 4634 σῶμά
1019 4566 1111 4619 σού
1142 4570 1279 4633 ἐστι,
1312 4570 1405 4621 καὶ
1428 4570 1488 4622 τὸ
1514 4573 1769 4643 ποτήριον
1794 4570 1935 4645 αἷμά

349 4648 447 4701 σού
476 4651 612 4704 ἐστι.
648 4652 758 4705 Kal.
799 4653 1000 4720 εὐθέως
1034 4657 1250 4725 ἐγένετο
1295 4660 1356 4712 τὸ
1389 4663 1446 4713 ὲν
1489 4666 1552 4733 τῇ
1587 4665 1731 4734 χειρὶ
1766 4666 1931 4720 αὐτοῦ

355 4743 543 4811 κρέας,
574 4744 735 4816 ἄρτος
769 4748 907 4802 κατὰ
934 4749 995 4803 τὸ
1028 4753 1324 4822 μυστήριον
1344 4769 1356 4781 ο
1391 4754 1483 4806 καὶ
1516 4755 1810 4825 μετέλαϐεν
1842 4760 1932 4811 εὑ-

422 4900 469 4931 “
489 4902 576 4955 Al.
604 4903 727 4957 οὐκ.
802 4905 847 4937 ⁸³
878 4906 965 4961 Al.
1000 4907 1168 4964 inscr.
1193 4910 1387 4979 νοεροί.
1464 4911 1511 4943 ³⁶
1539 4910 1624 4968 Al.
1653 4913 1883 4985 ἀπῆλθε.

353 5016 722 5099 Voluse-ditio
745 5022 1143 5095 Lugdunensis,
1165 5028 1431 5094 Gothicis,
1465 5040 1525 5087 ut
1555 5044 1769 5099 vocant,
1800 5037 1933 5091 cha-

350 5090 652 5170 racteribus
711 5090 997 5170 impressa,
1055 5090 1176 5168 qua:
1226 5117 1348 5155 cum
1385 5090 1579 5157 Graeco
1605 5109 1925 5170 commissa,

344 5157 918 5244 srcpeﬁc‘i‘swevilana
969 5157 1279 5244 invenietur
1312 5174 1531 5244 melior,
1573 5173 1649 5227 De
1696 5179 1923 5244 quodam

343 5243 465 5280 sene
496 5229 552 5280 in
584 5229 789 5303 Scit/tia
830 5237 938 5303 qui.
989 5240 1055 5290 At
1093 5241 1231 5295 alius
1268 5244 1435 5296 codex
1467 5229 1816 5300 Corbeicnsis
1856 5229 1923 5302 ab

345 5302 1002 5374 impressisnequaquam
1048 5311 1243 5374 variat,
1282 5314 1426 5366 sicut
1456 5330 1556 5369 nec
1583 5314 1673 5370 ilic
1694 5313 1921 5373 Parthe-

340 5369 508 5422 nonis
540 5368 596 5420 Β.
642 5368 825 5427 Marias
861 5368 1296 5436 Suessionensis.

529 5440 841 5521 ςςδπίστον.
880 5445 1127 5521 ιζοΙςιςὶυε
1157 5452 1185 5504 li
1208 5452 1284 5521 git
1308 5452 1557 5508 ἀπίστου.

413 5507 491 5576 (5)
518 5510 849 5593 .‘ljlyé’pljnr.
880 5507 1149 5593 Quodcst
1199 5507 1508 5593 ἔμϐρίμιον.
1544 5507 1600 5578 in
1638 5521 1769 5577 Vitis
1807 5525 1916 5580 Pa-

341 5578 944 5664 ιηιηιμιιίυίεέιιξίςᾷε
983 5590 1177 5664 scirpo,
1216 5578 1449 5664 qudd'in
1500 5596 1712 5649 modum
1750 5578 1912 5664 fascis

336 5655 458 5699 erat
484 5648 724 5717 ligatum.
765 5656 926 5720 Alibi,
951 5648 1267 5725 pluuialiunt
1294 5662 1355 5716 de
1381 5648 1585 5732 scirpo,
1640 5676 1691 5719 ct
1721 5648 1912 5738 ἐμϐρῖλ

2042 4502 2174 4542 caro
2208 4499 2457 4546 cruenta.
2489 4492 2643 4559 Quod
2676 4497 2945 4566 intuitus,
2981 4502 3199 4566 timuit,
3244 4512 3297 4557 et
3334 4503 3613 4569 clamavit,

2041 4579 2272 4636 dicens:
2312 4581 2525 4650 Credo,
2569 4586 2819 4657 Domine,
2860 4592 3005 4656 quod
3039 4594 3193 4661 panis
3223 4608 3421 4661 corpus
3454 4603 3607 4649 tuum

2041 4671 2148 4733 sit,
2180 4688 2281 4728 nec
2311 4690 2421 4729 non
2455 4678 2595 4731 calix
2631 4684 2858 4751 sanguis
2894 4685 3244 4752 tuus.‘Atque
3294 4683 3441 4739 illico
3481 4699 3611 4742 caro

2039 4778 2202 4833 quam
2240 4780 2352 4835 pra:
2383 4769 2634 4825 manibus
2661 4772 2900 4841 gerebat,
2932 4774 3104 4828 evasit
3136 4773 3189 4826 in
3219 4789 3431 4844 panem,
3452 4774 3611 4844 juxta

2037 5057 2133 5114 μα,
2153 5041 2345 5114 sediqu
2363 5042 2424 5096 de
2451 5044 2622 5110 scirpo
2648 5045 2699 5097 in
2727 5044 3001 5114 fasciculis
3021 5045 3207 5113 ligula.
3231 5039 3336 5097 Vox
3363 5044 3608 5102 obscurus

2029 5112 2280 5180 originis,
2309 5111 2606 5196 Orienfl‘nlis‘
2635 5111 2861 5196 fon-leta
2912 5111 3179 5196 Cassi—nuo
3209 5116 3507 5196 declarata,
3537 5119 3606 5196 ab

2029 5190 2253 5233 auctore
2296 5182 2428 5234 Vita,-
2469 5182 2526 5236 S.
2563 5182 2836 5254 Euthymii
2868 5194 3151 5253 usurpata.
3176 5195 3230 5238 et
3262 5187 3604 5241 restituenda

2026 5249 2080 5302 in
2108 5249 2306 5306 Codice
2334 5255 2663 5319 regularum.
2694 5249 2909 5307 Derivat
2938 5249 3295 5336 Οίιέιιιιιιοιιιιε
3318 5273 3381 5311 ex
3415 5256 3604 5336 Graeco

2027 5318 2253 5393 βρίζειν.
2315 5322 2537 5393 Aliiuex
2589 5322 2811 5393 Celtica”
2855 5326 3039 5393 lingua
3101 5327 3181 5380 vel
3232 5326 3600 5392 Germanica,

2024 5391 2206 5443 minus
2240 5390 2607 5465 probabiliter.
2671 5393 2747 5465 Si,
2775 5390 2983 5465 Graeca
3009 5403 3114 5456 est,
3143 5390 3600 5465 quemadmodum

2022 5459 2259 5547 videtu'i',
2281 5461 2677 5542 deduci-potest
2701 5463 2770 5547 ab
2798 5464 3045 5544 εμϐρίθω
3072 5476 3126 5521 et
3145 5459 3389 5547 ἔμϐρύῳ.
3415 5467 3599 5547 ηίεηιισ

2021 5544 2163 5585 sum.
2191 5527 2359 5608 Erant
2402 5527 2601 5608 quippe
2651 5527 2937 5608 e_mbr_ii_nia
2958 5551 3065 5608 seu
3098 5527 3599 5608 ctu-br'ymia’fasci-

2020 5599 2128 5653 culi
2153 5599 2608 5669 colligati,'variis
2642 5602 2889 5673 virgultis
2921 5606 3084 5679 pleni.
