4054 6206
445 327 541 384 150

1568 322 1914 381 APPENDIX
1950 321 2042 378 AD
2080 321 2494 384 PALLADIUM.

3590 330 3690 388 100

440 438 778 512 mysterium.
843 437 912 494 Et
971 438 1409 495 communionem
1488 440 1758 511 sumpsit,
1814 440 2000 513 gratiat

2117 443 2392 514 χαριστῶν
2426 444 2504 515 τῷ
2536 443 2676 516 Θεῷ.
2709 446 2818 499 Καὶ
2854 446 3099 516 λέγουσιν
3128 447 3279 520 αῦτῷ
3316 447 3366 502 οἱ
3398 444 3652 520 γέροντες
3672 467 3690 485 ο

439 545 606 599 agens
651 530 760 585 Deo
812 530 983 584 Aiunt
1022 529 1072 584 ei
1106 543 1305 584 senes:
1338 526 1499 582 Novit
1543 527 1689 584 Deus
1718 528 2013 590 humanam

440 629 717 684 naturam,
768 620 914 691 quod
972 618 1234 675 carnibus
1287 619 1476 676 crudis
1534 619 1684 675 vesci
1737 627 2012 690 nequeat;

440 713 562 768 ideo
595 727 799 785 corpus
831 730 991 769 suum
1014 710 1425 769 transformavit
1447 712 1501 766 in
1531 726 1750 782 panem,
1779 721 1832 768 et
1853 726 2014 769 suum

442 807 762 876 sanguinem
807 808 862 862 in
910 808 1124 870 vinum,
1176 806 1246 863 iis
1270 807 1366 878 qui
1418 806 1523 862 tide
1572 790 1904 879 suscipiunt.
1948 807 2015 862 Et

441 896 647 967 gratias
668 905 895 965 egerunt
926 897 1036 953 Deo
1057 898 1126 954 de
1154 913 1308 966 sene,
1343 898 1492 969 quod
1529 915 1639 955 non
1671 899 2015 971 permisisset

441 988 617 1059 perire
649 988 863 1044 labores
896 989 1063 1045 illius.
1096 989 1253 1044 'l‘unc
1284 990 1538 1045 abierunt
1564 1000 1678 1047 tres
1707 991 1785 1045 illi
1820 991 1877 1045 in
1903 991 2014 1048 cel-

440 1080 522 1133 las
545 1092 673 1133 suas
704 1078 906 1147 ingenti
938 1095 1060 1134 cum
1091 1083 1309 1152 gaudio.

511 1169 563 1225 8.
607 1170 684 1243 (6)
725 1171 923 1229 lterqu
951 1173 1120 1229 abbas
1152 1174 1338 1230 Daniel
1363 1174 1607 1228 narravit
1635 1173 1701 1229 de
1723 1173 1830 1228 alio
1857 1188 2008 1237 sene,

441 1276 637 1331 magno
658 1263 796 1328 viro,
833 1265 926 1334 qui
976 1265 1257 1321 residebat
1292 1265 1349 1320 in
1394 1264 1748 1322 inferioribus
1791 1265 2011 1337 Egypti

434 1353 709 1423 partibus,
746 1355 887 1423 quod
921 1354 975 1410 in
1007 1356 1362 1427 simplicitate
1396 1356 1688 1413 aﬂirxnaret
1728 1356 2012 1413 Melchise-

433 1443 621 1499 decem
681 1459 804 1501 esse
863 1445 1063 1502 Filium
1124 1447 1241 1504 Dei.
1293 1447 1352 1502 Id
1411 1463 1537 1504 cum
1597 1448 1757 1505 beato
1807 1447 2011 1520 Cyrillo

432 1534 778 1590 Alexandriae
813 1537 1224 1613 archiepiscopo
1260 1541 1569 1595 nuntiatum
1598 1537 1790 1595 fuisset
1813 1577 1828 1603 ,
1861 1537 2012 1594 misit

419 1623 501 1683 .ad
526 1639 673 1680 eum.
705 1625 897 1686 Sciens
935 1638 1117 1685 autem
1165 1646 1350 1687 senem
1400 1633 1557 1702 signa
1595 1647 1693 1687 seu
1742 1633 2008 1688 miracula

430 1712 615 1781 edere,
670 1724 726 1772 et
776 1718 1041 1790 quidquid
1104 1735 1135 1775 a
1186 1719 1297 1778 Deo
1322 1730 1593 1792 posceret,
1644 1723 1695 1778 ei
1751 1724 2004 1790 revelari,

429 1806 685 1877 quodque
723 1824 790 1865 ex
844 1810 1193 1881 simplicitate
1237 1828 1359 1869 eam
1399 1814 1626 1871 haberet
1666 1816 2002 1887 opinionem,

427 1895 699 1964 ejusmodi
732 1915 867 1957 usus
907 1911 991 1957 est
1043 1912 1196 1969 arte,
1246 1904 1439 1961 dicens
1474 1924 1488 1960 :
1522 1906 1699 1972 Abba,
1748 1921 1880 1978 rogo
1927 1916 2002 1973 te,

427 1987 871 2059 quandoquidem
903 2007 1060 2049 mens
1095 1995 1225 2050 mihi
1274 1996 1548 2053 interdum
1583 1999 1847 2069 suggerit,
1869 1998 2004 2054 Mel-

425 2075 768 2134 chisedecem
790 2095 914 2137 esse
944 2080 1142 2139 Filium
1165 2082 1282 2148 Dei,
1310 2085 1587 2141 interdum
1615 2102 1745 2142 vero
1779 2096 2002 2143 contra-

424 2162 506 2219 ria
541 2180 627 2221 me
678 2168 829 2223 subit
877 2170 1139 2241 cogitatio
1162 2215 1177 2241 ,
1212 2176 1359 2246 quod
1410 2192 1519 2231 non
1571 2179 1643 2231 sit
1676 2175 1847 2233 Filius
1883 2176 1999 2243 Dei,

424 2255 519 2310 sed
547 2256 712 2313 homo
733 2300 749 2326 ,
782 2258 877 2315 Dei
920 2264 1201 2332 pontifex;
1245 2266 1376 2336 quia
1404 2267 1568 2337 igitur
1595 2282 1658 2321 ea
1690 2267 1744 2320 in
1784 2281 1843 2321 re
1885 2281 2002 2319 am-

423 2346 571 2417 bigo,
600 2351 727 2407 misi
773 2352 840 2407 ad
877 2362 947 2419 te,
978 2362 1039 2410 ut
1090 2371 1214 2411 ores
1270 2357 1462 2421 Deum,
1496 2357 1638 2427 quod
1671 2356 1766 2411 tibi
1800 2357 2000 2413 revelet

423 2453 566 2493 rem.
597 2440 777 2497 Senex
808 2452 987 2500 autem
1018 2447 1312 2514 conﬁdensj
1339 2448 1456 2503 suis
1478 2449 1793 2515 virtutibus,
1831 2449 2000 2507 libere

421 2530 558 2585 dixit
583 2550 597 2586 :
629 2533 880 2588 Concede
903 2534 1034 2588 mihi
1062 2542 1173 2591 tres
1203 2536 1340 2598 dies,
1373 2535 1542 2591 Deum
1562 2538 1766 2608 rogabo
1794 2538 1862 2593 de
1893 2555 1992 2595 ne-

421 2621 590 2691 gotio,
631 2622 839 2692 tibique
866 2625 1194 2681 renuntiabo
1222 2626 1477 2697 quisnam
1508 2628 1600 2684 sit.
1634 2629 1842 2686 Abiens
1868 2647 1997 2703 ergo

419 2709 748 2779 precabatur
794 2711 963 2766 Deum
996 2713 1063 2769 de
1104 2714 1202 2777 illa
1249 2715 1572 2786 quaestione.
1603 2717 1681 2774 Ac
1727 2727 1852 2790 post
1883 2728 1997 2777 tres

417 2802 536 2859 dies
590 2805 854 2870 veniens,
920 2805 1052 2860 dicit
1098 2807 1257 2864 beato
1310 2806 1566 2880 Cyrillo:
1635 2810 1998 2870 Melchisedec

417 2893 583 2951 homo
612 2903 718 2951 est.
752 2897 843 2951 Ait
868 2897 947 2952 illi
984 2900 1435 2973 archiepiscopus
1474 2903 1635 2969 :Quo
1671 2905 1835 2960 modo
1858 2906 1993 2969 scis,

418 2986 602 3042 abba?
656 2986 996 3060 Respondit:
1059 2991 1202 3048 Deus
1253 2994 1307 3048 in
1367 2996 1701 3051 revelatione
1754 2996 1994 3051 ostendit

417 3076 553 3131 mihi
579 3087 810 3135 cunctos
840 3082 1184 3150 patriarchas
1205 3123 1220 3149 ,
1267 3084 1341 3138 ita
1375 3092 1435 3139 ut
1472 3086 1673 3155 singuli
1698 3087 1992 3142 transirent
2019 3107 2062 3164 α

416 3179 604 3221 coram
655 3184 763 3232 me,
824 3170 892 3224 ab
925 3173 1135 3227 Adatno
1173 3188 1348 3242 usque
1400 3175 1467 3229 ad
1512 3174 1991 3244 Melchisedecem;

416 3263 625 3311 certum
675 3258 895 3322 habeto,
942 3259 1016 3313 ita
1062 3275 1204 3315 esse.
1269 3262 1571 3333 Regressus
1619 3280 1750 3336 ergo
1801 3281 1989 3333 senex,

412 3345 644 3417 ipsemet
672 3348 1003 3418 praedicabat
1051 3349 1500 3408 Melchisedecem
1543 3371 1665 3411 esse
1695 3357 1989 3414 hominem.

415 3437 572 3497 Unde
601 3440 808 3513 ingenti
835 3441 1036 3513 gaudio
1065 3440 1324 3514 perfusus
1355 3452 1439 3500 est
1463 3446 1657 3502 beatus
1678 3446 1935 3519 Cyrillus.

893 3636 971 3692 De
997 3639 1185 3695 abbate
1214 3638 1495 3697 Dioscoro.

486 3747 539 3800 l.
580 3745 657 3818 (7)
688 3744 1060 3803 Narraverunt
1113 3747 1182 3804 de
1230 3748 1426 3806 abbate
1484 3749 1748 3809 Dioscoro
1794 3769 1826 3809 e
1880 3753 1988 3810 Na-

414 3838 663 3901 chiaste.
699 3838 845 3908 quod
901 3840 1059 3910 panis
1103 3840 1224 3910 ejus
1265 3839 1602 3898 hordeaceus
1629 3853 1777 3900 esset
1825 3854 1990 3916 atque

411 3942 477 3983 ex
541 3928 817 3987 lenticula.
876 3929 943 3985 Et
995 3932 1226 4003 singulis
1280 3932 1441 3987 annis
1494 3932 1707 3989 initium
1757 3937 1989 4007 ponebat

412 4018 578 4075 unius
618 4021 924 4091 eujuspiam
964 4023 1091 4079 boni
1128 4024 1419 4095 propositi,
1463 4023 1656 4083 dicens
1691 4045 1705 4082 :
1738 4026 1858 4082 Non
1890 4042 1985 4083 oc-

413 4121 576 4164 curro
610 4110 866 4180 cuiquam
899 4127 997 4183 per
1034 4113 1185 4169 hunc
1226 4128 1454 4181 annum,
1496 4123 1591 4170 aut
1631 4132 1741 4172 non
1771 4117 1984 4189 loquor,

412 4206 507 4254 aut
540 4214 650 4254 non
683 4203 910 4258 comedo
936 4203 1223 4258 decoctum
1269 4205 1421 4274 quid,
1452 4213 1547 4260 aut
1570 4221 1681 4262 non
1714 4208 1987 4263 manduco

2128 532 2185 584 Ὀ
2213 531 2344 597 Θεὸς
2373 528 2482 587 οἶδε
2523 536 2621 606 τὴν
2655 535 2998 608 ἀνθρωπίνην
3027 536 3207 607 φύσιν,
3241 539 3325 592 ὅτι
3368 540 3430 593 οῦ
3471 539 3697 598 δύναται

2116 624 2309 691 φαγεῖν
2342 622 2479 694 κρέα
2500 624 2648 695 ὠμὰ,
2677 626 2769 679 καὶ
2795 625 2883 680 διὰ
2904 626 3061 680 τοῦτο
3089 627 3415 699 μετεποίησε
3445 629 3507 684 τὸ
3532 631 3696 702 σῶμα

2116 710 2159 743 ⁸⁷
2195 713 2276 777 είς
2296 711 2478 784 ἄρτον,
2508 714 2602 767 καὶ
2627 715 2688 768 τὸ
2720 710 2855 788 αἷμα
2886 718 3049 771 αὐτοῦ
3077 721 3156 781 εἰς
3178 713 3340 784 οἶνον,
3369 722 3483 785 τοῖς
3510 721 3695 778 πίστει

2114 803 2443 875 δεχομένοις.
2473 806 2581 860 Καὶ
2609 806 3016 881 ηὐχαρίστησαν
3047 808 3124 880 τῷ
3162 809 3280 880 Θεῷ
3308 810 3436 881 περὶ
3472 810 3566 864 τοῦ
3600 811 3697 881 γέ-

2117 910 2323 960 ροντος,
2363 895 2445 949 ὅτι
2483 895 2584 949 οὐκ
2616 896 2827 967 ἀφῆκεν
2869 897 3164 952 ἀπολέσθαι
3199 901 3323 963 τοὺς
3364 900 3566 965 κόπους
3593 901 3693 955 αὖα

2112 984 2229 1049 τοῦ,
2269 986 2363 1040 καὶ
2394 985 2631 1059 ἀπῆλθον
2658 989 2707 1040 οἱ
2744 990 2892 1059 τρεῖς
2923 990 3061 1061 μετὰ
3088 992 3260 1061 χαρᾶς
3288 994 3368 1056 είς
3394 992 3463 1045 τὰ
3502 992 3691 1051 κελλία

2113 1090 2313 1130 αυτων.

2185 1172 2255 1237 η’.
2296 1167 2353 1220 'U
2394 1167 2556 1233 αὐτὸς
2596 1169 2769 1235 ἀϐϐᾶς
2810 1172 3009 1244 Δανιὴλ
3035 1171 3329 1245 διηγήσατο
3372 1179 3498 1247 περὶ
3528 1179 3690 1235 ἄλλου

2111 1257 2258 1323 τινὸς
2287 1259 2539 1331 γέροντος
2562 1262 2821 1331 μεγάλου,
2844 1265 3155 1337 καθημένου
3177 1268 3256 1331 είς
3282 1268 3351 1323 τὰ
3370 1268 3520 1324 κάτω
3548 1273 3688 1344 μέρη

2111 1350 2210 1420 τῆς
2241 1351 2538 1420 Αἰγύπτου,
2564 1353 2645 1407 ὅτι
2689 1353 2874 1425 ἔλεγεν
2904 1358 2962 1409 ὲν
3007 1357 3322 1431 ἀφελότητι,
3363 1361 3445 1415 ὅτι
3474 1364 3504 1415 6
3540 1363 3683 1418 Μελ-

2111 1439 2325 1510 χισεδὲκ
2357 1442 2402 1474 ³⁸
2433 1442 2547 1507 υἱός
2576 1443 2692 1496 ἐστι
2724 1444 2817 1497 τοῦ
2847 1444 3005 1500 Θεοῦ.
3037 1447 3147 1502 Καὶ
3173 1448 3448 1522 ἀνηγγέλη
3482 1450 3561 1522 τῷ
3586 1469 3690 1522 μα-

2111 1529 2286 1602 καρίῳ
2312 1533 2564 1605 Κυρίλλῳ
2586 1534 2663 1607 τῷ
2695 1538 3112 1611 ἀρχιεπισκόπῳ
3132 1540 3536 1613 Ἀλεξανδρείας
3558 1545 3688 1616 περὶ

2109 1621 2302 1675 αὐτοῦ·
2338 1624 2432 1678 καὶ
2465 1624 2707 1697 ἔπεμψεν
2738 1629 2824 1682 ἐπ’
2859 1629 3044 1684 αὐτόν.
3080 1630 3250 1696 Εἰδὼς
3286 1631 3341 1685 δὲ
3366 1635 3448 1687 ὅτι
3472 1650 3687 1705 σημειοο

2110 1715 2273 1786 φόρος
2302 1715 2377 1788 (9)
2406 1718 2551 1772 ἐστὶν
2577 1720 2605 1772 6
2627 1720 2822 1792 γέρων,
2849 1723 2945 1776 καὶ
2974 1724 3025 1777 ετ
3048 1740 3101 1777 τι
3126 1726 3267 1778 αίτεῖ
3282 1724 3361 1796 τῷ
3385 1726 3523 1797 Θεῷ,
3551 1728 3687 1783 ἀπο-

2109 1806 2373 1860 καλύπτει
2401 1808 2569 1881 αὐτῷ,
2594 1810 2688 1865 καὶ
2711 1812 2793 1866 ὅτι
2816 1814 2873 1866 ὲν
2894 1813 3183 1886 ἀφελότητι
3219 1816 3367 1886 λέγει
3384 1818 3475 1873 τὸν
3501 1819 3680 1890 λόγον,

2107 1898 2374 1968 ἐχρήσατο
2393 1900 2614 1973 τοιαύτῃ
2634 1902 2816 1976 σοφίᾳ,
2838 1903 3009 1974 λέγων
3023 1924 3036 1938 ·
3067 1906 3258 1972 Ἀ66ἄ,
3274 1910 3574 1981 παρακαλῶ
3597 1928 3681 1978 σε,

2106 1988 2291 2060 ἐπειδὴ
2330 1991 2359 2042 6
2388 1989 2644 2062 λογισμός
2680 2011 2781 2063 μου
2810 1994 2983 2064 λέγει,
3018 1998 3100 2052 ὅτι
3137 2000 3166 2051 6
3203 2000 3536 2072 Μελχισεδὲκ
3568 2006 3681 2070 υίὸς

2103 2079 2197 2131 τοῦ
2223 2078 2357 2131 Θεοῦ
2392 2080 2528 2146 ἐστὶ,
2561 2088 2653 2136 καὶ
2684 2083 2843 2148 ἄλλος
2868 2084 3126 2159 λογισμὸς
3150 2088 3318 2158 λέγει,
3348 2093 3430 2146 ὅτι
3454 2093 3537 2160 οὒ,
3564 2095 3683 2149 ἀλλ’

2101 2169 2385 2239 ἄνθρωπός
2411 2173 2554 2225 ἐστιν
2577 2173 2865 2246 ἀρχιερεὺς
2887 2177 2979 2229 τοῦ
3004 2180 3137 2233 Θεοῦ
3154 2197 3166 2210 ⁸
3191 2183 3311 2235 ἐπεὶ
3333 2181 3426 2239 οὖν
3446 2187 3682 2252 διστάζω

2101 2275 2165 2309 πε
2176 2260 2229 2329 pl
2256 2260 2468 2326 τούτου,
2493 2262 2789 2319 ἀπέστειλα
2811 2268 2946 2338 πρὸς
2975 2270 3053 2333 σὲ,
3081 2271 3166 2325 ἵνα
3181 2271 3380 2345 δεηθῇς
3400 2276 3494 2330 τοῦ
3517 2278 3678 2344 Θεοῦ,

2099 2350 2244 2415 ὅπως
2274 2368 2355 2406 σοι
2387 2354 2714 2429 ἀποκαλύψῃ
2750 2360 2877 2429 περὶ
2898 2360 3089 2414 τούτου
3108 2363 3169 2417 ³⁸.
3221 2365 3279 2417 '0
3310 2366 3368 2419 δὲ
3402 2368 3580 2439 γέρων
3609 2375 3677 2443 τῇ

2097 2441 2261 2496 αὐτοῦ
2284 2444 2525 2516 πολιτεία
2550 2444 2788 2518 θαρρῶν,
2819 2445 2939 2503 εἷπε
2966 2452 3104 2522 μετὰ
3129 2458 3459 2527 παρρησίας*
3491 2441 3680 2527 Ἔνδος

2101 2548 2192 2603 μοι
2217 2538 2366 2605 τρεῖς
2398 2536 2628 2608 ἡμέρας,
2661 2538 2818 2610 κάγὼ
2847 2542 3037 2613 ἐρωτῶ
3086 2545 3177 2598 τὸν
3229 2546 3362 2601 Θεὸν
3397 2551 3526 2621 περὶ
3558 2552 3680 2605 τού-

2097 2639 2212 2686 του,
2232 2625 2326 2678 καὶ
2351 2626 2669 2696 ἀναγγέλλω
2686 2647 2767 2684 σοι
2795 2631 2877 2697 τίς
2900 2634 3070 2692 ἐστιν.
3091 2637 3369 2693 Ἀπελθὼν
3388 2636 3480 2695 οὖν
3500 2642 3679 2698 ἐδέετο

2096 2709 2192 2763 τοῦ
2226 2710 2360 2766 Θεοῦ
2394 2715 2520 2785 περὶ
2548 2715 2641 2769 τοῦ
2675 2718 2919 2790 ῥήματος
2947 2722 3159 2779 τούτου.
3198 2727 3307 2780 Kal
3338 2727 3509 2784 ἐλθὼν
3538 2735 3680 2802 μετὰ.

2096 2804 2244 2891 τρεῖς
2273 2803 2504 2875 ἡμέρας,
2548 2805 2798 2880 λέγειτῷ
2845 2813 3100 2886 μακαρίῳ
3140 2816 3414 2891 Κυρίλλῳ,
3456 2821 3539 2874 ὅτι
3584 2823 3679 2878 ἄν·

2097 2884 2311 2960 θρωπός
2351 2895 2497 2947 ἐστιν
2532 2896 2560 2947 6
2599 2897 2950 2968 Μελχισεδέκ.
2998 2884 3107 2955 Kal
3137 2884 3289 2959 εἶπεν
3337 2884 3486 2979 αὐτῷ
3516 2913 3545 2964 6
3572 2913 3674 2983 ἀρο

2096 2982 2481 3050 χιεπίσκοπος·
2534 2986 2660 3050 Πῶς
2708 2984 2874 3054 οἶδας,
2925 2992 3104 3058 eaea;
3157 2994 3213 3048 '0
3253 2995 3309 3048 δὲ
3367 2995 3557 3053 εἶπενο
3616 3005 3673 3056 ὐ

2095 3066 2227 3131 Θεὸς
2256 3070 2571 3141 ἀπεκάλυψέ
2608 3091 2697 3144 μοι
2743 3075 2899 3140 ὅλους
2940 3082 3066 3144 τοὺς
3108 3085 3469 3156 πατριάρχας,
3500 3090 3675 3157 οὕτως

2094 3161 2189 3215 ἕνα
2218 3162 2447 3218 ἕκαστον
2486 3168 2894 3239 παρερχόμενον
2935 3171 3165 3228 ἐνώπιόν
3205 3193 3328 3247 μου,
3361 3180 3470 3235 ἀπὸ
3500 3182 3675 3255 Ἀδὰμ

2096 3252 2257 3325 μέχρι
2304 3254 2637 3326 Μελχισεδέκ
2669 3258 2749 3291 ⁸ου
2787 3262 2881 3314 καὶ
2925 3262 3116 3333 θάρσει
3162 3267 3243 3321 ὅτι
3288 3269 3460 3336 οὕτως
3499 3252 3669 3332 ἐστίν.

2092 3345 2369 3400 Ἀπελθὼν
2421 3344 2535 3414 οὖν,
2586 3350 2652 3404 δι’
2679 3352 2870 3406 ἑαυτοῦ
2902 3354 3209 3426 ἐκήρυσσεν
3252 3361 3333 3414 ὅτι
3384 3363 3673 3436 ἄνθρωπός

2091 3438 2237 3491 ἐστιν
2265 3441 2293 3493 6
2318 3439 2671 3513 Μελχισεδέκ.
2704 3444 2814 3498 Kal
2851 3445 3024 3519 ἐχάρη
3063 3451 3317 3519 μεγάλως
3344 3456 3372 3507 ὁ
3402 3458 3672 3528 μακάριος

2091 3530 2377 3605 Κύριλλος.

2460 3645 2602 3713 Περὶ
2637 3646 2744 3702 τοῦ
2775 3649 2925 3705 ἀόϐᾶ
2952 3654 3294 3725 Διοσκόρου.

2159 3761 2227 3811 α’.
2272 3758 2613 3829 Διηγήσαντο
2650 3762 2776 3833 περὶ
2808 3762 2895 3816 τοῦ
2924 3764 3068 3818 assa
3109 3769 3400 3841 Διοσκόρου
3429 3775 3526 3844 τῆς
3551 3776 3667 3828 Να-

2087 3847 2355 3917 χιάστεως
2383 3848 2519 3920 (10),
2549 3851 2633 3904 ὅτι
2655 3854 2684 3905 6
2711 3854 2874 3923 ἄρτος
2896 3854 3061 3910 αὑτοῦ
3077 3858 3316 3931 κρίθινος
3343 3858 3411 3934 ἦν
3442 3867 3534 3918 καὶ
3557 3869 3669 3922 ἀπὸ

2088 3938 2285 4007 φακοῦ.
2331 3941 2442 3994 Kal
2478 3943 2601 3994 κατ’
2640 3945 2885 3999 ἐνιαυτὸν
2914 3946 3104 4003 ἔϐαλεν
3142 3951 3317 4024 ἀρχὴν
3353 3956 3482 4025 μιᾶς
3510 3959 3667 4012 πολι-

2086 4031 2255 4096 τείας,
2290 4032 2495 4101 λέγων·
2539 4035 2653 4088 Οὐκ
2690 4037 2913 4091 ἀπαντῶ
2940 4057 3045 4095 τινι
3072 4043 3134 4095 τὸ
3171 4045 3292 4108 ἔτος
3330 4046 3507 4112 τοῦτο,
3541 4050 3573 4121 ἢ
3603 4054 3663 4106 οὐ

2086 4120 2251 4213 λαλῶ,
2290 4122 2323 4194 ἢ
2379 4124 2439 4176 οὐ
2472 4123 2670 4195 τρώγω
2712 4126 2922 4199 ἕψημα,
2964 4130 2996 4202 ἢ
3037 4133 3099 4185 οὐ
3145 4134 3344 4206 τρὼγω
3375 4139 3662 4213 ὀπώρανῆ

2085 4211 2334 4282 λάχανον.
2364 4214 2474 4267 Kal
2517 4217 2598 4278 είς
2626 4217 2805 4272 πᾶσαν
2840 4220 3101 4290 ἐργασίαν
3131 4222 3303 4287 οὓτως
3329 4227 3532 4280 ἐποίει·
3570 4211 3664 4283 καί

410 4305 570 4363 poma
603 4293 689 4347 vel
719 4292 863 4350 olus.
894 4295 1072 4362 Atque
1096 4295 1151 4349 in
1199 4297 1348 4349 omni
1393 4298 1709 4367 operatione
1752 4299 1985 4356 faciebat

408 4385 529 4440 sic:
564 4399 799 4455 cumque
848 4399 1016 4439 unum
1049 4385 1408 4454 perfecisset,
1458 4391 1776 4448 assumebat
1814 4393 1979 4451 aliud.

402 4478 471 4532 Ει
506 4477 557 4532 id
593 4440 873 4531 annuatim
901 4440 1116 4546 338b,},
1463 4440 1775 4448 "~"“—--~—-
1814 4440 1843 4446 -
1928 4440 1956 4451 ν
2012 4440 2059 4496 Β

436 4569 583 4642 2.(8)
666 4566 859 4622 Frater
911 4569 1269 4638 interrogavit
1318 4568 1568 4626 abbatem
1619 4573 1973 4631 Pmmenem:

2156 4568 2222 4639 β’.
2261 4569 2514 4641 Ἀδελφὸς
2542 4571 2793 4645 ἠρώτησε
2820 4574 2912 4629 τὸν
2939 4577 3115 4631 ἀὸὀᾶν
3147 4580 3421 4652 Ποιμένα,
3452 4585 3532 4640 ὅτι
3550 4589 3658 4643 Τα-

402 4659 748 4713 Cuttturbant
821 4674 906 4715 me
963 4660 1328 4730 cogitationes
1383 4677 1552 4727 meae,
1595 4674 1654 4719 ut
1704 4665 1975 4721 dimittam

2100 4664 2346 4718 aaaaouoi
2383 4682 2450 4736 με
2489 4667 2539 4719 οἱ
2576 4666 2825 4738 λογισμοί
2866 4687 3002 4740 μου,
3044 4672 3139 4726 τοῦ
3182 4675 3400 4745 ἀφεῖναί
3441 4696 3510 4750 με
3559 4681 3661 4746 τὰς

404 4757 626 4818 peccata
652 4764 792 4816 mea,
825 4750 1177 4822 ellieiuutque
1212 4759 1272 4807 ut
1309 4752 1587 4808 attendam
1628 4755 1697 4810 ad
1728 4755 1977 4813 defectus

2100 4756 2357 4829 ἱμαρτίας
2385 4758 2430 4790 ⁸³
2476 4775 2601 4828 μου,
2643 4761 2738 4813 καὶ
2782 4762 2995 4816 ποιοῦσί
3039 4782 3107 4835 με
3140 4769 3429 4841 προσέχειν
3470 4774 3551 4837 είς
3588 4773 3660 4829 τὰ

2083 4304 2307 4358 τελειῶν
2340 4304 2401 4359 τὸ
2446 4304 2526 4373 ἓν,
2559 4306 2829 4380 ἐλάμϐανε
2860 4310 2921 4364 τὸ
2953 4311 3100 4367 ἄλλο.
3142 4315 3253 4368 Kal
3282 4316 3440 4370 τοῦτο
3489 4319 3662 4377 ἐποίει

2085 4397 2228 4451 κατὰ
2258 4398 2524 4454 ἐνιαυτόν.

374 4926 377 4927 ν
403 4961 425 4986 Ί
477 4895 521 4926 ³⁷
549 4894 643 4986 ,ξίΙέ
667 4896 832 4986 inser}.
859 4894 1045 4986 αὐτοῦ.
1094 4968 1112 4986 ἱ
1145 4897 1190 4929 ³⁸
1214 4897 1496 4986 Διίξειξθν.
1522 4901 1703 4986 αῦτός.
1780 4902 1831 4986 "_
1856 4904 1942 4986 Al.
1973 4920 2000 4960 a

2100 4905 2219 4986 ,καὶ
2244 4905 2587 4986 γνῶμενὶτὴν
2619 4904 2897 4986 ἀλήθειαν.
2951 4907 3018 4986 _‘°
3038 4908 3123 4964 ΑΙ.
3154 4910 3281 4968 add.
3313 4915 3407 4967 καὶ
3436 4916 3465 4967 6
3486 4914 3657 4986 ἄγγε-

403 4961 494 5028 λος
524 4962 644 5019 εἶπέ
684 4984 775 5038 μοι
799 4967 881 5020 ὅτι
911 4962 1065 5030 οὗτός
1092 4968 1239 5022 ἐστιν
1268 4971 1296 5022 6
1317 4968 1491 5041 Μελχ.
1567 4972 1608 5004 ⁸¹
1634 4961 1721 5028 Ad.
1746 4973 1840 5028 καὶ
1869 4961 1969 5028 οἰκ
1989 4976 2170 5046 ἀφῶσι
2297 4961 2581 5047 φροντίσαι
2603 4961 2719 5030 ttva
2736 4961 3036 5050 ἁμαρτιῶν.

474 5105 552 5175 (6)
595 5107 701 5160 Vit.
742 5104 893 5162 Patr.
926 5122 1078 5172 xvnt,
1111 5108 1166 5163 4.

474 5176 551 5245 (7)
582 5176 690 5245 Vit.
730 5176 881 5232 Patr.
917 5194 990 5241 tv,
1019 5178 1105 5233 15.

474 5178 527 5245 (7
582 5176 690 5231 Vit.
730 5176 881 5232 Patr.
917 5194 990 5241 tv,
1019 5178 1105 5233 15.

592 5244 696 5325 [ξι.
725 5247 877 5325 Patr.
910 5265 1001 5313 xv,
1126 5247 1260 5317 App.
1301 5265 1355 5319 p.
1394 5250 1551 5325 1000,
1586 5270 1640 5308 n.
1677 5255 1731 5309 5.

2086 5112 2203 5195 bas,
2237 5116 2382 5186 apud
2442 5125 2723 5195 auctorem
2764 5116 3286 5195 Demonstratiomtm
3334 5124 3652 5195 chronogra-

2085 5184 2363 5258 ghicaram
2405 5203 2436 5241 a
2489 5188 2811 5243 doctissimo
2848 5189 3173 5258 cumbelisio
3214 5193 3442 5258 editum,
3495 5184 3553 5251 et.
3597 5199 3649 5254 in

2080 5252 2268 5336 _S_uida,
2299 5272 2434 5336 voce
2454 5258 2622 5336 Φόρος
2655 5280 2665 5313 ;
2704 5258 2812 5336 Kal
2838 5257 3005 5312 πολλὰ
3036 5260 3198 5336 ’ἐτερα
3230 5252 3647 5336 σημειοξρορικά.

475 5317 1003 5403 (9ὶὶΣηέιεμοέρόρος.
1034 5317 1429 5403 signarent—aeu
1458 5323 1832 5403 miraculoram
1855 5325 1969 5378 edi-
2077 5322 2191 5380 Hoc
2238 5317 2344 5391 est,
2391 5336 2441 5383 et
2478 5317 2647 5381 multa
2679 5325 2792 5380 alia
2834 5343 2925 5396 Per
2955 5344 3072 5399 (Ιαω
3119 5317 3378 5387 δείνπῖίία
3426 5317 3548 5403 ῥαίέ
3552 5317 3649 5393 i1";

402 5385 690 5459 gor._Quotl
723 5385 1010 5459 interdum
1060 5385 1350 5459 signiﬁcat,
1414 5408 1522 5448 non
1579 5396 1965 5451 vexilliferum.
2077 5406 2180 5449 tur.

400 5454 877 5544 γεγὶιὶοεςξὶιεὶὶξξι
910 5454 1258 5544 _‘Scltoli_o-50
1296 5459 1363 5544 ad
1390 5465 1634 5543 .gradum
1670 5464 1967 5544 25__Sc_alte

2100 5541 2104 5544 δ
2153 5468 2263 5544 (_l_0)
2442 5466 3335 5544 Λξειχιὰσζεως.ιιιννίλιὶζραινιιιη
3370 5472 3646 5544 Pelagius,

398 5524 624 5625 Jgaq‘nis
643 5523 1123 5625 (lliln39j38loapud
1147 5523 1520 5625 Ana‘stasium,
1539 5544 1648 5625 tam
1670 5537 1720 5590 in
1751 5535 1965 5604 llodega
2068 5540 2133 5594 de
2153 5523 2447 5592 Numisius.
2477 5523 2634 5593 Forte
2670 5538 2734 5592 de
2765 5523 3033 5592 Namiasi.
3067 5539 3177 5610 Τῆς
3195 5523 3530 5625 Ναμιάσεωξ
3553 5523 3647 5617 ι)τᾶ

403 5614 426 5625 σ-
554 5609 672 5625 aiax-Il
725 5608 840 5625 nnnI
873 5611 916 5625 ιο
1036 5614 1195 5625 παι-ιι...
1229 5606 1246 5625 Ι
1280 5604 1500 5625 --ηρ-...ξυμ
1525 5621 1536 5625 -
1569 5614 1589 5625 ι.
1729 5622 1754 5625 μ
1814 5607 1918 5625 nun
1954 5624 1959 5625 ,
2074 5612 2118 5625 ιτ
2234 5607 2245 5625 Ι
2546 5617 2555 5625 .
2593 5607 2632 5625 AP
2734 5611 2744 5620 ι
2816 5611 2849 5625 ,ο
2964 5617 2975 5625 .
3021 5607 3060 5625 ιγ
3137 5620 3145 5625 .
3174 5611 3184 5621 I
3345 5615 3384 5625 np
3464 5617 3473 5625 .
3496 5621 3504 5625 .

398 5598 467 5679 ad
514 5595 682 5675 ﬁnem.
725 5594 920 5682 capitis
943 5594 1197 5682 §,;t|uam
1228 5594 1640 5682 Quaestioneuﬁo
1660 5648 1672 5671 ,
1728 5594 1965 5682 p.245;
2072 5607 2465 5682 ξῖσιχιᾴστεωςζ
2478 5617 2558 5664 vel
2583 5607 2870 5682 Namiasti,
2890 5617 2979 5682 aut
3010 5594 3650 5682 Aiacltias—ttfilllac‘lti‘ttgev.

403 5668 643 5734 itemque
662 5662 724 5743 _in
754 5663 988 5743 Dialogis
1013 5662 1217 5723 Graecis
1329 5673 1599 5743 Gregorii,
1648 5662 1704 5729 et
1730 5662 1894 5730 'alibi.
1924 5662 1967 5729 A'
2074 5662 2877 5743 Meﬁxbranaev'Suessionenses',
2917 5662 3192 5737 Ναηιείαδ.

407 5733 769 5809 σημειοφόρος
809 5734 865 5789 ﬁt
901 5733 1337 5807 σημειοφορικός.
1393 5733 1470 5796 ιη’
1492 5733 1685 5800 Codini
1736 5746 1965 5815 Origini-
