4012 6208
460 279 564 348 tos

1590 284 1935 344 APPENDIX
1970 282 2062 340 AD
2099 282 2521 342 PALLADIUM.

3616 278 3717 336 ιοι

459 415 728 479 cltabaut,
770 411 930 476 Cras,
958 423 1104 465 cras.
1129 407 1197 463 Et
1226 407 1402 465 Graeci
1432 424 1529 465 seu
1562 409 1793 479 gentiles
1823 415 2033 465 stantes

2145 425 2301 472 στως,
2331 408 2487 478 Κρᾶς
2508 443 2521 467 ,
2553 404 2728 475 Κρᾶς.
2765 402 2875 456 Καὶ
2908 402 3239 473 προστάντες
3288 400 3382 453 ἐπὶ
3414 397 3506 453 τὸν
3536 398 3717 470 μακά-

460 513 590 560 aute
622 504 836 558 beatum
860 501 1220 556 Athanasium
1244 502 1622 557 clamaverunt
1645 521 1657 556 :
1682 499 1819 555 Male
1844 514 2034 568 senex,

458 597 548 652 die
578 580 735 651 nobis
787 593 915 664 quid
963 596 1232 649 crocitent
1265 596 1535 649 cornices.
1591 593 1656 649 Et
1703 594 2026 663 respondit:

455 687 724 744 Cornices
780 688 1075 751 crocitant,
1107 688 1263 752 Cras,
1292 688 1449 744 Cras.
1489 684 1629 739 Illud
1677 694 1859 741 autem
1890 686 2037 741 Cras

455 777 831 832 Ausoniorum
864 781 979 835 sive
1014 782 1332 834 Latinorum
1374 780 1558 849 lingua
1605 780 1877 850 signiﬁcat
1909 794 2038 849 pro-

460 869 606 924 xime
654 877 945 924 venturum
991 871 1157 926 diem.
1212 870 1560 939 Addiditque,
1609 870 1735 941 quia
1787 870 2037 939 proximo

459 960 547 1016 die
577 961 832 1019 videbitis
860 963 1090 1032 gloriam
1137 961 1253 1015 Dei.
1292 961 1371 1014 Ac
1423 961 1620 1016 deinde
1653 962 1901 1016 nuntiata
1952 969 2038 1017 est

459 1066 610 1105 mors
647 1050 848 1106 Juliani
896 1053 1266 1122 imperatoris.
1310 1053 1468 1120 Quod
1513 1070 1637 1109 cum
1691 1056 2035 1126 contigisset,

459 1150 856 1197 concurrentes
885 1144 1424 1199 clamabant-contra
1459 1144 1731 1216 Serapim,
1797 1146 1883 1202 his
1915 1163 2039 1203 ver-

457 1231 591 1288 bis:
645 1231 702 1287 Si
761 1234 858 1288 tibi
907 1250 1016 1289 non
1075 1236 1377 1305 placebat,
1428 1251 1529 1291 cur
1574 1236 1717 1291 dona
1770 1237 1891 1307 ejus
1941 1254 2038 1295 su-

460 1325 649 1379 mebas
673 1324 697 1378 ?

530 1413 586 1468 2.
628 1413 772 1469 Idem
815 1418 1115 1481 enarravit,
1152 1418 1298 1487 quod
1335 1417 1500 1473 fuerit
1559 1418 1906 1474 Alexandriae
1941 1433 2041 1474 au-

459 1502 578 1572 riga
618 1504 862 1572 quidam,
900 1504 1045 1558 [ilius
1084 1506 1331 1561 mulieris
1385 1505 1605 1559 nomine
1636 1504 1840 1561 Mariae.
1898 1506 1949 1560 Is
1984 1506 2040 1559 in

459 1593 758 1647 certamine
788 1595 1028 1662 equestri
1069 1595 1275 1648 cecidit
1303 1612 1318 1662 ;
1352 1609 1416 1647 ac
1450 1594 1573 1648 dein
1606 1608 1857 1663 surgens,
1896 1608 2038 1663 pra:—

458 1692 771 1753 tergressus
826 1693 911 1739 est
951 1700 1075 1740 eum
1115 1700 1146 1739 a
1185 1700 1296 1755 quo
1328 1685 1576 1754 dejectus
1609 1684 1806 1750 fuerat,
1841 1691 1897 1738 et
1940 1698 2032 1738 co-

458 1788 653 1827 ronam
702 1777 1023 1844 reportavit.
1082 1774 1240 1830 Tunc
1288 1777 1544 1830 clamavit
1598 1775 1801 1846 plebs:
1867 1773 2036 1829 Filius

459 1862 647 1919 Mariae
684 1866 904 1931 cecidit,
935 1867 1196 1930 surrexit,
1237 1867 1388 1921 vicit.
1426 1867 1546 1933 Quo
1585 1869 1826 1923 clamore
1860 1866 2038 1921 adhuc

462 1954 711 2018 iurante,
753 1954 946 2008 incidit
994 1957 1135 2009 inter
1179 1957 1437 2027 populum
1499 1970 1688 2009 rumor
1719 1954 1787 2009 de
1837 1953 2038 2022 templo

462 2043 772 2115 Serapidis,
810 2045 953 2116 quod
996 2063 1225 2118 magnus
1268 2047 1607 2118 Theophilus
1662 2046 1901 2110 rediens,
1939 2044 2040 2100 Se-

459 2136 669 2206 rapidis
701 2136 910 2190 idolum
950 2139 1261 2204 evertisset,
1310 2154 1373 2192 ac
1404 2138 1590 2210 templi
1630 2152 1855 2207 compos
1894 2141 2039 2192 esset

458 2224 665 2281 factus.

529 2318 581 2371 3.
603 2317 714 2387 (15)
736 2316 1111 2388 Signiﬁcatum
1132 2328 1215 2375 est
1232 2320 1391 2374 beato
1407 2319 1711 2389 Epiphanio
1737 2317 1899 2390 Cypri
1923 2318 2040 2387 epi-

459 2424 648 2478 scopo.
682 2426 776 2478 per
796 2411 1049 2464 abbatem
1079 2412 1400 2466 monasterii
1449 2410 1597 2481 quod
1658 2412 1713 2464 in
1747 2411 2038 2466 Palaestina

458 2496 651 2552 habuit
690 2496 993 2552 {Precibus
1029 2500 1158 2564 tuis,
1200 2514 1466 2553 canonem
1509 2508 1756 2554 nostrum
1797 2515 1893 2555 seu
1924 2500 2040 2553 olli-

460 2588 609 2639 cium
651 2599 704 2641 et
745 2588 1105 2657 psalmodiam
1142 2605 1249 2643 non
1282 2589 1647 2660 negleximus,
1673 2591 1764 2646 sed
1792 2592 2040 2648 studiose

460 2679 700 2744 tertiam,
761 2686 1013 2745 sextam,
1052 2696 1255 2736 nonam
1310 2683 1672 2737 celebramus.
1711 2684 1781 2737 At
1823 2683 1913 2739 ille
1953 2700 2040 2739 re-

459 2770 808 2840 prehendens
834 2771 1107 2827 indicavit
1141 2773 1248 2829 illis
1289 2790 1386 2844 per
1411 2774 1525 2829 haec
1555 2775 1723 2830 verba
1754 2793 1766 2829 :
1811 2775 2036 2833 Manife—

459 2868 547 2916 sto
586 2863 862 2933 uegligitis
893 2864 1031 2920 alias
1064 2865 1170 2921 diei
1230 2866 1418 2933 horas,
1468 2867 1624 2922 otiati
1670 2883 1699 2923 a
1751 2885 1930 2939 prece.
1967 2870 2039 2924 0-

458 2950 639 3021 portet
692 2962 871 3009 autem
903 2961 964 3007 ut
1007 2970 1171 3010 verus
1222 2958 1521 3013 monachus
1561 2958 1686 3012 sine
1745 2959 2029 3015 intermis-

457 3043 613 3098 sione
660 3044 856 3100 habeat
897 3045 954 3099 in
999 3048 1166 3102 corde
1216 3062 1319 3102 suo
1345 3051 1649 3103 orationem
1690 3057 1743 3103 et
1794 3050 2035 3118 psalmo-
2063 3081 2106 3140 ο

458 3132 627 3187 diam.

527 3231 583 3280 4.
610 3225 727 3296 (16)
758 3227 904 3282 Misit
926 3226 1217 3297 aliquando
1244 3236 1467 3282 sanctus
1484 3227 1824 3298 Epiphanius
1854 3227 1920 3282 ad
1941 3228 2039 3284 ab-

459 3315 640 3370 batem
666 3316 1024 3380 Hilarionem,
1056 3332 1257 3385 rogans
1284 3332 1428 3381 eum,
1450 3324 1501 3371 et
1526 3318 1746 3373 dicens:
1775 3317 1926 3384 Veni,
1953 3318 2037 3374 vi-

460 3407 690 3462 deamus
723 3423 823 3462 nos
853 3408 1107 3473 invicem,
1140 3419 1433 3478 antequam
1458 3410 1780 3465 recedamus
1813 3411 1880 3465 de
1912 3426 2038 3465 cor-

460 3513 613 3569 pore.
661 3496 910 3567 Cumque
980 3497 1314 3566 advenisset,
1371 3510 1558 3554 mutua
1613 3502 1797 3556 laetitia
1857 3502 2038 3559 ali‘ecti

460 3596 610 3644 sunt.
647 3586 716 3643 Iis
737 3597 918 3643 autem
948 3590 1432 3654 manducantibus,
1463 3592 1626 3645 allata
1656 3602 1741 3647 est
1770 3595 2034 3649 volueris.

459 3678 527 3733 Et
562 3695 787 3734 sumens
839 3681 1134 3750 episcopus
1188 3681 1338 3735 dedit
1386 3682 1572 3737 abbati
1620 3682 1908 3738 llilarioni.
1950 3684 2041 3739 Ait

460 3786 664 3826 senex:
693 3769 923 3841 Ignosce
940 3772 1104 3839 mihi;
1135 3787 1199 3827 ex
1222 3787 1331 3842 quo
1363 3772 1508 3827 hunc
1543 3774 1788 3829 habitum
1819 3791 2038 3831 assum-

461 3862 568 3933 psi,
614 3877 722 3916 non
769 3863 982 3917 comedi
1024 3871 1318 3917 mactatum
1364 3864 1687 3934 quidquam.
1726 3865 1867 3921 Tum
1922 3868 2040 3936 epi-

461 3970 663 4024 scapus
688 3971 723 4035 εἴ
768 3952 881 4022 Ego
916 3970 1065 4020 vero,
1133 3955 1332 4025 inquit,
1363 3971 1429 4010 ex
1463 3972 1572 4025 quo
1629 3957 1876 4011 habitum
1916 3974 2041 4013 sus-

460 4047 600 4115 cepi,
638 4061 746 4100 non
787 4046 973 4100 dimisi
1022 4062 1353 4117 quemquam
1396 4047 1637 4102 dormire
1679 4049 1773 4119 qui
1814 4050 2041 4104 haberet

461 4137 729 4191 adversus
764 4152 848 4191 me
873 4178 888 4204 ,
943 4153 1045 4192 nec
1082 4154 1184 4209 ego
1225 4138 1458 4193 dormivi
1494 4140 1705 4196 habens
1745 4140 2037 4195 adversum

460 4224 779 4295 aliquem“.
826 4226 919 4279 Ait
954 4227 1032 4281 illi
1085 4242 1288 4283 senex:
1339 4228 1565 4284 Veniam
1608 4231 1741 4285 mihi
1774 4231 2036 4297 concede,

462 4318 592 4387 quia
625 4318 938 4371 institutum
967 4326 1121 4371 tuum
1149 4320 1324 4387 majus
1356 4336 1477 4374 meo
1508 4329 1613 4375 est.

2142 518 2257 573 ριον
2300 497 2618 552 Ἀθανάσιον
2657 497 2706 548 οἱ
2753 493 3049 564 Ἕλληνες,
3087 492 3352 564 ἔκραξαψ
3399 490 3717 561 Κακὸγηρε,

2139 591 2260 647 εἰπὲ
2296 593 2429 661 ἡμῖν
2459 589 2508 644 τί
2552 588 2844 658 κράξουσιν
2875 587 2929 639 αἱ
2970 586 3228 655 κορῶναι.
3260 585 3370 637 Καὶ
3399 580 3720 653 ἀποκριθεὶς

2139 680 2326 737 εἶπεν·
2375 684 2442 735 Αἱ
2490 680 2725 752 κορῶναι
2776 678 3074 750 κράζουσι,
3118 678 3293 746 Κρᾶς,
3334 676 3521 747 Κρᾶς·
3564 673 3626 726 τὸ
3661 671 3721 726 δὲ

2141 778 2298 847 Κρᾶς
2322 778 2386 846 τῇ
2414 773 2703 828 Αὑσωνίων
2729 774 2879 842 φωνῇ
2909 770 3020 841 (17)
3044 768 3231 840 αὔριόν
3260 770 3393 821 ἐστι’
3426 768 3520 819 καὶ
3549 779 3721 837 προσ-

2141 868 2338 931 ετίθει,
2369 869 2451 921 ὅτι
2478 865 2675 939 Αὔριον
2704 864 2899 935 ὄψεσθε
2934 863 3034 935 τὴν
3077 861 3234 926 δόξαν
3271 859 3363 913 τοῦ
3405 858 3561 913 Θεοῦ.
3607 858 3721 911 Καὶ

2140 960 2267 1030 ὲξῆς
2318 958 2559 1030 ἠγγέλθη
2605 959 2633 1010 6
2684 956 2911 1017 Θάνατος
2952 952 3045 1006 τοῦ
3102 948 3392 1005 Ἰουλιανοῦ
3431 946 3713 1019 βασιλέως.

2140 1051 2253 1107 Καὶ
2278 1049 2465 1104 τούτου
2496 1048 2810 1119 γενομένου,
2837 1044 3230 1117 συνδραμόντες
3255 1039 3595 1112 κατέκραζον
3621 1037 3718 1092 τοῦ

2141 1143 2459 1216 Σεράπιδος,
2510 1141 2793 1209 λέγοντεςο
2856 1136 2982 1193 Ἐὰν
3038 1137 3138 1191 οὐκ
3180 1134 3372 1206 ἤθελες
3421 1132 3615 1196 αὑτὸν,
3663 1127 3719 1184 τί

2140 1236 2444 1307 ἐλάμϐανες
2475 1238 2545 1287 τά
2574 1232 2737 1287 αὐτοῦ
2757 1249 2773 1300 ;

2214 1416 2279 1489 β’.
2320 1418 2379 1469 '0
2426 1414 2588 1478 αὐτὸς
2620 1413 2950 1484 διηγήσατο,
2976 1411 3059 1463 ὅτι
3096 1404 3165 1479 ἦν
3196 1423 3280 1469 τις
3327 1403 3542 1475 ἡνίοχος
3579 1399 3722 1489 κατά

2275 1504 2688 1576 Ἀλεξανδρέων,
2723 1502 2780 1565 ὃς
2815 1496 2881 1571 ἦν
2916 1498 3117 1570 μητρὸς
3147 1495 3362 1566 Μαρίας
3392 1494 3522 1556 υἱός.
3549 1484 3721 1554 Οὗτος

2145 1595 2372 1650 ἱππικοῦ
2398 1591 2811 1663 ἐπιτελουμένου
2841 1590 3161 1642 κατέπεσεν·
3195 1581 3312 1638 εἶτα
3326 1581 3560 1644 ἀναστὰς
3579 1598 3721 1651 παρα

2138 1691 2268 1762 ἦλθε
2314 1691 2405 1743 τὸν
2459 1683 2925 1753 καταϐεϐληκότα,
2963 1682 3057 1735 καὶ
3086 1679 3323 1749 ἐνίκησε.
3356 1676 3464 1729 Καὶ
3496 1673 3556 1727 τδ
3582 1673 3721 1742 πλῆ-

2138 1781 2230 1844 θος
2256 1778 2578 1847 ἀνεϐόησεν·
2614 1775 2672 1826 ’0
2695 1773 2824 1836 Υἱὸς
2850 1770 3070 1842 Μαρίας
3092 1769 3344 1821 πέπτωκε
3369 1766 3464 1818 καὶ
3488 1765 3722 1833 ἐγήγερ-

2138 1889 2230 1925 ται
2265 1870 2359 1923 καὶ
2383 1868 2625 1938 ἐνίκησε.
2651 1862 2961 1933 Ταύτηςὲτι
2984 1860 3083 1929 τῆς
3119 1858 3303 1927 φωνῆς
3327 1855 3626 1925 λεγομένης
3648 1853 3720 1916 ⁸⁸,

2140 1962 2396 2016 ἐνέπεσεν
2430 1960 2463 2030 ἡ
2506 1958 2636 2029 περὶ
2675 1956 2768 2009 τοῦ
2800 1952 2946 2025 ἱεροῦ
2979 1952 3074 2004 τοῦ
3113 1948 3412 2020 Σεράπιδος
3442 1948 3599 2017 φήμη
3644 1941 3721 2014 τῷ

2140 2051 2354 2123 πλήθει,
2382 2051 2461 2103 ὅτι
2485 2050 2513 2102 6
2548 2047 2722 2118 μέγας
2750 2041 3008 2111 Θεόφιλος
3034 2039 3289 2104 ἀνελθὼν,
3321 2038 3382 2092 τὸ
3413 2037 3507 2090 τοῦ
3548 2035 3724 2106 Σερά-

2141 2144 2292 2207 πιδος
2330 2137 2694 2208 κατέστρεψεν
2734 2133 2987 2192 εἴδωλον.
3035 2132 3130 2185 καὶ
3173 2130 3269 2184 τοῦ
3316 2128 3445 2183 ναοῦ
3497 2126 3723 2196 γέγονεν

2142 2232 2437 2303 ἐγκρατής.
2995 2290 3001 2296 .

2211 2330 2280 2391 γ’.
2299 2320 2567 2393 Ἐδηλὼθη
2584 2318 2660 2389 τῷ
2678 2315 2932 2388 μακαρίῳ
2957 2311 3251 2383 Ἐπιιρανίῳ
3267 2310 3343 2381 τῷ
3365 2308 3652 2377 ὲπισκόπῳ
3673 2305 3723 2338 ⁸⁸

2140 2413 2368 2485 Κύπρου
2445 2410 2597 2481 παρὰ
2622 2408 2715 2462 τοῦ
2745 2407 2889 2461 assa
2914 2406 3012 2477 τῆς
3050 2403 3216 2475 μονῆς
3243 2395 3311 2472 ἦς
3348 2396 3493 2470 εἶχεν
3519 2400 3576 2451 ὲν
3606 2399 3724 2450 [Ia-

2140 2504 2502 2576 ).αιστίνῃ,’ὁτι
2536 2504 2736 2574 Εὒχαῖς
2772 2517 2863 2553 σου
2901 2498 3000 2551 οὐκ
3038 2494 3394 2566 ἡμελήσαμεν
3429 2487 3523 2543 τοῦ
3558 2487 3728 2542 κανό-

2140 2616 2229 2662 νος
2256 2598 2433 2669 ήμῶν,
2464 2594 2599 2649 ἁλλά
2643 2592 2781 2665 μετά
2811 2589 3043 2659 σπουδῆς
3075 2589 3120 2618 ⁸⁷
3149 2586 3239 2641 καὶ
3274 2585 3371 2655 τὴν
3403 2583 3591 2653 τρίτην
3624 2580 3726 2633 καὶ

2140 2690 2237 2760 τὴν
2279 2690 2443 2760 ἕκτην
2480 2686 2575 2740 καὶ
2614 2686 2711 2755 τὴν
2764 2682 2989 2752 ὲννάτην
3024 2680 3072 2711 ⁸⁸
3118 2675 3497 2745 ἐπιτελοῦμεν.
3554 2673 3615 2725 '0
3662 2671 3723 2725 δὲ

2141 2782 2444 2850 καταγνοὺς
2472 2777 2672 2841 αὐτῶν,
2706 2773 2974 2844 ἐδήλωσεν
3011 2771 3192 2832 αὐτοῖς
3220 2767 3413 2836 λέγων,
3445 2767 3524 2819 ὅτι
3552 2765 3723 2817 Φανε-

2143 2871 2224 2942 ροί
2259 2873 2381 2923 ὲστε
2411 2868 2739 2939 ἀμελοῦντες
2768 2865 2813 2898 δ’
2854 2865 2952 2926 τὰς
2984 2862 3149 2924 ἄλλας
3188 2859 3337 2931 ῶρας
3376 2857 3476 2927 τῆς
3507 2854 3650 2929 ἡμέρ

2141 2961 2435 3033 ἀργοῦντες
2471 2959 2578 3013 ἀπὸ
2602 2958 2701 3025 τῆς
2729 2956 2912 3026 εὐχῆς.
2951 2957 3042 3006 Δεῖ
3065 2953 3174 3022 γὰρ
3213 2952 3304 3004 τὸν
3343 2947 3595 3019 ἀληθινὸν
3626 2952 3663 3018 μ

2139 3051 2301 3121 ναχὸν
2331 3049 2687 3110 ἀδιαλείπτως
2721 3046 2865 3116 ἔχειν
2898 3044 2997 3114 τὴν
3026 3042 3191 3113 εὐχὴν
3231 3040 3326 3093 καὶ
3356 3039 3455 3109 τὴν
3488 3036 3724 3108 ψαλμῳ-

2140 3142 2257 3195 δίαν
2282 3144 2337 3195 ἐν
2363 3143 2428 3212 τῇ
2459 3138 2654 3210 καρδίᾳ
2684 3135 2871 3191 αὐτοῦ.

2209 3234 2270 3287 δ’.
2307 3231 2562 3303 Ἐπεμψέ
2599 3246 2729 3283 ποτε
2763 3230 2791 3281 6
2819 3228 2970 3296 ἅγιος
3004 3226 3318 3295 Ἐπιφάνιος
3347 3223 3483 3294 πρὸς
3505 3221 3595 3275 τδν
3618 3219 3723 3275 ἀσ-

2141 3327 2240 3380 σᾶν
2272 3324 2573 3395 Ἶλαρίωνα,
2596 3318 2929 3393 παρακαλῶν
2951 3316 3133 3377 αὑτδν,
3166 3317 3261 3369 καὶ
3283 3314 3454 3383 λέγων
3479 3330 3492 3343 ·
3522 3310 3719 3384 Δεῦρο,

2142 3419 2338 3488 ἴδωμεν
2369 3415 2595 3477 ἑαυτοὺς
2625 3411 2730 3483 πρὸ
2759 3410 2850 3463 τοῦ
2888 3408 3125 3476 ἐξελθεῖν
3168 3408 3316 3478 ἡμᾶς
3345 3405 3452 3459 ἀπὸ
3480 3403 3576 3458 τοῦ
3610 3403 3720 3457 σώ-

2145 3524 2344 3579 ματος’
2389 3508 2481 3560 καὶ
2519 3501 2964 3575 παραγενομένου
3017 3498 3217 3560 αὐτοῦ,
3272 3499 3551 3568 ἐχάρησαν
3596 3495 3720 3566 μετ’

2141 3597 2404 3668 ἀλλήλων.
2460 3593 2776 3647 Ἐσθιόντων
2827 3592 2883 3644 δὲ
2937 3590 3149 3649 αὐτῶν,
3199 3587 3400 3658 ἠνέχθη
3450 3585 3717 3639 πετεινόν.

2140 3690 2253 3743 Kal.
2289 3685 2469 3740 λαϐὼν
2504 3686 2532 3738 ὁ
2562 3683 2855 3745 ἐπίσκοπος
2895 3681 3062 3734 ἔδωκε
3110 3678 3189 3749 τῷ
3233 3678 3375 3750 ἁϐϐᾷ
3430 3676 3719 3749 ἰλαρίωνι.

2141 3782 2251 3835 Καὶ
2282 3779 2429 3847 λέγει
2475 3774 2622 3846 αὐτῷ
2662 3776 2690 3828 6
2726 3774 2935 3843 γέρων·
2975 3772 3335 3842 Συγχώρησόν
3378 3789 3501 3841 μοι,
3544 3770 3625 3823 ὅτι
3662 3768 3720 3836 ἐξ

2140 3866 2202 3927 οὗ
2243 3872 2433 3925 ἔλαϐον
2479 3870 2539 3922 τὸ
2576 3868 2793 3938 σχῆμα,
2833 3864 2933 3918 οὒκ
2965 3865 3165 3932 ἔφαγον
3207 3863 3374 3933 θῦμα.
3422 3863 3533 3916 Καὶ
3573 3861 3722 3929 λέγει

2142 3966 2290 4036 αὐτῷ
2323 3967 2350 4017 6
2383 3963 2707 4023 ἐπίσκοπος·
2754 3958 2895 4027 Ἐγὼ
2923 3957 2979 4010 δὲ
3013 3955 3072 4022 ἐξ
3104 3950 3165 4009 οὗ
3195 3956 3387 4009 ἔλαϐον
3417 3955 3479 4007 τὸ
3512 3954 3720 4025 σχῆμα,

2140 4052 2241 4105 οὐκ
2266 4048 2455 4119 ἀφῆκά
2486 4065 2610 4100 τινα
2639 4046 2970 4116 κοιμηθῆναι
3002 4045 3197 4115 ἔχοντα
3224 4045 3345 4097 κατ’
3387 4043 3521 4112 ἐμοῦ
3544 4081 3559 4106 ,
3601 4043 3723 4096 οὐδὲ

2142 4141 2252 4211 ἐγὼ
2306 4138 2610 4210 ὲκοιμήθην
2638 4137 2777 4208 ἔχων
2824 4135 2966 4190 κατά
2990 4136 3155 4198 τινός.
3185 4134 3295 4187 Καὶ
3332 4133 3480 4201 λέγει
3517 4131 3666 4202 αὐτῷ
3694 4133 3724 4184 ὁ

2141 4234 2351 4304 γέρων·
2389 4228 2752 4300 Συγχώρησόν
2797 4245 2906 4299 μοι,
2941 4229 3023 4281 δτι
3066 4228 3100 4298 ὴ
3130 4225 3197 4297 σὴ
3232 4225 3475 4278 πολιτεία
3519 4223 3725 4295 μείζων

2143 4324 2261 4378 ἐστὶ
2298 4321 2399 4390 τῆς
2434 4319 2597 4390 ἐμῆς.

533 4408 588 4464 5.
630 4407 891 4477 Ejusdem
921 4424 1104 4463 sermo
1135 4408 1277 4464 fuit:
1309 4407 1492 4481 Imago
1519 4419 1572 4465 et
1616 4412 1791 4484 ﬁgura
1826 4412 2036 4469 Christi

2212 4411 2275 4464 ε’.
2316 4411 2376 4462 '0
2418 4409 2580 4472 αὐτὸς
2624 4407 2839 4475 ἔλεγεν,
2880 4407 2962 4459 ὅτι
3005 4408 3038 4476 ἡ
3062 4406 3107 4437 ³⁰
3147 4403 3313 4457 εἰκὼν
3345 4401 3440 4457 τοῦ
3484 4401 3725 4475 Χριστοῦ

465 4498 848 4563 Melchisedec,
885 4498 1255 4554 Abrahamum
1293 4498 1607 4556 Iudaeorum
1665 4503 1905 4560 radicem
1937 4506 2030 4560 bc-

465 4591 671 4647 nedixit
700 4611 713 4646 :
743 4592 914 4646 multo
955 4592 1129 4663 magis
1159 4593 1275 4662 ipsa
1313 4594 1516 4649 veritas
1545 4594 1823 4659 Christus.
1865 4597 2035 4652 bene-

464 4682 598 4738 dicit
631 4692 686 4739 et
723 4684 1031 4740 sanctiﬁcat
1050 4699 1242 4740 omnes
1272 4685 1365 4756 qui
1393 4687 1623 4742 credunt
1654 4688 1709 4742 in
1751 4689 1953 4757 ipsum.

2142 4501 2508 4572 Μελχισεδὲκ,
2539 4499 2637 4570 τὴν
2685 4500 2839 4571 ῥίζαν
2878 4498 2987 4552 τῶν
3036 4497 3307 4551 Ἰουδαίων
3338 4495 3599 4567 εὐλόγησε
3632 4494 3726 4550 τὸν

2156 4593 2426 4664 Ἀὕραὰμ’
2456 4593 2636 4663 πολλῷ
2659 4592 2819 4645 πλέον
2848 4591 2986 4660 αὐτὴ
3016 4591 3049 4660 ἡ
3076 4590 3301 4659 ἀλήθεια
3322 4592 3351 4642 ὁ
3371 4589 3624 4660 Χριστὸς.
3642 4588 3731 4640 εὑ-

2144 4684 2291 4753 λογεῖ
2316 4682 2411 4737 καὶ
2434 4682 2647 4752 ἁγιάζει
2677 4682 2884 4743 πάντας
2904 4681 3031 4740 τοὺς
3060 4680 3414 4742 πιστεύοντας
3439 4681 3519 4741 εις
3540 4678 3726 4734 αὐτόνι

534 4884 582 4961 τι
604 4883 792 4961 Matth.
812 4900 865 4947 ν,
896 4885 1002 4961 $5;
1031 4886 1200 4961 Marc.
1230 4902 1303 4948 xl.
1468 4888 1629 4961 βοέῃ.
1656 4891 1971 4961 γενομένης.

2145 4891 2205 4942 ll.
2237 4889 2456 4960 ἁρχιεπ.
2537 4887 2582 4918 ⁸⁷
2609 4886 2694 4940 AI.
2720 4887 2825 4941 ins.
2851 4886 2945 4939 καὶ
2966 4886 3066 4955 τὴν
3093 4884 3336 4955 πρώτην.
3414 4882 3459 4914 ⁸⁸
3480 4882 3565 4937 Al.
3594 4877 3723 4937 add.

472 4954 569 5010 καὶ
594 4954 656 5009 τὸ
694 4955 973 5025 λυχνικόν.

789 5078 798 5093 Ὁ

570 5112 655 5172 15)
693 5111 988 5169 Vit.'Patr.
1026 5129 1122 5172 xu.
1156 5113 1210 5166 6.

572 5182 656 5247 16)
705 5183 809 5237 νει.
844 5182 996 5237 Patr.
1030 5199 1102 5247 Iv,
1127 5184 1214 5239 I5.

543 5252 654 5319 (l7)
688 5254 754 5305 Τὸ
782 5253 851 5306 δὲ
877 5252 1034 5323 Κρᾶς
1069 5253 1140 5323 τῇ
1166 5254 1486 5309 Αὐσωνίων
1512 5252 1701 5323 φωνῇ’.
1739 5252 1895 5323 Apud
1928 5254 2035 5309 So-

468 5324 1120 5395 zomenumlilnimﬂeap.
1157 5325 1242 5387 10,
1269 5324 1357 5395 ubi
1401 5339 1490 5395 res
1521 5326 1684 5393 paulo
1715 5327 1874 5378 aliter
1909 5341 2037 5379 nar-

469 5397 637 5465 ratur,
675 5388 822 5465 ἱεράς
853 5393 935 5460 (In
965 5388 1305 5465 Nicephoro_
1321 5392 1483 5459 Cal|.,
1521 5388 1625 5465 lib.
1667 5410 1741 5459 Ix,
1784 5410 1905 5465 cap.
1940 5397 2029 5452 54.

471 5454 734 5538 ᾏρᾶέὶ-τῇ
769 5454 1049 5538 Ῥωμαίων
1068 5454 1237 5538 φωνῇ.
1271 5463 1342 5538 Ex
1373 5454 1561 5538 nostro
1579 5454 1812 5538 Michael
1837 5454 2034 5538 Glycas

464 5529 753 5605 Annaliun}
799 5529 994 5605 p.42.“
1045 5529 1243 5605 εξΗερὶ
1296 5534 1385 5605 τὸν
1429 5534 1522 5587 τοῦ
1563 5535 1880 5605 Σαράπιδος
1907 5529 2036 5590 ναόν

463 5598 697 5667 κορῶναι
726 5598 974 5669 ἑκραζοψ
1002 5602 1094 5653 καὶ
1121 5598 1411 5673 ὲρὼτηθεὶς
1435 5604 1584 5673 παρὰ
1600 5598 1708 5656 τῶν
1741 5605 2033 5676 Ἑλλήνων,

461 5666 514 5721 τί
543 5666 740 5736 βοῶσιν
788 5665 970 5735 αὗται,
1005 5673 1306 5741 κακόγηρε.
1336 5670 1482 5725 εἷπε·
1518 5674 1577 5726 τὸ
1606 5673 1725 5745 Κρᾶ
1761 5677 1817 5745 τῇ
1846 5675 2034 5745 Σύρων

871 5698 970 5735 .ut,
1007 5698 1306 5741 ημινγηρι,
1336 5698 1482 5725 ειτπ-
1518 5698 1577 5726 τυ
1606 5698 1725 5745 ηρσι
1761 5698 1817 5745 ἴῃ
1849 5698 1947 5747 ἂνξ.

1070 4956 1114 4990 ’⁵³
1140 4958 1324 5012 Abest.
1356 4956 1687 5030 ἀμελοῦντες
1728 4956 1799 5015 ab
1828 4956 1917 5014 al.‘
1976 4961 2021 4992 ⁸⁰
2054 4960 2140 5014 Al.
2174 4962 2223 5012 εί

2147 5117 2297 5187 φωνῇ
2328 5113 2516 5187 αὔριον
2550 5108 3223 5187 δηλοίχαῦριονᾳκαὶηγάρ
3261 5106 3459 5187 micatis
3490 5105 3589 5187 τὴν
3625 5101 3723 5187 τοῦ

2147 5130 2297 5187 φωνῇ
2328 5130 2395 5169 ao
2441 5130 2516 5165 ιον
2550 5130 2700 5183 οη).οι
2728 5130 2741 5139 ·
2771 5130 2962 5181 αυριον
2989 5130 3084 5162 και
3115 5130 3223 5179 γαρ
3261 5130 3459 5187 atauus
3490 5130 3589 5174 την
3625 5130 3723 5157 του

2143 5176 2277 5257 Θεοῦ
2309 5130 2593 5257 πράέοιαν⁸
2625 5182 2710 5257 ἐφξ
2750 5173 2794 5248 ᾧ
2821 5182 2915 5233 καὶ
2959 5179 3203 5257 ῂγγέλθη
3245 5194 3341 5257 του
3369 5175 3648 5255 ἀλιτηρίου
3677 5176 3723 5255 ό

2144 5247 2395 5320 θάνατος.
2425 5252 2559 5318 Quae
2588 5247 2775 5305 verba
2808 5265 2872 5304 eo
2915 5247 3139 5313 adduxi,
3184 5247 3245 5320 ut
3272 5247 3543 5320 discama
3590 5247 3723 5298 viris

2142 5316 2826 5390 doctis,'rcponendumne
2870 5320 2944 5374 sit
2993 5318 3288 5390 sequendo_
3305 5316 3534 5390 vestigia
3571 5329 3721 5390 ἱδροῖ

2143 5383 2508 5466 ρίιιιιρέιιιίιίἱε
2531 5394 2724 5466 nostri.
2752 5390 2962 5466 κακόγη
2973 5407 3054 5466 ps,
3072 5383 3217 5451 εἰπὲ,
3237 5383 3449 5466 εἵπετό
3475 5384 3725 5466 Ιςρᾷὶτῇ

2142 5454 2453 5526 λὺσωεῖίων,
2490 5463 2573 5516 vel
2598 5460 2644 5514 si
2673 5460 2848 5514 mavis
2871 5454 2994 5514 cuin
3022 5457 3242 5513 Sozom.
3261 5464 3315 5510 et
3331 5454 3556 5524 Nieepli.
3591 5454 3728 5505 Ῥωέ

2147 5533 2326 5607 μαίων
2359 5534 2557 5607 φωνῇ.-
2598 5528 2763 5585 Forte
2801 5530 2956 5607 enim
2995 5529 3181 5607 ξυρῶν
3222 5527 3476 5607 _irrepsit_
3504 5530 3729 5607 propter

2144 5592 2284 5658 inale
2314 5592 2383 5657 ae
2410 5592 2655 5657 hrEviate
2678 5669 2681 5670 ν
2704 5600 2971 5670 scriptum
3019 5592 3364 5668 ”Ρ’ωμαίων,’
3390 5601 3482 5647 aut
3514 5592 3586 5647 ob
3617 5592 3729 5642 Αὑ-

2144 5674 2353 5727 σωνίων
2390 5688 2499 5729 nnn
2537 5669 2896 5727 intellectum.
