4012 6208
475 313 575 368 167

1611 327 1953 388 ΑΡΡΕΝΒΙΧ
1990 329 2081 385 AD
2117 328 2531 389 PALLADIUM.

3617 343 3719 398 168

478 441 696 513 ajustis
718 457 846 498 vero
882 456 1084 498 usuras
1136 456 1357 516 quoque
1389 444 1581 517 exigit.
1636 446 1814 516 Atque
1850 446 1905 503 id
1964 459 2032 503 es1

2148 451 2233 503 τεῖ
2266 449 2361 502 καὶ
2396 450 2612 514 τόκους.
2648 449 2755 503 Καὶ
2798 450 2956 505 τοῦτό
2993 450 3142 506 ἐστιν
3181 452 3210 506 ὃ
3258 453 3373 511 τοῖς
3409 448 3725 521 ἀποστόλοις

468 532 616 605 quod
646 532 784 587 dixit
818 533 1116 603 apostolis:
1155 533 1279 590 Nisi
1322 536 1671 592 abundaverit
1702 538 1920 608 justilia
1957 555 2044 594 οε·-

468 635 583 680 stra
610 626 729 694 plus
755 641 917 697 quant
944 626 1257 684 Scribarum
1284 640 1334 685 et
1356 630 1780 701 Pltarisworum,
1816 649 1918 687 non
1957 634 2044 688 in-

470 718 680 771 trabilis
703 720 757 773 in
779 736 993 790 regnum
1022 723 1273 776 cwlorum
1301 724 1367 779 “.

538 807 627 863 16.
658 808 772 864 Hoc
808 827 938 866 vero
984 813 1149 866 etiam
1184 813 1363 868 dixit:
1402 812 1577 880 Quam
1617 816 1844 872 minimo
1899 815 2046 873 Deus

463 898 652 952 vendit
683 899 928 969 justitias
953 901 1021 956 iis
1058 902 1152 973 qui
1180 919 1366 959 emere
1398 905 1662 975 cupiunt;
1687 922 1856 978 parvo
1883 910 2043 978 panis

466 987 666 1056 frusto,
727 993 1056 1048 vestimento
1110 994 1247 1061 vili,
1313 993 1529 1067 frigidae
1587 998 1785 1068 poculo
1814 1039 1830 1066 ,
1880 1000 2044 1057 obolo

467 1095 598 1136 uno.

538 1174 627 1229 17.
658 1174 810 1230 Istud
842 1191 1061 1248 quoque
1096 1177 1432 1247 adjiciebat:
1477 1178 1663 1256 .Homo
1713 1183 1783 1238 ab
1821 1183 2044 1240 homine

461 1265 549 1321 vel
578 1267 648 1321 ob
679 1279 1081 1338 paupertatem,
1122 1271 1210 1323 vel
1243 1271 1314 1325 ob
1350 1287 1508 1327 usum
1544 1274 1918 1339 abundantiae,
1972 1275 2045 1332 fe-

463 1370 598 1410 nore
632 1357 932 1427 accipiens,
965 1366 1018 1412 et
1051 1358 1321 1426 reddens,
1357 1363 1562 1432 gratias
1593 1364 1812 1433 quidem
1853 1365 2038 1433 habet,

461 1464 651 1504 verum
684 1449 894 1518 pudore
923 1449 1152 1507 aﬂ'ectus
1188 1452 1369 1508 reddit
1406 1455 1569 1508 clam.
1607 1454 1875 1514 Dominus
1908 1474 2040 1516 vero

462 1538 606 1595 Deus
653 1555 685 1595 e
716 1543 1028 1608 contrario,
1094 1544 1235 1598 clam
1282 1555 1474 1601 mutuo
1507 1547 1804 1617 accipiens,
1853 1565 2038 1607 coram

457 1632 687 1702 angelis,
744 1633 1094 1705 archangelis
1155 1642 1211 1691 et
1255 1636 1422 1706 justis
1488 1638 1826 1710 hominibus,
1877 1645 2041 1700 retri-

459 1724 597 1780 buit.

951 1837 1032 1891 De
1053 1848 1237 1893 sancto
1268 1838 1537 1910 Ephrem.

527 1925 581 1979 1.
618 1925 731 1996 (2|)
772 1923 914 1981 Puer
938 1928 1117 1984 adhuc
1139 1937 1260 1985 erat
1295 1932 1467 1988 abbas
1492 1932 1766 2005 Ephrzem,
1790 1937 2038 2009 viditque

454 2020 730 2075 somnium
769 2036 867 2076 seu
898 2020 1192 2090 visionem,
1231 2026 1377 2094 quod
1410 2039 1532 2083 orta
1569 2030 1642 2085 sit
1678 2030 1810 2086 vitis
1839 2030 1895 2085 in
1931 2030 2038 2085 lin-

452 2127 559 2183 gua
594 2111 735 2182 ejus,
766 2113 1004 2169 maxime
1031 2113 1210 2183 ferax,
1248 2125 1303 2172 et
1342 2121 1581 2177 creverit
1617 2136 1681 2177 ac
1727 2122 2037 2193 impleverit

452 2207 719 2278 quidquid
755 2207 860 2262 sub
890 2208 1033 2263 coelo
1058 2216 1181 2279 est;
1231 2213 1491 2284 quodque
1529 2215 1853 2271 accederent
1891 2230 2032 2271 cun-

452 2307 554 2354 ctae
579 2299 832 2353 volucres
865 2300 1009 2365 coeli,
1045 2315 1109 2355 ac
1133 2303 1533 2359 manducarent
1556 2304 1623 2360 de
1655 2306 1780 2360 vitis
1810 2306 2030 2371 fructu;

392 2456 396 2459 γ
451 2398 506 2446 et
542 2399 809 2461 quantum
842 2391 1218 2461 comederent,
1246 2395 1459 2452 fructus
1478 2396 1625 2451 illius
1648 2396 1881 2467 amplior
1903 2411 2034 2452 eva-

455 2477 629 2534 deret.

519 2571 576 2626 2.
615 2571 728 2643 (22)
757 2572 880 2628 Alia
915 2575 1117 2630 iterum
1148 2575 1292 2641 vice,
1339 2583 1659 2632 sanctorum
1696 2577 1899 2649 aliquis
1928 2579 2033 2638 bac

449 2662 665 2720 visione
702 2664 939 2722 donatus
989 2677 1114 2736 est;
1148 2668 1286 2723 vidit
1345 2669 1654 2740 angelicum
1691 2655 1944 2728 ordinem
2001 2688 2034 2728 e

449 2759 592 2815 caelo
619 2758 776 2829 juxta
828 2759 1147 2815 mandatum
1190 2759 1285 2816 Dei
1328 2761 1686 2831 descendere,
1737 2765 2031 2822 habentem

450 2868 563 2923 prae
595 2853 849 2909 manibus
882 2855 1158 2918 volumen,
1200 2857 1303 2910 hoc
1329 2850 1427 2913 ‘est
1482 2865 1695 2914 tomum
1759 2861 2032 2932 scriptum

450 2949 599 3005 intus
622 2957 675 3005 et
704 2946 880 3016 foris;
914 2949 1284 3020 dicebantque
1313 2951 1381 3006 ad
1415 2951 1684 3009 invicem:
1721 2952 1825 3009 Cui
1864 2953 2032 3009 debe-

452 3058 573 3099 mus
614 3042 749 3097 illud
778 3042 1033 3098 tradere?
1069 3040 1302 3107 Quidam
1342 3052 1527 3099 autem
1559 3045 1816 3100 aiebant:
1850 3043 2029 3111 Huic;

2148 540 2352 609 ἔλεγεν,
2390 542 2472 595 ὅτι
2537 542 2674 596 Ἐὰν
2710 542 2797 612 μὴ
2845 544 3221 613 περισσεύσῃ
3274 541 3314 611 ἠ
3368 541 3725 615 δικαιοσύνη

2146 634 2346 705 ὑμῶν,
2379 635 2571 691 πλέον
2610 635 2729 690 τῶν
2771 637 3155 708 γραμματέων
3200 638 3299 692 καί
3354 638 3725 708 Φαρισαίων,

2146 730 2219 783 οὐ
2236 728 2324 798 μὴ
2350 731 2660 797 εἰσέλθητε
2684 733 2771 797 εἰς
2796 731 2912 800 τὴν
2934 732 3264 795 ,ϐασιλείαν
3290 729 3727 801 τῶν-οὐρανῶν.

2217 828 2315 887 ις’.
2354 822 2549 891 Ἔλεγε
2579 823 2637 876 δὲ
2666 825 2759 876 καὶ
2786 824 2973 889 τοῦτο,
3011 826 3092 878 ὅτι
3121 824 3301 892 ὀλίγον
3340 825 3484 878 πάνυ
3520 824 3619 887 τὰς
3645 825 3727 877 δι-

2145 913 2435 977 καιοσύνας
2469 915 2497 966 ὁ
2525 913 2658 976 Θεὸς
2687 916 2855 969 πωλεῖ
2884 919 2995 980 τοῖς
3017 915 3307 986 ἀγοράζειν
3342 914 3723 979 σπουδάζουσν

2148 1002 2345 1075 μικροῦ
2374 1004 2685 1075 κλάσματος
2725 1007 2915 1077 ἄρτου,
2947 1005 3196 1070 εὐτελοῦς
3232 1006 3449 1077 ἱματίου
3473 1046 3489 1071 ,
3513 1005 3725 1079 ψυχροῦ

2144 1096 2431 1168 ποτηρίου,
2462 1097 2580 1161 ἑνὸς
2604 1098 2811 1152 ὀϐολοῦ.
3507 1158 3517 1169 ,

2219 1186 2302 1252 ιζ’.
2340 1188 2661 1259 Προσετίθει
2693 1189 2749 1242 δὲ
2787 1189 2881 1243 καὶ
2912 1189 3108 1254 τοῦτο,
3150 1189 3231 1243 ὃτι
3273 1189 3402 1260 παρ’
3451 1186 3725 1259 ἀνθρώπῳ

2142 1278 2517 1351 δανειζόμενος
2556 1280 2841 1352 ἄνθρωπος
2867 1281 2955 1336 διὰ
2999 1282 3222 1349 πενίαν,
3261 1281 3293 1352 ἢ
3339 1280 3528 1352 χρείαν
3561 1280 3727 1334 abno-

2146 1374 2287 1441 ρίας,
2323 1373 2419 1426 καὶ
2449 1374 2730 1439 ἀποδιδοὺς
2750 1375 2980 1447 χάριτας
3013 1376 3112 1445 μὲν
3135 1374 3419 1445 ὁμολογεῖ,
3457 1372 3643 1446 κρύφα
3667 1372 3726 1425 δὲ

2142 1463 2464 1519 ἀποδίδωσιν
2494 1467 2901 1537 αἰσχυνόμενος.
2952 1468 3012 1520 '0
3062 1466 3118 1519 δὲ
3169 1465 3436 1536 δεσπότης
3483 1465 3616 1528 Θεὸς
3659 1464 3725 1517 τὸ

2141 1554 2438 1610 ἀνάπαλιν·
2463 1559 2646 1630 κρυφῆ
2675 1558 3052 1629 δανειζόμενος
3080 1558 3313 1612 ἐνώπιον
3341 1557 3594 1627 ἀγγέλων
3624 1556 3725 1610 καὶ

2142 1649 2496 1720 ἀργαγγέλων
2528 1651 2623 1704 καὶ
2655 1649 2877 1705 δικαίων
2912 1649 3258 1707 ἀποδίδωσιν.

2524 1844 2664 1913 Περί
2702 1844 2810 1900 τοῦ
2843 1844 3017 1915 ἁγίου
3057 1846 3329 1917 Ἐφραίμ.

2207 1963 2276 2013 α’.
2304 1957 2523 2012 Παιδίον
2549 1953 2618 2029 ἦν
2647 1960 2676 2013 ὁ
2703 1957 2878 2021 ἀϐὄᾶς
2917 1959 3158 2029 Ἐφραὶμ
3181 1959 3273 2013 καὶ
3296 1954 3435 2012 εἶδεν
3462 1956 3594 2030 ὄναρ
3618 1957 3717 2010 εἴτ’

2135 2043 2230 2105 οὖν
2253 2050 2541 2114 ὀπτασίαν,
2567 2050 2650 2103 ὅτι
2676 2049 2904 2121 ἀνῆλθεν
2930 2050 3173 2121 ἄμπελος
3198 2052 3258 2103 ἐν
3285 2052 3351 2121 τῇ
3382 2048 3602 2120 γλώσσῃ
3623 2049 3724 2102 αὖ·

2135 2138 2251 2205 τοῦ,
2284 2141 2377 2194 καὶ
2404 2141 2627 2211 ηὔξησε,
2660 2139 2753 2192 καὶ
2780 2139 3067 2211 ἐπλήρωσε
3092 2141 3271 2193 πᾶσαν
3304 2139 3404 2211 τὴν
3442 2140 3532 2192 ὑπ’
3560 2139 3725 2208 οὐρα.

2135 2231 2249 2299 νὸν,
2279 2230 2558 2304 εὖκαρπος
2592 2231 2732 2285 πάνυ
2752 2248 2768 2263 ·
2809 2233 2902 2285 καὶ
2935 2233 3166 2304 ἤρχοντο
3193 2232 3371 2285 πάντα
3401 2231 3470 2285 τὰ
3498 2230 3722 2285 πετεινὰ

2132 2323 2229 2378 τοῦ
2258 2323 2515 2396 οὐρανοῦ,
2540 2324 2635 2377 καὶ
2658 2323 2843 2395 ἤσθιον
2866 2325 2932 2377 ὲκ
2960 2324 3056 2376 τοῦ
3078 2323 3293 2395 καρποῦ
3320 2322 3422 2393 τῆς
3444 2322 3719 2393 ἀμπέλου·

2133 2418 2231 2472 καὶ
2258 2416 2396 2489 πρὸς
2424 2416 2453 2469 ὃ
2490 2415 2697 2488 ἢσθιον,
2731 2413 3055 2480 ἑπλεόναζεν
3083 2417 3113 2470 ὀ
3137 2414 3350 2487 καρπὸς
3389 2413 3583 2484 αὐτῆς.

2205 2596 2273 2669 β’.
2309 2596 2532 2651 Ἀλλοτε
2572 2595 2733 2650 πάλιν
2766 2593 2873 2650 εἶδέ
2899 2613 2983 2660 τις
3011 2594 3119 2649 τῶν
3146 2595 3319 2664 ἁγίων
3353 2595 3413 2647 ὲν
3454 2592 3720 2665 ὁράματι,

2133 2687 2381 2758 ἀγγέλων
2417 2688 2604 2759 τάγμα
2633 2689 2697 2742 ἐκ
2723 2688 2818 2742 τοῦ
2861 2686 3094 2758 οὐρανοῦ
3135 2686 3535 2757 κατερχόμενον
3575 2682 3722 2737 κατὰ

2134 2779 2429 2851 πρόσταξιν
2454 2781 2589 2835 Θεοῦ
2609 2821 2624 2846 ,
2666 2780 2788 2852 ἔχον
2815 2782 2908 2833 ἐπὶ
2936 2783 3124 2851 χεῖρας
3154 2777 3436 2846 κεφαλίδα,
3467 2776 3722 2830 τουτέστι

2133 2873 2299 2943 τόμον
2326 2874 2716 2945 γεγραμμένον
2750 2872 2952 2926 ἔσωθεν
2984 2873 3080 2926 καὶ
3122 2870 3354 2937 ἔξωθεν·
3399 2869 3493 2922 καὶ
3534 2867 3718 2935 ἔλεγον

2134 2963 2273 3033 πρὸς
2298 2963 2559 3033 ἀλλήλους
2576 2979 2591 2995 ο
2624 2964 2720 3026 Τίς
2739 2963 2945 3032 ὀφείλει
2963 2963 3121 3017 τοῦτο
3146 2959 3579 3032 ἐγχειρισθῆναι;
3609 2958 3720 3011 Καὶ

2131 3054 2182 3106 οί
2221 3054 2320 3124 μὲν
2353 3052 2562 3121 ἔλεγον,
2593 3051 2786 3105 Ὃσδε·
2811 3054 2860 3104 οί
2889 3052 2946 3103 δὲ
2986 3052 3172 3119 ἔλεγον
3213 3050 3418 3121 ἕτερον.
3463 3048 3722 3119 Ἀπεκρί-

448 3133 540 3186 alii
574 3148 702 3188 vero
753 3132 919 3186 alium
950 3131 1330 3186 nominabant.
1366 3130 1793 3203 Responderunt
1845 3143 2028 3188 autem

2145 3143 2307 3214 θησαν
2339 3143 2397 3196 δὲ
2428 3143 2524 3197 καὶ
2554 3139 2737 3196 εἴπονο
2780 3141 3023 3212 Ἀληθῶς
3051 3142 3196 3210 ἅγιοι
3227 3143 3332 3195 είσι
3369 3140 3462 3195 καὶ
3484 3139 3679 3195 δίκαιοι
3700 3153 3720 3169 ⁶

446 3231 501 3278 et
527 3222 786 3278 dixerunt
817 3243 830 3278 :
861 3220 1005 3275 Vere
1050 3222 1229 3275 sancti
1255 3230 1385 3276 sunt
1440 3237 1506 3277 ac
1542 3222 1718 3290 justi;
1752 3235 2031 3279 verumta-

447 3329 571 3368 men
613 3313 798 3366 nullus
831 3311 933 3366 hoc
963 3310 1217 3379 accipere
1251 3319 1457 3381 potest,
1517 3321 1717 3383 praeter
1753 3313 2030 3387 prrmm.

444 3397 586 3454 Tum
620 3399 758 3455 vidit
788 3416 956 3456 senex
1002 3400 1149 3471 quod
1203 3400 1455 3471 Epliraem
1499 3404 1824 3463 tradiderint
1873 3407 2030 3462 volu-

444 3509 594 3549 men.
628 3492 787 3548 Mane
818 3502 998 3550 autem
1036 3511 1290 3567 surgens,
1335 3495 1544 3552 audivit
1590 3512 1716 3552 eum
1749 3513 2031 3555 commcn-

446 3594 675 3649 tantem,
700 3594 755 3641 et
784 3586 933 3640 velut
963 3586 1086 3643 fons
1121 3587 1383 3642 manabat
1429 3603 1496 3643 ex
1541 3603 1639 3645 ore
1675 3590 1890 3663 ipsius;
1936 3606 2032 3647 co-

446 3677 745 3748 gnovitqne
765 3692 889 3733 esse
916 3693 981 3733 ex
1004 3676 1217 3750 Spiritu
1241 3687 1433 3735 sancto
1457 3696 1579 3752 qum
1603 3682 2030 3753 egrediebantur

444 3787 476 3827 ο
505 3771 674 3827 labris
710 3769 984 3840 Epitra'm.

514 3866 568 3920 '5.
611 3864 724 3937 (23)
751 3863 899 3920 Alias
932 3866 1155 3933 iterum,
1176 3865 1462 3937 prraamo
1491 3874 1884 3939 praetereunte,
1920 3868 2029 3922 im-

444 3959 614 4015 missa
636 3959 894 4015 meretrix
918 3960 1087 4021 venit.
1106 3969 1166 4016 ut
1190 3960 1470 4017 blanditiis
1489 3978 1612 4017 eum
1637 3961 1934 4018 attralteret
1957 3961 2028 4017 ad

443 4058 656 4123 turpem
691 4051 1071 4117 concubitum,
1122 4058 1217 4108 aut
1250 4053 1444 4109 saltem
1482 4053 1550 4109 ad
1586 4053 1724 4109 iram
1761 4067 2028 4124 provoca-

444 4153 558 4210 ret;
600 4158 764 4198 nemo
797 4144 944 4199 enim
1009 4160 1253 4216 unquam
1298 4144 1436 4200 vidit
1483 4144 1633 4199 illum
1674 4145 2021 4200 irascentem.

445 4233 514 4287 Et
539 4233 614 4287 ait
647 4233 715 4287 ad
751 4235 901 4289 illam
928 4253 944 4289 :
978 4235 1221 4307 Sequere
1249 4252 1356 4291 me.
1387 4235 1633 4307 Cumque
1695 4235 2025 4292 accessisset

444 4325 512 4379 ad
543 4323 726 4377 locum
761 4324 1076 4382 hominibus
1099 4326 1384 4392 refertum,
1408 4328 1549 4382 dixit
1572 4327 1788 4383 mulieri
1815 4344 1830 4382 :
1858 4324 2020 4393 Veni,

444 4416 502 4472 in
538 4415 642 4470 hoc
673 4414 818 4480 loco,
848 4416 1307 4486 quemadmodum
1347 4419 1526 4488 cupis.
1574 4417 1645 4473 At
1694 4419 1789 4473 illa
1843 4417 2021 4473 homi-

2133 3236 2275 3307 πλὴν
2307 3236 2353 3268 ⁸⁸
2392 3235 2550 3289 τοῦτο
2591 3234 2769 3299 οὐδεὶς
2818 3233 3042 3287 δύναται
3073 3231 3503 3305 ἐγχειρισθῆναι,
3549 3234 3600 3286 εί
3642 3231 3719 3303 μὴ

2145 3325 2407 3397 Ἐφραίμ.
2441 3326 2551 3379 Καὶ
2570 3326 2671 3398 ὀρᾷ
2695 3326 2724 3378 ὀ
2750 3324 2928 3396 γέρων
2954 3325 3034 3378 ὅτι
3054 3323 3132 3395 τῷ
3167 3324 3408 3396 Ἐφραὶμ
3435 3323 3718 3384 ἐπέδωκαν

2129 3419 2228 3489 τὴν
2250 3417 2533 3487 κεφαλίδα’
2553 3418 2649 3471 καὶ
2664 3416 2899 3481 ἀναστὰς
2924 3415 3091 3488 πρωῒ,
3113 3417 3312 3487 ἤκουσε
3343 3414 3437 3469 τοῦ
3476 3416 3718 3485 Ἐφραὶμ

2131 3508 2319 3581 ὥσπερ
2349 3509 2534 3581 πηγὴν
2580 3508 2849 3580 βρύουσαν
2882 3511 2947 3562 ὲκ
2976 3507 3071 3562 τοῦ
3113 3507 3378 3579 στόματος
3415 3505 3580 3562 αὐτοῦ
3618 3505 3718 3559 καὶ

2131 3600 2543 3663 συντάσσοντος,
2568 3599 2663 3653 καὶ
2694 3598 2837 3667 ἔγνω
2863 3598 2947 3652 ὅτι
2978 3600 3043 3652 ὲκ
3065 3597 3386 3669 Πνεύματος
3416 3598 3573 3666 ἁγίου
3596 3596 3717 3649 ἐστὶ

2128 3691 2202 3746 τὰ
2224 3692 2633 3763 ἐκπορευόμενα
2669 3689 2758 3744 διὰ
2785 3690 3009 3761 χειλέων
3054 3689 3321 3760 Ἐφφαίμ.

2199 3877 2269 3940 γ’.
2311 3868 2535 3923 Ἀλλοτε
2566 3869 2729 3923 πάλιν
2762 3867 3051 3939 παριόντος
3078 3868 3171 3921 τοῦ
3211 3866 3474 3937 Ἐφραὶμ,
3499 3865 3558 3933 ἐξ
3582 3866 3715 3919 ὑπο-

2129 3961 2292 4031 ϐολῆς
2324 3976 2470 4024 τινος
2495 3958 2713 4031 ἔρχεται
2744 3959 2842 4031 μία
2869 3959 3076 4030 ὲταιρὶς
3103 3958 3418 4012 κολακεύειν
3441 3958 3603 4012 αὐτὸν
3633 3960 3715 4021 εἰς

2127 4050 2360 4124 αἰσχρὰν
2392 4050 2561 4122 μίξιν,
2588 4052 2636 4104 εί
2671 4051 2729 4104 δὲ
2764 4050 2860 4122 μὴ,
2896 4050 2998 4105 κᾶν
3030 4051 3110 4113 είς
3144 4050 3518 4121 ἀγανάκτησιν
3553 4050 3712 4119 κινῆ-

2126 4163 2217 4199 σαι
2238 4143 2419 4207 αὐτὸν,
2438 4143 2519 4196 ὅτι
2542 4142 2796 4196 οὐδέποτέ
2818 4160 2904 4207 τις
2919 4139 3058 4196 εἶδεν
3077 4143 3238 4196 αὑτὸν
3265 4142 3620 4215 ὀργιζόμενον
3639 4143 3707 4199 ⁸⁸.

2124 4236 2237 4291 Καὶ
2269 4232 2418 4303 λέγέι
2461 4234 2598 4306 πρὸς
2634 4235 2839 4306 αὑτήνσ
2896 4233 3201 4288 Ἀκολούθει
3245 4250 3369 4306 μοι’
3403 4235 3708 4302 πλησιάσας

2122 4327 2180 4381 δὲ
2211 4327 2361 4395 τόπῳ
2399 4324 2869 4397 πολυοχλουμένῳ,
2905 4320 3059 4379 εἶπεν
3103 4326 3241 4396 αὐτῇ
3263 4342 3277 4356 ·
3330 4326 3420 4379 Ἐν
3449 4326 3527 4396 τῷ
3557 4328 3707 4398 τόπῳ

2122 4414 2297 4485 τούτῳ
2320 4413 2481 4487 δεῦρο
2515 4412 2699 4478 καθὼς
2724 4415 3016 4487 ἠθέλησας.
3060 4413 3274 4486 Ἐκείνη
3307 4416 3363 4470 δὲ
3396 4416 3703 4489 θεασαμένη

444 4521 577 4562 num
601 4506 1010 4561 multitudinem
1043 4507 1242 4562 intuita
1273 4508 1387 4565 ait:
1450 4507 1573 4575 Quo
1619 4508 1783 4569 modo
1813 4508 2021 4580 poteri-

2145 4506 2216 4561 τὸν
2244 4506 2422 4577 ὄχλον,
2442 4506 2595 4576 λέγει
2622 4506 2800 4578 αὐτῷ’
2831 4506 2956 4571 Πῶς
2985 4506 3263 4578 δυνάμεθα
3283 4508 3441 4563 τοῦτο
3463 4510 3703 4581 ποιῆσαι,

442 4614 569 4654 mus
592 4599 648 4654 id
707 4608 1047 4668 perpetrare,
1110 4614 1175 4654 ac
1221 4601 1342 4656 sine
1403 4600 1752 4667 verecundia,
1808 4608 2024 4655 astante

443 4695 599 4743 tanta
642 4688 837 4743 turba?
867 4685 1024 4742 Tunc
1080 4685 1332 4759 Ephraem
1392 4688 1463 4744 ad
1512 4687 1811 4744 feminam:
1845 4687 1904 4745 Si
1945 4689 2017 4745 ob

443 4779 700 4838 homines
732 4781 1136 4847 erubescimus,
1169 4781 1340 4837 multo
1370 4782 1544 4853 magis
1576 4782 1648 4837 ob
1696 4780 1870 4836 Deum
1926 4781 2022 4837 de-

442 4873 638 4930 bemus
666 4872 1018 4938 erubescere,
1056 4872 1153 4944 qui
1181 4871 1544 4944 deprehendet
1574 4874 1902 4931 abscondita
1934 4884 2019 4931 te-

443 4964 741 5020 nebrarum
761 4963 828 5018 “.
859 4962 1016 5020 Unde
1052 4963 1165 5033 illa,
1206 4964 1419 5036 pudore
1450 4963 1694 5034 suffusa,
1727 4979 1787 5021 re
1813 4964 2018 5021 iniecta

446 5055 725 5114 discessit.
1880 5078 1885 5085 ί

746 5148 827 5205 De
859 5147 1179 5206 Eucharisla
1203 5149 1409 5206 homine
1445 5148 1713 5205 sa’culari.

513 5236 627 5310 (2L)
665 5235 784 5296 Duo
814 5254 846 5295 e
869 5238 1127 5295 Patribus
1152 5245 1449 5295 oraverunt
1480 5236 1673 5303 Deum,
1706 5243 1763 5291 ut
1796 5236 2014 5308 plenam

2124 4598 2379 4654 τοσούτου
2408 4598 2568 4670 ὄχλου
2595 4598 2847 4661 ἑστῶτος,
2873 4599 2966 4651 καὶ
2995 4598 3096 4652 οὐκ
3123 4598 3517 4669 αίσχυνόμεθα;
3557 4600 3617 4655 '0
3648 4602 3708 4655 δὲ

2124 4689 2273 4759 λέγει
2336 4689 2474 4763 πρὸς
2536 4690 2737 4759 αὐτήν
2802 4690 2865 4743 Ei
2922 4686 3248 4761 ἀνθρώπους
3306 4690 3702 4764 αἰσχυνόμεθα,

2124 4780 2305 4853 πολλῷ
2346 4780 2547 4853 μᾶλλον
2586 4779 2700 4852 (25)
2727 4778 3015 4851 ὀφείλομεν
3048 4779 3398 4851 αἰσχύνεσθαι
3430 4782 3520 4836 τὸν
3547 4782 3703 4847 Θεὸν,

2122 4872 2214 4928 τὸν
2247 4873 2316 4927 τὰ
2341 4864 2561 4946 κρυπτὰ
2591 4870 2687 4926 τοῦ
2724 4871 2952 4937 σκότους
2978 4871 3291 4944 ἐλέγχοντα.
3338 4873 3484 4928 Ἡδὲ
3516 4878 3706 4945 ὲθτρα-

2125 4967 2288 5018 πεὶσα
2322 4964 2563 5035 ἀπῆλθεν
2589 4962 2889 5034 ἄπρακτος.

2475 5146 2616 5216 Περὶ
2633 5139 3012 5218 Εὐχαρίστου
3034 5151 3348 5220 κοσμικοῦ.

2195 5235 2300 5290 Δύο
2344 5235 2454 5293 τῶν
2497 5238 2761 5312 Πατέρων
2817 5240 3198 5312 παρεκάλεσαν
3246 5242 3339 5295 τὸν
3391 5241 3557 5309 Θεὸν,
3614 5242 3699 5298 ἵνα

511 5394 558 5471 ξ’
580 5390 773 5471 Matth.
809 5407 865 5459 v,
896 5396 987 5471 2t).
1064 5397 1109 5428 ⁸³
1133 5393 1154 5448 i
1182 5394 1309 5471 C_or.
1336 5395 1489 5471 IV,_5.
1566 5393 1730 5471 ‘f_A_l_.
1756 5392 1926 5471 inser.
1953 5391 2013 5471 οὐ

2145 5408 2309 5471 [ανται
2340 5394 2496 5450 τοῦτο
2523 5395 2956 5468 ἐγχειρισθῆναι.
2997 5395 3178 5451 Πολλὰ
3203 5396 3259 5450 δὲ
3290 5396 3428 5452 ἄλλα
3456 5398 3699 5471 ὀνόματα

440 5463 610 5533 αγίων
639 5462 904 5526 εἰπόντες,
935 5464 1160 5538 ὕστερον
1183 5463 1357 5533 εἷπον,
1405 5467 1510 5521 ὅτι.
1588 5464 1634 5499 ⁸⁸
1659 5464 1749 5521 Al.
1783 5464 1912 5521 add.
1950 5463 1984 5534 ἢ
2016 5463 2348 5536 μαχόμενον.

492 5642 623 5708 (2i)
667 5642 771 5698 Vit.
814 5641 959 5697 Patr.
994 5661 1145 5705 xvm,
1176 5646 1229 5700 Β.

530 5714 621 5783 2‘2)
658 5713 763 5767 Vit.
800 5712 953 5768 Patr.
986 5729 1140 5770 xvm,
1168 5715 1223 5768 6.

530 5716 621 5783 2‘2)
658 5716 763 5767 Vit.
800 5716 953 5768 Patr.
986 5729 1140 5770 xvm,

508 5716 622 5858 ἔξω
665 5783 768 5838 Vir.
794 5783 946 5838 Patr.
980 5799 1034 5847 χ,
1074 5783 1164 5836 2|.

2214 5642 2305 5713 at)
2345 5641 2449 5700 νει.
2481 5643 2637 5713 Patr.
2677 5619 2758 5711 ..'.,
2793 5647 2847 5701 5.

2211 5711 2301 5784 '25)
2347 5711 2568 5789 [Ιολλῷ
2616 5715 2877 5786 μᾶλλον.
2922 5715 3209 5789 Pelagius,
3256 5722 3452 5786 quanto
3503 5720 3697 5788 magis,

2118 5784 2270 5857 πόσῳ
2294 5784 2509 5856 μᾶλλον.
