4012 6208
253 268 354 331 169

1440 260 2057 324 APOPHTHEGMATA
2094 261 2402 318 PATRUM.

3438 262 3540 326 170

256 385 655 463 πληροφορήσῃ
676 385 897 450 αὐτοὺς,
921 384 1003 448 είς
1032 386 1183 438 ποῖον
1213 384 1456 454 ἔφθασαν
1489 384 1707 456 μέτρον.
1738 380 1850 434 Kal

1966 377 2067 437 illis
2103 381 2260 437 tidem
2300 380 2501 438 faceret
2533 380 2599 438 de
2625 397 2884 439 mensura
2918 383 2987 439 ad
3035 399 3201 455 quam
3249 387 3536 454 pervenis-

257 476 418 553 ἦλθεν
459 480 651 542 αὐτοῖς
689 478 844 549 φωνὴ
886 476 1124 545 λέγουσα
1144 494 1157 507 ·
1196 479 1289 540 El;
1318 477 1475 548 τήνδε
1515 477 1614 549 τὴν
1657 475 1852 547 κώμην

260 574 353 643 τῆς
386 570 673 640 Αἰγύπτου
698 570 816 623 ἐστί
842 585 925 632 τις
952 569 1218 640 κοσμικὸς
1242 569 1580 642 Εὐχάριστος
1600 567 1850 639 ὀνόματι,

260 664 351 718 καὶ
388 665 422 734 ἠ
478 663 620 733 γυνὴ
666 660 834 716 αὐτοῦ
880 660 1129 716 καλεῖται
1180 660 1404 731 Μαρία’
1458 659 1611 714 οὖπω
1660 659 1854 732 ἤλθετε

264 756 415 827 ὑμεῖς
447 756 531 818 εἰς
561 754 631 808 τὰ
660 754 837 825 μέτρα
867 753 912 785 ⁸⁸
940 752 1144 807 αὐτῶν.
1180 752 1291 805 Kal
1318 751 1654 816 ἀναστάντες
1682 753 1732 806 οἱ
1763 751 1856 806 δύο

264 847 515 919 γέροντες
535 887 553 913 ,
593 842 761 918 ἦλθον
796 847 879 910 είς
908 845 1011 917 τὴν
1057 842 1282 916 κώμην·
1313 846 1407 899 xal
1439 845 1851 916 ἐρωτήσαντες,

263 929 416 1007 εὗρον
445 937 508 989 τὸ
535 935 751 990 κελλίον
785 935 955 990 αὐτοῦ
982 936 1077 989 καὶ
1103 936 1202 1005 τὴν
1238 938 1476 1005 γυναῖκα
1514 936 1681 991 αὐτοῦ
1708 952 1721 966 ⁸
1761 937 1857 990 καὶ

262 1028 508 1095 λέγουσιν
544 1029 686 1099 αὐτῇ
708 1044 721 1059 ο
750 1027 863 1082 Ποῦ
912 1027 1029 1082 ἐστι
1068 1029 1098 1081 ὀ
1134 1028 1276 1100 ἀνήρ
1303 1045 1430 1095 σου;
1471 1030 1537 1082 Ἠ
1576 1028 1633 1083 δὲ
1668 1025 1854 1082 εἶπεν·

262 1119 469 1188 Ποιμήν
492 1119 631 1177 ἐστι,
662 1119 758 1171 καὶ
790 1116 977 1188 βόσκει
1013 1116 1081 1170 τὰ
1120 1117 1391 1188 πρόϐατα.
1424 1118 1534 1171 Kal
1563 1120 1857 1190 εἰσήγαγεν

263 1210 462 1272 αὐτοὺς
492 1211 574 1273 εἰς
600 1210 665 1263 τὸ
693 1208 905 1263 κελλίον
934 1207 1101 1262 αὐτοῦ
1127 1209 1192 1261 ⁸⁷.
1241 1209 1327 1273 Ὠς
1359 1209 1416 1261 δὲ
1455 1209 1583 1280 ὀψία
1616 1211 1855 1279 ἐγένετο,

261 1295 423 1370 ἦλθεν
462 1302 493 1353 ὁ
522 1299 861 1372 Εὐχάριστος
901 1300 1042 1371 μετὰ
1069 1292 1180 1352 τῶν
1224 1298 1513 1371 προϐάτων
1536 1316 1548 1331 ·
1598 1301 1691 1355 καὶ
1733 1301 1859 1356 ἰδὼν

264 1394 392 1456 τοὺς
447 1392 745 1464 γέροντας,
800 1392 1102 1463 ἡτοίμασεν
1154 1392 1339 1455 αὐτοῖς
1392 1392 1705 1464 τράπεζαν,
1763 1394 1859 1446 καὶ

268 1485 498 1555 ἧνεγκεν
522 1481 669 1553 ὕδωρ
696 1481 852 1552 νίψαι
880 1484 1007 1545 τοὺς
1032 1482 1200 1547 πόδας
1228 1481 1431 1537 αὐτῶν.
1464 1482 1578 1536 Καὶ
1610 1482 1858 1551 λέγουσιν

270 1573 424 1643 αὐτῷ
455 1575 503 1626 οἱ
529 1573 816 1644 γέροντες·
855 1572 932 1626 Οὐ
975 1571 1050 1644 μὴ
1078 1572 1406 1644 γευσώμεθά
1442 1591 1606 1638 τινος,
1643 1572 1740 1626 ἐὰν
1781 1574 1857 1647 μὴ

270 1664 602 1738 ἁναγγείλῃς
623 1666 755 1736 ἡμῖν
776 1664 878 1736 τὴν
909 1664 1173 1737 ἐργασίαν
1208 1682 1321 1718 σου.
1362 1665 1420 1717 ὐ
1440 1664 1497 1718 δέ
1523 1665 1859 1736 Εὐχάριστος

1959 476 2103 524 sent.
2140 467 2279 523 Tum
2310 469 2597 525 descendit
2625 469 2693 524 ad
2723 486 2818 527 eos
2849 472 3121 543 ejusmodi
3158 490 3259 529 vox
3289 492 3303 530 :
3356 473 3457 531 Illo
3488 477 3545 531 in

1958 575 2098 631 pago
2127 554 2368 634 Egypti,
2408 563 2494 617 vir
2521 570 2606 619 est
2668 564 2952 620 saecularis
3007 568 3232 623 nomine
3267 567 3540 625 Euchari-

1960 661 2100 717 stus,
2137 654 2299 724 cujus
2335 671 2473 710 uxor
2496 664 2724 710 vocatur
2766 654 2973 710 Maria:
3007 659 3247 712 nondum
3282 658 3543 728 attigistis

1960 759 2060 800 vos
2097 760 2417 802 mensuram
2470 748 2693 804 virtutis
2730 764 2944 803 eorum.
3010 732 3309 820 Surgentes
3357 749 3549 820 itaque

1963 830 2127 893 ambo
2158 853 2340 901 senes,
2398 848 2632 910 pergunt
2689 839 2755 894 ad
2794 851 2991 911 pagum
3022 881 3037 905 ,
3107 846 3161 895 et
3197 841 3541 909 percontati,

1960 928 2290 985 invenerunt
2343 930 2580 985 hominis
2616 931 2810 986 cellam
2871 939 3038 1002 atque
3098 930 3346 1001 ejusdem
3397 948 3543 987 uxo-

1960 1036 2096 1076 rem.
2144 1019 2348 1075 Dicunt
2383 1021 2646 1077 mulieri:
2690 1020 2792 1077 Ubi
2830 1029 2915 1078 est
2973 1022 3060 1077 vir
3098 1023 3272 1078 tuus?
3321 1020 3415 1077 Illa
3454 1038 3544 1079 re-

1962 1112 2183 1180 spondit
2211 1132 2223 1165 :
2260 1111 2457 1168 Pastor
2490 1123 2596 1178 est,
2625 1115 2805 1184 pascit
2838 1128 2989 1171 oves.
3022 1115 3087 1170 Et
3117 1114 3424 1171 introduxit
3451 1128 3545 1172 eos

1962 1203 2015 1256 in
2053 1203 2268 1257 cellam.
2299 1203 2369 1259 Ut
2400 1214 2582 1260 autem
2634 1204 3039 1275 advesperavit,
3095 1206 3264 1263 rediit
3316 1203 3543 1262 Eucha-

1963 1293 2138 1349 ristus
2172 1311 2297 1350 cum
2327 1295 2564 1363 ovibus;
2599 1311 2664 1351 ac
2710 1297 2904 1353 videns
2937 1313 3117 1366 senes,
3170 1309 3415 1354 mensam
3451 1308 3546 1369 a‘p-

1962 1385 2194 1453 paravit,
2249 1386 2544 1456 attulitque
2585 1400 2785 1457 aquam
2823 1384 3113 1444 abluendis
3147 1402 3339 1443 eorum
3394 1387 3548 1458 pedi-

1962 1474 2091 1529 bus.
2157 1474 2357 1531 Dicunt
2406 1476 2456 1532 ei
2521 1492 2725 1533 senes:
2768 1472 2888 1533 Non
2923 1479 3338 1550 degustabimus
3383 1477 3548 1549 quid-

1961 1582 2154 1638 quam,
2186 1570 2292 1625 nisi
2333 1570 2492 1626 nobis
2535 1564 2907 1627 deelaraveris
2960 1571 3223 1641 quidnam
3279 1572 3352 1628 sit
3399 1564 3547 1642 quod

1964 1661 2240 1730 operaris.
2304 1661 2670 1720 Eucharistus
2706 1678 2836 1719 vero
2889 1679 3013 1718 cum
3065 1663 3370 1718 humilitate
3423 1663 3547 1719 ait:

274 1756 409 1824 μετὰ
433 1737 944 1828 ταπεινοφροσύνης
967 1751 1122 1811 εἶπεν
1144 1774 1158 1788 θ
1197 1755 1337 1826 Ἐγὼ
1360 1758 1566 1829 ποιμήν
1596 1759 1735 1828 εἰμι,
1764 1758 1859 1811 καὶ

1966 1752 2077 1823 Ego
2107 1761 2293 1822 pastor
2320 1769 2466 1818 sum,
2499 1763 2553 1810 et
2584 1755 2699 1809 haec
2733 1764 2817 1810 cst
2866 1770 3007 1811 uxor
3064 1770 3204 1811 mea.
3259 1754 3330 1809 At
3381 1765 3546 1812 senes

268 1846 407 1917 αὕτη
447 1847 601 1900 ἐστὶν
636 1848 673 1917 ἡ
714 1847 849 1918 γυνὴ
885 1864 1006 1917 μου.
1061 1845 1129 1900 Ol
1165 1847 1222 1900 δὲ
1268 1847 1523 1919 γέροντες
1563 1848 1859 1919 ἐπέμειναν

269 1936 727 2007 παρακαλοῦντες
758 1936 936 2001 αὑτὸν,
970 1937 1065 1991 καὶ
1104 1938 1205 1991 οὐκ
1242 1938 1475 2008 ἠθέλησε
1509 1941 1705 1992 εἰπεῖν.
1748 1941 1859 1993 Kal

269 2024 431 2082 εἷπον
474 2028 624 2100 αὐτῷ
645 2046 660 2060 θ
707 2029 762 2082 Ὀ
793 2028 921 2094 Θεὸς
943 2029 1190 2101 ἐπεμψεν
1217 2032 1364 2102 ἡμᾶς
1399 2030 1535 2101 πρὸς
1561 2028 1640 2085 σέ.
1681 2032 1769 2096 Ὠς
1802 2032 1860 2086 δὲ

273 2121 478 2191 ⁴ἤκουσε
503 2121 595 2173 τὸν
623 2120 777 2188 λόγον
796 2119 1008 2183 τοῦτον,
1041 2119 1306 2193 ἐφοϐήθη,
1343 2120 1436 2175 καὶ
1464 2114 1617 2175 εἶπεν
1650 2122 1858 2188 αὐτοῖς’

286 2211 419 2264 Ἰδοὺ
466 2210 535 2263 τὰ
579 2210 827 2280 πρόϐατα
875 2211 1050 2265 ταῦτα
1091 2210 1290 2282 ἔχομεν
1336 2212 1444 2265 ἀπὸ
1495 2211 1605 2265 τῶν
1656 2212 1860 2280 γονέων

270 2301 428 2371 ήμῶν
445 2318 457 2330 ·
492 2302 585 2354 καὶ
612 2302 736 2354 εἴτι
771 2298 814 2354 δ’
843 2301 908 2355 ἂν
929 2301 1172 2375 εὐοδώσῃ
1194 2306 1222 2356 ὁ
1244 2301 1448 2374 Κύριος
1470 2303 1769 2359 εἰσοδιάσαι
1801 2304 1862 2371 ἐξ

273 2391 468 2452 αὐτῶν,
505 2389 769 2460 ποιοῦμεν
791 2392 871 2455 είς
901 2392 1026 2464 τρία
1071 2394 1214 2465 μέρη
1240 2409 1254 2424 ο
1289 2394 1454 2466 μέρος
1480 2394 1539 2448 ἓν
1570 2398 1683 2459 τοῖς
1708 2413 1859 2449 πτω-

274 2483 401 2551 χοῖς,
442 2481 539 2534 καὶ
567 2480 733 2553 μέρος
763 2481 820 2533 ἓν
847 2483 926 2546 είς
955 2482 1053 2554 τὴν
1088 2483 1415 2552 φιλοξενίαν,
1456 2485 1554 2539 καὶ
1590 2485 1653 2538 τὸ
1679 2485 1860 2558 τρίτον

275 2575 440 2644 μέρος
475 2572 557 2635 είς
589 2571 690 2643 τὴν
722 2572 910 2644 χρείαν
953 2575 1134 2646 ἡμῶν.
1182 2576 1298 2646 Ἀφ’
1332 2570 1393 2631 οὗ
1429 2576 1486 2630 δὲ
1530 2576 1723 2632 ἔλαϐον
1762 2577 1863 2652 τὴν

276 2661 510 2728 γυναῖκά
566 2679 704 2731 μου,
744 2663 848 2717 οὐκ
888 2664 1155 2737 ἐμιάνθην
1197 2664 1323 2720 οὔτε
1369 2666 1481 2735 ἐγὼ
1523 2667 1650 2722 οὗτε
1688 2669 1860 2742 αὐτὴ,

274 2750 410 2803 ἀλλὰ
441 2752 710 2821 παρθένος
740 2752 888 2805 ἐστί·
926 2752 1021 2807 καὶ
1049 2753 1277 2819 ἕκαστος
1318 2756 1477 2827 ἡμῶν
1513 2756 1634 2811 καθ’
1671 2758 1864 2814 ἑαυτὸν

275 2843 557 2898 καθεύδει·
595 2844 696 2915 τὴν
721 2843 780 2898 δὲ
817 2844 987 2899 νύκτα
1026 2846 1300 2920 φοροῦμεν
1331 2849 1590 2915 σάκκους,
1637 2849 1733 2903 καὶ
1763 2849 1864 2922 τὴν

275 2936 489 3009 ἡμέραν
511 2935 581 2989 τὰ
609 2936 803 3007 ἱμάτια
844 2939 1021 3009 ἡμῶν.
1060 2940 1205 3004 Ἕως
1242 2940 1367 3012 ἄρτι
1443 2939 1746 3014 ἀνθρώπων
1781 2943 1867 2996 ού-

274 3028 386 3092 65).;
418 3028 591 3082 ταῦτα
614 3029 874 3097 ἔγνωκεν.
904 3029 1012 3084 Kal
1039 3032 1372 3098 ἀκούσαντες
1391 3032 1731 3106 ἐθαύμασαν,
1766 3034 1863 3089 καὶ

278 3117 630 3189 ἀνεχώρησαν
657 3118 971 3184 δοξάζοντες
996 3119 1087 3174 τὸν
1111 3121 1266 3177 Θεύν.

521 3231 661 3300 Περὲ
689 3233 988 3303 Εὐλογιου
1018 3234 1126 3289 τοῦ
1159 3228 1590 3305 πρεσϐυτέρου.

349 3340 610 3411 Εὺλόγιός
659 3360 749 3407 τις
798 3342 1048 3415 μαθητὴς
1094 3342 1388 3414 γενόμενος
1435 3342 1530 3398 τοῦ
1591 3345 1863 3418 μακαρίου

288 3432 538 3487 Ἰωάννου
588 3433 685 3487 τοῦ
743 3434 1046 3489 ἐπισκόπου
1077 3435 1143 3499 ⁸⁸,
1177 3435 1546 3508 πρεσϐύτερος
1573 3440 1668 3491 καὶ
1689 3439 1866 3508 ἀσκη-

276 3524 373 3597 τὴς
431 3525 625 3595 μέγας,
679 3525 959 3598 νηστεύων
1006 3526 1102 3580 δύο
1143 3527 1273 3596 δύο,
1337 3528 1603 3594 πολλάκις
1660 3529 1720 3583 δὲ
1769 3529 1866 3584 καὶ

274 3616 374 3685 τὴν
424 3616 697 3687 ἑϐδομάδα
763 3618 972 3684 ἕλκων,
1044 3618 1211 3689 ἄρτον
1290 3619 1454 3690 μόνον
1518 3619 1717 3674 ἐσθίων
1770 3620 1867 3675 καὶ

276 3707 434 3771 ἃλας,
476 3709 762 3775 ἐδοξάζετο
813 3708 919 3762 ὑπὸ
967 3709 1078 3763 τῶν
1123 3709 1447 3781 ἀνθρώπων.
1485 3711 1767 3784 Παρέϐαλε
1806 3711 1865 3764 δὲ

273 3797 352 3868 τῷ
400 3799 546 3869 ἀϐὄᾷ
596 3799 798 3870 Ἰωσὴφ
849 3802 930 3865 εἰς
984 3800 1087 3872 τὴν
1134 3801 1404 3870 Πανεφὼ,
1455 3802 1771 3874 προσδοκῶν
1813 3821 1865 3857 τι

277 3890 439 3944 πλέον
468 3891 605 3962 σκλη
616 3892 895 3962 ραγωγίαν
924 3893 1053 3947 ἰδεῖν
1077 3895 1207 3965 παρ’
1233 3893 1403 3965 αὐτῷ.
1439 3895 1549 3948 Kal
1572 3894 1865 3967 δεξάμενος

276 3981 439 4033 αὐτὸν
470 3983 498 4037 ι
524 3983 707 4052 γέρων
734 3982 875 4053 μετὰ
891 3985 1089 4055 χαρᾶς,
1120 3984 1173 4038 ετ
1203 4002 1256 4037 τι
1293 3984 1337 4038 δ’
1366 3984 1432 4039 ἂν
1463 3982 1610 4056 εἶχεν
1641 3987 1865 4059 ἐποίησε

278 4074 635 4145 παράκλησιν
673 4075 950 4143 γενέσθαι.
990 4077 1101 4131 Kal
1126 4076 1376 4146 λέγουσιν
1407 4080 1457 4132 οί
1489 4077 1730 4150 μαθηταὶ
1759 4081 1864 4133 Εὑ-

277 4163 493 4235 λογὶουο
546 4168 664 4221 Οὐκ
714 4168 886 4223 ἐσθίει
936 4169 1310 4241 πρεσϐύτερος
1359 4170 1499 4242 πλὴν
1538 4172 1706 4243 ἄρτου
1771 4172 1866 4227 καὶ

278 4257 495 4323 ἆλατος.
552 4260 611 4313 '0
644 4261 701 4314 δὲ
734 4260 911 4325 esse;
949 4252 1151 4334 Ἰωσὴφ
1200 4263 1423 4318 σιωπῶν
1476 4265 1704 4339 ἐτρωγε.
1756 4267 1866 4321 Kal

276 4353 612 4423 ποιήσαντες
649 4353 866 4424 ἡμέρας
904 4357 1073 4425 τρεῖς,
1114 4356 1216 4409 οὐκ
1247 4357 1488 4427 ἥκουσαν
1520 4357 1698 4411 αὐτῶν
1725 4358 1863 4429 ψαλ-

1961 1855 2388 1912 perscverarunt
2455 1852 2694 1901 orantes
2762 1845 2956 1914 illum;
3006 1861 3109 1903 nec
3164 1847 3336 1902 voluit
3364 1845 3543 1902 effari.

1961 1932 2117 1989 Tune
2149 1936 2224 1990 illi
2260 1937 2326 1992 ad
2356 1954 2480 1994 eum
2510 1956 2523 1992 :
2556 1937 2701 1993 Deus
2747 1938 2815 1992 ad
2846 1947 2900 1995 te
2939 1939 3089 1995 misit
3120 1954 3241 1996 nos.
3280 1938 3402 2007 Quo
3447 1954 3547 1994 au-

1962 2026 2078 2083 dito
2105 2044 2360 2086 sermone
2386 2032 2638 2095 territus,
2689 2032 2860 2101 coepit
2912 2030 3137 2087 dicere:
3205 2030 3368 2098 Ecce,
3416 2045 3547 2087 oves

1963 2118 2099 2174 istas
2128 2121 2442 2190 accepimus
2470 2137 2499 2175 a
2540 2125 2860 2192 parentibus
2913 2123 3122 2180 nostris
3149 2139 3164 2189 ;
3194 2134 3249 2180 et
3305 2124 3434 2179 inde
3464 2124 3535 2189 si,

1964 2209 2075 2264 Deo
2114 2220 2492 2282 prosperante,
2540 2215 2853 2283 provenerit
2899 2214 3129 2284 aliquid,
3189 2221 3303 2271 tres
3356 2222 3547 2285 partes

1964 2301 2240 2359 facimus:
2285 2319 2452 2358 unam
2486 2305 2842 2376 pauperibus,
2886 2307 3112 2360 alteram
3146 2306 3215 2361 ad
3262 2306 3550 2374 hospitali-

1963 2399 2150 2458 tatem,
2218 2395 2432 2449 tertiam
2492 2397 2546 2450 in
2606 2412 2743 2454 usus
2807 2405 3048 2453 nostros.
3091 2396 3166 2452 Ex
3219 2411 3329 2468 quo
3364 2404 3550 2452 autem

1965 2497 2191 2537 uxorem
2220 2484 2430 2554 accepi,
2466 2499 2568 2540 nec
2604 2486 2850 2556 pollutus
2880 2487 3000 2543 sum
3030 2499 3151 2558 ego,
3179 2498 3281 2542 nec
3312 2486 3424 2550 illa,
3450 2485 3547 2542 sed

1965 2574 2122 2646 virgo
2148 2582 2273 2640 est;
2310 2583 2364 2631 et
2391 2590 2641 2632 seorsum
2668 2576 3016 2634 dormimus:
3062 2586 3228 2633 noctu
3264 2586 3549 2649 gestamus

1965 2663 2168 2730 cilicia,
2206 2666 2271 2720 de
2298 2665 2390 2722 die
2417 2667 2751 2723 vestimenta
2779 2676 2993 2727 nostra.
3040 2663 3339 2740 Hucusque
3399 2682 3548 2723 mor-

1966 2753 2160 2813 talium
2213 2770 2376 2813 nemo
2417 2756 2529 2813 ista
2589 2761 2869 2831 cognovit.
2913 2759 3074 2828 Quod
3127 2770 3421 2832 postquam
3459 2774 3554 2813 au»

1965 2842 2205 2903 diissent
2242 2862 2422 2915 senes,
2458 2849 2715 2907 admirati
2749 2862 2876 2908 sunt
2933 2868 2996 2908 ac
3044 2857 3395 2908 recesserunt
3435 2849 3552 2921 glo-

1958 2940 2105 3003 riam
2135 2941 2337 3000 dantes
2365 2942 2498 2999 Deo.

2417 3218 2493 3280 De
2522 3217 2749 3297 Eulogio
2775 3227 3096 3298 presbytero.

2041 3337 2261 3411 (εδ-27)
2295 3336 2558 3410 Eulogius
2574 3340 2794 3412 quidam
2815 3340 3196 3398 celebrabatur
3214 3342 3285 3399 ab
3316 3341 3554 3400 bomini-
3658 3375 3674 3383 -

1946 3432 2244 3498 'bus,beati
2255 3430 2486 3489 Ioannis
2497 3433 2737 3506 episcopi
2750 3433 3370 3509 discipulus,presbyter
3388 3443 3442 3493 et
3457 3451 3554 3494 as-

1967 3533 2090 3582 ceta
2143 3540 2398 3597 magnus,
2430 3525 2522 3595 qui
2556 3526 2846 3597 jejunabat
2882 3543 2980 3599 per
3006 3528 3194 3593 b‘i’dua,
3220 3536 3276 3585 et
3314 3544 3457 3600 saepe
3485 3528 3555 3586 ad

1970 3616 2365 3673 bebdomadem
2401 3632 2578 3688 usque
2604 3619 2859 3674 trahebat
2890 3619 3187 3690 jejunium,
3211 3636 3348 3678 usus
3383 3622 3440 3676 in
3469 3621 3553 3676 ci-

1966 3709 2097 3765 bum
2125 3724 2266 3780 pane
2288 3710 2410 3765 solo
2432 3724 2557 3764 cum
2586 3710 2723 3768 sale.
2747 3710 2798 3766 Is
2836 3712 2986 3767 venit
3008 3713 3077 3766 ad
3107 3713 3365 3771 abbatem
3393 3712 3555 3770 Jose-

1967 3802 2135 3872 phum
2191 3802 2249 3856 in
2301 3800 2564 3871 Panepbo
2588 3841 2603 3867 ,
2641 3817 2871 3872 sperans
2901 3812 3276 3874 spectaturum
3310 3820 3371 3861 se
3408 3806 3555 3875 apud

1968 3893 2120 3948 illum
2189 3894 2567 3949 austeritatem
2622 3893 2908 3963 majorem.
2966 3892 3034 3947 Et
3088 3895 3397 3966 suscipiens
3426 3911 3553 3951 eum

1969 4002 2093 4042 cum
2124 3985 2326 4057 gaudio
2366 4000 2532 4041 senex
2556 4025 2570 4049 ,
2613 3985 2881 4055 quidquid
2930 3985 3145 4049 habuit,
3173 3985 3242 4041 ad
3292 3986 3552 4042 solatium

1968 4079 2090 4148 ejus
2122 4077 2410 4148 impendit.
2443 4076 2641 4131 Dicunt
2666 4075 2880 4146 Eulogii
2902 4074 3157 4146 discipuli
3187 4095 3201 4130 :
3232 4075 3352 4132 Non
3375 4091 3555 4133 come-

1966 4169 2048 4225 dit
2076 4170 2364 4241 preébyter
2395 4169 2504 4224 nisi
2540 4183 2735 4239 panem
2765 4174 2819 4223 et
2848 4168 2952 4224 sal.
2991 4167 3178 4225 Abbas
3223 4176 3405 4225 autem
3459 4167 3554 4225 Jo-

1969 4262 2101 4332 seph
2135 4261 2505 4317 manducabat
2535 4260 2760 4315 tacitus.
2798 4257 3049 4330 Cumque
3073 4261 3414 4318 mansissent
3433 4261 3553 4319 dies

1967 4362 2104 4416 tres,
2146 4369 2256 4408 non
2300 4353 2713 4409 audierunteos
2733 4351 3029 4423 psallentes
3058 4359 3153 4407 aut
3177 4361 3433 4422 orantes;
3457 4369 3554 4410 oc-

274 4442 481 4496 λύντων
514 4444 548 4515 ἢ
579 4445 888 4516 εὐχομένων
908 4462 924 4479 ο
955 4447 1171 4518 κρυπτὴ
1198 4447 1310 4517 γάρ
1334 4444 1402 4519 ἦν
1433 4451 1466 4519 ἡ
1499 4450 1729 4522 ἐργασία
1766 4451 1861 4504 αὐ-

1971 4444 2116 4499 culta
2149 4445 2296 4500 enim
2332 4451 2451 4500 erat
2489 4443 2739 4514 operatio
2766 4442 3007 4498 illorum.
3041 4441 3552 4517 Discesseruntigi-

274 4531 405 4589 τῶν.
431 4532 547 4586 Kal
574 4533 797 4604 ἐξῆλθον
837 4534 913 4605 μὴ
952 4533 1343 4606 ὠφεληθέντες.
1382 4536 1520 4589 Κατ’
1547 4537 1861 4608 οἰκονομίαν

273 4623 332 4675 δὲ
351 4623 569 4692 γίνεται
597 4624 818 4694 γνόφος,
846 4627 942 4679 καὶ
966 4625 1329 4697 πλανηθέντες
1350 4627 1697 4700 ὑπέστρεψαν
1727 4630 1864 4701 πρὸς

274 4716 368 4769 τὸν
392 4718 650 4789 γέροντα.
683 4720 794 4773 Kal
829 4720 960 4791 πρὶν
993 4719 1190 4784 αὐτοὺς
1215 4719 1465 4794 κροῦσαι,
1500 4722 1737 4793 ἥκουσαν
1762 4725 1863 4777 αύ-

275 4808 381 4861 :th
414 4809 762 4879 ψαλλόντων⁹
803 4812 899 4865 καὶ
951 4813 1236 4882 μείναντες
1284 4815 1378 4866 ἐπὶ
1431 4812 1588 4875 πολὺ,
1639 4814 1866 4887 ὕστερον

279 4899 566 4969 ἱκρουσαν.
604 4904 668 4957 Οἱ
711 4903 769 4957 δὲ
814 4907 1198 4977 σιωπήσαντες
1235 4905 1344 4959 ἀπὸ
1379 4904 1720 4978 ψαλμῳδίας,
1755 4909 1869 4962 ἐδέ-

278 4991 439 5056 ξτντν)
469 4993 668 5058 αὐτοὺς
696 4996 1000 5066 χαίροντες.
1025 4996 1137 5050 Kal
1151 4996 1241 5049 διὰ
1262 4997 1356 5050 τὸν
1371 4997 1651 5064 καύσωνα,
1677 5001 1866 5057 ἔϐαλον

273 5084 329 5135 οἱ
378 5083 621 5155 μαθηταὶ
672 5086 936 5155 Εὑλογίου
984 5090 1066 5152 εἰς
1108 5089 1171 5143 τὸ
1219 5088 1510 5158 βαυκάλιον
1551 5091 1728 5163 ὕδωρ,
1771 5097 1866 5150 καὶ

274 5174 489 5228 εδωκαν
522 5175 676 5246 αὐτῷ
696 5193 708 5207 ·
735 5173 804 5248 ἦν
838 5178 896 5232 δὲ
941 5179 1283 5250 μεμιγμένον
1321 5179 1421 5249 τῆς
1462 5179 1739 5253 θαλάσσης
1771 5185 1866 5237 καὶ

270 5263 373 5317 τοῦ
410 5267 693 5337 ποταμοῦ*
728 5268 823 5322 καὶ
855 5269 959 5323 οὐκ
985 5268 1225 5340 ἠδυνήθη
1252 5272 1417 5325 πιεῖν.
1458 5273 1567 5325 Kal
1601 5275 1657 5326 ἐν
1688 5275 1867 5347 ἐαυτῷ

272 5356 593 5427 γενόμενος,
628 5359 941 5431 προσέπεσε
972 5359 1051 5431 τῷ
1087 5359 1306 5433 γέροντι
1340 5363 1534 5433 μαθεῖν
1570 5364 1740 5420 θέλων
1766 5367 1866 5439 τὴν

353 5516 399 5547 ⁵⁸
424 5515 514 5571 Al.
550 5516 614 5570 τὸ
646 5516 865 5588 μέτρον.
946 5520 989 5551 ⁸⁷
1025 5520 1111 5575 ΑΙ.
1141 5521 1332 5591 αὐτῆς.

347 5677 577 5750 (εδ-27)
615 5676 717 5733 γει.
752 5678 906 5733 Patr.
947 5694 1067 5742 νιῐι,
1109 5680 1162 5734 4.

608 5771 883 5833 Parnm.
915 5770 1033 5832 Gn.
1075 5771 1266 5838 LXV.

1970 4544 2094 4601 tur,
2143 4536 2353 4591 nullum
2408 4535 2593 4606 adepti
2642 4536 2837 4590 animas
2878 4536 3328 4592 emolumentum.
3379 4535 3552 4593 Porro

1973 4628 2384 4700 dispensatione
2426 4628 2522 4683 Dei
2573 4637 2695 4684 orta
2732 4635 2819 4684 est
2858 4627 3073 4699 caligo;
3119 4643 3185 4684 ac
3215 4628 3427 4698 evagati
3459 4643 3551 4684 re-

1972 4722 2117 4779 versi
2141 4730 2273 4779 sunt
2301 4721 2369 4777 ad
2396 4732 2606 4777 senem.
2635 4719 2904 4791 Priusque
2933 4733 3096 4790 quam
3129 4718 3434 4789 pulsarent,
3461 4734 3555 4773 an.

1974 4815 2194 4871 dierunt
2222 4829 2319 4871 eos
2358 4814 2616 4884 psallere;
2662 4822 2897 4883 postque
2947 4800 3269 4866 diuturnum
3313 4818 3554 4879 tempus.

1973 4908 2336 4977 pulsaverunt
2372 4906 2594 4961 iterum.
2657 4903 2725 4957 At
2762 4901 2841 4956 illi
2893 4900 3115 4957 silentio
3152 4909 3277 4970 post
3316 4899 3555 4970 psalmo-

1969 4996 2116 5052 diam
2160 4996 2324 5059 facto.
2359 4995 2468 5051 laeti
2498 4998 2867 5064 susceperunt
2889 5006 3007 5049 eos.
3048 4991 3187 5046 Tum
3219 4987 3431 5059 Eulogii
3474 4985 3555 5041 di-
3612 5003 3629 5059 ,ζ

1970 5091 2164 5161 scipuli
2191 5100 2414 5161 propter
2427 5096 2619 5145 aestum
2644 5086 2991 5142 immiserunt
3011 5096 3207 5155 aquam
3231 5082 3287 5136 in
3307 5080 3553 5141 baucale.

1974 5198 2038 5237 ac
2070 5182 2341 5239 dederunt
2364 5184 2414 5238 ei
2443 5197 2457 5248 ;
2489 5191 2607 5237 erat
2640 5189 2823 5236 autem
2857 5192 2997 5249 aqua
3027 5175 3292 5248 permista
3319 5172 3387 5229 de
3418 5173 3555 5229 mari

1973 5284 2026 5331 et
2051 5274 2319 5330 ﬂumine:
2361 5287 2463 5328 nec
2502 5272 2679 5342 potuit
2720 5270 2928 5326 bibere.
2969 5268 3125 5323 Tunc
3164 5265 3422 5336 Eulogius
3464 5278 3556 5320 se-

1974 5383 2098 5422 cum
2133 5373 2421 5434 reputans,
2455 5362 2689 5434 procidit
2739 5362 2878 5425 seni,
2922 5371 2981 5414 ut
3035 5359 3274 5415 disceret
3308 5358 3555 5430 ipsorum

1409 5523 1452 5555 ⁸⁸
1486 5522 1546 5577 Al
1559 5564 1570 5576 .
1604 5524 2052 5598 ἁρχιεπισκὸπου.
