4036 6202
416 291 513 354 ΠΙ

1543 278 1892 337 ᾹΡΡΕΝΒΙΧ
1928 276 2020 335 AD
2058 275 2479 333 ΡΑιιΑῡιωι.

3579 268 3686 326 CT!

417 410 638 468 vivendi
662 408 957 473 rationem,
1015 401 1263 472 dixitque
1299 420 1311 457 :
1341 398 1515 466 Abba,
1557 398 1689 470 quid
1735 408 1820 455 est
1865 397 2002 453 hoc?

2118 394 2387 465 ςιαγωγὴν
2417 391 2605 454 αὐτοῦ,
2640 389 2847 461 λέγων·
2872 382 3082 453 ³Δϐϐἀ,
3131 387 3191 441 τί
3216 387 3335 440 ἐστι
3360 383 3554 455 τοῦτο,
3598 388 3689 441 ὅτι

418 504 589 559 Antea
611 517 720 556 non
750 497 1087 570 psallebatis,
1124 495 1220 552 sed
1246 492 1411 549 mo’do
1451 498 1740 563 postquam
1790 489 1998 561 egressi

420 594 628 650 fuimus
655 610 668 645 :
693 596 749 645 et
781 588 993 646 baucali
1022 601 1170 643 nunc
1195 591 1439 655 sumpto,
1470 595 1666 651 aquam
1695 578 1875 633 inveni
1899 579 2001 634 sal-

421 702 560 744 sam.
596 681 902 755 Respondit
954 694 1121 734 senex
1158 675 1396 732 :Frater
1434 676 1669 732 stolidus
1696 683 1800 740 est,
1838 684 1999 745 atque

417 793 489 834 ex
517 789 704 831 errore
732 768 1053 843 permiscuit
1081 781 1277 839 aquam
1313 766 1604 822 marinam.
1630 763 1893 836 Eulogius
1916 779 2002 821 ve-

419 883 483 923 ro
533 865 760 938 rogabat
791 877 998 927 senem,
1038 860 1265 931 cupiens
1310 859 1395 915 rei
1436 859 1719 914 veritatem
1766 858 1997 913 discere.

424 958 564 1013 Dicit
609 957 661 1013 ei
710 971 924 1013 senex:
969 954 1062 1008 Ille
1092 968 1294 1023 parvus
1336 950 1452 1007 vini
1499 951 1664 1016 calix,
1715 948 2002 1010 charitatis

420 1046 445 1100 i’
451 1050 564 1112 uit;
593 1047 713 1103 haec
742 1059 873 1102 vero
900 1057 1062 1114 aqua,
1108 1049 1275 1113 potus
1301 1048 1386 1097 est
1416 1039 1644 1095 fratrum
1686 1046 1998 1111 perpetuus.

427 1140 605 1211 Atque
641 1139 828 1193 docuit
855 1152 981 1193 eum
1017 1134 1402 1192 discretionem
1437 1134 1861 1204 cogitationum;
1907 1131 2003 1187 ab-

355 1287 370 1300 ,
430 1229 702 1300 sciditque
753 1227 823 1283 ab
862 1226 987 1297 ipso
1030 1225 1270 1280 humana
1302 1223 1505 1278 omnia.
1545 1222 1684 1278 Tum
1732 1220 1906 1278 evasit
1947 1220 2003 1275 in

429 1323 732 1379 (economia
764 1336 861 1378 seu
893 1317 1312 1391 dispensatione
1354 1317 1565 1388 peritus
1600 1335 1613 1371 :
1644 1330 1709 1370 ac
1749 1315 2003 1384 deinceps

428 1412 748 1469 comedebat
777 1408 1045 1482 quidquid
1075 1406 1180 1477 ipsi
1211 1405 1607 1477 apponebatur.
1638 1403 1839 1460 Didicit
1859 1403 2006 1475 pari-

428 1511 532 1567 ter,
567 1502 682 1574 ipse
715 1516 934 1573 quoque
961 1497 1178 1572 operari
1226 1496 1283 1552 in
1323 1497 1560 1553 occulto.
1592 1495 1833 1552 Tandem
1887 1495 2005 1551 seni

430 1593 744 1660 afﬁrmavit,
777 1610 963 1651 veram
1006 1609 1130 1651 esse
1177 1607 1242 1649 ac
1271 1590 1495 1647 minime
1529 1587 1780 1645 fallacem
1812 1602 2003 1645 eorum

431 1688 824 1760 operationem.

840 1846 879 1863 χ
922 1797 999 1851 De
1026 1795 1216 1850 abbate
1240 1793 1525 1864 Euprepio.

504 1890 557 1943 1.
587 1889 733 1945 Dixit
760 1890 929 1947 abbas
953 1889 1261 1960 Euprepius
1293 1906 1308 1943 :
1345 1887 1543 1943 Certus
1578 1887 1722 1958 apud
1759 1897 1811 1942 te
1837 1886 2005 1941 Deum

435 1978 647 2034 fidelem
690 1995 812 2035 esse
842 1994 907 2035 ac
932 1987 1236 2050 potentem,
1268 1978 1324 2033 in
1362 1978 1512 2032 illum
1546 1976 1728 2041 crede,
1758 1984 1812 2031 et
1835 1975 2006 2046 parti-

430 2084 560 2141 ceps
586 2069 683 2128 fies
710 2085 902 2126 eorum
927 2086 1049 2141 qua:
1072 2070 1222 2126 illius
1255 2075 1405 2126 sunt.
1438 2066 1599 2134 Quod
1624 2067 1671 2122 si
1702 2066 1890 2121 animo
1913 2068 2008 2122 de»

428 2159 636 2228 jiceris,
668 2174 1011 2231 nequaquam
1051 2158 1256 2217 credis.
1288 2159 1422 2214 Item
1460 2176 1473 2211 :
1500 2156 1703 2213 Omnes
1734 2156 2009 2211 credimus

430 2264 556 2303 eum
591 2257 864 2319 potentem
896 2264 1042 2311 esse,
1078 2255 1132 2304 et
1160 2256 1357 2303 cuncta
1392 2247 1493 2316 ipsi
1535 2261 1661 2301 esse
1695 2244 2007 2315 possibilia.

433 2336 630 2395 Verum
658 2338 768 2395 tuis
790 2354 1008 2409 quoque
1045 2339 1099 2393 in
1129 2339 1297 2394 rebus
1314 2338 1476 2394 crede
1531 2336 1635 2402 illi,
1672 2334 1799 2405 quia
1843 2334 2008 2389 etiam

434 2430 491 2484 in
533 2436 588 2484 te
617 2429 729 2484 edit
762 2429 939 2497 signa.

500 2521 555 2574 2.
590 2519 704 2589 (28)
742 2519 887 2574 ldcm
920 2534 1045 2573 cum
1084 2518 1439 2589 diriperetur,
1471 2531 1583 2571 una
1604 2531 1729 2573 cum
1769 2515 2010 2587 direptw

431 2606 587 2662 ribus
648 2606 856 2676 dejecta
915 2604 1150 2660 levabat.
1201 2606 1337 2660 Cum
1390 2613 1570 2661 autem
1633 2611 2010 2675 asportassent

432 2714 553 2770 qua:
582 2699 731 2755 intus
774 2706 931 2755 erant
987 2698 1201 2770 posita,
1248 2706 1305 2755 et
1354 2698 1706 2769 reliquissent
1752 2697 2009 2754 baculum

432 2805 614 2857 suum,
646 2797 707 2845 ut
732 2788 885 2845 illum
921 2790 1208 2861 conspexit
1262 2788 1433 2846 abbas
1462 2789 1790 2862 Euprepius,
1839 2788 2011 2846 mole-

432 2878 537 2935 stia
565 2879 790 2936 affectus
819 2887 933 2947 est;
956 2887 1009 2936 et
1038 2879 1337 2952 accipiens,
1356 2882 1600 2937 cucurrit
1626 2892 1745 2953 post
1762 2896 1861 2937 eos
1881 2880 2009 2936 red--

430 2968 593 3026 dendi
626 2971 829 3026 animo.
862 2971 976 3027 illis
1004 2986 1131 3027 vero
1158 2974 1480 3030 nolentibus
1514 2987 1753 3039 sumere,
1778 2987 1841 3026 ac
1866 2970 2009 3026 veri-

2097 487 2160 540 τδ
2194 485 2413 558 πρῶτον
2445 484 2545 537 οὐκ
2580 482 2860 553 ὲψάλλετε,
2888 481 3024 535 ἀλλὰ
3051 480 3147 534 νῦν
3188 479 3323 551 μετά
3351 477 3415 531 τδ
3448 477 3685 545 ἐξελθεῖν

2099 579 2249 650 ἡμᾶς
2269 594 2283 608 ·
2309 576 2406 630 καὶ
2426 574 2489 628 τὸ
2520 573 2812 645 βαυκάλιον
2836 573 2893 628 δὲ
2922 572 3016 627 νῦν
3039 570 3243 636 λαϐὼν,
3264 563 3424 641 εὖρον
3449 568 3511 622 τδ
3536 567 3687 642 ὕδωρ

2102 665 2369 739 ἁλμυρόν.
2420 664 2583 734 Λέγει
2621 662 2772 734 αὐτῷ
2812 664 2840 716 6
2878 662 3086 732 γέρων’
3147 661 3205 713 '0
3246 659 3474 728 ἀδελφὸς
3524 659 3688 724 σαλός

2100 758 2241 823 ἐστι,
2269 756 2365 810 καὶ
2392 754 2534 809 κατά
2564 752 2773 824 πλάνην
2806 751 2994 823 ἔμιξεν
3024 750 3157 804 αὐτὸ
3190 749 3500 807 θαλάσσιον.
3542 750 3602 804 '0
3628 750 3689 804 δι

2100 849 2361 918 Εὒλόγιος
2390 845 2692 918 παρεκάλει
2730 846 2822 900 τὸν
2859 844 3113 917 γέροντα,
3145 842 3314 897 θέλων
3359 843 3555 915 μαθεῖν
3585 844 3688 914 τὴν

2101 939 2378 1013 ἀλήθειαν.
2419 940 2531 992 Καὶ
2568 937 2722 1006 λέγει
2757 936 2906 1008 αὐτῷ
2934 939 2962 991 ὁ
2991 936 3209 1010 γέρων
3243 935 3455 989 Ἐκεῖνο
3495 934 3560 987 τὸ
3591 952 3687 1005 μι-

2102 1033 2237 1104 κρὸν
2265 1033 2525 1104 ποτήριον
2563 1030 2658 1085 τοῦ
2685 1029 2855 1095 οῐνου,
2898 1030 3001 1100 τῆς
3038 1026 3261 1101 ἀγάπης
3288 1023 3389 1100 ἦν·
3422 1028 3584 1082 τοῦτο
3628 1030 3689 1082 δὲ

2102 1125 2164 1179 τὺ
2186 1123 2351 1197 ὕδωρ,
2372 1123 2401 1177 ὃ
2428 1122 2676 1177 πίνουσιν
2700 1123 2750 1175 οἱ
2783 1121 3006 1190 ἀδελφοὶ
3031 1118 3346 1183 διαπαντός.
3380 1118 3486 1173 Καὶ
3513 1120 3687 1173 ἐδίδα-

2105 1214 2196 1282 ξεν
2230 1215 2397 1270 αὐτὸν
2424 1214 2525 1287 τὴν
2564 1212 2842 1283 διάκρισιν
2885 1210 2995 1266 τῶν
3019 1209 3320 1281 λογισμῶν,
3362 1209 3458 1263 καὶ
3491 1209 3695 1277 εκοιζε;ν

2104 1306 2201 1360 ἀπ’
2227 1305 2397 1361 αὐτοῦ
2420 1305 2599 1364 πάντα
2622 1304 2691 1358 τά
2720 1301 3058 1376 ἀνθρώπινα.
3094 1302 3209 1361 Καὶ
3233 1301 3457 1370 γέγονεν
3480 1302 3690 1354 οἰκονο-

2109 1400 2269 1473 μικός
2292 1399 2337 1431 "
2370 1397 2483 1471 (29)
2505 1415 2519 1429 ·
2554 1397 2650 1451 καὶ
2683 1395 2870 1457 λοιπδν
2899 1394 3055 1466 ἧσθιε
3087 1393 3266 1447 πάντα
3293 1392 3361 1447 τά
3395 1391 3693 1463 πειρατιθέ⁴

2110 1508 2269 1564 μενοι,
2295 1491 2391 1545 καὶ
2406 1487 2577 1561 ἔμαθε
2606 1489 2702 1543 καὶ
2721 1488 2885 1551 αὐτὸς
2906 1489 2964 1541 ἐν
2985 1485 3064 1556 τῷ
3085 1484 3314 1557 κρυπτῷ
3336 1483 3695 1556 ἐργάζεσθαι,

2108 1582 2208 1636 καὶ
2240 1577 2360 1634 εἷπε
2386 1579 2464 1651 τῷ
2496 1579 2745 1653 γέροντι·
2783 1580 2990 1641 Ὄντως
3019 1578 3077 1629 ὲν
3105 1574 3332 1647 ἀληθείᾳ
3359 1574 3506 1632 ἐστὶν
3528 1574 3565 1645 ἠ
3602 1574 3699 1645 ἐρ-

2106 1672 2274 1742 γασία
2300 1671 2478 1743 ὑμῶν.
2570 1690 2575 1695 ’

2472 1782 2615 1850 Περὶ
2651 1781 2758 1835 τοῦ
2786 1779 2936 1836 ἀϐϐᾶ
2972 1778 3335 1846 Εὺπρεπίου.

2179 1882 2247 1927 α’.
2295 1872 2464 1927 Εἶπεν
2494 1875 2522 1926 6
2557 1873 2731 1937 ἀϐϐᾶς
2780 1872 3124 1944 Εύπρέπιος·
3163 1871 3364 1940 Ἔχων,
3404 1867 3587 1939 φησὶν,
3634 1867 3697 1917 ἐν

2110 1966 2310 2037 ἑαυτῷ,
2358 1961 2500 2019 εἶναι
2543 1964 2732 2019 πιστὸν
2761 1964 2852 2017 τὸν
2880 1964 3011 2017 Θεὸν
3046 1962 3139 2016 καὶ
3179 1960 3425 2025 δυνατὸν,
3469 1960 3693 2014 πίστευε

2112 2057 2193 2120 είς
2223 2055 2407 2119 αὐτὸν,
2439 2056 2535 2108 καὶ
2575 2053 2822 2126 μεθέξεις
2849 2053 2957 2107 τῶν
2983 2051 3173 2107 αὐτού.
3210 2053 3274 2105 Ei
3296 2052 3353 2105 δὲ
3384 2052 3693 2121 ὀλιγωρεῖς,

2108 2147 2169 2200 ού
2220 2146 2524 2209 πιστεύεις.
2572 2146 2685 2201 Καὶ
2730 2146 2812 2197 ὅτι
2851 2144 3053 2207 πάντες
3098 2142 3426 2213 πιστεύομεν
3471 2142 3701 2195 δυνατὶν

2111 2236 2275 2291 αὑτὸν
2310 2232 2471 2301 εἶναι,
2523 2233 2617 2288 καὶ
2649 2233 2980 2305 πιστεύομεν
3025 2235 3108 2287 ὅτι
3155 2233 3335 2286 πάντα
3374 2231 3525 2300 αύτῷ
3577 2234 3697 2286 ἐστι

2117 2328 2337 2384 δυνατά.
2379 2325 2542 2381 Ἀλλά
2564 2326 2660 2381 καὶ
2689 2327 2747 2379 έν
2770 2328 2883 2389 τοῖς
2909 2328 3021 2388 σοῖς
3047 2325 3267 2378 πίστευε
3297 2326 3354 2376 ἐν
3381 2322 3532 2394 αὐτῷ
3552 2325 3697 2395 πρᾶο

2109 2434 2332 2490 γμασιν,
2363 2417 2443 2471 ὅτι
2474 2418 2569 2471 καὶ
2595 2418 2655 2470 ὲν
2688 2417 2770 2469 σοὶ
2799 2418 2943 2469 ποιεί
2972 2417 3191 2487 σημεῖα.

2181 2508 2244 2580 β’.
2295 2508 2353 2563 ὐ
2382 2507 2542 2572 αὐτὸς
2570 2506 2900 2579 συλούμενος
2959 2506 3268 2578 συνεπῆρεν
3302 2505 3510 2569 αὐτοῖς.
3532 2506 3588 2558 Μ
3597 2504 3695 2558 ετὰ

2109 2599 2169 2655 δὲ
2195 2600 2257 2654 τὸ
2287 2599 2666 2665 ἀποϐαστάξαι
2694 2599 2893 2663 αὐτοὺς
2916 2598 2985 2653 τὰ
3000 2598 3145 2654 ἔνδον
3168 2599 3419 2669 κείμενα,
3447 2598 3612 2652 κατα)
3628 2614 3696 2649 Et-

2110 2691 2335 2763 ψάντων
2365 2690 2548 2745 αὐτῶν
2574 2691 2674 2761 τὴν
2725 2689 2920 2762 ῥάϐδον
2950 2689 3168 2754 ἑαυτοῦ,
3196 2688 3271 2753 ὡς
3296 2689 3502 2761 ταύτην
3535 2687 3694 2743 sese-

2113 2798 2246 2835 σατο
2276 2783 2304 2835 6
2327 2779 2503 2844 ἀϐϐἇς
2535 2779 2872 2853 Εὺπρέπιος,
2906 2778 3179 2851 ἠχθέσθη·
3226 2777 3323 2833 καὶ
3361 2776 3543 2832 λαϐὼν
3597 2781 3693 2830 ἐπ-

2112 2874 2321 2946 έτρεχε,
2355 2871 2677 2943 βουλόμενος
2717 2870 3031 2925 ἀποδοῦναι.
3059 2869 3179 2923 Τῶν
3215 2869 3272 2923 δὲ
3316 2867 3393 2941 μὴ
3432 2866 3693 2922 θελόντων

2110 2964 2383 3032 δέξασθαι,
2416 2950 2554 3018 ἀλλά
2578 2963 2833 3018 δεδιότων
2861 2963 2934 3035 μὴ
2964 2962 3073 3034 ἀρα
3111 2978 3164 3014 τι
3193 2961 3440 3030 γέγονεν,
3472 2977 3691 3032 περιτυ-

336 3106 341 3115 .
430 3061 504 3118 tis
527 3078 592 3118 ne
614 3046 745 3133 quid
773 3061 1087 3127 accidisset,
1122 3062 1390 3133 quosdam
1424 3062 1730 3127 offendens,
1748 3061 1927 3116 oravit
1950 3068 2005 3114 ut

2118 3055 2223 3125 χῶν
2242 3073 2375 3123 τισι,
2400 3054 2552 3126 ἠξίου
2577 3055 2907 3126 ἀποδοθῆναι
2924 3054 2990 3108 δι’
3019 3053 3201 3109 αὐτῶν
3230 3052 3445 3123 ῥάϐδον,
3471 3053 3570 3123 τὴν
3594 3053 3692 3104 αύ-

432 3155 559 3224 quia
581 3154 722 3208 idem
750 3154 853 3208 iter
882 3154 1232 3223 peragebant,
1263 3153 1518 3209 baculum
1552 3153 1864 3208 redderent.

501 3242 556 3296 3.
589 3242 801 3297 Dictum
832 3249 918 3297 est
944 3242 1157 3297 abbatis
1187 3241 1443 3313 Euprepii
1477 3242 1854 3313 :Corporalia,
1888 3255 2008 3296 ma-

432 3333 568 3388 teria
611 3340 759 3388 sunt.
800 3332 907 3398 Qui
939 3331 1117 3404 diligit
1160 3332 1447 3399 mundum,
1486 3333 1814 3389 olfen‘dicula
1840 3340 2006 3388 amat.

433 3425 493 3482 Si
523 3440 652 3497 ergo
702 3425 995 3496 contigerit
1038 3435 1099 3480 ut
1128 3427 1445 3484 amittamus
1474 3426 1705 3498 aliquid,
1736 3441 1852 3481 rem
1882 3441 2006 3481 cum

430 3516 631 3589 gaudio
658 3527 713 3573 et
744 3517 923 3574 laudis
964 3516 1316 3575 confessione
1373 3517 1623 3590 accipere
1669 3524 1916 3590 Oportet,
1949 3525 2009 3572 ut

432 3610 525 3680 qui
558 3608 708 3666 curis
740 3609 955 3666 liberati
978 3609 1266 3667 fuerimus:

501 3700 557 3755 ι.
592 3700 784 3757 Frater
813 3702 1062 3758 abbatem
1087 3700 1419 3774 Euprepium
1461 3703 1820 3772 interrogavit
1841 3700 1910 3757 de
1934 3701 2011 3756 vi-

432 3801 512 3849 ta.
556 3794 622 3848 Et
668 3794 951 3866 respondit
998 3809 1164 3851 senex
1211 3813 1225 3850 :
1262 3792 1467 3851 Fenum
1513 3794 1767 3860 comede,
1822 3793 2007 3848 fenum

434 3894 608 3958 gesta,
638 3887 694 3941 in
745 3885 874 3942 feno
924 3886 1122 3942 dormi.
1157 3883 1273 3941 Hoc
1304 3893 1410 3951 est,
1458 3894 1749 3942 contemne
1785 3893 2009 3949 cuncta,

433 3992 530 4031 eor
567 3984 747 4034 autem
777 3976 969 4033 obtine
998 3974 1257 4032 ferreum.

502 4065 557 4121 5.
594 4064 786 4124 Frater
832 4066 1193 4137 interrogavit
1224 4067 1475 4123 eumdem
1510 4081 1723 4127 senem.
1759 4064 1948 4121 dicens
1989 4084 2004 4120 :

431 4151 553 4220 Quo
589 4164 754 4223 pacto
788 4155 1013 4211 advenit
1044 4157 1207 4213 timor
1230 4155 1324 4213 Dei
1348 4158 1401 4212 in
1435 4155 1795 4213 animam7Et
1817 4156 1891 4210 ait
1923 4171 2010 4211 se-

431 4256 536 4296 nex
570 4260 583 4296 :
622 4241 680 4295 Si
726 4243 891 4298 homo
922 4246 1179 4302 habuerit
1227 4247 1610 4315 humilitatem,
1646 4248 1780 4303 nihil
1815 4262 2007 4318 posse-

432 4332 593 4395 derit,
626 4347 725 4387 nec
758 4332 1106 4402 iudicaverit,
1132 4336 1312 4393 veniet
1346 4338 1400 4392 in
1427 4353 1550 4394 eum
1579 4337 1745 4392 timor
1781 4337 1896 4395 Dei.

392 4526 410 4545 λι
504 4504 559 4562 6.
586 4505 732 4571 idem
762 4506 902 4561 dixit
938 4526 951 4563 :
978 4506 1168 4564 Timor
1194 4523 1319 4563 cum
1350 4509 1656 4567 humilitate
1683 4520 1737 4567 et
1757 4512 2003 4569 ciborum

433 4600 753 4672 indigentia,
791 4599 1071 4671 luctuque,
1111 4608 1418 4672 perseveret
1448 4609 1647 4658 tecum.
1916 4589 1921 4593 ’

401 4734 407 4747 ι
506 4688 556 4745 7.
600 4688 661 4745 In
710 4688 985 4759 principio
1027 4704 1130 4745 suo
1175 4689 1349 4748 abbas
1395 4689 1700 4762 Euprepius
1746 4694 1896 4751 venit
1938 4696 2007 4752 ad

430 4778 721 4850 quemdam
745 4793 931 4836 senem
959 4796 975 4847 ;
1005 4780 1094 4835 cui
1124 4780 1299 4836 dixit:
1334 4781 1712 4853 Abba,profer
1735 4784 1868 4840 mihi
1892 4801 2009 4843 ser-

431 4885 676 4937 monem,
726 4869 1007 4941 quomodo
1041 4872 1228 4927 salvus
1256 4870 1404 4930 fiam.
1454 4871 1798 4944 Respondit:
1837 4875 1896 4932 Si
1923 4877 2008 4936 vis

429 4963 663 5019 salutem
716 4963 1004 5034 consequi,
1044 4978 1171 5019 eum
1208 4962 1412 5021 invises
1445 4964 1703 5036 aliquem,
1742 4981 1814 5025 ne
1850 4978 2008 5026 ante-

428 5061 612 5109 vertas
639 5055 789 5126 loqui
823 5063 951 5113 ante
974 5071 1139 5126 quam
1159 5055 1470 5127 inquisierit
1496 5072 1528 5113 a
1560 5064 1633 5114 te.
1669 5059 1761 5116 ille
1783 5040 1913 5118 vero
1937 5062 2007 5119 ad

429 5139 487 5196 id
515 5144 666 5199 verbi
695 5152 1085 5216 compunctus,
1130 5146 1417 5204 inclinavit
1457 5163 1519 5205 se
1545 5150 1762 5206 veniam
1793 5161 2003 5222 petens,

428 5229 676 5301 dixitque
708 5253 723 5288 :
752 5235 914 5293 Certe
929 5238 1133 5294 multos
1166 5238 1269 5310 legi
1293 5239 1482 5308 libros,
1518 5240 1788 5311 ejusmodi
1817 5250 2003 5300 tamen

427 5320 833 5380 institutionem
866 5330 1111 5385 nondum
1132 5334 1383 5403 εοευονὶ.
1413 5332 1591 5404 Atque
1616 5333 1848 5392 utilitate
1873 5348 2003 5405 per-

426 5420 585 5484 cepta
614 5428 869 5485 egressus
898 5427 1005 5476 est.

498 5526 544 5559 “
570 5527 653 5582 Al.
681 5531 1173 5600 συγκαταϐατικός.

469 5618 704 5702 .ε²⁸).ἔτς
734 5616 894 5702 193'}-
935 5620 1360 5702 δθοῙη-Ραναά.
1390 5647 1469 5702 ορ,
1518 5633 1617 5698 88;
1670 5633 1869 5693 Raderi
1905 5634 1994 5693 γε.

430 5688 571 5759 rid.;
598 5688 724 5746 νὴ.
760 5690 907 5746 Patr.
939 5707 1013 5761 vr,
1043 5695 1096 5749 9.

2111 3147 2210 3221 τὴν
2244 3148 2539 3203 ὁδευόντων
2561 3147 2706 3201 ὁδόν.

2174 3250 2245 3313 γ’.
2306 3239 2474 3296 Εἶπεν
2511 3244 2539 3296 6
2572 3242 2748 3306 ἁϐϐἄς
2791 3242 3124 3313 Εύπρέπιος,
3157 3242 3240 3294 ὃτι
3287 3240 3356 3294 τά
3403 3237 3696 3310 σωματικὰ

2112 3335 2209 3405 ὕλη
2252 3333 2411 3388 εἰσίν.
2457 3332 2517 3387 '0
2546 3333 2778 3403 ἀγαπῶν
2820 3333 2913 3388 τὸν
2952 3333 3156 3404 κόσμον
3188 3333 3379 3403 ἀγαπᾷ
3411 3329 3692 3402 προσκόμ-

2114 3438 2282 3492 ματα.
2335 3420 2515 3493 Εἴπερ
2550 3418 2645 3477 οὖν
2679 3422 2864 3494 συμϐῇ
2896 3422 2950 3475 τί
2998 3439 3129 3475 ποτε
3175 3420 3497 3485 ἀπολέσθαι,
3535 3418 3698 3472 τοῦτο

2113 3512 2252 3583 μετά
2293 3514 2471 3584 χαρᾶς
2515 3513 2613 3567 καὶ
2662 3511 3109 3586 ὲξομολογήσεως
3160 3513 3411 3584 δέχεσθαι
3464 3512 3563 3574 δεῖ,
3617 3509 3697 3572 ὡς

2111 3604 2411 3674 φροντίδων
2437 3603 2875 3672 ἀπαλλαγέντας.

2179 3697 2241 3749 δ’.
2303 3695 2557 3764 Ἀδελφὸς
2601 3695 2856 3766 ἠρώτησε
2892 3695 2983 3750 τὸν
3013 3697 3188 3751 ἀϐϐᾶν
3218 3698 3535 3771 Εὺπρέπιον
3561 3716 3629 3753 πε
3638 3702 3693 3770 pi

2111 3788 2277 3859 ζωῆς.
2329 3789 2441 3843 Καὶ
2482 3784 2637 3843 εἶπεν
2682 3790 2712 3841 6
2764 3787 2976 3858 γέρων’
3016 3789 3222 3862 Χόρτον
3277 3792 3440 3860 φάγε,
3502 3791 3695 3863 χόρτον

2111 3881 2362 3951 φόρεσον,
2391 3882 2472 3945 είς
2504 3881 2698 3953 χόρτον
2726 3880 2944 3952 κοιμού,
2976 3882 3252 3951 τουτέστι,
3286 3884 3503 3939 πάντων
3521 3902 3693 3939 κατα-

2112 3971 2323 4043 φρόνει,
2349 3970 2450 4040 τὴν
2483 3969 2540 4023 δὲ
2576 3969 2805 4041 καρδίαν
2827 3970 3065 4043 κέκτησο
3093 3973 3335 4044 σιδηρᾶν.

2189 4068 2252 4116 ε’.
2311 4060 2565 4130 ’Δδελφδς
2607 4059 2859 4133 ἠρώτησε
2885 4062 2976 4116 τὸν
3004 4064 3165 4118 αὑτὸν
3203 4064 3451 4136 γέροντα.
3485 4065 3692 4135 λέγων’

2114 4150 2238 4215 Πῶς
2272 4149 2490 4223 ἔρχεται
2522 4150 2551 4204 6
2579 4149 2745 4220 φόϐος
2788 4151 2884 4206 τοῦ
2924 4152 3060 4206 Θεοῦ
3104 4155 3186 4218 είς
3212 4155 3311 4225 τὴν
3337 4154 3547 4226 ψυχήν;
3583 4156 3695 4207 Kat

2109 4238 2262 4296 εἶπεν
2292 4245 2321 4296 6
2348 4241 2528 4315 γέρων
2546 4257 2561 4272 ·
2599 4242 2731 4298 Ἐἀν
2764 4242 2864 4318 ἔχῃ
2894 4243 3183 4316 ἄνθρωπος
3209 4246 3308 4316 τὴν
3338 4245 3691 4308 ταπείνωσιν,

2109 4336 2204 4391 καὶ
2240 4336 2340 4407 τὴν
2377 4335 2788 4407 ἀκτημοσύνην,
2835 4337 3025 4391 καὶτὸ
3078 4337 3153 4408 μὴ
3199 4338 3430 4409 κρίνειν,
3471 4338 3693 4411 ἔρχεται

2039 4426 2085 4480 D
2115 4425 2264 4497 αὑτῷ
2292 4428 2321 4480 6
2350 4425 2513 4496 φόϐος
2537 4426 2632 4481 τοῦ
2662 4426 2822 4482 Θεοῦ.

2181 4526 2257 4584 ς’.
2305 4519 2364 4571 ὐ
2410 4519 2573 4582 αὐτὸς
2602 4514 2752 4572 εἷπε·
2782 4519 2950 4583 Φόϐος
2975 4522 3071 4575 καὶ
3100 4520 3447 4586 ταπείνωσις,
3475 4519 3569 4575 καὶ
3615 4521 3695 4574 ἔνο

2108 4611 2225 4666 δεια
2250 4609 2489 4681 τροφῶν,
2518 4610 2613 4663 καὶ
2644 4609 2835 4673 πένθος
2858 4609 3159 4681 διαμενέτω
3188 4628 3288 4664 σοι.

2170 4700 2239 4766 ζ’.
2293 4700 2608 4772 Παρέϐαλεν
2647 4702 2707 4755 έν
2735 4701 2877 4771 ἀρχῇ
2923 4700 3092 4754 αὑτοῦ
3121 4702 3150 4755 6
3177 4701 3351 4768 ἀϐϐἆς
3377 4705 3690 4779 Εύπρέπιός

2108 4792 2479 4865 τινιγέροντι,
2511 4793 2607 4847 καὶ
2633 4792 2782 4861 λέγει
2816 4791 2988 4864 αὐτῷ·
3034 4792 3226 4858 Ἀϐϐἄ,
3252 4797 3376 4850 είπέ
3403 4815 3495 4869 μοι
3532 4796 3694 4865 λόγον

2112 4884 2231 4950 πῶς
2261 4883 2443 4939 σωθῶ.
2489 4884 2551 4939 '0
2581 4884 2638 4938 δὲ
2658 4880 2813 4941 εἶπεν
2846 4885 2994 4958 αύτῷ
3013 4902 3029 4917 ο
3070 4887 3198 4943 Ἐἀν
3239 4887 3400 4962 θέλῃς
3428 4889 3687 4962 σωθῆναι,

2109 4977 2239 5033 ὅταν
2283 4975 2610 5050 παραϐάλῃς
2652 4978 2781 5043 τινὶ,
2838 4977 2914 5051 μὴ
2962 4979 3241 5055 προλάϐῃς
3287 4982 3516 5056 λαλῆσαι
3558 4986 3692 5056 πρὶν

2110 5068 2357 5136 ἐξετάσει
2399 5087 2481 5126 σε.
2526 5070 2585 5124 '0
2609 5069 2666 5125 δὲ
2706 5071 2799 5137 ἐπὶ
2842 5070 2921 5142 τῷ
2962 5071 3107 5145 λόγῳ
3135 5076 3460 5146 κατανυγεὶς
3531 5075 3693 5131 ἔϐαλε

2114 5162 2424 5233 μετάνοιαν,
2476 5161 2687 5231 λέγων·
2730 5162 2943 5229 Ὄντως
2987 5166 3158 5220 πολλά
3197 5166 3375 5237 βιϐλία
3426 5167 3691 5237 ἀνέγνων,

2111 5254 2207 5308 καὶ
2261 5255 2519 5326 τοιαύτην
2564 5255 2813 5312 παιδείαν
2854 5257 3065 5314 οὐδέπω
3110 5258 3305 5331 ἔγνων.
3359 5261 3467 5315 Καὶ
3519 5260 3694 5316 πολλά

2110 5343 2410 5416 ὠφεληθεὶς
2441 5344 2695 5419 ὲξῆλθεν.ὶ

2140 5703 2153 5718 ,
2175 5632 2292 5718 (Ξθ)
2324 5637 2730 5718 οἰκονομικός,
2751 5639 3023 5718 Pelagius,
3044 5647 3360 5715 communia,
3376 5662 3439 5702 ac
3459 5644 3505 5701 si
3541 5661 3693 5718 repe-

2108 5713 2270 5762 risset
2300 5714 2581 5770 exaratum
2613 5713 2942 5773 κοινωνικός.
