4012 6208
240 298 351 365 175

619 415 759 484 Περὶ
798 413 906 469 τοῦ
953 408 1105 468 ἀσσᾱ
1155 412 1458 469 Ἔλαδίου.

318 540 392 589 α’.
415 529 644 600 Ἔλεγον
658 526 903 600 περὶτοῦ
926 526 1071 581 assa
1103 525 1343 581 Ἑλαδίου
1361 527 1452 594 ⁶⁹⁶,
1474 528 1559 582 ὅτι
1575 528 1834 600 ἐποίησεν

245 627 421 682 εἰκοσι
470 622 570 694 ἔτη
619 622 701 684 εις
741 619 814 673 τά
865 617 1093 683 Κελλία,
1127 619 1350 674 καὶούκ
1397 614 1502 691 ἦρέ
1543 636 1675 675 ποτε
1708 620 1836 683 τοὺς

250 717 560 790 ὀφθαλμοὺς
593 715 729 778 ἀνω,
758 713 886 767 ἰδεῖν
915 712 1016 784 τὴν
1046 711 1246 782 στέγην
1277 711 1380 782 τῆς
1406 711 1723 785 ἐκκλησίας.

322 811 389 884 β’.
437 808 667 877 Ἔλεγον
717 807 846 879 περὶ
884 805 980 861 τοῦ
1026 802 1193 859 αὐτοῦ
1248 802 1396 860 άὸϐᾶ
1452 805 1718 871 Ἐλαδιου,
1756 808 1840 861 ὄτι

253 904 418 976 ἄρτον
457 900 555 955 καὶ
606 898 745 963 ἃλας
789 897 1000 970 ἢσθιεν.
1046 898 1175 950 Ὅτε
1221 891 1315 952 οὖν
1352 893 1483 969 ἦλθε
1513 897 1576 950 τὸ
1622 898 1837 969 Πάσχα,

252 996 463 1063 ἔλεγεν,
490 992 576 1046 ὅτι
609 991 675 1045 Oi
707 989 926 1060 ἀδελφοὶ
941 988 1106 1062 ἄρτον
1135 988 1230 1043 κα).
1255 983 1390 1053 άλας
1404 988 1704 1043 ἐσθίουσιν·
1730 988 1841 1059 ἐγὼ

254 1087 316 1142 δέ
362 1083 595 1155 ὤφειλον
637 1081 835 1153 μικρὸν
880 1080 1052 1135 κόπον
1102 1079 1328 1151 ποιῆσαι
1370 1079 1462 1134 διὰ
1506 1078 1569 1132 τὸ
1626 1080 1839 1150 Πάσχα.

216 1156 223 1171 ί
264 1175 485 1247 Ἐπειδὴ
510 1174 612 1237 τάς
637 1173 806 1237 ἄλλας
830 1172 1046 1244 ἡμέρας
1074 1170 1387 1243 καθήμενος
1411 1170 1579 1226 ἐσθίω
1599 1188 1612 1202 ·
1642 1171 1737 1226 νῦν
1762 1173 1844 1226 ὃτι

253 1268 449 1339 Πάσχα
481 1266 622 1331 ἐστὶ,
658 1264 874 1335 ποιήσω
894 1262 986 1316 τὸν
1020 1261 1210 1328 κόπον,
1242 1259 1531 1333 ἱστάμενος
1557 1261 1768 1316 ἐσθίων.

632 1444 773 1512 Περὶ
810 1442 919 1497 τοῦ
948 1434 1103 1496 ἀόὄᾶ
1137 1441 1458 1512 Εὐατρίου.

334 1567 407 1615 α’.
449 1552 618 1614 Εἶπεν
640 1558 671 1611 ὁ
693 1556 868 1622 άῦὁᾶς
898 1555 1170 1628 Εὐάγριος
1192 1571 1208 1587 ’
1245 1554 1627 1627 Καθεζόμενος
1673 1559 1732 1611 ἐν
1769 1556 1849 1629 τῷ

258 1650 482 1721 κελλίῳ,
501 1648 775 1718 συνάγαγέ
796 1665 893 1702 σου
912 1647 1005 1702 τὸν
1016 1647 1280 1718 λογισμόν
1298 1663 1312 1678 ·
1333 1647 1604 1719 μνήσθητι
1636 1651 1850 1723 ἡμέρας

256 1742 526 1798 θανάτου·
562 1740 642 1795 τδε
668 1739 791 1793 τότε
820 1737 915 1792 τοῦ
941 1737 1194 1809 σώματος
1220 1738 1320 1809 τὴν
1349 1738 1648 1810 νέκρωσιν·
1680 1740 1849 1796 ἐννόει

255 1832 359 1904 τὴν
404 1832 726 1903 συμφοράν*
762 1829 894 1883 λαϐὲ
921 1826 1016 1884 τὸν
1064 1828 1227 1883 πόνον
1248 1845 1261 1859 ο
1295 1829 1609 1898 κατάγνωθι
1647 1830 1748 1902 τῆς
1789 1834 1848 1887 ἐν
1879 1819 1921 1875 Β

1426 292 2040 379 ᾹΡΟΡΠΤΙΙΕΩΜᾼΤΑ
2083 295 2396 353 ΡΑΤεὶυΜ.

1866 428 1918 487 Δ

3426 305 3532 362 tu

2462 414 2541 471 De
2561 415 2748 471 abbate
2782 414 2999 475 Eladio.

2010 528 2062 582 1.
2107 527 2218 599 (50)
2248 527 2480 583 Aiebam
2511 528 2580 583 de
2622 529 2817 586 abbate
2846 529 3058 599 Eladio,
3103 535 3374 593 mansisse
3404 552 3528 593 eum

1939 634 2113 677 annos
2133 619 2324 693 viginti
2352 620 2407 675 in
2436 620 2620 691 Collis,
2666 637 2768 679 nec
2803 623 3099 683 sustulisse
3131 642 3372 698 unquam
3404 645 3532 684 ocu-

1940 712 2023 768 los
2050 712 2105 767 in
2128 713 2322 781 altum,
2350 722 2411 769 ut
2443 712 2693 769 ecclesiae
2718 722 2921 773 tectum
2941 719 3428 790 contemplaretur.
3498 783 3504 789 ,

2011 804 2067 859 2.
2096 802 2173 861 De
2199 796 2389 861 eodem
2412 804 2609 862 abbate
2641 804 2830 863 Eladio
2859 807 3188 877 retulerunt,
3221 811 3365 880 quod
3392 825 3530 881 pane

1942 902 1996 950 et
2043 895 2158 952 sale
2199 906 2531 953 vesceretur.
2558 898 2693 954 Cum
2736 912 2870 969 ergo
2916 899 3158 955 venisset
3187 899 3420 966 Pascha,
3448 901 3532 957 dia-

1944 987 2103 1046 cebat
2138 1006 2155 1045 ι
2194 988 2415 1047 Fratres
2454 1005 2649 1062 panem
2688 998 2745 1046 et
2786 990 2866 1046 sal
2898 991 3233 1049 comedunt:
3265 1008 3368 1064 ego
3398 1008 3533 1052 vero

1944 1086 2169 1148 propter
2211 1078 2446 1157 Pascha,
2475 1080 2650 1137 debeo
2697 1081 2948 1137 nonnihil
2981 1081 3190 1138 laboris
3222 1084 3534 1156 suscipere.

1944 1167 2398 1239 Quandoquidem
2430 1170 2553 1224 aliis
2579 1170 2775 1225 diebus
2814 1170 3013 1227 sedens
3036 1173 3312 1230 manduco
3340 1192 3355 1230 :
3388 1191 3537 1232 nunc

1947 1260 2075 1329 quia
2109 1257 2315 1315 Pascha
2345 1270 2449 1327 est,
2485 1262 2695 1316 navabo
2721 1277 2968 1332 operam,
3009 1273 3064 1319 et
3085 1263 3140 1319 in
3180 1264 3350 1335 pedes
3368 1273 3535 1323 stans

1946 1350 2255 1405 comedam.

2449 1460 2522 1520 De
2556 1466 2744 1521 abbate
2784 1466 3034 1539 Evagrio.

2023 1572 2073 1629 i.
2100 1575 2211 1645 (51)
2237 1574 2379 1631 Dixit
2413 1575 2585 1632 abbas
2610 1578 2877 1649 Evagrius
2908 1579 3085 1635 :Cum
3099 1580 3260 1638 sedes
3285 1583 3340 1638 in
3376 1584 3535 1649 cella,

1950 1668 2147 1739 collige
2176 1676 2412 1723 mentem
2446 1675 2633 1734 tuam;
2687 1677 2961 1724 memento
2992 1670 3102 1727 diei
3138 1675 3370 1739 mortis;
3404 1682 3539 1730 tunc

1954 1761 2075 1817 vide
2100 1761 2350 1832 corporis
2388 1760 2905 1820 mortificationem:
2934 1763 3118 1835 cogita
3145 1764 3537 1834 calamitatem;

1951 1849 2190 1905 laborem
2221 1864 2475 1919 assume;
2503 1849 2805 1906 condemna
2835 1851 3133 1910 vanitatem
3167 1856 3396 1923 mundi;
3426 1871 3540 1927 quo

256 1924 339 1997 τῷ
379 1924 583 1996 κόσμῳ
632 1922 1017 1994 ματαιότητοςο
1070 1922 1224 1985 ὅπως
1269 1920 1507 1993 δυνηθῇς
1559 1922 1851 1988 διαπαντὸς

1972 1941 2136 2009 possis
2160 1956 2381 1997 manere
2406 1957 2622 2013 semper
2654 1942 2709 1997 in
2752 1943 2951 2014 quietae
2978 1945 3104 2002 vitae
3131 1920 3412 2018 proposito
3438 1920 3541 2004 nec

260 2018 459 2088 μένειν
488 2018 548 2070 ἐν
578 2018 643 2087 τῇ
675 2013 926 2087 προθέσει
952 2015 1051 2084 τῆς
1088 2014 1348 2085 ἡσυχίας,
1381 2015 1475 2069 καὶ
1514 2015 1589 2087 μὴ
1622 2015 1852 2088 ἀσθενή-

1977 2048 2010 2087 n
2040 2031 2408 2088 infirmitatem
2436 2033 2664 2089 incidas.
2703 2032 2913 2089 Memor
2954 2013 3174 2107 quoque
3203 2013 3324 2094 esto
3360 2044 3536 2093 status

259 2123 392 2180 σῃς.
450 2107 736 2178 Μνήσθητι
767 2105 823 2159 δὲ
855 2105 948 2160 καὶ
978 2105 1082 2177 τῆς
1113 2106 1172 2160 ἐν
1199 2106 1279 2173 τῷ
1306 2106 1407 2180 ᾅδῃ
1442 2105 1537 2161 νῦν
1577 2108 1853 2163 καταστά-

1972 2125 2240 2194 )msentis
2282 2125 2337 2179 iu
2390 2124 2602 2180 inferno
2637 2142 2652 2180 :
2705 2133 2896 2197 reputa
2924 2105 3383 2198 quemadmodum
3417 2130 3533 2185 illic

258 2220 409 2265 σεως
430 2220 443 2233 ⁸
476 2201 687 2271 λογίζου
720 2200 781 2255 τὸ
821 2201 940 2265 πῶς
981 2202 1121 2255 εἰσιν
1161 2202 1278 2254 ἐκεῖ
1311 2201 1368 2253 αἱ
1406 2198 1594 2270 ψυχαὶ,
1627 2198 1685 2253 ἐν
1726 2197 1856 2270 ποίᾳ

1972 2199 2159 2286 legant
2197 2217 2413 2281 animae,
2467 2215 2521 2269 iu
2550 2230 2659 2284 quo
2713 2217 3035 2287 gravissimo
3076 2218 3315 2283 silentio,
3352 2220 3408 2275 in
3431 2235 3540 2290 quo

256 2294 546 2367 δεινοτάτῃ
576 2295 781 2363 σιωπῇ,
819 2293 878 2346 ἐν
909 2288 1052 2364 ποίῳ
1077 2291 1397 2363 πικροτάτῳ
1425 2289 1738 2360 στεναγμῷ,
1762 2288 1856 2343 κα)⁸

1972 2306 2302 2381 amarissimo
2327 2305 2553 2375 gemitu,
2586 2306 2639 2359 in
2671 2306 2818 2375 quati
2848 2310 3068 2373 timore,
3100 2309 3421 2373 certamine,
3444 2288 3542 2367 ex-

262 2384 479 2456 πηλίκῳ
517 2383 669 2455 φόϐῳ
699 2385 796 2439 καὶ
831 2384 1005 2454 ἀγῶνι
1040 2385 1137 2439 καὶ
1165 2383 1495 2457 προσδοκίᾳσ
1545 2382 1643 2453 τὴν
1675 2382 1856 2436 ἄπαυ-

263 2491 391 2529 στον
430 2473 647 2546 ὀδύνην,
705 2474 768 2528 τὸ
805 2472 1035 2545 ψυχικὸν
1091 2473 1187 2527 καὶ
1240 2473 1547 2546 ἀπέραντον
1598 2471 1854 2541 δάκρυον.

278 2565 441 2620 Ἀλλά
464 2567 560 2620 καὶ
586 2567 800 2639 ἡμέρας
830 2565 1184 2631 ἀναστάσεως
1219 2564 1510 2638 μνήσθητι,
1544 2565 1638 2618 καὶ
1679 2581 1859 2634 παρα-

267 2659 512 2723 στάσεως
539 2659 642 2730 τῆς
678 2659 817 2727 πρὸς
851 2658 942 2714 τὸν
991 2659 1125 2713 Θεόν
1147 2675 1162 2691 ο
1194 2658 1468 2728 φαντάζου
1492 2656 1554 2711 τὸ
1587 2655 1861 2729 φρικῶδες

264 2751 370 2807 καὶ
408 2751 639 2823 φοϐερὸν
676 2754 856 2805 ἐκεῖνο
887 2754 1083 2822 κρῖμα.
1126 2752 1259 2819 ’Ἄγε
1299 2752 1379 2812 εἰς
1412 2750 1576 2819 μέσον
1614 2749 1684 2802 τά
1721 2749 1860 2800 ἀπο-

266 2844 501 2915 κείμενα
528 2844 641 2907 τοῖς
676 2843 1108 2915 ἁμαρτάνουσιν,
1144 2841 1409 2913 αἰσχύνην
1446 2840 1546 2912 τὴν
1602 2840 1720 2894 κατ’
1779 2840 1865 2892 ἐν-

278 2939 459 2993 ώπιον
476 2938 573 2992 τοῦ
596 2938 733 2992 Θεοῦ
763 2939 859 2992 καὶ
881 2940 1130 3009 ἀγγέλων
1151 2942 1244 2993 καὶ
1257 2938 1611 3011 ἁρχαγγέλων
1624 2939 1717 2991 καὶ
1730 2938 1865 2992 πάνο

268 3043 383 3082 των
428 3029 758 3100 ἀνθρώπων,
802 3029 1051 3083 τουτέστι
1093 3029 1451 3101 κολαστήρια,
1487 3029 1598 3099 πῦρ
1625 3026 1861 3093 αἰώνιον,

1960 2394 2333 2469 spectatione;
2364 2406 2557 2467 reputa
2599 2413 2879 2468 nunquam
2902 2399 3244 2455 desinentem
3273 2399 3541 2468 dolorem,

1960 2492 2232 2563 lacrymas
2254 2490 2454 2545 animae
2478 2504 2683 2560 easque
2709 2490 3109 2547 iuterminatas.
3145 2491 3251 2548 Sed
3284 2504 3337 2547 et
3360 2509 3547 2550 recor-

1963 2583 2091 2638 dare
2114 2581 2222 2636 diei
2260 2580 2706 2646 resurrectionis,
2739 2594 2802 2635 ac
2835 2580 3188 2638 exhibitionis
3221 2581 3288 2637 ad
3322 2581 3486 2638 Deum
3526 2601 3542 2639 :

1965 2671 2265 2742 imaginare
2298 2670 2559 2726 horribile
2607 2671 3061 2743 tremendumque
3092 2673 3227 2728 illud
3252 2673 3545 2743 judicium.

1967 2762 2161 2817 Profer
2189 2762 2245 2816 in
2277 2760 2516 2816 medium
2551 2777 2674 2832 quae
2700 2761 2943 2832 reposita
2980 2771 3109 2817 sunt
3140 2766 3544 2833 peccatoribus,

1967 2856 2320 2927 ignominiam
2352 2868 2536 2909 coram
2581 2852 2711 2917 Deo,
2738 2855 2967 2924 angelis,
3002 2854 3361 2924 archangelis,
3412 2872 3549 2909 cun-

1966 2945 2072 3002 etis
2092 2944 2442 3012 hominibus;
2467 2944 2761 3014 supplicia,
2782 2943 2963 3014 ignem
2983 2944 3399 3013 sempiternum,
3428 2959 3550 2999 ver-

1970 3051 2115 3093 mem
2170 3050 2449 3107 nunquam
2501 3034 2888 3099 dormientem,
2926 3041 3216 3100 tartarum,
3272 3035 3547 3098 tenebras,

272 3121 537 3192 σκώληκα
584 3121 676 3174 τὸν
712 3121 1038 3192 ἀκοίμητον,
1076 3121 1168 3175 τὸν
1206 3122 1499 3192 τάρταρον,
1541 3119 1601 3172 τὸ
1652 3118 1859 3181 σκότος,

1977 3127 2270 3184 stridorem
2306 3126 2579 3191 dentium,
2604 3134 2867 3190 terrores,
2902 3132 3193 3181 tormenta.
3233 3126 3423 3182 Profer
3450 3141 3549 3199 pa-

269 3216 365 3267 τον
385 3215 496 3268 τῶν
523 3214 755 3267 ὀδόντων
785 3214 1052 3285 βρυγμὸν,
1076 3215 1204 3277 τοὺς
1227 3214 1426 3282 φόϐους
1450 3212 1547 3266 καὶ
1572 3213 1673 3275 τὰς
1699 3211 1868 3282 βασά-

270 3326 419 3370 νους.
446 3308 584 3377 Ἀγε
608 3306 675 3378 δὴ
700 3307 793 3360 καὶ
812 3306 881 3359 τά
900 3309 1015 3370 τοῖς
1035 3306 1267 3370 δικαίοις
1298 3304 1640 3376 ἀποκείμενα
1664 3303 1865 3372 άγαθά,

269 3400 596 3471 παρρησίαν
615 3399 714 3470 τὴν
748 3397 888 3470 μετά
912 3384 1053 3453 Θεοῦ
1071 3398 1289 3470 Πατρὸς
1306 3397 1401 3452 καὶ
1421 3396 1659 3469 Χριστοῦ
1679 3394 1868 3458 αὐτοῦ,

267 3493 528 3561 ἀγγέλων
568 3491 667 3545 καὶ
712 3491 1102 3563 άρχαγγέλων,
1152 3491 1248 3544 καὶ
1300 3488 1503 3553 παντὸς
1540 3489 1714 3561 δήμου
1760 3488 1870 3540 τῶν

270 3584 474 3652 ἁγίων,
513 3582 795 3654 βασιλείαν
823 3583 1098 3655 οὐρανῶν,
1122 3583 1218 3637 καὶ
1250 3583 1319 3635 τά
1340 3580 1543 3653 ταύτης
1572 3581 1871 3652 δωρήματα

267 3676 376 3747 τὴν
412 3676 595 3747 χαράν
645 3676 742 3730 καὶ
789 3676 891 3744 τὴν
922 3676 1130 3747 ταύτης
1169 3675 1494 3729 ἀπόλαυσιν.
1557 3672 1867 3745 Ἐκατέρων

269 3766 482 3821 τούτων
507 3767 608 3839 τὴν
638 3770 860 3841 μνήμην
888 3767 989 3837 άγε
1025 3765 1268 3839 σεαυτῷ’
1293 3767 1387 3821 καὶ
1412 3766 1508 3819 ἐπὶ
1539 3765 1639 3835 μὲν
1663 3766 1730 3835 τῇ
1761 3763 1869 3817 τῶν

272 3857 624 3929 ἁμαρτωλῶν
655 3858 836 3929 κρίσει
868 3857 1162 3929 δάκρυσον,
1201 3856 1493 3927 πένθησον,
1532 3853 1871 3924 φοϐούμενος

278 3951 364 4024 μὴ
398 3953 493 4007 καὶ
524 3953 590 4005 σὺ
619 3952 783 4015 αὐτὸς
811 3953 869 4005 ἐν
894 3950 1105 4015 τούτοις
1133 3950 1295 4022 γένῃ*
1324 3950 1417 4001 ἐπὶ
1430 3947 1487 4002 δὲ
1511 3950 1626 4012 τοῖς
1648 3947 1871 4001 ἀποκει-

278 4039 470 4109 μένοις
496 4041 613 4104 τοῖς
649 4040 905 4105 δικαίοις,
935 4041 1093 4112 χαῖρε
1122 4040 1217 4092 κα).
1251 4036 1569 4109 εὐφραίνου.
1603 4036 1715 4090 Καὶ
1742 4035 1868 4088 τού-

275 4144 390 4183 των
423 4129 523 4201 μὲν
559 4129 867 4184 σπούδασον
896 4131 955 4182 ἐν
986 4127 1287 4183 ἀπολαύσει
1316 4125 1596 4196 γενέσθαι,
1643 4126 1740 4178 καὶ
1775 4124 1872 4178 άλ-

271 4218 634 4295 λοτριοῦσθαι
671 4222 920 4276 ἐκείνων.
979 4222 1124 4293 Ὅρα
1176 4220 1252 4293 μὴ
1291 4220 1526 4293 ἐπιλάϐῃ
1558 4220 1711 4284 ποτὲ,
1768 4216 1871 4272 κᾶν

1974 3218 2107 3272 riter
2130 3215 2297 3287 justis
2329 3217 2471 3271 bona
2494 3217 2756 3287 reposita,
2793 3215 3047 3272 fiduciam
3069 3230 3195 3272 eum
3231 3215 3341 3272 Deo
3370 3214 3551 3283 Patre,

1974 3316 2028 3363 et
2066 3307 2288 3363 Christo
2324 3306 2466 3376 ejus,
2509 3306 2740 3378 angelis.
2787 3305 3152 3377 archangelis,
3196 3315 3400 3362 cuncto
3428 3323 3550 3363 sane

1975 3407 2188 3454 clerum
2216 3405 2386 3463 etetu,
2412 3414 2639 3471 regnum
2658 3397 2945 3466 caelorum,
2971 3398 3202 3468 ejusque
3228 3397 3391 3462 dona,
3416 3413 3538 3464 gau-

1977 3490 2131 3545 dium
2165 3489 2395 3561 ejusque
2424 3489 2779 3558 voluptatem.
2810 3487 3019 3543 Horum
3049 3496 3413 3560 utrorumque
3442 3505 3556 3545 me-

1979 3581 2209 3634 moriam
2248 3578 2425 3635 adduc
2449 3580 2504 3634 in
2542 3587 2778 3635 mentem
2814 3587 2996 3645 tuam;
3028 3592 3091 3634 ac
3115 3579 3182 3634 de
3206 3589 3557 3650 peccatorum

1975 3670 2195 3741 quidem
2220 3670 2450 3741 judicio,
2486 3668 2575 3733 ﬂe,
2618 3670 2762 3740 luge,
2788 3670 2996 3726 veritus
3038 3686 3105 3725 ne
3139 3676 3195 3724 tu
3223 3686 3439 3742 quoque
3473 3673 3559 3726 in-

1976 3772 2059 3817 ter
2104 3762 2226 3817 illos
2255 3762 2567 3827 consistas;
2613 3761 2681 3816 de
2708 3761 2776 3815 iis
2803 3774 2936 3815 vero
2967 3768 3088 3830 quae
3137 3765 3373 3831 reposita
3428 3770 3559 3817 sunt

1971 3855 2158 3923 justis,
2186 3854 2363 3926 gaude
2380 3869 2444 3908 ac
2463 3853 2664 3909 laetare.
2692 3853 2869 3923 Atque
2892 3861 3005 3906 tum
3031 3852 3116 3906 bis
3140 3850 3245 3906 frui
3268 3852 3557 3915 contende,

1977 3956 2091 4001 tum
2132 3950 2201 4002 ab
2234 3948 2344 4003 illis
2384 3961 2508 4003 esse
2561 3947 2793 4002 alienus.
2825 3945 2969 4002 Cave
3024 3961 3092 4001 ne
3126 3960 3389 4015 unquam,
3444 3946 3561 4000 sive

1981 4037 2122 4092 intra
2168 4039 2360 4093 cellam
2395 4046 2541 4092 tuam
2590 4038 2856 4103 resideas,
2893 4038 3008 4093 sive
3047 4043 3200 4092 extra
3252 4038 3349 4101 sis,
3382 4036 3496 4091 haec
3529 4052 3561 4091 e

1983 4133 2243 4185 memoria
2273 4132 2597 4197 elabantur;
2635 4146 2744 4202 quo
2775 4131 2857 4187 vel
2891 4147 2987 4202 per
3017 4130 3132 4186 haec
3158 4129 3347 4186 eadem
3382 4126 3563 4185 sordi-

1982 4222 2082 4275 das
2112 4224 2418 4293 noxiasque
2437 4222 2664 4294 eilngias
2697 4223 3076 4292 cogitationes.

273 4311 430 4365 ἔνδον
456 4311 553 4365 τοῦ
592 4310 806 4365 κελλίου
850 4327 945 4366 σου
987 4311 1282 4383 τυγχάνῃς,
1323 4309 1429 4365 κᾶν
1472 4310 1578 4377 ἔξω
1611 4326 1737 4374 που,
1790 4308 1891 4388 ﬁt;
1924 4312 1988 4365 ἐκ
2029 4312 2532 4386 τούτων-μνήμης,
2561 4315 2709 4381 ὅπως
2750 4313 2853 4366 κᾶν
2915 4312 3002 4366 διὰ
3048 4311 3273 4377 τούτων,
3308 4311 3437 4376 τοὺς
3469 4312 3564 4383 ῥυ-

272 4405 494 4476 παροὺς
533 4404 631 4458 καὶ
663 4403 959 4476 βλαϐεροὺς
983 4403 1246 4477 διαφεύξῃ
1269 4399 1589 4478 λογισμούς.

350 4497 419 4568 β’.
466 4492 609 4552 Eine
637 4498 799 4555 πάλιν
821 4516 837 4532 ·
871 4500 1058 4554 Κόπτε
1086 4498 1196 4554 τῶν
1230 4498 1441 4553 πολλῶν
1471 4499 1571 4564 τὰς
1620 4498 1859 4570 σχέσειςπ

2051 4497 2107 4551 2.
2133 4495 2247 4568 (52)
2270 4495 2418 4552 Dixit
2446 4497 2677 4552 iterum:
2704 4496 2978 4552 Abscinde
2994 4494 3284 4549 multorum
3309 4495 3559 4562 ﬂectus;

273 4592 365 4662 μή
405 4607 504 4644 σου
548 4592 579 4643 ό
616 4589 742 4655 νοῦς
784 4592 1171 4663 περιστατικὺς
1205 4591 1466 4663 γένηται,
1514 4592 1609 4645 καὶ
1646 4591 1738 4644 τὸν
1769 4589 1874 4662 τῆς

269 4682 518 4754 ἡσυχίας
540 4682 750 4756 ταράξῃ
778 4685 999 4756 τρόπον.

350 4770 423 4841 γ’.
482 4770 619 4827 Εἷπε
650 4773 815 4827 πάλιν
850 4773 994 4845 μέγα
1019 4773 1117 4846 μὲν
1149 4774 1211 4827 τὸ
1240 4768 1668 4846 ἀπερισπάστως
1701 4788 1872 4844 προσ-

274 4866 578 4937 soleamus
618 4867 802 4938 μεῖζον
831 4866 890 4921 δέ
930 4868 1027 4923 κα)¹
1059 4868 1121 4923 τὸ
1163 4868 1387 4938 ψάλλειν
1424 4868 1870 4938 ἀπερισπάστως.

355 5046 419 5100 δ.
471 5040 607 5101 Hm
654 5046 854 5101 πάλιν’
888 5048 1154 5120 Μέμνησο
1194 5046 1487 5109 διαπαντὸς
1525 5044 1638 5116 τῆς
1692 5044 1873 5111 ἐξόδου
1922 5096 1935 5102 ,

269 5155 403 5224 σου,
444 5138 543 5193 καὶ
580 5140 656 5211 μὴ
675 5139 913 5215 ἐπιλάϐῃ
940 5141 1178 5213 κρίσεως
1199 5138 1420 5195 αἰωνίου
1438 5153 1452 5169 ο
1468 5137 1574 5227 καὶ
1597 5137 1697 5192 οὐκ
1722 5136 1877 5190 ἔσται

267 5229 643 5301 πλημμέλεια
675 5233 732 5285 ἐν
753 5234 822 5305 τῇ
846 5231 994 5304 ψυχῇ
1023 5249 1136 5311 σου.

357 5403 430 5438 ⁶⁹⁶
460 5406 549 5461 ΔΙ.
583 5406 881 5465 Ἐλλαδξου.

359 5583 481 5654 (50)
516 5586 618 5640 Vit.
649 5585 801 5644 Patr.
832 5603 907 5651 Iv,
940 5588 1025 5644 16.

359 5654 479 5722 (51)
524 5655 627 5710 Vit.
658 5655 814 5722 Patr.
854 5674 935 5722 ιιι,
974 5660 1028 5714 5.

359 5660 447 5715 (51
524 5660 627 5710 Vit.
658 5660 814 5712 Patr.
854 5674 935 5722 ιιι,
974 5660 1028 5714 5.

359 5660 481 5799 (32;
525 5724 629 5781 Vit.
672 5718 826 5782 Patr.
864 5744 925 5795 ιι,
954 5728 1007 5783 8.
1041 5727 1101 5784 L.
1136 5729 1174 5798 f.
1208 5729 1260 5781 iu
1300 5726 1438 5781 Data
1478 5743 1532 5781 n.
1569 5725 1625 5781 9..

1982 4604 2053 4645 ne
2082 4605 2237 4645 meus
2274 4596 2368 4646 tua
2415 4587 2705 4659 adﬂigatur,
2742 4596 2797 4643 et
2836 4586 3040 4658 quietis
3074 4584 3294 4641 modum
3334 4596 3564 4642 contur-

1982 4680 2091 4735 bet.

2052 4771 2106 4826 5.
2136 4770 2249 4843 (55)
2278 4771 2398 4824 Alia
2419 4770 2662 4840 ejusdem
2703 4766 2974 4824 sententia
3012 4782 3028 4821 :
3064 4763 3318 4835 Magnum
3343 4765 3569 4835 quidem

1978 4869 2086 4926 est,
2119 4876 2279 4918 orare
2296 4862 2416 4919 sine
2437 4860 2829 4926 distractione;
2863 4857 2957 4916 sed
2971 4856 3152 4928 majus
3183 4863 3268 4914 est
3300 4855 3420 4913 sine
3444 4856 3563 4912 dis-

1979 4953 2250 5010 tractione
2278 4954 2534 5025 psallere.

2049 5047 2106 5103 4.
2139 5047 2253 5117 (54)
2285 5047 2479 5103 Adhuc
2495 5045 2633 5102 dixit
2671 5065 2685 5102 :
2727 5042 3248 5117 Sempermemeuto
3273 5040 3456 5098 exitus
3488 5040 3565 5096 tui

1980 5153 2045 5192 ex
2085 5138 2189 5193 bac
2215 5140 2352 5206 vita,
2378 5154 2481 5197 nec
2518 5137 2870 5196 obliviscaris
2906 5135 3096 5195 aeterni
3126 5134 3357 5209 judicii;
3388 5148 3567 5210 neque

1983 5231 2086 5285 erit
2115 5230 2372 5287 delictum
2396 5233 2452 5287 in
2479 5233 2662 5289 anima
2693 5239 2808 5289 tua.

1974 5627 1982 5634 .
2057 5585 2170 5659 (55)
2220 5585 2324 5659 Vit.
2363 5585 2514 5659 ξων.
2549 5601 2627 5653 ιι,

2059 5654 2169 5728 (3t)
2225 5656 2326 5711 Vit.
2363 5655 2519 5713 Patr.
2558 5672 2638 5724 τι,
2678 5654 2766 5712 i0.
