4036 6202
432 336 537 401 £73

1568 332 1913 390 APPENDIX
1954 331 2043 389 AD
2078 331 2495 393 PALLADIUM.

3605 340 3710 407 176

501 465 555 524 5.
591 462 706 535 (55)
741 460 873 518 Item
909 474 923 515 :
959 456 1113 515 Tolle
1142 456 1493 525 tentationes,
1531 466 1584 514 et
1614 456 1802 514 nullus
1824 457 2011 515 salvus

2187 466 2247 513 ε’.
2299 454 2436 511 Εἶπε
2484 458 2679 513 πάλιν·
2722 458 2967 533 Ἔπαρον
3009 464 3134 529 τοὺς
3191 466 3554 538 πειρασμοὺς,
3610 468 3710 520 καὶ

427 565 556 615 erit.

500 650 554 706 6.
587 647 702 702 Hoc
730 647 890 703 etiam
919 664 934 702 :
972 642 1124 700 Dixit
1151 642 1370 715 quidam
1404 658 1434 698 e
1460 641 1715 699 Patribus
1746 662 1761 699 :
1790 641 2014 703 Aridior

425 748 480 795 et
511 756 619 795 non
647 741 933 810 inrequalis
966 741 1150 795 victus
1197 753 1320 793 cum
1354 737 1624 793 charitate
1657 737 2009 808 conjunctus,

425 834 538 887 cito
590 831 922 885 monachum
993 828 1206 885 inducit
1274 828 1330 882 in
1393 835 1612 898 portum
1657 814 2015 899 impassibili-

432 923 582 979 tatis.

501 1013 548 1066 7.
586 1012 697 1084 (36)
726 1011 929 1069 Factus
968 1020 1055 1069 est
1098 1011 1396 1083 aliquando
1429 1024 1728 1066 consessus
1769 1010 1823 1063 in
1851 1009 2016 1064 Celtis

428 1118 529 1173 pro
560 1104 779 1174 negotio
815 1102 1075 1174 qundam,
1109 1112 1274 1173 atque
1305 1102 1522 1157 loculus
1562 1108 1647 1156 est
1679 1101 1849 1171 abbas
1878 1098 2017 1155 Eva-

428 1197 602 1268 grius.
652 1194 795 1251 Dicit
838 1195 888 1251 ei
931 1194 1226 1266 presbyter,
1251 1211 1273 1249 'z
1315 1192 1552 1259 Scimus,
1591 1192 1751 1258 abba,
1793 1191 1941 1262 quod
1970 1194 2016 1245 si

428 1301 582 1343 esses
615 1285 670 1340 in
703 1285 928 1356 regione
960 1290 1075 1349 tua,
1125 1289 1177 1339 et
1216 1283 1513 1355 episcopus
1554 1296 1697 1351 saepe
1733 1288 1789 1337 et
1820 1279 2019 1335 multo-

429 1394 549 1434 rum
572 1384 737 1447 eaput
770 1377 1106 1433 constitutus
1144 1374 1379 1442 fuisses;
1408 1389 1556 1429 nunc
1583 1389 1712 1430 vero
1755 1381 2015 1443 tanquam

428 1470 752 1542 peregrinus
775 1466 863 1529 hic
900 1467 1084 1524 sedes.
1109 1467 1205 1522 Ille
1237 1465 1662 1536 compunctione
1685 1465 1885 1520 ductus
1909 1479 2017 1519 non

428 1564 687 1619 turbatus
719 1568 829 1624 est,
881 1558 978 1616 sed
1026 1558 1207 1631 capite
1238 1569 1387 1614 muto
1430 1558 1570 1613 dixit
1612 1560 1661 1613 ci
1697 1578 1708 1612 :
1758 1556 1902 1621 Sane
1943 1557 2019 1611 ita

430 1662 535 1717 est,
566 1653 748 1708 Pater.
778 1649 981 1708 Verum
1014 1649 1175 1705 rente!
1207 1650 1410 1704 locutus
1440 1666 1592 1716 sum;
1620 1658 1669 1704 et
1699 1651 1887 1704 itcrunt
1914 1664 2019 1703 non

432 1744 685 1813 adjiciam
704 1743 772 1796 ⁷ο.
1384 1742 1389 1747 ’

893 1856 971 1912 De
1001 1855 1190 1910 abbate
1219 1854 1560 1910 Euda’mone.

503 1970 578 2025 De
592 1970 789 2025 abbate
810 1967 1123 2040 Paphnutio
1140 1965 1300 2022 Patre
1322 1966 1544 2022 Secteos
1561 1965 1699 2020 dixit
1717 1964 1890 2020 abbas
1906 1961 2016 2016 Eu-

430 2061 642 2115 daemon
677 2079 689 2113 :
720 2058 855 2114 Illuc
891 2057 1150 2115 descendi
1194 2059 1437 2128 juvenis,
1464 2073 1588 2113 mec
1634 2057 1882 2127 permisit
1928 2069 2017 2111 me

435 2166 681 2215 manere,
754 2149 946 2205 dicens
999 2149 1067 2204 de
1109 2150 1157 2180 τί
1213 2163 1320 2214 me,
1362 2148 1583 2204 Vultum
1631 2148 1877 2204 mulieris
1908 2161 2015 2202 non

431 2242 690 2319 permitto
732 2255 954 2297 manere
983 2240 1041 2295 in
1069 2238 1240 2308 Secti,
1282 2248 1506 2310 propter
1532 2240 1741 2294 inimici
1776 2240 2011 2295 insulta-

431 2332 652 2389 tionem.

886 2444 1234 2513 ‘Principium
1264 2443 1459 2497 litterae
1484 2439 1541 2494 Ζ.

950 2554 1028 2608 De
1050 2553 1238 2606 abbate
1264 2551 1494 2606 Zenone.

503 2650 557 2704 1.
585 2649 700 2720 (57)
753 2645 898 2702 Dixit
929 2645 1099 2702 abbas
1135 2644 1282 2701 Zeno
1330 2645 1475 2700 beati
1518 2642 1726 2700 Silvani
1770 2641 2014 2716 discipu-

430 2742 519 2797 lus
552 2760 566 2797 :
606 2738 684 2795 Ne
705 2754 927 2794 maneas
968 2738 1024 2792 in
1051 2737 1172 2792 loco
1212 2736 1435 2799 celebri,
1472 2750 1573 2791 nec
1615 2735 1860 2790 residens
1888 2749 2011 2789 cum

431 2832 651 2889 homine
675 2830 857 2901 magni
888 2827 1147 2892 nominis,
1174 2842 1354 2897 neque
1386 2826 1572 2882 mittas
1597 2825 2012 2881 fundamentum

433 2932 492 2979 ut
522 2924 712 2981 cellam
747 2922 840 2977 tibi
870 2919 1108 2977 aediﬁces
1144 2919 1457 2990 aliquando.

500 3102 558 3155 2.
594 3098 916 3153 [intulerunt
938 3092 1007 3152 de
1028 3094 1223 3152 abbate
1245 3072 1485 3160 Zenone,
1509 3091 1653 3163 quod
1677 3090 1831 3146 initio
1855 3088 2015 3160 quid-

431 3192 581 3271 piam
613 3205 644 3244 a
670 3189 927 3260 quopiam
963 3186 1183 3243 nolebat
1207 3185 1480 3255 accipere.
1522 3182 1678 3239 Unde
1702 3183 1795 3254 qui
1820 3182 2015 3237 aﬂerc-
2042 3163 2090 3226 ίἱ

433 3284 587 3348 bant,
624 3279 957 3337 recedebant
1012 3278 1219 3343 tristes,
1270 3277 1415 3347 quod
1461 3291 1569 3331 non
1611 3275 1904 3346 acciperet.
1951 3272 2017 3328 Et

435 3375 529 3429 alii
562 3373 627 3428 ad
659 3387 784 3429 eum
823 3369 1134 3437 veniebant,
1171 3369 1419 3425 volentes
1453 3368 1721 3438 accipere,
1756 3377 2014 3439 tanquam

437 3481 467 3521 a
498 3480 697 3536 magno
737 3478 888 3529 sene,
942 3478 1044 3518 nec
1095 3462 1333 3517 habebat
1391 3460 1538 3532 quod
1586 3461 1761 3524 daret,
1803 3460 2018 3531 ipsique

444 3558 631 3614 tristes
676 3554 1069 3611 abscedebant.
1098 3554 1191 3608 Ait
1238 3568 1404 3610 senex
1436 3571 1449 3607 :
1482 3551 1622 3619 Quid
1665 3552 1858 3623 agam?
1889 3552 2021 3623 quia

439 3651 837 3707 contristantur
863 3655 973 3703 tam
994 3651 1087 3721 qui
1111 3647 1365 3713 atl‘erunt,
1388 3662 1553 3720 quam
1580 3646 1673 3719 qui
1695 3660 1894 3718 capere
1917 3661 2017 3701 cu-

441 3744 619 3813 piunt.
656 3740 771 3797 Hoc
800 3749 1025 3813 praestat
1071 3760 1085 3798 :
1122 3741 1171 3799 si
1209 3742 1334 3813 quis
1387 3738 1577 3797 afferat
1628 3754 1867 3806 sumam,
1890 3746 1945 3795 et
1971 3738 2019 3795 si

439 3837 564 3909 quis
591 3844 739 3907 petat
764 3834 1018 3906 praebebo
1050 3835 1121 3891 ei.
1162 3834 1340 3906 Atque
1384 3833 1456 3887 ita
1502 3831 1730 3898 faciens,
1783 3831 2019 3902 quietem

441 3927 654 3995 habuit,
681 3928 1007 3998 cunctisque
1037 3925 1326 3984 satisfecit.

512 4023 566 4077 5.
599 4021 709 4093 (58)
741 4019 905 4076 Venit
937 4018 1107 4077 frater
1143 4015 1438 4090 Egyptius
1462 4016 1742 4073 visitatum
1766 4010 2019 4070 abbatem

441 4111 718 4169 Zenonem
746 4113 802 4168 in
838 4112 1018 4185 Syria,
1048 4121 1101 4168 et
1134 4109 1436 4167 accusabat
1460 4123 1644 4164 coram
1669 4122 1799 4163 sene
1816 4103 2025 4176 cogita--

442 4204 620 4259 tiones
664 4220 817 4259 suas.
844 4205 943 4258 Ille
987 4217 1118 4258 vero
1163 4202 1467 4258 admiratus
1518 4200 1658 4256 dixit
1706 4194 2018 4270 :Egyptii,

443 4308 581 4363 quas
604 4293 823 4361 quidem
857 4292 1106 4346 obtinent
1137 4293 1389 4373 virtutes,
1425 4293 1732 4357 occultant;
1763 4304 1903 4360 quos
1925 4303 2024 4342 au-

442 4390 551 4435 tem
577 4393 685 4434 non
712 4379 914 4434 habent
945 4380 1214 4445 defectus,
1249 4395 1345 4436 eos
1393 4388 1659 4436 accusant
1707 4378 1972 4435 continuo
2004 4394 2020 4432 :

442 4472 567 4546 Syri
601 4479 782 4527 autem
810 4479 864 4527 et
895 4470 1093 4538 Graeci,
1126 4485 1265 4541 quas
1293 4473 1512 4542 quidem
1549 4481 1659 4527 non
1687 4471 1891 4527 habent
1912 4470 2023 4527 vir-

442 4572 613 4631 tutes,
643 4566 846 4621 habere
876 4578 935 4620 se
965 4564 1299 4635 praedicant;
1340 4579 1482 4635 quos
1518 4579 1649 4621 vero
1679 4562 1880 4619 habent
1923 4562 2021 4617 de-

439 4652 639 4721 tectus,
665 4654 1029 4712 abscondunt.

511 4748 565 4803 ι.
606 4745 716 4819 (59)
746 4747 828 4802 Ad
876 4763 1002 4804 eum
1054 4754 1321 4803 venerunt
1366 4746 1592 4813 fratres,
1643 4746 2022 4819 sciscitatique

441 4846 572 4895 sunt
602 4838 689 4894 bis
724 4838 905 4896 verbis
938 4858 952 4895 :
981 4839 1255 4907 Quidnam
1310 4839 1413 4896 sibi
1449 4838 1565 4894 vult
1596 4837 1743 4910 quod
1779 4839 1833 4893 in
1879 4838 2039 4911 libro,

445 4926 545 4985 ἔοι)
573 4930 836 5000 scriptum
868 4939 990 4987 est:
1024 4929 1226 4986 Cretum
1258 4940 1433 4984 autem
1463 4930 1718 4985 mundum
1740 4946 1844 4984 non
1860 4937 1937 4984 est
1964 4930 2018 4984 in

446 5032 721 5091 conspectu
751 5022 864 5087 eius
899 5022 972 5076 "‘I
999 5019 1300 5093 Respondit
1330 5036 1495 5079 senex
1529 5039 1541 5074 :
1578 5020 1742 5076 Missa
1773 5020 2020 5076 fecerunt

449 5112 643 5169 .‘ratrcs
680 5124 902 5185 peccata
942 5124 1064 5181 sua,
1100 5123 1155 5171 et
1198 5114 1266 5170 de
1306 5114 1464 5171 cretis
1500 5120 1839 5169 scrutantur.
1871 5109 2024 5168 lianc

448 5216 579 5256 vero
611 5205 778 5261 habet
809 5206 1313 5279 interpretationem
1351 5215 1534 5262 textus
1569 5224 1581 5260 :
1613 5204 1885 5272 Quoniam
1910 5206 2027 5276 ipse

444 5292 598 5350 solus
638 5294 778 5353 Deus
824 5300 1061 5356 mundus
1093 5309 1197 5365 est,
1229 5299 1352 5357 ideo
1378 5299 1514 5355 dixit
1546 5319 1559 5355 :
1617 5295 1818 5354 Caelum
1849 5308 2026 5353 autem

444 5385 699 5441 mundum
735 5401 837 5442 non
864 5402 963 5447 est.
1045 5440 1048 5442 ν

516 5499 564 5535 ⁷⁸
592 5498 694 5555 Job
717 5516 905 5568 xxxix,
942 5507 1040 5561 ult.
1116 5510 1162 5542 '”
1190 5506 1275 5562 Al.
1304 5506 1421 5563 sub.
1498 5507 1543 5537 "
1570 5502 1672 5560 Joh
1699 5521 1786 5570 xv,
1818 5504 1903 5560 15.
1982 5504 2020 5536 ⁷⁸

2131 5543 2147 5560 .
2183 5504 2277 5559 καὶ

518 5614 633 5689 (55)
673 5613 814 5689 in
837 5618 1093 5689 Antonio,
1118 5640 1172 5676 η.
1200 5624 1265 5686 5;
1299 5623 1544 5679 Socrates
1570 5636 1646 5684 tv,
1679 5619 1769 5676 23.

518 5684 633 5755 (36)
683 5684 789 5739 Vit.
827 5687 978 5741 Patr.
1016 5692 1207 5750 “1,2.
1252 5684 1259 5686 ⁷
1446 5708 1449 5713 ·
1510 5709 1515 5715 '

518 5757 631 5831 (37)
680 5756 785 5814 Vit.
828 5755 983 5812 Patr.
1018 5774 1133 5828 vm,
1175 5760 1226 5816 5.

2115 548 2291 613 06651;
2324 552 2352 603 6
2380 551 2709 621 σωζόμενος.

2186 648 2263 706 ς’.
2299 637 2434 695 Eius
2463 642 2644 707 πάλιν,
2678 644 2761 697 ὅτι
2793 644 2989 714 Ἔλεγέ
3035 662 3121 709 τις
3160 646 3270 699 τῶν
3302 648 3595 721 Πατέρων·
3640 651 3711 705 Ἡ

2115 730 2386 803 ξηροτέρα
2404 734 2497 787 καὶ
2523 733 2569 765 ⁷³
2595 732 2883 804 ἀνώμαλος
2899 734 3097 801 δίαιτα,
3117 737 3305 810 ἀγάπῃ
3330 739 3707 809 συζευχθείσα,

2117 823 2315 878 θᾶττον
2341 824 2552 894 εἰσάγει
2583 825 2675 879 τὸν
2702 828 2939 898 μοναχὸν
2962 829 3043 891 εἰς
3071 826 3162 880 τὸν
3191 828 3291 899 τῆς
3316 829 3587 894 ἀπαθείας
3624 832 3710 886 λι-

2118 917 2275 988 μένα.

2183 1008 2250 1074 ζ’.
2295 1009 2545 1080 Ἐγένετό
2582 1030 2714 1067 ποτε
2768 1014 3044 1087 συνέδριον
3078 1019 3161 1081 είς
3199 1017 3266 1071 τά
3310 1017 3514 1072 Κελλία
3577 1020 3713 1089 περι

2117 1104 2466 1175 πράγματος,
2496 1104 2590 1158 καὶ
2623 1104 2887 1176 ἐλάλησεν
2927 1107 2955 1158 6
3002 1107 3178 1170 άὸσᾶς
3211 1108 3503 1181 Εὑάγριος.
3543 1108 3709 1177 Λέγει

2121 1192 2274 1264 αὐτῷ
2323 1196 2353 1248 6
2390 1193 2793 1267 πρεσϐύτερος’
2835 1196 3091 1269 Οἴδαμεν,
3124 1197 3290 1263 ἀὸὄᾶ,
3331 1200 3412 1252 ὅτι
3448 1202 3496 1253 εἰ
3545 1196 3611 1271 ᾗς
3648 1202 3713 1252 ἐν

2116 1287 2182 1355 τῇ
2214 1283 2367 1357 χώρᾳ
2417 1303 2533 1351 σου,
2582 1289 2676 1340 καὶ
2706 1288 3005 1353 ἐπίσκοπος
3052 1290 3316 1355 πολλάκις
3353 1293 3447 1346 καὶ
3494 1292 3709 1363 κεφαλὴ·

2121 1377 2333 1432 πολλῶν
2358 1374 2503 1449 εἶχες
2537 1376 2706 1434 εἶναι·
2740 1382 2836 1434 νῦν
2866 1382 2924 1435 δὲ
2966 1383 3042 1447 ὡς
3069 1383 3221 1450 ξένος
3250 1384 3456 1456 καθέζῃ
3488 1378 3608 1440 ὧδε.
3646 1386 3707 1439 '0

2118 1468 2176 1522 δὲ
2221 1471 2551 1539 κατανυγεὶς
2583 1472 2684 1525 οὐκ
2729 1473 3026 1545 ἐταράχθη,
3053 1474 3190 1529 άλλά
3222 1477 3455 1547 κινήσας
3485 1477 3584 1546 τὴν
3612 1494 3708 1529 κε-

2123 1554 2319 1630 φαλὴν,
2381 1559 2531 1628 λέγει
2587 1562 2775 1632 αὐτῷ·
2841 1564 3078 1631 Ἀληθῶς
3130 1566 3267 1630 ἐστι,
3320 1568 3522 1639 Πάτερ.
3556 1568 3711 1639 Πλὴν

2119 1648 2282 1713 ἅπαξ
2311 1648 2609 1719 ἐλάλησα,
2638 1652 2733 1705 ἐπὶ
2759 1652 2826 1705 δὲ
2857 1653 2937 1717 τῷ
2964 1654 3218 1723 δευτέρῳ
3254 1658 3322 1711 οὐ
3349 1658 3696 1725 προσθήσω.

2473 1853 2613 1921 Περὶ
2641 1853 2748 1908 τοῦ
2783 1853 2934 1911 άϐϐᾶ
2958 1853 3350 1924 Εὐδαίμονος.

2193 1959 2364 2019 Εἶπεν
2391 1965 2420 2017 6
2446 1965 2621 2029 666d;
2668 1965 2956 2038 Εὐδαίμων
2993 1963 3237 2037 περὶτοῦ
3277 1965 3423 2019 ἀ66ᾶ
3457 1967 3709 2034 Παφνου-

2122 2056 2240 2111 τίου
2287 2057 2381 2111 τοῦ
2426 2058 2642 2128 Πατρὸς
2679 2059 2778 2129 τῆς
2828 2059 3105 2130 Σκήτεως,
3138 2059 3221 2111 ὅτι
3264 2058 3551 2129 Κατῆλθον
3594 2060 3714 2113 ἐκεῖ

2120 2146 2407 2217 νεώτερος,
2432 2146 2527 2198 καὶ
2550 2148 2651 2199 οὐκ
2679 2147 2860 2216 ἀφῆκέ
2891 2165 2958 2218 με
2984 2150 3164 2219 μεῖναι
3193 2150 3327 2213 ἐκεῖ,
3352 2148 3529 2217 λέγων
3613 2151 3711 2203 ἐπὶ

2121 2234 2276 2303 ἐμοῦ,
2309 2234 2470 2303 Ὄφιν
2496 2236 2753 2303 γυναικὸς
2776 2237 2876 2290 οὐκ
2901 2237 3046 2307 άφιῶ
3078 2241 3257 2309 μεῖναι
3285 2241 3364 2303 είς
3378 2240 3716 2313 Σκῆτιν,διά

2119 2324 2211 2379 τὸν
2242 2324 2478 2397 πόλεμον
2512 2326 2605 2379 τοῦ
2634 2326 2851 2398 ἐχθροῦ.

2548 2439 2716 2511 Ἀρχὴ
2739 2438 2833 2493 τοῦ
2881 2442 3147 2512 στοιχείου
3194 2445 3253 2497 Ζ.

2510 2551 2649 2620 Περὶ
2682 2552 2789 2608 τοῦ
2829 2552 2980 2610 ἀϐϐᾶ
3008 2554 3307 2623 Ζήνωνος.

2189 2643 2255 2699 α’.
2292 2644 2459 2702 Εἶπεν
2492 2646 2520 2697 6
2546 2643 2722 2707 666a;
2762 2636 2947 2717 Ζήνων
2972 2647 3001 2698 6
3034 2646 3282 2717 μαθητὴς
3303 2645 3396 2699 τοῦ
3431 2648 3716 2720 μακαρίου

2122 2735 2445 2790 Σιλουανοῦ·
2507 2736 2599 2805 Μὴ
2648 2736 2877 2809 οἰκήσῃς
2922 2737 2979 2789 ὲν
3025 2734 3176 2807 τόπῳ
3212 2738 3517 2810 ὀνομαστῴ,
3574 2739 3709 2810 μηδὲ

2123 2830 2352 2902 καθίσῃς
2383 2828 2520 2899 μετά
2554 2827 2843 2899 ἀνθρώπου
2901 2826 3116 2898 ἔχοντος
3163 2827 3306 2898 μέγα
3339 2827 3532 2899 ὄνομα,
3571 2830 3713 2901 μηδὲ

2125 2920 2293 2992 βάλῃς
2332 2918 2580 2990 θεμέλιον
2611 2918 2705 2971 τοῦ
2750 2916 3103 2989 οἰκοδομῆσαι
3141 2916 3319 2988 ἐαυτῷ
3349 2916 3559 2973 κελλίον
3594 2917 3709 2972 πώ-

2123 3030 2274 3067 ποτε.

2193 3103 2257 3173 β’.
2298 3103 2524 3182 Ἔλεγον
2556 3101 2799 3173 περὶτοῦ
2825 3101 2971 3155 ἀϐϐᾶ
2995 3102 3266 3174 Ζήνωνος,
3292 3101 3375 3154 ὅτι
3396 3102 3491 3155 ἀπ’
3531 3099 3711 3171 ἀρχῆς

2121 3196 2222 3249 ούκ
2253 3194 2414 3267 ήθελε
2447 3194 2631 3247 λαϐεῖν
2665 3192 2818 3265 παρά
2843 3194 2986 3257 τινός
3013 3193 3066 3247 τί
3114 3210 3265 3247 ποτε.
3302 3193 3415 3248 Καὶ
3457 3191 3708 3246 ἐντεῦθεν

2119 3289 2172 3341 οἱ
2200 3287 2459 3358 φέροντες
2521 3288 2832 3358 ἀπήρχοντο
2877 3285 3232 3357 λυπούμενοι,
3277 3286 3360 3339 ὅτι
3392 3285 3493 3338 οὐκ
3534 3283 3708 3355 ἐλάμ-

2120 3382 2275 3434 ϐανε.
2300 3380 2411 3433 Καὶ
2443 3378 2594 3433 ἄλλοι
2619 3380 2850 3451 ήρχοντο
2874 3379 3009 3451 πρὸς
3032 3377 3218 3442 αὑτὸν,
3244 3376 3429 3431 λαὸεἰν
3459 3375 3707 3438 θέλοντες

2122 3473 2199 3538 ὡς
2231 3472 2385 3544 παρά
2436 3473 2676 3544 μεγάλου
2724 3472 3000 3543 γέροντος,
3040 3472 3134 3524 καὶ
3157 3469 3258 3524 οὐκ
3284 3466 3397 3541 εἶχέ
3429 3488 3480 3524 τι
3520 3467 3707 3522 δοῦναι

2121 3565 2330 3632 αὐτοῖς,
2349 3564 2445 3619 καὶ
2471 3564 2626 3618 αὐτοὶ
2655 3564 2866 3636 ὑπῆγον
2891 3560 3244 3632 λυπούμενοι.
3271 3560 3484 3630 Λέγειό
3502 3560 3703 3630 γέρων·

2122 3655 2189 3709 Τί
2223 3655 2459 3726 ποιήσω,
2496 3653 2579 3707 ὃτι
2619 3653 2715 3707 καὶ
2754 3655 2802 3705 οἱ
2851 3651 3111 3724 φέροντες
3147 3649 3468 3715 λυποῦνται,
3518 3649 3611 3702 καὶ
3654 3650 3706 3703 οε

2121 3747 2309 3802 λαϐεῖν
2338 3745 2619 3813 θέλοντες;
2648 3744 2820 3799 Τοῦτο
2846 3745 3046 3818 μᾶλλον
3084 3744 3376 3816 συμφέρειν
3411 3742 3466 3796 ετ
3493 3760 3576 3805 τις
3607 3741 3708 3813 φέ-

2126 3857 2231 3913 ρει,
2273 3837 2559 3909 λαμὸάνω,
2593 3837 2687 3891 καὶ
2728 3835 2783 3889 εἰ
2818 3854 2901 3901 τις
2940 3838 3083 3890 αἰτεῖ
3120 3837 3348 3909 παρέχω
3381 3833 3552 3905 αὐτῷ.
3596 3834 3708 3887 Καὶ

2121 3930 2296 3996 οὓτως
2325 3931 2563 4003 ποιήσας
2606 3927 2930 3993 ἀνεπαύετο,
2958 3928 3054 3982 καὶ
3084 3926 3293 3991 πάντας
3316 3923 3706 3997 ὲπληροφόρει.

2193 4028 2264 4091 γ’.
2306 4018 2626 4094 Παρέδαλεν
2654 4018 2883 4089 ἁδελφὸς
2907 4018 3206 4087 Αἰγύπτιος
3232 4017 3309 4089 τῷ
3337 4016 3481 4088 ά66ᾀ⁹
3498 4017 3709 4088 Ζήνωνι

2123 4113 2204 4177 εἰς
2264 4111 2486 4184 Συρίαν,
2537 4110 2634 4163 καὶ
2685 4111 2983 4181 κατηγόρει
3029 4108 3139 4163 τῶν
3177 4106 3455 4178 λογισμῶν
3512 4105 3707 4161 ἑαυτοῦ

2126 4206 2218 4260 ἐπὶ
2248 4204 2343 4258 τοῦ
2368 4204 2641 4275 γέροντος.
2682 4203 2739 4257 '0
2777 4202 2834 4255 δὲ
2874 4201 3163 4272 θαυμάσας
3225 4194 3413 4253 εἶπενο
3447 4201 3510 4253 0t
3540 4199 3709 4267 Αίγύ-

2127 4311 2296 4359 πτιοι,
2329 4293 2396 4358 ἃς
2425 4294 2522 4365 μὲν
2544 4293 2761 4364 ἔχουσιν
2797 4292 3021 4365 ἀρετὰς,
3066 4289 3423 4362 κρύπτουσιν,
3462 4287 3500 4342 ἃ
3527 4287 3584 4341 δὲ
3607 4289 3710 4342 οὐκ

2136 4384 2352 4457 ἔχουσιν
2394 4381 2772 4454 ἐλαττώματα,
2809 4380 3016 4435 τούτων
3069 4379 3158 4433 ἀεὶ
3190 4377 3617 4451 κατηγοροῦσιν
3657 4378 3709 4431 οἱ

2055 4507 2101 4562 Β
2129 4478 2187 4532 δὲ
2214 4476 2379 4548 Σύροι
2407 4476 2504 4529 καὶ
2538 4477 2589 4529 ot
2629 4474 2954 4545 Ἑλληνικοὶ,
2982 4473 3050 4537 ἃς
3082 4472 3180 4544 μὲν
3208 4472 3309 4526 οὐκ
3338 4471 3552 4543 ἔχουσιν
3577 4470 3709 4541 ἀρε-

2127 4568 2249 4635 τὰς,
2283 4566 2537 4636 λέγουσιν
2574 4565 2744 4638 ἔχειν,
2776 4563 2813 4620 ἃ
2835 4563 2894 4618 δὲ
2919 4563 3133 4636 ἔχουσιν
3165 4560 3544 4633 ἐλαττώματα,
3577 4559 3711 4631 κρύ-

2124 4674 2369 4713 πτουσιν.

2189 4749 2253 4805 δ’.
2302 4744 2510 4804 *Ηλθον
2557 4748 2696 4821 πρὸς
2749 4747 2914 4802 αὐτὸν
2964 4747 3207 4817 ἀδελφοὶ,
3268 4745 3364 4800 καὶ
3415 4742 3708 4816 ἠρώτησαν

2124 4839 2310 4905 αὐτὸν,
2341 4838 2593 4909 λέγοντες
2613 4856 2628 4872 ·
2658 4837 2725 4893 Τί
2762 4841 2878 4893 ἐστι
2920 4839 2981 4893 τὸ
3009 4840 3067 4893 ὲν
3100 4838 3179 4908 τῷ
3222 4837 3341 4891 ’1ὼὸ
3391 4835 3710 4909 γεγραμμέ-

2125 4949 2215 4987 νον
2240 4950 2253 4964 ·
2282 4930 2548 4999 Οὐρανὸς
2558 4929 2627 4983 δὲ
2646 4931 2717 4985 οὐ
2737 4930 2995 4998 καθαρὸς
3009 4927 3270 4983 ἐνώπιον
3293 4927 3517 4990 αὐτοῦς
3554 4928 3711 4979 Ἀπο-

2127 5024 2339 5098 “mea?
2368 5024 2426 5078 δὲ
2449 5026 2480 5078 ὁ
2514 5022 2695 5096 γέρων
2717 5019 2872 5077 εἶπεν
2892 5023 3076 5085 αὺτοῖς
3093 5037 3107 5052 ·
3146 5020 3392 5091 Ἀφῆκαν
3416 5020 3467 5073 ot
3491 5018 3713 5087 ἀδελφοὶ
3780 5028 3797 5069 ἐ

2128 5115 2228 5179 τὰς
2254 5114 2534 5187 ἁμαρτίας
2556 5113 2758 5178 αὐτῶν,
2786 5112 2884 5168 καὶ
2913 5113 3175 5184 περὶτῶν
3209 5110 3455 5182 οὐρανῶν
3492 5110 3539 5143 ⁷⁵
3566 5110 3715 5179 ὲρευ-
3780 5166 3785 5173 ρ

2124 5207 2308 5262 νῶσιν.
2349 5206 2498 5279 Αὕτη
2538 5206 2595 5260 δέ
2611 5206 2758 5260 ἐστιν
2788 5206 2822 5276 ή
2848 5204 3121 5279 ἑρμηνεία
3149 5203 3244 5258 τοῦ
3266 5203 3445 5271 λόγου·
3491 5200 3712 5270 Ἐπειδὴ

2123 5298 2286 5361 αὐτὸς
2316 5298 2476 5367 μόνος
2509 5297 2627 5351 ἐστὶ
2649 5296 2909 5369 καθαρὸς,
2934 5297 3023 5351 διὰ
3038 5296 3196 5352 τοῦτο
3223 5291 3374 5350 εἶπεν
3396 5312 3408 5325 ·
3441 5292 3709 5363 Οὐραγές

2125 5381 2194 5442 δὲ
2217 5391 2289 5443 οὐ
2320 5391 2576 5459 καθαρός
2609 5390 2797 5447 ἐστιν.
3771 5376 3779 5436 ξ

2479 5503 2527 5535 ⁷⁸
2556 5504 2641 5559 Al.
2670 5506 2954 5577 οὐρανίων.

2198 5618 2310 5688 (58)
2354 5619 2460 5674 Vit.
2500 5617 2650 5672 Patr.
2690 5635 2769 5683 ltl,
2802 5621 2855 5674 3.

2198 5688 2308 5762 (39)
2362 5689 2460 5743 Vit.
2507 5689 2639 5744 Patr
2693 5709 2740 5757 Χ,
2773 5689 2867 5743 22.
