4012 6208
265 343 373 401 ίῖπ

1456 315 2079 388 ΑΡΟΡΗΤΗΕΟΜΑΤΑ
2116 325 2427 389 PATRUM.

3436 342 3558 407 ,178

338 460 402 520 ι’.
449 459 682 529 Ἔλεγον
707 458 837 533 περὶ
863 456 958 510 τοῦ
982 455 1128 511 ἀσόἆ
1155 455 1424 525 Ζήνωνος,
1449 453 1533 508 ὅτι
1555 450 1862 523 καθήμενος

2041 450 2095 506 5.
2123 451 2238 522 (40)
2268 452 2534 512 Dicebant
2566 456 2635 515 de
2656 456 2853 517 abbate
2877 461 3121 531 Zenone,
3144 475 3293 537 quod
3319 480 3446 523 cum
3472 422 3563 525 res

280 555 337 608 ὲν
364 555 434 625 τῇ
458 552 685 624 Σκήτει,
707 549 902 621 ἐξῆλθε
928 550 1122 614 νυκτὸς
1150 548 1217 602 ὲκ
1242 548 1341 620 τῆς
1368 546 1564 624 κέλλης
1596 543 1761 599 αὐτοῦ
1790 543 1867 607 ὡς

274 645 367 699 ἐπὶ
381 644 444 698 τὸ
474 643 631 708 ἒλος·
664 643 760 697 καὶ
792 641 1091 714 πλανηθεὶς
1113 638 1335 712 ἐποίησε
1364 641 1511 713 τρεῖς
1542 637 1756 710 ἡμέρας
1775 634 1868 690 καὶ

276 739 421 807 τρεῖς
474 735 680 799 νύκτας
732 732 1085 806 περιπατῶνο
1128 732 1222 788 καὶ
1273 731 1574 797 κοπιάσας,
1631 728 1870 784 ἐκλιπὼν

276 827 473 880 ἔπεσεν
506 829 588 890 εὶς
624 826 687 879 τὸ
727 824 1041 879 ἀποθανεῖν.
1079 824 1191 877 Kal
1247 822 1354 877 ἰδοὺ
1405 821 1691 893 παιδάριον
1735 819 1866 890 ἔστη

278 918 510 973 ὲνώπιον
548 917 749 983 αὑτοῦ,
789 916 912 989 ἔχον
956 916 1121 987 ἄρτον
1159 915 1252 969 καὶ
1301 914 1594 985 βαυκάλιον
1643 912 1834 975 ὓδατος
1853 929 1867 943 ·

271 1014 370 1068 καὶ
414 1014 605 1082 ἔλεγεν
646 1012 833 1084 αὐτῷ’
894 1011 1149 1077 Ἀνάστα,
1196 1009 1359 1079 φάγε.
1418 1010 1474 1063 Ὀ
1506 1008 1564 1062 δὲ
1607 1006 1868 1072 ἀναστὰς,

274 1106 652 1182 προσηύξατο,
692 1105 932 1176 νομίζων
968 1104 1051 1157 ὅτι
1093 1101 1364 1172 φαντασία
1403 1101 1450 1134 ⁷⁸
1497 1101 1664 1155 ἐστιν.
1719 1100 1778 1153 ⁸0
1814 1099 1871 1153 δὲ

274 1197 431 1255 εἶπεν
488 1198 661 1270 αὐτῷ’
714 1196 914 1261 Καλῶς
964 1194 1251 1268 ἐποίησας.
1296 1195 1407 1248 Kal
1453 1194 1616 1249 πάλιν
1669 1191 1873 1265 ηὔξατο

272 1293 534 1366 δεύτερον
598 1292 695 1346 καὶ⁵
747 1292 953 1363 τρίτον..
1020 1289 1134 1343 Kal.
1197 1288 1349 1357 λέγει
1420 1287 1569 1359 αὑτῷ
1590 1304 1605 1320 υ
1674 1285 1872 1349 Καλῶς

278 1388 567 1458 ἐποίησας.
614 1383 882 1448 Ἀναστὰς
919 1377 1011 1437 οὖν
1046 1383 1074 1436 6
1107 1380 1307 1453 γέρων,
1337 1379 1495 1433 ἔλαϐε
1546 1380 1643 1432 καὶ
1678 1378 1870 1446 ἔφαγε.

282 1481 399 1533 Kal
440 1478 575 1550 μετὰ
605 1474 780 1530 ταῦτα
825 1475 973 1543 λέγει
1020 1472 1201 1543 αὑτῷ·
1234 1473 1400 1525 Ὅσον
1435 1470 1871 1542 περιεπάτησας,

282 1571 539 1627 τοσοῦτον
564 1567 614 1624 εἷ
637 1568 855 1642 μακρὰν
877 1568 984 1621 ἀπὸ
1007 1567 1105 1637 τῆς
1129 1564 1323 1635 κέλλης
1355 1582 1450 1617 σου
1468 1581 1482 1595 ο
1507 1562 1620 1617 ἀλλ’
1642 1562 1871 1627 ἀνάστα,

280 1663 573 1716 ἀκολούθει
628 1679 737 1732 μοι.
789 1660 899 1712 Kal
943 1657 1146 1720 εὐθέως
1190 1655 1389 1727 εὑρέθη
1433 1656 1514 1717 εἰς
1553 1654 1616 1707 τὸ
1663 1653 1874 1707 κελλίον

285 1755 475 1808 αὑτοῦ.
510 1750 679 1807 Εἶπεν
723 1748 815 1806 οὖν
847 1748 998 1820 αὑτῷ
1040 1750 1069 1802 6
1104 1747 1321 1820 γέρων·
1368 1744 1615 1813 Εῐσελθε,
1648 1745 1874 1814 ποίησον

1977 539 2179 597 sideret
2218 542 2277 598 in
2321 542 2491 612 Sceti,
2533 548 2666 604 exiit
2698 558 2863 606 noctu
2899 553 3104 610 excella
3146 570 3263 621 sua,
3296 563 3560 629 tanquam

1977 631 2044 685 ad
2076 633 2331 702 paludem
2353 636 2855 709 proiecturus;sed
2903 656 2936 696 a
2979 644 3068 697 via
3122 644 3408 710 aberrans,
3464 663 3564 718 per

1979 730 2091 780 tres
2141 725 2261 782 dies
2304 741 2370 783 ac
2420 737 2609 809 noctes
2670 733 2973 789 ambulavit
3004 736 3038 806 [ε
3087 737 3229 792 unde
3279 736 3561 809 fatigatus,

1979 814 2239 874 deﬁciens
2268 806 2466 875 cecidit
2499 823 2647 878 velut
2680 826 3004 882 moriturus.
3041 825 3108 881 Et
3139 842 3268 884 ecce
3299 806 3562 899 puerulus

1978 921 2166 963 coram
2190 924 2257 964 eo
2284 912 2451 978 stetit,
2488 929 2683 983 panem
2715 926 2906 973 tenens
2945 934 3070 974 cum
3113 935 3268 990 aqua;
3310 922 3557 988 baucali;

1980 1000 2227 1073 dixitque
2262 1024 2275 1060 :
2314 1004 2509 1078 Surge,
2551 1010 2796 1067 comede.
2843 1011 2938 1068 Ille
2982 1029 3112 1069 vero
3146 1028 3401 1085 surgens,
3434 1030 3561 1086 pre-

1980 1098 2140 1147 catus
2186 1100 2273 1149 est
2337 1112 2350 1148 :
2409 1096 2639 1165 putabat
2696 1100 2841 1155 enim
2901 1103 3227 1173 phantasma
3278 1119 3420 1161 esse.
3472 1105 3564 1161 Ait

1981 1184 2248 1251 puerulus
2283 1203 2297 1240 :
2335 1184 2504 1242 Recte
2533 1186 2734 1245 fecisti.
2783 1191 2850 1246 Et
2890 1193 3069 1249 adhuc
3101 1195 3281 1251 oravit
3318 1196 3562 1254 secundo

1982 1288 2046 1329 ac
2086 1276 2266 1331 tertio.
2312 1276 2452 1333 Tum
2496 1279 2563 1335 ad
2606 1297 2731 1337 eum
2765 1284 2857 1340 ille
2894 1303 2908 1340 :
2945 1284 3146 1343 Fecisti
3186 1287 3343 1344 bene.
3379 1288 3564 1360 Itaque

1983 1380 2151 1422 senex
2196 1383 2434 1440 surgens
2474 1373 2826 1429 manducavit
2871 1384 2925 1432 et
2966 1378 3121 1433 bibit.
3176 1377 3305 1435 Post
3335 1380 3451 1435 haec
3486 1383 3566 1439 sic

1985 1458 2203 1515 locutus
2258 1472 2343 1517 est
2397 1479 2534 1534 puer
2581 1483 2595 1520 :
2648 1465 2923 1532 Quantum
2980 1471 3304 1537 ambulasti,
3353 1481 3567 1530 tantum

1985 1549 2215 1605 dissitus
2265 1566 2325 1608 es
2359 1566 2391 1607 a
2421 1555 2560 1610 cella
2609 1563 2738 1625 tua;
2788 1559 2883 1615 sed
2934 1575 3117 1631 surge,
3173 1576 3401 1632 sequere
3456 1578 3571 1622 me.

1991 1640 2299 1715 Statimque
2330 1645 2388 1701 in
2411 1648 2547 1703 cella
2587 1665 2688 1706 sua
2732 1667 2853 1707 esse
2900 1668 2960 1708 se
3008 1654 3387 1724 deprehendit.
3422 1655 3567 1712 Dixit

1984 1748 2116 1805 ergo
2165 1735 2213 1790 ei
2268 1751 2437 1793 senex
2488 1757 2500 1793 :
2554 1737 2863 1812 Ingredere,
2905 1744 2991 1800 lac
3027 1747 3185 1802 nobis
3239 1748 3566 1805 orationem.

276 1848 420 1919 Δἡμῖν
452 1847 645 1917 εὐχήν.
690 1846 803 1898 Kal
847 1817 1311 1904 εἰσελθόντοςτοῦ
1355 1840 1632 1912 γέροντος,
1673 1839 1879 1902 ἐκεῖνος

1998 1823 2080 1893 Et,
2103 1827 2354 1899 ingresso
2385 1846 2536 1899 sene,
2576 1832 2761 1891 infans
2800 1852 2908 1893 non
2949 1840 3269 1911 comparuit.

277 1937 512 2009 ἀφανὴς
540 1940 603 2005 ὲγ
612 1937 776 1990 ένετο.

369 2034 449 2093 ς’.
485 2026 707 2079 Ἀλλοτε
732 2028 760 2079 6
780 2025 938 2087 αὐτὸς
968 2024 1143 2089 ἀὸὄᾶς
1170 2025 1357 2096 Ζήνων
1388 2021 1707 2094 περιπατῶν
1726 2023 1784 2074 ὲν
1817 2024 1883 2093 τῇ

288 2118 653 2192 Παλαιστίνῃ,
685 2117 778 2172 καὶ
814 2117 1103 2181 κοπιάσας,
1136 2117 1304 2185 ἐγγὺς
1328 2113 1659 2185 σικυηλάτου
1692 2112 1881 2166 ἐκάθι-

294 2231 355 2268 σε
386 2217 602 2284 φαγεῖν,
635 2212 730 2266 καὶ
768 2210 917 2279 λέγει
945 2209 1094 2281 αὑτῷ
1123 2212 1152 2264 6
1186 2207 1464 2280 λογισμός·
1504 2202 1676 2278 1Ἀρον
1708 2204 1886 2276 ἐαυτῷ

292 2306 350 2360 ἓν
389 2305 618 2367 σικύδιν,
652 2304 746 2357 καὶ
776 2302 940 2372 φάγε.
973 2301 1039 2356 Τί
1064 2302 1172 2373 γάρ
1198 2302 1383 2367 tactv;
1443 2301 1501 2354 '0
1540 2299 1599 2351 δὲ
1650 2300 1885 2369 ἀποκρι-

295 2394 411 2458 θεὶς
450 2389 573 2447 εἷπε
619 2393 697 2464 τῷ
725 2392 994 2463 λογισμῷ·
1031 2392 1093 2446 Οἱ
1122 2391 1354 2445 uls-mat
1406 2390 1486 2453 εἰς
1522 2387 1743 2442 κόλασιν
1782 2387 1887 2439 ὑπ-

293 2487 511 2556 άγουσι.
550 2486 860 2556 Δοκίμασον
904 2481 997 2538 οὖν
1042 2484 1235 2538 ἑαυτὸν
1271 2480 1543 2546 ἐντεῦθεν,
1576 2481 1625 2532 εἰ
1662 2478 1886 2532 δύνασαι

286 2577 393 2651 τὴν
430 2576 653 2630 κόλασιν
698 2577 1045 2644 ὑπενεγκεῖν.
1087 2572 1199 2627 Kal
1238 2570 1478 2634 ἀναστὰς
1526 2569 1657 2639 ἔστη
1705 2569 1787 2631 εἰς
1826 2566 1889 2619 τὸ

296 2670 487 2741 καῦμα
515 2670 679 2724 πέντε
709 2668 944 2740 ἡμέρας,
978 2666 1072 2720 καὶ
1104 2665 1402 2735 τηγανίσας
1438 2663 1675 2728 ἑαυτὸν,
1696 2658 1848 2714 εἶπεν
1868 2675 1883 2690 ⁸

289 2760 376 2816 θὺ
406 2760 628 2815 δύνασαι
659 2758 711 2791 ⁷⁸
736 2761 837 2829 τὴν
860 2759 1079 2812 κόλασιν
1106 2758 1453 2824 ὑπενεγκεῖν.
1476 2753 1589 2807 Kal
1625 2752 1777 2822 λέγει
1811 2749 1889 2823 τῷ
1926 2762 1931 2767 ’

296 2851 575 2926 ληισμῷο
610 2851 676 2905 Εἰ
700 2853 761 2906 οὑ
793 2852 1038 2918 δύνασαι,
1079 2850 1154 2922 μὴ
1184 2848 1387 2903 κλέπτε
1420 2846 1516 2899 καὶ
1539 2842 1742 2917 τρῶγε.

374 3030 441 3093 ζ’.
474 3025 644 3084 Εἶπεν
675 3032 704 3084 6
736 3030 911 3093 ἀσεᾶς
948 3029 1134 3099 Ζήνων
1154 3046 1168 3060 ·
1220 3028 1279 3082 '0
1300 3027 1469 3082 θέλων
1494 3026 1633 3098 ταχὺ
1659 3026 1748 3080 ἵνα
1773 3026 1890 3078 εἰσ-

302 3122 511 3195 ακούσῃ
557 3125 585 3175 6
621 3121 755 3184 Θεὸς
783 3122 885 3192 τῆς
926 3122 1094 3193 εὐχῆς
1130 3120 1316 3185 αὑτοῦ,
1355 3120 1521 3191 ἡνίκα
1559 3118 1766 3220 ἀναστῇ
1796 3115 1887 3170 καὶ
1914 3157 1963 3220 c

301 3213 532 3267 ἐκτείνει
573 3213 674 3278 τὰς
727 3216 913 3285 χεῖρας
950 3212 1116 3266 αὑτοῦ
1149 3213 1286 3283 πρὸς
1323 3212 1476 3276 Θεὸν,
1511 3210 1619 3283 πρὸ
1667 3208 1886 3263 πάντων

301 3306 397 3360 καὶ
428 3306 535 3377 πρὸ
598 3306 699 3376 τῆς
745 3305 879 3369 ιδίας
924 3305 1103 3376 ψυχῆς
1153 3305 1292 3376 ὑπὲρ
1320 3304 1429 3358 τῶν
1471 3302 1683 3375 ἐχθρῶν
1724 3299 1889 3354 αὑτοῦ

300 3399 415 3471 ᾁπδ
438 3398 620 3469 ψυχῆς
652 3397 903 3469 εὔξηται·
958 3400 1049 3452 καὶ
1080 3398 1169 3453 διὰ
1204 3399 1394 3451 τούτου
1443 3392 1887 3467 κατορθώματος,

298 3491 356 3543 ei
376 3508 431 3544 τι
460 3492 527 3545 ἂν
560 3491 924 3564 παρακαλέσῃ
941 3490 1020 3560 τῷ
1049 3489 1192 3561 Θεῷ,
1214 3487 1478 3542 ὑπακούει
1509 3486 1676 3554 αὐτῷ.

374 3589 448 3654 η’.
495 3582 721 3651 Ἔλεγον
760 3583 845 3637 ὅτι
884 3579 951 3653 ἦν
982 3599 1065 3644 τις
1108 3582 1164 3634 ὲν
1204 3578 1388 3651 κώμῃ,
1424 3580 1519 3633 καὶ
1554 3577 1725 3631 πολλὰ
1770 3578 1893 3648 ἐνή-

300 3688 516 3736 στευεν,
545 3672 687 3725 ὥστε
716 3672 999 3725 καλεῖσθαι
1022 3671 1082 3724 τὸ
1101 3670 1271 3741 ὅνομα
1305 3667 1471 3722 αὑτοῦ
1497 3670 1525 3721 6
1552 3668 1888 3738 Νηστευτής.

312 3765 587 3829 Ἀκούσας
631 3765 687 3818 δὲ
733 3766 761 3818 6
805 3763 978 3827 ἁϐὅᾶς
1008 3766 1195 3835 Ζήνων
1228 3761 1358 3831 περὶ
1390 3758 1576 3823 αὑτοῦ,
1615 3759 1896 3830 μετεστεί-

304 3857 435 3909 λατο
466 3856 651 3910 αὑτόν.
697 3856 759 3908 Ὀ
782 3855 837 3907 δὲ
876 3853 1083 3925 ἀπῆλθε
1124 3854 1260 3924 μετὰ
1297 3855 1493 3925 χαρᾶς.
1523 3852 1634 3904 Kal
1661 3850 1896 3920 εὐξάμε-

305 3968 386 4002 νοι
416 3948 697 4002 ἐκάθισαν.
733 3947 973 4018 Ἤρξατο
1002 3942 1094 3999 οὖν
1127 3949 1156 3999 6
1189 3946 1365 4017 γέρων
1400 3942 1732 4016 ἐργάζεσθαι
1767 3957 1896 3993 σιω-

310 4038 449 4092 πιῖιν.
482 4037 576 4110 Μὴ
598 4037 866 4108 εὑρίσκων
887 4037 945 4091 δὲ
975 4036 1209 4107 λαλῆσαι
1236 4037 1352 4107 μετ’
1388 4033 1554 4088 αὑτοῦ
1586 4036 1615 4086 6
1640 4034 1893 4105 Νηστευ-

309 4129 405 4198 τὴς
458 4129 664 4201 ἤρξατο
702 4126 981 4199 ὀχλεῖσθαι
1022 4127 1127 4181 ὑπὸ
1166 4126 1265 4197 τῆς
1316 4123 1564 4195 ὰκηδίας.
1602 4124 1711 4176 Kal
1748 4121 1895 4190 λέγει

307 4215 386 4285 τῷ
419 4215 669 4286 γέροντιθ
710 4212 878 4293 egeat
927 4214 1066 4287 ὑπὲρ
1112 4213 1268 4285 ἐμοῦ,
1315 4213 1480 4276 ἀ66ᾶ,
1519 4214 1601 4267 ὅτι
1642 4212 1897 4268 ἀπελθεῖν

310 4307 469 4362 θέλω.
509 4309 674 4377 Λέγει
698 4307 847 4379 αὑτῷ
875 4310 903 4361 6
931 4307 1109 4380 γέρων
1128 4323 1141 4337 ’
1169 4307 1355 4372 Διατίς
1399 4308 1458 4360 '0
1488 4305 1543 4359 δὲ
1578 4305 1899 4376 ἀποκριθεὶς

308 4396 496 4453 εἶπεν
546 4401 671 4454 Ὀτι
717 4402 751 4470 ἡ
797 4400 993 4472 καρδία
1041 4417 1142 4470 μου
1190 4399 1268 4462 ὡς
1316 4399 1584 4469 καιομένη
1627 4399 1764 4462 ἐστὶ,
1806 4395 1899 4449 καὶ

2064 2005 2118 2061 6.
2157 2008 2270 2080 (Η)
2308 2010 2432 2067 Alio
2479 2020 2723 2087 tempore
2762 2016 2904 2073 idem
2939 2019 3110 2077 abbas
3150 2021 3298 2077 Zeno
3333 2037 3430 2093 per
3468 2022 3573 2078 Pa-

1990 2098 2261 2157 laestinam
2297 2103 2402 2159 iter
2427 2104 2656 2173 habens,
2695 2123 2819 2163 cum
2850 2111 3029 2167 lassus
3060 2123 3225 2178 esset,
3256 2115 3394 2170 sedit
3416 2116 3573 2191 juxta

1991 2193 2456 2262 cucumerarium,
2490 2203 2551 2250 ut
2578 2198 2906 2254 comederet.
2953 2199 3111 2255 Subit
3148 2208 3271 2257 eum
3309 2204 3569 2275 cogitatio

1988 2284 2259 2354 ejusmodi
2309 2305 2323 2342 :
2376 2287 2577 2358 Accipe
2594 2305 2763 2345 unum
2796 2307 3165 2363 cucumerem,
3192 2305 3248 2350 et
3279 2297 3571 2357 manduca.

1996 2377 2139 2444 Quid
2173 2379 2317 2434 enim
2348 2379 2444 2435 id?
2477 2379 2584 2436 Sed
2621 2383 2960 2454 respondens
3003 2384 3142 2441 dixit
3182 2389 3367 2443 animo
3406 2405 3508 2446 suo
3554 2408 3572 2447 :

1989 2467 2165 2526 Fures
2203 2471 2268 2526 ad
2305 2478 2579 2529 tormenta
2606 2474 3004 2543 perducuntur.
3032 2475 3173 2532 Hinc
3206 2478 3372 2550 igitur
3404 2482 3574 2552 proba

1993 2564 2249 2632 teipsum,
2280 2578 2350 2618 an
2378 2565 2560 2635 possis
2594 2564 2739 2622 ferre
2772 2576 3067 2625 tormenta.
3099 2570 3167 2626 Et
3203 2586 3573 2646 consurgens,

1991 2654 2060 2708 ad
2093 2662 2284 2708 aestum
2315 2655 2448 2710 solis
2479 2656 2629 2712 stetit
2667 2673 2763 2728 per
2798 2660 3040 2731 quinque
3067 2661 3215 2730 dies;
3253 2679 3487 2736 cumque
3518 2683 3580 2723 se

1993 2747 2305 2812 torruisset,
2337 2748 2413 2802 ait
2450 2767 2463 2803 :
2511 2746 2631 2804 Non
2680 2752 2826 2807 vales
2860 2752 3003 2810 ferre
3037 2757 3385 2827 supplicium.
3411 2758 3478 2813 Et
3509 2760 3575 2813 ad

1993 2847 2229 2896 mentem
2295 2855 2450 2897 suam
2494 2842 2615 2897 iniit
2658 2863 2671 2899 :
2718 2845 3173 2919 Quandoquidem
3234 2865 3344 2905 non
3397 2860 3574 2922 potes,

1992 2946 2062 2987 ne
2085 2930 2285 2988 fureris
2312 2947 2377 2989 ac
2404 2934 2725 2992 manduces.

2070 3022 2119 3077 7.
2172 3022 2317 3078 Dixit
2369 3025 2541 3083 abbas
2580 3026 2729 3083 Zeno
2779 3046 2791 3083 :
2839 3028 2945 3095 Qui
3002 3030 3116 3085 vult
3160 3038 3221 3085 ut
3274 3030 3417 3087 Deus
3468 3031 3577 3087 cito

1994 3112 2251 3169 exaudiat
2299 3130 2491 3186 preces
2527 3118 2723 3188 ipsius,
2763 3119 2981 3190 quando
3023 3121 3342 3188 surrexerit,
3378 3131 3432 3177 et
3463 3135 3579 3175 ma-

1995 3219 2101 3259 nus
2135 3206 2448 3261 extenderit
2482 3206 2551 3261 ad
2593 3205 2782 3270 Deum,
2831 3225 2943 3280 prae
2966 3215 3203 3273 cunctis,
3261 3210 3427 3265 etiam
3466 3225 3578 3282 pra:

1993 3295 2175 3350 anima
2216 3311 2337 3361 sua,
2385 3306 2506 3353 oret
2560 3314 2625 3354 ex
2664 3300 2849 3355 animo
2890 3316 2988 3371 pro
3026 3300 3266 3356 inimicis
3320 3298 3468 3366 suis;
3511 3316 3576 3356 ac

1992 3403 2090 3458 per
2110 3388 2551 3459 hocpraaclarum
2584 3391 2821 3459 facinus,
2850 3390 3114 3463 quidquid
3142 3407 3172 3445 a
3208 3391 3577 3462 Dco'petierit,

1995 3481 2324 3536 auscultabit
2348 3481 2419 3536 ei.
3077 3489 3086 3500 '

2067 3570 2122 3626 8.
2163 3570 2518 3641 Rcl’erebant,
2543 3575 2688 3645 quod
2716 3576 2769 3629 in
2802 3591 2941 3647 pago
2973 3575 3208 3646 quodam
3239 3582 3356 3629 erat
3379 3573 3581 3643 aliquis

1995 3661 2090 3731 qui
2158 3663 2456 3733 plurimum
2505 3665 2809 3734 jejunabat,
2868 3667 3005 3721 adeo
3070 3676 3126 3718 ut
3190 3664 3419 3718 inditum
3476 3663 3580 3732 ipsi

1996 3751 2189 3807 luisset
2229 3770 2426 3809 nomen
2454 3754 2809 3825 Jejunatoris.
2849 3756 2922 3811 De
2963 3772 3074 3827 quo
3107 3772 3230 3811 cum
3262 3756 3581 3811 rescivisset

1997 3846 2166 3902 abbas
2216 3847 2383 3912 Zeno,
2436 3850 2724 3905 arcessivit
2775 3866 2921 3905 eum.
2981 3852 3077 3907 llle
3126 3850 3281 3904 laztus
3322 3848 3580 3906 accessit.

1997 3939 2331 3996 Etoratione
2370 3945 2510 3997 l‘acta
2540 3943 2817 3999 sederunt.
2851 3944 3030 4017 Cmpit
3059 3945 3224 4017 igitur
3246 3962 3413 4005 senex
3449 3962 3584 4018 ope‘

1997 4032 2109 4086 rari
2162 4034 2382 4090 tacitus.
2444 4033 2562 4090 Non
2623 4036 2810 4091 valens
2862 4048 3043 4091 autem
3096 4036 3384 4109 Jejunator
3432 4037 3580 4108 loqui

1999 4138 2122 4177 cum
2149 4138 2236 4188 co,
2269 4127 2437 4195 cmpit
2471 4142 2501 4181 a
2534 4128 2681 4182 taedii
2716 4128 2852 4183 vitio
2882 4130 3183 4184 molestari.
3214 4130 3281 4185 Et
3308 4130 3386 4185 ait
3415 4129 3576 4187 seni:

1999 4212 2108 4269 Ora
2144 4231 2243 4285 pro
2276 4233 2384 4281 me,
2425 4218 2596 4287 abba;
2643 4220 2768 4276 volo
2812 4222 2956 4276 enim
2988 4222 3159 4277 abire.
3197 4222 3339 4277 Dicit
3373 4238 3578 4279 senex:

2001 4305 2221 4373 Quare?
2248 4306 2555 4379 Respondit
2594 4311 2687 4368 ille
2722 4330 2735 4367 :
2770 4311 2908 4379 Quia
2943 4329 3044 4370 cor
3067 4330 3249 4371 meum
3291 4315 3448 4386 quasi
3484 4315 3582 4371 lla-

2002 4405 2144 4467 grat,
2172 4406 2225 4453 et
2252 4400 2385 4469 quid
2415 4400 2611 4455 habeat
2653 4403 2857 4460 nescio.
2893 4400 3028 4458 Nam
3077 4406 3300 4476 quando
3333 4422 3482 4462 eram
3526 4408 3583 4463 in

307 4493 410 4545 οὑκ
447 4488 569 4555 οἶδα
615 4492 670 4545 τί
708 4491 844 4562 ἔχει.
897 4492 1025 4544 Ὅτε
1065 4491 1175 4562 γὰρ
1216 4491 1363 4562 ἢμην
1415 4492 1496 4554 εἰς
1540 4490 1640 4561 τὴν
1678 4488 1888 4560 κώμην,

2006 4490 2150 4556 villa,
2181 4506 2353 4562 usque
2400 4492 2468 4547 ad
2516 4508 2798 4564 vesperam
2836 4495 3176 4565 jejunaham,
3211 4514 3313 4554 nec
3343 4514 3585 4570 unquam

309 4584 415 4647 ἕως
441 4583 541 4653 ὀψὲ
569 4585 879 4654 ἐνήστευον,
906 4584 1003 4636 καὶ
1039 4582 1294 4636 οὐδέποτε
1323 4580 1497 4645 οὑτως
1535 4596 1628 4652 μοι
1658 4580 1898 4649 ἐγένετο.

310 4675 478 4743 Λέγει
508 4674 656 4745 αὑτῷ
686 4676 716 4727 6
739 4675 947 4746 γέρων·
979 4674 1075 4736 Εἰς
1110 4671 1207 4743 τὴν
1237 4670 1451 4743 κώμην,
1487 4673 1551 4723 ὲκ
1579 4669 1689 4724 τῶν
1723 4670 1901 4725 ὠτίων

316 4784 409 4820 σου
445 4767 676 4837 ὲτρέφου
701 4782 716 4797 ο
756 4765 872 4819 ἀλλ’
914 4763 1117 4818 ἄπελθε
1164 4763 1275 4817 ἀπὸ
1318 4762 1413 4815 τοῦ
1449 4762 1566 4827 νῦν,
1620 4762 1716 4816 καὶ
1754 4760 1902 4816 ἔσθιε

311 4861 411 4929 τὴν
439 4859 694 4930 ὲννάτηνο
728 4857 824 4910 καὶ
862 4857 916 4910 εἴ
941 4874 993 4909 τι
1021 4857 1216 4921 ποιεῖς,
1250 4857 1306 4909 ἐν
1336 4854 1564 4927 κρυπτῷ
1598 4854 1760 4909 ποίει.
1796 4856 1905 4910 Kal

310 4953 386 5016 ὡς
410 4950 614 5022 ἤρξατο
647 4950 847 5015 ποιεῖν,
882 4946 1018 5017 μετὰ
1065 4945 1292 5015 θλίψεως
1328 4944 1486 5016 ἔμενε
1510 4945 1609 5017 τὴν
1654 4946 1901 5018 ἐννάτην.

309 5044 417 5097 Kal
453 5042 635 5106 ἔλεγον
666 5040 717 5092 οἱ
755 5038 1110 5109 γνωρίζοντες
1154 5039 1337 5104 αὑτὸν,
1371 5040 1455 5092 ὃτι
1495 5040 1554 5092 '0
1586 5038 1906 5110 Νηστευτὴς

311 5130 681 5201 ἐδαιμονίσθη.
730 5126 931 5182 Ἐλθὼν
958 5128 1014 5180 δὲ
1040 5128 1339 5199 ἀπήγγειλε
1361 5127 1439 5197 τῷ
1458 5127 1675 5199 γέροντι
1704 5128 1899 5182 πάντα.

322 5226 380 5278 Ὀ
404 5226 463 5277 δὲ
496 5221 649 5278 εἶπεν
686 5222 865 5294 αὐτῷ’
894 5221 1095 5294 Αὖτηὴ
1126 5222 1243 5287 ὁδὸς
1273 5223 1415 5277 κατὰ
1445 5222 1577 5277 Θεόν
1604 5225 1773 5279 ἐστιν.

665 5339 806 5408 Περὶ
850 5338 959 5391 τοῦ
995 5338 1142 5392 ἀόϐᾶ
1190 5338 1509 5406 Ζαχαρίου.

376 5451 450 5507 αθ,
495 5447 662 5506 Εἶπεν
701 5453 731 5506 6
766 5451 943 5514 esea;
984 5450 1271 5523 Μακάριος
1314 5451 1391 5523 τῷ
1421 5450 1569 5523 ἀϐὅᾷ
1621 5454 1864 5527 Ζαχαρίᾧ
1887 5472 1898 5485 .

377 5612 425 5644 ⁷³
454 5610 533 5666 AI.
574 5611 891 5682 φάντασμα.
1004 5612 1052 5644 ⁷⁸
1087 5611 1170 5665 ΑΙ.
1199 5610 1451 5682 δύναμαι.

382 5728 621 5799 (ἄωγὶε.
660 5727 812 5799 Palr.
852 5745 1004 5791 XVIII,
1037 5729 1085 5781 7.

390 5797 504 5870 (Η)
543 5799 650 5855 Vit.
700 5797 848 5855 I’utr.
896 5817 966 5860 Iv,
996 5800 1079 5857 i7.

2004 4585 2136 4640 mihi
2188 4586 2295 4653 tale
2339 4586 2487 4656 quid
2522 4586 2772 4658 contigit.
2830 4586 3006 4643 Senex
3038 4598 3153 4644 tum
3186 4608 3199 4643 :
3240 4594 3303 4649 In
3336 4590 3481 4656 vico,
3519 4607 3585 4646 ex

2005 4677 2270 4733 auriculis
2311 4677 2421 4732 tuis
2460 4676 2829 4745 nutriebaris;
2863 4677 2960 4733 sed
3006 4679 3114 4745 abi,
3160 4689 3321 4749 atque
3371 4697 3437 4735 ex
3480 4680 3588 4736 hoc

2006 4774 2250 4836 tempore
2292 4765 2563 4822 manduca
2596 4769 2731 4823 hora
2770 4784 2947 4832 nona;
2992 4777 3046 4824 et
3079 4769 3124 4825 si
3165 4768 3297 4839 quid
3346 4771 3485 4841 agis,
3532 4771 3586 4824 in

2006 4858 2223 4912 occulto
2249 4856 2357 4937 fac.
2394 4858 2461 4913 Ut
2493 4875 2625 4930 ergo
2669 4861 2870 4931 incepit
2902 4860 3103 4925 facere,
3140 4876 3341 4916 nonam
3392 4862 3586 4917 horam

2009 4963 2152 5020 aegre
2197 4950 2570 5019 exspectabat.
2614 4949 2990 5022 Dixeruntque
3034 4951 3126 5023 qui
3182 4953 3587 5022 cognoscebant

2008 5055 2131 5095 eum
2173 5060 2184 5095 :
2220 5039 2506 5110 Jejunator
2541 5058 2571 5096 a
2601 5043 2846 5098 daemone
2886 5052 3171 5113 correptus
3214 5051 3318 5099 est.
3357 5034 3451 5100 Ille
3486 5062 3584 5100 auo

2009 5137 2115 5185 tem
2164 5133 2392 5187 veniens
2435 5140 2632 5187 cuncta
2688 5133 2958 5188 nuntiavit
3001 5133 3139 5189 seni.
3194 5131 3298 5200 Qui
3344 5134 3411 5189 ad
3465 5150 3590 5191 eum

2011 5222 2146 5278 dixit
2185 5243 2196 5279 :
2244 5223 2371 5279 Ilaec
2405 5224 2512 5288 via,
2550 5228 2850 5280 secundum
2887 5226 3055 5281 Deum
3091 5234 3197 5281 est.

2492 5338 2565 5392 De
2593 5338 2780 5393 abbate
2810 5337 3095 5408 lac/toria.

2082 5456 2131 5509 l.
2165 5454 2278 5523 (4:2)
2314 5454 2458 5509 Dixit
2504 5454 2673 5511 abbas
2725 5453 2995 5514 Macarius
3038 5458 3224 5515 abbati
3265 5455 3588 5520 Zachariae:

2082 5733 2189 5804 ill)
2246 5731 2345 5790 Vit.
2390 5732 2539 5797 I’alr.
2578 5749 2614 5799 I,
2648 5735 2699 5790 6.
