4036 6202
455 355 559 412 179

1607 349 1950 404 APPENDIX
1991 351 2079 404 AD
2119 349 2538 408 PALLADIUM.

3605 352 3712 412 180

453 474 596 526 Doce
648 483 733 524 me
771 465 1048 540 quodnam
1099 464 1172 519 sit
1223 479 1363 534 Opus
1412 465 1684 518 monachi.
1734 465 1824 518 Ait
1862 466 1964 535 ipsi
2004 485 2014 519 :

2143 467 2255 522 Εἰπέ
2281 485 2372 537 μοι
2395 467 2458 519 τὸ
2479 467 2636 537 ἔργον
2656 464 2747 518 τοῦ
2774 465 3026 535 μοναχοῦ.
3044 465 3204 536 Λέγει
3221 467 3394 538 αὐτῷ’
3427 465 3559 538 Ἐμὲ
3577 469 3710 542 ἐρω-

452 562 607 618 Tune
635 561 941 631 interrogas
972 572 1078 621 me,
1104 555 1303 611 Pater?
1337 553 1474 610 Tum
1499 556 1667 613 abbas
1700 556 1968 613 Macarius
1999 576 2013 614 :

2120 560 2236 628 τᾷς,
2271 559 2483 628 Πάτερ;
2511 558 2620 611 Καὶ
2649 557 2797 626 λέγει
2818 557 2846 609 6
2881 556 3053 620 ἀϐὁᾶς
3089 557 3402 627 Μακάριος
3428 559 3711 631 Πληροφο-

453 653 526 704 De
550 660 602 705 te
632 649 761 704 mihi
799 660 1124 719 persuasum
1153 654 1259 709 est,
1297 643 1374 698 fili
1409 643 1695 699 Zacharia.
1739 643 1834 699 Est
1870 645 2016 700 enim

2143 648 2324 718 »οὖμαι
2349 651 2428 712 είς
2451 649 2537 712 σὲ,
2555 649 2740 702 τέκνον
2762 648 3020 718 Ζαχαρία.
3042 649 3195 700 Ἔστι
3214 648 3319 721 γὰρ
3351 651 3379 702 6
3403 647 3612 702 νύσσων
3643 667 3710 720 με

453 743 544 811 ιιιιὶ
595 755 684 796 me
728 738 899 802 vellit,
942 743 1002 790 ut
1041 737 1368 804 interrogem
1418 744 1487 789 te.
1544 732 1840 788 Zacharias
1880 733 2020 787 hanc

2143 740 2216 793 τοῦ
2262 739 2530 811 ἐρωτῆσαί
2592 756 2672 792 σε.
2709 738 2868 806 Λέγει
2910 738 3057 808 αὐτῷ
3092 741 3120 792 6
3150 739 3456 809 Ζαχαρίαςο
3489 740 3562 792 Τὸ
3585 742 3708 792 κατ’

456 831 676 900 protulit
707 827 1032 884 sententiam
1080 845 1093 881 :
1147 825 1424 892 Quantum
1475 823 1694 894 quidem
1743 824 2018 886 existimo,

455 923 634 989 Pater,
665 922 758 993 qui
782 919 890 977 sibi
924 919 982 975 in
1015 920 1270 974 omnibus
1304 918 1414 972 vim
1449 915 1601 981 facit,
1635 917 1690 972 is
1719 926 1804 972 est
1834 931 2022 972 mona-

453 1017 609 1071 chus.

522 1105 577 1159 9..
609 1103 722 1174 (45)
746 1101 910 1158 Venit
943 1102 1236 1173 aliquando
1259 1100 1429 1156 abbas
1463 1099 1643 1154 Moses
1676 1099 1740 1154 ad
1769 1097 2026 1154 haurien-

453 1197 574 1248 dam
603 1209 821 1266 aquam,
865 1203 920 1249 et
970 1195 1176 1249 invenit
1214 1193 1461 1248 abbatem
1495 1191 1816 1248 Zachariam
1864 1205 2026 1246 oran-

454 1298 562 1341 tmn
603 1286 670 1341 ad
702 1287 995 1344 cisternam
1017 1325 1031 1352 ,
1059 1293 1113 1341 et
1140 1283 1404 1356 Spiritum
1443 1283 1537 1340 Dei
1571 1283 1898 1340 residentem
1931 1299 2025 1338 su—

457 1395 550 1448 per
584 1395 729 1434 eum.

526 1471 579 1524 5.
608 1469 716 1541 (44)
749 1468 894 1524 Dixit
926 1467 1219 1538 aliquando
1263 1467 1433 1522 abbas
1473 1465 1649 1529 Moses
1689 1465 1758 1520 ad
1808 1463 2029 1519 fratrem

457 1560 776 1615 Zachariam
814 1579 828 1614 :
861 1559 1095 1614 Enuntia
1129 1558 1260 1613 mihi
1287 1556 1418 1627 quid
1450 1571 1609 1627 agere
1631 1554 1897 1610 debeam?
1921 1553 2031 1606 Au-

456 1654 610 1707 diens
641 1651 754 1716 ille,
790 1651 940 1706 humi
991 1650 1288 1720 prostravit
1322 1664 1381 1703 se
1427 1648 1492 1702 ad
1543 1647 1710 1718 pedes
1762 1646 1903 1716 ejus,
1952 1644 2035 1699 di-

455 1756 627 1798 cens:
677 1741 756 1795 Tu
809 1756 896 1797 me
945 1742 1273 1811 interrogas,
1324 1739 1521 1793 Pater?
1579 1739 1668 1792 Ait
1703 1739 1781 1792 illi
1821 1752 2032 1792 senex:

456 1831 587 1885 Mihi
615 1830 796 1898 crede,
824 1830 1111 1898 Zacharia,
1137 1831 1207 1885 ﬁli
1239 1830 1346 1897 mi;
1371 1829 1479 1884 vidi
1499 1829 1762 1901 Spiritum
1783 1835 2034 1884 sanctum
2068 1813 2108 1868 Β

456 1925 876 1981 descendentem
918 1938 1083 1992 super
1115 1932 1188 1986 te,
1219 1938 1394 1992 eoque
1422 1936 1588 1991 cogor
1611 1919 1921 1990 percontari
1957 1927 2030 1973 te.

457 2011 612 2068 Tunc
653 2011 950 2067 Zacharias
1003 2011 1275 2066 sublatam
1327 2012 1599 2066 cucullam
1644 2023 1675 2063 e
1715 2009 1894 2077 capite
1935 2021 2037 2063 suo

458 2104 640 2175 posuit
663 2104 767 2158 sub
790 2101 1044 2174 pedibus,
1077 2117 1250 2171 eaque
1293 2100 1613 2155 conculcata
1654 2116 1668 2153 :
1701 2097 1814 2152 Nisi
1853 2098 2034 2163 homo,

457 2196 656 2266 inquit,
694 2196 811 2265 pari
840 2195 1000 2248 modo
1030 2194 1300 2248 contritus
1321 2192 1672 2262 caicatusque
1703 2189 1886 2252 fuerit,
1921 2203 2035 2242 mo-

460 2288 670 2342 nachus
696 2303 820 2342 esse
846 2301 955 2342 non
981 2293 1184 2356 potest.

526 2381 581 2434 ι.
614 2379 696 2433 Ad
740 2378 990 2433 abbatem
1033 2374 1356 2430 Zachariam
1407 2373 1462 2426 in
1512 2369 1657 2424 Sceti
1707 2367 2032 2424 residentem

457 2465 595 2526 visio
619 2471 784 2524 missa
807 2477 928 2535 est;
968 2475 1023 2520 et
1053 2480 1307 2536 surgens,
1343 2462 1526 2516 abbati
1565 2461 1786 2516 Carioni
1820 2461 2030 2514 indica-

457 2564 550 2614 vit.
601 2559 778 2613 Senex
827 2571 976 2621 vero,
1035 2556 1125 2625 qui
1177 2553 1386 2608 activus
1431 2559 1596 2618 esset,
1636 2552 1845 2622 peritus
1884 2550 2030 2606 circa

460 2647 566 2700 ista
615 2659 723 2698 non
770 2643 1001 2698 exstitit.
1057 2641 1304 2713 Surgens
1353 2655 1484 2710 ergo
1533 2641 1839 2695 verberavit
1885 2655 2030 2705 eum,

459 2734 734 2793 afﬁrmans
783 2748 812 2787 a
863 2733 1203 2788 daemonibus
1252 2731 1551 2802 profectam
1599 2731 1887 2785 visionem.
1930 2729 2035 2786 Ve-

457 2842 578 2882 rum
638 2825 916 2882 Zachariae
969 2827 1192 2882 sedebat
1260 2826 1462 2880 animo.
1528 2822 1778 2879 Surrexit
1831 2824 2032 2894 igitur,

458 2927 736 2990 noctuque
758 2919 892 2975 abiit
922 2919 991 2973 ad
1014 2919 1264 2974 abbatem
1295 2917 1632 2978 Pcemenem,
1670 2915 1758 2970 cui
1792 2916 2036 2970 narravit

459 3027 595 3078 rem,
641 3020 808 3080 utque
843 3010 1102 3066 interiora
1145 3023 1242 3064 sua
1282 3011 1555 3062 arderent.
1605 3006 1672 3059 Et
1716 3006 1908 3060 videns
1945 3020 2033 3060 se-

461 3119 586 3170 nex,
626 3119 655 3156 a
689 3102 800 3158 Deo
837 3117 981 3168 esse,
1019 3101 1153 3156 dicit
1201 3104 1251 3154 ei
1297 3117 1311 3153 :
1355 3097 1713 3153 Proficiscere
1763 3097 1831 3151 ad
1877 3097 2032 3151 illum

461 3207 670 3256 senem,
704 3207 767 3246 ac
802 3192 848 3246 si
877 3191 1008 3262 quid
1055 3191 1272 3245 locutus
1313 3187 1476 3242 fuerit
1517 3187 1635 3252 tibi,
1680 3186 1868 3241 facito.
1914 3187 2036 3242 Per-

461 3283 604 3338 rexit
641 3282 707 3335 ad
731 3296 940 3336 senem.
987 3279 1092 3347 Qui
1127 3287 1255 3335 ante
1282 3293 1443 3348 quam
1472 3279 1856 3349 inquireretur,
1891 3293 2033 3348 prae-

463 3374 686 3430 veniens
715 3371 992 3428 enarravit
1033 3373 1086 3428 ei
1114 3380 1337 3437 cuncta,
1369 3371 1625 3443 quodque
1659 3372 2034 3440 spectaculum

465 3485 490 3520 a
548 3465 658 3522 Deo
717 3470 881 3520 esset.
945 3462 1053 3518 Sed
1113 3461 1272 3530 vade,
1338 3463 1533 3533 inquit,
1596 3463 1872 3534 subjicere
1932 3462 2037 3517 Pa-

465 3554 531 3606 tri
568 3561 680 3607 tuo.

535 3645 586 3700 5.
621 3645 735 3716 (45)
778 3644 1006 3699 Abbatis
1042 3643 1291 3699 Pastoris
1332 3644 1420 3698 hic
1456 3643 1557 3698 fuit
1602 3658 1785 3700 sermo
1821 3662 1835 3698 :
1866 3643 2038 3700 inter-

465 3739 675 3807 rogavit
721 3736 891 3792 abbas
929 3735 1143 3807 Moyses
1187 3734 1438 3788 abbatem
1480 3733 1824 3798 Zachariam,
1875 3735 2039 3788 morti

464 3827 803 3895 proximum:
839 3824 983 3891 Quid
1005 3824 1197 3879 vides?
1224 3823 1362 3879 Dicit
1396 3823 1445 3878 ei
1480 3843 1493 3878 :
1523 3821 1714 3878 Nonne
1745 3824 1921 3878 satius
1955 3831 2039 3879 est

464 3929 666 3983 tacere,
694 3915 890 3972 Pater?
926 3915 1080 3970 Tunc
1112 3916 1203 3970 ille
1235 3933 1247 3969 :
1284 3916 1482 3981 Etiam,
1521 3914 1617 3979 fili,
1642 3924 1780 3970 tace.
1813 3914 1878 3969 Et
1905 3915 2040 3970 hora

464 4009 658 4064 mortis
708 4007 852 4080 ejus,
904 4008 1101 4065 sedens
1160 4006 1402 4064 Isidorus
1451 4007 1642 4070 abbas,
1691 4008 1941 4078 suspexit
1983 4008 2040 4062 in

463 4101 684 4166 cretum,
717 4100 1004 4172 dixitque:
1039 4100 1269 4168 Laetare,
1325 4100 1397 4154 mi
1454 4099 1529 4155 fili
1583 4099 1877 4168 Zacharia,
1912 4101 2040 4171 quia

467 4191 561 4246 tibi
592 4197 791 4257 apertae
815 4199 943 4244 sunt
964 4199 1132 4261 porta:
1156 4192 1307 4257 regni
1328 4191 1613 4246 cmlorum.

889 4383 1227 4453 Principium
1257 4385 1451 4440 litterae
1484 4386 1548 4441 ll.

993 4473 1070 4529 De
1099 4477 1286 4531 abbate
1319 4476 1503 4532 Esaia.

543 4589 589 4641 i.
632 4585 774 4641 Dixit
804 4587 974 4644 abbas
1007 4588 1240 4645 Esaias:
1277 4590 1420 4644 Nihil
1470 4591 1604 4645 adeo
1652 4592 1782 4646 utile
1819 4600 1904 4647 est
1946 4607 2043 4647 no-

545 4746 584 4774 "
615 4743 698 4798 Al.
736 4745 983 4815 ἀδελφόν.
1059 4746 1105 4777 ⁷⁸
1135 4746 1218 4799 AI.
1254 4744 1379 4800 add.
1422 4745 1614 4813 λέγων.

541 4901 648 4968 με)
681 4898 811 4954 ibid.
842 4914 897 4968 p.
929 4897 1086 4966 1005,
1113 4915 1168 4954 ιι.
1197 4899 1284 4968 49.
1352 4967 1357 4968 ί
1673 4966 1686 4968 _
1731 4932 1737 4938 -

537 4966 650 5038 (ιι)
694 4968 796 5025 Vit.
821 4966 976 5038 Patr.
1007 4985 1097 5034 xv,
1130 4970 1216 5023 i7.
1251 4967 1389 5024 Cod.
1433 4969 1570 5026 Caes.
1591 4966 1711 5026 238.

543 5037 656 5110 (55')
681 5039 812 5110 _Vit.
837 5037 996 5110 Patr.
1026 5038 1232 5110 xv,_18.

543 5103 656 5171 (46)
679 5105 869 5164 Ἦλθέ
897 5125 1060 5163 ποτε.
1081 5108 1406 5163 Membranm
1430 5108 1666 5165 Colbert.
1690 5103 1890 5163 Ἷῐλθέν
1914 5127 2040 5162 ποτε

542 5179 710 5264 ἀὸϐᾷς
739 5180 978 5264 Meges-ﬁs
1009 5180 1087 5241 είς
1114 5179 1205 5263 τὸν
1237 5178 1438 5264 λάκδιον
1466 5177 1728 5264 ἀντλῆσαι
1753 5178 1916 5264 ἶξδιορ,
1948 5181 2044 5233 καὶ

475 5248 580 5329 [65“)
617 5248 908 5329 τὸνῂἀϐςίᾶν
939 5247 1216 5329 Ζαχαρίαν
1255 5249 1546 5329 εὐχόμενον
1577 5247 1668 5329 sit}
1695 5247 1788 5302 τοῦ
1818 5247 2042 5329 λᾴκκου,

602 5316 661 5400 :6
693 5318 915 5436 glveﬁpa.
939 5316 1050 5372 τοῦ⁷
1085 5316 1219 5371 Θεοῦ
1248 5316 1696 5391 ὡς’σιτεριστερὰν
1743 5319 2047 5390 καθήμενον

505 5405 544 5438 π
595 5401 692 5437 αυτ
725 5403 773 5438 ν.

505 5401 558 5438 π·
595 5401 773 5438 αυτον.

547 5456 664 5522 (47)
707 5455 847 5522 Περὶ
878 5458 987 5512 τοῦ
1041 5458 1191 5515 ἀϐσᾶ
1242 5458 1499 5514 Ἡσαΐου.
1533 5454 1812 5512 Profertur
1855 5457 1907 5509 in
1937 5456 2043 5510 Ca-

474 5537 595 5586 tena
629 5522 872 5578 (Zordcrii
895 5527 960 5579 ad
987 5525 1146 5582 Lucae
1172 5544 1282 5592 xw,
1308 5528 1400 5592 2.7,
1431 5529 1543 5582 haec
1570 5528 1856 5587 sententia,
1897 5527 2042 5578 velut

474 5597 628 5654 lania:
654 5592 1047 5664 archiepiscopi
1075 5615 1087 5648 :
1127 5597 1351 5660 Qualem
1376 5607 1548 5652 autem
1575 5613 1777 5651 crucem
1827 5596 1953 5648 dicit
1988 5604 2044 5647 ut

476 5666 792 5735 Oajutentus,
858 5663 960 5735 nisi
1005 5666 1378 5735 continentiam
1403 5733 1416 5735 ᾼ
1433 5684 1465 5719 a
1490 5666 1818 5735 passionibus
1839 5706 1853 5728 ,
1880 5665 2044 5735 donec

477 5731 618 5791 nens
656 5731 776 5787 illas
804 5731 1006 5808 penitus
1041 5733 1288 5786 exstirvet
1316 5737 1337 5795 2
1375 5731 1571 5790 Verum
1604 5733 2039 5812 quandoquidem

2126 832 2247 902 ἐμὲ,
2277 832 2478 900 Πάτερ,
2531 831 2593 883 τὸ
2645 831 2835 883 ἑαυτὸν
2897 829 3178 898 βιάζεσθαι
3205 832 3285 893 είς
3311 830 3509 897 πάντα,
3552 822 3709 891 οὗτός

2126 925 2271 977 ἐστιν
2299 923 2328 974 6
2370 921 2615 992 μοναχός.

2200 1100 2260 1170 β’.
2313 1094 2484 1153 τΗλθέ
2548 1113 2677 1151 ποτε
2728 1096 2843 1169 (66)
2881 1100 2908 1150 6
2947 1096 3118 1160 ἀϐὅᾶς
3171 1097 3378 1165 Μωσῆς
3445 1096 3710 1167 ἀντλῆσαι

2131 1191 2294 1262 ὕδωρ,
2331 1191 2424 1245 καὶ
2453 1184 2579 1260 εὗρε
2609 1190 2702 1244 τὸν
2746 1189 2937 1250 sese»,
2955 1187 3230 1258 Ζαχαρίαν
3281 1188 3572 1258 εὐχόμενον
3616 1187 3710 1241 ἐπὶ

2130 1283 2223 1336 τοῦ
2253 1282 2478 1343 λάκκου,
2512 1280 2605 1334 καὶ
2631 1281 2689 1333 τὸ
2711 1280 2936 1351 Πνεῦμα
2979 1278 3074 1332 τοῦ
3105 1278 3240 1332 Θεοῦ
3279 1278 3583 1349 καθήμενον
3615 1282 3712 1332 ἐπ-

2134 1373 2246 1425 άνω
2274 1369 2438 1424 αὐτοῦ
2449 1409 2460 1421 .

2203 1469 2271 1530 γ’.
2308 1457 2443 1514 Εἷπέ
2483 1477 2612 1512 ποτε
2654 1462 2682 1512 6
2721 1459 2892 1522 ἀῦϐᾶς
2938 1459 3143 1529 Μωσῆς
3179 1458 3257 1529 τῷ
3291 1457 3502 1530 ἀδελφῷ
3534 1461 3714 1529 laxa.

2139 1553 2258 1626 ρίᾳο
2303 1551 2437 1606 Εἰπέ
2483 1569 2573 1623 μοι
2624 1551 2676 1604 τί
2725 1551 2968 1621 ποιήσω;
3034 1550 3316 1613 ’Λκούσας
3373 1550 3429 1603 δὲ
3489 1551 3712 1621 ἔρριψεν

2135 1643 2327 1698 ἑαυτὸν
2356 1645 2531 1714 χαμαὶ
2574 1645 2653 1706 είς
2697 1643 2822 1705 τοὺς
2861 1641 3024 1703 πόδας
3059 1641 3245 1708 αὑτοῦ,
3287 1640 3489 1709 λέγων·
3536 1641 3606 1694 Σύ
3645 1659 3712 1712 με

2137 1735 2368 1806 ἐρωτᾷς,
2407 1732 2616 1804 Πάτερ;
2654 1731 2814 1799 Λέγει
2861 1731 3010 1800 αὑτῷ
3035 1731 3230 1802 γέρων·
3263 1731 3558 1784 Πίστευσὸν
3600 1748 3712 1802 μοι,

2135 1816 2323 1879 τέκνον
2350 1841 2450 1896 μου
2475 1824 2718 1895 Ζαχαρία
2737 1841 2749 1854 ·
2778 1819 2917 1877 εἶδον
2937 1823 2998 1875 τὸ
3020 1822 3246 1893 Πνεῦμα
3269 1823 3328 1875 τὸ
3352 1823 3505 1891 ἆγιον
3528 1824 3714 1876 κατελ-

2137 1913 2228 1967 θὸν
2262 1914 2353 1967 ἐπὶ
2385 1912 2464 1977 σὲ,
2496 1914 2589 1965 καὶ
2611 1915 2674 1964 ὲκ
2699 1912 2888 1964 τούτου
2915 1911 3294 1982 ἀναγκάζομαι
3323 1913 3592 1983 ἐρωτῆσαί
3623 1931 3712 1968 σε.

2137 2006 2268 2058 Τότε
2295 2004 2473 2059 λαϐὼν
2511 2006 2540 2056 6
2573 2004 2843 2075 Ζαχαρίας
2867 2004 2928 2056 τὸ
2960 2002 3278 2058 κουκούλιον
3315 2003 3480 2058 αὑτοῦ
3512 2006 3575 2056 ὲκ
3616 2004 3714 2073 τῆς

2136 2093 2380 2162 κεφαλῆς
2417 2092 2604 2154 αὐτοῦ,
2630 2091 2822 2160 ἔθηκεν
2843 2092 2949 2144 ὑπὸ
2973 2091 3098 2154 τοὺς
3121 2092 3308 2156 πόδας,
3342 2094 3436 2146 καὶ
3465 2110 3712 2146 καταπα-

2133 2185 2307 2254 τήσας
2345 2183 2475 2236 αὐτὸ
2509 2179 2693 2234 εἶπεν·
2735 2182 2862 2235 Ἐὰν
2901 2184 2973 2253 μὴ
3016 2183 3274 2254 συντριϐῇ
3306 2182 3479 2248 οὕτως
3505 2184 3716 2254 ἄνθρω-

2135 2290 2254 2336 πος,
2279 2273 2340 2325 οὐ
2375 2272 2595 2325 δύναται
2619 2268 2756 2325 εἶναι
2789 2273 3040 2342 μοναχός.

2204 2364 2268 2416 δ’.
2293 2363 2618 2434 Καθημένου
2642 2364 2770 2416 ποτὲ
2802 2363 2896 2416 τοῦ
2923 2364 3068 2418 ἀ66ἆ
3088 2366 3360 2436 Ζαχαρίου
3386 2366 3465 2428 είς
3492 2365 3719 2434 Σκῆτιν,

2133 2450 2264 2526 ἦλθε
2283 2455 2484 2526 Θεωρία
2527 2457 2607 2518 είς
2650 2455 2838 2508 αὐτόν·
2876 2455 2969 2508 καὶ
3004 2455 3241 2520 ἀναστὰς
3288 2457 3598 2527 ’ἀνήγγειλε
3638 2458 3722 2529 τῷ

2135 2547 2279 2617 ἀὸϐᾷ
2311 2548 2475 2600 αὐτοῦ
2512 2548 2776 2619 Καρίωνι.
2842 2548 2900 2600 ὐ
2934 2547 2991 2601 δὲ
3007 2547 3211 2618 γέρων,
3271 2547 3576 2618 πρακτικὸς
3618 2550 3718 2616 ὢν,

2136 2639 2234 2708 οὐχ
2262 2640 2504 2710 ὑπῆρχεν
2527 2640 2756 2711 ἀκριϐὴς
2787 2639 2916 2709 περὶ
2945 2638 3137 2693 ταῦτα.
3173 2637 3278 2692 Καὶ
3320 2639 3558 2703 ἀναστὰς
3584 2640 3720 2694 ἔδει·

2141 2751 2230 2803 ρεν
2250 2734 2430 2802 αὐτὸν,
2459 2735 2652 2804 λέγων,
2681 2737 2761 2788 ὅτι
2799 2735 2908 2788 ἀπὸ
2933 2734 3204 2805 δαιμόνων
3233 2735 3369 2788 ἐστί.
3407 2735 3714 2807 Παρέμεινε

2134 2825 2190 2878 δὲ
2220 2826 2246 2878 6
2279 2825 2554 2895 λογισμός.
2586 2826 2694 2878 Καὶ
2724 2824 2960 2887 ἀναστὰς
2989 2823 3197 2894 ἀπῆλθε
3235 2823 3373 2895 πρὸς
3409 2823 3500 2877 τὸν
3541 2824 3717 2878 ἀϐϐᾶν

2134 2916 2400 2985 Ποιμένα,
2447 2915 2659 2978 νυκτὸς,
2696 2917 2786 2970 καὶ
2825 2917 3144 2987 ἀνήγγειλεν
3181 2917 3330 2988 αὐτῷ
3366 2917 3428 2970 τὸ
3463 2919 3714 2988 πρᾶγμα,

2137 3009 2231 3060 καὶ
2261 3007 2376 3070 πῶς
2397 3007 2610 3060 καίεται
2648 3008 2716 3060 τὰ
2762 3009 2912 3072 ὲντὺς
2959 3010 3144 3063 αὐτοῦ.
3181 3010 3289 3062 Καὶ
3331 3009 3452 3062 ἰδὼν
3479 3012 3508 3062 6
3540 3012 3718 3081 γέρων

2139 3099 2221 3151 ὅτι
2257 3099 2364 3152 ἀπὸ
2406 3097 2540 3152 Θεοῦ
2583 3101 2720 3161 ἐστι,
2753 3100 2901 3168 λέγει
2941 3101 3088 3171 αὐτῷ
3113 3118 3127 3132 ο
3179 3101 3398 3168 ’Υπαγε
3441 3100 3578 3171 πρὸς
3628 3100 3719 3152 τὸν

2139 3191 2286 3244 δεῖνα
2308 3189 2397 3242 τὸν
2430 3189 2678 3261 γέροντα,
2711 3191 2802 3243 καὶ
2833 3191 2960 3243 εἴτι
3000 3192 3044 3244 δ’
3076 3192 3140 3246 ἄν
3175 3209 3256 3245 σοι
3278 3191 3427 3264 εἴπῃ,
3469 3191 3714 3260 ποίησον.

2141 3281 2250 3334 Καὶ
2279 3279 2526 3333 ἀπελθὼν
2553 3281 2687 3350 πρὸς
2720 3280 2809 3333 τὸν
2834 3281 3083 3351 γέροντα,
3108 3281 3236 3351 πρὶν
3275 3281 3527 3345 ἐξετάσαι
3556 3281 3719 3333 αὐτόν

2139 3391 2213 3438 τι,
2259 3371 2547 3443 προλαϐὼν
2573 3375 2600 3425 6
2639 3372 2816 3443 γέρων
2871 3369 3023 3426 εἶπεν
3070 3373 3220 3442 αὐτῷ
3273 3372 3471 3439 πάντα,
3513 3373 3608 3425 καὶ
3637 3372 3721 3426 ὅτι

2141 3463 2173 3532 ή
2215 3461 2415 3533 Θεωρία
2447 3463 2553 3514 ἀπὸ
2594 3463 2728 3516 Θεοῦ
2777 3465 2948 3517 ἐστιν.
2991 3464 3127 3516 Ἀλλ’
3163 3463 3363 3532 ὕπαγε,
3417 3463 3720 3533 ὕποτάγηθι

2139 3551 2216 3624 τῷ
2242 3551 2414 3621 Πατρί
2441 3569 2552 3605 σου.

2212 3650 2273 3697 ε’.
2306 3639 2474 3698 Εἶπεν
2513 3645 2540 3696 6
2577 3642 2751 3705 ἀὸὃᾶς
2777 3643 3008 3714 Ποιμὴν,
3041 3644 3122 3696 ὅτι
3163 3641 3447 3715 ἠρώτησεν
3484 3643 3512 3694 6
3546 3640 3722 3704 ἀὸὅᾶς

2141 3736 2378 3807 Μωῦσῆς
2399 3736 2490 3789 τὸν
2510 3737 2552 3767 ⁷⁷
2584 3735 2757 3789 ἀ66ἄν
2782 3736 3055 3808 Ζαχαρίαν
3083 3735 3342 3805 μέλλοντα
3361 3733 3617 3802 τελευτᾷν
3639 3732 3686 3763 ⁷⁸
3702 3745 3718 3761 “

2143 3827 2207 3879 Τί
2261 3828 2423 3898 ὁρᾷς;
2481 3828 2574 3879 καλ⁹
2633 3826 2775 3895 λέγει
2814 3825 2992 3896 αὐτῷ’
3028 3826 3101 3878 Οὐ
3144 3825 3350 3895 βέλτιον
3389 3824 3450 3876 τὸ
3486 3825 3720 3894 σιωπᾷν,

2143 3917 2353 3990 Πάτερ;
2398 3917 2490 3970 καὶ
2524 3913 2677 3969 εἶπε“
2713 3919 2840 3981 Ναὶ,
2875 3917 3081 3982 τέκνον,
3129 3915 3330 3971 σιώπα.
3364 3916 3468 3970 Καὶ
3505 3919 3570 3986 τῇ
3600 3916 3724 3988 ὥρᾳ.

2140 4008 2233 4062 τοῦ
2260 4008 2486 4062 θανάτου
2512 4007 2695 4074 αὑτοῦ,
2721 4007 3079 4078 καθεζόμενος
3131 4011 3158 4062 6
3218 4007 3390 4070 ἀὸὀᾶς
3431 4006 3719 4078 Ἰσίδωρος,

2142 4099 2447 4168 ἀναϐλέψας
2471 4101 2549 4162 εἰς
2587 4098 2676 4150 τὸν
2699 4098 2926 4170 οὐρανὸν
2955 4095 3134 4152 εἶπεν
3172 4096 3502 4169 Εὐφραίνου,
3530 4096 3721 4148 τέκνον

2147 4206 2246 4261 μου
2282 4189 2546 4260 Ζαχαρία,
2589 4189 2669 4241 ὃτι
2705 4187 3056 4260 ἀνεῴχθησάν
3097 4206 3178 4242 σοι
3206 4190 3262 4242 αἱ
3294 4187 3458 4242 πύλαι
3488 4187 3588 4258 τῆς
3613 4186 3722 4241 τῶν

2143 4281 2387 4352 οὐρανῶν
2426 4278 2723 4351 βασιλείας.

2598 4393 2765 4463 Ἀρχὴ
2792 4393 2885 4447 τοῦ
2911 4395 2957 4446 II
2987 4394 3270 4463 στοιχείου.

2483 4485 2618 4553 Περὶ
2649 4485 2752 4538 τοῦ
2785 4484 2935 4539 ἀὸϐᾱ
2985 4485 3223 4538 Ἡσαΐου
3254 4483 3388 4554 (47).

2221 4603 2286 4651 α’.
2316 4592 2481 4651 Εἶπεν
2507 4599 2534 4649 6
2562 4596 2736 4658 ἁὸὁᾶς
2783 4597 3028 4661 Ἡσαΐας,
3063 4599 3144 4650 ὅτι
3174 4596 3328 4650 οὐδὲν
3359 4595 3532 4660 οὕτως
3568 4595 3722 4649 λυσιη

2151 4892 2321 4956 Esaiae
2339 4901 2550 4956 abbatis
2573 4901 2817 4955 oratione
2837 4899 2898 4953 2|
2913 4938 2928 4963 ,
2955 4915 3021 4954 ex
3047 4900 3164 4954 Zini
3187 4900 3437 4957 versione
3459 4899 3722 4968 scriptum

2149 4971 2352 5041 legitur
2379 4991 2390 5025 :
2428 4971 2532 5037 Qui
2559 4988 2661 5026 non
2693 4969 2833 5041 tollit
2866 4986 3070 5041 crucem
3095 4987 3248 5041 suam
3277 4982 3326 5024 et
3357 4972 3592 5041 sequitur
3619 4986 3720 5031 me,

2147 5039 2251 5095 non
2281 5051 2446 5111 potest
2471 5057 2612 5111 meus
2640 5057 2751 5095 esse
2773 5039 3062 5111 discipulus
3085 5039 3234 5108 (Luc.
3261 5057 3371 5104 xw,
3392 5039 3506 5098 2⁷7).
3536 5039 3715 5111 Quam

2149 5109 2298 5174 dicit,
2329 5121 2385 5164 ut
2421 5110 2670 5165 tollamus
2695 5113 2940 5165 crucem?
2972 5109 3077 5163 nisi
3107 5120 3163 5164 ut
3191 5127 3334 5168 mens
3399 5109 3610 5164 assidue
3644 5109 3723 5163 vi-

2151 5181 2300 5250 gilet,
2333 5191 2384 5235 et
2419 5179 2698 5234 virtutibus
2728 5179 3039 5250 incumbat?
3073 5184 3114 5234 A
3146 5196 3299 5234 cruce
3340 5196 3441 5234 non
3477 5179 3723 5241 discedit,

2151 5251 2240 5372 ﬁni
2268 5253 2394 5304 vitia
2432 5250 2774 5332 persequitur,
2811 5249 3062 5331 donesea
3089 5251 3328 5331 proﬂiget
3372 5266 3435 5302 ac
3460 5259 3721 5330 ‘superet.

2207 5321 2347 5372 ullus
2377 5321 2584 5372 dubito.
2615 5336 2745 5372 num
2771 5320 3081 5372 abbrevnata
3114 5330 3386 5372 scriptura
3420 5334 3539 5372 viro
3565 5319 3721 5372 docto

2207 5321 2347 5391 ullus
2377 5321 2584 5391 dubito,
2615 5320 2745 5389 quin
2771 5319 3081 5391 abbreviata
3114 5321 3394 5391 scriptura
3420 5320 3539 5391 viro
3565 5319 3727 5374 docto

2154 5388 2329 5443 fraudi
2369 5389 2555 5458 fuerit,
2572 5388 2646 5458 fut
2664 5390 3141 5444 archimandritam
3171 5388 3723 5458 iii—archiepiscopum

2154 5466 2514 5513 converteret.
2549 5457 2722 5514 Esaiae
2771 5460 3110 5515 anachoreta:
3180 5460 3338 5511 aliam
3398 5457 3724 5513 sententiam

2152 5527 2372 5582 adducit
2402 5529 2670 5584 Antonius
2718 5528 2933 5584 Melissa
2986 5529 3078 5581 lib.
3109 5544 3148 5590 ι,
3189 5541 3353 5582 scrin.
3387 5531 3476 5594 59;
3508 5528 3726 5582 abbatis

2154 5612 2279 5669 vero
2304 5597 2474 5652 Esaia:
2497 5600 2757 5669 opuscula
2779 5599 2950 5669 varia,
2984 5598 3178 5669 partim
3210 5597 3377 5662 edita,
3414 5599 3605 5668 partim
3639 5599 3728 5653 in-

2149 5666 2315 5792 ﬁdi‘tla,
2350 5666 2739 5789 tcomplectitur
2769 5668 2939 5724 codex
2974 5667 3354 5723 membrancus
3385 5666 3730 5723 bibliotheca:

2174 5751 2226 5790 ..0
2291 5752 2344 5790 er
2374 5752 2492 5789 mm.

2174 5737 2492 5790 lolbertinaz.
