4012 6208
384 362 490 421 {83

1555 352 1900 411 APPENDIX
1941 353 2032 408 AD
2072 348 2499 407 PALLADiUM.

3553 333 3657 393 185

382 477 675 550 suscipiat,
698 480 989 548 desperare
1013 473 1083 533 de
1117 475 1580 548 promissionibus
1612 475 1728 541 Dei,
1767 486 1820 532 et
1852 492 1969 530 am-

2100 473 2213 544 θεῷ,
2268 474 2350 525 ὅτι
2398 470 2634 524 ποιεῖταί
2679 481 2770 517 σου
2828 460 3104 533 φροντίδα,
3158 459 3253 512 καὶ
3303 456 3365 510 τὸ
3424 454 3659 511 ἀπελπί-

350 578 359 587 ·
384 569 772 641 pliticationem
802 566 1078 623 aﬂ’ectare.

456 745 547 801 10.
590 743 970 816 Interrogatus
996 755 1082 803 est
1125 747 1313 815 etiam,
1347 735 1478 819 duid
1506 759 1652 804 esset
1678 749 1967 804 detractio.

297 862 306 875 ι
382 839 451 894 Et
474 838 795 909 respondit:
837 836 956 909 Non
988 854 1323 911 cognoscere
1349 842 1580 912 gloriam
1615 841 1738 904 Dei;
1766 850 1964 911 atque:

388 929 594 986 invidia
625 944 754 1000 erga
784 922 1121 1000 proximum.

458 1024 547 1078 ll.
585 1022 962 1095 Interrogatus
985 1024 1191 1094 pariter
1215 1025 1280 1080 de
1308 1024 1412 1093 ira;
1433 1038 1759 1096 reSponsum
1789 1025 1967 1081 dedit:

390 1115 470 1172 ira
497 1124 582 1204 est
609 1116 920 1181 contentio,
952 1123 1008 1173 et
1036 1115 1404 1182 mendacium,
1437 1124 1491 1172 et
1517 1118 1846 1188 ignorantia.

949 1226 1020 1283 De
1053 1225 1241 1299 abbate
1281 1227 1425 1283 Elia.

462 1341 514 1395 t.
559 1340 674 1413 (51)
713 1340 863 1397 Dixit
898 1340 1069 1397 abbas
1094 1339 1279 1397 Elias:
1312 1340 1451 1397 Tres
1482 1355 1584 1412 ego
1633 1356 1727 1398 res
1773 1342 1969 1410 timeo;

389 1448 515 1487 cum
548 1433 731 1487 anima
760 1447 884 1489 mea
912 1447 1208 1504 egressura
1227 1440 1313 1487 est
1342 1447 1373 1487 e
1406 1447 1676 1503 corpore;
1710 1448 1834 1489 cum
1860 1432 1975 1489 Deo

388 1524 857 1593 repraesentabor;
885 1532 941 1581 et
967 1539 1095 1580 eum
1123 1524 1392 1580 adversus
1419 1541 1506 1581 me
1533 1525 1863 1598 proferenda
1889 1534 1975 1581 est

390 1617 687 1674 sententia.
1902 1600 1947 1611 ’“

460 1706 515 1759 2.
551 1705 666 1777 (52)
697 1705 964 1761 Dicebant
984 1721 1150 1766 senes
1178 1706 1362 1763 abbati
1393 1706 1522 1762 Elia:
1560 1707 1613 1762 in
1646 1707 1883 1779 Egypto
1908 1706 1977 1764 de

2071 581 2160 618 σαι
2215 564 2320 617 τῶν
2382 556 2727 629 ἐπαγγελιῶν
2770 553 2866 608 τοῦ
2908 551 3045 607 Θεοῦ
3101 550 3204 605 καῖ
3233 550 3279 582 ⁸⁸
3324 548 3661 620 φιλοπλατύ-

2069 657 2275 710 νεσθαι.
2664 680 2667 681 ν

2145 753 2196 799 ι’.
2237 743 2524 816 Ἦρωτήθη
2580 741 2763 804 πάλιν,
2792 739 2846 792 τί
2882 739 3000 790 ἐστι
3040 733 3366 796 καταλαλιὰ,
3425 735 3520 787 καὶ
3555 734 3666 786 6.7.-

2071 837 2293 910 εκρίθη·
2333 839 2406 891 T6
2454 837 2528 907 μὴ
2573 831 2832 904 γνῶναι⁸²
2849 829 2945 902 τὴν
2962 827 3119 896 δόξαν
3150 826 3244 880 τοῦ
3293 825 3427 880 Θεοῦ
3463 825 3533 891 ⁸³,
3567 824 3664 877 καὶ

2070 929 2267 994 Φθόνος
2306 930 2442 1000 πρὸς
2467 927 2558 980 τὸν
2598 924 2847 997 πλησίον.
3623 1009 3633 1011 ξ
3760 1002 3773 1011 -

2145 1028 2233 1074 ια’.
2278 1018 2566 1089 ἰιρωτήθη
2599 1017 2779 1083 πάλιν,
2806 1015 2859 1069 τί
2892 1017 3040 1068 ἐστιν
3079 1012 3219 1084 ὀργὴ
3243 1054 3258 1077 ,
3291 1013 3384 1066 καὶ
3431 1009 3662 1080 ἀπεκρί-

2075 1114 2176 1184 θη*
2216 1113 2373 1183 Ἔρις
2400 1112 2470 1177 ⁸³,
2502 1111 2596 1165 καὶ
2624 1109 2843 1178 ψεῦδος,
2880 1107 2975 1160 καὶ
3008 1104 3276 1174 ἀγνωσία.

2514 1224 2651 1292 Περὶ
2684 1221 2789 1276 τοῦ
2818 1217 2971 1275 ἀϐὄᾶ
3013 1218 3193 1272 Ἠλία.

2145 1348 2213 1396 α’.
2246 1336 2413 1393 Εἶπεν
2450 1339 2478 1390 6
2511 1335 2686 1398 ἀϐΰᾶς
2729 1332 2938 1395 Ἠλίας⁸
2993 1327 3136 1397 Ἐγὼ
3180 1327 3306 1419 τρία
3359 1323 3663 1419 πράγλματα

2076 1432 2348 1504 φοϐοῦμαι
2368 1448 2380 1460 ·
2414 1430 2542 1483 ὅταν
2580 1426 2750 1498 μέλλῃ
2778 1425 2811 1494 ἡ
2835 1422 2980 1493 ψυχή
3020 1437 3121 1491 μου
3157 1417 3391 1483 ἐξελθεῖν
3425 1416 3532 1470 ἀπὸ
3565 1414 3661 1470 eo»;

2079 1522 2348 1595 σώματος,
2391 1520 2486 1575 καὶ
2525 1519 2653 1572 ὅταν
2696 1515 2876 1587 μέλλω
2918 1512 2999 1581 τῷ
3039 1509 3160 1582 Θεῷ
3193 1509 3526 1581 ἀπαντῆσαι,
3566 1508 3663 1563 καὶ

2075 1620 2203 1673 ὅταν
2236 1616 2401 1688 μέλλῃ
2433 1615 2465 1685 ἡ
2500 1611 2775 1681 ἀπόφασις
2802 1605 3036 1673 ἐξελθεῖν
3069 1607 3190 1659 κατ’
3216 1604 3380 1675 ἐμοῦ.

2151 1710 2216 1781 β’.
2266 1708 2489 1775 Ἔλεγον
2545 1705 2594 1759 οἱ
2640 1703 2898 1774 γέροντες
2951 1698 3030 1771 τῷ
3060 1697 3205 1769 ἀϐὁᾷ
3247 1696 3406 1767 Ἠλίᾳ
3453 1696 3537 1757 εἱς
3570 1694 3664 1745 Αἴ-

389 1792 587 1849 abbate
609 1793 894 1865 Agathone
938 1815 951 1850 :
981 1794 1166 1852 Bonus
1194 1796 1366 1853 abbas
1419 1805 1524 1854 est.
1552 1798 1642 1851 Ait
1665 1798 1747 1853 eis
1770 1812 1969 1863 senex:

2100 1817 2284 1867 runtov
2332 1798 2459 1870 περὶ
2497 1793 2592 1848 τοῦ
2632 1792 2779 1847 ἀεϐᾶ
2821 1789 3148 1859 Ἀγάθωνος,
3209 1789 3290 1841 ὃτι
3336 1785 3515 1847 Καλὸς
3563 1785 3665 1838 ἀϐ-

393 1885 715 1941 Secundum
747 1893 965 1943 aetatem
1003 1903 1113 1960 qua
1132 1889 1286 1955 vivit,
1302 1889 1480 1945 bonus
1512 1897 1616 1945 est.
1641 1887 1973 1961 Excipiunt:

392 1974 538 2043 Quid
591 1993 721 2034 vero
765 1979 1070 2036 secundum
1119 1981 1415 2052 antiquos?
1466 1981 1806 2052 Respondit:
1850 1981 1974 2037 Dixi

390 2067 573 2135 vobis,
605 2070 752 2140 quod
775 2070 935 2141 juxta
965 2079 1179 2128 aetatem
1209 2087 1368 2129 suam
1398 2073 1700 2143 praeclarus
1727 2073 1836 2141 sit;
1878 2073 1977 2129 sed

392 2162 540 2233 quod
586 2172 801 2232 spectat
859 2164 928 2218 ad
963 2173 1193 2231 veteres,
1227 2165 1336 2221 vidi
1383 2166 1660 2223 hominem
1708 2166 1973 2233 inSceti,

392 2255 487 2323 qui
519 2263 737 2325 poterat
757 2256 929 2313 solem
961 2258 1016 2312 in
1048 2258 1192 2315 caelo
1216 2260 1436 2326 sistere,
1472 2257 1798 2315 sicutlesus
1828 2257 1976 2316 ﬁlius

390 2343 581 2401 Navae.
612 2345 733 2413 Quo
754 2347 969 2414 audito,
1005 2348 1433 2425 obstupuerunt,
1465 2357 1525 2404 et
1553 2349 1784 2419 gloriam
1824 2357 1976 2406 retu-

393 2437 577 2493 lerunt
607 2436 741 2494 Deo.

467 2613 521 2666 5.
566 2612 712 2667 Dixit
745 2612 918 2669 abbas
963 2612 1136 2679 Elias,
1172 2613 1264 2670 ille
1294 2615 1563 2671 diaconia:
1593 2631 1690 2671 seu
1732 2615 1980 2676 ministe-

398 2705 500 2759 rii:
534 2703 678 2771 Quid
710 2704 852 2760 valet
905 2714 1218 2776 peccatum,
1273 2707 1365 2763 ubi
1401 2715 1487 2763 est
1528 2707 1885 2778 pmnitentia?
1926 2716 1980 2764 et
2030 2746 2033 2749 ν

395 2795 528 2867 quid
553 2796 710 2866 juvat
737 2797 1001 2863 Charitas,
1033 2798 1125 2855 ubi
1158 2798 1363 2855 residet
1394 2800 1695 2871 superbia?

464 2887 521 2941 4.
564 2886 776 2944 Retulit
826 2888 1001 2946 abbas
1049 2889 1234 2947 Elias:
1270 2889 1394 2945 Vidi
1423 2890 1705 2946 hominem
1738 2893 1833 2963 qui
1870 2893 1980 2947 vini

396 2980 740 3038 cucurbitam
762 2981 1012 3052 capiebat
1029 2982 1135 3039 sub
1163 2982 1385 3038 axillam
1414 2998 1609 3049 suam;
1649 2990 1706 3038 et
1741 2991 1801 3037 ut
1839 2982 1981 3038 infa-

396 3073 562 3129 ntiam
584 3072 860 3127 inurerem
883 3073 1248 3140 daemonibus,
1278 3075 1424 3145 quod
1448 3073 1778 3144 phantasma
1807 3084 1973 3141 esset,

2077 1893 2179 1956 ϐᾶς
2208 1892 2255 1924 ⁸⁵
2289 1891 2457 1943 ἐστιν.
2507 1886 2618 1940 Καὶ
2661 1884 2811 1952 λέγει
2853 1882 3037 1945 αὐτοῖς
3066 1884 3094 1934 6
3122 1879 3333 1951 γέρων·
3372 1878 3529 1931 Κατὰ
3560 1877 3663 1947 τὴν

2075 1981 2270 2054 γενεὰν
2299 1978 2463 2035 αὐτοῦ
2495 1977 2657 2040 καλός
2689 1978 2827 2032 ἐστι.
2863 1972 2973 2026 Καὶ
2995 1970 3247 2040 λέγουσιν
3282 1968 3431 2039 αὐτῷ
3452 1985 3466 2000 ο
3502 1968 3660 2020 Κατά

2075 2075 2132 2128 δὲ
2165 2075 2292 2137 τοὺς
2333 2070 2596 2143 ἀρχαίους
2627 2067 2719 2134 τί;
2763 2065 2869 2121 Καὶ
2906 2063 3226 2136 ἀποκριθεὶς
3273 2061 3456 2130 λέγει·
3494 2057 3663 2114 Εἶπον

2078 2168 2225 2238 ὑμῖν,
2255 2166 2337 2219 ὅτι
2364 2162 2504 2217 κατά
2540 2161 2639 2233 τὴν
2693 2158 2889 2228 γενεὰν
2927 2154 3093 2210 αὑτοῦ
3127 2154 3289 2217 καλός
3322 2156 3436 2206 ἐστι
3458 2168 3473 2181 ·
3519 2151 3666 2205 κατὰ

2076 2257 2135 2311 δὲ
2165 2257 2291 2319 τοὺς
2317 2252 2597 2326 ἀρχαίους,
2643 2249 2863 2321 ἑώρακα
2894 2247 3176 2320 ἄνθρωπον
3219 2246 3278 2297 ἐν
3323 2245 3543 2314 Σκήτει,
3580 2244 3664 2296 ὅτι

2079 2344 2311 2416 ἠδύνατο
2343 2343 2435 2396 τὸν
2468 2341 2619 2413 ἥλιον
2679 2341 2875 2411 στῆσαι
2910 2340 2968 2393 ἐν
3015 2334 3095 2407 τῷ
3139 2335 3374 2407 οὐρανῷ,
3410 2333 3668 2404 καθάπερ

2093 2436 2296 2506 Ἰησους
2316 2436 2345 2488 6
2375 2432 2469 2487 τοῦ
2509 2432 2653 2486 Natat
2670 2431 2738 2486 ⁸⁸.
2779 2430 2890 2484 Καὶ
2916 2428 3072 2481 τοῦτο
3107 2425 3458 2492 ἀκούσαντες,
3491 2424 3669 2495 ἐθαμ-

2081 2527 2348 2599 ϐήθησαν,
2383 2527 2479 2580 καὶ
2513 2524 2769 2589 ἐδόξασαν
2792 2524 2883 2577 τὸν
2909 2522 3067 2576 Θεὸν.

2152 2626 2221 2688 γ’.
2258 2617 2425 2672 Εἶπεν
2474 2619 2503 2671 6
2545 2616 2719 2680 ἁϐΰᾶς
2780 2613 2968 2677 Ἠλίας
3013 2615 3042 2666 6
3085 2612 3184 2683 τῆς
3212 2611 3488 2673 διακονίας
3521 2610 3668 2679 (54)-

2083 2714 2149 2768 Τί
2178 2712 2348 2783 ἰσχύει
2370 2711 2635 2785 ἁμαρτία,
2669 2711 2804 2764 ὅπου
2838 2708 2956 2763 ἐστὶ
2994 2708 3286 2781 μετάνοιας
3329 2706 3422 2761 καὶ
3444 2706 3498 2760 τί
3523 2704 3673 2777 ὠφε-

2083 2805 2165 2859 λεῖ
2197 2806 2407 2878 ἀγάπη,
2436 2804 2564 2859 ἔνθα
2590 2804 2736 2858 ἐστὶν
2765 2802 3143 2874 ὑπερηφανίας

2153 2898 2211 2951 δ’.
2246 2894 2413 2952 Εἶπεν
2446 2899 2474 2951 6
2506 2895 2682 2960 ἀϐϐἄς
2726 2895 2932 2958 Ἠλίας,
2972 2894 3055 2947 ὅτι
3097 2889 3252 2947 Εἶδον
3282 2892 3393 2962 ἐγώ
3419 2912 3540 2947 τινα
3572 2893 3667 2947 λα-

2085 2990 2247 3044 ϐόντα
2267 2988 2609 3043 κολοκύντιον
2636 2986 2777 3041 οἴνου
2812 2988 2893 3050 είς
2912 2985 3011 3058 τὴν
3032 2985 3207 3057 μάλην
3231 2985 3397 3040 αὐτοῦ
3417 3003 3431 3018 ·
3465 2985 3557 3038 καὶ
3580 2984 3670 3039 ἵνα

2085 3078 2328 3149 αἰσχύνω
2372 3078 2500 3140 τοὺς
2545 3076 2808 3147 δαίμονας
2850 3076 2933 3129 ὅτι
2987 3075 3259 3145 φαντασία
3284 3070 3374 3146 ἦν,
3409 3070 3560 3129 εἶπον
3589 3073 3673 3145 τῷ

395 3165 509 3225 dixi
555 3164 713 3220 fratri
749 3185 762 3222 :
794 3164 875 3219 Ex
903 3167 1196 3231 charitate,
1249 3167 1355 3221 hoc
1406 3181 1592 3222 meum
1637 3168 1785 3223 tolle.
1842 3166 1980 3221 Tum

2100 3169 2329 3240 Ξιδελφῷ·
2360 3168 2593 3239 Ποίησον
2620 3167 2862 3237 ἀγάπην,
2906 3166 3001 3220 καὶ⁵
3037 3162 3170 3238 ἆρόν
3209 3183 3311 3237 μου
3345 3164 3534 3219 τοῦτο’
3573 3165 3672 3220 καὶ⁵

397 3257 618 3319 sublato
645 3257 813 3328 pallio
834 3272 957 3323 suo,
986 3258 1123 3312 nihil
1151 3257 1357 3314 habere
1385 3259 1642 3314 inventus
1666 3266 1773 3314 est.
1804 3260 1863 3314 Id
1885 3276 1983 3314 au-

396 3361 504 3405 tem
550 3348 871 3419 prolocutus
910 3363 1057 3414 sum,
1113 3359 1169 3403 ut
1216 3349 1342 3404 licet
1376 3351 1782 3422 conspexeritis
1816 3351 1982 3421 quid-

398 3442 539 3511 piam
569 3441 656 3496 vel
681 3439 990 3508 audieritis,
1021 3455 1130 3497 non
1160 3440 1482 3498 admittatis.
1515 3440 1773 3510 Quinimo
1797 3445 1986 3501 obser-

399 3539 525 3587 vate
577 3533 1056 3600 ratiocinationes,
1112 3534 1287 3589 animi
1337 3544 1664 3606 conceptus,
1715 3538 1982 3609 cogitata;

399 3624 639 3682 scientes
683 3625 813 3680 talia
865 3641 896 3679 a
925 3626 1271 3683 daemonibus
1306 3627 1547 3693 immitti,
1579 3644 1690 3699 quo
1743 3632 1983 3687 animam

399 3714 669 3786 polluant,
704 3714 1018 3773 inducendo
1041 3716 1110 3772 ad
1142 3733 1329 3774 rerum
1354 3718 1836 3791 incongruentium
1856 3739 1987 3778 con-

2087 3265 2226 3336 ἄρας
2256 3262 2317 3314 τὸ
2354 3260 2578 3315 πάλλιον
2624 3257 2813 3324 αὑτοῦ,
2860 3257 3058 3330 εὑρέθη
3093 3258 3259 3329 μηδὲν
3307 3256 3464 3329 ἔχων.
3500 3254 3672 3311 Τοῦτο

2086 3354 2142 3408 δὲ
2172 3350 2344 3415 εἷπον,
2377 3352 2460 3405 ὃτι
2499 3350 2602 3405 κᾶν
2638 3352 2751 3414 τοῖς
2796 3349 3094 3421 ὀφθαλμοῖς
3137 3348 3285 3420 ἴδητέ
3325 3366 3411 3415 τι,
3444 3347 3474 3417 ἢ
3508 3346 3676 3402 ἀκού-

2088 3464 2241 3518 σητε,
2286 3446 2360 3517 μὴ
2388 3442 2774 3515 καταδέξησθε.
2818 3442 2979 3513 Πόσῳ
3030 3442 3230 3513 μᾶλλον
3286 3442 3504 3512 τηρεῖτε
3545 3441 3677 3504 τοὺς

2085 3539 2469 3610 διαλογισμοὺς
2511 3536 2607 3591 καὶ
2645 3535 2747 3599 τὰς
2792 3534 3123 3606 ἐνθυμήσεις
3166 3533 3261 3588 καὶ⁵
3303 3532 3404 3595 τὰς
3441 3531 3669 3595 ἐννοίας,

2088 3630 2287 3693 εἰδότες
2315 3631 2397 3682 ὅτι
2431 3627 2586 3683 αὐτο)⁵
2615 3624 2977 3697 ἐμϐάλλουσιν
3004 3623 3165 3687 αὐτὰ,
3203 3623 3289 3676 ἵνα
3320 3623 3550 3694 μιάνωσι
3571 3621 3673 3692 τὴν

2085 3721 2264 3793 ψυχὴν
2296 3719 2607 3789 λογίζεσθαι
2637 3718 2708 3772 τὰ
2746 3716 2821 3789 μὴ
2888 3716 3260 3788 συμφέροντα,
3315 3716 3407 3768 καὶ
3448 3715 3534 3768 ἵνα
3574 3716 3675 3768 ἀπ-

401 3804 817 3872 siderationem,
856 3815 1026 3878 utque
1083 3817 1325 3865 mentem
1378 3820 1613 3867 avocent
1660 3827 1692 3867 a
1747 3815 1980 3885 propriis

2100 3813 2432 3886 ισχολήσωσι
2473 3812 2565 3865 τὸν
2596 3809 2721 3865 νοῦν
2751 3809 2860 3863 ἀπὸ
2893 3807 3002 3863 τῶν
3037 3808 3321 3880 ἁμαρτιῶν
3344 3807 3530 3871 αὐτοῦ,
3577 3808 3674 3859 καὶ

400 3897 641 3965 peccatis
672 3906 837 3970 atque
858 3916 889 3955 a
918 3899 1049 3957 Deo.

565 3984 744 4044 Etiam
809 3990 950 4046 hanc
1001 3991 1230 4062 protulit
1291 3993 1670 4050 sententiam:
1727 3995 1988 4052 Homines

403 4088 643 4136 mentem
676 4082 883 4138 habent
915 4084 1183 4141 intentam
1213 4085 1301 4141 vel
1326 4085 1394 4142 ad
1421 4097 1666 4158 peccata,
1699 4089 1783 4145 vel
1809 4088 1878 4145 ad
1905 4088 1990 4146 1e-

402 4184 551 4235 sum,
588 4173 674 4227 vel
705 4175 772 4228 ad
810 4175 1083 4234 homines.

475 4258 527 4312 6.
572 4259 686 4364 (εδ)
717 4261 914 4319 Adhuc
935 4268 1075 4322 dixit
1102 4287 1117 4324 :
1153 4270 1271 4329 Nisi
1306 4290 1463 4331 mens
1487 4275 1684 4346 psallat
1709 4292 1832 4331 cum
1860 4292 1988 4333 cor-

404 4366 559 4419 pore,
591 4360 646 4405 in
674 4368 879 4408 vanum
907 4366 993 4413 est
1014 4360 1191 4417 labor.
1228 4364 1331 4421 Et:
1367 4367 1426 4421 Si
1458 4370 1583 4438 quis
1612 4369 1864 4425 dilexerit
1891 4370 1987 4425 tri-

403 4441 769 4511 bulationem,
792 4454 987 4516 postea
1015 4451 1065 4505 ei
1099 4453 1205 4509 erit
1233 4454 1290 4510 in
1322 4457 1583 4527 gaudium
1622 4474 1687 4514 ac
1717 4460 1981 4532 requiem.

474 4620 525 4674 7.
568 4616 629 4675 Id
659 4637 882 4694 quoque
911 4627 1165 4686 elocutus
1195 4639 1317 4690 est:
1343 4630 1521 4690 Senex
1551 4636 1777 4706 quidam
1810 4654 1988 4695 manc-

2086 3909 2182 3963 τοῦ
2213 3906 2369 3961 Θεοῦ.

2159 3998 2220 4053 ε’.
2256 3995 2392 4052 Εἷπε
2423 3997 2584 4051 πάλιν
2605 4012 2619 4026 ’
2665 3997 2729 4049 Oi
2763 3996 3045 4068 ἄνθρωποι
3092 3993 3184 4048 τὸν
3222 3992 3345 4047 νοῦν
3376 3991 3609 4061 ἔχουσιν,
3639 3990 3673 4060 ἢ

2089 4094 2169 4156 εἰς
2197 4090 2297 4155 τὰς
2337 4088 2629 4161 ἁμαρτίας,
2660 4088 2694 4159 ἢ
2724 4087 2872 4159 πρὸς
2904 4087 2997 4142 τὸν
3036 4084 3265 4156 Ἰησοῦν,
3300 4084 3333 4155 ἢ
3378 4081 3515 4152 πρὸς
3550 4080 3679 4142 τοὺς

2091 4182 2433 4256 ἀνθρώπους.

2164 4282 2238 4341 ς’.
2269 4270 2406 4329 Εἶπε
2456 4272 2654 4329 πάλινο
2728 4273 2854 4327 Ἐὰν
2914 4271 2989 4343 μὴ
3040 4272 3069 4324 6
3123 4269 3249 4334 νοῦς
3299 4267 3476 4339 ψάλλῃ
3538 4265 3678 4336 μετὰ

2089 4366 2183 4420 τοῦ
2210 4366 2482 4437 σώματος,
2510 4366 2590 4428 εἰς
2624 4364 2800 4435 μάτην
2831 4364 2859 4416 6
2891 4362 3081 4425 κόπος.
3122 4358 3249 4414 Ἐὰν
3287 4359 3397 4431 γάρ
3419 4374 3502 4420 τις
3532 4357 3676 4422 ἀγα⁹

2096 4458 2172 4530 πᾷ
2200 4457 2299 4528 τὴν
2330 4455 2531 4526 θλίψιν,
2570 4453 2798 4527 ὕστερον
2826 4453 3037 4523 γίνεται
3066 4449 3215 4521 αὐτῷ
3244 4451 3323 4513 είς
3369 4446 3546 4520 χαρὰν
3582 4447 3681 4502 καὶ

2093 4545 2419 4601 ἀνάπαυσιν.

2166 4636 2229 4702 ζ’.
2264 4631 2399 4688 Eine
2427 4635 2606 4700 πάλιν,
2642 4634 2724 4688 ὅτι
2760 4634 2858 4698 Ti;
2886 4633 3065 4705 γέρων
3104 4631 3317 4702 ἔμεινεν
3364 4630 3445 4693 είς
3496 4628 3678 4699 ίερόνο

402 4714 498 4771 bat
528 4715 581 4769 in
610 4713 768 4785 fano;
792 4728 1061 4776 venerunt
1090 4721 1365 4782 daemones
1384 4766 1398 4790 ,
1423 4726 1672 4784 dicentes
1702 4730 1751 4784 ei
1773 4750 1787 4785 :
1812 4729 1980 4787 Rece-

2100 4731 2189 4786 καλ⁸
2216 4726 2379 4802 ἦλθον
2419 4730 2469 4781 oi
2513 4728 2768 4799 δαίμονες
2804 4726 3058 4795 λέγοντες
3097 4723 3281 4795 αὐτῷ·
3333 4721 3571 4775 Ἀπελθε
3616 4723 3680 4773 ἐι

402 4805 473 4860 de
500 4820 531 4861 e
559 4806 682 4861 loco
717 4818 928 4864 nostro.
969 4809 1147 4868 Senex
1184 4814 1336 4870 iniit:
1370 4814 1482 4873 Vos
1512 4831 1621 4873 non
1652 4817 1865 4874 habetis
1904 4818 1987 4873 lo-

403 4912 550 4951 cum.
572 4896 872 4970 Cmperunt
891 4917 1026 4974 ergo
1056 4905 1262 4975 passim
1286 4922 1547 4979 spargere
1575 4910 1789 4981 palmas
1816 4909 1984 4966 illius.

405 4989 582 5049 Senex
620 5007 748 5049 vero
774 4998 1168 5066 perseveravit,
1205 5000 1474 5072 colligens
1506 5016 1622 5058 eas.
1650 5000 1846 5059 Postea
1880 5002 1991 5058 da:-

2040 4842 2051 4851 ‘
2094 4820 2188 4876 τοῦ
2215 4821 2376 4876 τόπου
2404 4819 2582 4892 ἡμῶν.
2610 4819 2723 4874 Καὶ
2744 4821 2772 4873 6
2796 4818 2976 4889 γέρων
2998 4816 3103 4888 ἔφη
3124 4832 3138 4846 ο
3185 4816 3377 4886 Ὑμεῖς
3396 4813 3497 4866 οὐκ
3527 4812 3680 4882 ἔχετε

2094 4917 2280 4970 τόπον.
2315 4913 2428 4968 Καὶ
2459 4913 2693 4985 ἧρξαντο
2738 4911 3056 4984 σκορπίζειν
3089 4908 3257 4963 αὐτοῦ
3287 4906 3353 4960 τὰ
3397 4906 3524 4976 βαΐα
3558 4903 3679 4956 καθ’

2098 5007 2263 5075 ἅπαξ.
2311 5006 2368 5060 '0
2397 5006 2455 5060 δέ
2483 5006 2660 5078 γέρων
2681 5005 2946 5077 ἐπέμενεν
2979 5002 3119 5056 αὐτὰ
3159 4999 3449 5069 συλλέγων.
3484 4995 3670 5048 Ὕστε-

407 5096 557 5148 tuon,
589 5087 936 5156 apprehensa
961 5107 1128 5149 manu
1155 5094 1297 5165 ejus,
1324 5094 1473 5153 foras
1507 5095 1661 5152 illum
1686 5096 1873 5153 traxit.
1917 5095 1980 5152 Ut

2102 5115 2192 5170 ρον
2212 5099 2241 5151 6
2265 5096 2474 5168 δαίμων
2511 5097 2790 5169 κρατήσας
2816 5092 2982 5148 αὐτοῦ
3015 5094 3122 5163 τὴν
3153 5093 3339 5162 χεῖρα,
3358 5088 3552 5157 ἔσυρεν
3583 5083 3677 5137 αὖ·

399 5183 580 5229 autem
610 5182 857 5247 pervenit
886 5197 1054 5241 senex
1083 5186 1151 5241 ad
1187 5187 1439 5258 januam,
1468 5189 1573 5244 alia
1617 5204 1783 5244 manu
1814 5189 1980 5244 tenuit

2100 5190 2188 5243 τὸν
2219 5188 2343 5254 ἔξω.
2392 5188 2482 5252 Ὡς
2513 5187 2570 5241 δὲ
2594 5186 2797 5256 ἔφθασε
2824 5184 2923 5250 τὴν
2944 5182 3117 5255 θύραν
3152 5184 3181 5237 6
3210 5181 3414 5254 γέρων,
3444 5180 3512 5250 τῇ
3543 5175 3683 5247 ἄλλῃ

472 5323 519 5420 :1
536 5325 631 5420 “All;
674 5330 1072 5420 τδηφξῖξεῖξντὰξ
1117 5338 1386 5414 βλαϐερὰς
1418 5341 1634 5415 ἡδονάς.
1710 5344 1757 5379 ⁸²
1788 5342 1875 5399 Al.
1909 5343 2076 5400 inser.
2124 5342 2216 5397 τὸν
2258 5341 2390 5397 Θεὸν
2429 5342 2484 5412 η.
2561 5340 2607 5372 ⁸⁸
2636 5340 2723 5395 Al.
2750 5338 2935 5395 αὑτοῦ.
3013 5339 3058 5371 ⁸⁵
3082 5337 3168 5393 Αι.
3196 5336 3427 5409 αἵρεσις.
3515 5335 3562 5367 ⁸⁸
3594 5334 3679 5389 ΑΙ.

401 5391 650 5463 ἀδελφός.
727 5391 888 5456 ηἈι.
919 5391 1095 5479 Ναυῆ.

404 5511 596 5651 ﬁliai!)
640 5513 750 5573 νίεο
794 5515 951 5575 Patr.
1000 5538 1084 5591 nl,
1119 5525 1192 5593 4;
1239 5524 1424 5586 Schol.
1489 5528 1554 5587 21
1598 5527 1667 5583 ad
1707 5529 1987 5586 Grad.26.

500 5656 589 5723 52)
632 5656 737 5712 Vit.
768 5656 923 5714 Patr.
964 5675 1025 5723 tt,
1057 5663 1112 5716 5.

500 5727 589 5789 55)
624 5727 685 5784 L.
718 5727 946 5786 Doroth.
981 5730 1166 5787 Doctr.
1204 5733 1294 5789 23.

2096 5528 2306 5584 Joanne
2343 5527 2531 5593 Persa,
2563 5542 2714 5583 num.
2746 5526 2803 5594 2,
2852 5524 3104 5581 Ἰάκωϐον
3132 5524 3224 5594 τρν
3252 5524 3349 5593 τῆς
3382 5521 3682 5594 διακονίας.

2102 5599 2204 5655 Ubi
2232 5598 2484 5667 Pelagius
2510 5592 2673 5653 vertit
2689 5592 3126 5667 dispensatorem.
3148 5592 3413 5667 Typicutn
3445 5593 3501 5648 S.
3527 5595 3687 5667 Salvae

2100 5668 2283 5750 (ξαρ.κό
2307 5685 2321 5721 :
2428 5668 2747 5750 ᾷιακονηταὶ
2774 5663 3126 5750 σχολάξομσιν
3154 5663 3212 5717 ἐν
3239 5667 3359 5728 ταῖς
3388 5663 3687 5750 διακονίαις

2102 5733 2300 5793 αὐξῶν.
2345 5738 2573 5794 Videtur
2611 5733 2775 5807 porro
2806 5733 2914 5807 iste
2941 5736 3088 5790 Elias
3115 5735 3161 5788 is
3193 5750 3336 5807 esse,
3367 5733 3459 5806 qui
3494 5749 3520 5786 a
3564 5733 3685 5787 Pal-

476 5797 594 5874 (54)
659 5800 855 5873 Ἠλίας
914 5804 946 5857 ό
980 5800 1089 5876 τῆς
1149 5803 1454 5880 διακονίας
1529 5809 1676 5868 Infra
1732 5812 1889 5868 titulo
1930 5811 1980 5867 dt

2103 5810 2247 5867 ladiu
2288 5797 2626 5866 memoratur
2664 5806 2809 5866 Hist.
2843 5806 3007 5863 Laus.
3042 5820 3163 5877 cap.
3202 5804 3255 5861 5.

2186 5926 2253 5936 ...σο
2282 5932 2322 5938 μ,
