  <div class='ocr_page' id='page_1' title='image "/cluster/home/n/w/nwhite01/storage/ocr_20150623/65/hvd.32044073501967/098.png"; bbox 0 0 4036 6202; ppageno 0'>
   <div class='ocr_carea' id='block_1_1' title="bbox 277 341 386 400">
    <p class='ocr_par' dir='ltr' id='par_1_1' title="bbox 277 341 386 400">
     <span class='ocr_line' id='line_1_1' title="bbox 277 341 386 400; baseline 0.009 -1"><span class='ocrx_word' id='word_1_1' title='bbox 277 341 386 400; x_wconf 76' lang='grc'><strong>185</strong></span> 
     </span>
    </p>
   </div>
   <div class='ocr_carea' id='block_1_2' title="bbox 1475 331 2446 397">
    <p class='ocr_par' dir='ltr' id='par_1_2' title="bbox 1475 331 2446 397">
     <span class='ocr_line' id='line_1_2' title="bbox 1475 331 2446 397; baseline 0.006 -8"><span class='ocrx_word' id='word_1_2' title='bbox 1475 331 2096 392; x_wconf 72' lang='lat' dir='ltr'><strong>APOPHTHEGHATA</strong></span> <span class='ocrx_word' id='word_1_3' title='bbox 2132 335 2446 397; x_wconf 80' lang='lat' dir='ltr'><strong>PATRUM.</strong></span> 
     </span>
    </p>
   </div>
   <div class='ocr_carea' id='block_1_3' title="bbox 3452 346 3555 406">
    <p class='ocr_par' dir='ltr' id='par_1_3' title="bbox 3452 346 3555 406">
     <span class='ocr_line' id='line_1_3' title="bbox 3452 346 3555 406; baseline 0.029 -3"><span class='ocrx_word' id='word_1_4' title='bbox 3452 346 3555 406; x_wconf 72' lang='grc'><strong>186</strong></span> 
     </span>
    </p>
   </div>
   <div class='ocr_carea' id='block_1_4' title="bbox 273 455 1865 538">
    <p class='ocr_par' dir='ltr' id='par_1_4' title="bbox 273 455 1862 536">
     <span class='ocr_line' id='line_1_4' title="bbox 273 455 1862 536; baseline -0.002 -22"><span class='ocrx_word' id='word_1_5' title='bbox 273 459 423 536; x_wconf 74' lang='grc' dir='ltr'><strong>χειρὶ</strong></span> <span class='ocrx_word' id='word_1_6' title='bbox 474 456 710 528; x_wconf 77' lang='grc' dir='ltr'><strong>κατέσχε</strong></span> <span class='ocrx_word' id='word_1_7' title='bbox 764 457 866 528; x_wconf 78' lang='grc' dir='ltr'><strong>τὴν</strong></span> <span class='ocrx_word' id='word_1_8' title='bbox 913 455 1107 529; x_wconf 79' lang='grc' dir='ltr'>θύραν,</span> <span class='ocrx_word' id='word_1_9' title='bbox 1137 455 1385 528; x_wconf 69' lang='grc' dir='ltr'><strong>κράζων·</strong></span> <span class='ocrx_word' id='word_1_10' title='bbox 1435 456 1637 527; x_wconf 77' lang='grc' dir='ltr'><strong>Ἰησοῦ,</strong></span> <span class='ocrx_word' id='word_1_11' title='bbox 1677 455 1862 528; x_wconf 83' lang='grc' dir='ltr'>βοήθει</span> 
     </span>
    </p>
   </div>
   <div class='ocr_carea' id='block_1_5' title="bbox 1969 455 3556 538">
    <p class='ocr_par' dir='ltr' id='par_1_5' title="bbox 1969 455 3556 538">
     <span class='ocr_line' id='line_1_5' title="bbox 1969 455 3556 538; baseline 0.006 -26"><span class='ocrx_word' id='word_1_12' title='bbox 1969 471 2109 523; x_wconf 85' lang='lat' dir='ltr'><strong>eam,</strong></span> <span class='ocrx_word' id='word_1_13' title='bbox 2143 457 2390 515; x_wconf 90' lang='lat' dir='ltr'><strong>clamans</strong></span> <span class='ocrx_word' id='word_1_14' title='bbox 2419 479 2430 513; x_wconf 91' lang='lat'><strong>:</strong></span> <span class='ocrx_word' id='word_1_15' title='bbox 2463 455 2617 526; x_wconf 80' lang='lat' dir='ltr'><strong>Jesu,</strong></span> <span class='ocrx_word' id='word_1_16' title='bbox 2649 473 2915 517; x_wconf 80' lang='lat' dir='ltr'><strong>succurre</strong></span> <span class='ocrx_word' id='word_1_17' title='bbox 2947 461 3102 518; x_wconf 92' lang='lat' dir='ltr'><strong>mihi.</strong></span> <span class='ocrx_word' id='word_1_18' title='bbox 3135 462 3556 538; x_wconf 80' lang='lat' dir='ltr'><strong>Confestimque</strong></span> 
     </span>
    </p>
   </div>
   <div class='ocr_carea' id='block_1_6' title="bbox 282 545 1868 624">
    <p class='ocr_par' dir='ltr' id='par_1_6' title="bbox 282 545 1868 624">
     <span class='ocr_line' id='line_1_6' title="bbox 282 545 1868 624; baseline -0.003 -20"><span class='ocrx_word' id='word_1_19' title='bbox 282 569 394 624; x_wconf 78' lang='grc' dir='ltr'><strong>μοι.</strong></span> <span class='ocrx_word' id='word_1_20' title='bbox 425 549 536 604; x_wconf 88' lang='lat' dir='ltr'><strong>Kal</strong></span> <span class='ocrx_word' id='word_1_21' title='bbox 556 547 722 612; x_wconf 66' lang='grc' dir='ltr'>εὐθὺς</span> <span class='ocrx_word' id='word_1_22' title='bbox 742 549 771 600; x_wconf 83' lang='grc' dir='ltr'><strong>ό</strong></span> <span class='ocrx_word' id='word_1_23' title='bbox 792 547 1006 618; x_wconf 85' lang='grc' dir='ltr'><strong>δαίμων</strong></span> <span class='ocrx_word' id='word_1_24' title='bbox 1041 546 1230 616; x_wconf 72' lang='grc' dir='ltr'>ἔφυγε.</span> <span class='ocrx_word' id='word_1_25' title='bbox 1257 545 1369 597; x_wconf 89' lang='lat' dir='ltr'><strong>Kal</strong></span> <span class='ocrx_word' id='word_1_26' title='bbox 1394 547 1422 598; x_wconf 88' lang='grc' dir='ltr'><strong>ό</strong></span> <span class='ocrx_word' id='word_1_27' title='bbox 1453 545 1629 618; x_wconf 79' lang='grc' dir='ltr'>γέρων</span> <span class='ocrx_word' id='word_1_28' title='bbox 1661 545 1868 618; x_wconf 74' lang='grc' dir='ltr'><strong>ἡρξατο</strong></span> 
     </span>
    </p>
   </div>
   <div class='ocr_carea' id='block_1_7' title="bbox 280 632 1869 710">
    <p class='ocr_par' dir='ltr' id='par_1_7' title="bbox 280 632 1869 710">
     <span class='ocr_line' id='line_1_7' title="bbox 280 632 1869 710; baseline -0.003 -13"><span class='ocrx_word' id='word_1_29' title='bbox 280 641 503 697; x_wconf 77' lang='grc' dir='ltr'><strong>κλαίειν.</strong></span> <span class='ocrx_word' id='word_1_30' title='bbox 550 639 612 692; x_wconf 87' lang='grc' dir='ltr'>Ὀ</span> <span class='ocrx_word' id='word_1_31' title='bbox 635 638 694 693; x_wconf 82' lang='grc' dir='ltr'><strong>δὲ</strong></span> <span class='ocrx_word' id='word_1_32' title='bbox 724 637 930 710; x_wconf 81' lang='grc' dir='ltr'><strong>Κύριος</strong></span> <span class='ocrx_word' id='word_1_33' title='bbox 973 632 1124 690; x_wconf 74' lang='grc' dir='ltr'>εἶπεν</span> <span class='ocrx_word' id='word_1_34' title='bbox 1163 633 1341 705; x_wconf 76' lang='grc' dir='ltr'><strong>αὐτῷ’</strong></span> <span class='ocrx_word' id='word_1_35' title='bbox 1383 633 1448 688; x_wconf 83' lang='grc' dir='ltr'><strong>Τί</strong></span> <span class='ocrx_word' id='word_1_36' title='bbox 1493 635 1738 701; x_wconf 87' lang='grc' dir='ltr'><strong>κλαίεις;</strong></span> <span class='ocrx_word' id='word_1_37' title='bbox 1772 639 1869 692; x_wconf 75' lang='grc' dir='ltr'><strong>καὶ</strong></span> 
     </span>
    </p>
   </div>
   <div class='ocr_carea' id='block_1_8' title="bbox 282 725 1869 801">
    <p class='ocr_par' dir='ltr' id='par_1_8' title="bbox 282 725 1869 801">
     <span class='ocr_line' id='line_1_8' title="bbox 282 725 1869 801; baseline -0.004 -15"><span class='ocrx_word' id='word_1_38' title='bbox 282 731 425 801; x_wconf 73' lang='grc' dir='ltr'>λέγει</span> <span class='ocrx_word' id='word_1_39' title='bbox 466 731 498 784; x_wconf 86' lang='grc' dir='ltr'><strong>ό</strong></span> <span class='ocrx_word' id='word_1_40' title='bbox 535 729 748 800; x_wconf 83' lang='grc' dir='ltr'>γέρων·</span> <span class='ocrx_word' id='word_1_41' title='bbox 788 729 908 782; x_wconf 87' lang='grc' dir='ltr'><strong>Ὅτι</strong></span> <span class='ocrx_word' id='word_1_42' title='bbox 949 725 1192 797; x_wconf 81' lang='grc' dir='ltr'><strong>τολμῶσι</strong></span> <span class='ocrx_word' id='word_1_43' title='bbox 1221 726 1494 796; x_wconf 85' lang='grc' dir='ltr'><strong>κρατῆσαι</strong></span> <span class='ocrx_word' id='word_1_44' title='bbox 1537 727 1627 779; x_wconf 81' lang='grc' dir='ltr'><strong>τὸν</strong></span> <span class='ocrx_word' id='word_1_45' title='bbox 1656 726 1869 800; x_wconf 77' lang='grc' dir='ltr'>ἅνθρω-</span> 
     </span>
    </p>
   </div>
   <div class='ocr_carea' id='block_1_9' title="bbox 281 813 1868 890">
    <p class='ocr_par' dir='ltr' id='par_1_9' title="bbox 281 813 1868 890">
     <span class='ocr_line' id='line_1_9' title="bbox 281 813 1868 890; baseline -0.003 -14"><span class='ocrx_word' id='word_1_46' title='bbox 281 840 398 888; x_wconf 76' lang='grc' dir='ltr'>πον,</span> <span class='ocrx_word' id='word_1_47' title='bbox 449 822 547 875; x_wconf 76' lang='grc' dir='ltr'><strong>καὶ</strong></span> <span class='ocrx_word' id='word_1_48' title='bbox 595 819 770 883; x_wconf 68' lang='grc' dir='ltr'><strong>οὕτως</strong></span> <span class='ocrx_word' id='word_1_49' title='bbox 825 819 1071 890; x_wconf 81' lang='grc' dir='ltr'><strong>ποιῆσαι.</strong></span> <span class='ocrx_word' id='word_1_50' title='bbox 1115 813 1252 870; x_wconf 64' lang='lat' dir='ltr'><strong>Eius</strong></span> <span class='ocrx_word' id='word_1_51' title='bbox 1286 817 1344 870; x_wconf 82' lang='grc' dir='ltr'><strong>δὲ</strong></span> <span class='ocrx_word' id='word_1_52' title='bbox 1389 819 1570 889; x_wconf 79' lang='grc' dir='ltr'><strong>αὐτῷ·</strong></span> <span class='ocrx_word' id='word_1_53' title='bbox 1619 822 1691 874; x_wconf 79' lang='grc' dir='ltr'><strong>Σὺ</strong></span> <span class='ocrx_word' id='word_1_54' title='bbox 1731 821 1868 890; x_wconf 78' lang='grc' dir='ltr'><strong>ὴμέ-</strong></span> 
     </span>
    </p>
   </div>
   <div class='ocr_carea' id='block_1_10' title="bbox 281 901 1869 984">
    <p class='ocr_par' dir='ltr' id='par_1_10' title="bbox 281 901 1869 984">
     <span class='ocr_line' id='line_1_10' title="bbox 281 901 1869 984; baseline 0 -20"><span class='ocrx_word' id='word_1_55' title='bbox 281 910 467 984; x_wconf 70' lang='grc' dir='ltr'><strong>λησας.</strong></span> <span class='ocrx_word' id='word_1_56' title='bbox 507 911 636 966; x_wconf 83' lang='grc' dir='ltr'><strong>Ὅτε</strong></span> <span class='ocrx_word' id='word_1_57' title='bbox 669 909 782 982; x_wconf 73' lang='grc' dir='ltr'><strong>γὰρ</strong></span> <span class='ocrx_word' id='word_1_58' title='bbox 825 907 1100 979; x_wconf 73' lang='grc' dir='ltr'><strong>ἐζήτησας</strong></span> <span class='ocrx_word' id='word_1_59' title='bbox 1155 923 1244 978; x_wconf 86' lang='grc' dir='ltr'>με,</span> <span class='ocrx_word' id='word_1_60' title='bbox 1283 901 1421 971; x_wconf 73' lang='grc' dir='ltr'>εἶδες</span> <span class='ocrx_word' id='word_1_61' title='bbox 1470 908 1589 973; x_wconf 83' lang='grc' dir='ltr'><strong>πῶς</strong></span> <span class='ocrx_word' id='word_1_62' title='bbox 1636 909 1869 982; x_wconf 77' lang='grc' dir='ltr'>εὑρέθην</span> 
     </span>
    </p>
   </div>
   <div class='ocr_carea' id='block_1_11' title="bbox 278 996 1866 1073">
    <p class='ocr_par' dir='ltr' id='par_1_11' title="bbox 278 996 1866 1073">
     <span class='ocr_line' id='line_1_11' title="bbox 278 996 1866 1073; baseline 0.003 -23"><span class='ocrx_word' id='word_1_63' title='bbox 278 1017 380 1050; x_wconf 78' lang='grc' dir='ltr'><strong>σοι.</strong></span> <span class='ocrx_word' id='word_1_64' title='bbox 407 999 595 1053; x_wconf 78' lang='grc' dir='ltr'><strong>Ταῦτα</strong></span> <span class='ocrx_word' id='word_1_65' title='bbox 622 998 787 1068; x_wconf 78' lang='grc' dir='ltr'>λέγω,</span> <span class='ocrx_word' id='word_1_66' title='bbox 824 999 906 1052; x_wconf 83' lang='grc' dir='ltr'><strong>ὅτι</strong></span> <span class='ocrx_word' id='word_1_67' title='bbox 936 997 1106 1051; x_wconf 83' lang='grc' dir='ltr'>κόπου</span> <span class='ocrx_word' id='word_1_68' title='bbox 1134 996 1331 1050; x_wconf 83' lang='grc' dir='ltr'>πολλοῦ</span> <span class='ocrx_word' id='word_1_69' title='bbox 1378 999 1558 1071; x_wconf 86' lang='grc' dir='ltr'><strong>χρεία,</strong></span> <span class='ocrx_word' id='word_1_70' title='bbox 1592 1001 1685 1054; x_wconf 72' lang='grc' dir='ltr'><strong>καὶ</strong></span> <span class='ocrx_word' id='word_1_71' title='bbox 1710 1002 1758 1054; x_wconf 77' lang='grc' dir='ltr'>εἰ</span> <span class='ocrx_word' id='word_1_72' title='bbox 1791 1001 1866 1073; x_wconf 77' lang='grc' dir='ltr'><strong>μὴ</strong></span> 
     </span>
    </p>
   </div>
   <div class='ocr_carea' id='block_1_12' title="bbox 278 1088 1869 1160">
    <p class='ocr_par' dir='ltr' id='par_1_12' title="bbox 278 1088 1869 1160">
     <span class='ocr_line' id='line_1_12' title="bbox 278 1088 1869 1160; baseline 0.001 -15"><span class='ocrx_word' id='word_1_73' title='bbox 278 1092 448 1155; x_wconf 79' lang='grc' dir='ltr'><strong>κόπος</strong></span> <span class='ocrx_word' id='word_1_74' title='bbox 473 1090 722 1160; x_wconf 81' lang='grc' dir='ltr'><strong>γένηται,</strong></span> <span class='ocrx_word' id='word_1_75' title='bbox 769 1091 830 1142; x_wconf 79' lang='grc' dir='ltr'><strong>οὐ</strong></span> <span class='ocrx_word' id='word_1_76' title='bbox 879 1088 1106 1144; x_wconf 81' lang='grc' dir='ltr'><strong>δύναται</strong></span> <span class='ocrx_word' id='word_1_77' title='bbox 1151 1107 1236 1154; x_wconf 85' lang='grc' dir='ltr'><strong>τις</strong></span> <span class='ocrx_word' id='word_1_78' title='bbox 1285 1089 1429 1160; x_wconf 76' lang='grc' dir='ltr'><strong>ἔχειν</strong></span> <span class='ocrx_word' id='word_1_79' title='bbox 1473 1091 1566 1145; x_wconf 76' lang='grc' dir='ltr'><strong>τὸν</strong></span> <span class='ocrx_word' id='word_1_80' title='bbox 1609 1092 1742 1148; x_wconf 80' lang='grc' dir='ltr'>Θεὸν</span> <span class='ocrx_word' id='word_1_81' title='bbox 1771 1094 1869 1148; x_wconf 83' lang='grc' dir='ltr'><strong>αὐ-</strong></span> 
     </span>
    </p>
   </div>
   <div class='ocr_carea' id='block_1_13' title="bbox 274 1180 1440 1254">
    <p class='ocr_par' dir='ltr' id='par_1_13' title="bbox 274 1180 1440 1254">
     <span class='ocr_line' id='line_1_13' title="bbox 274 1180 1440 1254; baseline 0.001 -18"><span class='ocrx_word' id='word_1_82' title='bbox 274 1183 372 1237; x_wconf 83' lang='grc' dir='ltr'><strong>τοῦ</strong></span> <span class='ocrx_word' id='word_1_83' title='bbox 401 1184 470 1238; x_wconf 85' lang='grc'><strong>⁸⁷.</strong></span> <span class='ocrx_word' id='word_1_84' title='bbox 498 1183 670 1250; x_wconf 62' lang='grc' dir='ltr'><strong>Αὐτὸς</strong></span> <span class='ocrx_word' id='word_1_85' title='bbox 690 1181 800 1252; x_wconf 84' lang='grc' dir='ltr'>γὰρ</span> <span class='ocrx_word' id='word_1_86' title='bbox 821 1181 890 1236; x_wconf 84' lang='grc' dir='ltr'><strong>δι’</strong></span> <span class='ocrx_word' id='word_1_87' title='bbox 917 1183 1068 1252; x_wconf 78' lang='grc' dir='ltr'><strong>ἡμᾶς</strong></span> <span class='ocrx_word' id='word_1_88' title='bbox 1097 1180 1440 1254; x_wconf 77' lang='grc' dir='ltr'><strong>ἐσταυρώθη.</strong></span> 
     </span>
    </p>
   </div>
   <div class='ocr_carea' id='block_1_14' title="bbox 357 1271 1862 1344">
    <p class='ocr_par' dir='ltr' id='par_1_14' title="bbox 357 1271 1862 1344">
     <span class='ocr_line' id='line_1_14' title="bbox 357 1271 1862 1344; baseline -0.001 -17"><span class='ocrx_word' id='word_1_89' title='bbox 357 1273 612 1342; x_wconf 78' lang='grc' dir='ltr'>’Λδελφδς</span> <span class='ocrx_word' id='word_1_90' title='bbox 651 1271 937 1344; x_wconf 81' lang='grc' dir='ltr'><strong>παρέϐαλε</strong></span> <span class='ocrx_word' id='word_1_91' title='bbox 977 1272 1057 1342; x_wconf 85' lang='grc' dir='ltr'><strong>τῷ</strong></span> <span class='ocrx_word' id='word_1_92' title='bbox 1093 1271 1239 1342; x_wconf 73' lang='grc' dir='ltr'><strong>ἀὸὗᾷ</strong></span> <span class='ocrx_word' id='word_1_93' title='bbox 1283 1271 1439 1343; x_wconf 82' lang='grc' dir='ltr'>Ἠλίᾳ</span> <span class='ocrx_word' id='word_1_94' title='bbox 1477 1271 1555 1344; x_wconf 83' lang='grc' dir='ltr'><strong>τῷ</strong></span> <span class='ocrx_word' id='word_1_95' title='bbox 1583 1273 1862 1344; x_wconf 74' lang='grc' dir='ltr'><strong>ἡσυχαστῇ</strong></span> 
     </span>
    </p>
   </div>
   <div class='ocr_carea' id='block_1_15' title="bbox 276 1362 1866 1436">
    <p class='ocr_par' dir='ltr' id='par_1_15' title="bbox 276 1362 1866 1436">
     <span class='ocr_line' id='line_1_15' title="bbox 276 1362 1866 1436; baseline -0.001 -16"><span class='ocrx_word' id='word_1_96' title='bbox 276 1366 432 1436; x_wconf 82' lang='lat'><strong>(55),</strong></span> <span class='ocrx_word' id='word_1_97' title='bbox 499 1366 580 1428; x_wconf 84' lang='grc' dir='ltr'><strong>εἰς</strong></span> <span class='ocrx_word' id='word_1_98' title='bbox 630 1363 692 1416; x_wconf 79' lang='grc' dir='ltr'><strong>τὸ</strong></span> <span class='ocrx_word' id='word_1_99' title='bbox 747 1362 1014 1418; x_wconf 80' lang='grc' dir='ltr'><strong>κοινόόιον</strong></span> <span class='ocrx_word' id='word_1_100' title='bbox 1071 1363 1164 1416; x_wconf 80' lang='grc' dir='ltr'><strong>τοῦ</strong></span> <span class='ocrx_word' id='word_1_101' title='bbox 1231 1364 1495 1435; x_wconf 78' lang='grc' dir='ltr'><strong>σπηλαίου</strong></span> <span class='ocrx_word' id='word_1_102' title='bbox 1559 1364 1652 1418; x_wconf 79' lang='grc' dir='ltr'><strong>τοῦ</strong></span> <span class='ocrx_word' id='word_1_103' title='bbox 1721 1365 1866 1418; x_wconf 69' lang='lat' dir='ltr'><strong>assa</strong></span> 
     </span>
    </p>
   </div>
   <div class='ocr_carea' id='block_1_16' title="bbox 275 1451 1861 1527">
    <p class='ocr_par' dir='ltr' id='par_1_16' title="bbox 275 1451 1861 1527">
     <span class='ocr_line' id='line_1_16' title="bbox 275 1451 1861 1527; baseline 0 -17"><span class='ocrx_word' id='word_1_104' title='bbox 275 1455 548 1520; x_wconf 76' lang='grc' dir='ltr'><strong>Ζά66α³⁶,</strong></span> <span class='ocrx_word' id='word_1_105' title='bbox 579 1455 674 1508; x_wconf 77' lang='grc' dir='ltr'><strong>καὶ</strong></span> <span class='ocrx_word' id='word_1_106' title='bbox 711 1454 862 1524; x_wconf 79' lang='grc' dir='ltr'>λέγει</span> <span class='ocrx_word' id='word_1_107' title='bbox 911 1453 1090 1524; x_wconf 80' lang='grc' dir='ltr'><strong>αὐτῷ·</strong></span> <span class='ocrx_word' id='word_1_108' title='bbox 1140 1455 1332 1520; x_wconf 76' lang='grc' dir='ltr'><strong>Ἀϐὅᾶ,</strong></span> <span class='ocrx_word' id='word_1_109' title='bbox 1369 1451 1522 1508; x_wconf 77' lang='grc' dir='ltr'>εἶπόν</span> <span class='ocrx_word' id='word_1_110' title='bbox 1561 1473 1651 1526; x_wconf 86' lang='grc' dir='ltr'><strong>μοι</strong></span> <span class='ocrx_word' id='word_1_111' title='bbox 1689 1457 1861 1527; x_wconf 79' lang='grc' dir='ltr'><strong>ῥῆμα.</strong></span> 
     </span>
    </p>
   </div>
   <div class='ocr_carea' id='block_1_17' title="bbox 287 1545 1862 1620">
    <p class='ocr_par' dir='ltr' id='par_1_17' title="bbox 287 1545 1862 1620">
     <span class='ocr_line' id='line_1_17' title="bbox 287 1545 1862 1620; baseline -0.001 -18"><span class='ocrx_word' id='word_1_112' title='bbox 287 1550 349 1602; x_wconf 88' lang='lat'><strong>&#39;0</strong></span> <span class='ocrx_word' id='word_1_113' title='bbox 375 1549 432 1602; x_wconf 78' lang='grc' dir='ltr'><strong>δὲ</strong></span> <span class='ocrx_word' id='word_1_114' title='bbox 461 1548 637 1620; x_wconf 83' lang='grc' dir='ltr'>γέρων</span> <span class='ocrx_word' id='word_1_115' title='bbox 673 1547 826 1616; x_wconf 80' lang='grc' dir='ltr'>λέγει</span> <span class='ocrx_word' id='word_1_116' title='bbox 853 1545 933 1618; x_wconf 83' lang='grc' dir='ltr'><strong>τῷ</strong></span> <span class='ocrx_word' id='word_1_117' title='bbox 960 1545 1197 1618; x_wconf 81' lang='grc' dir='ltr'>ἀδελφῷ,</span> <span class='ocrx_word' id='word_1_118' title='bbox 1237 1547 1319 1601; x_wconf 86' lang='grc' dir='ltr'><strong>ὅτι</strong></span> <span class='ocrx_word' id='word_1_119' title='bbox 1356 1549 1444 1601; x_wconf 83' lang='grc' dir='ltr'>Ἐν</span> <span class='ocrx_word' id='word_1_120' title='bbox 1469 1550 1592 1611; x_wconf 86' lang='grc' dir='ltr'><strong>ταῖς</strong></span> <span class='ocrx_word' id='word_1_121' title='bbox 1631 1550 1862 1620; x_wconf 74' lang='grc' dir='ltr'><strong>ἡμέραις</strong></span> 
     </span>
    </p>
   </div>
   <div class='ocr_carea' id='block_1_18' title="bbox 273 1629 1860 1712">
    <p class='ocr_par' dir='ltr' id='par_1_18' title="bbox 273 1629 1860 1712">
     <span class='ocr_line' id='line_1_18' title="bbox 273 1629 1860 1712; baseline 0 -18"><span class='ocrx_word' id='word_1_122' title='bbox 273 1641 389 1694; x_wconf 83' lang='grc' dir='ltr'><strong>τῶν</strong></span> <span class='ocrx_word' id='word_1_123' title='bbox 418 1642 670 1711; x_wconf 78' lang='grc' dir='ltr'><strong>πατέρων</strong></span> <span class='ocrx_word' id='word_1_124' title='bbox 707 1639 889 1711; x_wconf 74' lang='grc' dir='ltr'>ἡμῶν,</span> <span class='ocrx_word' id='word_1_125' title='bbox 925 1639 1222 1708; x_wconf 77' lang='grc' dir='ltr'><strong>ἠγαπῶντο</strong></span> <span class='ocrx_word' id='word_1_126' title='bbox 1262 1640 1318 1694; x_wconf 83' lang='lat' dir='ltr'><strong>ai</strong></span> <span class='ocrx_word' id='word_1_127' title='bbox 1350 1643 1500 1710; x_wconf 83' lang='grc' dir='ltr'>τρεῖς</span> <span class='ocrx_word' id='word_1_128' title='bbox 1532 1629 1860 1712; x_wconf 58' lang='lat' dir='ltr'><strong>ape—calab-</strong></span> 
     </span>
    </p>
   </div>
   <div class='ocr_carea' id='block_1_19' title="bbox 272 1730 1856 1804">
    <p class='ocr_par' dir='ltr' id='par_1_19' title="bbox 272 1730 1856 1804">
     <span class='ocr_line' id='line_1_19' title="bbox 272 1730 1856 1804; baseline -0.001 -18"><span class='ocrx_word' id='word_1_129' title='bbox 272 1750 391 1798; x_wconf 84' lang='grc' dir='ltr'><strong>ται,</strong></span> <span class='ocrx_word' id='word_1_130' title='bbox 427 1735 460 1804; x_wconf 80' lang='grc' dir='ltr'>ἡ</span> <span class='ocrx_word' id='word_1_131' title='bbox 496 1731 876 1804; x_wconf 70' lang='grc' dir='ltr'><strong>ἁκτημοσύνη,</strong></span> <span class='ocrx_word' id='word_1_132' title='bbox 903 1730 1049 1800; x_wconf 77' lang='grc' dir='ltr'><strong>καὶὴ</strong></span> <span class='ocrx_word' id='word_1_133' title='bbox 1069 1731 1334 1802; x_wconf 78' lang='grc' dir='ltr'><strong>πραότης,</strong></span> <span class='ocrx_word' id='word_1_134' title='bbox 1353 1733 1444 1784; x_wconf 78' lang='grc' dir='ltr'><strong>καὶ</strong></span> <span class='ocrx_word' id='word_1_135' title='bbox 1473 1733 1506 1802; x_wconf 82' lang='grc' dir='ltr'>ἡ</span> <span class='ocrx_word' id='word_1_136' title='bbox 1531 1733 1856 1802; x_wconf 78' lang='grc' dir='ltr'><strong>ἐγκράτεια·</strong></span> 
     </span>
    </p>
   </div>
   <div class='ocr_carea' id='block_1_20' title="bbox 1970 547 3556 624">
    <p class='ocr_par' dir='ltr' id='par_1_20' title="bbox 1970 547 3556 624">
     <span class='ocr_line' id='line_1_20' title="bbox 1970 547 3556 624; baseline 0.006 -22"><span class='ocrx_word' id='word_1_137' title='bbox 1970 547 2110 618; x_wconf 78' lang='lat' dir='ltr'><strong>fugit</strong></span> <span class='ocrx_word' id='word_1_138' title='bbox 2139 551 2374 604; x_wconf 65' lang='lat' dir='ltr'><strong>daemon.</strong></span> <span class='ocrx_word' id='word_1_139' title='bbox 2405 549 2594 619; x_wconf 86' lang='lat' dir='ltr'><strong>Itaque</strong></span> <span class='ocrx_word' id='word_1_140' title='bbox 2623 566 2790 606; x_wconf 82' lang='lat' dir='ltr'><strong>senex</strong></span> <span class='ocrx_word' id='word_1_141' title='bbox 2823 550 2952 608; x_wconf 83' lang='lat' dir='ltr'><strong>ﬂere</strong></span> <span class='ocrx_word' id='word_1_142' title='bbox 2983 555 3170 624; x_wconf 73' lang='lat' dir='ltr'><strong>cmpit.</strong></span> <span class='ocrx_word' id='word_1_143' title='bbox 3194 555 3266 609; x_wconf 77' lang='lat' dir='ltr'><strong>At</strong></span> <span class='ocrx_word' id='word_1_144' title='bbox 3295 559 3556 612; x_wconf 78' lang='lat' dir='ltr'><strong>Dominus</strong></span> 
     </span>
    </p>
   </div>
   <div class='ocr_carea' id='block_1_21' title="bbox 1969 639 3556 713">
    <p class='ocr_par' dir='ltr' id='par_1_21' title="bbox 1969 639 3556 713">
     <span class='ocr_line' id='line_1_21' title="bbox 1969 639 3556 713; baseline 0.006 -19"><span class='ocrx_word' id='word_1_145' title='bbox 1969 639 2108 694; x_wconf 80' lang='lat' dir='ltr'><strong>dixit</strong></span> <span class='ocrx_word' id='word_1_146' title='bbox 2138 642 2218 694; x_wconf 87' lang='lat' dir='ltr'><strong>ei:</strong></span> <span class='ocrx_word' id='word_1_147' title='bbox 2255 640 2368 696; x_wconf 86' lang='lat' dir='ltr'><strong>Cur</strong></span> <span class='ocrx_word' id='word_1_148' title='bbox 2395 641 2527 698; x_wconf 74' lang='lat' dir='ltr'><strong>ﬂes?</strong></span> <span class='ocrx_word' id='word_1_149' title='bbox 2557 643 2863 713; x_wconf 78' lang='lat' dir='ltr'><strong>Respondit</strong></span> <span class='ocrx_word' id='word_1_150' title='bbox 2897 661 3098 700; x_wconf 74' lang='lat' dir='ltr'><strong>senex:</strong></span> <span class='ocrx_word' id='word_1_151' title='bbox 3133 645 3288 713; x_wconf 84' lang='lat' dir='ltr'><strong>Quod</strong></span> <span class='ocrx_word' id='word_1_152' title='bbox 3319 651 3556 703; x_wconf 83' lang='lat' dir='ltr'><strong>audeant</strong></span> 
     </span>
    </p>
   </div>
   <div class='ocr_carea' id='block_1_22' title="bbox 1968 731 3552 804">
    <p class='ocr_par' dir='ltr' id='par_1_22' title="bbox 1968 731 3552 804">
     <span class='ocr_line' id='line_1_22' title="bbox 1968 731 3552 804; baseline 0.004 -21"><span class='ocrx_word' id='word_1_153' title='bbox 1968 731 2307 800; x_wconf 87' lang='lat' dir='ltr'><strong>prehendere</strong></span> <span class='ocrx_word' id='word_1_154' title='bbox 2332 734 2631 800; x_wconf 80' lang='lat' dir='ltr'><strong>hominem,</strong></span> <span class='ocrx_word' id='word_1_155' title='bbox 2657 742 2822 804; x_wconf 83' lang='lat' dir='ltr'><strong>atque</strong></span> <span class='ocrx_word' id='word_1_156' title='bbox 2846 736 2918 787; x_wconf 83' lang='lat' dir='ltr'><strong>ita</strong></span> <span class='ocrx_word' id='word_1_157' title='bbox 2948 734 3146 790; x_wconf 78' lang='lat' dir='ltr'><strong>facere.</strong></span> <span class='ocrx_word' id='word_1_158' title='bbox 3170 736 3306 790; x_wconf 87' lang='lat' dir='ltr'><strong>Tum</strong></span> <span class='ocrx_word' id='word_1_159' title='bbox 3333 738 3400 790; x_wconf 88' lang='lat' dir='ltr'><strong>ad</strong></span> <span class='ocrx_word' id='word_1_160' title='bbox 3429 755 3552 792; x_wconf 87' lang='lat' dir='ltr'><strong>eum</strong></span> 
     </span>
    </p>
   </div>
   <div class='ocr_carea' id='block_1_23' title="bbox 1970 821 3554 896">
    <p class='ocr_par' dir='ltr' id='par_1_23' title="bbox 1970 821 3554 896">
     <span class='ocr_line' id='line_1_23' title="bbox 1970 821 3554 896; baseline 0.006 -23"><span class='ocrx_word' id='word_1_161' title='bbox 1970 821 2272 878; x_wconf 84' lang='lat' dir='ltr'><strong>Dominus:</strong></span> <span class='ocrx_word' id='word_1_162' title='bbox 2315 823 2394 877; x_wconf 87' lang='lat' dir='ltr'><strong>Tu</strong></span> <span class='ocrx_word' id='word_1_163' title='bbox 2431 825 2716 894; x_wconf 73' lang='lat' dir='ltr'><strong>negligens</strong></span> <span class='ocrx_word' id='word_1_164' title='bbox 2761 825 2934 880; x_wconf 81' lang='lat' dir='ltr'><strong>fuisti.</strong></span> <span class='ocrx_word' id='word_1_165' title='bbox 2967 825 3197 891; x_wconf 80' lang='lat' dir='ltr'><strong>Quando</strong></span> <span class='ocrx_word' id='word_1_166' title='bbox 3229 828 3370 881; x_wconf 89' lang='lat' dir='ltr'><strong>enim</strong></span> <span class='ocrx_word' id='word_1_167' title='bbox 3405 845 3554 896; x_wconf 72' lang='lat' dir='ltr'><strong>qtae-</strong></span> 
     </span>
    </p>
   </div>
   <div class='ocr_carea' id='block_1_24' title="bbox 1967 913 3554 986">
    <p class='ocr_par' dir='ltr' id='par_1_24' title="bbox 1967 913 3554 986">
     <span class='ocr_line' id='line_1_24' title="bbox 1967 913 3554 986; baseline 0.003 -18"><span class='ocrx_word' id='word_1_168' title='bbox 1967 913 2110 968; x_wconf 89' lang='lat' dir='ltr'><strong>siisti</strong></span> <span class='ocrx_word' id='word_1_169' title='bbox 2149 930 2256 978; x_wconf 88' lang='lat' dir='ltr'><strong>me,</strong></span> <span class='ocrx_word' id='word_1_170' title='bbox 2292 915 2476 970; x_wconf 76' lang='lat' dir='ltr'><strong>vidisti</strong></span> <span class='ocrx_word' id='word_1_171' title='bbox 2543 917 2819 986; x_wconf 84' lang='lat' dir='ltr'><strong>quomodo</strong></span> <span class='ocrx_word' id='word_1_172' title='bbox 2850 920 3106 972; x_wconf 86' lang='lat' dir='ltr'><strong>inventus</strong></span> <span class='ocrx_word' id='word_1_173' title='bbox 3143 918 3244 972; x_wconf 87' lang='lat' dir='ltr'><strong>sim</strong></span> <span class='ocrx_word' id='word_1_174' title='bbox 3278 919 3396 972; x_wconf 86' lang='lat' dir='ltr'><strong>tibi.</strong></span> <span class='ocrx_word' id='word_1_175' title='bbox 3433 919 3554 972; x_wconf 60' lang='lat' dir='ltr'><strong>[late</strong></span> 
     </span>
    </p>
   </div>
   <div class='ocr_carea' id='block_1_25' title="bbox 1967 1006 3555 1077">
    <p class='ocr_par' dir='ltr' id='par_1_25' title="bbox 1967 1006 3555 1077">
     <span class='ocr_line' id='line_1_25' title="bbox 1967 1006 3555 1077; baseline 0 -18"><span class='ocrx_word' id='word_1_176' title='bbox 1967 1006 2076 1071; x_wconf 90' lang='lat' dir='ltr'><strong>aio,</strong></span> <span class='ocrx_word' id='word_1_177' title='bbox 2109 1006 2369 1076; x_wconf 90' lang='lat' dir='ltr'><strong>quoniam</strong></span> <span class='ocrx_word' id='word_1_178' title='bbox 2412 1007 2600 1061; x_wconf 86' lang='lat' dir='ltr'><strong>labore</strong></span> <span class='ocrx_word' id='word_1_179' title='bbox 2631 1008 2804 1061; x_wconf 91' lang='lat' dir='ltr'><strong>multo</strong></span> <span class='ocrx_word' id='word_1_180' title='bbox 2830 1023 2980 1077; x_wconf 84' lang='lat' dir='ltr'><strong>opus</strong></span> <span class='ocrx_word' id='word_1_181' title='bbox 3006 1015 3125 1073; x_wconf 87' lang='lat' dir='ltr'><strong>est;</strong></span> <span class='ocrx_word' id='word_1_182' title='bbox 3163 1022 3226 1062; x_wconf 89' lang='lat' dir='ltr'><strong>ac</strong></span> <span class='ocrx_word' id='word_1_183' title='bbox 3260 1009 3365 1062; x_wconf 85' lang='lat' dir='ltr'><strong>nisi</strong></span> <span class='ocrx_word' id='word_1_184' title='bbox 3401 1009 3555 1061; x_wconf 83' lang='lat' dir='ltr'><strong>Ialm-</strong></span> 
     </span>
    </p>
   </div>
   <div class='ocr_carea' id='block_1_26' title="bbox 1965 1097 3555 1166">
    <p class='ocr_par' dir='ltr' id='par_1_26' title="bbox 1965 1097 3555 1166">
     <span class='ocr_line' id='line_1_26' title="bbox 1965 1097 3555 1166; baseline 0.001 -16"><span class='ocrx_word' id='word_1_185' title='bbox 1965 1101 2139 1161; x_wconf 87' lang='lat' dir='ltr'><strong>retur,</strong></span> <span class='ocrx_word' id='word_1_186' title='bbox 2185 1111 2294 1150; x_wconf 86' lang='lat' dir='ltr'><strong>non</strong></span> <span class='ocrx_word' id='word_1_187' title='bbox 2351 1103 2530 1166; x_wconf 85' lang='lat' dir='ltr'><strong>potest</strong></span> <span class='ocrx_word' id='word_1_188' title='bbox 2563 1097 2687 1166; x_wconf 87' lang='lat' dir='ltr'><strong>quis</strong></span> <span class='ocrx_word' id='word_1_189' title='bbox 2722 1097 2923 1152; x_wconf 89' lang='lat' dir='ltr'><strong>habere</strong></span> <span class='ocrx_word' id='word_1_190' title='bbox 2957 1097 3126 1151; x_wconf 87' lang='lat' dir='ltr'><strong>Deum</strong></span> <span class='ocrx_word' id='word_1_191' title='bbox 3183 1113 3365 1152; x_wconf 91' lang='lat' dir='ltr'><strong>suum.</strong></span> <span class='ocrx_word' id='word_1_192' title='bbox 3422 1097 3555 1152; x_wconf 84' lang='lat' dir='ltr'><strong>Nam</strong></span> 
     </span>
    </p>
   </div>
   <div class='ocr_carea' id='block_1_27' title="bbox 1964 1187 3034 1258">
    <p class='ocr_par' dir='ltr' id='par_1_27' title="bbox 1964 1187 3034 1258">
     <span class='ocr_line' id='line_1_27' title="bbox 1964 1187 3034 1258; baseline 0.001 -17"><span class='ocrx_word' id='word_1_193' title='bbox 1964 1187 2083 1258; x_wconf 89' lang='lat' dir='ltr'><strong>ipse</strong></span> <span class='ocrx_word' id='word_1_194' title='bbox 2116 1196 2342 1258; x_wconf 88' lang='lat' dir='ltr'><strong>propter</strong></span> <span class='ocrx_word' id='word_1_195' title='bbox 2372 1203 2474 1243; x_wconf 90' lang='lat' dir='ltr'><strong>nos</strong></span> <span class='ocrx_word' id='word_1_196' title='bbox 2507 1189 2664 1242; x_wconf 89' lang='lat' dir='ltr'><strong>cruci</strong></span> <span class='ocrx_word' id='word_1_197' title='bbox 2689 1187 2883 1242; x_wconf 75' lang='lat' dir='ltr'><strong>allixus</strong></span> <span class='ocrx_word' id='word_1_198' title='bbox 2911 1189 3034 1242; x_wconf 81' lang='lat' dir='ltr'><strong>fuit.</strong></span> 
     </span>
    </p>
   </div>
   <div class='ocr_carea' id='block_1_28' title="bbox 2037 1277 3636 1349">
    <p class='ocr_par' dir='ltr' id='par_1_28' title="bbox 2037 1277 3636 1349">
     <span class='ocr_line' id='line_1_28' title="bbox 2037 1277 3636 1349; baseline 0.002 -18"><span class='ocrx_word' id='word_1_199' title='bbox 2037 1277 2089 1331; x_wconf 93' lang='lat'><strong>8.</strong></span> <span class='ocrx_word' id='word_1_200' title='bbox 2134 1278 2269 1349; x_wconf 81' lang='lat'><strong>(56)</strong></span> <span class='ocrx_word' id='word_1_201' title='bbox 2314 1277 2508 1332; x_wconf 83' lang='lat' dir='ltr'><strong>Frater</strong></span> <span class='ocrx_word' id='word_1_202' title='bbox 2552 1279 2806 1334; x_wconf 88' lang='lat' dir='ltr'><strong>convenit</strong></span> <span class='ocrx_word' id='word_1_203' title='bbox 2844 1281 3094 1336; x_wconf 83' lang='lat' dir='ltr'><strong>abbatem</strong></span> <span class='ocrx_word' id='word_1_204' title='bbox 3153 1279 3325 1333; x_wconf 84' lang='lat' dir='ltr'><strong>Etiam</strong></span> <span class='ocrx_word' id='word_1_205' title='bbox 3359 1280 3556 1348; x_wconf 75' lang='lat' dir='ltr'><strong>quieta:</strong></span> <span class='ocrx_word' id='word_1_206' title='bbox 3615 1303 3636 1318; x_wconf 85' lang='lat'><em>-</em></span> 
     </span>
    </p>
   </div>
   <div class='ocr_carea' id='block_1_29' title="bbox 1961 1370 3555 1444">
    <p class='ocr_par' dir='ltr' id='par_1_29' title="bbox 1961 1370 3555 1444">
     <span class='ocr_line' id='line_1_29' title="bbox 1961 1370 3555 1444; baseline 0.003 -19"><span class='ocrx_word' id='word_1_207' title='bbox 1961 1370 2087 1425; x_wconf 71' lang='lat' dir='ltr'><strong>vita:</strong></span> <span class='ocrx_word' id='word_1_208' title='bbox 2133 1378 2492 1438; x_wconf 81' lang='lat' dir='ltr'><strong>sectatorem,</strong></span> <span class='ocrx_word' id='word_1_209' title='bbox 2537 1371 2590 1426; x_wconf 91' lang='lat' dir='ltr'><strong>in</strong></span> <span class='ocrx_word' id='word_1_210' title='bbox 2643 1373 2956 1427; x_wconf 67' lang='lat' dir='ltr'><strong>coenobium</strong></span> <span class='ocrx_word' id='word_1_211' title='bbox 3007 1374 3282 1444; x_wconf 71' lang='lat' dir='ltr'><strong>Spelunca:</strong></span> <span class='ocrx_word' id='word_1_212' title='bbox 3343 1375 3555 1432; x_wconf 82' lang='lat' dir='ltr'><strong>abbatis</strong></span> 
     </span>
    </p>
   </div>
   <div class='ocr_carea' id='block_1_30' title="bbox 1965 1460 3551 1525">
    <p class='ocr_par' dir='ltr' id='par_1_30' title="bbox 1965 1460 3551 1525">
     <span class='ocr_line' id='line_1_30' title="bbox 1965 1460 3551 1525; baseline 0.004 -10"><span class='ocrx_word' id='word_1_213' title='bbox 1965 1460 2178 1525; x_wconf 75' lang='lat' dir='ltr'><strong>Sabbae,</strong></span> <span class='ocrx_word' id='word_1_214' title='bbox 2210 1461 2419 1516; x_wconf 77' lang='lat' dir='ltr'><strong>etdixit</strong></span> <span class='ocrx_word' id='word_1_215' title='bbox 2451 1463 2501 1517; x_wconf 89' lang='lat' dir='ltr'><strong>ei</strong></span> <span class='ocrx_word' id='word_1_216' title='bbox 2532 1482 2544 1517; x_wconf 76' lang='grc' dir='ltr'><strong><em>τ</em></strong></span> <span class='ocrx_word' id='word_1_217' title='bbox 2580 1464 2733 1518; x_wconf 82' lang='lat' dir='ltr'><strong>Abba</strong></span> <span class='ocrx_word' id='word_1_218' title='bbox 2780 1463 3164 1519; x_wconf 89' lang='lat' dir='ltr'><strong>documentum</strong></span> <span class='ocrx_word' id='word_1_219' title='bbox 3201 1465 3332 1518; x_wconf 90' lang='lat' dir='ltr'><strong>mihi</strong></span> <span class='ocrx_word' id='word_1_220' title='bbox 3375 1468 3551 1522; x_wconf 87' lang='lat' dir='ltr'><strong>trade.</strong></span> 
     </span>
    </p>
   </div>
   <div class='ocr_carea' id='block_1_31' title="bbox 1961 1549 3552 1622">
    <p class='ocr_par' dir='ltr' id='par_1_31' title="bbox 1961 1549 3552 1622">
     <span class='ocr_line' id='line_1_31' title="bbox 1961 1549 3552 1622; baseline 0.003 -19"><span class='ocrx_word' id='word_1_221' title='bbox 1961 1549 2032 1603; x_wconf 86' lang='lat' dir='ltr'><strong>At</strong></span> <span class='ocrx_word' id='word_1_222' title='bbox 2073 1565 2239 1603; x_wconf 81' lang='lat' dir='ltr'><strong>senex</strong></span> <span class='ocrx_word' id='word_1_223' title='bbox 2269 1551 2345 1603; x_wconf 86' lang='lat' dir='ltr'><strong>ait</strong></span> <span class='ocrx_word' id='word_1_224' title='bbox 2389 1549 2584 1605; x_wconf 80' lang='lat' dir='ltr'><strong>fratri:</strong></span> <span class='ocrx_word' id='word_1_225' title='bbox 2617 1553 2680 1606; x_wconf 84' lang='lat' dir='ltr'><strong>in</strong></span> <span class='ocrx_word' id='word_1_226' title='bbox 2720 1551 2916 1608; x_wconf 88' lang='lat' dir='ltr'><strong>diebus</strong></span> <span class='ocrx_word' id='word_1_227' title='bbox 2958 1563 3174 1620; x_wconf 89' lang='lat' dir='ltr'><strong>patrum</strong></span> <span class='ocrx_word' id='word_1_228' title='bbox 3204 1561 3552 1622; x_wconf 80' lang='lat' dir='ltr'><strong>nostrorum,</strong></span> 
     </span>
    </p>
   </div>
   <div class='ocr_carea' id='block_1_32' title="bbox 1960 1639 3559 1710">
    <p class='ocr_par' dir='ltr' id='par_1_32' title="bbox 1960 1639 3559 1710">
     <span class='ocr_line' id='line_1_32' title="bbox 1960 1639 3559 1710; baseline 0.004 -18"><span class='ocrx_word' id='word_1_229' title='bbox 1960 1639 2044 1694; x_wconf 55' lang='lat' dir='ltr'><strong>hie</strong></span> <span class='ocrx_word' id='word_1_230' title='bbox 2083 1649 2197 1694; x_wconf 88' lang='lat' dir='ltr'><strong>tres</strong></span> <span class='ocrx_word' id='word_1_231' title='bbox 2245 1639 2480 1695; x_wconf 82' lang='lat' dir='ltr'><strong>virtutes</strong></span> <span class='ocrx_word' id='word_1_232' title='bbox 2527 1641 2914 1710; x_wconf 80' lang='lat' dir='ltr'><strong>diligebantur,</strong></span> <span class='ocrx_word' id='word_1_233' title='bbox 2951 1650 3266 1710; x_wconf 87' lang='lat' dir='ltr'><strong>paupertas,</strong></span> <span class='ocrx_word' id='word_1_234' title='bbox 3305 1658 3559 1698; x_wconf 85' lang='lat' dir='ltr'><strong>mansue-</strong></span> 
     </span>
    </p>
   </div>
   <div class='ocr_carea' id='block_1_33' title="bbox 1960 1730 3557 1795">
    <p class='ocr_par' dir='ltr' id='par_1_33' title="bbox 1960 1730 3557 1795">
     <span class='ocr_line' id='line_1_33' title="bbox 1960 1730 3557 1795; baseline 0.004 -12"><span class='ocrx_word' id='word_1_235' title='bbox 1960 1731 2112 1795; x_wconf 93' lang='lat' dir='ltr'><strong>tudo,</strong></span> <span class='ocrx_word' id='word_1_236' title='bbox 2147 1731 2500 1787; x_wconf 85' lang='lat' dir='ltr'><strong>abstinentia.</strong></span> <span class='ocrx_word' id='word_1_237' title='bbox 2557 1730 2716 1786; x_wconf 72' lang='lat' dir='ltr'><strong>Nuna:</strong></span> <span class='ocrx_word' id='word_1_238' title='bbox 2761 1747 2890 1786; x_wconf 87' lang='lat' dir='ltr'><strong>vero</strong></span> <span class='ocrx_word' id='word_1_239' title='bbox 2949 1732 3092 1786; x_wconf 89' lang='lat' dir='ltr'><strong>inter</strong></span> <span class='ocrx_word' id='word_1_240' title='bbox 3131 1733 3430 1788; x_wconf 75' lang='lat' dir='ltr'><strong>monachos</strong></span> <span class='ocrx_word' id='word_1_241' title='bbox 3467 1749 3557 1790; x_wconf 79' lang='lat' dir='ltr'><strong>re-</strong></span> 
     </span>
    </p>
   </div>
   <div class='ocr_carea' id='block_1_34' title="bbox 271 1808 1865 1896">
    <p class='ocr_par' dir='ltr' id='par_1_34' title="bbox 271 1824 1865 1896">
     <span class='ocr_line' id='line_1_34' title="bbox 271 1824 1865 1896; baseline 0 -18"><span class='ocrx_word' id='word_1_242' title='bbox 271 1824 375 1879; x_wconf 80' lang='grc' dir='ltr'><strong>νῦν</strong></span> <span class='ocrx_word' id='word_1_243' title='bbox 403 1825 462 1878; x_wconf 83' lang='grc' dir='ltr'><strong>δὲ</strong></span> <span class='ocrx_word' id='word_1_244' title='bbox 503 1827 702 1896; x_wconf 83' lang='grc' dir='ltr'><strong>κρατεῖ</strong></span> <span class='ocrx_word' id='word_1_245' title='bbox 747 1825 824 1888; x_wconf 82' lang='grc' dir='ltr'><strong>εἰς</strong></span> <span class='ocrx_word' id='word_1_246' title='bbox 861 1825 986 1888; x_wconf 69' lang='grc' dir='ltr'><strong>τοὺς</strong></span> <span class='ocrx_word' id='word_1_247' title='bbox 1026 1825 1297 1896; x_wconf 75' lang='grc' dir='ltr'><strong>μοναχοὺς</strong></span> <span class='ocrx_word' id='word_1_248' title='bbox 1361 1826 1394 1894; x_wconf 82' lang='grc' dir='ltr'><strong>ἡ</strong></span> <span class='ocrx_word' id='word_1_249' title='bbox 1435 1824 1738 1889; x_wconf 79' lang='grc' dir='ltr'>πλεονεξία,</span> <span class='ocrx_word' id='word_1_250' title='bbox 1773 1825 1865 1878; x_wconf 77' lang='grc' dir='ltr'><strong>καὶ</strong></span> 
     </span>
    </p>
   </div>
   <div class='ocr_carea' id='block_1_35' title="bbox 1969 1808 3557 1896">
    <p class='ocr_par' dir='ltr' id='par_1_35' title="bbox 1969 1823 3557 1896">
     <span class='ocr_line' id='line_1_35' title="bbox 1969 1823 3557 1896; baseline 0.006 -21"><span class='ocrx_word' id='word_1_251' title='bbox 1969 1829 2174 1892; x_wconf 77' lang='lat' dir='ltr'><strong>guant,</strong></span> <span class='ocrx_word' id='word_1_252' title='bbox 2223 1823 2488 1890; x_wconf 83' lang='lat' dir='ltr'><strong>avaritia,</strong></span> <span class='ocrx_word' id='word_1_253' title='bbox 2528 1823 2892 1892; x_wconf 79' lang='lat' dir='ltr'><strong>conﬁdentia,</strong></span> <span class='ocrx_word' id='word_1_254' title='bbox 2934 1824 3079 1896; x_wconf 79' lang='lat' dir='ltr'><strong>gula.</strong></span> <span class='ocrx_word' id='word_1_255' title='bbox 3133 1823 3289 1892; x_wconf 85' lang='lat' dir='ltr'><strong>Quod</strong></span> <span class='ocrx_word' id='word_1_256' title='bbox 3335 1827 3557 1896; x_wconf 84' lang='lat' dir='ltr'><strong>placue—</strong></span> 
     </span>
    </p>
   </div>
   <div class='ocr_carea' id='block_1_36' title="bbox 268 1915 1864 1990">
    <p class='ocr_par' dir='ltr' id='par_1_36' title="bbox 268 1915 1864 1990">
     <span class='ocr_line' id='line_1_36' title="bbox 268 1915 1864 1990; baseline 0.001 -22"><span class='ocrx_word' id='word_1_257' title='bbox 268 1919 305 1981; x_wconf 68' lang='grc' dir='ltr'>ἡ</span> <span class='ocrx_word' id='word_1_258' title='bbox 359 1915 810 1988; x_wconf 68' lang='grc' dir='ltr'><strong>γαστριμαργία,</strong></span> <span class='ocrx_word' id='word_1_259' title='bbox 860 1917 951 1972; x_wconf 74' lang='grc' dir='ltr'><strong>καὶ</strong></span> <span class='ocrx_word' id='word_1_260' title='bbox 990 1918 1025 1988; x_wconf 83' lang='grc' dir='ltr'><strong>ἡ</strong></span> <span class='ocrx_word' id='word_1_261' title='bbox 1071 1917 1366 1990; x_wconf 73' lang='grc' dir='ltr'><strong>θρασύτης.</strong></span> <span class='ocrx_word' id='word_1_262' title='bbox 1413 1917 1481 1970; x_wconf 81' lang='lat' dir='ltr'><strong>Ei&#39;</strong></span> <span class='ocrx_word' id='word_1_263' title='bbox 1509 1935 1560 1970; x_wconf 88' lang='grc' dir='ltr'><strong>τι</strong></span> <span class='ocrx_word' id='word_1_264' title='bbox 1584 1917 1630 1949; x_wconf 79' lang='grc'><strong>⁸⁹</strong></span> <span class='ocrx_word' id='word_1_265' title='bbox 1689 1916 1864 1980; x_wconf 81' lang='grc' dir='ltr'><strong>Θέλεις</strong></span> 
     </span>
    </p>
   </div>
   <div class='ocr_carea' id='block_1_37' title="bbox 270 2009 586 2078">
    <p class='ocr_par' dir='ltr' id='par_1_37' title="bbox 270 2009 586 2078">
     <span class='ocr_line' id='line_1_37' title="bbox 270 2009 586 2078; baseline -0.013 -12"><span class='ocrx_word' id='word_1_266' title='bbox 270 2009 586 2078; x_wconf 62' lang='grc' dir='ltr'><strong>κρατησον.</strong></span> 
     </span>
    </p>
   </div>
   <div class='ocr_carea' id='block_1_38' title="bbox 642 2113 1496 2185">
    <p class='ocr_par' dir='ltr' id='par_1_38' title="bbox 642 2113 1496 2185">
     <span class='ocr_line' id='line_1_38' title="bbox 642 2113 1496 2185; baseline 0 -15"><span class='ocrx_word' id='word_1_267' title='bbox 642 2117 776 2185; x_wconf 60' lang='grc' dir='ltr'><strong>Περὶ</strong></span> <span class='ocrx_word' id='word_1_268' title='bbox 808 2116 912 2170; x_wconf 86' lang='grc' dir='ltr'><strong>τοῦ</strong></span> <span class='ocrx_word' id='word_1_269' title='bbox 933 2113 1084 2171; x_wconf 78' lang='grc' dir='ltr'><strong>ἀϐϐιῖ</strong></span> <span class='ocrx_word' id='word_1_270' title='bbox 1119 2117 1496 2185; x_wconf 61' lang='grc' dir='ltr'><strong>’Πρακλειόιη</strong></span> 
     </span>
    </p>
   </div>
   <div class='ocr_carea' id='block_1_39' title="bbox 362 2223 1862 2296">
    <p class='ocr_par' dir='ltr' id='par_1_39' title="bbox 362 2223 1862 2296">
     <span class='ocr_line' id='line_1_39' title="bbox 362 2223 1862 2296; baseline 0 -18"><span class='ocrx_word' id='word_1_271' title='bbox 362 2223 614 2295; x_wconf 75' lang='grc' dir='ltr'>Ἀδελφδς</span> <span class='ocrx_word' id='word_1_272' title='bbox 646 2225 974 2296; x_wconf 77' lang='grc' dir='ltr'>πολεμηθεὶς</span> <span class='ocrx_word' id='word_1_273' title='bbox 987 2227 1055 2290; x_wconf 73' lang='grc' dir='ltr'><strong>⁸ο,</strong></span> <span class='ocrx_word' id='word_1_274' title='bbox 1080 2224 1384 2296; x_wconf 79' lang='grc' dir='ltr'>ἀπήγγειλε</span> <span class='ocrx_word' id='word_1_275' title='bbox 1413 2225 1490 2296; x_wconf 81' lang='grc' dir='ltr'><strong>τῷ</strong></span> <span class='ocrx_word' id='word_1_276' title='bbox 1521 2224 1664 2296; x_wconf 75' lang='grc' dir='ltr'><strong>ἁὸὁᾷ</strong></span> <span class='ocrx_word' id='word_1_277' title='bbox 1698 2225 1862 2296; x_wconf 80' lang='grc' dir='ltr'><strong>Ἡρα-</strong></span> 
     </span>
    </p>
   </div>
   <div class='ocr_carea' id='block_1_40' title="bbox 270 2314 1861 2387">
    <p class='ocr_par' dir='ltr' id='par_1_40' title="bbox 270 2314 1861 2387">
     <span class='ocr_line' id='line_1_40' title="bbox 270 2314 1861 2387; baseline -0.001 -17"><span class='ocrx_word' id='word_1_278' title='bbox 270 2315 516 2387; x_wconf 69' lang='grc' dir='ltr'><strong>κλείῳυ·</strong></span> <span class='ocrx_word' id='word_1_279' title='bbox 550 2315 656 2368; x_wconf 97' lang='lat' dir='ltr'><strong>Kal</strong></span> <span class='ocrx_word' id='word_1_280' title='bbox 707 2314 852 2384; x_wconf 78' lang='grc' dir='ltr'>λέγει</span> <span class='ocrx_word' id='word_1_281' title='bbox 899 2315 1047 2387; x_wconf 83' lang='grc' dir='ltr'><strong>αὺτῷ</strong></span> <span class='ocrx_word' id='word_1_282' title='bbox 1093 2319 1300 2380; x_wconf 75' lang='grc' dir='ltr'><strong>ἐκεῖνος</strong></span> <span class='ocrx_word' id='word_1_283' title='bbox 1361 2315 1631 2387; x_wconf 73' lang='grc' dir='ltr'><strong>στηρίζων</strong></span> <span class='ocrx_word' id='word_1_284' title='bbox 1678 2316 1861 2382; x_wconf 76' lang='grc' dir='ltr'>αὑτὸν,</span> 
     </span>
    </p>
   </div>
   <div class='ocr_carea' id='block_1_41' title="bbox 232 2399 1862 2480">
    <p class='ocr_par' dir='ltr' id='par_1_41' title="bbox 232 2399 1862 2480">
     <span class='ocr_line' id='line_1_41' title="bbox 232 2399 1862 2480; baseline -0.001 -19"><span class='ocrx_word' id='word_1_285' title='bbox 232 2399 243 2407; x_wconf 71' lang='grc'><strong>’</strong></span> <span class='ocrx_word' id='word_1_286' title='bbox 271 2409 360 2461; x_wconf 72' lang='grc' dir='ltr'><strong>ὅτι</strong></span> <span class='ocrx_word' id='word_1_287' title='bbox 403 2409 501 2471; x_wconf 75' lang='grc' dir='ltr'><strong>Τὶς</strong></span> <span class='ocrx_word' id='word_1_288' title='bbox 525 2407 704 2480; x_wconf 84' lang='grc' dir='ltr'>γέρων</span> <span class='ocrx_word' id='word_1_289' title='bbox 729 2407 855 2480; x_wconf 79' lang='grc' dir='ltr'>ἔσχε</span> <span class='ocrx_word' id='word_1_290' title='bbox 875 2407 1122 2478; x_wconf 79' lang='grc' dir='ltr'><strong>μαθητὴν</strong></span> <span class='ocrx_word' id='word_1_291' title='bbox 1151 2408 1394 2478; x_wconf 80' lang='grc' dir='ltr'><strong>ὑπήκοον</strong></span> <span class='ocrx_word' id='word_1_292' title='bbox 1412 2407 1550 2460; x_wconf 81' lang='grc' dir='ltr'><strong>πάνυ</strong></span> <span class='ocrx_word' id='word_1_293' title='bbox 1575 2407 1667 2460; x_wconf 75' lang='grc' dir='ltr'><strong>ἐπὶ</strong></span> <span class='ocrx_word' id='word_1_294' title='bbox 1692 2407 1862 2461; x_wconf 70' lang='grc' dir='ltr'>πολλὰ</span> 
     </span>
    </p>
   </div>
   <div class='ocr_carea' id='block_1_42' title="bbox 271 2496 1864 2572">
    <p class='ocr_par' dir='ltr' id='par_1_42' title="bbox 271 2496 1864 2572">
     <span class='ocr_line' id='line_1_42' title="bbox 271 2496 1864 2572; baseline -0.001 -18"><span class='ocrx_word' id='word_1_295' title='bbox 271 2503 396 2571; x_wconf 73' lang='grc' dir='ltr'><strong>ἐτη.</strong></span> <span class='ocrx_word' id='word_1_296' title='bbox 429 2501 544 2572; x_wconf 75' lang='grc' dir='ltr'><strong>Μιᾷ</strong></span> <span class='ocrx_word' id='word_1_297' title='bbox 584 2496 678 2554; x_wconf 79' lang='grc' dir='ltr'><strong>οὖν</strong></span> <span class='ocrx_word' id='word_1_298' title='bbox 723 2500 1054 2572; x_wconf 71' lang='grc' dir='ltr'>πολεμηθεὶς</span> <span class='ocrx_word' id='word_1_299' title='bbox 1093 2499 1266 2554; x_wconf 73' lang='grc' dir='ltr'><strong>’ἔϐαλε</strong></span> <span class='ocrx_word' id='word_1_300' title='bbox 1319 2499 1608 2572; x_wconf 79' lang='grc' dir='ltr'><strong>μετάνοιαν</strong></span> <span class='ocrx_word' id='word_1_301' title='bbox 1651 2499 1728 2570; x_wconf 82' lang='grc' dir='ltr'><strong>τῷ</strong></span> <span class='ocrx_word' id='word_1_302' title='bbox 1771 2499 1864 2569; x_wconf 79' lang='grc' dir='ltr'><strong>γέ-</strong></span> 
     </span>
    </p>
   </div>
   <div class='ocr_carea' id='block_1_43' title="bbox 275 2590 1862 2665">
    <p class='ocr_par' dir='ltr' id='par_1_43' title="bbox 275 2590 1862 2665">
     <span class='ocr_line' id='line_1_43' title="bbox 275 2590 1862 2665; baseline -0.001 -19"><span class='ocrx_word' id='word_1_303' title='bbox 275 2611 446 2664; x_wconf 81' lang='grc' dir='ltr'><strong>ροντι,</strong></span> <span class='ocrx_word' id='word_1_304' title='bbox 484 2593 690 2662; x_wconf 79' lang='grc' dir='ltr'>λέγων·</span> <span class='ocrx_word' id='word_1_305' title='bbox 743 2593 978 2665; x_wconf 82' lang='grc' dir='ltr'><strong>Ποίησὸν</strong></span> <span class='ocrx_word' id='word_1_306' title='bbox 1017 2610 1086 2664; x_wconf 81' lang='grc' dir='ltr'>με</span> <span class='ocrx_word' id='word_1_307' title='bbox 1136 2591 1390 2661; x_wconf 83' lang='grc' dir='ltr'>γενέσθαι</span> <span class='ocrx_word' id='word_1_308' title='bbox 1447 2591 1700 2663; x_wconf 81' lang='grc' dir='ltr'><strong>μοναχόν.</strong></span> <span class='ocrx_word' id='word_1_309' title='bbox 1749 2590 1862 2644; x_wconf 87' lang='lat' dir='ltr'><strong>Kal</strong></span> 
     </span>
    </p>
   </div>
   <div class='ocr_carea' id='block_1_44' title="bbox 270 2681 1860 2756">
    <p class='ocr_par' dir='ltr' id='par_1_44' title="bbox 270 2681 1860 2756">
     <span class='ocr_line' id='line_1_44' title="bbox 270 2681 1860 2756; baseline 0 -22"><span class='ocrx_word' id='word_1_310' title='bbox 270 2684 427 2754; x_wconf 70' lang='grc' dir='ltr'>λέγει</span> <span class='ocrx_word' id='word_1_311' title='bbox 456 2684 604 2756; x_wconf 84' lang='grc' dir='ltr'><strong>αὐτῷ</strong></span> <span class='ocrx_word' id='word_1_312' title='bbox 633 2687 664 2738; x_wconf 86' lang='grc' dir='ltr'>ὁ</span> <span class='ocrx_word' id='word_1_313' title='bbox 690 2685 871 2756; x_wconf 82' lang='grc' dir='ltr'>γέρων</span> <span class='ocrx_word' id='word_1_314' title='bbox 891 2701 904 2714; x_wconf 88' lang='grc'><strong>·</strong></span> <span class='ocrx_word' id='word_1_315' title='bbox 941 2683 1114 2738; x_wconf 84' lang='grc' dir='ltr'>Βλέπε</span> <span class='ocrx_word' id='word_1_316' title='bbox 1145 2685 1330 2745; x_wconf 81' lang='grc' dir='ltr'>τόπον,</span> <span class='ocrx_word' id='word_1_317' title='bbox 1363 2685 1456 2738; x_wconf 74' lang='grc' dir='ltr'><strong>καὶ</strong></span> <span class='ocrx_word' id='word_1_318' title='bbox 1491 2681 1749 2753; x_wconf 72' lang='grc' dir='ltr'><strong>ποιοῦμεν</strong></span> <span class='ocrx_word' id='word_1_319' title='bbox 1777 2698 1860 2735; x_wconf 81' lang='grc' dir='ltr'><strong>σοι</strong></span> 
     </span>
    </p>
   </div>
   <div class='ocr_carea' id='block_1_45' title="bbox 270 2767 1862 2846">
    <p class='ocr_par' dir='ltr' id='par_1_45' title="bbox 270 2767 1862 2846">
     <span class='ocr_line' id='line_1_45' title="bbox 270 2767 1862 2846; baseline -0.006 -12"><span class='ocrx_word' id='word_1_320' title='bbox 270 2776 570 2834; x_wconf 71' lang='grc' dir='ltr'>ιελλὼν⁹⁸.</span> <span class='ocrx_word' id='word_1_321' title='bbox 598 2777 708 2830; x_wconf 84' lang='lat' dir='ltr'><strong>Kal</strong></span> <span class='ocrx_word' id='word_1_322' title='bbox 727 2775 977 2830; x_wconf 83' lang='grc' dir='ltr'>ἀπελθὼν</span> <span class='ocrx_word' id='word_1_323' title='bbox 998 2775 1106 2829; x_wconf 67' lang='grc' dir='ltr'><strong>ἀπὸ</strong></span> <span class='ocrx_word' id='word_1_324' title='bbox 1133 2775 1361 2846; x_wconf 75' lang='grc' dir='ltr'><strong>σημείου</strong></span> <span class='ocrx_word' id='word_1_325' title='bbox 1394 2775 1514 2837; x_wconf 76' lang='grc' dir='ltr'><strong>ἐνὸς</strong></span> <span class='ocrx_word' id='word_1_326' title='bbox 1570 2767 1716 2844; x_wconf 73' lang='grc' dir='ltr'>εὗρε.</span> <span class='ocrx_word' id='word_1_327' title='bbox 1750 2773 1862 2826; x_wconf 86' lang='lat' dir='ltr'><strong>Kal</strong></span> 
     </span>
    </p>
   </div>
   <div class='ocr_carea' id='block_1_46' title="bbox 271 2865 1856 2941">
    <p class='ocr_par' dir='ltr' id='par_1_46' title="bbox 271 2865 1856 2941">
     <span class='ocr_line' id='line_1_46' title="bbox 271 2865 1856 2941; baseline -0.005 -16"><span class='ocrx_word' id='word_1_328' title='bbox 271 2869 605 2934; x_wconf 76' lang='grc' dir='ltr'>ἀπελθόντες</span> <span class='ocrx_word' id='word_1_329' title='bbox 629 2869 894 2941; x_wconf 74' lang='grc' dir='ltr'><strong>ἐποίησαν</strong></span> <span class='ocrx_word' id='word_1_330' title='bbox 925 2867 1156 2923; x_wconf 82' lang='grc' dir='ltr'><strong>κελλίον.</strong></span> <span class='ocrx_word' id='word_1_331' title='bbox 1191 2868 1302 2921; x_wconf 80' lang='grc' dir='ltr'><strong>Καὶ</strong></span> <span class='ocrx_word' id='word_1_332' title='bbox 1325 2867 1472 2936; x_wconf 79' lang='grc' dir='ltr'>λέγει</span> <span class='ocrx_word' id='word_1_333' title='bbox 1503 2865 1581 2936; x_wconf 82' lang='grc' dir='ltr'><strong>τῷ</strong></span> <span class='ocrx_word' id='word_1_334' title='bbox 1614 2865 1856 2936; x_wconf 55' lang='lat' dir='ltr'><strong>aesaes-</strong></span> 
     </span>
    </p>
   </div>
   <div class='ocr_carea' id='block_1_47' title="bbox 273 2955 1854 3029">
    <p class='ocr_par' dir='ltr' id='par_1_47' title="bbox 273 2955 1854 3029">
     <span class='ocr_line' id='line_1_47' title="bbox 273 2955 1854 3029; baseline -0.004 -15"><span class='ocrx_word' id='word_1_335' title='bbox 273 2961 343 3014; x_wconf 75' lang='grc' dir='ltr'><strong>Εἰ</strong></span> <span class='ocrx_word' id='word_1_336' title='bbox 370 2959 422 3014; x_wconf 80' lang='grc' dir='ltr'><strong>τί</strong></span> <span class='ocrx_word' id='word_1_337' title='bbox 452 2976 533 3013; x_wconf 91' lang='grc' dir='ltr'><strong>σοι</strong></span> <span class='ocrx_word' id='word_1_338' title='bbox 562 2959 730 3029; x_wconf 79' lang='grc' dir='ltr'>λέγω,</span> <span class='ocrx_word' id='word_1_339' title='bbox 764 2958 922 3012; x_wconf 76' lang='grc' dir='ltr'><strong>τοῦτο</strong></span> <span class='ocrx_word' id='word_1_340' title='bbox 962 2959 1206 3028; x_wconf 75' lang='grc' dir='ltr'><strong>ποίησον.</strong></span> <span class='ocrx_word' id='word_1_341' title='bbox 1245 2957 1411 3011; x_wconf 87' lang='grc' dir='ltr'><strong>Ὅταν</strong></span> <span class='ocrx_word' id='word_1_342' title='bbox 1444 2958 1656 3028; x_wconf 73' lang='grc' dir='ltr'>πεινᾷς,</span> <span class='ocrx_word' id='word_1_343' title='bbox 1691 2955 1854 3024; x_wconf 81' lang='grc' dir='ltr'>φάγε,</span> 
     </span>
    </p>
   </div>
   <div class='ocr_carea' id='block_1_48' title="bbox 271 3044 1857 3121">
    <p class='ocr_par' dir='ltr' id='par_1_48' title="bbox 271 3044 1857 3121">
     <span class='ocr_line' id='line_1_48' title="bbox 271 3044 1857 3121; baseline -0.005 -16"><span class='ocrx_word' id='word_1_344' title='bbox 271 3053 392 3116; x_wconf 75' lang='grc' dir='ltr'>πίε,</span> <span class='ocrx_word' id='word_1_345' title='bbox 428 3051 632 3121; x_wconf 83' lang='grc' dir='ltr'><strong>κοιμῶ·</strong></span> <span class='ocrx_word' id='word_1_346' title='bbox 667 3049 826 3120; x_wconf 88' lang='grc' dir='ltr'><strong>μόνον</strong></span> <span class='ocrx_word' id='word_1_347' title='bbox 863 3048 956 3102; x_wconf 77' lang='grc' dir='ltr'><strong>τοῦ</strong></span> <span class='ocrx_word' id='word_1_348' title='bbox 997 3048 1209 3102; x_wconf 79' lang='grc' dir='ltr'><strong>χελλίου</strong></span> <span class='ocrx_word' id='word_1_349' title='bbox 1246 3064 1341 3101; x_wconf 92' lang='grc' dir='ltr'><strong>σου</strong></span> <span class='ocrx_word' id='word_1_350' title='bbox 1383 3048 1458 3119; x_wconf 80' lang='grc' dir='ltr'><strong>μὴ</strong></span> <span class='ocrx_word' id='word_1_351' title='bbox 1499 3045 1718 3118; x_wconf 78' lang='grc' dir='ltr'><strong>ἐξέλθῃς</strong></span> <span class='ocrx_word' id='word_1_352' title='bbox 1751 3044 1857 3108; x_wconf 71' lang='grc' dir='ltr'><strong>ἕως</strong></span> 
     </span>
    </p>
   </div>
   <div class='ocr_carea' id='block_1_49' title="bbox 273 3137 1926 3228">
    <p class='ocr_par' dir='ltr' id='par_1_49' title="bbox 273 3137 1926 3228">
     <span class='ocr_line' id='line_1_49' title="bbox 273 3137 1926 3228; baseline -0.004 -33"><span class='ocrx_word' id='word_1_353' title='bbox 273 3141 372 3196; x_wconf 79' lang='grc' dir='ltr'><strong>τοῦ</strong></span> <span class='ocrx_word' id='word_1_354' title='bbox 404 3141 706 3195; x_wconf 74' lang='grc' dir='ltr'><strong>σαϐϐάτου·</strong></span> <span class='ocrx_word' id='word_1_355' title='bbox 736 3141 854 3193; x_wconf 79' lang='grc' dir='ltr'>τότε</span> <span class='ocrx_word' id='word_1_356' title='bbox 894 3139 1056 3212; x_wconf 79' lang='grc' dir='ltr'><strong>ἔρχου</strong></span> <span class='ocrx_word' id='word_1_357' title='bbox 1091 3139 1259 3209; x_wconf 77' lang='grc' dir='ltr'>ἐγγύς</span> <span class='ocrx_word' id='word_1_358' title='bbox 1297 3157 1400 3210; x_wconf 87' lang='grc' dir='ltr'><strong>μου</strong></span> <span class='ocrx_word' id='word_1_359' title='bbox 1423 3140 1487 3192; x_wconf 74' lang='grc'><strong>⁸³.</strong></span> <span class='ocrx_word' id='word_1_360' title='bbox 1536 3139 1593 3193; x_wconf 83' lang='lat'><strong>&#39;0</strong></span> <span class='ocrx_word' id='word_1_361' title='bbox 1617 3139 1672 3192; x_wconf 83' lang='grc' dir='ltr'><strong>δὲ</strong></span> <span class='ocrx_word' id='word_1_362' title='bbox 1701 3137 1854 3190; x_wconf 83' lang='grc' dir='ltr'>ἀδελ·</span> <span class='ocrx_word' id='word_1_363' title='bbox 1883 3171 1926 3228; x_wconf 78' lang='lat' dir='ltr'><strong>C</strong></span> 
     </span>
    </p>
   </div>
   <div class='ocr_carea' id='block_1_50' title="bbox 272 3229 1857 3304">
    <p class='ocr_par' dir='ltr' id='par_1_50' title="bbox 272 3229 1857 3304">
     <span class='ocr_line' id='line_1_50' title="bbox 272 3229 1857 3304; baseline -0.003 -17"><span class='ocrx_word' id='word_1_364' title='bbox 272 3236 376 3304; x_wconf 70' lang='grc' dir='ltr'><strong>φὺς</strong></span> <span class='ocrx_word' id='word_1_365' title='bbox 405 3234 628 3304; x_wconf 77' lang='grc' dir='ltr'><strong>ἐποίησε</strong></span> <span class='ocrx_word' id='word_1_366' title='bbox 660 3232 756 3296; x_wconf 74' lang='grc' dir='ltr'><strong>τὰς</strong></span> <span class='ocrx_word' id='word_1_367' title='bbox 785 3233 878 3286; x_wconf 72' lang='grc' dir='ltr'><strong>δύο</strong></span> <span class='ocrx_word' id='word_1_368' title='bbox 913 3233 1125 3304; x_wconf 73' lang='grc' dir='ltr'><strong>ἡμέρας</strong></span> <span class='ocrx_word' id='word_1_369' title='bbox 1154 3231 1296 3285; x_wconf 77' lang='grc' dir='ltr'><strong>κατὰ</strong></span> <span class='ocrx_word' id='word_1_370' title='bbox 1333 3232 1430 3302; x_wconf 75' lang='grc' dir='ltr'><strong>τὴν</strong></span> <span class='ocrx_word' id='word_1_371' title='bbox 1471 3231 1691 3300; x_wconf 81' lang='grc' dir='ltr'><strong>ἐντολήν</strong></span> <span class='ocrx_word' id='word_1_372' title='bbox 1711 3248 1724 3262; x_wconf 79' lang='grc' dir='ltr'><strong>ο</strong></span> <span class='ocrx_word' id='word_1_373' title='bbox 1762 3229 1857 3282; x_wconf 74' lang='grc' dir='ltr'><strong>καὶ</strong></span> 
     </span>
    </p>
   </div>
   <div class='ocr_carea' id='block_1_51' title="bbox 269 3319 1856 3396">
    <p class='ocr_par' dir='ltr' id='par_1_51' title="bbox 269 3319 1856 3396">
     <span class='ocr_line' id='line_1_51' title="bbox 269 3319 1856 3396; baseline -0.003 -19"><span class='ocrx_word' id='word_1_374' title='bbox 269 3328 342 3396; x_wconf 79' lang='grc' dir='ltr'><strong>τῇ</strong></span> <span class='ocrx_word' id='word_1_375' title='bbox 377 3324 541 3396; x_wconf 78' lang='grc' dir='ltr'><strong>τρίτῃ</strong></span> <span class='ocrx_word' id='word_1_376' title='bbox 569 3324 752 3395; x_wconf 74' lang='grc' dir='ltr'>ἡμέρᾳ</span> <span class='ocrx_word' id='word_1_377' title='bbox 786 3322 1106 3394; x_wconf 75' lang='grc' dir='ltr'><strong>ἀκηδεάσας,</strong></span> <span class='ocrx_word' id='word_1_378' title='bbox 1133 3321 1311 3390; x_wconf 80' lang='grc' dir='ltr'>λέγει·</span> <span class='ocrx_word' id='word_1_379' title='bbox 1339 3321 1404 3373; x_wconf 84' lang='grc' dir='ltr'><strong>Τί</strong></span> <span class='ocrx_word' id='word_1_380' title='bbox 1445 3321 1602 3373; x_wconf 78' lang='grc' dir='ltr'><strong>τοῦτο</strong></span> <span class='ocrx_word' id='word_1_381' title='bbox 1633 3319 1856 3390; x_wconf 80' lang='grc' dir='ltr'><strong>ἐποίησέ</strong></span> 
     </span>
    </p>
   </div>
   <div class='ocr_carea' id='block_1_52' title="bbox 273 3411 1858 3489">
    <p class='ocr_par' dir='ltr' id='par_1_52' title="bbox 273 3411 1858 3489">
     <span class='ocr_line' id='line_1_52' title="bbox 273 3411 1858 3489; baseline -0.004 -19"><span class='ocrx_word' id='word_1_382' title='bbox 273 3433 372 3489; x_wconf 85' lang='grc' dir='ltr'><strong>μοι</strong></span> <span class='ocrx_word' id='word_1_383' title='bbox 397 3417 426 3469; x_wconf 85' lang='grc' dir='ltr'><strong>ό</strong></span> <span class='ocrx_word' id='word_1_384' title='bbox 457 3417 634 3489; x_wconf 83' lang='grc' dir='ltr'>γέρων</span> <span class='ocrx_word' id='word_1_385' title='bbox 649 3417 732 3480; x_wconf 71' lang='lat'><strong>&quot;‘;</strong></span> <span class='ocrx_word' id='word_1_386' title='bbox 767 3417 862 3469; x_wconf 71' lang='grc' dir='ltr'><strong>καὶ</strong></span> <span class='ocrx_word' id='word_1_387' title='bbox 892 3415 1150 3478; x_wconf 72' lang='grc' dir='ltr'><strong>ἀναστὰς,</strong></span> <span class='ocrx_word' id='word_1_388' title='bbox 1181 3412 1378 3483; x_wconf 65' lang='grc' dir='ltr'>ἔψαλλε</span> <span class='ocrx_word' id='word_1_389' title='bbox 1414 3413 1698 3476; x_wconf 82' lang='grc' dir='ltr'><strong>πλείστους</strong></span> <span class='ocrx_word' id='word_1_390' title='bbox 1723 3411 1858 3482; x_wconf 66' lang='grc' dir='ltr'>ψαλεο</span> 
     </span>
    </p>
   </div>
   <div class='ocr_carea' id='block_1_53' title="bbox 276 3503 1856 3581">
    <p class='ocr_par' dir='ltr' id='par_1_53' title="bbox 276 3503 1856 3581">
     <span class='ocr_line' id='line_1_53' title="bbox 276 3503 1856 3581; baseline -0.004 -19"><span class='ocrx_word' id='word_1_391' title='bbox 276 3506 419 3581; x_wconf 55' lang='lat' dir='ltr'><strong>prosi;</strong></span> <span class='ocrx_word' id='word_1_392' title='bbox 438 3525 452 3538; x_wconf 89' lang='grc'><strong>·</strong></span> <span class='ocrx_word' id='word_1_393' title='bbox 492 3508 587 3561; x_wconf 72' lang='grc' dir='ltr'><strong>καὶ</strong></span> <span class='ocrx_word' id='word_1_394' title='bbox 617 3505 755 3578; x_wconf 76' lang='grc' dir='ltr'><strong>μετὰ</strong></span> <span class='ocrx_word' id='word_1_395' title='bbox 778 3505 840 3558; x_wconf 82' lang='grc' dir='ltr'><strong>τὸ</strong></span> <span class='ocrx_word' id='word_1_396' title='bbox 872 3503 1027 3558; x_wconf 75' lang='grc' dir='ltr'><strong>δῦναι</strong></span> <span class='ocrx_word' id='word_1_397' title='bbox 1058 3505 1149 3557; x_wconf 77' lang='grc' dir='ltr'><strong>τον</strong></span> <span class='ocrx_word' id='word_1_398' title='bbox 1185 3504 1336 3576; x_wconf 76' lang='grc' dir='ltr'><strong>ἥλιον</strong></span> <span class='ocrx_word' id='word_1_399' title='bbox 1370 3504 1572 3573; x_wconf 70' lang='grc' dir='ltr'>ἔφαγεο</span> <span class='ocrx_word' id='word_1_400' title='bbox 1603 3503 1696 3556; x_wconf 71' lang='grc' dir='ltr'><strong>καὶ</strong></span> <span class='ocrx_word' id='word_1_401' title='bbox 1723 3503 1856 3556; x_wconf 86' lang='grc' dir='ltr'><strong>ἀνα-</strong></span> 
     </span>
    </p>
   </div>
   <div class='ocr_carea' id='block_1_54' title="bbox 276 3593 1859 3669">
    <p class='ocr_par' dir='ltr' id='par_1_54' title="bbox 276 3593 1859 3669">
     <span class='ocr_line' id='line_1_54' title="bbox 276 3593 1859 3669; baseline -0.006 -14"><span class='ocrx_word' id='word_1_402' title='bbox 276 3599 416 3664; x_wconf 81' lang='grc' dir='ltr'><strong>στὰς</strong></span> <span class='ocrx_word' id='word_1_403' title='bbox 469 3598 681 3668; x_wconf 83' lang='grc' dir='ltr'>ἀπῆλθε</span> <span class='ocrx_word' id='word_1_404' title='bbox 717 3597 1046 3669; x_wconf 79' lang='grc' dir='ltr'><strong>κοιμηθῆναι</strong></span> <span class='ocrx_word' id='word_1_405' title='bbox 1084 3597 1163 3660; x_wconf 82' lang='grc' dir='ltr'><strong>εἰς</strong></span> <span class='ocrx_word' id='word_1_406' title='bbox 1189 3596 1249 3649; x_wconf 78' lang='grc' dir='ltr'><strong>τὸ</strong></span> <span class='ocrx_word' id='word_1_407' title='bbox 1274 3593 1488 3665; x_wconf 69' lang='grc' dir='ltr'>ψιάθιον</span> <span class='ocrx_word' id='word_1_408' title='bbox 1526 3593 1712 3648; x_wconf 75' lang='grc' dir='ltr'><strong>αὐτοῦ.</strong></span> <span class='ocrx_word' id='word_1_409' title='bbox 1749 3594 1859 3647; x_wconf 84' lang='lat' dir='ltr'><strong>Kal</strong></span> 
     </span>
    </p>
   </div>
   <div class='ocr_carea' id='block_1_55' title="bbox 275 3685 1858 3763">
    <p class='ocr_par' dir='ltr' id='par_1_55' title="bbox 275 3685 1858 3763">
     <span class='ocr_line' id='line_1_55' title="bbox 275 3685 1858 3763; baseline -0.007 -16"><span class='ocrx_word' id='word_1_410' title='bbox 275 3693 480 3763; x_wconf 82' lang='grc' dir='ltr'>θεωρεῖ</span> <span class='ocrx_word' id='word_1_411' title='bbox 507 3689 741 3744; x_wconf 80' lang='grc' dir='ltr'><strong>Αἰθίοπα</strong></span> <span class='ocrx_word' id='word_1_412' title='bbox 768 3689 1019 3759; x_wconf 81' lang='grc' dir='ltr'><strong>κείμενον</strong></span> <span class='ocrx_word' id='word_1_413' title='bbox 1047 3689 1302 3760; x_wconf 78' lang='grc' dir='ltr'><strong>τρίξοντα</strong></span> <span class='ocrx_word' id='word_1_414' title='bbox 1338 3686 1462 3749; x_wconf 75' lang='grc' dir='ltr'><strong>τοὺς</strong></span> <span class='ocrx_word' id='word_1_415' title='bbox 1494 3686 1712 3750; x_wconf 81' lang='grc' dir='ltr'><strong>ὀδόντας</strong></span> <span class='ocrx_word' id='word_1_416' title='bbox 1737 3685 1858 3738; x_wconf 80' lang='grc' dir='ltr'><strong>κατ’</strong></span> 
     </span>
    </p>
   </div>
   <div class='ocr_carea' id='block_1_56' title="bbox 275 3771 1862 3849">
    <p class='ocr_par' dir='ltr' id='par_1_56' title="bbox 275 3771 1862 3849">
     <span class='ocr_line' id='line_1_56' title="bbox 275 3771 1862 3849; baseline -0.004 -16"><span class='ocrx_word' id='word_1_417' title='bbox 275 3778 471 3834; x_wconf 73' lang='grc' dir='ltr'><strong>αὐτοῦ.</strong></span> <span class='ocrx_word' id='word_1_418' title='bbox 507 3779 619 3832; x_wconf 85' lang='lat' dir='ltr'><strong>Kal</strong></span> <span class='ocrx_word' id='word_1_419' title='bbox 652 3776 910 3849; x_wconf 81' lang='grc' dir='ltr'><strong>δρομαῖος</strong></span> <span class='ocrx_word' id='word_1_420' title='bbox 939 3776 1088 3848; x_wconf 80' lang='grc' dir='ltr'>φόϐῳ</span> <span class='ocrx_word' id='word_1_421' title='bbox 1115 3776 1294 3847; x_wconf 81' lang='grc' dir='ltr'>πολλῷ</span> <span class='ocrx_word' id='word_1_422' title='bbox 1319 3771 1450 3846; x_wconf 82' lang='grc' dir='ltr'>ἦλθε</span> <span class='ocrx_word' id='word_1_423' title='bbox 1485 3776 1622 3844; x_wconf 81' lang='grc' dir='ltr'><strong>πρὸς</strong></span> <span class='ocrx_word' id='word_1_424' title='bbox 1649 3774 1740 3828; x_wconf 86' lang='grc' dir='ltr'><strong>τὸν</strong></span> <span class='ocrx_word' id='word_1_425' title='bbox 1771 3774 1862 3842; x_wconf 86' lang='grc' dir='ltr'><strong>γέ-</strong></span> 
     </span>
    </p>
   </div>
   <div class='ocr_carea' id='block_1_57' title="bbox 275 3855 1862 3943">
    <p class='ocr_par' dir='ltr' id='par_1_57' title="bbox 275 3855 1862 3943">
     <span class='ocr_line' id='line_1_57' title="bbox 275 3855 1862 3943; baseline -0.004 -19"><span class='ocrx_word' id='word_1_426' title='bbox 275 3888 475 3943; x_wconf 79' lang='grc' dir='ltr'><strong>ροντα·</strong></span> <span class='ocrx_word' id='word_1_427' title='bbox 511 3869 609 3922; x_wconf 73' lang='grc' dir='ltr'><strong>καὶ</strong></span> <span class='ocrx_word' id='word_1_428' title='bbox 635 3869 874 3940; x_wconf 78' lang='grc' dir='ltr'><strong>κρούσας</strong></span> <span class='ocrx_word' id='word_1_429' title='bbox 905 3868 1003 3938; x_wconf 82' lang='grc' dir='ltr'><strong>τὴν</strong></span> <span class='ocrx_word' id='word_1_430' title='bbox 1033 3869 1224 3940; x_wconf 82' lang='grc' dir='ltr'>θύραν,</span> <span class='ocrx_word' id='word_1_431' title='bbox 1258 3865 1413 3922; x_wconf 76' lang='grc' dir='ltr'>εἶπεν</span> <span class='ocrx_word' id='word_1_432' title='bbox 1433 3885 1448 3899; x_wconf 77' lang='grc' dir='ltr'><strong>ο</strong></span> <span class='ocrx_word' id='word_1_433' title='bbox 1493 3855 1680 3929; x_wconf 77' lang='grc' dir='ltr'><strong>’Δ66ᾶ,</strong></span> <span class='ocrx_word' id='word_1_434' title='bbox 1708 3865 1862 3936; x_wconf 75' lang='grc' dir='ltr'><strong>ἐλέη-</strong></span> 
     </span>
    </p>
   </div>
   <div class='ocr_carea' id='block_1_58' title="bbox 279 3951 1864 4028">
    <p class='ocr_par' dir='ltr' id='par_1_58' title="bbox 279 3951 1864 4028">
     <span class='ocr_line' id='line_1_58' title="bbox 279 3951 1864 4028; baseline -0.004 -17"><span class='ocrx_word' id='word_1_435' title='bbox 279 3959 376 4011; x_wconf 83' lang='grc' dir='ltr'>σόν</span> <span class='ocrx_word' id='word_1_436' title='bbox 404 3974 492 4028; x_wconf 87' lang='grc' dir='ltr'>με,</span> <span class='ocrx_word' id='word_1_437' title='bbox 515 3957 610 4010; x_wconf 81' lang='grc' dir='ltr'><strong>καὶ</strong></span> <span class='ocrx_word' id='word_1_438' title='bbox 626 3956 836 4022; x_wconf 76' lang='grc' dir='ltr'><strong>ἄνοιξον</strong></span> <span class='ocrx_word' id='word_1_439' title='bbox 851 3957 920 4010; x_wconf 76' lang='grc'><strong>⁸⁸.</strong></span> <span class='ocrx_word' id='word_1_440' title='bbox 952 3956 1010 4009; x_wconf 87' lang='lat'><strong>&#39;0</strong></span> <span class='ocrx_word' id='word_1_441' title='bbox 1029 3957 1084 4010; x_wconf 79' lang='grc' dir='ltr'><strong>δὲ</strong></span> <span class='ocrx_word' id='word_1_442' title='bbox 1101 3957 1301 4028; x_wconf 79' lang='grc' dir='ltr'>γέρων,</span> <span class='ocrx_word' id='word_1_443' title='bbox 1325 3957 1486 4024; x_wconf 77' lang='grc' dir='ltr'>γνοὺς</span> <span class='ocrx_word' id='word_1_444' title='bbox 1510 3955 1592 4007; x_wconf 83' lang='grc' dir='ltr'><strong>ὅτι</strong></span> <span class='ocrx_word' id='word_1_445' title='bbox 1613 3953 1714 4006; x_wconf 82' lang='grc' dir='ltr'><strong>οὐκ</strong></span> <span class='ocrx_word' id='word_1_446' title='bbox 1733 3951 1864 4023; x_wconf 82' lang='grc' dir='ltr'><strong>ὲφύ-</strong></span> 
     </span>
    </p>
   </div>
   <div class='ocr_carea' id='block_1_59' title="bbox 275 4045 1864 4120">
    <p class='ocr_par' dir='ltr' id='par_1_59' title="bbox 275 4045 1864 4120">
     <span class='ocr_line' id='line_1_59' title="bbox 275 4045 1864 4120; baseline -0.002 -20"><span class='ocrx_word' id='word_1_447' title='bbox 275 4048 409 4114; x_wconf 76' lang='grc' dir='ltr'>λαξε</span> <span class='ocrx_word' id='word_1_448' title='bbox 427 4049 488 4102; x_wconf 82' lang='grc' dir='ltr'><strong>τὸ</strong></span> <span class='ocrx_word' id='word_1_449' title='bbox 519 4048 674 4120; x_wconf 74' lang='grc' dir='ltr'><strong>ῥῆμα</strong></span> <span class='ocrx_word' id='word_1_450' title='bbox 693 4049 880 4114; x_wconf 75' lang='grc' dir='ltr'><strong>αὑτοῦ,</strong></span> <span class='ocrx_word' id='word_1_451' title='bbox 909 4051 1008 4102; x_wconf 85' lang='grc' dir='ltr'><strong>οὐκ</strong></span> <span class='ocrx_word' id='word_1_452' title='bbox 1036 4047 1246 4118; x_wconf 74' lang='grc' dir='ltr'><strong>ἤνοιξεν</strong></span> <span class='ocrx_word' id='word_1_453' title='bbox 1277 4046 1424 4118; x_wconf 79' lang='grc' dir='ltr'><strong>αὐτῷ</strong></span> <span class='ocrx_word' id='word_1_454' title='bbox 1446 4047 1550 4110; x_wconf 78' lang='grc' dir='ltr'><strong>ἕως</strong></span> <span class='ocrx_word' id='word_1_455' title='bbox 1573 4045 1740 4117; x_wconf 80' lang='grc' dir='ltr'><strong>πρωῒ,</strong></span> <span class='ocrx_word' id='word_1_456' title='bbox 1768 4045 1864 4100; x_wconf 77' lang='grc' dir='ltr'><strong>καὶ</strong></span> 
     </span>
    </p>
   </div>
   <div class='ocr_carea' id='block_1_60' title="bbox 278 4134 1866 4212">
    <p class='ocr_par' dir='ltr' id='par_1_60' title="bbox 278 4134 1866 4212">
     <span class='ocr_line' id='line_1_60' title="bbox 278 4134 1866 4212; baseline -0.004 -16"><span class='ocrx_word' id='word_1_457' title='bbox 278 4141 502 4205; x_wconf 74' lang='grc' dir='ltr'><strong>ἀνοίξας</strong></span> <span class='ocrx_word' id='word_1_458' title='bbox 526 4139 606 4211; x_wconf 79' lang='grc' dir='ltr'><strong>τῷ</strong></span> <span class='ocrx_word' id='word_1_459' title='bbox 623 4139 789 4210; x_wconf 76' lang='grc' dir='ltr'>πρωῒ,</span> <span class='ocrx_word' id='word_1_460' title='bbox 815 4134 972 4212; x_wconf 76' lang='grc' dir='ltr'>εὗρεν</span> <span class='ocrx_word' id='word_1_461' title='bbox 987 4140 1149 4193; x_wconf 78' lang='grc' dir='ltr'><strong>αὐτὸν</strong></span> <span class='ocrx_word' id='word_1_462' title='bbox 1171 4139 1274 4204; x_wconf 78' lang='grc' dir='ltr'><strong>ἔξω</strong></span> <span class='ocrx_word' id='word_1_463' title='bbox 1298 4136 1745 4212; x_wconf 80' lang='grc' dir='ltr'><strong>παρακαλοῦντα⁶</strong></span> <span class='ocrx_word' id='word_1_464' title='bbox 1769 4136 1866 4191; x_wconf 74' lang='grc' dir='ltr'><strong>καὶ</strong></span> 
     </span>
    </p>
   </div>
   <div class='ocr_carea' id='block_1_61' title="bbox 278 4225 1865 4302">
    <p class='ocr_par' dir='ltr' id='par_1_61' title="bbox 278 4225 1865 4302">
     <span class='ocr_line' id='line_1_61' title="bbox 278 4225 1865 4302; baseline -0.003 -18"><span class='ocrx_word' id='word_1_465' title='bbox 278 4232 621 4301; x_wconf 79' lang='grc' dir='ltr'><strong>οξκτηρήσας</strong></span> <span class='ocrx_word' id='word_1_466' title='bbox 661 4231 979 4302; x_wconf 78' lang='grc' dir='ltr'>εἰσήνεγκεν</span> <span class='ocrx_word' id='word_1_467' title='bbox 1023 4229 1206 4284; x_wconf 80' lang='grc' dir='ltr'><strong>αὐτόν.</strong></span> <span class='ocrx_word' id='word_1_468' title='bbox 1276 4230 1411 4282; x_wconf 83' lang='grc' dir='ltr'>Τότε</span> <span class='ocrx_word' id='word_1_469' title='bbox 1457 4228 1637 4298; x_wconf 78' lang='grc' dir='ltr'>λέγει’</span> <span class='ocrx_word' id='word_1_470' title='bbox 1664 4225 1865 4298; x_wconf 77' lang='grc' dir='ltr'><strong>Δέομαί</strong></span> 
     </span>
    </p>
   </div>
   <div class='ocr_carea' id='block_1_62' title="bbox 280 4317 1866 4394">
    <p class='ocr_par' dir='ltr' id='par_1_62' title="bbox 280 4317 1866 4394">
     <span class='ocr_line' id='line_1_62' title="bbox 280 4317 1866 4394; baseline -0.004 -18"><span class='ocrx_word' id='word_1_471' title='bbox 280 4340 402 4390; x_wconf 84' lang='grc' dir='ltr'><strong>σου,</strong></span> <span class='ocrx_word' id='word_1_472' title='bbox 451 4323 659 4392; x_wconf 75' lang='grc' dir='ltr'><strong>Πάτερο</strong></span> <span class='ocrx_word' id='word_1_473' title='bbox 698 4321 930 4375; x_wconf 82' lang='grc' dir='ltr'><strong>Αἰθίοπα</strong></span> <span class='ocrx_word' id='word_1_474' title='bbox 969 4321 1176 4394; x_wconf 80' lang='grc' dir='ltr'><strong>μέλανα</strong></span> <span class='ocrx_word' id='word_1_475' title='bbox 1225 4317 1363 4376; x_wconf 82' lang='grc' dir='ltr'>εἶδον</span> <span class='ocrx_word' id='word_1_476' title='bbox 1405 4321 1498 4373; x_wconf 76' lang='grc' dir='ltr'><strong>ἐπὶ</strong></span> <span class='ocrx_word' id='word_1_477' title='bbox 1543 4319 1604 4374; x_wconf 81' lang='grc' dir='ltr'><strong>τὸ</strong></span> <span class='ocrx_word' id='word_1_478' title='bbox 1651 4318 1866 4390; x_wconf 71' lang='grc' dir='ltr'>ψιάθιόν</span> 
     </span>
    </p>
   </div>
   <div class='ocr_carea' id='block_1_63' title="bbox 282 4409 1868 4491">
    <p class='ocr_par' dir='ltr' id='par_1_63' title="bbox 282 4409 1868 4491">
     <span class='ocr_line' id='line_1_63' title="bbox 282 4409 1868 4491; baseline -0.001 -23"><span class='ocrx_word' id='word_1_479' title='bbox 282 4433 414 4491; x_wconf 75' lang='grc' dir='ltr'><strong>μου,</strong></span> <span class='ocrx_word' id='word_1_480' title='bbox 458 4416 537 4480; x_wconf 82' lang='grc' dir='ltr'><strong>ὡς</strong></span> <span class='ocrx_word' id='word_1_481' title='bbox 578 4415 819 4486; x_wconf 80' lang='grc' dir='ltr'>ἀπῆλθον</span> <span class='ocrx_word' id='word_1_482' title='bbox 856 4415 1208 4486; x_wconf 82' lang='grc' dir='ltr'><strong>κοιμηθῆναι.</strong></span> <span class='ocrx_word' id='word_1_483' title='bbox 1267 4415 1326 4468; x_wconf 85' lang='lat'><strong>&#39;0</strong></span> <span class='ocrx_word' id='word_1_484' title='bbox 1372 4415 1430 4468; x_wconf 82' lang='grc' dir='ltr'><strong>δὲ</strong></span> <span class='ocrx_word' id='word_1_485' title='bbox 1487 4409 1642 4468; x_wconf 75' lang='grc' dir='ltr'>εἴπεο</span> <span class='ocrx_word' id='word_1_486' title='bbox 1697 4412 1868 4466; x_wconf 81' lang='grc' dir='ltr'><strong>Τοῦτο</strong></span> 
     </span>
    </p>
   </div>
   <div class='ocr_carea' id='block_1_64' title="bbox 1969 1913 2281 1983">
    <p class='ocr_par' dir='ltr' id='par_1_64' title="bbox 1969 1913 2281 1983">
     <span class='ocr_line' id='line_1_64' title="bbox 1969 1913 2281 1983; baseline 0.006 -17"><span class='ocrx_word' id='word_1_487' title='bbox 1969 1913 2076 1978; x_wconf 90' lang='lat' dir='ltr'><strong>rit,</strong></span> <span class='ocrx_word' id='word_1_488' title='bbox 2120 1913 2281 1983; x_wconf 79' lang='lat' dir='ltr'><strong>elige.</strong></span> 
     </span>
    </p>
   </div>
   <div class='ocr_carea' id='block_1_65' title="bbox 2480 2103 3122 2163">
    <p class='ocr_par' dir='ltr' id='par_1_65' title="bbox 2480 2103 3122 2163">
     <span class='ocr_line' id='line_1_65' title="bbox 2480 2103 3122 2163; baseline 0.008 -5"><span class='ocrx_word' id='word_1_489' title='bbox 2480 2103 2556 2160; x_wconf 83' lang='lat' dir='ltr'><strong>De</strong></span> <span class='ocrx_word' id='word_1_490' title='bbox 2602 2105 2790 2160; x_wconf 80' lang='lat' dir='ltr'><strong>abbate</strong></span> <span class='ocrx_word' id='word_1_491' title='bbox 2852 2106 3122 2163; x_wconf 82' lang='lat' dir='ltr'><strong>Heraclio.</strong></span> 
     </span>
    </p>
   </div>
   <div class='ocr_carea' id='block_1_66' title="bbox 2037 2217 3551 2292">
    <p class='ocr_par' dir='ltr' id='par_1_66' title="bbox 2037 2217 3551 2292">
     <span class='ocr_line' id='line_1_66' title="bbox 2037 2217 3551 2292; baseline 0.001 -20"><span class='ocrx_word' id='word_1_492' title='bbox 2037 2217 2232 2274; x_wconf 80' lang='lat' dir='ltr'><strong>Frater</strong></span> <span class='ocrx_word' id='word_1_493' title='bbox 2291 2219 2686 2276; x_wconf 78' lang='lat' dir='ltr'><strong>tentationibus</strong></span> <span class='ocrx_word' id='word_1_494' title='bbox 2758 2221 3148 2292; x_wconf 74' lang='lat' dir='ltr'><strong>impugnatus,</strong></span> <span class='ocrx_word' id='word_1_495' title='bbox 3209 2219 3551 2276; x_wconf 85' lang='lat' dir='ltr'><strong>denuntiavit</strong></span> 
     </span>
    </p>
   </div>
   <div class='ocr_carea' id='block_1_67' title="bbox 1965 2309 3552 2380">
    <p class='ocr_par' dir='ltr' id='par_1_67' title="bbox 1965 2309 3552 2380">
     <span class='ocr_line' id='line_1_67' title="bbox 1965 2309 3552 2380; baseline 0.003 -14"><span class='ocrx_word' id='word_1_496' title='bbox 1965 2311 2147 2366; x_wconf 88' lang='lat' dir='ltr'><strong>abbati</strong></span> <span class='ocrx_word' id='word_1_497' title='bbox 2210 2309 2482 2367; x_wconf 78' lang='lat' dir='ltr'><strong>Heraclio.</strong></span> <span class='ocrx_word' id='word_1_498' title='bbox 2535 2312 2628 2365; x_wconf 85' lang='lat' dir='ltr'><strong>Ille</strong></span> <span class='ocrx_word' id='word_1_499' title='bbox 2670 2320 2727 2367; x_wconf 91' lang='lat' dir='ltr'><strong>ut</strong></span> <span class='ocrx_word' id='word_1_500' title='bbox 2783 2312 3137 2368; x_wconf 81' lang='lat' dir='ltr'><strong>conﬁrmaret</strong></span> <span class='ocrx_word' id='word_1_501' title='bbox 3183 2328 3344 2380; x_wconf 89' lang='lat' dir='ltr'><strong>eum,</strong></span> <span class='ocrx_word' id='word_1_502' title='bbox 3408 2314 3552 2370; x_wconf 88' lang='lat' dir='ltr'><strong>hanc</strong></span> 
     </span>
    </p>
   </div>
   <div class='ocr_carea' id='block_1_68' title="bbox 1964 2403 3553 2475">
    <p class='ocr_par' dir='ltr' id='par_1_68' title="bbox 1964 2403 3553 2475">
     <span class='ocr_line' id='line_1_68' title="bbox 1964 2403 3553 2475; baseline 0.003 -19"><span class='ocrx_word' id='word_1_503' title='bbox 1964 2403 2208 2457; x_wconf 84' lang='lat' dir='ltr'><strong>narravit</strong></span> <span class='ocrx_word' id='word_1_504' title='bbox 2257 2403 2587 2458; x_wconf 87' lang='lat' dir='ltr'><strong>historiam:</strong></span> <span class='ocrx_word' id='word_1_505' title='bbox 2627 2403 2808 2458; x_wconf 79' lang='lat' dir='ltr'><strong>Senex</strong></span> <span class='ocrx_word' id='word_1_506' title='bbox 2867 2406 3088 2475; x_wconf 90' lang='lat' dir='ltr'><strong>quidam</strong></span> <span class='ocrx_word' id='word_1_507' title='bbox 3137 2405 3330 2461; x_wconf 87' lang='lat' dir='ltr'><strong>habuit</strong></span> <span class='ocrx_word' id='word_1_508' title='bbox 3380 2405 3553 2462; x_wconf 85' lang='lat' dir='ltr'><strong>disci-</strong></span> 
     </span>
    </p>
   </div>
   <div class='ocr_carea' id='block_1_69' title="bbox 1965 2493 3554 2566">
    <p class='ocr_par' dir='ltr' id='par_1_69' title="bbox 1965 2493 3554 2566">
     <span class='ocr_line' id='line_1_69' title="bbox 1965 2493 3554 2566; baseline 0.006 -22"><span class='ocrx_word' id='word_1_509' title='bbox 1965 2493 2152 2562; x_wconf 89' lang='lat' dir='ltr'><strong>pulum</strong></span> <span class='ocrx_word' id='word_1_510' title='bbox 2203 2493 2529 2547; x_wconf 69' lang='lat' dir='ltr'><strong>obedientia:</strong></span> <span class='ocrx_word' id='word_1_511' title='bbox 2564 2493 2764 2548; x_wconf 89' lang='lat' dir='ltr'><strong>virtute</strong></span> <span class='ocrx_word' id='word_1_512' title='bbox 2808 2504 3194 2566; x_wconf 67' lang='lat' dir='ltr'><strong>praestantem,</strong></span> <span class='ocrx_word' id='word_1_513' title='bbox 3237 2497 3306 2552; x_wconf 87' lang='lat' dir='ltr'><strong>ad</strong></span> <span class='ocrx_word' id='word_1_514' title='bbox 3355 2497 3554 2554; x_wconf 80' lang='lat' dir='ltr'><strong>multos</strong></span> 
     </span>
    </p>
   </div>
   <div class='ocr_carea' id='block_1_70' title="bbox 1963 2581 3552 2658">
    <p class='ocr_par' dir='ltr' id='par_1_70' title="bbox 1963 2581 3552 2658">
     <span class='ocr_line' id='line_1_70' title="bbox 1963 2581 3552 2658; baseline 0.006 -24"><span class='ocrx_word' id='word_1_515' title='bbox 1963 2595 2160 2635; x_wconf 80' lang='lat' dir='ltr'><strong>annos.</strong></span> <span class='ocrx_word' id='word_1_516' title='bbox 2193 2581 2296 2648; x_wconf 90' lang='lat' dir='ltr'><strong>Qui</strong></span> <span class='ocrx_word' id='word_1_517' title='bbox 2327 2584 2620 2653; x_wconf 84' lang='lat' dir='ltr'><strong>aliquando</strong></span> <span class='ocrx_word' id='word_1_518' title='bbox 2668 2592 2908 2642; x_wconf 89' lang='lat' dir='ltr'><strong>tentatus</strong></span> <span class='ocrx_word' id='word_1_519' title='bbox 2938 2602 3002 2640; x_wconf 89' lang='lat' dir='ltr'><strong>ac</strong></span> <span class='ocrx_word' id='word_1_520' title='bbox 3052 2589 3436 2658; x_wconf 76' lang='lat' dir='ltr'><strong>impugnatus,</strong></span> <span class='ocrx_word' id='word_1_521' title='bbox 3465 2603 3552 2644; x_wconf 90' lang='lat' dir='ltr'><strong>se-</strong></span> 
     </span>
    </p>
   </div>
   <div class='ocr_carea' id='block_1_71' title="bbox 1961 2673 3554 2748">
    <p class='ocr_par' dir='ltr' id='par_1_71' title="bbox 1961 2673 3554 2748">
     <span class='ocr_line' id='line_1_71' title="bbox 1961 2673 3554 2748; baseline 0.005 -21"><span class='ocrx_word' id='word_1_522' title='bbox 1961 2688 2084 2728; x_wconf 89' lang='lat' dir='ltr'><strong>nem</strong></span> <span class='ocrx_word' id='word_1_523' title='bbox 2125 2673 2462 2748; x_wconf 84' lang='lat' dir='ltr'><strong>demittenda</strong></span> <span class='ocrx_word' id='word_1_524' title='bbox 2515 2692 2575 2731; x_wconf 88' lang='lat' dir='ltr'><strong>se</strong></span> <span class='ocrx_word' id='word_1_525' title='bbox 2623 2678 2913 2744; x_wconf 78' lang='lat' dir='ltr'><strong>salutavit;</strong></span> <span class='ocrx_word' id='word_1_526' title='bbox 2959 2692 3024 2733; x_wconf 90' lang='lat' dir='ltr'><strong>ac</strong></span> <span class='ocrx_word' id='word_1_527' title='bbox 3085 2680 3264 2734; x_wconf 80' lang='lat' dir='ltr'><strong>dixit:</strong></span> <span class='ocrx_word' id='word_1_528' title='bbox 3303 2677 3412 2733; x_wconf 90' lang='lat' dir='ltr'><strong>Fac</strong></span> <span class='ocrx_word' id='word_1_529' title='bbox 3466 2694 3554 2735; x_wconf 84' lang='lat' dir='ltr'><strong>me</strong></span> 
     </span>
    </p>
   </div>
   <div class='ocr_carea' id='block_1_72' title="bbox 1961 2766 3552 2836">
    <p class='ocr_par' dir='ltr' id='par_1_72' title="bbox 1961 2766 3552 2836">
     <span class='ocr_line' id='line_1_72' title="bbox 1961 2766 3552 2836; baseline 0.001 -16"><span class='ocrx_word' id='word_1_530' title='bbox 1961 2779 2083 2820; x_wconf 87' lang='lat' dir='ltr'><strong>esse</strong></span> <span class='ocrx_word' id='word_1_531' title='bbox 2118 2766 2472 2822; x_wconf 89' lang='lat' dir='ltr'><strong>monachum.</strong></span> <span class='ocrx_word' id='word_1_532' title='bbox 2515 2768 2608 2823; x_wconf 79' lang='lat' dir='ltr'><strong>Ait</strong></span> <span class='ocrx_word' id='word_1_533' title='bbox 2636 2767 2714 2822; x_wconf 88' lang='lat' dir='ltr'><strong>illi</strong></span> <span class='ocrx_word' id='word_1_534' title='bbox 2755 2784 2921 2824; x_wconf 82' lang='lat' dir='ltr'><strong>senex</strong></span> <span class='ocrx_word' id='word_1_535' title='bbox 2955 2786 2970 2822; x_wconf 91' lang='lat'><strong>:</strong></span> <span class='ocrx_word' id='word_1_536' title='bbox 3003 2768 3209 2824; x_wconf 86' lang='lat' dir='ltr'><strong>Locum</strong></span> <span class='ocrx_word' id='word_1_537' title='bbox 3239 2767 3552 2836; x_wconf 84' lang='lat' dir='ltr'><strong>considera,</strong></span> 
     </span>
    </p>
   </div>
   <div class='ocr_carea' id='block_1_73' title="bbox 1960 2858 3553 2932">
    <p class='ocr_par' dir='ltr' id='par_1_73' title="bbox 1960 2858 3553 2932">
     <span class='ocr_line' id='line_1_73' title="bbox 1960 2858 3553 2932; baseline 0.003 -21"><span class='ocrx_word' id='word_1_538' title='bbox 1960 2865 2014 2912; x_wconf 86' lang='lat' dir='ltr'><strong>et</strong></span> <span class='ocrx_word' id='word_1_539' title='bbox 2047 2858 2314 2914; x_wconf 77' lang='lat' dir='ltr'><strong>faciemus</strong></span> <span class='ocrx_word' id='word_1_540' title='bbox 2353 2859 2452 2914; x_wconf 87' lang='lat' dir='ltr'><strong>tibi</strong></span> <span class='ocrx_word' id='word_1_541' title='bbox 2497 2861 2714 2916; x_wconf 87' lang='lat' dir='ltr'><strong>cellam.</strong></span> <span class='ocrx_word' id='word_1_542' title='bbox 2766 2861 2908 2932; x_wconf 79' lang='lat' dir='ltr'><strong>Ergo</strong></span> <span class='ocrx_word' id='word_1_543' title='bbox 2951 2862 3144 2916; x_wconf 84' lang='lat' dir='ltr'><strong>abiens</strong></span> <span class='ocrx_word' id='word_1_544' title='bbox 3193 2863 3387 2931; x_wconf 84' lang='lat' dir='ltr'><strong>procul</strong></span> <span class='ocrx_word' id='word_1_545' title='bbox 3441 2875 3553 2916; x_wconf 91' lang='lat' dir='ltr'><strong>uno</strong></span> 
     </span>
    </p>
   </div>
   <div class='ocr_carea' id='block_1_74' title="bbox 1959 2950 3550 3022">
    <p class='ocr_par' dir='ltr' id='par_1_74' title="bbox 1959 2950 3550 3022">
     <span class='ocr_line' id='line_1_74' title="bbox 1959 2950 3550 3022; baseline 0.001 -17"><span class='ocrx_word' id='word_1_546' title='bbox 1959 2951 2171 3020; x_wconf 81' lang='lat' dir='ltr'><strong>lapide,</strong></span> <span class='ocrx_word' id='word_1_547' title='bbox 2220 2953 2444 3020; x_wconf 83' lang='lat' dir='ltr'><strong>reperit.</strong></span> <span class='ocrx_word' id='word_1_548' title='bbox 2496 2950 2634 3006; x_wconf 91' lang='lat' dir='ltr'><strong>Tum</strong></span> <span class='ocrx_word' id='word_1_549' title='bbox 2681 2951 2911 3022; x_wconf 79' lang='lat' dir='ltr'><strong>profecti</strong></span> <span class='ocrx_word' id='word_1_550' title='bbox 2977 2953 3170 3006; x_wconf 87' lang='lat' dir='ltr'><strong>cellam</strong></span> <span class='ocrx_word' id='word_1_551' title='bbox 3224 2959 3550 3007; x_wconf 81' lang='lat' dir='ltr'><strong>construxe-</strong></span> 
     </span>
    </p>
   </div>
   <div class='ocr_carea' id='block_1_75' title="bbox 1961 3039 3546 3110">
    <p class='ocr_par' dir='ltr' id='par_1_75' title="bbox 1961 3039 3546 3110">
     <span class='ocr_line' id='line_1_75' title="bbox 1961 3039 3546 3110; baseline 0.004 -16"><span class='ocrx_word' id='word_1_552' title='bbox 1961 3049 2110 3095; x_wconf 88' lang='lat' dir='ltr'><strong>runt.</strong></span> <span class='ocrx_word' id='word_1_553' title='bbox 2143 3039 2286 3096; x_wconf 89' lang='lat' dir='ltr'><strong>Dicit</strong></span> <span class='ocrx_word' id='word_1_554' title='bbox 2320 3041 2478 3098; x_wconf 77' lang='lat' dir='ltr'><strong>fratri</strong></span> <span class='ocrx_word' id='word_1_555' title='bbox 2511 3059 2525 3096; x_wconf 90' lang='lat'><strong>:</strong></span> <span class='ocrx_word' id='word_1_556' title='bbox 2557 3043 2712 3110; x_wconf 84' lang='lat' dir='ltr'><strong>Quod</strong></span> <span class='ocrx_word' id='word_1_557' title='bbox 2739 3043 2838 3110; x_wconf 83' lang='lat' dir='ltr'><strong>tibi</strong></span> <span class='ocrx_word' id='word_1_558' title='bbox 2881 3043 3266 3108; x_wconf 88' lang='lat' dir='ltr'><strong>edisseruero,</strong></span> <span class='ocrx_word' id='word_1_559' title='bbox 3298 3042 3402 3098; x_wconf 90' lang='lat' dir='ltr'><strong>hoc</strong></span> <span class='ocrx_word' id='word_1_560' title='bbox 3439 3041 3546 3100; x_wconf 80' lang='lat' dir='ltr'><strong>fac.</strong></span> 
     </span>
    </p>
   </div>
   <div class='ocr_carea' id='block_1_76' title="bbox 1961 3129 3552 3200">
    <p class='ocr_par' dir='ltr' id='par_1_76' title="bbox 1961 3129 3552 3200">
     <span class='ocr_line' id='line_1_76' title="bbox 1961 3129 3552 3200; baseline 0.003 -17"><span class='ocrx_word' id='word_1_561' title='bbox 1961 3129 2192 3198; x_wconf 89' lang='lat' dir='ltr'><strong>Quando</strong></span> <span class='ocrx_word' id='word_1_562' title='bbox 2245 3131 2546 3196; x_wconf 87' lang='lat' dir='ltr'><strong>esurieris,</strong></span> <span class='ocrx_word' id='word_1_563' title='bbox 2586 3133 2904 3200; x_wconf 80' lang='lat' dir='ltr'><strong>manduca;</strong></span> <span class='ocrx_word' id='word_1_564' title='bbox 2964 3132 3130 3188; x_wconf 89' lang='lat' dir='ltr'><strong>simili</strong></span> <span class='ocrx_word' id='word_1_565' title='bbox 3185 3132 3351 3188; x_wconf 91' lang='lat' dir='ltr'><strong>modo</strong></span> <span class='ocrx_word' id='word_1_566' title='bbox 3402 3132 3552 3200; x_wconf 85' lang='lat' dir='ltr'><strong>bibe,</strong></span> 
     </span>
    </p>
   </div>
   <div class='ocr_carea' id='block_1_77' title="bbox 1958 3223 3552 3296">
    <p class='ocr_par' dir='ltr' id='par_1_77' title="bbox 1958 3223 3552 3296">
     <span class='ocr_line' id='line_1_77' title="bbox 1958 3223 3552 3296; baseline 0.001 -18"><span class='ocrx_word' id='word_1_567' title='bbox 1958 3223 2176 3278; x_wconf 89' lang='lat' dir='ltr'><strong>dormi:</strong></span> <span class='ocrx_word' id='word_1_568' title='bbox 2215 3232 2424 3279; x_wconf 89' lang='lat' dir='ltr'><strong>tantum</strong></span> <span class='ocrx_word' id='word_1_569' title='bbox 2475 3243 2506 3280; x_wconf 72' lang='grc' dir='ltr'><strong>ε</strong></span> <span class='ocrx_word' id='word_1_570' title='bbox 2561 3226 2698 3280; x_wconf 80' lang='lat' dir='ltr'><strong>cella</strong></span> <span class='ocrx_word' id='word_1_571' title='bbox 2742 3233 2836 3280; x_wconf 86' lang='lat' dir='ltr'><strong>tua</strong></span> <span class='ocrx_word' id='word_1_572' title='bbox 2887 3241 2956 3280; x_wconf 88' lang='lat' dir='ltr'><strong>ne</strong></span> <span class='ocrx_word' id='word_1_573' title='bbox 2993 3225 3236 3290; x_wconf 82' lang='lat' dir='ltr'><strong>exieris,</strong></span> <span class='ocrx_word' id='word_1_574' title='bbox 3277 3241 3450 3296; x_wconf 89' lang='lat' dir='ltr'><strong>usque</strong></span> <span class='ocrx_word' id='word_1_575' title='bbox 3481 3225 3552 3280; x_wconf 90' lang='lat' dir='ltr'><strong>ad</strong></span> 
     </span>
    </p>
   </div>
   <div class='ocr_carea' id='block_1_78' title="bbox 1960 3313 3554 3386">
    <p class='ocr_par' dir='ltr' id='par_1_78' title="bbox 1960 3313 3554 3386">
     <span class='ocr_line' id='line_1_78' title="bbox 1960 3313 3554 3386; baseline 0.002 -18"><span class='ocrx_word' id='word_1_576' title='bbox 1960 3313 2258 3369; x_wconf 88' lang='lat' dir='ltr'><strong>Sabbatum</strong></span> <span class='ocrx_word' id='word_1_577' title='bbox 2285 3334 2299 3381; x_wconf 93' lang='lat'><strong>;</strong></span> <span class='ocrx_word' id='word_1_578' title='bbox 2336 3323 2466 3370; x_wconf 90' lang='lat' dir='ltr'><strong>tunc</strong></span> <span class='ocrx_word' id='word_1_579' title='bbox 2498 3317 2620 3371; x_wconf 84' lang='lat' dir='ltr'><strong>veni</strong></span> <span class='ocrx_word' id='word_1_580' title='bbox 2645 3316 2806 3386; x_wconf 80' lang='lat' dir='ltr'><strong>juxta</strong></span> <span class='ocrx_word' id='word_1_581' title='bbox 2839 3331 2945 3372; x_wconf 88' lang='lat' dir='ltr'><strong>me.</strong></span> <span class='ocrx_word' id='word_1_582' title='bbox 2979 3313 3170 3370; x_wconf 85' lang='lat' dir='ltr'><strong>Frater</strong></span> <span class='ocrx_word' id='word_1_583' title='bbox 3195 3324 3376 3370; x_wconf 89' lang='lat' dir='ltr'><strong>autem</strong></span> <span class='ocrx_word' id='word_1_584' title='bbox 3409 3316 3554 3371; x_wconf 90' lang='lat' dir='ltr'><strong>duos</strong></span> 
     </span>
    </p>
   </div>
   <div class='ocr_carea' id='block_1_79' title="bbox 1959 3404 3554 3476">
    <p class='ocr_par' dir='ltr' id='par_1_79' title="bbox 1959 3404 3554 3476">
     <span class='ocr_line' id='line_1_79' title="bbox 1959 3404 3554 3476; baseline -0.001 -16"><span class='ocrx_word' id='word_1_585' title='bbox 1959 3404 2076 3460; x_wconf 90' lang='lat' dir='ltr'><strong>dies</strong></span> <span class='ocrx_word' id='word_1_586' title='bbox 2115 3408 2321 3476; x_wconf 71' lang='lat' dir='ltr'><strong>peregit</strong></span> <span class='ocrx_word' id='word_1_587' title='bbox 2348 3420 2413 3460; x_wconf 81' lang='lat' dir='ltr'><strong>ex</strong></span> <span class='ocrx_word' id='word_1_588' title='bbox 2472 3415 2791 3476; x_wconf 60' lang='lat' dir='ltr'><strong>praecepto;</strong></span> <span class='ocrx_word' id='word_1_589' title='bbox 2828 3415 2882 3460; x_wconf 90' lang='lat' dir='ltr'><strong>at</strong></span> <span class='ocrx_word' id='word_1_590' title='bbox 2929 3407 3020 3463; x_wconf 90' lang='lat' dir='ltr'><strong>die</strong></span> <span class='ocrx_word' id='word_1_591' title='bbox 3070 3408 3230 3462; x_wconf 89' lang='lat' dir='ltr'><strong>tertia</strong></span> <span class='ocrx_word' id='word_1_592' title='bbox 3268 3406 3431 3461; x_wconf 65' lang='lat' dir='ltr'><strong>ttedio</strong></span> <span class='ocrx_word' id='word_1_593' title='bbox 3470 3405 3554 3460; x_wconf 80' lang='lat' dir='ltr'><strong>af-</strong></span> 
     </span>
    </p>
   </div>
   <div class='ocr_carea' id='block_1_80' title="bbox 1959 3495 3556 3568">
    <p class='ocr_par' dir='ltr' id='par_1_80' title="bbox 1959 3495 3556 3568">
     <span class='ocr_line' id='line_1_80' title="bbox 1959 3495 3556 3568; baseline 0.001 -18"><span class='ocrx_word' id='word_1_594' title='bbox 1959 3495 2136 3552; x_wconf 76' lang='lat' dir='ltr'><strong>fectus</strong></span> <span class='ocrx_word' id='word_1_595' title='bbox 2166 3497 2304 3551; x_wconf 74' lang='lat' dir='ltr'><strong>dixit</strong></span> <span class='ocrx_word' id='word_1_596' title='bbox 2332 3515 2346 3552; x_wconf 89' lang='lat'><strong>:</strong></span> <span class='ocrx_word' id='word_1_597' title='bbox 2382 3497 2492 3552; x_wconf 89' lang='lat' dir='ltr'><strong>Cur</strong></span> <span class='ocrx_word' id='word_1_598' title='bbox 2523 3499 2597 3552; x_wconf 89' lang='lat' dir='ltr'><strong>ita</strong></span> <span class='ocrx_word' id='word_1_599' title='bbox 2628 3514 2842 3554; x_wconf 89' lang='lat' dir='ltr'><strong>mecum</strong></span> <span class='ocrx_word' id='word_1_600' title='bbox 2871 3498 2980 3568; x_wconf 79' lang='lat' dir='ltr'><strong>egit.</strong></span> <span class='ocrx_word' id='word_1_601' title='bbox 3006 3497 3209 3554; x_wconf 79' lang='lat' dir='ltr'><strong>senex?</strong></span> <span class='ocrx_word' id='word_1_602' title='bbox 3233 3498 3416 3564; x_wconf 88' lang='lat' dir='ltr'><strong>Quare</strong></span> <span class='ocrx_word' id='word_1_603' title='bbox 3440 3513 3556 3552; x_wconf 82' lang='lat' dir='ltr'><strong>sur-</strong></span> 
     </span>
    </p>
   </div>
   <div class='ocr_carea' id='block_1_81' title="bbox 1961 3587 3554 3658">
    <p class='ocr_par' dir='ltr' id='par_1_81' title="bbox 1961 3587 3554 3658">
     <span class='ocr_line' id='line_1_81' title="bbox 1961 3587 3554 3658; baseline 0.001 -17"><span class='ocrx_word' id='word_1_604' title='bbox 1961 3601 2130 3657; x_wconf 79' lang='lat' dir='ltr'><strong>gens,</strong></span> <span class='ocrx_word' id='word_1_605' title='bbox 2171 3587 2597 3658; x_wconf 73' lang='lat' dir='ltr'><strong>ccepitpsallere</strong></span> <span class='ocrx_word' id='word_1_606' title='bbox 2638 3589 2822 3657; x_wconf 87' lang='lat' dir='ltr'><strong>plures</strong></span> <span class='ocrx_word' id='word_1_607' title='bbox 2857 3589 3098 3658; x_wconf 87' lang='lat' dir='ltr'><strong>psalmos</strong></span> <span class='ocrx_word' id='word_1_608' title='bbox 3127 3605 3142 3654; x_wconf 89' lang='lat'><strong>;</strong></span> <span class='ocrx_word' id='word_1_609' title='bbox 3177 3604 3241 3641; x_wconf 86' lang='lat' dir='ltr'><strong>ac</strong></span> <span class='ocrx_word' id='word_1_610' title='bbox 3271 3597 3392 3656; x_wconf 87' lang='lat' dir='ltr'><strong>post</strong></span> <span class='ocrx_word' id='word_1_611' title='bbox 3418 3589 3554 3642; x_wconf 87' lang='lat' dir='ltr'><strong>solis</strong></span> 
     </span>
    </p>
   </div>
   <div class='ocr_carea' id='block_1_82' title="bbox 1961 3657 3552 3748">
    <p class='ocr_par' dir='ltr' id='par_1_82' title="bbox 1961 3657 3552 3748">
     <span class='ocr_line' id='line_1_82' title="bbox 1961 3657 3552 3748; baseline 0.003 -19"><span class='ocrx_word' id='word_1_612' title='bbox 1961 3690 2216 3730; x_wconf 85' lang='lat' dir='ltr'><strong>occasum</strong></span> <span class='ocrx_word' id='word_1_613' title='bbox 2273 3657 2454 3730; x_wconf 79' lang='lat' dir='ltr'><strong>cibum</strong></span> <span class='ocrx_word' id='word_1_614' title='bbox 2518 3677 2800 3746; x_wconf 88' lang='lat' dir='ltr'><strong>sumpsit;</strong></span> <span class='ocrx_word' id='word_1_615' title='bbox 2833 3657 3177 3748; x_wconf 79' lang='lat' dir='ltr'><strong>surgensque</strong></span> <span class='ocrx_word' id='word_1_616' title='bbox 3219 3680 3354 3733; x_wconf 89' lang='lat' dir='ltr'><strong>abiit</strong></span> <span class='ocrx_word' id='word_1_617' title='bbox 3393 3680 3552 3734; x_wconf 80' lang='lat' dir='ltr'><strong>cubi~</strong></span> 
     </span>
    </p>
   </div>
   <div class='ocr_carea' id='block_1_83' title="bbox 1962 3765 3551 3837">
    <p class='ocr_par' dir='ltr' id='par_1_83' title="bbox 1962 3765 3551 3837">
     <span class='ocr_line' id='line_1_83' title="bbox 1962 3765 3551 3837; baseline 0.003 -19"><span class='ocrx_word' id='word_1_618' title='bbox 1962 3773 2076 3818; x_wconf 91' lang='lat' dir='ltr'><strong>tum</strong></span> <span class='ocrx_word' id='word_1_619' title='bbox 2127 3780 2294 3834; x_wconf 88' lang='lat' dir='ltr'><strong>super</strong></span> <span class='ocrx_word' id='word_1_620' title='bbox 2335 3773 2509 3819; x_wconf 87' lang='lat' dir='ltr'><strong>matta</strong></span> <span class='ocrx_word' id='word_1_621' title='bbox 2548 3781 2667 3821; x_wconf 91' lang='lat' dir='ltr'><strong>sua.</strong></span> <span class='ocrx_word' id='word_1_622' title='bbox 2717 3765 2785 3820; x_wconf 85' lang='lat' dir='ltr'><strong>Et</strong></span> <span class='ocrx_word' id='word_1_623' title='bbox 2822 3766 2968 3822; x_wconf 90' lang='lat' dir='ltr'><strong>videt</strong></span> <span class='ocrx_word' id='word_1_624' title='bbox 3001 3767 3314 3836; x_wconf 69' lang='lat' dir='ltr'><strong>Aithiopem</strong></span> <span class='ocrx_word' id='word_1_625' title='bbox 3355 3770 3551 3837; x_wconf 82' lang='lat' dir='ltr'><strong>jacen-</strong></span> 
     </span>
    </p>
   </div>
   <div class='ocr_carea' id='block_1_84' title="bbox 1964 3855 3551 3926">
    <p class='ocr_par' dir='ltr' id='par_1_84' title="bbox 1964 3855 3551 3926">
     <span class='ocr_line' id='line_1_84' title="bbox 1964 3855 3551 3926; baseline 0.003 -17"><span class='ocrx_word' id='word_1_626' title='bbox 1964 3864 2107 3922; x_wconf 88' lang='lat' dir='ltr'><strong>tem,</strong></span> <span class='ocrx_word' id='word_1_627' title='bbox 2135 3856 2228 3926; x_wconf 91' lang='lat' dir='ltr'><strong>qui</strong></span> <span class='ocrx_word' id='word_1_628' title='bbox 2266 3855 2524 3912; x_wconf 89' lang='lat' dir='ltr'><strong>dentibus</strong></span> <span class='ocrx_word' id='word_1_629' title='bbox 2572 3857 2838 3912; x_wconf 86' lang='lat' dir='ltr'><strong>stridebat</strong></span> <span class='ocrx_word' id='word_1_630' title='bbox 2892 3857 3160 3913; x_wconf 88' lang='lat' dir='ltr'><strong>adversus</strong></span> <span class='ocrx_word' id='word_1_631' title='bbox 3207 3873 3353 3911; x_wconf 90' lang='lat' dir='ltr'><strong>cum.</strong></span> <span class='ocrx_word' id='word_1_632' title='bbox 3394 3856 3551 3914; x_wconf 86' lang='lat' dir='ltr'><strong>Unde</strong></span> 
     </span>
    </p>
   </div>
   <div class='ocr_carea' id='block_1_85' title="bbox 1964 3939 3549 4017">
    <p class='ocr_par' dir='ltr' id='par_1_85' title="bbox 1964 3939 3549 4017">
     <span class='ocr_line' id='line_1_85' title="bbox 1964 3939 3549 4017; baseline -0.001 -14"><span class='ocrx_word' id='word_1_633' title='bbox 1964 3963 2088 4003; x_wconf 91' lang='lat' dir='ltr'><strong>cum</strong></span> <span class='ocrx_word' id='word_1_634' title='bbox 2146 3949 2346 4002; x_wconf 88' lang='lat' dir='ltr'><strong>timore</strong></span> <span class='ocrx_word' id='word_1_635' title='bbox 2395 3949 2568 4002; x_wconf 91' lang='lat' dir='ltr'><strong>multo</strong></span> <span class='ocrx_word' id='word_1_636' title='bbox 2602 3950 2852 4004; x_wconf 87' lang='lat' dir='ltr'><strong>cucurrit</strong></span> <span class='ocrx_word' id='word_1_637' title='bbox 2886 3948 2956 4002; x_wconf 91' lang='lat' dir='ltr'><strong>ad</strong></span> <span class='ocrx_word' id='word_1_638' title='bbox 3001 3963 3188 4003; x_wconf 85' lang='lat' dir='ltr'><strong>senem</strong></span> <span class='ocrx_word' id='word_1_639' title='bbox 3226 3965 3244 4001; x_wconf 85' lang='lat'><strong>:</strong></span> <span class='ocrx_word' id='word_1_640' title='bbox 3282 3939 3549 4017; x_wconf 86' lang='lat' dir='ltr'><strong>pulsatis-</strong></span> 
     </span>
    </p>
   </div>
   <div class='ocr_carea' id='block_1_86' title="bbox 1964 4037 3551 4110">
    <p class='ocr_par' dir='ltr' id='par_1_86' title="bbox 1964 4037 3551 4110">
     <span class='ocr_line' id='line_1_86' title="bbox 1964 4037 3551 4110; baseline 0.001 -17"><span class='ocrx_word' id='word_1_641' title='bbox 1964 4056 2070 4110; x_wconf 88' lang='lat' dir='ltr'><strong>que</strong></span> <span class='ocrx_word' id='word_1_642' title='bbox 2101 4039 2310 4095; x_wconf 83' lang='lat' dir='ltr'><strong>foribus</strong></span> <span class='ocrx_word' id='word_1_643' title='bbox 2331 4077 2346 4104; x_wconf 88' lang='lat'><strong>,</strong></span> <span class='ocrx_word' id='word_1_644' title='bbox 2379 4039 2490 4093; x_wconf 89' lang='lat' dir='ltr'><strong>ait:</strong></span> <span class='ocrx_word' id='word_1_645' title='bbox 2523 4040 2674 4094; x_wconf 84' lang='lat' dir='ltr'><strong>Abba</strong></span> <span class='ocrx_word' id='word_1_646' title='bbox 2699 4080 2714 4102; x_wconf 88' lang='lat'><strong>,</strong></span> <span class='ocrx_word' id='word_1_647' title='bbox 2751 4041 3013 4095; x_wconf 89' lang='lat' dir='ltr'><strong>miserere</strong></span> <span class='ocrx_word' id='word_1_648' title='bbox 3059 4039 3202 4103; x_wconf 90' lang='lat' dir='ltr'><strong>mei,</strong></span> <span class='ocrx_word' id='word_1_649' title='bbox 3249 4039 3421 4108; x_wconf 87' lang='lat' dir='ltr'><strong>aperi.</strong></span> <span class='ocrx_word' id='word_1_650' title='bbox 3453 4037 3551 4095; x_wconf 67' lang='lat' dir='ltr'><strong>Se-v</strong></span> 
     </span>
    </p>
   </div>
   <div class='ocr_carea' id='block_1_87' title="bbox 1966 4131 3551 4202">
    <p class='ocr_par' dir='ltr' id='par_1_87' title="bbox 1966 4131 3551 4202">
     <span class='ocr_line' id='line_1_87' title="bbox 1966 4131 3551 4202; baseline -0.002 -15"><span class='ocrx_word' id='word_1_651' title='bbox 1966 4149 2071 4188; x_wconf 68' lang='lat' dir='ltr'><strong>ne:</strong></span> <span class='ocrx_word' id='word_1_652' title='bbox 2103 4140 2304 4198; x_wconf 89' lang='lat' dir='ltr'><strong>autem,</strong></span> <span class='ocrx_word' id='word_1_653' title='bbox 2335 4131 2520 4188; x_wconf 88' lang='lat' dir='ltr'><strong>sciens</strong></span> <span class='ocrx_word' id='word_1_654' title='bbox 2542 4133 2686 4202; x_wconf 87' lang='lat' dir='ltr'><strong>quod</strong></span> <span class='ocrx_word' id='word_1_655' title='bbox 2717 4147 2826 4186; x_wconf 90' lang='lat' dir='ltr'><strong>non</strong></span> <span class='ocrx_word' id='word_1_656' title='bbox 2854 4131 3188 4186; x_wconf 88' lang='lat' dir='ltr'><strong>custodisset</strong></span> <span class='ocrx_word' id='word_1_657' title='bbox 3206 4131 3551 4196; x_wconf 87' lang='lat' dir='ltr'><strong>mandatum,</strong></span> 
     </span>
    </p>
   </div>
   <div class='ocr_carea' id='block_1_88' title="bbox 1969 4223 3550 4294">
    <p class='ocr_par' dir='ltr' id='par_1_88' title="bbox 1969 4223 3550 4294">
     <span class='ocr_line' id='line_1_88' title="bbox 1969 4223 3550 4294; baseline -0.001 -14"><span class='ocrx_word' id='word_1_658' title='bbox 1969 4239 2076 4280; x_wconf 89' lang='lat' dir='ltr'><strong>non</strong></span> <span class='ocrx_word' id='word_1_659' title='bbox 2099 4225 2312 4294; x_wconf 88' lang='lat' dir='ltr'><strong>aperuit</strong></span> <span class='ocrx_word' id='word_1_660' title='bbox 2342 4239 2516 4294; x_wconf 89' lang='lat' dir='ltr'><strong>usque</strong></span> <span class='ocrx_word' id='word_1_661' title='bbox 2538 4223 2603 4279; x_wconf 89' lang='lat' dir='ltr'><strong>ad</strong></span> <span class='ocrx_word' id='word_1_662' title='bbox 2627 4223 2928 4279; x_wconf 89' lang='lat' dir='ltr'><strong>diluculum</strong></span> <span class='ocrx_word' id='word_1_663' title='bbox 2956 4242 2970 4278; x_wconf 90' lang='lat'><strong>:</strong></span> <span class='ocrx_word' id='word_1_664' title='bbox 3003 4239 3112 4294; x_wconf 91' lang='lat' dir='ltr'><strong>quo</strong></span> <span class='ocrx_word' id='word_1_665' title='bbox 3141 4232 3384 4294; x_wconf 85' lang='lat' dir='ltr'><strong>tempore</strong></span> <span class='ocrx_word' id='word_1_666' title='bbox 3417 4239 3550 4294; x_wconf 87' lang='lat' dir='ltr'><strong>ape-</strong></span> 
     </span>
    </p>
   </div>
   <div class='ocr_carea' id='block_1_89' title="bbox 1968 4315 3557 4386">
    <p class='ocr_par' dir='ltr' id='par_1_89' title="bbox 1968 4315 3557 4386">
     <span class='ocr_line' id='line_1_89' title="bbox 1968 4315 3557 4386; baseline -0.002 -15"><span class='ocrx_word' id='word_1_667' title='bbox 1968 4317 2142 4380; x_wconf 84' lang='lat' dir='ltr'><strong>riens,</strong></span> <span class='ocrx_word' id='word_1_668' title='bbox 2192 4315 2400 4370; x_wconf 84' lang='lat' dir='ltr'><strong>invenit</strong></span> <span class='ocrx_word' id='word_1_669' title='bbox 2441 4316 2588 4370; x_wconf 81' lang='lat' dir='ltr'><strong>foras</strong></span> <span class='ocrx_word' id='word_1_670' title='bbox 2631 4327 2955 4386; x_wconf 74' lang='lat' dir='ltr'><strong>rogantem:</strong></span> <span class='ocrx_word' id='word_1_671' title='bbox 2993 4325 3048 4371; x_wconf 88' lang='lat' dir='ltr'><strong>et</strong></span> <span class='ocrx_word' id='word_1_672' title='bbox 3075 4315 3557 4375; x_wconf 82' lang='lat' dir='ltr'><strong>commiseratione</strong></span> 
     </span>
    </p>
   </div>
   <div class='ocr_carea' id='block_1_90' title="bbox 1969 4405 3556 4472">
    <p class='ocr_par' dir='ltr' id='par_1_90' title="bbox 1969 4405 3556 4472">
     <span class='ocr_line' id='line_1_90' title="bbox 1969 4405 3556 4472; baseline -0.001 -10"><span class='ocrx_word' id='word_1_673' title='bbox 1969 4407 2168 4462; x_wconf 91' lang='lat' dir='ltr'><strong>ductus</strong></span> <span class='ocrx_word' id='word_1_674' title='bbox 2209 4408 2518 4462; x_wconf 80' lang='lat' dir='ltr'><strong>introduxit</strong></span> <span class='ocrx_word' id='word_1_675' title='bbox 2560 4425 2708 4464; x_wconf 88' lang='lat' dir='ltr'><strong>eum.</strong></span> <span class='ocrx_word' id='word_1_676' title='bbox 2746 4407 2902 4464; x_wconf 88' lang='lat' dir='ltr'><strong>Tunc</strong></span> <span class='ocrx_word' id='word_1_677' title='bbox 2941 4409 3018 4463; x_wconf 92' lang='lat' dir='ltr'><strong>ait</strong></span> <span class='ocrx_word' id='word_1_678' title='bbox 3053 4428 3068 4464; x_wconf 90' lang='lat'><strong>:</strong></span> <span class='ocrx_word' id='word_1_679' title='bbox 3098 4407 3209 4462; x_wconf 89' lang='lat' dir='ltr'><strong>Oro</strong></span> <span class='ocrx_word' id='word_1_680' title='bbox 3256 4415 3332 4472; x_wconf 78' lang='lat' dir='ltr'><strong>te,</strong></span> <span class='ocrx_word' id='word_1_681' title='bbox 3392 4405 3556 4461; x_wconf 86' lang='lat' dir='ltr'><strong>Pater</strong></span> 
     </span>
    </p>
   </div>
   <div class='ocr_carea' id='block_1_91' title="bbox 282 4498 1865 4579">
    <p class='ocr_par' dir='ltr' id='par_1_91' title="bbox 282 4503 1865 4579">
     <span class='ocr_line' id='line_1_91' title="bbox 282 4503 1865 4579; baseline -0.003 -17"><span class='ocrx_word' id='word_1_682' title='bbox 282 4507 514 4574; x_wconf 73' lang='grc' dir='ltr'>ἔπαθες,</span> <span class='ocrx_word' id='word_1_683' title='bbox 543 4507 626 4560; x_wconf 83' lang='grc' dir='ltr'><strong>ὅτι</strong></span> <span class='ocrx_word' id='word_1_684' title='bbox 659 4509 759 4561; x_wconf 76' lang='grc' dir='ltr'><strong>οὐκ</strong></span> <span class='ocrx_word' id='word_1_685' title='bbox 792 4507 1064 4577; x_wconf 77' lang='grc' dir='ltr'><strong>ἐφύλαξας</strong></span> <span class='ocrx_word' id='word_1_686' title='bbox 1093 4508 1152 4560; x_wconf 84' lang='grc' dir='ltr'><strong>τὸ</strong></span> <span class='ocrx_word' id='word_1_687' title='bbox 1184 4508 1335 4579; x_wconf 81' lang='grc' dir='ltr'><strong>ῥῆμά</strong></span> <span class='ocrx_word' id='word_1_688' title='bbox 1365 4523 1486 4578; x_wconf 87' lang='grc' dir='ltr'><strong>μου.</strong></span> <span class='ocrx_word' id='word_1_689' title='bbox 1527 4505 1663 4559; x_wconf 84' lang='grc' dir='ltr'><strong>Τότε</strong></span> <span class='ocrx_word' id='word_1_690' title='bbox 1689 4503 1865 4558; x_wconf 86' lang='grc' dir='ltr'><strong>τυπώ-</strong></span> 
     </span>
    </p>
   </div>
   <div class='ocr_carea' id='block_1_92' title="bbox 1969 4498 3552 4579">
    <p class='ocr_par' dir='ltr' id='par_1_92' title="bbox 1976 4498 3552 4572">
     <span class='ocr_line' id='line_1_92' title="bbox 1976 4498 3552 4572; baseline -0.001 -17"><span class='ocrx_word' id='word_1_691' title='bbox 1976 4500 2086 4555; x_wconf 86' lang='lat' dir='ltr'><strong>vidi</strong></span> <span class='ocrx_word' id='word_1_692' title='bbox 2119 4498 2430 4570; x_wconf 66' lang='lat' dir='ltr'><strong>Ethiopem</strong></span> <span class='ocrx_word' id='word_1_693' title='bbox 2467 4517 2634 4572; x_wconf 87' lang='lat' dir='ltr'><strong>super</strong></span> <span class='ocrx_word' id='word_1_694' title='bbox 2673 4510 2897 4555; x_wconf 90' lang='lat' dir='ltr'><strong>mattam</strong></span> <span class='ocrx_word' id='word_1_695' title='bbox 2927 4516 3124 4566; x_wconf 87' lang='lat' dir='ltr'><strong>meam,</strong></span> <span class='ocrx_word' id='word_1_696' title='bbox 3167 4509 3224 4554; x_wconf 92' lang='lat' dir='ltr'><strong>ut</strong></span> <span class='ocrx_word' id='word_1_697' title='bbox 3252 4500 3552 4554; x_wconf 87' lang='lat' dir='ltr'><strong>dormitum</strong></span> 
     </span>
    </p>
   </div>
   <div class='ocr_carea' id='block_1_93' title="bbox 285 4597 1868 4672">
    <p class='ocr_par' dir='ltr' id='par_1_93' title="bbox 285 4597 1868 4672">
     <span class='ocr_line' id='line_1_93' title="bbox 285 4597 1868 4672; baseline -0.003 -18"><span class='ocrx_word' id='word_1_698' title='bbox 285 4617 390 4664; x_wconf 85' lang='grc' dir='ltr'><strong>σας</strong></span> <span class='ocrx_word' id='word_1_699' title='bbox 429 4599 582 4670; x_wconf 84' lang='grc' dir='ltr'><strong>αὐτῷ</strong></span> <span class='ocrx_word' id='word_1_700' title='bbox 624 4599 758 4670; x_wconf 72' lang='grc' dir='ltr'><strong>πρὸς</strong></span> <span class='ocrx_word' id='word_1_701' title='bbox 809 4600 910 4672; x_wconf 79' lang='grc' dir='ltr'><strong>τὴν</strong></span> <span class='ocrx_word' id='word_1_702' title='bbox 953 4599 1204 4662; x_wconf 81' lang='grc' dir='ltr'>δύναμιν,</span> <span class='ocrx_word' id='word_1_703' title='bbox 1257 4600 1318 4653; x_wconf 82' lang='grc' dir='ltr'><strong>τὸ</strong></span> <span class='ocrx_word' id='word_1_704' title='bbox 1363 4597 1657 4653; x_wconf 79' lang='grc' dir='ltr'><strong>ἀκόλουθον</strong></span> <span class='ocrx_word' id='word_1_705' title='bbox 1673 4597 1720 4629; x_wconf 83' lang='grc'><strong>⁹⁶</strong></span> <span class='ocrx_word' id='word_1_706' title='bbox 1774 4597 1868 4650; x_wconf 83' lang='grc' dir='ltr'><strong>τοῦ</strong></span> 
     </span>
    </p>
   </div>
   <div class='ocr_carea' id='block_1_94' title="bbox 286 4687 1872 4766">
    <p class='ocr_par' dir='ltr' id='par_1_94' title="bbox 286 4687 1872 4766">
     <span class='ocr_line' id='line_1_94' title="bbox 286 4687 1872 4766; baseline -0.003 -22"><span class='ocrx_word' id='word_1_707' title='bbox 286 4693 562 4766; x_wconf 78' lang='grc' dir='ltr'><strong>μονήρους</strong></span> <span class='ocrx_word' id='word_1_708' title='bbox 615 4691 729 4762; x_wconf 85' lang='grc' dir='ltr'><strong>βίου</strong></span> <span class='ocrx_word' id='word_1_709' title='bbox 779 4693 856 4758; x_wconf 81' lang='grc'><strong>⁸⁷,</strong></span> <span class='ocrx_word' id='word_1_710' title='bbox 910 4691 1047 4745; x_wconf 77' lang='grc' dir='ltr'><strong>κατὰ</strong></span> <span class='ocrx_word' id='word_1_711' title='bbox 1125 4691 1320 4764; x_wconf 74' lang='grc' dir='ltr'><strong>μικρὸν</strong></span> <span class='ocrx_word' id='word_1_712' title='bbox 1377 4689 1570 4759; x_wconf 78' lang='grc' dir='ltr'>γέγονε</span> <span class='ocrx_word' id='word_1_713' title='bbox 1640 4687 1872 4759; x_wconf 72' lang='grc' dir='ltr'><strong>μοναλὺς</strong></span> 
     </span>
    </p>
   </div>
   <div class='ocr_carea' id='block_1_95' title="bbox 275 4789 464 4853">
    <p class='ocr_par' dir='ltr' id='par_1_95' title="bbox 275 4789 464 4853">
     <span class='ocr_line' id='line_1_95' title="bbox 275 4789 464 4853; baseline -0.021 -7"><span class='ocrx_word' id='word_1_714' title='bbox 275 4789 464 4853; x_wconf 79' lang='grc' dir='ltr'>καλός.</span> 
     </span>
    </p>
   </div>
   <div class='ocr_carea' id='block_1_96' title="bbox 347 5067 1810 5142">
    <p class='ocr_par' dir='ltr' id='par_1_96' title="bbox 347 5067 1810 5142">
     <span class='ocr_line' id='line_1_96' title="bbox 347 5067 1810 5142; baseline -0.001 -15"><span class='ocrx_word' id='word_1_715' title='bbox 347 5070 411 5142; x_wconf 10' lang='grc'><strong>⁸77</strong></span> <span class='ocrx_word' id='word_1_716' title='bbox 434 5067 519 5125; x_wconf 81' lang='grc' dir='ltr'><strong>ΑΙ.</strong></span> <span class='ocrx_word' id='word_1_717' title='bbox 551 5072 670 5142; x_wconf 83' lang='grc' dir='ltr'><strong>μετ’</strong></span> <span class='ocrx_word' id='word_1_718' title='bbox 690 5073 879 5128; x_wconf 77' lang='grc' dir='ltr'><strong>αὐτοῦ.</strong></span> <span class='ocrx_word' id='word_1_719' title='bbox 989 5074 1034 5106; x_wconf 80' lang='grc'><strong>⁸⁸</strong></span> <span class='ocrx_word' id='word_1_720' title='bbox 1065 5073 1162 5127; x_wconf 84' lang='lat' dir='ltr'><strong>Ed.</strong></span> <span class='ocrx_word' id='word_1_721' title='bbox 1217 5072 1381 5127; x_wconf 73' lang='grc' dir='ltr'><strong>Σάϐα.</strong></span> <span class='ocrx_word' id='word_1_722' title='bbox 1471 5070 1648 5142; x_wconf 73' lang='lat' dir='ltr'><strong>&quot;Ed.</strong></span> <span class='ocrx_word' id='word_1_723' title='bbox 1677 5073 1706 5126; x_wconf 85' lang='grc' dir='ltr'><strong>ὃ</strong></span> <span class='ocrx_word' id='word_1_724' title='bbox 1736 5089 1810 5126; x_wconf 81' lang='grc' dir='ltr'><strong>τι.</strong></span> 
     </span>
    </p>
   </div>
   <div class='ocr_carea' id='block_1_97' title="bbox 277 5141 1210 5214">
    <p class='ocr_par' dir='ltr' id='par_1_97' title="bbox 277 5141 1210 5214">
     <span class='ocr_line' id='line_1_97' title="bbox 277 5141 1210 5214; baseline 0.003 -21"><span class='ocrx_word' id='word_1_725' title='bbox 277 5141 329 5214; x_wconf 77' lang='lat'><strong>&quot;_</strong></span> <span class='ocrx_word' id='word_1_726' title='bbox 357 5141 440 5214; x_wconf 75' lang='lat' dir='ltr'><strong>Al.</strong></span> <span class='ocrx_word' id='word_1_727' title='bbox 497 5141 623 5196; x_wconf 85' lang='lat' dir='ltr'><strong>add.</strong></span> <span class='ocrx_word' id='word_1_728' title='bbox 671 5143 766 5196; x_wconf 78' lang='grc' dir='ltr'><strong>καὶ</strong></span> <span class='ocrx_word' id='word_1_729' title='bbox 797 5143 924 5214; x_wconf 84' lang='grc' dir='ltr'>γίνῃ</span> <span class='ocrx_word' id='word_1_730' title='bbox 960 5143 1210 5214; x_wconf 82' lang='grc' dir='ltr'><strong>μοναχός.</strong></span> 
     </span>
    </p>
   </div>
   <div class='ocr_carea' id='block_1_98' title="bbox 1904 5072 2944 5148">
    <p class='ocr_par' dir='ltr' id='par_1_98' title="bbox 1904 5072 2944 5148">
     <span class='ocr_line' id='line_1_98' title="bbox 1904 5072 2944 5148; baseline 0.013 -25"><span class='ocrx_word' id='word_1_731' title='bbox 1904 5072 1957 5148; x_wconf 33' lang='grc' dir='ltr'><strong>⁸ο.</strong></span> <span class='ocrx_word' id='word_1_732' title='bbox 1977 5072 2083 5127; x_wconf 85' lang='lat' dir='ltr'><strong>Alii</strong></span> <span class='ocrx_word' id='word_1_733' title='bbox 2113 5073 2246 5148; x_wconf 65' lang='lat' dir='ltr'><strong>add.</strong></span> <span class='ocrx_word' id='word_1_734' title='bbox 2292 5075 2513 5148; x_wconf 71' lang='grc' dir='ltr'><strong>οίκῆσαι</strong></span> <span class='ocrx_word' id='word_1_735' title='bbox 2538 5146 2545 5148; x_wconf 93' lang='lat'>_</span> <span class='ocrx_word' id='word_1_736' title='bbox 2572 5075 2692 5148; x_wconf 81' lang='grc' dir='ltr'><strong>καθ’</strong></span> <span class='ocrx_word' id='word_1_737' title='bbox 2731 5076 2944 5148; x_wconf 58' lang='grc' dir='ltr'><strong>ὲᾳνῖόνο</strong></span> 
     </span>
    </p>
   </div>
   <div class='ocr_carea' id='block_1_99' title="bbox 1297 5141 3132 5216">
    <p class='ocr_par' dir='ltr' id='par_1_99' title="bbox 1297 5141 3132 5216">
     <span class='ocr_line' id='line_1_99' title="bbox 1297 5141 3132 5216; baseline 0 -20"><span class='ocrx_word' id='word_1_738' title='bbox 1297 5143 1465 5216; x_wconf 77' lang='lat' dir='ltr'><strong>”_Al.</strong></span> <span class='ocrx_word' id='word_1_739' title='bbox 1526 5141 1692 5216; x_wconf 64' lang='lat' dir='ltr'><strong>inser.</strong></span> <span class='ocrx_word' id='word_1_740' title='bbox 1724 5145 1818 5216; x_wconf 74' lang='grc' dir='ltr'><strong>καὶ</strong></span> <span class='ocrx_word' id='word_1_741' title='bbox 1856 5142 2197 5216; x_wconf 64' lang='grc' dir='ltr'>όπέστρεψεν</span> <span class='ocrx_word' id='word_1_742' title='bbox 2223 5144 2253 5199; x_wconf 86' lang='grc' dir='ltr'><strong>ό</strong></span> <span class='ocrx_word' id='word_1_743' title='bbox 2280 5141 2460 5216; x_wconf 44' lang='lat' dir='ltr'><strong>rapa»;</strong></span> <span class='ocrx_word' id='word_1_744' title='bbox 2501 5146 2582 5216; x_wconf 75' lang='grc' dir='ltr'><strong>είς</strong></span> <span class='ocrx_word' id='word_1_745' title='bbox 2611 5145 2673 5198; x_wconf 84' lang='grc' dir='ltr'><strong>τὸ</strong></span> <span class='ocrx_word' id='word_1_746' title='bbox 2703 5146 2912 5199; x_wconf 87' lang='grc' dir='ltr'>κελλίον</span> <span class='ocrx_word' id='word_1_747' title='bbox 2947 5143 3132 5216; x_wconf 63' lang='grc' dir='ltr'><strong>αὑτοῦ.</strong></span> 
     </span>
    </p>
   </div>
   <div class='ocr_carea' id='block_1_100' title="bbox 1975 4588 3554 4662">
    <p class='ocr_par' dir='ltr' id='par_1_100' title="bbox 1975 4588 3554 4662">
     <span class='ocr_line' id='line_1_100' title="bbox 1975 4588 3554 4662; baseline -0.001 -18"><span class='ocrx_word' id='word_1_748' title='bbox 1975 4589 2105 4645; x_wconf 90' lang='lat' dir='ltr'><strong>abii.</strong></span> <span class='ocrx_word' id='word_1_749' title='bbox 2144 4588 2371 4662; x_wconf 79' lang='lat' dir='ltr'><strong>Excepit</strong></span> <span class='ocrx_word' id='word_1_750' title='bbox 2404 4607 2567 4646; x_wconf 81' lang='lat' dir='ltr'><strong>senex</strong></span> <span class='ocrx_word' id='word_1_751' title='bbox 2602 4610 2615 4647; x_wconf 91' lang='lat'><strong>:</strong></span> <span class='ocrx_word' id='word_1_752' title='bbox 2653 4589 2710 4646; x_wconf 92' lang='lat' dir='ltr'><strong>ld</strong></span> <span class='ocrx_word' id='word_1_753' title='bbox 2741 4593 2839 4646; x_wconf 90' lang='lat' dir='ltr'><strong>tibi</strong></span> <span class='ocrx_word' id='word_1_754' title='bbox 2875 4593 3096 4658; x_wconf 84' lang='lat' dir='ltr'><strong>accidit,</strong></span> <span class='ocrx_word' id='word_1_755' title='bbox 3133 4592 3257 4661; x_wconf 90' lang='lat' dir='ltr'><strong>quia</strong></span> <span class='ocrx_word' id='word_1_756' title='bbox 3294 4606 3400 4644; x_wconf 90' lang='lat' dir='ltr'><strong>non</strong></span> <span class='ocrx_word' id='word_1_757' title='bbox 3435 4605 3554 4643; x_wconf 83' lang='lat' dir='ltr'><strong>ser-</strong></span> 
     </span>
    </p>
   </div>
   <div class='ocr_carea' id='block_1_101' title="bbox 1981 4678 3554 4752">
    <p class='ocr_par' dir='ltr' id='par_1_101' title="bbox 1981 4678 3554 4752">
     <span class='ocr_line' id='line_1_101' title="bbox 1981 4678 3554 4752; baseline -0.004 -16"><span class='ocrx_word' id='word_1_758' title='bbox 1981 4682 2116 4736; x_wconf 90' lang='lat' dir='ltr'><strong>vasti</strong></span> <span class='ocrx_word' id='word_1_759' title='bbox 2145 4681 2288 4751; x_wconf 91' lang='lat' dir='ltr'><strong>qnod</strong></span> <span class='ocrx_word' id='word_1_760' title='bbox 2326 4697 2712 4752; x_wconf 85' lang='lat' dir='ltr'><strong>praeceperam.</strong></span> <span class='ocrx_word' id='word_1_761' title='bbox 2762 4681 2892 4737; x_wconf 87' lang='lat' dir='ltr'><strong>Post</strong></span> <span class='ocrx_word' id='word_1_762' title='bbox 2932 4682 3046 4736; x_wconf 82' lang='lat' dir='ltr'><strong>haec</strong></span> <span class='ocrx_word' id='word_1_763' title='bbox 3077 4696 3174 4750; x_wconf 85' lang='lat' dir='ltr'><strong>pro</strong></span> <span class='ocrx_word' id='word_1_764' title='bbox 3209 4680 3352 4733; x_wconf 87' lang='lat' dir='ltr'><strong>virili</strong></span> <span class='ocrx_word' id='word_1_765' title='bbox 3385 4678 3554 4732; x_wconf 74' lang='lat' dir='ltr'><strong>infor-</strong></span> 
     </span>
    </p>
   </div>
   <div class='ocr_carea' id='block_1_102' title="bbox 1969 4773 3556 4845">
    <p class='ocr_par' dir='ltr' id='par_1_102' title="bbox 1969 4773 3556 4845">
     <span class='ocr_line' id='line_1_102' title="bbox 1969 4773 3556 4845; baseline -0.003 -13"><span class='ocrx_word' id='word_1_766' title='bbox 1969 4778 2137 4832; x_wconf 87' lang='lat' dir='ltr'><strong>mavit</strong></span> <span class='ocrx_word' id='word_1_767' title='bbox 2171 4792 2294 4832; x_wconf 92' lang='lat' dir='ltr'><strong>eum</strong></span> <span class='ocrx_word' id='word_1_768' title='bbox 2335 4778 2390 4830; x_wconf 90' lang='lat' dir='ltr'><strong>in</strong></span> <span class='ocrx_word' id='word_1_769' title='bbox 2429 4777 2621 4832; x_wconf 86' lang='lat' dir='ltr'><strong>ordine</strong></span> <span class='ocrx_word' id='word_1_770' title='bbox 2649 4778 2771 4832; x_wconf 65' lang='lat' dir='ltr'><strong>vita:</strong></span> <span class='ocrx_word' id='word_1_771' title='bbox 2799 4777 3150 4841; x_wconf 72' lang='lat' dir='ltr'><strong>monasticae;</strong></span> <span class='ocrx_word' id='word_1_772' title='bbox 3182 4773 3556 4845; x_wconf 86' lang='lat' dir='ltr'><strong>paulatimque</strong></span> 
     </span>
    </p>
   </div>
   <div class='ocr_carea' id='block_1_103' title="bbox 1974 4873 2737 4942">
    <p class='ocr_par' dir='ltr' id='par_1_103' title="bbox 1974 4873 2737 4942">
     <span class='ocr_line' id='line_1_103' title="bbox 1974 4873 2737 4942; baseline -0.003 -13"><span class='ocrx_word' id='word_1_773' title='bbox 1974 4873 2149 4930; x_wconf 84' lang='lat' dir='ltr'><strong>evasit</strong></span> <span class='ocrx_word' id='word_1_774' title='bbox 2178 4873 2383 4942; x_wconf 90' lang='lat' dir='ltr'><strong>probus</strong></span> <span class='ocrx_word' id='word_1_775' title='bbox 2414 4873 2737 4928; x_wconf 88' lang='lat' dir='ltr'><strong>monachus.</strong></span> 
     </span>
    </p>
   </div>
   <div class='ocr_carea' id='block_1_104' title="bbox 3033 5070 3552 5144">
    <p class='ocr_par' dir='ltr' id='par_1_104' title="bbox 3033 5070 3552 5144">
     <span class='ocr_line' id='line_1_104' title="bbox 3033 5070 3552 5144; baseline 0 -18"><span class='ocrx_word' id='word_1_776' title='bbox 3033 5073 3186 5144; x_wconf 14' lang='lat' dir='ltr'><strong>&quot;MAI.</strong></span> <span class='ocrx_word' id='word_1_777' title='bbox 3205 5070 3552 5144; x_wconf 76' lang='grc' dir='ltr'><strong>Ἡρακλείδῃ.</strong></span> 
     </span>
    </p>
   </div>
   <div class='ocr_carea' id='block_1_105' title="bbox 3221 5143 3553 5200">
    <p class='ocr_par' dir='ltr' id='par_1_105' title="bbox 3221 5143 3553 5200">
     <span class='ocr_line' id='line_1_105' title="bbox 3221 5143 3553 5200; baseline 0.015 -5"><span class='ocrx_word' id='word_1_778' title='bbox 3221 5143 3267 5172; x_wconf 69' lang='grc' dir='ltr'><strong>’δ</strong></span> <span class='ocrx_word' id='word_1_779' title='bbox 3299 5145 3384 5196; x_wconf 84' lang='lat' dir='ltr'><strong>Al.</strong></span> <span class='ocrx_word' id='word_1_780' title='bbox 3424 5143 3553 5200; x_wconf 85' lang='lat' dir='ltr'><strong>add.</strong></span> 
     </span>
    </p>
   </div>
   <div class='ocr_carea' id='block_1_106' title="bbox 285 5202 3262 5285">
    <p class='ocr_par' dir='ltr' id='par_1_106' title="bbox 285 5202 3262 5285">
     <span class='ocr_line' id='line_1_106' title="bbox 285 5202 3262 5285; baseline 0.002 -24"><span class='ocrx_word' id='word_1_781' title='bbox 285 5210 452 5280; x_wconf 62' lang='grc' dir='ltr'><strong>εὐχὰς</strong></span> <span class='ocrx_word' id='word_1_782' title='bbox 485 5214 680 5265; x_wconf 66' lang='grc' dir='ltr'><strong>ποιεῖν.</strong></span> <span class='ocrx_word' id='word_1_783' title='bbox 755 5202 924 5267; x_wconf 61' lang='grc' dir='ltr'><strong>’³ἈΙΪ</strong></span> <span class='ocrx_word' id='word_1_784' title='bbox 955 5202 1209 5285; x_wconf 64' lang='grc' dir='ltr'><strong>ὲάιι.’μοι</strong></span> <span class='ocrx_word' id='word_1_785' title='bbox 1243 5213 1472 5284; x_wconf 80' lang='grc' dir='ltr'><strong>ταχέως.</strong></span> <span class='ocrx_word' id='word_1_786' title='bbox 1549 5212 1596 5244; x_wconf 79' lang='grc'><strong>⁸⁸</strong></span> <span class='ocrx_word' id='word_1_787' title='bbox 1627 5211 1712 5266; x_wconf 83' lang='lat' dir='ltr'><strong>AI.</strong></span> <span class='ocrx_word' id='word_1_788' title='bbox 1742 5213 1841 5283; x_wconf 82' lang='grc' dir='ltr'><strong>τὴν</strong></span> <span class='ocrx_word' id='word_1_789' title='bbox 1866 5202 2210 5268; x_wconf 69' lang='grc' dir='ltr'><strong>ἀκολουθίαν.</strong></span> <span class='ocrx_word' id='word_1_790' title='bbox 2285 5202 2330 5247; x_wconf 69' lang='grc' dir='ltr'><strong>δ’</strong></span> <span class='ocrx_word' id='word_1_791' title='bbox 2353 5202 2445 5270; x_wconf 76' lang='grc' dir='ltr'><strong>ἈΙ.</strong></span> <span class='ocrx_word' id='word_1_792' title='bbox 2475 5202 2601 5270; x_wconf 85' lang='lat' dir='ltr'><strong>add.</strong></span> <span class='ocrx_word' id='word_1_793' title='bbox 2633 5215 2902 5269; x_wconf 83' lang='grc' dir='ltr'><strong>ἀπέλυσεν</strong></span> <span class='ocrx_word' id='word_1_794' title='bbox 2936 5215 3117 5278; x_wconf 66' lang='grc' dir='ltr'>αὑτὸν,</span> <span class='ocrx_word' id='word_1_795' title='bbox 3150 5211 3262 5266; x_wconf 84' lang='grc' dir='ltr'><strong>καί.</strong></span> 
     </span>
    </p>
   </div>
   <div class='ocr_carea' id='block_1_107' title="bbox 355 5429 1878 5506">
    <p class='ocr_par' dir='ltr' id='par_1_107' title="bbox 355 5429 1878 5506">
     <span class='ocr_line' id='line_1_107' title="bbox 355 5429 1878 5506; baseline 0.002 -23"><span class='ocrx_word' id='word_1_796' title='bbox 355 5429 474 5500; x_wconf 71' lang='lat'><strong>(553)</strong></span> <span class='ocrx_word' id='word_1_797' title='bbox 517 5430 895 5506; x_wconf 69' lang='lat' dir='ltr'><strong>&#39;H_¢rvxa_-at_ﬁ.</strong></span> <span class='ocrx_word' id='word_1_798' title='bbox 959 5433 1308 5506; x_wconf 77' lang='grc' dir='ltr'><strong>ᾝσυχαστής</strong></span> <span class='ocrx_word' id='word_1_799' title='bbox 1351 5441 1406 5489; x_wconf 87' lang='lat' dir='ltr'><strong>et</strong></span> <span class='ocrx_word' id='word_1_800' title='bbox 1454 5435 1878 5506; x_wconf 72' lang='grc' dir='ltr'><strong>ἡσυχαστήριον,</strong></span> 
     </span>
    </p>
   </div>
   <div class='ocr_carea' id='block_1_108' title="bbox 275 5501 1880 5572">
    <p class='ocr_par' dir='ltr' id='par_1_108' title="bbox 275 5501 1880 5572">
     <span class='ocr_line' id='line_1_108' title="bbox 275 5501 1880 5572; baseline 0.001 -12"><span class='ocrx_word' id='word_1_801' title='bbox 275 5513 412 5560; x_wconf 85' lang='lat' dir='ltr'><strong>nota</strong></span> <span class='ocrx_word' id='word_1_802' title='bbox 450 5503 695 5572; x_wconf 70' lang='lat' dir='ltr'><strong>nomina.</strong></span> <span class='ocrx_word' id='word_1_803' title='bbox 738 5501 844 5572; x_wconf 49' lang='lat' dir='ltr'><strong>Sed</strong></span> <span class='ocrx_word' id='word_1_804' title='bbox 879 5503 1008 5572; x_wconf 85' lang='lat' dir='ltr'><strong>quid</strong></span> <span class='ocrx_word' id='word_1_805' title='bbox 1051 5501 1195 5558; x_wconf 79' lang='lat' dir='ltr'><strong>vetat</strong></span> <span class='ocrx_word' id='word_1_806' title='bbox 1234 5501 1350 5560; x_wconf 80' lang='lat' dir='ltr'><strong>leve</strong></span> <span class='ocrx_word' id='word_1_807' title='bbox 1386 5501 1640 5559; x_wconf 74' lang='lat' dir='ltr'><strong>mendum</strong></span> <span class='ocrx_word' id='word_1_808' title='bbox 1690 5501 1880 5561; x_wconf 82' lang='lat' dir='ltr'><strong>tollere</strong></span> 
     </span>
    </p>
   </div>
   <div class='ocr_carea' id='block_1_109' title="bbox 275 5569 1877 5644">
    <p class='ocr_par' dir='ltr' id='par_1_109' title="bbox 275 5569 1877 5644">
     <span class='ocr_line' id='line_1_109' title="bbox 275 5569 1877 5644; baseline 0 -16"><span class='ocrx_word' id='word_1_809' title='bbox 275 5590 350 5629; x_wconf 80' lang='lat' dir='ltr'><strong>ex</strong></span> <span class='ocrx_word' id='word_1_810' title='bbox 390 5571 625 5640; x_wconf 84' lang='lat' dir='ltr'><strong>epistola</strong></span> <span class='ocrx_word' id='word_1_811' title='bbox 656 5569 934 5644; x_wconf 71' lang='lat' dir='ltr'><strong>Paschalis</strong></span> <span class='ocrx_word' id='word_1_812' title='bbox 963 5572 1001 5626; x_wconf 86' lang='lat' dir='ltr'><strong>Il</strong></span> <span class='ocrx_word' id='word_1_813' title='bbox 1029 5574 1096 5628; x_wconf 85' lang='lat' dir='ltr'><strong>ad</strong></span> <span class='ocrx_word' id='word_1_814' title='bbox 1147 5572 1492 5644; x_wconf 81' lang='lat' dir='ltr'><strong>Nurgandum</strong></span> <span class='ocrx_word' id='word_1_815' title='bbox 1535 5575 1877 5643; x_wconf 82' lang='lat' dir='ltr'><strong>Augustodu-</strong></span> 
     </span>
    </p>
   </div>
   <div class='ocr_carea' id='block_1_110' title="bbox 277 5641 1874 5715">
    <p class='ocr_par' dir='ltr' id='par_1_110' title="bbox 277 5641 1874 5715">
     <span class='ocr_line' id='line_1_110' title="bbox 277 5641 1874 5715; baseline -0.001 -15"><span class='ocrx_word' id='word_1_816' title='bbox 277 5657 517 5704; x_wconf 74' lang='lat' dir='ltr'><strong>nensem,</strong></span> <span class='ocrx_word' id='word_1_817' title='bbox 543 5656 722 5715; x_wconf 81' lang='lat' dir='ltr'><strong>quam</strong></span> <span class='ocrx_word' id='word_1_818' title='bbox 741 5641 860 5715; x_wconf 78' lang='lat' dir='ltr'><strong>luce</strong></span> <span class='ocrx_word' id='word_1_819' title='bbox 885 5643 1106 5715; x_wconf 81' lang='lat' dir='ltr'><strong>donavit</strong></span> <span class='ocrx_word' id='word_1_820' title='bbox 1131 5644 1183 5698; x_wconf 91' lang='lat' dir='ltr'><strong>in</strong></span> <span class='ocrx_word' id='word_1_821' title='bbox 1213 5641 1522 5715; x_wconf 52' lang='lat' dir='ltr'><strong>appendice</strong></span> <span class='ocrx_word' id='word_1_822' title='bbox 1541 5644 1608 5715; x_wconf 85' lang='lat' dir='ltr'><strong>ad</strong></span> <span class='ocrx_word' id='word_1_823' title='bbox 1624 5641 1874 5715; x_wconf 68' lang='lat' dir='ltr'><strong>Regino-</strong></span> 
     </span>
    </p>
   </div>
   <div class='ocr_carea' id='block_1_111' title="bbox 284 5710 1872 5784">
    <p class='ocr_par' dir='ltr' id='par_1_111' title="bbox 284 5710 1872 5784">
     <span class='ocr_line' id='line_1_111' title="bbox 284 5710 1872 5784; baseline 0.001 -16"><span class='ocrx_word' id='word_1_824' title='bbox 284 5731 404 5768; x_wconf 63' lang='grc' dir='ltr'><strong>,ι-ιιι</strong></span> <span class='ocrx_word' id='word_1_825' title='bbox 463 5726 624 5766; x_wconf 89' lang='lat' dir='ltr'><strong>suum</strong></span> <span class='ocrx_word' id='word_1_826' title='bbox 677 5711 758 5763; x_wconf 86' lang='lat' dir='ltr'><strong>vir</strong></span> <span class='ocrx_word' id='word_1_827' title='bbox 811 5710 1520 5784; x_wconf 71' lang='lat' dir='ltr'><strong>clarissimusStrphanus</strong></span> <span class='ocrx_word' id='word_1_828' title='bbox 1580 5710 1872 5770; x_wconf 74' lang='lat' dir='ltr'><strong>Balusius?</strong></span> 
     </span>
    </p>
   </div>
   <div class='ocr_carea' id='block_1_112' title="bbox 323 5783 1867 5853">
    <p class='ocr_par' dir='ltr' id='par_1_112' title="bbox 323 5783 1867 5853">
     <span class='ocr_line' id='line_1_112' title="bbox 323 5783 1867 5853; baseline 0.001 -17"><span class='ocrx_word' id='word_1_829' title='bbox 323 5783 433 5841; x_wconf 61' lang='grc' dir='ltr'><strong>τιμά</strong></span> <span class='ocrx_word' id='word_1_830' title='bbox 461 5790 638 5836; x_wconf 75' lang='lat' dir='ltr'><strong>autem</strong></span> <span class='ocrx_word' id='word_1_831' title='bbox 666 5785 958 5849; x_wconf 75' lang='lat' dir='ltr'><strong>apostolica</strong></span> <span class='ocrx_word' id='word_1_832' title='bbox 981 5783 1296 5838; x_wconf 73' lang='lat' dir='ltr'><strong>auctoritate</strong></span> <span class='ocrx_word' id='word_1_833' title='bbox 1312 5783 1624 5853; x_wconf 15' lang='lat' dir='ltr'><strong>istatttt&#39;mus,</strong></span> <span class='ocrx_word' id='word_1_834' title='bbox 1651 5797 1703 5838; x_wconf 87' lang='lat' dir='ltr'><strong>ut</strong></span> <span class='ocrx_word' id='word_1_835' title='bbox 1730 5788 1867 5840; x_wconf 77' lang='lat' dir='ltr'><strong>nam</strong></span> 
     </span>
    </p>
   </div>
   <div class='ocr_carea' id='block_1_113' title="bbox 1647 5867 1675 5895">
    <p class='ocr_par' dir='ltr' id='par_1_113' title="bbox 1647 5867 1675 5895">
     <span class='ocr_line' id='line_1_113' title="bbox 1647 5867 1675 5895; baseline 0 0"><span class='ocrx_word' id='word_1_836' title='bbox 1647 5867 1675 5895; x_wconf 58' lang='grc' dir='ltr'>δ</span> 
     </span>
    </p>
   </div>
   <div class='ocr_carea' id='block_1_114' title="bbox 1985 5431 3555 5504">
    <p class='ocr_par' dir='ltr' id='par_1_114' title="bbox 1985 5431 3555 5504">
     <span class='ocr_line' id='line_1_114' title="bbox 1985 5431 3555 5504; baseline 0.002 -20"><span class='ocrx_word' id='word_1_837' title='bbox 1985 5431 2309 5504; x_wconf 59' lang='lat' dir='ltr'><strong>presbytero.</strong></span> <span class='ocrx_word' id='word_1_838' title='bbox 2342 5434 2421 5488; x_wconf 74' lang='lat' dir='ltr'><strong>eet</strong></span> <span class='ocrx_word' id='word_1_839' title='bbox 2440 5435 2628 5488; x_wconf 78' lang='lat' dir='ltr'><strong>viventi</strong></span> <span class='ocrx_word' id='word_1_840' title='bbox 2653 5435 2730 5489; x_wconf 78' lang='lat' dir='ltr'><strong>vel</strong></span> <span class='ocrx_word' id='word_1_841' title='bbox 2761 5435 3005 5487; x_wconf 82' lang='lat' dir='ltr'><strong>morienti</strong></span> <span class='ocrx_word' id='word_1_842' title='bbox 3035 5450 3124 5487; x_wconf 79' lang='lat' dir='ltr'><strong>seu</strong></span> <span class='ocrx_word' id='word_1_843' title='bbox 3147 5433 3216 5487; x_wconf 86' lang='lat' dir='ltr'><strong>ad</strong></span> <span class='ocrx_word' id='word_1_844' title='bbox 3253 5435 3416 5488; x_wconf 81' lang='lat' dir='ltr'><strong>aliam</strong></span> <span class='ocrx_word' id='word_1_845' title='bbox 3469 5449 3555 5487; x_wconf 82' lang='lat' dir='ltr'><strong>re-</strong></span> 
     </span>
    </p>
   </div>
   <div class='ocr_carea' id='block_1_115' title="bbox 1987 5501 3540 5575">
    <p class='ocr_par' dir='ltr' id='par_1_115' title="bbox 1987 5501 3540 5575">
     <span class='ocr_line' id='line_1_115' title="bbox 1987 5501 3540 5575; baseline 0.003 -21"><span class='ocrx_word' id='word_1_846' title='bbox 1987 5501 2239 5575; x_wconf 71' lang='lat' dir='ltr'><strong>ligionem</strong></span> <span class='ocrx_word' id='word_1_847' title='bbox 2273 5503 2406 5572; x_wconf 92' lang='lat' dir='ltr'><strong>(imo</strong></span> <span class='ocrx_word' id='word_1_848' title='bbox 2429 5505 2714 5575; x_wconf 81' lang='lat' dir='ltr'><strong>regionem)</strong></span> <span class='ocrx_word' id='word_1_849' title='bbox 2744 5504 2824 5558; x_wconf 67' lang='lat' dir='ltr'><strong>vel</strong></span> <span class='ocrx_word' id='word_1_850' title='bbox 2847 5504 2916 5557; x_wconf 87' lang='lat' dir='ltr'><strong>ad</strong></span> <span class='ocrx_word' id='word_1_851' title='bbox 2945 5506 3176 5574; x_wconf 83' lang='lat' dir='ltr'><strong>quietam</strong></span> <span class='ocrx_word' id='word_1_852' title='bbox 3204 5505 3364 5558; x_wconf 74' lang='lat' dir='ltr'><strong>vitam</strong></span> <span class='ocrx_word' id='word_1_853' title='bbox 3389 5517 3540 5558; x_wconf 64' lang='lat' dir='ltr'><strong>trans</strong></span> 
     </span>
    </p>
   </div>
   <div class='ocr_carea' id='block_1_116' title="bbox 1979 5574 3622 5645">
    <p class='ocr_par' dir='ltr' id='par_1_116' title="bbox 1979 5574 3622 5645">
     <span class='ocr_line' id='line_1_116' title="bbox 1979 5574 3622 5645; baseline 0 -21"><span class='ocrx_word' id='word_1_854' title='bbox 1979 5574 2150 5645; x_wconf 69' lang='lat' dir='ltr'><strong>eunti,</strong></span> <span class='ocrx_word' id='word_1_855' title='bbox 2188 5574 2344 5628; x_wconf 80' lang='lat' dir='ltr'><strong>liceat</strong></span> <span class='ocrx_word' id='word_1_856' title='bbox 2371 5591 2453 5628; x_wconf 79' lang='lat' dir='ltr'><strong>res</strong></span> <span class='ocrx_word' id='word_1_857' title='bbox 2483 5574 2614 5645; x_wconf 76' lang='lat' dir='ltr'><strong>quas</strong></span> <span class='ocrx_word' id='word_1_858' title='bbox 2654 5574 2802 5629; x_wconf 30' lang='lat' dir='ltr'><strong>a’die</strong></span> <span class='ocrx_word' id='word_1_859' title='bbox 2853 5576 3209 5629; x_wconf 77' lang='lat' dir='ltr'><strong>ordinationis</strong></span> <span class='ocrx_word' id='word_1_860' title='bbox 3238 5591 3352 5628; x_wconf 70' lang='lat' dir='ltr'><strong>sua:</strong></span> <span class='ocrx_word' id='word_1_861' title='bbox 3375 5575 3426 5645; x_wconf 66' lang='lat' dir='ltr'><strong>in</strong></span> <span class='ocrx_word' id='word_1_862' title='bbox 3460 5589 3552 5628; x_wconf 81' lang='lat' dir='ltr'><strong>ec-</strong></span> <span class='ocrx_word' id='word_1_863' title='bbox 3613 5628 3622 5636; x_wconf 57' lang='grc'><em>,</em></span> 
     </span>
    </p>
   </div>
   <div class='ocr_carea' id='block_1_117' title="bbox 1977 5641 3558 5717">
    <p class='ocr_par' dir='ltr' id='par_1_117' title="bbox 1977 5641 3558 5717">
     <span class='ocr_line' id='line_1_117' title="bbox 1977 5641 3558 5717; baseline 0.003 -25"><span class='ocrx_word' id='word_1_864' title='bbox 1977 5641 2150 5717; x_wconf 75' lang='lat' dir='ltr'><strong>etesia</strong></span> <span class='ocrx_word' id='word_1_865' title='bbox 2169 5647 2226 5700; x_wconf 81' lang='lat' dir='ltr'><strong>in</strong></span> <span class='ocrx_word' id='word_1_866' title='bbox 2263 5661 2369 5717; x_wconf 77' lang='lat' dir='ltr'><strong>qua</strong></span> <span class='ocrx_word' id='word_1_867' title='bbox 2400 5641 2783 5717; x_wconf 39' lang='lat' dir='ltr'><strong>est-ordinatus</strong></span> <span class='ocrx_word' id='word_1_868' title='bbox 2823 5648 3130 5717; x_wconf 69' lang='lat' dir='ltr'><strong>conquirere</strong></span> <span class='ocrx_word' id='word_1_869' title='bbox 3153 5645 3344 5715; x_wconf 76' lang='lat' dir='ltr'><strong>poterit</strong></span> <span class='ocrx_word' id='word_1_870' title='bbox 3375 5641 3444 5712; x_wconf 67' lang='grc' dir='ltr'><strong>(ί.</strong></span> <span class='ocrx_word' id='word_1_871' title='bbox 3469 5654 3558 5712; x_wconf 75' lang='lat' dir='ltr'><strong>pe-</strong></span> 
     </span>
    </p>
   </div>
   <div class='ocr_carea' id='block_1_118' title="bbox 1978 5715 2820 5786">
    <p class='ocr_par' dir='ltr' id='par_1_118' title="bbox 1978 5715 2820 5786">
     <span class='ocr_line' id='line_1_118' title="bbox 1978 5715 2820 5786; baseline 0.011 -24"><span class='ocrx_word' id='word_1_872' title='bbox 1978 5715 2182 5786; x_wconf 73' lang='lat' dir='ltr'><strong>tuerit),</strong></span> <span class='ocrx_word' id='word_1_873' title='bbox 2211 5716 2422 5786; x_wconf 78' lang='lat' dir='ltr'><strong>auferre</strong></span> <span class='ocrx_word' id='word_1_874' title='bbox 2455 5715 2534 5771; x_wconf 81' lang='lat' dir='ltr'><strong>vel</strong></span> <span class='ocrx_word' id='word_1_875' title='bbox 2563 5719 2820 5771; x_wconf 69' lang='lat' dir='ltr'><strong>minuere.</strong></span> 
     </span>
    </p>
   </div>
   <div class='ocr_carea' id='block_1_119' title="bbox 2053 5785 2632 5858">
    <p class='ocr_par' dir='ltr' id='par_1_119' title="bbox 2053 5785 2632 5858">
     <span class='ocr_line' id='line_1_119' title="bbox 2053 5785 2632 5858; baseline 0.007 -19"><span class='ocrx_word' id='word_1_876' title='bbox 2053 5785 2166 5858; x_wconf 81' lang='lat'><strong>(56)</strong></span> <span class='ocrx_word' id='word_1_877' title='bbox 2208 5785 2413 5845; x_wconf 82' lang='lat' dir='ltr'><strong>Moschi</strong></span> <span class='ocrx_word' id='word_1_878' title='bbox 2449 5803 2500 5843; x_wconf 90' lang='lat' dir='ltr'><strong>c.</strong></span> <span class='ocrx_word' id='word_1_879' title='bbox 2545 5789 2632 5843; x_wconf 66' lang='lat'><strong>5:2.</strong></span> 
     </span>
    </p>
   </div>
  </div>
