4036 6202
447 321 559 381 187

899 437 1238 512 Principium
1273 438 1473 497 littere
1503 440 1567 497 Θ.

759 552 839 609 De
867 553 1057 610 abbate
1081 552 1355 610 Theodoro
1386 553 1714 611 Phermemi.

530 689 581 743 1.
609 688 722 760 (57)
750 688 934 745 Abbas
968 687 1292 745 Theodorus
1322 689 1568 745 Phermae.
1614 698 1728 747 tres
1788 690 2037 762 posside-

461 779 559 838 bat
591 781 769 836 bonos
801 779 1016 846 libros;
1047 791 1103 837 et
1133 782 1283 836 venit
1314 781 1383 836 ad
1414 782 1668 838 abbatem
1715 781 2036 847 Macarium,

456 873 702 943 dixitque
726 873 820 928 ei:
846 870 982 928 Tres
1036 872 1170 928 mihi
1210 881 1342 930 sunt
1387 875 1610 932 codices
1655 876 1930 947 praeclari,
1971 890 2038 931 ex

455 978 697 1034 quorum
731 962 967 1019 lectione
991 963 1253 1033 proﬁcio;
1300 964 1500 1022 fratres
1525 981 1745 1038 quoque
1770 966 1838 1021 ad
1879 983 2036 1021 usum

456 1052 760 1122 accipiunt,
813 1060 869 1108 et
925 1052 1223 1123 proficiunt
1287 1057 1515 1124 pariter.
1562 1053 1702 1110 Fare
1749 1070 1879 1127 ergo
1911 1056 2039 1126 quid

454 1142 685 1196 debeam
718 1142 920 1199 facere.
959 1143 1304 1200 Rctinebone
1329 1159 1426 1200 eos
1463 1144 1531 1199 ad
1561 1160 1740 1201 meam
1786 1145 2045 1201 fratrum-

455 1249 566 1303 que
592 1233 921 1301 utilitatem,
963 1242 1058 1290 aut
1100 1234 1356 1301 vendam,
1391 1246 1447 1292 ut
1494 1237 1617 1294 dem
1666 1238 2045 1309 pauperibus?

458 1322 765 1394 Respondit
819 1341 1024 1382 senex:
1064 1325 1229 1381 Bonae
1279 1328 1502 1398 quidem
1561 1337 1691 1384 sunt
1750 1330 2038 1390 actiones;

457 1416 555 1471 sed
588 1417 768 1486 majus
795 1417 1054 1472 omnibus
1077 1424 1183 1483 est,
1202 1418 1343 1473 nihil
1364 1419 1664 1489 possidere.
1692 1419 1812 1486 Quo
1830 1420 2042 1485 audito,

457 1507 739 1574 discessit,
772 1521 837 1562 ac
864 1506 1111 1563 vendidit
1134 1523 1255 1573 eos,
1288 1510 1689 1580 pecuniamque
1713 1508 2046 1580 pauperibus

463 1599 709 1653 tradidit.

529 1689 583 1742 2.
621 1688 731 1759 (58)
759 1686 953 1743 Frater
981 1686 1206 1759 quidam
1243 1688 1495 1747 residens
1545 1691 1602 1746 in
1634 1690 1799 1747 Cellis
1860 1691 2049 1747 solita-

1502 276 1507 283 ’
1615 321 1965 380 seremus
2002 326 2095 382 Al)
2132 325 2553 390 PALLADIUM.

2059 450 2106 509 Δ

3620 332 3726 395 188

2583 447 2753 521 ’Δρχὴ
2782 446 2876 504 τοῦ
2915 449 2960 505 Θ
2996 449 3282 523 στοιχείου.

2237 561 2378 631 Περὶ
2408 561 2517 617 τοῦ
2545 560 2697 618 ἀσϐᾶ
2734 561 3036 632 Θεοδώρου
3066 562 3175 618 τοῦ
3204 562 3318 632 τῆς
3348 561 3607 634 Φέρμης.

2209 698 2279 747 α’.
2318 694 2378 748 '0
2398 693 2573 759 ἀϐὁᾶς
2593 694 2869 767 Θεόδωρος
2883 697 2912 749 6
2938 696 3036 767 τῆς
3056 695 3279 767 Φέρμης
3303 696 3577 768 ἐκτήσατο
3601 693 3746 766 aptat

2142 785 2321 856 βιϐλία
2349 786 2520 842 καλά’
2554 787 2649 842 καὶ
2691 787 2965 859 παρέϐαλε
2997 787 3076 858 τῷ
3108 788 3255 860 ἁὸὁᾷ
3297 788 3600 860 Μακαρίῳ,
3633 788 3724 840 καὶ

2140 876 2286 946 λέγει
2326 877 2496 948 αὐτῷ,
2543 879 2625 932 ὃτι
2667 879 2817 949 Ἐχω
2845 879 2973 952 τρία
3015 878 3197 950 βιΰλία
3233 879 3398 943 καλὰ,
3433 878 3532 933 καὶ
3581 878 3723 947 ὠφεο

2141 967 2337 1039 λοῦμαι
2365 969 2423 1033 ἐξ
2463 968 2672 1022 αὐτῶν·
2707 969 2803 1022 καὶ
2844 970 2893 1022 οἱ
2932 968 3152 1039 ἀδελφοὶ
3196 968 3499 1040 κιχρῶνται
3552 967 3727 1028 αὐτὰ,

2144 1060 2237 1113 καὶ
2266 1058 2621 1128 ὠφελοῦνται.
2660 1060 2796 1113 Εἰπέ
2825 1054 2918 1114 οὖν
2954 1078 3065 1131 μοι,
3115 1061 3173 1114 τί
3201 1059 3432 1131 ὤφειλον
3463 1061 3726 1131 ποιῆσαις

2144 1150 2403 1220 κατάσχω
2444 1150 2584 1204 αὐτὰ
2633 1152 2715 1214 είς
2759 1151 2859 1222 τὴν
2908 1152 3047 1223 ἐμὴν
3078 1151 3172 1206 καὶ
3211 1153 3312 1223 τὴν
3339 1153 3448 1206 τῶν
3483 1153 3731 1223 ἀδελφῶν

2144 1239 2431 1309 ὠφέλειαν,
2477 1241 2510 1311 ἢ
2558 1241 2795 1314 πωλήσω
2822 1241 2962 1295 αὐτὰ
2995 1241 3090 1295 καὶ
3126 1241 3283 1296 δώσω
3321 1245 3588 1315 πτωχοῖς;
3619 1243 3732 1299 Καὶ

2144 1331 2464 1401 ἀποκριθεὶς
2510 1334 2538 1386 6
2578 1332 2756 1403 γέρων
2801 1327 2950 1387 εἶπε’
2985 1334 3165 1387 Καλαὶ
3220 1334 3321 1405 μὲν
3362 1338 3418 1389 αἱ
3465 1336 3729 1408 πράξεις,

2146 1420 2281 1475 ἀλλὰ
2319 1421 2520 1491 μείζων
2551 1421 2769 1476 πάντων
2810 1424 2845 1493 ἡ
2870 1422 3222 1495 ἁκτημοσύνη
3256 1425 3389 1478 ἐστί.
3430 1426 3538 1479 Kal
3574 1426 3734 1480 τοῦτο

2146 1512 2405 1578 ἀκούσας,
2428 1512 2679 1567 ἀπελθὼν
2703 1512 2984 1584 ἐπώλησεν
3012 1514 3172 1575 αὐτὰ.
3204 1517 3300 1569 καὶ
3327 1516 3547 1570 διέδωκε
3584 1534 3728 1571 πτω-

2148 1619 2284 1672 χοις.
2930 1622 2943 1641 κ
3122 1658 3126 1661 γ

2223 1691 2287 1763 β’.
2342 1693 2596 1763 ’Λδελφός
2636 1711 2719 1756 τις
2759 1694 3125 1766 καθεξόμενος
3156 1698 3235 1760 εἰς
3267 1696 3336 1750 τὰ
3368 1697 3563 1751 Κελλία
3601 1700 3729 1752 ἐτα-

461 1782 541 1833 rie
568 1780 893 1835 turbabatur
920 1796 935 1845 ;
967 1788 1023 1834 et
1055 1780 1249 1835 abiens
1297 1780 1366 1835 ad
1400 1781 1651 1837 abbatem
1698 1780 2045 1836 Theodorum

2159 1782 2385 1854 ράσσετο
2420 1783 2761 1855 καταμόνας·
2806 1784 2901 1839 καὶ
2937 1784 3190 1840 ἀπελθὼν
3241 1787 3377 1857 πρὸς
3427 1788 3518 1840 τὸν
3557 1787 3733 1842 ἁϐδᾶν

460 1872 878 1936 Phermensem,
912 1872 1105 1930 retulit
1136 1871 1208 1928 ei.
1256 1872 1431 1929 Senex
1472 1888 1603 1931 vero
1638 1872 1776 1927 dixit
1806 1893 1818 1927 :
1870 1871 2040 1939 Vade,

462 1961 725 2017 humilem
759 1961 927 2018 redde
963 1961 1353 2033 cogitationem
1384 1972 1555 2028 tuam,
1610 1964 1821 2034 subjice
1869 1971 1943 2027 te,
1994 1974 2049 2018 et

459 2068 586 2108 cum
612 2054 737 2109 aliis
768 2062 1009 2110 maneto.
1047 2054 1249 2110 Postea
1289 2070 1544 2112 reversus
1573 2062 1660 2111 est
1706 2056 1774 2110 ad
1834 2070 2043 2118 senem,

460 2144 711 2214 dixitque
739 2164 753 2199 :
789 2143 977 2216 Neque
1006 2159 1133 2200 cum
1160 2145 1481 2202 hominibus
1511 2147 1868 2217 conquiesco.
1898 2144 2038 2199 Tum

461 2250 629 2289 senex
662 2235 729 2290 ad
764 2250 932 2291 eum:
977 2234 1035 2290 Si
1076 2252 1258 2307 neque
1310 2238 1463 2293 solus
1516 2253 1693 2305 neque
1740 2252 1865 2289 cum
1923 2236 2048 2289 aliis

460 2327 702 2394 quietem
738 2327 979 2393 obtines,
1027 2343 1137 2397 qua
1167 2327 1236 2383 de
1269 2342 1438 2383 causa
1487 2340 1746 2395 egressus
1773 2341 1833 2380 es
1866 2325 1934 2378 ad
1966 2324 2048 2378 vi-

462 2426 573 2469 tam
604 2418 984 2472 monachalem
1011 2418 1035 2470 ?
1061 2417 1256 2473 Nonne
1286 2423 1345 2470 ut
1380 2416 1769 2470 tribulationes
1803 2416 2048 2472 sustine-

463 2523 554 2560 res
579 2510 604 2560 ἲ
648 2506 824 2562 Dicito
888 2515 1071 2561 autem
1109 2507 1289 2561 mihi:
1324 2508 1370 2561 A
1420 2514 1554 2577 quot
1585 2507 1747 2562 annis
1797 2507 2045 2563 habitum

469 2597 680 2660 μειδιοεῖ
709 2596 869 2661 Octo,
908 2597 1111 2668 inquit.
1141 2597 1295 2653 Tunc
1322 2613 1489 2653 senex
1525 2598 1574 2653 ei
1606 2617 1620 2653 :
1661 2596 1822 2654 Certe
1866 2600 1919 2652 in
1953 2599 2048 2653 ha-

462 2688 578 2744 bitu
627 2688 734 2743 hoc
762 2690 1113 2761 septuaginta
1167 2704 1344 2747 annos
1374 2691 1645 2762 transegi,
1692 2706 1794 2746 nec
1823 2691 1908 2745 vel
1939 2705 2049 2745 uno

462 2778 552 2833 die
581 2779 822 2849 quietem
855 2788 1056 2838 nactus
1094 2795 1217 2837 sum
1245 2799 1260 2848 ;
1297 2790 1358 2836 tu
1391 2796 1524 2838 vero
1559 2789 1684 2853 post
1713 2788 1841 2836 octo
1874 2796 2049 2837 annos

464 2872 550 2927 vis
584 2874 827 2944 requiem
857 2874 1165 2946 possidere.
1219 2873 1342 2942 Quo
1372 2875 1463 2932 ille
1494 2875 1704 2940 audito,
1753 2874 2052 2932 conﬁrmaé

462 2971 555 3018 tus
591 2966 846 3022 recessit.

536 3054 727 3125 5.(59)
772 3054 969 3111 Frater
1024 3057 1263 3114 accessit
1314 3058 1612 3129 aliquando
1668 3056 1736 3110 ad
1796 3056 2048 3111 abbatem

2150 1874 2423 1946 Θεόδωρον
2453 1876 2545 1929 τὸν
2585 1875 2684 1945 τῆς
2712 1875 2954 1946 Φέρμης,
2986 1871 3139 1930 εἶπεν
3169 1876 3337 1947 αὐτῷ.
3380 1877 3438 1931 '0
3465 1877 3521 1930 δὲ
3551 1878 3733 1949 γέρων

2149 1962 2302 2020 εἶπεν
2324 1983 2338 1997 ο
2383 1967 2624 2033 ’Υπαγε,
2672 1966 3007 2019 ταπείνωσον
3052 1967 3142 2020 τὸν
3191 1967 3448 2037 λογισμόν
3490 1985 3605 2032 σου,
3638 1970 3735 2022 καὶ

2149 2053 2475 2125 ὑποτάγηθι,
2517 2055 2612 2106 καὶ
2647 2057 2827 2124 μεῖνον
2863 2056 3000 2121 μετὰ
3026 2055 3229 2110 ἄλλων.
3258 2057 3369 2110 Καὶ
3401 2058 3736 2127 ὑποστρέφει

2148 2145 2284 2214 πρὸς
2317 2143 2409 2195 τὸν
2450 2144 2700 2214 γέροντα,
2748 2146 2844 2198 καὶ
2881 2145 3026 2214 λέγει
3067 2146 3249 2216 αὐτῷ·
3287 2149 3420 2200 Ούδέ
3456 2150 3595 2219 μετὰ
3625 2151 3739 2203 τῶν

2148 2232 2454 2304 ἀνθρώπων
2481 2233 2853 2305 ἀναπαύομαι.
2883 2234 2995 2287 Ka‘t
3019 2234 3165 2303 λέγει
3197 2235 3343 2305 αὐτῷ
3376 2236 3403 2287 6
3432 2237 3640 2306 γέρων·
3673 2239 3738 2292 Et

2151 2324 2310 2394 μόνος
2355 2324 2455 2376 οὐκ
2500 2324 2775 2397 ἀναπαύῃ,
2828 2326 2952 2378 οὐδὲ
2998 2326 3136 2396 μετὰ
3187 2325 3296 2378 τῶν
3346 2325 3541 2390 ἄλλων,
3590 2327 3738 2381 διατι

2148 2412 2371 2483 ἐξῆλθες
2403 2415 2481 2476 εἰς
2505 2414 2597 2466 τὸν
2627 2414 2887 2485 μοναχόν;
2925 2417 3044 2485 οὐχὶ
3081 2417 3166 2470 ἵνα
3199 2417 3478 2489 ὑποφέρῃς
3504 2423 3602 2479 τὰς
3626 2417 3741 2470 θλὶσ

2146 2502 2297 2573 ψειςς
2348 2503 2471 2556 είπέ
2516 2503 2574 2557 δέ
2630 2522 2746 2573 μοι·
2798 2506 2946 2559 Πόσα
2983 2506 3077 2577 ἐτη
3110 2507 3254 2576 ἔχεις
3287 2508 3367 2569 εἰς
3416 2507 3475 2560 τὸ
3517 2508 3738 2578 σχῆμας

2149 2594 2343 2663 Λέγειο
2386 2593 2579 2649 Ὀκτώ.
2615 2592 2781 2649 Εἶπεν
2817 2592 2911 2650 οὖν
2938 2596 3088 2667 αὑτῷ
3121 2598 3149 2651 6
3177 2597 3357 2668 γέρων
3379 2614 3393 2627 ο
3426 2596 3593 2651 Φύσει
3627 2598 3739 2669 ἔχω

2150 2685 2209 2738 ἐν
2241 2684 2321 2756 τῷ
2352 2686 2591 2757 σχήματι
2621 2687 2991 2759 ἐϐδομήκοντα
3027 2688 3145 2760 ἐτη,
3175 2688 3270 2742 καὶ
3296 2688 3417 2742 οὐδέ
3442 2689 3571 2760 μίαν
3595 2689 3734 2762 ἡμέ-

2154 2793 2253 2849 ραν
2296 2771 2452 2849 εὖρον
2499 2777 2841 2833 ἀνάπαυσιν·
2878 2780 2975 2833 καὶ
3012 2781 3078 2834 σὺ
3117 2780 3197 2844 είς
3225 2778 3371 2833 ὀκτὼ
3419 2779 3513 2851 ἔτη
3553 2778 3729 2844 θέλεις

2152 2866 2456 2921 ἀνάπαυσιν
2504 2865 2679 2937 ἐχειν;
2721 2868 2832 2922 Ka‘t
2881 2868 3039 2923 τοῦτο
3092 2868 3351 2934 ἀκούσας,
3421 2869 3733 2941 ἐδραιωθεὶς

2152 2957 2419 3029 ἀπῆλθεν.

2226 3050 2297 3119 γ’.
2338 3051 2659 3122 Παρέὁαλεν
2706 3051 2935 3121 ἁδελφός
2983 3067 3114 3105 ποτε
3156 3050 3233 3122 τῷ
3274 3050 3419 3121 ἀϐὁᾷ
3452 3050 3735 3123 Θεοδώρῳ,

462 3144 834 3209 Theodorum,
868 3155 922 3202 et
950 3149 1253 3217 permansit
1281 3149 1399 3205 dies
1433 3158 1576 3216 tres,
1608 3164 1775 3203 orans
1824 3157 1882 3202 ut
1931 3163 2027 3203 au-

2159 3141 2228 3196 ιαὶ
2259 3142 2484 3213 ἐποίησε
2521 3146 2672 3214 τρεῖς
2700 3143 2915 3214 ἡμέρας
2951 3141 3283 3213 παρακαλῶν
3314 3142 3474 3195 αὐτὸν
3506 3142 3736 3196 ἀκοῦσαι

464 3238 608 3311 (ἧι-(ξι
634 3236 839 3289 dictum
869 3237 1112 3307 aliquod.
1148 3238 1257 3294 Sed
1303 3240 1395 3294 ille
1440 3254 1786 3311 nequaquam
1820 3256 2048 3311 respon-

464 3328 568 3381 dit.
625 3325 778 3382 Unde
829 3327 1003 3383 frater
1048 3330 1223 3385 tristis
1271 3346 1528 3401 egressus
1576 3340 1685 3387 est.
1747 3331 1839 3385 Ait
1886 3333 2052 3403 igitur

466 3418 773 3488 discipulus
811 3420 973 3489 ejus:
1006 3419 1182 3486 Abba,
1216 3436 1390 3490 quare
1449 3421 1587 3475 nihil
1635 3423 1686 3477 ei
1732 3423 1968 3480 dixisti?
1999 3433 2053 3480 ct

473 3511 838 3566 contristatus
885 3512 1177 3567 abscessit.
1221 3510 1360 3568 Tum
1421 3528 1626 3569 senex:
1683 3513 1884 3586 Utique
1945 3532 2052 3571 non

468 3601 688 3658 locutus
722 3618 845 3657 sum
871 3603 921 3658 ei
951 3620 966 3671 ;
997 3605 1307 3674 negotiator
1332 3607 1481 3662 enim
1538 3612 1623 3662 est
1648 3647 1663 3672 ,
1702 3608 1925 3678 vultque
1979 3623 2045 3662 ex

468 3698 706 3750 aliorum
729 3697 1082 3752 sermonibus
1113 3697 1345 3768 gloriam
1377 3702 1684 3767 reportare.

543 3789 598 3843 4.
630 3789 743 3859 (60)
777 3788 925 3843 Dixit
972 3790 1212 3845 iterum:
1260 3789 1319 3844 Si
1359 3790 1659 3845 amicitiam
1708 3808 1833 3847 cum
1870 3794 2055 3864 aliquo

465 3877 745 3951 iunxeris,
777 3880 1073 3951 contigerit
1102 3887 1285 3934 autem
1320 3894 1445 3934 eum
1470 3880 1716 3936 incidere
1768 3881 1825 3935 in
1875 3888 2056 3936 tenta—

469 3973 676 4031 tinuem
729 3970 1136 4036 fornicationis,
1175 3970 1224 4033 si
1288 3978 1470 4042 potes,
1526 3972 1746 4043 porrige
1787 3986 2008 4027 manum
2038 4017 2052 4041 ,

469 4079 706 4134 eumque
736 4080 955 4120 sursum
980 4063 1158 4120 trabe.
1185 4061 1294 4119 Sed
1330 4064 1378 4120 si
1408 4063 1664 4119 inciderit
1697 4064 1749 4116 in
1781 4062 2054 4133 haeresim,

472 4167 575 4207 nec
599 4168 629 4204 a
663 4160 712 4207 te
739 4152 1142 4221 persuadeatur
1163 4153 1230 4207 ad
1264 4153 1681 4209 conversionem
1711 4194 1725 4217 ,
1768 4152 1877 4206 cito
1902 4152 2056 4207 illum

472 4254 503 4292 ιι
532 4248 582 4291 te
608 4239 903 4304 abscinde;
945 4256 1016 4297 ne
1042 4242 1088 4297 si
1122 4242 1451 4311 tardaveris,
1494 4243 1658 4299 simul
1708 4243 1946 4299 traharis
1989 4243 2057 4299 ad

474 4326 712 4385 foveam.

545 4420 599 4475 5.
637 4419 751 4491 (61)
791 4422 1027 4478 Aiebant
1071 4424 1141 4480 de
1191 4426 1389 4483 abbate
1423 4427 1711 4485 Theodoro
1739 4444 1771 4485 c
1798 4428 2055 4495 Pberme,

2155 3234 2330 3303 λόγον.
2373 3236 2432 3288 '0
2461 3235 2519 3287 δέ
2547 3235 2649 3289 οὐκ
2675 3233 2952 3306 ἀπεκρίθη
2981 3233 3152 3305 αὐτῷ.
3186 3235 3294 3288 Ka‘t
3324 3233 3512 3305 ἐξῆλθε
3535 3232 3738 3287 λυπού-

2158 3344 2335 3398 μενος.
2381 3326 2544 3395 Λέγει
2593 3323 2687 3379 οὖν
2732 3325 2881 3397 αὑτῷ
2926 3326 2956 3378 6
3009 3326 3256 3397 μαθητὴς
3302 3326 3502 3379 αὐτοῦ’
3549 3326 3737 3391 Ἀεὸᾶ,

2154 3419 2271 3482 πῶς
2301 3419 2400 3472 οὐκ
2428 3415 2582 3482 εἶπες
2614 3418 2762 3489 αὐτῷ
2799 3417 2988 3487 λόγον;
3016 3418 3110 3471 καὶ
3141 3418 3347 3489 ἀπῆλθε
3379 3417 3739 3489 λυπούμενος.

2157 3512 2265 3565 Καὶ
2309 3511 2456 3579 λέγει
2504 3510 2654 3581 αὐτῷ
2683 3512 2711 3563 6
2746 3510 2959 3581 γέρων·
2995 3509 3157 3562 Φύσει
3201 3511 3300 3563 οὐκ
3336 3510 3521 3579 ἔλεγον
3553 3511 3738 3581 αὐτῷ’

2155 3603 2587 3676 πραγματευτὴς
2626 3602 2735 3674 γάρ
2776 3604 2914 3665 ἐστι,
2947 3601 3042 3655 καὶ⁹
3086 3603 3166 3665 είς
3206 3601 3518 3674 ἀλλοτρίους
3550 3602 3745 3671 λόγους

2157 3694 2300 3748 θέλει
2330 3693 2670 3761 δοξάζεσθαι.

2225 3783 2285 3839 δ’.
2329 3780 2464 3837 Εἷπε
2498 3784 2693 3839 πάλιν
2737 3780 2864 3837 Ἐὰν
2891 3782 3033 3847 ἐξεις
3062 3782 3242 3853 φιλίαν
3268 3785 3407 3855 μετὰ
3446 3784 3613 3851 τινὸς,
3648 3783 3746 3839 καὶ

2159 3875 2339 3948 συμϐῇ
2368 3875 2529 3930 αὑτὸν
2576 3877 2659 3939 εὶς
2702 3875 3005 3946 πειρασμὸν
3034 3876 3293 3946 πορνείας
3332 3876 3614 3946 ἐμπεσεῖν,
3648 3873 3744 3929 ἐὰν

2156 3966 2382 4021 δύνασαι
2431 3966 2521 4029 δὸς
2578 3964 2730 4035 αὑτῷ
2777 3967 2956 4036 χεῖρα,
3006 3965 3104 4018 καὶ
3146 3964 3373 4020 ἕλκυσον
3403 3965 3565 4020 αὑτδν
3608 3966 3742 4020 ἄνω.

2169 4057 2298 4112 Ἐὰν
2338 4057 2395 4110 δέ
2420 4059 2500 4121 εἰς
2537 4055 2749 4127 αἵρεσιν
2782 4044 3019 4130 ἐμπέσῃ,
3051 4058 3146 4112 καὶ
3171 4058 3246 4128 μὴ
3277 4056 3472 4129 πεισθῇ
3502 4073 3583 4110 σοι
3606 4058 3743 4110 dum

2161 4150 2485 4221 στραφῆναι,
2535 4147 2747 4220 ταχέως
2787 4148 2956 4221 κόψον
2999 4149 3161 4203 αὐτὸν
3206 4149 3316 4203 ἀπὸ
3364 4147 3460 4202 σοῦ
3483 4166 3496 4180 ο
3533 4150 3746 4219 μήποτε

2162 4238 2437 4312 βραδύνων
2469 4240 2966 4312 συγκατασπασθῇς
2989 4239 3140 4314 αὐτῷ
3169 4242 3250 4304 είς
3275 4240 3366 4294 τὸν
3400 4240 3590 4313 βόθρον
3606 4241 3674 4296 ⁸⁸.

2231 4427 2295 4473 ε’.
2374 4418 2602 4490 Ἔλεγον
2626 4420 2752 4492 περὶ
2777 4419 2869 4474 τοῦ
2895 4420 3040 4475 assa
3064 4417 3342 4490 Θεοδώρου
3364 4417 3460 4472 τοῦ
3483 4418 3583 4490 τῆς
3607 4419 3746 4490 Φέρ-

473 4510 621 4584 quml
657 4512 712 4567 in
744 4513 831 4569 his
861 4513 1040 4572 tribus
1069 4517 1343 4587 capitibus
1381 4534 1549 4590 supra
1594 4521 1798 4576 multos
1826 4521 2047 4577 excelle-

2166 4529 2293 4584 μης,
2328 4513 2409 4566 ὅτι
2445 4512 2514 4566 τὰ
2557 4511 2683 4584 τρία
2720 4510 2893 4565 ταῦτα
2923 4511 3195 4580 κεφάλαια
3229 4506 3375 4582 εἶχεν
3409 4510 3551 4582 ὑπὲρ
3606 4509 3742 4563 πολ-

476 4612 559 4660 ret
588 4623 600 4659 :
634 4604 689 4659 in
715 4612 1056 4677 paupertate,
1087 4608 1142 4663 in
1175 4611 1518 4676 austeritate,
1550 4619 1607 4666 et
1662 4612 1716 4666 in
1771 4611 2057 4668 hominum

477 4698 630 4767 fuga.

549 4791 601 4843 6.
640 4788 755 4860 (δὲ)
786 4788 1006 4848 Vacans
1049 4790 1349 4862 aliquando
1393 4793 1536 4848 inter
1584 4808 1681 4849 eos
1733 4793 2061 4849 versabatur

478 4883 651 4936 abbas
711 4878 1079 4946 Theodorus;
1139 4896 1378 4954 cumque
1441 4883 1835 4950 comederent,
1869 4900 2056 4942 sumev

476 4971 1104 5029 hantcum'reverentia
1142 4970 1342 5026 calices
1387 4971 1580 5039 taciti,
1638 4986 1741 5028 nec
1799 4974 2058 5029 dicebant

477 5063 655 5119 illud:
694 5064 938 5136 Ignosce.
973 5062 1041 5116 Et
1070 5063 1210 5119 dixit
1230 5064 1400 5121 abbas
1438 5064 1808 5122 Theodorus:
1841 5067 2058 5125 Amise-

478 5163 602 5209 tnnt
633 5156 890 5212 monachi
912 5155 1253 5211 nobilitatem
1285 5171 1463 5225 suam,
1487 5157 1691 5224 dicere,
1726 5156 1969 5231 Ignosce.

2161 4602 2319 4667 λούς’
2359 4604 2458 4675 τὴν
2500 4603 2907 4675 ἀκτημοσύνην,
2950 4603 3050 4674 τὴν
3094 4603 3351 4673 ἄσκησιν,
3391 4602 3575 4656 καὶτὸ
3617 4600 3748 4671 φεύ·-

2161 4712 2279 4766 γειν
2305 4696 2431 4758 τοὺς
2464 4693 2559 4747 ἀνθ
2568 4694 2805 4765 ρώπους.

2234 4793 2309 4853 ς’.
2349 4785 2661 4857 Εὑκαίρησέ
2704 4800 2832 4836 ποτε
2886 4782 2915 4835 6
2962 4781 3139 4847 ἀὸσᾶς
3170 4783 3444 4856 Θεόδωρος
3491 4784 3607 4855 μετ’
3651 4788 3751 4842 αὖ..

2160 4877 2336 4933 τῶν⁹⁹
2359 4894 2374 4909 ο
2408 4876 2504 4930 καὶ
2550 4874 2836 4928 ἐσθιόντων
2864 4873 3064 4942 αὐτῶν,
3097 4876 3217 4928 κατ’
3257 4874 3547 4930 εὐλάϐειαν
3574 4875 3749 4947 ἐλάμ-

2163 4968 2324 5023 6ανον
2348 4966 2418 5020 τὰ
2433 4965 2665 5037 ποτήρια
2698 4960 3030 5026 σιωπῶντες,
3049 4962 3142 5016 καὶ
3173 4963 3275 5017 οὐκ
3301 4962 3487 5033 ἔλεγον
3518 4964 3579 5018 τὸ
3602 4965 3754 5033 Συγ-

2161 5057 2463 5130 χώρησον.
2503 5054 2612 5109 Καὶ
2643 5049 2796 5107 εἶπεν
2836 5052 2866 5105 6
2895 5050 3070 5115 ἀϐὅᾶς
3090 5052 3363 5125 Θεόδωρος
3385 5067 3398 5081 ·
3437 5052 3761 5128 ’Δπώλεσαιλ

2162 5153 2212 5208 oi
2245 5150 2470 5223 μοναχολ⁸
2500 5148 2598 5221 τὴν
2619 5144 2897 5216 εὐγένειαν
2917 5144 3119 5215 αὐτῶν,
3148 5144 3212 5200 τὸ
3238 5144 3417 5215 λέγειν
3437 5146 3479 5211 ⁸,
3512 5132 3762 5219 Συτχιὲνὲ

2157 5257 2380 5313 ρησον.

544 5407 590 5439 ’³
620 5406 705 5463 Al.
732 5408 914 5481 βυθόν.
988 5417 1035 5449 θ’
1058 5417 1147 5472 Al.
1176 5418 1294 5490 μετ’
1318 5417 1565 5491 ἀδελφῶν
1593 5422 1674 5487 εἰς
1697 5421 1914 5496 Σκῆτιν.
2008 5422 2026 5455 ⁸

2159 5436 2170 5477 ι
2199 5421 2262 5475 τὸ
2291 5421 2472 5492 λέγειν
2496 5423 2588 5480 alii
2619 5425 2694 5500 μὴ
2719 5426 2996 5498 λέγοντες.

548 5587 663 5659 (ἲὶἹ)
706 5586 815 5659 Vit.
850 5587 1005 5659 Patr.
1040 5606 1118 5655 vr,
1148 5594 1201 5647 6.

547 5656 663 5729 (58)
712 5658 819 5714 Vit.
856 5656 1010 5729 Patr.
1041 5675 1135 5725 vn,
1169 5662 1222 5715 5.

444 5793 447 5796 ,
560 5728 667 5803 (5.9)
706 5729 811 5785 Vit.
843 5728 996 5784 Patr.
1030 5743 1146 5796 vm,
1176 5730 1229 5784 6.

2244 5593 2357 5664 (60)
2395 5594 2502 5650 νὶι.
2538 5594 2689 5652 Patr.
2725 5615 2781 5663 κ,
2810 5600 2903 5656 25.

2267 5595 2337 5650 60
2395 5595 2502 5650 νὶι.
2538 5595 2689 5652 Patr.
2725 5615 2781 5663 ι,
2810 5600 2861 5655 ἓξ

2267 5665 2327 5719 61
2407 5664 2515 5722 Vit.
2558 5666 2709 5722 Patr.
2744 5686 2781 5731 ι,
2812 5670 2861 5722 7.

2267 5595 2363 5808 62}
2395 5735 2499 5791 Vit.
2536 5736 2684 5808 Patr.
2716 5755 2804 5803 xv,
2830 5736 2861 5791 Ξ

2267 5672 2327 5719 61
2410 5672 2515 5722 γει.
2558 5672 2709 5722 Patr.
2744 5686 2781 5731 ι,
2812 5672 2861 5722 7.

2242 5672 2363 5808 ὶθὲζ
2395 5735 2499 5791 Vit.
2536 5736 2684 5811 Patr.
2716 5755 2804 5803 xv,
2830 5736 2920 5793 20.
