4012 6208
298 378 413 434 ιω

1482 377 2094 435 ΑΡΟΡιΙΤΙΙΞὶϐΗΑΤΑ
2133 379 2439 440 PATRUM.

3478 365 3584 449 ibo

377 495 445 557 ζ’.
496 493 810 565 Ἦρὼτησεν
832 493 995 548 αὐτὸν
1018 493 1267 567 ἁδελφὸς,
1292 495 1485 564 λέγων’
1512 494 1718 560 Θέλεις,
1741 496 1904 563 ἀδόᾶ,

2083 499 2134 553 7.
2160 499 2272 573 (6i)
2300 499 2662 560 Percontatus
2683 512 2771 560 est
2796 518 2920 561 eum
2950 506 3122 565 frater
3150 526 3166 565 :
3195 507 3387 577 Visne,
3419 513 3582 577 abba,

310 586 519 658 μικρὰς
546 586 761 657 ἡμέρας
811 585 886 657 μὴ
933 586 1095 656 φάγω
1127 587 1315 658 ἄρτονς
1362 588 1475 643 Καὶ
1522 586 1669 656 λέγει
1701 588 1851 660 αὑτῷ
1879 590 1908 643 6

310 676 518 749 γέρων
544 678 742 742 Καλῶς
779 681 952 741 ποιεῖς
971 696 984 709 ·
1013 679 1238 751 καὶγὰρ
1264 678 1421 749 κάγὼ
1450 680 1685 753 ἐποίησα
1713 680 1904 746 οὕτως.

311 769 422 821 Kal
449 769 597 839 λέγει
626 767 780 840 αὐτῷ
798 771 827 824 6
854 769 1083 839 ἀδελφός
1104 786 1118 802 ο
1145 769 1300 824 Θέλω
1322 767 1416 825 οὖν
1445 770 1664 826 λαϐεῖν²
1693 771 1762 827 τὰ
1789 774 1908 844 ἐρε-

311 859 501 915 ϐίνθιὰ
545 879 647 931 μου
699 862 780 923 εἰς
820 861 882 913 τὸ
923 861 1301 932 ἀρτοκοπεῖον,
1345 863 1443 916 καὶ
1490 863 1716 934 ποιῆσαι
1767 864 1907 921 αὺτά

307 952 567 1027 ἄλευρον..
594 956 706 1008 Kal
727 954 877 1024 λέγει
904 953 1053 1026 αὑτῷ
1075 955 1106 1009 6
1146 954 1327 1027 γέρων
1345 970 1360 986 ⁸
1392 955 1458 1008 El
1485 955 1651 1010 πάλιν
1672 956 1905 1026 ὑπάγεις

310 1046 393 1109 εἰς
424 1045 487 1097 τὸ
515 1046 894 1117 ἀρτοκοπεῖον,
938 1045 1169 1116 ποίησον
1213 1045 1305 1099 τὸν
1335 1046 1500 1117 ἄρτον
1536 1062 1662 1100 σου·
1694 1047 1790 1102 καὶ
1824 1047 1906 1111 τίς

309 1140 345 1209 ἡ
374 1137 535 1209 χρεία
563 1139 663 1210 τῆς
686 1139 972 1211 ἐξαγωγῆς
999 1137 1206 1209 ταύτης
1225 1137 1375 1208 (οδγς

384 1235 455 1298 η’.
498 1225 676 1283 τιὶλθέ
722 1248 805 1295 τις
841 1229 953 1284 τῶν
982 1228 1253 1301 γερόντων
1284 1228 1421 1300 πρὸς
1445 1226 1538 1281 τὸν
1576 1226 1752 1282 ἀὸδᾶν
1778 1227 1908 1281 Θεό-

310 1319 506 1391 δωρον,
533 1323 630 1374 καὶ
662 1317 819 1374 εἶπεν
867 1320 1050 1391 αὐτῷ·
1100 1318 1228 1374 Ἰδοὺ
1255 1322 1283 1373 6
1306 1320 1452 1373 δεῖνα
1479 1320 1508 1371 6
1537 1318 1763 1388 ἀδελφὸς
1805 1319 1909 1371 ὐπ-

310 1412 580 1483 έστρεψεν
613 1414 695 1475 εἰς
730 1412 823 1466 τὸν
865 1412 1093 1482 κόσμον.
1128 1412 1238 1466 Kal
1264 1407 1418 1466 εἶπεν
1451 1410 1600 1481 αὐτῷ
1637 1411 1666 1464 6
1693 1411 1903 1481 γέρωνο

330 1502 460 1555 Ἐπὶ
489 1504 659 1574 τούτῳ
697 1503 1039 1575 θαυμάζεις;
1075 1504 1150 1575 μὴ
1190 1502 1501 1573 θαυμάσῃς,
1532 1501 1668 1556 ἀλλά
1695 1501 1908 1572 θαύμα-

321 1610 418 1646 σον
460 1596 655 1664 μᾶλλον
687 1595 783 1650 ἐὰν
824 1594 1068 1667 ἀκούσῃς
1114 1595 1196 1648 ὅτι
1239 1594 1477 1665 ἠδυνήθη
1518 1611 1600 1659 τις
1649 1596 1906 1663 ἐκφυγεῖν

315 1683 429 1737 ἀπὸ
457 1686 548 1738 τοῦ
588 1687 855 1757 στόματος
882 1690 976 1743 τοῦ
1010 1685 1229 1758 ἐχθροῦ.

388 1772 451 1828 θ’.
511 1775 765 1844 Ἀδελφός
792 1793 875 1839 τις
898 1772 1065 1847 ἦλθεν
1111 1775 1248 1847 πρὸς
1280 1775 1373 1828 τὸν
1405 1774 1580 1829 ἀσόἄν
1609 1773 1903 1844 Θεόδωρον,
1972 1780 1975 1781 ⁷

2012 599 2068 645 ιιι
2101 590 2306 660 aliquot
2335 591 2533 649 diebus
2560 607 2671 648 non
2707 596 2990 651 comedam
3015 602 3252 669 panem?
3282 600 3579 671 Respondit

2010 697 2219 738 senex:
2275 682 2447 739 Recte
2511 684 2723 755 facies;
2773 702 2873 759 ego
2910 692 3109 744 etenim
3170 692 3244 746 ita
3316 693 3441 749 feci.
3495 695 3588 750 Ait

2009 767 2219 827 frater:
2250 769 2387 827 Volo
2436 774 2602 844 igitur
2649 782 2865 844 portare
2903 778 3171 832 cicercula
3196 795 3315 835 mea
3366 781 3431 834 ad
3470 782 3588 852 pis-

2008 862 2240 929 trinum,
2288 871 2348 918 ut
2379 864 2504 919 inde
2528 864 2707 919 farina
2750 866 2862 920 fiat.
2907 865 3048 922 Tum
3109 885 3325 925 senex:
3370 870 3449 936 Si,
3502 875 3586 927 in-

2008 954 2148 1024 quit,
2216 953 2415 1009 iterum
2466 956 2532 1009 ad
2582 956 2873 1026 pistrinum
2938 958 3347 1027 proficisceris,
3389 975 3584 1030 panem

2007 1050 2161 1101 tuum
2195 1043 2320 1111 fac;
2345 1053 2399 1099 et
2434 1061 2554 1112 qua:
2586 1046 2790 1102 utilitas
2820 1062 2887 1102 ex
2925 1047 3029 1103 ista
3060 1051 3492 1120 exportatione?

2080 1225 2134 1281 8.
2166 1223 2279 1296 (θὸ)
2312 1224 2472 1280 Venit
2502 1225 2700 1295 aliquis
2724 1226 2997 1282 esenibus
3029 1226 3093 1280 ad
3128 1227 3378 1282 abbatem
3409 1226 3587 1282 Theo-

2005 1315 2221 1378 dorum;
2274 1316 2518 1384 dixitque
2573 1317 2622 1370 ei
2683 1334 2697 1369 :
2768 1315 2907 1371 Ecce
2967 1317 3056 1371 ille
3103 1316 3272 1371 frater
3330 1332 3581 1373 reversus

2008 1407 2183 1463 estad
2209 1409 2490 1461 saeculum.
2532 1407 2595 1460 Et
2618 1408 2692 1462 ait
2725 1423 2891 1464 senex
2922 1426 2938 1463 :
2971 1408 3084 1462 [lac
3123 1410 3190 1463 de
3229 1424 3286 1463 re
3323 1408 3588 1463 miraris?

2004 1498 2279 1552 Admirari
2329 1499 2481 1565 noli;
2521 1500 2616 1554 sed
2669 1500 2871 1554 mirare
2912 1500 3116 1570 magis,
3166 1514 3289 1553 cum
3344 1500 3586 1556 audieris

2006 1589 2250 1659 potuisse
2279 1588 2590 1657 quempiam
2623 1587 2861 1659 effugere
2895 1604 2962 1642 ex
3003 1603 3097 1642 ore
3136 1587 3368 1643 inimici.

2075 1758 2129 1814 9.
2174 1758 2284 1829 (66)
2320 1752 2549 1826 Quidam
2585 1770 2748 1817 lrater
2782 1761 2931 1816 venit
2956 1763 3022 1817 ad
3055 1762 3306 1817 abbatem
3339 1760 3586 1817 Theodo-

313 1864 413 1920 καὶ
432 1864 644 1941 ἡρξατο
668 1865 850 1918 λαλεῖν
874 1867 961 1919 καὶ
985 1864 1260 1932 ἐξετάζειν
1294 1866 1616 1937 πράγματα,
1645 1857 1721 1918 ὧν
1752 1863 1905 1916 οὔπω

2025 1862 2153 1912 'um,
2187 1858 2243 1904 et
2271 1851 2439 1920 coepit
2468 1852 2617 1921 loqui
2647 1867 2712 1907 ac
2733 1850 3044 1921 disquirere
3066 1851 3133 1907 de
3156 1852 3321 1907 rebus
3351 1867 3586 1923 quarum

311 1954 421 2024 τὴν
451 1956 719 2024 ἐργασίαν
751 1955 932 2009 ἐποίει.
963 1955 1072 2010 Καὶ
1101 1955 1248 2023 λέγει
1273 1955 1422 2025 αὐτῷ
1444 1956 1471 2007 6
1498 1954 1678 2026 γέρων
1698 1969 1711 1985 '
1741 1950 1909 2006 Οὔπω

315 2038 489 2114 εὗρες
517 2046 581 2096 τὸ
612 2045 809 2111 πλοῖον,
832 2047 950 2100 οὐδὲ
991 2047 1061 2101 τὰ
1101 2046 1268 2116 σκεύη
1306 2063 1398 2098 σου
1439 2044 1647 2109 ἔϐαλες,
1680 2043 1773 2097 καὶ
1804 2043 1909 2114 πρὸ

316 2136 423 2189 τοῦ
480 2136 730 2203 πλεῦσαι,
756 2138 855 2210 ἤδη
904 2140 986 2202 εἰς
1032 2137 1130 2208 τὴν
1182 2138 1339 2191 πόλιν
1384 2137 1599 2206 ἐκείνην
1645 2135 1907 2203 ἀπῆλθες.

316 2226 549 2299 Πρῶτον
578 2229 704 2281 ὅταν
728 2230 961 2300 ποιήσῃς
984 2228 1044 2283 1:6
1066 2228 1247 2301 ἔργον,
1265 2227 1402 2299 ἔρχῃ
1421 2230 1498 2291 εἰς
1522 2227 1558 2281 ἃ.
1583 2226 1678 2281 νῦν
1704 2226 1906 2290 λαλεῖς.

395 2494 444 2542 ι’.
493 2486 556 2543 '0
588 2488 753 2552 αὑτός
785 2504 916 2541 ποτε
955 2485 1227 2558 παρέϐαλε
1275 2484 1354 2555 τῷ
1398 2482 1541 2554 ἁεϐᾷ
1584 2482 1805 2554 Ἰωάννῃ
1833 2481 1910 2553 τῷ

316 2580 430 2631 ἀπὸ
510 2580 820 2650 γεννήσεως
866 2577 1131 2647 εὐνούχῳο
1196 2576 1290 2628 καὶ
1340 2573 1646 2627 λαλούντων
1706 2572 1908 2638 αὐτῶν,

323 2659 504 2725 εἶπεν·
536 2669 710 2724 Ὀταν
748 2670 901 2741 ἤμην
941 2670 1021 2732 εις
1070 2667 1291 2739 Σκῆτιν,
1321 2665 1390 2718 τὰ
1430 2664 1569 2737 ἔργα
1603 2663 1705 2733 τῆς
1728 2661 1909 2733 ψυχῆς

314 2756 393 2835 ἦν
432 2762 492 2816 τὸ
528 2762 687 2834 ἔργον
735 2762 919 2834 ἡμῶν,
952 2760 1014 2813 τὸ
1053 2758 1111 2813 δὲ
1150 2759 1465 2831 ὲργόχειρον
1507 2757 1584 2822 ὼς
1628 2755 1911 2828 πάρεργον

315 2854 569 2924 εἰλομεν·
610 2854 705 2908 νῦν
734 2854 791 2907 δὲ
821 2852 1012 2922 γέγονε
1047 2852 1107 2905 τὸ
1136 2850 1295 2922 ἔργον
1324 2850 1423 2920 τῆς
1450 2847 1628 2918 ψυχῆς
1655 2845 1731 2911 ὡς
1770 2846 1913 2916 πάρ-

317 2959 505 3013 εργον,
530 2946 624 2997 καὶ
654 2945 715 2997 τὸ
747 2945 1024 3017 πάρεργον
1052 2944 1232 3013 ἔργον.
1296 2927 1298 2929 ἀ

395 3125 484 3173 ια’.
535 3118 818 3189 Ἠρώτησε
865 3118 923 3171 δὲ
970 3117 1132 3171 αὑτὸν
1182 3114 1431 3183 ἀδελφὸς,
1479 3112 1683 3180 λέγων*
1747 3108 1907 3163 Ποῖόν

2009 1940 2253 1995 nondum
2279 1942 2668 2011 experientiam
2711 1959 2808 2013 per
2862 1958 3027 2014 opera
3058 1943 3316 1999 habebat.
3358 1945 3505 1998 Dixit
3533 1944 3586 2000 ei

2011 2047 2174 2087 senex
2201 2049 2215 2085 :
2251 2032 2505 2087 Nondum
2536 2051 2728 2090 navem
2756 2044 2949 2092 nactus
2979 2053 3070 2099 es,
3108 2051 3208 2092 nec
3250 2038 3303 2090 in
3336 2050 3454 2091 eam
3481 2038 3589 2091 im-

2012 2124 2241 2193 posuisti
2273 2124 2666 2192 supellectilem
2718 2134 2865 2179 tuam
2897 2142 2911 2193 ζ
2943 2135 2997 2180 et
3026 2134 3319 2195 antequam
3363 2126 3587 2195 naviga-

2014 2216 2178 2280 veris,
2206 2216 2316 2284 jam
2343 2216 2396 2268 in
2432 2215 2707 2271 civitatem
2740 2216 3067 2287 pervenisti.
3104 2217 3245 2286 Ergo
3276 2232 3399 2270 cum
3434 2216 3589 2285 prius

2011 2322 2150 2376 Opus
2178 2307 2445 2375 effeceris,
2474 2308 2597 2362 veni
2631 2307 2700 2362 ad
2763 2323 3050 2364 sermones
3101 2323 3240 2377 quos
3297 2322 3444 2361 nunc
3504 2307 3589 2361 lo-

2010 2411 2218 2466 quens.

2086 2487 2171 2541 10.
2198 2485 2310 2557 (67)
2370 2483 2511 2540 idem
2571 2485 2866 2554 aliquando
2927 2482 3167 2541 accessit
3207 2483 3271 2539 ad
3336 2487 3591 2541 albatem

2010 2576 2302 2644 Joannem,
2339 2577 2490 2631 illiilli
2526 2593 2591 2631 ex
2635 2577 2915 2631 nativitale
2943 2578 3299 2632 eumrchum:
3344 2584 3397 2632 et
3450 2578 3594 2633 inter

2011 2666 2461 2736 colloquendum,
2495 2666 2675 2720 dixit:
2728 2666 2959 2732 Quando
3010 2668 3065 2721 in
3101 2666 3251 2721 Sceti
3291 2666 3547 2721 versabar
3572 2704 3593 2733 ,

2010 2774 2180 2829 Opera
2211 2759 2407 2812 anima:
2435 2767 2591 2811 erant
2623 2773 2761 2827 opus
2790 2767 3067 2823 nostrum,
3098 2772 3265 2827 opera
3308 2773 3439 2812 vero
3472 2771 3593 2811 ma-

2012 2866 2179 2906 nuum
2212 2850 2355 2904 velut
2388 2848 2573 2917 operis
2598 2849 2973 2904 accessionem
3017 2848 3357 2904 habebamus
3386 2864 3401 2913 ;
3445 2860 3594 2902 nunc

2011 2957 2139 2997 vero
2183 2955 2323 3010 opus
2363 2940 2558 2994 anima:
2607 2940 2780 2993 evasit
2838 2940 2894 2993 in
2943 2940 3126 3009 operis
3186 2940 3590 3002 accessionem,

2008 3043 2062 3088 et
2096 3031 2278 3102 operis
2309 3031 2556 3086 accessio
2609 3030 2663 3083 in
2695 3044 2853 3098 opus.

2084 3126 2171 3179 fl.
2199 3122 2556 3193 Interrogavit
2592 3130 2774 3177 autem
2808 3123 2960 3177 illum
2994 3123 3185 3185 frater,
3238 3122 3356 3190 sicz:
3410 3113 3594 3186 Quod-

321 3211 439 3265 ὶστι
464 3209 527 3262 τὸ
548 3210 709 3281 ἔργον
734 3210 832 3279 τῆς
860 3208 1059 3279 ψυχῆς,
1098 3207 1127 3260 ὃ
1155 3206 1251 3260 νῦν
1283 3204 1355 3269 ὡς
1388 3204 1665 3275 πάρεργον
1690 3199 1908 3271 ἔχομεν,

2025 3232 2139 3271 nam
2166 3224 2252 3274 est
2279 3232 2417 3287 opus
2442 3217 2640 3271 animm
2667 3216 2814 3289 quod
2857 3229 3004 3269 nunc
3052 3214 3203 3268 velut
3235 3212 3594 3284 appendicem

320 3304 420 3357 καὶ
446 3303 598 3356 ποῖόν
626 3304 741 3355 ἐστι
766 3300 828 3355 τὸ
852 3302 1148 3374 πάρεργον,
1178 3299 1206 3352 ὃ
1234 3296 1327 3351 νῦν
1359 3296 1514 3366 ἔργον
1539 3293 1765 3365 ἔχομενς
1806 3292 1915 3344 Kal

317 3393 476 3463 λέγει
513 3395 542 3446 6
566 3393 774 3466 γέρωνο
815 3393 1002 3446 Πάντα
1037 3391 1108 3444 τά
1145 3390 1407 3460 γινόμενα
1435 3386 1526 3440 διὰ
1565 3386 1663 3456 τὴν
1691 3382 1913 3453 ἐντολὴν

321 3487 418 3545 τοῦ
442 3485 600 3551 Θεοῦ,
634 3485 794 3558 ἔργον
826 3484 1006 3555 ψυχῆς
1033 3486 1152 3537 ἐστι
1175 3500 1189 3512 ·
1218 3481 1278 3535 τὸ
1306 3479 1362 3533 δὲ
1389 3481 1469 3542 εἰς
1510 3478 1666 3547 λόγον
1699 3474 1915 3530 ἑαυτῶν

323 3577 657 3650 ἐργάζεσθαι
678 3578 773 3630 καὶ
801 3576 1075 3644 συνάγειν,
1100 3574 1256 3627 τοῦτο
1295 3572 1569 3642 πάρεργον
1596 3568 1742 3639 ἔχειν
1766 3567 1917 3637 ὀφεί-

320 3670 512 3740 λομεν.
546 3669 653 3722 Kal
677 3668 827 3735 λέγει
857 3670 886 3721 6
913 3664 1159 3735 ἀδελφός·
1187 3661 1493 3734 Σαφήνισόν
1535 3678 1625 3731 μοι
1645 3659 1742 3731 τὴν
1776 3658 1913 3713 ὑπόο

324 3762 478 3815 θεσιν
504 3760 729 3831 ταύτην.
764 3759 875 3812 Kal
897 3757 1044 3827 λέγει
1078 3757 1106 3808 6
1134 3756 1313 3826 γέρων
1335 3771 1349 3785 ³
1389 3753 1519 3806 Ἰδοὺ
1542 3751 1760 3817 ἀκούεις
1785 3751 1914 3823 περὶ

325 3853 465 3925 ἐμοῦ
497 3855 579 3907 ὅτι
605 3850 840 3914 ἀσθενῶ,
869 3851 965 3903 καὶ
997 3848 1234 3918 ὀφείλεις
1260 3845 1661 3915 ἐπισκέψασθαι
1692 3861 1781 3914 με,
1820 3843 1915 3896 καὶ

326 3943 508 4014 λέγεις
547 3945 605 3995 ἐν
635 3936 843 4013 ἑαυτῷο
875 3938 1208 3993 Καταλιπεῖν
1236 3937 1346 4008 ἔχω
1372 3937 1430 3990 τὸ
1463 3935 1622 4008 ἔργον
1670 3952 1792 4005 μου,
1824 3933 1916 3986 καὶ

327 4033 426 4088 νῦν
470 4032 766 4097 ἀπελθεῖν;
809 4030 947 4084 ἀλλά
1001 4028 1277 4103 πληρὼσω
1324 4029 1562 4102 πρῶτον,
1612 4029 1707 4082 καὶ
1743 4026 1915 4090 οὕτως

330 4124 667 4195 ἀπέρχομαι.
717 4121 980 4192 Ἔρχεται
1014 4121 1073 4175 δέ
1117 4137 1199 4181 σοι
1240 4120 1335 4175 καὶ
1365 4119 1502 4190 ἄλλη
1546 4118 1790 4190 ἀφορμὴ.
1823 4117 1919 4171 καὶ

331 4215 471 4284 τάχα
498 4213 621 4266 οὐδὲ
659 4212 797 4275 ὅλως
833 4211 1087 4280 ὑπάγεις.
1127 4210 1299 4266 Πάλιν
1329 4209 1489 4272 ἄλλος
1517 4208 1743 4277 ἀδελφὸς
1770 4207 1917 4275 λέγει

336 4323 417 4359 σοι
438 4324 452 4337 ·
477 4304 577 4367 Δός
602 4320 693 4376 μοι
711 4306 889 4375 χεῖρα,
911 4303 1135 4372 ἀδελφέί
1164 4303 1260 4357 καὶ
1285 4301 1496 4370 λέγεις·
1530 4301 1679 4371 ’Έχω
1707 4299 1917 4368 deierat

332 4398 395 4451 τὸ
416 4396 579 4469 ἔργον
607 4413 733 4467 μου,
766 4397 858 4450 καὶ
885 4394 1139 4451 ἀπελθεῖν
1171 4393 1511 4466 ἐργάσασθαι
1541 4392 1679 4463 μετὰ
1704 4390 1916 4457 reticeo;

347 4487 476 4541 Ἐὰν
501 4484 597 4540 οὖν
640 4488 713 4558 μὴ
752 4486 1014 4556 ἀπέλθῃς,
1042 4485 1224 4555 ἀφίεις
1250 4484 1349 4556 τὴν
1389 4482 1609 4553 ἐντολὴν
1636 4481 1728 4535 τοῦ
1759 4480 1917 4545 Θεοῦ,

2020 3311 2304 3375 habemus,
2339 3317 2396 3364 et
2443 3324 2695 3379 quaenam
2732 3309 3003 3379 appendix
3060 3322 3223 3377 quam
3258 3308 3404 3361 velut
3455 3320 3596 3375 opus

2015 3400 2311 3457 ducimus?
2351 3399 2656 3471 Respondit
2693 3413 2857 3454 senex
2893 3416 2907 3452 :
2960 3397 3312 3465 Quaecunque
3343 3395 3476 3447 fiunt
3529 3407 3598 3447 ex

2016 3490 2275 3545 mandato
2310 3488 2429 3556 Dei,
2466 3504 2607 3559 opus
2651 3488 2848 3542 anima:
2884 3495 3055 3552 sunt;
3105 3493 3160 3539 at
3201 3490 3453 3554 respectu
3511 3481 3600 3537 sui

2018 3584 2255 3654 operari,
2295 3590 2352 3637 et
2380 3595 2732 3651 congregare,
2767 3581 2873 3635 hoc
2918 3594 3019 3651 pro
3049 3576 3348 3648 appendice
3398 3574 3600 3628 habere

2017 3676 2299 3731 debemus.
2335 3672 2530 3727 Frater
2557 3673 2809 3742 etcepit:
2844 3671 3072 3726 Declara
3107 3670 3239 3724 mihi
3275 3669 3418 3722 banc
3456 3680 3595 3721 rem.

2021 3765 2195 3821 Senex
2224 3782 2239 3819 :
2269 3763 2430 3827 Ecce,
2463 3762 2624 3817 audis
2651 3777 2737 3816 me
2771 3769 3061 3830 mgrotare,
3098 3775 3336 3829 cumque
3371 3756 3600 3813 visitare

2019 3872 2105 3912 me
2134 3855 2356 3921 debeas,
2393 3853 2533 3910 dicis
2562 3851 2706 3922 apud
2741 3858 2794 3906 te
2820 3869 2834 3905 :
2861 3851 2944 3905 An
2975 3850 3272 3904 relicturus
3307 3862 3427 3904 sum
3459 3860 3602 3915 opus

2019 3962 2223 4012 meum,
2251 3952 2414 4016 atque
2447 3943 2799 4015 profecturus
2837 3941 3012 3995 mox?
3059 3938 3259 3995 Verum
3312 3935 3597 4008 perficiam

2021 4040 2193 4111 prius,
2230 4039 2421 4107 sicque
2448 4033 2934 4106 pergant..Aecidit
2963 4040 3145 4086 autem
3171 4032 3271 4085 tibi
3302 4030 3408 4084 alia
3441 4041 3609 4082 occu-x

2021 4127 2209 4198 patio;
2244 4132 2299 4180 et
2325 4123 2468 4179 forte
2499 4137 2845 4194 nequaquam
2881 4121 3058 4176 vadis.
3109 4119 3267 4184 Item,
3314 4118 3454 4173 alius
3487 4117 3604 4171 fraa

2023 4227 2103 4273 ter
2127 4217 2258 4272 dicit
2307 4215 2449 4270 tibi:
2489 4214 2713 4285 Porrige
2751 4212 2884 4267 mihi
2947 4227 3167 4266 manum
3194 4250 3209 4276 ,
3270 4210 3459 4265 frater.
3511 4206 3603 4267 Tu

2021 4326 2150 4367 vero
2186 4311 2268 4367 ais
2297 4328 2310 4365 :
2350 4310 2602 4366 Debeone
2636 4310 2910 4365 dimittere
2939 4323 3079 4381 Opus
3121 4322 3321 4371 meum,
3348 4314 3401 4360 et
3438 4305 3591 4359 abire

2020 4401 2088 4456 ad
2134 4401 2470 4472 operandum
2503 4415 2627 4458 cum
2660 4401 2813 4457 isto?
2862 4399 2918 4456 Si
2948 4414 3077 4471 ergo
3108 4414 3218 4454 non
3255 4398 3479 4459 abieris.
3517 4411 3607 4451 re-

2022 4492 2225 4563 linquis
2255 4496 2571 4549 mandatum
2621 4495 2737 4557 Dei,
2770 4492 2917 4564 quod
2948 4498 3035 4549 est
3083 4490 3278 4546 animae
3328 4505 3486 4559 opus,
3546 4494 3607 4543 et.

339 4577 366 4629 ὅ
391 4578 511 4628 ἑστι
546 4576 608 4629 τδ
643 4575 803 4647 ἔργον
841 4576 942 4645 τῆς
972 4573 1172 4645 ψυχῆς,
1207 4575 1303 4627 καὶ
1330 4575 1502 4636 ποιεῖς
1531 4572 1592 4625 τὸ
1619 4572 1913 4645 πάρεργον,

2025 4584 2382 4663 appendicem
2413 4584 2752 4656 exsequeris,
2783 4585 2993 4641 scilicet
3022 4598 3158 4655 Opus
3193 4596 3478 4637 manuum.

336 4667 367 4718 ὃ
385 4669 505 4719 ἐστι
526 4667 586 4719 τὸ
604 4667 763 4737 ἔργον
783 4666 890 4720 τῶν
914 4663 1133 4738 χειρῶν.

412 4761 500 4826 ιβ’.
542 4753 707 4811 Εἶπεν
755 4759 785 4811 6
830 4756 1003 4819 esse;
1041 4754 1315 4826 Θεόδωρος
1353 4754 1382 4806 6
1417 4754 1516 4825 τῆς
1555 4755 1795 4826 Φέρμης,
1840 4756 1921 4811 ὅτι

339 4847 624 4917 ἄνθρωπος
656 4848 873 4919 στήκων
904 4848 984 4911 εἰς
1021 4846 1329 4919 μετάνοιαν,
1376 4845 1436 4897 οὐ
1476 4844 1684 4899 δέδεται
1727 4847 1807 4908 εἰς
1837 4846 1922 4899 ὲν-

334 4940 522 5011 τολήν.

409 5040 502 5101 ιγ’.
551 5033 610 5087 '0
654 5032 819 5097 αὐτὸς
861 5026 1046 5086 εἶπεν·
1099 5029 1272 5103 ΙἈλλη
1306 5029 1477 5102 ἀρετὴ
1508 5028 1609 5083 οὐκ
1641 5027 1810 5094 ἔστιν,
1845 5027 1922 5092 ὡς

330 5126 397 5180 τὸ
427 5126 504 5197 μὴ
527 5117 848 5191 ὲξουθὲνεϊν.

406 5218 493 5272 ιδ’.
534 5217 705 5273 Πάλιν
737 5212 927 5272 εἶπενο
976 5215 1298 5290 Ἄνθρωπος
1351 5213 1534 5289 μαθὼν
1579 5216 1680 5289 τὴν
1721 5212 1922 5283 γλυκύ-

430 5403 453 5432 ’
496 5400 581 5455 AI.
615 5398 814 5470 βαλεῖν.

407 5577 522 5664 (e3)
555 5580 714 5664 Τίς¹ᾐ
743 5580 932 5664 χρεία
960 5575 1070 5664 τῆς
1089 5579 1413 5664 ἐξαγωγῆς.
1431 5582 1686 5664 ταύτης
1721 5579 1911 5664 νρτείο

336 5650 566 5719 antiqua
597 5667 610 5702 ε
648 5650 791 5716 Quid
821 5666 950 5720 opus
975 5662 1053 5706 est
1083 5652 1189 5706 ista
1218 5650 1491 5722 adiectio?
1519 5662 1610 5708 aut
1633 5651 1781 5724 quod
1815 5668 1926 5705 ma-

339 5718 460 5779 lim,
499 5718 756 5774 adiectio.

417 5788 535 5859 (64)
580 5787 682 5844 Vit.
718 5789 872 5848 Patr.
907 5806 1026 5862 vm,
1057 5790 1107 5848 ’1.

2094 4761 2180 4816 1⁵2.
2223 4760 2551 4817 Dixitabbas
2592 4760 2918 4816 Theoaorus
2958 4774 2989 4815 e
3020 4758 3271 4820 Pberme,
3325 4754 3603 4810 hominem

2026 4854 2119 4923 qui
2151 4852 2216 4905 ad
2252 4852 2631 4922 pmniteutiam
2676 4859 2806 4917 stat,
2863 4866 2973 4905 non
3025 4847 3238 4919 alligari
3295 4845 3364 4902 ad
3406 4856 3606 4916 praece—

2028 4952 2201 5014 ptum.

2102 5032 2190 5087 15.
2232 5031 2375 5088 idem
2400 5031 2576 5088 dixit:
2611 5032 2770 5087 Nulla
2800 5042 2974 5087 virtus
3006 5039 3091 5086 est
3114 5029 3261 5094 talis,
3303 5042 3367 5082 ac
3401 5038 3608 5098 nequa—

2030 5139 2194 5195 quam
2225 5131 2598 5178 contemnere.

2105 5214 2192 5271 14.
2231 5213 2390 5270 flunc
2452 5215 2617 5270 etiam
2678 5228 2983 5271 sermonem
3017 5212 3250 5267 habuit:
3288 5208 3466 5264 Homo
3507 5210 3596 5278 qui

2094 5577 2205 5639 (65)
2260 5574 2361 5628 Vit.
2407 5573 2561 5626 Patr.
2598 5588 2649 5637 x,
2680 5571 2774 5627 25.

2102 5648 2213 5709 μεθ)
2260 5644 2362 5698 Vit.
2411 5641 2561 5696 Patr.
2606 5657 2725 5707 vm,
2751 5642 2804 5697 8.

2102 5716 2214 5789 (6'1)
2257 5715 2364 5771 Vit.
2412 5713 2650 5780 Patrax,
2691 5712 2779 5771 34.
