4036 6202
259 195 370 254 ίῦδ

1441 147 2053 243 ΑιιοΡιιτιιεοιιΑΤΑ
2094 180 2406 240 ΡΑτιιυιι.

3442 184 3547 242 194

258 307 506 381 Ὕπαγε,
555 307 796 376 πάτησον
824 303 926 375 τὴν
959 301 1203 375 κεφαλὴν
1235 300 1420 357 αὑτοῦ.
1463 303 1575 357 Καὶ
1604 300 1862 373 φοϐηθεὶς

1986 298 2120 354 :ulea
2152 299 2328 370 ipsius
2358 303 2545 368 caput.
2573 296 2666 353 Ille
2697 297 2927 354 territus
2957 314 3066 354 non
3099 300 3362 371 perrexit.
3384 298 3550 357 Venit

258 406 366 460 οὐκ
398 397 666 471 ἀπῆλθεν.
697 391 872 450 Ἦλθε
903 395 963 449 δὲ
1001 396 1032 448 6
1063 395 1264 468 γέρων,
1298 395 1394 448 καὶ
1425 387 1566 447 εἶδεν
1601 393 1766 446 αὑτὸν
1794 391 1856 446 τὸ

262 497 476 571 θηρίον,
502 493 596 549 καὶ
631 489 1034 563 καταισχυνθὲν
1064 489 1266 560 ἔφυγεν
1287 490 1368 553 είς
1394 489 1492 560 τὴν
1518 487 1746 560 ἔρημον.

338 586 435 644 κδ’.
473 583 763 658 ’Πρώτησὲ
789 599 874 646 τις
894 582 984 636 τὸν
1011 581 1184 636 ἀόδᾶν
1207 579 1480 651 Θεόδωρον
1497 596 1514 612 ο
1547 579 1673 635 Ἐὰν
1702 577 1856 648 ἄφνω

264 679 489 753 γένηταί
521 687 606 742 τις
634 676 865 741 πτῶσις,
889 674 985 729 καὶ
1018 674 1082 728 σὺ
1114 673 1275 744 φοϐῇ,
1299 671 1474 740 ἀ66ἄ;
1509 672 1671 740 Λέγει
1705 669 1858 742 αὐτῷ

265 773 294 824 6
341 769 554 840 γέρωνο
607 765 738 822 Ἐὰν
777 763 1014 836 κολληθῇ
1065 765 1092 816 6
1123 763 1353 834 οὐρανὸς
1381 765 1447 834 τῇ
1495 765 1603 834 γῇ,
1653 762 1858 816 Θεόδω-

267 875 362 930 ρος
411 857 472 910 οὐ
517 855 787 926 φοϐεῖται.
830 848 942 906 Ἦν
998 851 1107 923 γὰρ
1159 852 1371 923 δεηθεὶς
1422 852 1516 906 τοῦ
1554 853 1722 918 θεοῦ,
1769 853 1857 908 ἵνα

266 946 407 1018 ἀρθῇ
457 945 556 998 ἀπ’
604 941 773 998 αὑτοῦ
805 943 840 1014 ἡ
879 941 1069 995 δειλία.
1109 940 1209 994 Διὰ
1243 940 1402 996 τοῦτο
1443 941 1538 995 καὶ
1569 941 1858 1016 ἠρώτησεν

263 1038 457 1091 αὐτόν.

334 1133 435 1180 κε’.
483 1125 736 1195 Ἐλέγετο
777 1123 908 1196 περὶ
936 1117 1124 1187 αὐτοῦ,
1153 1123 1234 1177 ὅτι
1276 1124 1569 1194 γενόμενος
1613 1125 1860 1188 διάκονος

266 1220 350 1282 είς
387 1219 588 1289 Σκῆτιν
631 1217 735 1272 οὐκ
799 1214 960 1288 ἧθελε
1009 1213 1402 1280 καταδέξασθαι
1440 1215 1726 1282 διακονεῖν,
1767 1215 1860 1267 καὶ

267 1312 352 1374 είς
402 1309 630 1372 πολλοὺς
669 1307 868 1371 τόπους
911 1306 1100 1377 ἔφυγε.
1143 1306 1254 1360 Kal.
1303 1305 1462 1359 πάλιν
1509 1307 1558 1360 οί
1604 1306 1859 1377 γέροντες

271 1403 468 1474 ἔφερον
504 1401 688 1466 αὑτὸν,
741 1399 1024 1468 λέγοντες⁵
1055 1398 1145 1467 Μὴ
1193 1398 1499 1470 καταλίπῃς
1531 1397 1628 1468 τὴν
1677 1397 1862 1450 διακο-

270 1495 394 1548 νίαν
428 1510 546 1546 σου.
586 1492 751 1562 Λέγει
796 1492 982 1554 αὐτοῖς
1017 1493 1046 1544 6
1083 1489 1256 1554 ἁδϐἄς
1285 1489 1588 1560 Θεόδωρος·
1627 1489 1861 1544 Ἐἀσατέ

275 1601 368 1655 με.
404 1585 497 1637 καὶ
523 1583 718 1654 δέομαι
749 1581 843 1636 τοῦ
870 1580 1026 1645 Θεοῦ,
1057 1583 1105 1633 εί
1132 1581 1541 1651 πληροφορήσει
1571 1597 1639 1650 με
1672 1581 1861 1652 στῆναι

1965 397 2152 446 autem
2178 405 2380 455 senex;
2408 387 2504 444 sed
2531 388 2620 443 ubi
2647 388 2937 458 conspexit
2960 405 3085 444 eum
3109 405 3358 461 serpens,
3385 391 3548 462 quasi

1958 482 2168 550 pudore
2196 480 2464 542 sutlusus,
2493 479 2709 550 aufugit
2738 480 2791 534 in
2821 481 3196 536 solitudinem.

2029 573 2121 628 ει.
2165 572 2276 643 (69)
2319 571 2532 641 Aliquis
2571 572 2823 626 abbatem
2857 570 3206 627 Theodorum
3244 573 3552 644 interroga-

1958 665 2036 722 vit
2074 683 2087 719 :
2129 664 2188 718 Si
2227 663 2411 719 subito
2453 663 2610 717 ruina
2658 662 2991 732 contigerit,
3028 669 3083 716 et
3121 670 3179 716 tu
3216 665 3546 731 terreberis,

1960 755 2135 809 abba?
2167 754 2584 828 Responditquc
2614 769 2781 810 senex
2813 771 2826 808 :
2859 753 3124 819 Quamvis
3160 755 3358 808 coelum
3391 765 3550 812 terra;

1960 845 2279 912 misceatur,
2317 844 2644 900 Theodorus
2687 858 2794 898 non
2839 845 3156 899 terrebitnr.
3203 843 3540 915 Depreeatus

1959 939 2164 1008 quippe
2196 937 2364 992 Deum
2403 936 2602 1000 fuerat,
2639 944 2698 990 ut
2733 936 2802 990 ab
2835 949 2900 990 eo
2936 937 3224 992 tolleretur
3257 937 3550 994 timiditas.

1962 1028 2196 1098 Ideoque
2233 1043 2361 1082 eum
2399 1028 2489 1082 ille
2525 1027 2978 1097 interrogaverat.

2030 1119 2123 1174 9.5.
2167 1119 2282 1187 (70)
2326 1119 2622 1174 Dicebatur
2651 1121 2721 1172 de
2754 1135 2855 1184 eo,
2892 1118 3038 1188 quod
3073 1118 3340 1174 diaconus
3375 1118 3556 1174 factus

1964 1210 2019 1265 in
2061 1210 2238 1275 Secti,
2279 1211 2459 1265 noluit
2501 1211 2854 1280 acquiescere
2898 1218 2958 1264 ut
2998 1209 3324 1266 diaconatus
3365 1212 3556 1266 munia

1963 1309 2277 1367 exerceret,
2325 1303 2418 1358 scd
2464 1303 2532 1356 ad
2573 1305 2721 1358 varia
2767 1305 2886 1358 loca
2933 1303 3192 1374 profugit.
3237 1302 3300 1356 Et
3349 1303 3550 1358 iterum

1965 1413 2131 1454 senes
2169 1398 2520 1454 adducebant
2557 1415 2717 1464 eum,
2750 1401 2998 1455 dicentes
3032 1419 3046 1455 :
3081 1399 3201 1454 Noli
3244 1401 3557 1470 relinquere

1964 1490 2332 1547 ministerium
2369 1499 2548 1545 tuum.
2586 1492 2675 1545 Ait
2709 1492 2818 1546 illis
2851 1493 3022 1548 abbas
3055 1492 3376 1548 Theodorus
3415 1511 3428 1546 :
3471 1493 3556 1548 Si-

1966 1584 2081 1639 nite
2115 1599 2230 1647 me,
2266 1591 2321 1638 et
2359 1584 2530 1638 orabo
2567 1583 2769 1648 Deum,
2806 1586 2853 1638 si
2890 1593 3098 1639 eertum
3137 1599 3222 1639 me
3258 1585 3558 1641 reddiderit

271 1677 359 1740 είς
384 1675 475 1729 τὸν
501 1675 668 1728 τόπον
696 1674 796 1744 τῆς
821 1673 1167 1746 λειτουργίας
1194 1689 1316 1742 μου.
1349 1673 1458 1726 Kal
1493 1672 1744 1743 δεόμενος
1767 1673 1860 1726 τοῦ

1986 1681 2027 1727 ιι
2065 1681 2204 1728 stem
2253 1674 2310 1728 in
2357 1674 2479 1728 loco
2523 1675 2816 1732 ministerii
2861 1676 2992 1731 mei.
3035 1677 3224 1747 Itaque
3265 1675 3433 1732 Deum
3480 1679 3557 1732 ita

271 1768 434 1832 Θεοῦ,
469 1767 692 1836 ἔλεγεν·
730 1768 794 1820 Ei
824 1767 1036 1838 θέλημὰ
1074 1765 1166 1820 σού
1208 1769 1356 1820 ἐστιν
1388 1766 1474 1819 ἵνα
1516 1766 1628 1818 στῶ
1655 1769 1735 1830 είς
1770 1767 1863 1821 τὸν

271 1859 486 1912 τόπον³
531 1876 656 1929 μου,
707 1858 1113 1929 πληροφόρησόν
1159 1874 1247 1928 με.
1302 1857 1410 1910 Kal.
1454 1856 1664 1928 ἐδείχθη
1713 1857 1864 1927 αὐτῷ

275 1950 484 2014 στύλος
517 1950 685 2022 πυρὸς
727 1950 834 2002 ἀπὸ
877 1950 976 2018 τῆς
1003 1949 1109 2019 γῆς
1161 1949 1266 2013 ἕως
1308 1947 1405 2002 τοῦ
1451 1949 1718 2022 οὐρανοῦ,
1769 1951 1866 2004 καὶ

275 2042 442 2112 φωνὴ
468 2041 490 2072 ⁵
520 2041 777 2109 λέγουσα·
831 2041 893 2093 Εἰ
934 2041 1161 2095 δύνασαι
1187 2041 1439 2110 γενέσθαι
1480 2041 1556 2104 ώς
1599 2043 1628 2096 6
1675 2041 1866 2106 στύλος

274 2125 470 2196 οὗτος,
519 2133 727 2204 ὕπαγε,
773 2133 1111 2204 διακόνησον.
1173 2134 1229 2187 '0
1279 2133 1336 2187 δὲ
1391 2133 1632 2197 ἀκούσας
1684 2134 1868 2206 ἔκρινε

279 2224 484 2296 μηκέτι
525 2223 942 2291 καταδέξασθαι.
993 2224 1270 2289 Ἐλθόντος
1310 2220 1403 2279 οὖν
1434 2226 1600 2280 αὑτοῦ
1641 2227 1722 2290 είς
1769 2225 1867 2299 τὴν

280 2317 600 2388 ἐκκλησίαν,
629 2317 821 2371 ἔϐαλον
850 2317 1000 2388 αὐτῷ
1030 2319 1318 2388 μετάνοιαν
1339 2321 1388 2371 οἱ
1415 2319 1654 2389 ἀδελφοὶ,
1684 2320 1870 2390 λέγον-

279 2427 404 2474 τες·
443 2411 508 2462 Εί
533 2411 594 2463 οὑ
637 2409 814 2474 θέλεις
843 2411 1130 2473 διακονεῖν,
1163 2411 1268 2465 κᾶν
1308 2411 1370 2465 τὸ
1410 2413 1672 2484 ποτήριον
1701 2412 1873 2468 κατά-

284 2517 402 2570 σχε.
451 2500 562 2553 Kal.
611 2501 711 2554 οὐκ
747 2501 1033 2571 ἠνέσχετο,
1090 2501 1296 2570 λέγων’
1364 2503 1486 2558 Ἐὰν
1547 2504 1620 2575 μὴ
1671 2505 1868 2576 ἀφῆτε,

283 2591 558 2663 ἀναχωρῶ
587 2594 653 2646 ἐκ
681 2593 775 2646 τοῦ
825 2594 990 2646 τόπου
1020 2593 1234 2648 τούτου.
1282 2595 1392 2648 Kal.
1430 2595 1607 2660 οὕτως
1649 2596 1872 2666 ἀφῆκαν

282 2684 473 2738 αὐτόν.

359 2775 475 2841 κς’.
525 2776 752 2845 Ἔλεγον
789 2777 847 2830 δὲ
905 2778 1033 2849 περὶ
1075 2780 1263 2844 αὑτοῦ,
1294 2781 1377 2835 ὅτι
1420 2781 1497 2845 ώς
1533 2781 1804 2854 ἠρημώθη
1835 2783 1870 2854 ὴ

286 2867 524 2939 Σκῆτις,
602 2865 736 2940 ἦλθε
801 2873 980 2940 μεῖναι
1036 2873 1116 2934 είς
1168 2872 1420 2943 Φὲρμην·
1476 2875 1572 2926 καὶ
1623 2873 1877 2946 γηράσας

287 2958 582 3030 ἠσθένησε.
617 2959 960 3032 Προσὰρερον
993 2956 1086 3016 οὖν
1113 2962 1263 3031 αὐτῷ
1297 2962 1567 3034 ἐδέσματα
1591 2980 1734 3017 τινα.
1767 2962 1878 3016 Kal.

287 3051 326 3104 ἃ
351 3049 548 3120 ἔφερεν
583 3053 612 3105 6
645 3051 898 3123 πρῶτος,
943 3054 1116 3107 ἐδίδου
1146 3053 1224 3124 τῷ
1269 3054 1506 3126 δευτέρῳ
1527 3095 1541 3114 .
1575 3053 1670 3106 καὶ
1707 3052 1878 3119 οὕτως

291 3141 436 3196 κατὰ
483 3143 589 3214 τὴν
629 3143 817 3209 τάξιν.
854 3143 892 3198 ἃ
935 3145 1244 3216 ἐλάμϐανεν
1291 3145 1442 3216 παρὰ
1487 3145 1580 3198 τοῦ
1635 3144 1876 3216 πρώτου,

289 3235 527 3302 παρεῖχε
553 3232 631 3302 τῷ
653 3233 827 3304 ἄλλῳ·
863 3235 941 3297 εἰς
965 3234 1022 3288 δὲ
1060 3235 1158 3304 τὴν
1187 3233 1336 3306 ὥραν
1371 3233 1467 3288 τοῦ
1491 3233 1813 3300 γεύσασθαι,
1852 3234 1882 3288 ὃ

291 3322 494 3396 ἔφερεν
525 3325 556 3378 6
593 3323 911 3394 ἐρχόμενος,
949 3324 1106 3378 τοῦτο
1143 3325 1348 3397 ἦσθιεν.

366 3498 474 3562 κζ’.
511 3498 741 3567 Ἔλεγον
791 3497 920 3570 περὶ
974 3497 1071 3552 τοῦ
1113 3497 1258 3552 ἀϐὄᾶ
1306 3497 1618 3571 Θεοδώρου,
1672 3499 1754 3552 δτι
1793 3499 1883 3552 ὅτε

293 3589 537 3662 ἐκάθητο
575 3591 634 3642 ἐν
669 3591 897 3662 Σκήτει,
933 3587 1065 3662 ἦλθε
1099 3591 1433 3662 πρὸς“αὐτὸν
1474 3591 1682 3661 δαίμων
1715 3590 1884 3644 θέλων

293 3681 600 3737 εἰσελθεῖν·
637 3684 733 3737 καὶ
781 3683 969 3754 ἔδησεν
1005 3683 1166 3737 αὑτὸν
1215 3681 1320 3748 ἔξω
1369 3683 1467 3752 τῆς
1513 3682 1731 3748 κέλλης.
1775 3682 1884 3734 Kal.

292 3776 464 3830 πάλιν
515 3775 676 3840 ἄλλος
727 3775 936 3848 δαίμων
987 3771 1150 3848 ἦλθεν
1205 3775 1502 3830 εἰσελθεῖν·
1565 3777 1658 3830 καὶ
1693 3777 1883 3830 τοῦτον

295 3869 480 3940 ἔδησε.
515 3869 627 3922 Kal.
665 3867 926 3940 προσθεὶς
945 3871 974 3920 6
1000 3868 1182 3940 τρίτος
1201 3869 1430 3940 δαίμων,
1459 3863 1612 3939 ἦλθε,
1636 3869 1730 3922 καὶ
1758 3863 1884 3939 εὗρε

295 3961 621 4033 δεδεμένους
649 3963 776 4026 τοὺς
804 3961 918 4015 δύο·
963 3963 1058 4015 καὶ
1087 3961 1236 4031 λέγει
1266 3963 1470 4026 αὐτοῖς’
1515 3963 1581 4016 Τί
1617 3964 1887 4033 ἑστήκατε

298 4049 404 4110 ὧδε
435 4055 572 4122 ἔξω;
612 4056 725 4108 Kal.
765 4054 1015 4124 λέγουσιν
1044 4055 1213 4125 αὐτῷ,
1259 4057 1342 4109 δτι
1387 4057 1543 4108 Ἐστι
1585 4055 1891 4128 καθήμενος

297 4148 432 4212 εσω,
459 4147 556 4202 καὶ
587 4147 664 4218 μὴ
687 4146 792 4201 ἐῶν
821 4148 968 4218 ἡμᾶς
993 4147 1278 4202 εἰσελθεῖν.
1296 4147 1405 4202 Kal.
1438 4148 1599 4212 αὐτὸς
1623 4165 1686 4201 τυ
1697 4147 1894 4219 ραννή-

300 4257 404 4303 σας
455 4239 813 4311 ἐπεχείρησεν
873 4238 1152 4322 είσελθεῖν.
1198 4241 1256 4295 '0
1289 4240 1344 4293 δὲ
1386 4240 1564 4312 γέρων
1609 4241 1766 4312 ἔδησε
1799 4240 1893 4294 καὶ

1969 1773 2228 1835 precatus
2265 1773 2349 1821 est
2385 1783 2399 1820 :
2440 1765 2498 1821 Si
2534 1767 2787 1822 voluntas
2824 1775 2916 1821 tua
2951 1778 3035 1824 est
3072 1776 3131 1822 ut
3165 1775 3305 1824 stem
3341 1769 3398 1823 in
3433 1769 3558 1824 loco

1971 1871 2126 1921 meo,
2171 1859 2464 1914 certiorem
2508 1875 2595 1914 me
2637 1858 2741 1914 fac.
2779 1860 2916 1914 'l‘um
2957 1868 3179 1916 ostensa
3219 1869 3304 1916 est
3347 1861 3424 1915 illi
3463 1876 3559 1915 co-

1971 1947 2157 2003 lumna
2195 1949 2374 2020 ignis,
2411 1967 2441 2003 a
2478 1959 2624 2005 terra
2657 1951 2722 2004 ad
2762 1953 2962 2006 emtum
2999 1967 3175 2022 usque
3208 1953 3556 2022 pertingens,

1973 2039 2294 2110 audivitque
2327 2055 2516 2096 vocem
2557 2041 2874 2108 linjusniodi
2915 2062 2926 2096 :
2967 2041 3022 2094 Si
3065 2051 3220 2110 potes
3263 2043 3377 2097 lieri
3415 2045 3562 2097 sicut
3624 2052 3630 2057 '

1970 2129 2228 2188 columna
2268 2129 2416 2192 haec,
2453 2129 2621 2194 vade,
2661 2143 2858 2183 exerce
2897 2129 3271 2183 diaconatum.
3310 2130 3432 2196 Quo
3468 2133 3562 2186 ille

1974 2220 2194 2286 audito,
2233 2219 2478 2276 decrevit
2517 2236 2796 2290 nunquam
2840 2223 3209 2291 acquiescere.
3247 2222 3386 2278 Cum
3428 2239 3561 2292 ergo

1971 2313 2214 2369 venisset
2246 2312 2314 2368 ad
2343 2313 2668 2378 ecclesiam,
2703 2313 2900 2368 fratres
2934 2313 3343 2368 inclinaverunt
3375 2330 3434 2369 se
3465 2331 3563 2369 eo-

1974 2421 2092 2460 ram
2128 2421 2224 2470 eo,
2258 2405 2625 2476 dixeruntque
2665 2423 2678 2460 :
2717 2405 2772 2459 Si
2813 2405 3127 2460 ministrare
3161 2421 3270 2459 non
3302 2407 3416 2471 vis,
3453 2408 3564 2462 sal-

1978 2507 2084 2553 tem
2114 2497 2341 2552 calicem
2373 2505 2515 2550 tene.
2549 2495 2655 2550 Scd
2697 2511 2876 2565 neque
2908 2496 3012 2551 boc
3046 2495 3344 2560 sustinuit,
3379 2497 3558 2568 profa-

1976 2597 2068 2645 tus
2111 2607 2126 2647 :
2167 2587 2282 2644 Nisi
2325 2587 2653 2644 dimiseritis
2697 2605 2815 2654 me,
2856 2605 2922 2644 ex
2970 2589 3073 2644 hoc
3119 2590 3243 2646 loco
3287 2592 3560 2646 recedam.

1979 2680 2251 2748 Quocirca
2281 2681 2623 2750 reliquerunt
2655 2697 2802 2736 eum.

2050 2771 2142 2828 26.
2182 2770 2449 2826 Caeterum
2489 2773 2789 2826 narrabant
2830 2771 2899 2827 de
2937 2773 3051 2836 ilio,
3091 2774 3237 2844 quod
3277 2782 3566 2845 postquam

1981 2869 2197 2917 vastata
2229 2861 2330 2916 fuit
2360 2859 2558 2927 Sectis,
2588 2863 2736 2916 venit
2767 2871 2826 2914 ut
2860 2871 3105 2918 maneret
3136 2865 3192 2918 in
3221 2862 3485 2928 Plierine;
3515 2875 3569 2920 ct

1983 2969 2108 3008 cum
2150 2954 2460 3018 senuisset,
2506 2955 2561 3008 in
2604 2955 2857 3010 morbum
2902 2955 3116 3010 incidit.
3155 2953 3326 3025 Igitur
3364 2955 3568 3010 fratres

1983 3045 2286 3102 all'crebant
2311 3047 2513 3102 edulia.
2541 3044 2651 3100 Sed
2677 3062 2800 3117 quae
2825 3045 3035 3103 ferebat
3058 3044 3294 3114 primus,
3323 3046 3568 3102 secundo

1983 3140 2178 3207 dabat;
2210 3150 2375 3211 atque
2403 3141 2477 3196 ita
2503 3157 2570 3195 ex
2601 3141 2824 3208 ordine,
2855 3156 2978 3212 quae
3011 3156 3041 3195 a
3076 3156 3254 3212 primo
3278 3141 3568 3212 capiebat,

1983 3232 2264 3302 prtcbebat
2307 3233 2488 3287 alteri.
2535 3233 2879 3289 Adventante
2926 3242 3108 3288 autem
3155 3233 3291 3288 liora
3335 3235 3574 3289 mandu-

1983 3323 2166 3387 eandi,
2197 3325 2342 3395 quod
2374 3325 2586 3396 primus
2617 3341 2685 3381 ex
2716 3326 3109 3383 accedentibus
3139 3326 3474 3397 porrigebat,
3505 3343 3574 3383 eo

1983 3417 2331 3474 vescebatur.

2054 3509 2144 3563 27.
2191 3510 2421 3578 Aiebant
2459 3509 2527 3566 de
2569 3510 2766 3566 abbate
2800 3510 3126 3575 Theodoro,
3166 3511 3312 3582 quod
3351 3513 3574 3582 quando

1988 3600 2043 3654 in
2079 3597 2225 3653 Secti
2259 3599 2566 3667 residebat,
2597 3601 2746 3654 venit
2777 3601 2844 3654 ad
2878 3602 3054 3670 ipsum
3083 3601 3330 3666 daemon,
3365 3604 3576 3658 intrare

1990 3691 2180 3745 volt-ns
2208 3707 2221 3743 :
2248 3697 2304 3744 et
2331 3689 2518 3759 ligavit
2547 3705 2668 3744 eum
2695 3699 2851 3744 extra
2874 3691 3087 3746 cellam.
3113 3690 3310 3746 lterum
3339 3695 3576 3748 accessit

1993 3783 2136 3837 alius
2165 3780 2402 3847 dzeinon,
2436 3787 2492 3834 ut
2523 3780 2936 3851 ingrederetur;
2971 3783 3116 3838 hunc
3143 3799 3360 3853 quoque
3386 3785 3576 3854 alliga-

1989 3876 2088 3932 vit.
2115 3877 2181 3929 Et
2207 3874 2474 3944 adjiciens
2503 3875 2698 3930 tertius
2723 3876 2962 3939 dzenion,
2984 3876 3230 3940 advenit,
3258 3877 3577 3946 invenitque

1992 3969 2135 4022 duos
2165 3963 2378 4034 priores
2403 3965 2648 4026 vinctos,
2682 3973 2849 4034 atque
2879 3965 3017 4018 dixit
3045 3965 3126 4019 eis
3159 3983 3171 4019 :
3207 3964 3318 4018 Cur
3341 3965 3450 4018 huc
3481 3979 3578 4018 ex-

1993 4065 2078 4112 tra
2121 4056 2318 4112 statis?
2364 4053 2718 4124 Respondent
2758 4074 2770 4110 :
2815 4055 2918 4120 Qui
2968 4056 3110 4109 intra
3151 4056 3344 4110 cellam
3387 4055 3574 4118 sedet,

1996 4163 2106 4202 non
2134 4147 2266 4203 sinit
2298 4162 2397 4201 nos
2430 4147 2656 4200 intrare.
2687 4147 2804 4216 Ipse
2831 4162 2958 4200 vero
2985 4146 3033 4200 vi
3067 4146 3209 4200 facta
3241 4155 3472 4202 conatus
3496 4156 3580 4201 est

1997 4239 2245 4294 introire.
2287 4239 2355 4292 At
2399 4253 2562 4292 senex
2605 4237 2750 4292 hunc
2789 4238 2953 4293 etiam
2999 4238 3350 4294 constrinxit.
3393 4229 3582 4308 Itaque

297 4329 514 4385 τοῦτον.
543 4329 880 4400 Φοϐηθεὶντες
913 4330 972 4384 δὲ
995 4330 1094 4394 τὰς
1124 4329 1288 4402 εὐχὰς
1317 4331 1410 4384 τοῦ
1439 4331 1713 4404 γέροντος,
1749 4347 1876 4402 παρη

1998 4331 2154 4387 veriti
2201 4331 2350 4386 senis
2397 4345 2620 4400 preces,
2671 4339 3003 4402 rogaverunt
3045 4332 3228 4397 illum,
3273 4331 3519 4384 dicentes
3561 4347 3579 4384 :

300 4422 540 4476 εκάλουν
587 4421 750 4478 αὐτὸν
775 4463 790 4486 ,
843 4422 1124 4491 λέγοντες-

299 4515 458 4582 λέγει
480 4515 669 4578 αὐτοῖς
695 4517 723 4568 6
747 4515 927 4588 γέρων
948 4533 962 4546 ·
995 4516 1008 4534 ⁹

299 4607 494 4671 θέντες
548 4604 924 4678 ἀνεχώρησαν.

378 4705 488 4769 κη’.
530 4697 844 4770 Διηγήσατό
871 4716 954 4761 τις
977 4698 1091 4752 τῶν
1129 4700 1419 4773 Πατέρων,
1457 4701 1704 4776 περὶτοῦ
1751 4701 1896 4756 ἁϐὅᾶ

298 4787 590 4860 Θεοδώρου
623 4787 719 4842 τοῦ
758 4789 859 4860 τῆς
882 4789 1124 4862 Φέρμης,
1165 4792 1248 4846 ὅτι
1295 4788 1496 4846 Ἶίλθόν
1531 4811 1662 4847 ποτε
1715 4794 1897 4866 δείλης

299 4881 448 4952 πρὸς
483 4881 681 4945 αὑτὸν,
718 4881 812 4936 καὶ
857 4875 1016 4954 εὗρον
1051 4883 1215 4937 αὐτὸν
1257 4885 1528 4956 φοροῦντα
1559 4887 1897 4957 κεκομμένον

1203 4423 1495 4477 Ἀπόλυσον
1552 4425 1719 4495 ἡμᾶς.
1781 4425 1892 4477 Kal.

1016 4517 1286 4586 Υπάγετε.
1313 4517 1425 4571 Καὶ
1455 4516 1641 4571 λοιπὸν
1668 4519 1893 4589 αἰσχυν-

299 4975 602 5041 λεσίτωνα,
637 4975 728 5030 καὶ
768 4976 833 5030 τὺ
868 4975 1065 5049 στῆθος
1098 4977 1264 5032 αὐτοῦ
1305 4979 1532 5049 γυμνὸν,
1569 4981 1662 5033 καὶ
1695 4980 1762 5040 τδ,
1801 4997 1897 5034 κο-

298 5065 527 5119 κούλιον
565 5066 733 5122 αὐτοῦ
761 5067 1091 5140 ἔμπροσθεν.
1130 5070 1240 5122 Kal.
1269 5069 1378 5122 ἰδού
1395 5087 1482 5136 τις
1522 5071 1714 5144 Κύμης
1737 5067 1902 5144 ἦλθεν

303 5157 438 5212 ἰδεῖν
461 5156 650 5212 αὐτόν.
681 5159 792 5214 Kal
829 5159 1158 5231 κρούσαντος
1182 5161 1371 5224 αὐτοῦ,
1405 5161 1628 5234 ἐξῆλθεν
1665 5167 1694 5218 6
1721 5166 1901 5236 γέρων

295 5249 547 5316 ἀνοῖξαι,
580 5249 677 5304 καὶ
705 5251 1030 5323 ἀπαντήσας
1062 5252 1212 5324 αὑτῷ
1267 5253 1521 5308 ἐκάθισεν
1557 5258 1637 5320 είς
1677 5257 1774 5330 τὴν
1807 5258 1902 5312 θύ-

306 5356 414 5410 ραν
449 5341 637 5395 λαλεῖν
671 5343 841 5414 αὐτῷ.
883 5345 995 5400 Kal.
1035 5345 1226 5400 ἔλαϐον
1253 5348 1447 5420 κόμμα
1485 5351 1774 5422 μαφορίου,
1806 5352 1901 5406 καὶ

414 5493 538 5552 ³ΛΙ.
569 5498 740 5554 inscr.
774 5499 1136 5574 λειτουργίας.
1215 5503 1236 5535 ⁵
1262 5503 1348 5558 ΔΙ.
1379 5503 1548 5561 inser.
1577 5504 1792 5576 γέγονε.

385 5638 502 5714 (S9)
537 5637 649 5696 Vit.
685 5641 834 5696 Patr.
870 5659 964 5710 vn,
997 5646 1050 5700 6.

2002 4424 2164 4478 Solve
2199 4439 2319 4478 nos.
2359 4423 2497 4478 Tum
2535 4425 2601 4477 ad
2640 4441 2736 4480 eos
2771 4439 2937 4479 senex
2980 4443 2994 4480 :
3031 4425 3213 4478 Abite.
3252 4422 3385 4476 Dein
3427 4422 3580 4493 igno-

2001 4513 2170 4568 minia
2204 4513 2405 4581 allecti,
2434 4514 2831 4570 discesserunt.

2071 4711 2162 4768 28.
2202 4711 2459 4769 Narravit
2485 4713 2709 4768 Patrum
2734 4715 2937 4786 aliquis
2959 4713 3028 4769 de
3051 4713 3248 4770 abbate
3273 4713 3582 4778 Theodoro,

2004 4804 2100 4858 illo
2131 4820 2162 4860 ο
2195 4803 2430 4861 Pitcrmc
2461 4825 2472 4860 :
2506 4805 2638 4860 Veni
2671 4808 2968 4876 aliquando
3002 4809 3068 4862 ad
3105 4824 3230 4864 eum
3267 4807 3370 4872 sub
3397 4822 3586 4874 vespe-

2007 4909 2148 4960 ram,
2187 4903 2241 4949 et
2286 4895 2467 4949 inveni
2513 4895 2764 4950 indutum
2813 4897 3048 4952 levitone
3093 4898 3292 4960 lacero,
3335 4898 3588 4965 nudoque

2006 4996 2127 5042 erat
2163 4995 2414 5058 pectore,
2451 4989 2724 5043 eucullam
2767 4990 2977 5044 habens
3012 4997 3140 5045 ante
3173 5005 3252 5044 se.
3287 4987 3426 5042 Tum
3462 5005 3591 5045 eetc

2007 5091 2196 5132 eomes
2236 5077 2460 5147 quidam
2505 5080 2760 5144 accessit,
2805 5089 2866 5134 ut
2903 5082 3116 5136 videret
3153 5095 3301 5135 eum.
3346 5080 3592 5152 Cumque

2006 5171 2318 5239 pulsasset,
2349 5167 2519 5224 exivit
2553 5184 2720 5225 senex
2755 5172 2822 5226 ad
2860 5171 3242 5242 aperiendum.
3277 5170 3340 5228 Et
3375 5173 3592 5230 obviam

2009 5259 2218 5328 factus,
2273 5262 2417 5318 sedit
2474 5263 2530 5317 in
2581 5271 2739 5334 porta
2791 5280 2917 5320 cum
2971 5264 3064 5319 illo
3118 5265 3424 5326 locuturus.
3479 5267 3593 5340 Ego

2011 5355 2227 5425 sumpsi
2257 5369 2480 5426 segmen
2510 5355 2785 5423 matortis,
2809 5358 3138 5430 eontexique
3163 5359 3428 5420 humeros
3449 5365 3592 5434 eius.

2087 5649 2199 5722 (70)
2250 5651 2354 5708 Vit.
2399 5649 2550 5708 Patr.
2580 5668 2670 5724 xv,
2696 5653 2803 5720 εις
2839 5665 2937 5712 vn.
2963 5651 3054 5724 55,
3089 5655 3144 5712 1.
