4036 6202
208 241 302 299 197
1384 228 1998 285 APOPHTHEGMATA
2040 226 2355 315 PAIRUM.

3390 226 3488 281 198

201 357 317 424 im,
334 347 698 421 χλευάζοντες
714 346 841 411 τοὺς
863 344 1158 417 λογισμοὺς
1181 343 1382 408 αὐτῶν,
1407 345 1499 400 καὶ
1517 344 1770 415 λέγοντες
1786 361 1801 375 ο

1921 344 2143 415 egerint,
2177 342 2414 398 cavillati
2450 340 2813 413 cogitationes
2847 355 2999 405 suas,
3033 354 3156 395 cum
3192 340 3440 396 dicerent
3476 357 3490 391 ;

206 440 356 496 Μετὰ
406 438 504 491 τὸν
556 435 805 507 χειμῶνα
841 433 1054 498 τοῦτον,
1093 431 1490 504 μεταϐαίνομεν
1532 430 1801 486 ἐντεῦθεν.

210 533 336 588 Ὅτε
372 529 434 584 δὲ
470 524 643 582 πάλιν
666 527 872 599 ἦρχε-σο
907 526 969 578 τὸ
1007 524 1189 596 θέρος,
1222 524 1429 593 ἔλεγον,
1453 525 1535 577 ὄτι
1574 521 1729 577 Μετὰ
1744 520 1806 576 τὸ

212 623 365 696 θέρος
394 620 559 675 τοῦτο
587 616 949 691 ἀπερχόμεθα
979 614 1251 671 ἐντεῦθεν.
1287 616 1398 670 Kal.
1419 614 1593 680 οὕτως
1617 614 1806 686 ἐποίη-

218 732 309 770 σαν
331 714 516 769 πάντα
546 710 641 765 τὸν
674 711 870 782 χρόνον
898 710 947 762 oi
980 708 1300 780 ἀείμνηστοι
1318 708 1579 779 Πατέρες.

202 934 207 940 .
279 899 348 961 γ’.
381 887 554 946 Εἶπεν
566 892 597 944 6
612 888 790 953 assae
804 886 1078 958 Θεόδωρος
1095 887 1123 939 6
1139 885 1247 941 τῶν
1274 885 1547 949 Ἐννάτου,
1569 886 1651 940 ὅτι
1678 885 1808 940 Ἐὰν

217 986 494 1055 λογίσηται
527 983 662 1054 ἡμῖν
696 983 725 1034 6
750 979 883 1043 Θεὸς
904 978 1006 1043 τὰς
1045 979 1104 1031 ὲν
1136 980 1257 1041 ταῖς
1291 977 1479 1048 εὐχαῖς
1519 977 1804 1048 ἀμελείας,

214 1078 303 1130 καὶ
347 1075 451 1138 τὰς
506 1071 888 1144 αἰχμαλωσίας
923 1069 1023 1134 τὰς
1074 1069 1134 1123 ὲν
1178 1070 1300 1133 ταῖς
1331 1068 1705 1142 ψαλμῳδίαις,
1742 1070 1806 1123 οὑ

210 1165 487 1237 δυνάμεθα
515 1166 783 1237 σωθῆναι.

320 1296 462 1366 Περὶ
500 1290 607 1350 τοῦ
650 1277 803 1350 ἆϐὅᾶ
838 1291 1146 1363 Θεοδώρου
1182 1293 1290 1348 τοῦ
1331 1297 1421 1361 είς
1454 1295 1698 1365 Σκῆτιν.

281 1403 453 1461 Εἶπεν
483 1410 513 1462 6
552 1406 729 1470 ἀὸὁᾶς
770 1404 1049 1477 Θεόδωρος
1097 1408 1126 1461 6
1165 1409 1245 1471 είς
1283 1408 1512 1479 Σκῆτιν·
1548 1409 1809 1479 Ἔρχεται

218 1502 245 1555 6
262 1500 545 1572 λογισμὸς,
575 1500 671 1553 καὶ
696 1499 963 1570 ταράσσει
991 1515 1080 1569 με,
1101 1499 1195 1551 καὶ
1217 1499 1439 1570 ἀσχολεῖ
1470 1517 1557 1571 με,
1588 1501 1683 1553 καὶ
1710 1499 1808 1573 τὴν

219 1592 416 1664 πρᾶξιν
459 1591 560 1644 οὐκ
613 1589 791 1661 ἰσχύει
832 1589 1087 1660 ποιῆσαι,
1139 1590 1280 1643 ἀλλὰ
1326 1590 1486 1662 μόνον
1528 1590 1807 1661 ἐμποδίζει

1906 433 2039 490 Post
2074 421 2311 489 hiemem
2351 433 2514 497 hanc,
2551 431 2909 503 migrabimus
2944 431 3089 486 hinc.
3126 430 3357 497 Quando
3392 446 3491 505 aug

1907 532 2017 582 tem
2054 526 2253 581 iterum
2293 524 2619 580 adveniebat
2655 532 2841 587 aestas,
2880 522 3098 577 aiebant
3134 540 3149 577 :
3188 521 3493 579 Tt'ansaeta

1907 616 2011 672 hac
2051 622 2273 679 atstate,
2315 615 2444 669 hinc
2488 614 2860 670 discedemus.
2899 610 3078 682 Atque
3124 613 3197 666 ita
3243 611 3488 667 fecerunt

1908 708 2056 762 omni
2114 708 2238 763 vitae
2292 713 2561 777 tempore,
2622 705 2958 776 sempiterna
3016 706 3283 758 memoria
3342 701 3493 774 digni

1908 799 2173 962 Ρθὲεέίζι)
2203 886 2359 942 Hunc
2378 899 2688 943 sermonem
2712 884 2901 939 habuit
2929 884 3098 940 abbas
3115 880 3439 937 Theodorus
3464 896 3494 935 e

1907 981 2063 1038 Nono
2102 1000 2115 1036 :
2162 981 2219 1036 Si
2258 980 2418 1036 nobis
2458 979 2813 1048 imputaverit
2856 977 3000 1033 Deus
3040 974 3399 1047 negligentias
3439 972 3496 1027 in

1909 1074 2186 1145 precibus,
2219 1081 2273 1127 et
2314 1070 2698 1141 subreptiones
2730 1070 2786 1125 in
2822 1068 3169 1141 psalmodiis,
3203 1066 3341 1123 salvi
3377 1063 3499 1120 ﬁeri

1908 1179 2018 1220 non
2052 1177 2371 1235 possumus.

2300 1294 2377 1350 De
2414 1296 2602 1349 abbate
2638 1294 2908 1349 Theodoro
2946 1291 3175 1348 Sceteos.

1983 1409 2100 1482 (75)
2139 1408 2283 1464 Dixit
2314 1409 2483 1465 abbas
2508 1408 2832 1463 Theodorus
2863 1406 3066 1464 e'Sceti
3103 1423 3119 1464 :
3154 1404 3313 1459 Subit
3348 1402 3496 1473 cogi-

1910 1503 2080 1566 tatio,
2116 1510 2170 1557 et
2207 1503 2501 1557 conturbat
2538 1518 2625 1556 me
2659 1510 2823 1571 atque
2857 1508 3125 1569 occupat,
3163 1513 3270 1552 non
3311 1505 3501 1552 tamen

1912 1592 1979 1647 ad
2011 1592 2259 1648 circ-ctum
2293 1592 2546 1663 progredi
2582 1593 2721 1647 valet
2742 1632 2763 1656 ,Α
2792 1590 2887 1647 sed
2921 1598 3133 1643 tantum
3168 1587 3394 1658 impedit
3428 1587 3497 1641 ad

219 1684 355 1755 πρὸς
379 1684 479 1755 τὴν
514 1684 791 1755 ἀρετήνοὸ
823 1682 879 1734 δὲ
909 1681 1170 1753 νηφάλιος
1198 1682 1358 1754 ἀνὴρ,
1395 1683 1812 1750 ἐκτιναξάμενος

1921 1684 2212 1750 virtutem;
2253 1684 2339 1738 vir
2375 1692 2556 1738 autem
2598 1684 2831 1755 vigilans
2875 1682 3115 1754 seipsum
3157 1680 3401 1745 excutit,
3442 1690 3498 1732 et

218 1774 397 1839 αὑτὸν,
428 1773 707 1844 ἐγείρεται
739 1773 818 1836 εἱς
853 1773 1187 1843 προσευχήν,

219 1886 360 1955 Περὶ
405 1884 518 1939 τοῦ
551 1881 704 1940 ἀϐϐἇ
738 1880 1033 1951 Θεοδώρου
1064 1883 1172 1938 τοῦ
1208 1883 1801 1951 Ἐλευθεροπολὶτου.

283 2006 361 2053 α’.
407 1996 726 2067 Ἦρώτησεν
750 1999 779 2049 6
803 1994 978 2060 ἀὸὄᾶς
1014 1995 1268 2068 Ἀϐραὰμ
1289 1998 1317 2050 6
1351 1995 1500 2069 Ἰϐὴρ
1524 1996 1614 2050 τὸν
1635 1996 1811 2051 ἁ66ἄν

222 2091 502 2163 θεόδωρον
530 2089 621 2143 τὸν
649 2088 1178 2160 Ἐλευθεροπολίτην,
1224 2088 1422 2157 λέγων’
1464 2089 1589 2153 Πῶς
1628 2087 1811 2154 καλῶς

218 2184 356 2245 ἔστι.
374 2180 758 2253 Πάτερ;δόξαν
777 2182 1208 2253 περιποιήσομιι
1232 2179 1476 2251 ἐμαυτῷ,
1497 2181 1529 2250 ἢ
1549 2180 1772 2251 ἀτιμίαν
1793 2196 1811 2247 ;

230 2277 287 2328 ’0
317 2276 377 2328 δὲ
410 2274 590 2345 γέρων
618 2272 768 2342 λέγει
787 2290 803 2305 σ
835 2274 986 2338 Τέως
1018 2272 1129 2343 ἐγὼ
1178 2272 1319 2326 θέλω
1350 2272 1814 2345 περιποιήσασθαι

220 2366 393 2432 δόξαν,
430 2366 464 2437 ἢ
488 2366 738 2436 ἀτιμίαν.
777 2364 904 2419 Ἐὰν
932 2364 1041 2437 γὰρ
1073 2366 1283 2435 ποιήσω
1311 2364 1476 2419 καλὸν
1514 2364 1695 2436 ἔργον,
1721 2366 1816 2420 καὶ

222 2456 483 2524 δοξασθείη
508 2457 747 2528 δύναμαι
782 2459 1112 2528 κατακρῖναι
1150 2458 1243 2511 τὸν
1281 2457 1543 2527 λογισμόν
1575 2474 1698 2528 μου,
1729 2459 1814 2511 ὅτι

222 2549 318 2603 οὐκ
346 2548 464 2619 εἰμὶ
505 2547 656 2614 ἄξιος
694 2547 795 2620 τῆς
826 2546 989 2619 δόξης
1035 2546 1270 2618 ταύτηςσ
1307 2548 1341 2618 ἡ
1377 2546 1432 2600 δὲ
1465 2546 1659 2617 ἀτιμία
1705 2546 1813 2600 ἀπὸ

223 2638 444 2710 φαύλων
468 2640 813 2712 πραγμάτων
843 2637 1075 2708 γίνεται.
1099 2638 1223 2701 Πῶς
1247 2634 1341 2693 οὖν
1374 2639 1609 2711 δύναμαι
1639 2656 1814 2710 παραυ

224 2732 453 2786 καλέσαι
484 2732 583 2804 τὴν
626 2731 859 2804 καρδίαν
895 2747 1020 2802 μου,
1060 2731 1559 2786 σκανδαλισθέντων
1600 2731 1660 2784 ὲν
1691 2732 1817 2802 ἐμοὶ

223 2823 325 2876 τῶν
356 2821 701 2895 ἀνθρώπων;
750 2824 1003 2892 κρεῖσσον
1033 2817 1127 2876 οὖν
1168 2822 1230 2876 τὸ
1260 2823 1464 2891 ἀγαθὸν
1491 2824 1684 2887 ποιεῖν,
1720 2823 1817 2878 καὶ

226 2914 561 2982 δοξάζεσθαι.
593 2915 654 2968 ’0
678 2913 738 2968 δὲ
763 2914 937 2978 ἀὸδᾶς
969 2914 1223 2987 Ἀϐραὰμ
1243 2910 1391 2969 εἴπε’
1412 2914 1609 2980 Καλῶς
1628 2910 1813 2981 εἶπας,

225 3006 429 3079 Πάτερ.

294 3181 358 3251 β’.
405 3179 577 3235 Εἶπεν
609 3183 639 3234 6
671 3179 847 3245 ἁϐὅᾶς
872 3180 1151 3246 Θεόδοτος·
1184 3180 1247 3234 Ἦ
1284 3180 1459 3234 ἔνδεια
1491 3180 1584 3235 τοῦ
1645 3181 1814 3246 ἄρτου

224 3274 380 3343 τήκει
407 3273 471 3327 τὸ
504 3272 667 3343 σῶμα
696 3272 791 3326 τοῦ
818 3271 1077 3344 μοναχοῦ.
1113 3271 1306 3337 ’Ἄλλος
1327 3272 1381 3326 δὲ
1406 3272 1583 3344 γέρων
1606 3272 1812 3342 ἔλεγεν,

221 3365 304 3420 ὅτι
338 3367 373 3437 ἠ
414 3364 697 3436 ἀγρυπνία
730 3363 890 3418 πλέον
922 3366 1080 3437 τήκει
1106 3365 1168 3417 τὸ
1207 3364 1389 3435 σῶμα.

661 3497 804 3568 Περὶ
838 3497 944 3552 τοῦ
975 3495 1126 3553 ἀὸϐᾱ
1152 3494 1371 3553 Θεωνᾶ.

288 3610 462 3670 Εἶπεν
491 3615 520 3668 6
547 3611 722 3677 ἀϐὁᾶς
747 3612 965 3678 Θεωνᾶς
984 3628 996 3644 ⁸
1030 3612 1127 3667 Διά
1153 3611 1214 3665 τὸ
1255 3611 1697 3683 ἀπασχοληθῆναι
1723 3612 1816 3666 τὸν

222 3707 351 3763 νοῦν
373 3707 484 3762 ἀπὸ
508 3707 608 3779 τῆς
630 3707 710 3770 είς
738 3704 871 3759 Θεὸν
900 3704 1153 3776 θεωρίας,
1174 3701 1688 3776 αἰχμαλωτιζόμεθα
1709 3702 1815 3757 ὑπὸ

221 3801 336 3857 τῶν
368 3800 560 3856 παθῶν
586 3799 697 3853 τῶν
726 3796 1025 3871 σαρκικῶν.
1597 3806 1600 3809 ‘

460 3911 598 3981 Περὶ
632 3909 932 3979 Θεοφίλου
957 3908 1062 3964 τοῦ
1082 3907 1581 3978 ἁρχιεπισκόπου.

293 4032 367 4078 cr.
408 4024 469 4079 '0
507 4023 778 4094 μακάριος
812 4022 1070 4092 Θεόφιλος
1127 4023 1155 4074 6
1190 4020 1623 4093 ἀρχιεπίσκοπος
1676 4037 1817 4093 παρ-

225 4115 395 4171 έϐαλέ
437 4132 573 4170 ποτε
622 4117 705 4178 εἰς
748 4114 809 4167 τὸ
842 4113 968 4185 ὅρος
1011 4112 1110 4184 τῆς
1152 4111 1414 4185 Νιτρίας·
1459 4114 1552 4167 καὶ
1597 4108 1760 4184 ἦλθεν
1788 4114 1816 4166 6

221 4208 403 4272 ἀὸϐἄς
427 4207 521 4261 τοῦ
543 4207 705 4279 ὅρους
731 4205 869 4278 πρὸς
892 4206 1073 4260 αὐτόν.
1100 4205 1211 4260 Καὶ
1243 4205 1393 4274 λέγει
1420 4205 1570 4277 αὑτῷ
1613 4208 1641 4259 6
1662 4206 1819 4277 ἀρχι-

220 4299 559 4362 επίσκοποςο
597 4290 834 4368 Τίεῦρες
864 4298 924 4351 ὲν
951 4298 1018 4368 τῇ
1046 4296 1151 4367 ὀδῷ
1183 4295 1358 4371 ταύτῃ
1390 4297 1573 4363 πλέον,
1598 4297 1815 4369 Πάτερ;

1800 1806 1823 1819 ο
1914 1776 2093 1848 surgit
2126 1784 2184 1830 ut
2216 1782 2496 1845 precetur.

2107 1888 2184 1942 De
2222 1889 2413 1944 abbate
2449 1887 2720 1944 Theodoro
2763 1872 3287 1958 Eleutheropalt'taho

1987 2000 2040 2055 1.
2082 1997 2444 2070 Interrogavit
2487 2001 2658 2057 abbas
2691 2000 2966 2055 Abraham
3012 1996 3204 2053 Iberus
3246 1996 3498 2051 abbatem

1913 2092 2263 2151 Theodorum
2296 2091 2914 2160 Eleutheropolitanum,
2945 2088 3137 2143 dicens
3169 2106 3181 2140 :
3213 2085 3500 2151 Quomodo

1913 2195 2065 2243 recte
2111 2184 2301 2251 habet,
2347 2181 2543 2238 Pater?
2589 2180 2830 2237 Gloriam
2881 2178 3014 2234 mihi
3054 2175 3366 2242 vindicabo,
3414 2174 3497 2230 vel

1914 2276 2305 2350 ignominiam?
2333 2274 2513 2331 Senex
2542 2273 2827 2343 respondit
2858 2292 2871 2327 :
2904 2270 3018 2343 Ego
3046 2283 3180 2325 sane
3211 2269 3355 2323 malo
3383 2267 3500 2335 glo-

1912 2370 2090 2435 riam,
2142 2383 2306 2438 quam
2360 2367 2741 2438 ignominiam.
2795 2364 2854 2419 Si
2904 2364 3051 2420 enim
3104 2363 3311 2418 bonum
3362 2376 3502 2430 opus

1913 2476 2096 2534 egero,
2121 2468 2175 2516 et
2200 2460 2429 2531 gloriam
2456 2459 2611 2514 fuero
2638 2464 2948 2520 assecutus,
2981 2468 3207 2525 possum
3237 2453 3502 2508 damnare

1914 2554 2306 2624 cogitationem
2344 2565 2553 2615 meam,
2586 2549 2732 2619 quod
2767 2563 2880 2604 non
2915 2547 3018 2603 sim
3052 2546 3255 2617 dignus
3290 2559 3354 2600 ea
3389 2544 3498 2615 glo-

1915 2644 2019 2700 ria.
2043 2644 2113 2698 At
2139 2642 2443 2714 ignominia
2502 2656 2568 2697 ex
2597 2642 2783 2713 pravis
2814 2640 3132 2696 actionibus
3157 2639 3357 2694 oritur.
3383 2636 3505 2703 Quo

1916 2741 2075 2804 pacto
2107 2734 2275 2806 igitur
2307 2749 2409 2790 cor
2438 2749 2622 2790 meum
2659 2745 2852 2806 potero
2888 2734 3201 2798 consolari,
3239 2748 3364 2789 cum
3402 2732 3504 2787 bo-

1917 2827 2092 2883 mines
2135 2828 2190 2881 in
2231 2843 2319 2883 me
2361 2827 2685 2883 scandalum
2735 2834 2902 2897 atque
2944 2826 3305 2882 oﬂ'ensionem
3347 2838 3503 2894 cepe-

1916 2920 2059 2975 rint?
2081 2919 2313 2976 Praestat
2338 2936 2472 2992 ergo
2498 2920 2703 2975 bonum
2733 2918 2936 2984 facere,
2963 2934 3028 2973 ac
3053 2918 3283 2990 gloriam
3311 2931 3504 2986 reporo

1915 3020 2052 3068 tare.
2106 3011 2259 3067 Tunc
2312 3012 2482 3068 abbas
2534 3011 2810 3066 Abraham
2864 3009 3244 3081 pronuntiavit
3293 3025 3308 3063 :
3360 3006 3506 3062 Bene

1922 3104 2138 3159 locutus
2165 3119 2249 3170 es,
2275 3102 2463 3160 Pater.

1992 3197 2046 3252 2.
2081 3196 2192 3267 (76)
2225 3196 2368 3251 Dixit
2400 3196 2572 3252 abbas
2594 3194 2919 3251 Theodorus
2971 3192 3314 3265 :lndigentia
3347 3190 3508 3264 panis

1922 3274 2168 3343 macerat
2202 3304 2402 3359 corpus
2438 3288 2717 3344 monachi.
2746 3288 2903 3344 Alius
2930 3302 3061 3343 vero
3093 3302 3260 3342 senex
3295 3299 3507 3340 assere-

1920 3379 2033 3446 bat,
2065 3396 2096 3434 a
2126 3380 2329 3452 vigiliis
2358 3381 2481 3450 plus
2515 3395 2717 3451 corpus
2750 3378 3039 3436 macerari.

2426 3513 2503 3569 De
2542 3514 2726 3569 abbate
2762 3513 2995 3571 Theona.

1995 3628 2109 3699 (77)
2148 3627 2295 3681 Dixit
2346 3627 2520 3682 abbas
2565 3625 2820 3681 Tbeonas
2867 3646 2882 3682 :
2928 3626 3199 3693 Quoniam
3250 3631 3508 3681 avocatur

1923 3735 2088 3775 mens
2111 3734 2141 3772 a
2171 3717 2635 3788 contemplatione
2667 3716 2784 3785 Dei,
2814 3717 2936 3774 ideo
2962 3717 3167 3788 captivi
3195 3717 3449 3773 ducimur
3475 3730 3507 3770 a

1922 3809 2109 3866 carnis
2142 3807 2450 3863 aﬂ‘ectibus.

2296 3920 2369 3976 De
2408 3919 2691 3991 Theophila
2729 3918 3141 3990 archiepiscopo.

1997 4037 2049 4091 1.
2092 4035 2207 4108 (78)
2244 4034 2447 4091 Beatus
2481 4033 2821 4103 Theophilus
2891 4032 3347 4103 archiepiscopus
3380 4046 3508 4101 pro-

1927 4129 2105 4187 fectus
2131 4139 2215 4187 est
2243 4126 2541 4201 aliquando
2572 4128 2626 4182 in
2659 4134 2901 4181 montem
2933 4125 3150 4189 Nitriae;
3181 4126 3410 4182 etvenit
3441 4126 3508 4178 ad

1923 4235 2050 4275 eum
2091 4217 2297 4273 montis
2338 4216 2527 4274 abbas.
2562 4215 2702 4272 Dicit
2735 4217 2786 4271 ci
2822 4216 3278 4288 archiepiscopus
3315 4235 3327 4270 :
3366 4215 3511 4282 Quid

1924 4310 2179 4367 invenisti
2216 4309 2271 4364 in
2300 4309 2388 4365 via
2422 4308 2525 4363 hac
2559 4308 2796 4379 amplius
2827 4309 3140 4380 majusque,
3175 4308 3374 4364 Pater?
3408 4307 3512 4363 Rc-

219 4392 394 4460 Δέγει
422 4390 575 4463 αὐτῷ
606 4391 635 4443 6
681 4389 892 4462 γέρωνυ
950 4389 1025 4443 T6
1056 4388 1335 4445 αἰτιᾶσθαι
1369 4391 1462 4444 καὶ
1506 4389 1812 4461 μέμφεσθαι

1922 4402 2144 4475 spondit
2169 4417 2334 4458 senex
2358 4419 2371 4455 :
2392 4401 2625 4471 Culpare
2649 4415 2710 4457 se
2733 4409 2789 4456 et
2815 4416 3078 4458 accusare
3101 4416 3336 4472 semper.
3357 4399 3514 4455 Tunc

218 4483 419 4540 ἑαυτὸν
448 4485 702 4540 πάντοτε.
730 4483 894 4553 Λέγει
923 4481 1068 4553 αὑτῴ
1094 4481 1307 4547 ὁάσὸἄς
1339 4481 1624 4553 Θεόφιλος·
1646 4482 1815 4555 ’Δλλη

219 4578 343 4643 ὁδὸς
366 4579 471 4632 οὐκ
501 4578 670 4642 ἔστιν,
694 4579 743 4632 εί
768 4576 844 4648 μὴ
873 4575 1038 4649 αὕτη.
1274 4602 1281 4609 ·

293 4673 369 4743 β’.
426 4673 488 4726 '0
544 4670 709 4735 αὐτὸς
763 4669 940 4735 ἀὸὅᾶς
977 4668 1236 4739 Θεόφιλος
1285 4670 1317 4722 6
1376 4668 1808 4739 ἀρχιεπίσκοπος

215 4760 509 4835 παρέϐαλέ
547 4778 681 4817 ποτε
724 4763 805 4825 είς
844 4760 945 4833 τὴν
995 4761 1218 4831 Σκῆτιν.
1265 4751 1641 4837 Σιινᾶχθὲντες¹
1669 4759 1728 4813 δὲ
1769 4762 1819 4814 οἱ

215 4853 451 4923 ἀδελφοὶ
480 4848 633 4908 εἷπον
675 4852 755 4924 τῷ
783 4852 930 4926 ἁὸϐᾷ
960 4851 1205 4925 Παμὸὡτ
1246 4852 1381 4906 Εἰπὲ
1413 4851 1509 4905 ἕνα
1555 4849 1712 4921 λόγον
1743 4851 1821 4923 τῷ

212 4948 420 5018 Hasta},
450 4947 603 5010 ὅπως
639 4945 899 5017 ὠφεληθῇ
925 4945 970 4999 ⁸.
1012 4944 1179 5013 Λέγει
1228 4944 1410 5008 αὐτοῖς
1437 4946 1466 4997 6
1510 4943 1723 5014 γέρωνο
1759 4943 1823 4996 El

211 5043 323 5097 of»:
352 5042 654 5112 ὠφελεῖται
676 5044 735 5095 ὲν
758 5045 826 5114 τῇ
856 5043 1035 5112 σιωπῇ
1070 5058 1191 5112 μου,
1216 5038 1336 5093 οὐδὲ
1362 5040 1421 5092 ὲν
1444 5036 1522 5109 τῷ
1549 5035 1694 5109 λόγῳ
1720 5052 1820 5108 μου

210 5134 586 5206 ὠφεληθῆναι
618 5134 754 5205 ἔχει.

291 5333 319 5367 ⁸
354 5335 444 5390 Al.
468 5335 642 5391 inser.
673 5336 752 5397 ei;
779 5333 870 5388 τὸν
902 5334 1089 5395 τόπον,

312 5593 407 5660 75)
450 5593 557 5648 Vit.
602 5594 755 5647 Patr.
792 5611 867 5659 vr,
901 5594 992 5650 20.

348 5524 410 5596 ὅ)
444 5523 554 5596 ἵει.
582 5522 739 5596 Ῑξαιν.
764 5538 842 5587 χι,
884 5524 971 5596 11.

348 5526 410 5596 ὃ)
444 5526 554 5579 Vit.
582 5526 739 5577 Patr.
764 5538 842 5587 χι,
884 5526 971 5578 11.

312 5596 407 5660 75)
450 5593 557 5648 Vit.
602 5594 755 5647 Patr.
792 5611 867 5659 vr,
901 5594 974 5649 20

280 5526 412 5742 {716)
453 5664 559 5721 Vit.
598 5662 750 5719 Patr.
782 5678 857 5733 tv,
890 5664 978 5719 18.

1926 4496 2095 4552 abbas
2124 4493 2465 4564 Theophilus
2496 4512 2510 4548 :
2541 4493 2661 4549 Alia
2689 4494 2778 4549 via
2811 4508 2921 4549 non
2954 4500 3059 4559 est,
3091 4501 3291 4563 praeter
3323 4492 3508 4546 istam.

1996 4672 2052 4726 2.
2096 4670 2210 4742 ('79)
2258 4670 2403 4728 Idem
2444 4672 2614 4729 abbas
2651 4670 2988 4744 Theophilus
3028 4669 3508 4741 archiepiscOpns.
3546 4716 3549 4719 ,

1929 4763 2079 4818 venit
2117 4762 2419 4833 aliquando
2453 4761 2508 4815 in
2545 4760 2770 4816 Scetim.
2806 4759 3133 4832 Congregati
3175 4766 3356 4815 autem
3399 4760 3510 4812 fra-

1929 4859 2047 4909 tres
2100 4851 2362 4910 dixerunt
2408 4852 2592 4909 abbati
2641 4850 2850 4908 Pambo
2902 4871 2916 4907 :
2965 4851 3186 4923 Aliquid
3238 4855 3511 4907 sermon's

1925 4946 2070 5003 habe
2098 4945 2166 5002 ad
2198 4961 2417 5018 papam,
2444 4954 2507 5003 ut
2533 4946 2583 5002 ei
2612 4946 2810 5017 prosit.
2838 4945 2929 4999 Ait
2958 4945 3067 4999 illis
3096 4959 3263 5001 senex
3299 4962 3312 4998 :
3352 4938 3407 4995 Si
3439 4959 3507 4998 ex

1925 5039 2150 5097 silentio
2195 5055 2319 5096 meo
2361 5041 2654 5096 utilitatem
2698 5053 2809 5095 non
2851 5038 3030 5108 capit,
3072 5052 3251 5106 neque
3286 5051 3351 5090 ex
3390 5050 3514 5090 ser-

1925 5146 2087 5189 mone
2117 5133 2284 5189 habet
2315 5132 2602 5205 proﬁcere.

1999 5517 2109 5581 (77)
2151 5514 2255 5569 Vit.
2295 5511 2446 5568 l’atr.
2480 5527 2555 5573 xu,
2600 5510 2685 5565 12.

1998 5578 2109 5659 (78)
2148 5585 2256 5659 fit.
2304 5583 2457 5659 ρων.
2495 5598 2584 5644 xv,
2751 5579 2977 5636 Dorotb.
3018 5578 3202 5635 Doctr.
3232 5580 3292 5637 7.

1995 5652 2109 5730 (79)
2148 5656 2256 5712 Vit.
2289 5652 2446 5710 Patr.
2479 5668 2568 5723 xv,
2596 5652 2688 5708 6i.
