4036 6202
500 286 601 343 £99

1672 274 2018 332 APPENDIX
2056 273 2148 331 AD
2188 271 2613 333 PALLADIUM.

3674 268 3783 329 2υο

568 397 625 452 5.
662 394 775 466 (80}
813 393 1089 448 Venerunt
1121 389 1416 460 aliquando
1450 388 1639 445 Patres
1667 390 2079 457 Alexandriam,

2255 397 2323 459 γ’.
2359 386 2565 443 Ἦλθόν
2608 405 2738 442 ποτε
2773 386 3016 459 Πατέρες
3055 388 3135 450 είς
3174 383 3610 455 Ἀλεξάνδρειαν,
3654 389 3789 458 κληι-

499 486 680 539 vocati
715 501 745 539 a
774 484 1079 553 Theophilo
1114 481 1553 551 archiepiscopo,
1588 488 1647 534 ut
1682 495 1898 550 precem
1936 479 2082 536 face-

500 584 617 639 ret,
657 589 721 628 ac
765 574 888 627 lana
934 580 1218 628 everteret.
1259 571 1436 641 lisque
1471 572 1653 626 cibum
1690 586 1815 626 cum
1855 571 1951 625 illo
1988 587 2081 625 su-

500 665 779 719 mentihus
822 665 1068 733 apposita
1116 671 1197 718 est
1244 679 1377 717 caro
1418 664 1685 731 vitulina;
1729 672 1783 717 et
1829 662 2082 716 comede-

502 757 654 821 bant,
687 757 822 811 nihil
854 756 1251 810 discernentes.
1286 754 1456 810 Porro
1484 755 1765 825 accipiens
1792 755 2084 824 episc0pus

501 866 671 903 unum
726 848 1033 916 copadinm.
1069 864 1165 903 seu
1214 848 1400 902 carnis
1452 846 1720 909 frustum,
1765 846 1916 900 dedit
1966 843 2085 899 seni

496 943 651 1012 juxta
684 958 743 996 se
774 942 1139 1006 recunibcnti,
1169 941 1359 996 dicens
1391 958 1404 994 :
1440 941 1601 1004 Ecce,
1631 940 1735 993 hoc
1765 946 1849 995 est
1878 939 2081 993 bonum

498 1034 684 1089 carnis
720 1033 954 1087 frustum
978 1075 991 1096 ,
1032 1033 1302 1087 manduca
1326 1072 1340 1093 ,
1377 1031 1537 1088 abba.
1580 1031 1659 1085 Illi
1693 1037 2032 1101 exceperunt
2069 1047 2081 1082 :

497 1125 607 1181 Nos
653 1127 938 1196 hucusque
986 1126 1134 1180 olera
1185 1124 1431 1188 edimus;
1474 1124 1521 1180 si
1565 1133 1745 1178 autem
1790 1137 1921 1178 caro
1964 1132 2083 1186 est,

499 1233 608 1271 non
656 1217 1080 1272 manducamus.
1127 1214 1239 1271 Nec
1280 1216 1517 1287 amplius
1558 1229 1748 1271 eorum
1792 1215 2086 1284 quisquam

497 1309 630 1363 hinc
663 1308 995 1377 degustarit.

567 1400 624 1454 ιι.
677 1399 933 1468 Ejusdem
983 1399 1199 1455 abbatis
1246 1396 1533 1468 Theophili
1581 1410 1765 1452 sermo
1806 1395 2020 1451 exstitit
2068 1413 2082 1449 :

499 1492 724 1559 Qualem
760 1493 1044 1555 timorem,
1079 1500 1375 1545 tremorem
1409 1504 1473 1544 ac
1504 1489 1883 1545 necessitatem
1915 1486 2086 1543 visuri

499 1600 713 1645 Sumus,
742 1585 963 1652 quando
989 1584 1172 1637 anima
1202 1598 1233 1637 e
1260 1597 1491 1652 corpore
1519 1581 1899 1651 separabiturl
1932 1579 2088 1635 Tunc

497 1675 642 1730 enim
668 1673 735 1726 ad
763 1691 864 1730 nos
890 1676 1190 1729 adveniunt
1213 1673 1619 1729 contrariarum
1642 1674 1906 1727 virtutum
1928 1688 2087 1727 exer-

2189 484 2378 547 θεντες
2408 481 2514 536 ὑπὸ
2546 482 2809 551 Θεοφίλου
2840 480 2935 534 τοῦ
2962 477 3419 552 ἀρχιεπισκόπου,
3460 476 3547 532 ἵνα
3581 478 3785 550 ποιήσῃ

2185 575 2371 645 εὐχὴν,
2387 576 2482 627 καὶ
2505 574 2707 649 καθέλῃ
2730 573 2800 628 τὰ
2828 574 2969 646 ἱερά.
2991 572 3102 626 Kal.
3127 570 3416 624 ἐσθιόντων
3438 568 3622 623 αὐτῶν
3659 571 3778 641 μετ’

2185 667 2370 730 αὐτοῦ,
2420 667 2690 741 παρετέθη
2741 664 2909 737 κρέας
2954 664 3194 735 μόσχιον·
3237 664 3329 717 καὶ
3360 665 3578 736 ἤσθιον.
3618 664 3787 736 μηδὲν

2184 758 2608 830 διακρινόμενοι.
2644 759 2755 812 Kal.
2800 755 2983 812 λαϐὼν
3044 755 3414 821 δ’ἐπίσκοπος
3450 756 3510 810 ἓν
3557 758 3789 812 κοπάδιν

2186 848 2356 904 ἔδωκε
2379 849 2457 921 τῷ
2486 849 2713 918 ἔγγιστα
2746 848 2913 903 αὑτοῦ
2950 847 3189 918 γέροντι,
3215 846 3419 916 λέγων’
3458 847 3585 902 Ἰδοὺ
3625 848 3790 904 τοῦτο

2187 940 2352 996 καλὸν
2376 942 2602 997 κοπάδιν
2634 941 2747 1013 (81)
2787 940 2925 1005 ἐστὶ,
2960 938 3123 1008 φάγε,
3149 938 3316 993 άὸὄᾶ.
3352 941 3415 994 Οἱ
3444 940 3501 995 δὲ
3545 942 3786 1013 ἀποκρι-

2189 1030 2375 1094 θέντες
2406 1025 2559 1084 εἶπον
2582 1047 2599 1063 ·
2632 1029 2825 1101 ἹΙμεῖς
2861 1028 2968 1091 ἕως
3002 1029 3128 1099 ἄρτι
3161 1027 3372 1099 λάχανα
3400 1029 3664 1102 ἠσθίομεν
3686 1046 3704 1061 ⁸
3734 1031 3785 1086 εί

2186 1120 2245 1174 δέ
2277 1121 2448 1192 κρέας
2478 1122 2618 1187 ἐστι,
2654 1122 2716 1175 οὐ
2742 1119 3055 1193 τριῦγομεν.
3100 1119 3211 1173 Kal
3237 1119 3339 1174 οὒκ
3371 1118 3454 1174 ἔτι
3484 1122 3788 1193 προσέθετο

2187 1212 2311 1268 οὐδὲ
2338 1207 2423 1278 εἷς
2446 1213 2507 1278 ἐξ
2537 1212 2721 1269 αὐτῶν
2752 1211 3053 1282 γεύσασθαι
3084 1211 3274 1267 αὐτοῦ.

2259 1390 2325 1445 δ’.
2368 1388 2427 1443 Ὃ
2471 1388 2635 1453 αὐτὸς
2674 1388 2850 1453 assa;
2897 1388 3154 1459 Θεόφιλος
3193 1387 3379 1458 ἔλεγεν
3400 1403 3413 1418 ⁸
3459 1383 3585 1446 Οἷον
3622 1392 3788 1461 φόϐον

2190 1481 2287 1534 καλ⁸
2328 1480 2532 1553 τρόμον
2578 1479 2673 1533 καὶ
2705 1476 2954 1550 ἀνάγκην
2986 1479 3184 1550 ἔχομεν
3238 1479 3389 1544 ἰδεῖν,
3429 1479 3519 1534 ὅτε
3568 1482 3602 1553 ἠ
3635 1482 3786 1555 ψυχὴ

2189 1571 2285 1627 τοῦ
2358 1571 2613 1643 σώματος
2662 1570 2997 1642 χωρίζεταιι
3055 1570 3423 1643 Παραγίνεται
3473 1571 3586 1645 γὰρ
3652 1575 3788 1646 πρὸς

2191 1665 2340 1735 ἡμᾶς
2380 1664 2609 1734 στρατιά
2643 1664 2736 1717 καὶ
2773 1662 3003 1735 δύναμις
3036 1663 3144 1717 τῶν
3181 1665 3441 1719 ἐναντίων
3478 1667 3789 1738 δυνάμεων,

499 1765 645 1818 citus
677 1772 730 1819 et
764 1765 966 1833 copiae.
1007 1765 1281 1833 principes
1315 1763 1698 1827 tenebrarum,
1730 1762 1954 1816 malitia:
1984 1762 2090 1815 im-

2193 1758 2241 1811 οἱ
2288 1756 2383 1810 τοῦ
2443 1756 2667 1821 σκότους
2721 1755 3015 1827 ἄρχοντες,
3078 1758 3127 1810 οἱ
3183 1758 3628 1830 κοσμοκράτορες
3684 1759 3790 1830 τῆς

499 1867 812 1923 peratores,
847 1855 1223 1924 principatus,
1261 1861 1592 1923 pOtestates,
1632 1854 1861 1922 spiritus
1895 1851 2091 1922 nequi-

501 1947 623 2008 tiae;
660 1952 713 1999 et
747 1945 931 2015 aliquo
959 1944 1191 2014 justitiaa
1221 1946 1382 1999 modo
1410 1944 1646 1998 animam
1680 1944 1958 2009 detinent,
1991 1944 2091 1997 ad-

497 2037 767 2091 ducentes
802 2045 1002 2091 cuncta
1030 2053 1152 2108 qua:
1182 2037 1425 2106 prudens
1452 2045 1506 2091 et
1537 2035 1779 2091 insciens
1809 2034 2092 2090 commisit

499 2136 722 2197 peccata
746 2168 760 2190 ,
797 2144 826 2182 a
860 2129 1149 2197 juventute
1178 2129 1247 2182 ad
1279 2135 1494 2183 aetatem
1525 2142 1633 2198 qua
1668 2135 1950 2197 assumpta
1980 2133 2085 2181 est.

496 2219 693 2274 Astant
726 2236 879 2291 ergo,
916 2229 1241 2276 accusantes
1276 2229 1476 2276 cuncta
1514 2235 1612 2289 per
1640 2235 1760 2273 eam
1796 2228 1973 2287 gesta.
2010 2216 2089 2271 De

497 2319 696 2366 extero
731 2321 939 2382 quanto
974 2322 1214 2367 tremore
1250 2319 1410 2381 putas
1446 2310 1684 2362 animam
1724 2307 1778 2359 in
1818 2307 1908 2359 illa
1951 2307 2087 2361 liora

498 2403 736 2471 corripi,
774 2404 947 2458 donec
989 2403 1095 2455 lata
1135 2402 1298 2454 fuerit
1337 2399 1645 2462 sententia,
1684 2398 2088 2467 contigeritque

500 2494 747 2561 ejusdem
778 2494 975 2546 anima:
1003 2491 1294 2545 liberatio?
1320 2489 1444 2543 Haec
1469 2496 1553 2543 est
1580 2488 1712 2543 hora
1742 2488 2088 2544 necessitatis

496 2585 651 2653 ejus,
700 2598 989 2652 usquequo
1034 2580 1230 2635 viderit
1278 2581 1413 2652 quid
1465 2581 1569 2651 ipsi
1620 2581 1692 2633 sit
1737 2587 2084 2635 eventurum.

500 2677 715 2730 ltursus
770 2674 971 2728 divina:
1027 2675 1257 2728 virtutes
1312 2687 1342 2728 e
1398 2675 1622 2743 regione
1675 2671 2084 2725 contrariarum

499 2775 669 2832 stant,
707 2768 839 2837 ipsa:
869 2766 1075 2836 pariter
1103 2766 1243 2820 bona
1277 2765 1474 2819 animm
1504 2761 1866 2833 proferentes.
1893 2761 2088 2833 Cogita

498 2874 628 2930 ergo
660 2857 969 2928 cujnsmodi
1008 2857 1062 2911 in
1099 2857 1299 2912 timore
1330 2871 1394 2911 ac
1428 2864 1665 2911 tremore
1696 2862 1947 2909 versetur
1975 2868 2090 2909 me-

498 2952 585 3005 dia
619 2951 916 3006 constituta
945 2949 1129 3003 anima
1155 2991 1169 3012 ,
1204 2948 1381 3005 donec
1409 2947 1675 3018 judicium
1706 2945 1828 3015 ejus
1855 2944 2090 3015 perjus-

502 3049 615 3097 tum
660 3043 903 3109 jndiccm
954 3042 1227 3097 sententia
1272 3040 1618 3096 terminetur.
1662 3039 1726 3093 Et
1768 3039 1813 3096 si
1862 3038 2084 3109 quidem
2114 3077 2158 3135 ο

500 3134 661 3203 digna
705 3133 891 3199 fuerit,
930 3132 1206 3187 daemones
1245 3132 1603 3202 increpantur
1638 3137 1803 3201 atque
1845 3130 2087 3199 puniun-

501 3231 623 3290 tur;
673 3225 789 3292 ipsa
825 3237 957 3278 vero
1002 3223 1216 3292 rapitur
1256 3222 1325 3276 ab
1368 3222 1575 3290 angelis
1614 3240 1627 3276 :
1668 3228 1784 3275 tum
1828 3219 2087 3289 deinceps

499 3316 619 3369 sine
654 3313 1026 3368 sollicitudine
1056 3328 1146 3377 es,
1182 3312 1292 3366 imo
1329 3311 1544 3368 habitas
1575 3315 1732 3381 juxta
1765 3312 1908 3382 quod
1943 3311 2086 3367 scri-

499 3414 653 3475 ptum
683 3413 766 3461 est
799 3423 813 3459 :
847 3403 997 3459 Sicut
1033 3405 1332 3459 (celantium
1369 3406 1603 3458 omnium
1635 3403 1897 3458 habitatio
1927 3413 2005 3457 est
2034 3404 2089 3457 in

502 3505 552 3551 te
567 3497 612 3551 ".
638 3495 793 3551 Tunc
824 3496 1081 3566 impletur
1105 3496 1238 3551 illud
1271 3496 1569 3567 Scriptura:
1598 3514 1610 3550 :
1642 3493 1804 3566 Fugit
1836 3495 2010 3558 dolor,
2038 3503 2088 3549 et

502 3592 746 3657 tristitia,
768 3598 819 3645 et
843 3591 1068 3662 gemitus
1090 3590 1133 3647 ⁸.
1160 3590 1317 3645 Tunc
1349 3589 1577 3644 liberata
1608 3588 1816 3653 anima,
1842 3587 1911 3641 ad
1942 3588 2088 3641 illam

501 3684 839 3740 ineffabilem
868 3684 1112 3738 laetitiam
1139 3694 1192 3739 et
1220 3682 1451 3754 gloriam
1482 3681 1871 3753 proficiscitur,
1899 3681 1953 3735 in
1980 3696 2090 3752 qua

502 3778 890 3832 constituetur.
926 3776 1083 3842 Quod
1117 3775 1161 3830 si
1195 3774 1536 3845 deprehensa
1571 3772 1734 3828 fuerit
1763 3773 1968 3828 vixisse
1997 3789 2095 3827 ne-

502 3869 790 3938 gligenter,
829 3870 983 3921 audit
1026 3867 1329 3922 terribilem
1372 3866 1519 3920 illam
1561 3880 1750 3919 vocem
1790 3882 1803 3917 :
1846 3863 2094 3917 Tollatur

502 3961 716 4029 impius,
744 3968 797 4012 ut
829 3976 930 4013 non
959 3959 1128 4013 videat
1156 3959 1383 4029 gloriam
1414 3957 1685 4011 Domini”.
1735 3953 1889 4010 Tunc
1917 3956 2093 4023 ipsam

503 4050 865 4120 apprehendit
896 4051 1015 4107 dies
1050 4053 1165 4115 iraa,
1193 4052 1310 4107 dies
1339 4048 1673 4112 aﬂlictionis,
1698 4047 1814 4102 dies
1843 4046 2095 4101 tenebra-

505 4157 626 4193 rum
657 4150 711 4194 et
740 4144 1017 4213 caliginis.
1050 4143 1272 4197 Tradita
1305 4144 1359 4197 in
1396 4142 1653 4197 tenebras
1684 4138 2013 4201 exteriores,
2042 4149 2096 4194 et

505 4229 572 4282 ad
608 4231 786 4297 ignem
825 4242 1148 4300 perpetuum
1185 4232 1441 4287 damnata
1464 4275 1477 4298 ,
1510 4246 1607 4301 per
1641 4228 1855 4283 inﬁnita
1891 4230 2095 4284 saecula

508 4318 789 4378 punietur.
817 4318 993 4385 Tunc,
1022 4321 1112 4374 ubi
1145 4322 1398 4390 gloriatio
1426 4322 1656 4377 mundi?
1683 4321 1775 4376 tibi
1802 4334 1939 4375 vana
1976 4320 2095 4389 glo-

2194 1850 2480 1919 πονηρίας,
2529 1849 2623 1903 καὶ
2676 1848 2845 1919 ἀρχαλ⁵
2896 1848 2990 1901 καὶ
3036 1848 3297 1915 ἐξουσίαι,
3341 1849 3410 1903 τὰ
3436 1850 3789 1922 πνεύματα¹⁶

2192 1940 2291 2012 τῆς
2323 1941 2627 2013 πονηρίας’
2663 1940 2757 1993 καὶ
2797 1940 2982 2011 τρόπῳ
3012 1942 3119 1994 τινὶ
3162 1940 3317 2012 δίκης
3352 1942 3641 2013 κατέχουσι
3686 1942 3789 2014 τὴν

2190 2034 2389 2105 ψυχὴν,
2428 2033 2783 2104 ἐπιφέροντες
2826 2033 3006 2086 πάντα
3037 2032 3207 2101 αὐτῆς
3244 2033 3312 2087 τὰ
3362 2035 3420 2088 ἐν
3450 2034 3647 2106 γνώσει
3688 2038 3791 2091 καὶ

2191 2124 2382 2194 ἀγνοίᾳ
2429 2124 2839 2194 ἁμαρτήματα,
2895 2120 3005 2176 ἀπὸ
3062 2124 3313 2193 νεότητος
3346 2125 3452 2189 ἓως
3508 2128 3607 2198 τῆς
3664 2128 3793 2201 ὴλι-

2189 2221 2316 2281 κῐας
2368 2213 2439 2289 ἦς
2490 2215 2829 2287 κατελήφθη.
2876 2217 3155 2271 Ἵστανται
3198 2213 3309 2272 οὖν.
3350 2219 3796 2290 κατηγοροῦντες

2189 2308 2370 2361 πάντα
2419 2308 2485 2360 τὰ
2540 2308 2911 2379 πεπραγμένα
2967 2309 3059 2361 ὑπ’
3119 2309 3309 2380 αὐτῆς.
3349 2310 3555 2365 Λοιπὸν
3601 2314 3796 2366 ὁποῖον

2187 2401 2391 2471 τρόμον
2424 2400 2601 2462 δοκεῖς
2647 2400 2746 2470 τὴν
2780 2400 2958 2470 ψυχὴν
3007 2400 3153 2470 ἔχειν
3201 2402 3259 2453 ἐν
3290 2404 3358 2472 τῇ
3409 2401 3530 2474 ὥρᾳ
3575 2404 3794 2476 ἐκείνῃ,

2188 2491 2293 2554 ἕως
2323 2486 2383 2545 οὗ
2427 2492 2461 2560 ἡ
2511 2491 2787 2559 ἀπόφασις
2817 2490 3044 2562 ἐξέλθῃ,
3095 2492 3190 2544 καὶ
3238 2491 3520 2563 ἐλευθερία
3557 2494 3798 2565 γένηται

2190 2584 2395 2656 αὒτῆςς
2426 2582 2584 2637 τοῦτό
2614 2584 2759 2636 ἐστιν
2803 2585 2835 2653 ἠ
2868 2582 2986 2655 ὥρα
3015 2584 3116 2654 τῆς
3149 2584 3396 2656 ἀνάγκης
3443 2585 3635 2656 αὑτῆς,
3681 2587 3799 2651 ἕως

2189 2671 2251 2732 οὗ
2292 2676 2378 2748 ἴδῃ
2407 2676 2459 2729 τί
2500 2675 2562 2728 τὸ
2601 2674 3016 2748 ἀποϐησόμενον
3043 2676 3201 2747 αὐτῇ.
3231 2675 3342 2729 Καὶ
3373 2676 3534 2730 πάλιν
3560 2679 3617 2730 αἱ
3641 2677 3794 2732 θεῖαι

2189 2770 2449 2841 δυνάμεις
2478 2770 2727 2823 ἵστανται
2757 2768 2899 2822 κατὰ
2932 2769 3223 2841 πρόσωπον
3252 2768 3359 2822 τῶν
3383 2769 3660 2836 ἐναντίων,
3688 2773 3794 2825 καὶ

2193 2861 2357 2916 αὑταὶ¹
2408 2861 2476 2915 τὰ
2520 2860 2662 2915 καλά
2690 2860 2860 2930 αὐτῆς
2904 2860 3281 2932 ἐπιφέρουσαι.
3325 2862 3594 2915 Κατανόει
3625 2858 3717 2916 οὖν
3747 2867 3789 2935 ἡ

2189 2948 2336 3020 ψυχὴ
2363 2949 2499 3020 μέση
2520 2949 2782 3020 ἱσταμένη
2799 2948 2936 3017 ποίῳ
2949 2948 3059 3020 ἄρα
3081 2950 3232 3020 φόϐῳ
3254 2951 3346 3005 καὶ
3364 2952 3549 3023 τρόμῳ
3571 2955 3790 3024 στήκει,

2190 3039 2294 3102 ἕως
2309 3035 2419 3111 oili)
2442 3040 2623 3112 κρίσις
2635 3040 2807 3111 αὐτῆς
2832 3038 3111 3110 ἀπόφασιν
3135 3041 3274 3114 λάϐῃ
3297 3042 3444 3114 παρὰ
3463 3043 3555 3097 τοῦ
3575 3044 3793 3098 δικαίου

2189 3129 2404 3202 κριτοῦ.
2445 3131 2555 3185 Kal.
2607 3131 2701 3185 ἐὰν
2753 3126 2927 3202 μένῇ
2983 3129 3140 3196 ἀξία,
3192 3133 3391 3185 ἐκεῖνοι
3417 3134 3794 3203 λαμϐάνουσιν

2188 3222 2490 3293 ἐπιτιμίαν,
2536 3222 2630 3275 καὶ
2693 3222 2832 3293 αὑτὴ
2896 3222 3200 3294 ἀρπάζεται
3262 3224 3357 3277 ἀπ’
3411 3225 3630 3278 αὐτῶν·
3689 3228 3795 3281 καὶ

2190 3312 2379 3367 λοιπον
2442 3312 2747 3385 ἀμέριμνος
2793 3308 2880 3380 εἴ,
2914 3314 3115 3383 μᾶλλον
3159 3314 3215 3368 δὲ
3260 3318 3506 3369 κατοικεῖ
3534 3316 3598 3348 ’⁸⁵
3642 3318 3798 3371 κατὰ

2188 3408 2249 3462 τὺ
2308 3408 2739 3479 γεγραμμένον·
2812 3408 2919 3474 Ὠς
3000 3409 3486 3477 εὐφραινομένων
3544 3409 3799 3464 πάντων

2193 3501 2228 3567 ὴ
2260 3501 2529 3555 κατοικία
2550 3500 2619 3553 ἐν
2641 3500 2761 3555 σοί.
2789 3500 2924 3553 Τότε
2952 3498 3255 3572 πληροῦται
3275 3499 3336 3554 τὸ
3365 3502 3751 3573 γεγραμμένον
3778 3521 3796 3537 ο

2204 3592 2451 3660 Ἀπέδρα
2488 3592 2678 3659 ὀδύνη
2724 3592 2823 3646 καί
2869 3594 3036 3660 λύπη
3093 3593 3192 3647 καὶ
3243 3596 3616 3663 στεναγμὸςο
3664 3595 3799 3647 τότε

2193 3683 2571 3752 ἀπαλλαγεῖσα
2617 3680 2911 3753 πορεύεται
2948 3685 3029 3747 είς
3057 3683 3272 3755 ἐκείνην
3294 3685 3395 3757 τὴν
3423 3685 3798 3755 ἀνεκλά).ητον

2193 3777 2369 3847 χαρὰν
2390 3775 2680 3839 καὶδόξαν,
2700 3775 2780 3837 εἰς
2805 3775 2871 3845 ἢν
2903 3777 3323 3845 καταστήσεται.
3364 3776 3489 3830 Ἐὰν
3511 3776 3564 3831 δὲ
3588 3777 3795 3850 εὑρεθῇ

2193 3872 2251 3923 ὲν
2280 3868 2511 3939 ἀμελείᾳ
2567 3868 2801 3938 ζήσασα,
2838 3865 3028 3921 ἀκούει
3077 3869 3175 3939 τὴν
3206 3867 3516 3940 δεινοτάτην
3564 3872 3754 3941 φωνην
3778 3887 3793 3901 ⁸

2206 3957 2458 4029 Ἀρθήτω
2486 3961 2519 4012 ό
2550 3956 2800 4027 ἀσεϐὴς,
2825 3958 2927 4011 ἵνα
2946 3955 3033 4027 μὴ
3066 3957 3167 4027 ἴδῃ
3198 3959 3312 4028 τὴν
3340 3958 3792 4029 δόξαι-Κινησίου.

2194 4050 2329 4102 Τότε
2356 4048 2527 4119 αὐτὴν
2560 4048 2969 4120 καταλαμϐάνει
3005 4049 3190 4121 ήμέρα
3223 4051 3413 4122 ὀργῆς,
3453 4052 3641 4124 ἡμέρα
3677 4054 3795 4107 θλί-

2193 4141 2341 4212 ψεως
2372 4144 2434 4208 ⁸⁸,
2486 4143 2670 4214 ἡμέρα
2706 4141 2931 4206 σκότους
2970 4141 3065 4196 καὶ
3107 4143 3328 4214 γνόφου.
3376 4147 3792 4219 Παραδιδομένη

2193 4236 2274 4296 εἰς
2307 4233 2368 4286 τὸ
2403 4230 2670 4305 ἐξώτερον
2704 4236 2915 4301 σκότος,
2948 4234 3046 4289 καὶ
3082 4236 3165 4299 εἰς
3192 4234 3253 4288 τὸ
3291 4235 3509 4290 αἰώνιον
3546 4236 3658 4309 πῦρ
3695 4255 3794 4292 κα-

2197 4324 2537 4398 τακριθεῖσα,
2593 4329 2675 4389 εἰς
2727 4328 3069 4399 ἀπεράντους
3115 4328 3320 4393 αἰῶνας
3364 4329 3787 4401 κολασθήσεται.

506 4409 626 4463 ria?
669 4410 758 4463 ubi
801 4409 1046 4465 deliciae?
1088 4411 1181 4466 ubi
1223 4413 1571 4483 voluptates?
1611 4413 1701 4467 tibi
1750 4411 1964 4467 fastus?
2002 4410 2090 4464 ubi

2200 4418 2336 4471 Τότε
2382 4418 2485 4472 ποῦ
2517 4420 2550 4490 ἡ
2578 4419 2845 4490 καύχησις
2874 4420 2965 4473 τοῦ
2996 4420 3204 4489 κόσμου
3230 4436 3245 4485 ;
3279 4420 3380 4473 ποῦ
3410 4423 3441 4492 ἡ
3472 4419 3787 4487 κενοδοξίας

506 4502 765 4572 requies?
796 4501 886 4555 ubi
909 4502 1217 4571 jactantia?
1246 4504 1332 4560 ubi
1366 4505 1646 4574 pecuniae?
1675 4504 1767 4559 ubi
1795 4502 2093 4559 nobilitas?

507 4597 598 4651 ubi
633 4596 821 4666 pater?
849 4598 937 4649 ubi
968 4597 1180 4650 mater?
1207 4598 1299 4650 ubi
1332 4597 1541 4651 frater?
1567 4599 1701 4662 Quis
1726 4597 2091 4668 prwsentibus

507 4691 665 4744 malis
696 4690 905 4759 eripere
941 4689 1144 4759 poterit
1170 4688 1292 4759 igne
1320 4688 1661 4758 ﬂagrantem,
1690 4697 1744 4743 et
1778 4690 1830 4741 in
1860 4689 2092 4742 amaris-

507 4785 663 4853 simis
706 4784 994 4837 tormentis
1035 4782 1353 4837 deleniam?
1390 4780 1484 4835 llis
1521 4781 1591 4834 ita
1629 4796 1687 4835 se
1722 4780 2087 4843 habentibus,

506 4875 698 4937 qualos
722 4888 846 4927 esse
870 4889 970 4927 nos
997 4880 1213 4942 Oportet
1237 4872 1290 4925 in
1317 4872 1526 4926 sanctis
1550 4870 1859 4927 actionibus
1881 4880 1934 4925 et
1959 4886 2091 4940 ope-

511 4968 659 5018 ribus
688 4964 827 5033 piis?
852 4964 1125 5030 Quantam
1154 4962 1482 5016 eharitatem
1516 4960 1783 5015 debemus
1817 4961 2098 5016 obtinere?

508 5068 766 5124 quantum
802 5054 1325 5111 conversationem?
1358 5053 1574 5124 qualem
1609 5054 1878 5109 cursum?
1908 5055 2098 5123 cujus-

507 5148 652 5200 modi
674 5149 1037 5219 diligentiam,
1058 5148 1389 5210 orationem,
1416 5144 1755 5200 cautionem?
1774 5144 1903 5199 Nam
1924 5145 2094 5210 enim,

2195 4510 2295 4564 ποῦ
2331 4512 2364 4581 ὴ
2411 4513 2630 4583 τρνφὴ;
2677 4510 2778 4565 ποῦ
2809 4514 2841 4582 ἠ
2873 4512 3209 4576 ἁπόλαυσιςς
3261 4512 3364 4565 πού
3393 4514 3426 4581 ἡ
3473 4513 3787 4581 φαντασίας

2195 4601 2298 4655 ποῦ
2326 4604 2359 4672 ἡ
2394 4603 2735 4666 ἁνάπαυσιςς
2772 4601 2875 4655 πού
2901 4605 2930 4655 ὁ
2962 4602 3204 4673 κόμπος;
3243 4602 3347 4656 ποῦ
3384 4603 3454 4657 τά
3484 4604 3788 4675 χρήματα;

2195 4693 2297 4746 ποῦ
2326 4696 2359 4765 ἡ
2394 4694 2672 4763 εύγένεια;
2708 4694 2809 4746 ποῦ
2842 4696 3059 4766 πατήρς
3096 4695 3199 4748 ποῦ
3230 4696 3447 4768 μήτηρ;
3494 4678 3595 4750 ποῦ
3632 4696 3792 4749 ἀδελ-

2194 4784 2323 4853 φός;
2362 4786 2447 4857 τίς
2482 4785 2772 4856 δυνήσεται
2804 4785 3009 4838 τούτων
3038 4786 3317 4851 ἐξελέσθαι
3340 4788 3440 4858 τὴν
3476 4787 3582 4841 ὑπὸ
3615 4790 3794 4861 πυρὸς

2195 4872 2559 4945 φλεγομένην,
2593 4875 2688 4927 καὶ
2722 4874 2827 4927 ὑπὸ
2858 4877 3069 4947 πικρῶν
3103 4877 3352 4946 βασάνων
3382 4878 3793 4949 κατεχομένην;

2196 4965 2416 5018 Τούτων
2472 4965 2645 5028 οὓτως
2685 4966 3019 5037 γινομένων,
3064 4970 3343 5032 ποταποὺς
3389 4969 3471 5023 δεῖ
3522 4970 3799 5042 ὑπάρχειν

2196 5056 2344 5126 ἡμᾶς
2367 5057 2425 5109 ἐν
2451 5056 2635 5125 ἁγίαις
2655 5057 3027 5129 ἀναστροφαῖς
3049 5059 3144 5112 καὶ
3173 5057 3515 5124 εύσεϐείαιςς
3540 5061 3798 5129 ποταπὴν
3821 5089 3826 5095 ι

2196 5148 2420 5217 ἀγάπην
2477 5148 2764 5220 ὀφείλομεν
2814 5148 3157 5221 κτήσασθαι;
3219 5151 3471 5221 ποταπὴν
3521 5151 3801 5220 άγωγήνς

507 5300 995 5370 ’Psal.r.xxxvu,7.
1033 5305 1449 5372 ‘lsa.xxrt,lo.
1488 5305 1508 5337 ’
1534 5303 1807 5365 lsmxxvr.
1836 5306 1916 5359 li).
1955 5307 2090 5363 "At.

2193 5308 2482 5376 ευματικά.
2519 5308 2578 5337 '°‘
2607 5306 2734 5379 Leg.
2761 5313 3061 5374 κατοικεῖς.
3101 5312 3142 5342 ¹¹
3164 5311 3801 5381 Α1.ο‹1ἀ.καὶὰνάγκης.

582 5462 692 5531 (80)
737 5461 839 5515 Vit.
880 5463 1030 5518 Patr.
1064 5483 1136 5531 tv,
1164 5468 1250 5521 65.

581 5532 692 5602 (Si)
732 5531 1013 5587 Kondo‘tr.
1044 5538 1363 5604 (Jopalium.
1399 5535 1454 5591 Id
1500 5536 1734 5591 nominis
1764 5554 1886 5592 eum
1923 5539 2088 5591 variis

514 5604 1212 5677 accc-ptioiirhtisexplicant
1239 5606 1529 5670 Meursius,
1561 5606 1897 5677 lloswcydus
1923 5650 1934 5669 ,
1964 5609 2091 5661 Cer-

512 5689 703 5729 mantts
720 5679 773 5728 et
802 5671 1038 5738 Pettius,
1066 5673 1121 5728 in
1149 5674 1499 5733 Dictionariis
1525 5680 1662 5733 suis.
1690 5671 1771 5734 Ad
1793 5682 1838 5734 le
1866 5678 2089 5734 llamel-

2200 5468 2442 5537 lwgimn
2495 5467 2564 5520 ad
2599 5468 2879 5537 Apicium:
2940 5469 3330 5525 Casaubonum
3364 5472 3417 5525 in
3445 5471 3797 5537 Athenarum;

2198 5538 2824 5615 F-rontonejtrlluczemn
2869 5541 2938 5593 ad
2981 5541 3332 5615 Palladium;
3374 5542 3801 5615 necttott_llesy-

2199 5610 2406 5735 t‘lgtlm,
2459 5609 2711 5676 Suidam,
2746 5610 2994 5680 Glossas,
3038 5611 3105 5667 de
3162 5611 3363 5669 similis
3415 5613 3651 5687 originis
3696 5609 3800 5671 vb-

2199 5695 2245 5735 Cl
2297 5694 2375 5736 U3.

2198 5695 2375 5735 CIDUS.
