4012 6208
467 347 571 406 203

1614 329 1956 392 APPENDIX
1993 327 2084 383 AD
2118 327 2536 389 PALLADIUM.

3534 343 3538 345 ’
3599 327 3708 385 2οι

457 464 609 520 ravit
658 463 820 516 etiam
873 452 1393 510 hoc:Christianus
1424 450 1644 520 quidam
1691 464 1812 503 cum
1863 445 2028 500 Mani-

2143 447 2307 512 εοῦτο,
2339 450 2420 502 ὅτι
2444 447 2768 518 Χριστιανός
2791 464 2893 510 τις,
2930 446 3066 516 μετά
3093 444 3424 514 Μαννιχαίου
3457 446 3499 477 ¹⁹
3526 445 3700 500 διαλε-

465 554 620 610 citato
669 549 736 603 de
788 559 1018 616 corpore
1065 543 1365 603 disserens,
1411 541 1486 593 ita
1537 539 1750 592 locutus
1797 547 1921 592 est:
1959 534 2032 588 Da

471 645 640 711 legem
669 635 910 708 corpori,
936 642 991 690 et
1020 633 1226 688 videbis
1247 646 1446 705 corpus
1475 630 1542 684 ad
1572 630 1882 684 Creatorem
1908 642 2032 698 per-

470 733 664 785 tinere.

543 821 596 874 5.
648 816 850 872 Eadem
903 816 1098 869 iterum
1145 813 1324 867 dixit:
1358 811 1664 878 Praeceptor
1701 808 1860 864 debet
1913 821 2036 862 esse

474 915 673 982 hospes
706 911 762 964 in
793 922 977 963 amore
1010 905 1348 971 dominandi,
1393 905 1604 960 alienus
1637 903 1707 957 ab
1737 902 1886 957 inani
1921 899 2036 972 glo-

472 1004 579 1065 ria.
613 1003 771 1070 longe
807 1015 836 1052 a
887 998 1160 1068 superbia,
1197 1012 1294 1066 per
1341 994 1704 1050 adulationem
1751 1007 1862 1047 non
1896 992 2037 1046 ludi-

472 1095 593 1150 brio
625 1093 865 1154 habitus,
897 1105 1006 1144 non
1037 1096 1341 1144 excaecatus
1366 1102 1460 1157 per
1480 1085 1643 1149 dona,
1675 1099 1774 1140 nec
1791 1083 2035 1140 devictus

475 1201 506 1239 a
547 1193 757 1248 ventre,
796 1199 902 1238 non
935 1184 1013 1236 ira
1042 1181 1332 1236 detentus:
1362 1178 1455 1234 sed
1505 1178 1741 1248 patiens,
1783 1189 2037 1231 mansue—

473 1286 586 1342 tus,
627 1283 888 1347 quantum
919 1274 1032 1328 fieri
1071 1279 1253 1345 potest
1288 1270 1543 1336 humilis;
1585 1269 1744 1325 debet
1770 1283 1894 1325 esse
1914 1283 2036 1339 pro-

473 1369 576 1423 bus
611 1383 672 1420 ac
704 1367 963 1427 tolerans,
993 1363 1218 1418 sedulus
1245 1369 1298 1414 et
1333 1365 1543 1413 amator
1566 1357 1892 1414 animarum.

555 1459 606 1512 6.
645 1458 720 1511 lta
757 1471 950 1510 rursus
994 1454 1174 1508 locuta
1212 1461 1293 1506 est
1327 1469 1340 1506 :
1373 1448 1557 1518 Neque
1589 1448 1927 1503 monasticus
1960 1447 2063 1501 ri-.

475 1565 593 1619 ger,
623 1563 798 1617 neque
822 1545 1035 1616 vigiliae,
1085 1557 1188 1597 nec
1215 1541 1444 1611 quilibet
1481 1538 1635 1592 labor
1671 1539 1899 1593 salutem
1937 1553 2036 1607 pa-

478 1641 584 1706 rit;
619 1638 711 1693 sed
743 1637 856 1693 sola
887 1636 1100 1691 sincera
1127 1631 1426 1686 humilitas.
1456 1629 1584 1682 Erat
1618 1628 1761 1682 enim
1795 1628 2033 1683 anacho-

2135 540 2361 610 γόμενος
2391 539 2520 609 περὶ
2544 537 2636 592 τοῦ
2671 537 2938 608 σώματος,
2970 533 3124 590 εἶπεν
3154 536 3346 600 οὕτως’
3379 535 3480 602 Δὸς
3505 536 3597 591 τὸν
3618 537 3715 592 νό-

2137 647 2236 700 μον
2258 630 2336 701 τῷ
2362 628 2593 700 σώματι,
2625 631 2719 683 καὶ
2743 629 2870 699 bibat
2897 628 2959 681 τὸ
2991 629 3149 700 σῶμα
3173 627 3252 698 τῷ
3275 627 3563 683 πλάσαντι.

2205 813 2266 866 ε’.
2293 807 2427 867 Eine
2449 811 2609 866 πάλιν
2628 811 2661 881 ή
2684 808 2842 878 αύτὴ,
2862 810 2950 862 ὅτι
2967 809 2996 860 6
3014 806 3333 870 διδάσκαλος
3345 805 3548 876 ὀφείλει
3565 800 3706 862 εἶναι

2136 904 2282 970 ξένος
2306 903 2671 976 φιλαρχίας¹⁰,
2699 902 2792 956 καὶ
2819 899 3094 971 ἀλλότριος
3120 895 3440 963 κενοδοξίας,
3485 898 3704 970 μακράν

2136 990 2532 1062 ὑπερηφανίας,
2575 989 2648 1060 μὴ
2696 987 2802 1042 ὑπὸ
2831 987 3117 1050 κολακείας
3157 985 3580 1056 ἐμπαιζόμενος,
3633 988 3707 1058 μὴ

2135 1084 2239 1138 ὑπὸ
2265 1083 2450 1153 δώρων
2481 1079 2862 1151 τυφλούμενος,
2886 1078 2961 1150 μὴ
2991 1077 3096 1133 ὑπὸ
3125 1078 3360 1150 γαστρὸς
3383 1077 3705 1149 νικώμενος.

2137 1175 2212 1246 μὴ
2242 1173 2345 1228 ὑπὸ
2363 1174 2532 1246 ὀργῆς
2570 1170 2954 1243 κρατούμενος
2999 1168 3135 1224 ἀλλὰ
3181 1165 3550 1246 μακρόθυιμος,
3585 1169 3709 1222 ἐπι-

2135 1241 2306 1337 εικὴς,
2335 1241 2556 1338 πάσῃνίι
2598 1241 2822 1332 δυνάμει
2851 1259 3248 1330 ταπεινόφρων·
3290 1241 3539 1329 ἔγκριτος
3566 1255 3710 1313 εἶναι

2135 1359 2226 1415 καὶ
2253 1355 2548 1420 ἀνεκτικός·
2591 1353 2942 1426 ηδεμονικός
2971 1352 3065 1406 καῖ⁵
3085 1350 3396 1422 φιλάψυχος.

2204 1454 2277 1514 ς’.
2311 1447 2502 1516 Ἔλεγε
2544 1445 2705 1500 πάλιν
2734 1447 2768 1516 ἡ
2809 1443 2966 1517 αὐτὴ,
3003 1443 3085 1498 ὃτι
3128 1442 3229 1496 ούκ
3280 1442 3534 1513 ἄσκησις,
3582 1439 3708 1494 οὔτε

2134 1539 2429 1612 ἀγρυπνία,
2461 1537 2583 1592 οὔτε
2631 1539 2885 1600 παντοῖος
2915 1535 3078 1598 πόνος
3104 1532 3286 1597 σώζειο
3321 1534 3370 1586 εί
3407 1531 3482 1604 μὴ
3510 1531 3710 1602 γνησία

2133 1628 2618 1702 ταπεινοφροσύνη.
2649 1623 2760 1682 Ἦν
2784 1627 2893 1698 γάρ
2921 1644 3004 1690 τις
3020 1623 3376 1696 ἀναχωρητὴς
3390 1623 3710 1678 ἀπελαύνων

476 1739 589 1785 reta
613 1729 832 1800 quidam
870 1727 963 1798 qui
989 1726 1263 1780 daemones
1289 1722 1540 1792 ejiciebat
1561 1764 1576 1786 ,
1611 1730 1662 1776 et
1691 1720 1938 1790 quaesivit
1965 1721 2032 1774 ab

2143 1723 2410 1795 ιδαίμονας·
2444 1719 2538 1776 καὶ
2586 1716 2845 1790 ἐξήταζεν
2877 1716 3092 1780 αὐτούς’
3143 1715 3230 1768 Ἐν
3261 1715 3366 1768 τίνι
3395 1713 3706 1786 ἐξέρχεσθε,

474 1820 584 1877 iis:
619 1822 675 1875 ln
715 1834 950 1890 quonam
983 1815 1183 1873 exitis?
1218 1813 1273 1868 In
1310 1811 1546 1882 jejunio?
1576 1809 2026 1882 Responderunt:

475 1911 584 1967 Nos
630 1925 805 1980 neque
850 1908 1242 1963 manducamus
1281 1918 1456 1974 neque
1506 1903 1762 1958 bibimus.
1815 1902 1869 1957 In
1898 1903 2032 1975 vigi-

477 1999 594 2056 liis?
622 1998 884 2052 Dixerunt
917 2014 930 2051 :
964 1995 1071 2050 Nos
1115 2007 1368 2050 somnum
1404 2005 1513 2044 non
1542 1988 1814 2043 videmus.
1848 1987 1905 2041 ln
1936 2003 2029 2042 se-

474 2086 755 2142 cessione?
803 2083 912 2138 Nos
963 2084 1017 2137 in
1071 2078 1457 2136 solitudinibus
1498 2076 1761 2145 degimus.
1812 2074 1868 2130 In
1921 2090 2031 2146 quo

475 2179 644 2250 igitur
685 2173 1048 2248 egredimini?
1089 2172 1432 2241 Exceperunt
1464 2187 1478 2224 :
1510 2167 1653 2222 Nihil
1700 2183 1801 2222 nos
1843 2167 2030 2232 vincit,

471 2266 575 2323 nisi
603 2266 901 2322 humilitas.
931 2264 1125 2320 Cernis
1164 2269 1224 2317 ut
1249 2259 1550 2324 humilitas,
1583 2259 1810 2314 victoria
1847 2259 1919 2315 sit
1948 2259 2034 2314 ad-

475 2372 665 2412 versus
691 2355 996 2410 daemones?

546 2447 598 2500 7.
635 2444 891 2500 Narratio
932 2458 1150 2514 quoque
1203 2443 1320 2498 haec
1371 2444 1582 2499 exstitit
1624 2440 1816 2495 matris
1859 2439 2036 2494 Theo-

475 2535 820 2592 doszrat
877 2534 1098 2605 quidam
1150 2534 1491 2600 monachus,
1542 2531 1636 2603 qui
1689 2529 2036 2585 multitudine

476 2627 835 2683 tentationum
865 2639 1181 2694 oppressus,
1211 2623 1348 2676 dixit
1378 2641 1392 2677 :
1440 2623 1652 2678 ltecedo
1694 2622 1842 2676 hinc.
1869 2620 2036 2675 Cum-

476 2732 583 2788 que
633 2713 1170 2772 sumeret‘s‘andalia
1213 2729 1334 2778 sua,
1383 2714 1519 2768 vidit
1559 2713 1721 2768 alium
1763 2713 2034 2767 hominem

475 2817 780 2866 sumentem
829 2809 990 2864 etiam
1041 2821 1140 2862 sua
1187 2807 1452 2873 sandalia,
1499 2806 1590 2876 qui
1646 2806 1722 2859 ait
1758 2806 1807 2860 ei
1843 2825 1855 2859 :
1897 2803 2034 2859 Num

476 2896 698 2972 propter
750 2915 837 2956 me
887 2897 1200 2971 egrederis?
1264 2896 1404 2953 Ecce
1441 2912 1767 2968 quocunque
1812 2895 2033 2962 abieris,

473 3005 574 3064 ego
599 2997 654 3047 te
681 2988 1006 3062 praecedam.

926 3098 1262 3170 Principium
1305 3099 1499 3154 littera:
1533 3097 1577 3152 l.
2057 3112 2102 3169 ο

719 3209 796 3266 De
825 3209 1012 3265 abbate
1030 3208 1232 3264 Joanne
1257 3207 1452 3264 Colobo
1486 3210 1590 3264 sive
1621 3208 1806 3266 Curta.

548 3325 599 3378 l.
642 3322 755 3394 (84)
789 3321 1159 3376 Narraverunt
1211 3321 1279 3377 de
1326 3322 1521 3377 abbate
1567 3322 1776 3378 Joanne
1830 3323 2034 3389 Curto.

477 3413 621 3486 quod
650 3413 910 3469 secedens
949 3413 1018 3468 ad
1053 3411 1347 3468 Thebaaum
1377 3429 1562 3470 senem
1588 3414 1644 3469 in
1683 3412 1850 3482 Sceti,
1879 3416 2037 3473 sede-

477 3509 571 3565 bat
615 3507 670 3563 in
699 3507 938 3562 deserto.
979 3505 1216 3560 Snmens
1262 3512 1443 3560 autem
1471 3506 1591 3575 ejus
1624 3506 1795 3562 abbas
1825 3506 2035 3561 aridum

478 3601 703 3672 lignum,
758 3597 1041 3668 plantavit,
1097 3609 1162 3650 ac
1209 3595 1463 3666 pracepit
1510 3595 1882 3662 eizQuotidie
1933 3597 2038 3654 hoc

479 3690 643 3760 irriga
672 3703 780 3744 una
803 3701 957 3758 aqua:
985 3684 1253 3757 lagenula,
1293 3683 1470 3740 donec
1504 3684 1741 3740 fructum
1767 3687 2038 3757 produxe-

479 3783 571 3838 rit.
600 3779 798 3835 Procul
831 3786 1012 3834 autem
1040 3777 1108 3832 ab
1134 3776 1200 3832 iis
1219 3784 1337 3832 erat
1361 3791 1524 3848 aqua,
1553 3777 1688 3833 adeo
1723 3787 1777 3833 ut
1813 3793 2039 3850 vespere

477 3880 721 3946 pergeret
767 3885 833 3926 ac
885 3884 1044 3925 mane
1092 3875 1477 3924 reverteretur.
1522 3866 1708 3939 Itaque
1752 3881 1876 3940 post
1926 3880 2038 3928 tres

477 3980 651 4022 annos
691 3963 844 4025 vixit.
900 3962 1086 4026 viruit,
1133 3959 1357 4032 protulit
1399 3957 1658 4014 fructum.
1713 3958 1883 4024 Quem
1922 3959 2038 4015 fru-

477 4063 623 4110 ctum
657 4067 822 4108 senex
850 4049 1146 4120 accipiens,
1176 4045 1410 4119 portavit
1435 4047 1504 4101 ad
1531 4047 1838 4112 ecclesiam,
1875 4048 2038 4103 dixit-

479 4158 585 4213 que
627 4141 934 4196 fratribus:
966 4137 1176 4193 Sumite
1206 4178 1220 4203 ,
1269 4136 1593 4192 manducate
1632 4137 1865 4192 fructum
1909 4139 2040 4196 obe-

479 4231 714 4289 dientizz.

545 4320 600 4374 2.
652 4319 762 4390 (85)
813 4316 1138 4372 Referebant
1195 4317 1263 4372 de
1317 4318 1511 4374 abbate
1592 4317 1800 4375 Joanne
1846 4318 2034 4382 Curto,

2064 1773 2107 1828 Β

2138 1819 2194 1870 ἐν
2226 1813 2472 1886 νηστείας
2521 1811 2858 1892 Καῖέλεγον·
2897 1808 3088 1880 Ἡμεῖς
3127 1805 3249 1860 οὔτε
3280 1804 3554 1875 ἐσθίομεν,
3582 1803 3706 1858 οὔτε

2138 1907 2383 1977 πίνομεν.
2423 1905 2512 1958 Ἐν
2539 1902 2840 1976 άγρυπνίᾳ;
2875 1901 2988 1954 Kal
3024 1898 3228 1967 ἔλεγον
3279 1898 3470 1969 Ἡμεῖς
3502 1897 3562 1950 ού
3589 1913 3708 1950 κοι-

2142 1995 2389 2069 μώμεθα.
2442 1996 2530 2049 Ἐν
2559 1994 2902 2065 ἀναχωρήσει
2931 1991 3213 2061 ”;Ἥμεῖς
3238 1989 3316 2054 είς
3342 1989 3441 2052 τὰς
3469 1987 3708 2060 ἐρήμους

2138 2087 2415 2158 διάγομεν.
2457 2084 2546 2138 Ἐν
2584 2085 2691 2138 τίνι
2737 2080 2830 2138 οὖν
2868 2080 3194 2152 ὲξέρχεσθε;
3227 2079 3337 2133 Kal
3364 2078 3568 2147 ἔλεγον,
3623 2079 3708 2131 ὅτι

2141 2179 2306 2233 Ούδέν
2329 2179 2476 2250 ἡμᾶς
2493 2177 2636 2249 νικᾷ,
2661 2178 2708 2230 εί
2742 2177 2816 2248 μὴ
2836 2172 3322 2244 ταπεινοφροσύνη.
3367 2169 3528 2243 Ὁρᾷς
3562 2172 3643 2225 ὅτι
3673 2174 3706 2241 ἠ

2139 2268 2602 2340 ταπεινοφροσύνη
2629 2266 2943 2338 νικητήριον
2968 2266 3084 2318 ἐστι
3119 2263 3387 2334 δαιμόνων
3413 2281 3428 2329 ;

2213 2444 2276 2508 ζ’.
2330 2439 2464 2497 Elite
2502 2442 2662 2496 πάλιν
2702 2442 2734 2511 ἡ
2777 2440 2992 2510 Ἀμμᾶς
3034 2437 3304 2509 Θεοδὼρα,
3345 2437 3425 2490 ὅτι
3471 2430 3579 2489 Ἦν
3625 2453 3714 2499 τις

2145 2535 2396 2609 μοναχός·
2427 2535 2520 2588 καὶ
2578 2533 2684 2588 ἀπὸ
2742 2531 2982 2604 πλήθους
3015 2531 3124 2584 τῶν
3177 2528 3500 2600 πειρασμῶν
3537 2528 3711 2596 λέγει’

2153 2627 2380 2696 Ὑπάγω
2411 2626 2581 2680 ἔνθεν.
2615 2624 2726 2678 Καὶ
2769 2623 2844 2687 ὡς
2873 2621 3062 2676 ἔϐαλεν
3119 2619 3310 2676 ἐαυτοῦ
3339 2620 3406 2674 τά
3434 2619 3711 2684 σανδάλια,

2142 2717 2245 2789 δρᾷ
2267 2715 2553 2788 ἄνθρωπον
2584 2715 2739 2768 ἄλλον
2763 2712 3022 2784 βάλλοντα
3042 2713 3136 2767 καὶ
3166 2711 3327 2764 αὑτὸν
3356 2709 3426 2764 τὰ
3458 2709 3712 2764 σανδάλια

2145 2806 2328 2873 αὐτοῦ,
2371 2808 2466 2861 καὶ
2495 2805 2723 2875 λέγοντα
2770 2803 2940 2875 αύτῷ·
2991 2803 3065 2857 Ού
3107 2802 3174 2856 δι’
3217 2801 3316 2872 ἐμὲ
3349 2799 3573 2874 ἐξέρχῃς
3603 2801 3710 2858 1δοῦ

2143 2894 2253 2967 ἐγώ
2283 2913 2342 2951 σε
2365 2897 2589 2969 προάγω
2613 2897 2746 2950 ὅπου
2767 2894 2862 2948 ἐὰν
2877 2892 3113 2965 ἀπέρχῃ.

2594 3091 2762 3165 Ἀρχὴ
2794 3091 2888 3146 τοῦ
2922 3092 2943 3144 ῐ
2971 3089 3258 3162 στοιχείου.

2241 3195 2392 3281 Περί
2409 3209 2514 3264 τοῦ
2541 3205 2690 3264 assa
2730 3204 2998 3261 Ἰωάννου
3030 3201 3136 3258 τοῦ
3169 3200 3438 3257 Κολοϐοὔ
3468 3200 3600 3272 (85).

2206 3333 2277 3380 α’.
2311 3324 2652 3396 Διηγήσαντο
2684 3317 2816 3389 περὶ
2845 3314 2940 3370 τοῦ
2984 3314 3131 3370 ἀϐϐἄ
3172 3313 3417 3368 Ἰωάννου
3446 3309 3540 3366 τοῦ
3561 3310 3715 3365 κολο-

2137 3415 2257 3480 ϐοῦ,
2287 3417 2370 3470 ὅτι
2393 3411 2750 3484 ἀναχωρήσας
2779 3407 2914 3480 πρὸς
2952 3404 3184 3476 Θηϐαῖον
3213 3403 3442 3474 γέροντα
3465 3403 3544 3465 είς
3571 3401 3714 3472 Σκῆ-

2137 3527 2243 3574 τιν,
2271 3506 2506 3576 ἐκάθητο
2533 3506 2591 3558 ἐν
2615 3505 2683 3574 τῇ
2713 3501 2922 3574 ἐρήμῳ.
2959 3497 3156 3552 Λαϐὼν
3183 3497 3240 3552 δέ
3275 3497 3304 3549 6
3325 3494 3498 3557 ἀϐϐᾶς
3545 3493 3712 3547 αὐτοῦ

2138 3601 2295 3669 ξύλον
2319 3597 2502 3670 ξηρὸν,
2527 3594 2789 3666 ἐφύτευσε
2833 3591 2928 3644 καὶ
2952 3586 3106 3644 εἶπεν
3140 3586 3307 3659 αὐτῷ’
3333 3586 3471 3641 Καθ’
3495 3582 3714 3656 ἡμέραν

2139 3695 2326 3761 πότιζε
2363 3692 2522 3748 τοῦτο
2547 3690 2800 3760 λαγύνιον
2824 3687 3044 3750 ὓδατος,
3069 3686 3176 3749 ἓως
3221 3681 3429 3754 καρπὸν
3474 3682 3710 3747 ποιήσει.

2137 3783 2246 3843 Ἦν
2279 3787 2336 3840 δέ
2358 3783 2574 3856 μακρὰν
2590 3779 2684 3835 ἀπ’
2712 3777 2892 3832 αὐτῶν
2916 3776 2978 3830 τὸ
3012 3775 3176 3846 ὕδωρ,
3197 3774 3273 3837 ὡς
3301 3771 3408 3826 ἀπὸ
3434 3769 3532 3840 ὀψὲ
3553 3767 3717 3823 ἀπελο

2140 3878 2251 3931 θεῖν
2289 3873 2385 3929 καῖ¹
2424 3872 2600 3926 ἐλθεῖν
2643 3867 2809 3940 πρωῒ.
2850 3864 3004 3919 Μετά
3027 3864 3084 3917 δὲ
3116 3861 3240 3934 τρία
3280 3857 3579 3930 ἐτη,ἐζησε
3619 3856 3716 3911 καὶ

2139 3967 2349 4039 καρπὸν
2377 3962 2619 4034 ἐποίησε·
2650 3959 2742 4014 καὶ
2787 3956 2966 4012 λαϐὼν
2995 3958 3023 4010 6
3054 3954 3230 4026 γέρων
3250 3952 3341 4006 τὸν
3366 3948 3575 4022 καρπὸν
3617 3947 3717 4039 αύ-

2139 4038 2256 4126 τού,
2299 4059 2528 4130 ἤνεγκεν
2583 4055 2664 4117 είς
2716 4051 2820 4123 τὴν
2869 4046 3182 4120 ἐκκλησίαν,
3219 4045 3391 4115 λέγων
3421 4043 3534 4105 τοῖς
3561 4038 3715 4094 ἀδελ-

2140 4155 2280 4221 φοῖς·
2304 4145 2752 4216 Λάϐετε,φάγετε
2780 4142 2991 4212 καρπὸν
3020 4137 3286 4208 ὑπακοῆς.

2217 4325 2282 4394 β’.
2316 4321 2542 4390 Ἔλεγον
2592 4319 2722 4392 περὶ
2752 4317 2848 4372 τοῦ
2877 4317 3020 4373 ἀϐϐἄ
3055 4315 3302 4371 Ἰωάννου
3344 4311 3437 4368 τοῦ
3468 4311 3713 4378 κολοϐοῦ,

480 4408 624 4479 quod
652 4407 940 4478 aliquando
973 4405 1124 4460 fratri
1155 4422 1254 4462 suo
1281 4409 1474 4477 majori
1504 4411 1698 4464 dixerit
1732 4430 1746 4466 :
1775 4410 2035 4482 Cuperem

2143 4417 2222 4470 ὃτι
2260 4411 2381 4468 εἶπέ
2402 4430 2533 4466 ποτε
2556 4411 2635 4481 τῷ
2663 4410 2877 4481 ἀδελφῷ
2899 4406 3065 4463 αὑτοῦ
3096 4405 3174 4477 τῷ
3213 4405 3529 4478 μειζοτέρῳ·
3561 4402 3720 4458 Ἤθε-

479 4515 602 4557 esse
631 4498 781 4554 curis
812 4511 1034 4562 vacuus,
1067 4496 1210 4552 sicut
1243 4499 1415 4568 angeli
1449 4507 1594 4563 sunt,
1633 4501 1768 4555 nihil
1811 4517 2042 4573 operan-

480 4600 586 4657 tes,
615 4588 708 4646 sed
741 4588 945 4657 absque
974 4587 1374 4643 intermissione
1403 4587 1510 4644 Ι)οο
1543 4591 1862 4649 servientes.
1899 4593 2039 4648 Exu-

480 4693 642 4754 toque
668 4681 850 4753 pallio,
879 4694 1132 4750 egressus
1153 4686 1237 4734 est
1259 4679 1312 4734 in
1335 4680 1702 4736 solitudinem.
1720 4681 1853 4738 Post
1879 4699 2040 4738 unam

480 4782 658 4828 autem
689 4769 1078 4827 hebdomadam
1109 4768 1268 4824 rediit
1294 4768 1360 4822 ad
1393 4768 1610 4825 fratrem
1642 4787 1819 4827 suum.
1868 4769 2042 4844 thue

480 4863 624 4920 fores
663 4862 914 4933 pulsavit,
947 4859 1165 4929 agnovit
1187 4873 1310 4913 eum
1345 4857 1512 4913 frater
1540 4868 1829 4930 antequam
1866 4864 2043 4932 aperi-

478 4962 582 5015 ret.
616 4953 797 5024 aitque
831 4970 844 5006 :
877 4951 960 5006 'l‘u
991 4949 1116 5020 quis
1152 4948 1249 5003 es?
1285 4948 1582 5020 Respondit
1611 4951 1738 5007 ille:
1772 4952 1882 5024 Ego
1914 4970 2037 5009 sum

476 5045 712 5099 Joannes
741 5042 906 5098 frater
933 5051 1079 5096 tuus.
1105 5037 1243 5094 Tum
1277 5039 1343 5094 ad
1379 5039 1528 5095 illum
1560 5041 1725 5100 frater
1757 5064 1769 5100 :
1799 5043 2037 5102 Joannes

547 5200 592 5234 υ
623 5201 681 5254 ιτ.
703 5200 1023 5272 Μανιχαίου.
1097 5199 1143 5230 ’⁸
1176 5201 1260 5253 Al.
1291 5199 1650 5273 φιλαργυρίας

546 5310 654 5374 (8'5)
683 5311 962 5366 Ἰωάννου
1001 5311 1104 5365 τοῦ
1159 5309 1444 5365 Κολοὸοῦ.
1487 5307 1724 5363 Joannes
1765 5309 2026 5375 Colobus,

478 5394 574 5459 seu
613 5393 832 5459 parvus.
864 5397 1156 5459 pygmmus,
1184 5395 1379 5459 nanus,
1425 5387 1636 5459 curtus,
1672 5379 1871 5459 brevis,
1919 5390 2030 5459 sta-

475 5458 596 5502 tura
614 5446 796 5518 brevi,
829 5446 1051 5518 statiua:
1081 5451 1276 5504 brevis.
1318 5449 1599 5518 Appendix
1636 5449 1703 5502 ad
1736 5446 1884 5501 Vitas
1919 5448 2030 5518 Pa-

476 5527 615 5572 trum
661 5531 724 5587 p._
754 5515 1031 5586 θεωρεῖ).
1069 5519 1173 5572 ll:
1221 5515 1468 5572 Dicebant
1511 5521 1682 5572 sancti
1733 5518 1918 5571 Patres
1965 5517 2030 5572 de

475 5584 676 5655 sancto'
691 5584 913 5655 Joanne,
939 5584 1027 5655 qui
1051 5587 1518 5655 cognominabatur
1535 5587 1717 5653 Colob,
1749 5587 2029 5644 decurtate

477 5672 576 5727 pro
601 5654 854 5727 δεῖσθαι.Δ
876 5650 1030 5727 Μίυά
1060 5650 1369 5727 Fnlbertum
1394 5675 1407 5710 :

544 5725 773 5780 Joannes
801 5723 935 5777 abba
963 5723 1206 5783 parvulus
1246 5733 1470 5786 statura,
1497 5743 1598 5778 non
1624 5724 1919 5780 virtutibus.

1731 5202 1771 5231 "
1811 5201 1893 5254 Al.
1921 5201 2060 5273 ὑπὲρ
2095 5202 2292 5258 πάντα.

2144 4507 2232 4559 λον
2255 4505 2556 4576 ἀμέριμνος
2586 4497 2743 4566 εἶναι,
2779 4501 2854 4564 ὡς
2908 4500 2956 4554 οῑ
3002 4497 3222 4566 ἄγγελοι
3262 4494 3556 4568 ἀμέριμνοί
3584 4495 3715 4558 alat,

2149 4596 2312 4668 μηδὲν
2345 4593 2722 4665 ἐργαζόμενοι,
2741 4590 2855 4645 ἀλλ’
2883 4587 3237 4650 ἀδιαλείπτως
3257 4584 3604 4658 λατρεύοντες
3637 4581 3719 4654 τῷ

2145 4685 2282 4756 Θεῷ.
2318 4686 2430 4740 Καὶ
2458 4681 2865 4753 ἀποδυσάμενος
2892 4679 2954 4733 τὸ
2993 4676 3226 4748 ἱμάτιον,
3266 4673 3487 4746 ἐξῆλθεν
3517 4675 3595 4737 είς
3615 4671 3718 4743 τὴν

2145 4776 2366 4849 ἔρημον·
2391 4775 2498 4837 ,καὶ
2526 4774 2759 4845 ποιήσας
2797 4769 3065 4842 ἑϐδομάδα
3098 4767 3226 4840 μίαν
3272 4766 3402 4838 (86),
3431 4761 3718 4834 ἀνέκαμψε

2147 4867 2282 4939 πρὸς
2311 4867 2399 4919 τὸν
2428 4865 2651 4934 ἀδελφὸν
2698 4861 2884 4918 αὐτοῦ.
2909 4861 3018 4916 Καὶ
3043 4860 3118 4924 ὡς
3132 4859 3360 4931 ἔκρουσε
3395 4857 3494 4929 τὴν
3522 4855 3716 4926 Θύραν,

2145 4959 2454 5028 ὑπήκουσεν
2479 4954 2630 5026 αὐτῷ
2659 4953 2788 5025 πρὶν
2840 4951 3063 5018 ἀνοίξει,
3093 4951 3285 5020 λέγων·
3315 4949 3386 5003 Σὺ
3413 4947 3498 5012 τίς
3527 4942 3608 5010 εῐ;
3650 4945 3714 4999 '0

2142 5048 2198 5102 δὲ
2223 5045 2392 5102 εἶπενο
2439 5047 2579 5117 Ἐγώ
2598 5049 2712 5118 εἰμι
2727 5047 2978 5117 Ἰωάννης
3001 5046 3031 5098 6
3053 5043 3277 5114 ἀδελφός
3301 5058 3414 5096 σου.
3445 5039 3558 5098 Καὶ
3581 5038 3722 5093 ἀπο-

2367 5205 2412 5236 ¹¹
2439 5201 2523 5256 Al.
2551 5203 2715 5257 inser.
2748 5200 2844 5254 καὶ
2871 5199 3076 5270 ἔλεγον.

2138 5311 2275 5381 Male
2317 5313 2372 5366 in
2421 5311 2704 5381 liphrzemo
2745 5309 3017 5367 Vossius:
3055 5311 3083 5363 6
3112 5306 3390 5381 Κολὸϐιος,
3425 5304 3714 5381 golobyta,

2135 5380 2385 5449 Calybita
2417 5376 2559 5436 aliis.
2586 5382 2667 5436 Ad
2698 5397 2858 5449 quem
2899 5382 3076 5435 locum
3115 5377 3378 5449 vise-Nili
3416 5376 3719 5432 Rossanen-

2135 5448 2427 5522 abluam
2451 5469 2479 5504 a
2508 5448 2843 5522 Caryop’hilo
2858 5451 3084 5522 editam,
3119 5463 3174 5518 p.
3219 5448 3306 5503 78.

2206 5519 2318 5586 (84)
2364 5518 2471 5574 Vit.
2508 5518 2660 5576 Patr.
2691 5518 2804 5583 inv,
2833 5521 2886 5575 5.

2230 5584 2320 5654 85)
2368 5587 2475 5645 Vit.
2520 5588 2673 5646 Patr.
2712 5607 2767 5653 χ,
2791 5590 2900 5654 27ς
2933 5588 3172 5642 Fulbert.
3200 5585 3236 5640 f.
3273 5584 3393 5640 I83.

2229 5657 2319 5729 _86)
2350 5659 2460 5712 Kal
2491 5659 2751 5726 ποιήσας
2780 5657 3075 5729 ἑϐδομάδα
3099 5657 3280 5729 plur.
3300 5654 3632 5729 Fulbertus:

2277 5725 2416 5796 ptem
2445 5729 2553 5784 dies
2574 5725 2841 5804 gramineo
2868 5725 2958 5782 nix
2983 5729 3041 5801 (1.
3073 5725 3178 5798 vix)
3196 5725 3282 5781 ubi
3302 5726 3466 5784 durat
3486 5726 3702 5801 pabulo.
