4012 6208
455 348 558 404 ποτ

1621 345 1966 401 ΑΡΡΕΝΟΙΧ
2004 348 2096 402 AD
2136 346 2556 406 PALLADIUM.

3621 355 3727 410 ευε

457 469 618 532 serit.
652 482 773 522 cum
820 464 1002 535 potius
1038 463 1319 520 debuisset
1363 462 1507 527 liene,
1546 438 1638 535 qui
1687 440 1893 536 agapen
1939 480 2031 520 co-

2143 462 2321 527 αὺτοῦ,
2374 465 2455 519 δτι
2503 464 2780 534 ἐγέλασεν,
2828 466 3058 535 ὀφείλων
3107 466 3307 538 μᾶλλον
3357 466 3612 536 κλαῦσαι,
3646 473 3730 529 ὃτι

456 558 762 722 ωἷάοῗιὲω)
797 649 1030 717 Quidam
1072 666 1102 706 e
1135 649 1399 727 fratribus
1435 658 1701 706 venerunt
1746 651 2039 735 aliquando

457 751 516 798 ut
547 751 820 799 tentarent
847 759 1008 810 eum;
1038 742 1476 814 quandoquidem
1512 759 1620 797 non
1646 743 1860 799 sinebat
1885 759 2035 799 men-

456 846 566 891 tem
600 851 755 892 suam
783 835 1022 907 evagari,
1054 850 1153 890 nec
1180 834 1247 889 de
1278 834 1388 889 ullo
1412 832 1599 889 saeculi
1630 833 1794 904 hujus
1820 835 2038 905 negotio

455 925 810 998 loquebatur;
847 933 901 982 et
929 925 1082 979 aiunt
1111 924 1203 979 ei:
1231 923 1446 981 Gratias
1474 925 1685 995 agimus
1718 923 1848 991 Deo,
1890 925 2035 996 quod

432 1017 562 1095 μσς
590 1035 733 1074 anno
764 1019 964 1090 pluerit
999 1019 1252 1081 multum,
1286 1024 1340 1072 et
1368 1016 1561 1084 palma:
1596 1017 1878 1087 adaquatze
1902 1015 2035 1084 sint,

471 1113 818 1183 :mittantque
857 1112 1122 1181 germina,
1162 1120 1325 1181 atque
1366 1109 1636 1164 inventuri
1680 1108 1792 1164 sint
1840 1108 2037 1165 fratres

466 1217 564 1273 tuo
610 1216 710 1273 pro
751 1216 901 1256 more
952 1200 1202 1255 manibus
1245 1208 1558 1270 operentur.
1605 1196 1909 1269 Respondit
1956 1200 2036 1255 eis

466 1294 624 1349 ilibas
659 1292 900 1350 Joannes
931 1311 945 1347 :
987 1292 1065 1346 Ita
1111 1302 1194 1347 est
1225 1291 1462 1362 Spiritus
1504 1303 1729 1347 sanetus
1763 1307 1777 1344 :
1817 1290 2037 1361 quando

461 1384 797 1442 descenderit
826 1387 879 1441 in
911 1385 1076 1440 corda
1106 1384 1409 1448 hominum,
1437 1393 1802 1448 renovantur,
1834 1391 1893 1439 et
1917 1398 2037 1454 ger-

457 1477 600 1533 mina
638 1477 920 1548 proferunt
956 1478 1011 1531 in
1044 1478 1245 1531 timore
1273 1476 1387 1531 Dei.
1555 1482 1561 1487 '

529 1570 616 1624 Η.
654 1569 764 1640 (96)
808 1568 881 1624 De
906 1583 972 1625 eo
1005 1567 1279 1632 dicebant,
1314 1567 1460 1638 quod
1489 1569 1721 1623 texuerit
1742 1567 2035 1640 aliquando

456 1660 687 1730 plectam
716 1659 949 1715 duarum
984 1665 1321 1729 sportarum,
1358 1673 1590 1728 eamque
1628 1674 1736 1713 una
1766 1659 1820 1713 in
1849 1667 2035 1730 sporta

454 1753 791 1810 conﬁcienda
824 1753 1258 1824 consumpserit,
1294 1768 1393 1808 nec
1438 1753 1731 1808 adverterit
1774 1764 2033 1817 mentem,

2141 558 2362 627 ἀγάπην
2390 555 2559 610 ἐσθίει
2578 575 2597 628 ;

2213 656 2265 703 t'.
2291 644 2497 703 τΗλθόν
2520 649 2650 702 ποτέ
2677 666 2821 715 τινες
2853 650 2963 704 τῶν
3000 650 3244 723 ἀδελφῶν
3261 654 3518 727 πειράσαι
3542 654 3728 710 αὐτόν·

2138 742 2221 796 ὅτι
2249 742 2349 796 οὐκ
2381 743 2512 814 ﬂete
2539 742 2631 796 τὸν
2660 741 2921 815 λογισμὸν
2960 743 3126 797 αὐτοῦ
3161 744 3558 817 ῥεμϐασθῆναι,
3606 748 3732 802 οὐδὲ

2137 833 2316 887 ἐλάλει
2334 836 2567 907 πρᾶγμα
2586 835 2680 889 τοῦ
2710 821 2904 900 αἰῶνος
2929 836 3141 891 τούτουο
3157 838 3254 891 καὶ
3285 837 3533 907 λέγουσιν
3554 840 3727 912 αὐτῷ·

2139 925 2587 999 Εὑχαριστοῦμεν
2618 927 2696 1000 τῷ
2728 928 2870 1000 Θεῷ,
2894 928 2978 983 ὅτι
3014 929 3236 1002 ἔϐρεξεν
3269 930 3359 984 ἐπ’
3384 930 3510 996 ἔτος
3533 932 3729 1001 πολλὰ,

2139 1002 2233 1071 καλ
2261 1017 2414 1072 ἔπιον
2452 1022 2501 1072 οἱ
2532 1019 2795 1089 φοίνικες,
2826 1023 2921 1075 καὶ
2948 1022 3273 1078 ἐκϐάλλουσι
3317 1023 3605 1089 λευκάδας,
3636 1027 3731 1079 καὶ

2138 1110 2482 1181 εὑρίσκουσιν
2533 1113 2584 1164 οἱ
2633 1112 2853 1183 ἀδελφοὶ
2898 1114 2958 1168 τὸ
2986 1115 3300 1188 ἐργόχειρον
3333 1116 3532 1172 αὐτῶν.
3567 1117 3729 1188 Λέγει

2138 1200 2322 1264 αὐτοῖς
2348 1201 2377 1253 6
2425 1201 2604 1266 ἀϐϐᾶς
2642 1201 2915 1276 Ἰωάννης·
2944 1204 3133 1271 Οὕτως
3160 1207 3279 1260 ἐστὶ
3307 1206 3370 1261 τὸ
3398 1206 3642 1278 Πνεῦμα
3666 1205 3733 1262 τὸ
3793 1275 3798 1278 _

2137 1290 2312 1359 ἀγιον’
2340 1292 2467 1346 ὅταν
2495 1293 2709 1367 καταϐῇ
2740 1297 2821 1360 είς
2845 1296 2949 1361 τὰς
2962 1297 3192 1370 καρδίας
3214 1298 3323 1352 τῶν
3342 1296 3730 1371 ἀνθρώπων¹³,

2136 1383 2506 1451 ἀνανεοῦνται,
2546 1387 2642 1441 καὶ
2662 1389 2984 1445 ἐκϐάλλουσι
3003 1390 3270 1456 λευκάδας
3286 1393 3344 1446 ἐν
3363 1390 3441 1463 τῷ
3461 1390 3611 1462 φόϐῳ
3632 1388 3730 1445 τοῦ

2131 1475 2292 1534 θεοῦ.
3066 1508 3071 1513 -

2207 1576 2302 1626 ια’.
2332 1571 2565 1643 Ἔλεγον
2608 1575 2740 1646 περὶ
2771 1574 2963 1642 αὐτοῦ,
2998 1577 3081 1631 ὅτι
3131 1577 3321 1646 ἔπλεξε
3357 1598 3487 1636 ποτε
3538 1587 3730 1659 σειρὰν

2136 1662 2230 1716 δύο
2257 1663 2555 1735 σπυρίδων,
2583 1665 2676 1719 καὶ
2715 1665 2955 1738 appete;
2998 1669 3168 1742 αὐτὴν
3198 1671 3328 1743 μίαν
3346 1676 3601 1747 σπυρίδα,
3631 1680 3728 1734 καὶ

2136 1754 2236 1807 οὐκ
2264 1755 2513 1826 ἐνόησεν,
2547 1756 2652 1822 ἕως
2681 1759 3023 1830 προσήγγισε
3071 1760 3150 1833 τῷ
3180 1762 3365 1835 τοίχῳ.
3400 1759 3507 1819 Ἦν
3533 1767 3640 1840 γάρ
3696 1770 3729 1826 6

454 1846 633 1900 donec
669 1845 858 1916 parieti
893 1844 1405 1916 appropinquasset.
1436 1845 1564 1914 Ejus
1588 1846 1790 1917 quippe
1817 1849 2032 1903 animus

2143 1845 2396 1917 λογισμὸς
2413 1847 2580 1901 αὐτοῦ
2604 1848 2882 1920 σχολάζων
2912 1854 2978 1924 τῇ
3009 1852 3256 1927 θεωρίᾳ..

458 1938 685 1993 vacabat
712 1938 1184 2008 contemplationi.

527 2029 614 2085 i2.
648 2029 761 2099 (97)
797 2029 944 2085 Dixit
975 2031 1145 2086 abbas
1177 2028 1417 2087 Joannes
1448 2051 1461 2086 :
1492 2030 1711 2085 Similis
1760 2049 1880 2088 sum
1929 2033 2032 2088 ho-

458 2123 590 2187 mini
622 2122 834 2179 sedenli
867 2122 972 2178 sub
1005 2137 1199 2194 magna
1234 2123 1452 2185 arbore,
1488 2138 1551 2177 ac
1587 2125 1852 2194 spectanti
1893 2124 2035 2181 feras

458 2214 656 2270 multas
693 2221 747 2270 et
771 2220 1057 2285 serpentes
1099 2214 1380 2270 venientes
1405 2214 1473 2268 ad
1504 2230 1564 2270 se
1580 2231 1599 2280 ';
1630 2216 1724 2285 qui
1765 2225 1912 2271 stare
1940 2217 2037 2272 ad-

457 2320 653 2361 versus
681 2319 804 2363 cum
842 2306 1181 2376 nequiverit,
1216 2305 1509 2361 confestim
1542 2307 1796 2362 ascendit
1841 2308 1896 2362 in
1942 2323 2034 2362 ar-

334 2433 337 2436 ‹
456 2394 666 2458 berem,
702 2410 766 2451 ac
804 2406 1075 2452 servatur.
1113 2395 1188 2448 Ita
1227 2395 1390 2450 etiam
1434 2410 1571 2465 ego;
1605 2396 1770 2452 sedeo
1802 2396 1863 2451 in
1899 2398 2037 2454 cella

458 2498 610 2551 mea;
664 2485 950 2554 conspicio
996 2484 1165 2538 malas
1205 2484 1576 2553 cogitationes
1631 2484 1897 2541 adversus
1951 2501 2038 2543 me

458 2571 842 2640 insurgentes;
901 2585 1139 2640 cumque
1203 2585 1312 2624 non
1372 2570 1593 2626 valuere
1644 2580 1836 2627 contra
1892 2573 2036 2639 illas,

458 2660 526 2714 ad
577 2658 743 2714 Deum
785 2674 883 2731 per
926 2674 1116 2730 preces
1163 2659 1440 2731 confugio,
1486 2662 1675 2733 sicque
1713 2663 1783 2718 ab
1813 2662 2037 2719 inimico

492 2764 680 2808 HDIOI‘.

457 2764 765 2914 ωτὲῗῗθὸ)
801 2842 1005 2900 Retulit
1047 2845 1218 2918 abbas
1249 2845 1470 2904 Poemen
1496 2848 1567 2903 de
1607 2849 1803 2905 abbate
1827 2848 2038 2906 Joanne

457 2934 683 3003 Colcho,
712 2937 1067 3009 quodoravit
1107 2939 1299 3006 Deum,
1330 2951 1386 2997 et
1434 2944 1636 2998 sublati
1685 2945 1754 3000 ab
1800 2961 1866 3001 eo
1909 2957 2038 3004 sunt

458 3024 706 3095 affectus,
726 3028 1042 3099 exstititque
1073 3031 1193 3087 sine
1221 3032 1608 3089 sollicitudine.
1629 3033 1767 3090 Tum
1804 3037 1939 3091 abiit
1967 3037 2036 3092 ad

2209 2022 2299 2094 ιβ’.
2333 2018 2503 2078 Εἶπεν
2541 2028 2570 2080 6
2602 2025 2780 2091 άϐϐἄς
2820 2028 3092 2102 Ἰωάννης,
3115 2032 3197 2086 ὃτι
3233 2033 3459 2106 Ὅμοιός
3495 2040 3609 2112 ειμι
3635 2042 3727 2096 ἀν-

2136 2111 2341 2186 θρώπῳ
2353 2114 2651 2189 καθημένῳ
2678 2118 2938 2174 ὑποκάτω
2958 2119 3173 2193 δένδρου
3203 2125 3463 2195 μεγάλου,
3489 2111 3584 2185 καὶ
3600 2129 3728 2186 θεω-

2138 2205 2321 2276 ροῦντι
2351 2206 2515 2278 θηρία
2531 2208 2703 2264 πολλά
2732 2211 2827 2265 καὶ
2854 2213 3062 2284 ἑρπετά
3088 2214 3357 2286 ἐρχόμενα
3382 2218 3517 2291 πρὸς
3539 2221 3722 2276 αὐτόν·

2137 2299 2231 2351 καὶ
2259 2299 2389 2353 ὅταν
2422 2301 2497 2372 μὴ
2545 2301 2748 2375 δυνηθῇ
2786 2305 2980 2374 στῆναι
3013 2306 3134 2359 κατ’
3166 2308 3368 2374 αὐτῶν,
3402 2312 3581 2383 τρέχει
3613 2313 3729 2369 ἀνω

2138 2391 2219 2454 εἰς
2238 2390 2298 2444 τὸ
2321 2391 2557 2463 δένδρον,
2586 2394 2682 2447 καὶ
2711 2392 2966 2459 σώζεται.
2997 2395 3185 2462 Οὕτως
3212 2399 3393 2469 κάγώο
3420 2401 3728 2474 καθέζομαι

2139 2483 2196 2535 ἐν
2218 2482 2295 2553 τῷ
2316 2482 2511 2555 κελλίῳ
2530 2502 2653 2555 μου,
2671 2486 2764 2540 καὶ
2788 2486 2979 2560 θεωρῶ
3002 2490 3131 2554 τοὺς
3148 2494 3415 2563 πονηροὺς
3433 2492 3729 2566 λογισμοὺς

2139 2574 2327 2628 ἐπάνω
2358 2593 2481 2646 μου·
2514 2579 2608 2631 καὶ
2636 2578 2724 2631 ὅτε
2756 2578 2838 2650 ,μὴ
2896 2567 3099 2650 ἰσχῦσω
3139 2583 3279 2656 πρὸς
3310 2586 3529 2651 αὐτοὺς,
3558 2604 3728 2641 κατα-

2139 2664 2328 2734 φεύγω
2357 2669 2492 2740 πρὸς
2520 2668 2613 2722 τδν
2646 2669 2780 2722 Θεὸν
2803 2669 2891 2725 διὰ
2943 2672 3045 2744 τῆς
3076 2677 3408 2749 προσευχῆς,
3434 2682 3528 2736 καὶ
3554 2680 3725 2749 σώζο-

2142 2775 2240 2828 μαι
2272 2760 2333 2812 ἐκ
2359 2761 2453 2814 τοῦ
2485 2762 2707 2835 ἐχθροῦ.
3243 2775 3247 2778 ’

2211 2857 2300 2920 ιγ’.
2337 2848 2505 2909 Εἶπεν
2534 2859 2561 2910 6
2590 2857 2766 2924 ἀϐϐᾶς
2796 2861 3008 2933 Ποιμὴν
3030 2862 3265 2936 περὶτοῦ
3297 2864 3442 2919 ἀϐϐἄ
3475 2867 3724 2923 Ἰωάννου

2137 2939 2233 2995 τοῦ
2267 2943 2511 3012 κολοϐοῦ,
2539 2948 2622 3002 ὅτι
2645 2952 2985 3022 παρεκάλεσε
3017 2954 3108 3008 τὸν
3139 2956 3293 3020 Θεὸν,
3331 2959 3424 3012 καὶ
3452 2959 3595 3031 ῆροη
3655 2962 3725 3016 τά

2140 3036 2288 3108 πάθη
2316 3038 2412 3091 ἀπ’
2433 3040 2621 3107 αὑτοῦ,
2669 3045 2765 3097 καὶ
2796 3045 3020 3115 γέγονεν
3060 3047 3393 3120 ἀμέριμνος.
3422 3052 3531 3106 Καὶ
3559 3053 3728 3108 ἀπελ-

457 3118 747 3189 quemdam
780 3135 988 3186 senem,
1041 3122 1129 3177 cui
1158 3122 1297 3178 dixit
1327 3142 1340 3178 :
1369 3122 1540 3179 Video
1570 3141 1656 3181 me
1683 3128 1951 3197 quietum,
1982 3137 2032 3185 et

2143 3126 2270 3195 θὼν,
2296 3125 2417 3184 εἶπέ
2438 3149 2544 3186 τινι
2566 3134 2801 3206 γέροντι·
2851 3137 2991 3209 Ὀρῶ
3014 3118 3251 3211 ἐμαυτὸν
3294 3144 3724 3216 ἀναπαυόμενον,

457 3211 606 3264 omni
648 3209 1055 3279 impugnatione
1086 3226 1336 3267 vacuum.
1377 3211 1552 3268 Senex
1588 3221 1769 3269 autem
1804 3217 1880 3270 ait
1913 3218 1990 3272 illi
2018 3237 2032 3274 :

460 3295 628 3362 Vade,
658 3311 787 3367 roga
808 3297 998 3364 Deum,
1031 3309 1089 3353 ut
1121 3301 1215 3355 tibi
1244 3317 1421 3372 pugna
1455 3305 1756 3375 contingat,
1783 3314 1837 3360 et
1866 3322 2030 3378 quam

459 3385 613 3459 prius
651 3388 947 3452 sentiebas,
989 3389 1270 3446 tribulatio
1313 3399 1478 3463 atque
1522 3393 1848 3452 humiliatio.
1895 3396 2030 3452 Nam

458 3494 556 3552 per
604 3482 924 3547 certamina,
970 3484 1149 3536 anima
1196 3486 1430 3557 prolicit.
1481 3485 1557 3542 Ita
1598 3504 1729 3560 ergo
1779 3502 2033 3561 precatus

292 3552 301 3558 ’
387 3628 393 3633 τ
447 3574 561 3624 est.
593 3568 655 3623 Et
694 3571 976 3626 accidente
1000 3552 1213 3642 prmlio,
1243 3588 1349 3628 non
1385 3576 1619 3646 amplius
1662 3552 1875 3648 rogavit
1913 3579 1966 3634 id
1994 3594 2031 3634 a

460 3676 521 3718 se
566 3661 805 3731 auferri;
847 3664 942 3719 sed
997 3663 1173 3721 dixit:
1210 3665 1455 3734 Domine,
1501 3668 1570 3723 da
1614 3670 1745 3725 mihi
1786 3673 1837 3727 in
1876 3672 2032 3729 bellis

455 3755 820 3811 tolerantiam.

527 3845 614 3901 ﬂ.
642 3846 753 3918 (99)
787 3845 899 3900 Hoc
931 3847 1194 3904 relatione
1217 3849 1429 3907 abbatis
1447 3849 1676 3910 Joannis
1697 3855 2027 3914 didicimus:

457 3936 499 3992 Β
538 3939 763 3995 senibus
803 3939 999 4011 aliquis
1038 3940 1303 4010 visionem
1350 3941 1540 3998 habuit
1588 3932 1656 4000 in‘
1684 3948 1891 4003 exstasi
1931 3965 2029 4005 seu

455 4028 657 4085 mentis
690 4045 923 4087 excessu
956 4048 970 4084 :
1004 4032 1146 4087 Ecce
1168 4039 1277 4087 tres
1306 4035 1556 4090 monachi
1583 4044 1855 4094 steterunt
1877 4048 2031 4098 trans

455 4134 635 4188 mare;
671 4124 927 4196 venitque
955 4124 1024 4179 ad
1058 4139 1154 4182 eos
1180 4140 1244 4182 ex
1281 4125 1512 4184 adverso
1537 4128 1719 4185 littore
1744 4147 1845 4185 vox
1878 4132 2043 4202 ejus-.

453 4210 601 4265 modi
638 4229 652 4266 :
683 4210 895 4270 Sumite
922 4215 1036 4271 alas
1059 4216 1221 4287 ignis,
1246 4224 1307 4272 et
1336 4219 1577 4275 accedite
1599 4221 1668 4276 ad
1690 4238 1794 4278 me.
1826 4223 1900 4279 Ac
1921 4225 2031 4280 duo

453 4300 673 4369 quidem
714 4317 785 4358 ex
828 4302 933 4359 illis
971 4317 1328 4378 acceperunt,
1365 4319 1529 4383 atque
1577 4312 1645 4368 ad
1685 4315 1833 4370 aliud
1879 4316 2031 4374 littus

448 4390 686 4447 volando
734 4405 1133 4463 pervenerunt;
1170 4400 1362 4457 tertius
1401 4418 1534 4459 vero
1582 4404 1815 4475 mansit;
1862 4409 2029 4466 vehe-

2092 3228 2105 3249 ‘
2140 3223 2232 3274 καὶ
2262 3223 2470 3293 μηδένα
2496 3227 2730 3299 πόλεμον
2744 3230 2955 3299 ἔχοντα.
2982 3232 3093 3285 Καὶ
3116 3232 3264 3303 λέγει
3282 3235 3430 3308 αὐτῷ
3463 3237 3490 3289 6
3518 3236 3725 3307 γέρωνο

2138 3312 2379 3383 ’Ύπαγε,
2403 3319 2781 3389 παρακάλεσον
2796 3321 2887 3375 τὸν
2913 3321 3066 3387 Θεὸν,
3089 3321 3229 3378 ὥστε
3259 3327 3350 3379 τὸν
3380 3327 3612 3398 πόλεμόν
3642 3347 3727 3384 σοι

2135 3404 2331 3470 ἐλθεῖν,
2360 3409 2454 3462 καὶ
2487 3409 2555 3481 ἦν
2587 3407 2733 3483 εἶχες
2763 3415 3028 3487 πρότερον
3059 3418 3353 3492 συντριϐὴν
3381 3421 3483 3475 καὶ
3529 3421 3725 3476 ταπείο

2135 3511 2318 3588 νωῗσιν⁶
2337 3497 2515 3588 διάᾼγά
2521 3520 2554 3572 ρ
2572 3501 2681 3556 τῶν
2703 3504 2955 3576 πολέμων
2977 3509 3275 3579 προκόπτει
3296 3512 3329 3583 ἡ
3357 3511 3525 3584 ψυχή.
3543 3514 3728 3588 Παρε-

2135 3587 2364 3642 κάλεσεν
2397 3585 2511 3658 οὖν,
2543 3594 2635 3647 καὶ
2672 3594 2920 3661 ἐλθόντος
2952 3597 3047 3652 τοῦ
3080 3600 3345 3673 πολέμου,
3394 3603 3495 3658 οὐκ
3518 3605 3600 3660 ἔτι
3629 3585 3727 3660 έο-

2135 3679 2265 3746 ξατο
2295 3682 2527 3755 ἀρθῆναι
2552 3687 2714 3741 αὐτὸν
2753 3689 2850 3743 ἀπ’
2888 3691 3078 3758 αὑτοῦ,
3109 3693 3226 3749 ἀλλ’
3268 3695 3441 3766 ἔλεγε·
3478 3699 3576 3764 Δός
3608 3717 3724 3772 μοι,

2138 3773 2327 3848 Κύριε,
2352 3777 2629 3852 ὑπομονὴν
2657 3782 2716 3835 ἐν
2747 3785 2860 3847 τοῖς
2882 3784 3157 3857 πολέμοις.

2208 3867 2288 3923 ιδ’.
2322 3865 2489 3925 Εἶπεν
2520 3874 2550 3925 6
2581 3872 2757 3937 ἀϐϐἅς
2793 3875 3068 3949 Ἰωάννης,
3105 3878 3188 3933 ὅτι
3220 3877 3330 3935 εἶδέ
3370 3897 3455 3946 τις
3476 3881 3584 3936 τῶν
3629 3901 3724 3954 γε·

2137 3959 2337 4031 ρόντων
2364 3962 2422 4014 ἐν
2455 3963 2728 4017 ἐκστάσει·
2754 3967 2865 4019 Καὶ
2896 3967 3005 4022 ἰδοὺ
3040 3972 3191 4042 τρεῖς
3231 3973 3455 4043 μοναχοὶ
3482 3973 3724 4046 ἓστηκαν

2134 4050 2311 4121 πέραν
2348 4051 2447 4122 τῆς
2477 4052 2773 4127 θαλάσσηςο
2805 4057 2901 4111 καὶ
2931 4060 3148 4128 ἐγένετο
3168 4061 3320 4133 φωνὴ
3350 4062 3485 4135 πρὸς
3521 4064 3722 4130 absab;

2132 4144 2198 4196 ἐκ
2219 4143 2312 4197 τοῦ
2330 4144 2490 4199 ἀλλου
2512 4148 2687 4219 πέραν
2718 4149 2783 4210 ³⁸,
2805 4149 3058 4220 λέγουσα·
3085 4150 3295 4206 Λάϐετε
3322 4153 3499 4226 πτερά
3524 4155 3721 4227 πυρὸς,

2133 4235 2228 4288 καὶ
2254 4234 2407 4289 δεῦτε
2431 4238 2568 4308 πρὸς
2607 4239 2695 4308 μέ.
2738 4241 2850 4294 Καὶ
2876 4243 2927 4295 οἱ
2963 4243 3063 4313 μὲν
3100 4242 3194 4296 δύο
3221 4243 3434 4311 ἔλαϐον,
3466 4246 3562 4300 καὶ
3585 4248 3723 4301 ἐπε-

2130 4327 2408 4400 τάσθησαν
2434 4333 2514 4395 εἰς
2540 4331 2603 4386 τὸ
2644 4332 2774 4387 ἄλλο
2817 4334 3011 4407 πέραψ
3046 4337 3074 4390 6
3098 4334 3155 4389 δὲ
3182 4336 3340 4401 ἀλλος
3366 4325 3572 4408 ἔμεινε,
3623 4339 3722 4395 καὶ

2122 4416 2315 4474 ἔκλαιε
2358 4422 2564 4493 σφόδρα
2610 4425 2706 4479 καὶ
2760 4425 3014 4497 ἔκραζεν.
3056 4427 3325 4500 ’Υστερον
3347 4427 3408 4483 δὲ
3455 4429 3721 4503 ἐδόθησαν

449 4491 775 4557 menterque
792 4484 979 4552 ﬂebat,
1005 4497 1060 4544 et
1098 4490 1391 4547 clamabat.
1430 4494 1624 4552 Postea
1664 4506 1845 4557 autem
1887 4501 2028 4558 datae

2143 4508 2225 4562 ιιαὶ
2245 4484 2616 4585 αὑτῷ-πτερὰ,
2666 4516 2729 4569 οὐ
2773 4484 2956 4588 μέντοι
2996 4517 3188 4591 σωρὸς,
3217 4484 3333 4573 ἀλλ’
3377 4484 3721 4593 ἀσθενῆ.καὶ

446 4576 613 4631 etiam
638 4577 741 4648 ipsi
772 4584 902 4643 sunt
926 4579 1045 4643 alat.
1072 4597 1179 4637 non
1211 4585 1429 4654 quidem
1456 4587 1646 4659 igneae,
1670 4591 1765 4647 sed
1798 4592 2026 4651 inﬁrmae

444 4682 511 4724 ac
554 4668 806 4728 debiles:
834 4672 972 4728 adeo
1018 4682 1078 4730 ut
1120 4675 1394 4732 interdum
1440 4677 1747 4747 demersus,
1796 4683 1922 4740 dein
1955 4702 2022 4743 ex

443 4758 607 4830 aquis
645 4774 967 4832 emergens.
1001 4778 1125 4819 cum
1170 4765 1357 4823 labore
1394 4776 1450 4824 et
1491 4768 1810 4830 diliicultate
1848 4777 2021 4832 multa

446 4850 899 4911 transfretaverit.
943 4855 1070 4912 Pari
1101 4858 1262 4915 modo
1283 4863 1425 4918 tetas
1455 4861 1600 4929 haec;
1628 4868 1879 4936 quamvis
1905 4869 2020 4928 alas

444 4946 701 5016 accipiat,
723 4950 833 5004 n‘on
861 4956 1044 5007 tamen
1068 4953 1289 5024 igneas;
1317 4953 1415 5011 sed
1436 4955 1682 5014 inﬁrmas
1703 4958 2021 5033 debilesque

442 5036 533 5091 vix
564 5039 780 5110 accipit.

513 5126 601 5183 15.
618 5130 695 5202 (Ι)
708 5130 897 5190 Frater
910 5135 1263 5210 interrogavit
1280 5140 1530 5198 abbatem
1546 5141 1809 5202 Joannem
1838 5166 1850 5202 :
1870 5147 2020 5216 Quo-

434 5218 606 5276 modo
633 5223 813 5280 anima
847 5241 967 5285 mea
1005 5229 1323 5289 vulneribus
1356 5233 1568 5301 aliecta,
1603 5251 1710 5292 non
1744 5240 2024 5298 erubescit

432 5309 662 5382 obloqui
699 5316 768 5372 de
793 5321 1081 5389 proximo?
1112 5321 1252 5379 Dicit
1280 5326 1329 5380 ei
1362 5341 1529 5384 senex
1561 5328 1899 5398 parabolam,
1924 5330 2020 5386 de-

512 5470 560 5502 ιι
584 5469 669 5526 Ai.
699 5473 888 5542 ἀγίων.
966 5480 1011 5512 η
1036 5481 1122 5535 Al.
1159 5458 1377 5555 μέρους.

509 5582 623 5656 (95)
662 5582 772 5656 fit.
809 5584 960 5656 Patr.
986 5607 1062 5656 ιι.
1097 5593 1183 5650 15.

509 5582 567 5652 (9
662 5582 772 5667 Vit.
809 5584 960 5644 Patr.
986 5607 1062 5656 ιι.
1097 5593 1183 5650 15.

509 5581 623 5777 333
658 5653 766 5777 εξῖξ
803 5655 944 5777 521$
946 5700 960 5777 .'
987 5675 1079 5777 ,τίς
1096 5662 1198 5777 έιΐέ

503 5723 621 5863 ’33
658 5723 956 5860 ἶπες-ἕὲΞὲ
987 5726 1258 5863 ῗῖἶςὲῗδί..
1290 5803 1366 5861 cu

700 5797 952 5860 {tr-Patr.
988 5801 1169 5868 vlt,‘8;
1200 5804 1258 5858 ι.
1290 5802 2009 5867 ϐίίτηπμξταιίᾶθειθοσ

2114 4600 2401 4674 ἀδύναμα·
2433 4606 2529 4659 καὶ
2569 4606 2707 4676 μετά
2759 4609 3008 4680 καμάτου
3044 4611 3574 4683 καταποντιζόμενος
3620 4615 3719 4668 καὶ

2128 4693 2511 4767 ἀνιστάμενος,
2547 4699 2685 4770 μετά
2717 4699 2952 4770 θλίψεως
2988 4701 3190 4774 πολλῆς
3222 4698 3387 4774 ἦλθεν
3416 4708 3498 4771 είς
3532 4704 3595 4760 τὸ
3624 4706 3721 4761 πέ-

2132 4800 2248 4856 ραν.
2287 4786 2471 4853 Οὕτως
2508 4790 2657 4863 καὶὴ
2690 4791 2857 4862 γενεά
2882 4792 3044 4865 αὕτη,
3082 4795 3245 4850 εἶκαὶ
3270 4794 3539 4868 λαμϐάνει
3584 4814 3718 4851 πτε-

2130 4872 2221 4947 ρά,
2242 4875 2303 4930 οὐ
2357 4878 2541 4948 μέντοι
2568 4881 2763 4953 πυρὸς,
2803 4882 2940 4937 ἀλλά
2971 4883 3126 4955 μόλις
3156 4884 3359 4957 ἀσθενῆ
3383 4887 3478 4941 καὶ
3509 4887 3711 4944 ἀδύνα-

2133 4981 2209 5036 μα
2233 4967 2520 5040 λαμϐάνει.

2200 5158 2280 5207 ιε’.
2333 5153 2585 5225 ’Λδελφδς
2608 5156 2861 5231 ἠρώτησε
2882 5160 2973 5215 τὸν
2996 5160 3172 5223 ἀϐϐάν
3206 5161 3481 5235 Ἰωάννην,
3504 5162 3710 5233 λέγων·

2129 5242 2254 5307 Πῶς
2277 5246 2308 5315 ἡ
2333 5244 2477 5319 ψυχή
2517 5266 2620 5319 μου
2649 5249 2850 5322 ἔχουσα
2889 5253 3212 5326 τραύματα,
3258 5257 3360 5310 οὐκ
3390 5255 3711 5329 αίσχύνεται

2129 5335 2453 5391 καταλαλεϊν
2483 5339 2577 5394 τοῦ
2596 5342 2856 5412 πλησίονς
2889 5345 3052 5416 Λέγει
3084 5344 3233 5417 αὐτῷ
3262 5344 3292 5399 6
3319 5344 3496 5418 γέρων
3524 5361 3709 5420 παρα-

2123 5602 2268 5659 roth.
2304 5603 2489 5660 Doctr.
2520 5607 2606 5662 15.

2193 5673 2448 5745 (99)__Vit.
2480 5675 2629 5733 Patr.
2658 5693 2816 5738 xviii,
2847 5679 2898 5733 8.

2184 5743 2268 5813 (1)
2304 5743 2410 5803 Vit.
2436 5745 2605 5802 J’atr.
2639 5764 2711 5816 tv,
2737 5746 2819 5805 10.
