4012 6208
255 245 355 303 2ου

1426 246 2037 305 APUPIITIIEGMATA
2075 248 2384 305 PATRUM.

3409 254 3513 311 210

256 366 418 438 ϐολὴν
437 365 530 421 διὰ
547 367 648 438 τὴν
676 362 1029 422 καταλαλιάνε
1059 365 1380 438 ’Ἄνθρωπός
1406 383 1490 431 τις
1512 362 1580 438 ἦν
1605 368 1839 437 πτωχὸς,

1962 368 2239 424 ιηοιὶοηίε
2265 382 2395 438 ergo
2418 385 2430 420 :
2452 365 2581 421 Erat
2616 367 2777 422 homo
2802 366 3021 438 quidam
3052 382 3277 440 pauper,
3301 379 3354 421 ct
3380 382 3515 422 uxo-

256 461 345 513 καὶ
391 454 509 529 εἶχε
537 460 775 527 γυναῖκα
795 475 810 491 ·
861 453 968 512 εἶδε
1001 457 1059 511 δὲ
1093 458 1186 513 καὶ
1212 456 1379 529 ἄλλην
1424 457 1838 531 πειθανὴν,’καὶ

262 547 414 609 ελαϐε
438 547 647 620 ταύτην
662 565 677 580 ’
696 544 839 621 ἦσαν
863 548 919 602 δὲ
950 550 1256 621 ἀμφότεραι
1277 548 1502 620 γυμναί.
1538 548 1838 619 Γενομένης

262 638 315 693 δὲ
364 641 730 712 πανηγύρεως
766 641 826 695 ὲν
872 640 979 695 τινὶ
1015 641 1195 712 τόπῳ,
1254 640 1631 712 παρεκάλεσαν
1679 640 1839 693 αὑτὸν

263 729 515 802 λέγουσαι
535 749 552 763 ·
572 727 745 803 ’Δρον
770 733 920 802 ἡμᾶς
947 731 1085 802 μετὰ
1111 730 1229 785 σοῦ.
1254 733 1366 785 Καὶ
1396 729 1577 786 λαϐὼν
1599 730 1697 795 τὰς
1723 730 1849 793 δύο,;

263 821 449 875 ἔϐαλεν
490 823 573 886 είς
605 820 763 875 πίθον
787 837 802 851 ο
838 821 932 875 καὶ
970 820 1143 892 ἐμϐάς
1182 822 1264 884 είς
1313 820 1516 885 πλοῖον,
1566 816 1730 892 ἦλθεν
1760 821 1840 885 είς

262 915 348 969 τὸν
373 914 567 969 τόπον.
600 914 732 968 Ὅτε
761 915 819 968 δὲ
864 914 1055 991 γέγονε
1104 913 1315 985 καῦμα,
1354 915 1450 969 καὶ
1480 913 1760 985 ἡσύχασαν
1791 916 1841 967 oi

260 1003 571 1078 ἄνθρωποι,
606 1003 958 1074 άναϐλέψασα
1006 1007 1040 1076 ἡ
1087 1005 1204 1075 μία,
1244 1005 1338 1059 καὶ
1374 1003 1840 1075 μηδένα-ἰδοῦσα,

259 1094 597 1167 ἐξεπήδησεν
628 1096 707 1159 είς
746 1095 843 1166 τὴν
880 1095 1131 1168 κοπρίαν,
1166 1097 1261 1151 καὶ
1309 1096 1583 1161 συνάξασα
1629 1096 1831 1152 παλαιά
1873 1116 1876 1119 λ

264 1186 442 1256 ῥάκη,
485 1186 743 1258 εποίησεν
778 1189 946 1259 ἑαυτῇ
984 1187 1273 1259 περίζωμα
1294 1229 1310 1251 ,
1355 1189 1451 1243 καὶ
1487 1187 1673 1243 λοιπὸν
1708 1187 1861 1259 μετά.

262 1275 576 1347 παρρησίας
621 1276 966 1347 περιεπάτει.
1032 1277 1098 1330 Ἦ
1142 1277 1200 1331 δὲ
1233 1277 1368 1350 άλλη
1413 1278 1525 1332 ἔσω
1556 1277 1844 1349 καθημένη

187 1352 197 1359 ’
264 1366 470 1438 γυμνὴ,
494 1367 719 1436 ἔλεγεν
764 1368 894 1421 Ἰδοὺ
943 1365 1091 1438 αὕτη
1129 1369 1162 1439 ἡ
1197 1368 1368 1440 πόρνη
1402 1369 1503 1422 οὐκ
1533 1367 1846 1438 αἰσχύνεται

268 1458 640 1529 περιπατοῦσα
678 1461 881 1530 γυμνή.
917 1458 1273 1530 Διαπονηθεὶς
1323 1459 1379 1513 δὲ
1424 1461 1453 1513 ὁ
1490 1461 1630 1532 ἀνὴρ
1675 1459 1847 1530 αὐτῆς

271 1545 424 1603 εἶπεν
445 1567 460 1581 ’
493 1546 562 1603 Ὦ
588 1550 773 1622 θαῦμα
793 1569 805 1583 ·
854 1550 994 1621 αὕτη
1021 1552 1125 1606 κᾶν
1177 1553 1372 1606 σκέπει
1400 1553 1498 1623 τὴν
1533 1551 1848 1623 ἀσχημοσύ-

269 1658 370 1713 νην
412 1642 581 1711 αὐτῆς
601 1659 615 1672 ο
649 1643 715 1696 σὺ
743 1642 798 1696 δὲ
824 1640 922 1713 ὅλη
964 1642 1146 1713 γυμνὴ
1180 1638 1252 1705 εἴ,
1284 1643 1379 1697 καὶ
1425 1642 1600 1697 ταῦτα
1625 1645 1727 1698 οὐκ
1763 1644 1849 1696 αί-

272 1711 439 1808 extim
462 1734 740 1801 λαλοῦσας
770 1711 956 1798 Οὕτως
993 1711 1111 1788 scel.
1135 1711 1230 1788 καὶ
1259 1733 1320 1786 τὺ
1361 1734 1459 1803 τῆς
1489 1734 1840 1811 καταλαλιᾶς.
1880 1711 1921 1769 Β

346 2001 448 2061 ις’.
487 1996 680 2065 Ἔλεγε
704 1995 761 2049 δὲ
786 1995 944 2050 πάλιν
973 1995 1050 2068 τῷ
1084 1995 1297 2066 ἀδελφῷ
1328 1997 1367 2049 ὸς
1387 1997 1567 2069 γέρων
1596 1999 1724 2070 περὶ
1750 1996 1850 2069 τῆς

268 2086 456 2158 ψυχῆς
484 2088 579 2158 τῆς
605 2086 858 2159 θελούσης
887 2087 1251 2159 μετανοῆσαι·
1286 2087 1467 2160 Πόρνη
1492 2084 1562 2159 ἦν
1591 2088 1769 2160 ὡραῖα
1794 2089 1852 2143 ὲν

268 2180 383 2233 τινὶ
413 2178 582 2241 πόλει,
609 2180 701 2233 καὶ
724 2179 949 2244 πολλοὺς
977 2180 1161 2248 φίλους
1188 2175 1358 2251 εἶχεν.
1400 2179 1601 2233 Ἐλθὼν
1629 2179 1686 2234 δὲ
1714 2180 1852 2252 πρὸς

268 2270 444 2341 αὐτὴν
465 2264 547 2335 εἷς
569 2272 772 2344 ἅρχων,
802 2268 955 2325 εἶπεν
981 2273 1116 2343 αὐτῇ
1139 2288 1151 2302 ’
1181 2271 1383 2325 Σύνθου
1416 2289 1507 2342 μοι
1530 2274 1849 2345 σωφρονεῖν,

272 2360 436 2430 κάγώ
465 2379 523 2415 σε
555 2361 819 2434 λαμϐάνω
843 2365 922 2427 εἰς
941 2366 1196 2432 γυναῖκα.
1230 2364 1295 2417 Ἦ
1318 2363 1377 2416 δὲ
1400 2362 1653 2417 συνέθετο
1678 2363 1847 2433 αὐτῷ.

271 2454 389 2507 Καὶ
415 2452 597 2507 λαϐὼν
630 2453 800 2526 αὐτὴν
835 2455 1119 2526 ἀπήγαγεν
1145 2457 1224 2520 εἰς
1250 2454 1340 2508 τὸν
1369 2450 1518 2508 οἶκον
1546 2453 1734 2509 αὐτοῦ.
1788 2456 1854 2508 Ol.

270 2544 329 2597 δὲ
363 2544 504 2613 φίλοι
549 2544 754 2614 αὐτῆς,
789 2545 1078 2615 ζητοῦντες
1110 2545 1303 2614 αὐτὴν,
1349 2544 1531 2615 ελεγον
1553 2564 1564 2577 ’
1610 2546 1669 2599 '0
1710 2545 1855 2599 δεῖνα

272 2640 311 2689 ὸ
338 2636 521 2707 ἀρχων
550 2634 739 2689 ἐλαϐεν
773 2636 943 2707 αὐτὴν
975 2638 1055 2701 εἰς
1086 2637 1178 2690 τὸν
1210 2633 1358 2691 οἷκον
1397 2637 1564 2690 αὐτοῦ
1583 2654 1595 2669 ·
1627 2637 1723 2690 ὲὰν
1761 2633 1854 2692 οὖν
1880 2682 1883 2683 ν

273 2722 601 2794 ἀπέλθωμεν
627 2726 709 2788 είς
732 2724 822 2777 τὸν
856 2720 1001 2778 οἷκον
1031 2725 1075 2757 ’⁷
1124 2724 1311 2789 αὑτοῦ,
1348 2726 1443 2780 καὶ
1478 2724 1649 2796 μάθῃ,
1683 2742 1855 2795 τιμω-

280 2817 458 2886 ρεῖται
483 2816 647 2887 ἡμᾶς.
694 2815 852 2870 Ἀλλά
878 2816 1035 2870 δεῦτε
1058 2815 1234 2870 ὀπίσω
1268 2819 1369 2888 τῆς
1394 2815 1591 2879 οἰκίας,
1625 2815 1720 2869 καὶ⁸
1759 2830 1855 2867 συ-

282 2909 525 2977 ρίσωμεν
548 2910 693 2980 αὐτῇ
709 2925 723 2940 ·
754 2908 846 2961 zeal.
874 2908 1213 2982 γνωρίζουσα
1240 2908 1339 2981 τὴν
1364 2910 1548 2981 φωνὴν
1575 2907 1668 2962 τοῦ
1709 2925 1859 2980 συρι-

279 2998 450 3078 γμοῦ,
477 2999 791 3055 καταϐαίνει
826 3000 963 3072 πρὸς
987 3002 1156 3071 ἡμᾶς,
1187 3000 1281 3053 καὶ
1309 3002 1467 3071 ἡμεῖς
1509 2999 1738 3053 ἀναίτιοι
1771 3000 1859 3053 εὖ·

284 3091 607 3164 ρισκόμεθα.
652 3093 957 3147 ’Δκούσασα
983 3088 1075 3146 οὖν
1102 3091 1196 3146 τοῦ
1228 3089 1496 3163 συριγμοῦ
1516 3132 1532 3159 ,
1560 3091 1861 3163 ὲσφράγισε

270 3185 354 3237 ,τὰ
378 3177 495 3237 ὦτα
517 3182 709 3254 αὐτῆς,
733 3184 826 3237 καὶ
854 3184 1211 3255 εἰσεπήδησεν
1237 3185 1316 3248 είς
1334 3184 1425 3238 τὸν
1454 3184 1728 3255 ἐνδότερον
1753 3201 1863 3238 κοι-

284 3276 452 3340 τῶνα,
484 3277 580 3328 καὶ
614 3275 819 3328 ἔκλεισε
848 3276 943 3335 τὰς
978 3275 1164 3347 θύρας.
1204 3275 1399 3345 Ἔλεγε
1429 3274 1505 3342 δὲ,
1534 3276 1633 3346 τὴν
1656 3276 1861 3347 πόρνην

287 3363 429 3420 εἶναι
474 3366 573 3438 τὴν
602 3367 780 3439 ψυχήν
805 3384 820 3399 ο
858 3367 909 3420 οἱ
954 3365 1010 3420 δὲ
1059 3365 1202 3435 φίλοι
1247 3366 1418 3437 αὐτῆς
1464 3369 1570 3420 εἰσι
1611 3365 1681 3420 τά
1713 3365 1873 3437 πάθη,

287 3459 383 3511 καὶ
409 3461 457 3512 οἱ
504 3458 813 3530 ἄνθρωποι·
860 3460 889 3512 ὁ
931 3458 987 3511 δὲ
1034 3457 1214 3529 ἄρχων
1255 3458 1402 3511 ἐστὶν
1433 3460 1461 3511 ὁ
1519 3457 1789 3530 Χριστός*
1830 3460 1876 3528 ἠ,

286 3550 347 3603 δὲ
376 3551 526 3605 οίκια
555 3551 860 3623 ἡ¹ὲσωτέρα
887 3551 1089 3622 ἐστὶνὴ
1117 3550 1306 3604 αἱωνία
1341 3551 1496 3621 μονή.
1530 3552 1594 3603 Ui
1622 3549 1679 3603 δὲ
1716 3550 1867 3621 συρί-

292 3643 477 3708 ζοντες
503 3643 639 3716 αὐτῇ
666 3644 802 3697 εἰσιν
826 3645 878 3697 οι
916 3643 1139 3714 πονηροὶ
1161 3642 1414 3712 δαίμονες
1436 3657 1449 3670 ⁸
1486 3640 1632 3713 αὕτη
1668 3641 1724 3695 δὲ
1755 3640 1869 3695 δια-

293 3734 498 3797 παντὸς
532 3733 720 3802 φεύγει
758 3734 894 3806 πρὸς
927 3732 1016 3787 τὸν
1050 3732 1266 3803 Κύριον.

373 3822 458 3886 ιζ’.
507 3823 911 3886 ’Δναϐαῐνοντός
960 3839 1086 3877 ποτε
1129 3821 1225 3875 τοῦ
1270 3821 1415 3876 άϐϐἄ
1472 3823 1717 3877 Ἰωάννου
1761 3824 1873 3878 άπὸ

298 3913 551 3983 Σκήτεως
600 3913 718 3982 μετ’
762 3911 938 3965 ἄλλων
978 3909 1242 3981 ἀδελφῶν,
1286 3910 1564 3983 ἐπλανήθη
1593 3914 1622 3966 ὁ
1662 3912 1871 3984 ὁδηγῶν

301 4002 532 4065 αὐτούς·
568 3996 636 4072 ἦν
665 4001 775 4072 γὰρ
820 4000 936 4067 νύξ.
994 4001 1104 4054 Καὶ
1155 3999 1400 4068 λέγουσιν
1434 4002 1483 4053 οἱ
1535 3999 1753 4070 ἀδελφοὶ
1794 3997 1873 4070 τῷ

308 4090 452 4145 esse
486 4089 709 4163 Ἰωάννῃ
728 4107 741 4121 ·
789 4088 854 4143 Τί
892 4089 1207 4160 ποιήσομεν,
1237 4087 1407 4153 ἁϐϐᾶ,
1430 4088 1512 4141 ὅτι
1540 4086 1816 4159 ἐπλανήθη
1845 4091 1875 4142 ὁ

308 4183 532 4252 ἁδελφὸς
559 4183 657 4255 τὴν
688 4181 826 4246 ὁδὸν,
879 4183 1074 4253 μήπως
1101 4179 1461 4252 ἀποθάνωμεν
1500 4178 1880 4252 πλανώμενοι;

307 4273 469 4343 Λέγει
516 4275 699 4338 αὐτοῖς
736 4275 765 4327 ὁ
801 4272 1013 4345 γέρων·
1057 4270 1183 4324 Ἐὰν
1221 4269 1465 4341 εἴπωμεν
1495 4270 1665 4341 αὐτῷ,
1695 4270 1877 4324 λυπεῖ-

307 4383 395 4419 ται
424 4365 523 4419 καὶ
561 4363 896 4436 αἰσχύνεται.
943 4362 1081 4416 Ἀλλ’
1128 4361 1234 4416 ἰδοὺ
1276 4361 1415 4415 ποιῶ
1451 4361 1685 4431 ἐμαυτὸν
1714 4360 1875 4414 ἀσθε-

1941 469 2116 523 ratus,
2147 458 2243 527 qui
2276 459 2434 513 aliam
2476 458 2757 513 mulierem
2784 460 3087 530 speciosam
3121 459 3368 526 intuitus,
3392 475 3513 517 eam

1940 565 2157 621 quoque
2193 550 2469 606 corinubio
2506 549 2609 606 sibi
2649 551 2960 621 copulavit;
2997 552 3169 607 ambae
3198 568 3326 608 vero
3353 560 3514 609 erant

1941 641 2118 694 nudae.
2155 640 2292 694 Cum
2324 648 2505 696 autem
2541 638 2799 694 nundinae
2843 640 3246 696 celebrarentur
3282 641 3509 704 alicubi,

1942 739 2273 802 rogaverunt
2321 731 2534 796 virum,
2589 732 2873 788 dicentes:
2909 731 3023 789 Nos
3078 742 3254 788 tecum
3305 735 3510 789 ducito.

1942 820 2122 888 Quare
2180 832 2466 894 utramque
2515 830 2848 893 assumptam
2898 824 2952 878 in
3008 822 3154 879 dolio
3196 821 3515 888 collocavit;

1943 914 2177 983 navique
2229 928 2530 968 conscensa
2583 912 2650 967 ad
2698 922 2987 969 mercatus.
3026 914 3203 967 locum
3251 913 3514 982 pervenit.

1943 1003 2237 1074 Postquam
2294 1012 2475 1058 autem
2522 1011 2690 1058 aestus
2735 1002 2844 1058 diei
2893 1003 3131 1065 advenit,
3176 1009 3231 1057 et
3272 1002 3521 1058 homines

1945 1095 2113 1166 quieti
2161 1110 2220 1151 se
2266 1093 2567 1161 dederunt,
2628 1111 2733 1150 una
2784 1110 2972 1151 earum
3022 1093 3358 1164 respiciens,
3422 1108 3523 1148 nec

1945 1202 2274 1259 quemquam
2308 1186 2523 1251 intuita,
2556 1187 2728 1243 exiliit
2772 1188 2826 1243 in
2871 1186 3296 1257 Sterquilinium,
3323 1187 3525 1240 veteri-

1945 1280 2160 1350 busque
2198 1272 2397 1349 pannis
2423 1280 2688 1344 collectis,
2715 1279 2819 1335 sibi
2842 1278 3081 1350 subligae
3093 1278 3239 1332 ulum
3262 1275 3519 1336 confecit.

1947 1385 2013 1426 ac
2038 1370 2239 1425 deinde
2265 1384 2390 1424 cum
2419 1368 2616 1423 fiducia
2639 1370 2978 1424 ambulabatt
3013 1370 3196 1424 Altera
3223 1384 3350 1424 vero
3376 1368 3521 1424 intus

1948 1460 2150 1516 sedens
2201 1460 2380 1521 nuda,
2431 1458 2608 1513 dixit:
2641 1458 2777 1514 Ecce
2819 1464 3154 1513 meretricem
3198 1458 3357 1519 hanc.
3413 1472 3521 1511 non

1948 1551 2222 1607 erubescit
2268 1550 2411 1605 nuda
2459 1550 2729 1605 incedere.
2787 1550 2861 1603 At
2895 1565 3038 1621 aegre
3075 1548 3253 1604 ferens
3292 1551 3522 1606 maritus

1949 1642 2165 1714 excepit
2197 1661 2213 1698 :
2242 1641 2375 1697 item
2407 1642 2635 1695 miram!
2673 1640 2791 1711 Ipsa
2823 1642 3014 1697 saltem
3050 1640 3366 1695 inbouestas
3396 1654 3523 1696 cor-

1953 1734 2104 1805 poris
2136 1733 2219 1787 sui
2256 1742 2437 1802 partes
2472 1733 2709 1802 obtegit;
2739 1742 2795 1786 tu
2825 1747 2954 1787 vero
2984 1740 3091 1785 tota
3134 1729 3276 1785 nuda
3309 1745 3391 1797 cs,
3425 1747 3524 1786 nec

1952 1826 2230 1883 erubescis
2261 1826 2364 1883 ista
2392 1824 2678 1896 proloqui?
2710 1825 2788 1880 ita
2823 1823 2987 1880 habet
3013 1823 3366 1879 detractionis
3399 1838 3526 1894 pec-

1952 1923 2156 1971 catum.

2024 2009 2111 2064 t6.
2151 2008 2226 2079 (2)
2267 2007 2439 2063 Porro
2483 2025 2645 2066 senex
2694 2009 2964 2071 referebat
3009 2010 3187 2065 adhuc
3226 2008 3417 2073 fratri,
3459 2010 3527 2065 de

1954 2100 2135 2159 anima
2172 2116 2295 2171 qua:
2328 2101 2704 2169 penitentiam
2740 2116 2901 2171 agere
2946 2100 3104 2155 vult:
3134 2099 3281 2164 Erat,
3328 2101 3524 2169 inquit,

1954 2190 2007 2244 in
2039 2191 2270 2261 quadam
2315 2191 2533 2247 civitate
2574 2192 2828 2248 meretrix
2873 2192 3138 2261 pulchra,
3169 2206 3290 2261 quae
3327 2192 3528 2245 multos

1954 2281 2187 2337 trahebat
2228 2291 2522 2339 amatores.
2553 2283 2832 2340 Accedens
2865 2292 3042 2337 autem
3086 2282 3153 2337 at!
3180 2298 3296 2338 eam
3329 2297 3470 2338 unus
3496 2301 3527 2336 e

1954 2370 2256 2426 rectoribus
2303 2371 2594 2440 provinciae
2641 2372 2776 2441 dixit
2820 2374 2870 2426 ei
2920 2389 2935 2425 :
2982 2370 3244 2426 Promitte
3294 2371 3422 2424 mihi
3476 2378 3529 2425 tc

1959 2471 2110 2517 caste
2150 2463 2441 2527 victuram,
2473 2468 2526 2515 et
2560 2476 2660 2532 ego
2706 2470 2758 2515 te
2798 2462 2854 2516 in
2899 2477 3125 2517 uxorem
3164 2462 3392 2531 accipio.
3434 2462 3528 2515 llla

1956 2553 2196 2625 pollicita
2221 2562 2323 2608 est.
2342 2551 2497 2607 Unde
2524 2551 2999 2622 acceptam,duxit
3021 2553 3073 2607 in
3103 2551 3322 2606 domum
3350 2567 3527 2608 suam.

1954 2641 2024 2694 At
2068 2649 2342 2697 amatores
2385 2642 2535 2711 ejus,
2584 2651 2888 2713 quaerentes
2931 2658 3071 2707 cam,
3105 2642 3407 2699 dixerunt:
3439 2640 3533 2699 ille

1958 2744 2159 2800 praeses
2207 2732 2506 2801 assumpsit
2545 2746 2665 2786 eam
2708 2734 2764 2787 in
2802 2733 3021 2788 domum
3057 2749 3245 2798 suam;
3281 2733 3329 2788 si
3368 2732 3532 2801 igitur

1956 2838 2023 2874 eo
2057 2822 2378 2887 abierimus,
2408 2836 2472 2877 ac
2511 2821 2856 2888 intellexerit,
2889 2839 2988 2879 nos
3020 2824 3287 2893 supplicio
3318 2821 3528 2878 atlicict.

1959 2912 2066 2969 Sed
2115 2914 2314 2977 venite,
2355 2927 2547 2969 eamus
2591 2928 2732 2985 pone
2776 2914 3027 2986 domum,
3073 2913 3232 2969 sibilo
3273 2927 3531 2969 vocemus

1957 3020 2078 3061 eam
2116 3022 2128 3058 :
2167 3005 2351 3075 agnito
2390 3002 2538 3058 enim‘
2582 3003 2725 3059 sibili
2776 3019 2911 3059 sono
2950 3003 3241 3059 descendet
3300 3003 3367 3058 ad
3409 3017 3530 3068 nos,

1967 3095 2279 3165 erimusque
2327 3108 2470 3149 noxa
2514 3094 2692 3149 vacui.
2740 3092 2924 3163 itaque
2975 3100 3259 3162 postquam
3316 3090 3532 3146 sibilum

1969 3187 2159 3252 audiit,
2189 3185 2492 3257 obsignatis
2520 3183 2745 3239 auribus
2776 3183 2914 3249 suis,
2957 3183 3021 3237 ad
3050 3183 3279 3238 interius
3305 3182 3532 3237 cubicu-

1970 3280 2080 3334 lum
2108 3277 2364 3348 prosiliit,
2391 3277 2644 3347 foresque
2667 3274 2920 3333 occlusit.
2943 3273 3133 3329 Aiebat
3163 3281 3342 3340 autem
3370 3286 3534 3328 senex

1970 3370 2310 3426 meretricem
2341 3383 2463 3425 esse
2492 3368 2767 3433 animam;
2797 3374 3088 3432 amatores,
3118 3365 3345 3421 alicctus
3376 3374 3539 3435 atque

1973 3460 2256 3528 homines;
2290 3469 2579 3528 rectorem,
2626 3460 2947 3528 Christum;
2987 3462 3302 3517 interiorem
3342 3460 3535 3522 autem,

1972 3559 2230 3606 aeternam
2261 3551 2637 3618 mansionem;
2676 3552 2984 3619 sibilantes,
3018 3552 3195 3607 malos
3223 3551 3538 3606 daunones:

1975 3642 2116 3697 hanc
2144 3655 2274 3697 vero
2304 3641 2543 3696 animam
2580 3655 2797 3712 semper
2822 3642 2890 3698 ad
2917 3641 3086 3698 Deum
3109 3640 3427 3713 confugere.

2051 3818 2137 3874 Π.
2174 3817 2252 3890 (5)
2272 3817 2409 3873 Cum
2441 3817 2934 3889 aliquandoabbas
2957 3819 3194 3875 Joannes
3223 3818 3544 3876 ascenderet

1977 3925 2008 3966 ο
2045 3907 2189 3965 Sceti
2213 3923 2337 3963 cum
2374 3908 2500 3964 aliis
2533 3908 2820 3975 fratribus,
2849 3924 2879 3964 a
2910 3912 2999 3966 via
3026 3909 3299 3965 aberravit
3324 3909 3419 3979 qui
3445 3908 3544 3964 du-

1981 4000 2140 4056 cebat
2181 4014 2278 4056 eos
2314 4018 2328 4055 :
2363 4010 2481 4055 erat
2525 3999 2672 4055 enim
2723 4014 2852 4055 nox.
2902 4000 3071 4055 Aiunt
3123 4000 3322 4057 fratres
3362 4000 3544 4056 abbati

1979 4090 2174 4146 Joanni
2209 4110 2223 4145 :
2260 4089 2401 4158 Quid
2431 4089 2716 4158 faciemus,
2762 4091 2924 4156 abba,
2958 4092 3107 4163 quod
3151 4091 3321 4148 frater
3364 4094 3419 4148 in
3460 4095 3544 4147 ria

1982 4183 2222 4246 erravit,
2262 4197 2334 4238 ne
2382 4181 2524 4239 forte
2562 4192 2823 4253 vagantes
2870 4183 3208 4239 moriamur!
3247 4182 3552 4255 Respondit

1992 4273 2104 4328 illis
2132 4287 2297 4328 senex
2330 4292 2343 4327 :
2382 4273 2438 4328 Si
2473 4273 2937 4349 enuntiaverimus
2977 4273 3049 4339 ei,
3075 4275 3298 4330 tristitia
3343 4289 3408 4330 ac
3447 4290 3547 4345 pu-

1985 4363 2119 4418 dore
2142 4361 2427 4421 aﬂicietur.
2452 4362 2655 4419 Verum
2673 4379 2824 4429 ecce,
2852 4366 2942 4420 me
2962 4374 3223 4437 aegrotum
3255 4366 3550 4431 simulabo,

310 4457 539 4524 νοῦντα,
573 4457 664 4509 καί
691 4454 864 4525 λέγω,
912 4453 987 4507 Οὐ
1026 4451 1261 4522 δύναμαι
1289 4451 1504 4505 ὁδεῦσαι
1528 4492 1543 4516 ,
1572 4450 1707 4505 ἀλλὰ
1734 4451 1863 4522 μένα

1986 4453 2316 4522 dicamque:
2348 4450 2467 4508 Non
2498 4469 2721 4524 possum
2764 4453 3038 4521 incedere,
3076 4454 3172 4509 sed
3206 4470 3402 4511 maneo
3437 4457 3549 4520 hic,

309 4540 411 4602 ᾆδε
450 4549 558 4611 ἕως
599 4548 760 4618 πρωῒ.
794 4546 903 4600 Καὶ
952 4544 1207 4615 ἐποίησεν
1257 4542 1448 4607 οὕτως.
1494 4544 1557 4596 υἱ
1605 4543 1663 4596 δὲ
1706 4542 1880 4597 λοιποὶ

312 4640 497 4698 amo
529 4642 662 4696 Οὐδὲ
700 4644 861 4713 ἡμεῖς
894 4638 1201 4707 ὑπάγομεν,
1238 4635 1375 4690 ἀλλὰ
1412 4618 1699 4706 καθήμεθα
1749 4635 1882 4706 μετὰ

316 4737 431 4793 σοῦ.
473 4736 583 4789 Καὶ
620 4733 879 4788 ἐκάθισαν
919 4730 1025 4794 ἓως
1060 4728 1204 4800 πρωῒ
1226 4743 1237 4754 ·
1271 4728 1360 4781 καὶ
1390 4727 1479 4781 τὸν
1521 4726 1743 4795 ἀδελφὸν
1785 4726 1890 4778 οὐκ

316 4827 720 4882 ἑσκανδάλισαν.

386 4924 478 4989 ιη’.
514 4917 693 4989 Γέρων
745 4932 827 4979 τις
860 4911 927 4987 ἦν
973 4917 1029 4969 ὲν
1075 4915 1291 4987 Σκήτει,
1331 4909 1548 4972 πονικὸς
1585 4910 1681 4981 μὲν
1722 4910 1778 4962 ὲν
1809 4907 1886 4978 τῷ

320 5007 634 5080 σωματικῷ,
667 5007 767 5061 οὐκ
796 5005 1026 5077 ἀκριϐὴς
1048 5006 1104 5058 δὲ
1131 5007 1189 5058 ὲν
1211 5005 1320 5066 τοῖς
1352 5001 1647 5070 λογισμοῖς.
1689 4998 1886 5067 Ἀπῆλ-

318 5102 409 5155 θεν
442 5097 535 5156 οὖν
575 5098 709 5171 πρὸς
741 5098 833 5152 τὸν
874 5097 1047 5152 άϐϐἆν
1102 5095 1375 5166 Ἰωάννην,
1412 5092 1684 5162 ἐρωτῆσαι
1726 5087 1888 5143 αὐτὸν

320 5194 449 5262 περὶ
492 5194 591 5263 τῆς
630 5190 839 5264 λήθης·
891 5190 984 5243 καὶ
1032 5187 1270 5252 ἀκούσας
1321 5184 1449 5255 παρ’
1503 5180 1667 5237 αὐτοῦ
1708 5180 1885 5249 λόγον,

322 5281 660 5354 ὑπέστρεψεν
697 5283 777 5345 εἰς
820 5282 919 5350 τὴν
950 5278 1142 5332 κέλλαν
1184 5275 1371 5341 αὑτοῦ,
1410 5276 1500 5329 καὶ
1539 5270 1830 5327 ἐπελάθετο
1861 5270 1890 5323 ὃ

395 5437 436 5464 ’⁷
461 5435 544 5487 Al.
576 5432 671 5501 τὴν
691 5432 879 5502 θύραν.

395 5571 474 5627 (ἓν
517 5567 620 5620 Vit.
666 5565 814 5619 Patr.
856 5583 926 5629 Iv,
963 5566 1043 5619 l3.

406 5635 482 5703 {3)
515 5635 620 5692 l't't.
660 5633 816 5690 Patr.
840 5651 972 5703 xm,
1003 5635 1055 5688 7.

1990 4559 2165 4615 usque
2200 4543 2271 4599 ad
2308 4543 2633 4600 diluculum.
2674 4545 2853 4613 Atque
2890 4544 2965 4599 ita
3000 4542 3149 4599 fecit.
3187 4543 3380 4600 Caeteri
3421 4560 3552 4601 vero

1990 4636 2246 4691 dixerunt
2275 4652 2295 4690 ιν
2317 4634 2504 4707 Neque
2532 4650 2636 4692 nos
2661 4635 2958 4708 pergimus,
2981 4643 3037 4699 at
3068 4633 3322 4690 sedemus
3352 4646 3549 4691 tecum.

1992 4726 2057 4780 Et
2086 4739 2261 4796 usque
2292 4723 2358 4779 ad
2394 4725 2725 4779 matutinum
2753 4732 2968 4794 tempus
2995 4721 3351 4789 resederunt;
3380 4739 3556 4793 neque

1995 4813 2152 4869 fratri
2186 4811 2407 4869 fuerunt
2440 4812 2685 4867 scaudali
2719 4820 2993 4868 auctores.

2069 4903 2156 4961 18.
2191 4904 2266 4974 (4)
2295 4902 2474 4960 Senex
2490 4902 2712 4974 quidam
2733 4900 2976 4971 Sceteos,
2995 4903 3049 4958 in
3068 4904 3556 4960 exercitationibus

1996 4993 2215 5064 quidem
2243 4992 2622 5061 corporalibus
2651 4990 2981 5057 laboriosus,
3007 4994 3101 5049 sed
3132 4993 3185 5047 in
3215 4992 3559 5062 cogitationi-

1970 5086 2100 5141 ibus
2133 5085 2440 5156 imperitus,
2482 5082 2616 5138 abiit
2654 5081 2739 5136 ad.
2765 5084 3014 5140 abbatem
3057 5081 3433 5146 Joannem,'ut
3472 5084 3557 5138 in~

1996 5183 2296 5246 terrogaret
2341 5190 2464 5230 eum
2504 5175 2570 5229 de
2608 5174 2901 5230 oblivione.
2948 5175 3254 5244 Auditoque
3302 5187 3397 5243 per
3437 5188 3559 5228 eum

1999 5284 2272 5331 sermone,
2296 5267 2459 5325 rediit
2493 5267 2546 5321 in
2582 5265 2773 5320 cellam
2802 5281 2978 5335 suam,
3006 5264 3282 5323 et‘oblitus
3312 5265 3562 5337 estquod

2073 5555 2147 5628 (4)
2185 5551 2287 5607 νει.
2317 5548 2472 5604 Patr.
2511 5563 2586 5615 at,
2621 5546 2708 5603 H5.
