4012 6208
451 278 549 337 9M

1619 275 1962 331 APPENDIX
2001 276 2092 331 AD
2130 275 2214 330 PA
2226 275 2547 332 LLADIUM.

3609 275 3720 334 ξιτ

451 389 633 464 ipsum
665 392 958 448 edocuerat
985 389 1156 444 abbas
1177 389 1438 446 Joannes.
1475 388 1644 460 Igitur
1675 390 1823 444 venit
1849 388 2015 444 adhuc

2131 383 2286 446 εἶπεν
2309 387 2454 460 αὐτῷ
2477 389 2506 441 6
2531 387 2704 451 άθὸᾶς
2741 387 3012 458 Ἰωάννης.
3036 387 3146 440 Καὶ
3167 386 3378 458 ἀπῆλθε
3401 387 3564 441 πάλιν
3585 391 3718 462 ἔρω-

453 483 522 540 ad
554 486 803 540 emndem
846 481 1316 554 interrogandum.
1359 483 1608 553 Cum-que
1649 482 1816 538 simili
1865 483 2030 536 modo

453 575 722 630 audiisset
757 589 1086 637 sermonem,
1122 573 1371 629 recessit.
1408 572 1471 627 Ut
1515 581 1696 628 autem
1735 575 1802 629 ad
1833 576 2028 630 cellam

453 681 606 719 suam
633 666 900 736 pervenit.
931 667 1130 721 iterum
1161 667 1238 721 rei
1271 666 1588 722 memoriam
1615 667 1821 724 amisit.
1850 669 2026 738 Atque

453 757 528 810 ita
554 755 870 826 frequenter
893 757 1190 826 profectus.
1215 759 1266 812 in
1291 759 1639 825 revertendo,
1658 759 1726 812 ab
1747 760 2026 817 oblivione

449 848 791 918 capiebatur.
855 847 1048 904 Postea
1099 865 1228 904 vero
1283 851 1400 905 seni
1453 866 1782 915 occurrens,
1837 852 2022 908 dixit:

449 937 683 1003 Nostin’,
730 937 889 1003 abba,
945 953 1142 996 rursus
1184 957 1214 996 c
1258 943 1522 996 memoria
1576 959 1698 997 mea
1743 944 2028 999 ellluxisse

455 1028 600 1098 quod
633 1030 852 1086 locutus
887 1031 1106 1087 fueras?
1138 1033 1245 1090 Sed
1283 1050 1354 1090 ne
1393 1036 1490 1089 tibi
1523 1051 1702 1091 essem
1737 1038 2020 1102 molestus,

449 1120 598 1174 nolui
623 1123 828 1176 venire.
852 1123 942 1177 Ait
973 1125 1048 1178 illi
1074 1126 1245 1181 abbas
1273 1126 1513 1182 Joannes
1541 1147 1552 1179 :
1587 1128 1756 1196 Vade,
1783 1129 2026 1185 acuenda

447 1209 753 1266 lucernam.
797 1211 864 1266 Et
895 1216 1168 1270 accendit.
1198 1215 1416 1272 Rursus
1454 1219 1518 1272 ad
1555 1233 1678 1272 cum
1715 1235 1728 1272 :
1759 1217 1906 1272 Alter
1938 1218 2020 1271 lu-

447 1317 644 1358 cernas
693 1303 853 1369 alias,
898 1315 951 1362 et
991 1307 1231 1362 acceude
1273 1324 1342 1363 ex
1383 1324 1470 1363 ea.
1507 1311 1623 1362 Hoc
1661 1309 1825 1364 etiam
1873 1309 2018 1366 fecit.

447 1392 584 1446 Tum
625 1394 796 1450 abbas
828 1395 1068 1454 Joannes
1098 1400 1214 1454 seni
1247 1399 1426 1454 :Num
1465 1400 1811 1470 aliquatenus
1845 1399 2023 1455 obl’uit

447 1484 704 1546 lacerate.
735 1489 879 1556 quod
901 1504 965 1544 ex
997 1491 1088 1544 illa
1123 1492 1258 1547 alias
1287 1492 1646 1548 accenderis?
1679 1491 1852 1548 Senex
1882 1511 1894 1547 :
1919 1491 2024 1548 Ne-

443 1593 744 1648 quaquam.
795 1580 900 1644 lta,
947 1585 1191 1654 excepit,
1239 1599 1416 1655 neque
1457 1583 1730 1650 Joannes;
1772 1586 2022 1655 quamvis

443 1675 556 1722 tota
601 1671 777 1724 adiret
821 1689 906 1726 me
955 1672 1152 1738 Sretis,
1201 1689 1306 1728 non
1347 1689 1434 1730 me
1471 1684 1742 1730 averteret
1781 1689 1810 1728 a
1849 1679 2019 1743 pratia

2129 482 2292 553 τῆσαι
2322 479 2484 536 αὐτόν
2504 499 2516 510 ·
2543 479 2782 543 ἀκούσας
2815 480 2870 532 δὲ
2907 481 3036 552 παρ’
3069 479 3232 532 αὐτοῦ
3263 479 3466 550 ὀμοξως
3501 479 3596 534 τὸν
3623 481 3716 534 λό-

2128 589 2246 641 γον,
2281 573 2638 645 ὑπέστρεψεν.
2679 573 2768 636 Ὡς
2793 571 2851 626 δὲ
2881 569 3082 640 ἔφθασε
3113 571 3171 624 τδ
3209 571 3342 623 ἴδιον
3365 571 3576 624 κελλεον
3608 574 3720 627 πάι

2127 665 2210 717 λιν
2240 664 2534 718 ἐπελάθετο
2552 705 2565 730 ,
2595 665 2690 720 καὶ
2713 663 2856 716 οὕτω
2881 662 2937 718 δὲ
2966 661 3286 726 πλειστάκις
3317 661 3712 735 ἀπερχόμενος,

2126 760 2186 826 ἐν
2232 758 2310 830 τῷ
2352 756 2710 831 ὑποστρέφειν
2761 753 3189 826 κατακυριεύετο
3233 753 3338 807 ὑπὸ
3382 754 3484 824 τῆς
3519 753 3710 825 λήθης.

2125 852 2279 908 Μετὰ
2305 851 2364 904 δὲ
2393 850 2562 905 ταῦτα
2581 849 2903 920 ἀπαντήσας
2930 845 3008 918 τῷ
3041 845 3281 917 γέροντι,
3305 840 3461 898 εἶπεν
3479 860 3494 875 ·
3525 841 3710 911 Οἶδας,
3735 881 3748 928 τ

2125 943 2290 1009 ἀϐὃᾶ,
2317 943 2400 996 ὅτι
2428 940 2770 1011 ἐπελαθόμην
2805 937 2970 993 πάλιν
2999 937 3030 989 ὅ
3060 953 3150 1011 μοι
3193 937 3452 1008 εἴρηκαςς
3483 936 3597 991 ἀλλ’
3627 937 3713 990 ἵνα

2129 1035 2202 1107 μὴ
2246 1035 2460 1106 ὀχλὴσω
2509 1050 2623 1100 σοι,
2671 1033 2774 1086 οὐκ
2825 1027 3028 1102 ἦλθον.
3069 1029 3228 1096 Λέγει
3270 1027 3420 1098 αὐτῷ
3465 1029 3494 1081 6
3537 1027 3718 1092 i66d¢

2138 1123 2390 1193 Ἰωάννης
2411 1135 2426 1156 ·
2451 1121 2693 1190 "rara-rs,
2727 1119 2860 1190 άψον
2885 1118 3098 1190 λύχνον.
3133 1117 3244 1172 Καὶ
3266 1113 3424 1189 ἦψεν.
3455 1114 3592 1172 Eine
3613 1119 3714 1174 καὶ

2124 1215 2274 1286 αὐτῷ
2303 1215 2482 1269 πάλιν·
2511 1213 2647 1286 Φέρε
2671 1212 2860 1274 ἄλλους
2881 1210 3132 1281 λύχνους,
3157 1209 3252 1262 καὶ
3271 1209 3408 1278 ἂψον
3431 1209 3490 1275 ἐξ
3519 1209 3708 1263 αὐτοῦ.

2137 1306 2389 1376 Ἐποίησε
2415 1307 2474 1360 δὲ
2515 1304 2736 1376 ὁμοίως.
2775 1303 2886 1356 Καὶ
2927 1298 3083 1355 εἶπεν
3122 1300 3298 1364 ἀὸϐἄς
3347 1301 3600 1372 Ἰωάννης
3629 1301 3716 1370 τῷ

2123 1397 2368 1468 γέροντι·
2401 1397 2491 1466 Μή
2524 1395 2576 1448 τι
2601 1407 2728 1448 ποτε
2755 1391 2956 1464 ἐϐλάϐη
2987 1394 3016 1445 6
3047 1391 3261 1462 λύχνος,
3292 1391 3374 1445 ὅτι
3413 1391 3625 1462 amca;
3649 1393 3710 1458 ἐξ

2123 1489 2288 1544 αὑτοῦ
2322 1489 2448 1552 τοὺς
2485 1487 2678 1551 ἄλλους
2718 1485 2978 1555 λύχνους;
3013 1485 3204 1553 Λέγει·
3241 1483 3394 1554 Οὐχί.
3431 1481 3564 1536 Eius
3593 1482 3652 1536 δὲ
3679 1483 3709 1536 6

2124 1584 2303 1655 γέρων
2327 1600 2340 1613 ·
2376 1581 2562 1644 Οὕτως
2609 1579 2731 1632 οὐδὲ
2777 1578 3066 1648 Ἰωάννης·
3096 1575 3192 1629 ἐὰν
3231 1578 3265 1646 ἡ
3309 1575 3506 1644 Σκῆτις
3539 1573 3708 1645 ἔρχη-

2123 1693 2211 1728 ται
2242 1674 2377 1745 πρὸς
2401 1673 2467 1742 μὲ
2494 1671 2613 1743 ὅλη,
2639 1670 2702 1723 οὐ
2729 1669 2804 1740 μή
2834 1685 2901 1739 με
2925 1667 3206 1738 ὲμποδίσει
3231 1665 3339 1718 ἀπὸ
3363 1666 3460 1736 τῆς
3485 1665 3712 1734 χάριτος

446 1760 672 1816 Christi.
713 1763 981 1830 Quocirca
1017 1767 1238 1836 quando
1273 1769 1534 1828 volueris.
1563 1769 1708 1834 veni,
1737 1769 1872 1822 nihil
1911 1769 2015 1822 bu:-

2131 1764 2222 1818 τοῦ
2265 1762 2522 1834 Χριστοῦ.
2562 1761 2771 1826 Τοίνυν,
2805 1762 2894 1814 ὅτε
2936 1759 3130 1823 θέλεις,
3163 1757 3344 1828 ἔρχου,
3391 1756 3554 1826 μηδὲν
3588 1757 3707 1808 δια-

444 1853 638 1908 silans.
667 1855 842 1925 Atque
875 1859 954 1912 sic
975 1875 1075 1929 per
1099 1861 1386 1930 utriusque
1419 1861 1766 1930 patientiam,
1798 1860 2024 1914 abstulit

445 1941 588 2000 Deus
627 1945 952 2002 oblivionem
991 1965 1020 2002 a
1058 1966 1206 2005 sene.
1235 1951 1501 2006 Ca'terum
1532 1951 1644 2006 haec
1671 1963 1785 2006 erat
1815 1951 2024 2004 Sectio-

443 2044 621 2088 Iarum
673 2039 941 2106 operatio,
981 2040 1318 2094 alarritatem
1387 2041 1576 2096 indere
1623 2042 1688 2096 iis
1717 2043 1810 2112 qui
1845 2043 2020 2111 impu-

443 2129 754 2195 gnabantur
789 2149 802 2183 :
837 2131 900 2183 ad
930 2132 1042 2185 lure
1073 2133 1175 2186 sibi
1205 2133 1316 2187 vim
1349 2132 1643 2201 faciebant,
1661 2145 1720 2188 ut
1747 2151 1807 2192 se
1831 2143 2022 2190 mutuo

441 2217 790 2272 lucrarentur
829 2219 882 2274 in
915 2220 1141 2274 bonum.

515 2309 600 2364 19.
639 2310 716 2382 (5)
743 2311 1100 2382 Interrogavit
1119 2313 1290 2368 frater
1311 2317 1558 2370 abbatem
1575 2315 1862 2380 Joannem,
1895 2319 1976 2372 sic
2001 2337 2013 2372 :

437 2400 580 2466 Quid
613 2403 808 2470 agam?
841 2419 984 2472 stupe
1009 2406 1156 2457 venit
1185 2404 1373 2467 frater,
1407 2415 1466 2460 ut
1494 2423 1578 2458 me
1603 2407 1668 2461 ad
1699 2423 1836 2476 opus
1864 2425 2017 2464 assu-

437 2502 580 2557 mat;
613 2508 712 2562 ego
751 2509 878 2548 vero
911 2495 1078 2548 miser
1111 2511 1231 2550 sum
1262 2509 1326 2550 ac
1353 2497 1622 2563 inlirmus,
1660 2508 1824 2569 atque
1861 2500 1928 2553 ad
1965 2501 2016 2554 id

441 2583 654 2637 tatiseo.
681 2581 821 2648 Quid
847 2599 977 2654 ergo
1011 2585 1207 2640 faciam
1235 2588 1305 2642 ob
1330 2587 1686 2644 mandatum?
1715 2591 2017 2661 Respondit

437 2689 602 2729 senex
649 2675 737 2731 bis
785 2677 969 2731 verbis
1010 2695 1022 2731 :
1063 2679 1268 2734 Cbaleb
1311 2679 1448 2734 dixit
1502 2679 1629 2734 Jesu
1681 2683 1790 2735 lilio
1830 2681 2011 2738 Nare:

439 2765 814 2836 Quadraginta
852 2783 1114 2821 annorum
1149 2785 1314 2837 eram,
1343 2771 1558 2840 quando
1586 2769 1796 2840 Moyses
1835 2789 2014 2827 arrvns

436 2854 656 2912 Domini
691 2871 757 2910 ea:
793 2856 1003 2912 deserto
1035 2860 1180 2913 misit
1215 2876 1297 2914 me
1331 2870 1383 2914 et
1422 2871 1468 2914 ta
1507 2862 1560 2914 in
1609 2873 1806 2915 terram
1842 2865 2014 2928 hanc;

436 2955 486 3002 ιι
527 2963 664 3003 nunc
695 2949 960 3018 octoginta
985 2951 1214 3020 quinque
1249 2968 1510 3006 annorum
1537 2969 1675 3008 sum.
1710 2953 1860 3009 Sicut
1891 2965 2014 3008 tunc

435 3057 602 3106 eram,
635 3050 684 3096 et
727 3057 864 3095 nunc
905 3042 1051 3096 valeo
1085 3044 1293 3113 ingredi
1327 3054 1377 3098 et
1415 3045 1590 3116 egredi
1619 3046 1687 3099 ad
1721 3047 1912 3100 betium
1945 3047 2008 3099 ".

2128 1855 2464 1926 κρινόμενος.
2493 1853 2604 1905 Καὶ
2647 1851 2790 1904 οῦτω
2815 1850 2883 1903 δι’
2917 1851 3192 1922 ὑπομονῆς
3215 1847 3563 1934 ἀμφοτέρων,
3602 1841 3708 1917 ἦρε

2125 1946 2221 2015 τὴν
2247 1943 2414 2015 λήθην
2437 1945 2464 1996 6
2485 1943 2614 2005 Θεὸς
2639 1942 2745 1994 ἀπὸ
2767 1939 2860 1994 τοῦ
2889 1941 3161 2012 γέροντος.
3195 1938 3342 2012 Αὕτη
3365 1939 3422 1992 δὲ
3446 1934 3513 2010 ἦν
3542 1939 3706 2010 ὲργα-

2127 2037 2216 2088 σία
2241 2035 2348 2088 τῶν
2373 2033 2718 2104 Σκητιωτῶν,
2742 2033 2951 2085 διδόναι
2969 2030 3284 2102 προθυμίαν
3305 2033 3418 2094 τοῖς
3441 2029 3706 2100 πολεμουέ

2127 2127 2334 2196 μένοις·
2369 2127 2464 2178 καὶ
2491 2124 2844 2195 βιαζομένους
2889 2125 2936 2156 ’⁵
2976 2123 3202 2189 ἑαυτοὺς
3235 2125 3314 2187 εἰς
3343 2123 3402 2175 τὸ
3443 2120 3710 2192 κερδῆσαι,

2122 2219 2384 2290 ἀλλήλους
2417 2220 2498 2281 εἰς
2519 2217 2578 2275 τὸ
2611 2217 2836 2284 ἀγαθόν.

2195 2311 2278 2364 ιϐ’.
2325 2307 2638 2381 Ἦρὼτησεν
2657 2307 2882 2376 ἁδελφὸς
2905 2305 2995 2360 τὸν
3012 2305 3184 2361 ά66ᾶν
3206 2305 3479 2375 Ἰωάννην,
3505 2303 3704 2372 λέγων·

2121 2401 2186 2457 Τί
2217 2403 2463 2471 ποιήσως
2497 2400 2576 2452 ὅτι
2603 2399 2864 2461 πολλάκις
2891 2397 3109 2468 ἔρχεται
3156 2397 3383 2464 ἀδελφὸς
3421 2393 3605 2449 λαϐεῖν
3635 2411 3706 2464 με

2121 2493 2200 2554 εἱς
2242 2491 2422 2560 ἔργον,
2470 2490 2561 2544 καὶ
2605 2489 2714 2560 ἐγὼ
2752 2487 3094 2559 ταλαίπωρός
3137 2490 3250 2558 ειμι
3297 2487 3393 2540 κα)⁴
3429 2485 3663 2557 ἀσθενὴς
3690 2526 3706 2548 ,

2121 2582 2215 2636 καὶ
2267 2581 2444 2635 κοπιῶ
2500 2583 2580 2644 εἰς
2658 2581 2720 2634 τὸ
2775 2583 3042 2653 πρᾶγμα·
3096 2581 3149 2636 τί
3206 2575 3300 2634 οὖν
3349 2579 3560 2648 ποιήσω
3615 2577 3708 2630 διὰ

2117 2676 2216 2745 τὴν
2271 2675 2521 2745 ὲντολήνς
2576 2675 2685 2728 Καὶ
2731 2675 3048 2746 ἀποκριθεὶς
3097 2675 3128 2726 6
3169 2673 3346 2744 γέρων
3382 2669 3539 2725 εἷπε·
3588 2671 3704 2724 Χά-

2115 2768 2210 2820 λε6
2239 2763 2359 2820 εἷπε
2395 2767 2473 2838 τῷ
2512 2767 2683 2838 Ἰησοῦ
2712 2765 2813 2837 υἱῷ
2845 2767 3021 2838 Ναυῆ·
3065 2765 3520 2834 Τεσσαράκοντα
3552 2761 3704 2816 ἐτῶν

2115 2857 2298 2927 ἤμην,
2349 2858 2448 2912 ὅτε
2487 2858 2807 2912 ἀπέστειλε
2843 2855 3108 2925 Μωυσῆς
3143 2861 3176 2911 ό
3217 2855 3439 2923 δοῦλος
3480 2853 3702 2921 Κυρίου

2113 2950 2182 3002 ἐκ
2215 2949 2324 3017 τῆς
2349 2949 2572 3018 ἐρήμου
2605 2951 2648 2981 ‘°
2684 2951 2789 3020 ἐμὲ
2821 2952 2916 3004 καὶ
2945 2949 3019 3004 σὲ
3045 2952 3132 3016 εὶς
3159 2949 3276 3017 τὴν
3301 2948 3419 3018 γῆν
3453 2947 3698 3013 ταύτην·

2116 3039 2215 3094 καὶ
2251 3039 2368 3094 νῦν
2392 3043 2509 3110 εἰμι
2548 3041 2699 3095 ἐτῶν
2738 3041 3107 3112 ὀγδοήκοντα
3163 3039 3362 3094 πέντε.
3429 3041 3526 3104 Ὠς
3571 3039 3703 3092 τότε

438 3133 624 3202 itaque
663 3143 716 3188 et
750 3145 828 3198 tu,
865 3135 908 3188 si
946 3134 1158 3189 validus
1199 3151 1280 3202 es,
1311 3143 1369 3190 ut
1413 3139 1558 3190 sicut
1591 3137 1890 3208 egrederis,
1939 3141 2011 3192 ita

2125 3129 2298 3199 ἥμην,
2333 3130 2430 3184 καὶ
2466 3131 2584 3184 νῦν
2618 3131 2807 3199 ἰσχύω
2842 3131 3140 3188 εῑσελθεῖν
3166 3132 3260 3185 καὶ
3316 3129 3586 3196 ἐξελθεῖν
3615 3133 3704 3194 εἱς

441 3227 605 3278 etiam
629 3225 973 3295 ingrediaris,
1001 3227 1137 3280 vade
1165 3245 1176 3280 :
1201 3227 1348 3297 quod
1377 3229 1422 3283 si
1457 3229 1532 3283 ita
1557 3244 1720 3299 agere
1749 3245 2008 3299 nequeas,

439 3317 496 3370 in
535 3324 626 3370 tua
659 3317 792 3370 cella
829 3317 957 3371 sede
989 3317 1212 3386 plorans
1253 3329 1471 3389 peccata
1519 3331 1646 3385 tua;
1687 3328 1740 3374 et
1776 3335 1898 3374 cum
1932 3323 2012 3375 in-

441 3403 688 3460 venerint
723 3409 776 3458 te
815 3403 1110 3475 lugentem,
1145 3419 1254 3462 non
1279 3416 1474 3479 cogent.
1507 3408 1574 3463 ad
1609 3409 1938 3468 exeundum.

507 3669 596 3726 20.
629 3667 890 3735 Quaesivit
920 3671 1086 3727 abbas
1107 3672 1347 3728 Joannes
1373 3691 1384 3727 :
1417 3673 1554 3740 Quis
1585 3671 1824 3728 vendidit
1845 3670 2015 3729 Juse—

440 3761 647 3830 phum?
676 3760 741 3814 Et
777 3762 1057 3833 respondit
1091 3763 1310 3833 quidam
1339 3780 1369 3819 e
1399 3763 1661 3819 fratribus
1692 3783 1704 3820 :
1733 3763 1868 3834 Ejus
1906 3765 2014 3820 fra-

440 3865 569 3910 tres.
593 3854 682 3908 Ait
707 3855 782 3909 illi
812 3871 976 3910 senex
1011 3873 1024 3910 :
1051 3853 1442 3926 Nequaquam;
1472 3856 1566 3912 sed
1589 3872 1712 3911 eum
1737 3857 2017 3913 humilitas

435 3946 557 4016 ejus
605 3946 868 4002 vendidit.
930 3945 1149 4003 Poterat
1199 3949 1342 4004 enim
1396 3949 1632 4018 allegare
1685 3964 1747 4005 se
1794 3951 2014 4004 l'ratrem

435 4051 622 4092 eorum
665 4054 818 4106 esse;
857 4047 1070 4109 poterat
1120 4040 1526 4108 contradicere;
1575 4057 1764 4096 verum
1805 4051 2011 4107 tacens,

436 4141 533 4194 per
562 4129 926 4184 humilitatem
959 4138 1134 4186 semet
1165 4131 1442 4197 vendidit;
1481 4147 1544 4187 ac
1576 4133 1854 4189 humilitas
1882 4147 2016 4188 eon-

435 4212 612 4268 stituit
635 4229 758 4270 eum
785 4214 1006 4287 Egypti
1035 4226 1326 4276 rectorem.

2114 3219 2223 3274 τὸν
2249 3221 2538 3288 πόλεμον·
2589 3219 2730 3274 ὥστε
2767 3217 2860 3275 οὖν
2901 3223 2998 3279 καὶ
3029 3223 3092 3278 σὺ
3116 3263 3130 3286 ,
3160 3224 3209 3277 εἰ
3243 3221 3464 3275 δύνασαι
3499 3222 3584 3274 ἵνα
3625 3221 3703 3284 ὡς

2115 3311 2310 3382 ἐξέρχῃ
2356 3309 2532 3374 οὕτως
2559 3313 2655 3366 καὶ
2684 3313 2931 3386 εἰσέρχῃ,
2966 3313 3173 3382 ὕπαγε·
3206 3315 3254 3365 εἰ
3297 3312 3353 3365 δὲ
3386 3313 3446 3365 οὐ
3475 3311 3700 3364 δύνασαι

2115 3403 2286 3466 οὕτως
2313 3403 2570 3474 ποιῆσαι,
2601 3405 2773 3459 κάθου
2803 3408 2882 3469 εἰς
2911 3405 2970 3459 τὸ
3002 3405 3210 3458 κελλίον
3239 3421 3332 3458 σου
3360 3403 3564 3457 κλαέων
3603 3401 3702 3464 τὰς

2115 3497 2392 3566 ἁμαρτίας
2431 3513 2525 3550 σου
2552 3515 2565 3530 ·
2613 3499 2707 3552 καὶ
2751 3498 2846 3552 ἐὰν
2885 3498 3088 3570 εὐρῶσί
3133 3517 3190 3554 σε
3239 3497 3558 3560 πενθοῦντα,
3601 3496 3703 3550 οὐκ

2115 3584 2488 3655 ἀναγκάζουσξ
2519 3605 2580 3641 σε
2611 3587 2866 3654 ἐξελθεῖν.

2185 3685 2254 3732 κ’.
2293 3675 2464 3734 Εἶπεν
2511 3681 2540 3733 6
2587 3679 2762 3744 ἀδδᾶς
2817 3681 3098 3751 Ἰωάννης·
3151 3681 3248 3745 Τίς
3297 3682 3550 3750 πέπρακε
3603 3680 3696 3732 τὸν

2129 3771 2362 3840 Ἰωσήφ;
2414 3771 2525 3825 Καὶ
2585 3769 2857 3842 ἀπεκρίθη
2914 3789 3002 3835 τις
3053 3771 3314 3838 ἀδελφὸς,
3377 3771 3583 3838 λέγων·
3635 3771 3700 3822 (li

2116 3861 2334 3929 ἀδελφοὶ
2381 3859 2567 3914 αὑτοῦ.
2609 3861 2772 3930 Λέγει
2819 3861 2965 3933 αὐτῷ
2995 3865 3022 3916 6
3067 3863 3270 3934 γέρων·
3319 3862 3482 3932 Οὐχί·
3522 3859 3635 3914 ἀλλ’
3665 3863 3702 3932 ἡ

2115 3951 2446 4013 ταπείνωσις
2496 3949 2662 4002 αὐτοῦ
2727 3949 3008 4022 πέπρακεν
3057 3953 3244 4006 αὐτόν.
3292 3951 3548 4006 Ἦδύνατο
3592 3951 3701 4021 γὰρ

2117 4041 2307 4105 εἰπεῖν,
2335 4041 2417 4096 ὅτι
2452 4040 2702 4109 ’Λδελφδς
2729 4041 2905 4094 αὐτῶν
2939 4045 3074 4114 εἰμι,
3103 4043 3197 4097 καὶ
3225 4042 3530 4107 ἀντιλέξαι·
3565 4041 3702 4096 ἀλλὰ

2121 4131 2362 4198 σιωπῶν,
2391 4135 2456 4203 τῇ
2492 4132 2818 4187 ταπεινώσει
2851 4135 3044 4188 ἑαυτὸν
3074 4134 3326 4205 πέπρακε
3348 4151 3362 4164 ·
3404 4134 3498 4187 καὶ
3536 4135 3570 4204 ἡ
3607 4149 3706 4186 τα.-

2117 4225 2377 4287 πείνωσις
2435 4225 2771 4297 κατέστησεν
2831 4227 2991 4280 αὐτὸν
3041 4227 3343 4298 ἡγούμενον
3399 4227 3480 4290 εἰς
3531 4225 3701 4292 Αἴγυ-

2117 4329 2249 4366 πτον
2257 4354 2270 4368 .

502 4383 592 4440 2|.
627 4387 705 4455 (6)
739 4385 888 4442 Dixit
933 4390 1104 4448 abbas
1147 4392 1388 4453 Joannes
1421 4417 1435 4452 :
1471 4397 1614 4453 Leve
1661 4415 1801 4456 onus
1845 4403 2008 4456 relin-

2187 4413 2294 4459 κα’.
2330 4401 2497 4460 Εἷπεν
2527 4407 2555 4460 ὁ
2587 4405 2762 4470 ἀϐϐἄς
2797 4406 3075 4477 Ἰωάννης·
3110 4405 3184 4458 Τδ
3214 4403 3449 4474 ἐλαφρὸν
3483 4401 3706 4492 φορτίον

431 4483 684 4546 quentes,
703 4478 808 4534 hoc
827 4488 934 4545 est,
948 4481 1098 4552 ipsos
1120 4499 1179 4540 se
1198 4500 1478 4553 accusare,
1495 4504 1659 4559 grave
1679 4493 2006 4560 portandum

430 4569 796 4639 suscepimus,
824 4573 970 4643 quod
999 4582 1086 4630 est
1114 4591 1173 4632 se
1194 4577 1375 4645 iustos
1403 4577 1604 4636 facere.

495 4659 588 4714 22.
615 4659 691 4731 (7)
721 4661 864 4718 Idem
892 4663 996 4720 hoc
1021 4667 1248 4735 protulit
1277 4685 1292 4722 :
1319 4665 1608 4724 Humilitas
1633 4671 1687 4724 οἱ
1722 4669 1814 4726 Dei
1843 4672 2006 4728 timor

426 4765 590 4822 supra
621 4761 852 4812 caeteras
881 4757 1114 4814 virtutes
1143 4758 1406 4814 eminent.

492 4842 585 4900 9.3.
619 4843 698 4916 (9)
747 4845 894 4902 idem
941 4849 1166 4906 sedebat
1215 4851 1510 4922 aliquando
1551 4855 1604 4909 in
1653 4856 1906 4921 ecclesia,
1953 4865 2008 4912 et

424 4937 724 5009 suspirium
757 4938 936 5005 duxit,
965 4943 1219 5000 nesciens
1257 4946 1566 5016 quempiam
1595 4961 1736 5017 pone
1765 4963 1824 5003 se
1861 4964 2004 5005 esse.

2115 4498 2391 4562 ἐάσαντες,
2434 4499 2680 4552 τουτέστι
2709 4500 2768 4553 τὸ
2818 4499 3043 4560 ἑαυτοὺς
3088 4495 3420 4568 μέμφεσθαι,
3455 4495 3516 4548 τὺ
3557 4491 3704 4564 βαρὺ

2113 4589 2516 4660 ὲὸαστάσαμεν,
2545 4591 2790 4644 τουτέστι
2817 4591 2879 4643 τὸ
2907 4589 3152 4643 δικαιοῦν
3187 4586 3433 4649 ἑαυτούς.

2181 4676 2288 4748 κβ’.
2333 4677 2391 4731 '0
2440 4679 2606 4741 αὐτὸς
2637 4677 2714 4750 (8)
2740 4673 2892 4732 εῖπεν
2913 4693 2928 4709 ·
2975 4677 3041 4732 Ἦ
3063 4676 3533 4749 ταπεινοφροσύνη
3555 4673 3647 4728 καὶ
3673 4677 3704 4727 6

2109 4767 2271 4838 φόϐος
2297 4768 2392 4822 τοῦ
2429 4769 2588 4833 Θεοῦ,
2619 4771 2876 4843 ὑπεράνω
2904 4771 3012 4826 εἰσὶ
3047 4770 3236 4824 πασῶν
3265 4771 3374 4823 τῶν
3407 4767 3641 4841 ἀρετῶν.

2181 4867 2288 4929 κγ’.
2339 4861 2399 4914 '0
2443 4861 2608 4926 αὐτὸς
2660 4862 2896 4933 ὲκάθητό
2945 4881 3076 4918 ποτε
3107 4865 3188 4927 εἰς
3227 4863 3328 4934 τὴν
3379 4861 3700 4932 ἐκκλησίαν,

2109 4953 2203 5006 καὶ
2233 4951 2540 5018 ἐστέναξεν,
2571 4954 2782 5022 ἀγνοῶν
2828 4959 2910 5011 ὅτι
2963 4956 3080 5010 ἐστι
3113 4971 3196 5020 τις
3235 4954 3458 5007 ὖπισθεν
3509 4951 3698 5006 αὑτοῦ.

493 5119 538 5156 ιε
569 5120 932 5196 Διηλεγξαν.
1007 5126 1052 5158 υ
1085 5123 1170 5178 Al.
1200 5124 1499 5194 βιάζεσθαι.
1581 5127 1626 5158 ³ο
1656 5125 1893 5194 Ηεοο,ὲκ
1925 5129 2015 5201 τῆς

2125 5130 2282 5206 ἤμου,
2307 5149 2415 5189 non
2449 5145 2578 5190 sunt
2613 5135 2666 5190 in
2700 5137 2774 5192 al.
2851 5137 2892 5168 "
2919 5137 3037 5192 Jos.
3075 5155 3186 5200 τιν,
3221 5138 3273 5200 7,
3319 5137 3385 5191 i0
3421 5137 3498 5188 ll.

517 5273 570 5342 ὅ)
611 5273 720 5342 Yit.
755 5277 914 5332 Patr.
951 5295 1027 5337 xl.
1069 5279 1155 5334 16.

615 5340 720 5413 Yit.
757 5345 912 5401 Patr.
949 5366 1028 5413 lli,
1067 5349 1188 5404 155.

491 5409 571 5478 (7)
615 5409 717 5467 Vit.
746 5413 900 5470 Patr.
937 5409 1024 5480 av,
1051 5418 1141 5474 2‘2.

494 5481 678 5562 (8)10
700 5484 882 5562 abtfg
907 5484 1094 5562 εἶπεν.
1123 5489 1468 5560 Ρηιιροιιίιιιι·
1498 5493 1551 5547 in
1584 5492 1789 5562 Pelagii
1831 5493 2002 5548 inter-

465 5552 730 5627 retatione
759 5571 774 5607 :
792 5552 943 5627 pingit
973 5555 1206 5614 Joanne:
1237 5552 1418 5626 Brevis
1455 5563 1600 5627 (eod.
1633 5552 1999 5624 Fossatensis.

482 5620 666 5688 anus),
712 5623 836 5692 quia
875 5625 1046 5692 janua
1091 5627 1186 5680 Dei
1217 5641 1294 5682 est
1333 5620 1653 5692 humilitas;
1702 5644 1750 5686 et
1811 5620 1997 5688 Patras

427 5693 598 5748 nostri
626 5709 717 5763 per
750 5693 943 5752 multa;
987 5699 1324 5750 ron'umeiias
1355 5703 1480 5762 arti,
1515 5719 1613 5770 gau
1642 5709 1793 5758 ‘cnm
1833 5707 1997 5757 ἐξιένα-

2113 5299 2296 5342 verunt
2327 5290 2380 5343 in
2409 5291 2674 5344 civitatem
2707 5291 2820 5346 Dei.
2855 5293 2921 5346 At
2949 5293 3140 5348 Graece
3169 5293 3432 5348 exhibent
3451 5291 3694 5346 Colbr-rt.

2113 5357 2451 5436 ms_s._Ei_1:e_v
2483 5364 2511 5414 6
2553 5361 2727 5436 ἁθὸἄς
2759 5363 3012 5436 Ἰωάννης
3033 5366 3060 5418 6
3093 5363 3346 5436 Κολοϐὸς,
3379 5363 3459 5416 ὅτι
3497 5360 3697 5436 ἡπύλη

2109 5427 2206 5502 θεοῦ
2235 5429 2558 5502 Θεοῦ-ἐστιν
2592 5433 2625 5502 ή
2665 5427 3012 5500 ταπείνωσις,
3047 5434 3142 5486 καὶ
3174 5435 3224 5487 oi
3267 5427 3700 5502 πατέρεςὴμῶν

2107 5496 2198 5574 ςιά
2236 5498 2444 5574 πολλῶν
2489 5496 2829 5574 ῦθρεωνκαὶ
2863 5496 3092 5574 θλίψεων
3124 5496 3426 5574 χαίροντες
3451 5496 3700 5570 εἰσῆλθον

2107 5565 2176 5619 δι’
2207 5569 2374 5640 αὐτῆς
2399 5573 2478 5630 εἰς
2509 5565 2604 5640 τῆν
2636 5573 2786 5625 πόλιν
2815 5572 2906 5624 τοῦ
2937 5565 3090 5625 Θεοῦ.

2183 5639 2257 5706 (ει)
2297 5637 2392 5691 In".
2431 5641 2480 5693 in
2519 5637 2716 5695 Timor.
2754 5659 2784 5695 n
2831 5645 2881 5696 6.
