4036 6202
444 261 550 318 145

1606 263 1946 319 APPENDIX
1988 267 2075 320 AD
2114 265 2526 323 PALLADIUM.

3585 266 3684 325 2M
3710 276 3713 281 ’

447 388 684 442 tteiebat.
717 387 785 443 Et
811 390 999 443 tacuit.
1041 387 1241 442 lterum
1279 388 1369 442 ille
1405 402 1567 441 orsus
1596 393 1679 442 est
1712 402 2000 443 sermonen

2126 387 2324 457 γάζετο
2370 389 2427 443 δὲ
2480 389 2700 460 σειράν·
2764 391 2857 443 καὶ
2920 387 3212 458 ἐσιώπησε.
3259 383 3427 442 Πάλιν
3488 384 3695 448 ἐκεῖνος

449 477 517 533 ad
541 494 685 535 eum.
734 479 800 533 Et
835 478 1012 534 adhuc
1050 478 1264 535 silebat.
1312 477 1496 534 Tertio
1534 477 1673 533 dixit
1715 478 2009 534 invisenti:

450 570 524 627 Ex
559 586 666 640 quo
692 569 796 624 huc
822 570 1104 640 ingressus
1128 586 1211 635 es,
1237 569 1405 626 Deum
1438 585 1469 624 a
1494 586 1580 627 me
1602 570 1834 643 ejecisti.

513 746 601 803 55.
644 744 803 802 Venit
829 747 1027 817 aliquis
1049 763 1213 804 senex
1240 750 1296 805 in
1318 752 1508 805 cellam
1531 750 1742 807 abbatis
1761 748 2011 818 Joannis,

389 893 392 897 ,
447 849 501 890 et
521 839 726 894 invenit
748 855 871 894 eum
895 840 1273 906 dormientem,
1292 840 1539 912 angelum
1565 856 1696 896 vero
1721 849 2010 910 astantem,

445 930 536 997 qui
567 938 787 984 ventum
817 931 867 986 ei
896 930 1147 986 faciebat.
1191 930 1441 1003 Cumque
1486 933 1731 999 vidisset,
1763 936 2010 991 recessit.

448 1020 515 1074 Ut
548 1028 727 1074 autem
757 1032 1106 1090 experrectus
1135 1031 1239 1085 est,
1268 1024 1343 1078 ait
1370 1023 1637 1093 discipulo
1665 1040 1765 1080 suo
1791 1044 1805 1080 :
1831 1024 2016 1079 Venit-

446 1127 515 1164 ne
564 1111 835 1180 quispiam
877 1112 1181 1170 dormiente
1229 1116 1354 1170 me?
1402 1114 1715 1186 Respondet
1755 1135 1769 1172 :
1815 1117 2011 1183 Etiam,

445 1202 536 1257 ille
564 1217 727 1257 senex
760 1222 774 1258 :
804 1203 1178 1275 Cognovitque
1228 1206 1395 1262 abbas
1422 1204 1665 1262 Joannes
1692 1208 1837 1278 quod
1868 1211 2015 1278 puris

445 1310 627 1350 secum
665 1295 882 1352 virtutis
911 1303 1058 1352 esset
1087 1312 1275 1361 senex,
1312 1311 1375 1352 ac
1403 1298 1626 1354 vidisset
1663 1300 1938 1369 angelum.

514 1385 602 1441 54.
650 1386 760 1458 (15)
810 1386 936 1443 Rrec
982 1387 1145 1443 verba
1197 1388 1325 1444 fecit
1371 1390 1541 1445 abbas
1586 1389 1826 1447 Joannes
1861 1411 1874 1446 :
1905 1392 2015 1463 Ego

445 1478 570 1532 volo
604 1488 661 1532 ιιι
687 1479 852 1534 homo
882 1496 1073 1551 parum
1109 1497 1175 1535 ex
1220 1482 1474 1537 omnibus
1513 1483 1807 1539 virtutibus
1835 1486 2021 1554 parei-

445 1568 577 1637 piat.
623 1567 811 1638 Itaque
854 1569 1086 1637 singulis
1117 1569 1310 1626 diebus
1340 1584 1499 1626 mane
1528 1587 1850 1640 exsurgens,
1880 1587 2015 1642 cape

445 1657 771 1727 principium
798 1658 865 1713 ad
889 1674 1104 1713 omnem
1135 1660 1408 1723 virtutem,
1433 1659 1854 1732 mandatumque
1896 1661 2009 1727 Dei,

2117 479 2364 550 ἐκίνησεν
2394 478 2541 550 αὐτῷ
2574 475 2732 548 λόγον
2751 498 2763 511 ·
2798 481 2893 535 καὶ
2933 479 3091 533 πάλιν
3135 476 3365 531 ἐσιώπα.
3390 475 3469 527 Τὸ
3490 474 3691 545 τρίτον,

2114 567 2260 635 λέγει
2304 567 2377 638 τῷ
2433 568 2823 638 τταραδαλόντι⁸
2882 569 3001 636 Ἀφ’
3047 563 3108 620 οἶδ
3146 564 3395 635 εἰσῆλθες
3441 561 3691 629 ἐνταῦθα,

2117 655 2306 720 ἔϐαλες
2337 657 2381 689 ³⁸
2407 658 2499 711 τὸν
2531 658 2662 711 Θεὸν
2689 659 2782 712 ἀπ’
2808 657 2963 729 ἐμοῦ.

2185 745 2286 813 λγ’.
2321 741 2493 798 Ἦλθὲ
2545 763 2630 810 τις
2673 747 2849 817 γέρων
2893 747 2975 808 είς
3019 744 3118 814 τὴν
3160 743 3354 797 κέλλαν
3401 740 3496 794 τοῦ
3549 739 3694 794 ἀδεᾶ

2126 837 2396 902 Ἰωάννου,
2427 838 2521 892 καὶ
2553 829 2711 910 εὗρεν
2740 839 2904 890 αὐτὸν
2941 836 3292 896 καθεύδοντα,
3336 836 3430 887 καὶ
3460 832 3692 900 ἄγγελον

2117 928 2518 999 παριστάμενον
2544 930 2638 983 καὶ
2676 927 2955 1000 ῥιπίζοντα
2982 926 3164 981 αὐτόν.
3194 927 3304 979 Καὶ
3343 921 3691 999 ἀνεχώρησεν

2118 1016 2258 1071 ἰδών.
2297 1019 2388 1082 Ὠς
2421 1018 2479 1072 δὲ
2507 1020 2728 1089 ἀνέστη.
2763 1018 2910 1087 λέγει
2937 1017 3015 1089 τῷ
3049 1017 3260 1088 μαθητῇ
3295 1013 3494 1069 αὐτοῦ’
3519 1010 3692 1066 Ἦλθε

2112 1123 2201 1170 τις
2243 1100 2346 1161 ὦδε
2378 1108 2720 1179 κοιμωμένου
2767 1125 2903 1179 μους
2960 1108 3161 1175 Λέγειο
3216 1105 3357 1158 Ναί·
3394 1107 3424 1157 ὁ
3469 1102 3620 1157 δεῖνα
3659 1100 3700 1154 ὁ

2114 1198 2309 1270 γέρων.
2340 1199 2449 1252 Καὶ
2479 1198 2621 1267 ἔγνω
2646 1202 2674 1253 ὁ
2700 1199 2874 1262 ἀόὅᾶς
2912 1198 3187 1269 Ἰωάννης,
3217 1197 3300 1249 ὅτι
3328 1193 3443 1249 τῶν
3477 1194 3693 1265 μέτρων

2114 1287 2279 1342 αὑτοῦ
2309 1284 2376 1360 ἦν
2401 1291 2430 1342 ὁ
2462 1291 2659 1361 γέρων,
2695 1290 2788 1343 καὶ
2820 1285 2929 1342 εἶδε
2959 1289 3050 1342 τὸν
3084 1286 3334 1357 ἄγγελον.

2182 1378 2273 1431 λδ’.
2310 1375 2475 1433 Εἶπεν
2501 1382 2529 1433 ὀ
2548 1380 2720 1444 ἀὸϐἄς
2751 1379 3003 1451 Ἰωάννης
3022 1396 3037 1410 ·
3080 1377 3222 1447 Ἐγὼ
3269 1376 3408 1430 θέλω
3459 1373 3692 1445 μεταλα-

2113 1470 2226 1523 ϐεῖν
2258 1470 2349 1523 τὸν
2397 1468 2705 1541 ἄνθρωπον,
2739 1468 2934 1541 μικρὸν
2964 1470 3028 1522 ὲκ
3060 1467 3251 1522 πασῶν
3295 1466 3404 1520 τῶν
3452 1466 3686 1536 ἀρετῶν.

2113 1561 2304 1614 Τοίνυν
2338 1562 2423 1630 ἐφ’
2447 1562 2682 1631 ἑκάστης
2710 1560 2943 1632 ἡμέρας,
2970 1558 3375 1629 διανιστάμενος
3407 1557 3486 1628 τῷ
3519 1555 3688 1629 πρωῒ,

2116 1650 2373 1704 ἐπιλαϐοῦ
2410 1652 2584 1724 ἀρχὴν
2618 1652 2664 1685 ⁸⁸
2708 1654 2788 1714 είς
2832 1652 3014 1706 πᾶσαν
3050 1651 3271 1722 ἀρετὴν,
3321 1649 3417 1704 καὶ
3466 1648 3689 1717 ἐντολὴν

446 1748 501 1800 in
530 1749 766 1802 maxima
796 1749 1076 1818 patientia,
1108 1765 1231 1804 cum
1270 1750 1467 1807 timore
1493 1765 1558 1806 ac
1586 1728 2000 1823 equanimitate,

2117 1740 2274 1808 Θεοῦ,
2307 1744 2365 1794 ὲν
2400 1743 2631 1815 μεγίστῃ
2676 1742 2944 1814 ὑπομονῇ,
2977 1742 3114 1813 μετὰ
3153 1740 3319 1811 φόϐου
3362 1741 3457 1795 καὶ
3488 1756 3690 1811 μακρο-

444 1839 500 1893 in
529 1838 898 1906 caritate-Dei,
925 1856 1048 1896 cum
1084 1841 1230 1896 omni
1269 1842 1551 1899 alacritate
1586 1844 1783 1899 anima).
1803 1853 1860 1901 et
1886 1859 2011 1901 ror—

444 1927 615 1997 poris,
643 1943 878 1999 cumque
916 1929 1224 1984 humilitate
1265 1930 1458 1994 multa,
1480 1932 1536 1986 in
1579 1932 1866 1989 tolerantia
1897 1942 2011 1990 tum

444 2015 753 2074 aﬂlictionis
787 2020 988 2087 cordis,
1019 2028 1133 2075 tum
1166 2021 1449 2088 custodiae,
1480 2023 1533 2076 in
1575 2025 1823 2081 oratione
1843 2026 2010 2080 multa

442 2117 498 2162 et
528 2109 1025 2179 deprecationi‘bus,
1070 2126 1193 2166 cum
1240 2112 1467 2183 gemitu,
1511 2116 1747 2184 puritate
1791 2116 2007 2188 linguae.

440 2208 498 2255 et
535 2201 787 2257 custodia
815 2203 1098 2258 oculorum
1136 2222 1150 2258 :
1185 2203 1566 2270 inhonoratus,
1595 2221 1696 2261 nec
1732 2206 2009 2274 irascens;

442 2289 721 2358 paciﬁcus.
759 2307 858 2347 nec
899 2293 1132 2349 reddens
1178 2296 1379 2349 malum
1429 2310 1529 2365 pro
1572 2297 1749 2360 maio;
1785 2311 1895 2350 non
1925 2303 2008 2349 at-

439 2380 669 2438 tendens
700 2382 772 2436 ad
800 2383 1029 2437 aliorum
1063 2383 1290 2449 delicta;
1324 2400 1432 2438 non
1477 2385 1710 2454 teipsum
1755 2387 2006 2449 metiens,

439 2469 535 2524 sed
569 2471 673 2525 sub
706 2473 854 2526 omni
884 2475 1155 2528 exsistens
1183 2482 1433 2528 creatura
1468 2493 1480 2528 :
1518 2489 1616 2545 per
1643 2479 2004 2534 renuntiatio-

439 2570 562 2611 nem
609 2556 848 2611 materia:
883 2572 1172 2628 rerumque
1217 2560 1551 2627 carnalium;
1588 2561 1644 2617 in
1677 2577 1864 2632 cruce,
1888 2579 2006 2620 cer-

439 2645 663 2707 tamine.
694 2654 1010 2717 paupertate
1041 2648 1290 2718 spiritus,
1324 2650 1380 2704 in
1411 2651 1687 2709 voluntate
1717 2663 1771 2709 et
1797 2655 2008 2710 exerci-

437 2735 643 2789 tatione
682 2735 974 2803 spirituali.
1022 2736 1076 2790 in
1114 2736 1343 2807 jejunio,
1385 2741 1724 2809 paenitentia,
1764 2742 1914 2809 ﬂetu,
1950 2744 2004 2799 in

434 2839 607 2895 agone
634 2826 832 2897 proelii,
861 2826 915 2881 in
943 2828 1291 2895 discretione,
1328 2830 1382 2885 in
1409 2833 1602 2887 anima:
1623 2835 2002 2900 sanctimonia,

438 2914 494 2971 in
540 2917 885 2985 perceptione
924 2918 1102 2985 bona;
1149 2933 1274 2975 cum
1325 2922 1507 2991 quiete
1554 2939 1693 2994 opus
1746 2941 2003 2981 manuum

433 3006 739 3062 exercendo
759 3026 778 3062 ς
798 3007 849 3061 in
881 3010 1165 3067 nocturnis
1194 3012 1412 3082 vigiliis,
1447 3011 1607 3081 fame,
1639 3015 1751 3081 siti,
1780 3016 2002 3086 frigore,

434 3100 715 3165 nuditate,
765 3100 1098 3160 laboribus:
1150 3113 1313 3175 atque
1366 3106 1637 3162 occludito
1692 3110 2005 3178 sepulcrum

435 3199 624 3254 tuum,
666 3192 822 3261 quasi
865 3194 981 3261 jam
1023 3204 1304 3262 mortuus;
1348 3199 1421 3252 ita
1471 3208 1529 3252 ut
1574 3208 1732 3270 putes
1773 3209 2000 3258 mortem

434 3288 580 3334 tuam
616 3295 783 3352 prope
816 3296 937 3336 esse
966 3284 1112 3339 omni
1146 3284 1298 3341 liora.

500 3454 589 3509 55.
613 3454 845 3510 Aiebam
865 3455 933 3511 de
952 3458 1138 3512 eodem
1165 3460 1357 3517 abbate
1376 3461 1601 3529 Joanne,
1619 3466 1763 3535 quod
1779 3470 2000 3538 quando

430 3544 636 3600 redibat
662 3561 694 3600 e
721 3562 920 3611 messe,
955 3558 1048 3603 aut
1074 3564 1105 3603 e
1134 3564 1430 3621 congressu
1468 3569 1590 3610 cum
1626 3557 1873 3625 senibus,
1911 3574 1997 3613 va—

427 3634 587 3691 cabat
606 3638 861 3703 orationi,
898 3638 1232 3695 meditationi
1259 3650 1311 3697 et
1330 3644 1662 3713 psalmodiae,
1693 3664 1867 3717 usque
1888 3665 1998 3719 quo

426 3738 583 3781 mens
611 3726 731 3796 ejus
766 3727 823 3781 in
852 3727 1144 3800 pristinum
1174 3731 1417 3787 ordinem
1450 3733 1640 3790 fuisset
1676 3738 1945 3795 restituta.

496 3899 586 3954 56.
630 3900 709 3957 De
731 3916 798 3958 eo
825 3904 1199 3973 pronuntiavit
1227 3905 1447 3961 Patrum
1482 3911 1776 3966 nonnullus
1807 3929 1819 3965 :
1859 3912 1994 3978 Quis

420 4002 507 4048 est
539 3991 780 4050 Joannes
802 4034 816 4059 ,
856 3995 1006 4065 quod
1036 4011 1133 4067 per
1172 3996 1528 4056 humilitatem
1572 4017 1723 4057 suam
1754 4020 1785 4060 e
1827 4020 1995 4075 parvo

420 4083 592 4155 digito
614 4094 779 4142 totum
813 4086 1012 4143 Scetim
1043 4087 1371 4158 suspendit?

492 4257 582 4311 57.
622 4256 979 4326 Interrogavit
1003 4260 1201 4329 aliquis
1225 4276 1256 4315 e
1277 4260 1532 4320 Patribus
1557 4266 1805 4321 abbatem
1830 4265 1990 4320 Joan-

2115 1833 2345 1899 θυμίας,
2398 1836 2457 1887 ὲν
2507 1834 2695 1907 ἀγάπῃ
2746 1832 2903 1900 Θεοῦ,
2959 1831 3097 1906 μετά
3151 1832 3330 1903 πάσης
3376 1830 3686 1903 προθυμίας

2112 1923 2292 1996 ψυχῆς
2338 1925 2432 1978 καὶ
2487 1923 2753 1994 σώματος,
2802 1923 2898 1977 καὶ
2946 1920 3324 1985 ταπεινώσεως
3361 1920 3579 1990 πολλῆς,
3624 1921 3684 1975 ὲν

2114 2016 2355 2085 ὑπομονῇ
2383 2012 2614 2081 θλίψεως
2651 2013 2874 2083 καρδίας
2908 2013 3002 2065 καὶ
3035 2011 3300 2081 φυλακῆς,
3326 2012 3384 2063 ὲν
3409 2011 3683 2082 προσευχῇ

2113 2104 2282 2175 πολλῇ
2321 2105 2414 2158 καὶ
2443 2102 2775 2176 πρεσϐείαις,
2813 2102 2950 2172 μετὰ
2984 2101 3285 2172 στεναγμοῦ
3309 2101 3373 2163 ⁸⁷,
3399 2103 3459 2155 ἐν
3493 2099 3690 2173 ἀγνείᾳ

2110 2193 2378 2264 γλώσσης,
2422 2195 2517 2247 καὶ
2556 2194 2765 2265 φυλακῇ
2805 2191 3099 2262 ὀφθαλμῶν
3137 2192 3555 2263 ἀτιμαζόμενος.
3592 2190 3688 2244 καὶ

2113 2283 2188 2354 μὴ
2231 2282 2613 2354 ὀργιζόμενοςο
2661 2281 2980 2354 είρηνεύων,
3030 2283 3123 2335 καὶ
3175 2281 3248 2352 μὴ
3300 2280 3687 2345 ἀνταποδιδοὺς

2109 2372 2277 2426 κακὸν
2318 2372 2439 2427 ἀντὶ
2472 2369 2645 2424 κακοῦ
2668 2388 2689 2401 ἰ
2733 2371 2809 2442 μὴ
2843 2368 3129 2441 προσέχων
3182 2367 3517 2440 πταίσμασιν
3565 2368 3691 2420 ἑτέ-

2111 2482 2219 2535 ρων
2239 2481 2253 2494 ο
2289 2463 2364 2535 μὴ
2401 2463 2594 2517 ἑαυτὸν
2630 2462 2868 2534 μετρῶν,
2894 2462 3152 2515 ὒποκάτω
3194 2461 3374 2532 πάσης
3414 2459 3516 2529 τῆς
3564 2460 3687 2512 κτί-

2109 2569 2247 2615 σεως
2291 2552 2396 2605 ὢν·
2432 2552 2489 2604 ὲν
2522 2549 2792 2621 ἀποταξίᾳ
2840 2549 2977 2619 ὕλης
3003 2549 3099 2603 καὶ
3140 2549 3251 2602 τῶν
3296 2548 3437 2602 κατά
3470 2547 3681 2617 σάρκα,

2107 2644 2165 2695 ἐν
2215 2641 2453 2714 σταυρῷ,
2500 2643 2558 2694 ὲν
2602 2640 2792 2710 ἀγῶνι,
2842 2643 2899 2693 ὲν
2947 2641 3189 2712 πτωχείᾳ
3240 2638 3576 2710 πνεύματος,
3621 2640 3690 2691 ὲν

2110 2733 2421 2804 προαιρέσει
2447 2732 2541 2787 καὶ
2571 2732 2802 2803 ἀσκήσει
2844 2735 3209 2803 πνευματικῇ,
3254 2735 3310 2785 ὲν
3343 2730 3587 2802 νηστείᾳ,
3620 2731 3681 2783 ἐν

2109 2824 2363 2895 μετανοίᾳ
2387 2823 2479 2879 καὶ
2502 2823 2553 2856 ³⁸
2577 2823 2858 2896 κλαυθμῷ,
2890 2825 2947 2877 ὲν
2978 2824 3149 2893 ἀγῶνι
3186 2823 3447 2894 πολέμου,
3472 2822 3529 2875 ὲν
3562 2822 3685 2876 δια-

2106 2914 2307 2985 κρίσει,
2348 2917 2406 2968 ὲν
2444 2916 2638 2986 ἁγνείᾳ
2672 2915 2874 2986 ψυχῆς,
2919 2916 2979 2969 ὲν
3015 2915 3311 2987 μεταλήψει
3342 2916 3584 2987 χρηστῇ⁸
3619 2915 3685 2967 ὲν

2104 3001 2306 3073 ἠσυχίᾳ
2340 3002 2403 3054 τὸ
2433 3002 2744 3074 ὲργόχειρον
2765 3003 2840 3035 ³⁹·⁶
2873 3005 2931 3056 ὲν
2974 3005 3095 3066 ταῖς
3133 3004 3469 3074 νυηεριναίς
3502 3003 3674 3072 ἀγρυ-

2105 3092 2309 3156 πνίαις,
2342 3093 2400 3146 ὲν
2434 3093 2591 3166 πείνῃ
2624 3094 2718 3164 καὶ
2741 3094 2893 3167 δίψῃ,
2926 3096 2983 3147 ὲν
3015 3092 3179 3164 ψύχει
3212 3093 3307 3146 καὶ
3354 3091 3681 3163 γυμνότητι,

2106 3184 2164 3237 ὲν
2189 3183 2399 3247 πόνοις⁶
2430 3183 2732 3238 ἀποκλείων
2775 3201 2867 3238 σου
2915 3184 3008 3239 τὸν
3030 3184 3223 3253 τάφον,
3246 3183 3321 3248 ὡς
3358 3183 3461 3254 ἢδη
3487 3182 3677 3236 τελευο

2102 3274 2306 3338 τήσαςο
2345 3273 2421 3337 ὡς
2472 3272 2712 3344 νομίζειν
2760 3268 2896 3327 εἷναί
2945 3290 3039 3328 σου
3090 3274 3179 3328 τὸν
3234 3273 3460 3328 θάνατον
3510 3273 3683 3343 ἐγγυς

2105 3366 2284 3420 πᾶσαν
2309 3366 2407 3436 τὴν
2431 3365 2580 3438 ὤραν
2605 3366 2671 3419 δ’.

2172 3457 2265 3512 λε’.
2293 3456 2517 3524 Ἔλεγον
2546 3459 2675 3528 περὶ
2720 3458 2887 3513 αὐτοῦ
2929 3457 3022 3512 τοῦ
3078 3458 3222 3514 άὸδᾶ
3262 3459 3531 3521 Ἰωάννου,
3581 3458 3672 3511 ὅτε

2100 3547 2177 3611 ὡς
2207 3547 2406 3619 ἤρχετο
2437 3549 2505 3602 ἐκ
2532 3548 2624 3602 τοῦ
2668 3547 2886 3622 θέρους,
2921 3550 2954 3621 ἢ
2990 3549 3353 3621 ωραὸάλλων
3394 3549 3669 3622 γέρουσιν,

2100 3640 2181 3703 εἰς
2198 3640 2307 3711 τὴν
2332 3641 2498 3711 εὐχὴν
2527 3643 2619 3695 καὶ
2654 3644 2734 3706 είς
2754 3642 2854 3713 τὴν
2882 3641 3111 3715 μελέτην
3134 3642 3229 3696 καὶ
3255 3644 3335 3706 είς
3364 3641 3460 3714 τὴν
3485 3639 3671 3711 ψαλμ-

2106 3729 2272 3799 ῳδίαν
2302 3728 2645 3799 ’ἐσχόλαζεν,
2681 3730 2786 3794 ἕως
2831 3725 2891 3785 οὗ
2915 3731 3332 3802 ἀποκατεστάθη
3354 3732 3385 3782 ὁ
3410 3731 3674 3800 λογισμὸς

2098 3818 2265 3873 αὗτοῦ
2295 3822 2374 3883 είς
2397 3819 2494 3892 τὴν
2513 3821 2666 3888 τάξιν
2690 3823 2786 3893 τὴν
2812 3822 3064 3894 ἀρχαίαν.

2169 3914 2275 3976 λς’.
2306 3905 2443 3965 Εἷπέ
2474 3928 2559 3975 τις
2615 3913 2722 3966 τῶν
2758 3914 3016 3986 Πατέρων
3065 3914 3193 3985 περὶ
3222 3914 3387 3969 αθτοῦ
3406 3956 3422 3982 ,
3455 3915 3536 3969 ὅτι
3570 3915 3670 3978 Τίς

2097 4005 2242 4056 ἐστιν
2277 4002 2307 4054 ὁ
2344 4002 2618 4076 Ἰωάννης,
2655 4006 2735 4059 ὅτι
2793 4004 2882 4059 διὰ
2912 4006 3010 4078 τῆς
3048 4004 3428 4070 ταπεινώσεως
3475 4005 3665 4068 αὑτοῦ.

2098 4092 2406 4171 ἐκρέμασεν
2468 4093 2595 4165 ὅλην
2649 4096 2749 4167 τὴν
2819 4097 3016 4168 Σκῆτιν
3058 4099 3117 4150 ὲν
3153 4097 3232 4169 τῷ
3263 4096 3445 4171 μικρῷ
3500 4096 3665 4152 αὐτοῦ

2095 4166 2344 4257 δακτύλῳ
2363 4202 2378 4251 ;

2166 4274 2267 4340 λζ’.
2313 4277 2585 4350 Ἐρώτησέ
2613 4297 2696 4345 τις
2721 4279 2829 4335 τῶν
2863 4281 3125 4353 Πατέρων
3152 4280 3243 4337 τὸν
3267 4281 3443 4337 άὸσᾶν
3478 4282 3663 4336 Ἰωάν-

423 4360 548 4400 nem
579 4346 832 4412 Curtum,
863 4345 999 4415 quid
1027 4356 1172 4402 esset
1199 4352 1522 4408 monachus.
1557 4353 1649 4410 Ille
1678 4354 1816 4409 dixit
1842 4373 1857 4412 :
1891 4356 1987 4413 Est

2106 4384 2191 4438 θην
2216 4366 2308 4422 τδν
2331 4345 2573 4435 κολοϐδν,
2618 4372 2673 4426 τί
2716 4372 2832 4426 ἐστι
2875 4345 3136 4444 μοναχὸς;
3180 4374 3242 4428 '0
3269 4372 3327 4427 δὲ
3362 4370 3482 4428 εἷπε
3502 4390 3515 4404 ·
3549 4373 3663 4428 Κό-

421 4436 593 4494 labor.
635 4435 770 4502 Quia
815 4438 1116 4496 monachus
1156 4440 1211 4494 in
1249 4443 1397 4496 omni
1435 4458 1600 4512 opere
1646 4446 1874 4504 laborat.
1910 4447 1987 4503 Ita

2106 4435 2215 4521 πος.
2253 4459 2373 4513 “Ut:
2401 4463 2429 4514 ὁ
2459 4462 2689 4534 μοναχδς
2744 4464 2829 4526 είς
2872 4435 2980 4517 πᾶν
3010 4435 3173 4536 ἔργον
3210 4467 3394 4536 κοπιᾷ.
3420 4464 3607 4530 Οὕτως
3635 4468 3666 4519 6

418 4538 503 4587 est
553 4530 877 4586 monachus.

487 4621 578 4678 58.
619 4620 1076 4678 Commemoravit
1118 4625 1221 4678 hoc
1267 4624 1433 4680 abbas
1476 4623 1715 4683 Joannes
1740 4627 1942 4686 Certus
1969 4649 1987 4684 :

417 4714 732 4784 Spiritualis
781 4714 1001 4787 quidam
1055 4731 1218 4770 senex
1266 4715 1486 4772 inclusit
1532 4731 1621 4785 se;
1673 4726 1897 4790 eratque
1927 4723 1985 4776 in

414 4805 637 4861 civitate
661 4804 913 4875 insignis.
940 4807 1135 4877 plenus
1165 4807 1338 4877 gloria
1367 4817 1423 4863 et
1464 4808 1644 4865 laude.
1678 4808 1817 4867 Huic
1843 4812 1987 4869 indi-

414 4880 596 4948 catum
650 4902 774 4950 est:
804 4896 1130 4951 Sanctorum
1176 4896 1374 4967 aliquis
1430 4896 1655 4955 dissolvi
1700 4916 1798 4958 seu
1845 4906 1985 4961 mori

411 4982 611 5050 habet;
656 4986 819 5068 veni,
871 4987 1047 5042 saluta
1095 5004 1220 5043 eum
1266 4996 1558 5060 antequam
1610 4992 1791 5048 obeat.
1842 4994 1984 5068 Ergo

414 5079 682 5144 reputavit
715 5062 855 5148 apud
883 5094 977 5135 se:
1019 5078 1076 5135 Si
1103 5080 1170 5135 de
1197 5080 1287 5136 die
1316 5082 1523 5148 exiere,
1563 5095 1849 5142 accurrent
1881 5062 1981 5142 lio—

411 5166 608 5228 mines.
648 5173 925 5243 multaQue
962 5171 1094 5227 mihi
1125 5175 1229 5229 erit
1271 5173 1465 5244 gloria,
1500 5190 1601 5230 nec
1643 5176 1698 5230 in
1737 5177 1823 5233 his
1854 5195 1982 5234 ron-

411 5255 656 5328 quiesco.
683 5260 837 5320 Unde
853 5280 978 5322 sero
999 5265 1102 5321 sub
1120 5266 1372 5324 tenebras
1393 5267 1575 5331 abibo,
1597 5269 1737 5325 ciam
1765 5286 1976 5331 omnes.

2098 4567 2348 4622 μοναχος.

2161 4641 2262 4715 λη’.
2292 4640 2459 4697 Εἶπεν
2488 4647 2518 4698 ὁ
2544 4646 2717 4712 esse;
2755 4650 3008 4721 Ἰωάννης
3042 4652 3072 4703 ὁ
3093 4649 3334 4713 κολοσος,
3372 4650 3454 4703 ὃτι
3483 4649 3662 4723 γέρων

2089 4752 2175 4800 τις
2206 4738 2589 4808 πνευματικὸς,
2635 4740 2955 4796 ἀπέκλεισεν
2991 4743 3200 4809 ἑαυτὸν,
3235 4744 3330 4797 καὶ
3364 4738 3432 4812 ἦν
3470 4740 3663 4809 ἐπίση-

2093 4843 2196 4898 μος
2224 4829 2283 4881 ὲν
2308 4831 2375 4901 τῇ
2425 4830 2597 4895 πόλει,
2626 4833 2721 4886 καὶ
2753 4831 2911 4900 δόξαν
2957 4833 3158 4906 πολλὴν
3185 4832 3341 4904 ἔχων.
3388 4831 3660 4905 Ἐδηλώθη

2087 4918 2146 4972 δὲ
2175 4919 2372 4992 τούτῳ,
2400 4920 2484 4975 ὅτι
2503 4922 2702 4979 Μέλλει
2734 4942 2820 4990 τις
2854 4925 2964 4980 τῶν
2981 4926 3151 4995 ἀγίων
3177 4925 3449 4991 ἀναλύειν,
3478 4924 3661 4997 δεῦρο⁹

2089 5007 2331 5065 ἀσπασαι
2379 5012 2541 5066 αὐτὸν
2591 5015 2719 5086 πρὶν
2772 5016 3030 5089 κοιμηθῇ.
3094 5018 3205 5071 Καὶ
3244 5016 3553 5090 ἐνεθυμήθη
3598 5016 3663 5072 ιν

2088 5101 2286 5172 ἑαυτῷ,
2314 5103 2395 5157 ὅτι
2433 5104 2559 5157 Ἐἀν
2588 5105 2787 5170 ἐξέλθω
2823 5108 3056 5178 ἡμέρας,
3087 5109 3461 5182 ὲπιτρέχουσιν
3481 5108 3532 5161 oi
3566 5107 3659 5161 ἀν-

2087 5187 2314 5261 θρωποι,
2365 5191 2460 5245 καὶ
2493 5192 2659 5265 πολλή
2711 5211 2800 5265 μοι
2828 5195 2957 5264 δόξα
2992 5195 3222 5266 γίνεται,
3273 5198 3366 5251 καὶ
3398 5196 3498 5250 οὐκ
3527 5196 3657 5249 ἀναν

2085 5277 2327 5352 παύομαι
2381 5285 2461 5348 εἰς
2513 5283 2703 5340 ταῦτα.
2742 5288 3070 5361 Ἀπέρχομαι
3101 5285 3193 5344 οὖν
3218 5289 3315 5361 ὀψὲ
3340 5291 3405 5361 τῇ
3446 5288 3652 5360 σκοτίᾳ,

480 5440 527 5474 ³⁵
556 5440 639 5491 Al.
676 5440 878 5506 ἐλαὸες.
957 5449 1000 5479 ³⁸
1028 5450 1111 5501 AI.
1144 5451 1338 5523 ἀρχῆς.
1413 5453 1456 5497 ἔτ
1484 5451 1570 5508 ΑΙ.
1606 5457 1945 5526 στεναγμῶν.

2106 5460 2177 5513 Μ.
2208 5463 2283 5514 ὲν.
2364 5464 2407 5494 ³³
2430 5464 2516 5518 Al.
2550 5465 2672 5521 add.
2714 5469 2829 5525 σοῦ.
2906 5470 2945 5501 “
2981 5469 3043 5524 Al
3099 5469 3333 5542 ἡμέραν.

482 5617 591 5689 (l3)
631 5613 733 5671 Vit.
773 5617 926 5672 Patr.
959 5636 995 5687 ι,
1027 5624 1079 5675 8.
1107 5622 1328 5680 Dot'otir.
1358 5628 1536 5683 Doctr.
1573 5631 1656 5687 Η.
