  <div class='ocr_page' id='page_1' title='image "/cluster/home/n/w/nwhite01/storage/ocr_20150623/65/hvd.32044073501967/114.png"; bbox 0 0 4036 6202; ppageno 0'>
   <div class='ocr_carea' id='block_1_1' title="bbox 223 281 324 340">
    <p class='ocr_par' dir='ltr' id='par_1_1' title="bbox 223 281 324 340">
     <span class='ocr_line' id='line_1_1' title="bbox 223 281 324 340; baseline -0.04 0"><span class='ocrx_word' id='word_1_1' title='bbox 223 281 324 340; x_wconf 70' lang='lat'><strong>217</strong></span> 
     </span>
    </p>
   </div>
   <div class='ocr_carea' id='block_1_2' title="bbox 1385 283 2333 349">
    <p class='ocr_par' dir='ltr' id='par_1_2' title="bbox 1385 283 2333 349">
     <span class='ocr_line' id='line_1_2' title="bbox 1385 283 2333 349; baseline 0.005 -9"><span class='ocrx_word' id='word_1_2' title='bbox 1385 283 1988 344; x_wconf 71' lang='lat' dir='ltr'><strong>APOPIITHEGMATA</strong></span> <span class='ocrx_word' id='word_1_3' title='bbox 2025 289 2333 349; x_wconf 78' lang='lat' dir='ltr'><strong>PATRUM.</strong></span> 
     </span>
    </p>
   </div>
   <div class='ocr_carea' id='block_1_3' title="bbox 2061 151 2230 206">
    <p class='ocr_par' dir='ltr' id='par_1_3' title="bbox 2061 151 2230 206">
     <span class='ocr_line' id='line_1_3' title="bbox 2061 151 2230 206; baseline 0.006 -1"><span class='ocrx_word' id='word_1_4' title='bbox 2061 187 2078 200; x_wconf 82' lang='lat'><strong>.</strong></span> <span class='ocrx_word' id='word_1_5' title='bbox 2173 151 2230 206; x_wconf 64' lang='grc' dir='ltr'><em>ὀ</em></span> 
     </span>
    </p>
   </div>
   <div class='ocr_carea' id='block_1_4' title="bbox 3376 299 3487 357">
    <p class='ocr_par' dir='ltr' id='par_1_4' title="bbox 3376 299 3487 357">
     <span class='ocr_line' id='line_1_4' title="bbox 3376 299 3487 357; baseline 0.009 -1"><span class='ocrx_word' id='word_1_6' title='bbox 3376 299 3487 357; x_wconf 74' lang='grc' dir='ltr'><strong>2η</strong></span> 
     </span>
    </p>
   </div>
   <div class='ocr_carea' id='block_1_5' title="bbox 218 394 1808 483">
    <p class='ocr_par' dir='ltr' id='par_1_5' title="bbox 218 394 1802 466">
     <span class='ocr_line' id='line_1_5' title="bbox 218 394 1802 466; baseline -0.001 -10"><span class='ocrx_word' id='word_1_7' title='bbox 218 403 306 456; x_wconf 74' lang='grc' dir='ltr'>καὶ</span> <span class='ocrx_word' id='word_1_8' title='bbox 323 398 578 454; x_wconf 81' lang='grc' dir='ltr'>λανθάνω</span> <span class='ocrx_word' id='word_1_9' title='bbox 603 397 830 460; x_wconf 85' lang='grc' dir='ltr'>πάντας.</span> <span class='ocrx_word' id='word_1_10' title='bbox 863 396 991 466; x_wconf 68' lang='grc' dir='ltr'><strong>Ὀψὲ</strong></span> <span class='ocrx_word' id='word_1_11' title='bbox 1019 394 1116 451; x_wconf 73' lang='grc' dir='ltr'>οὖν</span> <span class='ocrx_word' id='word_1_12' title='bbox 1132 397 1360 462; x_wconf 72' lang='grc' dir='ltr'>ὶξελθὼν</span> <span class='ocrx_word' id='word_1_13' title='bbox 1389 400 1453 452; x_wconf 76' lang='grc' dir='ltr'>ὲκ</span> <span class='ocrx_word' id='word_1_14' title='bbox 1482 399 1575 453; x_wconf 83' lang='grc' dir='ltr'>τοῦ</span> <span class='ocrx_word' id='word_1_15' title='bbox 1592 401 1802 456; x_wconf 87' lang='grc' dir='ltr'>κελλίου</span> 
     </span>
    </p>
   </div>
   <div class='ocr_carea' id='block_1_6' title="bbox 1911 394 3486 483">
    <p class='ocr_par' dir='ltr' id='par_1_6' title="bbox 1911 404 3486 483">
     <span class='ocr_line' id='line_1_6' title="bbox 1911 404 3486 483; baseline 0.011 -25"><span class='ocrx_word' id='word_1_16' title='bbox 1911 404 2143 477; x_wconf 78' lang='lat' dir='ltr'><strong>Vespere</strong></span> <span class='ocrx_word' id='word_1_17' title='bbox 2185 409 2353 478; x_wconf 78' lang='lat' dir='ltr'><strong>igitur</strong></span> <span class='ocrx_word' id='word_1_18' title='bbox 2385 422 2648 480; x_wconf 66' lang='lat' dir='ltr'><strong>egressus</strong></span> <span class='ocrx_word' id='word_1_19' title='bbox 2691 419 2774 465; x_wconf 85' lang='lat' dir='ltr'><strong>est</strong></span> <span class='ocrx_word' id='word_1_20' title='bbox 2814 425 2848 465; x_wconf 90' lang='lat' dir='ltr'><strong>e</strong></span> <span class='ocrx_word' id='word_1_21' title='bbox 2885 411 3042 478; x_wconf 89' lang='lat' dir='ltr'><strong>cella,</strong></span> <span class='ocrx_word' id='word_1_22' title='bbox 3081 421 3136 466; x_wconf 87' lang='lat' dir='ltr'><strong>nt</strong></span> <span class='ocrx_word' id='word_1_23' title='bbox 3183 415 3275 483; x_wconf 75' lang='lat' dir='ltr'><strong>qui</strong></span> <span class='ocrx_word' id='word_1_24' title='bbox 3314 416 3486 475; x_wconf 80' lang='lat' dir='ltr'><strong>latere</strong></span> 
     </span>
    </p>
   </div>
   <div class='ocr_carea' id='block_1_7' title="bbox 217 487 1804 562">
    <p class='ocr_par' dir='ltr' id='par_1_7' title="bbox 217 487 1804 562">
     <span class='ocr_line' id='line_1_7' title="bbox 217 487 1804 562; baseline 0.001 -17"><span class='ocrx_word' id='word_1_25' title='bbox 217 494 288 556; x_wconf 79' lang='grc' dir='ltr'>ὡς</span> <span class='ocrx_word' id='word_1_26' title='bbox 315 490 490 545; x_wconf 82' lang='grc' dir='ltr'>θέλων</span> <span class='ocrx_word' id='word_1_27' title='bbox 512 489 698 542; x_wconf 83' lang='grc' dir='ltr'>λαθεῖν</span> <span class='ocrx_word' id='word_1_28' title='bbox 721 505 735 519; x_wconf 71' lang='grc'><strong><em>⁸</em></strong></span> <span class='ocrx_word' id='word_1_29' title='bbox 762 487 858 542; x_wconf 79' lang='grc' dir='ltr'>καὶ</span> <span class='ocrx_word' id='word_1_30' title='bbox 889 487 1000 542; x_wconf 79' lang='grc' dir='ltr'>ίδοὺ</span> <span class='ocrx_word' id='word_1_31' title='bbox 1040 491 1106 543; x_wconf 80' lang='grc' dir='ltr'>ὲκ</span> <span class='ocrx_word' id='word_1_32' title='bbox 1131 487 1226 542; x_wconf 80' lang='grc' dir='ltr'>τοῦ</span> <span class='ocrx_word' id='word_1_33' title='bbox 1255 488 1386 544; x_wconf 85' lang='grc' dir='ltr'><strong>Θεοῦ</strong></span> <span class='ocrx_word' id='word_1_34' title='bbox 1416 491 1804 562; x_wconf 84' lang='grc' dir='ltr'>καταπέμπον-</span> 
     </span>
    </p>
   </div>
   <div class='ocr_carea' id='block_1_8' title="bbox 220 577 1802 652">
    <p class='ocr_par' dir='ltr' id='par_1_8' title="bbox 220 577 1802 652">
     <span class='ocr_line' id='line_1_8' title="bbox 220 577 1802 652; baseline -0.001 -16"><span class='ocrx_word' id='word_1_35' title='bbox 220 599 307 636; x_wconf 82' lang='grc' dir='ltr'><strong>ται</strong></span> <span class='ocrx_word' id='word_1_36' title='bbox 353 580 449 634; x_wconf 82' lang='grc' dir='ltr'><strong>δύο</strong></span> <span class='ocrx_word' id='word_1_37' title='bbox 502 578 725 647; x_wconf 78' lang='grc' dir='ltr'>ἄγγελοι</span> <span class='ocrx_word' id='word_1_38' title='bbox 786 579 926 649; x_wconf 85' lang='grc' dir='ltr'><strong>μετά</strong></span> <span class='ocrx_word' id='word_1_39' title='bbox 978 577 1312 649; x_wconf 78' lang='grc' dir='ltr'><strong>λαμπάδων,</strong></span> <span class='ocrx_word' id='word_1_40' title='bbox 1367 581 1802 652; x_wconf 79' lang='grc' dir='ltr'>παραφαίνοντες</span> 
     </span>
    </p>
   </div>
   <div class='ocr_carea' id='block_1_9' title="bbox 226 668 1804 742">
    <p class='ocr_par' dir='ltr' id='par_1_9' title="bbox 226 668 1804 742">
     <span class='ocr_line' id='line_1_9' title="bbox 226 668 1804 742; baseline 0.001 -17"><span class='ocrx_word' id='word_1_41' title='bbox 226 671 367 739; x_wconf 76' lang='grc' dir='ltr'>αὐτῷ</span> <span class='ocrx_word' id='word_1_42' title='bbox 387 685 402 699; x_wconf 88' lang='grc'><strong>·</strong></span> <span class='ocrx_word' id='word_1_43' title='bbox 429 670 526 724; x_wconf 80' lang='grc' dir='ltr'>καὶ</span> <span class='ocrx_word' id='word_1_44' title='bbox 549 668 736 722; x_wconf 75' lang='grc' dir='ltr'>λοιπὸν</span> <span class='ocrx_word' id='word_1_45' title='bbox 767 670 917 722; x_wconf 83' lang='grc' dir='ltr'>πᾶσα</span> <span class='ocrx_word' id='word_1_46' title='bbox 949 671 982 738; x_wconf 87' lang='grc' dir='ltr'>ἠ</span> <span class='ocrx_word' id='word_1_47' title='bbox 1008 669 1162 733; x_wconf 83' lang='grc' dir='ltr'>πόλις</span> <span class='ocrx_word' id='word_1_48' title='bbox 1188 670 1498 742; x_wconf 72' lang='grc' dir='ltr'><strong>κατέδραμε</strong></span> <span class='ocrx_word' id='word_1_49' title='bbox 1529 670 1804 740; x_wconf 81' lang='grc' dir='ltr'><strong>βλέπουσα</strong></span> 
     </span>
    </p>
   </div>
   <div class='ocr_carea' id='block_1_10' title="bbox 228 757 1803 832">
    <p class='ocr_par' dir='ltr' id='par_1_10' title="bbox 228 757 1803 832">
     <span class='ocr_line' id='line_1_10' title="bbox 228 757 1803 832; baseline 0.001 -18"><span class='ocrx_word' id='word_1_50' title='bbox 228 761 313 832; x_wconf 70' lang='grc' dir='ltr'>τὴν</span> <span class='ocrx_word' id='word_1_51' title='bbox 335 759 516 824; x_wconf 79' lang='grc' dir='ltr'>δόξαν.</span> <span class='ocrx_word' id='word_1_52' title='bbox 556 760 670 812; x_wconf 77' lang='grc' dir='ltr'><strong>Καὶ</strong></span> <span class='ocrx_word' id='word_1_53' title='bbox 701 759 827 812; x_wconf 83' lang='grc' dir='ltr'>ὅσον</span> <span class='ocrx_word' id='word_1_54' title='bbox 871 757 1017 825; x_wconf 77' lang='grc' dir='ltr'>ἔδοξε</span> <span class='ocrx_word' id='word_1_55' title='bbox 1049 759 1269 829; x_wconf 78' lang='grc' dir='ltr'>φεύγειν</span> <span class='ocrx_word' id='word_1_56' title='bbox 1303 761 1402 831; x_wconf 82' lang='grc' dir='ltr'>τὴν</span> <span class='ocrx_word' id='word_1_57' title='bbox 1434 760 1614 827; x_wconf 83' lang='grc' dir='ltr'>δόξαν,</span> <span class='ocrx_word' id='word_1_58' title='bbox 1641 762 1803 816; x_wconf 82' lang='grc' dir='ltr'>πλέον</span> 
     </span>
    </p>
   </div>
   <div class='ocr_carea' id='block_1_11' title="bbox 230 849 1800 924">
    <p class='ocr_par' dir='ltr' id='par_1_11' title="bbox 230 849 1800 924">
     <span class='ocr_line' id='line_1_11' title="bbox 230 849 1800 924; baseline 0.002 -19"><span class='ocrx_word' id='word_1_59' title='bbox 230 849 502 920; x_wconf 67' lang='grc' dir='ltr'>ἐδοξάσθη.</span> <span class='ocrx_word' id='word_1_60' title='bbox 548 850 637 902; x_wconf 85' lang='grc' dir='ltr'><strong>Ἐν</strong></span> <span class='ocrx_word' id='word_1_61' title='bbox 694 849 903 912; x_wconf 82' lang='grc' dir='ltr'><strong>τούτοις</strong></span> <span class='ocrx_word' id='word_1_62' title='bbox 949 849 1248 922; x_wconf 78' lang='grc' dir='ltr'><strong>πληροῦται</strong></span> <span class='ocrx_word' id='word_1_63' title='bbox 1289 852 1353 904; x_wconf 85' lang='grc' dir='ltr'>τὸ</span> <span class='ocrx_word' id='word_1_64' title='bbox 1385 854 1800 924; x_wconf 72' lang='grc' dir='ltr'><strong>γεγραμμένον·</strong></span> 
     </span>
    </p>
   </div>
   <div class='ocr_carea' id='block_1_12' title="bbox 226 938 1452 1008">
    <p class='ocr_par' dir='ltr' id='par_1_12' title="bbox 226 938 1452 1008">
     <span class='ocr_line' id='line_1_12' title="bbox 226 938 1452 1008; baseline 0 -13"><span class='ocrx_word' id='word_1_65' title='bbox 226 941 345 1004; x_wconf 78' lang='grc' dir='ltr'><strong>Πᾶς</strong></span> <span class='ocrx_word' id='word_1_66' title='bbox 385 943 418 994; x_wconf 85' lang='grc' dir='ltr'><em>ό</em></span> <span class='ocrx_word' id='word_1_67' title='bbox 451 938 749 992; x_wconf 78' lang='grc' dir='ltr'>ταπεινῶν</span> <span class='ocrx_word' id='word_1_68' title='bbox 776 939 1016 1004; x_wconf 79' lang='grc' dir='ltr'>ἑαυτὸν,</span> <span class='ocrx_word' id='word_1_69' title='bbox 1046 940 1452 1008; x_wconf 72' lang='grc' dir='ltr'><strong>ὑψωθήσεται.</strong></span> 
     </span>
    </p>
   </div>
   <div class='ocr_carea' id='block_1_13' title="bbox 290 1029 1802 1102">
    <p class='ocr_par' dir='ltr' id='par_1_13' title="bbox 290 1029 1802 1102">
     <span class='ocr_line' id='line_1_13' title="bbox 290 1029 1802 1102; baseline 0.005 -21"><span class='ocrx_word' id='word_1_70' title='bbox 290 1029 388 1084; x_wconf 83' lang='grc' dir='ltr'>λθ’.</span> <span class='ocrx_word' id='word_1_71' title='bbox 439 1029 666 1098; x_wconf 81' lang='grc' dir='ltr'>Ἔλεγεν</span> <span class='ocrx_word' id='word_1_72' title='bbox 716 1031 746 1082; x_wconf 78' lang='grc'>6</span> <span class='ocrx_word' id='word_1_73' title='bbox 802 1029 976 1092; x_wconf 72' lang='lat' dir='ltr'><strong>esea;</strong></span> <span class='ocrx_word' id='word_1_74' title='bbox 1016 1031 1267 1102; x_wconf 82' lang='grc' dir='ltr'><strong>Ἰωάννης</strong></span> <span class='ocrx_word' id='word_1_75' title='bbox 1321 1035 1350 1092; x_wconf 77' lang='grc' dir='ltr'><strong>ὁ</strong></span> <span class='ocrx_word' id='word_1_76' title='bbox 1408 1032 1659 1097; x_wconf 80' lang='grc' dir='ltr'>κολοϐός·</span> <span class='ocrx_word' id='word_1_77' title='bbox 1725 1033 1802 1089; x_wconf 83' lang='grc' dir='ltr'><strong>Οὐ</strong></span> 
     </span>
    </p>
   </div>
   <div class='ocr_carea' id='block_1_14' title="bbox 223 1115 1800 1188">
    <p class='ocr_par' dir='ltr' id='par_1_14' title="bbox 223 1115 1800 1188">
     <span class='ocr_line' id='line_1_14' title="bbox 223 1115 1800 1188; baseline 0.004 -17"><span class='ocrx_word' id='word_1_78' title='bbox 223 1117 439 1172; x_wconf 76' lang='grc' dir='ltr'>δυνατὸν</span> <span class='ocrx_word' id='word_1_79' title='bbox 482 1118 835 1188; x_wconf 75' lang='grc' dir='ltr'>οἰκοδομῆσαι</span> <span class='ocrx_word' id='word_1_80' title='bbox 865 1118 955 1171; x_wconf 80' lang='grc' dir='ltr'><strong>τὸν</strong></span> <span class='ocrx_word' id='word_1_81' title='bbox 984 1115 1131 1173; x_wconf 73' lang='grc' dir='ltr'>οἷκον</span> <span class='ocrx_word' id='word_1_82' title='bbox 1164 1120 1367 1176; x_wconf 75' lang='grc' dir='ltr'>ἄνωθεν</span> <span class='ocrx_word' id='word_1_83' title='bbox 1396 1122 1494 1175; x_wconf 73' lang='grc' dir='ltr'><strong>ἐπὶ</strong></span> <span class='ocrx_word' id='word_1_84' title='bbox 1532 1124 1592 1177; x_wconf 75' lang='grc' dir='ltr'>τὸ</span> <span class='ocrx_word' id='word_1_85' title='bbox 1627 1124 1800 1187; x_wconf 86' lang='grc' dir='ltr'>κάτω,</span> 
     </span>
    </p>
   </div>
   <div class='ocr_carea' id='block_1_15' title="bbox 223 1209 1802 1286">
    <p class='ocr_par' dir='ltr' id='par_1_15' title="bbox 223 1209 1802 1286">
     <span class='ocr_line' id='line_1_15' title="bbox 223 1209 1802 1286; baseline 0.004 -23"><span class='ocrx_word' id='word_1_86' title='bbox 223 1209 330 1263; x_wconf 83' lang='grc' dir='ltr'>ἀλλ’</span> <span class='ocrx_word' id='word_1_87' title='bbox 370 1213 437 1263; x_wconf 88' lang='grc' dir='ltr'>ὲκ</span> <span class='ocrx_word' id='word_1_88' title='bbox 499 1211 593 1264; x_wconf 83' lang='grc' dir='ltr'><strong>τοῦ</strong></span> <span class='ocrx_word' id='word_1_89' title='bbox 647 1210 896 1282; x_wconf 76' lang='grc' dir='ltr'>θεμελίου</span> <span class='ocrx_word' id='word_1_90' title='bbox 941 1212 1032 1264; x_wconf 75' lang='grc' dir='ltr'><strong>ἐπὶ</strong></span> <span class='ocrx_word' id='word_1_91' title='bbox 1059 1211 1123 1265; x_wconf 77' lang='grc' dir='ltr'>τὸ</span> <span class='ocrx_word' id='word_1_92' title='bbox 1162 1211 1294 1266; x_wconf 79' lang='grc' dir='ltr'>ἄνω.</span> <span class='ocrx_word' id='word_1_93' title='bbox 1329 1214 1592 1283; x_wconf 73' lang='grc' dir='ltr'><strong>Λέγουσιν</strong></span> <span class='ocrx_word' id='word_1_94' title='bbox 1621 1215 1802 1286; x_wconf 72' lang='grc' dir='ltr'>αὐτῷ*</span> 
     </span>
    </p>
   </div>
   <div class='ocr_carea' id='block_1_16' title="bbox 224 1294 1802 1375">
    <p class='ocr_par' dir='ltr' id='par_1_16' title="bbox 224 1294 1802 1375">
     <span class='ocr_line' id='line_1_16' title="bbox 224 1294 1802 1375; baseline 0.004 -21"><span class='ocrx_word' id='word_1_95' title='bbox 224 1299 314 1365; x_wconf 81' lang='grc' dir='ltr'>Τίς</span> <span class='ocrx_word' id='word_1_96' title='bbox 353 1303 502 1355; x_wconf 79' lang='grc' dir='ltr'>ἐστιν</span> <span class='ocrx_word' id='word_1_97' title='bbox 529 1304 559 1355; x_wconf 80' lang='grc' dir='ltr'><strong>ὁ</strong></span> <span class='ocrx_word' id='word_1_98' title='bbox 587 1302 743 1370; x_wconf 79' lang='grc' dir='ltr'>λόγος</span> <span class='ocrx_word' id='word_1_99' title='bbox 773 1294 961 1366; x_wconf 78' lang='grc' dir='ltr'>οὗτος;</span> <span class='ocrx_word' id='word_1_100' title='bbox 987 1302 1150 1370; x_wconf 82' lang='grc' dir='ltr'><strong>Λέγει</strong></span> <span class='ocrx_word' id='word_1_101' title='bbox 1189 1305 1405 1368; x_wconf 73' lang='grc' dir='ltr'>αὐτοῖς·</span> <span class='ocrx_word' id='word_1_102' title='bbox 1445 1307 1504 1359; x_wconf 91' lang='lat'><strong>&#39;0</strong></span> <span class='ocrx_word' id='word_1_103' title='bbox 1535 1305 1802 1375; x_wconf 80' lang='grc' dir='ltr'>θεμέλιος,</span> 
     </span>
    </p>
   </div>
   <div class='ocr_carea' id='block_1_17' title="bbox 223 1391 1806 1469">
    <p class='ocr_par' dir='ltr' id='par_1_17' title="bbox 223 1391 1806 1469">
     <span class='ocr_line' id='line_1_17' title="bbox 223 1391 1806 1469; baseline 0.005 -26"><span class='ocrx_word' id='word_1_104' title='bbox 223 1391 252 1443; x_wconf 78' lang='grc' dir='ltr'><strong>ὸ</strong></span> <span class='ocrx_word' id='word_1_105' title='bbox 294 1391 524 1462; x_wconf 76' lang='grc' dir='ltr'>πλησίον</span> <span class='ocrx_word' id='word_1_106' title='bbox 569 1393 739 1458; x_wconf 74' lang='grc' dir='ltr'>ἐστὶν,</span> <span class='ocrx_word' id='word_1_107' title='bbox 791 1394 879 1446; x_wconf 86' lang='grc' dir='ltr'><strong>ἴνα</strong></span> <span class='ocrx_word' id='word_1_108' title='bbox 917 1393 1079 1447; x_wconf 75' lang='grc' dir='ltr'>αὑτὸν</span> <span class='ocrx_word' id='word_1_109' title='bbox 1109 1393 1374 1469; x_wconf 69' lang='grc' dir='ltr'>κερδάνῃς</span> <span class='ocrx_word' id='word_1_110' title='bbox 1398 1411 1413 1426; x_wconf 76' lang='grc' dir='ltr'>ο</span> <span class='ocrx_word' id='word_1_111' title='bbox 1468 1398 1564 1450; x_wconf 78' lang='grc' dir='ltr'>καὶ</span> <span class='ocrx_word' id='word_1_112' title='bbox 1599 1397 1806 1467; x_wconf 78' lang='grc' dir='ltr'>ὀφείλει</span> 
     </span>
    </p>
   </div>
   <div class='ocr_carea' id='block_1_18' title="bbox 227 1483 1810 1557">
    <p class='ocr_par' dir='ltr' id='par_1_18' title="bbox 227 1483 1810 1557">
     <span class='ocr_line' id='line_1_18' title="bbox 227 1483 1810 1557; baseline 0.006 -22"><span class='ocrx_word' id='word_1_113' title='bbox 227 1483 442 1555; x_wconf 80' lang='grc' dir='ltr'>πρῶτον</span> <span class='ocrx_word' id='word_1_114' title='bbox 476 1486 542 1541; x_wconf 73' lang='grc'><strong>⁸³.</strong></span> <span class='ocrx_word' id='word_1_115' title='bbox 574 1486 669 1550; x_wconf 75' lang='lat' dir='ltr'><strong>Et;</strong></span> <span class='ocrx_word' id='word_1_116' title='bbox 715 1485 875 1540; x_wconf 79' lang='grc' dir='ltr'>αὐτὸν</span> <span class='ocrx_word' id='word_1_117' title='bbox 901 1484 1012 1557; x_wconf 80' lang='grc' dir='ltr'><strong>γάρ</strong></span> <span class='ocrx_word' id='word_1_118' title='bbox 1054 1485 1358 1556; x_wconf 79' lang='grc' dir='ltr'>κρέμανται</span> <span class='ocrx_word' id='word_1_119' title='bbox 1382 1489 1554 1542; x_wconf 79' lang='grc' dir='ltr'>πᾶσαι</span> <span class='ocrx_word' id='word_1_120' title='bbox 1581 1489 1635 1542; x_wconf 78' lang='grc' dir='ltr'>αἱ</span> <span class='ocrx_word' id='word_1_121' title='bbox 1666 1490 1810 1544; x_wconf 74' lang='grc' dir='ltr'>ἐντο-</span> 
     </span>
    </p>
   </div>
   <div class='ocr_carea' id='block_1_19' title="bbox 229 1574 717 1648">
    <p class='ocr_par' dir='ltr' id='par_1_19' title="bbox 229 1574 717 1648">
     <span class='ocr_line' id='line_1_19' title="bbox 229 1574 717 1648; baseline 0.006 -22"><span class='ocrx_word' id='word_1_122' title='bbox 229 1574 314 1628; x_wconf 81' lang='grc' dir='ltr'>λαὶ</span> <span class='ocrx_word' id='word_1_123' title='bbox 335 1575 430 1629; x_wconf 80' lang='grc' dir='ltr'><strong>τοῦ</strong></span> <span class='ocrx_word' id='word_1_124' title='bbox 455 1575 717 1648; x_wconf 76' lang='grc' dir='ltr'>Χριστοῦ.</span> 
     </span>
    </p>
   </div>
   <div class='ocr_carea' id='block_1_20' title="bbox 299 1667 1808 1740">
    <p class='ocr_par' dir='ltr' id='par_1_20' title="bbox 299 1667 1808 1740">
     <span class='ocr_line' id='line_1_20' title="bbox 299 1667 1808 1740; baseline 0.002 -18"><span class='ocrx_word' id='word_1_125' title='bbox 299 1673 374 1738; x_wconf 84' lang='grc' dir='ltr'><strong>μ’.</strong></span> <span class='ocrx_word' id='word_1_126' title='bbox 405 1667 632 1736; x_wconf 82' lang='grc' dir='ltr'>Ἔλεγον</span> <span class='ocrx_word' id='word_1_127' title='bbox 688 1668 818 1740; x_wconf 71' lang='grc' dir='ltr'>περὶ</span> <span class='ocrx_word' id='word_1_128' title='bbox 884 1667 978 1722; x_wconf 84' lang='grc' dir='ltr'><strong>τοῦ</strong></span> <span class='ocrx_word' id='word_1_129' title='bbox 1034 1667 1179 1723; x_wconf 74' lang='grc' dir='ltr'>ἀσὸἄ</span> <span class='ocrx_word' id='word_1_130' title='bbox 1225 1668 1495 1734; x_wconf 77' lang='grc' dir='ltr'><strong>Ἰωάννου,</strong></span> <span class='ocrx_word' id='word_1_131' title='bbox 1541 1671 1624 1724; x_wconf 88' lang='grc' dir='ltr'><strong>δτι</strong></span> <span class='ocrx_word' id='word_1_132' title='bbox 1661 1671 1808 1736; x_wconf 65' lang='lat' dir='ltr'><strong>me;</strong></span> 
     </span>
    </p>
   </div>
   <div class='ocr_carea' id='block_1_21' title="bbox 1904 495 3482 570">
    <p class='ocr_par' dir='ltr' id='par_1_21' title="bbox 1904 495 3482 570">
     <span class='ocr_line' id='line_1_21' title="bbox 1904 495 3482 570; baseline 0.007 -20"><span class='ocrx_word' id='word_1_133' title='bbox 1904 495 2098 562; x_wconf 81' lang='lat' dir='ltr'><strong>vellet;</strong></span> <span class='ocrx_word' id='word_1_134' title='bbox 2140 504 2304 567; x_wconf 87' lang='lat' dir='ltr'><strong>atque</strong></span> <span class='ocrx_word' id='word_1_135' title='bbox 2325 511 2454 553; x_wconf 88' lang='lat' dir='ltr'><strong>ecce</strong></span> <span class='ocrx_word' id='word_1_136' title='bbox 2481 497 2657 569; x_wconf 75' lang='lat' dir='ltr'><strong>angeli</strong></span> <span class='ocrx_word' id='word_1_137' title='bbox 2687 498 2800 553; x_wconf 92' lang='lat' dir='ltr'><strong>duo</strong></span> <span class='ocrx_word' id='word_1_138' title='bbox 2826 512 2950 554; x_wconf 90' lang='lat' dir='ltr'><strong>cum</strong></span> <span class='ocrx_word' id='word_1_139' title='bbox 2984 500 3327 570; x_wconf 75' lang='lat' dir='ltr'><strong>lampadibus</strong></span> <span class='ocrx_word' id='word_1_140' title='bbox 3357 507 3482 561; x_wconf 65' lang='lat' dir='ltr'><strong>mito</strong></span> 
     </span>
    </p>
   </div>
   <div class='ocr_carea' id='block_1_22' title="bbox 1905 587 3482 660">
    <p class='ocr_par' dir='ltr' id='par_1_22' title="bbox 1905 587 3482 660">
     <span class='ocr_line' id='line_1_22' title="bbox 1905 587 3482 660; baseline 0.007 -19"><span class='ocrx_word' id='word_1_141' title='bbox 1905 595 2099 643; x_wconf 88' lang='lat' dir='ltr'><strong>tuntur</strong></span> <span class='ocrx_word' id='word_1_142' title='bbox 2129 603 2159 642; x_wconf 90' lang='lat' dir='ltr'><strong>a</strong></span> <span class='ocrx_word' id='word_1_143' title='bbox 2195 587 2327 654; x_wconf 85' lang='lat' dir='ltr'><strong>Deo,</strong></span> <span class='ocrx_word' id='word_1_144' title='bbox 2354 591 2537 644; x_wconf 87' lang='lat' dir='ltr'><strong>lumen</strong></span> <span class='ocrx_word' id='word_1_145' title='bbox 2561 590 2608 645; x_wconf 88' lang='lat' dir='ltr'><strong>ei</strong></span> <span class='ocrx_word' id='word_1_146' title='bbox 2637 589 2954 660; x_wconf 63' lang='lat' dir='ltr'><strong>prabituri;</strong></span> <span class='ocrx_word' id='word_1_147' title='bbox 2988 600 3101 646; x_wconf 88' lang='lat' dir='ltr'><strong>tum</strong></span> <span class='ocrx_word' id='word_1_148' title='bbox 3131 591 3327 649; x_wconf 90' lang='lat' dir='ltr'><strong>deinde</strong></span> <span class='ocrx_word' id='word_1_149' title='bbox 3365 603 3482 652; x_wconf 85' lang='lat' dir='ltr'><strong>tota</strong></span> 
     </span>
    </p>
   </div>
   <div class='ocr_carea' id='block_1_23' title="bbox 1904 676 3480 756">
    <p class='ocr_par' dir='ltr' id='par_1_23' title="bbox 1904 676 3480 756">
     <span class='ocr_line' id='line_1_23' title="bbox 1904 676 3480 756; baseline 0.006 -24"><span class='ocrx_word' id='word_1_150' title='bbox 1904 676 2097 733; x_wconf 81' lang='lat' dir='ltr'><strong>civitas</strong></span> <span class='ocrx_word' id='word_1_151' title='bbox 2139 679 2440 746; x_wconf 87' lang='lat' dir='ltr'><strong>concurrit,</strong></span> <span class='ocrx_word' id='word_1_152' title='bbox 2490 687 2549 734; x_wconf 71' lang='lat' dir='ltr'><strong>ut</strong></span> <span class='ocrx_word' id='word_1_153' title='bbox 2596 680 2804 737; x_wconf 84' lang='lat' dir='ltr'><strong>videret</strong></span> <span class='ocrx_word' id='word_1_154' title='bbox 2852 682 3101 752; x_wconf 76' lang='lat' dir='ltr'><strong>gloriam.</strong></span> <span class='ocrx_word' id='word_1_155' title='bbox 3157 683 3219 738; x_wconf 82' lang='lat' dir='ltr'><strong>Et</strong></span> <span class='ocrx_word' id='word_1_156' title='bbox 3270 698 3480 756; x_wconf 86' lang='lat' dir='ltr'><strong>quanto</strong></span> 
     </span>
    </p>
   </div>
   <div class='ocr_carea' id='block_1_24' title="bbox 1905 768 3478 844">
    <p class='ocr_par' dir='ltr' id='par_1_24' title="bbox 1905 768 3478 844">
     <span class='ocr_line' id='line_1_24' title="bbox 1905 768 3478 844; baseline 0.007 -21"><span class='ocrx_word' id='word_1_157' title='bbox 1905 768 2131 839; x_wconf 73' lang='lat' dir='ltr'><strong>gloriam</strong></span> <span class='ocrx_word' id='word_1_158' title='bbox 2172 771 2343 824; x_wconf 89' lang='lat' dir='ltr'><strong>voluit</strong></span> <span class='ocrx_word' id='word_1_159' title='bbox 2371 769 2624 842; x_wconf 67' lang='lat' dir='ltr'><strong>effugere,</strong></span> <span class='ocrx_word' id='word_1_160' title='bbox 2650 779 2801 827; x_wconf 88' lang='lat' dir='ltr'><strong>tanto</strong></span> <span class='ocrx_word' id='word_1_161' title='bbox 2828 774 3002 844; x_wconf 76' lang='lat' dir='ltr'><strong>magis</strong></span> <span class='ocrx_word' id='word_1_162' title='bbox 3024 781 3108 829; x_wconf 89' lang='lat' dir='ltr'><strong>est</strong></span> <span class='ocrx_word' id='word_1_163' title='bbox 3127 788 3478 834; x_wconf 90' lang='lat' dir='ltr'><strong>consecutus.</strong></span> 
     </span>
    </p>
   </div>
   <div class='ocr_carea' id='block_1_25' title="bbox 1905 859 3481 939">
    <p class='ocr_par' dir='ltr' id='par_1_25' title="bbox 1905 859 3481 939">
     <span class='ocr_line' id='line_1_25' title="bbox 1905 859 3481 939; baseline 0.008 -26"><span class='ocrx_word' id='word_1_164' title='bbox 1905 859 1966 915; x_wconf 86' lang='lat' dir='ltr'><strong>In</strong></span> <span class='ocrx_word' id='word_1_165' title='bbox 1991 860 2078 916; x_wconf 91' lang='lat' dir='ltr'><strong>his</strong></span> <span class='ocrx_word' id='word_1_166' title='bbox 2106 861 2434 932; x_wconf 85' lang='lat' dir='ltr'><strong>adimpletur</strong></span> <span class='ocrx_word' id='word_1_167' title='bbox 2465 863 2611 933; x_wconf 88' lang='lat' dir='ltr'><strong>quod</strong></span> <span class='ocrx_word' id='word_1_168' title='bbox 2639 864 2904 935; x_wconf 87' lang='lat' dir='ltr'><strong>scriptum</strong></span> <span class='ocrx_word' id='word_1_169' title='bbox 2931 875 3012 921; x_wconf 85' lang='lat' dir='ltr'><strong>est</strong></span> <span class='ocrx_word' id='word_1_170' title='bbox 3040 885 3053 920; x_wconf 90' lang='lat'>:</span> <span class='ocrx_word' id='word_1_171' title='bbox 3094 865 3278 923; x_wconf 75' lang='lat' dir='ltr'><strong>Omnis</strong></span> <span class='ocrx_word' id='word_1_172' title='bbox 3305 871 3394 939; x_wconf 82' lang='lat' dir='ltr'><strong>qui</strong></span> <span class='ocrx_word' id='word_1_173' title='bbox 3426 888 3481 926; x_wconf 77' lang='lat' dir='ltr'><strong>se</strong></span> 
     </span>
    </p>
   </div>
   <div class='ocr_carea' id='block_1_26' title="bbox 1905 951 2640 1024">
    <p class='ocr_par' dir='ltr' id='par_1_26' title="bbox 1905 951 2640 1024">
     <span class='ocr_line' id='line_1_26' title="bbox 1905 951 2640 1024; baseline 0.005 -21"><span class='ocrx_word' id='word_1_174' title='bbox 1905 951 2174 1016; x_wconf 68' lang='lat' dir='ltr'><strong>humiﬁat,</strong></span> <span class='ocrx_word' id='word_1_175' title='bbox 2211 953 2538 1009; x_wconf 61' lang='lat' dir='ltr'><strong>exaltabit&quot;</strong></span> <span class='ocrx_word' id='word_1_176' title='bbox 2567 955 2640 1024; x_wconf 32' lang='grc' dir='ltr'><strong>δ”.</strong></span> 
     </span>
    </p>
   </div>
   <div class='ocr_carea' id='block_1_27' title="bbox 1975 1041 3480 1121">
    <p class='ocr_par' dir='ltr' id='par_1_27' title="bbox 1975 1041 3480 1121">
     <span class='ocr_line' id='line_1_27' title="bbox 1975 1041 3480 1121; baseline 0.008 -25"><span class='ocrx_word' id='word_1_177' title='bbox 1975 1043 2064 1096; x_wconf 75' lang='lat'><strong>59.</strong></span> <span class='ocrx_word' id='word_1_178' title='bbox 2100 1041 2244 1097; x_wconf 82' lang='lat' dir='ltr'><strong>Dixit</strong></span> <span class='ocrx_word' id='word_1_179' title='bbox 2277 1043 2450 1100; x_wconf 84' lang='lat' dir='ltr'><strong>abbas</strong></span> <span class='ocrx_word' id='word_1_180' title='bbox 2478 1044 2714 1101; x_wconf 84' lang='lat' dir='ltr'><strong>Joannes</strong></span> <span class='ocrx_word' id='word_1_181' title='bbox 2745 1047 2947 1104; x_wconf 74' lang='lat' dir='ltr'><strong>(lurtus</strong></span> <span class='ocrx_word' id='word_1_182' title='bbox 2967 1069 2986 1104; x_wconf 83' lang='lat'><strong>:</strong></span> <span class='ocrx_word' id='word_1_183' title='bbox 3005 1049 3122 1105; x_wconf 88' lang='lat' dir='ltr'><strong>Non</strong></span> <span class='ocrx_word' id='word_1_184' title='bbox 3151 1059 3328 1121; x_wconf 84' lang='lat' dir='ltr'><strong>potest</strong></span> <span class='ocrx_word' id='word_1_185' title='bbox 3347 1052 3480 1108; x_wconf 70' lang='lat' dir='ltr'><strong>aedi-</strong></span> 
     </span>
    </p>
   </div>
   <div class='ocr_carea' id='block_1_28' title="bbox 1906 1129 3478 1203">
    <p class='ocr_par' dir='ltr' id='par_1_28' title="bbox 1906 1129 3478 1203">
     <span class='ocr_line' id='line_1_28' title="bbox 1906 1129 3478 1203; baseline 0.008 -19"><span class='ocrx_word' id='word_1_186' title='bbox 1906 1129 2055 1184; x_wconf 80' lang='lat' dir='ltr'><strong>ﬁcari</strong></span> <span class='ocrx_word' id='word_1_187' title='bbox 2105 1133 2301 1189; x_wconf 82' lang='lat' dir='ltr'><strong>domus</strong></span> <span class='ocrx_word' id='word_1_188' title='bbox 2339 1149 2370 1188; x_wconf 88' lang='lat' dir='ltr'><strong>a</strong></span> <span class='ocrx_word' id='word_1_189' title='bbox 2409 1151 2627 1191; x_wconf 87' lang='lat' dir='ltr'><strong>sursum</strong></span> <span class='ocrx_word' id='word_1_190' title='bbox 2658 1137 2724 1192; x_wconf 89' lang='lat' dir='ltr'><strong>ad</strong></span> <span class='ocrx_word' id='word_1_191' title='bbox 2756 1138 3022 1203; x_wconf 77' lang='lat' dir='ltr'><strong>interius,</strong></span> <span class='ocrx_word' id='word_1_192' title='bbox 3074 1140 3166 1196; x_wconf 86' lang='lat' dir='ltr'><strong>sed</strong></span> <span class='ocrx_word' id='word_1_193' title='bbox 3206 1156 3234 1194; x_wconf 86' lang='lat' dir='ltr'><strong>a</strong></span> <span class='ocrx_word' id='word_1_194' title='bbox 3281 1141 3478 1196; x_wconf 81' lang='lat' dir='ltr'><strong>funda-</strong></span> 
     </span>
    </p>
   </div>
   <div class='ocr_carea' id='block_1_29' title="bbox 1905 1221 3480 1296">
    <p class='ocr_par' dir='ltr' id='par_1_29' title="bbox 1905 1221 3480 1296">
     <span class='ocr_line' id='line_1_29' title="bbox 1905 1221 3480 1296; baseline 0.008 -22"><span class='ocrx_word' id='word_1_195' title='bbox 1905 1228 2086 1275; x_wconf 89' lang='lat' dir='ltr'><strong>mento</strong></span> <span class='ocrx_word' id='word_1_196' title='bbox 2118 1221 2186 1275; x_wconf 87' lang='lat' dir='ltr'><strong>ad</strong></span> <span class='ocrx_word' id='word_1_197' title='bbox 2214 1223 2452 1280; x_wconf 87' lang='lat' dir='ltr'><strong>culmen.</strong></span> <span class='ocrx_word' id='word_1_198' title='bbox 2484 1224 2698 1296; x_wconf 76' lang='lat' dir='ltr'><strong>Rogant</strong></span> <span class='ocrx_word' id='word_1_199' title='bbox 2727 1243 2851 1283; x_wconf 90' lang='lat' dir='ltr'><strong>eum</strong></span> <span class='ocrx_word' id='word_1_200' title='bbox 2875 1248 2887 1283; x_wconf 91' lang='lat'><strong>:</strong></span> <span class='ocrx_word' id='word_1_201' title='bbox 2912 1227 3054 1296; x_wconf 91' lang='lat' dir='ltr'><strong>Quid</strong></span> <span class='ocrx_word' id='word_1_202' title='bbox 3085 1232 3186 1287; x_wconf 84' lang='lat' dir='ltr'><strong>sibi</strong></span> <span class='ocrx_word' id='word_1_203' title='bbox 3227 1235 3344 1286; x_wconf 68' lang='lat' dir='ltr'><strong>vult</strong></span> <span class='ocrx_word' id='word_1_204' title='bbox 3376 1234 3480 1293; x_wconf 79' lang='lat' dir='ltr'><strong>iste</strong></span> 
     </span>
    </p>
   </div>
   <div class='ocr_carea' id='block_1_30' title="bbox 1905 1313 3476 1393">
    <p class='ocr_par' dir='ltr' id='par_1_30' title="bbox 1905 1313 3476 1393">
     <span class='ocr_line' id='line_1_30' title="bbox 1905 1313 3476 1393; baseline 0.008 -27"><span class='ocrx_word' id='word_1_205' title='bbox 1905 1313 2125 1366; x_wconf 81' lang='lat' dir='ltr'><strong>sermo?</strong></span> <span class='ocrx_word' id='word_1_206' title='bbox 2152 1313 2499 1385; x_wconf 81' lang='lat' dir='ltr'><strong>Respondit:</strong></span> <span class='ocrx_word' id='word_1_207' title='bbox 2538 1316 2998 1384; x_wconf 81' lang='lat' dir='ltr'><strong>Fundamentum,</strong></span> <span class='ocrx_word' id='word_1_208' title='bbox 3049 1324 3330 1393; x_wconf 78' lang='lat' dir='ltr'><strong>proximus</strong></span> <span class='ocrx_word' id='word_1_209' title='bbox 3362 1335 3476 1392; x_wconf 88' lang='lat' dir='ltr'><strong>est,</strong></span> 
     </span>
    </p>
   </div>
   <div class='ocr_carea' id='block_1_31' title="bbox 1903 1401 3479 1481">
    <p class='ocr_par' dir='ltr' id='par_1_31' title="bbox 1903 1401 3479 1481">
     <span class='ocr_line' id='line_1_31' title="bbox 1903 1401 3479 1481; baseline 0.011 -27"><span class='ocrx_word' id='word_1_210' title='bbox 1903 1401 1984 1455; x_wconf 91' lang='lat' dir='ltr'><strong>uti</strong></span> <span class='ocrx_word' id='word_1_211' title='bbox 2015 1416 2138 1456; x_wconf 90' lang='lat' dir='ltr'><strong>eum</strong></span> <span class='ocrx_word' id='word_1_212' title='bbox 2182 1404 2442 1462; x_wconf 88' lang='lat' dir='ltr'><strong>lucreris:</strong></span> <span class='ocrx_word' id='word_1_213' title='bbox 2495 1415 2658 1479; x_wconf 87' lang='lat' dir='ltr'><strong>atque</strong></span> <span class='ocrx_word' id='word_1_214' title='bbox 2701 1409 2829 1464; x_wconf 92' lang='lat' dir='ltr'><strong>hinc</strong></span> <span class='ocrx_word' id='word_1_215' title='bbox 2861 1411 3251 1481; x_wconf 83' lang='lat' dir='ltr'><strong>incipiendum.</strong></span> <span class='ocrx_word' id='word_1_216' title='bbox 3304 1417 3386 1471; x_wconf 86' lang='lat' dir='ltr'><strong>Ab</strong></span> <span class='ocrx_word' id='word_1_217' title='bbox 3417 1433 3479 1474; x_wconf 83' lang='lat' dir='ltr'><strong>ca</strong></span> 
     </span>
    </p>
   </div>
   <div class='ocr_carea' id='block_1_32' title="bbox 1903 1495 3203 1576">
    <p class='ocr_par' dir='ltr' id='par_1_32' title="bbox 1903 1495 3203 1576">
     <span class='ocr_line' id='line_1_32' title="bbox 1903 1495 3203 1576; baseline 0.008 -26"><span class='ocrx_word' id='word_1_218' title='bbox 1903 1496 2048 1550; x_wconf 83' lang='lat' dir='ltr'><strong>enim</strong></span> <span class='ocrx_word' id='word_1_219' title='bbox 2088 1510 2148 1550; x_wconf 93' lang='lat' dir='ltr'><strong>re</strong></span> <span class='ocrx_word' id='word_1_220' title='bbox 2175 1495 2412 1565; x_wconf 85' lang='lat' dir='ltr'><strong>pendent</strong></span> <span class='ocrx_word' id='word_1_221' title='bbox 2439 1507 2638 1554; x_wconf 81' lang='lat' dir='ltr'><strong>cuncta</strong></span> <span class='ocrx_word' id='word_1_222' title='bbox 2671 1499 2872 1558; x_wconf 82' lang='lat' dir='ltr'><strong>Christi</strong></span> <span class='ocrx_word' id='word_1_223' title='bbox 2903 1513 3203 1576; x_wconf 61' lang='lat' dir='ltr'><strong>praecepta.</strong></span> 
     </span>
    </p>
   </div>
   <div class='ocr_carea' id='block_1_33' title="bbox 1977 1669 3489 1740">
    <p class='ocr_par' dir='ltr' id='par_1_33' title="bbox 1977 1669 3489 1740">
     <span class='ocr_line' id='line_1_33' title="bbox 1977 1669 3489 1740; baseline 0.011 -16"><span class='ocrx_word' id='word_1_224' title='bbox 1977 1669 2074 1725; x_wconf 65' lang='lat'><strong>60.</strong></span> <span class='ocrx_word' id='word_1_225' title='bbox 2109 1673 2478 1728; x_wconf 80' lang='lat' dir='ltr'><strong>tltemorabant</strong></span> <span class='ocrx_word' id='word_1_226' title='bbox 2511 1680 2578 1730; x_wconf 88' lang='lat' dir='ltr'><strong>de</strong></span> <span class='ocrx_word' id='word_1_227' title='bbox 2608 1685 2805 1733; x_wconf 79' lang='lat' dir='ltr'><strong>annale</strong></span> <span class='ocrx_word' id='word_1_228' title='bbox 2847 1695 3053 1737; x_wconf 64' lang='lat' dir='ltr'><strong>Joanne</strong></span> <span class='ocrx_word' id='word_1_229' title='bbox 3093 1683 3237 1738; x_wconf 87' lang='lat' dir='ltr'><strong>hunc</strong></span> <span class='ocrx_word' id='word_1_230' title='bbox 3270 1685 3322 1739; x_wconf 86' lang='lat' dir='ltr'><strong>in</strong></span> <span class='ocrx_word' id='word_1_231' title='bbox 3366 1701 3489 1740; x_wconf 86' lang='lat' dir='ltr'><strong>mo-</strong></span> 
     </span>
    </p>
   </div>
   <div class='ocr_carea' id='block_1_34' title="bbox 226 1757 1808 1841">
    <p class='ocr_par' dir='ltr' id='par_1_34' title="bbox 226 1757 1804 1833">
     <span class='ocr_line' id='line_1_34' title="bbox 226 1757 1804 1833; baseline -0.001 -19"><span class='ocrx_word' id='word_1_232' title='bbox 226 1759 490 1833; x_wconf 81' lang='grc' dir='ltr'>νεωτὲρας</span> <span class='ocrx_word' id='word_1_233' title='bbox 515 1757 869 1829; x_wconf 73' lang='grc' dir='ltr'>ἐτελεύτησαν</span> <span class='ocrx_word' id='word_1_234' title='bbox 905 1760 955 1812; x_wconf 79' lang='lat' dir='ltr'><strong>0i</strong></span> <span class='ocrx_word' id='word_1_235' title='bbox 987 1760 1182 1826; x_wconf 81' lang='grc' dir='ltr'>γονεῖς,</span> <span class='ocrx_word' id='word_1_236' title='bbox 1235 1759 1330 1812; x_wconf 70' lang='grc' dir='ltr'>καὶ</span> <span class='ocrx_word' id='word_1_237' title='bbox 1381 1759 1682 1831; x_wconf 80' lang='grc' dir='ltr'>ὑπελείφθη</span> <span class='ocrx_word' id='word_1_238' title='bbox 1710 1760 1804 1832; x_wconf 85' lang='grc' dir='ltr'><strong>ὀρ-</strong></span> 
     </span>
    </p>
   </div>
   <div class='ocr_carea' id='block_1_35' title="bbox 1911 1757 3481 1841">
    <p class='ocr_par' dir='ltr' id='par_1_35' title="bbox 1911 1760 3481 1841">
     <span class='ocr_line' id='line_1_35' title="bbox 1911 1760 3481 1841; baseline 0.012 -27"><span class='ocrx_word' id='word_1_239' title='bbox 1911 1760 2032 1814; x_wconf 88' lang='lat' dir='ltr'><strong>dum</strong></span> <span class='ocrx_word' id='word_1_240' title='bbox 2059 1760 2388 1832; x_wconf 89' lang='lat' dir='ltr'><strong>:anusdam</strong></span> <span class='ocrx_word' id='word_1_241' title='bbox 2417 1766 2842 1825; x_wconf 63' lang='lat' dir='ltr'><strong>adulescentulas</strong></span> <span class='ocrx_word' id='word_1_242' title='bbox 2877 1781 3129 1841; x_wconf 86' lang='lat' dir='ltr'><strong>parentes</strong></span> <span class='ocrx_word' id='word_1_243' title='bbox 3158 1792 3189 1830; x_wconf 90' lang='lat' dir='ltr'><strong>e</strong></span> <span class='ocrx_word' id='word_1_244' title='bbox 3220 1774 3355 1832; x_wconf 81' lang='lat' dir='ltr'><strong>vivis</strong></span> <span class='ocrx_word' id='word_1_245' title='bbox 3386 1793 3481 1832; x_wconf 80' lang='lat' dir='ltr'><strong>ex-</strong></span> 
     </span>
    </p>
   </div>
   <div class='ocr_carea' id='block_1_36' title="bbox 227 1846 1804 1923">
    <p class='ocr_par' dir='ltr' id='par_1_36' title="bbox 227 1846 1804 1923">
     <span class='ocr_line' id='line_1_36' title="bbox 227 1846 1804 1923; baseline 0.002 -21"><span class='ocrx_word' id='word_1_246' title='bbox 227 1850 372 1922; x_wconf 73' lang='grc' dir='ltr'>φανή</span> <span class='ocrx_word' id='word_1_247' title='bbox 390 1865 407 1880; x_wconf 86' lang='grc'><strong>·</strong></span> <span class='ocrx_word' id='word_1_248' title='bbox 436 1849 610 1921; x_wconf 84' lang='grc' dir='ltr'>δνομα</span> <span class='ocrx_word' id='word_1_249' title='bbox 645 1849 704 1902; x_wconf 81' lang='grc' dir='ltr'>δὲ</span> <span class='ocrx_word' id='word_1_250' title='bbox 723 1851 876 1921; x_wconf 74' lang='grc' dir='ltr'>αὐτῇ,</span> <span class='ocrx_word' id='word_1_251' title='bbox 911 1849 1149 1920; x_wconf 81' lang='grc' dir='ltr'>Παησία.</span> <span class='ocrx_word' id='word_1_252' title='bbox 1195 1849 1510 1919; x_wconf 83' lang='grc' dir='ltr'>Ἐλογίσατο</span> <span class='ocrx_word' id='word_1_253' title='bbox 1533 1846 1627 1905; x_wconf 83' lang='grc' dir='ltr'><strong>οὖν</strong></span> <span class='ocrx_word' id='word_1_254' title='bbox 1655 1851 1804 1923; x_wconf 81' lang='grc' dir='ltr'>ποιῆ-</span> 
     </span>
    </p>
   </div>
   <div class='ocr_carea' id='block_1_37' title="bbox 228 1940 1804 2016">
    <p class='ocr_par' dir='ltr' id='par_1_37' title="bbox 228 1940 1804 2016">
     <span class='ocr_line' id='line_1_37' title="bbox 228 1940 1804 2016; baseline 0.001 -17"><span class='ocrx_word' id='word_1_255' title='bbox 228 1962 313 2000; x_wconf 81' lang='grc' dir='ltr'><strong>σαι</strong></span> <span class='ocrx_word' id='word_1_256' title='bbox 342 1944 438 1999; x_wconf 71' lang='grc' dir='ltr'><strong>τὸν</strong></span> <span class='ocrx_word' id='word_1_257' title='bbox 477 1940 627 1998; x_wconf 78' lang='grc' dir='ltr'>οἷκον</span> <span class='ocrx_word' id='word_1_258' title='bbox 663 1944 832 2015; x_wconf 79' lang='grc' dir='ltr'>αὐτῆς</span> <span class='ocrx_word' id='word_1_259' title='bbox 864 1944 1202 2016; x_wconf 81' lang='grc' dir='ltr'>ξενοδοχεῖον,</span> <span class='ocrx_word' id='word_1_260' title='bbox 1242 1947 1322 2010; x_wconf 79' lang='grc' dir='ltr'><strong>είς</strong></span> <span class='ocrx_word' id='word_1_261' title='bbox 1363 1947 1523 2016; x_wconf 68' lang='grc' dir='ltr'>λόγον.</span> <span class='ocrx_word' id='word_1_262' title='bbox 1550 1946 1658 2000; x_wconf 85' lang='grc' dir='ltr'><strong>τῶν</strong></span> <span class='ocrx_word' id='word_1_263' title='bbox 1688 1947 1804 2001; x_wconf 88' lang='grc' dir='ltr'><strong>Πα-</strong></span> 
     </span>
    </p>
   </div>
   <div class='ocr_carea' id='block_1_38' title="bbox 1902 1857 3481 1932">
    <p class='ocr_par' dir='ltr' id='par_1_38' title="bbox 1902 1857 3481 1932">
     <span class='ocr_line' id='line_1_38' title="bbox 1902 1857 3481 1932; baseline 0.013 -27"><span class='ocrx_word' id='word_1_264' title='bbox 1902 1861 2226 1920; x_wconf 87' lang='lat' dir='ltr'><strong>cesserunt;</strong></span> <span class='ocrx_word' id='word_1_265' title='bbox 2261 1857 2559 1928; x_wconf 78' lang='lat' dir='ltr'><strong>relictaque</strong></span> <span class='ocrx_word' id='word_1_266' title='bbox 2582 1869 2668 1915; x_wconf 90' lang='lat' dir='ltr'><strong>est</strong></span> <span class='ocrx_word' id='word_1_267' title='bbox 2689 1862 2890 1932; x_wconf 84' lang='lat' dir='ltr'><strong>pupilla</strong></span> <span class='ocrx_word' id='word_1_268' title='bbox 2911 1880 2932 1929; x_wconf 83' lang='lat'><strong>;.</strong></span> <span class='ocrx_word' id='word_1_269' title='bbox 2961 1879 3153 1920; x_wconf 91' lang='lat' dir='ltr'><strong>nomen</strong></span> <span class='ocrx_word' id='word_1_270' title='bbox 3188 1866 3237 1921; x_wconf 91' lang='lat' dir='ltr'><strong>ei</strong></span> <span class='ocrx_word' id='word_1_271' title='bbox 3269 1866 3481 1926; x_wconf 86' lang='lat' dir='ltr'><strong>Paesia.</strong></span> 
     </span>
    </p>
   </div>
   <div class='ocr_carea' id='block_1_39' title="bbox 1903 1939 3481 2025">
    <p class='ocr_par' dir='ltr' id='par_1_39' title="bbox 1903 1939 3481 2025">
     <span class='ocr_line' id='line_1_39' title="bbox 1903 1939 3481 2025; baseline 0.013 -30"><span class='ocrx_word' id='word_1_272' title='bbox 1903 1939 2027 1996; x_wconf 66' lang='lat' dir='ltr'><strong>Haec</strong></span> <span class='ocrx_word' id='word_1_273' title='bbox 2057 1945 2340 1999; x_wconf 90' lang='lat' dir='ltr'><strong>constituit</strong></span> <span class='ocrx_word' id='word_1_274' title='bbox 2367 1961 2398 2001; x_wconf 91' lang='lat' dir='ltr'><strong>e</strong></span> <span class='ocrx_word' id='word_1_275' title='bbox 2426 1949 2590 2004; x_wconf 90' lang='lat' dir='ltr'><strong>domo</strong></span> <span class='ocrx_word' id='word_1_276' title='bbox 2618 1965 2718 2006; x_wconf 89' lang='lat' dir='ltr'><strong>sua</strong></span> <span class='ocrx_word' id='word_1_277' title='bbox 2758 1952 2938 2008; x_wconf 86' lang='lat' dir='ltr'><strong>facere</strong></span> <span class='ocrx_word' id='word_1_278' title='bbox 2966 1955 3390 2025; x_wconf 78' lang='lat' dir='ltr'><strong>xenodocbium,</strong></span> <span class='ocrx_word' id='word_1_279' title='bbox 3412 1963 3481 2016; x_wconf 84' lang='lat' dir='ltr'><strong>ad</strong></span> 
     </span>
    </p>
   </div>
   <div class='ocr_carea' id='block_1_40' title="bbox 221 2030 1808 2115">
    <p class='ocr_par' dir='ltr' id='par_1_40' title="bbox 221 2030 1803 2109">
     <span class='ocr_line' id='line_1_40' title="bbox 221 2030 1803 2109; baseline 0.004 -24"><span class='ocrx_word' id='word_1_280' title='bbox 221 2032 403 2106; x_wconf 75' lang='grc' dir='ltr'>τὲρων</span> <span class='ocrx_word' id='word_1_281' title='bbox 425 2033 526 2104; x_wconf 78' lang='grc' dir='ltr'>τῆς</span> <span class='ocrx_word' id='word_1_282' title='bbox 551 2033 817 2104; x_wconf 81' lang='grc' dir='ltr'>Σκήτεως.</span> <span class='ocrx_word' id='word_1_283' title='bbox 846 2035 1098 2105; x_wconf 85' lang='grc' dir='ltr'>Ἔμεινεν</span> <span class='ocrx_word' id='word_1_284' title='bbox 1136 2030 1228 2090; x_wconf 83' lang='grc' dir='ltr'><strong>οὖν</strong></span> <span class='ocrx_word' id='word_1_285' title='bbox 1260 2034 1432 2100; x_wconf 78' lang='grc' dir='ltr'>οὕτως</span> <span class='ocrx_word' id='word_1_286' title='bbox 1457 2033 1803 2109; x_wconf 63' lang='grc' dir='ltr'>ξενοδοχοῖωα</span> 
     </span>
    </p>
   </div>
   <div class='ocr_carea' id='block_1_41' title="bbox 1911 2030 3482 2115">
    <p class='ocr_par' dir='ltr' id='par_1_41' title="bbox 1911 2032 3482 2115">
     <span class='ocr_line' id='line_1_41' title="bbox 1911 2032 3482 2115; baseline 0.009 -29"><span class='ocrx_word' id='word_1_287' title='bbox 1911 2046 2063 2088; x_wconf 88' lang='lat' dir='ltr'><strong>usum</strong></span> <span class='ocrx_word' id='word_1_288' title='bbox 2109 2032 2334 2089; x_wconf 85' lang='lat' dir='ltr'><strong>Patrum</strong></span> <span class='ocrx_word' id='word_1_289' title='bbox 2363 2035 2608 2094; x_wconf 88' lang='lat' dir='ltr'><strong>Sceteos.</strong></span> <span class='ocrx_word' id='word_1_290' title='bbox 2657 2039 2749 2095; x_wconf 89' lang='lat' dir='ltr'><strong>Sic</strong></span> <span class='ocrx_word' id='word_1_291' title='bbox 2797 2043 2979 2112; x_wconf 81' lang='lat' dir='ltr'><strong>itaque</strong></span> <span class='ocrx_word' id='word_1_292' title='bbox 3009 2044 3099 2098; x_wconf 90' lang='lat' dir='ltr'><strong>diu</strong></span> <span class='ocrx_word' id='word_1_293' title='bbox 3147 2049 3482 2115; x_wconf 83' lang='lat' dir='ltr'><strong>permansit,</strong></span> 
     </span>
    </p>
   </div>
   <div class='ocr_carea' id='block_1_42' title="bbox 224 2121 1808 2202">
    <p class='ocr_par' dir='ltr' id='par_1_42' title="bbox 224 2124 1798 2202">
     <span class='ocr_line' id='line_1_42' title="bbox 224 2124 1798 2202; baseline 0.005 -26"><span class='ocrx_word' id='word_1_294' title='bbox 224 2124 318 2176; x_wconf 70' lang='grc' dir='ltr'><strong>ἑπὶ</strong></span> <span class='ocrx_word' id='word_1_295' title='bbox 350 2124 543 2196; x_wconf 84' lang='grc' dir='ltr'>χρόνον</span> <span class='ocrx_word' id='word_1_296' title='bbox 579 2125 778 2192; x_wconf 71' lang='grc' dir='ltr'>ἱκανὸν,</span> <span class='ocrx_word' id='word_1_297' title='bbox 818 2125 912 2178; x_wconf 76' lang='grc' dir='ltr'>καὶ</span> <span class='ocrx_word' id='word_1_298' title='bbox 946 2126 1324 2198; x_wconf 82' lang='grc' dir='ltr'>θεραπεύουσα</span> <span class='ocrx_word' id='word_1_299' title='bbox 1364 2129 1492 2193; x_wconf 82' lang='grc' dir='ltr'>τοὺς</span> <span class='ocrx_word' id='word_1_300' title='bbox 1525 2129 1798 2202; x_wconf 81' lang='grc' dir='ltr'>Πατέρας.</span> 
     </span>
    </p>
   </div>
   <div class='ocr_carea' id='block_1_43' title="bbox 1911 2121 3481 2202">
    <p class='ocr_par' dir='ltr' id='par_1_43' title="bbox 1911 2121 3481 2195">
     <span class='ocr_line' id='line_1_43' title="bbox 1911 2121 3481 2195; baseline 0.01 -17"><span class='ocrx_word' id='word_1_301' title='bbox 1911 2121 2141 2195; x_wconf 81' lang='lat' dir='ltr'><strong>hOSpitio</strong></span> <span class='ocrx_word' id='word_1_302' title='bbox 2184 2126 2490 2195; x_wconf 83' lang='lat' dir='ltr'><strong>suscipiens</strong></span> <span class='ocrx_word' id='word_1_303' title='bbox 2526 2140 2580 2184; x_wconf 90' lang='lat' dir='ltr'><strong>et</strong></span> <span class='ocrx_word' id='word_1_304' title='bbox 2623 2129 2813 2188; x_wconf 80' lang='lat' dir='ltr'><strong>fovens</strong></span> <span class='ocrx_word' id='word_1_305' title='bbox 2853 2131 3067 2190; x_wconf 79' lang='lat' dir='ltr'><strong>Patres.</strong></span> <span class='ocrx_word' id='word_1_306' title='bbox 3114 2134 3305 2192; x_wconf 79' lang='lat' dir='ltr'><strong>Postea</strong></span> <span class='ocrx_word' id='word_1_307' title='bbox 3348 2153 3481 2192; x_wconf 83' lang='lat' dir='ltr'><strong>con.-</strong></span> 
     </span>
    </p>
   </div>
   <div class='ocr_carea' id='block_1_44' title="bbox 229 2215 1808 2299">
    <p class='ocr_par' dir='ltr' id='par_1_44' title="bbox 229 2215 1802 2291">
     <span class='ocr_line' id='line_1_44' title="bbox 229 2215 1802 2291; baseline 0.003 -21"><span class='ocrx_word' id='word_1_308' title='bbox 229 2215 383 2270; x_wconf 71' lang='grc' dir='ltr'>Πετά</span> <span class='ocrx_word' id='word_1_309' title='bbox 433 2215 489 2269; x_wconf 77' lang='grc' dir='ltr'>δὲ</span> <span class='ocrx_word' id='word_1_310' title='bbox 517 2215 723 2288; x_wconf 86' lang='grc' dir='ltr'>χρόνον,</span> <span class='ocrx_word' id='word_1_311' title='bbox 769 2216 845 2281; x_wconf 82' lang='grc' dir='ltr'><strong>ὡς</strong></span> <span class='ocrx_word' id='word_1_312' title='bbox 877 2217 1128 2289; x_wconf 83' lang='grc' dir='ltr'>ἀνηλώθη</span> <span class='ocrx_word' id='word_1_313' title='bbox 1159 2219 1228 2272; x_wconf 89' lang='grc' dir='ltr'><strong>τά</strong></span> <span class='ocrx_word' id='word_1_314' title='bbox 1262 2219 1584 2291; x_wconf 87' lang='grc' dir='ltr'>πράγματα,</span> <span class='ocrx_word' id='word_1_315' title='bbox 1627 2220 1802 2291; x_wconf 82' lang='grc' dir='ltr'>ἀρχὴν</span> 
     </span>
    </p>
   </div>
   <div class='ocr_carea' id='block_1_45' title="bbox 1911 2215 3486 2299">
    <p class='ocr_par' dir='ltr' id='par_1_45' title="bbox 1911 2216 3486 2299">
     <span class='ocr_line' id='line_1_45' title="bbox 1911 2216 3486 2299; baseline 0.007 -28"><span class='ocrx_word' id='word_1_316' title='bbox 1911 2218 2138 2288; x_wconf 84' lang='lat' dir='ltr'><strong>sumptis</strong></span> <span class='ocrx_word' id='word_1_317' title='bbox 2167 2216 2538 2288; x_wconf 75' lang='lat' dir='ltr'><strong>facultatibus,</strong></span> <span class='ocrx_word' id='word_1_318' title='bbox 2574 2223 2740 2293; x_wconf 63' lang='lat' dir='ltr'><strong>coepit</strong></span> <span class='ocrx_word' id='word_1_319' title='bbox 2764 2238 2942 2294; x_wconf 83' lang='lat' dir='ltr'><strong>egere.</strong></span> <span class='ocrx_word' id='word_1_320' title='bbox 2982 2227 3239 2294; x_wconf 81' lang='lat' dir='ltr'><strong>Adjuncti</strong></span> <span class='ocrx_word' id='word_1_321' title='bbox 3270 2243 3397 2299; x_wconf 77' lang='lat' dir='ltr'><strong>ergo</strong></span> <span class='ocrx_word' id='word_1_322' title='bbox 3428 2230 3486 2284; x_wconf 86' lang='lat' dir='ltr'><strong>ei</strong></span> 
     </span>
    </p>
   </div>
   <div class='ocr_carea' id='block_1_46' title="bbox 227 2305 1808 2388">
    <p class='ocr_par' dir='ltr' id='par_1_46' title="bbox 227 2305 1802 2383">
     <span class='ocr_line' id='line_1_46' title="bbox 227 2305 1802 2383; baseline 0.004 -25"><span class='ocrx_word' id='word_1_323' title='bbox 227 2305 481 2378; x_wconf 67' lang='grc' dir='ltr'>ἐποίησεν</span> <span class='ocrx_word' id='word_1_324' title='bbox 526 2307 888 2378; x_wconf 79' lang='grc' dir='ltr'>ὑστερεῖσθαι.</span> <span class='ocrx_word' id='word_1_325' title='bbox 926 2309 1327 2380; x_wconf 84' lang='grc' dir='ltr'>Ἐκολλήθησαν</span> <span class='ocrx_word' id='word_1_326' title='bbox 1374 2306 1466 2365; x_wconf 80' lang='grc' dir='ltr'>οὖν</span> <span class='ocrx_word' id='word_1_327' title='bbox 1516 2311 1660 2383; x_wconf 72' lang='grc' dir='ltr'>αὐτῇ</span> <span class='ocrx_word' id='word_1_328' title='bbox 1686 2310 1802 2365; x_wconf 86' lang='grc' dir='ltr'>διά-</span> 
     </span>
    </p>
   </div>
   <div class='ocr_carea' id='block_1_47' title="bbox 1911 2305 3485 2388">
    <p class='ocr_par' dir='ltr' id='par_1_47' title="bbox 1911 2309 3485 2388">
     <span class='ocr_line' id='line_1_47' title="bbox 1911 2309 3485 2388; baseline 0.005 -26"><span class='ocrx_word' id='word_1_329' title='bbox 1911 2314 2030 2362; x_wconf 77' lang='lat' dir='ltr'><strong>sunt</strong></span> <span class='ocrx_word' id='word_1_330' title='bbox 2064 2309 2302 2377; x_wconf 78' lang='lat' dir='ltr'><strong>perversi</strong></span> <span class='ocrx_word' id='word_1_331' title='bbox 2345 2309 2612 2377; x_wconf 85' lang='lat' dir='ltr'><strong>homines,</strong></span> <span class='ocrx_word' id='word_1_332' title='bbox 2655 2311 2748 2381; x_wconf 90' lang='lat' dir='ltr'><strong>qui</strong></span> <span class='ocrx_word' id='word_1_333' title='bbox 2787 2327 2907 2367; x_wconf 89' lang='lat' dir='ltr'><strong>eam</strong></span> <span class='ocrx_word' id='word_1_334' title='bbox 2951 2329 2981 2367; x_wconf 87' lang='lat' dir='ltr'><strong>a</strong></span> <span class='ocrx_word' id='word_1_335' title='bbox 3019 2315 3163 2370; x_wconf 89' lang='lat' dir='ltr'><strong>bono</strong></span> <span class='ocrx_word' id='word_1_336' title='bbox 3200 2318 3485 2388; x_wconf 72' lang='lat' dir='ltr'><strong>proposito</strong></span> 
     </span>
    </p>
   </div>
   <div class='ocr_carea' id='block_1_48' title="bbox 230 2397 1808 2474">
    <p class='ocr_par' dir='ltr' id='par_1_48' title="bbox 230 2397 1801 2471">
     <span class='ocr_line' id='line_1_48' title="bbox 230 2397 1801 2471; baseline 0.001 -20"><span class='ocrx_word' id='word_1_337' title='bbox 230 2413 443 2469; x_wconf 76' lang='grc' dir='ltr'>στροφοι</span> <span class='ocrx_word' id='word_1_338' title='bbox 472 2397 791 2469; x_wconf 78' lang='grc' dir='ltr'>ἄνθρωποι,</span> <span class='ocrx_word' id='word_1_339' title='bbox 839 2399 933 2452; x_wconf 74' lang='grc' dir='ltr'>καὶ</span> <span class='ocrx_word' id='word_1_340' title='bbox 983 2398 1324 2470; x_wconf 82' lang='grc' dir='ltr'>μετέστησαν</span> <span class='ocrx_word' id='word_1_341' title='bbox 1361 2399 1530 2471; x_wconf 72' lang='grc' dir='ltr'>αὐτὴν</span> <span class='ocrx_word' id='word_1_342' title='bbox 1567 2400 1675 2452; x_wconf 80' lang='grc' dir='ltr'>ἀπὸ</span> <span class='ocrx_word' id='word_1_343' title='bbox 1706 2398 1801 2452; x_wconf 77' lang='grc' dir='ltr'><strong>τοῦ</strong></span> 
     </span>
    </p>
   </div>
   <div class='ocr_carea' id='block_1_49' title="bbox 1911 2397 3484 2474">
    <p class='ocr_par' dir='ltr' id='par_1_49' title="bbox 1911 2399 3484 2474">
     <span class='ocr_line' id='line_1_49' title="bbox 1911 2399 3484 2474; baseline 0.01 -24"><span class='ocrx_word' id='word_1_344' title='bbox 1911 2408 2249 2454; x_wconf 77' lang='lat' dir='ltr'><strong>averterunt:</strong></span> <span class='ocrx_word' id='word_1_345' title='bbox 2276 2399 2510 2471; x_wconf 88' lang='lat' dir='ltr'><strong>indeque</strong></span> <span class='ocrx_word' id='word_1_346' title='bbox 2541 2404 2707 2472; x_wconf 67' lang='lat' dir='ltr'><strong>coepit</strong></span> <span class='ocrx_word' id='word_1_347' title='bbox 2746 2419 2909 2474; x_wconf 82' lang='lat' dir='ltr'><strong>prave</strong></span> <span class='ocrx_word' id='word_1_348' title='bbox 2940 2421 3118 2474; x_wconf 77' lang='lat' dir='ltr'><strong>agere,</strong></span> <span class='ocrx_word' id='word_1_349' title='bbox 3153 2408 3288 2464; x_wconf 88' lang='lat' dir='ltr'><strong>adeo</strong></span> <span class='ocrx_word' id='word_1_350' title='bbox 3320 2418 3377 2463; x_wconf 94' lang='lat' dir='ltr'><strong>ut</strong></span> <span class='ocrx_word' id='word_1_351' title='bbox 3412 2411 3484 2466; x_wconf 83' lang='lat' dir='ltr'><strong>ad</strong></span> 
     </span>
    </p>
   </div>
   <div class='ocr_carea' id='block_1_50' title="bbox 230 2488 1808 2563">
    <p class='ocr_par' dir='ltr' id='par_1_50' title="bbox 230 2488 1803 2563">
     <span class='ocr_line' id='line_1_50' title="bbox 230 2488 1803 2563; baseline 0.001 -21"><span class='ocrx_word' id='word_1_352' title='bbox 230 2489 428 2543; x_wconf 79' lang='grc' dir='ltr'>σκοποῦ</span> <span class='ocrx_word' id='word_1_353' title='bbox 458 2488 552 2543; x_wconf 82' lang='grc' dir='ltr'>τοῦ</span> <span class='ocrx_word' id='word_1_354' title='bbox 580 2489 788 2558; x_wconf 88' lang='grc' dir='ltr'>ἀγαθοῦ</span> <span class='ocrx_word' id='word_1_355' title='bbox 826 2507 840 2521; x_wconf 76' lang='grc' dir='ltr'><strong><em>ο</em></strong></span> <span class='ocrx_word' id='word_1_356' title='bbox 889 2491 984 2543; x_wconf 70' lang='grc' dir='ltr'><strong>καλ⁸</strong></span> <span class='ocrx_word' id='word_1_357' title='bbox 1013 2490 1200 2544; x_wconf 84' lang='grc' dir='ltr'>λοιπδν</span> <span class='ocrx_word' id='word_1_358' title='bbox 1239 2489 1441 2563; x_wconf 79' lang='grc' dir='ltr'>ἡρξατο</span> <span class='ocrx_word' id='word_1_359' title='bbox 1473 2491 1679 2560; x_wconf 77' lang='grc' dir='ltr'><strong>διάγειν</strong></span> <span class='ocrx_word' id='word_1_360' title='bbox 1703 2509 1803 2544; x_wconf 81' lang='grc' dir='ltr'>κα-</span> 
     </span>
    </p>
   </div>
   <div class='ocr_carea' id='block_1_51' title="bbox 1911 2488 3487 2563">
    <p class='ocr_par' dir='ltr' id='par_1_51' title="bbox 1911 2488 3487 2562">
     <span class='ocr_line' id='line_1_51' title="bbox 1911 2488 3487 2562; baseline 0.01 -20"><span class='ocrx_word' id='word_1_361' title='bbox 1911 2488 2285 2545; x_wconf 81' lang='lat' dir='ltr'><strong>l&#39;urnicandum</strong></span> <span class='ocrx_word' id='word_1_362' title='bbox 2305 2493 2629 2562; x_wconf 89' lang='lat' dir='ltr'><strong>perveniret.</strong></span> <span class='ocrx_word' id='word_1_363' title='bbox 2663 2495 2782 2560; x_wconf 87' lang='lat' dir='ltr'><strong>Quo</strong></span> <span class='ocrx_word' id='word_1_364' title='bbox 2807 2495 3015 2558; x_wconf 90' lang='lat' dir='ltr'><strong>audito,</strong></span> <span class='ocrx_word' id='word_1_365' title='bbox 3052 2494 3240 2553; x_wconf 82' lang='lat' dir='ltr'><strong>Patres</strong></span> <span class='ocrx_word' id='word_1_366' title='bbox 3269 2516 3487 2559; x_wconf 75' lang='lat' dir='ltr'><strong>summa</strong></span> 
     </span>
    </p>
   </div>
   <div class='ocr_carea' id='block_1_52' title="bbox 230 2580 1808 2655">
    <p class='ocr_par' dir='ltr' id='par_1_52' title="bbox 230 2581 1803 2655">
     <span class='ocr_line' id='line_1_52' title="bbox 230 2581 1803 2655; baseline 0.002 -21"><span class='ocrx_word' id='word_1_367' title='bbox 230 2581 354 2645; x_wconf 83' lang='grc' dir='ltr'>κῶς,</span> <span class='ocrx_word' id='word_1_368' title='bbox 375 2582 518 2635; x_wconf 81' lang='grc' dir='ltr'>ὥστε</span> <span class='ocrx_word' id='word_1_369' title='bbox 546 2582 750 2651; x_wconf 78' lang='grc' dir='ltr'>φθάσαι</span> <span class='ocrx_word' id='word_1_370' title='bbox 782 2582 951 2654; x_wconf 75' lang='grc' dir='ltr'>αὐτὴν</span> <span class='ocrx_word' id='word_1_371' title='bbox 989 2585 1069 2646; x_wconf 85' lang='grc' dir='ltr'><strong>είς</strong></span> <span class='ocrx_word' id='word_1_372' title='bbox 1100 2583 1162 2636; x_wconf 82' lang='grc' dir='ltr'>τὸ</span> <span class='ocrx_word' id='word_1_373' title='bbox 1180 2583 1485 2655; x_wconf 89' lang='grc' dir='ltr'>πορνεύειν.</span> <span class='ocrx_word' id='word_1_374' title='bbox 1524 2585 1803 2637; x_wconf 83' lang='grc' dir='ltr'>Ἤκουσαν</span> 
     </span>
    </p>
   </div>
   <div class='ocr_carea' id='block_1_53' title="bbox 1911 2580 3491 2655">
    <p class='ocr_par' dir='ltr' id='par_1_53' title="bbox 1911 2580 3491 2646">
     <span class='ocr_line' id='line_1_53' title="bbox 1911 2580 3491 2646; baseline 0.009 -13"><span class='ocrx_word' id='word_1_375' title='bbox 1911 2580 2077 2635; x_wconf 74' lang='lat' dir='ltr'><strong>allecti</strong></span> <span class='ocrx_word' id='word_1_376' title='bbox 2112 2591 2238 2636; x_wconf 88' lang='lat' dir='ltr'><strong>sunt</strong></span> <span class='ocrx_word' id='word_1_377' title='bbox 2277 2584 2522 2640; x_wconf 86' lang='lat' dir='ltr'><strong>tristitia.</strong></span> <span class='ocrx_word' id='word_1_378' title='bbox 2559 2584 2625 2639; x_wconf 84' lang='lat' dir='ltr'><strong>Et</strong></span> <span class='ocrx_word' id='word_1_379' title='bbox 2655 2586 2988 2641; x_wconf 82' lang='lat' dir='ltr'><strong>advocantes</strong></span> <span class='ocrx_word' id='word_1_380' title='bbox 3030 2587 3286 2645; x_wconf 79' lang='lat' dir='ltr'><strong>abbatem.</strong></span> <span class='ocrx_word' id='word_1_381' title='bbox 3320 2589 3491 2646; x_wconf 81' lang='lat' dir='ltr'><strong>Joan-</strong></span> 
     </span>
    </p>
   </div>
   <div class='ocr_carea' id='block_1_54' title="bbox 228 2673 1808 2750">
    <p class='ocr_par' dir='ltr' id='par_1_54' title="bbox 228 2673 1805 2746">
     <span class='ocr_line' id='line_1_54' title="bbox 228 2673 1805 2746; baseline 0 -20"><span class='ocrx_word' id='word_1_382' title='bbox 228 2673 280 2726; x_wconf 65' lang='lat'><strong>&#39;32</strong></span> <span class='ocrx_word' id='word_1_383' title='bbox 306 2674 355 2727; x_wconf 82' lang='grc' dir='ltr'><strong>οἱ</strong></span> <span class='ocrx_word' id='word_1_384' title='bbox 385 2673 648 2745; x_wconf 82' lang='grc' dir='ltr'>Πατέρες,</span> <span class='ocrx_word' id='word_1_385' title='bbox 677 2675 772 2728; x_wconf 73' lang='grc' dir='ltr'>καὶ</span> <span class='ocrx_word' id='word_1_386' title='bbox 802 2675 944 2728; x_wconf 79' lang='grc' dir='ltr'>πάνυ</span> <span class='ocrx_word' id='word_1_387' title='bbox 973 2673 1346 2746; x_wconf 71' lang='grc' dir='ltr'>ἐλυπήθησαν,</span> <span class='ocrx_word' id='word_1_388' title='bbox 1376 2676 1471 2728; x_wconf 79' lang='grc' dir='ltr'>καὶ</span> <span class='ocrx_word' id='word_1_389' title='bbox 1503 2673 1805 2745; x_wconf 87' lang='grc' dir='ltr'>προσκαλε-</span> 
     </span>
    </p>
   </div>
   <div class='ocr_carea' id='block_1_55' title="bbox 1911 2673 3491 2750">
    <p class='ocr_par' dir='ltr' id='par_1_55' title="bbox 1911 2673 3491 2750">
     <span class='ocr_line' id='line_1_55' title="bbox 1911 2673 3491 2750; baseline 0.003 -23"><span class='ocrx_word' id='word_1_390' title='bbox 1911 2689 2024 2728; x_wconf 87' lang='lat' dir='ltr'><strong>nem</strong></span> <span class='ocrx_word' id='word_1_391' title='bbox 2055 2673 2307 2738; x_wconf 84' lang='lat' dir='ltr'><strong>Curlum,</strong></span> <span class='ocrx_word' id='word_1_392' title='bbox 2344 2675 2534 2730; x_wconf 88' lang='lat' dir='ltr'><strong>dicunt</strong></span> <span class='ocrx_word' id='word_1_393' title='bbox 2569 2677 2658 2731; x_wconf 89' lang='lat' dir='ltr'><strong>ei:</strong></span> <span class='ocrx_word' id='word_1_394' title='bbox 2693 2676 2768 2732; x_wconf 86' lang='lat' dir='ltr'><strong>De</strong></span> <span class='ocrx_word' id='word_1_395' title='bbox 2807 2694 2994 2734; x_wconf 84' lang='lat' dir='ltr'><strong>sorore</strong></span> <span class='ocrx_word' id='word_1_396' title='bbox 3032 2681 3120 2733; x_wconf 88' lang='lat' dir='ltr'><strong>illa</strong></span> <span class='ocrx_word' id='word_1_397' title='bbox 3149 2683 3491 2750; x_wconf 75' lang='lat' dir='ltr'><strong>accepimus,</strong></span> 
     </span>
    </p>
   </div>
   <div class='ocr_carea' id='block_1_56' title="bbox 231 2763 1808 2840">
    <p class='ocr_par' dir='ltr' id='par_1_56' title="bbox 231 2763 1802 2836">
     <span class='ocr_line' id='line_1_56' title="bbox 231 2763 1802 2836; baseline 0.001 -19"><span class='ocrx_word' id='word_1_398' title='bbox 231 2763 451 2835; x_wconf 79' lang='grc' dir='ltr'>σάμενοι</span> <span class='ocrx_word' id='word_1_399' title='bbox 498 2767 592 2818; x_wconf 82' lang='grc' dir='ltr'>τὸν</span> <span class='ocrx_word' id='word_1_400' title='bbox 649 2765 825 2820; x_wconf 81' lang='grc' dir='ltr'>ἀδϐᾶν</span> <span class='ocrx_word' id='word_1_401' title='bbox 857 2765 1109 2836; x_wconf 83' lang='grc' dir='ltr'>Ἰωάννην</span> <span class='ocrx_word' id='word_1_402' title='bbox 1140 2766 1229 2820; x_wconf 75' lang='grc' dir='ltr'><strong>τὸν</strong></span> <span class='ocrx_word' id='word_1_403' title='bbox 1261 2766 1500 2830; x_wconf 76' lang='grc' dir='ltr'>κολοϐὸν,</span> <span class='ocrx_word' id='word_1_404' title='bbox 1557 2765 1802 2835; x_wconf 80' lang='grc' dir='ltr'>λέγουσιν</span> 
     </span>
    </p>
   </div>
   <div class='ocr_carea' id='block_1_57' title="bbox 1911 2763 3483 2840">
    <p class='ocr_par' dir='ltr' id='par_1_57' title="bbox 1911 2765 3483 2840">
     <span class='ocr_line' id='line_1_57' title="bbox 1911 2765 3483 2840; baseline 0.007 -23"><span class='ocrx_word' id='word_1_405' title='bbox 1911 2765 2045 2819; x_wconf 85' lang='lat' dir='ltr'><strong>male</strong></span> <span class='ocrx_word' id='word_1_406' title='bbox 2065 2779 2186 2820; x_wconf 89' lang='lat' dir='ltr'><strong>eam</strong></span> <span class='ocrx_word' id='word_1_407' title='bbox 2226 2767 2440 2833; x_wconf 82' lang='lat' dir='ltr'><strong>vivere;</strong></span> <span class='ocrx_word' id='word_1_408' title='bbox 2477 2768 2566 2821; x_wconf 86' lang='lat' dir='ltr'><strong>illa</strong></span> <span class='ocrx_word' id='word_1_409' title='bbox 2601 2783 2730 2822; x_wconf 77' lang='lat' dir='ltr'><strong>vero</strong></span> <span class='ocrx_word' id='word_1_410' title='bbox 2765 2785 2889 2823; x_wconf 83' lang='lat' dir='ltr'><strong>eum</strong></span> <span class='ocrx_word' id='word_1_411' title='bbox 2921 2775 3118 2840; x_wconf 82' lang='lat' dir='ltr'><strong>potuit.</strong></span> <span class='ocrx_word' id='word_1_412' title='bbox 3153 2772 3483 2828; x_wconf 72' lang='lat' dir='ltr'><strong>cbaritatent</strong></span> 
     </span>
    </p>
   </div>
   <div class='ocr_carea' id='block_1_58' title="bbox 230 2855 1808 2932">
    <p class='ocr_par' dir='ltr' id='par_1_58' title="bbox 230 2855 1802 2930">
     <span class='ocr_line' id='line_1_58' title="bbox 230 2855 1802 2930; baseline 0.001 -22"><span class='ocrx_word' id='word_1_413' title='bbox 230 2855 368 2926; x_wconf 72' lang='grc' dir='ltr'>αὐτῷ</span> <span class='ocrx_word' id='word_1_414' title='bbox 390 2857 496 2920; x_wconf 87' lang='grc' dir='ltr'>δτι,</span> <span class='ocrx_word' id='word_1_415' title='bbox 531 2856 873 2928; x_wconf 86' lang='grc' dir='ltr'>Ἢκούσαμεν</span> <span class='ocrx_word' id='word_1_416' title='bbox 905 2859 1032 2928; x_wconf 67' lang='grc' dir='ltr'>περὶ</span> <span class='ocrx_word' id='word_1_417' title='bbox 1063 2858 1160 2926; x_wconf 82' lang='grc' dir='ltr'>τῆς</span> <span class='ocrx_word' id='word_1_418' title='bbox 1190 2857 1424 2929; x_wconf 69' lang='grc' dir='ltr'>ἀδελφῆς</span> <span class='ocrx_word' id='word_1_419' title='bbox 1458 2857 1694 2930; x_wconf 74' lang='grc' dir='ltr'>ἐκείνης,</span> <span class='ocrx_word' id='word_1_420' title='bbox 1720 2858 1802 2912; x_wconf 80' lang='grc' dir='ltr'><strong>ὅτι</strong></span> 
     </span>
    </p>
   </div>
   <div class='ocr_carea' id='block_1_59' title="bbox 1911 2855 3479 2932">
    <p class='ocr_par' dir='ltr' id='par_1_59' title="bbox 1911 2856 3479 2932">
     <span class='ocr_line' id='line_1_59' title="bbox 1911 2856 3479 2932; baseline 0.007 -23"><span class='ocrx_word' id='word_1_421' title='bbox 1911 2868 2058 2909; x_wconf 78' lang='lat' dir='ltr'><strong>suam</strong></span> <span class='ocrx_word' id='word_1_422' title='bbox 2095 2869 2220 2924; x_wconf 74' lang='lat' dir='ltr'><strong>erga</strong></span> <span class='ocrx_word' id='word_1_423' title='bbox 2270 2870 2370 2910; x_wconf 89' lang='lat' dir='ltr'><strong>nos</strong></span> <span class='ocrx_word' id='word_1_424' title='bbox 2408 2856 2686 2922; x_wconf 80' lang='lat' dir='ltr'><strong>exercuit;</strong></span> <span class='ocrx_word' id='word_1_425' title='bbox 2738 2873 2885 2912; x_wconf 88' lang='lat' dir='ltr'><strong>nunc</strong></span> <span class='ocrx_word' id='word_1_426' title='bbox 2927 2859 3169 2914; x_wconf 75' lang='lat' dir='ltr'><strong>vicissim</strong></span> <span class='ocrx_word' id='word_1_427' title='bbox 3217 2878 3316 2916; x_wconf 91' lang='lat' dir='ltr'><strong>nos</strong></span> <span class='ocrx_word' id='word_1_428' title='bbox 3353 2879 3479 2932; x_wconf 65' lang='lat' dir='ltr'><strong>erga</strong></span> 
     </span>
    </p>
   </div>
   <div class='ocr_carea' id='block_1_60' title="bbox 230 2945 1808 3022">
    <p class='ocr_par' dir='ltr' id='par_1_60' title="bbox 230 2948 1804 3022">
     <span class='ocr_line' id='line_1_60' title="bbox 230 2948 1804 3022; baseline 0.004 -24"><span class='ocrx_word' id='word_1_429' title='bbox 230 2949 400 3017; x_wconf 74' lang='grc' dir='ltr'>διάγει</span> <span class='ocrx_word' id='word_1_430' title='bbox 424 2948 610 3014; x_wconf 85' lang='grc' dir='ltr'>κακῶς</span> <span class='ocrx_word' id='word_1_431' title='bbox 640 2951 736 3003; x_wconf 69' lang='grc' dir='ltr'>καὶ</span> <span class='ocrx_word' id='word_1_432' title='bbox 765 2950 904 3020; x_wconf 82' lang='grc' dir='ltr'>αὐτὴ</span> <span class='ocrx_word' id='word_1_433' title='bbox 933 2951 1020 3004; x_wconf 83' lang='grc' dir='ltr'>ὅτε</span> <span class='ocrx_word' id='word_1_434' title='bbox 1052 2950 1302 3021; x_wconf 72' lang='grc' dir='ltr'>ἠδύνατο,</span> <span class='ocrx_word' id='word_1_435' title='bbox 1324 2951 1422 3022; x_wconf 80' lang='grc' dir='ltr'>τὴν</span> <span class='ocrx_word' id='word_1_436' title='bbox 1459 2951 1679 3022; x_wconf 84' lang='grc' dir='ltr'>ἀγάπην</span> <span class='ocrx_word' id='word_1_437' title='bbox 1705 2951 1804 3004; x_wconf 85' lang='grc' dir='ltr'><strong>αὐ-</strong></span> 
     </span>
    </p>
   </div>
   <div class='ocr_carea' id='block_1_61' title="bbox 1911 2945 3481 3022">
    <p class='ocr_par' dir='ltr' id='par_1_61' title="bbox 1911 2945 3481 3013">
     <span class='ocr_line' id='line_1_61' title="bbox 1911 2945 3481 3013; baseline 0.005 -14"><span class='ocrx_word' id='word_1_438' title='bbox 1911 2945 2050 2999; x_wconf 85' lang='lat' dir='ltr'><strong>illam</strong></span> <span class='ocrx_word' id='word_1_439' title='bbox 2097 2946 2455 3002; x_wconf 86' lang='lat' dir='ltr'><strong>ostendamus</strong></span> <span class='ocrx_word' id='word_1_440' title='bbox 2480 2947 2827 3013; x_wconf 84' lang='lat' dir='ltr'><strong>eltaritatem,</strong></span> <span class='ocrx_word' id='word_1_441' title='bbox 2866 2952 3237 3006; x_wconf 87' lang='lat' dir='ltr'><strong>succurrendo</strong></span> <span class='ocrx_word' id='word_1_442' title='bbox 3268 2955 3337 3007; x_wconf 90' lang='lat' dir='ltr'><strong>ei.</strong></span> <span class='ocrx_word' id='word_1_443' title='bbox 3377 2953 3481 3007; x_wconf 77' lang='lat' dir='ltr'><strong>Ita-</strong></span> 
     </span>
    </p>
   </div>
   <div class='ocr_carea' id='block_1_62' title="bbox 228 3036 1808 3146">
    <p class='ocr_par' dir='ltr' id='par_1_62' title="bbox 228 3042 1803 3115">
     <span class='ocr_line' id='line_1_62' title="bbox 228 3042 1803 3115; baseline 0.006 -27"><span class='ocrx_word' id='word_1_444' title='bbox 228 3045 320 3111; x_wconf 62' lang='lat' dir='ltr'><strong>ei;</strong></span> <span class='ocrx_word' id='word_1_445' title='bbox 343 3043 425 3106; x_wconf 77' lang='grc' dir='ltr'><strong>είς</strong></span> <span class='ocrx_word' id='word_1_446' title='bbox 456 3043 601 3112; x_wconf 72' lang='grc' dir='ltr'>ἡμᾶς</span> <span class='ocrx_word' id='word_1_447' title='bbox 627 3042 925 3108; x_wconf 75' lang='grc' dir='ltr'>ἐνεδείξατο</span> <span class='ocrx_word' id='word_1_448' title='bbox 943 3059 958 3074; x_wconf 68' lang='grc'>⁸</span> <span class='ocrx_word' id='word_1_449' title='bbox 985 3043 1078 3097; x_wconf 75' lang='grc' dir='ltr'><strong>καὶ</strong></span> <span class='ocrx_word' id='word_1_450' title='bbox 1101 3043 1194 3096; x_wconf 78' lang='grc' dir='ltr'>νῦν</span> <span class='ocrx_word' id='word_1_451' title='bbox 1214 3044 1373 3114; x_wconf 76' lang='grc' dir='ltr'>ἡμεῖς</span> <span class='ocrx_word' id='word_1_452' title='bbox 1405 3043 1803 3115; x_wconf 80' lang='grc' dir='ltr'>ὲπιδειξὼμεθα</span> 
     </span>
    </p>
   </div>
   <div class='ocr_carea' id='block_1_63' title="bbox 1911 3036 3474 3146">
    <p class='ocr_par' dir='ltr' id='par_1_63' title="bbox 1911 3036 3474 3113">
     <span class='ocr_line' id='line_1_63' title="bbox 1911 3036 3474 3113; baseline 0.006 -24"><span class='ocrx_word' id='word_1_453' title='bbox 1911 3051 2008 3105; x_wconf 85' lang='lat' dir='ltr'><strong>que</strong></span> <span class='ocrx_word' id='word_1_454' title='bbox 2029 3036 2082 3090; x_wconf 89' lang='lat' dir='ltr'><strong>id</strong></span> <span class='ocrx_word' id='word_1_455' title='bbox 2107 3037 2306 3092; x_wconf 88' lang='lat' dir='ltr'><strong>laboris</strong></span> <span class='ocrx_word' id='word_1_456' title='bbox 2337 3038 2574 3107; x_wconf 85' lang='lat' dir='ltr'><strong>suscipe,</strong></span> <span class='ocrx_word' id='word_1_457' title='bbox 2602 3048 2661 3093; x_wconf 92' lang='lat' dir='ltr'><strong>ut</strong></span> <span class='ocrx_word' id='word_1_458' title='bbox 2687 3039 2751 3092; x_wconf 80' lang='lat' dir='ltr'><strong>ad</strong></span> <span class='ocrx_word' id='word_1_459' title='bbox 2780 3040 2924 3092; x_wconf 89' lang='lat' dir='ltr'><strong>illam</strong></span> <span class='ocrx_word' id='word_1_460' title='bbox 2954 3042 3185 3096; x_wconf 84' lang='lat' dir='ltr'><strong>accedas</strong></span> <span class='ocrx_word' id='word_1_461' title='bbox 3205 3051 3297 3097; x_wconf 68' lang='grc' dir='ltr'><strong>εει</strong></span> <span class='ocrx_word' id='word_1_462' title='bbox 3317 3043 3474 3113; x_wconf 84' lang='lat' dir='ltr'><strong>juxta</strong></span> 
     </span>
    </p>
   </div>
   <div class='ocr_carea' id='block_1_64' title="bbox 229 3129 1808 3209">
    <p class='ocr_par' dir='ltr' id='par_1_64' title="bbox 229 3133 1804 3209">
     <span class='ocr_line' id='line_1_64' title="bbox 229 3133 1804 3209; baseline 0.004 -24"><span class='ocrx_word' id='word_1_463' title='bbox 229 3134 304 3196; x_wconf 68' lang='grc' dir='ltr'>εἰς</span> <span class='ocrx_word' id='word_1_464' title='bbox 334 3133 507 3204; x_wconf 76' lang='grc' dir='ltr'>αὐτὴν</span> <span class='ocrx_word' id='word_1_465' title='bbox 540 3133 642 3204; x_wconf 81' lang='grc' dir='ltr'>τὴν</span> <span class='ocrx_word' id='word_1_466' title='bbox 668 3134 910 3206; x_wconf 85' lang='grc' dir='ltr'>ἀγάπην,</span> <span class='ocrx_word' id='word_1_467' title='bbox 937 3135 1033 3188; x_wconf 77' lang='grc' dir='ltr'>καὶ</span> <span class='ocrx_word' id='word_1_468' title='bbox 1067 3134 1422 3208; x_wconf 78' lang='grc' dir='ltr'>βοηθήσωμεν</span> <span class='ocrx_word' id='word_1_469' title='bbox 1445 3137 1600 3209; x_wconf 76' lang='grc' dir='ltr'>αὐτῇ.</span> <span class='ocrx_word' id='word_1_470' title='bbox 1631 3137 1804 3191; x_wconf 86' lang='grc' dir='ltr'>Σκύλ-</span> 
     </span>
    </p>
   </div>
   <div class='ocr_carea' id='block_1_65' title="bbox 1911 3129 3482 3209">
    <p class='ocr_par' dir='ltr' id='par_1_65' title="bbox 1911 3129 3482 3202">
     <span class='ocr_line' id='line_1_65' title="bbox 1911 3129 3482 3202; baseline 0.005 -20"><span class='ocrx_word' id='word_1_471' title='bbox 1911 3129 2228 3197; x_wconf 82' lang='lat' dir='ltr'><strong>sapientiam</strong></span> <span class='ocrx_word' id='word_1_472' title='bbox 2267 3143 2430 3198; x_wconf 87' lang='lat' dir='ltr'><strong>quam</strong></span> <span class='ocrx_word' id='word_1_473' title='bbox 2476 3129 2573 3184; x_wconf 89' lang='lat' dir='ltr'><strong>tibi</strong></span> <span class='ocrx_word' id='word_1_474' title='bbox 2621 3130 2769 3185; x_wconf 91' lang='lat' dir='ltr'><strong>dedit</strong></span> <span class='ocrx_word' id='word_1_475' title='bbox 2807 3129 2982 3194; x_wconf 88' lang='lat' dir='ltr'><strong>Dens,</strong></span> <span class='ocrx_word' id='word_1_476' title='bbox 3031 3132 3098 3187; x_wconf 91' lang='lat' dir='ltr'><strong>de</strong></span> <span class='ocrx_word' id='word_1_477' title='bbox 3140 3149 3198 3187; x_wconf 91' lang='lat' dir='ltr'><strong>re</strong></span> <span class='ocrx_word' id='word_1_478' title='bbox 3235 3135 3482 3202; x_wconf 66' lang='lat' dir='ltr'><strong>dispone.</strong></span> 
     </span>
    </p>
   </div>
   <div class='ocr_carea' id='block_1_66' title="bbox 231 3220 1808 3300">
    <p class='ocr_par' dir='ltr' id='par_1_66' title="bbox 231 3221 1806 3300">
     <span class='ocr_line' id='line_1_66' title="bbox 231 3221 1806 3300; baseline 0.004 -23"><span class='ocrx_word' id='word_1_479' title='bbox 231 3224 345 3296; x_wconf 81' lang='grc' dir='ltr'>θητι</span> <span class='ocrx_word' id='word_1_480' title='bbox 373 3221 471 3278; x_wconf 82' lang='grc' dir='ltr'>οὖν</span> <span class='ocrx_word' id='word_1_481' title='bbox 504 3225 641 3296; x_wconf 71' lang='grc' dir='ltr'>πρὸς</span> <span class='ocrx_word' id='word_1_482' title='bbox 659 3226 828 3294; x_wconf 79' lang='grc' dir='ltr'>αὑτήν</span> <span class='ocrx_word' id='word_1_483' title='bbox 853 3244 867 3258; x_wconf 92' lang='grc'><strong>·</strong></span> <span class='ocrx_word' id='word_1_484' title='bbox 897 3227 990 3280; x_wconf 78' lang='grc' dir='ltr'>καὶ</span> <span class='ocrx_word' id='word_1_485' title='bbox 1021 3227 1161 3280; x_wconf 86' lang='grc' dir='ltr'>κατὰ</span> <span class='ocrx_word' id='word_1_486' title='bbox 1183 3228 1283 3298; x_wconf 81' lang='grc' dir='ltr'>τὴν</span> <span class='ocrx_word' id='word_1_487' title='bbox 1314 3229 1506 3297; x_wconf 76' lang='grc' dir='ltr'>σοφίαν</span> <span class='ocrx_word' id='word_1_488' title='bbox 1537 3230 1604 3300; x_wconf 83' lang='grc' dir='ltr'>ἥν</span> <span class='ocrx_word' id='word_1_489' title='bbox 1637 3229 1806 3283; x_wconf 81' lang='grc' dir='ltr'>ἑδωκέ</span> 
     </span>
    </p>
   </div>
   <div class='ocr_carea' id='block_1_67' title="bbox 1911 3220 3488 3300">
    <p class='ocr_par' dir='ltr' id='par_1_67' title="bbox 1911 3220 3488 3294">
     <span class='ocr_line' id='line_1_67' title="bbox 1911 3220 3488 3294; baseline 0.005 -20"><span class='ocrx_word' id='word_1_490' title='bbox 1911 3220 2062 3274; x_wconf 73' lang='lat' dir='ltr'><strong>Venit</strong></span> <span class='ocrx_word' id='word_1_491' title='bbox 2105 3221 2273 3276; x_wconf 83' lang='lat' dir='ltr'><strong>abbas</strong></span> <span class='ocrx_word' id='word_1_492' title='bbox 2314 3221 2555 3277; x_wconf 81' lang='lat' dir='ltr'><strong>Joannes</strong></span> <span class='ocrx_word' id='word_1_493' title='bbox 2595 3222 2660 3276; x_wconf 87' lang='lat' dir='ltr'><strong>ad</strong></span> <span class='ocrx_word' id='word_1_494' title='bbox 2707 3222 2917 3292; x_wconf 81' lang='lat' dir='ltr'><strong>ipsam,</strong></span> <span class='ocrx_word' id='word_1_495' title='bbox 2959 3222 3206 3294; x_wconf 79' lang='lat' dir='ltr'><strong>dicitque</strong></span> <span class='ocrx_word' id='word_1_496' title='bbox 3257 3227 3488 3283; x_wconf 58' lang='lat' dir='ltr'><strong>anicula</strong></span> 
     </span>
    </p>
   </div>
   <div class='ocr_carea' id='block_1_68' title="bbox 230 3311 1808 3388">
    <p class='ocr_par' dir='ltr' id='par_1_68' title="bbox 230 3316 1806 3388">
     <span class='ocr_line' id='line_1_68' title="bbox 230 3316 1806 3388; baseline 0.004 -20"><span class='ocrx_word' id='word_1_497' title='bbox 230 3333 308 3368; x_wconf 77' lang='grc' dir='ltr'>σοι</span> <span class='ocrx_word' id='word_1_498' title='bbox 346 3319 377 3371; x_wconf 84' lang='grc' dir='ltr'><strong>δ</strong></span> <span class='ocrx_word' id='word_1_499' title='bbox 423 3317 580 3380; x_wconf 75' lang='grc' dir='ltr'>Θεὸς,</span> <span class='ocrx_word' id='word_1_500' title='bbox 617 3317 972 3388; x_wconf 81' lang='grc' dir='ltr'>οίκονόμησον</span> <span class='ocrx_word' id='word_1_501' title='bbox 1027 3317 1089 3372; x_wconf 88' lang='grc' dir='ltr'><strong>τά</strong></span> <span class='ocrx_word' id='word_1_502' title='bbox 1113 3321 1233 3372; x_wconf 78' lang='grc' dir='ltr'>κατ’</span> <span class='ocrx_word' id='word_1_503' title='bbox 1263 3319 1454 3388; x_wconf 76' lang='grc' dir='ltr'>αὑτήν.</span> <span class='ocrx_word' id='word_1_504' title='bbox 1486 3317 1689 3372; x_wconf 79' lang='grc' dir='ltr'><strong>1Ἦλθεν</strong></span> <span class='ocrx_word' id='word_1_505' title='bbox 1713 3316 1806 3374; x_wconf 76' lang='grc' dir='ltr'>οὖν</span> 
     </span>
    </p>
   </div>
   <div class='ocr_carea' id='block_1_69' title="bbox 1911 3311 3487 3388">
    <p class='ocr_par' dir='ltr' id='par_1_69' title="bbox 1911 3311 3487 3380">
     <span class='ocr_line' id='line_1_69' title="bbox 1911 3311 3487 3380; baseline 0.008 -16"><span class='ocrx_word' id='word_1_506' title='bbox 1911 3311 2142 3380; x_wconf 85' lang='lat' dir='ltr'><strong>ianitrici</strong></span> <span class='ocrx_word' id='word_1_507' title='bbox 2176 3331 2188 3366; x_wconf 91' lang='lat'><strong>:</strong></span> <span class='ocrx_word' id='word_1_508' title='bbox 2225 3314 2403 3369; x_wconf 89' lang='lat' dir='ltr'><strong>Indica</strong></span> <span class='ocrx_word' id='word_1_509' title='bbox 2449 3314 2694 3370; x_wconf 77' lang='lat' dir='ltr'><strong>domime</strong></span> <span class='ocrx_word' id='word_1_510' title='bbox 2721 3323 2827 3369; x_wconf 72' lang='lat' dir='ltr'><strong>tuae</strong></span> <span class='ocrx_word' id='word_1_511' title='bbox 2864 3331 2948 3371; x_wconf 89' lang='lat' dir='ltr'><strong>me</strong></span> <span class='ocrx_word' id='word_1_512' title='bbox 2982 3316 3069 3370; x_wconf 84' lang='lat' dir='ltr'><strong>hic</strong></span> <span class='ocrx_word' id='word_1_513' title='bbox 3098 3334 3241 3374; x_wconf 90' lang='lat' dir='ltr'><strong>esse.</strong></span> <span class='ocrx_word' id='word_1_514' title='bbox 3270 3319 3361 3374; x_wconf 91' lang='lat' dir='ltr'><strong>llla</strong></span> <span class='ocrx_word' id='word_1_515' title='bbox 3402 3337 3487 3377; x_wconf 80' lang='lat' dir='ltr'><strong>re-</strong></span> 
     </span>
    </p>
   </div>
   <div class='ocr_carea' id='block_1_70' title="bbox 227 3403 1808 3482">
    <p class='ocr_par' dir='ltr' id='par_1_70' title="bbox 227 3406 1806 3482">
     <span class='ocr_line' id='line_1_70' title="bbox 227 3406 1806 3482; baseline 0.003 -23"><span class='ocrx_word' id='word_1_516' title='bbox 227 3409 255 3459; x_wconf 82' lang='grc' dir='ltr'><strong><em>ὸ</em></strong></span> <span class='ocrx_word' id='word_1_517' title='bbox 287 3407 468 3470; x_wconf 77' lang='grc' dir='ltr'>ἀδόἄς</span> <span class='ocrx_word' id='word_1_518' title='bbox 501 3406 752 3477; x_wconf 79' lang='grc' dir='ltr'>Ἰωάννης</span> <span class='ocrx_word' id='word_1_519' title='bbox 801 3407 938 3478; x_wconf 85' lang='grc' dir='ltr'>πρὸς</span> <span class='ocrx_word' id='word_1_520' title='bbox 973 3408 1162 3477; x_wconf 75' lang='grc' dir='ltr'>αὐτὴν,</span> <span class='ocrx_word' id='word_1_521' title='bbox 1199 3410 1294 3463; x_wconf 78' lang='grc' dir='ltr'>καὶ</span> <span class='ocrx_word' id='word_1_522' title='bbox 1334 3409 1481 3478; x_wconf 83' lang='grc' dir='ltr'>λέγει</span> <span class='ocrx_word' id='word_1_523' title='bbox 1512 3413 1579 3480; x_wconf 75' lang='grc' dir='ltr'><strong>τῇ</strong></span> <span class='ocrx_word' id='word_1_524' title='bbox 1625 3411 1806 3482; x_wconf 86' lang='grc' dir='ltr'>γραῖδι</span> 
     </span>
    </p>
   </div>
   <div class='ocr_carea' id='block_1_71' title="bbox 1911 3403 3491 3482">
    <p class='ocr_par' dir='ltr' id='par_1_71' title="bbox 1911 3403 3491 3468">
     <span class='ocr_line' id='line_1_71' title="bbox 1911 3403 3491 3468; baseline 0.007 -13"><span class='ocrx_word' id='word_1_525' title='bbox 1911 3403 2056 3458; x_wconf 89' lang='lat' dir='ltr'><strong>misit</strong></span> <span class='ocrx_word' id='word_1_526' title='bbox 2095 3418 2242 3468; x_wconf 90' lang='lat' dir='ltr'><strong>eum,</strong></span> <span class='ocrx_word' id='word_1_527' title='bbox 2280 3405 2506 3460; x_wconf 83' lang='lat' dir='ltr'><strong>dicens:</strong></span> <span class='ocrx_word' id='word_1_528' title='bbox 2540 3404 2649 3460; x_wconf 84' lang='lat' dir='ltr'><strong>Vos</strong></span> <span class='ocrx_word' id='word_1_529' title='bbox 2695 3405 2763 3458; x_wconf 86' lang='lat' dir='ltr'><strong>ab</strong></span> <span class='ocrx_word' id='word_1_530' title='bbox 2808 3407 2965 3461; x_wconf 80' lang='lat' dir='ltr'><strong>initio</strong></span> <span class='ocrx_word' id='word_1_531' title='bbox 3005 3408 3147 3463; x_wconf 88' lang='lat' dir='ltr'><strong>bona</strong></span> <span class='ocrx_word' id='word_1_532' title='bbox 3180 3410 3325 3466; x_wconf 89' lang='lat' dir='ltr'><strong>illius</strong></span> <span class='ocrx_word' id='word_1_533' title='bbox 3358 3427 3491 3466; x_wconf 89' lang='lat' dir='ltr'><strong>con-</strong></span> 
     </span>
    </p>
   </div>
   <div class='ocr_carea' id='block_1_72' title="bbox 226 3496 1808 3573">
    <p class='ocr_par' dir='ltr' id='par_1_72' title="bbox 226 3497 1806 3573">
     <span class='ocr_line' id='line_1_72' title="bbox 226 3497 1806 3573; baseline 0.003 -22"><span class='ocrx_word' id='word_1_534' title='bbox 226 3501 292 3570; x_wconf 72' lang='grc' dir='ltr'>τῆ</span> <span class='ocrx_word' id='word_1_535' title='bbox 318 3497 555 3569; x_wconf 86' lang='grc' dir='ltr'>θυρωρῷ</span> <span class='ocrx_word' id='word_1_536' title='bbox 578 3513 595 3529; x_wconf 76' lang='grc'><strong><em>⁸</em></strong></span> <span class='ocrx_word' id='word_1_537' title='bbox 627 3499 880 3569; x_wconf 80' lang='grc' dir='ltr'>Μήνυσόν</span> <span class='ocrx_word' id='word_1_538' title='bbox 923 3517 990 3569; x_wconf 87' lang='grc' dir='ltr'><strong>με</strong></span> <span class='ocrx_word' id='word_1_539' title='bbox 1035 3501 1171 3571; x_wconf 83' lang='grc' dir='ltr'>πρὸς</span> <span class='ocrx_word' id='word_1_540' title='bbox 1198 3500 1297 3570; x_wconf 77' lang='grc' dir='ltr'><strong>τὴν</strong></span> <span class='ocrx_word' id='word_1_541' title='bbox 1354 3501 1550 3573; x_wconf 87' lang='grc' dir='ltr'>κυρίαν</span> <span class='ocrx_word' id='word_1_542' title='bbox 1582 3518 1694 3555; x_wconf 87' lang='grc' dir='ltr'>σου.</span> <span class='ocrx_word' id='word_1_543' title='bbox 1740 3504 1806 3556; x_wconf 84' lang='grc' dir='ltr'><strong>Ἦ</strong></span> 
     </span>
    </p>
   </div>
   <div class='ocr_carea' id='block_1_73' title="bbox 1911 3496 3486 3573">
    <p class='ocr_par' dir='ltr' id='par_1_73' title="bbox 1911 3496 3486 3567">
     <span class='ocr_line' id='line_1_73' title="bbox 1911 3496 3486 3567; baseline 0.005 -19"><span class='ocrx_word' id='word_1_544' title='bbox 1911 3496 2258 3564; x_wconf 83' lang='lat' dir='ltr'><strong>sumpsistis,</strong></span> <span class='ocrx_word' id='word_1_545' title='bbox 2307 3497 2418 3563; x_wconf 85' lang='lat' dir='ltr'><strong>jam</strong></span> <span class='ocrx_word' id='word_1_546' title='bbox 2483 3497 2642 3567; x_wconf 90' lang='lat' dir='ltr'><strong>inops</strong></span> <span class='ocrx_word' id='word_1_547' title='bbox 2695 3507 2798 3551; x_wconf 82' lang='lat' dir='ltr'><strong>est.</strong></span> <span class='ocrx_word' id='word_1_548' title='bbox 2843 3499 2930 3552; x_wconf 87' lang='lat' dir='ltr'><strong>Ait</strong></span> <span class='ocrx_word' id='word_1_549' title='bbox 2985 3500 3153 3555; x_wconf 84' lang='lat' dir='ltr'><strong>abbas</strong></span> <span class='ocrx_word' id='word_1_550' title='bbox 3203 3500 3486 3558; x_wconf 83' lang='lat' dir='ltr'><strong>Joannes:</strong></span> 
     </span>
    </p>
   </div>
   <div class='ocr_carea' id='block_1_74' title="bbox 225 3582 1808 3664">
    <p class='ocr_par' dir='ltr' id='par_1_74' title="bbox 225 3587 1808 3664">
     <span class='ocr_line' id='line_1_74' title="bbox 225 3587 1808 3664; baseline 0.004 -23"><span class='ocrx_word' id='word_1_551' title='bbox 225 3589 282 3641; x_wconf 66' lang='grc' dir='ltr'>δὲ</span> <span class='ocrx_word' id='word_1_552' title='bbox 341 3587 710 3658; x_wconf 75' lang='grc' dir='ltr'>ἀπεπέμψατο</span> <span class='ocrx_word' id='word_1_553' title='bbox 753 3589 916 3642; x_wconf 80' lang='grc' dir='ltr'>αὐτὸν</span> <span class='ocrx_word' id='word_1_554' title='bbox 969 3589 1239 3658; x_wconf 74' lang='grc' dir='ltr'><strong>λέγουσαι⁸</strong></span> <span class='ocrx_word' id='word_1_555' title='bbox 1278 3592 1466 3661; x_wconf 78' lang='grc' dir='ltr'>Ὑμεῖς</span> <span class='ocrx_word' id='word_1_556' title='bbox 1521 3592 1578 3658; x_wconf 75' lang='grc' dir='ltr'><strong>ἐξ</strong></span> <span class='ocrx_word' id='word_1_557' title='bbox 1636 3594 1808 3664; x_wconf 80' lang='grc' dir='ltr'>ἀρχῆς</span> 
     </span>
    </p>
   </div>
   <div class='ocr_carea' id='block_1_75' title="bbox 1911 3582 3486 3664">
    <p class='ocr_par' dir='ltr' id='par_1_75' title="bbox 1911 3582 3486 3657">
     <span class='ocr_line' id='line_1_75' title="bbox 1911 3582 3486 3657; baseline 0.006 -22"><span class='ocrx_word' id='word_1_558' title='bbox 1911 3582 2162 3652; x_wconf 83' lang='lat' dir='ltr'><strong>Signilica</strong></span> <span class='ocrx_word' id='word_1_559' title='bbox 2188 3587 2257 3639; x_wconf 86' lang='lat' dir='ltr'><strong>ei.</strong></span> <span class='ocrx_word' id='word_1_560' title='bbox 2291 3585 2543 3655; x_wconf 77' lang='lat' dir='ltr'><strong>Magnum</strong></span> <span class='ocrx_word' id='word_1_561' title='bbox 2571 3585 2716 3639; x_wconf 90' lang='lat' dir='ltr'><strong>enim</strong></span> <span class='ocrx_word' id='word_1_562' title='bbox 2754 3585 2854 3655; x_wconf 76' lang='lat' dir='ltr'><strong>ipsi</strong></span> <span class='ocrx_word' id='word_1_563' title='bbox 2889 3597 3118 3657; x_wconf 85' lang='lat' dir='ltr'><strong>apporto</strong></span> <span class='ocrx_word' id='word_1_564' title='bbox 3147 3592 3486 3645; x_wconf 87' lang='lat' dir='ltr'><strong>emolumen-</strong></span> 
     </span>
    </p>
   </div>
   <div class='ocr_carea' id='block_1_76' title="bbox 229 3673 1808 3752">
    <p class='ocr_par' dir='ltr' id='par_1_76' title="bbox 229 3678 1807 3752">
     <span class='ocr_line' id='line_1_76' title="bbox 229 3678 1807 3752; baseline 0.004 -21"><span class='ocrx_word' id='word_1_565' title='bbox 229 3680 566 3749; x_wconf 80' lang='grc' dir='ltr'>κατεφάγετε</span> <span class='ocrx_word' id='word_1_566' title='bbox 604 3678 674 3733; x_wconf 79' lang='grc' dir='ltr'>τὰ</span> <span class='ocrx_word' id='word_1_567' title='bbox 699 3679 890 3749; x_wconf 78' lang='grc' dir='ltr'>αὐτῆς,</span> <span class='ocrx_word' id='word_1_568' title='bbox 917 3681 1009 3734; x_wconf 71' lang='grc' dir='ltr'><strong>καὶ</strong></span> <span class='ocrx_word' id='word_1_569' title='bbox 1034 3681 1128 3751; x_wconf 75' lang='grc' dir='ltr'>ἥδε</span> <span class='ocrx_word' id='word_1_570' title='bbox 1155 3681 1203 3714; x_wconf 65' lang='grc'><strong>⁸³</strong></span> <span class='ocrx_word' id='word_1_571' title='bbox 1229 3685 1418 3752; x_wconf 81' lang='grc' dir='ltr'>πτωχή</span> <span class='ocrx_word' id='word_1_572' title='bbox 1457 3684 1597 3737; x_wconf 78' lang='grc' dir='ltr'>ἐστι.</span> <span class='ocrx_word' id='word_1_573' title='bbox 1643 3684 1807 3752; x_wconf 84' lang='grc' dir='ltr'>Λέγει</span> 
     </span>
    </p>
   </div>
   <div class='ocr_carea' id='block_1_77' title="bbox 1911 3673 3487 3752">
    <p class='ocr_par' dir='ltr' id='par_1_77' title="bbox 1911 3673 3487 3750">
     <span class='ocr_line' id='line_1_77' title="bbox 1911 3673 3487 3750; baseline 0.005 -23"><span class='ocrx_word' id='word_1_574' title='bbox 1911 3683 2042 3728; x_wconf 91' lang='lat' dir='ltr'><strong>tum.</strong></span> <span class='ocrx_word' id='word_1_575' title='bbox 2069 3673 2205 3727; x_wconf 86' lang='lat' dir='ltr'><strong>Tum</strong></span> <span class='ocrx_word' id='word_1_576' title='bbox 2229 3673 2414 3727; x_wconf 71' lang='lat' dir='ltr'><strong>farinuli</strong></span> <span class='ocrx_word' id='word_1_577' title='bbox 2437 3675 2556 3744; x_wconf 89' lang='lat' dir='ltr'><strong>ejus</strong></span> <span class='ocrx_word' id='word_1_578' title='bbox 2582 3675 2932 3732; x_wconf 82' lang='lat' dir='ltr'><strong>subridentes</strong></span> <span class='ocrx_word' id='word_1_579' title='bbox 2955 3680 3292 3750; x_wconf 80' lang='lat' dir='ltr'><strong>interrogant</strong></span> <span class='ocrx_word' id='word_1_580' title='bbox 3313 3701 3325 3735; x_wconf 90' lang='lat'><strong>:</strong></span> <span class='ocrx_word' id='word_1_581' title='bbox 3345 3681 3487 3747; x_wconf 85' lang='lat' dir='ltr'><strong>Quid</strong></span> 
     </span>
    </p>
   </div>
   <div class='ocr_carea' id='block_1_78' title="bbox 226 3766 1808 3847">
    <p class='ocr_par' dir='ltr' id='par_1_78' title="bbox 226 3769 1808 3847">
     <span class='ocr_line' id='line_1_78' title="bbox 226 3769 1808 3847; baseline 0.002 -23"><span class='ocrx_word' id='word_1_582' title='bbox 226 3771 364 3842; x_wconf 74' lang='grc' dir='ltr'>αὐτῇ</span> <span class='ocrx_word' id='word_1_583' title='bbox 389 3771 422 3823; x_wconf 83' lang='grc' dir='ltr'><strong>δ</strong></span> <span class='ocrx_word' id='word_1_584' title='bbox 451 3769 629 3835; x_wconf 72' lang='grc' dir='ltr'>ἀὸὃᾶς</span> <span class='ocrx_word' id='word_1_585' title='bbox 669 3772 921 3841; x_wconf 81' lang='grc' dir='ltr'>Ἰωάννης</span> <span class='ocrx_word' id='word_1_586' title='bbox 943 3789 963 3805; x_wconf 66' lang='grc' dir='ltr'><strong>ι</strong></span> <span class='ocrx_word' id='word_1_587' title='bbox 1004 3773 1135 3826; x_wconf 82' lang='grc' dir='ltr'>Εἰπὲ</span> <span class='ocrx_word' id='word_1_588' title='bbox 1169 3773 1330 3844; x_wconf 81' lang='grc' dir='ltr'>αὐτῇ.</span> <span class='ocrx_word' id='word_1_589' title='bbox 1374 3772 1519 3827; x_wconf 83' lang='grc' dir='ltr'>Πάνυ</span> <span class='ocrx_word' id='word_1_590' title='bbox 1546 3773 1654 3847; x_wconf 85' lang='grc' dir='ltr'>γὰρ</span> <span class='ocrx_word' id='word_1_591' title='bbox 1700 3775 1808 3844; x_wconf 77' lang='grc' dir='ltr'><strong>ἔχω</strong></span> 
     </span>
    </p>
   </div>
   <div class='ocr_carea' id='block_1_79' title="bbox 1911 3766 3490 3847">
    <p class='ocr_par' dir='ltr' id='par_1_79' title="bbox 1911 3766 3490 3840">
     <span class='ocr_line' id='line_1_79' title="bbox 1911 3766 3490 3840; baseline 0.003 -19"><span class='ocrx_word' id='word_1_592' title='bbox 1911 3766 2054 3821; x_wconf 75' lang='lat' dir='ltr'><strong>enim</strong></span> <span class='ocrx_word' id='word_1_593' title='bbox 2097 3766 2197 3836; x_wconf 89' lang='lat' dir='ltr'><strong>ipsi</strong></span> <span class='ocrx_word' id='word_1_594' title='bbox 2247 3766 2477 3820; x_wconf 89' lang='lat' dir='ltr'><strong>daturus</strong></span> <span class='ocrx_word' id='word_1_595' title='bbox 2508 3781 2589 3828; x_wconf 86' lang='lat' dir='ltr'><strong>es,</strong></span> <span class='ocrx_word' id='word_1_596' title='bbox 2622 3767 2766 3836; x_wconf 87' lang='lat' dir='ltr'><strong>quod</strong></span> <span class='ocrx_word' id='word_1_597' title='bbox 2807 3769 2892 3823; x_wconf 90' lang='lat' dir='ltr'><strong>vis</strong></span> <span class='ocrx_word' id='word_1_598' title='bbox 2935 3785 3059 3821; x_wconf 89' lang='lat' dir='ltr'><strong>cum</strong></span> <span class='ocrx_word' id='word_1_599' title='bbox 3112 3786 3173 3824; x_wconf 83' lang='lat' dir='ltr'><strong>ea</strong></span> <span class='ocrx_word' id='word_1_600' title='bbox 3210 3772 3490 3840; x_wconf 80' lang='lat' dir='ltr'><strong>colloqui?</strong></span> 
     </span>
    </p>
   </div>
   <div class='ocr_carea' id='block_1_80' title="bbox 227 3857 1808 3935">
    <p class='ocr_par' dir='ltr' id='par_1_80' title="bbox 227 3860 1808 3935">
     <span class='ocr_line' id='line_1_80' title="bbox 227 3860 1808 3935; baseline 0.003 -23"><span class='ocrx_word' id='word_1_601' title='bbox 227 3861 395 3931; x_wconf 71' lang='grc' dir='ltr'>αὐτὴν</span> <span class='ocrx_word' id='word_1_602' title='bbox 444 3860 750 3930; x_wconf 74' lang='grc' dir='ltr'>ὠφελῆσαι.</span> <span class='ocrx_word' id='word_1_603' title='bbox 792 3863 855 3914; x_wconf 77' lang='lat' dir='ltr'><strong>Oi</strong></span> <span class='ocrx_word' id='word_1_604' title='bbox 882 3861 940 3915; x_wconf 77' lang='grc' dir='ltr'>δὲ</span> <span class='ocrx_word' id='word_1_605' title='bbox 972 3862 1159 3926; x_wconf 78' lang='grc' dir='ltr'>παῖδες</span> <span class='ocrx_word' id='word_1_606' title='bbox 1187 3864 1356 3934; x_wconf 79' lang='grc' dir='ltr'>αὐτῆς</span> <span class='ocrx_word' id='word_1_607' title='bbox 1388 3864 1808 3935; x_wconf 78' lang='grc' dir='ltr'>ὑπομειδιῶντες</span> 
     </span>
    </p>
   </div>
   <div class='ocr_carea' id='block_1_81' title="bbox 1911 3857 3595 3935">
    <p class='ocr_par' dir='ltr' id='par_1_81' title="bbox 1911 3857 3595 3930">
     <span class='ocr_line' id='line_1_81' title="bbox 1911 3857 3595 3930; baseline 0.002 -19"><span class='ocrx_word' id='word_1_608' title='bbox 1911 3857 2208 3929; x_wconf 87' lang='lat' dir='ltr'><strong>Respondit</strong></span> <span class='ocrx_word' id='word_1_609' title='bbox 2235 3875 2248 3911; x_wconf 89' lang='lat'><strong>:</strong></span> <span class='ocrx_word' id='word_1_610' title='bbox 2273 3857 2424 3912; x_wconf 88' lang='lat' dir='ltr'><strong>Unde</strong></span> <span class='ocrx_word' id='word_1_611' title='bbox 2445 3859 2601 3913; x_wconf 87' lang='lat' dir='ltr'><strong>scitis</strong></span> <span class='ocrx_word' id='word_1_612' title='bbox 2617 3858 2744 3928; x_wconf 90' lang='lat' dir='ltr'><strong>quid</strong></span> <span class='ocrx_word' id='word_1_613' title='bbox 2769 3859 3095 3930; x_wconf 65' lang='lat' dir='ltr'><strong>praebiturus</strong></span> <span class='ocrx_word' id='word_1_614' title='bbox 3116 3859 3252 3914; x_wconf 81' lang='lat' dir='ltr'><strong>sint?</strong></span> <span class='ocrx_word' id='word_1_615' title='bbox 3281 3861 3487 3916; x_wconf 81' lang='lat' dir='ltr'><strong>Asceu-</strong></span> <span class='ocrx_word' id='word_1_616' title='bbox 3593 3878 3595 3880; x_wconf 88' lang='grc'>·</span> 
     </span>
    </p>
   </div>
   <div class='ocr_carea' id='block_1_82' title="bbox 226 3949 1808 4029">
    <p class='ocr_par' dir='ltr' id='par_1_82' title="bbox 226 3951 1808 4029">
     <span class='ocr_line' id='line_1_82' title="bbox 226 3951 1808 4029; baseline 0.003 -23"><span class='ocrx_word' id='word_1_617' title='bbox 226 3951 478 4022; x_wconf 83' lang='grc' dir='ltr'>λέγουσιν</span> <span class='ocrx_word' id='word_1_618' title='bbox 506 3952 658 4024; x_wconf 81' lang='grc' dir='ltr'>αὐτῷ</span> <span class='ocrx_word' id='word_1_619' title='bbox 679 3971 693 3985; x_wconf 89' lang='grc'><strong>·</strong></span> <span class='ocrx_word' id='word_1_620' title='bbox 727 3955 792 4007; x_wconf 90' lang='grc' dir='ltr'>Τί</span> <span class='ocrx_word' id='word_1_621' title='bbox 821 3955 931 4026; x_wconf 89' lang='grc' dir='ltr'><strong>γάρ</strong></span> <span class='ocrx_word' id='word_1_622' title='bbox 959 3955 1104 4025; x_wconf 78' lang='grc' dir='ltr'>ἔχεις</span> <span class='ocrx_word' id='word_1_623' title='bbox 1127 3955 1309 4010; x_wconf 77' lang='grc' dir='ltr'>δοῦναι</span> <span class='ocrx_word' id='word_1_624' title='bbox 1332 3957 1492 4029; x_wconf 79' lang='grc' dir='ltr'>αὐτῇ,</span> <span class='ocrx_word' id='word_1_625' title='bbox 1525 3959 1606 4011; x_wconf 84' lang='grc' dir='ltr'>ὅτι</span> <span class='ocrx_word' id='word_1_626' title='bbox 1634 3957 1808 4023; x_wconf 78' lang='grc' dir='ltr'>θέλεις</span> 
     </span>
    </p>
   </div>
   <div class='ocr_carea' id='block_1_83' title="bbox 1911 3949 3484 4029">
    <p class='ocr_par' dir='ltr' id='par_1_83' title="bbox 1911 3949 3484 4020">
     <span class='ocr_line' id='line_1_83' title="bbox 1911 3949 3484 4020; baseline 0.004 -17"><span class='ocrx_word' id='word_1_627' title='bbox 1911 3949 2042 4004; x_wconf 89' lang='lat' dir='ltr'><strong>dens</strong></span> <span class='ocrx_word' id='word_1_628' title='bbox 2105 3949 2268 4020; x_wconf 81' lang='lat' dir='ltr'><strong>igitur</strong></span> <span class='ocrx_word' id='word_1_629' title='bbox 2309 3963 2466 4010; x_wconf 90' lang='lat' dir='ltr'><strong>anus.</strong></span> <span class='ocrx_word' id='word_1_630' title='bbox 2527 3951 2798 4004; x_wconf 87' lang='lat' dir='ltr'><strong>nuntiavit</strong></span> <span class='ocrx_word' id='word_1_631' title='bbox 2851 3951 3081 4005; x_wconf 72' lang='lat' dir='ltr'><strong>domina:</strong></span> <span class='ocrx_word' id='word_1_632' title='bbox 3128 3951 3194 4004; x_wconf 90' lang='lat' dir='ltr'><strong>de</strong></span> <span class='ocrx_word' id='word_1_633' title='bbox 3255 3949 3484 4010; x_wconf 85' lang='lat' dir='ltr'><strong>Joanne.</strong></span> 
     </span>
    </p>
   </div>
   <div class='ocr_carea' id='block_1_84' title="bbox 227 4013 1808 4125">
    <p class='ocr_par' dir='ltr' id='par_1_84' title="bbox 227 4013 1808 4125">
     <span class='ocr_line' id='line_1_84' title="bbox 227 4013 1808 4125; baseline 0.004 -27"><span class='ocrx_word' id='word_1_634' title='bbox 397 4013 714 4116; x_wconf 61' lang='lat' dir='ltr'><strong>mzuxeiv;</strong></span> <span class='ocrx_word' id='word_1_635' title='bbox 747 4045 806 4099; x_wconf 79' lang='grc' dir='ltr'>ὐ</span> <span class='ocrx_word' id='word_1_636' title='bbox 832 4013 911 4100; x_wconf 43' lang='grc' dir='ltr'><strong>’δέ</strong></span> <span class='ocrx_word' id='word_1_637' title='bbox 957 4013 1228 4120; x_wconf 52' lang='grc' dir='ltr'>ἀπεκρίθη</span> <span class='ocrx_word' id='word_1_638' title='bbox 1278 4013 1490 4118; x_wconf 49' lang='grc' dir='ltr'><strong>λέγων.ζ</strong></span> <span class='ocrx_word' id='word_1_639' title='bbox 1513 4051 1683 4105; x_wconf 76' lang='grc' dir='ltr'>Πόθεν</span> <span class='ocrx_word' id='word_1_640' title='bbox 1702 4013 1808 4125; x_wconf 74' lang='grc' dir='ltr'><strong>γάρ</strong></span> 
     </span>
    </p>
   </div>
   <div class='ocr_carea' id='block_1_85' title="bbox 1911 4013 3488 4125">
    <p class='ocr_par' dir='ltr' id='par_1_85' title="bbox 1911 4013 3488 4108">
     <span class='ocr_line' id='line_1_85' title="bbox 1911 4013 3488 4108; baseline 0.001 -17"><span class='ocrx_word' id='word_1_641' title='bbox 1911 4037 2050 4092; x_wconf 80' lang='lat' dir='ltr'><strong>Dicit</strong></span> <span class='ocrx_word' id='word_1_642' title='bbox 2072 4013 2150 4092; x_wconf 78' lang='lat' dir='ltr'><strong>illi</strong></span> <span class='ocrx_word' id='word_1_643' title='bbox 2189 4038 2401 4108; x_wconf 88' lang='lat' dir='ltr'><strong>puella:</strong></span> <span class='ocrx_word' id='word_1_644' title='bbox 2435 4037 2496 4090; x_wconf 79' lang='lat' dir='ltr'><strong>l-li</strong></span> <span class='ocrx_word' id='word_1_645' title='bbox 2521 4039 2770 4092; x_wconf 85' lang='lat' dir='ltr'><strong>monachi</strong></span> <span class='ocrx_word' id='word_1_646' title='bbox 2799 4039 2865 4092; x_wconf 91' lang='lat' dir='ltr'><strong>ad</strong></span> <span class='ocrx_word' id='word_1_647' title='bbox 2899 4053 3046 4092; x_wconf 87' lang='lat' dir='ltr'><strong>mare</strong></span> <span class='ocrx_word' id='word_1_648' title='bbox 3077 4038 3321 4092; x_wconf 80' lang='lat' dir='ltr'><strong>Rubrum</strong></span> <span class='ocrx_word' id='word_1_649' title='bbox 3353 4055 3488 4093; x_wconf 86' lang='lat' dir='ltr'><strong>con-</strong></span> 
     </span>
    </p>
   </div>
   <div class='ocr_carea' id='block_1_86' title="bbox 224 4130 1808 4214">
    <p class='ocr_par' dir='ltr' id='par_1_86' title="bbox 224 4135 1807 4214">
     <span class='ocr_line' id='line_1_86' title="bbox 224 4135 1807 4214; baseline 0.003 -24"><span class='ocrx_word' id='word_1_650' title='bbox 224 4136 402 4190; x_wconf 68' lang='grc' dir='ltr'>οωατε</span> <span class='ocrx_word' id='word_1_651' title='bbox 434 4135 488 4190; x_wconf 80' lang='grc' dir='ltr'><strong>τί</strong></span> <span class='ocrx_word' id='word_1_652' title='bbox 522 4136 706 4207; x_wconf 76' lang='grc' dir='ltr'>μέλλω</span> <span class='ocrx_word' id='word_1_653' title='bbox 731 4137 868 4208; x_wconf 79' lang='grc' dir='ltr'>αὐτῇ</span> <span class='ocrx_word' id='word_1_654' title='bbox 919 4142 1251 4208; x_wconf 83' lang='grc' dir='ltr'>παρασχεῖν;</span> <span class='ocrx_word' id='word_1_655' title='bbox 1289 4140 1612 4194; x_wconf 80' lang='grc' dir='ltr'>Ἀνελθοῦσα</span> <span class='ocrx_word' id='word_1_656' title='bbox 1644 4137 1736 4194; x_wconf 83' lang='grc' dir='ltr'>οὖν</span> <span class='ocrx_word' id='word_1_657' title='bbox 1773 4145 1807 4214; x_wconf 75' lang='grc' dir='ltr'><strong>ἡ</strong></span> 
     </span>
    </p>
   </div>
   <div class='ocr_carea' id='block_1_87' title="bbox 1911 4130 3488 4214">
    <p class='ocr_par' dir='ltr' id='par_1_87' title="bbox 1912 4130 3488 4201">
     <span class='ocr_line' id='line_1_87' title="bbox 1912 4130 3488 4201; baseline 0 -16"><span class='ocrx_word' id='word_1_658' title='bbox 1912 4131 2065 4185; x_wconf 77' lang='grc' dir='ltr'><strong>ιίιιιιο</strong></span> <span class='ocrx_word' id='word_1_659' title='bbox 2099 4132 2377 4196; x_wconf 89' lang='lat' dir='ltr'><strong>incedunt,</strong></span> <span class='ocrx_word' id='word_1_660' title='bbox 2409 4145 2473 4185; x_wconf 87' lang='lat' dir='ltr'><strong>ac</strong></span> <span class='ocrx_word' id='word_1_661' title='bbox 2512 4131 2796 4185; x_wconf 83' lang='lat' dir='ltr'><strong>inveniunt</strong></span> <span class='ocrx_word' id='word_1_662' title='bbox 2829 4131 3168 4201; x_wconf 77' lang='lat' dir='ltr'><strong>margaritas.</strong></span> <span class='ocrx_word' id='word_1_663' title='bbox 3209 4130 3337 4185; x_wconf 88' lang='lat' dir='ltr'><strong>lmle</strong></span> <span class='ocrx_word' id='word_1_664' title='bbox 3363 4147 3488 4185; x_wconf 88' lang='lat' dir='ltr'><strong>cunt</strong></span> 
     </span>
    </p>
   </div>
   <div class='ocr_carea' id='block_1_88' title="bbox 223 4220 1808 4303">
    <p class='ocr_par' dir='ltr' id='par_1_88' title="bbox 223 4221 1806 4303">
     <span class='ocr_line' id='line_1_88' title="bbox 223 4221 1806 4303; baseline 0.004 -25"><span class='ocrx_word' id='word_1_665' title='bbox 223 4225 425 4296; x_wconf 77' lang='grc' dir='ltr'>γραῦς.</span> <span class='ocrx_word' id='word_1_666' title='bbox 487 4221 645 4280; x_wconf 80' lang='grc' dir='ltr'>εἶπεν</span> <span class='ocrx_word' id='word_1_667' title='bbox 691 4228 830 4298; x_wconf 75' lang='grc' dir='ltr'>αὐτῇ</span> <span class='ocrx_word' id='word_1_668' title='bbox 869 4227 1000 4298; x_wconf 75' lang='grc' dir='ltr'>περὶ</span> <span class='ocrx_word' id='word_1_669' title='bbox 1040 4227 1226 4282; x_wconf 81' lang='grc' dir='ltr'>αὑτοῦ.</span> <span class='ocrx_word' id='word_1_670' title='bbox 1265 4231 1376 4284; x_wconf 78' lang='grc' dir='ltr'><strong>Καὶ</strong></span> <span class='ocrx_word' id='word_1_671' title='bbox 1421 4229 1569 4300; x_wconf 82' lang='grc' dir='ltr'>λέγει</span> <span class='ocrx_word' id='word_1_672' title='bbox 1599 4231 1736 4303; x_wconf 80' lang='grc' dir='ltr'>αὐτῇ</span> <span class='ocrx_word' id='word_1_673' title='bbox 1773 4234 1806 4303; x_wconf 83' lang='grc' dir='ltr'><strong>ἡ</strong></span> 
     </span>
    </p>
   </div>
   <div class='ocr_carea' id='block_1_89' title="bbox 1911 4220 3493 4303">
    <p class='ocr_par' dir='ltr' id='par_1_89' title="bbox 1911 4220 3493 4293">
     <span class='ocr_line' id='line_1_89' title="bbox 1911 4220 3493 4293; baseline 0 -15"><span class='ocrx_word' id='word_1_674' title='bbox 1911 4223 2145 4293; x_wconf 88' lang='lat' dir='ltr'><strong>seipsam</strong></span> <span class='ocrx_word' id='word_1_675' title='bbox 2186 4232 2508 4278; x_wconf 77' lang='lat' dir='ltr'><strong>exornasset</strong></span> <span class='ocrx_word' id='word_1_676' title='bbox 2544 4220 2718 4289; x_wconf 79' lang='lat' dir='ltr'><strong>:Fac,</strong></span> <span class='ocrx_word' id='word_1_677' title='bbox 2763 4222 2960 4292; x_wconf 86' lang='lat' dir='ltr'><strong>inquit,</strong></span> <span class='ocrx_word' id='word_1_678' title='bbox 3005 4222 3278 4277; x_wconf 88' lang='lat' dir='ltr'><strong>hominem</strong></span> <span class='ocrx_word' id='word_1_679' title='bbox 3309 4223 3372 4276; x_wconf 90' lang='lat' dir='ltr'><strong>ad</strong></span> <span class='ocrx_word' id='word_1_680' title='bbox 3406 4238 3493 4278; x_wconf 85' lang='lat' dir='ltr'><strong>me</strong></span> 
     </span>
    </p>
   </div>
   <div class='ocr_carea' id='block_1_90' title="bbox 225 4307 1808 4393">
    <p class='ocr_par' dir='ltr' id='par_1_90' title="bbox 225 4307 1808 4393">
     <span class='ocr_line' id='line_1_90' title="bbox 225 4307 1808 4393; baseline 0.004 -25"><span class='ocrx_word' id='word_1_681' title='bbox 225 4316 473 4387; x_wconf 81' lang='grc' dir='ltr'>νεωτέρα</span> <span class='ocrx_word' id='word_1_682' title='bbox 499 4331 516 4346; x_wconf 89' lang='grc'><strong>·</strong></span> <span class='ocrx_word' id='word_1_683' title='bbox 551 4307 712 4370; x_wconf 73' lang='grc' dir='ltr'>Οὗτοι</span> <span class='ocrx_word' id='word_1_684' title='bbox 745 4318 794 4370; x_wconf 84' lang='grc' dir='ltr'><strong>οἱ</strong></span> <span class='ocrx_word' id='word_1_685' title='bbox 821 4319 1043 4388; x_wconf 77' lang='grc' dir='ltr'>μοναχοὶ</span> <span class='ocrx_word' id='word_1_686' title='bbox 1081 4320 1170 4372; x_wconf 77' lang='grc' dir='ltr'><strong>ἀεὶ</strong></span> <span class='ocrx_word' id='word_1_687' title='bbox 1201 4320 1500 4374; x_wconf 80' lang='grc' dir='ltr'>διακινοῦσι</span> <span class='ocrx_word' id='word_1_688' title='bbox 1538 4323 1693 4392; x_wconf 85' lang='grc' dir='ltr'><strong>παρά</strong></span> <span class='ocrx_word' id='word_1_689' title='bbox 1711 4321 1808 4393; x_wconf 73' lang='grc' dir='ltr'>τὴν</span> 
     </span>
    </p>
   </div>
   <div class='ocr_carea' id='block_1_91' title="bbox 1911 4307 3495 4393">
    <p class='ocr_par' dir='ltr' id='par_1_91' title="bbox 1913 4312 3495 4386">
     <span class='ocr_line' id='line_1_91' title="bbox 1913 4312 3495 4386; baseline 0 -18"><span class='ocrx_word' id='word_1_690' title='bbox 1913 4313 2172 4370; x_wconf 82' lang='lat' dir='ltr'><strong>adducas.</strong></span> <span class='ocrx_word' id='word_1_691' title='bbox 2200 4312 2375 4385; x_wconf 90' lang='lat' dir='ltr'><strong>thue</strong></span> <span class='ocrx_word' id='word_1_692' title='bbox 2391 4314 2660 4374; x_wconf 83' lang='lat' dir='ltr'><strong>ascendit,</strong></span> <span class='ocrx_word' id='word_1_693' title='bbox 2690 4314 3027 4384; x_wconf 67' lang='lat' dir='ltr'><strong>praeveniens</strong></span> <span class='ocrx_word' id='word_1_694' title='bbox 3051 4314 3140 4368; x_wconf 90' lang='lat' dir='ltr'><strong>illa</strong></span> <span class='ocrx_word' id='word_1_695' title='bbox 3167 4317 3304 4369; x_wconf 73' lang='lat' dir='ltr'><strong>sedit</strong></span> <span class='ocrx_word' id='word_1_696' title='bbox 3328 4330 3495 4386; x_wconf 82' lang='lat' dir='ltr'><strong>super</strong></span> 
     </span>
    </p>
   </div>
   <div class='ocr_carea' id='block_1_92' title="bbox 233 4401 1808 4508">
    <p class='ocr_par' dir='ltr' id='par_1_92' title="bbox 233 4406 1804 4484">
     <span class='ocr_line' id='line_1_92' title="bbox 233 4406 1804 4484; baseline 0.004 -24"><span class='ocrx_word' id='word_1_697' title='bbox 233 4406 511 4480; x_wconf 74' lang='grc' dir='ltr'>Ἐρυθρὰν</span> <span class='ocrx_word' id='word_1_698' title='bbox 575 4406 885 4472; x_wconf 79' lang='grc' dir='ltr'>θάλασσαν,</span> <span class='ocrx_word' id='word_1_699' title='bbox 931 4410 1022 4463; x_wconf 77' lang='grc' dir='ltr'>καὶ</span> <span class='ocrx_word' id='word_1_700' title='bbox 1075 4410 1390 4481; x_wconf 81' lang='grc' dir='ltr'>εὑρίσκουσι</span> <span class='ocrx_word' id='word_1_701' title='bbox 1443 4413 1804 4484; x_wconf 86' lang='grc' dir='ltr'>μαργαρίτας.</span> 
     </span>
    </p>
   </div>
   <div class='ocr_carea' id='block_1_93' title="bbox 1911 4401 3495 4508">
    <p class='ocr_par' dir='ltr' id='par_1_93' title="bbox 1913 4401 3495 4473">
     <span class='ocr_line' id='line_1_93' title="bbox 1913 4401 3495 4473; baseline -0.001 -15"><span class='ocrx_word' id='word_1_702' title='bbox 1913 4405 2132 4459; x_wconf 90' lang='lat' dir='ltr'><strong>lectum.</strong></span> <span class='ocrx_word' id='word_1_703' title='bbox 2164 4403 2228 4457; x_wconf 76' lang='lat' dir='ltr'><strong>Et</strong></span> <span class='ocrx_word' id='word_1_704' title='bbox 2259 4404 2527 4458; x_wconf 88' lang='lat' dir='ltr'><strong>accedens</strong></span> <span class='ocrx_word' id='word_1_705' title='bbox 2556 4403 2726 4459; x_wconf 89' lang='lat' dir='ltr'><strong>abbas</strong></span> <span class='ocrx_word' id='word_1_706' title='bbox 2758 4401 2996 4458; x_wconf 87' lang='lat' dir='ltr'><strong>Joannes</strong></span> <span class='ocrx_word' id='word_1_707' title='bbox 3030 4402 3184 4473; x_wconf 81' lang='lat' dir='ltr'><strong>juxta</strong></span> <span class='ocrx_word' id='word_1_708' title='bbox 3223 4403 3370 4457; x_wconf 84' lang='lat' dir='ltr'><strong>illam</strong></span> <span class='ocrx_word' id='word_1_709' title='bbox 3404 4418 3495 4457; x_wconf 88' lang='lat' dir='ltr'><strong>as-</strong></span> 
     </span>
    </p>
   </div>
   <div class='ocr_carea' id='block_1_94' title="bbox 220 4494 1808 4572">
    <p class='ocr_par' dir='ltr' id='par_1_94' title="bbox 220 4494 1808 4572">
     <span class='ocr_line' id='line_1_94' title="bbox 220 4494 1808 4572; baseline 0.003 -19"><span class='ocrx_word' id='word_1_710' title='bbox 220 4500 572 4571; x_wconf 75' lang='grc' dir='ltr'>Κωμήσασα</span> <span class='ocrx_word' id='word_1_711' title='bbox 630 4494 726 4553; x_wconf 76' lang='grc' dir='ltr'><strong>οὖν</strong></span> <span class='ocrx_word' id='word_1_712' title='bbox 791 4501 995 4571; x_wconf 73' lang='grc' dir='ltr'>ἑαυτὴν</span> <span class='ocrx_word' id='word_1_713' title='bbox 1037 4500 1210 4569; x_wconf 78' lang='grc' dir='ltr'>λέγει,</span> <span class='ocrx_word' id='word_1_714' title='bbox 1241 4501 1476 4572; x_wconf 76' lang='grc' dir='ltr'>Θέλησον</span> <span class='ocrx_word' id='word_1_715' title='bbox 1524 4504 1808 4572; x_wconf 81' lang='grc' dir='ltr'>ἀνενέγκαι</span> 
     </span>
    </p>
   </div>
   <div class='ocr_carea' id='block_1_95' title="bbox 1911 4494 3494 4572">
    <p class='ocr_par' dir='ltr' id='par_1_95' title="bbox 1914 4496 3494 4569">
     <span class='ocr_line' id='line_1_95' title="bbox 1914 4496 3494 4569; baseline -0.003 -14"><span class='ocrx_word' id='word_1_716' title='bbox 1914 4499 2088 4563; x_wconf 82' lang='lat' dir='ltr'><strong>sedit;</strong></span> <span class='ocrx_word' id='word_1_717' title='bbox 2137 4498 2539 4569; x_wconf 86' lang='lat' dir='ltr'><strong>intendensque</strong></span> <span class='ocrx_word' id='word_1_718' title='bbox 2589 4499 2643 4553; x_wconf 92' lang='lat' dir='ltr'><strong>in</strong></span> <span class='ocrx_word' id='word_1_719' title='bbox 2691 4499 2899 4551; x_wconf 90' lang='lat' dir='ltr'><strong>vultum</strong></span> <span class='ocrx_word' id='word_1_720' title='bbox 2950 4496 3106 4566; x_wconf 88' lang='lat' dir='ltr'><strong>ejus,</strong></span> <span class='ocrx_word' id='word_1_721' title='bbox 3157 4497 3230 4551; x_wconf 89' lang='lat' dir='ltr'><strong>ita</strong></span> <span class='ocrx_word' id='word_1_722' title='bbox 3279 4498 3494 4551; x_wconf 86' lang='lat' dir='ltr'><strong>locutus</strong></span> 
     </span>
    </p>
   </div>
   <div class='ocr_carea' id='block_1_96' title="bbox 222 4587 1808 4666">
    <p class='ocr_par' dir='ltr' id='par_1_96' title="bbox 222 4587 1808 4666">
     <span class='ocr_line' id='line_1_96' title="bbox 222 4587 1808 4666; baseline 0.003 -23"><span class='ocrx_word' id='word_1_723' title='bbox 222 4592 361 4660; x_wconf 70' lang='grc' dir='ltr'>πρὸς</span> <span class='ocrx_word' id='word_1_724' title='bbox 394 4592 486 4662; x_wconf 81' lang='grc' dir='ltr'><strong>μέ.</strong></span> <span class='ocrx_word' id='word_1_725' title='bbox 532 4591 621 4656; x_wconf 81' lang='grc' dir='ltr'>Ὧς</span> <span class='ocrx_word' id='word_1_726' title='bbox 653 4587 746 4646; x_wconf 86' lang='grc' dir='ltr'>οὗν</span> <span class='ocrx_word' id='word_1_727' title='bbox 799 4592 1018 4663; x_wconf 77' lang='grc' dir='ltr'>ἀνῆλθε,</span> <span class='ocrx_word' id='word_1_728' title='bbox 1051 4592 1394 4664; x_wconf 75' lang='grc' dir='ltr'>προλαϐοῦσα</span> <span class='ocrx_word' id='word_1_729' title='bbox 1424 4594 1693 4666; x_wconf 84' lang='grc' dir='ltr'>ὲκαθέσθη</span> <span class='ocrx_word' id='word_1_730' title='bbox 1733 4598 1808 4660; x_wconf 88' lang='grc' dir='ltr'><strong>είς</strong></span> 
     </span>
    </p>
   </div>
   <div class='ocr_carea' id='block_1_97' title="bbox 1911 4587 3495 4666">
    <p class='ocr_par' dir='ltr' id='par_1_97' title="bbox 1915 4587 3495 4660">
     <span class='ocr_line' id='line_1_97' title="bbox 1915 4587 3495 4660; baseline -0.006 -11"><span class='ocrx_word' id='word_1_731' title='bbox 1915 4602 1999 4649; x_wconf 89' lang='lat' dir='ltr'><strong>est</strong></span> <span class='ocrx_word' id='word_1_732' title='bbox 2025 4612 2036 4646; x_wconf 91' lang='lat'>:</span> <span class='ocrx_word' id='word_1_733' title='bbox 2063 4592 2202 4659; x_wconf 88' lang='lat' dir='ltr'><strong>Quid</strong></span> <span class='ocrx_word' id='word_1_734' title='bbox 2235 4592 2286 4646; x_wconf 90' lang='lat' dir='ltr'><strong>in</strong></span> <span class='ocrx_word' id='word_1_735' title='bbox 2314 4590 2442 4646; x_wconf 90' lang='lat' dir='ltr'><strong>Jesu</strong></span> <span class='ocrx_word' id='word_1_736' title='bbox 2485 4589 2991 4660; x_wconf 86' lang='lat' dir='ltr'><strong>reprehendendum</strong></span> <span class='ocrx_word' id='word_1_737' title='bbox 3028 4588 3302 4652; x_wconf 77' lang='lat' dir='ltr'><strong>invenisti,</strong></span> <span class='ocrx_word' id='word_1_738' title='bbox 3337 4596 3395 4641; x_wconf 94' lang='lat' dir='ltr'><strong>ut</strong></span> <span class='ocrx_word' id='word_1_739' title='bbox 3427 4587 3495 4640; x_wconf 89' lang='lat' dir='ltr'><strong>ad</strong></span> 
     </span>
    </p>
   </div>
   <div class='ocr_carea' id='block_1_98' title="bbox 219 4679 1808 4758">
    <p class='ocr_par' dir='ltr' id='par_1_98' title="bbox 219 4683 1808 4758">
     <span class='ocr_line' id='line_1_98' title="bbox 219 4683 1808 4758; baseline 0.005 -25"><span class='ocrx_word' id='word_1_740' title='bbox 219 4685 318 4752; x_wconf 72' lang='grc' dir='ltr'>τὴν</span> <span class='ocrx_word' id='word_1_741' title='bbox 351 4683 570 4752; x_wconf 83' lang='grc' dir='ltr'>κλίνην.</span> <span class='ocrx_word' id='word_1_742' title='bbox 625 4683 823 4737; x_wconf 86' lang='grc' dir='ltr'>Ἐλθὼν</span> <span class='ocrx_word' id='word_1_743' title='bbox 867 4685 925 4738; x_wconf 79' lang='grc' dir='ltr'>δὲ</span> <span class='ocrx_word' id='word_1_744' title='bbox 952 4684 1178 4749; x_wconf 76' lang='grc' dir='ltr'>ὀάϐὅᾶς</span> <span class='ocrx_word' id='word_1_745' title='bbox 1224 4685 1496 4755; x_wconf 88' lang='grc' dir='ltr'>Ἰωάννης.</span> <span class='ocrx_word' id='word_1_746' title='bbox 1543 4687 1808 4758; x_wconf 74' lang='grc' dir='ltr'>ὲκαθέσθη</span> 
     </span>
    </p>
   </div>
   <div class='ocr_carea' id='block_1_99' title="bbox 1911 4679 3498 4758">
    <p class='ocr_par' dir='ltr' id='par_1_99' title="bbox 1919 4679 3498 4755">
     <span class='ocr_line' id='line_1_99' title="bbox 1919 4679 3498 4755; baseline -0.004 -17"><span class='ocrx_word' id='word_1_747' title='bbox 1919 4685 2063 4738; x_wconf 88' lang='lat' dir='ltr'><strong>hunc</strong></span> <span class='ocrx_word' id='word_1_748' title='bbox 2095 4684 2421 4755; x_wconf 86' lang='lat' dir='ltr'><strong>procederes</strong></span> <span class='ocrx_word' id='word_1_749' title='bbox 2456 4681 2696 4736; x_wconf 85' lang='lat' dir='ltr'><strong>statum?</strong></span> <span class='ocrx_word' id='word_1_750' title='bbox 2722 4680 2842 4747; x_wconf 88' lang='lat' dir='ltr'><strong>Quo</strong></span> <span class='ocrx_word' id='word_1_751' title='bbox 2884 4679 3089 4742; x_wconf 89' lang='lat' dir='ltr'><strong>audito,</strong></span> <span class='ocrx_word' id='word_1_752' title='bbox 3127 4686 3238 4731; x_wconf 89' lang='lat' dir='ltr'><strong>tota</strong></span> <span class='ocrx_word' id='word_1_753' title='bbox 3269 4693 3498 4733; x_wconf 88' lang='lat' dir='ltr'><strong>concre-</strong></span> 
     </span>
    </p>
   </div>
   <div class='ocr_carea' id='block_1_100' title="bbox 219 4775 1811 4850">
    <p class='ocr_par' dir='ltr' id='par_1_100' title="bbox 219 4775 1811 4850">
     <span class='ocr_line' id='line_1_100' title="bbox 219 4775 1811 4850; baseline 0.014 -38"><span class='ocrx_word' id='word_1_754' title='bbox 219 4777 393 4842; x_wconf 52' lang='grc' dir='ltr'><strong>ἐγγὺς</strong></span> <span class='ocrx_word' id='word_1_755' title='bbox 427 4775 622 4844; x_wconf 68' lang='grc' dir='ltr'>αὐτῆς.</span> <span class='ocrx_word' id='word_1_756' title='bbox 676 4775 935 4847; x_wconf 84' lang='grc' dir='ltr'>Προσχὼν</span> <span class='ocrx_word' id='word_1_757' title='bbox 974 4777 1031 4831; x_wconf 73' lang='grc' dir='ltr'>δὲ</span> <span class='ocrx_word' id='word_1_758' title='bbox 1061 4777 1139 4838; x_wconf 76' lang='grc' dir='ltr'>εἰς</span> <span class='ocrx_word' id='word_1_759' title='bbox 1170 4776 1232 4830; x_wconf 74' lang='grc' dir='ltr'>τὸ</span> <span class='ocrx_word' id='word_1_760' title='bbox 1286 4778 1578 4850; x_wconf 84' lang='grc' dir='ltr'>πρόσωπον</span> <span class='ocrx_word' id='word_1_761' title='bbox 1623 4779 1811 4847; x_wconf 83' lang='grc' dir='ltr'>αὐτῆς,</span> 
     </span>
    </p>
   </div>
   <div class='ocr_carea' id='block_1_101' title="bbox 219 4861 1816 4940">
    <p class='ocr_par' dir='ltr' id='par_1_101' title="bbox 219 4861 1816 4940">
     <span class='ocr_line' id='line_1_101' title="bbox 219 4861 1816 4940; baseline 0.006 -26"><span class='ocrx_word' id='word_1_762' title='bbox 219 4865 376 4932; x_wconf 73' lang='grc' dir='ltr'>λέγει</span> <span class='ocrx_word' id='word_1_763' title='bbox 411 4866 551 4935; x_wconf 76' lang='grc' dir='ltr'>αὐτῇ</span> <span class='ocrx_word' id='word_1_764' title='bbox 574 4883 591 4898; x_wconf 80' lang='grc' dir='ltr'><strong>ο</strong></span> <span class='ocrx_word' id='word_1_765' title='bbox 614 4867 680 4920; x_wconf 85' lang='grc' dir='ltr'>Τί</span> <span class='ocrx_word' id='word_1_766' title='bbox 723 4861 1135 4936; x_wconf 82' lang='grc' dir='ltr'>κατέγνωςτοῦ</span> <span class='ocrx_word' id='word_1_767' title='bbox 1183 4867 1380 4940; x_wconf 81' lang='grc' dir='ltr'>Ἰησοῦ,</span> <span class='ocrx_word' id='word_1_768' title='bbox 1420 4871 1500 4922; x_wconf 83' lang='grc' dir='ltr'>ὅτι</span> <span class='ocrx_word' id='word_1_769' title='bbox 1548 4872 1626 4933; x_wconf 86' lang='grc' dir='ltr'><strong>είς</strong></span> <span class='ocrx_word' id='word_1_770' title='bbox 1657 4869 1816 4923; x_wconf 77' lang='grc' dir='ltr'>τοῦτο</span> 
     </span>
    </p>
   </div>
   <div class='ocr_carea' id='block_1_102' title="bbox 216 4951 1811 5032">
    <p class='ocr_par' dir='ltr' id='par_1_102' title="bbox 216 4951 1811 5032">
     <span class='ocr_line' id='line_1_102' title="bbox 216 4951 1811 5032; baseline 0.003 -23"><span class='ocrx_word' id='word_1_771' title='bbox 216 4951 425 5027; x_wconf 77' lang='grc' dir='ltr'>ἦλθες;</span> <span class='ocrx_word' id='word_1_772' title='bbox 458 4957 762 5012; x_wconf 82' lang='grc' dir='ltr'>Ἀκούσασα</span> <span class='ocrx_word' id='word_1_773' title='bbox 788 4958 866 5021; x_wconf 83' lang='grc' dir='ltr'><strong>δὲ.</strong></span> <span class='ocrx_word' id='word_1_774' title='bbox 895 4960 1158 5030; x_wconf 87' lang='grc' dir='ltr'>ἀπεπάγη</span> <span class='ocrx_word' id='word_1_775' title='bbox 1185 4960 1428 5032; x_wconf 68' lang='grc' dir='ltr'>ὃλη.Καὶ</span> <span class='ocrx_word' id='word_1_776' title='bbox 1451 4960 1636 5027; x_wconf 88' lang='grc' dir='ltr'>κλίνας</span> <span class='ocrx_word' id='word_1_777' title='bbox 1662 4962 1811 5016; x_wconf 89' lang='grc' dir='ltr'>κάτω</span> 
     </span>
    </p>
   </div>
   <div class='ocr_carea' id='block_1_103' title="bbox 217 5047 1812 5124">
    <p class='ocr_par' dir='ltr' id='par_1_103' title="bbox 217 5047 1812 5124">
     <span class='ocr_line' id='line_1_103' title="bbox 217 5047 1812 5124; baseline 0.003 -24"><span class='ocrx_word' id='word_1_778' title='bbox 217 5048 320 5119; x_wconf 69' lang='grc' dir='ltr'>τὴν</span> <span class='ocrx_word' id='word_1_779' title='bbox 349 5047 604 5119; x_wconf 74' lang='grc' dir='ltr'>κεφαλὴν</span> <span class='ocrx_word' id='word_1_780' title='bbox 620 5048 786 5103; x_wconf 81' lang='grc' dir='ltr'>αὐτοῦ</span> <span class='ocrx_word' id='word_1_781' title='bbox 809 5052 838 5103; x_wconf 83' lang='grc' dir='ltr'>ὁ</span> <span class='ocrx_word' id='word_1_782' title='bbox 869 5050 1044 5114; x_wconf 78' lang='grc' dir='ltr'><strong>ἀὸὄᾶς</strong></span> <span class='ocrx_word' id='word_1_783' title='bbox 1081 5051 1356 5122; x_wconf 84' lang='grc' dir='ltr'>Ἰωάννης,</span> <span class='ocrx_word' id='word_1_784' title='bbox 1385 5051 1589 5124; x_wconf 72' lang='grc' dir='ltr'>ἦρξατο</span> <span class='ocrx_word' id='word_1_785' title='bbox 1607 5052 1812 5106; x_wconf 84' lang='grc' dir='ltr'>κλαίειν</span> 
     </span>
    </p>
   </div>
   <div class='ocr_carea' id='block_1_104' title="bbox 219 5139 1816 5214">
    <p class='ocr_par' dir='ltr' id='par_1_104' title="bbox 219 5139 1816 5214">
     <span class='ocr_line' id='line_1_104' title="bbox 219 5139 1816 5214; baseline 0.003 -23"><span class='ocrx_word' id='word_1_786' title='bbox 219 5139 502 5209; x_wconf 70' lang='grc' dir='ltr'>σφοδρῶς.</span> <span class='ocrx_word' id='word_1_787' title='bbox 537 5139 701 5208; x_wconf 74' lang='grc' dir='ltr'>Λέγει</span> <span class='ocrx_word' id='word_1_788' title='bbox 732 5140 879 5212; x_wconf 84' lang='grc' dir='ltr'><strong>αὐτῷ</strong></span> <span class='ocrx_word' id='word_1_789' title='bbox 907 5141 1045 5214; x_wconf 76' lang='grc' dir='ltr'>αὐτή</span> <span class='ocrx_word' id='word_1_790' title='bbox 1070 5158 1084 5173; x_wconf 75' lang='grc' dir='ltr'><strong>ο</strong></span> <span class='ocrx_word' id='word_1_791' title='bbox 1131 5141 1319 5208; x_wconf 72' lang='grc' dir='ltr'>Ἀϐϐά,</span> <span class='ocrx_word' id='word_1_792' title='bbox 1356 5143 1408 5196; x_wconf 81' lang='grc' dir='ltr'><strong>τί</strong></span> <span class='ocrx_word' id='word_1_793' title='bbox 1435 5143 1639 5207; x_wconf 79' lang='grc' dir='ltr'>κλαίεις</span> <span class='ocrx_word' id='word_1_794' title='bbox 1666 5159 1682 5208; x_wconf 88' lang='grc'><strong>;</strong></span> <span class='ocrx_word' id='word_1_795' title='bbox 1727 5144 1816 5208; x_wconf 78' lang='grc' dir='ltr'>Ὡς</span> 
     </span>
    </p>
   </div>
   <div class='ocr_carea' id='block_1_105' title="bbox 215 5227 1817 5300">
    <p class='ocr_par' dir='ltr' id='par_1_105' title="bbox 215 5227 1817 5300">
     <span class='ocr_line' id='line_1_105' title="bbox 215 5227 1817 5300; baseline 0.001 -18"><span class='ocrx_word' id='word_1_796' title='bbox 215 5227 272 5282; x_wconf 77' lang='grc' dir='ltr'><strong>δι</strong></span> <span class='ocrx_word' id='word_1_797' title='bbox 296 5229 596 5292; x_wconf 76' lang='grc' dir='ltr'>ἀνένευσε,</span> <span class='ocrx_word' id='word_1_798' title='bbox 627 5229 788 5284; x_wconf 83' lang='grc' dir='ltr'>πάλιν</span> <span class='ocrx_word' id='word_1_799' title='bbox 842 5230 1049 5285; x_wconf 73' lang='grc' dir='ltr'>ἔκλινεν</span> <span class='ocrx_word' id='word_1_800' title='bbox 1078 5231 1266 5284; x_wconf 72' lang='grc' dir='ltr'>ἑαυτὸν</span> <span class='ocrx_word' id='word_1_801' title='bbox 1301 5230 1522 5295; x_wconf 89' lang='grc' dir='ltr'>κλαίων,</span> <span class='ocrx_word' id='word_1_802' title='bbox 1559 5234 1653 5286; x_wconf 73' lang='grc' dir='ltr'>καὶ</span> <span class='ocrx_word' id='word_1_803' title='bbox 1673 5231 1817 5300; x_wconf 82' lang='grc' dir='ltr'>λέγει</span> 
     </span>
    </p>
   </div>
   <div class='ocr_carea' id='block_1_106' title="bbox 215 5306 1816 5392">
    <p class='ocr_par' dir='ltr' id='par_1_106' title="bbox 215 5306 1816 5392">
     <span class='ocr_line' id='line_1_106' title="bbox 215 5306 1816 5392; baseline 0.003 -22"><span class='ocrx_word' id='word_1_804' title='bbox 215 5320 386 5390; x_wconf 47' lang='grc' dir='ltr'>αὐτῇ</span> <span class='ocrx_word' id='word_1_805' title='bbox 425 5317 621 5372; x_wconf 78' lang='grc' dir='ltr'>Βλέπω</span> <span class='ocrx_word' id='word_1_806' title='bbox 652 5321 734 5373; x_wconf 83' lang='grc' dir='ltr'>ὅτι</span> <span class='ocrx_word' id='word_1_807' title='bbox 761 5322 789 5374; x_wconf 83' lang='grc' dir='ltr'><strong>ὁ</strong></span> <span class='ocrx_word' id='word_1_808' title='bbox 818 5321 1064 5384; x_wconf 80' lang='grc' dir='ltr'>Σατανᾶς</span> <span class='ocrx_word' id='word_1_809' title='bbox 1091 5320 1271 5385; x_wconf 77' lang='grc' dir='ltr'>παίζει</span> <span class='ocrx_word' id='word_1_810' title='bbox 1301 5322 1382 5384; x_wconf 79' lang='grc' dir='ltr'><strong>είς</strong></span> <span class='ocrx_word' id='word_1_811' title='bbox 1422 5323 1522 5392; x_wconf 81' lang='grc' dir='ltr'>τὴν</span> <span class='ocrx_word' id='word_1_812' title='bbox 1548 5322 1669 5392; x_wconf 74' lang='grc' dir='ltr'>ὄψιν</span> <span class='ocrx_word' id='word_1_813' title='bbox 1699 5306 1816 5385; x_wconf 72' lang='grc' dir='ltr'>σου,</span> 
     </span>
    </p>
   </div>
   <div class='ocr_carea' id='block_1_107' title="bbox 217 5410 1818 5486">
    <p class='ocr_par' dir='ltr' id='par_1_107' title="bbox 217 5410 1818 5486">
     <span class='ocr_line' id='line_1_107' title="bbox 217 5410 1818 5486; baseline 0.004 -23"><span class='ocrx_word' id='word_1_814' title='bbox 217 5413 311 5463; x_wconf 75' lang='grc' dir='ltr'>καὶ</span> <span class='ocrx_word' id='word_1_815' title='bbox 344 5412 418 5464; x_wconf 71' lang='grc' dir='ltr'><strong>οὐ</strong></span> <span class='ocrx_word' id='word_1_816' title='bbox 475 5410 551 5482; x_wconf 79' lang='grc' dir='ltr'>μὴ</span> <span class='ocrx_word' id='word_1_817' title='bbox 581 5412 833 5477; x_wconf 83' lang='grc' dir='ltr'>κλαύσω;</span> <span class='ocrx_word' id='word_1_818' title='bbox 880 5414 1183 5467; x_wconf 73' lang='grc' dir='ltr'>Ἀκούσασα</span> <span class='ocrx_word' id='word_1_819' title='bbox 1213 5413 1268 5465; x_wconf 80' lang='grc' dir='ltr'>δὲ</span> <span class='ocrx_word' id='word_1_820' title='bbox 1304 5413 1449 5482; x_wconf 78' lang='grc' dir='ltr'>λέγει</span> <span class='ocrx_word' id='word_1_821' title='bbox 1485 5415 1632 5486; x_wconf 80' lang='grc' dir='ltr'>αὐτῷ</span> <span class='ocrx_word' id='word_1_822' title='bbox 1657 5433 1670 5446; x_wconf 78' lang='grc' dir='ltr'><strong><em>ο</em></strong></span> <span class='ocrx_word' id='word_1_823' title='bbox 1699 5417 1818 5469; x_wconf 81' lang='grc' dir='ltr'>Ἕνι</span> 
     </span>
    </p>
   </div>
   <div class='ocr_carea' id='block_1_108' title="bbox 220 5503 1818 5577">
    <p class='ocr_par' dir='ltr' id='par_1_108' title="bbox 220 5503 1818 5577">
     <span class='ocr_line' id='line_1_108' title="bbox 220 5503 1818 5577; baseline 0.003 -22"><span class='ocrx_word' id='word_1_824' title='bbox 220 5505 518 5571; x_wconf 72' lang='grc' dir='ltr'>μετάνοια,</span> <span class='ocrx_word' id='word_1_825' title='bbox 549 5503 722 5570; x_wconf 77' lang='grc' dir='ltr'>άὸϐἅς</span> <span class='ocrx_word' id='word_1_826' title='bbox 751 5505 895 5573; x_wconf 75' lang='grc' dir='ltr'>λέγει</span> <span class='ocrx_word' id='word_1_827' title='bbox 923 5509 1089 5577; x_wconf 68' lang='grc' dir='ltr'>αὐτῇ·</span> <span class='ocrx_word' id='word_1_828' title='bbox 1117 5508 1246 5561; x_wconf 77' lang='grc' dir='ltr'>Ναί.</span> <span class='ocrx_word' id='word_1_829' title='bbox 1278 5509 1436 5575; x_wconf 65' lang='grc' dir='ltr'>,λέγει</span> <span class='ocrx_word' id='word_1_830' title='bbox 1458 5508 1603 5577; x_wconf 68' lang='grc' dir='ltr'><strong>αὖτῷ</strong></span> <span class='ocrx_word' id='word_1_831' title='bbox 1626 5525 1638 5538; x_wconf 88' lang='grc'><strong>·</strong></span> <span class='ocrx_word' id='word_1_832' title='bbox 1676 5509 1818 5562; x_wconf 75' lang='grc' dir='ltr'>Λάϐε</span> 
     </span>
    </p>
   </div>
   <div class='ocr_carea' id='block_1_109' title="bbox 285 5679 1514 5753">
    <p class='ocr_par' dir='ltr' id='par_1_109' title="bbox 285 5679 1514 5753">
     <span class='ocr_line' id='line_1_109' title="bbox 285 5679 1514 5753; baseline 0.002 -17"><span class='ocrx_word' id='word_1_833' title='bbox 285 5691 330 5722; x_wconf 74' lang='grc'><strong>⁸·</strong></span> <span class='ocrx_word' id='word_1_834' title='bbox 369 5679 520 5742; x_wconf 71' lang='lat' dir='ltr'><strong>Luc.</strong></span> <span class='ocrx_word' id='word_1_835' title='bbox 554 5698 666 5749; x_wconf 70' lang='lat' dir='ltr'><strong>xtv,</strong></span> <span class='ocrx_word' id='word_1_836' title='bbox 699 5683 781 5738; x_wconf 79' lang='lat' dir='ltr'><strong>ll.</strong></span> <span class='ocrx_word' id='word_1_837' title='bbox 860 5687 899 5716; x_wconf 56' lang='grc' dir='ltr'>δ’</span> <span class='ocrx_word' id='word_1_838' title='bbox 937 5686 1020 5738; x_wconf 78' lang='lat' dir='ltr'><strong>Al.</strong></span> <span class='ocrx_word' id='word_1_839' title='bbox 1053 5684 1253 5753; x_wconf 60' lang='grc' dir='ltr'>ὠφελεῖ</span> <span class='ocrx_word' id='word_1_840' title='bbox 1284 5685 1514 5753; x_wconf 73' lang='grc' dir='ltr'>πρῶτος.</span> 
     </span>
    </p>
   </div>
   <div class='ocr_carea' id='block_1_110' title="bbox 1918 4770 3498 4842">
    <p class='ocr_par' dir='ltr' id='par_1_110' title="bbox 1918 4770 3498 4842">
     <span class='ocr_line' id='line_1_110' title="bbox 1918 4770 3498 4842; baseline -0.003 -13"><span class='ocrx_word' id='word_1_841' title='bbox 1918 4775 2016 4829; x_wconf 92' lang='lat' dir='ltr'><strong>vit.</strong></span> <span class='ocrx_word' id='word_1_842' title='bbox 2067 4775 2249 4830; x_wconf 81' lang='lat' dir='ltr'><strong>Abbas</strong></span> <span class='ocrx_word' id='word_1_843' title='bbox 2301 4790 2431 4830; x_wconf 89' lang='lat' dir='ltr'><strong>vero</strong></span> <span class='ocrx_word' id='word_1_844' title='bbox 2477 4770 2718 4828; x_wconf 86' lang='lat' dir='ltr'><strong>Joannes</strong></span> <span class='ocrx_word' id='word_1_845' title='bbox 2763 4772 3027 4826; x_wconf 89' lang='lat' dir='ltr'><strong>inclinato</strong></span> <span class='ocrx_word' id='word_1_846' title='bbox 3075 4771 3275 4842; x_wconf 88' lang='lat' dir='ltr'><strong>capite,</strong></span> <span class='ocrx_word' id='word_1_847' title='bbox 3331 4772 3498 4839; x_wconf 63' lang='lat' dir='ltr'><strong>carpit</strong></span> 
     </span>
    </p>
   </div>
   <div class='ocr_carea' id='block_1_111' title="bbox 1918 4861 3500 4934">
    <p class='ocr_par' dir='ltr' id='par_1_111' title="bbox 1918 4861 3500 4934">
     <span class='ocr_line' id='line_1_111' title="bbox 1918 4861 3500 4934; baseline -0.004 -12"><span class='ocrx_word' id='word_1_848' title='bbox 1918 4867 2269 4924; x_wconf 80' lang='lat' dir='ltr'><strong>vehementer</strong></span> <span class='ocrx_word' id='word_1_849' title='bbox 2305 4865 2455 4923; x_wconf 83' lang='lat' dir='ltr'><strong>ﬂere.</strong></span> <span class='ocrx_word' id='word_1_850' title='bbox 2503 4867 2642 4921; x_wconf 87' lang='lat' dir='ltr'><strong>Tum</strong></span> <span class='ocrx_word' id='word_1_851' title='bbox 2674 4868 2723 4920; x_wconf 90' lang='lat' dir='ltr'><strong>ei</strong></span> <span class='ocrx_word' id='word_1_852' title='bbox 2765 4865 2896 4920; x_wconf 91' lang='lat' dir='ltr'><strong>illa:</strong></span> <span class='ocrx_word' id='word_1_853' title='bbox 2942 4863 3128 4930; x_wconf 88' lang='lat' dir='ltr'><strong>Abba,</strong></span> <span class='ocrx_word' id='word_1_854' title='bbox 3165 4879 3333 4934; x_wconf 90' lang='lat' dir='ltr'><strong>quare</strong></span> <span class='ocrx_word' id='word_1_855' title='bbox 3365 4861 3500 4917; x_wconf 68' lang='lat' dir='ltr'><strong>ﬂes?</strong></span> 
     </span>
    </p>
   </div>
   <div class='ocr_carea' id='block_1_112' title="bbox 1915 4956 3498 5028">
    <p class='ocr_par' dir='ltr' id='par_1_112' title="bbox 1915 4956 3498 5028">
     <span class='ocr_line' id='line_1_112' title="bbox 1915 4956 3498 5028; baseline -0.005 -15"><span class='ocrx_word' id='word_1_856' title='bbox 1915 4957 2010 5014; x_wconf 88' lang='lat' dir='ltr'><strong>llle</strong></span> <span class='ocrx_word' id='word_1_857' title='bbox 2050 4960 2315 5028; x_wconf 77' lang='lat' dir='ltr'><strong>suspexit,</strong></span> <span class='ocrx_word' id='word_1_858' title='bbox 2357 4959 2667 5028; x_wconf 88' lang='lat' dir='ltr'><strong>iterumque</strong></span> <span class='ocrx_word' id='word_1_859' title='bbox 2713 4957 2997 5012; x_wconf 88' lang='lat' dir='ltr'><strong>inclinavit</strong></span> <span class='ocrx_word' id='word_1_860' title='bbox 3035 4971 3114 5020; x_wconf 90' lang='lat' dir='ltr'><strong>se,</strong></span> <span class='ocrx_word' id='word_1_861' title='bbox 3158 4956 3403 5026; x_wconf 83' lang='lat' dir='ltr'><strong>plorans,</strong></span> <span class='ocrx_word' id='word_1_862' title='bbox 3434 4967 3498 5006; x_wconf 89' lang='lat' dir='ltr'><strong>ac</strong></span> 
     </span>
    </p>
   </div>
   <div class='ocr_carea' id='block_1_113' title="bbox 1918 5044 3502 5108">
    <p class='ocr_par' dir='ltr' id='par_1_113' title="bbox 1918 5044 3502 5108">
     <span class='ocr_line' id='line_1_113' title="bbox 1918 5044 3502 5108; baseline -0.008 0"><span class='ocrx_word' id='word_1_863' title='bbox 1918 5051 2099 5108; x_wconf 88' lang='lat' dir='ltr'><strong>dixit:</strong></span> <span class='ocrx_word' id='word_1_864' title='bbox 2131 5049 2297 5105; x_wconf 81' lang='lat' dir='ltr'><strong>Video</strong></span> <span class='ocrx_word' id='word_1_865' title='bbox 2347 5050 2606 5104; x_wconf 90' lang='lat' dir='ltr'><strong>Satanam</strong></span> <span class='ocrx_word' id='word_1_866' title='bbox 2659 5047 2932 5102; x_wconf 84' lang='lat' dir='ltr'><strong>ludentem</strong></span> <span class='ocrx_word' id='word_1_867' title='bbox 2992 5046 3047 5100; x_wconf 91' lang='lat' dir='ltr'><strong>in</strong></span> <span class='ocrx_word' id='word_1_868' title='bbox 3103 5044 3256 5098; x_wconf 91' lang='lat' dir='ltr'><strong>vultu</strong></span> <span class='ocrx_word' id='word_1_869' title='bbox 3299 5052 3415 5106; x_wconf 87' lang='lat' dir='ltr'><strong>tuo,</strong></span> <span class='ocrx_word' id='word_1_870' title='bbox 3446 5051 3502 5098; x_wconf 89' lang='lat' dir='ltr'><strong>et</strong></span> 
     </span>
    </p>
   </div>
   <div class='ocr_carea' id='block_1_114' title="bbox 1920 5135 3495 5206">
    <p class='ocr_par' dir='ltr' id='par_1_114' title="bbox 1920 5135 3495 5206">
     <span class='ocr_line' id='line_1_114' title="bbox 1920 5135 3495 5206; baseline -0.006 -9"><span class='ocrx_word' id='word_1_871' title='bbox 1920 5158 2030 5198; x_wconf 89' lang='lat' dir='ltr'><strong>non</strong></span> <span class='ocrx_word' id='word_1_872' title='bbox 2073 5139 2340 5196; x_wconf 87' lang='lat' dir='ltr'><strong>deﬂeam?</strong></span> <span class='ocrx_word' id='word_1_873' title='bbox 2373 5140 2614 5195; x_wconf 83' lang='lat' dir='ltr'><strong>Audiens</strong></span> <span class='ocrx_word' id='word_1_874' title='bbox 2658 5139 2772 5204; x_wconf 88' lang='lat' dir='ltr'><strong>illa,</strong></span> <span class='ocrx_word' id='word_1_875' title='bbox 2823 5137 3028 5204; x_wconf 85' lang='lat' dir='ltr'><strong>Estne,</strong></span> <span class='ocrx_word' id='word_1_876' title='bbox 3075 5135 3274 5206; x_wconf 86' lang='lat' dir='ltr'><strong>inquit,</strong></span> <span class='ocrx_word' id='word_1_877' title='bbox 3321 5135 3495 5200; x_wconf 87' lang='lat' dir='ltr'><strong>abba,</strong></span> 
     </span>
    </p>
   </div>
   <div class='ocr_carea' id='block_1_115' title="bbox 1921 5225 3498 5305">
    <p class='ocr_par' dir='ltr' id='par_1_115' title="bbox 1921 5225 3498 5305">
     <span class='ocr_line' id='line_1_115' title="bbox 1921 5225 3498 5305; baseline -0.005 -17"><span class='ocrx_word' id='word_1_878' title='bbox 1921 5232 2256 5305; x_wconf 72' lang='lat' dir='ltr'><strong>pmnitentite</strong></span> <span class='ocrx_word' id='word_1_879' title='bbox 2289 5232 2481 5287; x_wconf 83' lang='lat' dir='ltr'><strong>locus?</strong></span> <span class='ocrx_word' id='word_1_880' title='bbox 2510 5229 2811 5301; x_wconf 79' lang='lat' dir='ltr'><strong>Respondit</strong></span> <span class='ocrx_word' id='word_1_881' title='bbox 2837 5247 2849 5283; x_wconf 93' lang='lat'>:</span> <span class='ocrx_word' id='word_1_882' title='bbox 2877 5228 3070 5282; x_wconf 86' lang='lat' dir='ltr'><strong>Etiam.</strong></span> <span class='ocrx_word' id='word_1_883' title='bbox 3111 5225 3202 5280; x_wconf 89' lang='lat' dir='ltr'><strong>Illa</strong></span> <span class='ocrx_word' id='word_1_884' title='bbox 3228 5226 3293 5281; x_wconf 89' lang='lat' dir='ltr'><strong>ad</strong></span> <span class='ocrx_word' id='word_1_885' title='bbox 3333 5240 3457 5280; x_wconf 90' lang='lat' dir='ltr'><strong>eum</strong></span> <span class='ocrx_word' id='word_1_886' title='bbox 3483 5243 3498 5280; x_wconf 90' lang='lat'><strong>:</strong></span> 
     </span>
    </p>
   </div>
   <div class='ocr_carea' id='block_1_116' title="bbox 1925 5315 3505 5394">
    <p class='ocr_par' dir='ltr' id='par_1_116' title="bbox 1925 5315 3505 5394">
     <span class='ocr_line' id='line_1_116' title="bbox 1925 5315 3505 5394; baseline -0.003 -18"><span class='ocrx_word' id='word_1_887' title='bbox 1925 5323 2037 5378; x_wconf 87' lang='lat' dir='ltr'><strong>Duc</strong></span> <span class='ocrx_word' id='word_1_888' title='bbox 2092 5338 2179 5378; x_wconf 88' lang='lat' dir='ltr'><strong>me</strong></span> <span class='ocrx_word' id='word_1_889' title='bbox 2221 5338 2554 5394; x_wconf 86' lang='lat' dir='ltr'><strong>quocunque</strong></span> <span class='ocrx_word' id='word_1_890' title='bbox 2599 5320 2841 5378; x_wconf 87' lang='lat' dir='ltr'><strong>libuerit.</strong></span> <span class='ocrx_word' id='word_1_891' title='bbox 2904 5318 3127 5373; x_wconf 87' lang='lat' dir='ltr'><strong>Abbas:</strong></span> <span class='ocrx_word' id='word_1_892' title='bbox 3157 5317 3377 5374; x_wconf 87' lang='lat' dir='ltr'><strong>Eamus.</strong></span> <span class='ocrx_word' id='word_1_893' title='bbox 3439 5315 3505 5371; x_wconf 83' lang='lat' dir='ltr'><strong>Et</strong></span> 
     </span>
    </p>
   </div>
   <div class='ocr_carea' id='block_1_117' title="bbox 1924 5409 3506 5486">
    <p class='ocr_par' dir='ltr' id='par_1_117' title="bbox 1924 5409 3506 5486">
     <span class='ocr_line' id='line_1_117' title="bbox 1924 5409 3506 5486; baseline -0.003 -14"><span class='ocrx_word' id='word_1_894' title='bbox 1924 5417 2164 5472; x_wconf 83' lang='lat' dir='ltr'><strong>surrexit</strong></span> <span class='ocrx_word' id='word_1_895' title='bbox 2194 5425 2251 5469; x_wconf 91' lang='lat' dir='ltr'><strong>ut</strong></span> <span class='ocrx_word' id='word_1_896' title='bbox 2273 5426 2595 5486; x_wconf 87' lang='lat' dir='ltr'><strong>sequeretur</strong></span> <span class='ocrx_word' id='word_1_897' title='bbox 2627 5432 2770 5472; x_wconf 88' lang='lat' dir='ltr'><strong>eum.</strong></span> <span class='ocrx_word' id='word_1_898' title='bbox 2809 5413 2981 5469; x_wconf 88' lang='lat' dir='ltr'><strong>Porro</strong></span> <span class='ocrx_word' id='word_1_899' title='bbox 3009 5411 3242 5467; x_wconf 81' lang='lat' dir='ltr'><strong>advertit</strong></span> <span class='ocrx_word' id='word_1_900' title='bbox 3264 5409 3506 5468; x_wconf 71' lang='lat' dir='ltr'><strong>Joannes</strong></span> 
     </span>
    </p>
   </div>
   <div class='ocr_carea' id='block_1_118' title="bbox 1923 5503 3507 5580">
    <p class='ocr_par' dir='ltr' id='par_1_118' title="bbox 1923 5503 3507 5580">
     <span class='ocr_line' id='line_1_118' title="bbox 1923 5503 3507 5580; baseline -0.003 -18"><span class='ocrx_word' id='word_1_901' title='bbox 1923 5508 2068 5580; x_wconf 88' lang='lat' dir='ltr'><strong>quod</strong></span> <span class='ocrx_word' id='word_1_902' title='bbox 2111 5508 2240 5561; x_wconf 87' lang='lat' dir='ltr'><strong>nihil</strong></span> <span class='ocrx_word' id='word_1_903' title='bbox 2297 5509 2363 5564; x_wconf 76' lang='lat' dir='ltr'><strong>de</strong></span> <span class='ocrx_word' id='word_1_904' title='bbox 2419 5509 2581 5564; x_wconf 85' lang='lat' dir='ltr'><strong>domo</strong></span> <span class='ocrx_word' id='word_1_905' title='bbox 2636 5525 2733 5562; x_wconf 83' lang='lat' dir='ltr'><strong>sua</strong></span> <span class='ocrx_word' id='word_1_906' title='bbox 2789 5506 3108 5563; x_wconf 85' lang='lat' dir='ltr'><strong>mandasset</strong></span> <span class='ocrx_word' id='word_1_907' title='bbox 3165 5514 3258 5560; x_wconf 73' lang='lat' dir='ltr'><strong>aut</strong></span> <span class='ocrx_word' id='word_1_908' title='bbox 3316 5503 3507 5560; x_wconf 64' lang='lat' dir='ltr'><strong>inisset</strong></span> 
     </span>
    </p>
   </div>
   <div class='ocr_carea' id='block_1_119' title="bbox 1621 5683 1915 5738">
    <p class='ocr_par' dir='ltr' id='par_1_119' title="bbox 1621 5683 1915 5738">
     <span class='ocr_line' id='line_1_119' title="bbox 1621 5683 1915 5738; baseline -0.003 0"><span class='ocrx_word' id='word_1_909' title='bbox 1621 5683 1664 5716; x_wconf 71' lang='lat'><strong>&quot;’</strong></span> <span class='ocrx_word' id='word_1_910' title='bbox 1693 5683 1776 5738; x_wconf 67' lang='lat' dir='ltr'><strong>Al.</strong></span> <span class='ocrx_word' id='word_1_911' title='bbox 1817 5684 1915 5738; x_wconf 76' lang='grc' dir='ltr'><strong>ῐδι.</strong></span> 
     </span>
    </p>
   </div>
  </div>
