4012 6208
485 305 593 365 223

1613 303 1961 360 APPENDIX
2003 303 2093 359 Al)
2135 303 2473 362 PALLADIU
2486 305 2552 359 Μ.

3621 317 3729 374 914

486 424 741 480 virtutem
769 427 1046 490 appetunt,
1080 419 1172 474 sed
1209 421 1262 474 in
1287 425 1370 474 vla
1398 438 1518 491 qua:
1550 423 1614 475 ad
1647 439 1765 477 eam
1792 423 1942 475 ducit
1974 423 2054 474 in-

2196 441 2242 476 αι
2299 424 2396 493 μὲν
2445 424 2678 494 ἀρετῆς,
2711 423 2806 494 τὴν
2848 424 2905 477 δὲ
2955 425 3038 478 ἐπ’
3083 424 3248 497 αὐτὴν
3301 426 3568 494 φέρουσα-ο
3611 430 3729 483 ὁδὸν

488 511 678 566 cedere
709 517 1078 565 cunctantur:
1112 511 1200 564 alii
1244 528 1373 566 vero
1407 528 1585 582 neque
1620 521 1842 568 censent
1882 512 2055 568 virtu-

2157 513 2404 567 ὀκνοῦσιν
2446 515 2579 568 ἱέναι
2602 532 2615 545 σ
2655 514 2801 568 ἄλλοι
2827 515 2883 568 δὲ
2909 514 3028 568 οὐδέ
3052 517 3248 587 ἀρετὴν
3280 513 3419 571 εἶναι
3451 516 3730 587 ἡγοῦνται.

489 612 593 655 tem
624 615 764 654 esse.
791 599 1020 670 Oportet
1060 602 1224 671 igitur
1253 603 1359 657 illis
1399 605 1615 672 quidem
1644 605 1972 674 persuadere
2001 612 2056 656 ut

2196 607 2280 677 ἱρὴ
2311 601 2402 660 οὖν
2439 607 2563 668 τους
2599 607 2695 675 μὲν
2721 609 2923 670 πεῖσαι,
2955 605 3047 658 τὸν
3084 607 3238 660 δκνον
3268 606 3583 664 ἀποθέσθαι·
3606 611 3736 675 τοὺς

487 692 772 760 Segnitiem
803 692 1113 762 deponant;
1141 694 1240 748 bos
1280 709 1408 748 vero
1431 694 1647 760 docere,
1685 694 1940 750 virtutem
1975 709 2060 748 re-

487 796 614 835 vera
643 783 900 836 virttitem
935 799 1078 839 esse.

561 873 613 928 4.
649 874 758 942 (ει)
795 873 906 929 Hoc
937 877 1100 956 etiam
1134 876 1339 933 dictum
1369 879 1515 934 illius
1555 881 1796 937 exstitit:
1830 883 2058 949 Vitium,

2157 698 2215 752 δέ
2244 696 2449 763 διδάξαι
2488 699 2567 751 ὅτι
2592 698 2757 761 ὅντως
2795 698 2961 768 ἀρετή
3001 699 3146 750 ἐστιν
3179 700 3212 770 ἡ
3245 700 3432 770 ἀρετή.

2231 877 2292 930 δ’.
2335 872 2469 929 Εἶπε
2503 875 2683 941 πάλιν,
2719 877 2800 930 ὅτι
2837 879 3080 947 ἡκακία,
3103 876 3199 930 καὶ
3221 878 3354 929 θεοῦ
3387 879 3510 939 τοὺς
3531 878 3742 949 ἀνθρώ-

494 973 549 1017 et
579 964 828 1020 homines
854 981 883 1020 a
910 967 1017 1022 Deo
1044 969 1347 1038 sejunxitet
1375 971 1515 1031 inter
1540 987 1598 1028 se
1626 971 1916 1044 disjunxit.
1945 974 2060 1029 Hoc

2196 985 2301 1031 :ouc;
2332 968 2628 1038 ἀπέστησε,
2675 968 2766 1020 καὶ
2804 967 3046 1038 ἀλλήλων
3092 965 3359 1037 διέστησε.
3394 967 3608 1039 Ταύτην
3640 966 3735 1025 οὖν

493 1055 660 1125 igitur
679 1058 895 1112 concito
924 1073 1088 1114 cursu
1127 1071 1338 1131 oportet
1362 1061 1567 1132 fugere,
1602 1080 1702 1120 nec
1731 1081 1838 1120 non
1871 1081 2063 1121 conse-

493 1147 628 1200 ctari
656 1149 929 1214 virtutem,
964 1166 1083 1218 quae
1103 1151 1168 1206 ad
1201 1151 1364 1206 Deum
1389 1153 1561 1218 ducit,
1586 1171 1797 1226 nosque
1823 1157 2056 1212 invicem

495 1239 800 1310 coniungit.
835 1239 1063 1297 Virtutis
1090 1253 1267 1299 autem
1295 1254 1347 1300 et
1387 1242 1742 1317 philosophia:
1774 1251 1969 1304 modus
1997 1265 2060 1306 ac

495 1329 741 1384 definitio
775 1339 888 1387 est:
919 1333 1052 1388 Cum
1078 1336 1363 1404 prudentia
1388 1339 1732 1408 simplicitas.

566 1421 620 1474 5.
655 1421 766 1491 (ΞΒ)
807 1422 948 1478 Dixit
984 1424 1216 1482 iterum:
1259 1427 1710 1500 Quandoquidem
1746 1432 1939 1503 ingens
1976 1440 2062 1488 est

497 1509 820 1567 humilitatis
867 1513 1163 1586 fastigium,
1209 1527 1262 1574 et
1313 1523 1637 1590 arrogantiae
1679 1523 2060 1593 praecipitium,

2162 1060 2540 1132 προτροπάδην
2580 1059 2798 1130 φεύγειν
2839 1059 2944 1130 χρὴ
2964 1100 2977 1120 ,
3010 1059 3104 1110 καὶ
3135 1056 3350 1114 διώκειν
3376 1060 3473 1129 τὴν
3503 1062 3733 1134 ἀρετὴν,

2166 1153 2264 1223 τὴν
2289 1154 2383 1206 καὶ
2405 1151 2522 1222 Θεῷ
2549 1157 2926 1223 προσάγουσαν
2948 1149 3041 1203 καὶ
3066 1147 3314 1219 ἀλλήλοις
3339 1150 3736 1206 συνάπτουσαν.

2171 1244 2397 1314 Ἀρετῆς
2432 1243 2488 1295 δέ
2524 1244 2618 1296 καὶ
2651 1241 2963 1310 φιλοσοφίας
3005 1241 3150 1311 ὄρος,
3173 1241 3234 1292 τὸ
3278 1240 3416 1310 μετὰ
3471 1241 3738 1306 συνέσεως

2175 1335 2465 1388 ἄπλαστον.

2243 1431 2304 1478 ε’.
2349 1423 2539 1490 Ἔλεγε
2576 1421 2769 1476 πάλιν·
2819 1421 3035 1492 Ἐπειδὴ
3070 1421 3211 1492 μέγα
3241 1422 3336 1490 τῆς
3384 1438 3735 1492 ταπεινοτέρα-

2174 1517 2339 1589 σύνης
2365 1516 2425 1569 τὸ
2453 1514 2607 1585 ὕψος,
2639 1515 2734 1568 καὶ⁵
2761 1515 2861 1586 τῆς
2893 1514 3207 1578 ἀλαζονείας
3234 1515 3295 1568 τὸ
3339 1515 3565 1584 πτῶμα,
3596 1532 3740 1582 συμο

496 1601 784 1656 consilium
823 1605 976 1660 vobis
1004 1609 1093 1674 do,
1132 1619 1192 1663 ut
1225 1610 1356 1664 illud
1396 1612 1819 1682 amplcetamini,
1857 1615 1912 1668 in
1963 1615 2068 1670 hoc

2196 1607 2408 1682 ἱουλεύω
2433 1607 2582 1677 ὑμῖν,
2613 1607 2787 1659 ἐκεῖνο
2821 1605 2919 1676 μέν
2964 1602 3332 1667 ἀσπάσασθαι,
3371 1605 3542 1674 τούτῳ
3567 1605 3619 1658 δέ
3662 1607 3739 1676 μὴ

501 1707 629 1745 vero
657 1707 724 1746 ne
747 1692 1035 1751 decidatis.

567 1781 620 1836 6.
651 1781 764 1854 (26)
800 1783 949 1840 lianc
975 1803 1191 1858 quoque
1224 1793 1448 1862 protulit
1471 1795 1794 1849 sententiam
1822 1816 1837 1850 -.
1868 1793 2068 1851 Gravis
2096 1757 2142 1816 Β

497 1881 550 1928 et
585 1886 782 1928 cuncta
815 1877 1022 1935 audens
1049 1880 1284 1937 habendi
1311 1899 1486 1947 amor,
1523 1887 1789 1942 satietatis
1821 1887 2065 1952 nescius,

2171 1701 2508 1770 περιπεσεῖν.

2228 1791 2304 1848 ς’.
2335 1785 2468 1842 Εἷπε
2499 1788 2657 1842 πάλιν
2685 1805 2699 1820 ο
2735 1787 2794 1842 '0
2818 1787 2985 1852 δεινὸς
3019 1788 3111 1842 καὶ
3142 1788 3444 1860 πάντολμος
3470 1789 3569 1859 τῆς
3593 1789 3741 1858 φιλο-

2169 1883 2480 1956 χρηματίας
2511 1881 2672 1952 ἔρως,
2703 1881 2862 1953 κόρον
2913 1881 3013 1934 ούκ
3057 1879 3230 1944 εἰδὼς,
3261 1881 3354 1936 ἐπὶ
3408 1883 3470 1934 τὸ
3516 1882 3742 1952 ἔσχατον

498 1965 738 2019 animam
771 1984 933 2036 quam
969 1974 1337 2042 occupaverit,
1368 1975 1434 2028 ad
1460 1984 1767 2031 extremum
1803 1978 2069 2032 malorum

2196 1974 2278 2028 :Gw
2311 1973 2516 2036 κακῶν,
2545 1973 2644 2043 τὴν
2669 1971 2900 2026 ἁλοῦσαν
2929 1971 3105 2042 ψυχὴν
3134 1972 3368 2026 ἐλαύνει.
3400 1973 3606 2028 Οὐκοῦν
3632 1974 3740 2044 μά-

500 2055 750 2126 ίίιιρυιιὶι.
786 2058 928 2130 Ergo
957 2077 1080 2115 eum
1116 2065 1352 2120 maxime
1385 2066 1438 2119 in
1468 2067 1753 2137 principiis
1784 2069 2068 2140 pellamus.

498 2144 635 2202 Cum
667 2148 812 2202 enim
844 2151 1162 2217 obtinuerit,
1195 2157 1299 2209 erit
1329 2157 1786 2228 inexpugnabilis.

693 2257 771 2314 De
799 2259 986 2315 abbate
1012 2259 1205 2318 Isaaca
1237 2265 1536 2335 presbytero
1563 2264 1874 2323 Celliorum.

575 2434 626 2488 ί.
659 2433 770 2506 (27)
799 2435 1080 2494 Venerunt
1107 2441 1422 2511 aliquando,
1456 2453 1515 2496 ut
1547 2444 1794 2500 abbatem
1828 2444 2072 2502 lsaacum

502 2525 878 2598 presbyterum
926 2528 1191 2585 facerent.
1228 2531 1322 2588 llle
1364 2534 1595 2592 audiens
1626 2535 1765 2608 fugit
1801 2539 1855 2594 in
1903 2539 2073 2612 Λεων-

505 2629 654 2689 ptum
681 2637 696 2688 ;
728 2621 971 2692 abiitque
1021 2623 1090 2677 ad
1133 2639 1345 2695 agrum,
1394 2643 1458 2682 ac
1507 2629 1647 2684 inter
1685 2628 1864 2686 fenum
1899 2632 2072 2688 latuit.

505 2711 692 2783 Itaque
718 2711 907 2770 Patres
946 2726 1065 2785 post
1091 2731 1212 2771 eum
1240 2719 1516 2776 subsecuti
1548 2730 1675 2776 sunt
1704 2741 1715 2776 :
1757 2732 1812 2778 et
1839 2723 1904 2778 ad
1934 2741 2078 2780 eum-

505 2801 629 2856 dem
653 2817 843 2873 agrum
877 2806 1280 2874 pervenientes,
1302 2811 1688 2876 eonstiterunt,
1722 2829 1830 2883 quo
1857 2815 2074 2884 paulum

505 2891 580 2946 ibi
612 2894 984 2949 sereﬁccrent
1016 2913 1028 2949 :
1079 2904 1198 2951 erat
1227 2898 1372 2952 enim
1425 2916 1553 2956 nox.
1601 2902 1826 2956 Asinum
1862 2918 2079 2974 quoque

506 2984 788 3039 solverunt
832 2985 898 3039 ad
944 2997 1184 3056 pastum.
1237 2989 1340 3055 Qui
1389 2991 1600 3059 abiens,
1657 2994 1805 3049 stetit
1839 3003 1963 3050 ante
1989 3010 2078 3050 se-

2169 2066 2326 2120 λιστα
2352 2063 2513 2116 αὑτὸν
2545 2065 2603 2116 ἐν
2630 2062 2933 2133 προοιμίοις
2972 2063 3272 2136 ἐλάσωμεν.
3290 2065 3585 2136 Κρατήσας
3609 2063 3742 2136 γὰρ,

2171 2156 2469 2228 ἀχείρωτος
2508 2153 2681 2208 ἔσται.

2205 2268 2344 2338 Περὶ
2399 2267 2504 2322 τοῦ
2546 2265 2695 2321 ἀεί’ὄᾶ
2734 2267 3095 2391 Ἶσιιὲἐυῗλτοῦ
3138 2268 3540 2337 πρεσϐυτέρου
3591 2268 3710 2322 τῶν

2867 2355 2916 2390 ε.
2985 2355 3109 2391 (ων.

2867 2355 3109 2392 ελλιων.

2245 2460 2314 2508 α’.
2357 2449 2556 2505 Ἦλθον
2608 2468 2736 2504 ποτε
2786 2452 2875 2504 τὸν
2932 2450 3103 2505 ἀὸὁᾶν
3144 2451 3328 2505 Ἰσαάκ
3378 2451 3752 2522 πρεσϐύτερον

2177 2545 2419 2616 ποιῆσαι.
2471 2544 2582 2597 Καὶ
2616 2543 2886 2606 ἀκούσας,
2939 2543 3137 2613 ἔφυγεν
3183 2545 3262 2606 εἰς
3299 2542 3572 2612 Αἴγυπτον
3607 2558 3620 2572 °
3653 2546 3753 2598 καὶ

2177 2635 2418 2706 ἀπῆλθεν
2447 2637 2524 2698 εἰς
2552 2634 2739 2706 ἀγρὸν,
2772 2635 2866 2688 καὶ
2900 2634 3110 2705 ἐκρύϐη
3138 2634 3240 2688 ἀνὰ
3285 2633 3445 2705 μέσον
3483 2633 3577 2686 τοῦ
3619 2632 3748 2705 χόρ-

2176 2748 2294 2784 του.
2347 2726 2691 2794 Κατεδίωξαν
2722 2722 2814 2780 οὖν
2840 2727 2890 2779 οι
2931 2724 3172 2796 Πατέρες
3213 2725 3388 2778 ὀπίσω
3431 2723 3615 2778 αὐτοῦ·
3653 2725 3749 2777 καί

2181 2823 2482 2894 φθάσαντες
2498 2822 2577 2884 είς
2594 2819 2756 2872 αὐτὸν
2784 2818 2873 2871 τὸν
2893 2817 3059 2888 ἀγρὸν
3076 2857 3091 2880 ,
3121 2817 3420 2871 κατέλυσαν
3451 2814 3752 2884 ἀναπαῆναι

2184 2914 2379 2985 μικρὸν
2414 2914 2565 2964 ἐκεῖ·
2591 2905 2660 2982 ἦν
2697 2909 2806 2980 γὰρ
2831 2908 2946 2973 νύξ.
2985 2907 3202 2963 Καὶ.τὸν
3231 2907 3350 2962 δνον
3370 2905 3641 2962 ἀπέλυσαν
3664 2907 3757 2977 βό-

2185 3003 2428 3057 σκεσθαι.
2482 3001 2539 3053 ’0
2569 2999 2628 3054 δὲ
2659 3000 2778 3063 ὄνος
2817 2997 3086 3062 ἀπελθὼν,
3111 2998 3240 3068 ἔστη
3269 2998 3412 3052 κατὰ
3442 2996 3537 3050 τοῦ
3570 2999 3760 3069 γέρον-

505 3089 653 3131 nem.
711 3075 982 3142 Quocirca
1029 3094 1186 3135 mane
1227 3092 1536 3150 quaerentes
1577 3084 1812 3151 asinum,
1859 3087 2076 3141 invene-

2196 3111 2289 3157 :o;.
2313 3092 2422 3144 Kal.
2452 3089 2596 3162 πρωῒ
2627 3089 2915 3160 ζητοῦντες
2966 3088 3056 3142 τὸν
3079 3087 3216 3148 ὄνον,
3238 3082 3395 3159 εὗρον
3415 3088 3508 3140 καὶ
3539 3087 3628 3140 τὸν
3660 3085 3758 3140 ἀϐ-

509 3175 640 3222 runt
685 3185 790 3222 una
833 3171 1084 3225 abbatem
1130 3172 1420 3228 lsaaeum:
1470 3185 1633 3245 atque
1677 3193 1789 3232 rem
1826 3176 2076 3232 (leniirati

509 3267 659 3314 sunt.
687 3260 824 3313 Cum
850 3272 1028 3318 autem
1057 3265 1258 3319 vellent
1289 3283 1411 3321 eum
1448 3267 1633 3338 ligare.
1668 3285 1772 3323 non
1811 3271 2076 3339 permisit,

509 3351 700 3406 dicens
726 3373 739 3407 :
770 3352 885 3408 Non
921 3356 1154 3426 amplius
1184 3341 1351 3427 fugin.
1387 3358 1477 3413 Dei
1510 3361 1654 3414 enim
1685 3363 1936 3418 voluntas
1964 3372 2077 3429 est;

510 3456 564 3500 et
596 3461 921 3518 quocunque
953 3447 1162 3519 fugere,
1194 3450 1259 3504 ad
1297 3450 1399 3505 hoc
1429 3452 1667 3506 veniam.

581 3537 636 3592 2.
691 3537 1008 3594 Memoravit
1053 3542 1220 3596 abbas
1255 3541 1435 3597 Isaac:
1473 3541 1705 3610 Quando
1744 3559 1894 3598 eram
1925 3544 2084 3615 juve-

513 3630 621 3694 nis,
663 3631 947 3686 manebant
984 3646 1108 3686 cum
1162 3633 1356 3689 abbate
1404 3634 1641 3703 Cronio;
1696 3652 1796 3690 nec
1844 3653 2083 3707 unquam

514 3721 654 3775 dixit
684 3723 815 3776 mibi
859 3723 1135 3794 quidpiam
1174 3727 1360 3796 operis
1397 3726 1596 3793 facere,
1628 3730 1878 3798 quamvis
1920 3745 2083 3784 senex

514 3820 660 3867 esset
685 3829 746 3868 ac
773 3815 1082 3870 tremulus:
1126 3831 1310 3871 verum
1350 3827 1544 3888 sponte
1584 3820 1838 3888 surgebat
1880 3819 2088 3889 praebe-

515 3902 717 3974 batque
746 3921 870 3960 eum
899 3905 1030 3960 mihi
1070 3916 1182 3961 tum
1217 3909 1383 3964 simili
1411 3908 1571 3963 modo
1601 3911 1812 3966 caneris
1838 3910 2085 3965 baueale.

519 3995 649 4050 Item
679 4012 804 4052 cum
834 3999 1032 4054 abbate
1061 3997 1349 4055 Theodoro
1384 3999 1702 4056 Phermensi
1742 4002 1954 4068 resedi;
1987 4017 2089 4057 nec

519 4085 636 4156 ipse
672 4089 805 4143 mihi
853 4090 992 4144 dixit
1032 4091 1326 4162 quidquam
1376 4107 1566 4162 agere;
1618 4093 1713 4148 sed
1757 4101 1812 4146 et
1863 4092 2091 4162 ipsemet

519 4191 759 4232 mensam
777 4182 1032 4250 ponebat,
1069 4183 1351 4253 aiebatque
1377 4201 1390 4236 :
1417 4182 1625 4249 Frater,
1659 4185 1703 4240 si
1727 4185 2093 4255 placct,man-

521 4266 780 4322 ducatum
808 4273 952 4324 veni.
981 4270 1092 4341 Ego
1121 4288 1248 4329 vero
1266 4275 1332 4330 ad
1366 4292 1489 4330 eum
1532 4276 1741 4331 aiebam
1770 4294 1783 4330 :
1827 4275 2000 4342 Abba,
2025 4276 2090 4330 ad

521 4367 576 4412 te
607 4359 837 4426 accessi,
882 4369 941 4414 ut
971 4377 1218 4430 caperem
1244 4366 1569 4435 utilitatem;
1616 4383 1786 4438 quare
1817 4383 1924 4422 non
1960 4369 2090 4422 mihi

2183 3179 2282 3233 δᾶν
2315 3178 2530 3232 Ἰσαάκ*
2569 3176 2664 3229 καὶ
2703 3175 3036 3246 ἐθαύμασαν.
3068 3174 3322 3237 Θέλοντες
3366 3175 3420 3227 δὲ
3465 3174 3626 3228 αὑτὸν
3659 3174 3758 3244 ὂῆ-

2184 3286 2307 3332 σαι,
2355 3268 2455 3320 οὐκ
2507 3266 2716 3336 ἀφῆκε,
2764 3264 3112 3334 λέγωνσούκ
3160 3262 3240 3315 ἐτι
3284 3263 3485 3330 φεύγω.
3535 3261 3763 3332 Θέλημα

2183 3359 2294 3428 γὰρ
2330 3355 2422 3409 τοῦ
2453 3356 2587 3410 Θεοῦ
2628 3358 2774 3419 ἐστι,
2803 3355 2896 3408 καὶ
2924 3355 3058 3407 ὅπου
3096 3351 3138 3404 δ’
3171 3351 3236 3405 ἂν
3282 3351 3470 3422 φύγω,
3500 3353 3576 3414 εις
3627 3353 3768 3406 αὐτὸ

2184 3449 2433 3520 ἔρχομαι.
2911 3457 2914 3460 ‘

2258 3539 2322 3611 β’.
2367 3535 2530 3593 Εἶπεν
2567 3541 2595 3592 ὁ
2647 3537 2820 3600 ἁόσᾶς
2861 3535 3078 3590 ἰσαάκδ
3117 3537 3242 3588 Ὅτε
3291 3527 3436 3606 ἤμην
3475 3535 3763 3606 νεώτερος,

2188 3633 2474 3705 ἐκαθήμην
2511 3631 2650 3704 μετὰ
2681 3631 2776 3684 τοῦ
2814 3630 2959 3685 ἀῦϐᾶ
2993 3627 3223 3700 Κρονίου
3248 3645 3262 3658 ο
3287 3631 3382 3680 καὶ
3404 3625 3657 3679 οὐδέποτε
3689 3621 3770 3678 εἷ-

2189 3727 2256 3780 πέ
2294 3743 2384 3797 μοι
2409 3727 2631 3796 ποιῆσαι
2661 3723 2842 3794 ἔργον,
2867 3721 3067 3792 καίπερ
3087 3719 3262 3792 γέρων
3288 3717 3362 3772 ὣν
3387 3719 3482 3771 καὶ
3510 3719 3726 3788 τρέμων
3751 3735 3764 3746 ο

2188 3819 2324 3871 ἀλλὰ
2361 3817 2426 3869 δι’
2467 3816 2660 3870 ἑαυτοῦ
2706 3815 2956 3886 ἠγείρετο
2990 3814 3080 3867 καὶ
3117 3814 3340 3882 παρεῖχε
3369 3809 3429 3862 τὸ
3469 3809 3767 3878 βαυκάλιον

2191 3912 2316 3984 ἐμοὶ
2355 3911 2447 3966 καὶ
2480 3913 2646 3965 πᾶσιν
2679 3909 2898 3980 ὁμοίως.
2941 3907 3052 3961 Καὶ
3081 3906 3218 3977 μετὰ
3253 3903 3346 3957 τοῦ
3383 3903 3526 3957 ἀδεᾶ
3561 3901 3766 3956 Θεοδώ-

2195 4021 2289 4076 ρου
2317 4003 2416 4073 τῆς
2451 4003 2671 4073 Φέρμης
2711 4000 2962 4064 ἐκάθισα,
2995 4000 3090 4052 καὶ
3125 3997 3244 4051 οὐδὲ
3287 3995 3448 4058 αὐτὸς
3489 3994 3641 4063 ἔλεγέ
3675 4010 3771 4064 μοι

2195 4094 2417 4164 ποιῆσαί
2447 4094 2497 4146 τί
2543 4109 2701 4145 ποτεο
2729 4092 2865 4146 ἀλλὰ
2901 4091 2995 4145 καί
3027 4090 3123 4160 τὴν
3161 4089 3442 4161 τράπεζαν
3474 4087 3540 4139 δι’
3575 4087 3773 4139 ἑαυτοῦ

2195 4186 2381 4251 ἐτίθει,
2411 4186 2506 4240 καὶ
2534 4184 2717 4254 ἔλεγεν
2746 4198 2760 4212 ⁸
2807 4183 3044 4251 ’Ᾱδελφέ,
3077 4181 3170 4234 ἐὰν
3199 4180 3380 4252 θέλῃς,
3412 4176 3572 4248 δεῦρο
3603 4177 3770 4245 φάγε.

2207 4275 2350 4345 Ἐγὼ
2380 4275 2436 4328 δὲ
2471 4275 2607 4346 πρὸς
2646 4273 2808 4328 αὑτὸν
2838 4273 3021 4340 ελεγον
3058 4291 3070 4304 ·
3115 4270 3302 4334 ’Λ66ἄ,
3333 4265 3494 4341 ἦλθον
3537 4266 3674 4337 πρὸς
3711 4264 3775 4317 ob

2200 4369 2286 4422 ἵνα
2303 4365 2594 4437 ὡφεληθῶ·
2617 4363 2847 4426 καὶπῶς
2874 4364 2934 4416 ού
2965 4363 3142 4432 λέγεις
3169 4362 3255 4432 μοί
3283 4361 3335 4412 τί
3369 4377 3495 4413 ποτε
3527 4358 3776 4426 ποιῆσαι;

525 4449 780 4522 praecipis
807 4451 1011 4523 aliquid
1045 4453 1264 4529 facere?
1293 4457 1363 4510 At
1394 4473 1558 4512 senex
1585 4461 1808 4514 omnino
1853 4461 2083 4515 tacebat.

2211 4458 2268 4512 ’0
2288 4458 2345 4510 δὲ
2381 4457 2560 4527 γέρων
2593 4456 2768 4508 πάντα
2797 4452 3025 4507 ἐσιώπα.
3061 4454 3166 4506 Καὶ
3193 4451 3454 4522 ἀπῆλθον,
3491 4452 3582 4503 καὶ⁵
3605 4450 3779 4520 ἀνήγ-

523 4543 648 4599 Abii
679 4561 828 4617 ergo,
880 4557 930 4601 et
979 4548 1224 4602 nuntiari
1271 4551 1516 4606 senibus.
1561 4552 1665 4618 Qui
1702 4555 1983 4609 venientes
2027 4553 2094 4607 ad

523 4652 650 4692 eum
676 4637 746 4692 ita
763 4639 928 4694 locuti
954 4647 1081 4695 sunt
1100 4659 1114 4696 :
1136 4643 1308 4708 Abba,
1333 4645 1398 4699 ad
1418 4644 1759 4699 sanctitatem
1780 4655 1928 4699 tuam
1952 4646 2100 4700 venit

527 4729 716 4794 frater,
747 4740 806 4784 ut
844 4731 1164 4802 proficeret;
1192 4751 1291 4789 cur
1321 4751 1429 4789 non
1465 4736 1546 4790 ais
1582 4736 1657 4791 illi
1688 4746 1745 4790 ut
1774 4738 1974 4807 aliquid
2017 4737 2101 4793 fa-

524 4820 674 4874 ciat?
722 4819 1019 4891 Respondit
1064 4839 1268 4880 senex:
1317 4822 1457 4879 Num
1508 4825 1894 4880 cmnobiareba
1955 4842 2099 4893 sum,

527 4927 638 4982 quo
673 4913 723 4965 ei
755 4913 1098 4984 prazeipiam?
1125 4914 1235 4986 Ego
1278 4932 1431 4980 sane,
1465 4915 1598 4970 nihil
1637 4917 1970 4987 proloquor;
2007 4917 2101 4974 sed

530 5005 577 5060 si
608 5005 864 5069 voluerit,
900 5006 1046 5076 quod
1079 5008 1254 5062 cernit
1287 5024 1374 5063 me
1404 5008 1716 5072 facientem,
1753 5007 1913 5064 faciet
1939 5010 2102 5065 etiam

531 5094 669 5164 ipse.
705 5095 788 5150 Ab
829 5109 896 5150 eo
938 5095 1104 5165 igitur
1144 5105 1408 5168 tempore,
1460 5087 1855 5167 prazveniebam
1898 5107 1951 5152 et
1981 5116 2106 5169 age-

536 5181 683 5248 bam,
715 5187 762 5241 si
797 5186 927 5256 quid
967 5202 1132 5242 senex
1173 5198 1318 5242 esset
1349 5198 1592 5243 acturus.
1647 5188 1692 5244 ls
1732 5199 1910 5244 autem
1950 5192 2108 5259 quid-

537 5270 671 5340 quid
697 5284 1036 5343 operaretur,
1069 5278 1400 5346 0perabatnr
1430 5280 1628 5333 tacitus
1657 5297 1668 5332 :
1703 5286 1865 5349 atque
1887 5278 1988 5332 boe
2023 5295 2106 5332 me

537 5356 749 5423 docuit,
787 5379 910 5419 cum
941 5367 1156 5421 silentio
1185 5368 1422 5438 operari.

614 5450 668 5505 5.
700 5451 882 5510 Abbas
917 5456 1065 5513 Isaac
1109 5468 1164 5514 et
1195 5462 1362 5514 abbas
1404 5461 1674 5518 Abraham
1712 5463 1870 5517 simul
1921 5479 2107 5517 mane-

916 5649 974 5694 lt,
1000 5636 1162 5703 epist.
1194 5639 1314 5692 i3l.

615 5698 728 5772 (25),
757 5699 873 5755 Lib.
902 5717 983 5768 III,
1013 5698 1173 5774 epist.
1207 5707 1292 5761 69.

2201 4550 2356 4618 γειλα
2396 4551 2508 4611 τοῖς
2539 4547 2780 4620 γέρουσι.
2813 4547 2922 4598 Καὶ
2967 4544 3210 4608 ἐλθόντες
3243 4545 3292 4596 οἱ
3339 4544 3596 4614 γέροντες
3636 4540 3778 4613 πρὸς

2202 4640 2384 4704 αὐτὸν,
2409 4635 2561 4692 εἷπον
2591 4637 2762 4707 αὐτῷ·
2799 4635 2987 4699 ’Δ66ἄ,
3005 4632 3167 4706 ἦλθεν
3194 4635 3223 4686 ὁ
3248 4634 3474 4703 ἁδελφὸς
3503 4632 3638 4703 πρὸς
3677 4631 3781 4699 τὴν

2202 4733 2512 4804 ἁγιωσύνην
2547 4750 2669 4798 σου,
2697 4729 3063 4801 ὠφεληθῆναι.
3091 4727 3186 4782 καὶ
3215 4727 3357 4781 διατι
3376 4729 3436 4782 ού
3464 4727 3641 4795 λέγεις
3681 4725 3784 4776 ab-

2203 4821 2279 4891 τῷ
2304 4821 2391 4874 ἵνα
2430 4821 2632 4890 ποιήσῃ
2671 4818 2724 4870 τί
2751 4833 2918 4882 ποτε;
2952 4817 3062 4869 Καὶ
3100 4815 3246 4884 λέγει
3277 4816 3460 4878 αὐτοῖς
3496 4813 3524 4865 δ
3553 4812 3732 4882 γέρων
3766 4829 3778 4838 ·

2203 4914 2295 4982 Μὴ
2332 4913 2439 4983 γάρ
2477 4910 2852 4981 κοινοϐιάρχης
2887 4911 3021 4979 εἰμὶ,
3042 4907 3128 4960 ἵνα
3156 4907 3389 4973 διατάξω
3425 4904 3604 4974 αύτῷ;
3639 4901 3786 4971 Ἐγὼ

2206 5005 2362 5067 τέως,
2393 5003 2544 5056 οὐδὲν
2575 5001 2718 5068 λέγω
2750 4999 2928 5070 αὐτῷ·
2971 4998 3084 5051 ἀλλ’
3124 4997 3219 5050 ἐὰν
3245 4995 3395 5068 θέλῃ.
3432 4994 3460 5047 ὃ
3487 4992 3672 5062 βλέπει
3713 5007 3786 5060 με

2209 5095 2489 5156 ποιοῦντα.
2539 5094 2764 5166 ποιήσει’
2806 5091 2899 5145 καὶ
2931 5089 3114 5152 αὐτός.
3161 5088 3294 5141 Ἀπδ
3341 5086 3462 5138 τότε
3492 5079 3605 5144 οὖν,
3647 5099 3808 5169 προ-0

2209 5188 2510 5258 ελάμὸανον
2532 5185 2626 5239 καὶ
2647 5185 2883 5248 ἐποίουν,
2908 5183 2960 5235 εἴ
2987 5199 3037 5235 τι
3070 5179 3287 5251 ἔμελλεν
3317 5180 3344 5231 ὁ
3381 5177 3556 5247 γέρων
3585 5176 3805 5250 ποιεῖν..

2211 5281 2378 5342 Λύτδς
2403 5281 2454 5333 δε
2482 5277 2536 5330 εί
2553 5295 2601 5331 τι
2628 5275 2818 5338 ἐποίει,
2839 5274 3055 5328 σιωπῶν
3072 5272 3260 5324 ἐποίει·
3287 5269 3380 5322 καῖ
3396 5265 3552 5322 τοῦτό
3583 5281 3647 5335 με
3674 5264 3800 5331 ἐδίέ

2209 5371 2358 5436 δαιξε,
2397 5371 2457 5424 τὺ
2484 5371 2652 5422 ποιεῖν
2687 5367 2994 5422 σιωπῶντα.
3794 5357 3801 5372 ’

2282 5464 2349 5530 γ’.
2404 5464 2462 5516 ’0
2499 5461 2670 5525 ἁϐὁᾶς
2717 5459 2922 5522 Ἰσαὰκ,
2958 5459 3048 5511 καὶ
3075 5460 3100 5509 ὁ
3129 5456 3299 5518 ἁϐὃᾶς
3341 5453 3609 5523 Ἀϐραὰμ,
3647 5444 3802 5519 ἦσαν

2287 5637 2396 5695 (εἶθ)
2429 5635 2546 5689 Lib.
2582 5651 2660 5688 ιιι.
2695 5635 2854 5701 epist.
2887 5631 2974 5683 εει.

2289 5706 2397 5777 (27)
2442 5703 2544 5758 Πι.
2587 5697 2740 5756 Ιάινί
2776 5717 2963 5764 sum,
2988 5697 3040 5751 ἵ.
