  <div class='ocr_page' id='page_1' title='image "/cluster/home/n/w/nwhite01/storage/ocr_20150623/65/hvd.32044073501967/118.png"; bbox 0 0 4036 6202; ppageno 0'>
   <div class='ocr_carea' id='block_1_1' title="bbox 225 319 3476 395">
    <p class='ocr_par' dir='ltr' id='par_1_1' title="bbox 225 319 3476 395">
     <span class='ocr_line' id='line_1_1' title="bbox 225 319 3476 395; baseline 0.008 -27"><span class='ocrx_word' id='word_1_1' title='bbox 225 331 327 390; x_wconf 63' lang='grc' dir='ltr'>ω</span> <span class='ocrx_word' id='word_1_2' title='bbox 1358 319 1968 379; x_wconf 76' lang='lat' dir='ltr'><strong>APOPHTHEGMATA</strong></span> <span class='ocrx_word' id='word_1_3' title='bbox 2006 320 2315 378; x_wconf 72' lang='lat' dir='ltr'><strong>PATRUM.</strong></span> <span class='ocrx_word' id='word_1_4' title='bbox 3369 338 3476 395; x_wconf 74' lang='grc' dir='ltr'><strong>εεσ</strong></span> 
     </span>
    </p>
   </div>
   <div class='ocr_carea' id='block_1_2' title="bbox 225 418 1818 522">
    <p class='ocr_par' dir='ltr' id='par_1_2' title="bbox 225 418 1808 522">
     <span class='ocr_line' id='line_1_2' title="bbox 225 418 1808 522; baseline -0.023 -14"><span class='ocrx_word' id='word_1_5' title='bbox 225 448 356 522; x_wconf 76' lang='grc' dir='ltr'>ὁμοῦ</span> <span class='ocrx_word' id='word_1_6' title='bbox 378 444 691 508; x_wconf 76' lang='grc' dir='ltr'><strong>οἰκοῦντες·</strong></span> <span class='ocrx_word' id='word_1_7' title='bbox 724 443 819 497; x_wconf 73' lang='grc' dir='ltr'><strong>καὶ</strong></span> <span class='ocrx_word' id='word_1_8' title='bbox 841 418 1100 496; x_wconf 75' lang='grc' dir='ltr'>εἰσελθὼν</span> <span class='ocrx_word' id='word_1_9' title='bbox 1126 442 1155 493; x_wconf 99' lang='lat'><strong>6</strong></span> <span class='ocrx_word' id='word_1_10' title='bbox 1182 440 1355 504; x_wconf 63' lang='lat' dir='ltr'><strong>esea;</strong></span> <span class='ocrx_word' id='word_1_11' title='bbox 1394 439 1664 512; x_wconf 53' lang='grc' dir='ltr'>Ἆδραάμ,</span> <span class='ocrx_word' id='word_1_12' title='bbox 1683 433 1808 511; x_wconf 60' lang='grc' dir='ltr'>εὗρε</span> 
     </span>
    </p>
   </div>
   <div class='ocr_carea' id='block_1_3' title="bbox 1916 418 3478 522">
    <p class='ocr_par' dir='ltr' id='par_1_3' title="bbox 1916 438 3478 512">
     <span class='ocr_line' id='line_1_3' title="bbox 1916 438 3478 512; baseline 0.01 -19"><span class='ocrx_word' id='word_1_13' title='bbox 1916 438 2087 495; x_wconf 88' lang='lat' dir='ltr'><strong>bant:</strong></span> <span class='ocrx_word' id='word_1_14' title='bbox 2125 449 2180 495; x_wconf 91' lang='lat' dir='ltr'><strong>et</strong></span> <span class='ocrx_word' id='word_1_15' title='bbox 2221 440 2504 512; x_wconf 72' lang='lat' dir='ltr'><strong>ingressus</strong></span> <span class='ocrx_word' id='word_1_16' title='bbox 2545 442 2717 499; x_wconf 84' lang='lat' dir='ltr'><strong>abbas</strong></span> <span class='ocrx_word' id='word_1_17' title='bbox 2751 442 3027 498; x_wconf 78' lang='lat' dir='ltr'><strong>Abraham</strong></span> <span class='ocrx_word' id='word_1_18' title='bbox 3064 443 3271 503; x_wconf 89' lang='lat' dir='ltr'><strong>invenit</strong></span> <span class='ocrx_word' id='word_1_19' title='bbox 3307 451 3478 509; x_wconf 78' lang='lat' dir='ltr'><strong>abba-</strong></span> 
     </span>
    </p>
   </div>
   <div class='ocr_carea' id='block_1_4' title="bbox 227 530 1818 607">
    <p class='ocr_par' dir='ltr' id='par_1_4' title="bbox 227 530 1806 602">
     <span class='ocr_line' id='line_1_4' title="bbox 227 530 1806 602; baseline -0.009 -5"><span class='ocrx_word' id='word_1_20' title='bbox 227 542 318 597; x_wconf 77' lang='grc' dir='ltr'><strong>τὸν</strong></span> <span class='ocrx_word' id='word_1_21' title='bbox 362 536 544 593; x_wconf 70' lang='grc' dir='ltr'><strong>ἀὸῦᾶν</strong></span> <span class='ocrx_word' id='word_1_22' title='bbox 606 534 796 590; x_wconf 84' lang='grc' dir='ltr'><strong>ἰσαάκ</strong></span> <span class='ocrx_word' id='word_1_23' title='bbox 844 533 1098 587; x_wconf 76' lang='grc' dir='ltr'>κλαίοντα</span> <span class='ocrx_word' id='word_1_24' title='bbox 1128 546 1144 562; x_wconf 78' lang='grc'>⁸</span> <span class='ocrx_word' id='word_1_25' title='bbox 1180 534 1275 587; x_wconf 73' lang='grc' dir='ltr'><strong>καὶ</strong></span> <span class='ocrx_word' id='word_1_26' title='bbox 1318 532 1464 602; x_wconf 77' lang='grc' dir='ltr'>λέγει</span> <span class='ocrx_word' id='word_1_27' title='bbox 1522 530 1671 602; x_wconf 66' lang='grc' dir='ltr'>αρτᾦ</span> <span class='ocrx_word' id='word_1_28' title='bbox 1697 547 1710 561; x_wconf 90' lang='grc'><strong>·</strong></span> <span class='ocrx_word' id='word_1_29' title='bbox 1741 530 1806 584; x_wconf 84' lang='grc' dir='ltr'>Τί</span> 
     </span>
    </p>
   </div>
   <div class='ocr_carea' id='block_1_5' title="bbox 1916 530 3477 607">
    <p class='ocr_par' dir='ltr' id='par_1_5' title="bbox 1916 530 3477 607">
     <span class='ocr_line' id='line_1_5' title="bbox 1916 530 3477 607; baseline 0.01 -22"><span class='ocrx_word' id='word_1_30' title='bbox 1916 539 2017 587; x_wconf 83' lang='lat' dir='ltr'><strong>lem</strong></span> <span class='ocrx_word' id='word_1_31' title='bbox 2055 530 2304 588; x_wconf 89' lang='lat' dir='ltr'><strong>Isaacum</strong></span> <span class='ocrx_word' id='word_1_32' title='bbox 2351 533 2745 607; x_wconf 84' lang='lat' dir='ltr'><strong>Iacrymantem</strong></span> <span class='ocrx_word' id='word_1_33' title='bbox 2785 555 2798 591; x_wconf 87' lang='lat'><strong>:</strong></span> <span class='ocrx_word' id='word_1_34' title='bbox 2849 536 3095 607; x_wconf 86' lang='lat' dir='ltr'><strong>dixitque</strong></span> <span class='ocrx_word' id='word_1_35' title='bbox 3119 536 3213 594; x_wconf 89' lang='lat' dir='ltr'><strong>ei:</strong></span> <span class='ocrx_word' id='word_1_36' title='bbox 3253 539 3365 596; x_wconf 84' lang='lat' dir='ltr'><strong>Cur</strong></span> <span class='ocrx_word' id='word_1_37' title='bbox 3410 547 3477 601; x_wconf 65' lang='lat' dir='ltr'><strong>la</strong></span> 
     </span>
    </p>
   </div>
   <div class='ocr_carea' id='block_1_6' title="bbox 232 619 1807 695">
    <p class='ocr_par' dir='ltr' id='par_1_6' title="bbox 232 619 1807 695">
     <span class='ocr_line' id='line_1_6' title="bbox 232 619 1807 695; baseline -0.008 -9"><span class='ocrx_word' id='word_1_38' title='bbox 232 630 435 692; x_wconf 73' lang='grc' dir='ltr'>κλαίεις</span> <span class='ocrx_word' id='word_1_39' title='bbox 460 644 482 693; x_wconf 85' lang='grc'>;</span> <span class='ocrx_word' id='word_1_40' title='bbox 512 626 629 681; x_wconf 70' lang='grc' dir='ltr'><strong>Καὶ</strong></span> <span class='ocrx_word' id='word_1_41' title='bbox 669 621 821 679; x_wconf 78' lang='grc' dir='ltr'>εἶπεν</span> <span class='ocrx_word' id='word_1_42' title='bbox 855 625 884 677; x_wconf 86' lang='grc' dir='ltr'><strong>ὁ</strong></span> <span class='ocrx_word' id='word_1_43' title='bbox 918 623 1126 695; x_wconf 72' lang='grc' dir='ltr'>γέρωνο</span> <span class='ocrx_word' id='word_1_44' title='bbox 1154 622 1257 678; x_wconf 74' lang='lat' dir='ltr'><strong>Kal</strong></span> <span class='ocrx_word' id='word_1_45' title='bbox 1282 621 1422 676; x_wconf 76' lang='grc' dir='ltr'>διατι</span> <span class='ocrx_word' id='word_1_46' title='bbox 1455 621 1532 693; x_wconf 82' lang='grc' dir='ltr'>μὴ</span> <span class='ocrx_word' id='word_1_47' title='bbox 1560 619 1807 674; x_wconf 77' lang='grc' dir='ltr'><strong>κλαύσω-</strong></span> 
     </span>
    </p>
   </div>
   <div class='ocr_carea' id='block_1_7' title="bbox 242 713 1808 794">
    <p class='ocr_par' dir='ltr' id='par_1_7' title="bbox 242 713 1808 794">
     <span class='ocr_line' id='line_1_7' title="bbox 242 713 1808 794; baseline -0.006 -19"><span class='ocrx_word' id='word_1_48' title='bbox 242 737 360 794; x_wconf 83' lang='grc' dir='ltr'>μεν;</span> <span class='ocrx_word' id='word_1_49' title='bbox 401 718 515 773; x_wconf 86' lang='grc' dir='ltr'>Ποῦ</span> <span class='ocrx_word' id='word_1_50' title='bbox 545 717 656 788; x_wconf 90' lang='grc' dir='ltr'><strong>γάρ</strong></span> <span class='ocrx_word' id='word_1_51' title='bbox 677 716 876 787; x_wconf 76' lang='grc' dir='ltr'>ἔχομεν</span> <span class='ocrx_word' id='word_1_52' title='bbox 899 713 1182 779; x_wconf 54' lang='lat' dir='ltr'><strong>autem;</strong></span> <span class='ocrx_word' id='word_1_53' title='bbox 1215 713 1584 785; x_wconf 73' lang='grc' dir='ltr'>ἐκοιμήθησαν</span> <span class='ocrx_word' id='word_1_54' title='bbox 1614 713 1664 765; x_wconf 81' lang='grc' dir='ltr'>οἱ</span> <span class='ocrx_word' id='word_1_55' title='bbox 1697 714 1808 767; x_wconf 82' lang='grc' dir='ltr'><strong>Πα-</strong></span> 
     </span>
    </p>
   </div>
   <div class='ocr_carea' id='block_1_8' title="bbox 239 804 1807 882">
    <p class='ocr_par' dir='ltr' id='par_1_8' title="bbox 239 804 1807 882">
     <span class='ocr_line' id='line_1_8' title="bbox 239 804 1807 882; baseline -0.006 -15"><span class='ocrx_word' id='word_1_56' title='bbox 239 813 379 882; x_wconf 61' lang='lat' dir='ltr'><strong>cipe;</strong></span> <span class='ocrx_word' id='word_1_57' title='bbox 403 809 586 880; x_wconf 76' lang='grc' dir='ltr'>ἡμῶν.</span> <span class='ocrx_word' id='word_1_58' title='bbox 613 809 727 862; x_wconf 74' lang='grc' dir='ltr'><strong>οὐκ</strong></span> <span class='ocrx_word' id='word_1_59' title='bbox 755 807 915 877; x_wconf 67' lang='grc' dir='ltr'>ἢρκει</span> <span class='ocrx_word' id='word_1_60' title='bbox 940 804 1051 875; x_wconf 85' lang='grc' dir='ltr'><strong>γάρ</strong></span> <span class='ocrx_word' id='word_1_61' title='bbox 1068 808 1197 875; x_wconf 80' lang='grc' dir='ltr'>ἡμῖν</span> <span class='ocrx_word' id='word_1_62' title='bbox 1223 805 1286 858; x_wconf 78' lang='grc' dir='ltr'><strong>τὸ</strong></span> <span class='ocrx_word' id='word_1_63' title='bbox 1313 804 1627 877; x_wconf 82' lang='grc' dir='ltr'>ὲργὸχειρον</span> <span class='ocrx_word' id='word_1_64' title='bbox 1647 805 1725 868; x_wconf 77' lang='grc' dir='ltr'>εἰς</span> <span class='ocrx_word' id='word_1_65' title='bbox 1738 804 1807 857; x_wconf 83' lang='grc' dir='ltr'><strong>τὰ</strong></span> 
     </span>
    </p>
   </div>
   <div class='ocr_carea' id='block_1_9' title="bbox 239 896 1808 969">
    <p class='ocr_par' dir='ltr' id='par_1_9' title="bbox 239 896 1808 969">
     <span class='ocr_line' id='line_1_9' title="bbox 239 896 1808 969; baseline -0.006 -12"><span class='ocrx_word' id='word_1_66' title='bbox 239 902 395 957; x_wconf 73' lang='grc' dir='ltr'>ναῦλα</span> <span class='ocrx_word' id='word_1_67' title='bbox 420 900 532 954; x_wconf 83' lang='grc' dir='ltr'>τῶν</span> <span class='ocrx_word' id='word_1_68' title='bbox 560 898 782 964; x_wconf 77' lang='grc' dir='ltr'>πλοίων,</span> <span class='ocrx_word' id='word_1_69' title='bbox 803 896 840 952; x_wconf 83' lang='grc' dir='ltr'><strong>ἀ</strong></span> <span class='ocrx_word' id='word_1_70' title='bbox 871 896 1207 967; x_wconf 74' lang='grc' dir='ltr'><strong>παρείχομεν</strong></span> <span class='ocrx_word' id='word_1_71' title='bbox 1234 896 1597 969; x_wconf 79' lang='grc' dir='ltr'><strong>ἀπερχόμενοι</strong></span> <span class='ocrx_word' id='word_1_72' title='bbox 1630 912 1808 966; x_wconf 84' lang='grc' dir='ltr'>παρα-</span> 
     </span>
    </p>
   </div>
   <div class='ocr_carea' id='block_1_10' title="bbox 235 984 1809 1064">
    <p class='ocr_par' dir='ltr' id='par_1_10' title="bbox 235 984 1809 1064">
     <span class='ocr_line' id='line_1_10' title="bbox 235 984 1809 1064; baseline -0.008 -15"><span class='ocrx_word' id='word_1_73' title='bbox 235 995 409 1049; x_wconf 72' lang='grc' dir='ltr'>ϐαλεῖν</span> <span class='ocrx_word' id='word_1_74' title='bbox 437 996 554 1056; x_wconf 83' lang='grc' dir='ltr'>τοῖς</span> <span class='ocrx_word' id='word_1_75' title='bbox 580 990 826 1064; x_wconf 81' lang='grc' dir='ltr'><strong>γέρουσι.</strong></span> <span class='ocrx_word' id='word_1_76' title='bbox 859 988 975 1043; x_wconf 87' lang='grc' dir='ltr'>Νῦν</span> <span class='ocrx_word' id='word_1_77' title='bbox 1017 984 1109 1041; x_wconf 84' lang='grc' dir='ltr'><strong>οῦν</strong></span> <span class='ocrx_word' id='word_1_78' title='bbox 1154 986 1673 1059; x_wconf 75' lang='grc' dir='ltr'>ἀπωρφανίσθημεν.</span> <span class='ocrx_word' id='word_1_79' title='bbox 1708 985 1809 1038; x_wconf 92' lang='grc' dir='ltr'>Διά</span> 
     </span>
    </p>
   </div>
   <div class='ocr_carea' id='block_1_11' title="bbox 234 1077 805 1147">
    <p class='ocr_par' dir='ltr' id='par_1_11' title="bbox 234 1077 805 1147">
     <span class='ocr_line' id='line_1_11' title="bbox 234 1077 805 1147; baseline -0.011 -10"><span class='ocrx_word' id='word_1_80' title='bbox 234 1081 383 1137; x_wconf 84' lang='grc' dir='ltr'>τοῦτο</span> <span class='ocrx_word' id='word_1_81' title='bbox 412 1077 573 1147; x_wconf 84' lang='grc' dir='ltr'>κάγὼ</span> <span class='ocrx_word' id='word_1_82' title='bbox 610 1078 805 1132; x_wconf 81' lang='grc' dir='ltr'><strong>κλαίω.</strong></span> 
     </span>
    </p>
   </div>
   <div class='ocr_carea' id='block_1_12' title="bbox 293 1152 1805 1237">
    <p class='ocr_par' dir='ltr' id='par_1_12' title="bbox 293 1152 1805 1237">
     <span class='ocr_line' id='line_1_12' title="bbox 293 1152 1805 1237; baseline -0.005 -12"><span class='ocrx_word' id='word_1_83' title='bbox 293 1170 356 1225; x_wconf 76' lang='lat'><strong>6‘.</strong></span> <span class='ocrx_word' id='word_1_84' title='bbox 394 1166 569 1225; x_wconf 73' lang='grc' dir='ltr'>Εἶπεν</span> <span class='ocrx_word' id='word_1_85' title='bbox 601 1171 631 1223; x_wconf 84' lang='grc' dir='ltr'><strong>ὁ</strong></span> <span class='ocrx_word' id='word_1_86' title='bbox 698 1166 872 1231; x_wconf 78' lang='grc' dir='ltr'>ἀὸϐἄς</span> <span class='ocrx_word' id='word_1_87' title='bbox 918 1166 1103 1221; x_wconf 81' lang='grc' dir='ltr'>Ἰσαάκ</span> <span class='ocrx_word' id='word_1_88' title='bbox 1126 1182 1141 1197; x_wconf 71' lang='grc'><strong><em>⁸</em></strong></span> <span class='ocrx_word' id='word_1_89' title='bbox 1209 1162 1339 1221; x_wconf 80' lang='grc' dir='ltr'>Οἶδα</span> <span class='ocrx_word' id='word_1_90' title='bbox 1383 1152 1608 1237; x_wconf 78' lang='grc' dir='ltr'>ἀδελφὸν</span> <span class='ocrx_word' id='word_1_91' title='bbox 1659 1163 1805 1236; x_wconf 76' lang='grc' dir='ltr'>θερί-</span> 
     </span>
    </p>
   </div>
   <div class='ocr_carea' id='block_1_13' title="bbox 237 1258 1805 1337">
    <p class='ocr_par' dir='ltr' id='par_1_13' title="bbox 237 1258 1805 1337">
     <span class='ocr_line' id='line_1_13' title="bbox 237 1258 1805 1337; baseline -0.004 -21"><span class='ocrx_word' id='word_1_92' title='bbox 237 1262 389 1327; x_wconf 80' lang='grc' dir='ltr'>ζοντα</span> <span class='ocrx_word' id='word_1_93' title='bbox 418 1262 477 1315; x_wconf 76' lang='grc' dir='ltr'>ἐν</span> <span class='ocrx_word' id='word_1_94' title='bbox 511 1259 700 1332; x_wconf 80' lang='grc' dir='ltr'>ἀγρῷ,</span> <span class='ocrx_word' id='word_1_95' title='bbox 733 1259 829 1313; x_wconf 70' lang='grc' dir='ltr'><strong>καὶ</strong></span> <span class='ocrx_word' id='word_1_96' title='bbox 856 1258 1088 1333; x_wconf 75' lang='grc' dir='ltr'><strong>ἠθέλησε</strong></span> <span class='ocrx_word' id='word_1_97' title='bbox 1120 1263 1314 1337; x_wconf 80' lang='grc' dir='ltr'>φαγεῖν</span> <span class='ocrx_word' id='word_1_98' title='bbox 1364 1260 1564 1331; x_wconf 81' lang='grc' dir='ltr'><strong>στάχυν</strong></span> <span class='ocrx_word' id='word_1_99' title='bbox 1614 1258 1761 1311; x_wconf 81' lang='grc' dir='ltr'><strong>σίτου</strong></span> <span class='ocrx_word' id='word_1_100' title='bbox 1790 1272 1805 1288; x_wconf 79' lang='grc'><em>’</em></span> 
     </span>
    </p>
   </div>
   <div class='ocr_carea' id='block_1_14' title="bbox 236 1346 1813 1424">
    <p class='ocr_par' dir='ltr' id='par_1_14' title="bbox 236 1346 1813 1424">
     <span class='ocr_line' id='line_1_14' title="bbox 236 1346 1813 1424; baseline -0.003 -18"><span class='ocrx_word' id='word_1_101' title='bbox 236 1353 323 1406; x_wconf 70' lang='grc' dir='ltr'><strong>καὶ</strong></span> <span class='ocrx_word' id='word_1_102' title='bbox 348 1348 474 1406; x_wconf 86' lang='grc' dir='ltr'>εἷπε</span> <span class='ocrx_word' id='word_1_103' title='bbox 499 1352 578 1423; x_wconf 86' lang='grc' dir='ltr'>τῷ</span> <span class='ocrx_word' id='word_1_104' title='bbox 610 1351 787 1424; x_wconf 77' lang='grc' dir='ltr'>κυρίῳ</span> <span class='ocrx_word' id='word_1_105' title='bbox 805 1350 899 1405; x_wconf 82' lang='grc' dir='ltr'><strong>τοῦ</strong></span> <span class='ocrx_word' id='word_1_106' title='bbox 931 1351 1101 1423; x_wconf 87' lang='grc' dir='ltr'>ἀγροῦ</span> <span class='ocrx_word' id='word_1_107' title='bbox 1118 1368 1131 1383; x_wconf 92' lang='grc'><strong>·</strong></span> <span class='ocrx_word' id='word_1_108' title='bbox 1164 1350 1352 1416; x_wconf 76' lang='grc' dir='ltr'>Θέλεις</span> <span class='ocrx_word' id='word_1_109' title='bbox 1374 1350 1536 1422; x_wconf 82' lang='grc' dir='ltr'><strong>φάγω</strong></span> <span class='ocrx_word' id='word_1_110' title='bbox 1561 1350 1659 1406; x_wconf 72' lang='grc' dir='ltr'>ἕνα</span> <span class='ocrx_word' id='word_1_111' title='bbox 1684 1346 1813 1402; x_wconf 83' lang='grc' dir='ltr'>στά-</span> 
     </span>
    </p>
   </div>
   <div class='ocr_carea' id='block_1_15' title="bbox 239 1436 1812 1513">
    <p class='ocr_par' dir='ltr' id='par_1_15' title="bbox 239 1436 1812 1513">
     <span class='ocr_line' id='line_1_15' title="bbox 239 1436 1812 1513; baseline -0.003 -17"><span class='ocrx_word' id='word_1_112' title='bbox 239 1459 329 1513; x_wconf 81' lang='grc' dir='ltr'><strong>χυν</strong></span> <span class='ocrx_word' id='word_1_113' title='bbox 366 1442 558 1506; x_wconf 61' lang='lat' dir='ltr'><strong>alcon;</strong></span> <span class='ocrx_word' id='word_1_114' title='bbox 593 1443 655 1495; x_wconf 85' lang='lat'><strong>&#39;0</strong></span> <span class='ocrx_word' id='word_1_115' title='bbox 693 1441 752 1494; x_wconf 83' lang='grc' dir='ltr'><strong>δὲ</strong></span> <span class='ocrx_word' id='word_1_116' title='bbox 795 1441 1051 1504; x_wconf 76' lang='grc' dir='ltr'>ἀκούσας.</span> <span class='ocrx_word' id='word_1_117' title='bbox 1078 1441 1379 1513; x_wconf 73' lang='grc' dir='ltr'>ἐθαύμασε,</span> <span class='ocrx_word' id='word_1_118' title='bbox 1414 1443 1507 1496; x_wconf 73' lang='grc' dir='ltr'><strong>καὶ</strong></span> <span class='ocrx_word' id='word_1_119' title='bbox 1531 1436 1685 1494; x_wconf 74' lang='grc' dir='ltr'>εἶπεν</span> <span class='ocrx_word' id='word_1_120' title='bbox 1714 1438 1812 1493; x_wconf 84' lang='grc' dir='ltr'><strong>αὐ-</strong></span> 
     </span>
    </p>
   </div>
   <div class='ocr_carea' id='block_1_16' title="bbox 239 1529 1812 1605">
    <p class='ocr_par' dir='ltr' id='par_1_16' title="bbox 239 1529 1812 1605">
     <span class='ocr_line' id='line_1_16' title="bbox 239 1529 1812 1605; baseline -0.001 -20"><span class='ocrx_word' id='word_1_121' title='bbox 239 1531 312 1604; x_wconf 78' lang='grc' dir='ltr'>τῷ</span> <span class='ocrx_word' id='word_1_122' title='bbox 331 1547 346 1563; x_wconf 89' lang='grc'><strong>·</strong></span> <span class='ocrx_word' id='word_1_123' title='bbox 374 1532 474 1595; x_wconf 59' lang='grc' dir='ltr'><strong>»ἃς</strong></span> <span class='ocrx_word' id='word_1_124' title='bbox 519 1533 668 1585; x_wconf 62' lang='grc' dir='ltr'>ἔστιν</span> <span class='ocrx_word' id='word_1_125' title='bbox 687 1531 901 1603; x_wconf 79' lang='grc' dir='ltr'>ὀάγρὸς</span> <span class='ocrx_word' id='word_1_126' title='bbox 922 1571 937 1594; x_wconf 83' lang='grc'><em>,</em></span> <span class='ocrx_word' id='word_1_127' title='bbox 964 1530 1147 1604; x_wconf 80' lang='grc' dir='ltr'>Πάτερ</span> <span class='ocrx_word' id='word_1_128' title='bbox 1165 1573 1180 1597; x_wconf 86' lang='grc'><em>,</em></span> <span class='ocrx_word' id='word_1_129' title='bbox 1212 1532 1357 1604; x_wconf 72' lang='grc' dir='ltr'>κάμὲ</span> <span class='ocrx_word' id='word_1_130' title='bbox 1397 1533 1639 1605; x_wconf 73' lang='grc' dir='ltr'>ἐρωτᾷςς</span> <span class='ocrx_word' id='word_1_131' title='bbox 1667 1529 1812 1592; x_wconf 86' lang='grc' dir='ltr'><strong>Ἕως</strong></span> 
     </span>
    </p>
   </div>
   <div class='ocr_carea' id='block_1_17' title="bbox 236 1621 1100 1697">
    <p class='ocr_par' dir='ltr' id='par_1_17' title="bbox 236 1621 1100 1697">
     <span class='ocr_line' id='line_1_17' title="bbox 236 1621 1100 1697; baseline 0 -20"><span class='ocrx_word' id='word_1_132' title='bbox 236 1622 421 1677; x_wconf 71' lang='grc' dir='ltr'>τούτου</span> <span class='ocrx_word' id='word_1_133' title='bbox 446 1621 781 1697; x_wconf 70' lang='grc' dir='ltr'>ἠκριβάξετο</span> <span class='ocrx_word' id='word_1_134' title='bbox 804 1623 832 1677; x_wconf 82' lang='lat'><strong>6</strong></span> <span class='ocrx_word' id='word_1_135' title='bbox 859 1622 1100 1692; x_wconf 82' lang='grc' dir='ltr'>ἀδελφός.</span> 
     </span>
    </p>
   </div>
   <div class='ocr_carea' id='block_1_18' title="bbox 301 1706 1808 1792">
    <p class='ocr_par' dir='ltr' id='par_1_18' title="bbox 301 1706 1808 1792">
     <span class='ocr_line' id='line_1_18' title="bbox 301 1706 1808 1792; baseline -0.002 -24"><span class='ocrx_word' id='word_1_136' title='bbox 301 1713 357 1768; x_wconf 75' lang='grc' dir='ltr'>ε’.</span> <span class='ocrx_word' id='word_1_137' title='bbox 378 1711 514 1792; x_wconf 65' lang='lat' dir='ltr'><strong>Eine</strong></span> <span class='ocrx_word' id='word_1_138' title='bbox 538 1713 699 1767; x_wconf 82' lang='grc' dir='ltr'>πάλιν</span> <span class='ocrx_word' id='word_1_139' title='bbox 720 1715 833 1775; x_wconf 79' lang='grc' dir='ltr'>τοῖς</span> <span class='ocrx_word' id='word_1_140' title='bbox 851 1712 1095 1782; x_wconf 81' lang='grc' dir='ltr'><strong>ἀδελφοῖς</strong></span> <span class='ocrx_word' id='word_1_141' title='bbox 1113 1714 1232 1786; x_wconf 78' lang='grc' dir='ltr'><strong>’Μὴ</strong></span> <span class='ocrx_word' id='word_1_142' title='bbox 1264 1713 1455 1784; x_wconf 82' lang='grc' dir='ltr'>φέρετε</span> <span class='ocrx_word' id='word_1_143' title='bbox 1472 1706 1574 1768; x_wconf 78' lang='grc' dir='ltr'><strong>ὧδε</strong></span> <span class='ocrx_word' id='word_1_144' title='bbox 1599 1713 1808 1768; x_wconf 71' lang='grc' dir='ltr'>παιδία.</span> 
     </span>
    </p>
   </div>
   <div class='ocr_carea' id='block_1_19' title="bbox 1909 624 3479 703">
    <p class='ocr_par' dir='ltr' id='par_1_19' title="bbox 1909 624 3479 703">
     <span class='ocr_line' id='line_1_19' title="bbox 1909 624 3479 703; baseline 0.006 -26"><span class='ocrx_word' id='word_1_145' title='bbox 1909 624 2223 695; x_wconf 73' lang='lat' dir='ltr'><strong>crymaris?</strong></span> <span class='ocrx_word' id='word_1_146' title='bbox 2254 625 2392 680; x_wconf 80' lang='lat' dir='ltr'><strong>Tum</strong></span> <span class='ocrx_word' id='word_1_147' title='bbox 2435 642 2599 683; x_wconf 83' lang='lat' dir='ltr'><strong>senex</strong></span> <span class='ocrx_word' id='word_1_148' title='bbox 2628 646 2641 683; x_wconf 90' lang='lat'><strong>:</strong></span> <span class='ocrx_word' id='word_1_149' title='bbox 2677 625 2878 694; x_wconf 84' lang='lat' dir='ltr'><strong>Quare,</strong></span> <span class='ocrx_word' id='word_1_150' title='bbox 2927 629 3125 698; x_wconf 88' lang='lat' dir='ltr'><strong>inquit.</strong></span> <span class='ocrx_word' id='word_1_151' title='bbox 3157 645 3266 685; x_wconf 91' lang='lat' dir='ltr'><strong>non</strong></span> <span class='ocrx_word' id='word_1_152' title='bbox 3301 633 3479 703; x_wconf 79' lang='lat' dir='ltr'><strong>Iacry-</strong></span> 
     </span>
    </p>
   </div>
   <div class='ocr_carea' id='block_1_20' title="bbox 1908 715 3478 784">
    <p class='ocr_par' dir='ltr' id='par_1_20' title="bbox 1908 715 3478 784">
     <span class='ocr_line' id='line_1_20' title="bbox 1908 715 3478 784; baseline 0.005 -15"><span class='ocrx_word' id='word_1_153' title='bbox 1908 715 2222 772; x_wconf 79' lang='lat' dir='ltr'><strong>mabimur?</strong></span> <span class='ocrx_word' id='word_1_154' title='bbox 2246 717 2366 784; x_wconf 84' lang='lat' dir='ltr'><strong>Quo</strong></span> <span class='ocrx_word' id='word_1_155' title='bbox 2388 719 2534 773; x_wconf 89' lang='lat' dir='ltr'><strong>enim</strong></span> <span class='ocrx_word' id='word_1_156' title='bbox 2564 718 2769 775; x_wconf 88' lang='lat' dir='ltr'><strong>abituri</strong></span> <span class='ocrx_word' id='word_1_157' title='bbox 2800 720 3031 776; x_wconf 77' lang='lat' dir='ltr'><strong>sumus?</strong></span> <span class='ocrx_word' id='word_1_158' title='bbox 3059 718 3478 777; x_wconf 86' lang='lat' dir='ltr'><strong>Obdormierunt</strong></span> 
     </span>
    </p>
   </div>
   <div class='ocr_carea' id='block_1_21' title="bbox 1894 801 3474 880">
    <p class='ocr_par' dir='ltr' id='par_1_21' title="bbox 1894 801 3474 880">
     <span class='ocr_line' id='line_1_21' title="bbox 1894 801 3474 880; baseline 0.006 -24"><span class='ocrx_word' id='word_1_159' title='bbox 1894 801 2100 859; x_wconf 70' lang='lat' dir='ltr'><strong>Patres</strong></span> <span class='ocrx_word' id='word_1_160' title='bbox 2136 806 2336 863; x_wconf 86' lang='lat' dir='ltr'><strong>nostri.</strong></span> <span class='ocrx_word' id='word_1_161' title='bbox 2371 804 2506 860; x_wconf 89' lang='lat' dir='ltr'><strong>Nam</strong></span> <span class='ocrx_word' id='word_1_162' title='bbox 2540 822 2648 862; x_wconf 91' lang='lat' dir='ltr'><strong>non</strong></span> <span class='ocrx_word' id='word_1_163' title='bbox 2682 806 2981 864; x_wconf 86' lang='lat' dir='ltr'><strong>sufficiebat</strong></span> <span class='ocrx_word' id='word_1_164' title='bbox 3014 809 3169 865; x_wconf 83' lang='lat' dir='ltr'><strong>nobis</strong></span> <span class='ocrx_word' id='word_1_165' title='bbox 3195 825 3335 880; x_wconf 87' lang='lat' dir='ltr'><strong>opus</strong></span> <span class='ocrx_word' id='word_1_166' title='bbox 3364 827 3474 866; x_wconf 83' lang='lat' dir='ltr'><strong>ma-</strong></span> 
     </span>
    </p>
   </div>
   <div class='ocr_carea' id='block_1_22' title="bbox 1908 895 3479 971">
    <p class='ocr_par' dir='ltr' id='par_1_22' title="bbox 1908 895 3479 971">
     <span class='ocr_line' id='line_1_22' title="bbox 1908 895 3479 971; baseline 0.003 -22"><span class='ocrx_word' id='word_1_167' title='bbox 1908 910 2101 959; x_wconf 84' lang='lat' dir='ltr'><strong>nuum,</strong></span> <span class='ocrx_word' id='word_1_168' title='bbox 2135 895 2190 950; x_wconf 93' lang='lat' dir='ltr'><strong>in</strong></span> <span class='ocrx_word' id='word_1_169' title='bbox 2223 896 2444 951; x_wconf 81' lang='lat' dir='ltr'><strong>navium</strong></span> <span class='ocrx_word' id='word_1_170' title='bbox 2481 898 2667 965; x_wconf 87' lang='lat' dir='ltr'><strong>nauIa,</strong></span> <span class='ocrx_word' id='word_1_171' title='bbox 2705 914 2827 969; x_wconf 66' lang='lat' dir='ltr'><strong>quae</strong></span> <span class='ocrx_word' id='word_1_172' title='bbox 2865 899 3217 956; x_wconf 87' lang='lat' dir='ltr'><strong>tradebamus</strong></span> <span class='ocrx_word' id='word_1_173' title='bbox 3258 900 3479 971; x_wconf 79' lang='lat' dir='ltr'><strong>prolici-</strong></span> 
     </span>
    </p>
   </div>
   <div class='ocr_carea' id='block_1_23' title="bbox 1908 985 3477 1062">
    <p class='ocr_par' dir='ltr' id='par_1_23' title="bbox 1908 985 3477 1062">
     <span class='ocr_line' id='line_1_23' title="bbox 1908 985 3477 1062; baseline 0.003 -20"><span class='ocrx_word' id='word_1_174' title='bbox 1908 995 2128 1043; x_wconf 89' lang='lat' dir='ltr'><strong>scentes</strong></span> <span class='ocrx_word' id='word_1_175' title='bbox 2167 985 2235 1042; x_wconf 87' lang='lat' dir='ltr'><strong>ad</strong></span> <span class='ocrx_word' id='word_1_176' title='bbox 2279 987 2593 1045; x_wconf 85' lang='lat' dir='ltr'><strong>invisendos</strong></span> <span class='ocrx_word' id='word_1_177' title='bbox 2643 1005 2824 1046; x_wconf 87' lang='lat' dir='ltr'><strong>senes.</strong></span> <span class='ocrx_word' id='word_1_178' title='bbox 2871 988 3029 1045; x_wconf 90' lang='lat' dir='ltr'><strong>Nunc</strong></span> <span class='ocrx_word' id='word_1_179' title='bbox 3078 990 3243 1062; x_wconf 79' lang='lat' dir='ltr'><strong>igitur</strong></span> <span class='ocrx_word' id='word_1_180' title='bbox 3286 992 3477 1062; x_wconf 76' lang='lat' dir='ltr'><strong>pupilli</strong></span> 
     </span>
    </p>
   </div>
   <div class='ocr_carea' id='block_1_24' title="bbox 1909 1074 2998 1151">
    <p class='ocr_par' dir='ltr' id='par_1_24' title="bbox 1909 1074 2998 1151">
     <span class='ocr_line' id='line_1_24' title="bbox 1909 1074 2998 1151; baseline 0.006 -22"><span class='ocrx_word' id='word_1_181' title='bbox 1909 1074 2039 1131; x_wconf 87' lang='lat' dir='ltr'><strong>facti</strong></span> <span class='ocrx_word' id='word_1_182' title='bbox 2068 1092 2282 1133; x_wconf 89' lang='lat' dir='ltr'><strong>sumus.</strong></span> <span class='ocrx_word' id='word_1_183' title='bbox 2314 1078 2545 1149; x_wconf 85' lang='lat' dir='ltr'><strong>Ideoque</strong></span> <span class='ocrx_word' id='word_1_184' title='bbox 2577 1094 2679 1150; x_wconf 89' lang='lat' dir='ltr'><strong>ego</strong></span> <span class='ocrx_word' id='word_1_185' title='bbox 2706 1080 2998 1151; x_wconf 86' lang='lat' dir='ltr'><strong>Iacrymor.</strong></span> 
     </span>
    </p>
   </div>
   <div class='ocr_carea' id='block_1_25' title="bbox 1979 1166 3480 1245">
    <p class='ocr_par' dir='ltr' id='par_1_25' title="bbox 1979 1166 3480 1245">
     <span class='ocr_line' id='line_1_25' title="bbox 1979 1166 3480 1245; baseline 0.005 -24"><span class='ocrx_word' id='word_1_186' title='bbox 1979 1166 2033 1221; x_wconf 76' lang='grc'>4.</span> <span class='ocrx_word' id='word_1_187' title='bbox 2072 1167 2218 1223; x_wconf 85' lang='lat' dir='ltr'><strong>Dixit</strong></span> <span class='ocrx_word' id='word_1_188' title='bbox 2244 1168 2416 1225; x_wconf 85' lang='lat' dir='ltr'><strong>abbas</strong></span> <span class='ocrx_word' id='word_1_189' title='bbox 2449 1170 2600 1227; x_wconf 82' lang='lat' dir='ltr'><strong>Isaac</strong></span> <span class='ocrx_word' id='word_1_190' title='bbox 2629 1189 2644 1226; x_wconf 92' lang='lat'><strong>:</strong></span> <span class='ocrx_word' id='word_1_191' title='bbox 2683 1169 2820 1227; x_wconf 89' lang='lat' dir='ltr'><strong>Novi</strong></span> <span class='ocrx_word' id='word_1_192' title='bbox 2856 1173 3099 1236; x_wconf 87' lang='lat' dir='ltr'><strong>fratrem,</strong></span> <span class='ocrx_word' id='word_1_193' title='bbox 3134 1173 3226 1244; x_wconf 89' lang='lat' dir='ltr'><strong>qui</strong></span> <span class='ocrx_word' id='word_1_194' title='bbox 3262 1174 3317 1229; x_wconf 91' lang='lat' dir='ltr'><strong>in</strong></span> <span class='ocrx_word' id='word_1_195' title='bbox 3347 1189 3480 1245; x_wconf 84' lang='lat' dir='ltr'><strong>agro</strong></span> 
     </span>
    </p>
   </div>
   <div class='ocr_carea' id='block_1_26' title="bbox 1910 1249 3478 1336">
    <p class='ocr_par' dir='ltr' id='par_1_26' title="bbox 1910 1249 3478 1336">
     <span class='ocr_line' id='line_1_26' title="bbox 1910 1249 3478 1336; baseline 0.008 -26"><span class='ocrx_word' id='word_1_196' title='bbox 1910 1249 2144 1323; x_wconf 83' lang='lat' dir='ltr'><strong>metens,</strong></span> <span class='ocrx_word' id='word_1_197' title='bbox 2179 1273 2303 1314; x_wconf 91' lang='lat' dir='ltr'><strong>cum</strong></span> <span class='ocrx_word' id='word_1_198' title='bbox 2336 1260 2599 1318; x_wconf 86' lang='lat' dir='ltr'><strong>voluisset</strong></span> <span class='ocrx_word' id='word_1_199' title='bbox 2644 1262 2895 1320; x_wconf 81' lang='lat' dir='ltr'><strong>frumenti</strong></span> <span class='ocrx_word' id='word_1_200' title='bbox 2931 1265 3136 1336; x_wconf 85' lang='lat' dir='ltr'><strong>spicam</strong></span> <span class='ocrx_word' id='word_1_201' title='bbox 3173 1250 3478 1330; x_wconf 81' lang='lat' dir='ltr'><strong>comedere.</strong></span> 
     </span>
    </p>
   </div>
   <div class='ocr_carea' id='block_1_27' title="bbox 1911 1344 3478 1424">
    <p class='ocr_par' dir='ltr' id='par_1_27' title="bbox 1911 1344 3478 1424">
     <span class='ocr_line' id='line_1_27' title="bbox 1911 1344 3478 1424; baseline 0.008 -23"><span class='ocrx_word' id='word_1_202' title='bbox 1911 1344 1985 1401; x_wconf 87' lang='lat' dir='ltr'><strong>ita</strong></span> <span class='ocrx_word' id='word_1_203' title='bbox 2043 1350 2391 1422; x_wconf 80' lang='lat' dir='ltr'><strong>compellavit</strong></span> <span class='ocrx_word' id='word_1_204' title='bbox 2432 1352 2549 1424; x_wconf 85' lang='lat' dir='ltr'><strong>agri</strong></span> <span class='ocrx_word' id='word_1_205' title='bbox 2602 1352 2883 1410; x_wconf 89' lang='lat' dir='ltr'><strong>dominum</strong></span> <span class='ocrx_word' id='word_1_206' title='bbox 2929 1375 2944 1413; x_wconf 89' lang='lat'><strong>:</strong></span> <span class='ocrx_word' id='word_1_207' title='bbox 2997 1353 3347 1414; x_wconf 86' lang='lat' dir='ltr'><strong>Permittisne</strong></span> <span class='ocrx_word' id='word_1_208' title='bbox 3422 1370 3478 1413; x_wconf 85' lang='lat' dir='ltr'><strong>ut</strong></span> 
     </span>
    </p>
   </div>
   <div class='ocr_carea' id='block_1_28' title="bbox 1920 1437 3499 1513">
    <p class='ocr_par' dir='ltr' id='par_1_28' title="bbox 1920 1437 3499 1513">
     <span class='ocr_line' id='line_1_28' title="bbox 1920 1437 3499 1513; baseline 0.008 -21"><span class='ocrx_word' id='word_1_209' title='bbox 1920 1453 2084 1493; x_wconf 87' lang='lat' dir='ltr'><strong>unam</strong></span> <span class='ocrx_word' id='word_1_210' title='bbox 2115 1437 2373 1496; x_wconf 81' lang='lat' dir='ltr'><strong>frumenti</strong></span> <span class='ocrx_word' id='word_1_211' title='bbox 2396 1442 2602 1513; x_wconf 80' lang='lat' dir='ltr'><strong>spicam</strong></span> <span class='ocrx_word' id='word_1_212' title='bbox 2625 1444 2988 1501; x_wconf 79' lang='lat' dir='ltr'><strong>manducem?</strong></span> <span class='ocrx_word' id='word_1_213' title='bbox 3010 1445 3102 1503; x_wconf 90' lang='lat' dir='ltr'><strong>Ille</strong></span> <span class='ocrx_word' id='word_1_214' title='bbox 3130 1449 3355 1503; x_wconf 89' lang='lat' dir='ltr'><strong>audiens</strong></span> <span class='ocrx_word' id='word_1_215' title='bbox 3378 1454 3499 1513; x_wconf 48' lang='lat' dir='ltr'><strong>mis</strong></span> 
     </span>
    </p>
   </div>
   <div class='ocr_carea' id='block_1_29' title="bbox 1912 1527 3477 1605">
    <p class='ocr_par' dir='ltr' id='par_1_29' title="bbox 1912 1527 3477 1605">
     <span class='ocr_line' id='line_1_29' title="bbox 1912 1527 3477 1605; baseline 0.007 -23"><span class='ocrx_word' id='word_1_216' title='bbox 1912 1534 2064 1582; x_wconf 84' lang='lat' dir='ltr'><strong>ratus</strong></span> <span class='ocrx_word' id='word_1_217' title='bbox 2096 1535 2203 1594; x_wconf 88' lang='lat' dir='ltr'><strong>est,</strong></span> <span class='ocrx_word' id='word_1_218' title='bbox 2235 1527 2483 1600; x_wconf 78' lang='lat' dir='ltr'><strong>dixitque</strong></span> <span class='ocrx_word' id='word_1_219' title='bbox 2518 1530 2568 1587; x_wconf 91' lang='lat' dir='ltr'><strong>ei</strong></span> <span class='ocrx_word' id='word_1_220' title='bbox 2603 1550 2618 1587; x_wconf 92' lang='lat'><strong>:</strong></span> <span class='ocrx_word' id='word_1_221' title='bbox 2658 1528 2811 1589; x_wconf 85' lang='lat' dir='ltr'><strong>Tuus</strong></span> <span class='ocrx_word' id='word_1_222' title='bbox 2858 1548 2988 1605; x_wconf 83' lang='lat' dir='ltr'><strong>ager</strong></span> <span class='ocrx_word' id='word_1_223' title='bbox 3034 1542 3139 1599; x_wconf 88' lang='lat' dir='ltr'><strong>est.</strong></span> <span class='ocrx_word' id='word_1_224' title='bbox 3188 1533 3367 1603; x_wconf 85' lang='lat' dir='ltr'><strong>Pater,</strong></span> <span class='ocrx_word' id='word_1_225' title='bbox 3413 1555 3477 1593; x_wconf 84' lang='lat' dir='ltr'><strong>ac</strong></span> 
     </span>
    </p>
   </div>
   <div class='ocr_carea' id='block_1_30' title="bbox 1915 1617 3299 1694">
    <p class='ocr_par' dir='ltr' id='par_1_30' title="bbox 1915 1617 3299 1694">
     <span class='ocr_line' id='line_1_30' title="bbox 1915 1617 3299 1694; baseline 0.009 -22"><span class='ocrx_word' id='word_1_226' title='bbox 1915 1632 2000 1674; x_wconf 87' lang='lat' dir='ltr'><strong>me</strong></span> <span class='ocrx_word' id='word_1_227' title='bbox 2032 1617 2378 1691; x_wconf 74' lang='lat' dir='ltr'><strong>interrogas?</strong></span> <span class='ocrx_word' id='word_1_228' title='bbox 2405 1620 2484 1678; x_wconf 84' lang='lat' dir='ltr'><strong>Eo</strong></span> <span class='ocrx_word' id='word_1_229' title='bbox 2509 1638 2684 1694; x_wconf 92' lang='lat' dir='ltr'><strong>usque</strong></span> <span class='ocrx_word' id='word_1_230' title='bbox 2711 1623 2880 1681; x_wconf 81' lang='lat' dir='ltr'><strong>frater</strong></span> <span class='ocrx_word' id='word_1_231' title='bbox 2906 1635 3025 1681; x_wconf 90' lang='lat' dir='ltr'><strong>erat</strong></span> <span class='ocrx_word' id='word_1_232' title='bbox 3052 1639 3299 1686; x_wconf 83' lang='lat' dir='ltr'><strong>exactus.</strong></span> 
     </span>
    </p>
   </div>
   <div class='ocr_carea' id='block_1_31' title="bbox 1985 1708 3480 1790">
    <p class='ocr_par' dir='ltr' id='par_1_31' title="bbox 1985 1708 3480 1790">
     <span class='ocr_line' id='line_1_31' title="bbox 1985 1708 3480 1790; baseline 0.007 -25"><span class='ocrx_word' id='word_1_233' title='bbox 1985 1708 2039 1765; x_wconf 86' lang='lat'><strong>5.</strong></span> <span class='ocrx_word' id='word_1_234' title='bbox 2072 1709 2187 1780; x_wconf 74' lang='lat'><strong>(28)</strong></span> <span class='ocrx_word' id='word_1_235' title='bbox 2221 1709 2420 1771; x_wconf 85' lang='lat' dir='ltr'><strong>Iterum</strong></span> <span class='ocrx_word' id='word_1_236' title='bbox 2443 1713 2583 1769; x_wconf 88' lang='lat' dir='ltr'><strong>dixit</strong></span> <span class='ocrx_word' id='word_1_237' title='bbox 2610 1714 2910 1773; x_wconf 89' lang='lat' dir='ltr'><strong>fratribus:</strong></span> <span class='ocrx_word' id='word_1_238' title='bbox 2944 1717 3120 1775; x_wconf 85' lang='lat' dir='ltr'><strong>Nolite</strong></span> <span class='ocrx_word' id='word_1_239' title='bbox 3150 1719 3257 1774; x_wconf 84' lang='lat' dir='ltr'><strong>huc</strong></span> <span class='ocrx_word' id='word_1_240' title='bbox 3282 1736 3480 1790; x_wconf 81' lang='lat' dir='ltr'><strong>pueros</strong></span> 
     </span>
    </p>
   </div>
   <div class='ocr_carea' id='block_1_32' title="bbox 160 1784 1818 1881">
    <p class='ocr_par' dir='ltr' id='par_1_32' title="bbox 160 1784 1817 1878">
     <span class='ocr_line' id='line_1_32' title="bbox 160 1784 1817 1878; baseline 0.001 -21"><span class='ocrx_word' id='word_1_241' title='bbox 160 1791 171 1803; x_wconf 75' lang='grc'><strong>’</strong></span> <span class='ocrx_word' id='word_1_242' title='bbox 238 1789 510 1878; x_wconf 71' lang='grc' dir='ltr'>τέσσαρες</span> <span class='ocrx_word' id='word_1_243' title='bbox 546 1806 656 1876; x_wconf 79' lang='grc' dir='ltr'>γὰρ</span> <span class='ocrx_word' id='word_1_244' title='bbox 684 1803 963 1877; x_wconf 68' lang='grc' dir='ltr'><strong>ἐκκλησίαι</strong></span> <span class='ocrx_word' id='word_1_245' title='bbox 991 1806 1071 1868; x_wconf 76' lang='grc' dir='ltr'><strong>εις</strong></span> <span class='ocrx_word' id='word_1_246' title='bbox 1101 1784 1298 1877; x_wconf 80' lang='grc' dir='ltr'>Σκῆτιν</span> <span class='ocrx_word' id='word_1_247' title='bbox 1334 1804 1529 1878; x_wconf 68' lang='grc' dir='ltr'>ἔρημοι</span> <span class='ocrx_word' id='word_1_248' title='bbox 1552 1787 1817 1875; x_wconf 80' lang='grc' dir='ltr'>γεγόνασι</span> 
     </span>
    </p>
   </div>
   <div class='ocr_carea' id='block_1_33' title="bbox 1916 1784 3482 1881">
    <p class='ocr_par' dir='ltr' id='par_1_33' title="bbox 1916 1784 3482 1881">
     <span class='ocr_line' id='line_1_33' title="bbox 1916 1784 3482 1881; baseline 0.01 -30"><span class='ocrx_word' id='word_1_249' title='bbox 1916 1796 2206 1855; x_wconf 74' lang='lat' dir='ltr'><strong>adducere.</strong></span> <span class='ocrx_word' id='word_1_250' title='bbox 2253 1799 2314 1855; x_wconf 91' lang='lat' dir='ltr'><strong>In</strong></span> <span class='ocrx_word' id='word_1_251' title='bbox 2349 1800 2496 1858; x_wconf 87' lang='lat' dir='ltr'><strong>Secti</strong></span> <span class='ocrx_word' id='word_1_252' title='bbox 2525 1804 2672 1860; x_wconf 87' lang='lat' dir='ltr'><strong>enim</strong></span> <span class='ocrx_word' id='word_1_253' title='bbox 2718 1814 2953 1876; x_wconf 89' lang='lat' dir='ltr'><strong>quatuor</strong></span> <span class='ocrx_word' id='word_1_254' title='bbox 2983 1808 3231 1866; x_wconf 80' lang='lat' dir='ltr'><strong>ecclesiae</strong></span> <span class='ocrx_word' id='word_1_255' title='bbox 3258 1784 3482 1881; x_wconf 70' lang='lat' dir='ltr'><strong>propter</strong></span> 
     </span>
    </p>
   </div>
   <div class='ocr_carea' id='block_1_34' title="bbox 237 1896 1248 1952">
    <p class='ocr_par' dir='ltr' id='par_1_34' title="bbox 237 1896 1248 1952">
     <span class='ocr_line' id='line_1_34' title="bbox 237 1896 1248 1952; baseline -0.004 -2"><span class='ocrx_word' id='word_1_256' title='bbox 237 1898 317 1952; x_wconf 82' lang='grc' dir='ltr'>διά</span> <span class='ocrx_word' id='word_1_257' title='bbox 348 1897 425 1952; x_wconf 75' lang='grc' dir='ltr'><strong>τὰ</strong></span> <span class='ocrx_word' id='word_1_258' title='bbox 456 1896 671 1951; x_wconf 69' lang='grc' dir='ltr'>παιδία.</span> <span class='ocrx_word' id='word_1_259' title='bbox 1238 1936 1248 1946; x_wconf 92' lang='grc'><strong>.</strong></span> 
     </span>
    </p>
   </div>
   <div class='ocr_carea' id='block_1_35' title="bbox 314 1985 1808 2059">
    <p class='ocr_par' dir='ltr' id='par_1_35' title="bbox 314 1985 1808 2059">
     <span class='ocr_line' id='line_1_35' title="bbox 314 1985 1808 2059; baseline -0.003 -16"><span class='ocrx_word' id='word_1_260' title='bbox 314 2000 396 2052; x_wconf 84' lang='grc' dir='ltr'>ς’.</span> <span class='ocrx_word' id='word_1_261' title='bbox 424 1987 655 2054; x_wconf 84' lang='grc' dir='ltr'>Ἔλεγον</span> <span class='ocrx_word' id='word_1_262' title='bbox 685 1988 801 2059; x_wconf 77' lang='grc' dir='ltr'>περὶ</span> <span class='ocrx_word' id='word_1_263' title='bbox 822 1987 917 2042; x_wconf 87' lang='grc' dir='ltr'><strong>τοῦ</strong></span> <span class='ocrx_word' id='word_1_264' title='bbox 956 1986 1101 2041; x_wconf 68' lang='lat' dir='ltr'><strong>assa</strong></span> <span class='ocrx_word' id='word_1_265' title='bbox 1128 1985 1342 2053; x_wconf 80' lang='grc' dir='ltr'>Ἰσαὰκ,</span> <span class='ocrx_word' id='word_1_266' title='bbox 1371 1986 1453 2040; x_wconf 83' lang='grc' dir='ltr'>ὅτι</span> <span class='ocrx_word' id='word_1_267' title='bbox 1480 1986 1577 2056; x_wconf 86' lang='grc' dir='ltr'>τὴν</span> <span class='ocrx_word' id='word_1_268' title='bbox 1615 1985 1808 2039; x_wconf 82' lang='grc' dir='ltr'>σποδὸν</span> 
     </span>
    </p>
   </div>
   <div class='ocr_carea' id='block_1_36' title="bbox 237 2069 1840 2159">
    <p class='ocr_par' dir='ltr' id='par_1_36' title="bbox 237 2069 1840 2159">
     <span class='ocr_line' id='line_1_36' title="bbox 237 2069 1840 2159; baseline 0.001 -28"><span class='ocrx_word' id='word_1_269' title='bbox 237 2069 332 2131; x_wconf 73' lang='grc' dir='ltr'><strong>τοῦ</strong></span> <span class='ocrx_word' id='word_1_270' title='bbox 382 2076 738 2151; x_wconf 73' lang='grc' dir='ltr'><strong>θυμιατηρίου</strong></span> <span class='ocrx_word' id='word_1_271' title='bbox 788 2079 887 2151; x_wconf 88' lang='grc' dir='ltr'>τῆς</span> <span class='ocrx_word' id='word_1_272' title='bbox 932 2081 1277 2152; x_wconf 77' lang='grc' dir='ltr'>προσφορᾶς,</span> <span class='ocrx_word' id='word_1_273' title='bbox 1313 2081 1451 2151; x_wconf 89' lang='grc' dir='ltr'><strong>μετά</strong></span> <span class='ocrx_word' id='word_1_274' title='bbox 1499 2078 1594 2134; x_wconf 86' lang='grc' dir='ltr'><strong>τοῦ</strong></span> <span class='ocrx_word' id='word_1_275' title='bbox 1641 2080 1840 2159; x_wconf 63' lang='grc' dir='ltr'>ἄρτουο</span> 
     </span>
    </p>
   </div>
   <div class='ocr_carea' id='block_1_37' title="bbox 238 2167 949 2245">
    <p class='ocr_par' dir='ltr' id='par_1_37' title="bbox 238 2167 949 2245">
     <span class='ocr_line' id='line_1_37' title="bbox 238 2167 949 2245; baseline -0.006 -22"><span class='ocrx_word' id='word_1_276' title='bbox 238 2167 433 2245; x_wconf 66' lang='grc' dir='ltr'>ἧσθιεν</span> <span class='ocrx_word' id='word_1_277' title='bbox 464 2167 649 2222; x_wconf 75' lang='grc' dir='ltr'>αὐτοῦ.</span> <span class='ocrx_word' id='word_1_278' title='bbox 944 2176 949 2183; x_wconf 87' lang='grc'><em>’</em></span> 
     </span>
    </p>
   </div>
   <div class='ocr_carea' id='block_1_38' title="bbox 304 2248 1808 2331">
    <p class='ocr_par' dir='ltr' id='par_1_38' title="bbox 304 2248 1808 2331">
     <span class='ocr_line' id='line_1_38' title="bbox 304 2248 1808 2331; baseline -0.002 -12"><span class='ocrx_word' id='word_1_279' title='bbox 304 2264 371 2329; x_wconf 70' lang='grc' dir='ltr'><strong>ζ’.</strong></span> <span class='ocrx_word' id='word_1_280' title='bbox 414 2261 642 2329; x_wconf 76' lang='grc' dir='ltr'>Ἔλεγεν</span> <span class='ocrx_word' id='word_1_281' title='bbox 671 2260 702 2312; x_wconf 92' lang='lat'><strong>6</strong></span> <span class='ocrx_word' id='word_1_282' title='bbox 723 2259 897 2326; x_wconf 66' lang='lat' dir='ltr'><strong>assa;</strong></span> <span class='ocrx_word' id='word_1_283' title='bbox 938 2260 1120 2316; x_wconf 82' lang='grc' dir='ltr'><strong>Ἰσαὰκ</strong></span> <span class='ocrx_word' id='word_1_284' title='bbox 1159 2265 1272 2326; x_wconf 80' lang='grc' dir='ltr'>τοῖς</span> <span class='ocrx_word' id='word_1_285' title='bbox 1314 2248 1582 2331; x_wconf 56' lang='grc' dir='ltr'>ἀδελφοῖς,</span> <span class='ocrx_word' id='word_1_286' title='bbox 1626 2262 1711 2316; x_wconf 83' lang='grc' dir='ltr'><strong>ὅτι</strong></span> <span class='ocrx_word' id='word_1_287' title='bbox 1744 2262 1808 2316; x_wconf 80' lang='lat' dir='ltr'><strong>Ol</strong></span> 
     </span>
    </p>
   </div>
   <div class='ocr_carea' id='block_1_39' title="bbox 242 2352 1810 2428">
    <p class='ocr_par' dir='ltr' id='par_1_39' title="bbox 242 2352 1810 2428">
     <span class='ocr_line' id='line_1_39' title="bbox 242 2352 1810 2428; baseline -0.003 -16"><span class='ocrx_word' id='word_1_288' title='bbox 242 2357 480 2428; x_wconf 79' lang='grc' dir='ltr'>Πατέρες</span> <span class='ocrx_word' id='word_1_289' title='bbox 506 2357 684 2428; x_wconf 73' lang='grc' dir='ltr'>ἡμῶν,</span> <span class='ocrx_word' id='word_1_290' title='bbox 717 2354 812 2410; x_wconf 65' lang='grc' dir='ltr'><strong>καὶ</strong></span> <span class='ocrx_word' id='word_1_291' title='bbox 844 2354 873 2405; x_wconf 85' lang='grc' dir='ltr'><strong>ὁ</strong></span> <span class='ocrx_word' id='word_1_292' title='bbox 906 2352 1081 2419; x_wconf 67' lang='lat' dir='ltr'><strong>esea;</strong></span> <span class='ocrx_word' id='word_1_293' title='bbox 1104 2353 1337 2425; x_wconf 81' lang='grc' dir='ltr'>Παμδὼ,</span> <span class='ocrx_word' id='word_1_294' title='bbox 1377 2354 1583 2409; x_wconf 77' lang='grc' dir='ltr'>παλαιά</span> <span class='ocrx_word' id='word_1_295' title='bbox 1608 2353 1810 2427; x_wconf 79' lang='grc' dir='ltr'>πολύρ-</span> 
     </span>
    </p>
   </div>
   <div class='ocr_carea' id='block_1_40' title="bbox 242 2440 1812 2517">
    <p class='ocr_par' dir='ltr' id='par_1_40' title="bbox 242 2440 1812 2517">
     <span class='ocr_line' id='line_1_40' title="bbox 242 2440 1812 2517; baseline -0.002 -17"><span class='ocrx_word' id='word_1_296' title='bbox 242 2452 386 2517; x_wconf 68' lang='grc' dir='ltr'><strong>ραφα</strong></span> <span class='ocrx_word' id='word_1_297' title='bbox 426 2444 657 2515; x_wconf 71' lang='grc' dir='ltr'>ἐφόρουν</span> <span class='ocrx_word' id='word_1_298' title='bbox 693 2445 789 2499; x_wconf 69' lang='grc' dir='ltr'><strong>καὶ</strong></span> <span class='ocrx_word' id='word_1_299' title='bbox 820 2440 1065 2499; x_wconf 68' lang='grc' dir='ltr'>σιὸἑννια</span> <span class='ocrx_word' id='word_1_300' title='bbox 1088 2442 1285 2496; x_wconf 80' lang='grc' dir='ltr'>⁸³’.νῦν</span> <span class='ocrx_word' id='word_1_301' title='bbox 1324 2443 1382 2497; x_wconf 83' lang='grc' dir='ltr'><strong>δὲ</strong></span> <span class='ocrx_word' id='word_1_302' title='bbox 1405 2443 1675 2515; x_wconf 77' lang='grc' dir='ltr'><strong>πολύτιμα</strong></span> <span class='ocrx_word' id='word_1_303' title='bbox 1717 2461 1812 2513; x_wconf 83' lang='grc' dir='ltr'>φο-</span> 
     </span>
    </p>
   </div>
   <div class='ocr_carea' id='block_1_41' title="bbox 246 2527 1811 2607">
    <p class='ocr_par' dir='ltr' id='par_1_41' title="bbox 246 2527 1811 2607">
     <span class='ocr_line' id='line_1_41' title="bbox 246 2527 1811 2607; baseline -0.002 -16"><span class='ocrx_word' id='word_1_304' title='bbox 246 2541 401 2605; x_wconf 80' lang='grc' dir='ltr'>ρεῖτε.</span> <span class='ocrx_word' id='word_1_305' title='bbox 437 2537 707 2605; x_wconf 78' lang='grc' dir='ltr'><strong>Ὑπάγετε</strong></span> <span class='ocrx_word' id='word_1_306' title='bbox 752 2536 922 2601; x_wconf 67' lang='grc' dir='ltr'>ἔνθεν,</span> <span class='ocrx_word' id='word_1_307' title='bbox 953 2531 1284 2607; x_wconf 73' lang='grc' dir='ltr'>ἡρημὼσατε</span> <span class='ocrx_word' id='word_1_308' title='bbox 1327 2534 1398 2588; x_wconf 82' lang='grc' dir='ltr'><strong>τά</strong></span> <span class='ocrx_word' id='word_1_309' title='bbox 1423 2527 1543 2588; x_wconf 80' lang='grc' dir='ltr'>ὧδε.</span> <span class='ocrx_word' id='word_1_310' title='bbox 1581 2535 1710 2588; x_wconf 85' lang='grc' dir='ltr'><strong>Ὅτε</strong></span> <span class='ocrx_word' id='word_1_311' title='bbox 1752 2533 1811 2588; x_wconf 81' lang='grc' dir='ltr'><strong>δὲ</strong></span> 
     </span>
    </p>
   </div>
   <div class='ocr_carea' id='block_1_42' title="bbox 243 2620 1811 2698">
    <p class='ocr_par' dir='ltr' id='par_1_42' title="bbox 243 2620 1811 2698">
     <span class='ocr_line' id='line_1_42' title="bbox 243 2620 1811 2698; baseline -0.003 -18"><span class='ocrx_word' id='word_1_312' title='bbox 243 2627 461 2698; x_wconf 69' lang='grc' dir='ltr'>ἔμελλεν</span> <span class='ocrx_word' id='word_1_313' title='bbox 483 2627 532 2659; x_wconf 86' lang='grc'><strong><em>⁸³</em></strong></span> <span class='ocrx_word' id='word_1_314' title='bbox 559 2626 791 2695; x_wconf 80' lang='grc' dir='ltr'>ὑπάγειν</span> <span class='ocrx_word' id='word_1_315' title='bbox 834 2627 914 2688; x_wconf 69' lang='grc' dir='ltr'><strong>εἱς</strong></span> <span class='ocrx_word' id='word_1_316' title='bbox 940 2625 1001 2679; x_wconf 87' lang='grc' dir='ltr'>τὺ</span> <span class='ocrx_word' id='word_1_317' title='bbox 1021 2624 1208 2697; x_wconf 78' lang='grc' dir='ltr'>Θέρος,</span> <span class='ocrx_word' id='word_1_318' title='bbox 1237 2620 1422 2691; x_wconf 72' lang='grc' dir='ltr'>ἔλεγεν</span> <span class='ocrx_word' id='word_1_319' title='bbox 1453 2623 1635 2687; x_wconf 81' lang='grc' dir='ltr'>αὐτοῖς</span> <span class='ocrx_word' id='word_1_320' title='bbox 1652 2639 1666 2653; x_wconf 81' lang='grc'><em>’</em></span> <span class='ocrx_word' id='word_1_321' title='bbox 1698 2622 1811 2676; x_wconf 85' lang='grc' dir='ltr'><strong>οὐκ</strong></span> 
     </span>
    </p>
   </div>
   <div class='ocr_carea' id='block_1_43' title="bbox 243 2698 1599 2791">
    <p class='ocr_par' dir='ltr' id='par_1_43' title="bbox 243 2698 1599 2791">
     <span class='ocr_line' id='line_1_43' title="bbox 243 2698 1599 2791; baseline -0.004 -19"><span class='ocrx_word' id='word_1_322' title='bbox 243 2718 318 2775; x_wconf 71' lang='lat' dir='ltr'><strong>tu</strong></span> <span class='ocrx_word' id='word_1_323' title='bbox 345 2721 570 2791; x_wconf 79' lang='grc' dir='ltr'>παρέχω</span> <span class='ocrx_word' id='word_1_324' title='bbox 599 2718 729 2789; x_wconf 79' lang='grc' dir='ltr'>ὐμῖν</span> <span class='ocrx_word' id='word_1_325' title='bbox 759 2698 995 2781; x_wconf 62' lang='grc' dir='ltr'>ὲντολάξ</span> <span class='ocrx_word' id='word_1_326' title='bbox 1012 2733 1026 2747; x_wconf 90' lang='grc'><strong>·</strong></span> <span class='ocrx_word' id='word_1_327' title='bbox 1057 2717 1119 2770; x_wconf 84' lang='grc' dir='ltr'>οὐ</span> <span class='ocrx_word' id='word_1_328' title='bbox 1143 2700 1444 2787; x_wconf 79' lang='grc' dir='ltr'><strong>φυλάσσετε</strong></span> <span class='ocrx_word' id='word_1_329' title='bbox 1472 2713 1599 2785; x_wconf 87' lang='grc' dir='ltr'>γάρ.</span> 
     </span>
    </p>
   </div>
   <div class='ocr_carea' id='block_1_44' title="bbox 305 2889 1807 2969">
    <p class='ocr_par' dir='ltr' id='par_1_44' title="bbox 305 2889 1807 2969">
     <span class='ocr_line' id='line_1_44' title="bbox 305 2889 1807 2969; baseline -0.002 -20"><span class='ocrx_word' id='word_1_330' title='bbox 305 2896 375 2969; x_wconf 81' lang='grc' dir='ltr'><strong>η’.</strong></span> <span class='ocrx_word' id='word_1_331' title='bbox 416 2896 725 2967; x_wconf 76' lang='grc' dir='ltr'>Διηγήσατό</span> <span class='ocrx_word' id='word_1_332' title='bbox 746 2913 830 2961; x_wconf 86' lang='grc' dir='ltr'><strong>τις</strong></span> <span class='ocrx_word' id='word_1_333' title='bbox 859 2895 967 2949; x_wconf 86' lang='grc' dir='ltr'>τῶν</span> <span class='ocrx_word' id='word_1_334' title='bbox 991 2895 1270 2967; x_wconf 81' lang='grc' dir='ltr'>Πατέρων,</span> <span class='ocrx_word' id='word_1_335' title='bbox 1301 2890 1385 2949; x_wconf 81' lang='grc' dir='ltr'>ὅτι</span> <span class='ocrx_word' id='word_1_336' title='bbox 1406 2889 1537 2966; x_wconf 78' lang='grc' dir='ltr'><strong>ἦλθέ</strong></span> <span class='ocrx_word' id='word_1_337' title='bbox 1566 2893 1697 2947; x_wconf 87' lang='grc' dir='ltr'>ποτέ</span> <span class='ocrx_word' id='word_1_338' title='bbox 1722 2910 1807 2955; x_wconf 85' lang='grc' dir='ltr'><strong>τις</strong></span> 
     </span>
    </p>
   </div>
   <div class='ocr_carea' id='block_1_45' title="bbox 245 2983 1812 3058">
    <p class='ocr_par' dir='ltr' id='par_1_45' title="bbox 245 2983 1812 3058">
     <span class='ocr_line' id='line_1_45' title="bbox 245 2983 1812 3058; baseline -0.002 -18"><span class='ocrx_word' id='word_1_339' title='bbox 245 2988 343 3040; x_wconf 78' lang='grc' dir='ltr'>τῶν</span> <span class='ocrx_word' id='word_1_340' title='bbox 385 2986 632 3057; x_wconf 80' lang='grc' dir='ltr'>ἀδελφῶν</span> <span class='ocrx_word' id='word_1_341' title='bbox 666 2985 847 3058; x_wconf 79' lang='grc' dir='ltr'>φορῶν</span> <span class='ocrx_word' id='word_1_342' title='bbox 883 2986 1078 3057; x_wconf 82' lang='grc' dir='ltr'>μικρὸν</span> <span class='ocrx_word' id='word_1_343' title='bbox 1120 2986 1463 3040; x_wconf 81' lang='grc' dir='ltr'>κουσσούλιον</span> <span class='ocrx_word' id='word_1_344' title='bbox 1486 2985 1535 3017; x_wconf 72' lang='grc'><strong>⁸⁸</strong></span> <span class='ocrx_word' id='word_1_345' title='bbox 1578 2985 1658 3047; x_wconf 71' lang='grc' dir='ltr'>εἰς</span> <span class='ocrx_word' id='word_1_346' title='bbox 1712 2983 1812 3055; x_wconf 79' lang='grc' dir='ltr'><strong>τὴν</strong></span> 
     </span>
    </p>
   </div>
   <div class='ocr_carea' id='block_1_46' title="bbox 246 3074 1880 3168">
    <p class='ocr_par' dir='ltr' id='par_1_46' title="bbox 246 3074 1880 3168">
     <span class='ocr_line' id='line_1_46' title="bbox 246 3074 1880 3168; baseline -0.002 -38"><span class='ocrx_word' id='word_1_347' title='bbox 246 3078 537 3149; x_wconf 71' lang='grc' dir='ltr'><strong>ἐκκλησίαν</strong></span> <span class='ocrx_word' id='word_1_348' title='bbox 575 3076 683 3168; x_wconf 80' lang='grc' dir='ltr'>τῶν</span> <span class='ocrx_word' id='word_1_349' title='bbox 724 3076 991 3168; x_wconf 36' lang='grc' dir='ltr'><strong>κελλῐωνῌ</strong></span> <span class='ocrx_word' id='word_1_350' title='bbox 1003 3075 1120 3168; x_wconf 38' lang='grc' dir='ltr'><strong>ἐπὶ-</strong></span> <span class='ocrx_word' id='word_1_351' title='bbox 1138 3075 1233 3168; x_wconf 82' lang='grc' dir='ltr'><strong>τοῦ</strong></span> <span class='ocrx_word' id='word_1_352' title='bbox 1272 3075 1417 3168; x_wconf 63' lang='lat' dir='ltr'><strong>esea</strong></span> <span class='ocrx_word' id='word_1_353' title='bbox 1452 3074 1685 3168; x_wconf 33' lang='grc' dir='ltr'><strong>ἕσαθ’</strong></span> <span class='ocrx_word' id='word_1_354' title='bbox 1716 3074 1810 3128; x_wconf 84' lang='grc' dir='ltr'><strong>καὶ</strong></span> <span class='ocrx_word' id='word_1_355' title='bbox 1835 3109 1880 3168; x_wconf 75' lang='lat' dir='ltr'><strong>C</strong></span> 
     </span>
    </p>
   </div>
   <div class='ocr_carea' id='block_1_47' title="bbox 247 3156 1811 3238">
    <p class='ocr_par' dir='ltr' id='par_1_47' title="bbox 247 3156 1811 3238">
     <span class='ocr_line' id='line_1_47' title="bbox 247 3156 1811 3238; baseline -0.003 -16"><span class='ocrx_word' id='word_1_356' title='bbox 247 3168 463 3235; x_wconf 71' lang='grc' dir='ltr'>ὶδίωξεν</span> <span class='ocrx_word' id='word_1_357' title='bbox 491 3167 659 3228; x_wconf 76' lang='grc' dir='ltr'>αὐτὸν</span> <span class='ocrx_word' id='word_1_358' title='bbox 681 3168 710 3220; x_wconf 91' lang='lat'><strong>6</strong></span> <span class='ocrx_word' id='word_1_359' title='bbox 738 3166 916 3238; x_wconf 78' lang='grc' dir='ltr'>γέρων</span> <span class='ocrx_word' id='word_1_360' title='bbox 941 3166 1077 3235; x_wconf 76' lang='lat' dir='ltr'><strong>(3i),</strong></span> <span class='ocrx_word' id='word_1_361' title='bbox 1106 3165 1279 3234; x_wconf 78' lang='grc' dir='ltr'>λέγων</span> <span class='ocrx_word' id='word_1_362' title='bbox 1309 3165 1413 3227; x_wconf 77' lang='grc' dir='ltr'>δτι,</span> <span class='ocrx_word' id='word_1_363' title='bbox 1451 3162 1535 3217; x_wconf 90' lang='grc' dir='ltr'><strong>Τά</strong></span> <span class='ocrx_word' id='word_1_364' title='bbox 1576 3156 1677 3217; x_wconf 83' lang='grc' dir='ltr'><strong>ὧδε</strong></span> <span class='ocrx_word' id='word_1_365' title='bbox 1714 3180 1811 3233; x_wconf 82' lang='grc' dir='ltr'>μο-</span> 
     </span>
    </p>
   </div>
   <div class='ocr_carea' id='block_1_48' title="bbox 245 3251 1812 3328">
    <p class='ocr_par' dir='ltr' id='par_1_48' title="bbox 245 3251 1812 3328">
     <span class='ocr_line' id='line_1_48' title="bbox 245 3251 1812 3328; baseline -0.004 -17"><span class='ocrx_word' id='word_1_366' title='bbox 245 3255 417 3328; x_wconf 81' lang='grc' dir='ltr'>ναχῶν</span> <span class='ocrx_word' id='word_1_367' title='bbox 460 3258 613 3310; x_wconf 70' lang='grc' dir='ltr'>ἐστι’</span> <span class='ocrx_word' id='word_1_368' title='bbox 646 3256 711 3309; x_wconf 73' lang='grc' dir='ltr'><strong>σὺ</strong></span> <span class='ocrx_word' id='word_1_369' title='bbox 744 3255 801 3308; x_wconf 79' lang='grc' dir='ltr'><strong>δὲ</strong></span> <span class='ocrx_word' id='word_1_370' title='bbox 839 3253 1101 3326; x_wconf 75' lang='grc' dir='ltr'>κοσμικδς</span> <span class='ocrx_word' id='word_1_371' title='bbox 1133 3253 1209 3307; x_wconf 85' lang='grc' dir='ltr'>ὢν</span> <span class='ocrx_word' id='word_1_372' title='bbox 1229 3294 1243 3318; x_wconf 85' lang='grc'><strong>,</strong></span> <span class='ocrx_word' id='word_1_373' title='bbox 1273 3252 1333 3306; x_wconf 77' lang='grc' dir='ltr'>οὐ</span> <span class='ocrx_word' id='word_1_374' title='bbox 1376 3251 1600 3307; x_wconf 80' lang='grc' dir='ltr'>δύνασαι</span> <span class='ocrx_word' id='word_1_375' title='bbox 1631 3253 1812 3323; x_wconf 81' lang='grc' dir='ltr'>μεῖναι</span> 
     </span>
    </p>
   </div>
   <div class='ocr_carea' id='block_1_49' title="bbox 306 3430 1815 3503">
    <p class='ocr_par' dir='ltr' id='par_1_49' title="bbox 306 3430 1815 3503">
     <span class='ocr_line' id='line_1_49' title="bbox 306 3430 1815 3503; baseline -0.001 -14"><span class='ocrx_word' id='word_1_376' title='bbox 306 3435 377 3490; x_wconf 79' lang='lat'><strong>0&#39;.</strong></span> <span class='ocrx_word' id='word_1_377' title='bbox 399 3430 571 3490; x_wconf 73' lang='grc' dir='ltr'>Εἶπεν</span> <span class='ocrx_word' id='word_1_378' title='bbox 602 3436 632 3489; x_wconf 88' lang='lat'><strong>6</strong></span> <span class='ocrx_word' id='word_1_379' title='bbox 662 3432 834 3497; x_wconf 75' lang='grc' dir='ltr'>ἀσδᾶς</span> <span class='ocrx_word' id='word_1_380' title='bbox 860 3432 1049 3487; x_wconf 82' lang='grc' dir='ltr'><strong>’Ῑσαάκ</strong></span> <span class='ocrx_word' id='word_1_381' title='bbox 1073 3433 1174 3498; x_wconf 79' lang='grc' dir='ltr'><strong>ὅτι,</strong></span> <span class='ocrx_word' id='word_1_382' title='bbox 1213 3432 1480 3487; x_wconf 77' lang='grc' dir='ltr'>Οὐδέποτε</span> <span class='ocrx_word' id='word_1_383' title='bbox 1522 3433 1815 3503; x_wconf 71' lang='grc' dir='ltr'>εἰσήνεγκα</span> 
     </span>
    </p>
   </div>
   <div class='ocr_carea' id='block_1_50' title="bbox 245 3522 1815 3595">
    <p class='ocr_par' dir='ltr' id='par_1_50' title="bbox 245 3522 1815 3595">
     <span class='ocr_line' id='line_1_50' title="bbox 245 3522 1815 3595; baseline 0 -17"><span class='ocrx_word' id='word_1_384' title='bbox 245 3526 321 3591; x_wconf 68' lang='grc' dir='ltr'>εἰς</span> <span class='ocrx_word' id='word_1_385' title='bbox 344 3525 407 3579; x_wconf 81' lang='grc' dir='ltr'><strong>τὸ</strong></span> <span class='ocrx_word' id='word_1_386' title='bbox 434 3525 647 3580; x_wconf 76' lang='grc' dir='ltr'>κελλιον</span> <span class='ocrx_word' id='word_1_387' title='bbox 682 3541 781 3595; x_wconf 79' lang='grc' dir='ltr'><strong>μου</strong></span> <span class='ocrx_word' id='word_1_388' title='bbox 808 3523 1067 3593; x_wconf 79' lang='grc' dir='ltr'>λογισμὸν</span> <span class='ocrx_word' id='word_1_389' title='bbox 1097 3525 1237 3578; x_wconf 87' lang='grc' dir='ltr'>κατά</span> <span class='ocrx_word' id='word_1_390' title='bbox 1272 3522 1503 3594; x_wconf 84' lang='grc' dir='ltr'>ἀδελφοῦ</span> <span class='ocrx_word' id='word_1_391' title='bbox 1531 3523 1815 3594; x_wconf 77' lang='grc' dir='ltr'>θλῑψαντύς</span> 
     </span>
    </p>
   </div>
   <div class='ocr_carea' id='block_1_51' title="bbox 248 3614 1817 3689">
    <p class='ocr_par' dir='ltr' id='par_1_51' title="bbox 248 3614 1817 3689">
     <span class='ocr_line' id='line_1_51' title="bbox 248 3614 1817 3689; baseline -0.002 -17"><span class='ocrx_word' id='word_1_392' title='bbox 248 3634 335 3687; x_wconf 85' lang='grc' dir='ltr'><strong>με.</strong></span> <span class='ocrx_word' id='word_1_393' title='bbox 374 3616 555 3687; x_wconf 81' lang='grc' dir='ltr'>Κάγὼ</span> <span class='ocrx_word' id='word_1_394' title='bbox 576 3614 881 3671; x_wconf 77' lang='grc' dir='ltr'><strong>ὲσπούδασα</strong></span> <span class='ocrx_word' id='word_1_395' title='bbox 912 3616 987 3689; x_wconf 81' lang='grc' dir='ltr'>μὴ</span> <span class='ocrx_word' id='word_1_396' title='bbox 1020 3617 1234 3685; x_wconf 83' lang='grc' dir='ltr'>ἀφεῖναι</span> <span class='ocrx_word' id='word_1_397' title='bbox 1261 3616 1487 3686; x_wconf 81' lang='grc' dir='ltr'>ἀδελφὸν</span> <span class='ocrx_word' id='word_1_398' title='bbox 1516 3616 1597 3681; x_wconf 75' lang='grc' dir='ltr'>εἰς</span> <span class='ocrx_word' id='word_1_399' title='bbox 1616 3615 1679 3670; x_wconf 77' lang='grc' dir='ltr'>τὸ</span> <span class='ocrx_word' id='word_1_400' title='bbox 1693 3615 1817 3670; x_wconf 82' lang='grc' dir='ltr'>κελ-</span> 
     </span>
    </p>
   </div>
   <div class='ocr_carea' id='block_1_52' title="bbox 246 3704 1400 3778">
    <p class='ocr_par' dir='ltr' id='par_1_52' title="bbox 246 3704 1400 3778">
     <span class='ocr_line' id='line_1_52' title="bbox 246 3704 1400 3778; baseline 0.003 -20"><span class='ocrx_word' id='word_1_401' title='bbox 246 3705 358 3762; x_wconf 74' lang='grc' dir='ltr'>λίον</span> <span class='ocrx_word' id='word_1_402' title='bbox 388 3705 578 3773; x_wconf 78' lang='grc' dir='ltr'>αὐτοῦ,</span> <span class='ocrx_word' id='word_1_403' title='bbox 608 3706 799 3778; x_wconf 71' lang='grc' dir='ltr'>ἔχοντα</span> <span class='ocrx_word' id='word_1_404' title='bbox 823 3705 941 3759; x_wconf 82' lang='grc' dir='ltr'>κατ’</span> <span class='ocrx_word' id='word_1_405' title='bbox 968 3704 1103 3776; x_wconf 73' lang='grc' dir='ltr'>ἐμοῦ</span> <span class='ocrx_word' id='word_1_406' title='bbox 1122 3704 1400 3776; x_wconf 75' lang='grc' dir='ltr'>λογισμόν.</span> 
     </span>
    </p>
   </div>
   <div class='ocr_carea' id='block_1_53' title="bbox 315 3879 1819 3954">
    <p class='ocr_par' dir='ltr' id='par_1_53' title="bbox 315 3879 1819 3954">
     <span class='ocr_line' id='line_1_53' title="bbox 315 3879 1819 3954; baseline -0.003 -15"><span class='ocrx_word' id='word_1_407' title='bbox 315 3882 373 3939; x_wconf 83' lang='grc' dir='ltr'>ι’.</span> <span class='ocrx_word' id='word_1_408' title='bbox 428 3881 731 3954; x_wconf 72' lang='grc' dir='ltr'><strong>Ἦσθὲνησε</strong></span> <span class='ocrx_word' id='word_1_409' title='bbox 753 3880 996 3953; x_wconf 80' lang='grc' dir='ltr'>μεγάλην</span> <span class='ocrx_word' id='word_1_410' title='bbox 1016 3879 1298 3937; x_wconf 73' lang='grc' dir='ltr'>ἀσθένειαν</span> <span class='ocrx_word' id='word_1_411' title='bbox 1325 3881 1355 3934; x_wconf 86' lang='lat'><strong>6</strong></span> <span class='ocrx_word' id='word_1_412' title='bbox 1395 3880 1569 3943; x_wconf 78' lang='grc' dir='ltr'>ἀσσᾶς</span> <span class='ocrx_word' id='word_1_413' title='bbox 1613 3880 1819 3948; x_wconf 77' lang='grc' dir='ltr'><strong>Ἰσαὰκ,</strong></span> 
     </span>
    </p>
   </div>
   <div class='ocr_carea' id='block_1_54' title="bbox 248 3970 1820 4046">
    <p class='ocr_par' dir='ltr' id='par_1_54' title="bbox 248 3970 1820 4046">
     <span class='ocr_line' id='line_1_54' title="bbox 248 3970 1820 4046; baseline -0.005 -16"><span class='ocrx_word' id='word_1_414' title='bbox 248 3976 342 4029; x_wconf 71' lang='grc' dir='ltr'><strong>καὶ</strong></span> <span class='ocrx_word' id='word_1_415' title='bbox 369 3974 652 4046; x_wconf 73' lang='grc' dir='ltr'>ἐχρόνισεν</span> <span class='ocrx_word' id='word_1_416' title='bbox 680 3973 741 4027; x_wconf 72' lang='grc' dir='ltr'>ιν</span> <span class='ocrx_word' id='word_1_417' title='bbox 769 3973 906 4045; x_wconf 76' lang='grc' dir='ltr'>αὐτῇ</span> <span class='ocrx_word' id='word_1_418' title='bbox 937 3987 951 4003; x_wconf 83' lang='grc'><em>’</em></span> <span class='ocrx_word' id='word_1_419' title='bbox 998 3970 1223 4043; x_wconf 74' lang='grc' dir='ltr'>εποίησε</span> <span class='ocrx_word' id='word_1_420' title='bbox 1254 3971 1312 4025; x_wconf 77' lang='grc' dir='ltr'><strong>δὲ</strong></span> <span class='ocrx_word' id='word_1_421' title='bbox 1360 3971 1508 4042; x_wconf 80' lang='grc' dir='ltr'>αὐτῷ</span> <span class='ocrx_word' id='word_1_422' title='bbox 1531 3973 1561 4025; x_wconf 86' lang='lat'><strong>6</strong></span> <span class='ocrx_word' id='word_1_423' title='bbox 1593 3970 1820 4041; x_wconf 78' lang='grc' dir='ltr'>ἀδελφὸς</span> 
     </span>
    </p>
   </div>
   <div class='ocr_carea' id='block_1_55' title="bbox 255 4058 1822 4136">
    <p class='ocr_par' dir='ltr' id='par_1_55' title="bbox 255 4058 1822 4136">
     <span class='ocr_line' id='line_1_55' title="bbox 255 4058 1822 4136; baseline -0.004 -17"><span class='ocrx_word' id='word_1_424' title='bbox 255 4063 457 4136; x_wconf 81' lang='grc' dir='ltr'>μικρὰν</span> <span class='ocrx_word' id='word_1_425' title='bbox 486 4063 735 4136; x_wconf 79' lang='grc' dir='ltr'>ἀθήραν,</span> <span class='ocrx_word' id='word_1_426' title='bbox 774 4063 869 4117; x_wconf 74' lang='grc' dir='ltr'><strong>καὶ</strong></span> <span class='ocrx_word' id='word_1_427' title='bbox 904 4062 1071 4116; x_wconf 74' lang='grc' dir='ltr'><strong>ἔδωκε</strong></span> <span class='ocrx_word' id='word_1_428' title='bbox 1113 4060 1349 4133; x_wconf 80' lang='grc' dir='ltr'>μυξάρια</span> <span class='ocrx_word' id='word_1_429' title='bbox 1380 4062 1462 4125; x_wconf 80' lang='grc' dir='ltr'>εἰς</span> <span class='ocrx_word' id='word_1_430' title='bbox 1500 4061 1700 4132; x_wconf 78' lang='grc' dir='ltr'>αὑτήνο</span> <span class='ocrx_word' id='word_1_431' title='bbox 1726 4058 1822 4130; x_wconf 75' lang='grc' dir='ltr'><strong>καὶ</strong></span> 
     </span>
    </p>
   </div>
   <div class='ocr_carea' id='block_1_56' title="bbox 249 4152 1824 4229">
    <p class='ocr_par' dir='ltr' id='par_1_56' title="bbox 249 4152 1824 4229">
     <span class='ocr_line' id='line_1_56' title="bbox 249 4152 1824 4229; baseline -0.004 -17"><span class='ocrx_word' id='word_1_432' title='bbox 249 4159 347 4213; x_wconf 70' lang='grc' dir='ltr'><strong>οὒκ</strong></span> <span class='ocrx_word' id='word_1_433' title='bbox 396 4154 591 4229; x_wconf 67' lang='grc' dir='ltr'>ἢθελεν</span> <span class='ocrx_word' id='word_1_434' title='bbox 624 4156 656 4209; x_wconf 88' lang='lat'><strong>6</strong></span> <span class='ocrx_word' id='word_1_435' title='bbox 691 4154 869 4226; x_wconf 75' lang='grc' dir='ltr'>γέρων</span> <span class='ocrx_word' id='word_1_436' title='bbox 913 4154 1214 4225; x_wconf 83' lang='grc' dir='ltr'>γεύσασθαι</span> <span class='ocrx_word' id='word_1_437' title='bbox 1246 4192 1260 4207; x_wconf 95' lang='grc'><strong>.</strong></span> <span class='ocrx_word' id='word_1_438' title='bbox 1302 4155 1412 4208; x_wconf 80' lang='grc' dir='ltr'><strong>Καὶ</strong></span> <span class='ocrx_word' id='word_1_439' title='bbox 1465 4152 1768 4225; x_wconf 82' lang='grc' dir='ltr'>παρεκάλει</span> <span class='ocrx_word' id='word_1_440' title='bbox 1793 4152 1824 4204; x_wconf 83' lang='lat'><strong>6</strong></span> 
     </span>
    </p>
   </div>
   <div class='ocr_carea' id='block_1_57' title="bbox 249 4240 1823 4316">
    <p class='ocr_par' dir='ltr' id='par_1_57' title="bbox 249 4240 1823 4316">
     <span class='ocr_line' id='line_1_57' title="bbox 249 4240 1823 4316; baseline -0.003 -18"><span class='ocrx_word' id='word_1_441' title='bbox 249 4245 482 4314; x_wconf 79' lang='grc' dir='ltr'>ἁδελφὸς</span> <span class='ocrx_word' id='word_1_442' title='bbox 524 4242 699 4312; x_wconf 84' lang='grc' dir='ltr'>λέγων</span> <span class='ocrx_word' id='word_1_443' title='bbox 729 4258 746 4275; x_wconf 86' lang='grc'><strong>·</strong></span> <span class='ocrx_word' id='word_1_444' title='bbox 781 4241 929 4297; x_wconf 68' lang='grc' dir='ltr'>Λάϐε</span> <span class='ocrx_word' id='word_1_445' title='bbox 978 4241 1195 4316; x_wconf 80' lang='grc' dir='ltr'>μικρὸν,</span> <span class='ocrx_word' id='word_1_446' title='bbox 1226 4241 1497 4306; x_wconf 56' lang='lat' dir='ltr'><strong>assam</strong></span> <span class='ocrx_word' id='word_1_447' title='bbox 1538 4241 1635 4312; x_wconf 82' lang='grc' dir='ltr'><strong>τὴν</strong></span> <span class='ocrx_word' id='word_1_448' title='bbox 1659 4240 1823 4295; x_wconf 77' lang='grc' dir='ltr'><strong>ἀσθέ-</strong></span> 
     </span>
    </p>
   </div>
   <div class='ocr_carea' id='block_1_58' title="bbox 246 4332 1822 4407">
    <p class='ocr_par' dir='ltr' id='par_1_58' title="bbox 246 4332 1822 4407">
     <span class='ocr_line' id='line_1_58' title="bbox 246 4332 1822 4407; baseline -0.001 -21"><span class='ocrx_word' id='word_1_449' title='bbox 246 4352 420 4390; x_wconf 84' lang='grc' dir='ltr'>νειαν.</span> <span class='ocrx_word' id='word_1_450' title='bbox 458 4332 572 4388; x_wconf 71' lang='lat' dir='ltr'><strong>Kal</strong></span> <span class='ocrx_word' id='word_1_451' title='bbox 627 4333 779 4402; x_wconf 83' lang='grc' dir='ltr'>λέγει</span> <span class='ocrx_word' id='word_1_452' title='bbox 839 4332 988 4405; x_wconf 81' lang='grc' dir='ltr'>αὐτῷ</span> <span class='ocrx_word' id='word_1_453' title='bbox 1034 4333 1063 4386; x_wconf 84' lang='grc' dir='ltr'>ὁ</span> <span class='ocrx_word' id='word_1_454' title='bbox 1118 4333 1291 4407; x_wconf 66' lang='grc' dir='ltr'>γέρων</span> <span class='ocrx_word' id='word_1_455' title='bbox 1322 4350 1335 4363; x_wconf 74' lang='grc' dir='ltr'><strong>ο</strong></span> <span class='ocrx_word' id='word_1_456' title='bbox 1372 4332 1558 4395; x_wconf 74' lang='grc' dir='ltr'>Φύσει.</span> <span class='ocrx_word' id='word_1_457' title='bbox 1586 4332 1780 4402; x_wconf 82' lang='grc' dir='ltr'>ἀδελφὲ</span> <span class='ocrx_word' id='word_1_458' title='bbox 1806 4372 1822 4397; x_wconf 83' lang='grc'><em>,</em></span> 
     </span>
    </p>
   </div>
   <div class='ocr_carea' id='block_1_59' title="bbox 1909 1889 3029 1959">
    <p class='ocr_par' dir='ltr' id='par_1_59' title="bbox 1909 1889 3029 1959">
     <span class='ocr_line' id='line_1_59' title="bbox 1909 1889 3029 1959; baseline 0.013 -17"><span class='ocrx_word' id='word_1_459' title='bbox 1909 1904 2115 1959; x_wconf 85' lang='lat' dir='ltr'><strong>pueros</strong></span> <span class='ocrx_word' id='word_1_460' title='bbox 2139 1889 2206 1945; x_wconf 89' lang='lat' dir='ltr'><strong>ad</strong></span> <span class='ocrx_word' id='word_1_461' title='bbox 2239 1892 2589 1950; x_wconf 86' lang='lat' dir='ltr'><strong>solitudinem</strong></span> <span class='ocrx_word' id='word_1_462' title='bbox 2618 1902 2749 1952; x_wconf 91' lang='lat' dir='ltr'><strong>sunt</strong></span> <span class='ocrx_word' id='word_1_463' title='bbox 2779 1898 3029 1957; x_wconf 68' lang='lat' dir='ltr'><strong>redactae.</strong></span> 
     </span>
    </p>
   </div>
   <div class='ocr_carea' id='block_1_60' title="bbox 1981 1980 3479 2063">
    <p class='ocr_par' dir='ltr' id='par_1_60' title="bbox 1981 1980 3479 2063">
     <span class='ocr_line' id='line_1_60' title="bbox 1981 1980 3479 2063; baseline 0.01 -28"><span class='ocrx_word' id='word_1_464' title='bbox 1981 1981 2035 2036; x_wconf 85' lang='lat'><em>6.</em></span> <span class='ocrx_word' id='word_1_465' title='bbox 2078 1980 2410 2041; x_wconf 83' lang='lat' dir='ltr'><strong>Referebant</strong></span> <span class='ocrx_word' id='word_1_466' title='bbox 2450 1985 2520 2042; x_wconf 90' lang='lat' dir='ltr'><strong>de</strong></span> <span class='ocrx_word' id='word_1_467' title='bbox 2564 1988 2759 2044; x_wconf 83' lang='lat' dir='ltr'><strong>abbate</strong></span> <span class='ocrx_word' id='word_1_468' title='bbox 2804 1988 3010 2055; x_wconf 87' lang='lat' dir='ltr'><strong>Isaaeo.</strong></span> <span class='ocrx_word' id='word_1_469' title='bbox 3058 1994 3202 2063; x_wconf 89' lang='lat' dir='ltr'><strong>quod</strong></span> <span class='ocrx_word' id='word_1_470' title='bbox 3240 1994 3479 2050; x_wconf 84' lang='lat' dir='ltr'><strong>cinerem</strong></span> 
     </span>
    </p>
   </div>
   <div class='ocr_carea' id='block_1_61' title="bbox 1911 2072 3358 2152">
    <p class='ocr_par' dir='ltr' id='par_1_61' title="bbox 1911 2072 3358 2152">
     <span class='ocr_line' id='line_1_61' title="bbox 1911 2072 3358 2152; baseline 0.009 -26"><span class='ocrx_word' id='word_1_471' title='bbox 1911 2072 2177 2128; x_wconf 86' lang='lat' dir='ltr'><strong>tburibuli</strong></span> <span class='ocrx_word' id='word_1_472' title='bbox 2214 2074 2508 2133; x_wconf 87' lang='lat' dir='ltr'><strong>oblationis</strong></span> <span class='ocrx_word' id='word_1_473' title='bbox 2541 2079 2898 2136; x_wconf 87' lang='lat' dir='ltr'><strong>manducaret</strong></span> <span class='ocrx_word' id='word_1_474' title='bbox 2930 2098 3051 2137; x_wconf 86' lang='lat' dir='ltr'><strong>cum</strong></span> <span class='ocrx_word' id='word_1_475' title='bbox 3078 2099 3217 2152; x_wconf 88' lang='lat' dir='ltr'><strong>pane</strong></span> <span class='ocrx_word' id='word_1_476' title='bbox 3238 2100 3358 2142; x_wconf 82' lang='lat' dir='ltr'><strong>suo.</strong></span> 
     </span>
    </p>
   </div>
   <div class='ocr_carea' id='block_1_62' title="bbox 1982 2250 3481 2323">
    <p class='ocr_par' dir='ltr' id='par_1_62' title="bbox 1982 2250 3481 2323">
     <span class='ocr_line' id='line_1_62' title="bbox 1982 2250 3481 2323; baseline 0.007 -18"><span class='ocrx_word' id='word_1_477' title='bbox 1982 2251 2034 2306; x_wconf 88' lang='lat'><strong>7.</strong></span> <span class='ocrx_word' id='word_1_478' title='bbox 2080 2250 2194 2323; x_wconf 73' lang='lat'><strong>(29)</strong></span> <span class='ocrx_word' id='word_1_479' title='bbox 2244 2251 2428 2307; x_wconf 84' lang='lat' dir='ltr'><strong>Abbas</strong></span> <span class='ocrx_word' id='word_1_480' title='bbox 2470 2254 2625 2309; x_wconf 85' lang='lat' dir='ltr'><strong>Isaac</strong></span> <span class='ocrx_word' id='word_1_481' title='bbox 2672 2253 2935 2315; x_wconf 80' lang='lat' dir='ltr'><strong>fratribus</strong></span> <span class='ocrx_word' id='word_1_482' title='bbox 2982 2254 3236 2313; x_wconf 87' lang='lat' dir='ltr'><strong>dicebat:</strong></span> <span class='ocrx_word' id='word_1_483' title='bbox 3291 2259 3481 2315; x_wconf 83' lang='lat' dir='ltr'><strong>Patres</strong></span> 
     </span>
    </p>
   </div>
   <div class='ocr_carea' id='block_1_63' title="bbox 1911 2340 3479 2415">
    <p class='ocr_par' dir='ltr' id='par_1_63' title="bbox 1911 2340 3479 2415">
     <span class='ocr_line' id='line_1_63' title="bbox 1911 2340 3479 2415; baseline 0.003 -16"><span class='ocrx_word' id='word_1_484' title='bbox 1911 2342 2106 2407; x_wconf 84' lang='lat' dir='ltr'><strong>nostri.</strong></span> <span class='ocrx_word' id='word_1_485' title='bbox 2129 2349 2184 2397; x_wconf 92' lang='lat' dir='ltr'><strong>et</strong></span> <span class='ocrx_word' id='word_1_486' title='bbox 2212 2342 2383 2397; x_wconf 82' lang='lat' dir='ltr'><strong>abbas</strong></span> <span class='ocrx_word' id='word_1_487' title='bbox 2406 2340 2612 2398; x_wconf 88' lang='lat' dir='ltr'><strong>Pambo</strong></span> <span class='ocrx_word' id='word_1_488' title='bbox 2641 2346 2927 2415; x_wconf 77' lang='lat' dir='ltr'><strong>gestabant</strong></span> <span class='ocrx_word' id='word_1_489' title='bbox 2951 2356 3165 2401; x_wconf 78' lang='lat' dir='ltr'><strong>veteres</strong></span> <span class='ocrx_word' id='word_1_490' title='bbox 3195 2355 3479 2415; x_wconf 77' lang='lat' dir='ltr'><strong>centones,</strong></span> 
     </span>
    </p>
   </div>
   <div class='ocr_carea' id='block_1_64' title="bbox 1910 2431 3476 2512">
    <p class='ocr_par' dir='ltr' id='par_1_64' title="bbox 1910 2431 3476 2512">
     <span class='ocr_line' id='line_1_64' title="bbox 1910 2431 3476 2512; baseline 0.003 -25"><span class='ocrx_word' id='word_1_491' title='bbox 1910 2436 2172 2512; x_wconf 74' lang='lat' dir='ltr'><strong>ac&#39;vestes</strong></span> <span class='ocrx_word' id='word_1_492' title='bbox 2198 2431 2481 2503; x_wconf 85' lang='lat' dir='ltr'><strong>palmeas:</strong></span> <span class='ocrx_word' id='word_1_493' title='bbox 2514 2447 2659 2487; x_wconf 92' lang='lat' dir='ltr'><strong>nunc</strong></span> <span class='ocrx_word' id='word_1_494' title='bbox 2687 2442 2866 2489; x_wconf 88' lang='lat' dir='ltr'><strong>autem</strong></span> <span class='ocrx_word' id='word_1_495' title='bbox 2892 2436 3128 2505; x_wconf 87' lang='lat' dir='ltr'><strong>pretiosa</strong></span> <span class='ocrx_word' id='word_1_496' title='bbox 3160 2436 3476 2493; x_wconf 78' lang='lat' dir='ltr'><strong>indumenta</strong></span> 
     </span>
    </p>
   </div>
   <div class='ocr_carea' id='block_1_65' title="bbox 1911 2522 3480 2594">
    <p class='ocr_par' dir='ltr' id='par_1_65' title="bbox 1911 2522 3480 2594">
     <span class='ocr_line' id='line_1_65' title="bbox 1911 2522 3480 2594; baseline 0.004 -15"><span class='ocrx_word' id='word_1_497' title='bbox 1911 2522 2161 2594; x_wconf 83' lang='lat' dir='ltr'><strong>gestatis.</strong></span> <span class='ocrx_word' id='word_1_498' title='bbox 2192 2522 2353 2578; x_wconf 81' lang='lat' dir='ltr'><strong>Abite</strong></span> <span class='ocrx_word' id='word_1_499' title='bbox 2390 2524 2552 2588; x_wconf 86' lang='lat' dir='ltr'><strong>hinc;</strong></span> <span class='ocrx_word' id='word_1_500' title='bbox 2595 2524 2715 2578; x_wconf 85' lang='lat' dir='ltr'><strong>loca</strong></span> <span class='ocrx_word' id='word_1_501' title='bbox 2750 2525 2865 2581; x_wconf 64' lang='lat' dir='ltr'><strong>haec</strong></span> <span class='ocrx_word' id='word_1_502' title='bbox 2899 2527 3215 2582; x_wconf 85' lang='lat' dir='ltr'><strong>reddidistis</strong></span> <span class='ocrx_word' id='word_1_503' title='bbox 3242 2528 3480 2585; x_wconf 79' lang='lat' dir='ltr'><strong>deserta.</strong></span> 
     </span>
    </p>
   </div>
   <div class='ocr_carea' id='block_1_66' title="bbox 1910 2611 3481 2684">
    <p class='ocr_par' dir='ltr' id='par_1_66' title="bbox 1910 2611 3481 2684">
     <span class='ocr_line' id='line_1_66' title="bbox 1910 2611 3481 2684; baseline 0.004 -18"><span class='ocrx_word' id='word_1_504' title='bbox 1910 2611 2049 2668; x_wconf 87' lang='lat' dir='ltr'><strong>Cum</strong></span> <span class='ocrx_word' id='word_1_505' title='bbox 2082 2626 2212 2667; x_wconf 87' lang='lat' dir='ltr'><strong>vero</strong></span> <span class='ocrx_word' id='word_1_506' title='bbox 2239 2611 2308 2666; x_wconf 85' lang='lat' dir='ltr'><strong>ad</strong></span> <span class='ocrx_word' id='word_1_507' title='bbox 2346 2628 2580 2668; x_wconf 84' lang='lat' dir='ltr'><strong>messem</strong></span> <span class='ocrx_word' id='word_1_508' title='bbox 2609 2614 2958 2684; x_wconf 84' lang='lat' dir='ltr'><strong>profecturus</strong></span> <span class='ocrx_word' id='word_1_509' title='bbox 2990 2624 3158 2677; x_wconf 80' lang='lat' dir='ltr'><strong>esset.</strong></span> <span class='ocrx_word' id='word_1_510' title='bbox 3188 2618 3325 2672; x_wconf 76' lang='lat' dir='ltr'><strong>dixit</strong></span> <span class='ocrx_word' id='word_1_511' title='bbox 3353 2620 3436 2673; x_wconf 81' lang='lat' dir='ltr'><strong>eis</strong></span> <span class='ocrx_word' id='word_1_512' title='bbox 3464 2636 3481 2673; x_wconf 89' lang='lat'><strong>:</strong></span> 
     </span>
    </p>
   </div>
   <div class='ocr_carea' id='block_1_67' title="bbox 1909 2704 3482 2781">
    <p class='ocr_par' dir='ltr' id='par_1_67' title="bbox 1909 2704 3482 2781">
     <span class='ocr_line' id='line_1_67' title="bbox 1909 2704 3482 2781; baseline 0.005 -21"><span class='ocrx_word' id='word_1_513' title='bbox 1909 2704 2032 2760; x_wconf 90' lang='lat' dir='ltr'><strong>Non</strong></span> <span class='ocrx_word' id='word_1_514' title='bbox 2071 2704 2308 2775; x_wconf 79' lang='lat' dir='ltr'><strong>amplius</strong></span> <span class='ocrx_word' id='word_1_515' title='bbox 2342 2706 2499 2761; x_wconf 81' lang='lat' dir='ltr'><strong>vobis</strong></span> <span class='ocrx_word' id='word_1_516' title='bbox 2536 2716 2802 2778; x_wconf 56' lang='lat' dir='ltr'><strong>praecepta</strong></span> <span class='ocrx_word' id='word_1_517' title='bbox 2838 2708 3087 2777; x_wconf 82' lang='lat' dir='ltr'><strong>tradam;</strong></span> <span class='ocrx_word' id='word_1_518' title='bbox 3120 2725 3295 2781; x_wconf 86' lang='lat' dir='ltr'><strong>neque</strong></span> <span class='ocrx_word' id='word_1_519' title='bbox 3335 2711 3482 2768; x_wconf 79' lang='lat' dir='ltr'><strong>enim</strong></span> 
     </span>
    </p>
   </div>
   <div class='ocr_carea' id='block_1_68' title="bbox 1912 2794 2226 2851">
    <p class='ocr_par' dir='ltr' id='par_1_68' title="bbox 1912 2794 2226 2851">
     <span class='ocr_line' id='line_1_68' title="bbox 1912 2794 2226 2851; baseline 0 -1"><span class='ocrx_word' id='word_1_520' title='bbox 1912 2794 2226 2851; x_wconf 88' lang='lat' dir='ltr'><strong>custoditis.</strong></span> 
     </span>
    </p>
   </div>
   <div class='ocr_carea' id='block_1_69' title="bbox 1982 2882 3481 2959">
    <p class='ocr_par' dir='ltr' id='par_1_69' title="bbox 1982 2882 3481 2959">
     <span class='ocr_line' id='line_1_69' title="bbox 1982 2882 3481 2959; baseline 0.003 -19"><span class='ocrx_word' id='word_1_521' title='bbox 1982 2883 2036 2940; x_wconf 89' lang='lat'><strong>8.</strong></span> <span class='ocrx_word' id='word_1_522' title='bbox 2077 2882 2190 2954; x_wconf 74' lang='grc'><strong>(50)</strong></span> <span class='ocrx_word' id='word_1_523' title='bbox 2234 2882 2485 2939; x_wconf 87' lang='lat' dir='ltr'><strong>Narravit</strong></span> <span class='ocrx_word' id='word_1_524' title='bbox 2523 2883 2746 2953; x_wconf 79' lang='lat' dir='ltr'><strong>quidam</strong></span> <span class='ocrx_word' id='word_1_525' title='bbox 2797 2900 2828 2940; x_wconf 90' lang='lat' dir='ltr'><strong>e</strong></span> <span class='ocrx_word' id='word_1_526' title='bbox 2872 2884 3149 2953; x_wconf 85' lang='lat' dir='ltr'><strong>Patribus,</strong></span> <span class='ocrx_word' id='word_1_527' title='bbox 3195 2889 3338 2959; x_wconf 87' lang='lat' dir='ltr'><strong>quod</strong></span> <span class='ocrx_word' id='word_1_528' title='bbox 3379 2891 3481 2945; x_wconf 79' lang='lat' dir='ltr'><strong>ali-</strong></span> 
     </span>
    </p>
   </div>
   <div class='ocr_carea' id='block_1_70' title="bbox 1914 2975 3482 3047">
    <p class='ocr_par' dir='ltr' id='par_1_70' title="bbox 1914 2975 3482 3047">
     <span class='ocr_line' id='line_1_70' title="bbox 1914 2975 3482 3047; baseline 0.003 -17"><span class='ocrx_word' id='word_1_529' title='bbox 1914 2975 2134 3047; x_wconf 89' lang='lat' dir='ltr'><strong>quando</strong></span> <span class='ocrx_word' id='word_1_530' title='bbox 2171 2975 2397 3029; x_wconf 85' lang='lat' dir='ltr'><strong>fratrum</strong></span> <span class='ocrx_word' id='word_1_531' title='bbox 2433 2975 2731 3030; x_wconf 89' lang='lat' dir='ltr'><strong>nonnullus</strong></span> <span class='ocrx_word' id='word_1_532' title='bbox 2774 2985 2997 3046; x_wconf 87' lang='lat' dir='ltr'><strong>gestans</strong></span> <span class='ocrx_word' id='word_1_533' title='bbox 3040 2992 3262 3047; x_wconf 89' lang='lat' dir='ltr'><strong>parvam</strong></span> <span class='ocrx_word' id='word_1_534' title='bbox 3296 2982 3482 3035; x_wconf 79' lang='lat' dir='ltr'><strong>cucul-</strong></span> 
     </span>
    </p>
   </div>
   <div class='ocr_carea' id='block_1_71' title="bbox 1913 3063 3486 3143">
    <p class='ocr_par' dir='ltr' id='par_1_71' title="bbox 1913 3063 3486 3143">
     <span class='ocr_line' id='line_1_71' title="bbox 1913 3063 3486 3143; baseline 0.002 -21"><span class='ocrx_word' id='word_1_535' title='bbox 1913 3068 2041 3130; x_wconf 85' lang='lat' dir='ltr'><strong>Iam.</strong></span> <span class='ocrx_word' id='word_1_536' title='bbox 2087 3067 2296 3122; x_wconf 78' lang='lat' dir='ltr'><strong>venerit</strong></span> <span class='ocrx_word' id='word_1_537' title='bbox 2340 3065 2409 3120; x_wconf 88' lang='lat' dir='ltr'><strong>ad</strong></span> <span class='ocrx_word' id='word_1_538' title='bbox 2438 3066 2737 3143; x_wconf 26' lang='lat' dir='ltr'><strong>[ecclesiam</strong></span> <span class='ocrx_word' id='word_1_539' title='bbox 2791 3063 3087 3130; x_wconf 84' lang='lat' dir='ltr'><strong>Cellarum.</strong></span> <span class='ocrx_word' id='word_1_540' title='bbox 3136 3070 3242 3124; x_wconf 93' lang='lat' dir='ltr'><strong>sub</strong></span> <span class='ocrx_word' id='word_1_541' title='bbox 3289 3070 3486 3125; x_wconf 84' lang='lat' dir='ltr'><strong>abbate</strong></span> 
     </span>
    </p>
   </div>
   <div class='ocr_carea' id='block_1_72' title="bbox 1912 3158 3483 3227">
    <p class='ocr_par' dir='ltr' id='par_1_72' title="bbox 1912 3158 3483 3227">
     <span class='ocr_line' id='line_1_72' title="bbox 1912 3158 3483 3227; baseline 0.001 -14"><span class='ocrx_word' id='word_1_542' title='bbox 1912 3158 2134 3224; x_wconf 88' lang='lat' dir='ltr'><strong>lsaaco;</strong></span> <span class='ocrx_word' id='word_1_543' title='bbox 2167 3168 2222 3215; x_wconf 91' lang='lat' dir='ltr'><strong>et</strong></span> <span class='ocrx_word' id='word_1_544' title='bbox 2250 3158 2518 3227; x_wconf 82' lang='lat' dir='ltr'><strong>expulerit</strong></span> <span class='ocrx_word' id='word_1_545' title='bbox 2546 3173 2669 3213; x_wconf 91' lang='lat' dir='ltr'><strong>eum</strong></span> <span class='ocrx_word' id='word_1_546' title='bbox 2708 3173 2894 3221; x_wconf 89' lang='lat' dir='ltr'><strong>senex.</strong></span> <span class='ocrx_word' id='word_1_547' title='bbox 2922 3158 3114 3214; x_wconf 86' lang='lat' dir='ltr'><strong>dicens</strong></span> <span class='ocrx_word' id='word_1_548' title='bbox 3142 3177 3157 3215; x_wconf 89' lang='lat'><strong>:</strong></span> <span class='ocrx_word' id='word_1_549' title='bbox 3200 3159 3325 3216; x_wconf 68' lang='lat' dir='ltr'><strong>Ilaec</strong></span> <span class='ocrx_word' id='word_1_550' title='bbox 3368 3162 3483 3215; x_wconf 70' lang='lat' dir='ltr'><strong>lora</strong></span> 
     </span>
    </p>
   </div>
   <div class='ocr_carea' id='block_1_73' title="bbox 1912 3248 3486 3319">
    <p class='ocr_par' dir='ltr' id='par_1_73' title="bbox 1912 3248 3486 3319">
     <span class='ocr_line' id='line_1_73' title="bbox 1912 3248 3486 3319; baseline 0.002 -15"><span class='ocrx_word' id='word_1_551' title='bbox 1912 3248 2304 3304; x_wconf 88' lang='lat' dir='ltr'><strong>monachorum</strong></span> <span class='ocrx_word' id='word_1_552' title='bbox 2340 3256 2500 3314; x_wconf 88' lang='lat' dir='ltr'><strong>sunt;</strong></span> <span class='ocrx_word' id='word_1_553' title='bbox 2531 3255 2590 3301; x_wconf 89' lang='lat' dir='ltr'><strong>tu</strong></span> <span class='ocrx_word' id='word_1_554' title='bbox 2623 3264 2750 3304; x_wconf 83' lang='lat' dir='ltr'><strong>vero</strong></span> <span class='ocrx_word' id='word_1_555' title='bbox 2775 3264 2900 3303; x_wconf 87' lang='lat' dir='ltr'><strong>cum</strong></span> <span class='ocrx_word' id='word_1_556' title='bbox 2929 3251 3212 3306; x_wconf 65' lang='lat' dir='ltr'><strong>saecularis</strong></span> <span class='ocrx_word' id='word_1_557' title='bbox 3241 3253 3342 3319; x_wconf 87' lang='lat' dir='ltr'><strong>sis,</strong></span> <span class='ocrx_word' id='word_1_558' title='bbox 3375 3267 3486 3307; x_wconf 82' lang='lat' dir='ltr'><strong>non</strong></span> 
     </span>
    </p>
   </div>
   <div class='ocr_carea' id='block_1_74' title="bbox 1914 3337 2465 3410">
    <p class='ocr_par' dir='ltr' id='par_1_74' title="bbox 1914 3337 2465 3410">
     <span class='ocr_line' id='line_1_74' title="bbox 1914 3337 2465 3410; baseline -0.004 -17"><span class='ocrx_word' id='word_1_559' title='bbox 1914 3348 2071 3410; x_wconf 86' lang='lat' dir='ltr'><strong>potes</strong></span> <span class='ocrx_word' id='word_1_560' title='bbox 2106 3337 2193 3391; x_wconf 90' lang='lat' dir='ltr'><strong>hic</strong></span> <span class='ocrx_word' id='word_1_561' title='bbox 2223 3351 2465 3393; x_wconf 88' lang='lat' dir='ltr'><strong>manere.</strong></span> 
     </span>
    </p>
   </div>
   <div class='ocr_carea' id='block_1_75' title="bbox 1984 3427 3487 3502">
    <p class='ocr_par' dir='ltr' id='par_1_75' title="bbox 1984 3427 3487 3502">
     <span class='ocr_line' id='line_1_75' title="bbox 1984 3427 3487 3502; baseline 0.003 -17"><span class='ocrx_word' id='word_1_562' title='bbox 1984 3430 2036 3485; x_wconf 89' lang='lat'><strong>9.</strong></span> <span class='ocrx_word' id='word_1_563' title='bbox 2071 3428 2215 3484; x_wconf 87' lang='lat' dir='ltr'><strong>Dixit</strong></span> <span class='ocrx_word' id='word_1_564' title='bbox 2239 3430 2409 3485; x_wconf 87' lang='lat' dir='ltr'><strong>abbas</strong></span> <span class='ocrx_word' id='word_1_565' title='bbox 2439 3429 2627 3485; x_wconf 86' lang='lat' dir='ltr'><strong>Isaac:</strong></span> <span class='ocrx_word' id='word_1_566' title='bbox 2668 3427 2955 3502; x_wconf 87' lang='lat' dir='ltr'><strong>Nunquam</strong></span> <span class='ocrx_word' id='word_1_567' title='bbox 2996 3433 3051 3488; x_wconf 90' lang='lat' dir='ltr'><strong>in</strong></span> <span class='ocrx_word' id='word_1_568' title='bbox 3087 3448 3261 3488; x_wconf 90' lang='lat' dir='ltr'><strong>meam</strong></span> <span class='ocrx_word' id='word_1_569' title='bbox 3289 3434 3487 3491; x_wconf 85' lang='lat' dir='ltr'><strong>cellam</strong></span> 
     </span>
    </p>
   </div>
   <div class='ocr_carea' id='block_1_76' title="bbox 1916 3521 3490 3596">
    <p class='ocr_par' dir='ltr' id='par_1_76' title="bbox 1916 3521 3490 3596">
     <span class='ocr_line' id='line_1_76' title="bbox 1916 3521 3490 3596; baseline 0.001 -18"><span class='ocrx_word' id='word_1_570' title='bbox 1916 3522 2194 3578; x_wconf 74' lang='lat' dir='ltr'><strong>introduxi</strong></span> <span class='ocrx_word' id='word_1_571' title='bbox 2218 3521 2604 3593; x_wconf 74' lang='lat' dir='ltr'><strong>cogitationem</strong></span> <span class='ocrx_word' id='word_1_572' title='bbox 2629 3532 2820 3577; x_wconf 88' lang='lat' dir='ltr'><strong>contra</strong></span> <span class='ocrx_word' id='word_1_573' title='bbox 2850 3523 3071 3580; x_wconf 82' lang='lat' dir='ltr'><strong>fratrem</strong></span> <span class='ocrx_word' id='word_1_574' title='bbox 3102 3525 3194 3596; x_wconf 87' lang='lat' dir='ltr'><strong>qui</strong></span> <span class='ocrx_word' id='word_1_575' title='bbox 3221 3542 3306 3582; x_wconf 89' lang='lat' dir='ltr'><strong>me</strong></span> <span class='ocrx_word' id='word_1_576' title='bbox 3326 3542 3490 3582; x_wconf 85' lang='lat' dir='ltr'><strong>vexa-</strong></span> 
     </span>
    </p>
   </div>
   <div class='ocr_carea' id='block_1_77' title="bbox 1915 3613 3491 3687">
    <p class='ocr_par' dir='ltr' id='par_1_77' title="bbox 1915 3613 3491 3687">
     <span class='ocr_line' id='line_1_77' title="bbox 1915 3613 3491 3687; baseline 0 -16"><span class='ocrx_word' id='word_1_577' title='bbox 1915 3624 2091 3671; x_wconf 84' lang='lat' dir='ltr'><strong>verat.</strong></span> <span class='ocrx_word' id='word_1_578' title='bbox 2119 3613 2377 3683; x_wconf 87' lang='lat' dir='ltr'><strong>Idemque</strong></span> <span class='ocrx_word' id='word_1_579' title='bbox 2399 3628 2501 3683; x_wconf 89' lang='lat' dir='ltr'><strong>ego</strong></span> <span class='ocrx_word' id='word_1_580' title='bbox 2531 3613 2721 3668; x_wconf 90' lang='lat' dir='ltr'><strong>enisus</strong></span> <span class='ocrx_word' id='word_1_581' title='bbox 2748 3630 2869 3670; x_wconf 89' lang='lat' dir='ltr'><strong>sum</strong></span> <span class='ocrx_word' id='word_1_582' title='bbox 2894 3632 3004 3671; x_wconf 90' lang='lat' dir='ltr'><strong>non</strong></span> <span class='ocrx_word' id='word_1_583' title='bbox 3044 3618 3354 3687; x_wconf 83' lang='lat' dir='ltr'><strong>relinquere</strong></span> <span class='ocrx_word' id='word_1_584' title='bbox 3380 3617 3491 3672; x_wconf 83' lang='lat' dir='ltr'><strong>fra-</strong></span> 
     </span>
    </p>
   </div>
   <div class='ocr_carea' id='block_1_78' title="bbox 1917 3704 3486 3779">
    <p class='ocr_par' dir='ltr' id='par_1_78' title="bbox 1917 3704 3486 3779">
     <span class='ocr_line' id='line_1_78' title="bbox 1917 3704 3486 3779; baseline 0.001 -18"><span class='ocrx_word' id='word_1_585' title='bbox 1917 3714 2056 3762; x_wconf 86' lang='lat' dir='ltr'><strong>trem</strong></span> <span class='ocrx_word' id='word_1_586' title='bbox 2090 3707 2146 3761; x_wconf 92' lang='lat' dir='ltr'><strong>in</strong></span> <span class='ocrx_word' id='word_1_587' title='bbox 2184 3706 2321 3761; x_wconf 88' lang='lat' dir='ltr'><strong>cella</strong></span> <span class='ocrx_word' id='word_1_588' title='bbox 2354 3719 2474 3770; x_wconf 88' lang='lat' dir='ltr'><strong>sua,</strong></span> <span class='ocrx_word' id='word_1_589' title='bbox 2509 3705 2603 3776; x_wconf 89' lang='lat' dir='ltr'><strong>qui</strong></span> <span class='ocrx_word' id='word_1_590' title='bbox 2641 3704 2908 3761; x_wconf 82' lang='lat' dir='ltr'><strong>adversus</strong></span> <span class='ocrx_word' id='word_1_591' title='bbox 2949 3722 3036 3762; x_wconf 87' lang='lat' dir='ltr'><strong>me</strong></span> <span class='ocrx_word' id='word_1_592' title='bbox 3066 3707 3292 3763; x_wconf 81' lang='lat' dir='ltr'><strong>haberet</strong></span> <span class='ocrx_word' id='word_1_593' title='bbox 3335 3709 3486 3779; x_wconf 85' lang='lat' dir='ltr'><strong>cogi-</strong></span> 
     </span>
    </p>
   </div>
   <div class='ocr_carea' id='block_1_79' title="bbox 1918 3798 3351 3869">
    <p class='ocr_par' dir='ltr' id='par_1_79' title="bbox 1918 3798 3351 3869">
     <span class='ocr_line' id='line_1_79' title="bbox 1918 3798 3351 3869; baseline 0.013 -18"><span class='ocrx_word' id='word_1_594' title='bbox 1918 3798 2198 3853; x_wconf 90' lang='lat' dir='ltr'><strong>tationem.</strong></span> <span class='ocrx_word' id='word_1_595' title='bbox 3348 3866 3351 3869; x_wconf 89' lang='lat'><strong>.</strong></span> 
     </span>
    </p>
   </div>
   <div class='ocr_carea' id='block_1_80' title="bbox 1989 3886 3487 3959">
    <p class='ocr_par' dir='ltr' id='par_1_80' title="bbox 1989 3886 3487 3959">
     <span class='ocr_line' id='line_1_80' title="bbox 1989 3886 3487 3959; baseline 0.001 -17"><span class='ocrx_word' id='word_1_596' title='bbox 1989 3889 2078 3945; x_wconf 72' lang='lat'><strong>{0.</strong></span> <span class='ocrx_word' id='word_1_597' title='bbox 2131 3886 2441 3959; x_wconf 69' lang='lat' dir='ltr'><strong>Egrotavit</strong></span> <span class='ocrx_word' id='word_1_598' title='bbox 2495 3886 2807 3958; x_wconf 89' lang='lat' dir='ltr'><strong>periculoso</strong></span> <span class='ocrx_word' id='word_1_599' title='bbox 2856 3887 3051 3942; x_wconf 90' lang='lat' dir='ltr'><strong>morbo</strong></span> <span class='ocrx_word' id='word_1_600' title='bbox 3103 3888 3272 3944; x_wconf 87' lang='lat' dir='ltr'><strong>abbas</strong></span> <span class='ocrx_word' id='word_1_601' title='bbox 3314 3886 3487 3955; x_wconf 82' lang='lat' dir='ltr'><strong>Isaac,</strong></span> 
     </span>
    </p>
   </div>
   <div class='ocr_carea' id='block_1_81' title="bbox 1921 3976 3486 4049">
    <p class='ocr_par' dir='ltr' id='par_1_81' title="bbox 1921 3976 3486 4049">
     <span class='ocr_line' id='line_1_81' title="bbox 1921 3976 3486 4049; baseline -0.001 -17"><span class='ocrx_word' id='word_1_602' title='bbox 1921 3992 2032 4049; x_wconf 89' lang='lat' dir='ltr'><strong>quo</strong></span> <span class='ocrx_word' id='word_1_603' title='bbox 2081 3977 2175 4032; x_wconf 92' lang='lat' dir='ltr'><strong>diu</strong></span> <span class='ocrx_word' id='word_1_604' title='bbox 2218 3985 2449 4033; x_wconf 87' lang='lat' dir='ltr'><strong>vexatus</strong></span> <span class='ocrx_word' id='word_1_605' title='bbox 2494 3988 2621 4032; x_wconf 86' lang='lat' dir='ltr'><strong>est:</strong></span> <span class='ocrx_word' id='word_1_606' title='bbox 2668 3976 2799 4032; x_wconf 84' lang='lat' dir='ltr'><strong>fecit</strong></span> <span class='ocrx_word' id='word_1_607' title='bbox 2845 3986 3025 4031; x_wconf 86' lang='lat' dir='ltr'><strong>autem</strong></span> <span class='ocrx_word' id='word_1_608' title='bbox 3075 3977 3124 4033; x_wconf 91' lang='lat' dir='ltr'><strong>ei</strong></span> <span class='ocrx_word' id='word_1_609' title='bbox 3173 3977 3486 4048; x_wconf 87' lang='lat' dir='ltr'><strong>pulticulam</strong></span> 
     </span>
    </p>
   </div>
   <div class='ocr_carea' id='block_1_82' title="bbox 1923 4068 3490 4139">
    <p class='ocr_par' dir='ltr' id='par_1_82' title="bbox 1923 4068 3490 4139">
     <span class='ocr_line' id='line_1_82' title="bbox 1923 4068 3490 4139; baseline -0.002 -12"><span class='ocrx_word' id='word_1_610' title='bbox 1923 4071 2111 4136; x_wconf 87' lang='lat' dir='ltr'><strong>frater,</strong></span> <span class='ocrx_word' id='word_1_611' title='bbox 2151 4070 2409 4139; x_wconf 85' lang='lat' dir='ltr'><strong>misitque</strong></span> <span class='ocrx_word' id='word_1_612' title='bbox 2444 4069 2499 4124; x_wconf 92' lang='lat' dir='ltr'><strong>in</strong></span> <span class='ocrx_word' id='word_1_613' title='bbox 2541 4083 2661 4125; x_wconf 89' lang='lat' dir='ltr'><strong>eam</strong></span> <span class='ocrx_word' id='word_1_614' title='bbox 2701 4082 2915 4139; x_wconf 87' lang='lat' dir='ltr'><strong>pruna:</strong></span> <span class='ocrx_word' id='word_1_615' title='bbox 2972 4083 3073 4124; x_wconf 89' lang='lat' dir='ltr'><strong>nec</strong></span> <span class='ocrx_word' id='word_1_616' title='bbox 3105 4068 3275 4124; x_wconf 93' lang='lat' dir='ltr'><strong>voluit</strong></span> <span class='ocrx_word' id='word_1_617' title='bbox 3321 4083 3490 4125; x_wconf 85' lang='lat' dir='ltr'><strong>senex</strong></span> 
     </span>
    </p>
   </div>
   <div class='ocr_carea' id='block_1_83' title="bbox 1921 4158 3489 4233">
    <p class='ocr_par' dir='ltr' id='par_1_83' title="bbox 1921 4158 3489 4233">
     <span class='ocr_line' id='line_1_83' title="bbox 1921 4158 3489 4233; baseline -0.003 -16"><span class='ocrx_word' id='word_1_618' title='bbox 1921 4161 2229 4233; x_wconf 89' lang='lat' dir='ltr'><strong>degustare.</strong></span> <span class='ocrx_word' id='word_1_619' title='bbox 2263 4159 2468 4218; x_wconf 84' lang='lat' dir='ltr'><strong>Orabat</strong></span> <span class='ocrx_word' id='word_1_620' title='bbox 2495 4168 2676 4215; x_wconf 89' lang='lat' dir='ltr'><strong>autem</strong></span> <span class='ocrx_word' id='word_1_621' title='bbox 2705 4158 2898 4223; x_wconf 85' lang='lat' dir='ltr'><strong>frater.</strong></span> <span class='ocrx_word' id='word_1_622' title='bbox 2923 4158 3112 4216; x_wconf 88' lang='lat' dir='ltr'><strong>dicens</strong></span> <span class='ocrx_word' id='word_1_623' title='bbox 3138 4178 3153 4214; x_wconf 90' lang='lat'><strong>:</strong></span> <span class='ocrx_word' id='word_1_624' title='bbox 3187 4159 3352 4214; x_wconf 90' lang='lat' dir='ltr'><strong>Sume</strong></span> <span class='ocrx_word' id='word_1_625' title='bbox 3392 4176 3489 4229; x_wconf 82' lang='lat' dir='ltr'><strong>pa-</strong></span> 
     </span>
    </p>
   </div>
   <div class='ocr_carea' id='block_1_84' title="bbox 1922 4248 3490 4324">
    <p class='ocr_par' dir='ltr' id='par_1_84' title="bbox 1922 4248 3490 4324">
     <span class='ocr_line' id='line_1_84' title="bbox 1922 4248 3490 4324; baseline -0.001 -15"><span class='ocrx_word' id='word_1_626' title='bbox 1922 4252 2361 4324; x_wconf 73' lang='lat' dir='ltr'><strong>rumper,’abba,</strong></span> <span class='ocrx_word' id='word_1_627' title='bbox 2391 4259 2614 4322; x_wconf 88' lang='lat' dir='ltr'><strong>pr0pter</strong></span> <span class='ocrx_word' id='word_1_628' title='bbox 2638 4250 2913 4306; x_wconf 87' lang='lat' dir='ltr'><strong>morbum.</strong></span> <span class='ocrx_word' id='word_1_629' title='bbox 2945 4248 3249 4322; x_wconf 78' lang='lat' dir='ltr'><strong>Respondit</strong></span> <span class='ocrx_word' id='word_1_630' title='bbox 3282 4266 3444 4306; x_wconf 80' lang='lat' dir='ltr'><strong>senex</strong></span> <span class='ocrx_word' id='word_1_631' title='bbox 3473 4268 3490 4307; x_wconf 93' lang='lat'><strong>:</strong></span> 
     </span>
    </p>
   </div>
   <div class='ocr_carea' id='block_1_85' title="bbox 1923 4340 3494 4412">
    <p class='ocr_par' dir='ltr' id='par_1_85' title="bbox 1923 4340 3494 4412">
     <span class='ocr_line' id='line_1_85' title="bbox 1923 4340 3494 4412; baseline -0.003 -13"><span class='ocrx_word' id='word_1_632' title='bbox 1923 4343 2105 4409; x_wconf 90' lang='lat' dir='ltr'><strong>Certe,</strong></span> <span class='ocrx_word' id='word_1_633' title='bbox 2138 4343 2328 4407; x_wconf 86' lang='lat' dir='ltr'><strong>frater,</strong></span> <span class='ocrx_word' id='word_1_634' title='bbox 2378 4356 2633 4406; x_wconf 84' lang='lat' dir='ltr'><strong>cuperem</strong></span> <span class='ocrx_word' id='word_1_635' title='bbox 2680 4341 2737 4396; x_wconf 91' lang='lat' dir='ltr'><strong>in</strong></span> <span class='ocrx_word' id='word_1_636' title='bbox 2777 4341 2883 4397; x_wconf 88' lang='lat' dir='ltr'><strong>hoc</strong></span> <span class='ocrx_word' id='word_1_637' title='bbox 2927 4342 3120 4397; x_wconf 90' lang='lat' dir='ltr'><strong>morbo</strong></span> <span class='ocrx_word' id='word_1_638' title='bbox 3152 4340 3358 4397; x_wconf 84' lang='lat' dir='ltr'><strong>versari</strong></span> <span class='ocrx_word' id='word_1_639' title='bbox 3396 4355 3494 4412; x_wconf 83' lang='lat' dir='ltr'><strong>per</strong></span> 
     </span>
    </p>
   </div>
   <div class='ocr_carea' id='block_1_86' title="bbox 246 4423 1818 4504">
    <p class='ocr_par' dir='ltr' id='par_1_86' title="bbox 246 4423 1818 4497">
     <span class='ocr_line' id='line_1_86' title="bbox 246 4423 1818 4497; baseline -0.003 -16"><span class='ocrx_word' id='word_1_640' title='bbox 246 4424 446 4495; x_wconf 67' lang='grc' dir='ltr'>ἠθελον</span> <span class='ocrx_word' id='word_1_641' title='bbox 501 4424 723 4496; x_wconf 79' lang='grc' dir='ltr'>ποιῆσαι</span> <span class='ocrx_word' id='word_1_642' title='bbox 770 4425 829 4478; x_wconf 81' lang='grc' dir='ltr'>ὲν</span> <span class='ocrx_word' id='word_1_643' title='bbox 875 4427 942 4496; x_wconf 73' lang='grc' dir='ltr'>τῇ</span> <span class='ocrx_word' id='word_1_644' title='bbox 994 4424 1248 4497; x_wconf 78' lang='grc' dir='ltr'>ἀσθενείᾳ</span> <span class='ocrx_word' id='word_1_645' title='bbox 1301 4423 1474 4496; x_wconf 76' lang='grc' dir='ltr'>ταύτῃ</span> <span class='ocrx_word' id='word_1_646' title='bbox 1536 4424 1818 4495; x_wconf 84' lang='grc' dir='ltr'>τριάκοντα</span> 
     </span>
    </p>
   </div>
   <div class='ocr_carea' id='block_1_87' title="bbox 1916 4423 2370 4504">
    <p class='ocr_par' dir='ltr' id='par_1_87' title="bbox 1928 4432 2370 4504">
     <span class='ocr_line' id='line_1_87' title="bbox 1928 4432 2370 4504; baseline -0.011 -13"><span class='ocrx_word' id='word_1_647' title='bbox 1928 4450 2102 4491; x_wconf 86' lang='lat' dir='ltr'><strong>annos</strong></span> <span class='ocrx_word' id='word_1_648' title='bbox 2125 4432 2370 4504; x_wconf 88' lang='lat' dir='ltr'><strong>triginta.</strong></span> 
     </span>
    </p>
   </div>
   <div class='ocr_carea' id='block_1_88' title="bbox 245 4520 368 4590">
    <p class='ocr_par' dir='ltr' id='par_1_88' title="bbox 245 4520 368 4590">
     <span class='ocr_line' id='line_1_88' title="bbox 245 4520 368 4590; baseline 0.024 -18"><span class='ocrx_word' id='word_1_649' title='bbox 245 4520 368 4590; x_wconf 76' lang='grc' dir='ltr'><strong>ἔτη.</strong></span> 
     </span>
    </p>
   </div>
   <div class='ocr_carea' id='block_1_89' title="bbox 318 4607 1825 4682">
    <p class='ocr_par' dir='ltr' id='par_1_89' title="bbox 318 4607 1825 4682">
     <span class='ocr_line' id='line_1_89' title="bbox 318 4607 1825 4682; baseline -0.001 -18"><span class='ocrx_word' id='word_1_650' title='bbox 318 4610 415 4664; x_wconf 83' lang='grc' dir='ltr'>ια’.</span> <span class='ocrx_word' id='word_1_651' title='bbox 456 4609 682 4678; x_wconf 82' lang='grc' dir='ltr'>Ἔλεγον</span> <span class='ocrx_word' id='word_1_652' title='bbox 715 4609 845 4682; x_wconf 74' lang='grc' dir='ltr'>περὶ</span> <span class='ocrx_word' id='word_1_653' title='bbox 874 4607 967 4663; x_wconf 77' lang='grc' dir='ltr'><strong>τοῦ</strong></span> <span class='ocrx_word' id='word_1_654' title='bbox 1004 4608 1150 4665; x_wconf 75' lang='grc' dir='ltr'><strong>ἀὸϐἄ</strong></span> <span class='ocrx_word' id='word_1_655' title='bbox 1186 4608 1395 4677; x_wconf 76' lang='grc' dir='ltr'><strong>Ἰσαὰκ,</strong></span> <span class='ocrx_word' id='word_1_656' title='bbox 1423 4610 1505 4664; x_wconf 81' lang='grc' dir='ltr'>ὅτι</span> <span class='ocrx_word' id='word_1_657' title='bbox 1545 4609 1825 4681; x_wconf 79' lang='grc' dir='ltr'>μέλλοντος</span> 
     </span>
    </p>
   </div>
   <div class='ocr_carea' id='block_1_90' title="bbox 246 4699 1823 4772">
    <p class='ocr_par' dir='ltr' id='par_1_90' title="bbox 246 4699 1823 4772">
     <span class='ocr_line' id='line_1_90' title="bbox 246 4699 1823 4772; baseline 0 -20"><span class='ocrx_word' id='word_1_658' title='bbox 246 4699 422 4754; x_wconf 76' lang='grc' dir='ltr'>αὐτοῦ</span> <span class='ocrx_word' id='word_1_659' title='bbox 471 4700 748 4771; x_wconf 78' lang='grc' dir='ltr'>τελευτᾷν.</span> <span class='ocrx_word' id='word_1_660' title='bbox 782 4700 1043 4771; x_wconf 80' lang='grc' dir='ltr'>συνῆλθον</span> <span class='ocrx_word' id='word_1_661' title='bbox 1089 4700 1225 4772; x_wconf 78' lang='grc' dir='ltr'>πρὸς</span> <span class='ocrx_word' id='word_1_662' title='bbox 1257 4701 1418 4755; x_wconf 71' lang='grc' dir='ltr'>αὑτὸν</span> <span class='ocrx_word' id='word_1_663' title='bbox 1458 4702 1508 4755; x_wconf 77' lang='lat' dir='ltr'><strong>oi</strong></span> <span class='ocrx_word' id='word_1_664' title='bbox 1549 4700 1823 4771; x_wconf 76' lang='grc' dir='ltr'>γέροντες.</span> 
     </span>
    </p>
   </div>
   <div class='ocr_carea' id='block_1_91' title="bbox 219 4770 1831 4864">
    <p class='ocr_par' dir='ltr' id='par_1_91' title="bbox 219 4770 1831 4864">
     <span class='ocr_line' id='line_1_91' title="bbox 219 4770 1831 4864; baseline -0.002 -19"><span class='ocrx_word' id='word_1_665' title='bbox 219 4770 346 4847; x_wconf 67' lang='grc' dir='ltr'><strong>ἒκαὶ</strong></span> <span class='ocrx_word' id='word_1_666' title='bbox 377 4791 572 4859; x_wconf 70' lang='grc' dir='ltr'>ἔλεγον</span> <span class='ocrx_word' id='word_1_667' title='bbox 598 4808 614 4824; x_wconf 81' lang='grc'><strong>’</strong></span> <span class='ocrx_word' id='word_1_668' title='bbox 632 4770 697 4845; x_wconf 72' lang='grc' dir='ltr'>Τί</span> <span class='ocrx_word' id='word_1_669' title='bbox 727 4770 1021 4864; x_wconf 81' lang='grc' dir='ltr'>ποιήσομεν</span> <span class='ocrx_word' id='word_1_670' title='bbox 1052 4770 1191 4864; x_wconf 83' lang='grc' dir='ltr'><strong>μετά</strong></span> <span class='ocrx_word' id='word_1_671' title='bbox 1225 4792 1307 4859; x_wconf 82' lang='grc' dir='ltr'><strong>σὲ,</strong></span> <span class='ocrx_word' id='word_1_672' title='bbox 1337 4792 1549 4862; x_wconf 77' lang='grc' dir='ltr'>Πάτερς</span> <span class='ocrx_word' id='word_1_673' title='bbox 1594 4770 1653 4845; x_wconf 83' lang='grc' dir='ltr'>Ὅ</span> <span class='ocrx_word' id='word_1_674' title='bbox 1678 4790 1734 4844; x_wconf 80' lang='grc' dir='ltr'><strong>δὲ</strong></span> <span class='ocrx_word' id='word_1_675' title='bbox 1763 4785 1831 4843; x_wconf 67' lang='grc' dir='ltr'><strong>εἰ·</strong></span> 
     </span>
    </p>
   </div>
   <div class='ocr_carea' id='block_1_92' title="bbox 251 4882 1831 4956">
    <p class='ocr_par' dir='ltr' id='par_1_92' title="bbox 251 4882 1831 4956">
     <span class='ocr_line' id='line_1_92' title="bbox 251 4882 1831 4956; baseline 0.001 -22"><span class='ocrx_word' id='word_1_676' title='bbox 251 4899 354 4936; x_wconf 81' lang='grc' dir='ltr'><strong>πεν</strong></span> <span class='ocrx_word' id='word_1_677' title='bbox 374 4898 390 4913; x_wconf 77' lang='grc'><strong><em>⁸</em></strong></span> <span class='ocrx_word' id='word_1_678' title='bbox 414 4882 588 4937; x_wconf 82' lang='grc' dir='ltr'>Ἴδετε</span> <span class='ocrx_word' id='word_1_679' title='bbox 616 4883 734 4947; x_wconf 79' lang='grc' dir='ltr'><strong>πῶς</strong></span> <span class='ocrx_word' id='word_1_680' title='bbox 762 4883 1060 4956; x_wconf 73' lang='grc' dir='ltr'>ἐπορεύθην</span> <span class='ocrx_word' id='word_1_681' title='bbox 1085 4882 1316 4939; x_wconf 70' lang='grc' dir='ltr'>ἐνώπιον</span> <span class='ocrx_word' id='word_1_682' title='bbox 1334 4882 1488 4955; x_wconf 82' lang='grc' dir='ltr'>ὑμῶν</span> <span class='ocrx_word' id='word_1_683' title='bbox 1508 4900 1524 4915; x_wconf 77' lang='grc' dir='ltr'><strong>ο</strong></span> <span class='ocrx_word' id='word_1_684' title='bbox 1549 4883 1645 4938; x_wconf 78' lang='grc' dir='ltr'><strong>ἐὰν</strong></span> <span class='ocrx_word' id='word_1_685' title='bbox 1675 4882 1831 4953; x_wconf 81' lang='grc' dir='ltr'><strong>θέλη-</strong></span> 
     </span>
    </p>
   </div>
   <div class='ocr_carea' id='block_1_93' title="bbox 1999 4609 3493 4683">
    <p class='ocr_par' dir='ltr' id='par_1_93' title="bbox 1999 4609 3493 4683">
     <span class='ocr_line' id='line_1_93' title="bbox 1999 4609 3493 4683; baseline -0.002 -14"><span class='ocrx_word' id='word_1_686' title='bbox 1999 4613 2089 4669; x_wconf 82' lang='lat' dir='ltr'><strong>H.</strong></span> <span class='ocrx_word' id='word_1_687' title='bbox 2120 4610 2352 4667; x_wconf 78' lang='lat' dir='ltr'><strong>Aiebam</strong></span> <span class='ocrx_word' id='word_1_688' title='bbox 2388 4609 2457 4667; x_wconf 89' lang='lat' dir='ltr'><strong>de</strong></span> <span class='ocrx_word' id='word_1_689' title='bbox 2488 4611 2685 4667; x_wconf 88' lang='lat' dir='ltr'><strong>abbate</strong></span> <span class='ocrx_word' id='word_1_690' title='bbox 2727 4609 2936 4679; x_wconf 77' lang='lat' dir='ltr'><strong>Isaaeo,</strong></span> <span class='ocrx_word' id='word_1_691' title='bbox 2969 4614 3112 4683; x_wconf 90' lang='lat' dir='ltr'><strong>quod</strong></span> <span class='ocrx_word' id='word_1_692' title='bbox 3158 4628 3282 4669; x_wconf 90' lang='lat' dir='ltr'><strong>cum</strong></span> <span class='ocrx_word' id='word_1_693' title='bbox 3335 4614 3493 4667; x_wconf 86' lang='lat' dir='ltr'><strong>morti</strong></span> 
     </span>
    </p>
   </div>
   <div class='ocr_carea' id='block_1_94' title="bbox 1929 4702 3495 4778">
    <p class='ocr_par' dir='ltr' id='par_1_94' title="bbox 1929 4702 3495 4778">
     <span class='ocr_line' id='line_1_94' title="bbox 1929 4702 3495 4778; baseline -0.003 -18"><span class='ocrx_word' id='word_1_694' title='bbox 1929 4703 2417 4778; x_wconf 84' lang='lat' dir='ltr'><strong>appropinquaret.</strong></span> <span class='ocrx_word' id='word_1_695' title='bbox 2453 4717 2615 4759; x_wconf 86' lang='lat' dir='ltr'><strong>senes</strong></span> <span class='ocrx_word' id='word_1_696' title='bbox 2645 4703 2789 4758; x_wconf 86' lang='lat' dir='ltr'><strong>circa</strong></span> <span class='ocrx_word' id='word_1_697' title='bbox 2836 4719 2959 4759; x_wconf 89' lang='lat' dir='ltr'><strong>eum</strong></span> <span class='ocrx_word' id='word_1_698' title='bbox 2991 4702 3304 4773; x_wconf 76' lang='lat' dir='ltr'><strong>cnngregati</strong></span> <span class='ocrx_word' id='word_1_699' title='bbox 3346 4710 3495 4764; x_wconf 88' lang='lat' dir='ltr'><strong>sunt,</strong></span> 
     </span>
    </p>
   </div>
   <div class='ocr_carea' id='block_1_95' title="bbox 1929 4792 3492 4866">
    <p class='ocr_par' dir='ltr' id='par_1_95' title="bbox 1929 4792 3492 4866">
     <span class='ocr_line' id='line_1_95' title="bbox 1929 4792 3492 4866; baseline -0.004 -16"><span class='ocrx_word' id='word_1_700' title='bbox 1929 4795 2332 4866; x_wconf 85' lang='lat' dir='ltr'><strong>dixeruntque:</strong></span> <span class='ocrx_word' id='word_1_701' title='bbox 2382 4793 2521 4862; x_wconf 83' lang='lat' dir='ltr'><strong>Quid</strong></span> <span class='ocrx_word' id='word_1_702' title='bbox 2556 4803 2680 4866; x_wconf 90' lang='lat' dir='ltr'><strong>post</strong></span> <span class='ocrx_word' id='word_1_703' title='bbox 2721 4803 2775 4850; x_wconf 87' lang='lat' dir='ltr'><strong>te</strong></span> <span class='ocrx_word' id='word_1_704' title='bbox 2792 4794 3073 4854; x_wconf 89' lang='lat' dir='ltr'><strong>faciemus.</strong></span> <span class='ocrx_word' id='word_1_705' title='bbox 3115 4792 3315 4848; x_wconf 76' lang='lat' dir='ltr'><strong>Pater?</strong></span> <span class='ocrx_word' id='word_1_706' title='bbox 3348 4792 3439 4845; x_wconf 85' lang='lat' dir='ltr'><strong>Ille</strong></span> <span class='ocrx_word' id='word_1_707' title='bbox 3478 4808 3492 4844; x_wconf 89' lang='lat'>:</span> 
     </span>
    </p>
   </div>
   <div class='ocr_carea' id='block_1_96' title="bbox 1933 4881 3495 4956">
    <p class='ocr_par' dir='ltr' id='par_1_96' title="bbox 1933 4881 3495 4956">
     <span class='ocr_line' id='line_1_96' title="bbox 1933 4881 3495 4956; baseline -0.003 -17"><span class='ocrx_word' id='word_1_708' title='bbox 1933 4883 2146 4951; x_wconf 77' lang='lat' dir='ltr'><strong>Videte,</strong></span> <span class='ocrx_word' id='word_1_709' title='bbox 2189 4884 2389 4956; x_wconf 87' lang='lat' dir='ltr'><strong>inquit,</strong></span> <span class='ocrx_word' id='word_1_710' title='bbox 2426 4899 2663 4955; x_wconf 89' lang='lat' dir='ltr'><strong>quonam</strong></span> <span class='ocrx_word' id='word_1_711' title='bbox 2707 4883 2870 4939; x_wconf 89' lang='lat' dir='ltr'><strong>modo</strong></span> <span class='ocrx_word' id='word_1_712' title='bbox 2904 4898 3088 4938; x_wconf 89' lang='lat' dir='ltr'><strong>coram</strong></span> <span class='ocrx_word' id='word_1_713' title='bbox 3130 4881 3283 4937; x_wconf 85' lang='lat' dir='ltr'><strong>vobis</strong></span> <span class='ocrx_word' id='word_1_714' title='bbox 3321 4881 3495 4935; x_wconf 86' lang='lat' dir='ltr'><strong>inces-</strong></span> 
     </span>
    </p>
   </div>
   <div class='ocr_carea' id='block_1_97' title="bbox 248 4969 1818 5045">
    <p class='ocr_par' dir='ltr' id='par_1_97' title="bbox 248 4973 1818 5045">
     <span class='ocr_line' id='line_1_97' title="bbox 248 4973 1818 5045; baseline 0.002 -21"><span class='ocrx_word' id='word_1_715' title='bbox 248 4990 308 5026; x_wconf 80' lang='grc' dir='ltr'>τε</span> <span class='ocrx_word' id='word_1_716' title='bbox 338 4974 445 5029; x_wconf 72' lang='grc' dir='ltr'><strong>καὶ</strong></span> <span class='ocrx_word' id='word_1_717' title='bbox 474 4973 630 5045; x_wconf 78' lang='grc' dir='ltr'>ὑμεῖς</span> <span class='ocrx_word' id='word_1_718' title='bbox 675 4974 1059 5044; x_wconf 80' lang='grc' dir='ltr'>ἀκολουθῆσαι,</span> <span class='ocrx_word' id='word_1_719' title='bbox 1083 4976 1177 5029; x_wconf 70' lang='grc' dir='ltr'><strong>καὶ</strong></span> <span class='ocrx_word' id='word_1_720' title='bbox 1219 4975 1450 5044; x_wconf 78' lang='grc' dir='ltr'>φυλάξαι</span> <span class='ocrx_word' id='word_1_721' title='bbox 1480 4974 1581 5038; x_wconf 79' lang='grc' dir='ltr'>τὰς</span> <span class='ocrx_word' id='word_1_722' title='bbox 1617 4973 1818 5037; x_wconf 71' lang='grc' dir='ltr'>ἐντολὰς</span> 
     </span>
    </p>
   </div>
   <div class='ocr_carea' id='block_1_98' title="bbox 1916 4969 3498 5045">
    <p class='ocr_par' dir='ltr' id='par_1_98' title="bbox 1933 4969 3498 5042">
     <span class='ocr_line' id='line_1_98' title="bbox 1933 4969 3498 5042; baseline -0.004 -11"><span class='ocrx_word' id='word_1_723' title='bbox 1933 4975 2143 5031; x_wconf 89' lang='lat' dir='ltr'><strong>serim:</strong></span> <span class='ocrx_word' id='word_1_724' title='bbox 2193 4976 2239 5031; x_wconf 90' lang='lat' dir='ltr'><strong>si</strong></span> <span class='ocrx_word' id='word_1_725' title='bbox 2269 4991 2368 5031; x_wconf 83' lang='lat' dir='ltr'><strong>vos</strong></span> <span class='ocrx_word' id='word_1_726' title='bbox 2408 4976 2575 5030; x_wconf 88' lang='lat' dir='ltr'><strong>etiam</strong></span> <span class='ocrx_word' id='word_1_727' title='bbox 2614 4975 2898 5029; x_wconf 86' lang='lat' dir='ltr'><strong>volueritis</strong></span> <span class='ocrx_word' id='word_1_728' title='bbox 2943 4973 3116 5042; x_wconf 87' lang='lat' dir='ltr'><strong>sequi,</strong></span> <span class='ocrx_word' id='word_1_729' title='bbox 3151 4980 3205 5027; x_wconf 92' lang='lat' dir='ltr'><strong>et</strong></span> <span class='ocrx_word' id='word_1_730' title='bbox 3244 4969 3498 5025; x_wconf 83' lang='lat' dir='ltr'><strong>mandata</strong></span> 
     </span>
    </p>
   </div>
   <div class='ocr_carea' id='block_1_99' title="bbox 248 5060 1818 5137">
    <p class='ocr_par' dir='ltr' id='par_1_99' title="bbox 248 5062 1818 5137">
     <span class='ocr_line' id='line_1_99' title="bbox 248 5062 1818 5137; baseline 0.001 -19"><span class='ocrx_word' id='word_1_731' title='bbox 248 5064 345 5118; x_wconf 75' lang='grc' dir='ltr'><strong>τοῦ</strong></span> <span class='ocrx_word' id='word_1_732' title='bbox 373 5063 540 5126; x_wconf 84' lang='grc' dir='ltr'>Θεοῦ,</span> <span class='ocrx_word' id='word_1_733' title='bbox 562 5062 769 5135; x_wconf 77' lang='grc' dir='ltr'>πέμπει</span> <span class='ocrx_word' id='word_1_734' title='bbox 799 5064 897 5134; x_wconf 76' lang='grc' dir='ltr'><strong>τὴν</strong></span> <span class='ocrx_word' id='word_1_735' title='bbox 923 5065 1082 5137; x_wconf 86' lang='grc' dir='ltr'>χάριν</span> <span class='ocrx_word' id='word_1_736' title='bbox 1111 5065 1295 5132; x_wconf 81' lang='grc' dir='ltr'>αὐτοῦ,</span> <span class='ocrx_word' id='word_1_737' title='bbox 1323 5067 1418 5120; x_wconf 76' lang='grc' dir='ltr'>καὶ</span> <span class='ocrx_word' id='word_1_738' title='bbox 1453 5065 1717 5134; x_wconf 74' lang='grc' dir='ltr'>φυλάσσει</span> <span class='ocrx_word' id='word_1_739' title='bbox 1745 5064 1818 5119; x_wconf 63' lang='grc' dir='ltr'><strong>τδπ</strong></span> 
     </span>
    </p>
   </div>
   <div class='ocr_carea' id='block_1_100' title="bbox 1916 5060 3501 5137">
    <p class='ocr_par' dir='ltr' id='par_1_100' title="bbox 1935 5060 3501 5135">
     <span class='ocr_line' id='line_1_100' title="bbox 1935 5060 3501 5135; baseline -0.001 -19"><span class='ocrx_word' id='word_1_740' title='bbox 1935 5063 2031 5120; x_wconf 90' lang='lat' dir='ltr'><strong>Dei</strong></span> <span class='ocrx_word' id='word_1_741' title='bbox 2063 5064 2360 5128; x_wconf 88' lang='lat' dir='ltr'><strong>custodire.</strong></span> <span class='ocrx_word' id='word_1_742' title='bbox 2408 5065 2585 5119; x_wconf 89' lang='lat' dir='ltr'><strong>mittet</strong></span> <span class='ocrx_word' id='word_1_743' title='bbox 2624 5064 2853 5135; x_wconf 85' lang='lat' dir='ltr'><strong>gratiam</strong></span> <span class='ocrx_word' id='word_1_744' title='bbox 2906 5077 3081 5123; x_wconf 87' lang='lat' dir='ltr'><strong>suam,</strong></span> <span class='ocrx_word' id='word_1_745' title='bbox 3125 5060 3501 5117; x_wconf 88' lang='lat' dir='ltr'><strong>conservabit-</strong></span> 
     </span>
    </p>
   </div>
   <div class='ocr_carea' id='block_1_101' title="bbox 246 5151 1818 5228">
    <p class='ocr_par' dir='ltr' id='par_1_101' title="bbox 246 5153 1818 5228">
     <span class='ocr_line' id='line_1_101' title="bbox 246 5153 1818 5228; baseline -0.001 -19"><span class='ocrx_word' id='word_1_746' title='bbox 246 5156 421 5209; x_wconf 71' lang='grc' dir='ltr'>τόπον</span> <span class='ocrx_word' id='word_1_747' title='bbox 463 5153 674 5209; x_wconf 87' lang='grc' dir='ltr'>τοῦτον.</span> <span class='ocrx_word' id='word_1_748' title='bbox 716 5154 841 5209; x_wconf 83' lang='grc' dir='ltr'><strong>Ὲάν</strong></span> <span class='ocrx_word' id='word_1_749' title='bbox 867 5153 924 5208; x_wconf 83' lang='grc' dir='ltr'><strong>δὲ</strong></span> <span class='ocrx_word' id='word_1_750' title='bbox 958 5155 1033 5227; x_wconf 81' lang='grc' dir='ltr'>μὴ</span> <span class='ocrx_word' id='word_1_751' title='bbox 1077 5155 1383 5227; x_wconf 75' lang='grc' dir='ltr'>φυλάξητε,</span> <span class='ocrx_word' id='word_1_752' title='bbox 1409 5156 1471 5208; x_wconf 74' lang='grc' dir='ltr'>οὗ</span> <span class='ocrx_word' id='word_1_753' title='bbox 1509 5155 1582 5228; x_wconf 81' lang='grc' dir='ltr'>μὴ</span> <span class='ocrx_word' id='word_1_754' title='bbox 1620 5154 1818 5227; x_wconf 63' lang='grc' dir='ltr'>μείνητέ</span> 
     </span>
    </p>
   </div>
   <div class='ocr_carea' id='block_1_102' title="bbox 1916 5151 3503 5228">
    <p class='ocr_par' dir='ltr' id='par_1_102' title="bbox 1937 5151 3503 5227">
     <span class='ocr_line' id='line_1_102' title="bbox 1937 5151 3503 5227; baseline -0.001 -18"><span class='ocrx_word' id='word_1_755' title='bbox 1937 5172 2043 5227; x_wconf 86' lang='lat' dir='ltr'><strong>que</strong></span> <span class='ocrx_word' id='word_1_756' title='bbox 2086 5157 2235 5212; x_wconf 89' lang='lat' dir='ltr'><strong>hunc</strong></span> <span class='ocrx_word' id='word_1_757' title='bbox 2288 5157 2489 5212; x_wconf 91' lang='lat' dir='ltr'><strong>locum.</strong></span> <span class='ocrx_word' id='word_1_758' title='bbox 2536 5154 2688 5223; x_wconf 87' lang='lat' dir='ltr'><strong>Quod</strong></span> <span class='ocrx_word' id='word_1_759' title='bbox 2712 5154 2757 5210; x_wconf 90' lang='lat' dir='ltr'><strong>si</strong></span> <span class='ocrx_word' id='word_1_760' title='bbox 2791 5169 2900 5209; x_wconf 90' lang='lat' dir='ltr'><strong>non</strong></span> <span class='ocrx_word' id='word_1_761' title='bbox 2949 5151 3342 5218; x_wconf 85' lang='lat' dir='ltr'><strong>eustodieritis,</strong></span> <span class='ocrx_word' id='word_1_762' title='bbox 3391 5168 3503 5208; x_wconf 83' lang='lat' dir='ltr'><strong>non</strong></span> 
     </span>
    </p>
   </div>
   <div class='ocr_carea' id='block_1_103' title="bbox 249 5240 1818 5323">
    <p class='ocr_par' dir='ltr' id='par_1_103' title="bbox 249 5244 1818 5323">
     <span class='ocr_line' id='line_1_103' title="bbox 249 5244 1818 5323; baseline 0.001 -26"><span class='ocrx_word' id='word_1_763' title='bbox 249 5244 309 5297; x_wconf 73' lang='grc' dir='ltr'>ιν</span> <span class='ocrx_word' id='word_1_764' title='bbox 344 5246 434 5318; x_wconf 76' lang='grc' dir='ltr'>τῷ</span> <span class='ocrx_word' id='word_1_765' title='bbox 482 5247 634 5317; x_wconf 79' lang='grc' dir='ltr'>τόπῳ</span> <span class='ocrx_word' id='word_1_766' title='bbox 670 5245 869 5319; x_wconf 82' lang='grc' dir='ltr'>τούτῳ.</span> <span class='ocrx_word' id='word_1_767' title='bbox 920 5247 1029 5300; x_wconf 77' lang='grc' dir='ltr'><strong>Καὶ</strong></span> <span class='ocrx_word' id='word_1_768' title='bbox 1080 5249 1243 5318; x_wconf 79' lang='grc' dir='ltr'>ἡμεῖς</span> <span class='ocrx_word' id='word_1_769' title='bbox 1286 5247 1394 5323; x_wconf 74' lang='grc' dir='ltr'><strong>γὰρ</strong></span> <span class='ocrx_word' id='word_1_770' title='bbox 1432 5248 1563 5301; x_wconf 78' lang='grc' dir='ltr'>ὅταν</span> <span class='ocrx_word' id='word_1_771' title='bbox 1609 5246 1818 5317; x_wconf 53' lang='lat' dir='ltr'><strong>apem</strong></span> 
     </span>
    </p>
   </div>
   <div class='ocr_carea' id='block_1_104' title="bbox 1916 5240 3505 5323">
    <p class='ocr_par' dir='ltr' id='par_1_104' title="bbox 1941 5240 3505 5317">
     <span class='ocr_line' id='line_1_104' title="bbox 1941 5240 3505 5317; baseline -0.001 -17"><span class='ocrx_word' id='word_1_772' title='bbox 1941 5245 2328 5317; x_wconf 87' lang='lat' dir='ltr'><strong>permanebitis</strong></span> <span class='ocrx_word' id='word_1_773' title='bbox 2357 5245 2411 5300; x_wconf 89' lang='lat' dir='ltr'><strong>in</strong></span> <span class='ocrx_word' id='word_1_774' title='bbox 2435 5244 2556 5299; x_wconf 92' lang='lat' dir='ltr'><strong>loco</strong></span> <span class='ocrx_word' id='word_1_775' title='bbox 2589 5245 2711 5300; x_wconf 85' lang='lat' dir='ltr'><strong>hoc.</strong></span> <span class='ocrx_word' id='word_1_776' title='bbox 2733 5242 2866 5298; x_wconf 90' lang='lat' dir='ltr'><strong>Nam</strong></span> <span class='ocrx_word' id='word_1_777' title='bbox 2888 5256 2990 5297; x_wconf 89' lang='lat' dir='ltr'><strong>nos</strong></span> <span class='ocrx_word' id='word_1_778' title='bbox 3018 5255 3257 5312; x_wconf 88' lang='lat' dir='ltr'><strong>quoque,</strong></span> <span class='ocrx_word' id='word_1_779' title='bbox 3286 5240 3505 5312; x_wconf 85' lang='lat' dir='ltr'><strong>quando</strong></span> 
     </span>
    </p>
   </div>
   <div class='ocr_carea' id='block_1_105' title="bbox 319 5396 1818 5471">
    <p class='ocr_par' dir='ltr' id='par_1_105' title="bbox 319 5398 1818 5471">
     <span class='ocr_line' id='line_1_105' title="bbox 319 5398 1818 5471; baseline -0.005 -14"><span class='ocrx_word' id='word_1_780' title='bbox 319 5401 371 5435; x_wconf 83' lang='lat'><strong>&quot;</strong></span> <span class='ocrx_word' id='word_1_781' title='bbox 399 5402 496 5457; x_wconf 77' lang='lat' dir='ltr'><strong>Al.</strong></span> <span class='ocrx_word' id='word_1_782' title='bbox 529 5400 776 5455; x_wconf 76' lang='grc' dir='ltr'>σεϐένινα</span> <span class='ocrx_word' id='word_1_783' title='bbox 801 5409 857 5457; x_wconf 84' lang='lat' dir='ltr'><strong>et</strong></span> <span class='ocrx_word' id='word_1_784' title='bbox 886 5398 1182 5456; x_wconf 75' lang='grc' dir='ltr'>σεὸἑννινα.</span> <span class='ocrx_word' id='word_1_785' title='bbox 1258 5400 1304 5432; x_wconf 84' lang='grc'><strong><em>⁵³</em></strong></span> <span class='ocrx_word' id='word_1_786' title='bbox 1329 5398 1446 5454; x_wconf 87' lang='lat' dir='ltr'><strong>Lat.</strong></span> <span class='ocrx_word' id='word_1_787' title='bbox 1479 5398 1721 5471; x_wconf 79' lang='grc' dir='ltr'>ἔμελλον.</span> <span class='ocrx_word' id='word_1_788' title='bbox 1800 5398 1818 5430; x_wconf 87' lang='grc'><strong><em>⁸</em></strong></span> 
     </span>
    </p>
   </div>
   <div class='ocr_carea' id='block_1_106' title="bbox 1916 5396 2426 5471">
    <p class='ocr_par' dir='ltr' id='par_1_106' title="bbox 1918 5397 2426 5470">
     <span class='ocr_line' id='line_1_106' title="bbox 1918 5397 2426 5470; baseline -0.006 -17"><span class='ocrx_word' id='word_1_789' title='bbox 1918 5398 2058 5470; x_wconf 85' lang='lat' dir='ltr'><strong>elag.</strong></span> <span class='ocrx_word' id='word_1_790' title='bbox 2091 5397 2426 5452; x_wconf 79' lang='grc' dir='ltr'>κουκούλιον.</span> 
     </span>
    </p>
   </div>
   <div class='ocr_carea' id='block_1_107' title="bbox 324 5551 996 5619">
    <p class='ocr_par' dir='ltr' id='par_1_107' title="bbox 324 5551 996 5619">
     <span class='ocr_line' id='line_1_107' title="bbox 324 5551 996 5619; baseline -0.003 -8"><span class='ocrx_word' id='word_1_791' title='bbox 324 5556 448 5619; x_wconf 67' lang='grc'><strong>128)</strong></span> <span class='ocrx_word' id='word_1_792' title='bbox 495 5551 601 5606; x_wconf 76' lang='grc' dir='ltr'>γει.</span> <span class='ocrx_word' id='word_1_793' title='bbox 634 5552 790 5607; x_wconf 86' lang='lat' dir='ltr'><strong>Patr.</strong></span> <span class='ocrx_word' id='word_1_794' title='bbox 824 5571 878 5617; x_wconf 88' lang='lat' dir='ltr'><strong>x,</strong></span> <span class='ocrx_word' id='word_1_795' title='bbox 907 5555 996 5609; x_wconf 65' lang='lat'><strong>52.</strong></span> 
     </span>
    </p>
   </div>
   <div class='ocr_carea' id='block_1_108' title="bbox 322 5620 1692 5690">
    <p class='ocr_par' dir='ltr' id='par_1_108' title="bbox 322 5620 1692 5690">
     <span class='ocr_line' id='line_1_108' title="bbox 322 5620 1692 5690; baseline -0.001 -13"><span class='ocrx_word' id='word_1_796' title='bbox 322 5627 446 5690; x_wconf 65' lang='grc' dir='ltr'><strong>(ἐμ)</strong></span> <span class='ocrx_word' id='word_1_797' title='bbox 496 5622 600 5675; x_wconf 74' lang='grc' dir='ltr'>νει.</span> <span class='ocrx_word' id='word_1_798' title='bbox 639 5620 791 5690; x_wconf 74' lang='lat' dir='ltr'><strong>Patr.</strong></span> <span class='ocrx_word' id='word_1_799' title='bbox 827 5640 900 5683; x_wconf 86' lang='lat' dir='ltr'><strong>vr.</strong></span> <span class='ocrx_word' id='word_1_800' title='bbox 926 5624 979 5679; x_wconf 90' lang='lat'><strong>9.</strong></span> <span class='ocrx_word' id='word_1_801' title='bbox 1015 5623 1282 5681; x_wconf 77' lang='lat' dir='ltr'><strong>Meursius</strong></span> <span class='ocrx_word' id='word_1_802' title='bbox 1313 5624 1366 5679; x_wconf 87' lang='lat' dir='ltr'><strong>iu</strong></span> <span class='ocrx_word' id='word_1_803' title='bbox 1395 5624 1692 5679; x_wconf 70' lang='grc' dir='ltr'>Σεδένινον.</span> 
     </span>
    </p>
   </div>
   <div class='ocr_carea' id='block_1_109' title="bbox 324 5688 1702 5755">
    <p class='ocr_par' dir='ltr' id='par_1_109' title="bbox 324 5688 1702 5755">
     <span class='ocr_line' id='line_1_109' title="bbox 324 5688 1702 5755; baseline 0.004 -10"><span class='ocrx_word' id='word_1_804' title='bbox 324 5688 450 5755; x_wconf 43' lang='grc'><strong>(50⁷)</strong></span> <span class='ocrx_word' id='word_1_805' title='bbox 495 5691 600 5744; x_wconf 72' lang='lat' dir='ltr'><strong>Vit.</strong></span> <span class='ocrx_word' id='word_1_806' title='bbox 645 5688 795 5744; x_wconf 80' lang='lat' dir='ltr'><strong>Patr.</strong></span> <span class='ocrx_word' id='word_1_807' title='bbox 832 5709 906 5753; x_wconf 86' lang='lat' dir='ltr'><strong>vl.</strong></span> <span class='ocrx_word' id='word_1_808' title='bbox 935 5695 987 5748; x_wconf 84' lang='lat'><strong>8.</strong></span> <span class='ocrx_word' id='word_1_809' title='bbox 1698 5720 1702 5723; x_wconf 27' lang='grc' dir='ltr'><strong>Α</strong></span> 
     </span>
    </p>
   </div>
   <div class='ocr_carea' id='block_1_110' title="bbox 318 5759 1837 5839">
    <p class='ocr_par' dir='ltr' id='par_1_110' title="bbox 318 5759 1837 5839">
     <span class='ocr_line' id='line_1_110' title="bbox 318 5759 1837 5839; baseline -0.001 -23"><span class='ocrx_word' id='word_1_810' title='bbox 318 5765 448 5839; x_wconf 67' lang='grc'><strong>(51)</strong></span> <span class='ocrx_word' id='word_1_811' title='bbox 479 5760 593 5819; x_wconf 75' lang='grc' dir='ltr'><strong>Καὶ</strong></span> <span class='ocrx_word' id='word_1_812' title='bbox 616 5759 863 5826; x_wconf 80' lang='grc' dir='ltr'><strong>ἐδίωξεν</strong></span> <span class='ocrx_word' id='word_1_813' title='bbox 887 5762 1072 5818; x_wconf 74' lang='grc' dir='ltr'>αὐτὸν</span> <span class='ocrx_word' id='word_1_814' title='bbox 1104 5768 1135 5818; x_wconf 83' lang='grc' dir='ltr'>ὁ</span> <span class='ocrx_word' id='word_1_815' title='bbox 1155 5763 1359 5832; x_wconf 64' lang='grc' dir='ltr'>γέρων.</span> <span class='ocrx_word' id='word_1_816' title='bbox 1392 5764 1629 5835; x_wconf 80' lang='lat' dir='ltr'><strong>Antiqua</strong></span> <span class='ocrx_word' id='word_1_817' title='bbox 1656 5761 1837 5833; x_wconf 71' lang='lat' dir='ltr'><strong>versio</strong></span> 
     </span>
    </p>
   </div>
   <div class='ocr_carea' id='block_1_111' title="bbox 1944 5550 3512 5621">
    <p class='ocr_par' dir='ltr' id='par_1_111' title="bbox 1944 5550 3512 5621">
     <span class='ocr_line' id='line_1_111' title="bbox 1944 5550 3512 5621; baseline -0.001 -15"><span class='ocrx_word' id='word_1_818' title='bbox 1944 5552 1998 5606; x_wconf 89' lang='lat' dir='ltr'><strong>in</strong></span> <span class='ocrx_word' id='word_1_819' title='bbox 2043 5551 2175 5606; x_wconf 80' lang='lat' dir='ltr'><strong>Vitis</strong></span> <span class='ocrx_word' id='word_1_820' title='bbox 2211 5550 2470 5605; x_wconf 82' lang='lat' dir='ltr'><strong>Patrum:</strong></span> <span class='ocrx_word' id='word_1_821' title='bbox 2504 5560 2553 5606; x_wconf 78' lang='lat' dir='ltr'><strong>et</strong></span> <span class='ocrx_word' id='word_1_822' title='bbox 2600 5551 2869 5621; x_wconf 74' lang='lat' dir='ltr'><strong>spectabat</strong></span> <span class='ocrx_word' id='word_1_823' title='bbox 2892 5567 3024 5607; x_wconf 77' lang='lat' dir='ltr'><strong>.eum</strong></span> <span class='ocrx_word' id='word_1_824' title='bbox 3065 5563 3242 5612; x_wconf 70' lang='lat' dir='ltr'><strong>senem.</strong></span> <span class='ocrx_word' id='word_1_825' title='bbox 3282 5563 3380 5621; x_wconf 79' lang='lat' dir='ltr'><strong>pro</strong></span> <span class='ocrx_word' id='word_1_826' title='bbox 3418 5564 3512 5621; x_wconf 73' lang='lat' dir='ltr'><strong>ca:-</strong></span> 
     </span>
    </p>
   </div>
   <div class='ocr_carea' id='block_1_112' title="bbox 1942 5618 3508 5689">
    <p class='ocr_par' dir='ltr' id='par_1_112' title="bbox 1942 5618 3508 5689">
     <span class='ocr_line' id='line_1_112' title="bbox 1942 5618 3508 5689; baseline 0 -15"><span class='ocrx_word' id='word_1_827' title='bbox 1942 5621 2167 5689; x_wconf 76' lang='lat' dir='ltr'><strong>pellebat</strong></span> <span class='ocrx_word' id='word_1_828' title='bbox 2200 5630 2289 5678; x_wconf 83' lang='lat' dir='ltr'><strong>aut</strong></span> <span class='ocrx_word' id='word_1_829' title='bbox 2321 5618 2698 5677; x_wconf 73' lang='lat' dir='ltr'><strong>insectabatur.</strong></span> <span class='ocrx_word' id='word_1_830' title='bbox 2726 5620 2936 5678; x_wconf 71' lang='lat' dir='ltr'><strong>Postea</strong></span> <span class='ocrx_word' id='word_1_831' title='bbox 2976 5622 3160 5681; x_wconf 76' lang='lat' dir='ltr'><strong>iuveni</strong></span> <span class='ocrx_word' id='word_1_832' title='bbox 3192 5618 3430 5678; x_wconf 62' lang='lat' dir='ltr'><strong>uetabat</strong></span> <span class='ocrx_word' id='word_1_833' title='bbox 3450 5619 3508 5676; x_wconf 82' lang='lat' dir='ltr'><strong>iu</strong></span> 
     </span>
    </p>
   </div>
   <div class='ocr_carea' id='block_1_113' title="bbox 1944 5689 2946 5751">
    <p class='ocr_par' dir='ltr' id='par_1_113' title="bbox 1944 5689 2946 5751">
     <span class='ocr_line' id='line_1_113' title="bbox 1944 5689 2946 5751; baseline 0.002 -4"><span class='ocrx_word' id='word_1_834' title='bbox 1944 5707 2074 5750; x_wconf 86' lang='lat' dir='ltr'><strong>mss.</strong></span> <span class='ocrx_word' id='word_1_835' title='bbox 2099 5690 2478 5751; x_wconf 83' lang='lat' dir='ltr'><strong>Suessioncnsi</strong></span> <span class='ocrx_word' id='word_1_836' title='bbox 2512 5700 2568 5750; x_wconf 89' lang='lat' dir='ltr'><strong>ct</strong></span> <span class='ocrx_word' id='word_1_837' title='bbox 2606 5689 2946 5750; x_wconf 85' lang='lat' dir='ltr'><strong>Fossatcusi.</strong></span> 
     </span>
    </p>
   </div>
  </div>
