4036 6202
209 275 319 350 229

1375 276 1412 326 Α
1424 273 1783 329 POPHTHEG
1795 274 1978 328 ΜΑΤΛ
2019 269 2243 324 ΡΛΤῐίιὶ
2255 270 2325 326 Μ.

3383 279 3486 338 250

215 397 331 449 cur
358 395 565 458 εὐθέως
595 394 825 462 ἔκκοψον
859 393 1016 447 αὐτά.
1037 393 1297 456 ’Λκούσας
1325 395 1381 447 δὲ
1411 396 1438 446 6
1462 395 1636 456 ἀὸὁᾶς
1680 398 1803 448 ῐῐοι·

1912 393 2137 447 aﬂ‘ectus
2191 391 2400 458 ingredi
2426 431 2439 453 ,
2475 392 2571 447 sed
2612 392 2759 446 illico
2801 393 3058 448 exscinde
3103 408 3214 450 eos.
3243 393 3486 450 Audiens

217 490 348 560 μὴν,
399 489 480 543 ὅτι
518 487 692 549 οὕτως
727 481 848 537 εἷπε
899 485 976 555 τῷ
1029 485 1249 556 Θηϐαίῳ
1297 489 1325 540 6
1370 487 1542 552 6665i;
1586 488 1803 558 Ἰωσὴφ.

217 579 458 642 αναστὰς
497 579 707 647 ἀπῆλθε
741 577 878 649 πρὸς
908 577 1069 630 αὑτὸν
1114 580 1194 642 είς
1240 579 1489 650 Πανειρὼ,
1520 581 1614 633 καὶ
1657 581 1804 649 λέγει

222 672 390 741 αὐτῷ’
409 669 599 735 Ἀδδεί,
626 667 738 738 ἐγὼ
763 668 1060 722 ἐπίστευσά
1095 688 1175 723 σοι
1207 672 1333 734 τοὺς
1355 671 1648 744 λογισμούς
1678 689 1800 743 μου*

223 763 315 816 καὶ
355 763 465 815 ίδοὺ
500 760 676 823 ἄλλως
707 755 866 823 εἶπας
913 762 1055 830 ἐμοὶ.
1086 761 1180 813 καὶ
1227 761 1402 828 ἄλλως
1434 763 1513 834 τῷ
1559 764 1802 836 Θηϐαίῳ.

222 853 382 921 Λέγει
413 851 562 922 αὐτῷ
607 852 635 904 6
667 851 847 922 γέρων
867 867 880 880 ο
913 851 1025 903 Οὐκ
1052 847 1198 917 οἶδας
1227 853 1307 906 ὅτι
1336 853 1533 923 ἀγαπῶ
1562 871 1654 919 σε;
1696 855 1806 908 Καὶ

224 942 342 998 εἶπε
371 963 386 975 ·
417 945 544 998 Ναί.
591 944 663 996 Οὐ
706 943 771 996 σὺ
817 942 998 1010 ἔλεγές
1029 958 1147 1014 μοι’
1190 945 1276 1007 Ὡς
1307 945 1485 1014 ἑαυτῷ
1520 946 1643 999 εἰπέ
1679 964 1800 1017 μοι;

223 1038 330 1090 Καὶ
385 1031 541 1088 εἶπεν
561 1052 573 1064 ο
628 1033 815 1095 Οῦτως
845 1033 976 1103 ἔχει.
1005 1033 1166 1103 Λέγει
1196 1033 1342 1105 αὐτῷ
1366 1038 1394 1088 6
1423 1036 1597 1109 γέρων
1621 1054 1633 1066 ’
1678 1037 1803 1089 Ἐὰν

219 1129 329 1198 γὰρ
357 1126 571 1197 εἰσέλθῃ
609 1125 678 1179 τὰ
703 1125 872 1196 πάθη,
905 1125 996 1178 καὶ
1019 1125 1123 1195 δῷς
1151 1126 1243 1179 καὶ
1264 1125 1432 1197 λάϐῃς
1460 1129 1576 1196 μετ’
1600 1128 1801 1191 αὐτῶν,

216 1217 584 1290 δοκιμώτερόν
619 1233 678 1270 σε
707 1215 1057 1270 καθιστῶσιν.
1075 1215 1214 1284 Ἐγὼ
1237 1216 1293 1270 δὲ
1329 1216 1404 1281 ὡς
1434 1217 1654 1288 ἐμαυτῷ
1683 1218 1804 1271 ἐλά-

218 1309 363 1379 λησά
392 1326 493 1361 σοι.
533 1307 652 1360 Εἰσὶ
683 1306 740 1360 δὲ
776 1305 946 1372 ἄλλοι,
973 1301 1050 1370 οἷς
1074 1307 1192 1360 οὐδὲ
1219 1309 1577 1378 προσεγγίσαι
1603 1308 1669 1363 τὰ
1702 1310 1801 1362 πά-

221 1401 292 1473 θη
359 1402 660 1472 συμφέρειο
713 1398 1056 1462 ἀλλἐῦθέως
1122 1400 1352 1470 ἐκκόψαι
1416 1401 1554 1456 αὐτὰ
1613 1401 1801 1475 χρείαν

222 1494 459 1563 ἔχουσιν.

296 1673 357 1726 δ’.
410 1671 664 1741 Ἀδελφός
710 1689 793 1735 τις
829 1671 1078 1744 ἠρώτησε
1125 1674 1298 1728 ἀεϐἄν
1339 1675 1558 1748 Ἰωσὴφ,
1589 1675 1796 1744 λέγων’

220 1762 292 1814 Τί
324 1764 552 1832 ποιήσω,
577 1763 660 1814 ὅτι
692 1760 810 1814 οὔτε
833 1763 1209 1832 κακοπαθῆσαι
1231 1764 1479 1834 δύναμαι,
1497 1765 1614 1817 οὐδὲ
1639 1766 1802 1837 ἐργά-

224 1853 428 1908 σασθαι
465 1854 562 1906 καὶ
595 1852 778 1906 δοῦναι
803 1854 1038 1925 ἀγάπην;
1072 1855 1233 1924 Λέγει
1266 1855 1415 1926 αὐτῷ
1451 1858 1480 1910 6
1506 1857 1680 1929 γέρων
1701 1875 1714 1888 ο
1740 1859 1803 1911 Et

221 1947 284 2000 οὐ
318 1946 550 2000 δύνασαι
586 1945 782 1998 τούτων
807 1945 921 1999 οὐδὲ
949 1947 1007 2000 ἓν
1045 1948 1284 2018 ποιῆσαι,
1318 1948 1420 2002 κᾶν
1448 1952 1682 2021 τήρησον
1705 1952 1803 2022 τὴν

223 2035 543 2107 συνείδτγσίν
569 2052 660 2088 σου
689 2034 790 2088 ἀπὸ
819 2035 912 2090 τοῦ
943 2036 1167 2107 πλησίον
1201 2054 1294 2090 σου
1329 2037 1435 2091 ἀπὸ
1471 2037 1672 2102 παντὸς
1703 2057 1802 2092 κα·

223 2126 329 2180 κοῦ
354 2143 367 2154 ·
397 2127 488 2179 καὶ
517 2125 656 2198 σώζῃ
679 2126 740 2180 ⁸⁸.

294 2304 354 2357 ε’.
403 2303 595 2371 Ἐλεγέ
645 2321 726 2367 τις
772 2302 879 2356 τῶν
923 2302 1287 2374 ἀδελφῶν,ὃτι
1337 2302 1647 2374 Παρέὄαλόν
1675 2319 1803 2358 ποτε

226 2398 306 2458 εἰς
341 2395 638 2466 Ἡρακλέος
663 2397 762 2465 τὴν
791 2396 940 2448 κάτω
967 2395 1098 2466 πρὸς
1122 2394 1210 2447 τὸν
1233 2395 1406 2449 ἀϐὁᾶν
1441 2397 1638 2467 Ἰωσήφ
1660 2413 1673 2425 ·
1711 2395 1804 2448 καὶ

226 2480 372 2553 εἶχεν
402 2487 459 2537 ὲν
487 2483 566 2554 τῷ
596 2485 941 2556 μοναστηρίῳ
970 2485 1265 2555 συκάμινον
1291 2485 1488 2557 ὡραῖον
1513 2486 1673 2539 πάνυ.
1695 2486 1804 2540 Καὶ

225 2575 372 2643 λέγει
423 2592 512 2645 μοι
555 2574 663 2628 ἀπὸ
712 2577 889 2646 πρωῖ’
929 2575 1169 2643 ’Υπαγε,
1206 2576 1344 2644 φάγε
1372 2593 1385 2606 ο
1417 2572 1484 2647 ἦν
1531 2576 1586 2628 δὲ
1627 2593 1803 2647 παρα-

226 2663 420 2735 σκευὴ.
453 2665 546 2717 καὶ
573 2664 673 2717 οὐκ
702 2663 940 2735 ἀπῆλθον
968 2664 1056 2718 διὰ
1076 2664 1173 2736 τὴν
1196 2665 1468 2735 νηστείαν.
1498 2666 1606 2718 Καὶ
1633 2683 1805 2736 παρα-

227 2755 465 2820 καλέσας
493 2757 654 2810 αὐτὸν
680 2754 831 2810 εἷπον
848 2772 862 2786 ·
899 2755 998 2810 Διὰ
1032 2757 1128 2810 τον
1150 2756 1302 2822 Θεὸν,
1333 2758 1452 2810 εἰπέ
1486 2775 1574 2828 μοι
1602 2756 1692 2811 τὸν
1720 2758 1805 2810 λο-

227 2847 426 2917 γισμὸν
452 2846 669 2901 τοῦτονο
710 2847 818 2900 ἰδοὺ
865 2848 930 2900 σὺ
979 2847 1163 2915 ἔλεγές
1198 2863 1322 2917 μοι’
1352 2848 1591 2915 ’Ὑπαγε,
1624 2847 1763 2916 φάγε
1785 2864 1800 2878 °

227 2939 335 3005 ἐγὼ
365 2937 427 2991 δὲ
459 2937 549 2991 διὰ
579 2937 681 3008 τὴν
709 2938 962 3007 νηστείαν
989 2938 1088 2991 οὑκ
1117 2937 1380 3007 ἀπῆλθον,
1412 2939 1507 2992 καὶ
1544 2939 1694 3010 ἤμην
1721 2941 1804 2992 αι-

1913 502 2040 538 vero
2086 485 2253 536 abbas
2299 482 2539 544 Pcemen,
2592 485 2664 536 ita
2716 484 2967 539 abbatem
2999 483 3292 554 Josepbum
3338 487 3485 541 locu-

1909 585 2019 627 tum
2070 573 2235 628 fuisse
2277 574 2556 639 Thebano,
2586 589 2838 644 surgens,
2868 575 2934 628 ad
2967 590 3090 628 eum
3131 576 3185 628 in
3226 573 3483 644 Panepbo

1907 665 2186 735 profectus
2239 674 2356 732 est,
2395 676 2448 720 et
2495 665 2614 719 ait:
2645 666 2817 730 Abba,
2861 681 2962 736 ego
3014 667 3323 720 concredidi
3382 667 3482 721 tibi

1907 757 2270 825 cogitationes
2325 772 2513 821 meas,
2565 767 2620 811 et
2678 754 2806 812 ecce
2873 758 3030 812 aliter
3095 758 3265 822 mibi,
3321 758 3482 813 aliter

1908 847 2166 904 Thebano
2217 849 2550 904 disseruisti.
2602 847 2743 903 Dicit
2787 849 2835 905 ei
2885 864 3052 905 senex
3092 848 3326 905 :Nonne
3373 849 3485 905 scis

1906 940 2050 1012 quod
2073 940 2240 1010 diligo
2264 941 2352 994 te?
2378 940 2676 1011 Respondit
2703 959 2716 994 :
2748 939 2942 995 Etiam.
2975 939 3165 996 Nonne
3205 947 3298 994 tua
3321 940 3482 996 verba

1906 1041 2035 1089 sunt
2071 1052 2084 1087 :
2122 1031 2401 1104 Tanquam
2448 1043 2625 1087 tecum
2676 1048 2886 1103 ageres,
2919 1032 3102 1102 profer
3149 1031 3323 1086 mihi?
3350 1031 3470 1086 Ρω·

1906 1139 2029 1178 men
2061 1142 2073 1178 :
2111 1121 2184 1176 Ita
2219 1124 2400 1179 habet.
2438 1122 2576 1178 Tum
2623 1138 2790 1178 senex
2829 1141 2841 1178 :
2879 1121 3012 1176 Nam
3061 1122 3106 1179 si
3153 1121 3477 1177 intraverint

1905 1214 2153 1280 aﬂ‘ectus,
2181 1224 2382 1272 etcum
2414 1216 2482 1272 iis
2512 1214 2808 1286 conﬂigens
2839 1214 3054 1270 dederis
3085 1221 3139 1270 et
3169 1214 3469 1285 acceperis,

1905 1317 1956 1364 te
2017 1308 2381 1380 probatiorem
2445 1311 2802 1365 constituent.
2874 1308 2985 1381 Ego
3045 1324 3170 1365 vero
3221 1316 3479 1376 tanquam

1905 1401 2039 1455 mibi
2089 1401 2340 1456 elocutus
2388 1417 2509 1457 sum
2559 1402 2676 1457 tibi.
2721 1401 2896 1456 Porro
2949 1413 3078 1456 sunt
3133 1402 3253 1464 alii,
3284 1399 3484 1471 quibus

1904 1492 2166 1546 conducit
2189 1492 2417 1546 aﬂ‘ectus
2449 1507 2517 1546 ne
2541 1491 2762 1563 quidem
2791 1492 3134 1562 proximare;
3168 1490 3265 1546 sed
3296 1493 3480 1546 statim

1903 1597 2002 1639 eos
2031 1593 2318 1653 amputare
2353 1583 2575 1638 debent.

1974 1672 2029 1728 ι.
2065 1672 2178 1743 (58)
2220 1669 2411 1725 Frater
2441 1670 2642 1740 aliquis
2687 1671 3048 1742 interrogavit
3081 1669 3334 1725 abbatem
3373 1665 3470 1722 Jo-

1908 1763 2134 1832 sepbum
2183 1762 2287 1816 hoc
2327 1763 2488 1816 modo
2518 1781 2529 1815 :
2559 1761 2701 1828 Quid
2755 1771 2984 1816 acturus
3033 1775 3154 1815 sum
3241 1759 3332 1830 qui
3383 1774 3483 1812 nec

1908 1853 2230 1908 vexationes
2267 1852 2413 1907 ferre
2442 1869 2690 1921 possum,
2723 1869 2822 1908 nec
2849 1853 3065 1922 operari
3101 1859 3155 1906 et
3183 1851 3315 1906 dare
3347 1851 3484 1905 elec-

1908 1942 2230 2012 mosynam?
2255 1943 2343 1996 Ait
2377 1945 2452 1997 illi
2487 1960 2652 2000 senex
2681 1963 2694 1998 :
2727 1944 2782 1998 Si
2832 1960 3021 1998 eorum
3072 1945 3156 1998 vel
3189 1958 3355 1998 unum
3396 1943 3478 1997 fa-

1906 2049 2032 2087 cere
2070 2049 2176 2086 non
2224 2034 2393 2098 vales,
2426 2048 2696 2088 conserva
2733 2035 2926 2088 saltem
2989 2042 3136 2088 tuam
3188 2034 3481 2090 conscien-

1908 2126 2037 2179 tiam
2088 2140 2217 2196 erga
2257 2126 2565 2195 proximum
2610 2133 2762 2178 tuum
2793 2125 2863 2178 ab
2898 2125 3045 2180 omni
3092 2125 3255 2192 malo,
3289 2135 3341 2179 et
3373 2126 3481 2180 sal-

1905 2234 2005 2274 vus
2041 2218 2174 2273 eris.

1976 2310 2029 2364 5.
2073 2307 2185 2380 (59)
2225 2306 2436 2362 Retulit
2464 2306 2687 2378 quidam
2726 2308 2954 2364 fratrum
2990 2328 3003 2363 :
3037 2307 3322 2366 Profectus
3361 2326 3482 2366 sum

1906 2399 2200 2470 aliquando
2255 2398 2574 2456 Heracleam
2629 2402 2948 2458 inferiorem
2995 2401 3063 2456 ad
3107 2403 3358 2458 abbatem
3386 2402 3479 2459 Jo-

1905 2493 2170 2564 sepbum;
2204 2493 2397 2549 habuit
2435 2502 2619 2548 autem
2654 2495 2708 2549 in
2735 2494 3065 2550 monasterio
3096 2508 3310 2550 morum
3345 2511 3472 2563 δεε-

1905 2583 2292 2655 ciosissimam.
2346 2583 2411 2636 Et
2462 2584 2601 2638 dixit
2640 2585 2772 2637 mihi
2823 2599 3022 2639 mane:
3058 2583 3252 2655 Perge.
3302 2602 3472 2640 man-

1905 2672 2076 2737 duca;
2105 2688 2269 2742 porro
2305 2683 2422 2726 erat
2472 2671 2775 2728 Parasceve
2806 2688 2820 2727 :
2860 2690 2961 2728 nec
3009 2675 3101 2739 ivi,
3135 2685 3358 2745 propter
3377 2677 3465 2746 je-

1899 2763 2134 2834 junium.
2166 2763 2354 2832 itaque
2386 2779 2584 2834 rogans
2629 2780 2776 2829 eum,
2819 2763 2931 2818 dixi
2969 2782 2981 2817 :
3017 2764 3246 2835 Propter
3278 2765 3471 2828 Deum,

1904 2855 2114 2925 explica
2148 2855 2278 2907 mibi
2304 2855 2781 2908 ratiocinationem
2818 2855 2996 2921 banc;
3026 2870 3154 2909 ecce
3182 2863 3237 2908 tu
3273 2871 3477 2924 praeceo

1906 2943 2033 3015 pisti
2085 2943 2215 2996 mihi
2248 2961 2265 2997 :
2296 2943 2490 3013 Perge,
2519 2945 2822 3009 manduca;
2855 2959 2955 3014 ego
2999 2953 3179 2999 autem
3215 2946 3288 2999 ob
3325 2946 3472 3014 jejuv

231 3031 560 3101 σχυνόμενος
588 3029 688 3100 τὴν
714 3029 812 3101 σὴν
856 3028 1075 3099 ὲντολὴν
1119 3027 1485 3101 λογιζόμενος,
1519 3030 1664 3100 Ποίῳ
1688 3029 1801 3083 ’λο-

1908 3036 2054 3090 nium
2090 3051 2200 3089 non
2248 3036 2348 3100 ivi,
2381 3034 2475 3090 sed
2522 3034 2734 3104 pudore
2787 3035 3171 3100 sntrundebar,
3229 3037 3472 3089 tnandati

228 3121 409 3191 γισμῷ
455 3121 610 3188 ἔλεγέ
640 3136 730 3190 μοι
757 3121 787 3173 6
810 3118 1018 3191 γέρων’;
1043 3120 1106 3173 Τί
1131 3116 1227 3176 οὖν
1253 3117 1394 3191 εἶχον
1429 3120 1688 3188 ποιῆσαι;
1722 3121 1802 3173 ὅτι

222 3211 411 3282 ἔλεγές
439 3211 796 3282 μοι,”Υπαγε.
814 3213 872 3265 '0
896 3212 953 3265 δὲ
975 3207 1129 3266 εἶπεν
1147 3229 1160 3242 ·
1194 3213 1258 3265 0i
1280 3211 1521 3284 Πατέρες
1548 3211 1607 3276 ἐξ
1632 3212 1806 3282 ἀρχῆς

227 3304 286 3356 οὐ
319 3302 543 3356 λαλοῦσι
590 3306 703 3366 τοῖς
735 3303 979 3372 ἀδελφοῖς
1016 3303 1076 3356 τὸ
1112 3302 1290 3372 ὀρθὸν,
1319 3302 1454 3357 ἀλλὰ
1497 3302 1696 3373 μᾶλλον
1736 3301 1806 3355 τὰ

226 3395 492 3467 στερεῦλά·
510 3395 604 3447 καὶ
631 3393 726 3448 ἐὰν
751 3394 929 3448 [δωσιν
959 3395 1041 3448 ὅτι
1072 3394 1284 3448 ποιοῦσι
1325 3393 1396 3447 τὰ
1425 3393 1675 3466 στρεϐλὰ,
1705 3392 1805 3446 οὐκ

224 3485 305 3538 ἔτι
342 3483 599 3538 λαλοῦσιν
641 3482 822 3546 αὐτοῖς
855 3482 923 3536 τὰ
947 3482 1201 3553 στρεσλὰ,
1227 3482 1364 3537 ἀλλὰ
1385 3482 1483 3554 τὴν
1509 3481 1800 3553 ἀλήθειανο

224 3575 450 3643 ειδότες,
479 3575 564 3628 ὅτι
591 3576 670 3638 είς
699 3575 874 3628 πάντα
901 3575 1129 3645 ὑπήκοοί
1155 3576 1312 3629 εἰσιν.

302 3764 379 3822 ς’.
419 3751 589 3810 Εἶπεν
616 3757 645 3811 6
673 3754 844 3819 assa;
872 3753 1070 3824 Ἰωσὴφ
1092 3753 1172 3824 τῷ
1196 3754 1342 3826 ὰϐὁᾷ
1361 3755 1510 3810 Λὼτο
1541 3756 1616 3810 06
1645 3757 1804 3810 δύνα-

227 3866 320 3904 σαι
353 3847 610 3919 γενέσθαι
641 3848 893 3919 μοναχὸς,
918 3847 1013 3902 ἐὰν
1045 3847 1120 3916 μὴ
1151 3848 1282 3920 γένῃ
1307 3848 1384 3914 ὡς
1411 3849 1522 3921 πῦρ
1555 3849 1800 3920 φλογιζόο

226 3959 391 4013 μενος
416 3941 558 4004 ὅλος.

299 4035 365 4098 ζ’.
408 4032 721 4103 Παρέὸαλεν
753 4034 782 4086 6
813 4032 986 4097 ἀὸϐἄς
1015 4033 1139 4088 Λὼτ
1171 4031 1252 4104 τῷ
1284 4033 1428 4105 ἀόὁᾷ
1466 4033 1680 4104 Ἰωσὴφ,
1710 4034 1804 4088 καὶ

225 4125 374 4194 λέγει
405 4125 582 4196 αὐτῷ·
629 4124 816 4188 ’Λόὁᾶ,
852 4125 992 4178 κατὰ
1019 4124 1246 4196 δύναμιν
1290 4143 1392 4196 μου
1435 4125 1572 4178 ποιῶ
1599 4127 1696 4195 τὴν
1725 4143 1805 4196 μι-

224 4219 369 4288 κράν
409 4234 512 4287 μου
550 4216 788 4282 σῦναξιν,
817 4215 912 4268 καὶ
939 4216 1037 4286 τὴν
1066 4216 1264 4286 μικρὰν
1290 4217 1540 4288 νηστείαν
1570 4233 1690 4287 μου,
1710 4212 1806 4270 καὶ

223 4309 329 4379 τὴν
348 4307 538 4379 εὐχὴν,
573 4308 667 4363 καὶ
690 4306 786 4378 τὴν
818 4305 1066 4377 μελέτην,
1091 4306 1184 4360 καὶ
1218 4307 1315 4378 τὴν
1337 4307 1586 4379 ἡσυχίαν,
1615 4307 1708 4361 καὶ
1744 4309 1804 4361 τὸ

1905 3127 1982 3181 tui
2010 3141 2162 3198 ergo,
2201 3141 2415 3180 mecum
2466 3137 2729 3196 reputans
2765 3143 2779 3180 :
2820 3125 3062 3191 Quanam
3116 3126 3331 3180 ratione
3363 3127 3472 3180 elo-

1904 3227 2068 3274 cutus
2109 3226 2194 3274 est
2229 3218 2434 3277 senex?
2457 3217 2600 3284 Quid
2626 3232 2755 3287 ergo
2777 3216 2958 3271 facere
2980 3216 3164 3282 debui,
3187 3223 3477 3286 pi-Opterea

1904 3311 2048 3382 quod
2083 3311 2160 3365 ire
2193 3311 2482 3380 iusseras?
2516 3309 2738 3380 Excepit
2783 3310 2873 3364 ille
2909 3329 2921 3364 :
2960 3307 3148 3364 Patres
3181 3309 3338 3362 initio
3365 3323 3471 3362 non

1902 3402 2126 3458 edicunt
2149 3401 2414 3458 fratribus
2447 3401 2592 3472 quod
2616 3410 2826 3455 rectum
2855 3409 2958 3464 cst,
2993 3400 3088 3456 sed
3123 3401 3306 3470 potius
3342 3417 3469 3470 per-

1903 3505 2091 3555 versa;
2135 3505 2370 3560 cumque
2416 3489 2656 3544 viderint
2681 3504 2779 3543 eos
2826 3503 3083 3558 perversa
3139 3489 3340 3548 facere.
3369 3500 3482 3541 non

1905 3582 2142 3651 amplius
2189 3593 2451 3650 perversa
2515 3579 2822 3647 loquuntur
2874 3579 2976 3642 eis,
3021 3577 3117 3634 sed
3177 3579 3478 3642 veritatem,

1905 3673 2056 3744 gnari
2082 3672 2147 3724 ad
2172 3670 2351 3725 omnia
2379 3670 2746 3738 obsequentes
2776 3683 2917 3722 esse.

1973 3762 2028 3818 6.
2084 3761 2231 3816 Dixit
2280 3761 2450 3815 abbas
2492 3759 2696 3828 Joseph
2742 3758 2923 3812 abbati
2979 3754 3116 3809 Loto
3156 3774 3171 3810 :
3210 3755 3325 3810 Non
3373 3771 3472 3825 po-

1903 3864 1988 3910 tes
2021 3854 2132 3910 lieri
2169 3855 2496 3918 monachus,
2528 3851 2631 3906 nisi
2677 3851 2856 3904 instar
2884 3847 3029 3917 ignis
3069 3854 3216 3904 totus
3246 3847 3472 3902 exstite-

1904 3947 1982 4001 ris
2009 3947 2313 3999 ﬂammeus.

1979 4037 2030 4093 7.
2065 4036 2177 4107 (40)
2207 4035 2356 4090 Adiit
2393 4033 2562 4088 abbas
2592 4032 2692 4087 Lot
2739 4031 2984 4086 abbatem
3033 4027 3350 4099 Josepbum,
3384 4027 3476 4082 cui

1904 4129 1982 4182 ait
2013 4146 2026 4184 :
2055 4127 2226 4192 Abba,
2257 4139 2356 4196 pro
2382 4125 2524 4179 virili
2575 4138 2694 4178 mea
2729 4136 2931 4192 perago
2963 4135 3188 4190 parvum
3223 4117 3470 4174 Ofﬁcium

1906 4233 2108 4284 meum,
2141 4232 2366 4287 parvum
2405 4230 2586 4270 meum
2623 4213 2920 4284 jejunium,
2943 4210 3271 4274 orationem,
3309 4209 3476 4264 medi-

1905 4311 2191 4372 tationem,
2219 4308 2496 4378 quietem;
2524 4315 2579 4362 et
2616 4312 2877 4377 quantum
2925 4305 3105 4368 valeo,
3131 4317 3300 4373 puras
3336 4301 3478 4358 obti-

221 4399 370 4451 κατὰ
400 4397 631 4468 δύναμίν
658 4413 759 4468 μου
788 4397 1076 4468 καθαρεὺω
1093 4397 1136 4430 ⁸⁷
1162 4399 1275 4461 τοῖς
1297 4398 1674 4470 λογισμοῖς.Τί
1707 4395 1800 4454 οὖν

1907 4417 2007 4456 neo
2057 4400 2432 4470 cogitationes.
2469 4397 2612 4463 Quid
2658 4411 2788 4468 ergo
2819 4395 3000 4450 adhuc
3034 4395 3207 4450 debes
3261 4392 3474 4448 facere?

221 4490 338 4560 ἔχω
380 4489 609 4559 ποιῆσαι
647 4488 860 4555 λοιπᾶν;
901 4489 1164 4552 Ἀναστὰς
1188 4484 1280 4542 οῦν
1303 4490 1331 4542 6
1352 4491 1550 4562 γέρων,
1579 4490 1801 4560 ἥπλωσε

219 4583 329 4645 τὰς
366 4584 560 4652 χεῖρας
581 4581 664 4642 είς
685 4579 776 4633 τὸν
803 4580 1028 4651 οὐρανόν
1047 4597 1061 4611 ·
1093 4579 1187 4633 καὶ
1217 4580 1501 4649 γεγόνασιν
1529 4583 1576 4633 οἱ
1606 4581 1802 4634 δάκτυ-

223 4691 310 4727 sor.
342 4672 532 4736 αὑτοῦ,
562 4671 636 4736 ὡς
670 4672 799 4726 δέκα
830 4671 1112 4743 λαμπάδες
1153 4672 1358 4745 πυρός’
1403 4671 1496 4726 καὶ
1526 4673 1672 4741 λέγει
1703 4674 1800 4726 αὐ-

220 4765 308 4836 τῷ
328 4782 344 4796 ⁸
379 4764 446 4818 Εἰ
469 4764 665 4827 θέλεις,
693 4763 850 4831 γενοῦ
883 4763 1004 4827 ὃ).ος
1036 4763 1110 4828 ὡς
1142 4762 1272 4833 πῦρ.

297 4857 373 4931 η’.
424 4857 676 4925 ’Δόελερὸς
722 4855 971 4928 ἠρώτησε
1017 4854 1109 4907 τὸν
1153 4853 1328 4907 ἀ66ἄν
1363 4852 1586 4924 Ἰωσὴφ,
1627 4852 1802 4921 λέγων

217 4954 334 5014 ὅτι,
367 4950 520 5003 Θέλω
561 4947 795 5011 ἐξελθεῖν
835 4945 942 5000 ἀπὸ
987 4945 1082 4998 τοῦ
1125 4943 1412 5006 κοινοσίου,
1450 4944 1544 4997 καὶ
1584 4942 1801 4997 καθίσαι

220 5041 564 5112 καταμόνας.
588 5039 697 5093 Καὶ
729 5038 874 5106 λέγει
907 5035 1054 5108 αὐτῷ
1080 5037 1110 5088 6
1136 5035 1346 5106 γέρωνο
1386 5035 1557 5087 Ὅπου
1586 5033 1803 5105 βλέπεις

213 5138 325 5205 τὴν
355 5133 534 5204 ψυχήν
567 5149 661 5186 σου
693 5129 1112 5200 ἀναπαυομένην
1147 5131 1243 5183 καὶ
1278 5130 1352 5200 μὴ
1395 5126 1796 5199 βλαπτομένην,

215 5226 474 5280 κάθισον.
516 5223 682 5290 Λέγει
727 5219 873 5291 αὐτῷ
905 5223 936 5274 6
974 5219 1235 5289 ἀδελφόςσ
1279 5220 1389 5274 Καὶ
1421 5219 1501 5282 είς
1531 5215 1797 5272 κοινόσιον

210 5314 608 5386 ἀναπαύομαι,
632 5313 724 5368 καὶ
749 5313 1090 5383 καταμόνας·
1128 5310 1184 5364 τί
1211 5305 1304 5364 οὖν
1341 5309 1516 5374 θέλεις
1549 5309 1759 5381 ποιήσω
1779 5322 1832 5374 ;-

1905 4491 2146 4562 Surgens
2191 4490 2357 4561 igitur
2389 4505 2576 4552 senex,
2611 4502 2807 4542 manus
2848 4483 3094 4540 extendit
3141 4483 3193 4537 in
3233 4484 3469 4545 malum,

1903 4581 2142 4652 factique
2173 4589 2302 4635 sunt
2330 4579 2450 4649 ejus
2479 4579 2637 4650 digiti
2687 4578 2842 4633 velut
2882 4577 3070 4632 decem
3103 4574 3246 4644 ignis
3273 4575 3474 4643 lampa-

1902 4669 2028 4739 des;
2059 4678 2111 4726 et
2135 4671 2274 4725 dixit
2306 4669 2356 4725 ci
2389 4691 2400 4724 ς
2432 4667 2488 4724 Si
2520 4669 2622 4732 vis,
2653 4667 2865 4723 eﬂicere
2904 4673 3055 4720 totus
3094 4663 3269 4719 instar
3306 4662 3470 4732 ignis.

1973 4849 2025 4904 8.
2073 4849 2262 4904 Frater
2312 4847 2662 4917 interrogavit
2719 4845 2966 4901 abbatem
3022 4841 3322 4913 Josepbum
3371 4839 3474 4894 boc

1904 4949 2070 5012 pacto
2123 4959 2136 4994 :
2185 4942 2350 4995 Exire
2411 4939 2534 4994 volo
2583 4953 2614 4993 e
2666 4936 2916 4992 coenobio
2965 4943 3020 4991 et
3061 4932 3342 4990 solitarius
3391 4945 3480 4986 sc-

1901 5031 2052 5087 dere.
2101 5030 2244 5086 Dixit
2281 5031 2329 5086 ei
2373 5045 2538 5085 senex
2575 5048 2588 5084 :
2627 5026 2728 5083 Ubi
2779 5026 2982 5082 videris
3032 5025 3270 5077 animam
3324 5029 3473 5074 tuam

1901 5122 2330 5194 requiescentem
2361 5135 2463 5176 nec
2490 5121 2691 5175 damno
2721 5117 2989 5182 aﬂ'ectam,
3016 5115 3086 5169 ibi
3112 5112 3310 5168 reside.
3335 5108 3474 5164 Tum

1904 5214 2075 5270 frater
2128 5215 2196 5270 ad
2230 5211 2487 5269 eum:Et
2535 5211 2590 5267 in
2649 5209 2897 5266 emnobio
2950 5205 3167 5276 quietus
3220 5215 3376 5264 sum,
3422 5203 3476 5254 et

1903 5308 2122 5380 quando
2149 5307 2300 5364 solus
2325 5306 2463 5374 dego
2487 5321 2502 5359 :
2525 5302 2670 5375 quod
2696 5317 2826 5374 ergo
2857 5298 2990 5354 mihi
3018 5292 3312 5354 consilium
3337 5289 3480 5350 δαΐ

289 5475 344 5508 ⁸⁸
371 5472 461 5530 ΔΙ.
503 5469 630 5529 add.
661 5469 1046 5541 ἀναμάρτητον
1067 5466 1174 5539 γὰρ
1193 5465 1288 5537 τὴν
1313 5464 1484 5536 ψυχὴν
1510 5464 1664 5535 ξητεῖ
1684 5465 1711 5519 6
1733 5462 1885 5526 Θεὸς.
1963 5461 2008 5502 ⁸⁷
2036 5462 2120 5516 ΑΙ.
2146 5457 2476 5530 καθαριεύω.

291 5612 410 5684 (38)
446 5607 558 5684 Vit.
596 5609 745 5684 Ifatr.
777 5621 830 5670 x,
864 5608 950 5684 5_l_.

291 5678 407 5754 (39)
460 5681 566 5738 Vit.
605 5681 755 5734 Patr.
789 5695 841 5744 ι,
873 5678 955 5732 50.

1976 5602 2084 5674 (tn)
2129 5601 2233 5656 Vit.
2272 5598 2418 5654 Patr.
2451 5612 2548 5664 xu,
2577 5594 2630 5654 8.
