4012 6208
537 333 636 389 231

1702 325 2045 383 APPENDIX
2091 323 2181 379 AD
2222 324 2646 382 PALLADlUM.

3678 328 3787 390 15!

541 439 842 514 Respondit
879 456 1086 497 senex:
1121 444 1179 496 Si
1213 445 1566 513 conquiescis
1609 453 1722 500 tum
1757 447 1810 500 in
1843 443 2109 507 ctenobio,

2225 444 2388 512 Λέγει
2429 444 2578 516 αύτῷ
2624 446 2652 498 ό
2693 444 2901 517 γέρων·
2939 446 2999 499 ΕΙ
3025 446 3276 519 ἀναπαύῃ
3320 448 3399 511 εἰς
3439 445 3502 500 τδ
3542 445 3809 505 κοινισιον

539 539 656 589 tum
705 534 1020 602 solitarius;
1065 540 1245 590 statue
1301 538 1662 608 cogitationes
1708 545 1834 591 luas
1882 537 2027 592 velut
2061 537 2112 590 in

539 623 783 678 trutina:
817 632 870 678 et
906 624 994 678 ubi
1035 625 1240 680 videris
1280 627 1522 681 animum
1561 637 1712 682 tuum
1746 629 1920 699 magis
1954 628 2119 699 proli-

539 726 684 773 cere,
712 729 887 784 eoque
917 716 1278 786 propendere,
1308 717 1360 771 id
1397 716 1582 772 facito.

608 802 662 857 9.
691 803 941 859 Accessit
977 820 1170 860 senum
1223 809 1519 863 nonnullus
1550 807 1615 862 ad
1646 807 1890 864 sodalem
1931 822 2114 870 suum,

537 903 596 950 ut
645 897 809 951 simul
854 897 1107 951 abbatem
1157 897 1456 970 Joscplmm
1519 901 1850 970 inviserent;
1895 911 1948 957 et
1995 902 2112 956 ait:

541 983 779 1057 Ptzecipe
831 987 1106 1057 discipulo
1160 997 1286 1052 tuo,
1326 1001 1382 1044 ιιι
1413 991 1570 1048 nobis
1617 992 1834 1048 asinum
1883 1000 2112 1048 Sternat.

538 1075 633 1132 llle
664 1096 678 1133 :
715 1077 859 1133 Voca
891 1095 1038 1144 eum,
1078 1082 1221 1151 quod
1263 1084 1501 1140 volueris.
1545 1097 1894 1155 exsequetur.
1931 1085 2112 1140 Dicit:

537 1169 692 1236 Quod
743 1179 828 1227 est
861 1187 1060 1228 nomen
1093 1175 1187 1229 ei?
1216 1175 1514 1246 Respondit
1548 1197 1562 1233 :
1612 1176 1830 1234 Nescio.
1863 1177 2001 1232 Tum
2033 1180 2118 1232 al-

537 1269 658 1316 ter:
685 1262 728 1315 A
761 1279 1019 1333 quonam,
1044 1265 1242 1335 inquit.
1270 1275 1512 1338 tempore
1553 1277 1733 1324 tecum
1773 1271 1938 1340 degit,
1968 1270 2115 1341 quod

539 1368 736 1408 nomen
795 1355 944 1410 illius
983 1358 1272 1414 nescis?A
1316 1360 1530 1416 duobus
1575 1363 1754 1425 annis,
1799 1362 1936 1417 inﬁt.
1971 1361 2112 1417 Tum

535 1446 756 1516 excepit
810 1447 953 1502 alius
987 1468 1002 1502 :
1038 1447 1097 1502 Si
1131 1463 1185 1504 tu
1218 1465 1314 1519 per
1355 1451 1494 1508 duos
1541 1469 1714 1508 annos
1760 1470 1867 1508 non
1915 1469 2116 1524 cogno-

442 1568 460 1586 .
535 1534 663 1587 visti
703 1551 896 1589 nomen
943 1536 1196 1608 discipuli
1225 1540 1322 1604 tui,
1350 1557 1452 1610 ego
1483 1541 1548 1595 ad
1580 1559 1746 1596 unum
1793 1543 1938 1596 diem
1981 1543 2112 1613 quid

534 1641 675 1696 Opus
702 1628 874 1681 habeo
904 1639 961 1681 ut
995 1629 1127 1682 illud
1161 1630 1408 1685 discam?

609 1719 693 1772 10.
725 1719 1049 1788 Congregati
1072 1732 1202 1775 sunt
1226 1723 1522 1792 aliquando
1554 1722 1753 1779 fratres
1777 1724 1918 1795 apud
1953 1723 2116 1780 abba-

2225 538 2320 588 καὶ
2349 535 2684 606 καταμόνας,
2719 536 2914 607 στῆσον
2943 538 3068 601 τοὺς
3091 537 3183 590 δύο
3203 538 3495 608 λογισμούς
3521 556 3618 593 σου
3649 540 3726 605 ὡς
3750 541 3810 594 ιν

2225 626 2375 696 ζυγῷ
2396 643 2408 656 ·
2443 627 2538 681 καὶ
2583 629 2720 681 ὅπου
2754 627 2972 698 βλέπεις
2999 630 3079 682 ὅτι
3107 628 3306 698 μᾶλλον
3355 630 3471 683 ἐκεῖ
3511 629 3811 700 ὠφελεῖται

2225 718 2319 770 καὶ
2341 719 2568 787 κατάγει
2589 719 2618 771 ό
2639 719 2896 790 λογισμός
2928 738 3044 784 σου,
3074 719 3231 773 τοῦτο
3257 721 3500 793 ποίησον.

2294 809 2357 864 0'.
2401 810 2682 882 Παρέλαὸέ
2718 829 2800 875 τις
2835 811 2954 865 τῶν,
2976 813 3246 882 γερόντων
3276 812 3408 881 πρὸς
3446 815 3537 867 τὸν
3584 816 3800 886 ἑταῖρον

2222 900 2409 966 αὐτοῦ,
2439 901 2523 955 ἵνα
2554 902 2875 965 ἀπελθόντες
2905 902 3304 970 ἐπισκέψωνται
3348 902 3438 956 τὸν
3470 903 3642 958 ἁόϐᾶν
3686 907 3804 959 Ἰω-

2227 993 2362 1062 σήφ·
2399 993 2492 1046 καὶ
2523 992 2703 1062 λέγει·
2753 993 2888 1046 Εἰπὲ
2917 992 2992 1064 τῷ
3025 992 3239 1064 μαθητῇ
3285 1011 3399 1058 σου,
3448 995 3537 1049 ἵνα
3582 997 3800 1070 στρὼσῃ

2221 1084 2351 1154 ἡμῖν
2379 1081 2468 1137 τδν
2513 1085 2652 1138 δνον.
2683 1084 2792 1138 Καὶ
2825 1084 3006 1152 λέγει·
3040 1084 3292 1154 Φὼνησον
3322 1084 3483 1138 αὐτόν
3503 1101 3518 1117 ·
3545 1087 3639 1140 καὶ
3672 1087 3801 1140 εἴτι

2221 1172 2395 1240 θέλεις
2443 1178 2604 1230 ποιεῖ.
2651 1176 2848 1244 Λέγει·
2883 1176 2979 1239 Τίς
3017 1174 3298 1239 καλεῖται;
3337 1175 3395 1228 '0
3428 1175 3484 1228 δὲ
3511 1175 3646 1248 εφη·
3685 1179 3799 1231 υὺκ

2219 1263 2354 1322 οἶδα.
2383 1269 2492 1321 Καὶ
2519 1269 2668 1336 λέγει
2704 1266 2852 1338 αὐτῷ
2874 1284 2888 1298 ο
2921 1264 3092 1318 Πόσον
3125 1265 3312 1337 χρόνον
3353 1265 3463 1336 ἔχει
3503 1266 3640 1337 μετά
3679 1266 3797 1330 σοῦ,

2219 1357 2302 1410 ὅτι
2326 1357 2426 1410 ούκ
2453 1355 2599 1420 οἶδας
2630 1357 2692 1411 τὸ
2719 1357 2887 1426 ὄνομα
2915 1354 3110 1419 αὐτοῦς
3147 1355 3256 1408 Καὶ
3294 1350 3445 1409 εἶπεν
3463 1373 3478 1387 ·
3517 1357 3672 1426 Ἔχει
3703 1357 3800 1412 δύο

2221 1445 2413 1516 ἐτη.⁹0
2443 1449 2498 1501 δὲ
2531 1447 2633 1519 ἔφη
2660 1463 2674 1477 ·
2703 1447 2830 1501 Et“
2856 1448 2920 1500 σὺ
2950 1445 3042 1498 δύο
3084 1445 3178 1516 ἔτη
3227 1445 3328 1499 οὐκ
3371 1443 3517 1510 οἶδας
3542 1447 3603 1500 τὸ
3627 1447 3796 1519 ὄνομα

2219 1537 2311 1589 τοῦ
2339 1538 2580 1609 μαθητοῦ
2617 1556 2732 1601 σου,
2767 1537 2876 1608 ἐγὼ
2904 1539 2980 1601 είς
3011 1538 3141 1608 μίαν
3167 1538 3377 1610 ἡμέραν
3401 1538 3453 1590 τί
3481 1538 3588 1609 ἔχω
3607 1539 3795 1610 χρείαν

2224 1627 2418 1696 μαθεῖν
2451 1629 2614 1692 αὑτό;

2292 1723 2342 1768 ι’.
2386 1715 2736 1787 Συνήχθησαν
2765 1717 2984 1787 ἀδελφοί
3011 1733 3140 1771 ποτε
3168 1717 3302 1790 πρὸς
3340 1719 3439 1772 τδν-
3465 1719 3638 1773 ἀϐσαν
3675 1722 3791 1776 Ἰω-

536 1819 640 1862 tem
673 1807 970 1879 Josephum
1004 1829 1016 1864 :
1050 1813 1252 1880 quibus
1278 1813 1597 1868 sedentibus
1626 1826 1788 1885 atque
1819 1816 1998 1886 ipsum
2026 1817 2108 1870 in-

2224 1809 2320 1878 πήφ
2340 1823 2355 1840 ·
2385 1808 2480 1860 καὶ
2513 1808 2836 1880 καθημένων
2879 1809 3075 1873 αὐτῶν,
3105 1813 3197 1864 καὶ
3248 1810 3647 1881 ἐπερωτώντων
3692 1813 3791 1865 αύ-

534 1901 963 1970 terrogantibus.
1006 1903 1313 1972 gaudebat;
1355 1915 1408 1960 et
1458 1905 1616 1961 laetus
1650 1907 1788 1960 dixit
1839 1907 1920 1963 eis
1954 1927 1968 1963 :
2004 1907 2114 1980 Ego

536 1991 695 2046 hodie
719 2008 814 2047 rex
834 2008 952 2048 sum
975 2009 989 2059 ;
1027 2009 1152 2048 nam
1185 2011 1350 2066 super
1373 1997 1598 2053 allectus
1629 2001 1872 2068 regnavi.

633 2084 719 2140 11.
755 2085 987 2140 Aiebant
1017 2086 1084 2141 de
1124 2087 1319 2143 abbate
1345 2086 1579 2160 Josepho
1599 2105 1630 2145 e
1658 2089 1933 2162 Pancpho,
1969 2093 2113 2162 quod

533 2190 658 2229 cum
702 2176 814 2246 jam
857 2188 1002 2234 esset
1041 2175 1360 2246 moriturus,
1386 2182 1701 2240 sedentibus
1740 2185 1982 2250 senibus,
2024 2185 2113 2240 in-

533 2265 763 2322 tendens
794 2269 846 2322 iu
885 2272 1108 2334 ostium,
1145 2273 1422 2342 aspexerit
1453 2273 1730 2328 diabolum
1761 2276 1872 2329 illic
1917 2275 2114 2332 sedeo.

533 2363 678 2423 tem;
711 2365 1016 2426 vocatoque
1042 2357 1338 2429 discipulo,
1368 2360 1572 2414 dixerit
1601 2378 1615 2417 :
1649 2349 1798 2416 Aﬂer
1820 2361 2110 2430 baculum;

535 2448 638 2502 iste
671 2447 816 2502 enim
847 2449 1148 2514 existimat,
1175 2465 1262 2505 me
1287 2464 1472 2504 senem
1496 2450 1725 2519 factum,
1751 2468 1859 2508 non
1877 2455 2114 2526 amplius

534 2536 589 2590 in
627 2551 752 2592 eum
786 2537 984 2592 valere.
1017 2536 1196 2608 thue
1228 2540 1482 2595 baculum
1533 2557 1698 2599 manu
1733 2547 1927 2610 tenuit,
1962 2547 2115 2604 vide-

535 2635 664 2682 runt
688 2644 846 2684 senes
876 2629 1021 2699 quod
1050 2631 1304 2688 diabolus
1333 2649 1428 2704 per
1447 2633 1694 2704 januam,
1728 2636 1900 2693 instar
1926 2640 2104 2703 canis,

534 2720 799 2775 subduxit
825 2736 905 2787 se,
931 2737 1033 2778 nec
1065 2724 1300 2794 amplius
1326 2728 1661 2817 comparuit.

1080 2837 1158 2893 De
1176 2839 1368 2894 abbate
1387 2837 1428 2893 ,1
1430 2841 1614 2896 acobo.

608 2946 660 3002 1.
692 2944 838 3001 Dixit
866 2947 1035 3003 abbas
1061 2946 1300 3010 Iacobus
1323 2966 1337 3004 :
1371 2950 1547 3022 Maius
1567 2959 1654 3009 est
1673 2951 1942 3025 hospitem
1965 2971 2108 3021 esse.

531 3051 698 3106 quam
733 3037 1003 3106 hospitem
1033 3036 1336 3108 suscipere.

2214 1898 2328 1958 τὸν,
2359 1897 2572 1972 ἔχαιρε·
2602 1903 2695 1954 καὶ
2719 1899 3166 1973 προθυμούμενος
3190 1902 3373 1972 ἔλεγεν
3396 1903 3606 1968 αὐτοῖς·
3653 1905 3794 1973 Ἐγὼ

2216 1989 2467 2060 βασιλεύς
2499 1994 2612 2062 εἰμι
2639 1993 2878 2062 σήμερον
2899 2009 2912 2022 ·
2942 1993 3267 2048 ἐϐασίλευσα
3289 1994 3396 2064 γάρ
3417 1995 3509 2046 ἐπὶ
3531 1994 3598 2048 τά
3622 1995 3789 2066 πάθη.

2243 2101 2260 2116 ·
2289 2091 2378 2138 ια’.
2424 2083 2649 2153 Ἔλεγον
2701 2085 2825 2156 περὶ
2871 2084 2965 2138 τοῦ
2996 2084 3140 2139 ἀεὸά
3181 2087 3379 2158 Ἰωσὴφ
3410 2088 3508 2158 τῆς
3538 2087 3790 2156 Πανεφὼ.

2213 2175 2294 2227 ὃτι
2325 2175 2608 2245 μέλλοντος
2643 2175 2808 2229 αὑτοῦ
2839 2177 3117 2250 τελευτᾷν,
3145 2177 3469 2248 καθημένων
3501 2181 3792 2252 γερόντων.

2213 2265 2466 2336 προσχὼν
2492 2266 2629 2337 πρὸς
2665 2266 2763 2338 τὴν
2785 2267 2996 2339 θυρίδα,
3029 2267 3135 2322 εἶδε
3149 2269 3194 2301 "
3223 2270 3312 2323 τὸν
3342 2269 3588 2324 διάϐολον
3623 2272 3796 2342 καθή-

2215 2375 2375 2427 μενον
2408 2357 2545 2430 πρὸς
2573 2361 2641 2431 τῇ
2677 2359 2882 2432 θυρίδι·
2925 2363 3018 2415 καὶ
3051 2362 3297 2434 φωνήσας
3323 2363 3400 2433 τῷ
3441 2363 3656 2436 μαθητῇ
3693 2366 3793 2419 a5-

2211 2446 2326 2511 τοῦ,
2363 2448 2516 2518 ἔλεγε
2535 2466 2550 2481 ·
2586 2449 2722 2524 Φέρε
2753 2451 2850 2522 τὴν
2880 2450 3108 2523 ῥάϐδον·
3135 2451 3342 2523 νομίζει
3381 2454 3490 2524 γὰρ
3529 2449 3684 2518 οὗτος
3711 2456 3797 2509 ὅτι

2213 2539 2480 2613 ὲγήρασα,
2525 2541 2620 2594 καὶ
2655 2543 2756 2596 οὐκ
2798 2541 2877 2596 ἔτι
2910 2544 3146 2615 δύναμαι
3183 2545 3318 2616 πρὸς
3347 2545 3529 2601 αὐτόν.
3564 2547 3675 2600 Καὶ
3716 2547 3808 2610 ὡς.

2213 2629 2440 2701 κατέσχε
2473 2632 2572 2707 τὴν
2599 2632 2815 2704 ράῦδον,
2848 2632 3043 2688 εῐδοντθ
3069 2636 3119 2688 οἱ
3147 2635 3399 2707 γέροντες
3423 2636 3505 2690 ὅτι
3527 2636 3792 2707 ὲχάλασεν

2213 2719 2399 2773 ἑαυτὸν
2421 2719 2496 2785 ὼς
2525 2706 2670 2776 κύων
2696 2722 2783 2778 διὰ
2804 2723 2904 2794 τῆς
2929 2723 3164 2797 θυρίδος,
3196 2706 3290 2780 καὶ
3318 2726 3524 2798 ἀφανὴς
3555 2706 3788 2796 ἐγένετο.

2608 2835 2750 2906 Περὶ
2784 2836 2892 2892 τοῦ
2916 2835 3066 2894 ἀϐσὰ
3093 2838 3380 2895 Ἰακώϐου.

2199 2982 2202 2985 -
2287 2951 2355 2997 α’.
2397 2939 2566 2999 Εἶπεν
2611 2946 2640 2998 ὁ
2689 2945 2864 3010 άεϐᾶς
2905 2947 3162 3013 Ἰάκωϐος
3203 2951 3306 3015 ὃτι,
3343 2950 3540 3014 Μεῖζόν
3585 2954 3700 3006 ἐστι
3733 2955 3794 3009 τὸ

2214 3033 2513 3100 ξενιτεῦσαι
2539 3037 2691 3108 παρὰ
2722 3037 2784 3091 τὸ
2817 3037 3130 3110 ξενοδοχεῖν.

603 3127 656 3182 2.
686 3127 890 3185 Monuit
921 3129 1109 3198 etiam,
1133 3146 1256 3186 eum
1287 3131 1381 3202 qui
1410 3131 1688 3198 laudatur,
1709 3133 1909 3190 debere
1934 3151 2109 3207 repu-

2285 3125 2350 3196 β’.
2398 3127 2592 3196 Ἔλεγε
2633 3128 2816 3193 πάλιν,
2845 3131 2927 3183 ὅτι
2952 3133 3361 3204 ἐπαινούμενον.
3387 3134 3466 3188 δεῖ
3484 3135 3795 3202 λογίζεσθαι

530 3227 648 3272 tare
679 3228 902 3288 peccata
957 3236 1079 3285 sua,
1106 3229 1162 3278 et
1209 3223 1450 3293 c03itare
1498 3223 1640 3292 quod
1684 3239 1792 3279 non
1833 3232 2107 3281 mereatur

2224 3215 2306 3282 τὰς
2335 3219 2609 3290 ἁμαρτίας
2645 3220 2829 3287 αὑτοῦ,
2864 3224 2956 3276 καὶ
2987 3225 3183 3278 ἐννοεῖν
3220 3227 3301 3280 ὅτι
3332 3227 3429 3280 ούκ
3462 3227 3609 3281 ἔστιν
3643 3229 3794 3294 ἄξιος

531 3309 722 3366 laudes
750 3312 1044 3380 ejusmodi.

597 3403 651 3457 ὃ.
682 3401 793 3473 (41)
840 3401 1038 3457 lterum
1088 3402 1268 3459 dixit:
1303 3401 1460 3460 Sicut
1513 3404 1736 3460 lucerna
1771 3405 1826 3460 in
1869 3406 2106 3462 obscuro

529 3489 781 3546 cubiculo
812 3491 1098 3548 colluStrat
1127 3511 1140 3547 :
1176 3494 1250 3548 ita
1281 3495 1447 3550 etiam
1480 3495 1645 3550 timor
1661 3494 1756 3551 Dei
1783 3511 1907 3552 cum
1941 3513 2106 3554 vene-

533 3581 604 3636 rit
639 3582 692 3636 in
727 3597 826 3638 cor
861 3583 1124 3650 hominis,
1149 3584 1424 3642 illuminat
1453 3603 1602 3654 eum,
1629 3587 1900 3660 docetque
1933 3589 2105 3646 virtu-

531 3683 615 3729 tes
640 3684 869 3731 cunctas
899 3683 952 3730 et
984 3674 1077 3732 Dei
1108 3677 1385 3733 mandata.

603 3767 660 3822 4.
693 3765 934 3824 Rursum
965 3769 1107 3826 hanc
1137 3772 1458 3828 sententiam
1483 3775 1710 3844 protulit
1736 3793 1751 3831 :
1776 3773 1894 3830 Non
1927 3775 2104 3831 solum

532 3857 716 3914 verbis
747 3873 887 3929 opus
923 3869 1008 3916 est
1037 3880 1052 3916 :
1091 3861 1196 3918 boc
1215 3862 1361 3917 enim
1386 3871 1630 3934 tempore
1659 3865 1951 3935 plurimum
1983 3881 2106 3921 vero

533 3949 724 4005 borum
753 3959 838 4007 est
869 3953 1011 4008 inter
1065 3953 1335 4010 homines.
1373 3953 1481 4011 Sed
1515 3972 1654 4027 opus
1695 3969 1777 4014 est
1822 3973 2021 4030 opere;
2052 3958 2107 4013 id

531 4043 676 4095 enim
711 4051 795 4097 est
842 4043 990 4112 quod
1043 4045 1348 4114 quaeritur;
1385 4060 1495 4102 non
1528 4055 1709 4103 autem
1757 4049 1944 4114 verba,
1985 4063 2108 4119 qua:

535 4131 768 4188 fructum
803 4151 910 4189 non
946 4135 1146 4192 ferunt.

1039 4247 1116 4302 De
1139 4249 1324 4305 abbate
1357 4249 1406 4304 11
1413 4252 1599 4306 icracc.

603 4358 653 4411 1.
679 4355 870 4414 Frater
900 4362 1112 4430 rogavit
1137 4363 1388 4419 abbatem
1409 4365 1693 4424 Hieracem
1723 4387 1736 4423 :
1762 4367 1954 4425 Profer
1971 4371 2102 4425 mihi

2205 3308 2314 3362 τῶν
2341 3309 2670 3380 λεγομένων.

2275 3407 2346 3470 γ’.
2389 3397 2526 3456 Εἷπε
2553 3403 2736 3470 πάλιν,
2759 3405 3068 3470 δτιὭσπερ
3089 3406 3277 3478 λύχνος
3297 3410 3356 3463 tv
3382 3411 3638 3482 σκοτεινῷ
3677 3430 3796 3466 κοι-

2205 3490 2338 3544 τῶνι
2361 3494 2607 3563 φωτίζει,
2627 3495 2801 3561 οὕτως
2834 3498 2927 3550 καὶ
2957 3499 2986 3550 ό
3008 3497 3172 3566 φόϐος
3195 3499 3288 3554 τοῦ
3321 3500 3478 3566 Θεοῦ,
3509 3503 3638 3556 ὅταν
3663 3503 3793 3576 ἔλθῃ

2208 3583 2287 3646 είς
2323 3585 2548 3658 καρδίαν
2582 3586 2889 3656 ἀνθρώπου,
2927 3589 3159 3659 φωτίζει
3199 3591 3379 3658 αὑτὸν,
3409 3593 3503 3646 καὶ
3551 3593 3795 3650 διδάσκει

2209 3675 2387 3740 πάσας
2414 3679 2511 3742 τάς
2538 3679 2739 3752 ἀρετὰς
2759 3681 2854 3734 καὶ
2881 3681 2981 3746 τὰς
3009 3683 3229 3745 ἐντολάς
3252 3683 3346 3737 τοῦ
3380 3684 3540 3739 Θεοῦ,

2275 3768 2337 3821 δ’.
2381 3765 2514 3823 Eine
2543 3771 2705 3826 πάλιν
2725 3789 2742 3804 ·
2777 3774 2892 3828 Ούκ
2919 3773 3036 3828 ἔστι
3069 3776 3229 3846 χρεία
3251 3776 3428 3846 λόγων
3453 3777 3612 3848 μόνον
3630 3793 3647 3809 ·
3679 3779 3790 3831 εἰσὶ

2207 3859 2315 3932 γὰρ
2343 3861 2527 3915 πολλοὶ
2558 3863 2706 3933 λόγοι
2729 3865 2788 3918 tv
2819 3869 2932 3930 τοῖς
2957 3866 3264 3938 ἀνθρώποις
3284 3870 3342 3923 tv
3367 3867 3445 3938 τῷ
3475 3867 3654 3940 καιρῷ
3673 3870 3791 3922 τούς

2207 3969 2304 4023 τῳ.
2323 3951 2483 4006 Ἀλλὰ
2523 3948 2682 4026 χρεία
2711 3957 2859 4011 ἐστὶν
2891 3957 3082 4030 ἔργου·
3117 3959 3248 4013 αὐτὸ
3297 3959 3406 4032 γάρ
3433 3960 3549 4014 ἐστι
3585 3959 3647 4013 τὸ
3693 3957 3789 4031 ζηο

2207 4044 2484 4115 τούμενον,
2519 4047 2612 4099 καὶ
2643 4047 2704 4100 οὐ
2735 4047 2906 4117 λόγοι,
2941 4049 3138 4113 οἵτινες
3173 4051 3272 4104 οὐκ
3302 4050 3481 4121 έχουσι
3520 4049 3753 4122 καρπόν.

2609 4249 2747 4318 Περὶ
2775 4251 2878 4307 τοῦ
2909 4251 3061 4308 άϐὄᾶ
3101 4252 3371 4322 Ἱέρακος.

2277 4362 2343 4409 α’.
2402 4357 2650 4426 Ἀδελφδς
2683 4361 2935 4435 ἠρώτησε
2965 4365 3059 4418 τὸν
3087 4364 3263 4420 άσόᾶν
3304 4365 3542 4438 Ὶέρακα,
3569 4367 3744 4437 λέγων
3769 4388 3783 4400 ·

532 4463 864 4512 sermonem,
893 4467 1136 4520 quonam
1187 4454 1347 4509 modo
1383 4458 1568 4511 salvus
1606 4458 1772 4512 (iam?
1803 4457 2104 4532 Respondit

2224 4445 2344 4500 Εἰπέ
2375 4465 2464 4518 μοι
2501 4449 2681 4518 λόγον,
2727 4452 2844 4518 πῶς
2889 4455 3078 4522 σωθῶ;
3111 4457 3274 4525 Λέγει
3312 4457 3460 4529 αὐτῴ
3500 4461 3529 4511 ό
3567 4460 3746 4530 γέρων
3771 4478 3785 4490 °

532 4541 580 4595 ei
616 4556 780 4596 senex
817 4560 828 4594 :
859 4539 997 4597 Sede
1029 4541 1083 4597 in
1115 4545 1249 4598 cella
1277 4557 1396 4612 tua;
1429 4547 1472 4601 si
1503 4549 1785 4614 esurieris,
1814 4553 2102 4617 manduca,

529 4636 573 4690 si
607 4633 840 4696 sitieris.
873 4635 1030 4702 bibe;
1061 4635 1127 4690 ad
1160 4637 1274 4692 haec
1306 4638 1412 4692 noli
1446 4639 1512 4694 de
1546 4655 1821 4711 quoquam
1842 4644 1980 4698 male
2027 4645 2106 4698 lo-

527 4725 643 4796 qui,
683 4733 736 4779 et
771 4727 955 4782 salvus
978 4729 1108 4784 eris.
1856 4743 1866 4751 ’

595 4815 648 4869 2.
678 4815 823 4871 Idem
869 4818 1006 4872 dixit
1038 4839 1052 4876 :
1084 4819 1372 4890 Nunquam
1423 4822 1740 4877 sacularem
1794 4839 2099 4884 sermonem

526 4918 618 4960 ⁶ιυι
647 4908 868 4976 protuli,
906 4918 1000 4962 aut
1041 4911 1186 4964 volui
1221 4911 1429 4968 audire.

927 4997 998 5054 De
1019 5001 1204 5056 abbate
1231 5002 1435 5057 Joanne
1453 5005 1708 5062 eunucho.

603 5108 654 5162 1.
689 5107 872 5166 Abbas
901 5108 1142 5166 Joannes
1171 5111 1478 5179 eunuchus,
1515 5129 1638 5169 cum
1674 5125 1819 5173 esset
1857 5118 2096 5188 juvenis,

530 5214 715 5255 senem
758 5202 838 5258 sic
885 5202 1242 5272 interrogavit
1299 5222 1311 5258 :
1363 5203 1644 5270 Quomodo
1692 5224 1787 5266 vos
1841 5214 2097 5281 potuistis

529 5300 786 5357 peragere
809 5306 946 5361 opus
983 5291 1076 5345 Dei
1107 5293 1160 5346 in
1199 5292 1386 5362 requie
1413 5309 1428 5358 ;
1458 5310 1558 5350 nos
1599 5311 1727 5351 vero
1757 5315 1933 5370 neque
1971 5317 2097 5358 cum

525 5369 716 5426 labore
748 5379 1076 5443 possumus?
1105 5377 1408 5452 Respondit
1435 5398 1598 5440 senex
1625 5403 1637 5440 :
1665 5385 1775 5443 Nos
1803 5369 2096 5457 valuimus.

601 5546 649 5582 ⁸⁸
676 5547 762 5600 ΑΙ.
799 5551 896 5612 εἰς.

979 5552 1023 5584 ⁸⁸
1049 5553 1132 5609 ΑΙ.
1164 5558 1255 5610 ἴδε.
1335 5560 1381 5592 ⁷ο
1414 5560 1493 5616 Al.
1517 5559 1648 5616 ἴδον.

600 5703 713 5775 (Μ)
758 5702 858 5758 Vit.
891 5707 1044 5760 Patr.
1087 5723 1164 5771 III,
1200 5711 1249 5762 7.

2208 4538 2385 4598 Κάθου
2416 4549 2495 4611 είς
2519 4549 2578 4601 τὸ
2609 4550 2816 4603 κελλίον
2851 4569 2976 4605 σου·
3012 4553 3106 4606 ἐὰν
3137 4555 3349 4625 πεινᾷς,
3377 4555 3545 4624 φάγε·
3577 4555 3676 4608 ἐὰν
3707 4555 3792 4610 διο

2205 4633 2330 4706 ψᾷς,
2357 4640 2446 4692 πίε
2466 4657 2479 4670 ·
2513 4643 2605 4694 καὶ
2643 4643 2717 4712 μὴ
2750 4644 3124 4718 κακολογήσῃς
3156 4645 3280 4699 τινά
3303 4661 3317 4674 ·
3344 4647 3438 4700 καὶ
3473 4645 3640 4718 σώζῃ.

2279 4814 2342 4884 β’.
2394 4817 2455 4871 Ὀ
2495 4819 2654 4882 αὐτὸς
2692 4814 2867 4886 εἶπεν,
2903 4821 2986 4874 ὅτι
3011 4820 3278 4876 Οὐδέποτε
3323 4821 3584 4894 κοσμικδν
3629 4821 3792 4889 λόγον

2208 4905 2240 4976 ἦ
2277 4903 2448 4973 εἶπον,
2490 4911 2521 4980 ἢ
2551 4911 2790 4982 ἠθέλησα
2821 4913 3074 4967 ἀκοῦσαι.

2380 5019 2518 5087 Περὶ
2548 5019 2652 5074 τοῦ
2678 5021 2828 5076 ἀόὅᾶ
2864 5022 3134 5078 Ἰωάννου
3166 5023 3270 5078 τοῦ
3303 5024 3625 5092 εὐνούχου.

2221 5181 2224 5184 .
2278 5134 2346 5178 α’.
2404 5128 2460 5183 Ὀ
2512 5131 2684 5196 ἀϐὃᾶς
2725 5134 2975 5206 Ἰωάννης
3017 5138 3046 5189 ὁ
3093 5136 3368 5207 εὐνοῦχος,
3403 5135 3668 5206 νεώτερος
3713 5133 3796 5187 ὢν

2207 5216 2454 5289 ἠρώτησε
2473 5222 2724 5294 γέροντα,
2752 5225 2927 5294 λέγων
2947 5243 2964 5259 ·
2987 5227 3112 5292 Πῶς
3139 5229 3298 5298 ὑμεῖς
3315 5227 3616 5298 ἠδυνήθητε
3637 5229 3797 5296 novi;-

2210 5323 2298 5361 σαι
2340 5309 2400 5362 τὸ
2440 5309 2600 5382 ἔργον
2626 5313 2718 5367 τοῦ
2749 5316 2884 5370 Θεοῦ
2922 5319 2982 5372 tv
3017 5319 3356 5372 ἀναπαύσει·
3390 5319 3551 5389 ἡμεῖς
3574 5318 3632 5370 δὲ
3665 5319 3795 5372 οὐδὲ

2210 5399 2346 5466 μετὰ
2372 5401 2541 5456 κόπου
2578 5405 2801 5477 ποιῆσαι
2833 5409 3142 5482 δυνάμεθα;
3184 5411 3294 5466 Καὶ
3321 5409 3470 5479 λέγει
3499 5409 3530 5464 ὸ
3563 5407 3749 5481 γέρων
3774 5423 3797 5444 ο
