4036 6202
259 311 366 368 233

1431 311 2042 396 ΑΡΟΡῌΪΒΕΕΜΑΤΑ
2084 321 2390 383 PATRUM.

3407 324 3512 383 93$

269 431 466 503 Ἢμεῖς
496 427 862 500 ἠδυνήθημεν,
894 426 1084 498 ἐπειδὴ
1114 424 1407 497 κειξάλαιον
1431 427 1628 501 ἔχομεν
1659 428 1720 482 τδ
1748 428 1841 502 ἐρο-

1948 431 2089 523 qnia’
2120 436 2380 506 prmcipui
2428 435 2547 518 loco
2611 436 2901 492 habuimus
2944 450 3081 506 opus
3129 435 3254 504 Dei,
3300 441 3513 501 minimi

263 539 358 593 γον
391 518 486 572 τοῦ
523 517 683 584 θεοῦ,
709 519 808 589 τὴν
858 519 915 572 δέ
959 518 1146 589 χρείαν
1175 519 1272 590 τὴν
1302 520 1617 595 σωματικὴν
1659 519 1841 592 ἐλάχι-

270 625 420 668 στον·
466 610 630 679 ὑμεῖς
681 608 740 661 δὲ
797 609 1094 678 κεφάλαιον
1155 609 1304 678 ἔχετε
1361 610 1460 678 τὴν
1529 611 1842 683 σωματικὴν

269 698 470 772 χρείαν,
500 696 563 748 τὸ
599 695 655 749 δὲ
681 695 841 768 ἔργον
870 696 962 749 τοῦ
996 696 1133 749 Θεοῦ
1157 698 1258 751 οὐκ
1285 698 1725 771 ἀναγκαιότερον.
1743 700 1843 755 Διά

267 790 418 846 soi-aro
446 787 707 859 κάμνετε,
742 788 838 840 καὶ
865 785 954 840 διὰ
979 787 1138 841 τοῦτο
1163 790 1192 842 6
1223 789 1416 860 Σωτὴρ
1449 786 1569 843 εἶπε
1595 794 1707 856 τοῖς
1742 810 1844 863 μα-

269 878 485 948 Θηταῖς·
533 875 948 944 Ὀλιγόπιστοι,
988 875 1206 943 ζητεῖτε
1243 878 1476 947 πρῶτον
1516 881 1631 950 τὴν
1654 883 1841 946 βασι-

276 970 434 1022 (star
458 965 564 1021 τοῦ
605 965 775 1030 Θεοῦ,
797 965 899 1020 καί
929 961 1121 1021 ταῦτα
1145 968 1342 1022 πάντα
1368 970 1842 1039 προστεθήσεται

265 1060 427 1128 ὑμῖν.

332 1154 400 1224 β’.
444 1148 613 1207 Εῐπεν
652 1155 682 1207 6
721 1152 896 1216 ἀὸὁᾶς
937 1153 1211 1222 Ἰωάννης,
1239 1155 1322 1207 ὅτι
1353 1156 1382 1208 6
1416 1157 1605 1228 Πατὴρ
1633 1159 1788 1230 ἡμῶν
1814 1162 1844 1212 6

261 1245 436 1309 ἀὸὄᾶς
469 1243 750 1308 Ἀντώνιος
789 1241 966 1307 εἶπεν,
998 1246 1082 1298 ὅτι
1116 1245 1383 1300 Οὐδέποτε
1409 1249 1468 1300 τὸ
1489 1251 1682 1303 ἑαυτοῦ
1707 1268 1844 1324 συμ-

264 1338 427 1410 φέρον
461 1337 757 1409 προέκρινα
794 1337 894 1406 τῆς
921 1336 1016 1390 τοῦ
1050 1336 1279 1406 ἀδελφοῦ
1310 1356 1412 1409 μου
1438 1339 1720 1410 ὠφελείας.

333 1436 404 1498 γ’.
450 1429 674 1498 Ἔλεγεν
721 1430 750 1482 6
792 1428 966 1491 assa;
1001 1426 1249 1500 Ἰωάννης
1283 1431 1311 1483 6
1344 1431 1519 1502 Κίληξ
1549 1435 1576 1486 6
1608 1434 1844 1504 ἡγούμε.

265 1538 353 1584 νος
376 1521 475 1590 τῆς
511 1519 750 1582 Ῥαῐοοῦ,
780 1523 893 1584 τοῖς
916 1520 1165 1590 ἀδελφοῖς
1187 1538 1201 1552 ⁸
1235 1521 1432 1586 Τέκνα,
1464 1524 1540 1588 ὡς
1567 1525 1842 1596 ἐφύγομεν

265 1612 353 1664 τὸν
388 1613 611 1682 κόσμον,
649 1611 912 1682 φύγωμεν
949 1611 1044 1665 καὶ
1091 1611 1190 1676 τὰς
1235 1613 1528 1685 ἐπιθυμίας
1563 1616 1663 1686 τῆς
1707 1634 1842 1689 σαρ-

266 1704 359 1764 κός
379 1705 392 1756 ε

1945 541 2075 580 vero
2105 527 2445 598 corporalem
2496 529 2880 584 necessitatem
2915 549 2928 583 :
2963 545 3057 586 vos
3097 539 3276 586 autem
3325 536 3516 604 praeci-

1944 631 2114 686 puum
2137 617 2342 673 ducitis
2365 620 2745 675 necessitatem
2779 622 3136 690 corporalem,
3161 639 3298 692 opus
3332 633 3512 682 autent

1945 707 2036 762 Dei
2087 726 2198 763 rem
2229 711 2408 765 minus
2438 713 2824 766 necessariam.
2847 712 2972 767 ldeo
3007 714 3266 769 laboratis
3291 733 3305 770 :
3333 725 3387 770 et
3415 731 3510 771 ea-

1945 808 2164 869 propter
2213 799 2462 856 Salvator
2513 803 2796 872 discipulis
2841 805 2956 858 suis
3009 805 3147 859 dixit
3189 824 3201 859 :
3252 805 3511 864 llomines

1943 891 2164 947 modica:
2205 892 2350 962 ﬁdei,
2378 895 2599 964 qumrite
2642 896 2872 963 primum
2917 913 3132 966 regnum
3178 897 3290 960 Dei,
3323 907 3371 951 et
3405 898 3515 954 Itazc

1943 983 2122 1035 omnia
2145 981 2468 1052 adjicieutur
2502 983 2644 1038 vobis
2674 985 2740 1038 τ’.

2013 1160 2046 1212 2
2109 1160 2359 1216 Narravit
2403 1162 2574 1216 abbas
2625 1159 2884 1225 Joannes,
2929 1162 3074 1232 quod
3123 1161 3283 1217 Pater
3330 1171 3516 1222 noster

1945 1250 2115 1306 abbas
2152 1251 2422 1306 Antonius
2449 1252 2648 1306 dixerit
2677 1271 2689 1306 :
2719 1249 3009 1322 Nunquam
3055 1269 3233 1308 meum
3274 1268 3518 1310 commo-

1943 1341 2073 1396 dum
2110 1343 2331 1397 utilitati
2371 1344 2557 1398 fratris
2586 1345 2690 1399 mei
2727 1345 2958 1414 praetuli.

2013 1433 2067 1488 5.
2103 1433 2215 1503 (45)
2243 1434 2425 1488 Abbas
2449 1433 2688 1490 Joannes
2712 1434 2874 1500 Cilix,
2903 1437 3234 1506 przepositus
3266 1437 3319 1490 in
3350 1435 3519 1492 Rhai-

1943 1520 2063 1586 thu,
2108 1521 2323 1577 dicebat
2371 1523 2634 1580 fratribus
2665 1546 2676 1580 :
2704 1525 2848 1590 Filii,
2887 1527 3027 1586 sicut
3072 1525 3310 1598 fugimus
3357 1543 3519 1582 mune

1941 1613 2095 1680 dum,
2128 1612 2403 1684 fugiamus
2433 1617 2640 1685 pariter
2667 1618 2853 1672 carnis
2881 1618 3225 1688 cupiditates.

330 1794 374 1846 δ’
436 1789 572 1846 Eine
601 1793 764 1847 πάλιν
784 1809 798 1822 ⁸
824 1794 1206 1866 Μιμησὼμεοα
1239 1795 1365 1858 τοὺς
1390 1796 1640 1868 Πατέρας
1660 1799 1691 1866 ἡ
1702 1798 1840 1868 μῶν·

2015 1789 2069 1843 4.
2107 1789 2219 1860 (44)
2249 1788 2394 1843 Dixit
2439 1789 2634 1845 iterum
2669 1810 2683 1846 :
2715 1791 2997 1848 Imitemur
3028 1792 3218 1850 Patres
3254 1804 3516 1854 nostros:

267 1883 408 1952 μετά
465 1884 623 1946 ποίας
676 1884 1114 1957 σκληραγωγίας,
1151 1887 1246 1939 καὶ
1307 1888 1534 1958 ἡσυχίας
1582 1888 1844 1943 ἐκάθισαν

263 1967 390 2027 ὧδε.

337 2063 402 2121 ε’.
445 2059 577 2115 Εἷπε
610 2063 765 2116 πάλιν
786 2081 799 2094 ⁸
836 2064 926 2136 Μὴ
958 2064 1321 2136 ρυπὼσωμεν,
1352 2065 1538 2129 τέκνα,
1569 2066 1658 2119 τὸν
1681 2065 1845 2120 τόπον

260 2154 476 2217 τοῦτον,
509 2153 566 2207 ὃν
592 2154 639 2206 oi
677 2155 912 2227 Πατέρες
950 2154 1106 2227 ἡμῶν
1149 2155 1482 2226 ὲκαΘὰρισαν
1509 2155 1617 2209 ἀπὸ
1657 2155 1846 2228 δαιμόο

267 2259 395 2298 πων.

335 2341 411 2400 ς’.
453 2329 588 2388 Εἷπε
617 2335 780 2389 πάλιν
798 2352 815 2366 ⁸
856 2337 913 2389 '0
935 2337 1097 2400 τόπος
1121 2331 1280 2401 οὗτος
1307 2338 1562 2410 ἀσκητῶν
1591 2340 1758 2402 ἐστιν,
1781 2339 1843 2392 οὐ

265 2425 722 2496 πραγματευτῶν.

441 2543 579 2611 Περὶ
605 2543 710 2597 τοῦ
737 2541 886 2599 ἀϐὅᾶ
921 2544 1202 2600 Ἰωάννου
1233 2546 1352 2601 τῶν
1375 2549 1665 2603 Κελλίων.

334 2652 404 2708 α’.
443 2656 750 2726 Διηγήσατο
778 2659 807 2711 6
835 2658 1009 2723 ἀ66ἄς
1048 2659 1299 2731 Ἰωάννης
1325 2659 1433 2715 τῶν
1459 2659 1723 2724 Κελλίων,
1755 2659 1844 2713 λέ-

263 2758 402 2812 γων,
429 2745 510 2797 ὅτι
547 2745 664 2798 Μία
708 2745 882 2818 πόρνη
926 2743 994 2818 ἦν
1040 2749 1098 2802 ἐν
1136 2748 1414 2820 Αἰγύπτῳ,
1448 2750 1845 2822 εὐμορφωτάτη

264 2835 359 2890 καὶ
407 2837 636 2890 πλουσία
686 2838 890 2909 σφόδρα
909 2856 923 2870 ⁸
973 2840 1066 2893 καὶ
1101 2841 1151 2892 οἱ
1178 2841 1435 2912 ἄρχοντες
1461 2840 1571 2912 (42)
1617 2842 1845 2912 ἧρχοντο

267 2925 405 2998 πρὸς
457 2928 647 2999 αὐτὴν.
688 2931 805 3001 Μιᾷ
853 2927 946 2984 οὖν
990 2932 1096 2984 τῶν
1133 2933 1355 3003 ἡμερῶν
1390 2933 1717 3005 εὐκαίρησεν
1753 2933 1846 2986 ἐπὶ

264 3020 363 3091 τὴν
409 3019 727 3090 ἐκκλησίαν,
763 3023 858 3075 καὶ
906 3023 1171 3094 ἠθέλησεν
1214 3023 1474 3078 εἰσελθεῖν
1520 3025 1647 3078 ἔσω.
1677 3025 1736 3080 Ὀ
1789 3025 1846 3078 δὲ

1945 1889 2149 1948 quanta
2178 1896 2303 1935 eum
2330 1883 2650 1938 austeritate
2682 1890 2735 1938 et
2761 1884 2941 1954 quiete
2969 1887 3289 1942 resederunt
3315 1888 3368 1942 in
3399 1889 3520 1944 loco

1947 1973 2068 2026 hoc.

2016 2064 2070 2118 5.
2104 2063 2216 2134 (45)
2249 2063 2336 2117 Ait
2385 2079 2617 2120 rursus:
2648 2065 2802 2131 Filii,
2831 2084 2898 2122 ne
2943 2071 3291 2126 sordidemus
3332 2071 3517 2127 locum

1947 2157 2134 2222 istum,
2175 2172 2335 2227 quem
2387 2155 2580 2212 Patres
2629 2159 2802 2213 nostri
2835 2175 2868 2213 a
2911 2160 3250 2216 daemonibus
3287 2162 3520 2218 munda-

1947 2255 2160 2301 verunt.

2019 2336 2071 2390 6.
2108 2335 2220 2404 (t6)
2250 2335 2441 2391 Adhuc
2471 2339 2607 2392 dixit
2637 2359 2650 2394 :
2687 2339 2865 2396 Locus
2906 2341 3010 2397 iste
3056 2348 3372 2398 ascetarum
3407 2350 3514 2411 est,

1947 2441 2054 2481 non
2090 2435 2274 2483 autem
2302 2428 2725 2497 negotiatorum.

2297 2540 2375 2596 De
2413 2540 2602 2596 abbate
2633 2541 2842 2598 Joanne
2876 2543 3168 2600 Celtarum.

2011 2651 2061 2705 l.
2097 2650 2179 2704 Ad
2212 2651 2357 2705 hunc
2400 2637 2620 2707 modum
2662 2657 2904 2709 narravit
2935 2655 3177 2710 Joannes
3200 2654 3473 2712 Cellensis
3503 2674 3519 2712 :

1947 2738 2078 2794 Erat
2117 2741 2172 2795 in
2205 2739 2444 2812 :Egypto
2492 2745 2749 2799 meretrix
2794 2748 3185 2816 pulcherrima,
3228 2747 3519 2804 admodum

1947 2833 2121 2900 dives,
2143 2832 2211 2888 ad
2242 2849 2415 2903 quam
2448 2837 2635 2890 venire
2673 2837 2919 2891 solebant
2950 2839 3052 2893 viri
3086 2840 3140 2893 in
3173 2849 3443 2908 potestate
3469 2850 3525 2895 et

1947 2924 2211 2994 dignitate
2246 2924 2550 2979 constituti.
2576 2925 2819 2990 Quodam
2849 2927 3018 2998 igitur
3044 2928 3132 2984 die
3158 2932 3426 2999 processit
3453 2931 3522 2987 ad

1947 3019 2252 3090 ecclesiam,
2287 3017 2566 3088 voluitque
2614 3017 2858 3074 introire.
2890 3021 2958 3073 At
3005 3007 3376 3078 subdiaconus
3426 3025 3524 3094 qui

266 3108 690 3174 ὗπώιάκονος,ὁ
719 3113 932 3182 στήκων
970 3115 1050 3175 είς
1076 3113 1172 3176 τὰς
1200 3113 1386 3184 Θύρας,
1413 3115 1512 3168 οὐκ
1537 3115 1717 3167 εἴασεν
1747 3114 1845 3168 αὑ-

1950 3109 2014 3163 ad
2050 3118 2261 3178 portam
2309 3108 2515 3168 stabat,
2565 3122 2671 3160 non
2723 3107 2994 3177 permisit,
3034 3109 3221 3165 dicens
3264 3128 3278 3164 :
3315 3109 3528 3180 Nequa-

265 3199 383 3270 τὴν,
418 3200 630 3269 λέγων⁸
664 3203 778 3255 Οὐκ
819 3198 870 3255 εἷ
902 3203 1027 3268 ἀξία
1054 3204 1315 3256 εἰσελθεῖν
1363 3205 1442 3267 είς
1490 3200 1639 3258 οἷκον
1685 3203 1842 3268 Θεοῦ,

263 3290 344 3344 ὅτι
373 3292 683 3364 ἀκάθαρτος
711 3287 781 3346 εἴ.
800 3293 887 3357 Ὠς
917 3294 974 3348 δὲ
1005 3295 1292 3364 ἐμάχοντο,
1315 3296 1545 3366 ἤκουσεν
1571 3298 1599 3348 6
1627 3297 1847 3349 ἐπίσκο-

263 3404 367 3451 πος
394 3387 492 3441 τοῦ
527 3388 776 3460 θορύϐου,
805 3391 897 3442 καὶ
918 3389 1128 3460 ἐξῆλθε.
1172 3391 1336 3459 Λέγει
1361 3387 1451 3445 οὖν
1477 3392 1628 3463 αὐτῷ
1651 3396 1684 3465 ἡ
1711 3393 1846 3464 πόρ-

263 3493 329 3546 νη
353 3493 367 3507 ⁸
401 3476 516 3529 Οὐκ
549 3477 697 3545 ἀφίει
742 3495 810 3547 με
843 3477 1104 3532 εἰσελθεῖν
1142 3481 1221 3544 εἰς
1258 3480 1356 3552 τὴν
1393 3481 1710 3551 ἐκκλησίαν.
1739 3482 1848 3536 Καὶ

262 3563 416 3633 λέγει
453 3566 590 3636 αὐτῇ
619 3566 648 3617 ὀ
683 3566 1015 3629 ἐπίσκοπος·
1065 3569 1179 3620 Οὐκ
1227 3568 1402 3633 ἔξεστί
1443 3587 1523 3623 σοι
1565 3569 1845 3635 εἰσελθεῖν,

263 3658 346 3710 ὅτι
362 3655 678 3728 ἀκάθαρτος
697 3654 767 3712 εἴ.
810 3658 872 3711 Ἢ
894 3658 950 3711 δὲ
971 3663 1333 3728 κατανυγεῑσα
1355 3661 1504 3728 λέγει
1527 3662 1675 3734 αὐτῷ
1694 3679 1707 3694 ⁸
1735 3663 1849 3717 Οὐκ

263 3747 346 3801 ἔτι
377 3747 648 3819 πορνεύω.
675 3749 836 3818 Λέγει
883 3750 1021 3821 αὐτῇ
1073 3755 1101 3804 6
1140 3752 1463 3816 ἐπίσκοπος
1511 3753 1636 3807 Ἐἀν
1677 3755 1848 3825 φέρῃς

263 3835 368 3895 ὧδε
398 3841 466 3895 τά
492 3842 753 3912 χρήματά
787 3860 901 3907 σου,
919 3837 1036 3896 οἶδα
1061 3845 1142 3896 ὅτι
1171 3845 1230 3896 οὺ
1263 3846 1546 3915 πορνεύεις
1569 3845 1667 3898 ἔτι.
1686 3847 1771 3908 Ὠς
1791 3846 1848 3898 δὲ

263 3935 462 4005 ἦνεγκε
489 3975 505 3999 ,
539 3934 719 3988 λαϐὼν
752 3935 980 3990 ἔκαυσεν
1012 3936 1151 3990 αὐτά
1176 3936 1327 4009 πυρί.
1361 3938 1470 3990 Καὶ
1500 3936 1749 4008 εἰσῆλθεν
1769 3939 1848 4002 είς

263 4027 364 4098 τὴν
393 4026 714 4098 ἐκκλησίαν,
733 4027 995 4082 κλαίουσα
1030 4028 1124 4081 καὶ
1155 4028 1418 4097 λέγουσα·
1452 4031 1513 4082 Ei
1541 4023 1641 4082 ὦδε
1675 4029 1848 4092 οὕτως

267 4136 359 4189 μοι
394 4119 636 4187 γέγονεν,
670 4121 786 4172 ἐκεῖ
808 4120 862 4172 τί
885 4119 994 4191 ἔχω
1018 4120 1244 4179 παθεῖνξ
1273 4121 1383 4175 Καὶ
1412 4121 1721 4190 μετενόησε,
1753 4120 1848 4174 καὶ

262 4210 456 4280 γέγονε
487 4209 679 4274 σκεῦος
707 4209 960 4280 ἐκλογῆς.

340 4387 408 4458 β’.
471 4382 640 4440 Εἶπεν
697 4389 727 4440 6
779 4387 953 4451 ἀόσάς
1021 4388 1275 4458 Ἰωάννης
1331 4387 1433 4459 τῆς
1486 4387 1747 4459 Θηϐαΐδος
1769 4388 1845 4420 "-

1879 4453 1926 4508 D

1947 3215 2108 3270 quam
2155 3199 2318 3270 digna
2366 3215 2434 3254 es
2466 3208 2522 3252 ut
2561 3199 2962 3269 ingrediarisin
2992 3199 3209 3254 domum
3248 3198 3362 3267 Dei,
3397 3201 3525 3271 quia

1948 3292 2160 3363 impura
2191 3309 2271 3348 es.
2306 3291 2438 3346 Dum
2486 3299 2665 3345 autem
2717 3298 3117 3355 concertarent,
3153 3307 3400 3347 murmur
3428 3307 3527 3346 au-

1947 3385 2080 3441 divit
2123 3387 2432 3455 episcopus,
2454 3395 2504 3440 et
2536 3399 2792 3455 egressus
2833 3393 2937 3439 est.
2969 3384 3057 3438 Ait
3087 3399 3217 3455 ergo
3247 3384 3323 3438 illi
3354 3401 3528 3441 mere-

1949 3477 2054 3532 trix
2087 3475 2246 3532 :Non
2295 3477 2427 3532 sinit
2461 3493 2546 3531 me
2598 3477 2808 3531 intrare
2855 3475 2908 3528 in
2952 3475 3258 3531 ecclesiam.
3288 3473 3426 3530 Tum
3475 3473 3526 3529 ei

1948 3568 2285 3638 episcopus:
2318 3565 2437 3621 Non
2478 3567 2602 3621 licet
2656 3567 2750 3621 tibi
2797 3567 3046 3628 introire,
3087 3582 3213 3621 cum
3248 3566 3526 3622 immunda

1949 3657 2048 3712 sis.
2074 3656 2168 3710 Illa
2200 3671 2331 3712 vero
2357 3667 2682 3726 eompuneta
2710 3657 2847 3711 dixit
2881 3658 2931 3712 ei
2963 3676 2977 3712 :
3005 3657 3124 3711 Non
3153 3659 3388 3727 amplius
3415 3657 3527 3712 for-

1950 3747 2195 3801 nicabor.
2227 3747 2404 3817 Atque
2436 3747 2502 3800 ad
2532 3762 2649 3800 eain
2681 3748 2975 3817 episcopus
3007 3766 3020 3801 :
3054 3747 3111 3801 Si
3142 3749 3393 3804 attuleris
3420 3749 3526 3804 huc

1951 3838 2238 3893 facultates
2275 3847 2430 3905 tuas,
2461 3853 2786 3908 c0gnoscam
2819 3850 2868 3892 te
2894 3854 3001 3891 non
3027 3837 3260 3908 amplius
3292 3838 3529 3894 fornica-
3623 3861 3631 3878 ν

1950 3938 2151 3985 turam.
2182 3928 2285 3983 Ubi
2334 3940 2512 3984 autem
2548 3929 2752 3994 attulit,
2793 3929 3088 3999 episcopus
3122 3940 3378 3998 acceptas
3412 3931 3526 4000 igni

1951 4022 2286 4090 combussit;
2318 4022 2408 4076 illa
2439 4023 2683 4092 ingressa
2730 4029 2814 4076 est
2849 4020 2903 4074 in
2945 4019 3256 4085 ecclesiam,
3293 4018 3430 4076 tlens
3459 4034 3525 4076 ac

1951 4116 2140 4171 dicens
2173 4133 2185 4169 :
2217 4113 2272 4168 Si
2305 4115 2395 4169 hic
2419 4113 2493 4168 ita
2521 4128 2734 4168 mecum
2768 4120 2951 4168 actum
2987 4119 3092 4174 est,
3133 4111 3243 4166 illic
3264 4112 3394 4182 quid
3426 4111 3526 4166 lia-

1953 4207 2054 4264 beo
2097 4207 2247 4278 pati?
2278 4205 2342 4260 Et
2383 4205 2759 4274 paenitentiam
2802 4204 2934 4273 egit,
2971 4203 3256 4273 evasitque
3283 4219 3380 4262 vas
3410 4205 3526 4262 ele-

1954 4307 2210 4460 “iugi;
2245 4389 2386 4443 Dixit
2410 4388 2580 4444 abbas
2599 4385 2838 4442 Joannes
2861 4385 3156 4442 Thebaidis
3181 4406 3194 4441 :
3225 4386 3393 4444 Debet
3411 4404 3529 4444 mo-

276 4479 520 4548 Ὀφείλει
555 4481 585 4532 ὁ
635 4480 865 4549 μοναχὺς
910 4480 1016 4552 πρὸ
1049 4481 1266 4533 πάντων
1297 4480 1394 4552 τὴν
1422 4481 1845 4552 ταπεινοφροσύ-

1956 4484 2165 4538 nachus
2214 4493 2341 4538 ante
2387 4482 2570 4538 omnia
2621 4480 2944 4534 humilitatis
3002 4480 3206 4536 bonum
3257 4481 3524 4537 obtinere.

260 4589 367 4642 νην
392 4571 761 4643 κατορθῶσαι.
787 4571 936 4643 Αὕτη
961 4571 1070 4643 γάρ
1099 4573 1245 4626 ἐστιν
1267 4574 1300 4642 ή
1323 4571 1512 4644 πρώτη
1540 4572 1728 4645 ἐντολὴ
1754 4571 1849 4626 τοῦ

263 4664 555 4734 Σωτῆρος,
583 4662 832 4731 λέγοντος
852 4679 865 4692 ⁸
901 4661 1191 4732 Μακάριοι
1224 4666 1280 4717 οί
1307 4664 1532 4732 πτωχοί
1564 4663 1644 4729 τῷ
1673 4666 1854 4719 πνεύ-

254 4771 430 4822 ματι,
462 4753 552 4805 ὅτι
577 4751 777 4808 αὐτῶν
806 4753 977 4806 ἐστιν
1015 4753 1054 4820 ἠ
1086 4753 1377 4817 βασιλεία
1403 4753 1522 4807 τῶν
1557 4754 1848 4823 οὐρανῶν.

357 4869 496 4938 Περὶ
527 4869 636 4922 τοῦ
669 4867 819 4924 ἀὸϐᾶ
864 4869 1166 4938 Ἰσιδὼρου
1196 4868 1304 4923 τοῦ
1330 4869 1758 4938 πρεσϐυτέρου.

339 4968 410 5016 α’.
447 4962 670 5031 Ἔλεγον
710 4963 836 5033 περὶ
865 4961 958 5015 τοῦ
988 4963 1130 5016 assa
1178 4961 1447 5032 Ἰσιδὼρου
1478 4961 1572 5015 τοῦ
1612 4963 1853 5034 πρεσϐυ-

337 5118 383 5150 τι
417 5118 546 5172 Α1.ὁ
579 5117 834 5190 Θηϐαῖος.

339 5229 458 5300 (ιῖ)
491 5231 890 5304 Οίᾲᾶρχοντες.
920 5231 1204 5304 Principes
1236 5235 1361 5297 viri,
1390 5234 1601 5288 nobiles
1624 5248 1688 5288 ac
1715 5235 1843 5288 illu-

258 5311 435 5362 stres,
461 5301 778 5374 eptiiuates,
801 5304 939 5374 aulae
968 5301 1242 5374 proceres,
1273 5305 1628 5374 magistratus
1664 5305 1840 5373 majo-

258 5387 379 5431 res,
413 5379 731 5442 potestates.
762 5371 819 5425 In
867 5371 1130 5442 Conﬂictu
1170 5371 1386 5428 Arnobii
1421 5383 1470 5428 et
1506 5371 1839 5442 Serapionis,

257 5449 394 5514 post
427 5439 686 5515 Irenaeum
712 5457 766 5510 p.
793 5442 933 5515 527“:
967 5439 1110 5515 Pone
1137 5451 1239 5498 tres
1270 5445 1611 5512 imperatores
1640 5439 1700 5498 in
1737 5439 1840 5498 uno

258 5510 452 5580 regno,
469 5510 524 5561 in
542 5526 648 5562 una
672 5512 974 5575 concordia,
993 5510 1048 5566 in
1069 5528 1176 5566 una
1197 5510 1414 5575 sede,'in
1433 5531 1538 5568 una
1555 5515 1841 5576 suauitate,

257 5584 319 5636 in
346 5596 452 5634 uno
480 5581 678 5652 amaris
719 5583 934 5650 a/fectu,
963 5585 1017 5636 in
1049 5599 1158 5636 una
1184 5592 1436 5651 potestate
1457 5600 1476 5638 :
1514 5596 1561 5637 et
1596 5600 1764 5652 quaere
1789 5585 1844 5636 in

153 5685 160 5692 -
256 5653 419 5721 ipsis,
449 5651 542 5720 qui
593 5652 821 5720 primum
861 5652 1033 5705 locum
1083 5662 1360 5721 potestatts
1401 5651 1680 5710 obtineat?
1719 5651 1846 5707 Siue

257 5722 430 5775 dubio
449 5721 542 5793 qui
560 5721 658 5774 toti
684 5731 788 5775 tres
821 5723 1045 5791 Augusti
1069 5732 1214 5783 sunt,
1235 5723 1334 5778 toti
1363 5735 1465 5779 tres
1503 5724 1661 5792 primi
1684 5733 1804 5777 sunt
1827 5739 1844 5774 :

674 5841 937 5901 PATROL.
979 5835 1098 5902 (zu.
1133 5839 1318 5901 LXV.

1957 4574 2071 4632 Hoc
2097 4575 2239 4631 enim
2270 4583 2354 4630 est
2379 4575 2611 4644 primum
2647 4571 2948 4628 Salvatoris
2978 4573 3316 4638 mandatum,
3350 4573 3530 4628 dicen-

1955 4668 2070 4723 tis:
2104 4666 2255 4722 Beati
2292 4681 2541 4735 pauperes
2602 4665 2813 4733 spiritu,
2863 4665 3111 4733 quoniam
3158 4665 3392 4732 ipsorum
3450 4675 3527 4719 est

1953 4775 2166 4830 regnum
2199 4758 2448 4812 caelorum
2479 4757 2544 4812 ⁷³.

2285 4871 2364 4925 De
2393 4869 2578 4924 abbate
2611 4869 2818 4924 Isidoro
2851 4869 3173 4939 presbytero.

2020 4965 2071 5018 l.
2110 4964 2340 5019 Aiebant
2367 4962 2435 5017 de
2468 4963 2666 5018 abbate
2696 4960 2904 5017 Isidoro
2931 4960 3273 5032 presbytero,
3308 4959 3528 5015 venisse

910 5119 955 5150 ⁷²
983 5117 1174 5172 Matth.
1202 5135 1277 5183 v1,
1300 5119 1390 5184 50,
1422 5119 1512 5175 55.
1588 5119 1635 5151 ’³
1657 5119 1852 5174 Matth.
1883 5137 1938 5180 ν,
1963 5121 2017 5176 '5.

1949 5219 2239 5289 iecundum
2271 5250 2389 5288 vero
2418 5233 2613 5298 locum,
2647 5239 2698 5286 et
2727 5241 2938 5286 tertium
2974 5231 3252 5296 potestatis
3299 5230 3526 5290 (substi-

1948 5313 2062 5368 tue,
2103 5309 2409 5371 potestates)
2445 5304 2510 5357 ab
2553 5304 2804 5374 Augustis
2839 5301 3099 5356 ordinata:
3137 5299 3422 5358 habebunt.

2045 5375 2134 5438 45)
2182 5374 2283 5426 Vit.
2317 5374 2468 5427 Patr.
2506 5390 2560 5439 x,
2595 5373 2714 5427 H5.
2746 5388 2751 5392 ‘

2044 5444 2134 5511 tt)
2164 5443 2386 5498 Ibidem.

2021 5512 2135 5582 (45)
2167 5512 2391 5582 ibidem.

2049 5582 2139 5652 46)
2169 5581 2396 5652 Ibidem.

2049 5649 2136 5714 47)
2179 5650 2285 5707 Vit.
2325 5651 2480 5710 Patr.
2516 5669 2606 5726 xv,
2630 5654 2730 5718 25;
2761 5654 2822 5710 L.
2858 5653 3084 5710 Doroth.
3121 5649 3388 5712 Damna.

3139 5927 3142 5930 ἢ
3242 5837 3284 5897 8
