4036 6202
452 345 564 402 235

1608 324 1951 383 APPENDIX
1990 323 2081 380 AD
2122 321 2538 380 PALLADIUM.

3595 318 3705 374 236

460 452 752 525 aliquando
806 449 1027 504 fratrem
1076 444 1389 516 quemdam,
1423 449 1483 498 ut
1519 441 1773 497 invitaret
1809 455 1930 494 eum
1960 437 2026 492 ad

2140 437 2309 506 τέρου,
2336 436 2417 489 ὅτι
2450 431 2580 510 ἦλθέ
2611 435 2741 489 ποτέ
2768 452 2853 498 τις
2885 432 3140 503 ἀδελφὸς,
3183 431 3269 486 ῖνα
3300 428 3508 504 καλέσῃ
3542 423 3704 484 αὐτὸν

461 545 766 620 prandium.
800 543 871 599 At
900 554 1065 597 senex
1095 538 1266 593 noluit
1294 534 1604 607 proﬁcisci;
1631 533 1907 605 quoniam,
1942 530 2025 583 in-

461 636 597 707 quit.
627 632 866 687 Adamus
901 631 1024 687 cibo
1070 629 1352 699 deceptus,
1393 636 1544 682 extra
1579 624 1889 695 paradisum
1928 621 2026 675 ha-

461 724 777 781 bitationem
809 722 1039 792 accepit.
1072 720 1161 774 Ait
1191 720 1271 774 illi
1320 718 1489 774 frater
1524 736 1538 773 :
1576 716 1655 771 Tu
1703 715 1926 770 omnino
1956 714 2024 769 ti-

466 832 575 872 nes
617 815 800 886 egredi
842 829 874 870 e
914 814 1050 869 cella
1096 812 1223 867 tua?
1261 814 1465 867 lterum
1517 810 1608 865 ille
1633 827 1648 864 :
1678 807 1816 871 Fili,
1862 807 2026 860 timeo

464 921 610 969 sane,
663 905 788 976 quia
836 904 1102 969 diabolus,
1151 914 1401 973 tanquam
1446 902 1524 956 leo
1568 900 1801 970 rugiens,
1837 897 2026 968 quierit

402 998 405 1001 ’
460 1017 611 1071 quem
643 998 851 1054 devoret
877 998 945 1051 ⁷⁸.
972 997 1125 1069 Saepe
1144 1005 1323 1051 autem
1343 997 1486 1050 hunc
1500 993 2023 1051 emisitsermouem:

476 1087 534 1141 Si
567 1088 690 1159 quis
721 1103 778 1143 se
807 1088 860 1142 in
894 1087 1003 1141 vini
1041 1086 1372 1157 potationem
1399 1084 1631 1149 dederit,
1665 1098 1775 1136 non
1808 1080 2027 1150 effugiet

470 1178 695 1235 insidias
745 1178 1155 1250 cogitationum.
1188 1175 1398 1230 Etenim
1432 1174 1588 1229 Lota
1649 1173 1863 1226 filiabus
1912 1170 2028 1225 suis

460 1275 705 1330 coactus,
728 1268 855 1322 vino
885 1267 1186 1323 inebriatus
1213 1274 1318 1329 est,
1347 1277 1411 1318 ac
1442 1277 1540 1333 per
1568 1261 1884 1317 ebrietatem
1914 1258 2029 1313 dia-

460 1358 619 1413 bolus
661 1373 785 1413 eum
839 1356 996 1412 facile
1045 1355 1112 1410 ad
1152 1353 1437 1409 scelestam
1482 1348 1895 1405 fornicationem
1943 1344 2032 1399 ad-

461 1446 644 1503 duxit.

528 1537 584 1591 2.
620 1536 766 1591 Dixit
794 1534 966 1591 abbas
992 1533 1236 1589 lsidorus
1263 1551 1277 1587 :
1308 1530 1367 1585 Si
1395 1530 1549 1602 regni
1584 1528 1844 1584 caelorum
1885 1525 2030 1581 desi-

459 1628 611 1682 derio
645 1627 861 1691 teneris,
894 1625 1182 1696 pecuniam
1226 1629 1534 1685 contemne,
1566 1636 1630 1675 ac
1663 1619 1903 1674 divinam
1950 1633 2032 1674 re-

463 1720 819 1774 tributionem
844 1719 941 1773 tibi
972 1716 1208 1771 vindica.

2131 528 2212 590 ei;
2240 526 2481 597 ἄριστον.
2522 526 2581 579 ὐ
2610 525 2668 579 δὲ
2698 524 2874 596 γέρων
2902 523 3005 577 οὐκ
3031 522 3289 594 ἠνέσχετο
3310 519 3590 589 ἀπελθεῖν,
3617 520 3705 574 λέ-

2130 633 2264 686 γων,
2303 617 2425 670 Ὀτι
2467 615 2657 686 Ἀδάμ,
2696 614 2776 685 τῷ
2818 613 3065 685 βρώματι
3096 612 3418 682 ἀπατηθεὶς,
3467 610 3573 675 ἔξω
3608 611 3707 666 τοῦ

2134 706 2461 779 παραδείσου
2488 705 2738 778 ηὐλίσθη.
2768 705 2929 775 Λέγει
2955 702 3104 775 αὐτῷ
3122 706 3150 758 6
3178 701 3408 772 ἀδελφός
3429 717 3445 733 ο
3470 702 3543 754 Σὺ
3567 702 3708 765 ὅλως

2133 798 2270 869 φοϐῇ
2311 797 2548 862 ἐξελθεῖν
2580 795 2673 850 τοῦ
2710 794 2923 849 κελλίου
2969 808 3095 859 σου;
3135 793 3193 846 ὐ
3235 792 3291 845 δὲ
3328 789 3490 844 πάλιν
3540 786 3661 843 εἶπε
3689 806 3703 819 ·

2132 888 2353 952 Τέκνον,
2380 885 2672 957 φοϐοῦμαι.
2701 885 2781 939 ὃτι
2807 887 2839 939 ὁ
2872 883 3148 949 διάϐολος
3169 883 3247 948 ὡς
3274 881 3431 936 ,λέων
3452 881 3708 948 (ἶιρινόμε-

2132 994 2237 1043 νος
2268 977 2427 1045 ζητεῖ
2456 978 2590 1031 τινα
2621 976 2900 1044 καταπίῃ.
2958 974 3224 1037 Πολλάκις
3264 973 3321 1027 δὲ
3357 972 3541 1042 ἔλεγεν
3562 1010 3579 1038 ,
3624 973 3705 1025 ὅτι

2146 1070 2271 1123 Ἐάν
2294 1087 2378 1133 τις
2407 1068 2482 1140 δῷ
2504 1068 2694 1122 ἑαυτὸν
2719 1070 2798 1130 εἰς
2822 1067 3150 1128 οἰνοποσίαν,
3180 1066 3243 1117 οὐ
3269 1065 3342 1134 μὴ
3368 1063 3584 1137 ἐκφύγῃ
3605 1063 3708 1134 τὴν

2134 1161 2241 1215 τῶν
2273 1160 2547 1231 λογισμῶν
2578 1159 2884 1228 ἐπιϐουλήν.
2916 1158 3029 1212 Kal
3068 1157 3176 1230 γὰρ
3216 1158 3245 1210 6
3284 1154 3430 1220 Λὼτ,
3466 1156 3707 1223 ἀναγκα-

2138 1252 2283 1317 σθεὶς
2316 1252 2421 1304 ὑπὸ
2453 1251 2563 1305 τῶν
2598 1251 2916 1323 θυγατέρων
2964 1249 3128 1304 αὐτοῦ
3148 1290 3163 1313 ,
3198 1247 3474 1319 ἐμεθύσθη
3517 1250 3580 1301 ἐκ
3609 1244 3708 1301 τού

2135 1344 2299 1408 οἴνου,
2326 1344 2420 1396 καὶ
2449 1341 2538 1395 διὰ
2564 1343 2663 1412 τῆς
2696 1341 2866 1412 μέθης
2893 1338 3131 1411 εὐχερῶς
3158 1340 3189 1392 6
3214 1337 3459 1401 διάϐολος
3483 1337 3561 1401 είς
3583 1337 3707 1392 ἄνο-

2139 1448 2239 1503 μον
2274 1432 2531 1503 πορνείαν
2564 1431 2726 1485 αὐτὸν
2753 1430 3188 1503 παρεσκεύασεν.

2211 1524 2277 1594 β’.
2307 1521 2475 1577 Εἵπεν
2501 1526 2530 1576 6
2554 1522 2728 1586 άϐϐἄς
2788 1521 3055 1593 Ἰσίδωρος
3075 1537 3088 1550 ·
3136 1519 3197 1573 El
3231 1516 3508 1591 βασιλείας
3537 1517 3708 1589 οὐρα-

2136 1613 2244 1667 νῶν
2291 1615 2440 1683 ἐρᾷς,
2491 1613 2792 1684 χρημάτων
2838 1611 3197 1684 καταφρόνει,
3258 1609 3352 1664 καὶ
3406 1608 3510 1679 τῆς
3555 1608 3709 1671 θείας

2138 1704 2368 1775 ἀμοιϐῆς
2402 1703 2696 1758 ἀντιποιοῦ.

531 1811 583 1866 3.
615 1806 758 1864 Dixit
790 1809 982 1864 iterum
1015 1827 1028 1862 :
1059 1805 1201 1862 Fieri
1228 1804 1417 1876 nequit
1448 1811 1509 1858 ut
1529 1801 1830 1857 secundum
1863 1801 2028 1855 Deum

2202 1801 2270 1863 γ’.
2309 1791 2444 1848 Εῐπε
2478 1795 2677 1849 πάλιν·
2727 1794 2900 1866 Ζῆσαί
2931 1811 2991 1848 σε
3035 1792 3174 1847 κατὰ
3216 1792 3369 1858 Θεὸν,
3422 1792 3707 1857 ἀδύνατον,

461 1903 632 1966 vivas,
665 1902 712 1958 si
743 1901 1040 1972 voluptatis
1071 1907 1166 1953 aut
1188 1897 1398 1969 argenti
1435 1895 1605 1950 fueris
1639 1900 1869 1949 amator.

530 1996 583 2049 4.
629 1994 752 2048 Hrec
786 1995 950 2049 etiam
998 1992 1160 2047 verba
1205 1990 1332 2045 fecit
1363 2007 1377 2043 :
1412 1987 1469 2041 Si
1500 1987 1736 2057 legitime
1759 1983 2029 2053 jejunium

462 2084 754 2147 exercetis,
798 2083 968 2137 nolite
1015 2080 1271 2150 superbia
1324 2074 1501 2131 inflari
1540 2092 1555 2128 :
1591 2067 1755 2143 quod'
1783 2072 1832 2127 si
1873 2072 1926 2125 in
1965 2084 2031 2125 eo

458 2172 808 2245 gloriamini,
873 2172 1056 2243 potius
1114 2182 1333 2223 carnem
1392 2163 1739 2220 manducate.
1801 2160 2031 2216 Praestat

458 2265 603 2319 enim
634 2272 694 2317 ut
720 2263 882 2317 homo
901 2260 1156 2316 comedat
1193 2271 1412 2321 carnes,
1442 2269 1606 2326 quam
1633 2252 1888 2322 superbia
1915 2257 2033 2305 tur-

459 2348 663 2429 geat'ct
695 2356 868 2428 gloria
898 2353 1125 2409 extollat
1155 2365 1234 2405 se.

531 2448 586 2502 5.
616 2448 813 2501 Adhuc
855 2444 996 2498 dixit
1026 2460 1040 2495 :
1069 2441 1297 2511 Oportet
1331 2445 1391 2491 ut
1416 2435 1669 2505 discipuli
1704 2448 1862 2489 veros
1897 2448 2031 2504 prae-

463 2544 722 2607 ceptores
769 2544 883 2588 tum
926 2540 1185 2601 tanquam
1233 2532 1417 2597 patres
1461 2535 1680 2590 ament,
1730 2534 1842 2579 tum
1886 2525 2033 2580 velut

458 2628 734 2700 principes
761 2626 1034 2692 timeant;
1070 2630 1123 2679 et
1154 2636 1255 2678 nec
1298 2627 1521 2693 propter
1556 2618 1930 2680 dilectionem,
1960 2616 2031 2671 ti-

461 2731 670 2772 morem
696 2714 1001 2782 remittant,
1019 2728 1121 2769 nec
1142 2720 1369 2784 propter
1389 2710 1664 2775 timorem,
1683 2708 2033 2764 dilectionem

459 2810 781 2866 obscurent.
1098 2812 1107 2821 ‘

527 2899 581 2955 6.
612 2899 760 2954 Dixit
787 2905 1048 2969 praeterea
1085 2914 1098 2950 :
1134 2895 1191 2950 Si
1220 2895 1455 2952 salutem
1490 2894 1806 2957 desideras.
1833 2900 2031 2947 cuncta
2104 2949 2107 2952 ν

461 2991 630 3046 facito
659 3006 782 3062 quae
813 2998 865 3045 te
895 2989 960 3044 ad
986 2987 1132 3042 illam
1166 2984 1401 3041 ductura
1433 2993 1585 3040 sunt.

530 3085 583 3137 7.
617 3084 729 3153 (48)
772 3081 1077 3137 Narrabant
1125 3078 1193 3135 de
1235 3079 1426 3134 abbate
1466 3078 1696 3141 lsidnro,
1728 3075 1871 3146 quod
1903 3089 2028 3128 cum

2134 1886 2416 1957 φιλήδονον
2444 1886 2573 1940 ὄντα
2601 1887 2697 1941 καὶ
2726 1886 3079 1958 φιλάργυρον.

2200 1976 2262 2032 δ’.
2297 1975 2435 2031 Εἷπε
2469 1977 2664 2032 πάλιν·
2700 1977 2764 2031 Ei.
2800 1978 3047 2047 νομίμως
3081 1978 3300 2031 ἀσκεῖτε
3335 1973 3706 2047 νηστεύοντες,

2136 2067 2210 2140 μὴ
2230 2067 2519 2137 τυφοῦσθε’
2541 2068 2589 2121 εί
2613 2068 2670 2121 δὲ
2693 2065 2963 2121 ἐπὶτοῦτο
2977 2066 3217 2135 αὑχεῖτε,
3246 2065 3447 2137 μᾶλλον
3458 2082 3714 2136 κρεωφα-

2132 2162 2300 2227 γεῖτε.
2334 2158 2609 2229 Συμφέρει
2637 2157 2746 2229 γὰρ
2773 2156 3044 2229 ἀνθρώπῳ
3072 2156 3272 2227 μᾶλλον
3315 2156 3456 2229 κρέα
3484 2156 3711 2222 ἐσθίειν,

2133 2249 2167 2318 ἢ
2196 2248 2493 2317 τυφοῦσθαι
2530 2249 2624 2301 καὶ
2656 2246 3039 2317 μεγαλαυχεῖν.

2203 2430 2264 2478 ε’.
2313 2419 2445 2476 Εῐπε
2469 2422 2629 2476 πάλιν
2650 2438 2663 2453 °
2687 2421 2810 2494 Χρὴ
2841 2423 2967 2487 τοὺς
2998 2423 3474 2495 μαθητευομένους
3510 2427 3610 2480 καὶ
3635 2426 3713 2490 ὼς

2134 2514 2374 2585 πατέρας
2419 2514 2594 2582 φιλεῖν
2643 2515 2769 2577 τοὺς
2822 2513 2989 2578 ὅντως
3048 2514 3436 2578 διδασκάλους,
3486 2516 3713 2586 καὶ,ιῖ›ς

2134 2606 2400 2680 ἄρχοντας
2461 2605 2743 2676 φοϐεῖσθαι
2763 2621 2776 2635 ’
2832 2605 2927 2659 καὶ
2984 2607 3122 2678 μήτε
3183 2606 3271 2661 διὰ
3328 2605 3427 2677 τὴν
3489 2607 3710 2680 ἀγάπην

2133 2700 2346 2753 ἐκλύειν
2382 2698 2474 2753 τὸν
2515 2697 2699 2768 φόϐον,
2763 2699 2902 2768 μήτε
2950 2697 3039 2751 διὰ
3077 2699 3168 2753 τὸν
3218 2697 3382 2768 φόϐον
3426 2698 3713 2769 ἀμαυροῦν

2137 2790 2232 2863 τὴν
2262 2792 2501 2862 ἀγάπην.

2206 2889 2280 2948 ς’.
2314 2878 2449 2936 Εῐπε
2483 2884 2674 2939 πάλιν·
2709 2883 2772 2937 El
2797 2881 3071 2953 σωτηρίας
3093 2882 3246 2954 ἐρᾷς,
3276 2881 3454 2936 πάντα
3480 2882 3713 2938 ποίειτὰ

2136 2977 2215 3038 εἰς
2247 2975 2416 3045 αὐτὴν
2443 2975 2649 3043 ἄγοντά
2677 2991 2758 3027 σε.

2207 3063 2275 3129 ζ’.
2318 3064 2540 3133 Ἔλεγον
2573 3065 2701 3135 περὶ
2730 3063 2823 3118 τοῦ
2858 3063 3004 3119 άϐϐᾶ
3040 3063 3332 3137 Ἰσιδὼρου,
3364 3066 3446 3120 ὅτι
3490 3064 3565 3130 ὥς
3610 3065 3717 3119 ὑπ·-

458 3174 785 3230 aecessisset
806 3173 875 3227 ad
895 3188 1018 3226 eum
1048 3171 1236 3232 frater,
1264 3171 1475 3241 fugeret
1504 3169 1569 3223 ad
1597 3166 1828 3222 interius
1853 3166 2026 3220 cellae.

2140 3158 2271 3229 ἦγεν
2303 3156 2530 3226 ἀδελφὸς
2558 3156 2694 3229 πρὸς
2715 3157 2901 3222 αὐτὸν,
2928 3156 3157 3226 ἔφευγεν
3180 3155 3443 3229 ἐσώτερον
3465 3157 3559 3211 τοῦ
3589 3158 3717 3211 κελ-

460 3264 645 3334 Itaque
668 3262 926 3317 dixerunt
952 3261 1003 3314 ei
1037 3261 1235 3315 fratres
1259 3276 1274 3313 :
1298 3258 1472 3321 Abba,
1496 3258 1627 3327 quid
1650 3266 1734 3312 est
1760 3257 1864 3311 hoc
1884 3255 2035 3326 quod

460 3353 623 3424 agis?
656 3351 722 3406 Et
753 3354 829 3405 ait
861 3369 873 3406 :
910 3350 1084 3403 Etiam
1118 3349 1248 3407 ferae
1293 3349 1567 3418 fugientes
1599 3349 1663 3403 ad
1696 3348 1869 3404 lustra
1910 3362 2033 3413 sua.

462 3452 769 3502 servantur.
806 3440 913 3498 ista
944 3449 1124 3496 autem
1164 3440 1495 3511 loquebatur
1547 3447 1770 3511 propter
1804 3439 2033 3495 fratrum

463 3534 774 3590 utilitatem.

876 3645 954 3700 De
984 3643 1175 3699 abbate
1195 3640 1404 3698 Joanne
1434 3642 1625 3698 Persa.

542 3759 595 3813 l.
628 3756 738 3830 (49)
777 3754 937 3813 Venit
976 3756 1271 3826 aliquando
1305 3770 1442 3825 puer
1471 3762 1528 3809 ut
1559 3763 1847 3810 curaretur
1873 3768 1904 3808 a
1929 3753 2039 3808 da-

463 3864 624 3906 mone
649 3868 663 3917 ;
696 3858 751 3905 et
778 3858 1135 3905 accesserunt
1180 3848 1379 3904 fratres
1410 3848 1479 3903 de
1511 3846 1763 3903 coenobio
1793 3846 2036 3918 Egypti.

462 3940 733 4011 Egressus
756 3949 939 3996 autem
966 3956 1154 4007 senex,
1181 3939 1320 3994 vidit
1349 3938 1572 3993 fratrem
1603 3953 1727 3994 cum
1748 3954 1920 4009 puero
1943 3938 2039 3994 de-

465 4032 841 4104 linquentem;
876 4046 978 4089 nec
1026 4033 1303 4104 redarguit
1346 4044 1505 4096 eum,
1538 4032 1727 4087 dicens
1758 4048 1774 4086 τ
1806 4031 1862 4085 Si
1894 4029 2038 4086 Deus

461 4124 557 4192 qui
605 4122 862 4179 formavit
910 4139 1026 4186 eos,
1080 4123 1333 4189 intuitus,
1381 4135 1729 4192 nequaquam
1784 4120 2039 4176 incendio

465 4214 587 4268 illos
625 4214 923 4280 consumit,
956 4229 1058 4283 ego
1083 4216 1209 4284 quis
1244 4228 1365 4271 sum
1403 4220 1462 4267 ut
1489 4212 1711 4269 eosdem
1740 4211 2039 4283 reprehen-

463 4303 586 4356 dam
602 4303 629 4354 Ἰ
1828 4328 1831 4331 η

532 4392 590 4448 2.
613 4388 730 4464 (50)
755 4389 1007 4446 Narravit
1026 4392 1247 4462 quidam
1268 4392 1492 4446 Patrum
1516 4392 1584 4448 de
1607 4394 1805 4449 abbate
1830 4392 2041 4448 Joanne
2058 4426 2073 4441 κ

464 4481 653 4545 Persa,
690 4478 836 4550 quod
869 4493 935 4533 ex
975 4480 1147 4533 multa
1190 4480 1387 4549 gratia,
1434 4479 1506 4534 ad
1551 4478 2037 4549 profundissimam

467 4572 776 4646 pervenerit
810 4570 1194 4625 innocentiam
1229 4578 1285 4624 et
1328 4570 1756 4640 simplicitatem.
1790 4569 1889 4625 Hic
1923 4584 2039 4624 ma-

467 4660 630 4715 nebat
664 4660 718 4714 in
746 4657 953 4713 Arabia
983 4656 1227 4729 Egypti.
1255 4657 1563 4727 Aliquando
1590 4668 1772 4714 autem
1808 4673 1840 4712 a
1870 4654 2039 4714 fratre

466 4758 749 4807 mutuatus
777 4757 862 4807 est
892 4764 1115 4805 aureum
1160 4762 1466 4811 nummum,
1499 4748 1644 4803 unde
1673 4750 1807 4803 emit
1840 4749 2036 4815 linum,

535 4906 583 4939 ’⁷⁸
607 4903 627 4958 Ι
654 4902 802 4960 Petr.
830 4921 883 4968 ν,
909 4903 965 4959 8.

548 5018 652 5085 [48)
681 5015 838 5072 Joan.
867 5016 1057 5072 Geom.
1089 5015 1292 5069 Parad.
1329 5030 1416 5085 ep.
1447 5015 1539 5071 95.

562 5029 631 5073 48
681 5029 838 5072 Joan.
867 5029 1057 5072 erm.
1089 5029 1215 5068 l'arc

539 5029 653 5157 249;
696 5087 808 5157 Vit.
846 5086 999 5141 Patr.
1030 5101 1104 5147 tv,
1126 5086 1215 5157 ξι.

540 5155 651 5227 (50)
693 5156 793 5210 Vit.
838 5157 993 5210 Patr.
1029 5172 1102 5227 vi,
1129 5155 1183 5227 7.

543 5220 654 5295 (51)
694 5228 1017 5294 Χρύσιινον.
1072 5222 1402 5295 Ὀλοκοτὲνου
1462 5220 1706 5295 νόμισμα
1750 5232 1803 5278 et
1865 5224 2046 5295 610x6-

467 5292 609 5363 τίντι,
638 5292 750 5347 aut
798 5296 842 5349 ί.
880 5295 1172 5350 ὁλοκοτίνιν
1196 5306 1299 5363 pro
1316 5292 1678 5363 ἁλοκοτίνιον,
1708 5301 1767 5346 ιιι
1790 5295 1841 5346 in
1867 5292 2045 5348 Theo-

508 5361 679 5447 lia'nis'
727 5363 986 5447 Chrouieo
1023 5381 1076 5447 p.
1120 5361 1231 5447 ,3145
1378 5370 1431 5447 et
1476 5361 1628 5418 Notis
1667 5363 1732 5417 ad
1765 5364 2042 5447 Anastasii

527 5432 793 5505 istoriam,
829 5434 969 5487 idem
993 5432 1322 5505 significant,
1345 5441 1405 5505 et
1421 5449 1517 5504 per
1544 5448 1709 5487 unum
1745 5434 1906 5505 solidi
1934 5450 2037 5505 ποτ

471 5517 594 5588 nieu
637 5503 1018 5583 exprimuntur
1053 5503 1086 5556 a
1138 5503 1355 5585 Pelagio
1398 5503 1714 5573 interprete.
1752 5503 1843 5559 Sic
1890 5504 2037 5572 apud

472 5569 1288 5642 1ll80d9fllllll‘lﬂl8f.86cl.Ill).
1321 5591 1359 5636 ι,
1380 5589 1501 5642 cap.
1535 5572 1619 5638 l6,
1647 5573 2041 5637 πεντακοσίους

469 5613 2038 5715 είδῖςῐξῦιῐιὶξξϊρίίιιεῖιςξιξξέιιδιςξτξειῑξιξτῖῑῑςῑῖῆξιῑῖιῖ

475 5711 776 5767 tossolidos
799 5728 817 5765 :
846 5709 913 5766 et»
939 5714 1097 5764 vetus
1128 5709 1288 5762 lectio
1323 5710 1612 5780 χρυσίνους
1636 5709 1819 5776 habet,
1848 5709 2037 5769 videli-

2137 3252 2273 3305 λίου.
2303 3251 2412 3306 Καὶ
2441 3251 2625 3319 ἔλεγον
2657 3248 2805 3320 αὐτῷ
2834 3251 2884 3302 οἱ
2915 3248 3131 3318 ἀδελφοί
3150 3266 3165 3282 ⁸
3208 3250 3397 3315 ’Λϐϐᾶ,
3423 3250 3472 3304 τί
3499 3252 3648 3305 ἐστιν
3681 3252 3713 3305 ὃ

2140 3346 2205 3398 σὺ
2232 3346 2432 3410 ποιεῖς;
2456 3345 2566 3397 Kal
2593 3343 2797 3414 ἔλεγεν,
2820 3345 2901 3396 ὅτι
2930 3343 3042 3398 Kal
3062 3344 3131 3398 τὰ
3155 3343 3320 3417 θηρία
3342 3343 3610 3416 φεύγοντα
3632 3348 3722 3412 είς

2134 3435 2235 3499 τὰς
2259 3434 2443 3500 κοίτας
2477 3434 2654 3504 αὐτῶν
2688 3435 2971 3500 σώζονται.
2998 3435 3182 3490 Ταῦτα
3205 3436 3263 3490 δὲ
3296 3436 3449 3506 ἔλεγε
3486 3436 3576 3492 διὰ
3615 3438 3722 3511 τὴν

2136 3526 2405 3598 ὠφέλειαν
2436 3527 2542 3581 τῶν
2574 3524 2837 3597 ἀδελφῶν.

2340 3642 2480 3712 Περὶ
2500 3642 2609 3697 τοῦ
2634 3642 2785 3699 ὐϐϐᾶ
2823 3643 3092 3700 Ἰωάννου
3117 3644 3227 3700 τοῦ
3247 3643 3505 3714 Πέρσου.

2211 3759 2279 3808 α’.
2314 3749 2486 3807 Ἦλθέ
2509 3771 2655 3811 ,ποτε
2691 3753 2903 3808 παιδίον
2948 3753 3351 3827 θεραπευθῆναι
3388 3754 3498 3809 ἀπὺ
3526 3751 3721 3826 δαίμο-

2138 3860 2259 3907 νος·
2289 3844 2384 3897 καὶ
2420 3845 2730 3915 παρέϐαλον
2765 3844 2984 3914 ἀδελφοὶ
3022 3846 3129 3899 ἀπὸ
3175 3846 3442 3900 κοινοϐίου
3474 3847 3575 3917 τῆς
3620 3847 3719 3899 Αι-

2138 3935 2367 4003 γύπτου.
2389 3936 2499 3990 Καὶ
2519 3935 2747 4001 ἐξελθὼν
2763 3938 2792 3990 6
2811 3936 2990 4008 γέρων
3026 3933 3134 3991 εἶδε
3165 3938 3258 3993 τὸν
3280 3937 3505 4008 ἀδελφὺν
3532 3938 3722 4009 ἀμαρ-

2139 4027 2368 4081 τάνοντα
2405 4028 2542 4098 μετά
2583 4028 2675 4082 τοῦ
2723 4030 2958 4095 παιδίου,
2989 4030 3084 4083 καὶ
3130 4028 3230 4082 οὐκ
3269 4029 3496 4100 ήλεγξεν
3526 4029 3718 4097 αὑτὸν,

2140 4119 2314 4187 λέγων
2335 4136 2349 4151 ⁸
2386 4120 2449 4172 El
2483 4122 2511 4172 6
2532 4119 2671 4183 Θεὸς
2703 4123 2732 4173 6
2756 4121 2970 4184 πλάσας
2997 4121 3191 4184 αὐτοὺς
3214 4120 3437 4188 βλέπων
3476 4120 3538 4174 ού
3572 4120 3724 4174 καίει

2141 4210 2359 4273 αὐτοὺς,
2388 4211 2499 4280 ἐγὼ
2532 4211 2613 4276 τίς
2642 4213 2758 4282 εἰμι
2797 4213 2886 4268 ἴνα
2908 4212 3110 4281 ἐλέγξω
3137 4212 3367 4278 αύτούςς

2214 4390 2279 4460 β’.
2328 4389 2635 4460 Διηγήσατό
2677 4407 2761 4454 τις
2797 4389 2910 4444 τῶν
2949 4390 3209 4460 Πατέρων
3262 4389 3391 4461 περὶ
3433 4387 3527 4441 τοῦ
3576 4387 3725 4442 assa

2154 4479 2401 4533 Ἰωάννου
2430 4478 2524 4532 τοῦ
2547 4480 2789 4552 Πέρσου,
2824 4481 2909 4533 ὅτι
2936 4481 3002 4532 ὲκ
3047 4479 3145 4549 τῆς
3182 4477 3386 4548 πολλῆς
3413 4477 3578 4533 αὐτοῦ
3622 4478 3723 4546 χά-

2148 4584 2294 4641 ριτος
2329 4572 2412 4635 είς
2442 4570 2755 4643 βαθυτάτην
2795 4572 2993 4643 ἧλασεν
3016 4571 3276 4626 ἀκακίαν.
3306 4564 3476 4635 Οὗτος
3502 4570 3558 4624 δὲ
3588 4570 3724 4641 ἐμε-

2144 4676 2234 4712 νεν
2270 4661 2329 4713 ὲν
2377 4659 2607 4733 Ἀραϐίᾳ
2648 4663 2748 4732 τῆς
2796 4660 3097 4730 Αἰγύπτου.
3141 4661 3443 4732 Ἐχρήσατο
3484 4660 3544 4715 δέ
3590 4676 3725 4714 ποτε

2144 4751 2294 4822 παρά
2317 4751 2548 4821 ἀδελφοῦ
2570 4752 2631 4805 ἓν
2650 4752 2902 4824 χρύσινον
2925 4753 3059 4824 (51),
3088 4754 3183 4808 καὶ
3214 4754 3453 4825 ὴγόρασε
3480 4753 3724 4821 amem,

2148 5024 2235 5091 r_et
2270 5016 2638 5091 explicatione
2660 5016 2714 5071 in
2742 5017 2922 5091 locum
2940 5089 2948 5091 4
2959 5018 3187 5091 termini
3215 5020 3452 5091 expositi
3484 5021 3725 5077 intrusa.

2148 5087 2496 5157 IlieOplianis
2530 5097 2709 5157 autem
2756 5087 2897 5142 κατά
2928 5087 3243 5150 ὁλοκοτίνιν.
3276 5087 3546 5145 mutatum
3577 5100 3659 5146 est
3695 5106 3730 5145 a

2149 5152 2359 5228 zonara
2393 5158 2446 5210 in
2474 5158 2558 5227 ἐφ’
2588 5154 2803 5227 ἑκάστῳ
2825 5158 3140 5228 νομίσματι,
3174 5178 3202 5211 a
3226 5159 3471 5215 Cedreno
3504 5160 3558 5212 in
3584 5161 3731 5214 κατὰ

2148 5227 2411 5298 νόμισμα,
2443 5228 2764 5298 translatum
2800 5244 2932 5298 vero
2963 5227 3031 5282 ab
3066 5230 3380 5291 Anastasio.
3419 5246 3510 5298 per
3543 5230 3731 5296 singu-

2151 5297 2229 5370 los
2256 5313 2469 5370 aureos.
2504 5296 2570 5350 Et
2607 5296 2824 5370 quidem
2850 5297 3124 5370 Iosephus
3168 5296 3729 5370 Scaliger‘lh‘sserta-

2149 5367 2295 5438 tione
2312 5367 2383 5438 de
2407 5382 2464 5420 re
2484 5368 2815 5438 nu_i_nm.lria,
2841 5385 2891 5438 p.
2923 5370 3014 5430 5'5,
3036 5369 3110 5421 ait
3131 5367 3341 5422 mirum'
3358 5369 3584 5438 verbum
3602 5382 3731 5423 esse

2146 5436 2500 5498 ὀλοκοτίνους.
2553 5434 2821 5492 Henricus
2842 5434 3030 5493 autem
3058 5438 3310 5493 Valesius
3334 5436 3403 5491 ad
3433 5437 3728 5491 Theodori-

2149 5513 2259 5558 tum
2293 5506 2544 5575 ignorare
2588 5520 2649 5562 se
2694 5506 2897 5563 fatetur
2940 5524 3136 5562 nomen
3184 5507 3507 5563 Gracumne
3548 5507 3728 5563 sitan

2146 5575 2585 5659 barbarae-.9in
2619 5592 2747 5631 νετο
2772 5589 2978 5659 natura.
3012 5578 3162 5659 quod
3209 5579 3376 5659 lamis
3399 5578 3535 5659 viri?
3582 5579 3732 5659 ίηςοτ

2144 5645 2394 5717 gnitum}?
2422 5645 2466 5697 Μ
2476 5646 2546 5698 ibi
2570 5662 2678 5700 nou
2696 5649 2924 5701 mnino
2945 5646 3000 5699 (lt
3023 5645 3407 5717 improbabile,
3433 5647 3729 5717 Imlocotini

2144 5728 2342 5769 nomen
2363 5713 2651 5769 formatum
2683 5717 2852 5771 fuisse
2870 5733 2944 5772 ex
2960 5713 3230 5771 nonnulla
3254 5718 3524 5771 allusione
3542 5715 3609 5770 ad
3630 5716 3727 5771 κό-
