4012 6208
332 275 437 334 237

1495 276 2097 336 APOPHTHEGMATA
2135 279 2440 338 PATRUM.

3453 277 3558 336 238

338 399 422 452 ἵνα
446 393 771 468 ἐργάσηται.
798 391 911 448 Kal
929 387 1091 466 ἦλθεν
1112 393 1338 464 ἀδελφὸς
1365 397 1696 467 παρακαλῶν
1723 399 1904 463 αὐτὸν,

2009 407 2068 454 ut
2101 408 2442 469 operaretur.
2469 396 2625 452 Venit
2655 397 2820 455 frater
2848 413 3047 470 rogans
3073 412 3220 466 eum,
3243 411 3308 454 ac
3326 396 3515 456 dicens
3537 413 3560 456 :
3667 468 3670 471 _

339 490 430 544 καὶ
456 488 662 555 λέγων’
697 484 936 557 Χάρισαί
985 503 1110 556 μοι.
1145 485 1308 548 ἀδεᾶ,
1342 485 1496 554 ὀλίγα
1529 487 1768 559 λινάρια,
1815 491 1905 544 ἵνα

342 581 541 649 ποιήσω
567 574 790 646 ἐμαυτῷ
817 574 1102 629 λεϐίτωνα.
1128 576 1236 628 Kal
1259 575 1454 631 ἔδωκεν
1476 578 1623 649 αὑτῷ
1648 579 1788 650 μετὰ
1807 597 1906 650 χα-

342 671 457 742 ρᾶς.
501 667 732 737 Ὁμοίως
765 666 821 720 δὲ
855 666 949 718 καὶ
986 665 1143 728 ἄλλος
1179 662 1308 737 ἦλθε
1347 670 1676 738 παρακαλῶν
1703 672 1863 725 αὐτόν
1885 689 1900 702 ο

337 761 433 822 Δός
491 775 581 828 μοι
629 756 785 826 ὀλίγα
828 755 1075 826 λινάρια,
1134 756 1221 810 ἵνα
1270 759 1479 829 ποιήσω
1527 778 1627 830 μου
1679 762 1901 818 λέντιον.

340 850 545 901 Ἔδωκε
573 846 628 900 δὲ
654 847 748 900 καὶ
781 845 928 918 αὐτῷ
956 845 1176 917 ὁμοίως.
1212 847 1323 901 Kal
1345 847 1520 902 ἄλλων
1542 852 1902 922 αἰτησάντων,

338 939 502 991 ἐδίδου
528 936 715 999 ἁπλῶς
742 935 878 1006 μετὰ
905 936 1099 1006 χαρᾶς.
1133 936 1397 1006 ’Υστερον
1420 938 1638 1011 ἔρχεται
1667 943 1694 994 6
1717 941 1904 1012 κύριος

332 1027 424 1079 τοῦ
465 1026 768 1079 ὀλοκοτίνου
827 1024 996 1076 θέλων
1039 1024 1191 1080 αὐτό.
1234 1026 1396 1094 Λέγει
1438 1029 1588 1098 αὐτῷ
1620 1032 1648 1082 6
1691 1031 1900 1102 γέρων’

345 1115 485 1184 Ἐγὼ
512 1116 707 1185 ὑπάγω
731 1116 824 1168 καὶ
850 1115 1000 1184 φέρω
1029 1130 1108 1166 σοι
1133 1115 1284 1168 αὑτό.
1320 1117 1428 1170 Kal
1463 1119 1535 1189 μή
1568 1119 1708 1190 έχων
1742 1120 1904 1173 πόθεν

333 1206 641 1269 ἀποδοῦναι,
674 1205 869 1276 ἀνέστη
893 1204 1145 1258 ἀπελθεῖν
1172 1207 1305 1277 πρὸς
1325 1207 1414 1262 τὸν
1437 1209 1612 1262 assa»;
1646 1210 1904 1265 Ἰάκωϐον

331 1300 422 1351 τὸν
463 1299 560 1369 τῆς
593 1297 902 1361 διακονίας,
936 1296 1311 1368 παρακαλέσαι
1354 1299 1514 1353 αὐτὸν
1545 1300 1724 1354 δοῦναι
1757 1300 1904 1372 αὑτῷ

333 1389 395 1442 τὸ
420 1390 682 1460 νόμισμα,
716 1389 805 1441 ἵνα
839 1387 1107 1440 ἀποδώσει
1149 1387 1226 1457 τῷ
1268 1389 1498 1460 ἀδελφῷ.
1537 1392 1645 1444 Kal
1679 1392 1904 1460 ὑπάγων

337 1478 491 1554 εὗρεν
534 1481 842 1552 όλοκοτίνην
890 1479 1139 1550 κείμενον
1185 1481 1380 1551 χαμαὶ,
1436 1483 1531 1535 καὶ
1578 1485 1676 1554 οὐχ
1729 1485 1903 1555 ἥψατο

338 1573 524 1626 αὑτοῦ.
555 1574 794 1640 Ποιήσας
818 1572 874 1624 δὲ
911 1570 1094 1639 εὐχὴν,
1132 1571 1471 1640 ὑπέστρεψεν
1502 1574 1582 1636 εἰς
1609 1574 1668 1625 τὸ
1695 1574 1902 1628 κελλίον

336 1663 550 1719 ἑαυτοῦ.
583 1664 694 1716 Kal
721 1658 884 1732 ἦλθεν
921 1662 950 1713 6
974 1659 1202 1728 ἀδελφὸς
1239 1662 1402 1715 πάλιν
1433 1663 1606 1732 ὀχλῶν
1638 1663 1786 1735 αὐτῷ
1814 1663 1903 1718 διὰ

2004 489 2192 554 Abba,
2238 489 2378 545 dona
2423 503 2614 560 parum
2655 487 2770 555 lini,
2808 504 2916 559 quo
2962 489 3094 544 mihi
3141 487 3335 544 faciam
3368 487 3564 544 ievito—

2005 595 2151 634 nem.
2173 580 2266 636 llle
2293 579 2440 635 dedit
2459 595 2583 634 cum
2607 579 2813 633 laetitia.
2835 579 3098 635 Similiter
3126 580 3266 634 alius
3295 580 3562 636 accedens

2003 671 2302 741 postulavit
2324 671 2392 724 ab
2412 685 2475 724 eo
2502 685 2690 739 parum
2721 669 2813 722 lini
2846 668 2914 722 ad
2938 668 3244 726 faciendum
3277 669 3504 724 linteum
3538 685 3556 725 :

2003 762 2091 816 cui
2132 761 2335 830 pariter
2390 758 2629 813 tradidit.
2679 760 2814 813 Aliis
2859 772 3074 828 quoque
3117 758 3422 827 petentibus
3464 756 3562 811 da-

2003 848 2095 902 bat
2124 849 2443 918 simpliciter
2493 864 2618 903 cum
2654 847 2860 902 laetitia.
2885 847 3080 901 Postea
3125 846 3268 902 venit
3309 845 3560 902 dominus

2005 939 2319 1001 holocotiui,
2353 938 2591 1008 illudque
2635 937 2868 1007 repetiit.
2919 936 3056 991 Dicit
3102 935 3152 990 ei
3199 952 3361 991 senex
3399 955 3410 988 :
3447 933 3557 1004 Ego

2003 1029 2319 1097 proficiscor
2352 1038 2406 1084 et
2447 1029 2612 1084 affero
2653 1028 2769 1082 tibi.
2799 1026 2909 1082 Nec
2953 1027 3160 1081 habens
3209 1026 3352 1080 unde
3399 1041 3560 1094 repo-

2004 1128 2174 1181 neret,
2212 1121 2450 1173 surrexit
2503 1128 2562 1173 ut
2611 1125 2860 1188 pergeret
2890 1115 2957 1170 ad
2991 1118 3236 1170 abbatem
3281 1114 3561 1178 Iacobum,

2006 1209 2153 1262 illum
2198 1210 2461 1263 diaconia:
2508 1224 2601 1263 seu
2641 1207 2952 1268 ministerii,
3001 1214 3290 1276 rogaturus
3321 1213 3379 1258 ut
3412 1205 3562 1260 daret

2001 1297 2052 1350 ei
2085 1313 2363 1351 nummum
2394 1296 2462 1350 ad
2496 1297 2827 1351 reddendum
2862 1295 3033 1348 fratri.
3074 1295 3254 1364 Itaque
3286 1295 3340 1346 in
3372 1294 3565 1346 itinere

2004 1387 2213 1442 invenit
2235 1389 2606 1442 holocotinum
2629 1389 2863 1457 positum
2897 1389 3077 1452 humi;
3107 1402 3214 1439 non
3232 1395 3409 1440 tamen
3438 1385 3564 1439 teti-

2003 1480 2100 1546 git.
2131 1478 2233 1533 Sed
2267 1479 2409 1533 facta
2437 1482 2682 1534 oratione
2711 1495 2961 1533 reversus
2987 1487 3069 1532 est
3093 1479 3145 1531 in
3171 1479 3360 1532 cellam
3384 1492 3561 1532 suam.

2006 1570 2163 1626 Venit
2211 1574 2379 1626 frater
2426 1572 2620 1626 iterum
2669 1573 2970 1626 molestiam
3027 1572 3130 1642 ipsi
3185 1571 3447 1626 exhibens
3486 1569 3561 1623 ob

2006 1677 2308 1716 nummum.
2345 1662 2432 1715 Ait
2481 1663 2554 1716 illi
2605 1679 2762 1716 senex
2817 1682 2829 1717 :
2878 1662 3004 1715 Mihi
3058 1663 3214 1732 plane
3265 1676 3410 1714 cura:
3454 1672 3561 1717 est.

331 1755 393 1809 τὸ
423 1756 686 1826 νόμισμα.
719 1731 830 1807 Kal
858 1753 1006 1821 λέγει
1041 1750 1189 1821 αὑτῷ
1215 1753 1242 1804 6
1269 1731 1493 1824 γέρωνέ
1520 1752 1661 1822 Ἐγὼ
1689 1731 1903 1820 πάντως

2009 1751 2326 1820 Rursusque
2356 1751 2564 1814 abiens,
2603 1751 2808 1804 invenit
2852 1731 3128 1802 nummum
3170 1747 3320 1801 humi
3346 1748 3437 1818 ubi
3468 1761 3564 1799 an-

333 1845 629 1916 φροντίζω.
664 1846 774 1897 Kal
796 1845 1038 1899 ἀπελθὼν
1070 1847 1249 1908 πάλιν,
1289 1841 1413 1916 εὗρε
1445 1845 1504 1897 τδ
1536 1846 1774 1918 νόμισμα
1805 1865 1900 1917 χαο

339 1935 440 2005 μαί
467 1935 601 1986 ὅπου
631 1930 729 2004 ἦν’
763 1935 847 1987 καὶ
877 1937 1108 2007 ποιήσας
1144 1936 1306 2007 εὐχὴν
1341 1936 1521 1998 πάλιν,
1563 1936 1902 2008 ὑπέστρεψεν

337 2030 420 2089 εἰς
443 2027 504 2078 τὸ
532 2026 732 2079 κελλίον
759 2027 971 2081 ἑαυτοῦ.
1003 2029 1113 2080 Kal
1144 2028 1252 2081 ἰδοὺ
1279 2029 1483 2097 ὁμοίως
1509 2025 1672 2097 ἦλθεν
1702 2031 1730 2082 6
1752 2029 1904 2083 ἁδελ-

341 2117 442 2186 φὸς
471 2119 498 2169 6
531 2116 697 2186 ὀχλῶν
737 2118 916 2173 αὐτόν.
950 2119 1059 2171 Kal
1083 2119 1228 2186 λέγει
1261 2121 1288 2171 6
1320 2119 1519 2190 γέρων,
1566 2121 1648 2173 ὅτι
1679 2121 1902 2184 Πάντως

339 2209 400 2260 τὸ
433 2207 579 2272 ἅπαξ
606 2206 760 2260 τοῦτο
794 2203 942 2278 (ρέρω
972 2208 1120 2264 αὐτό.
1159 2209 1267 2262 Kal
1296 2210 1532 2272 ἀναστὰς
1561 2211 1744 2273 πάλιν,
1771 2207 1900 2282 ἦλθε

335 2297 456 2350 κατ’
490 2296 695 2350 ἐκείνου
728 2296 823 2350 τοῦ
853 2297 1045 2350 τόπου·
1090 2298 1184 2354 καὶ
1227 2293 1383 2369 εὗρεν
1409 2300 1540 2355 αὐτὸ
1574 2301 1688 2352 ἐκεῖ
1717 2302 1902 2372 κείμε-

335 2403 442 2439 νον.
471 2387 579 2439 Kal
607 2387 839 2456 ποιήσας
861 2387 1044 2457 εὐχὴν,
1075 2387 1265 2446 ἐλαϐεν
1287 2390 1438 2442 αὐτό.
1463 2391 1570 2446 Kal
1596 2386 1726 2460 ἦλθε
1765 2391 1900 2461 πρὸς

333 2475 424 2528 τὸν
457 2476 634 2530 άὸὃᾶν
680 2477 953 2541 Ἰάκωϐον,
988 2477 1082 2532 καὶ
1114 2479 1262 2546 λέγει
1305 2479 1450 2549 αὐτῷ
1474 2495 1486 2508 ·
1525 2479 1710 2543 Ἀϐϐά,
1748 2482 1903 2551 ἐρχό-

337 2583 497 2636 μενος
543 2567 680 2637 πρὸς
719 2568 778 2620 σὲ
812 2561 967 2637 εὗρον
998 2569 1059 2620 τὸ
1096 2569 1332 2639 νόμισμα
1366 2569 1520 2623 τοῦτο
1571 2572 1628 2626 ἐν
1663 2575 1727 2641 τῇ
1762 2571 1899 2641 ὀδῷ·

337 2658 558 2729 ποίησον
587 2653 682 2711 οὖν
708 2659 948 2729 ἀγάπην,
977 2659 1071 2713 κα)⁸
1111 2660 1344 2730 κήρυξον
1375 2663 1433 2714 ἐν
1459 2665 1525 2731 τῇ
1556 2663 1739 2733 ἐνορίᾳ
1767 2662 1901 2732 (52),

341 2749 499 2820 μήτις
533 2748 813 2803 ἀπώλεσεν
844 2750 1009 2803 αὑτό·
1041 2749 1136 2802 καὶ
1175 2750 1269 2803 ἐὰν
1307 2751 1504 2824 εὑρεθῇ
1533 2754 1560 2805 6
1591 2751 1777 2822 κύριος
1809 2753 1907 2806 αὐο

336 2839 451 2901 τοῦ,
501 2840 589 2903 δὸς
640 2840 791 2894 αὑτό.
858 2839 1129 2894 ’Δπελθὼν
1174 2837 1266 2896 οὖν
1313 2842 1342 2893 6
1380 2842 1578 2911 γέρων,
1626 2843 1718 2896 ἐπὶ
1758 2844 1906 2912 τρεῖς

338 2931 550 3001 ἡμέρας
593 2930 858 3001 ἐκήρυξε-
897 2931 990 2983 καὶ
1031 2931 1205 2994 οὐδεὶς
1244 2931 1442 3001 εὑρέθη
1475 2933 1504 2984 6
1539 2931 1810 2994 ἀπολέσας
1845 2930 1906 2983 τὺ

341 3021 600 3116 νόμισμα.
637 3021 771 3073 Τότε
820 3020 966 3089 λέγει
1015 3021 1044 3071 6
1080 3021 1258 3092 γέρων
1302 3020 1380 3091 τῷ
1419 3022 1563 3092 ἀσΰᾷ
1635 3021 1904 3090 Ἰακώδῳο
1934 3059 1976 3116 C

341 3111 402 3165 Et
431 3107 528 3165 οὖν
559 3111 736 3173 οὖδεὶς
760 3111 889 3164 αὐτὸ
914 3110 1183 3174 ἀπώλεσε,
1213 3112 1300 3176 δὺς
1336 3112 1467 3166 αὐτὸ
1493 3111 1627 3182 τῷδε
1654 3111 1730 3182 τῷ
1755 3111 1908 3172 ἁδελ-

344 3202 461 3270 φῷο
522 3201 784 3272 χρεωστῶ
836 3203 946 3274 γὰρ
999 3202 1181 3272 αὐτῷ’
1239 3202 1334 3255 καὶ
1384 3201 1674 3273 ἐρχόμενος
1728 3202 1910 3256 λαϐεῖν

344 3292 493 3360 παρὰ
547 3291 643 3344 σοῦ
691 3293 910 3362 ἀγάπην
964 3294 1059 3345 καὶ
1101 3293 1390 3348 ἀποδοῦναι
1440 3291 1500 3347 τδ
1547 3294 1720 3364 χρέος,
1755 3289 1910 3367 εὗρον

345 3381 492 3434 αὐτό.
540 3383 652 3436 Kal
687 3383 994 3452 ἐθαύμασεν
1035 3386 1064 3436 6
1091 3384 1288 3455 γέρων,
1323 3384 1438 3447 πῶς
1483 3383 1772 3455 χρεωστῶν
1818 3385 1912 3438 καὶ

345 3472 521 3543 εὑρὼν
555 3475 656 3527 οὐκ
686 3474 884 3538 εὐθέως
913 3474 1070 3527 ἔλαϐε
1098 3475 1190 3527 καὶ
1219 3474 1418 3528 ἔδωκεν
1443 3475 1590 3528 αὑτό.
1617 3474 1727 3528 Kal
1757 3476 1913 3528 τοῦτο

346 3563 402 3616 δὲ
441 3560 509 3636 ἣν
553 3565 716 3618 αὑτοῦ
757 3565 818 3618 τὸ
863 3565 1204 3636 θαυμαστὸν,
1236 3566 1318 3618 ὅτι
1354 3567 1402 3618 εί
1432 3566 1629 3636 ήρχετό
1660 3584 1745 3630 τις
1779 3567 1913 3636 χρή-

351 3653 544 3706 σασθαι
569 3657 699 3725 παρ’
737 3656 899 3709 αὑτοῦ
929 3656 982 3708 τί
1020 3673 1170 3721 ποτε,
1199 3656 1260 3708 οὐ
1293 3656 1360 3708 δι’
1388 3657 1582 3709 ἐαυτοῦ
1628 3659 1908 3726 παρεῖχεν,

350 3745 459 3797 ἀλλ’
495 3745 646 3812 ἔλεγε
685 3745 762 3814 τῷ
793 3745 1036 3814 ἀδελφῷ·
1080 3746 1318 3813 “Υπαγε,
1361 3744 1570 3814 σεαυτῷ
1610 3740 1740 3814 ἆρον
1771 3745 1824 3797 εῐ
1860 3761 1913 3796 τι

351 3835 598 3904 χρῄζεις’
634 3834 731 3887 καὶ
758 3837 806 3888 εί
834 3836 1046 3906 ἔφερεν,
1081 3836 1263 3906 ἔλεγεν
1292 3835 1438 3904 αὐτῷ
1459 3851 1472 3863 ’
1526 3835 1752 3888 Ἀπόθου
1782 3834 1913 3888 αὐτὸ

354 3925 507 3977 πάλιν
540 3925 621 3987 είς
651 3923 741 3976 τὸν
769 3924 933 3976 τόπον
958 3925 1141 3977 αὐτοῦ.
1174 3922 1235 3976 Εἰ
1258 3924 1314 3977 δὲ
1346 3925 1467 3978 οὐδὲ
1499 3924 1693 3996 ἔφερεν
1722 3926 1750 3977 6
1776 3923 1915 3994 λαμ·-

352 4013 546 4079 6άνων,
574 4016 726 4069 οὐδὲν
759 4015 941 4083 ἔλεγεν
967 4015 1134 4086 αὐτῷ.

407 4111 481 4169 γ’.
518 4104 745 4172 Ἔλεγον
786 4104 917 4174 περὶ
946 4103 1039 4157 τοῦ
1073 4104 1217 4159 άόϐἆ
1264 4105 1509 4159 Ἰωάννου
1554 4103 1646 4157 τοῦ
1683 4103 1912 4175 Πέρσου,

354 4190 433 4245 δτι
450 4193 774 4264 κακούργων
795 4193 944 4264 αὐτῷ
963 4194 1318 4256 ἐπιστάντων,
1332 4196 1566 4265 νιπτῆρα
1587 4195 1822 4264 προσέφε
1833 4211 1914 4265 ρε,

355 4281 449 4335 καὶ
491 4281 645 4351 ἠξίου
683 4284 810 4346 τοὺς
844 4285 1007 4348 πόδας
1061 4284 1235 4338 αὐτῶν
1274 4286 1508 4338 νίπτειν·
1550 4287 1792 4338 κάκεῖνοι
1834 4287 1916 4339 al-

355 4371 629 4434 δεσθέντες
663 4377 937 4443 μετανοεῖν
964 4375 1212 4446 ἧρξαντο.

428 4548 491 4602 δ’.
522 4545 660 4601 Εἶπέ
692 4565 774 4611 τις
813 4547 892 4618 τῷ
930 4548 1074 4620 άῦὄᾷ
1116 4549 1336 4619 Ἰωάννῃ
1368 4549 1445 4618 τῷ
1475 4550 1679 4620 Πέρσῃ,
1706 4549 1787 4601 ὅτι.
1817 4548 1920 4602 Το-

365 4637 550 4690 σοῦτον
578 4637 744 4690 κόπον
771 4639 1102 4708 ἐποιήσαμεν
1133 4636 1220 4691 διὰ
1255 4638 1352 4708 τὴν
1385 4638 1658 4708 βασιλείαν
1693 4637 1799 4691 τῶν
1834 4638 1922 4691 οὑ-

367 4728 542 4799 ρανῶν
563 4745 577 4759 ο
604 4725 713 4800 ἆρα
733 4728 1137 4799 κληρονομῆσαι
1162 4728 1336 4800 αὐτὴν
1364 4729 1593 4799 έχομενς
1629 4728 1739 4781 Kal
1772 4725 1922 4781 εἷπεν

363 4821 393 4872 6
414 4821 592 4890 γέρων
615 4837 630 4852 ⁸
667 4818 812 4888 Ἐγὼ
841 4819 1077 4873 πιστεύω
1113 4819 1518 4891 κληρονομῆσαι
1544 4819 1642 4890 τὴν
1681 4820 1792 4874 ἄνω
1827 4819 1923 4872 Ἱε-

368 4911 647 4984 ρουσαλὴμ
672 4911 769 4981 τὴν
793 4911 1290 4983 άπογεγραμμένήν
1320 4911 1377 4963 ἐν
1407 4913 1518 4972 τοῖς
1541 4910 1806 4981 οὐρανοῖς.
1831 4911 1928 4963 [It-

371 4985 489 5064 στὸς
509 5003 616 5072 γὰρ
640 5003 670 5053 ό
693 5002 1326 5074 ἐπαγγειλάμενος.Διατί
1348 5000 1405 5054 δὲ
1437 5001 1750 5070 ἅπιστήσως
1777 4999 1930 5053 Φιλό-

371 5089 516 5156 ξενος
555 5091 631 5154 ὡς
669 5093 698 5143 6
747 5091 994 5161 Ἀϐραὰμ
1021 5091 1216 5159 γέγονα
1240 5129 1256 5154 ,
1287 5087 1563 5160 πραῢςὼς
1601 5089 1629 5140 6
1666 5087 1926 5157 Μωῦσῆς,

371 5281 869 5344 rmv.oleaStrum,
915 5277 1194 5348 praemium
1235 5279 1288 5332 in
1331 5279 1473 5334 ludis
1513 5278 1825 5348 Olympicis.
1872 5289 1931 5332 ut

374 5349 535 5404 fuerit
611 5367 864 5404 nummus
933 5350 1220 5403 occasione
1290 5348 1527 5402 donativi
1585 5349 1816 5414 alicujus
1869 5364 1934 5403 ac

376 5418 575 5487 praemii
605 5421 836 5488 primum
854 5417 1122 5488 cusust
1128 5418 1184 5488 si
1216 5432 1328 5488 non
1355 5417 1577 5488 arridet.
1596 5416 1727 5488 audi
1767 5419 1934 5488 nij-

377 5485 464 5542 i'es
489 5485 660 5557 nugas
676 5487 1017 5557 Graecorum:
1046 5485 1473 5557 itrljltyniologiis
1495 5502 1560 5540 ex
1583 5485 1938 5557 OrioneThe-

377 5557 536 5628 bano,
556 5555 678 5611 cod.
717 5555 846 5628 Reg.
882 5557 1067 5628 ’Περι
1092 5555 1253 5628 ἓΗΞ,
1276 5555 1567 5609 ὁλοκοτίνιν
1589 5573 1605 5628 ’γ
1632 5557 1719 5610 διὰ
1749 5556 1810 5620 τὸ
1844 5556 1935 5628 τὸν

372 5627 493 5681 ὅλον
548 5629 706 5680 κότον
755 5624 820 5678 ἐν
868 5625 1038 5696 αὐτῷ.
1091 5624 1200 5680 Hoc
1247 5635 1351 5685 est.
1392 5635 1450 5679 ut
1495 5627 1752 5691 arbitror.
1788 5626 1931 5693 quod

2001 1846 2086 1894 tea
2111 1849 2262 1905 erat;
2300 1839 2549 1908 factaque
2571 1840 2748 1892 adhuc
2773 1854 2951 1907 prece.
2979 1839 3031 1890 in
3064 1837 3254 1892 cellam
3289 1849 3443 1890 suam
3477 1849 3565 1888 re-

2001 1932 2123 1986 diit.
2148 1932 2327 2002 Atque
2352 1947 2418 1986 en
2451 1931 2570 2000 pari
2617 1930 2777 1983 modo
2822 1928 3054 1983 accessit
3096 1926 3281 1992 frater,
3311 1926 3360 1980 ei
3393 1925 3554 1979 mole-

2002 2029 2140 2077 stus.
2168 2022 2305 2074 Tum
2329 2036 2494 2075 senex
2530 2038 2543 2072 :
2577 2020 2755 2082 Certe,
2777 2019 2973 2088 inquit,
2998 2018 3222 2072 omnino
3251 2017 3353 2071 hoc
3384 2018 3558 2085 ipsum

1999 2112 2109 2182 jam
2149 2111 2282 2166 fero.
2316 2110 2669 2180 Surgensquc
2733 2111 2953 2172 iterum,
2999 2109 3245 2179 pervenit
3286 2108 3354 2161 ad
3409 2107 3558 2161 illum

2004 2201 2210 2262 locum,
2242 2208 2407 2269 atque
2432 2199 2636 2253 invenit
2657 2197 2904 2252 eumdem
2926 2211 3207 2250 nummum
3235 2196 3344 2249 illic
3370 2196 3560 2263 jacen-

2001 2299 2130 2347 tem.
2163 2290 2310 2346 Fecit
2356 2291 2517 2360 igitur
2549 2290 2873 2352 orationem,
2914 2286 3172 2354 illumque
3215 2284 3464 2352 sumpsit.
3493 2283 3558 2336 Et

1999 2382 2147 2437 venit
2173 2381 2239 2435 ad
2270 2383 2520 2435 abbatem
2553 2378 2835 2437 Jacohum.
2867 2376 2955 2430 cui
2997 2373 3135 2429 dixit
3167 2392 3182 2428 :
3211 2373 3380 2439 Abba,
3410 2374 3476 2427 ad
3505 2382 3562 2429 te

2002 2471 2254 2531 veniens,
2294 2470 2470 2538 reperi
2501 2469 2557 2522 in
2586 2469 2671 2520 via
2698 2480 2980 2520 nummum
3022 2467 3186 2520 hunc.
3220 2466 3426 2519 Exerce
3455 2465 3560 2531 igi-

2003 2567 2093 2612 tur
2137 2557 2482 2616 cbaritatem.
2514 2555 2754 2625 prtedica
2783 2569 2881 2622 per
2931 2554 3225 2622 regionem,
3259 2569 3390 2613 num
3437 2553 3564 2621 quis

2002 2649 2248 2716 amiserit
2280 2663 2402 2702 eum
2433 2665 2446 2700 :
2481 2646 2626 2715 quod
2675 2645 2724 2699 si
2772 2645 3026 2699 inventus
3077 2643 3240 2698 fuerit
3290 2643 3563 2705 dominus,

2006 2742 2176 2797 trade.
2204 2740 2487 2795 Profectus
2519 2754 2649 2810 ergo
2689 2755 2876 2802 senex,
2922 2754 3017 2807 per
3047 2746 3159 2794 tres
3209 2737 3328 2792 dies
3359 2736 3562 2808 praedi-

2003 2832 2164 2894 cavit,
2217 2846 2316 2886 nec
2367 2831 2653 2899 quisquam
2719 2837 2963 2898 repertus
3013 2838 3096 2882 est
3142 2827 3235 2896 qui
3286 2839 3573 2880 nummum

2006 2920 2347 2992 perdidisset.
2380 2919 2534 2972 Tunc
2569 2933 2734 2971 senex
2766 2918 2840 2970 ait
2867 2917 2932 2970 ad
2963 2917 3210 2970 abbatem
3243 2914 3506 2970 Iacobum
3539 2929 3558 2967 :

2009 3012 2066 3067 Si
2100 3013 2281 3081 itaque
2314 3023 2475 3064 nemo
2521 3023 2643 3061 eum
2685 3005 2938 3074 perdidit,
2964 3005 3032 3057 da
3062 3004 3138 3057 illi
3169 3003 3358 3067 fratri;
3392 3002 3564 3056 debeo

2007 3104 2150 3158 enim
2187 3101 2267 3165 ei;
2304 3098 2685 3170 profectusque
2722 3101 2782 3149 ut
2819 3109 2850 3148 a
2885 3101 2938 3148 te
2979 3093 3278 3162 acciperem
3323 3091 3570 3150 charita-

2009 3202 2139 3258 tem,
2178 3206 2242 3245 ac
2270 3189 2547 3244 redderem
2599 3187 2864 3246 debitum,
2893 3181 3044 3238 illum
3091 3187 3284 3235 nactus
3333 3194 3478 3234 sum.
3501 3175 3569 3234 Et

2012 3285 2243 3340 miratus
2264 3289 2348 3336 est
2375 3294 2562 3343 senex,
2589 3275 2863 3346 quomodo
2888 3288 3011 3330 cum
3045 3271 3266 3330 deberet
3294 3276 3458 3339 atque
3482 3269 3559 3322 iu-

2009 3375 2279 3434 venisset,
2318 3385 2425 3424 non
2473 3367 2777 3436 accepisset
2827 3363 3010 3420 statim
3057 3375 3122 3415 ac
3153 3359 3418 3416 dedisset.
3457 3356 3572 3418 Hoc

2011 3483 2226 3540 quoque
2256 3467 2308 3521 in
2354 3465 2472 3534 ipso
2525 3460 2770 3516 mirabile
2821 3457 3052 3519 exstitit,
3078 3452 3224 3524 quod
3251 3453 3298 3508 si
3324 3452 3448 3522 quis
3475 3463 3568 3506 ac-

2012 3560 2290 3621 cessisset,
2324 3562 2673 3610 mutuaturus
2707 3549 2984 3620 quidpiam
3015 3546 3083 3599 ab
3121 3559 3209 3605 eo,
3241 3558 3346 3604 non
3394 3553 3572 3610 perae

2011 3649 2306 3719 praebebat.
2343 3645 2436 3700 sed
2489 3643 2703 3700 dicebat
2754 3639 2951 3694 fratri:
2988 3636 3156 3696 Vade.
3201 3635 3329 3693 tolle
3369 3633 3466 3690 tibi
3513 3629 3570 3688 id

2011 3753 2120 3810 quo
2149 3737 2361 3805 indiges
2395 3752 2408 3788 :
2441 3734 2488 3792 si
2527 3747 2657 3788 vero
2681 3729 2978 3789 retulisset,
3011 3726 3193 3788 aiebat
3218 3725 3266 3778 ei
3297 3743 3309 3778 :
3347 3722 3568 3791 Repone

2013 3830 2209 3884 iterum
2255 3824 2388 3880 illud
2416 3825 2470 3878 in
2513 3824 2690 3878 locum
2745 3834 2926 3873 suum.
2964 3816 3115 3881 Quod
3148 3816 3192 3870 si
3225 3815 3315 3883 qui
3347 3827 3573 3881 accepe-

2014 3929 2118 3985 rat,
2149 3915 2282 3976 nihil
2315 3913 2552 3976 afferret,
2584 3912 2633 3966 ei
2677 3908 2813 3964 nihil
2843 3906 3137 3975 quidquam
3189 3901 3531 3972 loquebatur.

2086 4094 2140 4148 3.
2173 4090 2248 4145 De
2271 4089 2464 4142 abbate
2493 4082 2700 4138 Joanne
2722 4080 2885 4135 Persa
2917 4074 3246 4133 referebant,
3267 4070 3408 4140 quod
3439 4068 3574 4124 faci-

2015 4183 2232 4240 norosis
2259 4176 2569 4234 hominibus
2592 4175 2646 4228 in
2675 4187 2795 4226 eum
2817 4164 3344 4237 supervenientibus.
3369 4162 3563 4231 pelvim

2018 4277 2196 4330 attulit
2231 4288 2296 4327 ac
2323 4285 2512 4325 eorum
2565 4265 2730 4337 pedes
2760 4263 2938 4314 lavare
2973 4256 3177 4320 voluit;
3208 4254 3285 4308 illi
3315 4268 3442 4307 vero
3477 4267 3578 4321 pu-

1953 4379 1997 4434 ι)
2025 4365 2156 4419 dore
2183 4358 2396 4422 suﬂ'usi,
2424 4353 2996 4424 atqueresipiscentes,
3015 4350 3298 4415 coeperunt
3319 4343 3580 4398 inclinato

2020 4468 2252 4524 corpore
2277 4447 2488 4504 veniam
2520 4443 2819 4514 postulare.

2089 4521 2144 4597 ιζ
2187 4539 2331 4594 Dixit
2377 4533 2577 4600 aliquis
2622 4529 2803 4586 abbati
2843 4524 3038 4582 Joanni
3085 4525 3262 4580 Persae
3302 4521 3582 4577 :Tantum

2021 4632 2226 4689 laboris
2255 4629 2478 4683 tulimus
2509 4632 2727 4696 propter
2755 4635 2980 4692 regnum
3006 4617 3302 4676 ctelorum:
3332 4628 3399 4665 an
3454 4627 3588 4664 cou-

2025 4721 2312 4776 stituemur
2328 4715 2570 4770 hzrredes
2610 4710 2794 4766 illius?
2826 4709 2892 4762 Et
2925 4721 3092 4763 senex
3118 4703 3197 4757 ait
3225 4718 3239 4756 :
3265 4700 3440 4755 Credo
3465 4714 3586 4769 ego,

2024 4819 2445 4867 consecuturum
2471 4821 2556 4860 me
2579 4801 2946 4858 hereditatem
2978 4810 3228 4867 supernae
3249 4792 3584 4847 Hierusalem

2026 4898 2351 4966 conscripta:
2382 4895 2436 4948 in
2471 4894 2647 4949 caelis.
2680 4889 2880 4945 Fidelis
2907 4888 3050 4943 enim
3081 4896 3166 4942 est
3194 4883 3285 4953 qui
3317 4880 3588 4953 promisit.

2028 4990 2208 5057 Quare
2248 4996 2427 5042 autem
2476 4982 2809 5040 diuiderem?
2847 4983 2937 5056 qui
2974 4979 3259 5051 hospitalis
3301 4973 3486 5032 exstiti
3530 4979 3594 5027 ut

2030 5079 2326 5140 Abraham,
2363 5082 2678 5130 mansuetus
2705 5082 2764 5127 ut
2801 5071 3034 5142 Moyses,
3067 5074 3288 5124 sanctus
3330 5072 3590 5133 tanquam

2033 5281 2085 5334 in
2129 5279 2219 5330 illo
2243 5267 2312 5330 fit
2363 5284 2467 5328 tota
2526 5275 2805 5334 simultas,
2859 5267 3132 5325 contentio
3178 5272 3234 5320 et
3295 5263 3588 5334 aemulatio.

2105 5349 2216 5414 (5‘2)
2246 5344 2525 5411 Κήρυεον
2545 5345 2614 5396 ἐν
2633 5341 2706 5414 τῇ
2727 5331 2948 5414 ἐπορίᾳ.
2981 5336 3180 5414 Pelagii
3201 5335 3380 5414 versio
3401 5331 3590 5386 eadem

2036 5404 2304 5469 valde'hic
2319 5404 2626 5482 wdepravata
2657 5404 2776 5482 est.
2805 5404 2918 5482 Qui
2939 5407 3080 5482 enim
3116 5404 3323 5482 graecis
3373 5414 3594 5482 responf

2035 5487 2199 5539 deant
2220 5469 2432 5544 Latina,
2452 5480 2682 5551 pru'dica
2698 5469 2959 5551 jejunium
2975 5477 2999 5528 7
3015 5469 3596 5551 llivipabamﬁprwdica

2036 5557 2090 5607 in
2145 5541 2462 5619 conﬁnium:
2500 5550 2676 5603 Editio
2699 5541 2954 5617 Isingdun.
2998 5541 3227 5614 pra'dica
3275 5541 3460 5605 illum;
3491 5550 3595 5592 ms.

2038 5621 2251 5674 Fossal.
2283 5620 2510 5682 pmdica
2545 5619 2598 5671 in
2627 5619 2756 5672 viro.
