4012 6208
350 251 454 310 959

1522 229 1863 287 APPENDIX
1901 231 1991 286 AD
2031 225 2446 284 PALLADIUM.

3493 219 3603 276 960

348 374 555 432 Aaron,
589 365 795 437 patiens
826 368 883 414 ut
912 357 1033 421 Job,
1069 353 1291 409 humilis
1331 353 1478 408 velut
1512 354 1701 416 David,
1747 325 1914 408 eremi

2042 351 2172 419 ίγιος
2211 350 2284 413 ὼς
2318 351 2346 401 6
2399 344 2610 418 Ἀαρὼν
2632 384 2646 409 ,
2697 339 3094 414 ὑπομονητικδς
3131 339 3204 403 ὡς
3254 340 3282 392 6
3319 336 3474 404 Ἰὼϐ,
3507 353 3577 392 τα

349 461 525 517 incola
550 456 880 515 utJoannes,
917 449 1140 503 delletor
1171 447 1313 502 sicut
1338 444 1624 508 Jeremias,
1665 446 1921 516 magister

354 563 407 606 ut
438 550 661 610 Paulus,
687 544 860 599 ﬁdelis
890 541 1046 613 quasi
1067 539 1282 604 Petrus,
1307 537 1526 607 sapiens
1559 546 1616 590 ut
1643 536 1916 591 Salomon.

353 639 574 698 Confido
605 638 782 692 instar
811 635 958 689 illius
1000 630 1252 694 latronis,
1285 629 1428 698 quod
1465 629 1553 696 qui
1583 643 1677 698 per
1704 627 1803 681 sibi
1835 628 1921 681 in-

343 729 578 801 genitam
614 725 912 782 bonitatem
945 722 1047 777 ista
1094 719 1226 773 milii
1260 717 1598 790 gratiﬁcatus
1630 728 1731 781 est,
1759 717 1921 771 etiam

347 834 573 890 regnum
608 816 886 887 largietur.

741 905 813 958 De
846 902 1037 957 abbate
1073 901 1281 955 Joanne
1315 899 1555 955 Tltebara.

423 1021 534 1090 (55)
576 1017 835 1070 Dicebant
874 1015 940 1069 de
975 1012 1183 1068 Joanne
1209 1012 1418 1067 minore
1453 1013 1711 1078 Thebaeo,
1755 1013 1925 1067 disci-

351 1112 481 1181 pulo
514 1109 729 1165 abbatis
759 1107 1021 1172 Ammois,
1045 1106 1190 1176 quod
1222 1106 1509 1161 duodecim
1545 1121 1718 1161 annos
1742 1113 1926 1160 trans-

353 1203 523 1275 egerit
555 1203 608 1255 in
644 1199 947 1254 ministerio
987 1199 1135 1252 senis
1177 1207 1306 1253 tunc
1343 1199 1656 1269 aegrotantis
1683 1218 1695 1251 :
1721 1205 1776 1252 et
1803 1212 1926 1252 cum

352 1311 418 1350 eo
455 1293 678 1349 sedebat
710 1306 873 1360 super
903 1296 1149 1343 mattam.
1181 1288 1249 1343 At
1283 1305 1448 1345 senex
1485 1289 1766 1344 videbatur
1803 1303 1926 1342 eum

353 1381 778 1457 parvipendcre;
811 1395 1046 1449 cumque
1076 1380 1370 1450 plurimum
1400 1397 1527 1452 erga
1559 1382 1737 1451 ipsum
1765 1382 1931 1436 labo-

353 1484 550 1541 rasset,
573 1488 847 1542 nunquam
883 1473 931 1527 ei
956 1472 1088 1525 dixit
1115 1491 1128 1526 :
1161 1471 1356 1527 Salvus
1375 1474 1472 1528 sis.
1493 1474 1722 1541 Quando
1746 1482 1927 1528 autem

350 1571 418 1624 ad
453 1569 646 1623 mortis
673 1574 886 1636 tempus
909 1566 1081 1630 venit,
1115 1565 1432 1621 sedentibus
1464 1565 1710 1629 senibus,
1739 1556 1931 1635 appre¥

355 1658 544 1714 hendit
569 1672 786 1712 manum
812 1655 953 1724 ejus.
987 1655 1231 1725 dixitque
1260 1656 1335 1708 illi
1363 1674 1376 1710 :
1406 1654 1600 1710 Salvus
1627 1655 1725 1718 sis,
1746 1654 1932 1710 salvus

346 1750 451 1814 sis,
487 1749 670 1805 salvus
718 1748 796 1802 sis
827 1766 839 1801 :
869 1755 922 1802 et
958 1748 1178 1801 tradidit
1221 1762 1345 1801 eum
1397 1746 1644 1811 senibus,
1694 1744 1885 1801 dicens
1916 1764 1931 1801 :
1967 1731 2009 1787 Β

355 1843 461 1897 iste
488 1841 713 1909 angelus
742 1847 846 1904 est,
885 1856 990 1894 non
1026 1841 1205 1894 homo.

491 1949 571 2004 .De
605 1948 792 2004 abbate
825 1949 1037 2004 Joanne
1069 1949 1330 2019 discipulo
1365 1949 1572 2004 abbatis
1605 1949 1790 2003 Pauli.

408 2126 540 2198 (54)
578 2127 804 2182 Aiebant
848 2126 917 2182 de
955 2124 1166 2182 Joanne
1196 2126 1468 2196 discipulo
1510 2127 1724 2182 abbatis
1758 2125 1932 2190 Pauli,

353 2220 500 2293 quod
523 2234 714 2290 magna
737 2219 1042 2275 obedientia
1065 2219 1325 2289 praeditus
1350 2219 1529 2273 fuerit.
1560 2217 1729 2272 Erant
1753 2227 1935 2272 autem

356 2312 590 2384 quodam
623 2311 678 2364 in
706 2312 825 2365 loco
845 2311 1119 2380 sepulcra,
1145 2310 1364 2379 illicque
1388 2309 1576 2379 liyaena
1599 2308 1782 2362 sedem
1809 2307 1939 2363 ﬁxe-

356 2412 462 2458 rat.
508 2402 682 2458 Senex
719 2418 850 2456 vero
879 2403 1025 2461 circa
1059 2417 1182 2456 eum
1225 2402 1402 2454 locum
1437 2399 1570 2454 vidit
1602 2400 1767 2454 boum
1795 2392 1939 2454 steré

356 2510 522 2561 cora;
565 2501 624 2550 et
649 2494 909 2565 praecepit
949 2492 1146 2546 Joanni
1185 2500 1240 2545 ut
1280 2491 1456 2545 abiret
1496 2490 1820 2560 aﬂ‘erretque
1849 2505 1934 2546 ea.

360 2587 453 2643 Ille
476 2587 556 2642 ait
586 2605 601 2642 :
633 2586 772 2653 Quid
802 2585 1030 2649 faciam,
1057 2584 1218 2648 abba,
1252 2593 1474 2654 prOpter
1503 2584 1778 2655 hyaenam?
1797 2582 1938 2637 Tum

360 2696 528 2736 senex
570 2679 765 2750 jocans
811 2677 934 2732 iniit
967 2697 980 2732 :
1016 2676 1075 2731 Si
1120 2675 1410 2732 adversum
1463 2683 1516 2733 te
1559 2677 1789 2741 venerit,
1831 2677 1936 2747 liga

358 2788 505 2838 eam,
538 2782 593 2827 et
621 2772 816 2826 adduc.
847 2769 925 2824 Eo
954 2769 1120 2840 igitur
1154 2769 1436 2840 profectus
1487 2775 1571 2824 est
1636 2769 1802 2824 frater
1843 2784 1937 2823 ve-

362 2866 526 2932 speri.
548 2864 613 2918 Et
649 2879 777 2919 ecce
815 2865 999 2934 hyaena
1028 2863 1189 2917 irruit
1217 2877 1384 2933 super
1412 2877 1558 2917 eum.
1602 2860 1720 2931 Ipse
1751 2869 1934 2916 autem

356 2957 514 3024 juxta
544 2971 852 3012 sermonem
887 2955 1036 3010 senis
1065 2956 1312 3025 prorupit
1337 2961 1396 3008 ut
1427 2951 1934 3023 comprehenderet.

363 3046 632 3120 Fugitque
663 3050 874 3120 hyaena.
917 3047 1056 3101 Tum
1091 3061 1427 3116 persequens
1467 3046 1682 3100 dicebat
1715 3045 1936 3100 :Abbas

364 3155 518 3195 meus
539 3141 710 3210 jussit
737 3149 796 3193 ut
819 3149 873 3194 te
905 3141 1191 3194 vincirem.
1221 3137 1472 3206 Cumque
1498 3150 1616 3191 eam
1648 3136 1935 3199 tenuisset,
1966 3124 2008 3146 “¹

361 3229 572 3300 ligavit.
608 3228 782 3283 Porro
809 3243 973 3284 senex
1009 3228 1330 3298 angebatur,
1374 3225 1704 3293 sedebatque
1743 3240 1939 3295 exspe-

356 3326 522 3376 ctans
553 3320 726 3373 illum.
758 3318 896 3372 Ecce
923 3318 1160 3383 advenit,
1192 3317 1400 3372 ducens
1428 3320 1669 3388 hymnam
1695 3318 1935 3388 ligatam.

357 3409 525 3476 'Quod
553 3410 790 3464 intuitus
820 3423 1008 3474 senex,
1033 3409 1335 3464 demiratus
1361 3415 1464 3463 est.
1493 3407 1598 3462 Sed
1629 3409 1816 3464 volens
1840 3409 1940 3460 hu-

361 3503 548 3559 milem
583 3503 816 3562 eﬂicere,
857 3501 1165 3558 verberavit
1195 3517 1320 3557 eum
1358 3519 1370 3555 :
1404 3500 1631 3566 Stolide,
1665 3500 1936 3570 inquiens,

366 3609 556 3648 canem
611 3593 818 3647 fatuum
867 3593 1144 3648 adduxisti
1186 3592 1319 3646 milii
1350 3591 1493 3647 huc?
1529 3589 1724 3646 Statim
1774 3605 1940 3660 porro

364 3703 534 3744 senex
563 3688 726 3744 solvit
759 3687 1026 3758 hyaenam,
1060 3694 1112 3742 et
1144 3686 1292 3741 abire
1321 3684 1589 3757 permisit.

751 3801 829 3856 De
865 3801 1051 3856 abbate
1086 3800 1280 3855 Isaaco
1314 3799 1553 3856 Thebaa.

436 3913 491 3969 1.
533 3914 644 3984 (55)
684 3912 842 3968 Venit
882 3914 1177 3985 aliquando
1207 3912 1377 3970 abbas
1407 3908 1559 3965 Isaac
1587 3907 1854 3963 Thebaeus
1885 3906 1939 3961 in

358 4005 701 4070 cmnobium,
734 4013 789 4061 et
821 4005 1012 4062 videns
1045 4006 1271 4060 fratrem
1301 4003 1730 4073 delinquentem,
1760 4003 1938 4072 ipsum

365 4097 770 4150 condemnavit.
807 4097 876 4151 Ut
907 4106 1087 4152 autem
1126 4097 1288 4151 rediit
1316 4095 1381 4149 ad
1406 4109 1672 4158 eremum,
1709 4093 1942 4149 accessit

364 4187 590 4255 angelus
631 4186 864 4250 Domini,
905 4187 1163 4255 stetitque
1199 4187 1265 4239 ad
1304 4185 1452 4241 fores
1481 4185 1634 4240 cellae
1669 4184 1812 4254 ejus,
1855 4183 1941 4240 di-

359 4288 540 4329 cens:
572 4271 690 4326 Non
731 4272 906 4326 sinam
940 4280 992 4327 te
1029 4274 1254 4328 intrare.
1287 4274 1471 4329 Atille
1511 4274 1769 4344 rogabat,
1809 4272 1940 4343 quid

365 4364 447 4420 rei
475 4370 640 4418 esset.
693 4361 996 4430 Respondit
1043 4363 1270 4429 angelus
1307 4381 1320 4417 :
1354 4363 1497 4418 Deus
1541 4366 1690 4420 misit
1719 4382 1827 4431 me,
1865 4367 1938 4420 ita

2025 439 2333 508 πεινὸφρων
2381 438 2456 500 ὼς
2506 437 2534 489 6
2573 433 2756 499 Aa6l6,
2809 433 3077 502 ὲρημίτης
3113 430 3188 494 ὼς
3239 430 3267 481 6
3325 428 3581 498 Ἰωάννης

2028 531 2280 594 πενθικὸς
2309 530 2384 592 ὡς
2428 531 2456 582 6
2507 526 2807 598 Ἱερεμίας,
2835 523 3157 586 διδάσκαλος
3188 521 3264 584 ὡς
3312 523 3340 574 6
3373 519 3584 583 Παῦλος

2026 620 2216 683 πιστὸς
2249 621 2324 683 ὡς
2366 621 2394 672 6
2424 618 2650 687 Πέτρος,
2681 605 2842 686 σοςρὺς
2881 614 2956 678 ὡς
2997 615 3026 667 6
3067 609 3355 682 Σολωμών.
3387 612 3496 664 Kal
3529 628 3613 662 πι-

2027 713 2202 766 στεύω
2230 712 2306 774 ὡς
2333 713 2361 764 6
2396 709 2621 782 λῃστὴς,
2652 709 2732 761 ὅτι
2765 710 2793 761 6
2819 705 2992 760 ταῦτά
3020 722 3108 776 μοι
3138 702 3505 776 χαρισάμενος
3543 702 3592 757 δ’.

2027 805 2236 858 οἰκείαν
2259 801 2590 872 ἁγαθότητα,
2632 799 2726 853 καὶ
2754 798 2852 870 τὴν
2885 795 3160 869 βασιλείαν
3185 794 3463 865 παράσχῃ.

2205 914 2344 982 Περὶ
2371 913 2477 967 τοῦ
2511 912 2660 966 ἁϐϐᾶ
2703 909 2984 966 Ἰωάννου
3017 909 3122 963 τοῦ
3155 908 3432 975 Θηϐαίου.

2101 1028 2324 1095 Ἔλεγον
2354 1026 2480 1097 περὶ
2504 1024 2599 1077 τοῦ
2628 1021 2822 1094 μικροῦ
2839 1020 3087 1074 Ἰωάννου
3111 1017 3206 1073 τοῦ
3233 1017 3493 1089 Θηϐαίου,
3518 1013 3612 1069 τοῦ

2033 1119 2274 1192 μαθητοῦ
2303 1117 2396 1171 τοῦ
2434 1116 2577 1171 ἁϐὃᾶ
2620 1114 2872 1186 Ἀμμώη,
2913 1115 2995 1167 ὅτι
3022 1111 3248 1166 δεκαδύο
3289 1111 3383 1182 ἔτη
3422 1111 3612 1181 ἐποίη-

2032 1228 2123 1264 σεν
2151 1207 2440 1280 ὑπηρετῶν
2467 1207 2544 1278 τῷ
2584 1207 2800 1278 γέροντι
2831 1206 2920 1258 ὅτε
2959 1203 3176 1274 ἠσθένει
3197 1218 3211 1232 ·
3241 1202 3336 1256 καὶ
3373 1203 3490 1273 μετ’
3517 1201 3617 1254 αῦ-

2029 1300 2123 1354 τοῦ
2166 1297 2234 1371 ἦν
2278 1301 2358 1362 εἰς
2401 1297 2463 1351 τὸ
2496 1297 2789 1369 χαράδριον
2835 1293 3165 1365 καθήμενος.
3207 1293 3317 1347 Kal
3367 1293 3397 1345 6
3430 1291 3612 1363 γέρων

2029 1390 2283 1460 ὀλιγώρει
2320 1389 2504 1443 ἐπάνω
2547 1386 2740 1441 αὐτοῦ’
2782 1388 2877 1440 καὶ
2916 1385 3086 1439 πολλὰ.
3124 1385 3463 1439 κοπιάσαντα
3495 1383 3614 1454 μετ’

2031 1480 2222 1545 αὑτοῦ,
2244 1479 2502 1532 οὐδέποτε
2532 1472 2685 1531 εἶπεν
2707 1475 2874 1546 αὐτῷ.
2893 1474 3154 1545 Σωθείης.
3185 1476 3313 1526 Ὅτε
3335 1473 3390 1526 δὲ
3409 1473 3610 1544 ἡμελλε

2029 1573 2306 1642 τελευτᾷν,
2331 1567 2719 1639 ’καθεζομένων
2755 1567 2861 1620 τῶν
2889 1566 3158 1638 γερόντων
3178 1606 3192 1630 ,
3223 1564 3491 1636 ἐκράτησε
3517 1565 3615 1634 τὴν

2031 1667 2189 1736 χεῖρα
2217 1660 2402 1725 αὐτοῦ,
2424 1660 2519 1713 καὶ
2540 1659 2690 1727 λέγει
2714 1656 2888 1727 αὐτῷ’
2915 1656 3176 1727 Σωθείης,
3213 1653 3465 1724 σωθείης,
3510 1670 3616 1706 σω-

2038 1754 2221 1824 θείης·
2261 1753 2356 1804 καὶ
2388 1748 2708 1820 παρέδωκεν
2754 1747 2916 1800 αὑτὸν
2949 1749 3060 1810 τοῖς
3103 1746 3370 1816 γέρουσι,
3409 1743 3611 1813 λέγων’

2036 1839 2206 1908 Οὗτος
2246 1843 2474 1913 ἄγγελός
2509 1842 2625 1894 ἔστι
2646 1880 2662 1906 ,
2694 1840 2790 1894 καὶ
2831 1840 2931 1893 οὐκ
2959 1839 3263 1909 ἄνθρωπος.

2036 1959 2176 2028 Περὶ
2207 1956 2316 2013 τοῦ
2347 1953 2496 2011 ἀϐϐἇ
2543 1953 2827 2028 ἰωάνζοο
2856 1953 2972 2028 τοῦ
3011 1950 3283 2022 μαθητοῦ
3331 1949 3436 2004 τοῦ
3467 1950 3616 2005 666:1

2697 2024 2962 2077 Παύλου.

2111 2145 2334 2212 Ἔλεγον
2398 2142 2525 2214 περὶ
2574 2140 2668 2194 τοῦ
2723 2139 2869 2194 ἀ66ἄ
2928 2138 3173 2192 Ἰωάννου
3228 2136 3323 2192 τοῦ
3373 2135 3616 2208 μαθητοῦ

2035 2235 2131 2290 τοῦ
2180 2235 2328 2289 ἁ66ἇ
2368 2233 2608 2297 Παύλου,
2651 2234 2734 2286 ὄτι
2765 2227 2880 2303 εἶχε
2914 2231 3160 2302 μεγάλην
3194 2231 3462 2301 ὑπακοήν.
3506 2225 3618 2285 Ἦν

2035 2329 2093 2383 δὲ
2125 2327 2182 2380 ἔν
2220 2345 2327 2380 τινι
2357 2327 2508 2396 τόπῳ
2536 2327 2779 2394 μνημεῖα
2798 2363 2814 2386 ,
2855 2325 2948 2377 καὶ
2978 2321 3109 2394 ᾣκει
3129 2323 3174 2352 ⁷³
3204 2321 3366 2375 ῦαινα
3403 2321 3524 2374 ἐκεῖ
3544 2319 3615 2372 ⁷⁸.

2049 2420 2107 2474 '0
2138 2420 2194 2473 δὲ
2221 2419 2399 2492 γέρων
2433 2415 2540 2472 εῐδε
2570 2418 2698 2488 περὶ
2728 2417 2819 2470 τὸν
2841 2415 3006 2469 τόπον
3048 2414 3296 2485 βόλϐιτα·
3342 2414 3439 2468 καὶ
3465 2413 3618 2480 λέγει

2037 2510 2116 2582 τῷ
2159 2513 2381 2584 Ἰωάννῃ
2410 2510 2663 2564 ἀπελθεῖν
2691 2509 2786 2563 καὶ
2811 2509 3053 2576 ἐνεγκεῖν
3081 2506 3239 2561 αὑτά.
3292 2506 3350 2558 ’0
3381 2505 3440 2559 δὲ
3465 2499 3618 2557 εἶπεν

2039 2603 2220 2673 αὐτῷ’
2261 2603 2372 2656 Kal
2393 2602 2445 2654 τί
2486 2603 2717 2672 ποιήσω,
2753 2599 2930 2666 ἀῦὁᾶ,
2958 2598 3045 2651 διὰ
3070 2598 3168 2669 τὴν
3203 2596 3429 2659 ῦσιινανς
3471 2596 3529 2648 '0
3559 2594 3620 2648 δὲ

2038 2693 2215 2765 γέρων
2248 2691 2720 2764 χαριεντιζόμενος
2741 2687 2894 2744 εἶπεν
2915 2706 2928 2720 ο
2979 2687 3105 2742 Ἐὰν
3127 2688 3255 2760 ἔλθῃ
3289 2688 3474 2741 ἐπάνω
3502 2703 3616 2747 σου,

2038 2784 2200 2853 δῆσον
2244 2783 2436 2853 αὐτὴν,
2473 2783 2569 2836 καὶ
2600 2783 2731 2853 φέρε
2773 2781 2942 2853 αὐτὴν
2977 2773 3100 2835 ὧδε.
3164 2778 3431 2851 Ἀπῆλθεν
3468 2773 3562 2831 οῦν
3591 2778 3621 2830 6

2039 2874 2266 2942 ἀδελφὸς
2312 2875 2428 2926 ἐκεῖ
2471 2874 2590 2942 ὀψέ.
2633 2873 2745 2927 Kal
2794 2872 2902 2926 ίδοὺ
2941 2869 3105 2943 ἦλθεν
3144 2873 3178 2943 ή
3219 2870 3382 2925 ῦαινα
3432 2869 3618 2923 ἐπάνω

2039 2966 2224 3021 αὑτοῦ.
2267 2967 2323 3019 ’0
2359 2967 2436 3032 δὲ,
2468 2965 2609 3020 κατὰ
2632 2966 2723 3019 τὸν
2755 2966 2911 3034 λόγον
2935 2965 3028 3021 τοῦ
3064 2965 3350 3038 γέροντος,
3393 2963 3619 3036 ὥρμησε

2041 3057 2314 3131 κρατῆσαι
2343 3059 2537 3126 αὑτήν.
2583 3059 2690 3111 Kal
2721 3059 2922 3128 ἔφυγεν
2960 3060 2992 3128 ἡ
3031 3058 3214 3110 ῦαινα.
3254 3056 3366 3111 Kal
3407 3055 3619 3108 διώκων

2043 3149 2214 3220 αὐτὴν
2237 3149 2422 3216 ἔλεγεν
2439 3150 2505 3180 ⁷⁷·
2549 3150 2605 3202 '0
2628 3149 2801 3211 ἀὸϐἄς
2833 3167 2933 3220 μου
2968 3146 3116 3202 εἷπεν
3145 3149 3230 3202 ἵνα
3254 3165 3310 3201 σε
3340 3147 3616 3217 δεσμήσω.

2040 3242 2149 3296 Kal
2182 3242 2464 3312 κρατήσας
2498 3240 2668 3310 αὐτὴν
2706 3241 2913 3309 ἔδησεν.
2969 3239 3241 3293 Ἐθλίόετο
3270 3240 3326 3292 δὲ
3363 3241 3390 3292 6
3416 3237 3616 3309 γέρων,

2041 3333 2134 3385 καὶ
2172 3332 2408 3401 ἐκάθητο
2451 3331 2759 3402 περιμένων
2788 3331 2967 3383 αὐτόν.
3011 3331 3120 3383 Kal
3152 3329 3259 3383 ἰδοῦ
3287 3324 3451 3399 ἦλθεν
3481 3327 3621 3397 ἔχων

2041 3421 2138 3492 τὴν
2173 3419 2363 3474 iiaan
2401 3419 2710 3490 δεδεμένην.
2751 3419 2860 3473 Kal
2898 3417 3023 3472 ἰδὼν
3055 3419 3083 3472 6
3111 3418 3288 3490 γέρων
3317 3417 3617 3487 ἐθαύμασε.

2041 3513 2149 3566 Kal
2178 3511 2348 3566 θέλων
2387 3510 2720 3565 ταπεινῶσαι
2753 3510 2916 3564 αὐτὸν
2935 3553 2947 3574 ,
2982 3509 3178 3578 ἔτυψεν
3216 3509 3377 3562 αὐτὸν
3402 3507 3578 3576 λέγων
3601 3525 3614 3537 ο

2042 3601 2212 3654 Σαλέυ
2246 3600 2382 3655 κύνα
2427 3600 2584 3652 σαλὸν
2619 3599 2857 3669 ἧνεγκάς
2894 3617 2982 3669 μοι
3013 3593 3114 3652 ὦδε
3157 3598 3300 3669 (56);
3333 3597 3528 3651 Ἐλυσε
3559 3595 3621 3651 δὲ

2042 3691 2209 3761 αὐτὴν
2236 3689 2397 3752 εὐθὺς
2422 3691 2450 3742 6
2471 3690 2666 3760 γέρων,
2697 3689 2792 3741 καὶ
2813 3687 3082 3741 ἀπέλυσεν
3113 3686 3388 3741 ἀπελθεῖν.

2254 3799 2391 3867 Περὶ
2418 3799 2523 3852 τοῦ
2554 3797 2703 3854 ἀϐὄᾶ
2745 3798 2954 3853 Ἰσαὰκ
2990 3798 3097 3853 τοῦ
3131 3799 3408 3866 Θηϐαίου.

2111 3920 2180 3968 α’.
2229 3911 2511 3985 Παρέὸαλέ
2545 3927 2676 3964 ποτε
2703 3910 2732 3963 6
2759 3910 2934 3974 ἀῆϐᾶς
2974 3911 3162 3965 Ἰσαὰκ
3193 3912 3223 3964 6
3259 3909 3494 3980 Θηϐαῖος
3537 3911 3621 3974 είς

2042 4004 2326 4068 κοινόϐιον,
2369 4002 2465 4057 καὶ
2495 3997 2634 4055 εἶδεν
2659 4000 2885 4071 ἀδελφὸν
2917 4001 3205 4072 σφαλέντα,
3238 4003 3332 4056 καὶ
3360 4000 3621 4072 κατέκρι-

2043 4114 2130 4149 νεν
2155 4096 2337 4150 αὐτόν.
2380 4095 2469 4158 Ὦς
2495 4094 2552 4147 δὲ
2581 4094 2804 4165 ἐξῆλθεν
2834 4095 2915 4158 εἰς
2938 4095 3037 4166 τὴν
3065 4094 3290 4165 ἔρημον,
3321 4089 3482 4165 ἦλθεν
3515 4092 3619 4161 ἄγ-

2043 4186 2198 4256 γελος
2220 4187 2449 4258 Κυρίου,
2468 4186 2561 4239 καὶ
2582 4185 2712 4256 ἔστη
2735 4184 3042 4257 ἔμπροσθεν
3064 4186 3163 4255 τῆς
3184 4185 3351 4255 θύρας
3376 4183 3468 4237 τοῦ
3497 4183 3620 4237 κελ-

2041 4278 2156 4331 λίου
2183 4277 2369 4340 αὐτοῦ,
2392 4278 2586 4346 λέγων’
2610 4278 2723 4330 Οὐκ
2739 4277 2862 4347 ἀφῶ
2889 4294 2948 4330 σε
2972 4274 3254 4331 εἰσελθεῖν.
3283 4275 3341 4329 Ὀ
3363 4275 3419 4329 δὲ
3472 4293 3616 4347 παρ-

2043 4368 2224 4422 εκάλει
2245 4408 2260 4432 ,
2285 4368 2464 4437 λέγων
2482 4385 2497 4399 ·
2525 4369 2589 4422 Τί
2629 4370 2744 4421 ἔστι
2769 4365 2830 4420 τὸ
2854 4367 3082 4437 πρᾶγμα
3105 4382 3120 4429 ;
3152 4365 3260 4418 Kal
3301 4365 3621 4435 ἀποκριθεὶς

365 4456 688 4526 imperans:
727 4453 902 4508 Dicito
941 4453 1028 4508 ei:
1069 4453 1191 4520 Quo
1233 4454 1394 4522 jubes
1428 4462 1487 4508 ut
1529 4456 1738 4509 mittam
1790 4457 1938 4510 illum

2044 4459 2072 4509 6
2101 4459 2331 4527 ἄγγελος
2359 4455 2511 4512 εἶπεν
2545 4457 2692 4529 αύτῷ
2712 4475 2724 4487 ·
2762 4458 2819 4510 Ὀ
2839 4457 2974 4518 Θεὸς
2996 4455 3283 4510 ἀπέστειλέ
3310 4472 3396 4525 με,
3417 4455 3616 4522 λέγων’

366 4544 590 4600 fratrem
623 4545 678 4600 in
710 4545 925 4614 culpam
959 4544 1305 4614 prolapsum,
1336 4560 1497 4614 quem
1527 4545 1828 4613 judicasti?
1876 4545 1942 4598 Et

367 4638 551 4691 statim
601 4637 982 4707 pmnitentium
1034 4636 1087 4689 in
1141 4650 1346 4689 morem
1388 4645 1700 4703 prostratus
1751 4636 1938 4692 dixit:

368 4729 631 4794 Peccavi,
685 4729 815 4784 mibi
867 4729 1108 4797 ignosce.
1160 4727 1386 4796 Excepit
1423 4727 1650 4796 angelus
1693 4745 1706 4782 :
1744 4727 1940 4798 Surge,

369 4822 511 4876 Deus
561 4831 613 4875 te
644 4820 801 4876 venia
841 4819 1081 4874 donavit.
1121 4818 1193 4874 De
1235 4829 1431 4874 caatero
1473 4833 1606 4873 cave
1649 4834 1718 4873 ne
1755 4835 1945 4888 quem-

365 4930 528 4981 quam
554 4912 794 4982 judices,
826 4912 1145 4982 priusquam
1185 4909 1328 4967 Deus
1367 4910 1437 4966 de
1475 4910 1595 4980 ipso
1626 4911 1814 4966 tulerit
1847 4912 1942 4980 ju-

366 5005 470 5060 αἰεὶ
481 5022 590 5062 um.

2043 4550 2180 4605 Εἰπὲ
2212 4549 2381 4619 αὐτῷ,
2415 4551 2524 4603 Ποῦ
2550 4550 2788 4610 κελεύεις
2815 4547 2963 4617 βάλω
2984 4547 3074 4600 τὸν
3098 4546 3369 4616 σφαλέντα
3388 4546 3620 4616 ἀδελφὸν

2042 4640 2101 4693 6v
2131 4640 2379 4712 ἔκριναςς
2420 4642 2529 4694 Kal
2568 4641 2770 4703 εὐθέως
2803 4638 3126 4709 μετενόησε,
3154 4638 3328 4707 λέγων
3351 4654 3366 4668 ·
3412 4637 3623 4708 Ἢμάρ-

2042 4749 2209 4802 τηκα,
2248 4731 2599 4802 συγχώρησον
2631 4749 2743 4801 μοι.
2773 4731 2880 4784 Kal
2905 4726 3058 4783 εἶπεν
3087 4731 3117 4783 6
3141 4729 3369 4798 ἄγγελος
3389 4747 3403 4764 '
3446 4727 3621 4797 Ἐγειο

2047 4839 2165 4892 ρου,
2201 4821 2548 4893 συνεχώρησέ
2589 4839 2670 4874 σοι
2699 4824 2729 4874 6
2753 4822 2900 4883 Θεός.
2933 4821 3170 4886 Φύλαξαι
3205 4821 3261 4874 δὲ
3299 4819 3393 4875 τοῦ
3430 4817 3618 4873 λοιποῦ

2049 4914 2126 4984 μὴ
2158 4916 2338 4984 κρῖναί
2363 4932 2484 4968 τινα
2513 4916 2638 4986 πρὶν
2662 4915 2695 4984 ἢ
2723 4917 2752 4967 6
2776 4914 2906 4977 Θεὸς
2939 4915 3100 4986 κρίνῃ
3127 4914 3307 4968 αὐτόν.

436 5156 480 5188 ⁷³
507 5157 590 5209 Al.
631 5157 800 5212 inser.
831 5157 888 5209 ὲν
919 5152 1087 5224 αὐτῷ.
1159 5153 1210 5184 ⁷⁸
1237 5150 1322 5205 Al.
1352 5151 1517 5222 κακή.
1593 5151 1640 5182 τ’
1666 5151 1748 5205 Al.
1773 5151 1940 5207 inser.
1976 5155 2178 5222 μεῖνον.

442 5312 550 5384 (3‘5)
606 5312 711 5366 Vit.
767 5315 923 5384 Patr.
985 5327 1097 5376 XVI,
1163 5310 1228 5375 4;
1278 5307 1337 5361 L.
1397 5307 1624 5364 Climac.
1669 5306 1835 5362 Grad.
1881 5307 1937 5367 4.

371 5383 968 5454 p.8l,ibiqueSchol.
1061 5450 1118 5454 ῃ
1358 5450 1370 5454 _
1448 5449 1509 5454 _‘
1619 5451 1632 5454 _
1705 5431 1728 5442 κ

440 5454 552 5520 (54)
593 5446 696 5505 Vit.
729 5453 880 5506 Patr.
939 5469 1020 5519 tu,
1054 5450 1156 5516 27;
1197 5465 1310 5517 xw,
1346 5450 1416 5516 4;
1448 5449 1720 5506 Theudor.
1777 5446 1935 5502 Stud.

367 5522 582 5578 Catech.
616 5521 737 5576 125.

441 5593 551 5664 (5'5)
591 5591 695 5646 Vit.
726 5589 881 5664 Patr.
911 5604 986 5653 Ix,
1016 5589 1097 5664 3;_
1119 5588 1182 5664 _L.
1215 5589 1443 5664 Doroth_.
1477 5589 1744 5664 Doctgﬁ.

442 5654 551 5736 (56)
584 5661 739 5718 Σα.ἵέ
758 5676 771 5690 ·
801 5661 953 5714 κύνα
979 5657 1177 5710 σαλόν
1203 5657 1466 5726 ἢνεγκάς
1487 5677 1593 5727 μοι
1611 5654 1746 5712 ὦδε.
1786 5657 1939 5711 Ruti-

2041 5323 2145 5361 nus
2173 5324 2184 5358 :
2221 5307 2368 5362 Sicut
2397 5319 2450 5360 tu
2475 5310 2796 5364 insensibilis
2813 5327 2888 5372 es,
2916 5311 2992 5363 ita
3017 5312 3175 5363 etiam
3201 5320 3249 5363 et
3276 5309 3430 5364 istam
3460 5309 3626 5363 insen-

2039 5379 2242 5430 sibilem
2276 5379 2495 5431 bestiam
2549 5381 2845 5434 adduxisti.
2893 5381 2946 5433 In
3000 5384 3101 5434 lex.
3136 5379 3468 5434 δείξω-ιλιι.
3515 5387 3622 5432 vet.

2037 5447 2319 5520 άσύνετος,
2361 5449 2727 5513 insensibilis,
2780 5452 3125 5520 imprudens.
3171 5449 3424 5520 Pelagius
3449 5463 3621 5520 vero:

2038 5515 2258 5588 Bauose,
2283 5534 2465 5572 canem
2491 5521 2700 5588 fatuum
2717 5515 2992 5573 addubiin
3017 5519 3165 5588 milii.
3189 5518 3280 5572 Est
3298 5515 3440 5572 enim
3465 5518 3626 5584 σάλος

2039 5587 2228 5653 saliva,
2261 5588 2418 5654 bave;
2443 5587 2588 5646 unde
2623 5589 2842 5653 barard,
2874 5590 3058 5659 lingua
3086 5587 3314 5644 Gallica.
