4036 6202
315 587 420 638 πᾶν
451 586 614 660 ἔργον
635 589 842 658 ἀγαθόν
858 611 871 623 ο
901 596 994 648 καὶ⁵
1022 599 1288 669 ἐκτήσατο
1313 604 1410 676 τήν
1431 609 1528 680 τῆς
1555 586 1716 680 ἁγίας
1733 586 1894 688 προσ;

311 679 479 748 φορεῖς
522 680 773 751 ἡσυχίαν.
826 682 932 738 Καὶ
976 687 1106 741 ὅταν
1138 690 1397 765 ἐξήρχετο
1432 679 1513 763 εἰς
1553 679 1654 774 τὴν
1693 679 1891 779 ἐκκλη-

310 768 450 833 σίαν,
481 771 543 823 οὺ
569 773 864 845 συνεχώρει
896 777 1049 843 τινὰς
1072 781 1118 812 ⁷⁸
1143 782 1316 838 ἐλθεῖν
1342 790 1421 851 εἰς
1445 795 1732 865 συντυχίαν
1759 798 1890 852 ἑαυ-

304 857 418 910 τοῦ.
448 855 556 912 Ἦν
580 861 690 935 γὰρ
713 865 742 916 6
770 863 926 934 λόγος
951 870 1117 924 αὐτοῦ
1145 869 1319 942 0610;,
1343 879 1425 932 ὅτι
1451 855 1641 938 πάντα.
1655 887 1800 943 καλὰ
1828 892 1888 946 ἐν

304 949 483 1020 καιρῷ
515 952 698 1006 αὐτῶν
719 971 733 986 ο
761 957 978 1026 Καιρὸς
994 961 1102 1034 γὰρ
1124 964 1204 1030 τῷ
1228 969 1406 1023 παντὶ
1431 973 1746 1045 πράγματι.
1775 982 1887 1036 Καὶ

299 1041 430 1096 ὁταν
457 1044 695 1101 ἀπέλυεν
721 1050 753 1120 ἠ
790 1047 1042 1122 σύναξις,
1076 1056 1152 1118 ὡς
1185 1059 1292 1114 ἀπὸ
1318 1065 1489 1135 πυρὸς
1622 1070 1886 1145 διωκόμε-

298 1149 410 1200 νος,
441 1135 622 1207 ζητῶν
661 1141 988 1196 καταλαϐεῖν
1029 1145 1091 1198 τὸ
1119 1149 1327 1205 κελλίον
1361 1135 1574 1210 ἑαυτοῦ.
1614 1135 1883 1230 Πολλάκις

295 1223 356 1276 δὲ
389 1224 589 1280 ἐδίδοτο
610 1231 724 1293 τοῖς
746 1230 997 1303 ἀδελφοῖς
1025 1235 1135 1291 ἀπὸ
1164 1243 1454 1311 συνάξεως,
1486 1249 1813 1326 παξαμάτης
1835 1223 1879 1288 ’δ

298 1317 394 1368 καὶ
438 1319 693 1390 ποτήριον
726 1323 904 1376 οῐνου·
945 1327 1109 1392 αὐτὸς
1151 1330 1208 1384 δὲ
1244 1334 1344 1388 οὐκ
1389 1317 1724 1408 ἐλάμϐανεν·
1769 1317 1880 1398 ὀὐκ

297 1409 688 1482 ἀπωθούμενος
716 1414 814 1486 τὴν
849 1415 1100 1486 εὐλογίαν
1138 1421 1248 1476 τῶν
1273 1424 1517 1496 ἀδελφῶν
1538 1471 1553 1494 ,
1601 1431 1738 1486 ἀλλὰ
1778 1433 1879 1505 τὴν

295 1500 397 1570 τῆς
432 1502 704 1570 συνάξεως
731 1506 1040 1578 ἐπικρατῶν
1075 1511 1324 1584 ἡσυχίαν.
1364 1517 1609 1587 Ἐγένετο
1630 1523 1687 1576 δὲ
1716 1500 1878 1580 αὐτδν

295 1593 353 1644 ἐν
390 1592 674 1666 ἀρρωστίᾳ
714 1598 1108 1653 κατακεῖσθαισ
1153 1604 1248 1656 καὶ
1281 1605 1613 1674 ἀκούσαντες
1643 1614 1693 1666 οἱ
1720 1614 1874 1669 ἀδελ-

292 1682 384 1750 φοὶ
422 1680 586 1753 ἦλθον
625 1685 719 1739 τοῦ
757 1688 1158 1759 ἐπισκέψασθαι
1188 1695 1369 1751 αὐτόν.
1407 1699 1778 1772 Καθεζόμενοι
1813 1705 1872 1759 δὲ

287 1772 339 1823 οἱ
374 1773 596 1842 ἀδελφοὶ
624 1777 912 1848 ἠρώτησαν
937 1781 1121 1849 αὑτὸν,
1148 1783 1425 1853 λέγοντες·
1466 1789 1638 1845 Ἀὁὸᾶ
1669 1793 1872 1863 Ἰσαὰκ,
1909 1806 1950 1863 Β

287 1863 433 1917 διατί
464 1867 574 1919 ἀπὸ
607 1869 871 1934 συνάξεως
900 1873 1120 1942 φεύγεις
1147 1879 1274 1942 τοὺς
1300 1879 1590 1950 ἀδελφούς;
1619 1887 1731 1940 Καὶ
1751 1888 1874 1942 εἰπε

288 1956 430 2027 πρὸς
461 1957 688 2022 αὐτοὺς,
720 1961 800 2014 ὄτι
835 1963 971 2028 Τοὺς
1004 1966 1268 2037 ἀδελφοὺς
1291 1971 1352 2024 οὐ
1383 1973 1589 2043 φεύγω,
1620 1977 1754 2032 ἀλλὰ
1776 1979 1874 2052 τὴν

287 2044 400 2098 τῶν
441 2046 709 2118 δαιμόνων
734 2055 1106 2124 κακοτεχνίαν.
1143 2059 1254 2112 Καὶ
1287 2061 1396 2134 γὰρ
1427 2063 1522 2118 ἐάν
1549 2083 1634 2130 τις
1664 2044 1872 2143 κατέχῇ

286 2133 600 2206 λαμπάδιον
631 2141 830 2208 φωτὸς,
863 2145 958 2199 καὶ
990 2145 1229 2222 βραδύνῃ
1257 2152 1337 2215 είς
1364 2153 1456 2208 τὸν
1487 2155 1624 2228 ἀέρα
1653 2133 1873 2230 ἱστάμεξ

284 2243 396 2290 νος,
427 2228 712 2285 σϐέννυται
752 2235 848 2287 ἀπ’
888 2236 1073 2292 αὐτοῦ.
1104 2239 1290 2306 Οὕτως
1317 2246 1412 2298 καὶ
1450 2247 1614 2318 ἡμεῖς
1643 2228 1870 2320 φωτιζόε

287 2335 436 2387 μενοι
459 2321 566 2374 ὑπὸ
592 2323 755 2393 ὀτῆς
803 2326 962 2396 ἁγίας
989 2335 1324 2404 προσφορᾶς,
1372 2336 1465 2391 ἐὰν
1515 2339 1869 2415 βραδύνωμεν

282 2407 388 2473 ἔξω
428 2410 524 2463 τοῦ
558 2413 802 2480 κελλίου,
851 2420 1157 2485 σκοτίζεται
1192 2423 1350 2494 ήμῶν
1399 2429 1429 2480 6
1651 2407 1864 2507 Αὕτηή

285 2498 530 2554 πολιτεία
563 2502 659 2556 τοῦ
687 2505 836 2560 ὁσίου
867 2508 1013 2562 ἀδεᾶ
1061 2512 1266 2570 Ἰσαάκ.

477 2615 618 2684 Περὶ
655 2618 763 2673 τοῦ
795 2619 941 2678 ἁόϐᾱ
989 2624 1210 2695 Ἰωσὴφ
1248 2627 1354 2682 τοῦ
1385 2633 1666 2701 Θηϐαίου.

353 2725 522 2780 Εἶπεν
567 2731 596 2782 6
625 2731 803 2796 ἁῦϐἄς
850 2734 1048 2808 Ἰωσὴφ
1091 2740 1120 2791 ὁ
1155 2739 1408 2811 Θηϐαῖος,
1448 2744 1529 2798 ὅτι
1566 2747 1692 2818 τρία
1719 2749 1861 2820 πράο

278 2820 468 2889 γματά
491 2820 536 2852 ⁸⁸
568 2822 716 2877 ἐστιν
745 2824 938 2896 ἔντιμα
968 2827 1198 2884 ἐνώπιον
1223 2832 1462 2904 Κυρίουσ
1495 2836 1624 2891 ὅταν
1654 2838 1860 2913 ἄνθρω-

279 2927 379 2973 πος
415 2910 650 2984 ἀσθενῇ,
684 2915 780 2968 καὶ⁵
813 2919 1193 2988 προστίθενται
1223 2923 1383 2994 αὐτῷ,
1405 2930 1734 2998 πειρασμοὶ,
1767 2932 1862 2986 καὶ

278 3003 400 3070 μετ’
449 3003 834 3074 εὐχαριστείας
889 3009 1102 3080 δέχεται
1141 3013 1357 3078 αὐτούς.
1399 3016 1470 3068 Τὸ
1517 3017 1574 3070 δὲ
1613 3018 1860 3091 δεύτερόν

1459 310 2068 381 APOPHTHEGMATA
2102 327 2412 392 PATRUM.

1999 647 2162 701 opere
2196 637 2372 705 bono;
2409 643 2502 712 qui
2533 653 2737 701 sancta:
2778 649 3072 708 oblationis
3103 654 3376 713 silentium
3425 663 3569 719 obti-

1998 727 2134 779 nuit.
2170 725 2269 783 Hic
2301 732 2521 801 quando
2546 737 2609 790 ad
2638 739 2922 795 ecclesiam
2953 744 3419 815 proficiscebatur,
3457 769 3565 810 non

1997 815 2210 873 sinebat
2257 826 2566 893 quempiam
2607 831 2866 888 accedere
2907 842 2960 890 et
2997 839 3272 909 congredi.
3324 841 3566 902 Halzcbat

1994 909 2137 963 enim
2165 911 2218 965 in
2257 923 2435 971 mente
2472 917 2606 975 hoc:
2639 919 2845 978 Cuncta
2882 926 3022 982 bona
3055 945 3176 986 esse
3212 930 3268 985 in
3297 948 3397 987 suo
3428 943 3566 990 tem-

1993 1013 2143 1068 pore.
2163 1000 2385 1070 Tempus
2405 1007 2548 1062 enim
2564 1013 2703 1063 omni
2732 1016 2804 1066 rei
2823 1012 2910 1068 δι’.
2933 1014 3136 1073 Etcum
3171 1019 3393 1077 dimissa
3427 1023 3561 1092 fuis-

1991 1098 2075 1144 set
2108 1092 2365 1160 collecta,
2402 1100 2560 1166 quasi
2597 1100 2664 1155 ab
2707 1103 2830 1174 igne
2863 1107 3207 1179 aufugiebat,
3261 1128 3561 1184 properans

1990 1183 2056 1236 ad
2086 1185 2280 1240 cellam
2310 1204 2464 1244 suam
2499 1195 2828 1265 pertingere.
2860 1197 3125 1256 Caeterum
3154 1219 3296 1274 saepe
3329 1183 3561 1262 dabatur

1989 1274 2255 1334 fratribus
2275 1289 2398 1349 post
2420 1285 2670 1353 synaxim
2699 1300 3013 1358 paxamates
3033 1309 3155 1348 cum
3184 1297 3292 1350 vini
3324 1301 3557 1367 poculo:

1985 1363 2102 1434 ipse
2131 1383 2260 1422 vero
2295 1386 2639 1444 nequaquam
2673 1379 3013 1450 accipiebat;
3049 1400 3160 1440 non
3200 1363 3344 1456 quod
3384 1392 3559 1460 repel-

1984 1455 2118 1511 leret
2157 1459 2590 1521 benedictionem
2631 1466 2885 1539 fratrum,
2913 1475 3008 1528 sed
3040 1455 3281 1532 collectae
3313 1483 3556 1539 retinens

1982 1549 2240 1618 quietem.
2281 1551 2523 1627 Contigit
2560 1569 2742 1616 autem
2773 1571 2834 1617 ut
2864 1564 3119 1624 infirmus
3158 1572 3553 1631 decumberet:

1980 1641 2128 1711 quod
2171 1643 2372 1703 fratres
2423 1648 2739 1720 audientes,
2789 1667 3057 1713 venerunt
3103 1661 3170 1716 ad
3221 1663 3553 1722 visitandum

1979 1746 2124 1787 eum.
2165 1734 2352 1806 Itaque
2393 1739 2646 1797 sedentes
2688 1743 3161 1818 interrogaverunt
3201 1751 3303 1806 hoc
3345 1765 3548 1824 pacto:

1976 1824 2129 1880 Abba
2160 1825 2331 1895 Isaac,
2365 1846 2537 1900 quare
2570 1847 2692 1904 post
2720 1852 2932 1893 sacram
2959 1844 3208 1913 synaxim
3245 1844 3553 1902 fratresfuo

1975 1916 2096 1987 gis?
2128 1917 2433 1990 Respondit
2471 1944 2484 1980 :
2523 1926 2640 1983 Non
2684 1927 2832 2001 fugio
2863 1932 3080 2001 fratres,
3117 1937 3212 1991 sed
3243 1938 3552 1996 daemonum

1972 2014 2125 2063 artes
2150 2011 2348 2069 malas.
2379 2012 2590 2069 Etenim
2627 2017 2675 2072 si
2715 2020 2838 2089 quis
2870 2026 3106 2079 tenuerit
3142 2025 3313 2082 facem
3358 2031 3552 2086 lucen-

1971 2107 2108 2165 tem,
2151 2101 2354 2174 diuque
2383 2105 2448 2180 ad
2477 2121 2656 2162 aerem
2687 2112 2921 2177 steterit,
2960 2114 3030 2168 ab
3055 2131 3120 2170 eo
3149 2121 3548 2190 exstinguetur.

1969 2189 2164 2248 Parem
2195 2193 2253 2250 in
2284 2197 2505 2253 modum
2536 2207 2591 2254 et
2625 2215 2748 2268 nos,
2782 2216 2812 2254 a
2842 2217 3000 2258 sacra
3031 2206 3306 2262 oblatione
3341 2189 3547 2266 illumi-

1969 2288 2106 2354 nati,
2141 2289 2189 2345 si
2226 2299 2383 2346 extra
2427 2293 2621 2349 cellam
2653 2297 3074 2367 tardaverimus,
3108 2303 3456 2366 incurremus
3489 2310 3545 2366 in

1968 2380 2167 2436 mentis
2195 2383 2473 2442 tenebras.
2507 2383 2635 2442 Haec
2661 2387 2764 2444 fuit
2793 2391 2969 2446 sancti
3003 2393 3216 2451 abbatis
3263 2395 3435 2453 Isaaci
3467 2401 3547 2455 vi-

1967 2468 2130 2525 vendi
2167 2472 2329 2528 ratio.

2344 2655 2418 2710 De
2451 2657 2638 2714 abbate
2662 2659 2892 2730 Joaepho
2923 2663 3165 2721 Thebazo.

2035 2764 2146 2836 (57)
2190 2763 2334 2820 Dixit
2383 2770 2551 2827 abbas
2597 2772 3093 2844 Joseph'l‘hebaeus
3121 2798 3134 2832 :
3167 2777 3304 2834 Tres
3350 2796 3438 2837 res
3485 2783 3539 2837 in

1962 2866 2260 2927 conspectu
2300 2859 2392 2914 Dei
2439 2861 2790 2921 honorabiles
2819 2877 2946 2922 sunt
2981 2888 2994 2923 :
3031 2869 3165 2924 Cum
3199 2872 3362 2925 homo
3391 2874 3541 2929 inlir—
3617 2909 3619 2911 ι

1962 2964 2085 3004 mus
2119 2960 2223 3014 est,
2258 2958 2312 3006 et
2343 2951 2680 3022 adjiciuntur
2722 2959 2770 3012 ei
2815 2961 3167 3025 tentationes,
3206 2960 3320 3032 ipse
3359 2974 3537 3020 autem

1960 3053 2053 3094 eas
2086 3055 2208 3093 cum
2250 3042 2546 3110 gratiarum
2576 3047 2790 3102 actione
2834 3050 3065 3119 suscipit
3094 3068 3108 3117 ;
3142 3053 3384 3110 secunda
3426 3066 3537 3122 est,

275 3093 459 3159 ἐστιν,
485 3095 615 3148 ὅταν
642 3109 726 3160 τις
768 3102 895 3170 ποιῇ
929 3102 1106 3156 πάντα
1144 3104 1212 3156 τὰ
1261 3104 1400 3176 ἔργα
1449 3109 1613 3162 αὑτοῦ
1643 3112 1859 3183 καθαρὰ

275 3183 506 3209 2.._',_.--_
537 3187 632 3209 --ε-ξ
666 3189 796 3209 ου’
925 3193 938 3209 ι
1062 3194 1102 3209 ιιι
1173 3195 1194 3209 α
1407 3199 1418 3209 .
1466 3200 1487 3209 -
1551 3200 1562 3209 .
1787 3205 1842 3209 ,μ

2040 3093 2043 3094 ,
2251 3093 2279 3110 υ
2353 3093 2365 3095 _
2396 3093 2546 3098 --η
2577 3093 2790 3102 __---.--
2834 3093 3065 3119 πων.-
3094 3093 3108 3117 ,
3142 3093 3384 3110 .............
3426 3093 3537 3122 νυ..

1970 3143 2087 3182 cum
2117 3130 2357 3186 effecerit
2402 3135 2603 3204 aliquis
2645 3140 2828 3192 omnia
2873 3154 3037 3209 opera
3082 3157 3186 3196 sua
3211 3146 3411 3199 munda
3443 3161 3539 3202 co-

274 3183 506 3240 ὲνῶπιον
535 3187 633 3241 τοῦ
665 3189 819 3256 Θεοῦ,
854 3193 948 3246 καὶ
978 3194 1144 3264 μηδὲν
1170 3195 1360 3267 ἔχοντα
1393 3199 1752 3271 ἀνθρώπινον.
1785 3205 1859 3259 Τὸ

272 3273 329 3327 δὲ
367 3277 575 3347 τρίτον,
616 3280 745 3335 ὃταν
791 3300 875 3346 τις
915 3286 972 3337 ἐν
1010 3286 1261 3359 ὑποταγῇ
1313 3289 1610 3364 καθέζηται
1655 3297 1860 3366 πατρὸς

271 3368 677 3436 πνευματικοῦ,
714 3372 808 3424 καὶ
837 3373 999 3426 πᾶσιν
1030 3377 1405 3450 ἀποτάσσηται
1435 3385 1548 3445 τοῖς
1593 3384 1743 3448 ίδίοις
1771 3386 1862 3440 θε-

270 3453 534 3526 λήμασιν.
567 3461 717 3530 Ἔχει
742 3462 800 3516 δὲ
819 3458 972 3528 0610;
995 3466 1092 3520 ἕνα
1116 3469 1379 3539 στέφανον
1402 3477 1681 3545 περισσόν.
1718 3478 1860 3549 Ἐγὼ

268 3544 326 3598 δὲ
359 3549 459 3616 τὴν
481 3549 765 3606 ἀσθένειαν
791 3555 1103 3627 ᾑρησάμην.

615 3666 758 3733 Περὶ
804 3667 911 3723 τοῦ
948 3670 1099 3726 ἀϐϐᾶ
1160 3673 1518 3742 Ἰλαρίωνος.

343 3776 667 3848 Παρέσαλεν
694 3781 723 3834 6
753 3781 928 3846 ἀὸὗᾶς
970 3783 1216 3855 Ἱλαρίων
1246 3788 1353 3840 ἀπὸ
1383 3792 1747 3866 Παλαιστίνης
1775 3797 1856 3859 είς

267 3867 331 3922 16
362 3869 511 3941 ὅρος,
539 3873 679 3943 πρὸς
711 3873 801 3928 τὸν
831 3875 1006 3930 ἀόὄᾶν
1051 3877 1354 3936 Ἀντώνιον.
1391 3885 1501 3937 Καὶ
1529 3885 1675 3955 λέγει
1705 3888 1854 3960 αὐτῷ

266 3961 298 4012 6
323 3961 501 4024 ἁϐὄᾶς
528 3962 843 4051 ’Δντώνιοςς
878 3968 1074 4032 Καλῶς
1097 3965 1280 4040 ἦλθες,
1298 3975 1326 4026 6
1349 3976 1622 4048 ἑωσφόρος
1649 3981 1679 4032 ὁ
1708 3979 1854 4051 πρωῒ

267 4045 602 4104 ἀνατέλλων.
639 4052 752 4105 Καὶ
797 4049 949 4108 εἶπεν
987 4057 1136 4128 αὐτῷ
1166 4059 1195 4111 6
1226 4061 1399 4128 ὰϐϐᾶς
1439 4045 1714 4136 Ἱλαρίων·
1755 4045 1852 4124 Et-

268 4137 408 4207 ρήνη
442 4155 547 4204 σοι,
576 4142 605 4193 6
634 4142 824 4208 στύλος
857 4146 948 4200 106
983 4150 1180 4218 φωτὸς,
1215 4152 1360 4224 ὀτὴν
1384 4157 1708 4232 οἰκουμένην
1737 4179 1851 4231 φω-

263 4225 432 4291 τίζων
467 4229 536 4282 ⁸⁸.

608 4344 748 4413 Περὶ
775 4347 883 4402 τοῦ
912 4349 1063 4405 ἁϐὄίῖ
1109 4354 1510 4426 Ἰσχυρίωνος.

1963 3235 2080 3275 ram
2129 3223 2266 3291 Deo,
2315 3241 2544 3298 quaeque
2596 3230 2735 3284 nihil
2783 3231 3005 3287 humani
3052 3235 3318 3301 habeant;
3355 3242 3536 3306 tertia,

1961 3315 2181 3384 quando
2214 3318 2338 3386 quis
2369 3320 2422 3372 in
2463 3320 2809 3390 subjectione
2840 3326 3016 3394 patris
3048 3327 3352 3396 spiritualis
3385 3329 3542 3386 sede-

1963 3405 2066 3472 rit,
2126 3410 2452 3480 cunctisque
2507 3412 2626 3465 suis
2684 3416 3085 3470 renuntiaverit
3143 3419 3532 3476 voluntatibus.

1958 3494 2324 3568 Consequitur
2349 3508 2528 3555 autem
2559 3501 2645 3556 hic
2671 3504 2934 3558 eximiam
2961 3521 3240 3562 coronam.
3270 3506 3382 3579 Ego
3409 3523 3538 3565 vero

1960 3587 2332 3645 infirmitatem
2365 3593 2526 3662 elegi.

2432 3703 2507 3757 De
2538 3704 2725 3758 abbate
2757 3708 3056 3764 Hilariuue.

2028 3813 2138 3884 (58)
2178 3814 2361 3872 Abbas
2392 3815 2597 3870 llilario
2626 3820 2772 3873 venit
2805 3836 2835 3875 e
2881 3820 3167 3876 Palaestina
3200 3824 3254 3877 in
3293 3834 3526 3881 montem

1955 3905 2022 3961 ad
2062 3908 2310 3963 abbatem
2342 3909 2658 3964 Antonium.
2685 3912 2775 3966 Ait
2797 3914 2846 3967 ei
2868 3915 3034 3968 abbas
3054 3915 3353 3971 Antonius:
3387 3916 3529 3975 Bene

1953 4002 2169 4064 venisti,
2215 4003 2431 4069 lucifer,
2483 4007 2575 4076 qui
2628 4021 2784 4062 mane
2832 4007 3086 4062 exoriris.
3126 4009 3308 4063 Abbas
3351 4018 3528 4066 autem

1952 4090 2158 4148 Hilario
2218 4095 2354 4149 dixit
2404 4097 2513 4151 illi:
2554 4095 2662 4151 Pax
2719 4098 2839 4163 tibi,
2890 4098 3147 4155 columna
3192 4101 3356 4168 lucis,
3399 4117 3522 4174 quae

1954 4185 2228 4243 illuminas
2281 4189 2468 4244 orbem
2514 4195 2812 4246 terrarum.

2428 4368 2504 4422 De
2529 4367 2719 4423 abbate
2748 4368 3072 4440 Ischyrione.

335 4455 401 4506 Οί
431 4455 580 4522 ἅγιοι
613 4459 854 4531 Πατέρες
886 4462 931 4493 ⁸⁸
960 4469 1372 4540 προεφήτευσαν
1405 4475 1532 4545 περὶ
1557 4478 1655 4547 τῆς
1684 4481 1848 4551 ἐσχά-

2023 4477 2134 4550 (59)
2179 4477 2365 4534 Sancti
2400 4479 2594 4538 Patres
2618 4483 2992 4552 przedixeruut
3021 4483 3089 4538 de
3121 4483 3316 4537 ultima
3343 4491 3520 4540 aetate.

260 4559 366 4614 της
399 4548 614 4633 γενεᾷς.
652 4551 717 4602 Τί
754 4554 1128 4626 είργασάμεθα
1154 4561 1343 4630 ήμεῖςς
1376 4567 1537 4633 φασί.
1570 4569 1679 4622 Καὶ
1708 4548 1844 4626 ἁπο-

263 4635 479 4706 κριθεὶς
511 4631 588 4699 εἷς
615 4639 684 4714 ,ἐξ
721 4643 900 4698 αὐτῶν
935 4648 1108 4717 μέγας
1135 4652 1182 4683 ⁸⁷⁵
1221 4631 1397 4719 ἁόὅᾶςν
1435 4659 1732 4732 Ἰσχυρίων,
1769 4662 1844 4720 εἴ·

260 4745 368 4780 πεν
391 4747 402 4757 ·
443 4730 632 4798 Ἡμεῖς
669 4733 768 4798 τὰς
807 4738 1025 4804 ἐντολὰς
1045 4742 1140 4794 τοῦ
1171 4743 1306 4798 Θεοῦ
1335 4730 1692 4823 ἐποιήσαμεν.
1735 4760 1844 4814 Καὶ

261 4817 658 4890 ἀποκριθέντες
684 4819 866 4879 εἶπονο
903 4831 964 4882 Οἱ
999 4831 1053 4884 δὲ
1087 4833 1206 4902 μεθ’
1234 4837 1402 4906 ἡμᾶς,
1436 4841 1544 4911 ἄρα
1572 4844 1622 4896 τί
1655 4849 1843 4900 ποιοῦ-

1952 4569 2090 4638 Quid
2118 4573 2326 4644 operati
2359 4589 2551 4628 sumus
2578 4575 2718 4628 nos?
2749 4576 3023 4645 inquiunt.
3056 4575 3120 4628 Et
3157 4591 3298 4629 unus
3321 4591 3386 4630 ex
3416 4575 3523 4631 illis

1951 4678 2183 4732 magnus
2206 4664 2374 4720 abbas
2403 4664 2645 4736 lschyrio
2669 4681 2993 4735 responsum
3028 4664 3176 4718 dedit
3202 4684 3220 4719 :
3243 4664 3352 4720 Nos
3377 4681 3524 4720 man-

1948 4757 2073 4813 data
2122 4758 2216 4815 Dei
2267 4761 2594 4831 peregimus.
2622 4759 3006 4830 Excepcrunt:
3043 4759 3145 4825 Qui
3199 4769 3381 4813 autem
3419 4774 3521 4814 nos

1947 4851 2373 4922 subsequentur,
2404 4852 2532 4920 quid
2565 4852 2759 4907 facturi
2795 4851 3066 4907 sunt?Ait
3093 4870 3105 4905 :
3131 4851 3209 4906 Ad
3234 4850 3517 4906 dimidium

259 4925 384 4977 σιν;
426 4912 534 4964 Καὶ
567 4910 726 4967 εἷπε’
774 4919 1075 4974 Μέλλουσιν
1119 4926 1201 4988 είς
1228 4928 1290 4979 τὸ
1323 4910 1495 4998 ἥμισυ
1538 4933 1631 4986 τοῦ
1679 4936 1841 5008 ἔργου

1970 4910 2145 5012 φοι-ἰδ’
2182 4945 2352 5000 nostri
2401 4946 2739 5014 pervenient.
2779 4943 3252 5014 lnterrogaverunt
3298 4941 3516 4996 adhuc:

254 4998 422 5067 ήμῶν
472 5001 746 5073 ἔρχεσθαι.
792 5011 900 5063 Kal
937 5008 1089 5066 εἶπον
1111 5032 1123 5046 ·
1167 5019 1230 5070 Οἱ
1265 5019 1320 5072 δὲ
1355 4998 1723 5091 μετάὑτοὺςί
1747 4998 1799 5082 τί
1829 5047 1842 5094 ;

254 5086 461 5146 Εἶπενο
499 5096 613 5149 Οὐκ
643 5097 856 5169 ἔχουσιν
897 5104 1034 5171 ὅλως
1064 5108 1224 5179 ἔργον
1252 5112 1301 5165 oi
1335 5086 1433 5186 τῆς
1474 5086 1840 5185 γενεᾶς-ἔκείλ

1941 5034 2042 5101 Qui
2091 5051 2216 5089 vero
2272 5045 2397 5106 post
2438 5037 2580 5099 illos,
2615 5036 2912 5106 quidnam?
2964 5034 3303 5105 Respondit:
3357 5033 3518 5090 Nullo

1943 5127 2098 5196 plane
2151 5141 2316 5197 opere
2368 5127 2775 5182 tlecorabuntur
2815 5128 3062 5182 homines
3100 5127 3275 5180 aetatis
3330 5127 3512 5183 illius:

252 5199 355 5254 νης
380 5200 395 5215 ’
450 5187 636 5256 μέλλει
667 5191 724 5244 δὲ
760 5193 1010 5266 ἔρχεσθαι
1060 5202 1240 5267 αὐτοῖς
1278 5211 1580 5280 πειρασμός
1607 5229 1623 5244 ο
1669 5216 1762 5267 καὶ
1791 5219 1838 5271 0i

1975 5227 1994 5270 t
2025 5187 2272 5288 insurget
2311 5218 2368 5273 in
2401 5234 2496 5274 eos
2523 5219 2787 5284 tentatio;
2823 5219 3025 5288 quique
3057 5218 3209 5288 probi
3238 5217 3518 5274 invenien-

319 5338 481 5394 ⁷⁸Αι·
528 5345 687 5447 Tit/dou
723 5349 802 5454 l"
851 5350 935 5404 Al.
981 5356 1115 5424 πρὸς
1154 5357 1212 5413 ἒν
1256 5361 1612 5433 παξαμάδιον.
1663 5369 1744 5423 vel
1786 5372 2109 5442 παεαμάδιν.
2190 5373 2236 5404 ⁸⁸
2271 5373 2352 5425 Al.
2396 5372 2489 5424 τοῦ
2523 5372 2678 5440 ἁγίου
2751 5370 3097 5454 Πνεύματος,
3160 5373 3232 5454 ἐν.
3385 5375 3517 5443 ἁγίᾳ

319 5414 547 5454 Iamnam?
754 5429 811 5454 ,σιι
873 5423 1128 5454 qutun---
1229 5431 1272 5454 η
1312 5433 1361 5454 ΔΙ
1414 5435 1622 5454 ομμρν
1797 5443 1840 5454 ..ι
1886 5445 1932 5454 ..
1995 5443 2002 5452 .
2234 5444 2257 5454 -
2357 5444 2392 5454 ..
2447 5443 2456 5454 .
2742 5443 2776 5454 ...
2828 5443 2873 5454 ..

249 5417 597 5504 προσφορᾷ.⁴
644 5417 687 5447 ⁸¹
722 5417 837 5476 Lat.
873 5417 1151 5494 τάγματα.

246 5476 499 5548 ὀνόματι.
533 5483 580 5516 ⁸⁵
630 5485 808 5544 Eccle.
842 5508 924 5556 Ill,
969 5494 1015 5548 l.

320 5614 440 5756 ea

1229 5431 1272 5461 "’
1299 5433 1383 5486 Al.
1412 5431 1718 5504 βαστάζων.

485 5617 587 5689 ra.
617 5619 771 5677 Patr.
811 5642 847 5689 ι,
880 5630 932 5682 9.

487 5687 592 5743 Vit.
621 5689 771 5748 Patr.
809 5687 936 5760 χιιι,
987 5702 1027 5756 ι.

1796 5443 1841 5472 ⁸³
1874 5445 1956 5495 AI.
1993 5443 2161 5498 inser.
2197 5444 2296 5512 τῆς
2356 5443 2628 5512 Σκήτεως.

2742 5443 2785 5473 ⁸³
2814 5443 2897 5495 Al.
2947 5443 3114 5499 inser.
3165 5443 3242 5514 τῷ
3293 5443 3391 5519 βίῳ
3429 5454 3534 5508 καὶ,

2011 5644 2120 5714 (59)
2160 5643 2258 5700 Vit.
2297 5645 2444 5699 Patr.
2475 5661 2510 5709 ι,
2546 5645 2627 5701 Η.
