4012 6208
287 273 396 328 245

1418 264 2020 320 APOPHTHEGMATA
2055 265 2359 323 PATRUM.

3415 277 3518 330 246

292 402 362 456 με
398 377 538 436 εἶδεν
582 383 611 436 6
654 381 806 452 ήλιος
859 381 1126 434 ἐσθίοντα.
1180 377 1313 435 Εἶπε
1364 383 1420 436 δέ
1474 385 1568 436 καὶ
1616 386 1645 437 6
1688 383 1861 446 ἀσὸἄς

1970 399 2123 453 quam
2160 400 2245 440 me
2281 384 2517 440 viditsol
2547 385 2986 443 manducantem.
3024 387 3244 458 Excepit
3272 406 3400 442 vero
3431 393 3524 445 ab-

301 472 559 542 ἰωάννης
578 489 593 504 ο
621 470 756 526 Οὐδὲ
784 469 884 541 ἐμὲ
914 469 1282 541 ὀργιζόμενον.

367 570 424 616 ε’.
462 561 666 615 Τοῦτον
709 559 800 614 τὸν
833 560 1006 614 ἁόϐᾶν
1049 562 1300 630 Ἰωάννην
1331 560 1456 631 περὶ
1483 560 1579 632 τὴν
1608 559 1861 633 τελευτήν

300 653 439 720 ὄντα,
477 652 572 705 καὶ
618 650 958 722 ἐκδημοῦντα
1008 650 1303 722 προθύμως
1348 652 1441 704 καὶ
1489 652 1689 723 ίλαρῶς
1727 653 1862 722 πρὸς

299 742 384 794 τὸν
425 741 580 807 Θεὸν,
631 740 947 794 ἐκύκλωσαν
993 741 1043 793 ot
1092 741 1332 810 ἀδελφοὶ,
1380 740 1655 805 ἀξιοῦντες
1705 741 1861 811 λόγον

295 831 412 885 τινὰ
439 830 702 902 σύντομον
730 832 824 884 καὶ
854 832 1118 904 σωτήριον
1151 834 1206 884 ἐν
1240 832 1442 904 κλήρου
1469 831 1618 909 τάξει
1642 832 1862 886 καταλι-

296 927 414 977 πεῖν
471 925 691 986 αὐτοῖς,
745 923 812 975 δι’
860 914 920 975 οὗ
983 921 1301 992 δυνήσονται
1359 921 1610 994 ἐπιϐῆναι
1661 923 1756 992 τῆς
1805 924 1862 976 ἐν

294 1012 512 1086 Χριστῷ
539 1012 898 1084 τελειότητος.
940 1013 996 1065 '0
1026 1013 1080 1066 δέ
1107 1013 1363 1080 στενάξας
1424 1012 1526 1085 ἔφη
1553 1031 1566 1046 ·
1595 1013 1864 1067 Οὐδέποτε

293 1105 525 1176 ἐποίησα
564 1105 625 1158 τὸ
664 1104 797 1157 ῖδιον
837 1103 1078 1174 θέλημαο
1122 1104 1242 1158 οὐδέ
1288 1122 1409 1159 τινα
1455 1105 1691 1172 ἐδίδαξα,
1728 1106 1864 1174 ὅπερ

291 1195 560 1268 πρότερον
596 1195 696 1248 οὐκ
729 1195 979 1266 ἐποίησα.

365 1294 440 1351 ς’.
500 1287 810 1356 Διηγήσατο
866 1286 1025 1359 πᾲλιν
1086 1286 1213 1356 περὶ
1261 1286 1448 1356 ἐτέρου
1498 1288 1754 1358 γέροντος
1806 1288 1864 1340 ἐν

294 1377 486 1448 ἐρήμῳ
517 1374 905 1444 καθεζομένου,
938 1375 1017 1426 ὃτι
1051 1372 1388 1444 παρεκάλεσε
1419 1373 1510 1428 τὸν
1549 1373 1682 1426 Θεὸν
1717 1373 1866 1444 χαρί-

299 1466 494 1519 σασθαι
523 1464 690 1535 αύτῷ,
726 1465 866 1518 ὥστε
899 1465 1165 1535 μηδέποτε
1191 1465 1448 1530 νυστάξαι
1493 1466 1656 1518 αὐτὸν
1683 1481 1864 1519 κινου-

299 1555 469 1628 μένης
511 1555 724 1625 ὁμιλίας
768 1556 1177 1626 πνευματικῆς·
1221 1559 1270 1610 εί
1300 1557 1356 1610 δέ
1408 1574 1490 1622 τις
1534 1558 1864 1622 καταλαλιᾶς

296 1646 331 1719 ἢ
380 1647 704 1718 ἀργολογίας
768 1645 959 1715 λόγους
1011 1647 1291 1718 ἐπιφέρει,
1348 1647 1508 1712 εὐθὺς
1563 1651 1644 1714 είς
1700 1649 1864 1701 ὕπνον

1959 476 2057 530 bas
2088 475 2363 531 Joannes:
2398 475 2585 544 Neque
2619 493 2704 532 me
2738 478 2959 532 iratum.

2029 568 2081 621 5.
2126 566 2236 638 (66)
2276 567 2429 621 Hunc
2454 569 2700 622 abbatem
2746 567 3030 631 Joannem,
3067 584 3188 622 cum
3245 570 3346 622 sub
3381 587 3523 624 mor-

1960 666 2065 712 tem
2105 663 2270 723 esset,
2307 665 2359 712 et
2396 659 2646 713 alacriter
2677 659 2959 726 hilareque
2985 660 3052 712 ad
3095 659 3261 713 Deum
3306 661 3524 730 profici-

1962 753 2230 813 sceretur,
2253 744 2726 800 circumdederunt
2751 744 3312 814 fratres,postulantes
3347 755 3404 800 ut
3443 749 3523 802 eis

1961 835 2295 890 haereditatis
2347 837 2464 889 loco
2506 850 2810 890 sermonem
2850 835 3155 906 quempiam
3209 836 3424 890 brevem
3462 851 3524 890 ac

1962 927 2254 981 salutarem
2287 927 2634 994 relinqueret,
2669 939 2765 994 per
2800 940 2958 995 quem
3002 933 3224 994 possent
3247 926 3523 994 pervenire

1962 1017 2029 1071 ad
2076 1017 2463 1087 perfectionem
2516 1017 2570 1069 in
2621 1015 2859 1071 Christo.
2892 1015 2985 1069 ille
3008 1031 3134 1070 vero
3170 1017 3526 1088 ingemiscens

1962 1109 2131 1164 dixit:
2166 1108 2452 1179 Nunquam
2519 1109 2619 1162 feci
2662 1124 2855 1164 meam-
2889 1110 3259 1175 voluntatem;
3291 1125 3388 1163 nec
3427 1110 3524 1162 alio

1965 1215 2121 1270 quem
2153 1201 2335 1264 docui,
2374 1200 2515 1268 quod
2555 1201 2704 1268 prius
2730 1215 2837 1253 non
2871 1198 3108 1254 fecerim.

2033 1292 2086 1345 6.
2129 1291 2240 1361 (67)
2272 1291 2469 1345 lterum
2503 1290 2745 1344 narravit
2773 1290 2840 1344 de
2867 1290 2974 1343 alio
3015 1305 3144 1345 sene
3194 1290 3284 1360 qui
3315 1290 3367 1343 in
3405 1305 3526 1344 ere-

1965 1395 2053 1434 mo
2108 1381 2401 1444 residebat,
2455 1381 2602 1450 quod
2646 1379 2814 1435 Deum
2844 1381 3139 1450 rogaverit,
3191 1391 3250 1434 ut
3290 1383 3337 1434 ei
3391 1380 3529 1434 hanc

1965 1476 2191 1545 gratiam
2226 1474 2528 1529 conferret:
2563 1490 2632 1529 ne
2664 1489 2902 1543 unquam
2934 1481 3080 1526 moto
3111 1472 3380 1541 colloquio
3415 1473 3528 1540 spi-

1965 1565 2144 1619 rituali
2180 1563 2534 1626 dormitaret;
2595 1563 2640 1616 si
2667 1577 2799 1618 vero
2841 1560 3194 1616 detractionis
3238 1560 3322 1613 vel
3366 1560 3528 1613 otiosi

1969 1655 2238 1712 sermonis
2269 1654 2539 1724 quispiam
2568 1653 2730 1706 verba
2760 1651 3047 1722 proferret,
3083 1651 3263 1704 statim
3299 1649 3352 1701 in
3384 1664 3530 1703 som-

296 1737 722 1810 καταφέρεσθαι,
784 1738 871 1790 ἵνα
928 1737 1001 1808 μὴ
1060 1737 1136 1790 ίοῦ
1193 1738 1432 1792 τοιούτου
1489 1740 1756 1808 γεύωνται
1809 1742 1864 1793 αί

1970 1763 2093 1802 num
2127 1745 2405 1810 incideret,
2433 1759 2544 1813 quo
2574 1742 2843 1812 ejusmodi
2887 1756 3151 1796 venenum
3181 1755 3288 1793 non
3319 1739 3532 1808 accipe-

294 1829 456 1882 ἁκοαὶ
501 1829 687 1882 αὑτοῦ.
736 1823 902 1894 Οὗτος
937 1830 994 1883 δέ
1028 1829 1202 1899 ἔλεγε,
1230 1831 1318 1884 τὸν
1343 1831 1587 1885 διάϐολον
1633 1832 1864 1886 σπουδα-

295 1920 432 1990 στὴν
477 1915 620 1973 εἶναι
664 1920 760 1990 τῆς
797 1919 1144 1991 ἀργολογίας,
1190 1921 1446 1992 πολέμιον
1478 1923 1534 1976 δὲ
1573 1924 1753 1993 πάσης
1784 1924 1865 1976 δι-

293 2007 601 2073 δασκαλίας
661 2011 1056 2082 πνευματικῆς·
1116 2010 1341 2082 τοιούτῳ
1406 2012 1684 2083 χρώμενος
1736 2012 1866 2064 ὑπο-

296 2097 587 2170 δείγματι·
630 2100 927 2166 Λαλοῢντος
958 2102 1066 2173 γάρ
1093 2118 1215 2172 μου,
1248 2101 1400 2173 φησὶ,
1437 2103 1563 2174 περὶ
1603 2102 1866 2172 ὡφελείας

299 2186 442 2257 πρός
471 2203 621 2250 τινας
656 2187 936 2257 ἀδελφοὺς,
969 2187 1207 2259 τοσούτῳ
1239 2188 1390 2260 ὕπνῳ
1437 2187 1590 2258 βαθεῖ
1609 2188 1864 2258 κατεσχέ-

296 2276 491 2346 θησαν.
520 2277 658 2331 ὥστε
693 2280 831 2350 μήτε
860 2280 928 2334 τὰ
950 2278 1191 2352 βλέφαρα
1218 2283 1385 2334 κινεῖν
1404 2279 1681 2333 δύνασθαι.
1723 2279 1864 2348 Ἐγὼ

294 2363 387 2423 οὖν
413 2368 582 2422 θέλων
619 2369 908 2437 δεῖξαιτοῦ
953 2372 1204 2442 δαίμονος
1247 2372 1343 2443 τὴν
1375 2373 1672 2444 ἐνέργειαν,
1710 2371 1865 2439 λόγον

294 2460 624 2530 ἁργολογίας
669 2463 1078 2533 παρεισήνεγκα
1113 2479 1127 2494 ο
1181 2464 1264 2530 ἐφ’
1307 2457 1350 2530 ᾦ
1389 2464 1646 2534 χαρέντες
1694 2479 1866 2532 παρα-

296 2552 482 2622 χρῆμα
515 2551 794 2622 διένηψαν.
829 2551 1097 2616 Στενάξας
1133 2553 1189 2606 δὲ
1231 2548 1383 2607 εἷπον
1406 2567 1419 2582 ·
1468 2554 1643 2625 Μέχρι
1686 2555 1865 2608 τοίνυν

300 2642 425 2708 περὶ
476 2640 746 2712 οὐρανίων
813 2641 1154 2711 πραγμάτων
1204 2640 1588 2712 διελεγόμεθα,
1646 2642 1864 2719 πάντων

302 2729 452 2800 ὑμῶν
491 2732 541 2783 ot
582 2730 855 2801 ὀφθαλμοὶ
890 2731 968 2802 τῷ
1012 2731 1165 2803 ὓπνῳ
1216 2733 1554 2802 συνείχοντο⁹
1606 2733 1766 2804 ήνίκα
1809 2733 1866 2786 δέ

300 2821 455 2890 λόγος
497 2821 663 2891 ἀργὸς
697 2822 889 2893 ἐρρύη,
943 2822 1140 2884 πάντες
1199 2825 1339 2894 μετὰ
1376 2823 1679 2895 προθυμίας
1720 2824 1866 2878 διαν-

302 2912 641 2984 (meatui),
674 2912 891 2982 ἀδελφοὶ
908 2914 975 2974 θ’,
1001 2913 1319 2984 παρακαλῶ,
1344 2915 1606 2982 ἐπίγνωτε
1637 2913 1730 2967 τοῦ
1765 2932 1864 2967 πο-

303 3003 466 3075 νηροῦ
499 3003 751 3074 δαίμονος
796 3003 894 3074 τὴν
944 3005 1245 3074 ἐνέργειαν,
1291 3005 1385 3058 καὶ
1431 3006 1642 3067 ἑαυτοῖς
1697 3021 1865 3074 προσ-

307 3069 474 3164 έχετε,
505 3069 897 3166 φυλαττόμενοι
929 3095 1019 3148 τὸν
1040 3069 1377 3166 -νυσταγμὺν,
1405 3095 1564 3166 ήνίκα
1590 3113 1642 3148 τι
1666 3069 1867 3148 ποιεῖτε
1895 3069 1937 3126 C

307 3187 696 3255 πνευματικὸν,
733 3186 765 3257 ἢ
793 3185 1040 3240 ἀκούετε.

371 3273 434 3338 ζ’.
477 3271 610 3326 Eius
641 3275 822 3337 πάλιν,
853 3275 934 3328 ὅτι
958 3276 1325 3345 Συγκλητικός
1353 3293 1434 3339 τις
1450 3275 1580 3348 (65⁵)
1599 3277 1869 3342 ἀποταξά-

311 3380 487 3433 μενος,
543 3366 635 3418 καὶ
680 3365 748 3418 τὰ
795 3365 987 3420 ἐαυτοῦ
1037 3368 1348 3438 ὑπάρχοντα
1397 3368 1588 3439 πένησι
1634 3369 1866 3433 διαδοὺς,

310 3458 690 3527 παρακατέσχε
729 3459 848 3510 τινὰ
873 3461 947 3520 εἰς
983 3458 1118 3510 ἰδίαν
1147 3459 1463 3520 ἀπόλαυσιν,
1509 3459 1582 3530 μὴ
1615 3459 1870 3530 βουλόμε-

307 3562 396 3609 νος
438 3547 539 3618 τὴν
580 3549 643 3600 ἐκ
670 3549 768 3618 τῆς
797 3548 1004 3611 τελείας
1049 3550 1324 3618 ἀπωαγῆς
1370 3549 1726 3615 ἀναδέξασθαι
1773 3567 1870 3601 τα-

309 3639 754 3710 πεινοφροσύνην,
792 3640 886 3692 καὶ
916 3640 1014 3709 τὴν
1045 3641 1272 3710 γνησίαν
1315 3642 1590 3709 ὑποταγὴν
1621 3642 1713 3694 τοῦ
1763 3658 1873 3694 κοι-

311 3728 552 3781 νοδιακοῦ
593 3729 835 3793 κανόνος.
871 3730 1012 3800 Πρὸς
1045 3730 1101 3784 ὃν
1130 3733 1157 3783 6
1183 3733 1239 3782 ἐν
1268 3731 1440 3799 ἁγίοις
1475 3732 1748 3794 Βασίλειος
1794 3731 1876 3783 λό-

311 3836 401 3888 γον
452 3821 833 3890 ἀπεφθέγξατο
880 3822 1154 3875 τοιοῦτον’
1206 3823 1313 3875 Καὶ
1372 3823 1462 3875 τὸν
1518 3823 1874 3894 συγκλητικὸν

310 3911 615 3978 ἀπώλεσας,
649 3914 746 3966 καὶ
777 3914 1009 3984 μοναχὸν
1052 3914 1150 3966 οὐκ
1184 3913 1464 3983 ἐποίησας.

378 4010 442 4073 η’.
481 4001 620 4058 Εἶπε
651 4005 833 4069 πάλιν,
861 4005 941 4058 ὅτι
968 4001 1075 4057 Ἦν
1100 4021 1182 4067 τις
1207 4004 1435 4074 μοναχὸς
1458 4005 1622 4057 οἰκῶν
1645 4005 1704 4057 ἐν
1746 4020 1878 4075 σπη-

310 4097 442 4168 λαίῳ
479 4099 539 4151 ὲν
585 4099 812 4169 ἐρήμῳ·
861 4099 955 4151 καλ⁸
1000 4098 1242 4168 ἐδηλώθη
1286 4096 1433 4167 αὐτῷ
1478 4097 1582 4150 ὑπὸ
1609 4096 1717 4149 τῶν
1747 4113 1865 4165 συγ·

311 4187 480 4253 γενῶν
517 4188 661 4240 κατὰ
695 4189 892 4258 σάρκα,
922 4190 1004 4242 δτι
1060 4189 1118 4240 '0
1148 4189 1330 4258 πατήρ
1374 4204 1466 4239 σου
1512 4187 1748 4257 ἰσχυρῶς
1788 4188 1876 4238 ἐν·

312 4278 566 4346 οχλεῖται,
612 4279 706 4331 καὶ
734 4278 916 4348 μέλλει
949 4278 1226 4348 τελευτᾷν,
1259 4277 1380 4330 ἐλθέ
1410 4278 1496 4330 ῖνα
1541 4278 1880 4348 κληρονομή-

1963 1847 2082 1892 rent
2105 1851 2264 1889 aures
2298 1835 2435 1902 ejus.
2469 1834 2615 1888 ldem
2650 1831 2886 1896 dicebat,
2923 1831 3197 1884 diabolum
3228 1829 3528 1883 studiosum

1968 1946 2093 1986 esse
2121 1929 2283 1982 otiosi
2311 1927 2602 1992 sermonis,
2633 1924 2844 1980 hostem
2872 1939 3001 1978 vero
3022 1924 3200 1977 omnis
3231 1921 3530 1992 Spiritualis

1962 2020 2249 2083 doctrinae;
2285 2019 2386 2071 hoc
2409 2033 2542 2072 usus
2564 2017 2852 2086 exemplo:
2904 2013 3008 2080 Me,
3045 2014 3238 2082 inquit,
3281 2013 3346 2065 ad
3386 2027 3521 2064 non-

1963 2112 2142 2165 nullos
2165 2111 2358 2164 fratres
2391 2109 2646 2176 loquente
2676 2105 2741 2160 de
2764 2121 2823 2160 re
2850 2110 3044 2158 animm
3073 2104 3212 2165 utili,
3246 2102 3378 2155 adeo
3409 2116 3532 2170 pro-

1965 2202 2133 2256 fundo
2180 2214 2371 2255 somno
2415 2197 2664 2268 occupati
2692 2203 2841 2259 sunt,
2874 2203 2932 2249 ut
2964 2209 3062 2248 nec
3106 2194 3393 2262 palpebras
3417 2203 3532 2244 mo-

1963 2308 2086 2346 vere
2118 2297 2359 2361 possent.
2401 2289 2602 2345 Volens
2644 2289 2813 2358 igitur
2846 2300 2947 2355 ego
2979 2283 3238 2338 daemonis
3260 2280 3532 2352 Operatio-

1963 2400 2085 2438 nem
2137 2383 2446 2447 ostendere,
2502 2394 2808 2436 sermonem
2859 2389 3272 2448 supervacanea
3311 2372 3534 2441 loquelae

1962 2476 2185 2540 induxi;
2235 2475 2299 2529 ad
2355 2488 2510 2542 quem
2592 2471 2668 2524 illi
2727 2469 2939 2540 gavisi,
2990 2467 3132 2520 illico
3189 2463 3529 2534 evigilarunt.

1964 2567 2327 2638 lngemiscens
2352 2573 2532 2618 autem
2558 2561 2702 2616 dixi:
2737 2558 2988 2626 Quandiu
3025 2557 3190 2627 igitur
3210 2553 3275 2608 de
3302 2553 3536 2608 cmlesti-

1964 2658 2066 2713 bus
2105 2657 2268 2711 rebus
2306 2653 2687 2716 disseruimus,
2716 2651 2958 2708 omnium
2991 2655 3232 2703 vestrum
3267 2642 3412 2698 oculi
3443 2643 3536 2696 de~

1965 2748 2280 2802 tinebantur
2307 2760 2535 2810 somno;
2587 2751 2873 2812 postquam
2929 2756 3057 2794 vero
3087 2739 3298 2792 otiosus
3334 2732 3537 2789 efﬂuxit

1966 2854 2166 2900 sermo,
2201 2838 2385 2891 cuncti
2439 2849 2562 2888 cum
2615 2831 2899 2886 alacritate
2943 2827 3160 2882 excitati
3205 2825 3358 2880 estis.
3393 2822 3539 2890 Quo-

1966 2930 2131 2993 circa,
2159 2928 2373 2986 fratres,
2413 2926 2665 2986 obsecro,
2714 2919 2992 2990 agnoscite
3023 2917 3146 2969 mali
3171 2913 3428 2968 dmmonis
3456 2913 3538 2966 in-

1970 3017 2336 3087 stigationem,
2365 3022 2417 3068 et
2453 3011 2710 3064 attendite
2742 3006 2899 3062 vobis
2939 3004 3096 3074 ipsis,
3131 3009 3385 3056 caventes
3408 3000 3537 3054 dor-

1969 3107 2304 3161 mitationem
2334 3146 2346 3169 ,
2387 3117 2510 3156 cum
2543 3097 2746 3170 aliquid
2775 3096 3056 3168 spirituale
3101 3091 3185 3147 vel
3224 3089 3424 3152 facitis,
3456 3089 3536 3142 vel

1971 3197 2192 3252 auditis.

2035 3289 2088 3342 7.
2135 3287 2244 3358 (68)
2277 3283 2418 3337 Dixit
2451 3283 2668 3341 iterum,
2713 3277 2857 3348 quod
2892 3283 3112 3330 senator
3141 3271 3360 3342 quidam
3414 3283 3537 3358 cum

1971 3357 2168 3435 sarculo
2201 3377 2601 3437 renuntiasset,
2656 3377 2710 3424 et
2741 3369 2880 3422 bona
2927 3379 3024 3419 sua
3073 3359 3442 3416 distribuisset
3486 3357 3538 3409 in

1973 3479 2258 3536 pauperes,
2295 3461 2538 3532 quaedam
2567 3459 2790 3513 retinuit
2821 3453 2889 3507 ad
2937 3465 3096 3506 usum
3133 3463 3313 3513 suum,
3347 3446 3541 3500 nolens

1971 3556 2329 3610 humilitatem
2360 3568 2390 3607 e
2418 3550 2658 3620 perfecta
2671 3544 3077 3603 reuuntiatione
3105 3538 3540 3610 proficiscentem

1973 3649 2276 3716 suscipere,
2311 3655 2366 3698 ut
2393 3660 2490 3698 nec
2521 3642 2788 3696 sinceram
2819 3634 3152 3692 coenobiacaz
3185 3630 3384 3700 regulae
3411 3627 3542 3682 sub-

1969 3738 2288 3808 jectionetn.
2321 3734 2398 3786 Ad
2453 3746 2612 3802 quem
2667 3735 2892 3784 sanctus
2943 3724 3180 3780 Basilius
3228 3719 3539 3789 bujusmodi

1976 3827 2199 3898 protulit
2233 3823 2557 3879 sententiam
2600 3817 2706 3874 :Et
2752 3822 3056 3871 senatorem
3087 3811 3392 3884 perdidisti,
3444 3823 3542 3863 nec

1974 3917 2200 3974 effecisti
2248 3914 2597 3968 monachum.

2046 4008 2100 4064 8.
2137 4006 2338 4062 Retulit
2366 4012 2665 4074 praeterea:
2698 3998 2825 4052 Erat
2855 3995 3074 4066 quidam
3110 3991 3432 4053 monachus,
3484 3989 3537 4042 iu

1977 4102 2236 4172 spelunca
2261 4096 2428 4152 eremi
2467 4093 2752 4156 habitans;
2786 4088 2873 4142 cui
2899 4086 2991 4157 qui
3028 4081 3316 4156 propinqui
3346 4094 3542 4136 secun-

1978 4191 2106 4245 dum
2142 4205 2360 4242 carnem
2387 4193 2542 4240 erant
2575 4180 3050 4252 signiﬁcaverunt:
3079 4173 3238 4227 Pater
3265 4180 3388 4225 tuus
3417 4183 3543 4240 gra-

1977 4282 2031 4335 vi
2054 4281 2243 4335 morbo
2276 4279 2506 4337 laborat,
2531 4282 2723 4343 estque
2753 4286 2821 4326 ex
2859 4284 2924 4324 eo
2963 4265 3297 4328 moriturus;
3334 4261 3456 4315 veni
3484 4267 3545 4312 ut

313 4383 410 4438 σῃς
444 4370 625 4422 αὐτόν.
666 4371 724 4423 Ὀ
752 4370 809 4423 δέ
837 4370 1104 4440 ἀπεκρίθη
1140 4370 1274 4440 πρὸς
1309 4369 1538 4432 αὐτούς·
1593 4368 1734 4437 Ἐγὼ
1773 4370 1869 4440 πρὲ

1980 4371 2342 4426 brereditatem
2397 4365 2604 4436 capias.
2643 4363 2712 4417 At
2756 4361 2847 4416 ille
2899 4355 3217 4427 respondit:
3263 4352 3373 4447 Ego
3419 4359 3545 4447 ante

311 4463 520 4515 ἐκείνου
565 4461 833 4516 ἀπέθανον
860 4463 939 4533 τῷ
965 4462 1154 4533 κόσμῳ
1173 4479 1188 4493 ·
1220 4463 1414 4531 νεκρὸς
1451 4460 1626 4525 ζῶντα
1656 4462 1717 4516 οὐ
1743 4461 1876 4533 κλη-

316 4557 552 4625 ρονομεῖ.

382 4673 426 4703 ’⁸
459 4671 545 4724 ΔΙ.
579 4671 869 4742 ἀγαπητοί.

383 4824 517 4895 (65')
549 4827 955 4905 Συτςκλητικός
985 4842 1095 4890 τις,
1122 4831 1230 4906 etc.
1268 4822 1452 4877 Exstat
1483 4837 1548 4876 eo
1579 4821 1646 4875 de
1668 4819 1878 4941 Agapit-

383 4906 570 4941 iamate
591 4909 923 4941 pnmramma
962 4893 1189 4941 Joannis
1226 4892 1546 4941 Geometraa.
1599 4891 1665 4941 14
1752 4907 1878 4941 ara-

318 4891 570 4963 tltégmate
591 4891 924 4965 epigramma
962 4893 1189 4965 Joannis
1226 4892 1546 4965 Geometrm,
1599 4891 1670 4965 lii
1702 4891 1878 4965 Pam:

315 4959 642 5034 disi;quod'
675 4959 765 5019 hic
800 4964 1021 5036 apponi,
1063 4961 1367 5026 emendari,
1419 4968 1582 5030 atque
1617 4959 1878 5014 illustrari

316 5044 575 5089 meretur.

385 5126 503 5178 Ὅτι
532 5127 570 5192 ἠ
593 5125 984 5191 ἁκτημοσύνη
1015 5122 1169 5191 ἁγνὴ
1197 5122 1266 5175 ἐν
1293 5119 1596 5192 μοναχοῖς.
1645 5140 1648 5144 ι

313 5187 479 5248 Ἤλιδ’
499 5186 687 5248 ditata
697 5186 951 5262 ξᾶμενος
973 5186 1336 5262 ’κυδὶοέτατος
1363 5190 1427 5254 ἐς
1449 5186 1681 5262 ΣζίτανΔ
1699 5186 1873 5256 ἀνήρ·

385 5263 495 5317 Καὶ
517 5263 674 5317 πολὺ
695 5255 896 5332 χρῆμα
926 5255 1127 5326 διδοὺς
1151 5255 1528 5332 κᾴλλιπενιοῖ
1541 5274 1594 5332 et
1607 5256 1805 5332 μέρρς.

313 5334 463 5387 Eius
478 5332 544 5386 δέ
561 5350 650 5399 τις
663 5347 675 5360 ·
695 5323 896 5385 'Kai'zo
920 5332 1061 5398 πρὶν
1084 5323 1420 5394 ἀπώλεσας.
1434 5323 1483 5399 cit
1498 5323 1656 5399 φίλὲ,
1675 5323 1878 5399 άςῦδρςν

391 5394 654 5469 Τερινὸῶ
690 5400 816 5465 ἐὸν,
843 5394 1003 5455 καῖό
1034 5400 1178 5467 δοὺς
1207 5400 1392 5469 (scrib.
1426 5394 1751 5463 ὀδοὺς)οὐκ
1781 5395 1882 5448 ἐπ-

1416 5466 1577 5538 [έϐης
1605 5465 1807 5520 ἀϐίων.

1506 5484 1577 5533 ης
1605 5482 1807 5520 aettur.

317 5561 432 5618 lloc
457 5572 544 5618 est
576 5579 642 5618 ex
669 5577 789 5618 mea
821 5559 1268 5630 interpretatione
1299 5559 1363 5612 ad
1398 5557 1624 5612 verbum
1653 5572 1666 5606 :

320 5651 473 5716 Quod
497 5653 675 5720 inopia
702 5667 837 5721 pura
873 5665 982 5704 esse
1011 5647 1190 5702 debeat
1223 5649 1276 5700 in
1313 5645 1597 5700 monac/tis.

1981 4478 2103 4520 eum
2165 4461 2367 4516 mundo
2424 4466 2673 4512 mortuus
2751 4467 2871 4508 sum
2934 4469 2948 4503 :
3007 4455 3257 4502 mortuus
3315 4440 3546 4497 viventis

1980 4554 2152 4607 h:eres
2207 4565 2328 4606 esse
2379 4564 2484 4602 non
2521 4553 2717 4617 potest.

1997 4816 2148 4871 Venit
2183 4813 2392 4869 Scetam
2429 4825 2546 4863 cum
2577 4805 2770 4862 amulo
2813 4800 3170 4871 renuntiasset
3211 4793 3546 4871 v_ir‘quidam

3002 4865 3445 4950 {illustrissimus
3456 4877 3513 4950 ,‘n

1987 4954 2276 5023 Multisque
2303 4949 2483 5019 opibus
2511 4945 2771 5016 elargitis,
2800 4939 2903 4996 sibi
2938 4930 3168 5007 aliquant
3191 4930 3545 5072 ρανιῖέἵιῖὦείὶ-

1996 5092 2138 5146 Dixit
2171 5099 2344 5144 autem
2370 5101 2625 5142 nonnemo
2656 5099 2674 5137 :
2711 5080 2756 5137 0
2787 5080 2970 5141 amice,
2989 5084 3038 5129 et
3070 5075 3294 5211 priorlem
3324 5071 3547 5190 gloriam

3232 5156 3411 5193 amms
3439 5155 3477 5197 1.

3232 5158 3477 5197 αηιηιδιι.

1988 5229 2118 5296 Quae
2141 5225 2380 5298 jucunda
2415 5234 2562 5289 erat;
2613 5239 2706 5298 nec
2757 5221 3013 5298 ingressus
3030 5229 3097 5298 es
3142 5211 3549 5298 ﬁttiasﬁeorum

1990 5282 2028 5296 ἢ
2079 5282 2084 5283 7
2141 5282 2161 5298 '
2544 5282 2556 5289 ⁷
2618 5290 2726 5362 [qut
2765 5282 3478 5356 paupertatempro/item."-

1987 5367 2043 5421 ld
2083 5374 2166 5421 est
2191 5367 2278 5418 hic
2303 5373 2354 5417 et
2378 5361 2975 5422 alibi,monachnrum;
3015 5349 3462 5422 juxtaiGlossaut
3492 5366 3541 5400 Ill

1989 5437 2193 5490 Niceta:
2224 5421 2524 5486 Acominati
2558 5429 2755 5482 Indice.
2785 5426 2947 5482 ἄδιοι,
2977 5421 3220 5492 μοναχοί.

2083 5505 2171 5570 66)
2213 5503 2311 5554 Vit.
2345 5502 2500 5554 Patr.
2531 5515 2567 5560 I,
2597 5496 2880 5570 ‘IQ;Cass.
2918 5489 3051 5570 Inst.
3084 5506 3137 5548 v.
3176 5489 3306 5570 28.“
3355 5556 3384 5570 _

2083 5558 2173 5638 67}
2218 5573 2319 5626 Vit.
2355 5571 2506 5623 Patr.
2537 5558 2614 5629 ait,
2649 5558 2754 5629 18;
2791 5561 3118 5638 Cass._lnst.
3157 5575 3207 5618 v,
3355 5558 3443 5613 5i.

2085 5629 2173 5711 68)
2214 5641 2314 5693 l't't.
2350 5640 2498 5692 Patr.
2535 5655 2606 5704 νι,
2639 5639 2702 5690 10
2726 5654 2738 5702 ;
2766 5636 2917 5690 Cass.
2953 5632 3086 5686 Inst.
3119 5647 3210 5691 vtt,
3259 5629 3347 5682 l9.
