4036 6202
238 277 345 332 249
1364 283 1972 343 APOPHTHEGMATA
2011 286 2319 344 PATRUM.
3387 288 3491 342 9.50

239 407 488 465 γραπται
517 391 648 461 γὰρ,
693 394 774 446 ὅτι
833 393 1040 464 Ὀμοία
1079 395 1252 450 ἐστὶν
1292 400 1330 467 ἡ
1367 403 1656 465 ,βασιλεία
1704 405 1795 458 τῶι

1894 403 2110 466 ,8ἱιιιὶιε
2132 415 2208 458 est
2239 417 2455 473 regnum
2501 401 2754 456 caalorum
2796 401 3037 455 thesauro
3083 401 3390 458 abscondito
3435 405 3488 458 in

241 483 517 551 οὐρανῶν
550 484 836 552 θησαυρῷ
883 487 1266 556 κεκρυμμένῳ
1305 491 1375 544 ὲν
1423 493 1600 562 ἀγρῷ.
1653 497 1792 566 Λέγε

1917 513 2045 566 agro
2068 496 2110 548 '.
2149 495 2346 549 lterum
2396 494 2565 549 frater
2614 493 2729 548 seni
2771 490 2950 562 :Ergo
2981 493 3184 563 absque
3213 496 3486 564 corporali

241 576 274 629 ό
302 576 524 644 ἀδελφὸς
571 575 648 646 τῷ
691 577 944 648 γέροντιθ
992 581 1200 652 Ούκολῖιν
1247 584 1404 648 ἐκτὸς
1443 589 1688 656 καμάτου
1713 607 1795 644 σω

1917 584 2100 639 labore
2147 599 2256 637 non
2300 583 2549 652 procedit
2579 583 2743 637 homo
2794 582 2860 636 ad
2895 583 3096 651 aliquid
3128 583 3395 637 honoris?
3421 583 3489 639 Et

249 666 476 739 ματικοῦ
532 668 594 720 οὐ
644 669 943 738 προκόπτει
988 670 1270 742 ἄνθρωπος
1316 674 1397 738 είς
1429 693 1548 731 τινα
1610 681 1810 750 τιμήν;

246 758 402 826 Λέγει
429 757 578 827 αὐτῷ
601 760 628 812 ό
653 758 832 830 γέρων
853 775 868 790 ο
899 759 1048 824 Τέως
1074 762 1379 832 γέγραπται
1399 783 1412 797 ’
1453 766 1813 836 Ἀφορῶντες

243 851 326 914 εις
361 849 472 903 τὸν
491 847 602 917 τῆς
629 851 892 916 πίστεως
923 851 1195 921 ἀρχηγὸν
1218 855 1315 908 καὶ
1350 858 1671 928 τελειωτὴν
1710 859 1812 927 ’1η-

241 935 413 999 σοῦν,
451 937 520 1004 ὃς
546 939 677 992 ἀντὶ
707 938 818 1007 τῆς
849 940 1241 1010 προκειμένης
1272 941 1431 1008 αὐτῷ
1461 945 1651 1014 χαρᾶς
1699 949 1811 1001 ὐπ-

236 1031 433 1100 ἐμεινε
457 1035 744 1100 σταυρόν.
780 1035 888 1087 Καὶ
924 1034 1086 1089 πάλιν
1127 1037 1288 1090 Δασὶδ
1336 1036 1516 1107 λέγει’
1549 1042 1616 1093 El
1641 1038 1810 1092 δώσω

237 1122 435 1176 ὕπνον
472 1124 596 1190 τοῖς
625 1126 957 1196 ὀφθαλμοῖς
995 1145 1135 1196 μου,
1170 1128 1271 1186 καὶ
1313 1129 1437 1197 τοῖς
1476 1131 1807 1200 ,βλεφάροις

232 1231 350 1284 μου
377 1219 725 1286 νυσταγμόν
742 1234 757 1248 ·
802 1219 895 1270 καὶ
921 1219 988 1272 τὰ
1015 1218 1164 1288 ἑξῆς.

304 1313 366 1360 ε’.
393 1304 558 1361 Εἶπεν
579 1312 607 1362 ὁ
631 1309 802 1374 ἁὸὁᾶς
827 1311 1075 1382 Κρόνιος,
1091 1312 1172 1365 ὅτι
1189 1313 1640 1386 Διηγήσατοὴμῖν
1666 1315 1695 1367 ό
1713 1316 1807 1369 ἀό-

234 1399 337 1463 6ᾶς
376 1401 570 1473 Ἰωσὴφ
599 1401 628 1453 ό
649 1402 743 1455 τοῦ
773 1402 1091 1472 Πηλουσίου,
1121 1406 1202 1460 ὅτι
1227 1405 1550 1477 Καθημένου
1593 1425 1694 1478 μου
1726 1411 1805 1474 είς

231 1490 298 1543 τὸ
338 1492 486 1556 Σινᾶ,
517 1489 586 1565 ἦν
619 1495 737 1547 ἐκεῖ
763 1495 989 1566 ἀδελφὸς
1028 1497 1190 1560 καλὸς
1229 1497 1324 1552 καὶ
1357 1500 1622 1572 ἀσκητὴς,
1671 1500 1806 1555 ἀλλὰ

233 1584 330 1636 καὶ
370 1583 511 1637 κατὰ
548 1584 610 1637 τὺ
645 1585 802 1656 σῶμα
842 1587 1074 1658 εὐειδήςο
1120 1589 1214 1642 καὶ
1248 1590 1447 1661 ἤρχετο
1488 1593 1568 1655 είς
1594 1591 1691 1662 τὴν
1715 1577 1806 1644 ὲιί-

231 1675 462 1746 κλησίαν
494 1678 576 1741 είς
596 1677 691 1748 τὴν
723 1677 957 1745 σύναξιν,
992 1680 1174 1752 φορῶν
1211 1681 1556 1754 πλύρῤαφον
1580 1685 1673 1738 καὶ
1715 1703 1803 1756 μι-

1915 689 2079 729 senex
2102 691 2114 726 :
2142 671 2342 743 Utique
2368 674 2633 742 scriptum
2656 680 2740 729 est
2763 692 2776 726 :
2798 672 3118 742 Aspicientes
3143 674 3195 725 in
3219 682 3485 727 auctorem

1913 765 2058 833 ﬁdei,
2086 774 2134 818 et
2170 773 2644 819 consummatorem
2696 757 2897 828 Iesum,
2957 763 3047 833 qui
3069 764 3335 834 proposito
3382 763 3484 818 sibi

1909 857 2104 927 gaudio
2129 857 2380 910 sustinuit
2415 871 2621 909 crucem
2648 854 2689 909 ⁸.
2732 855 3054 924 Rursusque
3095 854 3261 909 David
3311 853 3476 912 dicit:

1911 946 1970 1002 Si
1990 948 2180 1000 dedero
2205 963 2444 1000 somnum
2471 946 2640 999 oculis
2665 947 2814 1010 meis,
2833 955 2882 999 et
2907 945 3170 1016 palpebris
3206 949 3332 1003 meis
3355 948 3480 1004 dor-

1911 1040 2239 1094 mitationem
2261 1039 2282 1069 ⁸
2315 1045 2369 1093 et
2396 1054 2516 1109 qua:
2552 1046 2876 1108 sequuntur.

1970 1303 2027 1357 5.
2096 1301 2273 1357 Verba
2335 1302 2550 1360 abbatis
2613 1305 2818 1360 Cronii.
2887 1303 2963 1358 Ita
3019 1305 3261 1360 narravit
3319 1308 3477 1366 nobis

1903 1393 2072 1450 abbas
2123 1393 2326 1468 Ioseph
2375 1394 2578 1452 Pelusii
2624 1415 2639 1451 τ
2684 1396 2818 1451 Cum
2868 1397 2922 1450 in
2978 1395 3109 1450 Sina
3159 1398 3474 1466 residerem,

1903 1491 2021 1538 erat
2049 1482 2159 1538 illic
2189 1483 2360 1540 frater
2393 1487 2688 1555 praeclarus
2720 1494 2773 1541 et
2803 1487 2856 1539 in
2885 1487 2992 1541 vita
3025 1489 3261 1542 ascetica
3299 1490 3478 1544 excel-

1905 1575 2042 1641 lens,
2071 1583 2332 1646 praeterea
2368 1592 2596 1647 corpore
2627 1580 2929 1648 speciosus.
2966 1579 3014 1633 Is
3041 1594 3164 1633 cum
3205 1579 3258 1632 in
3297 1580 3475 1634 eccle-

1905 1668 2043 1725 siam
2079 1669 2147 1724 ad
2177 1670 2426 1740 synarim
2450 1671 2678 1737 veniret,
2718 1672 2963 1742 gestabat
2988 1688 3210 1742 parvum
3233 1686 3296 1726 ac
3319 1680 3474 1728 vetus

230 1743 364 1837 κρόν
394 1743 660 1840 μαφόριον
689 1743 950 1826 παλαιόν..
969 1743 1078 1827 Kal
1111 1772 1330 1844 θεωρῶν
1349 1743 1516 1828 αὐτόν
1549 1743 1795 1841 καθάπαξ

1905 1758 2248 1829 maphorium
2298 1760 2516 1830 plenum
2570 1764 2798 1818 suturis.
2827 1761 2998 1827 Quem
3032 1764 3199 1818 semel
3246 1761 3474 1818 intuitus

229 1857 404 1923 οὕτως
425 1862 504 1922 εἰς
532 1860 631 1932 τὴν
666 1861 878 1929 σύναξιν
902 1864 1210 1935 ἐρχόμενον,
1239 1864 1382 1934 λέγω
1411 1865 1589 1937 αὐτῷ⁹
1628 1867 1804 1921 Ἀδελ-

230 1947 322 2013 φὲ,
361 1947 427 2000 οὐ
465 1947 680 2017 βλέπεις
716 1952 835 2014 τοὺς
863 1951 1146 2022 ἀδελφοὺς,
1176 1952 1294 2016 πῶς
1319 1955 1455 2006 εἰσιν
1480 1953 1555 2017 ὼς
1579 1953 1801 2023 ἄγγελοι.

225 2039 311 2101 είς
329 2037 436 2111 τὴν
462 2039 679 2105 σύναξιν
707 2043 763 2094 ὲν
787 2044 849 2113 τῇ
875 2042 1169 2114 ἐκκλησίας
1196 2042 1311 2107 πῶς
1349 2044 1415 2097 σὺ
1453 2045 1682 2098 πάντοτε
1705 2044 1800 2098 οὓ-

223 2146 341 2193 τως
368 2130 502 2202 ἔρχῃ
527 2123 624 2184 ὧδε
641 2131 719 2197 ";
757 2133 817 2186 Ὀ
843 2133 901 2186 δὲ
934 2132 1058 2204 ἔφη·
1085 2134 1442 2205 Συγχώρησόν
1482 2152 1592 2205 μοι,
1633 2135 1796 2201 assa,

223 2221 311 2275 ὅτι
354 2223 456 2274 οὐκ
492 2222 598 2293 ἔχω
630 2223 784 2277 ἄλλα.
828 2225 1058 2278 Ἔλασον
1089 2221 1181 2279 οὖν
1211 2225 1374 2280 αὑτὸν
1412 2227 1470 2280 ὲν
1498 2225 1576 2297 τῷ
1604 2226 1798 2298 κελλίῳ

228 2328 352 2381 μου,
383 2314 475 2366 καὶ
506 2314 682 2368 ἔδωκα
711 2316 859 2387 αὐτῷ
887 2313 1151 2370 λεϐίτωνα
1188 2317 1283 2370 καὶ⁸
1311 2318 1364 2371 εί
1385 2334 1437 2371 τι
1472 2317 1602 2372 ἄλλο
1630 2316 1796 2391 ἔχρῃ-

225 2399 305 2464 ζε·
335 2401 433 2454 καὶ⁹
468 2402 653 2473 ἐφόρει
685 2403 869 2460 λοιπὸν
896 2406 970 2468 ὡς
1006 2405 1098 2459 καὶ
1131 2408 1179 2459 οἱ
1215 2405 1390 2459 λοιποὶ
1427 2406 1666 2476 ἀδελφοὶ,
1702 2408 1796 2462 καὶ

222 2485 288 2559 ἦν
332 2489 462 2543 ἰδεῖν
513 2492 673 2545 αὑτὸν
704 2494 781 2557 ὡς
825 2495 1072 2564 ἄγγελον.
1116 2497 1359 2565 Ἐγένετο
1389 2497 1445 2550 δέ
1471 2514 1601 2551 ποτε
1639 2499 1797 2570 χρεία

221 2581 334 2641 τοῖς
381 2579 680 2652 Πατράσιν,
719 2585 1032 2638 ἀποστεῖλαι
1071 2585 1203 2639 δέκα
1248 2585 1508 2656 ἀδελφοὺς
1542 2587 1676 2658 πρὸς
1703 2588 1796 2641 τὸν

224 2668 452 2738 βασιλέα
489 2672 576 2726 διά
614 2690 736 2726 τινα
770 2675 978 2747 χρείαν·
1009 2677 1102 2729 καὶ
1125 2677 1456 2747 ἐψηφίσαντο
1493 2678 1588 2730 καὶ
1634 2678 1795 2731 αὐτὸν

225 2762 363 2830 μετὰ
401 2763 509 2816 τῶν
553 2765 888 2834 ὑπαγόντων.
944 2767 1032 2831 Ὠς
1063 2768 1118 2821 δὲ
1163 2769 1412 2838 ἤκουσεν,
1446 2769 1604 2824 ἔϐαλε
1640 2771 1796 2841 peta-

223 2868 369 2908 νοιαν
387 2856 502 2917 τοῖς
521 2858 788 2928 Πατράσι,
817 2858 1010 2926 λέγων’
1039 2859 1137 2912 Διὰ
1160 2861 1250 2913 τὸν
1276 2859 1471 2932 Κύριον
1501 2863 1792 2935 συγχωρή-

223 2942 350 2997 σατέ
379 2961 492 3015 μοι,
521 2947 604 2999 ὅτι
623 2947 805 3012 δοῦλός
824 2950 940 3021 εἰμί
965 2967 1107 3014 τινος
1136 2952 1371 3022 μεγάλου
1399 2953 1507 3006 τῶν
1539 2954 1674 3007 ὲκεῖο
1698 2955 1792 3008 καὶ

221 3036 311 3091 ἐὰν
336 3039 582 3111 γνωρίσῃ
617 3055 705 3109 με,
740 3040 1168 3112 ἀποσχηματίζει
1203 3060 1290 3114 με,
1326 3043 1418 3097 καὶ
1451 3043 1606 3116 φέρει
1629 3044 1791 3099 πάλιν
1818 3067 1861 3125 C

220 3129 296 3189 είς
325 3128 392 3181 τὸ
420 3128 692 3184 δουλεύειν
723 3130 890 3202 αὐτῷ.
936 3132 1090 3186 Μετὰ
1127 3130 1219 3187 οὖν
1247 3133 1309 3187 τὸ
1340 3135 1626 3206 πεισθῆναι
1666 3137 1793 3201 τοὺς

218 3216 492 3289 Πατέρας,
539 3218 635 3272 καὶ
684 3219 899 3290 ἀφεῖναι
928 3222 1111 3289 αὐτὸν,
1141 3223 1340 3295 ἔμαθον
1379 3225 1600 3298 ὕστερον
1641 3229 1794 3300 παρά

217 3321 358 3371 τινος
389 3307 633 3380 ἀκριϐῶς
658 3311 1018 3383 ἐπισταμένου
1058 3313 1242 3378 αὑτὸν,
1267 3316 1357 3370 ’ὅτι
1403 3317 1490 3370 ὅτε
1531 3313 1600 3389 ἦν
1628 3318 1686 3371 ἐν
1712 3319 1792 3390 τῷ

215 3398 428 3470 κόσμῳ,
485 3401 721 3474 ἔπαρχος
778 3405 1126 3477 πραιτωρίων
1178 3408 1410 3479 ὑπῆρχεο
1455 3409 1550 3463 καὶ
1587 3411 1674 3465 ἵνα
1715 3410 1790 3483 μὴ

212 3491 455 3563 γνωσθῇ,
502 3494 595 3547 καὶ
621 3493 840 3565 ὄχλησιν
869 3496 1002 3569 εὕρῃ
1042 3499 1106 3551 ἐκ
1145 3498 1252 3552 τῶν
1275 3497 1596 3569 ἀνθρώπων,
1633 3500 1791 3556 τοῦτο

211 3583 640 3654 προεφασίσατο.
697 3587 944 3658 Τοσαύτη
993 3583 1062 3659 ἦν
1115 3590 1313 3662 σπουδὴ
1359 3594 1472 3655 τοῖς
1520 3592 1787 3664 Πατράσι,

212 3675 439 3745 φεύγειν
483 3676 584 3750 τὴν
619 3676 775 3742 δόξαν
824 3678 918 3732 καὶ
957 3678 1059 3750 τὴν
1111 3680 1416 3736 ἀνάπαυσιν
1454 3681 1548 3736 τοῦ
1581 3683 1788 3754 κόσμου

209 3765 424 3822 τούτου.
1600 3780 1601 3783 “

599 4033 738 4102 Περὶ
758 4033 867 4088 τοῦ
894 4032 1044 4089 ἀϐσᾶ
1073 4036 1398 4105 Καρίωνος.

276 4149 345 4202 a'.
370 4138 539 4197 Εἶπεν
557 4146 586 4198 ό
605 4145 780 4208 assa;
799 4147 1023 4218 Καρίων
1051 4148 1186 4222 (70),
1209 4150 1291 4203 ὅτι
1328 4151 1564 4216 Πολλοὺς
1585 4154 1784 4221 κόπους

205 4235 506 4307 ἐποίησαί,
562 4237 723 4291 πλέον
764 4239 859 4294 τοῦ
913 4240 1030 4294 υίοῦ
1062 4259 1162 4312 μου
1201 4243 1490 4316 Ζαχαρίου,
1541 4247 1635 4299 καὶ
1685 4248 1785 4301 οὐκ

1903 1847 2009 1904 hoc
2054 1849 2239 1905 habitu
2283 1861 2595 1923 pergentem
2630 1853 2698 1906 ad
2733 1853 3037 1916 collectam,
3069 1853 3192 1908 dico
3219 1852 3265 1908 ei
3302 1873 3314 1907 :
3342 1851 3476 1907 Fra-

1903 1947 2007 2002 ter,
2045 1954 2226 1996 nonne
2250 1941 2403 1997 vides
2443 1942 2674 2006 fratres,
2706 1944 2978 2013 quomodo
3009 1944 3074 1999 ad
3128 1945 3376 2016 synaxim
3419 1946 3472 2000 in

1901 2030 2130 2086 ecclesia
2165 2032 2380 2086 adstant
2412 2034 2558 2087 velut
2603 2035 2822 2104 angeli?
2854 2036 2972 2102 Qua
3019 2037 3229 2090 ratione
3262 2046 3319 2090 tu
3357 2053 3475 2091 om-

1900 2121 2032 2175 nino
2081 2121 2188 2176 huc
2237 2122 2456 2178 accedis
2506 2125 2572 2178 ad
2629 2125 2776 2180 hunc
2821 2125 3081 2180 modum?
3110 2127 3178 2179 At
3219 2127 3309 2181 ille
3348 2128 3470 2180 ait:

1900 2212 2127 2282 ignosce
2159 2213 2314 2282 mihi,
2339 2215 2499 2282 abba,
2529 2217 2665 2271 alias
2695 2225 2874 2272 vestes
2903 2233 3011 2272 non
3039 2217 3230 2272 habeo.
3256 2218 3474 2273 Assum-

1899 2305 1986 2376 psi
2032 2321 2162 2377 ergo
2200 2322 2325 2361 eum
2371 2307 2427 2362 in
2457 2309 2648 2363 cellam
2698 2323 2907 2375 meam,
2940 2316 2995 2364 et
3033 2308 3154 2364 dedi
3186 2309 3470 2364 leritonem

1899 2412 2024 2452 cum
2084 2398 2300 2453 caeteris
2369 2401 2572 2470 quibus
2632 2401 2955 2471 indigebat:
3013 2400 3153 2456 unde
3218 2400 3473 2471 deinceps

1897 2487 2120 2543 indutus
2165 2499 2282 2545 erat
2323 2491 2466 2545 sicut
2512 2491 2706 2560 reliqui
2742 2491 2975 2554 fratres;
3003 2501 3057 2546 et
3091 2506 3315 2546 cernere
3355 2499 3474 2546 erat

1897 2594 2020 2634 eum
2051 2581 2198 2635 velut
2243 2582 2516 2651 angelum.
2549 2581 2787 2654 Conligit
2845 2591 3024 2637 autem
3076 2583 3369 2651 aliquando
3413 2589 3474 2636 ut

1898 2684 2123 2725 necesse
2149 2679 2294 2726 esset
2320 2671 2576 2727 Patribus
2628 2674 2815 2728 decem
2850 2674 3046 2727 fratres
3085 2674 3149 2726 ad
3180 2675 3472 2743 imperato-

1897 2778 2009 2818 rem
2033 2763 2247 2818 mittere
2264 2763 2336 2817 ob
2353 2764 2572 2834 aliquod
2602 2767 2873 2834 negotium
2900 2781 2914 2830 ;
2951 2773 3114 2834 atque
3143 2765 3286 2818 hunc
3305 2767 3470 2819 etiam

1894 2853 2252 2908 decreverunt
2295 2868 2420 2909 cum
2466 2855 2588 2910 aliis
2623 2871 2864 2925 pergere.
2903 2855 3059 2921 Quod
3105 2856 3196 2909 ubi
3240 2855 3466 2920 audivit,

1894 2961 2076 3000 coram
2118 2943 2375 3002 Patribus
2412 2947 2704 3016 prostravit
2733 2961 2813 3009 se,
2839 2946 3029 3000 dicens
3062 2961 3076 2998 :
3107 2943 3336 3013 Propter
3364 2943 3469 2997 Do-

1895 3037 2135 3101 minum,
2183 3037 2450 3108 ignoscite
2496 3037 2665 3102 mihi;
2713 3052 2834 3092 sum
2883 3037 3028 3092 enim
3077 3036 3366 3106 cujusdam
3400 3049 3467 3089 ex

1894 3131 2032 3184 aulae
2061 3130 2381 3199 proceribus
2428 3145 2653 3196 servus;
2689 3131 2783 3199 qui
2831 3132 2874 3185 si
2922 3129 3202 3200 agnoverit
3230 3143 3335 3194 me,
3367 3127 3466 3181 ba-

1893 3218 2009 3274 bitu
2058 3223 2313 3277 monachi
2361 3222 2649 3293 spoliabit,
2684 3231 2945 3293 cogetque
2995 3221 3062 3276 ad
3115 3223 3310 3275 iterum
3349 3235 3468 3276 ser-

1893 3311 2151 3367 viendum
2187 3313 2258 3367 ei.
2307 3311 2443 3368 Cum
2487 3313 2652 3383 igitur
2677 3310 2867 3366 Patres
2913 3311 3162 3381 persuasi
3205 3309 3464 3376 fuissent,

1891 3417 1956 3458 ac
1984 3402 2322 3458 dimisissent
2357 3419 2480 3458 eum
2501 3443 2514 3466 ,
2549 3411 2732 3473 postea
2767 3418 2861 3473 per
2895 3403 3180 3473 quemdam
3211 3403 3301 3456 cui
3332 3403 3468 3458 bene

1890 3502 2050 3550 notus
2098 3502 2216 3549 crat
2258 3502 2680 3564 compererunt,
2717 3495 2862 3564 quod
2897 3495 3115 3565 quando
3163 3494 3216 3548 in
3266 3495 3466 3550 steculo

1889 3584 2147 3655 degebat,
2183 3585 2471 3653 praefectus
2502 3585 2758 3653 praetorio
2798 3586 3130 3653 exstitisset;
3161 3601 3345 3640 verum
3396 3602 3466 3642 ne

1889 3685 2334 3746 cognosceretur,
2374 3683 2537 3744 atque
2583 3675 2885 3729 molestiam
2929 3692 2994 3731 ex
3029 3677 3337 3731 hominibus
3367 3692 3462 3731 ca-

1889 3773 2075 3836 peret,
2134 3765 2190 3820 id
2247 3773 2634 3836 praetexuerat.
2680 3764 2853 3820 Tanto
2905 3765 3097 3822 Patres
3143 3768 3464 3822 tenebantur

1887 3860 2070 3916 studio
2094 3858 2334 3929 fugiendi
2363 3866 2477 3913 tum
2498 3858 2749 3930 gloriam,
2771 3866 2885 3912 tum
2911 3857 3140 3928 hujusce
3168 3859 3354 3913 mundi
3378 3875 3462 3916 re-

1887 3953 2090 4023 quiem.

2385 4045 2462 4099 De
2491 4044 2681 4098 abbate
2713 4041 2958 4098 Carione.

1957 4155 2006 4209 l.
2048 4155 2160 4225 (7i)
2203 4154 2346 4209 Dixit
2379 4154 2550 4210 abbas
2579 4153 2742 4208 Cario
2772 4171 2785 4207 ε
2821 4151 2992 4207 Multo
3025 4151 3210 4222 plures
3251 4151 3306 4206 in
3350 4151 3458 4207 vir-

1885 4253 2000 4298 tute
2045 4245 2262 4300 labores
2300 4243 2517 4314 suscepi
2552 4257 2715 4313 quam
2754 4242 2896 4298 filius
2942 4257 3109 4308 meus,
3139 4241 3455 4307 Zacharias,

202 4327 417 4398 ἔφθασα
445 4329 526 4393 είς
562 4329 630 4384 τὰ
659 4331 830 4403 μέτρα
854 4333 1042 4398 αὐτοῦ,
1065 4335 1122 4386 ὲν
1146 4337 1212 4408 τῇ
1245 4336 1572 4391 ταπεινώσει
1603 4338 1696 4392 καὶ
1725 4340 1782 4393 ἐν

1894 4349 1986 4390 nec
2011 4335 2078 4390 ad
2094 4334 2216 4404 ejus
2241 4334 2560 4390 meritorum
2592 4347 2908 4388 mensuram
2938 4331 3177 4402 perveni,
3197 4332 3252 4386 in
3278 4331 3458 4387 humi-

200 4421 266 4490 τῇ
289 4423 475 4491 σιωπῇ
501 4420 686 4477 αὐτοῦ.

271 4507 341 4578 β’.
377 4507 573 4576 Γέγονέ
592 4527 674 4574 τις
701 4511 758 4565 ὲν
779 4515 844 4583 τῇ
873 4512 1070 4584 Σκήτει
1093 4515 1342 4586 μοναχὸς,
1365 4516 1539 4582 esse;
1559 4518 1779 4590 Καρίων

198 4598 516 4670 λεγόμενος.
547 4595 714 4666 Οὗτος
739 4603 988 4676 ἐσχηκὼς
1011 4604 1107 4659 δύο
1137 4607 1322 4671 τέκνα,
1352 4608 1517 4672 ἐάσας
1547 4611 1684 4665 αὐτὰ
1710 4613 1776 4683 τῇ

201 4693 311 4765 ἰδίᾳ
337 4695 580 4762 γυναικὶ,
610 4693 943 4766 ἀνεχώρησε.
975 4697 1124 4752 Μετὰ
1161 4699 1220 4752 δὲ
1256 4701 1466 4770 καιρὸν,
1496 4701 1650 4773 λιμοῦ
1681 4719 1776 4771 γε-

197 4785 428 4855 νομένου
468 4787 527 4838 ὲν
559 4788 626 4857 τῇ
662 4787 940 4860 Αίγύπτῳ,
984 4791 1308 4845 στενωθεῖσα
1343 4794 1377 4865 ἡ
1411 4794 1544 4864 γυνὴ
1591 4794 1776 4859 αὑτοῦ,

195 4869 360 4944 ἦλθεν
389 4879 446 4929 ὲν
477 4880 543 4948 τῇ
576 4878 772 4951 Σκήτει
798 4879 1036 4951 φέρουσα
1061 4881 1130 4935 τὰ
1159 4881 1250 4936 δύο
1289 4884 1478 4938 παιδία
1507 4885 1628 4956 μεθ’
1651 4887 1777 4938 ἐαυ-

195 4965 293 5034 τῆς
323 4961 415 5038 (ἦν
447 4968 502 5022 δὲ
524 4968 587 5022 τὸ
618 4970 676 5024 ἓν
700 4972 988 5043 ἀρρενικὸν
1017 4974 1307 5052 λεγόμενον
1351 4976 1640 5047 Ζαχαρίας,
1681 4977 1776 5031 καὶ

194 5057 254 5110 τὸ
276 5057 335 5109 ἓν
361 5057 636 5130 θηλυκὸν),
671 5063 767 5115 καὶ
801 5061 1068 5116 καθίσασα
1098 5055 1378 5135 πόρρωθεν
1397 5064 1490 5117 τοῦ
1522 5065 1775 5134 γέροντος

194 5147 250 5198 ὲν
273 5147 354 5217 τῷ
383 5147 516 5201 ἕλει·
553 5149 673 5215 ἕλος
699 5151 808 5223 γὰρ
841 5153 1172 5223 παράκειται
1203 5155 1262 5207 ὲν
1290 5156 1356 5223 τῇ
1395 5154 1608 5223 Σκήτει,
1646 5152 1774 5207 ἔνθα

193 5239 286 5290 καὶ
333 5239 393 5290 αἱ
448 5239 734 5311 ἐκκλησίαι
784 5242 1178 5314 ᾠκοδόμηνται,
1218 5243 1312 5297 καὶ
1367 5245 1424 5296 αἱ
1457 5245 1630 5313 πηγαὶ
1668 5244 1775 5298 τῶν

260 5396 308 5428 ⁹⁹
345 5397 432 5470 Al.
477 5397 605 5453 add.
645 5399 850 5454 παλαιὰ
888 5401 1088 5470 φορῶν.

191 5477 375 5522 exul.
408 5469 464 5524 4.

259 5610 374 5675 (70)
418 5609 482 5664 '0
507 5610 692 5677 ἁσϐᾶς
714 5614 964 5687 Καρίων.
998 5614 1263 5687 Corrupto
1309 5615 1449 5687 apud
1488 5614 1764 5686 Pelagium

194 5679 543 5751 interpretem
573 5679 806 5737 vocatur
835 5681 1121 5752 Serapion.

1205 5402 1219 5430 ¹
1278 5402 1362 5455 ΑΙ.
1398 5403 1566 5456 inscr.
1607 5402 1972 5473 σωματικούς.

1813 4401 1856 4456 D
1886 4427 2040 4481 litate
2059 4434 2114 4482 et
2126 4401 2363 4482 silentio
2392 4425 2586 4494 ipsius.

1952 4517 2007 4572 2.
2047 4515 2158 4586 (72)
2194 4515 2414 4571 Exstitit
2449 4515 2502 4569 in
2541 4514 2687 4570 Sceti
2727 4513 2946 4584 quidam
2989 4511 3317 4578 monachus,
3359 4526 3456 4565 no-

1885 4610 2030 4664 mine
2067 4607 2238 4662 abbas
2259 4605 2441 4661 Cario.
2479 4605 2582 4660 Hic
2625 4605 2764 4660 duos
2795 4605 2994 4659 liberos
3029 4618 3151 4657 cum
3179 4603 3455 4671 suscepis-

1885 4709 1999 4763 set,
2040 4699 2354 4768 relinquens
2388 4712 2484 4752 eos
2521 4697 2676 4751 uxori
2709 4711 2848 4760 suae,
2887 4694 2955 4748 ad
2987 4694 3150 4747 vitam
3195 4691 3456 4746 monasti-

1883 4806 2004 4844 cam
2046 4790 2295 4846 secessit.
2343 4787 2539 4843 Postea
2587 4787 2728 4841 fame
2770 4801 2866 4856 per
2899 4784 3189 4855 .IEgyptum
3239 4783 3454 4836 contin-

1881 4891 2063 4954 gente,
2093 4882 2159 4935 ad
2189 4881 2471 4952 angustias
2502 4878 2718 4933 redacta
2752 4893 2890 4934 uxor
2910 4877 3051 4948 ejus,
3085 4876 3282 4930 Scetim
3305 4875 3454 4928 venit

1881 4987 2006 5026 cum
2042 4971 2258 5026 duobus
2292 4970 2479 5026 liberis
2508 4986 2523 5023 :
2552 4982 2784 5039 quorum
2831 4983 2974 5023 unus
3019 4981 3136 5020 mas
3167 4973 3312 5029 erat,
3349 4961 3445 5018 Za-

1880 5063 2096 5117 charias
2145 5063 2355 5125 dictus,
2406 5063 2544 5116 alter
2595 5059 2818 5114 femina.
2871 5058 2935 5112 Et
2980 5056 3198 5113 sedebat
3221 5056 3377 5126 longe
3420 5070 3450 5107 a

1881 5170 2011 5209 sene
2063 5155 2117 5208 in
2173 5154 2406 5224 palude;
2456 5153 2612 5223 palus
2663 5153 2809 5207 enim
2866 5151 3078 5221 adjacet
3127 5149 3306 5211 Sceti,
3358 5148 3449 5202 ubi

1878 5245 2126 5300 ecclesia:
2151 5244 2431 5300 aedificata
2461 5253 2590 5300 sunt
2617 5255 2672 5300 et
2709 5244 2884 5300 fontes
2923 5241 3253 5299 scaturiunt.
3278 5239 3450 5294 Porro

2073 5404 2094 5433 ’
2140 5401 2329 5456 Matth.
2361 5416 2483 5467 xm,
2514 5403 2601 5455 Η.
2702 5401 2723 5432 ³
2753 5399 2915 5455 Hebr.
2947 5417 3042 5465 xu,
3067 5400 3121 5455 2.
3233 5399 3255 5432 ⁵
3298 5396 3445 5456 Psal.

1949 5612 2056 5674 l7l)
2103 5611 2203 5665 Vit.
2242 5607 2392 5665 Patr.
2428 5627 2515 5673 xv,
2549 5610 2636 5664 16.

1944 5683 2056 5754 (7’2)
2105 5679 2341 5738 Viridar.
2379 5681 2599 5747 Radcri,
2630 5695 2712 5748 ιιι,
2745 5680 2799 5746 6,
2830 5678 2882 5741 1.
