4036 6202
535 255 637 310 251

1693 255 2038 312 ΑΡΡΕΝΟΙΧ
2078 257 2165 314 AD
2203 255 2629 319 PALLADIUM.

3657 258 3760 312 εδει

531 367 642 422 bzec
674 366 728 420 in
757 364 898 420 Secti
939 365 1277 420 consuetudo
1303 367 1624 434 invaluerat,
1655 376 1714 422 ut
1754 371 1799 426 si
1833 387 2097 426 accessus-

2206 375 2404 429 ύδάτων
2441 374 2566 430 είσί.
2612 372 2874 444 Συνήθεια
2905 372 2960 425 δὲ
2994 371 3214 441 τοιαύτη
3246 364 3314 442 ἦν
3350 371 3408 424 ὲν
3438 374 3507 442 τῇ
3545 370 3758 440 Σκήτει,

529 465 612 512 set
640 456 832 509 mulier
858 452 924 507 ad
957 453 1283 523 loquendum
1321 456 1472 510 fratri
1495 457 1576 512 vel
1599 457 1754 512 alteri
1787 459 2098 515 necessario

529 562 649 610 suo,
682 545 868 614 procul
898 545 1127 600 invicem
1160 545 1411 602 sedentes
1446 549 1885 619 colloquerentur
1921 569 1934 604 :
1969 557 2099 605 tunc

529 637 723 691 mulier
749 637 825 690 ait
869 638 1050 693 abbati
1096 639 1356 695 Carioni:
1396 639 1534 697 Ecce
1585 641 1761 698 factus
1808 659 1868 698 es
1915 659 2101 698 mona-

527 739 687 795 enus,
728 740 780 784 rt
816 731 987 785 latntes
1021 733 1227 786 evenit.
1264 731 1398 798 Quis
1425 749 1554 805 ergo
1579 734 1687 789 alet
1715 734 1916 791 liberos
1943 735 2098 790 tuos?

528 822 832 893 Respondit
858 823 1028 881 abbas
1059 823 1223 879 Cario
1251 843 1263 878 :
1301 821 1426 881 lllos
1455 827 1586 882 mihi
1616 827 1723 882 huc
1759 829 1927 882 mitte.
1965 828 2102 884 Dicit

528 913 724 967 mulier
763 913 995 970 liberis:
1043 912 1205 969 Abite
1247 914 1313 969 ad
1363 925 1567 985 patrem
1606 923 1868 972 vestrum.
1916 915 2102 988 Itaque

526 1010 789 1057 venerunt
819 1002 883 1057 ad
916 1012 1120 1073 patrem
1150 1018 1347 1071 suum;
1384 1005 1477 1060 sed
1511 1021 1631 1076 quae
1667 1005 1863 1062 femina
1894 1015 2009 1061 erat
2034 1006 2101 1062 ad

525 1101 755 1148 matrem
799 1109 1014 1149 reversa
1045 1102 1149 1158 est,
1184 1109 1302 1149 mas
1340 1109 1468 1149 VCI‘O
1517 1096 1718 1151 mansit
1755 1113 1878 1151 cum
1929 1103 2099 1166 patre.

530 1183 683 1238 Tunc
727 1185 792 1238 ad
829 1201 1053 1240 uxorem
1084 1203 1098 1240 :
1133 1185 1302 1250 Ecce,
1351 1185 1549 1257 inquit,
1595 1188 1730 1243 bene
1769 1196 1946 1244 actum
1981 1197 2100 1255 est;

531 1276 717 1346 accipe
749 1284 806 1330 tu
857 1278 1112 1346 puellam,
1154 1285 1208 1331 et
1249 1278 1373 1341 abi,
1423 1294 1524 1349 ego
1567 1293 1794 1350 puerum
1838 1279 2098 1333 retinebo.

530 1365 817 1422 Nutriebat
860 1369 1025 1438 igitur
1060 1383 1182 1422 eum
1231 1367 1284 1422 in
1339 1368 1518 1434 Sceti,
1551 1369 1765 1424 cunctis
1807 1369 2103 1424 scientibus

529 1459 674 1530 quod
714 1468 860 1515 esset
902 1461 1048 1516 illius
1087 1460 1252 1516 (ilius.
1288 1459 1359 1515 Ut
1396 1468 1575 1516 autem
1623 1462 1891 1531 processit
1926 1469 2101 1528 aetate,

530 1559 708 1606 ortum
736 1559 818 1608 est
857 1551 925 1607 de
971 1566 1038 1607 eo
1080 1566 1328 1606 murmur
1370 1551 1424 1604 in
1461 1550 1817 1607 fraternitate.
1848 1552 1967 1619 Quo
2008 1569 2103 1606 auo

529 1641 645 1695 dito
673 1641 840 1696 abbas
867 1640 1031 1696 Cario
1063 1640 1229 1694 tilium
1263 1641 1344 1696 sic
1380 1640 1650 1696 allocutus
1676 1651 1759 1695 est
1784 1657 1798 1695 :
1819 1642 2100 1708 Zacliaria,

2201 465 2286 517 ἵνα
2319 464 2446 537 ἔλθῃ
2473 464 2629 533 γυνὴ,
2661 463 2890 533 λαλῆσαι
2931 463 3142 534 ἀδελφῷ
3179 464 3366 534 αὐτῆς,
3399 463 3433 533 ἢ
3477 463 3620 533 ἄλλῳ
3650 462 3761 516 διαο

2200 556 2413 627 φέροντι
2442 555 2599 626 αὐτῇ,
2629 554 2735 607 ἀπὸ
2768 555 3037 627 μακρόθεν
3062 554 3435 625 καθεζομένων
3464 553 3642 606 αὐτῶν
3669 555 3763 606 ἀπ’

2201 643 2440 714 ἀλλήλων
2455 644 2715 714 ὁμιλῶσιν
2731 643 2996 714 ἀλλήλοις.
3015 643 3145 698 Τότε
3163 644 3307 712 λέγει
3327 646 3360 716 ἡ
3378 643 3511 713 γυνὴ
3533 644 3607 713 τῷ
3623 645 3766 714 ἀὸϐᾷ

2199 734 2458 806 Καρίωνι·
2508 735 2635 788 Ἰδοὺ
2677 735 2903 802 γέγονας
2945 735 3190 805 μοναχὸς,
3216 736 3308 788 καὶ
3340 734 3496 804 λιμός
3523 737 3655 786 ἐστι·
3683 735 3766 798 τίς

2199 822 2291 880 οὖν
2311 825 2496 897 τρέφει
2524 825 2590 878 τὰ
2610 825 2773 878 τέκνα
2798 843 2887 878 σου
2905 842 2919 891 ;
2942 826 3103 894 Λέγει
3125 825 3258 895 αὐτῇ
3279 827 3307 878 6
3333 824 3503 889 ἀ66ᾶς
3521 826 3764 895 Καρίωνο

2200 917 2310 971 Kal
2357 917 2671 971 ἀπόστειλόν
2712 935 2801 989 μοι
2847 917 2986 972 αύτά
3025 911 3148 972 ὧδε.
3196 917 3358 986 Λέγει
3400 919 3434 987 ἡ
3476 917 3613 986 γυνὴ
3655 921 3768 980 τοῖς

2201 1009 2428 1072 τέκνοις·
2477 1007 2761 1062 ’Δπέλθετε
2797 1007 2932 1080 πρὸς
2967 1009 3056 1062 τὸν
3100 1009 3311 1078 πατέρα
3358 1008 3530 1079 ὑμῶν.
3581 1009 3766 1078 Ἐρχο-

2206 1097 2379 1166 μένων
2399 1091 2489 1150 οὖν
2514 1097 2689 1152 αὐτῶν
2716 1098 2851 1170 πρὸς
2881 1099 2972 1152 τὸν
2994 1099 3204 1169 πατέρα
3230 1099 3430 1163 αὐτῶν,
3453 1099 3513 1151 τὸ
3537 1097 3765 1168 θηλυκὸν

2203 1190 2506 1262 ὑπέστρεψε
2539 1189 2675 1263 πρὸς
2699 1191 2798 1262 τὴν
2831 1192 3043 1263 μητέρα
3076 1190 3261 1255 αὐτοῦ,
3295 1189 3353 1244 τὸ
3383 1190 3439 1243 δὲ
3481 1191 3766 1260 ἀρρενικὸν

2201 1276 2333 1352 ἦλθε
2366 1283 2498 1354 πρὸς
2527 1283 2618 1337 τὸν
2650 1284 2778 1338 εδιον
2811 1283 3043 1356 πατέρα.
3085 1283 3217 1336 Τότε
3249 1282 3398 1352 λέγει
3434 1282 3592 1352 αύτῇ’
3635 1282 3768 1334 Ἰδοὺ

2204 1371 2383 1437 καλῶς
2401 1374 2632 1442 ἐγένετο⁸
2661 1375 2790 1429 λάϐε
2823 1376 2887 1429 σὺ
2916 1375 2978 1428 τὸ
2993 1374 3222 1444 θηλυκὸν
3252 1374 3346 1426 καὶ
3369 1371 3586 1437 ἄπελθε,
3615 1371 3769 1438 κάγὼ

2203 1463 2264 1516 τὸ
2315 1464 2621 1536 ἀρῤενικόν.
2672 1465 2993 1535 Ἀνέτρεφεν
3041 1459 3132 1516 οὖν
3181 1459 3312 1515 αὐτὸ
3355 1463 3412 1513 ὲν
3444 1463 3509 1530 τῇ
3553 1461 3764 1530 Σκήτει,

2207 1553 2421 1608 πάντων
2450 1553 2663 1608 εἰδότων
2697 1554 2778 1608 ὅτι
2807 1554 2997 1607 τέκνον
3041 1551 3202 1606 αὑτοῦ
3241 1553 3406 1604 ἐστιν.
3449 1551 3535 1612 Ὠς
3565 1549 3622 1602 δὲ
3654 1550 3767 1619 ὴλιο

2205 1646 2328 1708 κίας
2367 1647 2385 1677 ⁸
2416 1646 2627 1714 γέγονε,
2659 1645 2969 1716 γογγυσμὸς
3005 1645 3216 1713 ἐγένετο
3251 1645 3307 1696 ἐν
3338 1645 3405 1713 τῇ
3449 1641 3767 1710 ἀδελφότητι

531 1744 718 1800 surge,
779 1729 1039 1783 abeamus
1098 1728 1257 1794 hinc,
1309 1728 1438 1798 quia
1494 1741 1836 1784 murmurant
1894 1729 2102 1786 Patres.

2207 1737 2334 1806 περὶ
2364 1707 2547 1790 αὐτού.
2578 1707 2685 1790 Kal
2710 1707 3006 1800 a'at'odaagv6
3045 1707 3216 1798 ἀὸϐᾶς
3247 1707 3486 1806 Καρίων,
3515 1707 3660 1800 λέγει

529 1817 666 1873 Tum
718 1819 766 1874 ei
813 1835 995 1890 puer:
1029 1821 1216 1887 Abba,
1254 1821 1437 1874 cuncti
1479 1821 1566 1875 hic
1613 1831 1816 1875 norunt
1859 1838 1943 1876 me
1985 1838 2106 1878 esse

531 1909 700 1965 tilium
727 1919 914 1976 tuum;
953 1911 1001 1967 si
1036 1911 1102 1966 ad
1143 1911 1307 1966 alium
1338 1912 1516 1966 locum
1549 1915 1966 1982 perrexerimus,
1998 1929 2104 1968 non

530 2003 804 2058 habebunt
831 2003 1014 2058 dicere
1045 2000 1189 2073 quod
1228 2001 1370 2057 ﬁlius
1408 2012 1534 2058 tuus
1572 2003 1695 2056 sim.
1733 2003 1868 2056 Tum
1900 2018 2103 2057 senex:

533 2093 726 2163 Surge,
766 2093 1135 2149 discedamus.
1168 2092 1232 2146 Et
1265 2094 1317 2146 in
1350 2093 1678 2148 Thebaidem
1709 2093 2102 2163 profcctisuut.

531 2182 634 2239 Ubi
685 2199 810 2238 cum
861 2192 1082 2254 accepta
1132 2183 1268 2239 cella
1320 2199 1523 2253 paucos
1577 2183 1692 2238 dies
1743 2184 2102 2244 mansissent,

530 2275 641 2330 illic
670 2290 887 2346 quoque
937 2275 1079 2330 idem
1115 2288 1363 2330 murmur
1413 2274 1480 2327 de
1527 2289 1693 2343 puero
1721 2281 1967 2325 exortum
1997 2277 2100 2323 est.

529 2366 672 2421 Dicit
714 2368 765 2421 ei
807 2378 935 2422 tunc
970 2373 1124 2436 pater
1163 2367 1282 2434 ejus
1327 2384 1339 2418 :
1384 2363 1667 2421 Zacharia,
1704 2377 1884 2430 surge,
1920 2361 2103 2415 redea—

529 2473 652 2513 mus
682 2458 748 2510 ad
783 2457 1006 2510 Scetim.
1055 2454 1175 2519 Quo
1205 2454 1314 2507 illis
1345 2451 1796 2516 adventantibus,
1830 2461 1953 2521 post
1988 2452 2104 2509 dies

528 2561 732 2615 paucos
761 2546 955 2597 iterum
989 2543 1056 2597 de
1084 2541 1273 2595 eodem
1305 2554 1553 2594 murmur
1582 2539 1784 2594 factum
1820 2550 1923 2595 est.
1953 2540 2104 2594 Tunc

530 2634 826 2690 Zacharias
856 2649 1015 2705 puer,
1043 2633 1322 2704 profectus
1351 2631 1419 2685 ad
1461 2641 1712 2701 stagnum
1745 2624 1899 2696 nitri,
1925 2632 2104 2686 exutis

530 2726 812 2792 vestibus,
869 2726 924 2779 in
980 2724 1114 2780 illud
1161 2723 1484 2787 descendit,
1532 2723 1904 2794 immersitque
1937 2739 1997 2778 se
2037 2724 2104 2778 ad

534 2832 695 2872 nares
722 2832 931 2886 usque;
968 2823 1022 2871 et
1053 2830 1176 2869 cum
1205 2814 1454 2870 durasset
1485 2829 1580 2884 per
1610 2815 1838 2868 multum
1871 2824 2102 2885 tempus,

533 2907 782 2979 quandiu
809 2907 1021 2962 scilicet
1044 2905 1243 2974 potuit,
1271 2903 1505 2960 confecit
1535 2904 1876 2975 abolevitque
1904 2919 2103 2972 corpus

2204 1824 2379 1896 τέκνῳ
2413 1824 2595 1880 αὐτοῦ’
2619 1827 2881 1898 Ζαχαρία,
2917 1824 3114 1896 ἔγειρε,
3142 1823 3363 1894 ἄγωμεν
3387 1821 3656 1883 ἐντεῦθεν,
3686 1820 3769 1872 ὅτι

2206 1915 2561 1984 γογγύζουσιν
2601 1917 2648 1970 οί
2684 1917 2942 1990 Πατέρες.
2973 1917 3136 1984 Λέγει
3168 1915 3315 1986 αύτῷ
3344 1917 3372 1968 6
3397 1915 3606 1986 μικρόςο
3644 1913 3769 1966 Ἀϐ-

2208 2005 2296 2071 6ἄ,
2336 2006 2531 2070 πάντες
2556 2007 2759 2060 οἴδασιν
2786 2006 3015 2061 ἐνταῦθα
3042 2007 3124 2060 ὅτι
3152 2008 3264 2070 υίός
3299 2005 3390 2059 σού
3428 2007 3562 2077 εἰμι’
3597 2003 3689 2058 ὲάν
3712 2005 3771 2058 δὲ

2206 2096 2339 2166 ἄλλῃ
2363 2096 2700 2166 ἀπέλθωμεν,
2728 2098 2826 2150 οὐκ
2858 2097 3037 2168 έχουσι
3063 2097 3240 2166 λέγειν
3272 2097 3352 2150 ὅτι
3383 2097 3495 2160 υίός
3519 2095 3611 2149 σού
3634 2097 3768 2166 είμι.

2204 2186 2313 2238 Kal
2335 2186 2478 2254 λέγει
2503 2187 2648 2257 αύτῷ
2682 2190 2710 2239 6
2740 2189 2934 2256 γέρων·
2969 2189 3211 2259 Ἔγειρε,
3245 2190 3467 2258 ἄγωμεν
3497 2186 3770 2240 ἐντεῦθεν.

2204 2275 2312 2326 Kal
2341 2269 2578 2341 ἀπῆλθον
2607 2277 2663 2328 ὲν
2689 2279 2756 2347 τῇ
2784 2276 3026 2346 Θηϐαΐδι.
3070 2277 3156 2340 Ὠς
3188 2276 3242 2329 δὲ
3269 2276 3526 2339 λαθόντες
3560 2275 3774 2328 κελλίον

2205 2363 2461 2416 ἐκάθισαν
2503 2363 2685 2431 ὀλίγας
2723 2365 2954 2436 ἡμέρας,
2993 2366 3156 2418 κάκεῖ
3189 2367 3217 2417 6
3257 2365 3417 2428 αὐτὸς
3459 2363 3777 2434 γογγυσμὸς

2204 2451 2390 2519 γέγονε
2428 2452 2554 2521 περὶ
2585 2450 2678 2504 τοῦ
2714 2452 2943 2506 παιδίου.
2975 2453 3107 2506 Τότε
3154 2453 3300 2520 λέγει
3340 2453 3490 2522 αὐτῷ
3533 2453 3560 2504 6
3593 2453 3779 2523 πατὴρ

2204 2543 2389 2595 αύτοῦο
2420 2543 2684 2612 Ζαχαρία,
2725 2541 2924 2613 ἔγειρε,
2951 2543 3173 2613 ἄγωμεν
3209 2544 3266 2596 ὲν
3304 2545 3370 2614 τῇ
3409 2543 3624 2612 Σκήτει.
3663 2544 3778 2596 Καὶ

2205 2633 2462 2686 ἐλθόντων
2504 2633 2681 2686 αὐτῶν
2716 2633 2772 2684 ὲν
2817 2635 2884 2703 τῇ
2926 2635 3142 2704 Σκήτει,
3195 2634 3288 2686 καὶ
3322 2633 3518 2702 ὀλίγων
3551 2634 3777 2704 ἡμερῶν

2206 2723 2608 2796 παρελθουσῶν,
2641 2723 2802 2776 πάλιν
2837 2723 3145 2792 γογγυσμὸς
3177 2723 3388 2792 ἐγένετο
3430 2722 3556 2793 περὶ
3583 2723 3771 2776 αὐτοῦ.

2206 2815 2335 2869 Τότε
2370 2815 2641 2886 Ζαχαρίας
2669 2816 2698 2868 ό
2732 2814 2879 2878 παῖς,
2907 2811 3076 2866 ἐλθὼν
3106 2814 3184 2877 εἰς
3209 2812 3305 2884 τὴν
3337 2813 3530 2884 λίμνην
3567 2812 3658 2866 τοῦ
3694 2814 3778 2866 νί-

2203 2923 2355 2977 τρου,
2383 2906 2477 2958 καὶ
2499 2905 2922 2974 ἀποδυσάμενος,
2950 2902 3182 2974 κατῆλθε
3213 2903 3361 2955 κάτω
3385 2903 3539 2973 μέχρι
3568 2905 3664 2972 τῆς
3693 2905 3778 2973 ρι-

534 3015 693 3056 suum
740 3015 756 3054 :
801 2997 981 3054 factus
1024 2997 1166 3052 enim
1211 3003 1296 3051 est
1344 3007 1600 3067 tanquam
1647 2998 1914 3066 leprosus.
1962 2993 2103 3063 Ergo

2206 2997 2293 3060 νὸς
2318 2996 2481 3050 αὑτοῦ
2513 2995 2922 3059 καταδαπτίσας
2946 2995 3157 3047 ἑαυτόν·
3189 2995 3282 3048 καὶ
3319 2993 3504 3064 μείνας
3526 2995 3617 3044 ἐπὶ
3642 2991 3766 3044 πολι

532 3091 752 3147 rediens
769 3089 1001 3159 gestavit
1023 3088 1346 3144 vestimenta
1369 3103 1488 3150 sua,
1509 3087 1748 3156 abiitque
1774 3085 1840 3138 ad
1865 3094 2098 3153 patrem,

533 3196 565 3233 a
610 3196 720 3249 quo
766 3181 871 3233 vix-
905 3179 1128 3247 agnosci
1176 3177 1373 3245 potuit.
1411 3170 1676 3230 Cmterutn
1707 3191 1830 3227 cum
1877 3174 1944 3228 ad
1977 3189 2104 3229 san~

532 3277 676 3322 ctam
717 3268 1157 3322 communionem
1202 3267 1268 3321 de
1309 3281 1459 3318 more
1491 3263 1871 3334 processisset,
1901 3264 2109 3318 revela-

535 3369 650 3413 tum
693 3366 776 3412 est
801 3363 992 3413 sancto
1037 3354 1246 3410 Isidoro
1291 3352 1515 3406 Sccteos
1557 3353 1908 3422 presbytero,
1963 3352 2107 3422 quod

535 3451 736 3505 fecerat
763 3466 775 3502 :
811 3447 1066 3517 quocirca
1097 3445 1332 3499 intuitus
1361 3459 1508 3506 eum,
1540 3451 1595 3497 ct
1633 3443 1932 3498 admiratus
1954 3442 2104 3496 iniit:

537 3540 829 3594 Zacharias
870 3554 1004 3609 puer
1043 3536 1312 3607 superiori
1380 3533 1660 3588 Dominica
1693 3535 1840 3589 venit
1870 3543 1924 3590 et
1963 3550 2111 3589 com-

535 3634 849 3688 munionem
890 3630 1124 3701 sumpsit
1176 3630 1325 3682 velut
1375 3628 1568 3696 homo;
1619 3644 1763 3682 nunc
1814 3645 1941 3683 vero
1990 3640 2110 3683 lan-

535 3739 698 3795 quam
729 3723 954 3795 angelus
986 3721 1210 3777 elIectus
1240 3727 1345 3775 est.

1085 3922 1156 3978 De
1185 3923 1372 3977 abbate
1399 3921 1584 3991 Copre.

609 4045 660 4098 l.
703 4042 850 4096 Dixit
891 4040 1061 4095 abbas
1106 4037 1327 4097 Prnmen
1377 4036 1444 4091 de
1489 4037 1686 4092 abbate
1714 4037 1916 4106 Copre,
1966 4039 2110 4107 quod

536 4134 606 4190 ad
654 4142 861 4189 tantam
897 4137 1219 4201 pervenerat
1270 4128 1486 4184 virtutis
1543 4128 2009 4198 magnitudinem,
2054 4133 2113 4183 ut

538 4224 787 4293 quamvis
819 4229 1103 4292 aegrotaret
1130 4236 1196 4275 ac
1223 4221 1365 4274 lecto
1385 4221 1754 4282 decumberet,
1785 4229 1964 4275 tamen
1990 4236 2113 4291 gra-

539 4313 646 4369 tias
674 4319 876 4379 ageret,
910 4311 1286 4379 inhiberetque
1316 4313 1590 4380 propriam
1620 4312 1977 4367 voluntatem.

611 4397 668 4454 2.
709 4397 854 4452 Dixit
887 4398 1056 4453 abbas
1095 4400 1300 4468 Copres
1333 4417 1345 4452 :
1382 4401 1580 4456 Beatus
1611 4401 1706 4470 qui
1738 4416 1862 4455 cum
1911 4400 2110 4470 gratia-

540 4502 660 4545 rum
695 4487 905 4544 actione
936 4490 1132 4546 tolerat
1161 4493 1423 4551 laborem.

601 4580 662 4637 3.
703 4579 818 4650 (75)
855 4579 1179 4653 Congregati
1221 4593 1351 4638 sunt
1395 4583 1687 4654 aliquando
1731 4584 1824 4654 qui
1869 4583 1924 4640 in
1963 4581 2112 4639 Sceti

538 4671 826 4741 degebant,
849 4672 918 4728 ob
943 4675 1299 4742 quaestionem
1339 4674 1406 4730 de
1448 4675 1862 4738 Melchisedece,
1886 4683 1941 4730 et
1957 4674 2112 4728 obliti

539 4772 667 4819 sunt
697 4777 892 4818 vorare
917 4765 1167 4820 abbatem
1195 4765 1465 4837 Coprem;
1499 4774 1686 4836 postea
1711 4774 1892 4821 autem
1914 4773 2110 4821 vocato

537 4871 625 4918 eo,
659 4872 724 4910 ea
756 4857 823 4911 de
845 4872 904 4911 rc
943 4858 1367 4928 interrogabant.
1403 4858 1495 4915 Ille
1531 4874 1661 4916 vero
1689 4867 1772 4932 ter
1799 4860 2109 4928 percutiens

537 4963 602 5002 os
639 4962 798 5002 suum
818 4987 834 5012 ,
861 4947 1001 5002 dixit
1027 4967 1040 5003 :
1081 4947 1172 5004 Vae
1203 4949 1332 5012 tibi,
1363 4949 1540 5020 Copre
1563 4989 1578 5014 ,
1614 4965 1694 5004 vae
1726 4951 1858 5012 tibi,
1893 4951 2105 5021 Capre,

535 5050 619 5090 vae
647 5038 766 5102 tibi,
807 5037 1012 5109 Coprel
1047 5041 1192 5110 quod
1237 5056 1300 5096 ca
1344 5042 1612 5112 reliquisti
1659 5058 1779 5113 qua:
1824 5044 1920 5097 tibi
1956 5059 2108 5098 man-

538 5128 688 5184 davit
723 5131 864 5187 Deus
895 5141 954 5187 ut
981 5133 1219 5196 faceres,
1258 5141 1314 5190 et
1342 5135 1607 5190 scrutaris
1636 5153 1758 5206 quae
1792 5152 1901 5193 non
1933 5136 2110 5205 requi-

539 5219 610 5272 rit
645 5236 672 5273 a
706 5231 777 5277 te.
823 5223 1033 5291 Quibus
1070 5224 1271 5280 auditis
1305 5224 1525 5292 fratres,
1559 5225 1812 5297 fugerunt
1851 5243 1903 5280 Ill
1943 5227 2110 5282 cellas

541 5325 690 5364 suas.

637 5458 657 5487 ⁵
691 5464 777 5518 Al.
804 5468 861 5519 ὲν
889 5469 1094 5542 ἡλικίᾳ.

615 5617 730 5687 (75)
774 5620 874 5674 l't‘t.
910 5620 1062 5675 Patr.
1095 5641 1185 5689 .\‘v,
1225 5626 1317 5680 Ἡ.

2207 3084 2304 3157 λὴν
2331 3085 2497 3156 ὥραν,
2529 3087 2659 3156 ὅσην
2705 3085 2952 3154 ἠδύνατο,
2988 3083 3216 3155 ἠφάνισε
3259 3082 3319 3136 τὸ
3365 3081 3554 3136 ἑαυτοῦ
3591 3082 3776 3152 σῶμαο

2207 3173 2535 3244 γέγονε-γὰρ
2574 3173 2647 3236 ὡς
2688 3173 3086 3244 λελωϐημένος.
3131 3173 3241 3226 Kal
3274 3172 3507 3227 ἀνελθὼν
3545 3173 3780 3244 ὲφόρεσε

2207 3262 2275 3314 τὰ
2315 3261 2504 3332 ἱμάτια
2537 3261 2719 3326 αὑτοῦ,
2744 3263 2837 3315 καὶ
2869 3260 3074 3331 ἀπῆλθε
3104 3261 3238 3331 πρὸς
3270 3261 3360 3314 τὸν
3389 3261 3516 3314 ῐδιον
3538 3263 3776 3332 πατέρα·

2209 3353 2302 3406 καὶ
2347 3353 2498 3424 μόλις
2532 3353 2745 3421 ἐπέγνω
2777 3353 2955 3410 αὐτόν,
3021 3352 3364 3415 Ἀπελθόντος
3393 3352 3448 3404 δὲ
3493 3351 3657 3405 αὐτοῦ
3699 3353 3784 3416 είς

2207 3443 2306 3513 τὴν
2345 3444 2505 3511 ἁγίαν
2537 3443 2815 3496 κοινωνίαν
2850 3442 2990 3496 κατά
3028 3442 3087 3496 τὸ
3131 3442 3267 3506 ἔθος,
3305 3441 3664 3513 ἀπεκαλύφθη
3701 3441 3786 3514 τῷ

2209 3534 2349 3604 ἁγίῳ
2393 3533 2642 3606 Ἰσιδώρῳ
2683 3535 2758 3606 τῷ
2806 3536 3159 3608 πρεσϐυτέρῳ
3207 3536 3302 3606 τῆς
3338 3535 3610 3604 Σκὴτεως,
3643 3536 3786 3604 ὅπερ

2211 3628 2451 3698 ἐποίησε·
2482 3629 2574 3681 καὶ
2613 3629 2736 3680 ἰδὼν
2767 3629 2925 3682 αὐτὸν
2959 3630 3051 3683 καὶ
3076 3629 3382 3699 Θαυμάσας,
3427 3623 3568 3680 εἴπεο
3601 3629 3785 3697 Ζαχα-

2215 3716 2332 3786 ρίας
2363 3719 2392 3768 6
2423 3719 2549 3780 παῖς
2577 3720 2641 3788 τῇ
2673 3719 2921 3788 Κυριακῇ
2967 3718 3307 3789 παρελθούσῃ
3333 3713 3466 3789 ἦλθε
3503 3718 3598 3770 καὶ
3637 3719 3790 3769 ὲκοι-

2211 3806 2446 3878 νώνησεν
2475 3807 2548 3870 ὡς
2587 3807 2890 3876 ἄνθρωπος,
2925 3808 3018 3862 νῦν
3051 3809 3106 3861 δὲ
3127 3809 3202 3873 ὡς
3239 3809 3466 3878 ἄγγελος
3493 3806 3728 3876 ἐγένετο.

2649 3923 2790 3992 Περὶ
2821 3924 2926 3978 τοῦ
2956 3922 3105 3979 ἀϐϐᾶ
3138 3927 3340 3992 Κύπρι.

2283 4043 2350 4090 α’.
2383 4036 2606 4104 Ἔλεγεν
2631 4036 2660 4087 6
2683 4036 2856 4100 ἀὸὁᾶς
2887 4037 3097 4107 Ποιμήν
3118 4036 3207 4090 διὰ
3226 4037 3317 4091 τὸν
3344 4036 3518 4090 ἀ66ᾶν
3546 4035 3782 4107 Κόπριν,

2210 4127 2292 4182 ὅτι
2347 4128 2429 4191 εἰς
2479 4126 2733 4181 τοσοῦτον
2783 4124 2913 4200 ἦλθε
2975 4129 3192 4200 μέτρον,
3260 4129 3340 4182 ὅτι
3407 4127 3624 4198 ἠσθένει
3689 4129 3786 4182 καὶ

2214 4217 2474 4290 κλινήρης
2510 4214 2598 4291 ἦν,
2645 4219 2739 4273 καὶ
2777 4219 3104 4292 εὐχαρίστει,
3161 4219 3255 4272 καὶ
3299 4217 3503 4272 ἐκώλυε
3552 4219 3612 4272 τὸ
3655 4217 3786 4272 ῐδιον

2141 4351 2186 4408 D
2215 4310 2448 4408 Oélqpa:

2285 4401 2350 4471 β’.
2379 4397 2544 4456 Εἶπεν
2586 4404 2614 4456 6
2655 4401 2829 4466 sese;
2866 4401 3094 4473 Κόπρις·
3119 4399 3402 4471 Μακάριος
3432 4401 3462 4453 6
3499 4398 3788 4470 ὑπομένων

2212 4492 2377 4546 κόπον
2407 4492 2520 4557 μετ’
2544 4493 2913 4564 εὐχαριστίας.

2281 4587 2351 4651 γ’.
2377 4583 2732 4656 Συνήχθησάν
2775 4600 2907 4637 ποτε
2946 4582 2996 4636 οἱ
3042 4582 3100 4635 ὲν
3141 4584 3206 4653 τῇ
3236 4581 3434 4653 Σκήτει
3466 4580 3487 4612 ⁸
3528 4579 3656 4650 περὶ
3687 4575 3786 4631 τοῦ

2213 4672 2546 4743 Μελχισεδὲκ
2565 4715 2581 4740 ,
2638 4674 2726 4729 καὶ
2773 4673 3097 4727 ἐπελάθοντο
3165 4671 3388 4725 καλέσαι
3451 4670 3543 4724 τὸν
3612 4667 3788 4722 ὰὸὁᾶν

2214 4765 2425 4835 Κόπριν
2473 4765 2515 4796 τ’
2575 4764 2795 4834 ὕστερον
2854 4766 2911 4819 δὲ
2965 4765 3289 4828 καλέσαντες
3333 4763 3523 4827 αὑτὸν,
3559 4761 3790 4833 ἠρώτων

2216 4856 2341 4926 περὶ
2383 4855 2594 4910 τούτου.
2661 4855 2718 4908 '0
2761 4856 2848 4920 δὲ,
2890 4855 3064 4924 τύψας
3107 4854 3169 4908 τὸ
3213 4855 3386 4924 στόμα
3418 4854 3440 4885 ⁸
3490 4851 3653 4906 αὑτοῦ
3694 4852 3790 4903 ἐπὶ

2213 4951 2382 5020 τρεῖς,
2408 4945 2580 5002 εἷπενσ
2625 4948 2762 5001 Οὐαί
2795 4964 2897 5014 σοι,
2923 4947 3170 5018 Κόπριθί
3201 4947 3283 4999 ὅτι
3305 4945 3340 4998 ἃ
3367 4946 3395 5005 6
3427 4942 3560 5005 Θεὸς
3586 4941 3790 4994 ἐνετεί-

2213 5041 2342 5095 λατό
2394 5058 2474 5094 σοι
2519 5039 2736 5110 ποιῆσαι
2805 5038 3219 5108 ὲγκατέλειπες,
3285 5036 3380 5089 καὶ
3445 5033 3482 5088 θ.
3525 5033 3586 5087 οὐ
3637 5032 3794 5102 ζητεῖ

2217 5133 2366 5202 παρὰ
2421 5132 2514 5184 σοῦ
2567 5131 2816 5201 ἐρευνᾷς.
2871 5129 2980 5182 Καὶ
3045 5128 3376 5188 ἀκούσαντες
3441 5126 3490 5178 oi
3568 5121 3791 5192 ἀδελφοὶ

2215 5224 2408 5287 ταῦτα,
2452 5223 2647 5293 ἔφυγον
2676 5223 2756 5287 είς
2780 5221 2848 5274 τὰ
2883 5220 3070 5274 κελλία
3102 5219 3300 5274 αὐτῶν.

1204 5475 1225 5505 ⁸
1250 5473 1336 5527 ΑΙ.
1374 5469 1546 5530 inser.
1580 5472 1956 5545 συζητοῦντες.
2031 5472 2051 5503 ⁷
2080 5472 2104 5526 Δ

2206 5470 2446 5543 Κόπρην.
2524 5470 2545 5501 ⁸
2575 5469 2659 5528 Al.
2698 5468 3009 5542 πρόσωπον.
3088 5467 3108 5498 ’
3145 5465 3229 5519 Al.
3269 5464 3485 5533 Κόπρη.
