4036 6202
254 317 369 371 9.53

694 425 834 496 Περι
873 427 978 482 τοῦ
1016 427 1166 482 ἀϐϐᾶ
1201 430 1417 498 Κύρου.

344 519 482 592 Πρδς
519 519 614 572 τὸν
663 518 920 588 λογισμὸν
961 519 1064 589 τῆς
1108 522 1382 590 πορνείας,
1419 523 1784 594 επερωτηθεὶς
1811 527 1840 578 6

266 613 446 676 ὰϐϐᾶς
501 610 686 680 Κῦρος
729 609 760 661 6
803 607 1204 680 Ἀλεξανδρεὺς,
1258 611 1589 682 ἀπεκρίνατο
1645 611 1837 676 οὕτως·

284 703 410 758 Ἐὰν
435 699 692 770 λογισμὸν
724 699 827 752 οὐκ
855 697 1008 769 ιχῃς,
1036 698 1224 752 ἐλπίδα
1248 699 1349 752 οὒκ
1379 699 1540 770 Ιχειςο
1574 703 1668 758 εὰν
1696 704 1841 773 λογι-

273 795 443 866 σμοὺς
475 792 576 846 οὐκ
609 789 761 864 ἔχῃς,
787 789 986 862 πρᾶξιν
1007 787 1167 859 ἔχεις.
1207 789 1376 845 Τοῦτο
1406 791 1465 846 δέ
1496 795 1662 858 ἐστιν,
1698 796 1781 848 ὃτι
1815 798 1843 850 6

273 885 414 940 κατά
443 884 680 939 διάνοιαν
712 881 852 954 πρὸς
874 880 973 952 τὴν
999 880 1270 953 ἁμαρτίαν
1301 882 1375 953 μὴ
1408 883 1676 954 πολεμῶν,
1708 886 1842 957 μηδὲ

271 974 588 1042 ἀντιλέγων,
616 971 944 1044 σωματικῶς
980 971 1209 1042 πράττει
1240 973 1432 1044 αὐτήν.
1475 973 1534 1029 Ὀ
1571 975 1679 1047 γὰρ
1705 977 1843 1046 ἔχων

271 1065 500 1137 πράξεις
551 1062 639 1116 διὰ
667 1060 943 1133 λογισμῶν
975 1061 1076 1115 οὐκ
1105 1061 1361 1131 ὀχλεῖται.
1410 1063 1686 1136 Ἦρώτησε
1729 1066 1786 1120 δὲ
1817 1069 1846 1120 6

271 1157 450 1228 γέρων
487 1154 578 1207 τὸν
622 1151 868 1222 ἀδελφὸν,
910 1151 1230 1224 λέγωνοΜὴ
1267 1153 1548 1226 συνήθειαν
1576 1155 1719 1226 ἔχεις
1764 1159 1844 1220 είς

269 1246 488 1316 ὁμιλίαν
517 1243 813 1313 γυναικός;
845 1243 954 1296 Καὶ
986 1239 1137 1296 εἶπεν
1162 1245 1191 1297 6
1213 1244 1466 1313 ἀδελφός’
1498 1246 1592 1300 Οὔ·
1625 1247 1844 1302 παλαιοὶ

273 1338 370 1389 καὶ
403 1336 513 1389 νέοι
542 1333 821 1404 ζωγράφοι
851 1334 988 1386 εἰσὶν
1011 1334 1061 1386 ot
1089 1333 1335 1405 λογισμοί
1363 1353 1487 1406 μου·
1527 1338 1735 1408 μνῆμαί
1766 1341 1844 1392 ει-

273 1443 360 1478 σιν
426 1423 680 1494 ὀχλοῦσαί
739 1441 852 1494 μοι,
908 1424 1002 1477 καὶ
1062 1425 1336 1492 γυναικῶν
1390 1427 1601 1481 εἴδωλα.
1674 1429 1733 1482 '0
1789 1428 1846 1482 δὲ

273 1514 452 1584 γέρων
495 1515 633 1586 πρὸς
682 1516 859 1569 αὐτόν’
903 1513 1147 1584 Νεκροὺς
1194 1513 1269 1584 μὴ
1322 1513 1510 1584 φοϐοῦ·
1554 1516 1687 1570 ἀλλά
1720 1519 1846 1581 τοὺς

272 1604 484 1669 ζῶντας
541 1605 729 1676 φεῦγε,
789 1607 880 1662 καὶ
938 1605 1251 1658 ὲπεκτείνου
1296 1607 1494 1677 μᾶλλον
1549 1609 1630 1672 είς
1679 1625 1846 1678 προσ-

273 1697 463 1767 ιυχήν.

729 1808 893 1881 Ἀρχὴ
914 1808 1007 1862 τοῦ
1041 1812 1085 1864 Λ
1115 1809 1397 1881 στοιχείου.

672 1922 807 1989 Περὶ
849 1921 955 1976 τοῦ
995 1921 1144 1978 ἀϐϐἄ
1178 1923 1455 1977 Λουκίου.

349 2026 670 2100 Παρέϐαλόν
719 2031 846 2084 ποτέ
895 2049 1038 2094 τινες
1071 2031 1148 2101 τῷ
1185 2031 1325 2103 ἀϐϐᾆ
1364 2033 1580 2103 Λουκίῳ
1611 2016 1653 2064 (⁸
1683 2034 1762 2096 εἰς
1788 2034 1848 2087 τὸ

277 2126 536 2190 Ἐνατον,
559 2128 606 2179 οῖ
639 2125 910 2196 λεγόμενοι
943 2127 1198 2180 Εὑκτῖται
1221 2127 1285 2191 ⁸⁸,
1311 2127 1552 2197 ριοναχοί⁹
1583 2128 1674 2181 καὶ
1703 2127 1849 2199 ὴρὼο

274 2201 672 2287 τησενάὺτοὺς
699 2218 727 2270 6
755 2218 952 2287 γέρων·
977 2217 1041 2269 Τί
1066 2217 1126 2270 τὸ
1148 2216 1459 2288 έργόχειρον
1486 2218 1670 2288 ὑμῶν;
1699 2220 1762 2271 Οἱ
1790 2218 1849 2272 δὲ

273 2307 451 2362 εἷπον·
479 2310 669 2379 Ἡμεῖς
688 2310 749 2362 οὐ
771 2308 1108 2379 Ἇλαφῶμεν
1137 2309 1471 2379 ὲργόχειρονο
1489 2307 1646 2372 ἀλλὰ,
1667 2308 1848 2373 καθὼς

275 2400 426 2468 λέγει
459 2401 487 2453 6
517 2399 858 2463 ’Δπόστολος,
894 2398 1249 2461 ἀδιαλείπτως
1279 2401 1708 2470 προσευχόμεθα.
1741 2401 1849 2452 Kal

274 2489 424 2558 λέγει
451 2490 480 2541 6
508 2489 705 2558 γέρων
735 2489 848 2542 Οὐκ
873 2490 1112 2553 subiere;
1143 2489 1252 2542 Kal
1276 2483 1444 2542 εἶπονο
1470 2490 1596 2544 Ναί.
1628 2491 1736 2544 Kal
1767 2490 1851 2544 λέ-

277 2597 367 2648 γει
393 2581 596 2643 αὐτοῖςο
613 2578 755 2634 ’Ὅτε
783 2576 875 2634 οὖν
900 2579 1126 2644 ἐσθίετε,
1154 2579 1236 2643 τίς
1261 2578 1473 2650 εὔχεται
1495 2580 1633 2649 ὑπὲρ
1656 2579 1808 2649 ὑμῶν
1831 2597 1847 2644 ;

280 2673 450 2726 Πάλιν
501 2667 594 2723 οὖν
638 2665 789 2723 εἶπεν
830 2671 1030 2734 αὐτοῖς·
1065 2671 1138 2723 Οὐ
1180 2669 1480 2740 κοιμᾶσθες
1523 2668 1624 2722 Kal
1671 2665 1845 2721 εἷπον·

277 2760 409 2814 Ναί.
437 2760 545 2813 Kal
565 2760 712 2829 λέγει
736 2761 764 2813 6
791 2759 988 2830 γέρωψ
1014 2759 1140 2813 Ὅτε
1170 2755 1262 2814 οὖν
1288 2760 1569 2831 κοιμᾶσθε,
1591 2758 1676 2823 τίς
1706 2757 1852 2829 εὔχεο

277 2871 365 2906 ται
401 2855 528 2926 περὶ
549 2856 592 2885 "
620 2853 803 2925 ὑμῶν;
834 2856 942 2909 Kal
967 2855 1063 2924 οὐχ
1093 2847 1249 2926 εὗρον
1279 2855 1416 2924 πρὸς
1443 2854 1615 2908 ταῦτα
1632 2854 1852 2924 ἀποκρί-

278 2944 473 2999 νασθαι
515 2945 684 3016 αὐτῷ.
732 2947 843 3000 Καὶ
885 2941 1036 3000 εἶπεν
1077 2947 1275 3009 αὐτοῖς’
1306 2946 1699 3017 Συγχωρήσατέ
1739 2962 1847 3016 μοι,

282 3035 393 3088 ἰδοὺ
424 3037 485 3089 οὐ
515 3039 715 3090 ποιεῖτε
744 3035 922 3101 καθὼς
953 3036 1156 3104 λέγετε.
1195 3035 1335 3106 Ἐγὼ
1360 3037 1415 3090 δὲ
1445 3037 1671 3090 δεικνύω
1699 3038 1845 3106 ὑμῖν,

1413 314 2021 371 ΑΡΟΡΗΤΗΕΟΜΑΤΑ
2059 315 2367 374 PATRUH.

1866 438 1913 494 Α

3396 313 3490 368 15$

2478 433 2556 486 De
2591 431 2779 487 abbate
2813 432 2965 503 Cyro.

2018 526 2126 594 (74)
2163 528 2535 594 Interrogatus
2553 525 2722 578 abbas
2743 524 2918 594 Cyrus
2942 523 3341 578 Alexandrinus
3358 525 3484 581 cl‘ca

1939 615 2317 671 fornicationis
2361 615 2766 684 cogitationem,
2802 613 3077 683 respondit
3115 615 3184 668 ad
3221 614 3366 668 hunc
3397 631 3486 668 no-

1939 707 2066 762 dum
2100 721 2112 756 :
2149 705 2206 760 Si
2232 705 2614 776 cogitationem
2643 719 2752 758 non
2785 704 3067 766 habueris,
3102 719 3198 773 spe
3227 719 3379 758 cares
3409 705 3481 760 :si

1939 797 2364 867 cogitationibus
2403 795 2701 851 destitutus
2743 811 2826 860 es,
2879 794 3148 848 actionem
3187 801 3363 849 tenes.
3394 794 3481 851 llic

1937 896 2120 942 autem
2151 896 2267 942 est:
2301 887 2445 956 quod
2469 879 2563 956 qui
2588 887 2642 940 in
2665 895 2847 941 mente
2869 895 3058 940 contra
3085 893 3368 955 peccatum
3400 903 3480 943 n~n

1943 986 2167 1050 pugnat,
2211 993 2310 1034 nec
2358 979 2406 1033 ei
2457 977 2706 1043 obsistit,
2749 991 2978 1046 corpore
3029 976 3161 1030 illud
3215 984 3477 1045 perpeti-9..

1942 1067 2156 1124 Etenim
2186 1069 2278 1140 qui
2325 1068 2580 1138 operibus
2626 1067 2892 1136 complet,
2937 1083 3044 1120 non
3090 1067 3292 1136 patitur
3341 1065 3478 1119 mob

1943 1158 2105 1213 etiam
2138 1172 2204 1213 ex
2237 1156 2683 1228 cogitationibus.
2729 1155 3087 1226 Interrogavit
3129 1163 3310 1209 autem
3345 1170 3476 1212 sene

1946 1244 2168 1300 fratrem
2195 1264 2208 1299 :
2234 1243 2373 1299 Num
2403 1245 2736 1300 consuevisti
2762 1260 2887 1300 cum
2920 1245 3188 1300 muliere?
3214 1244 3477 1314 Respontl.

1945 1332 2114 1390 frater
2146 1352 2160 1388 :
2194 1326 2343 1402 Non;
2377 1345 2586 1390 veteres
2619 1348 2685 1388 ac
2722 1334 2847 1389 novi
2885 1335 3120 1404 pictores
3147 1343 3275 1392 sunt
3308 1336 3479 1406 cogita

1947 1424 2122 1478 tiones
2171 1439 2335 1491 meae;
2379 1424 2788 1480 recordationes
2827 1433 2956 1480 sunt
2997 1441 3120 1495 quae
3169 1427 3302 1481 mihi
3347 1427 3477 1482 mole

1946 1517 2106 1569 stiam
2137 1516 2418 1581 exhibent,
2451 1531 2659 1570 necnon
2698 1516 2983 1571 mulierum
3024 1517 3339 1572 simulacra.
3373 1517 3472 1572 Tui

1947 1617 2115 1657 senex
2140 1605 2205 1657 ad
2237 1620 2358 1658 cum
2387 1622 2400 1658 :
2432 1603 2673 1658 Mortuos
2701 1609 2768 1659 n'e
2806 1605 3020 1672 timeas,
3050 1606 3144 1660 sed
3174 1605 3299 1676 fuge
3338 1607 3468 1664 vivo.

1947 1696 2228 1766 magisque
2262 1711 2449 1765 preces
2478 1696 2760 1766 protende.

2398 1807 2732 1877 Principium
2769 1808 2964 1863 littera:
2997 1807 3063 1863 L.

2471 1922 2545 1976 De
2585 1922 2769 1976 abbate
2803 1921 2988 1978 Litcio.

2019 2028 2129 2097 (75)
2172 2028 2447 2085 Venerunt
2500 2033 2792 2102 aliquando
2843 2032 3089 2086 nonnulli
3146 2032 3212 2088 ad
3265 2033 3464 2090 abbate

1948 2119 2171 2175 Lucium
2217 2125 2268 2177 in
2325 2123 2522 2190 Enato,
2574 2140 2638 2177 ex
2693 2125 2757 2178 iis
2817 2125 2909 2193 qui
2953 2124 3211 2178 dicuntur
3265 2123 3460 2178 Euctit:

1948 2213 2238 2278 monachi;
2291 2222 2345 2267 et
2399 2213 2754 2281 interrogavit
2812 2227 2909 2266 eos
2972 2227 3193 2266 senex:
3247 2211 3472 2276 Quidnaa

1948 2303 2200 2358 manibus
2225 2303 2561 2371 Opermnini?
2612 2301 3075 2372 Responderunt:
3106 2302 3214 2358 Nos
3249 2318 3356 2357 non
3391 2317 3478 2356 cor

1948 2393 2208 2463 tingimus
2237 2407 2493 2446 manuum
2521 2407 2695 2462 opus;
2728 2393 2822 2448 sed
2855 2393 2996 2448 sicut
3026 2393 3266 2464 praecipit
3295 2392 3483 2462 Apostt

1949 2484 2034 2538 lus
2058 2485 2125 2552 ",
2149 2497 2372 2539 oramus
2392 2481 2514 2538 sine
2541 2483 2961 2538 intermissione.
3004 2483 3096 2536 Ait
3134 2499 3298 2539 senex
3328 2503 3339 2536 :
3372 2483 3486 2538 Non

1949 2588 2017 2627 ne
2046 2573 2428 2627 manducalis‘i
2453 2571 2534 2626 Illi
2567 2590 2584 2628 :
2613 2572 2810 2638 Etiam,
2851 2575 3266 2631 manducamus.
3301 2575 3474 2631 Senex

1949 2663 2178 2730 Quando
2208 2663 2370 2733 igitur
2405 2663 2710 2730 comeditis,
2757 2667 2882 2734 quis
2914 2682 3013 2736 pro
3042 2669 3195 2726 vobis
3220 2669 3378 2721 orat?
3420 2668 3489 2723 Ite

1950 2769 2068 2808 rum
2100 2754 2190 2808 ille
2241 2753 2308 2807 ad
2355 2768 2451 2808 eos
2481 2771 2493 2806 :
2520 2751 2640 2808 Non
2689 2754 2981 2809 dormitis?
3015 2755 3360 2827 Exceperunt
3389 2775 3402 2811 ε
3441 2760 3488 2811 ιι

1947 2851 2052 2906 est,
2079 2841 2400 2896 dormimus.
2425 2840 2562 2896 Tum
2595 2857 2758 2897 senex
2793 2861 2808 2897 :
2839 2841 3068 2909 Quando
3090 2861 3220 2914 ergo
3245 2847 3492 2903 dormitis

1949 2933 2072 3004 quis
2121 2949 2219 3004 pro
2262 2933 2418 2988 vobis
2453 2933 2608 2987 orat?
2643 2931 2753 2988 Nec
2801 2933 3126 2989 invenerunt
3162 2936 3291 3006 quid
3333 2937 3398 2990 ad
3433 2939 3486 2991 ill

1951 3025 2198 3096 responsi
2246 3025 2457 3080 darent.
2514 3023 2658 3079 Dixit
2704 3025 2784 3080 eis
2816 3041 2830 3076 :
2860 3027 3130 3097 Ignoscite
3182 3029 3350 3096 mihi;
3393 3045 3493 3086 ecca

279 3124 361 3178 ὅτι
435 3123 802 3196 ἐργαζόμενος
849 3125 909 3178 τὸ
956 3126 1266 3197 ὲργόχειρόν
1325 3142 1426 3196 μου
1498 3126 1848 3189 ἀδιαλείπτως

1956 3134 2061 3172 non
2112 3116 2293 3173 facitis
2344 3118 2500 3187 juxta
2553 3131 2860 3173 sermonem
2916 3130 3175 3173 vestrum.
3232 3119 3340 3190 Ego
3392 3137 3496 3175 ver.

280 3215 675 3286 προσεύχομαι.
705 3215 1015 3286 Καθέζομαι
1055 3219 1150 3270 σὺν
1184 3216 1302 3287 Θεῷ
1337 3216 1532 3287 βρέξας
1574 3217 1646 3269 τὰ
1683 3217 1854 3286 μικρά

281 3321 384 3372 μου
411 3303 604 3356 θαλλὶα
634 3304 697 3336 ¹³⁶
715 3305 810 3357 καὶ
827 3303 1038 3358 πλέκων
1063 3303 1202 3356 αὐτὰ
1225 3305 1430 3375 σειρὰν,
1459 3305 1616 3371 λέγω·
1647 3304 1852 3371 Ἐλέησ

276 3395 399 3449 σόν
445 3411 546 3463 με,
590 3397 623 3448 ό
667 3395 829 3461 Θεὸς,
880 3398 1030 3450 κατὰ
1071 3395 1136 3448 τὸ
1164 3394 1318 3464 μέγα
1359 3396 1529 3461 ἔλεός
1577 3410 1713 3460 σου,
1753 3396 1852 3449 καί

277 3487 432 3540 κατὰ
455 3487 521 3539 τὸ
543 3485 776 3553 πλῆθος
805 3487 926 3539 τῶν
949 3486 1267 3555 οἰκτιρμῶν
1295 3502 1411 3541 σου
1439 3487 1764 3556 ἐξάλειψον
1787 3487 1852 3541 τὸ

275 3575 559 3645 ἀνόμημά
603 3594 744 3645 μου.
791 3579 901 3632 Kal
945 3578 1089 3646 λέγει
1127 3579 1329 3642 αὐτοῖς’
1366 3579 1480 3632 Οὐκ
1525 3579 1670 3633 ἐστιν
1720 3581 1852 3651 εὐχὴ

274 3666 439 3719 τοῦτο
464 3683 480 3732 ;
514 3667 624 3719 Kal
651 3663 822 3722 elmv'
847 3668 973 3721 Ναί.
1005 3668 1113 3722 Kal
1147 3664 1300 3722 εἶπεν
1330 3669 1532 3734 αὐτοῖς·
1567 3671 1734 3724 Ὅταν
1759 3666 1852 3724 οὖν

275 3757 528 3828 ἑμμείνω
553 3757 624 3810 δι’
651 3758 780 3829 ὅλης
803 3759 1016 3832 ἡμέρας
1045 3759 1407 3833 ἐργαζόμενος
1428 3761 1520 3816 καὶ
1544 3761 1850 3832 εὐχόμενος,

277 3847 422 3901 ποιῶ
445 3847 630 3902 πλεῖον
654 3848 688 3919 ἢ
719 3849 938 3904 ἔλαττον
963 3850 1159 3916 δεκαέξ
1183 3852 1378 3922 νουμία
1402 3849 1562 3924 (75⁸)·
1597 3852 1692 3904 xal
1713 3869 1847 3922 παρ-

275 3939 392 4010 έχω
439 3939 501 4004 ἐξ
553 3939 736 3994 αὐτῶν
796 3943 878 4006 είς
931 3941 1029 4013 τὴν
1079 3942 1249 4013 θύραν
1297 3940 1413 4007 δύο,
1458 3942 1554 3996 καὶ
1594 3942 1662 3996 τὰ
1691 3943 1855 3998 λοιπά

278 4029 468 4084 ισθίω·
501 4031 594 4085 καὶ
613 4029 830 4101 εὔχεται
853 4031 996 4104 ὑπὲρ
1019 4031 1154 4102 ἐμοῦ
1182 4034 1211 4086 6
1230 4030 1410 4084 λαϐὼν
1444 4031 1514 4086 τὰ
1542 4031 1636 4085 δύο
1659 4033 1854 4102 νουμία

275 4120 369 4175 ὅτε
410 4120 576 4175 ἐσθίω
609 4121 644 4192 ἦ
679 4122 769 4175 ὅτε
807 4121 1107 4194 κοιμῶμαι·
1139 4123 1233 4176 καὶ
1263 4122 1353 4177 διὰ
1380 4123 1479 4195 τῆς
1507 4123 1726 4194 χάριτος
1757 4123 1852 4179 τοῦ

277 4209 417 4265 Θεοῦ
486 4211 786 4283 πληροῦται
852 4230 944 4284 μοι
1006 4213 1068 4268 τὸ
1129 4213 1486 4280 ἀδιαλείπτως
1554 4215 1852 4287 προσεύχε-

277 4302 432 4358 σθαι.

752 4416 890 4484 περι
925 4416 1032 4472 τοῦ
1054 4416 1202 4474 esse
1227 4418 1374 4474 Λώτ.

352 4535 422 4582 α’.
455 4525 630 4582 *Ηλθέ
668 4546 750 4592 τις
777 4529 886 4584 τῶν
921 4531 1190 4601 γερόντων
1220 4532 1356 4603 πρὸς
1381 4517 1674 4589 τδν’ἀϐϐἄν
1704 4535 1848 4602 Λὼτ,

274 4618 419 4693 πρὸς
443 4619 490 4648 ’⁵
518 4616 580 4669 τὸ
607 4617 800 4688 μικρὸν
820 4618 943 4682 ἒλος
967 4620 1059 4672 τοῦ
1098 4621 1454 4691 Ἆρσενοΐτου,
1491 4624 1580 4676 καὶ
1606 4626 1848 4695 παρεκά-

190 4747 197 4753 .
271 4705 435 4758 λεσεν
464 4703 627 4758 αὐτὸν
665 4699 753 4759 διά
785 4706 1012 4770 κελλίον,
1048 4707 1141 4760 καὶ
1176 4709 1375 4762 ἔδωκεν
1403 4711 1569 4782 αὐτῷ.
1601 4708 1709 4766 Ἦν
1735 4714 1790 4766 δὲ
1821 4717 1853 4768 6

269 4793 459 4862 γέρων
492 4792 745 4864 ἀσθενής·
785 4795 880 4848 καὶ
917 4796 1220 4848 ἀνέπαυσεν
1246 4797 1406 4851 αὐτὸν
1443 4799 1472 4851 6
1504 4799 1676 4862 esse;
1703 4801 1845 4854 Λώτ·

272 4882 374 4935 καὶ
398 4883 447 4933 εί
473 4883 701 4952 ήρχοντό
726 4901 867 4948 τινες
887 4886 1220 4955 παραϐαλεῖν
1241 4887 1318 4958 τῷ
1341 4889 1483 4960 esse
1507 4891 1650 4952 Λὼτ,
1677 4892 1848 4946 ἐποίει

268 4972 478 5036 αὐτοὺς
506 4974 842 5044 παραϐαλεῖν
879 4976 974 5030 xal
1010 4975 1088 5048 τῷ
1119 4977 1331 5050 γέροντι
1364 4980 1442 5050 τῷ
1474 4981 1702 5034 ἀσθενεῖ.
1742 4984 1852 5036 Kal

268 5066 483 5138 ἤρξατο
527 5067 711 5122 λαλεῖν
759 5068 941 5132 αὐτοῖς
989 5068 1179 5137 λόγους
1223 5069 1317 5124 τοῦ
1368 5072 1692 5142 Ὠριγένους⁹
1757 5077 1853 5127 καὶ

269 5157 520 5212 ἑθλίϐετο
559 5159 589 5212 6
631 5157 804 5224 ἀϐϐᾶς
837 5158 981 5224 Λὼτ,
1017 5161 1209 5230 λέγων’
1237 5161 1327 5233 Μὴ
1357 5163 1452 5215 καὶ
1483 5165 1777 5234 νομίσωσιν
1805 5171 1852 5222 οἱ

349 5315 516 5387 ξο-Αι.
554 5315 850 5387 insomni).

272 5385 320 5417 "
349 5385 370 5440 Ι
409 5383 604 5442 Thess.
637 5401 691 5450 v,
722 5383 811 5441 l7.
888 5387 932 5420 “
965 5386 1110 5443 Psal.
1141 5403 1190 5450 ι..

349 5499 484 5569 (73‘)
514 5497 668 5553 Ποιῶ
692 5500 901 5555 πλεῖον
932 5501 969 5569 ἢ
994 5500 1248 5554 ἔλαττον
1272 5499 1486 5564 δεκαέξ
1507 5500 1740 5569 νουμία.
1773 5499 1853 5555 Ad

269 5571 503 5640 verbum
545 5570 797 5640 Pelagius
831 5590 845 5624 :
892 5569 1057 5624 Facio
1076 5569 1202 5640 plus
1230 5570 1401 5623 minus
1434 5569 1654 5624 sedecim
1695 5586 1849 5624 num-

269 5655 414 5693 mos.
443 5638 520 5693 Ex
545 5638 709 5694 sensu
742 5638 968 5694 Rufinus
1000 5655 1015 5694 :
1045 5639 1277 5704 Cumque
1304 5640 1715 5707 percomplevero
1738 5657 1849 5708 ope-

273 5726 343 5764 ra
375 5726 624 5763 manuum
653 5726 903 5771 mearum,
929 5709 1186 5769 et'aliqua
1215 5726 1338 5762 vasa
1372 5719 1462 5762 aut
1481 5727 1677 5779 paucos
1702 5711 1844 5777 [nni-

1955 3208 2238 3263 ostendam
2270 3209 2452 3272 vobis,
2499 3209 2644 3277 quod
2668 3223 2805 3278 opus
2828 3224 3086 3263 manuum
3116 3225 3356 3265 mearum
3391 3213 3500 3264 dun

1953 3315 2202 3362 exerceo,
2229 3315 2327 3354 oro
2359 3302 2476 3355 sine
2509 3301 2934 3356 intermissione.
3033 3301 3167 3355 Cum
3219 3300 3326 3354 Deo
3359 3302 3503 3356 sedet

1953 3393 2263 3465 intinguens
2295 3409 2444 3449 meos
2482 3396 2753 3461 ramulos;
2799 3409 3002 3464 eosque
3041 3396 3094 3448 in
3122 3397 3352 3463 plet-tam
3390 3409 3507 3450 con-

1954 3493 2202 3551 nectens,
2219 3485 2344 3540 aio:
2372 3484 2623 3540 Miserere
2648 3487 2767 3548 mei,
2799 3485 2956 3549 Deus,
2979 3486 3258 3539 secundum
3277 3502 3512 3554 ntagnam

1953 3576 2374 3630 misericordiam
2399 3586 2568 3642 tuam,
2603 3587 2655 3630 et
2687 3577 2971 3630 secundum
3004 3577 3390 3629 multitudinem
3422 3577 3517 3629 mi-

1953 3668 2273 3720 serationum
2289 3678 2505 3720 tuarum
2533 3668 2646 3723 dele
2673 3669 3003 3738 iniquitatem
3044 3685 3210 3721 meam
3237 3667 3300 3720 ¹⁶.
3330 3667 3522 3723 Nonne

1953 3757 2006 3811 id
2026 3757 2200 3812 oratio
2228 3755 2780 3828 est?Responderunt
2800 3776 2813 3811 :
2835 3757 2949 3813 Est.
2968 3759 3168 3812 lterum
3198 3777 3210 3812 :
3231 3759 3366 3814 Cum
3391 3773 3523 3828 ergo

1953 3863 2302 3918 permansero
2337 3856 2447 3903 tota
2463 3849 2551 3904 die
2583 3864 2815 3920 operans
2837 3857 2892 3905 et
2915 3864 3100 3912 orans,
3137 3850 3370 3904 conficio
3395 3850 3520 3919 plus

1951 3939 2135 3994 minus
2175 3939 2413 3994 sedecim
2449 3954 2734 4006 nummos;
2773 3955 2836 3995 ac
2887 3955 2950 3993 ex
3008 3939 3076 3994 iis
3103 3938 3243 3992 duos
3267 3939 3329 3991 .in
3364 3946 3522 4007 porta

1952 4030 2184 4100 praebeo,
2197 4030 2434 4100 reliquos
2452 4029 2666 4086 insumo
2684 4030 2741 4085 in
2756 4031 2936 4085 cibum
2954 4049 2967 4085 :
2988 4030 3079 4099 qui
3101 4040 3279 4084 autem
3311 4030 3524 4098 accepit

1951 4121 2092 4177 duos
2126 4135 2412 4186 nummos,
2453 4128 2575 4175 orat
2617 4136 2716 4192 pro
2765 4137 2880 4190 me,
2913 4122 3136 4192 quando
3167 4121 3398 4176 comedo
3429 4131 3525 4177 aut

1953 4213 2164 4270 dormio
2204 4233 2219 4270 :
2252 4222 2415 4286 atque
2449 4230 2546 4286 per
2601 4214 2697 4270 Dei
2752 4215 2982 4286 gratiam
3025 4215 3354 4284 adimpletur
3385 4212 3522 4269 mihi

1953 4306 2106 4371 illud,
2138 4306 2257 4362 sine
2286 4307 2696 4363 intermissione
2724 4321 2900 4362 orare.

2492 4415 2572 4470 De
2608 4415 2796 4470 abbate
2828 4413 2986 4469 Loto.

2028 4529 2082 4584 ί.
2121 4528 2365 4585 Accessit
2410 4543 2602 4584 senum
2650 4528 2848 4599 aliquis
2889 4527 2956 4582 ad
3000 4527 3248 4583 abbatem
3287 4526 3416 4592 Lot,
3466 4527 3528 4581 in

1957 4633 2178 4689 parvam
2228 4619 2481 4690 paludem
2531 4620 2870 4684 Arsenoitaa,
2919 4625 2974 4673 et
3021 4617 3230 4688 rogavit
3263 4633 3384 4671 eum
3427 4632 3525 4686 per

1956 4713 2182 4774 cellam,
2215 4711 2474 4780 deditque
2507 4709 2606 4764 illi.
2641 4707 2964 4779 Egrotabat
2998 4719 3176 4761 autem
3217 4721 3415 4764 senex;
3457 4721 3522 4759 ac

1957 4804 2146 4860 refecit
2185 4819 2308 4859 eum
2341 4820 2356 4857 :
2388 4802 2533 4872 quod
2569 4801 2616 4856 si
2646 4801 2927 4856 venissent
2972 4798 3522 4868 aliqui-congressuri

1952 4912 2075 4951 cum
2135 4897 2328 4950 abbate
2375 4893 2540 4960 Loto,
2593 4892 2860 4949 efficiebat
2908 4899 2968 4946 ut
3023 4891 3185 4945 etiam
3235 4889 3523 4944 visitarent

1954 5002 2140 5042 senem
2183 4985 2484 5040 infirmum.
2533 4981 2712 5054 Cmpit
2753 4999 2886 5054 ergo
2931 4982 3010 5037 eis
3044 4981 3192 5052 loqui
3241 4994 3525 5034 sermones

1953 5076 2203 5148 Origenis
2250 5094 2266 5132 :
2315 5093 2423 5147 qua
2475 5076 2542 5131 de
2579 5089 2742 5130 causa
2785 5073 2953 5128 abbas
2999 5071 3100 5126 Lot
3152 5071 3518 5141 aﬂligebatur:

1955 5170 2060 5238 Ne,
2097 5171 2381 5240 inquiens,
2421 5167 2614 5224 Patres
2663 5167 2976 5223 existiment
3021 5180 3124 5220 nos
3171 5177 3389 5234 quoque
3443 5162 3524 5215 ita

946 5317 986 5348 ¹¹
1022 5317 1106 5372 AI.
1137 5317 1358 5440 Εὐέῖται
1395 5323 1450 5373 et
1477 5320 1738 5392 Εὑχῆται.
1818 5325 1848 5356 ¹¹

965 5386 1110 5440 Psal.
1141 5403 1190 5440 ι..
1263 5425 1278 5440 .
1303 5387 1358 5440 5.

1958 5325 2162 5394 .ὑπέρ.
2255 5325 2410 5379 “Al.
2474 5322 2697 5396 ἐμαυτῷ
2727 5321 2916 5377 eant:
2947 5319 3148 5393 μικρά.
3225 5317 3268 5352 ιδ
3301 5319 3518 5385 Α1.εῑς.

1961 5501 2108 5556 culos
2137 5511 2396 5567 emero,et
2427 5501 2595 5570 fecero
2623 5518 2688 5557 ea:
2714 5505 2789 5557 eis
2825 5519 3066 5558 nummos
3092 5503 3285 5561 decem.
3321 5508 3384 5563 Sa
3396 5507 3519 5562 navi

1953 5573 2152 5641 locum,
2169 5572 2729 5641 Aquitranspositionc
2760 5574 3063 5631 laborabat.

2022 5638 2135 5712 (ῃ)
2167 5638 2237 5712 In
2257 5638 2505 5712 prraem
2532 5655 2585 5710 p.
2621 5642 2746 5712 387,
2775 5659 2831 5699 n.
2874 5643 2958 5699 10.

2023 5709 2135 5778 (75)
2179 5710 2282 5764 Vit.
2306 5709 2470 5765 'Patr.
2505 5709 2601 5780 xu,
2631 5711 2683 5767 9.
