4012 6208
526 299 622 356 25!

1643 305 1864 361 APPEN
1874 305 1989 362 DIX
2029 309 2118 362 AD
2154 307 2581 367 PALLADIUM.

3671 313 3780 375 256

534 420 728 475 St'llll‘e
758 440 771 474 :
801 424 1037 474 attamen
1067 435 1176 474 non
1205 421 1441 478 audebat
1486 423 1756 480 hominem
1784 441 1814 482 e
1845 430 1964 481 loco
1985 443 2082 498 eji-

2190 429 2448 500 Πατέρες,
2495 427 2575 480 ὅτι
2622 428 2717 480 καὶ
2749 429 2908 498 ἡμεῖς
2953 427 3128 492 οὕτως
3171 430 3365 500 ἐσμέν·
3408 430 3501 483 καὶ
3529 429 3780 485 ἐκϐαλεῖν

537 527 665 574 cere,
701 517 923 580 propter
948 510 1262 568 mandatum
1292 512 1405 568 Dei.
1442 512 1685 586 Surgens
1707 517 1898 588 itaque
1917 518 2088 574 abbas

536 604 646 666 La,
693 603 933 678 perrexit
979 604 1046 657 ad
1080 604 1330 660 abbatem
1367 608 1690 672 Arsenium,
1740 612 2090 680 narravitque

535 695 584 748 ei
606 692 674 746 de
723 711 874 749 sene.
925 697 1012 749 Ait
1059 699 1228 755 abbas
1276 703 1540 758 Arsenius
1574 722 1586 757 :
1619 702 1739 758 Noli
1785 706 2086 775 expellere,

538 785 608 842 sd
653 785 825 840 dicito
856 789 946 842 ei:
981 788 1122 844 Ecce
1163 807 1194 846 e
1239 793 1399 848 bonis
1439 794 1532 849 Dei
1601 797 1899 861 manduca,
1933 798 2086 862 bibe,

541 884 676 948 pout
704 879 978 943 volueris,
1011 888 1222 936 tantum
1255 885 1354 938 hos
1384 901 1666 942 sermones
1694 903 1763 942 ne
1795 889 2090 959 proloqua-

543 967 591 1020 ri
627 983 640 1020 :
676 966 822 1035 quod
855 968 902 1021 si
937 971 1190 1034 voluerit,
1226 972 1630 1040 emendabitur;
1670 977 1715 1031 si
1751 993 1882 1034 vero
1909 979 2092 1035 nolue-

544 1064 585 1111 tt
632 1057 922 1112 emendare
978 1074 1072 1123 se,
1125 1068 1317 1128 sponte
1361 1071 1653 1132 rogaturus
1693 1074 1776 1121 est
1809 1075 1864 1120 ut
1906 1069 2090 1122 eloco

547 1145 770 1210 ccedat,
807 1161 909 1201 nec
940 1155 999 1200 tu
1026 1148 1246 1205 futurus
1275 1167 1336 1206 es
1365 1151 1647 1211 discessus
1677 1171 1866 1211 causa.
1902 1157 2091 1230 Itaque

550 1249 773 1293 eversus
799 1238 970 1294 abbas
1002 1240 1121 1306 Lot,
1155 1241 1228 1295 ita
1265 1242 1413 1298 fecit.
1447 1245 1583 1300 Tum
1611 1264 1774 1304 senex
1802 1259 2088 1322 postquam

551 1329 724 1383 udivit
776 1331 920 1398 haec,
978 1333 1155 1387 noluit
1201 1335 1435 1406 corrigi;
1497 1339 1590 1393 sed
1641 1342 1805 1411 coepit
1862 1358 2087 1414 rogare,

552 1419 704 1476 icens
747 1440 760 1476 :
804 1421 1034 1494 Propter
1095 1424 1422 1494 Dominum,
1480 1431 1610 1486 hinc
1661 1448 1747 1488 me
1806 1434 2086 1506 ablegate;

552 1526 617 1568 ec
645 1516 790 1568 enim
819 1517 1054 1587 amplius
1093 1519 1246 1573 valeo
1289 1521 1561 1577 sustinere
1591 1525 1967 1582 solitudinem.
1995 1527 2092 1583 At-

554 1619 620 1660 ue
656 1605 736 1660 sic
761 1620 1062 1678 exsurgens
1087 1624 1341 1680 egressus
1371 1619 1475 1676 est,
1507 1613 1777 1673 deductus
1811 1633 1933 1672 cum
1967 1618 2094 1673 cha-

555 1702 698 1752 nate.

589 1871 639 1926 Ξ.
679 1871 929 1929 Narravit
963 1877 1161 1947 aliquis
1189 1878 1259 1934 de
1302 1881 1542 1951 quodam
1591 1882 1761 1940 fratre
1791 1886 1848 1942 in
1891 1902 2094 1958 pecca-

563 1969 628 2015 tn
681 1961 864 2031 lapso,
906 1965 1054 2034 quod
1098 1982 1430 2040 congressus
1482 1986 1607 2026 cum
1666 1973 1864 2031 abbate
1915 1975 2086 2045 Loto,

563 2052 961 2120 (nturbaretur,
1014 2057 1350 2130 ingrediens,
1394 2063 1700 2134 egrediens,
1747 2081 1849 2122 nec
1899 2070 2088 2125 valens

561 2141 720 2200 Ilere.
769 2144 908 2201 Dicit
939 2147 988 2202 ei
1031 2149 1202 2206 abbas
1234 2151 1334 2207 Lot
1379 2171 1393 2208 :
1442 2155 1580 2219 Quid
1629 2157 1832 2224 habes,
1881 2159 2088 2215 frater?

556 2234 604 2289 le
631 2253 644 2289 :
674 2235 927 2307 Magnum
956 2239 1216 2296 delictum
1264 2246 1541 2311 commisi,
1577 2264 1677 2302 nec
1711 2265 1935 2318 possum
1969 2252 2085 2306 edi-

550 2338 632 2380 ere
658 2323 932 2384 Patribus.
989 2329 1054 2385 Et
1086 2348 1251 2388 senex
1280 2349 1294 2388 :
1325 2333 1598 2391 Conﬁtere
1630 2339 1761 2392 mihi
1801 2341 1956 2406 illud,
1982 2358 2084 2412 ego

547 2419 756 2473 ortabo.
783 2420 936 2476 Tunc
977 2424 1049 2476 ita
1083 2425 1302 2479 locutus
1332 2436 1455 2483 est:
1485 2429 1656 2484 Incidi
1683 2431 1736 2484 in
1769 2431 2084 2487 fornicatio-

547 2521 669 2573 ent;
700 2523 764 2563 ac
813 2518 870 2562 ut
913 2512 1019 2564 νοιί
1068 2528 1293 2584 compos
1328 2531 1541 2582 essem,
1585 2523 1839 2576 mactavi.
1879 2522 1966 2578 Ait
2005 2525 2081 2579 illi

546 2609 674 2649 anex
709 2615 723 2650 :
757 2595 980 2654 Conﬁde
1009 2602 1154 2671 quod
1180 2605 1251 2658 sit
1284 2608 1606 2676 paenitentia
1639 2629 1652 2665 :
1680 2612 1834 2678 vade,
1867 2615 1995 2670 sede
2027 2617 2080 2670 in

545 2685 767 2756 pelunca
788 2727 803 2752 ,
835 2704 933 2759 per
963 2691 1125 2745 bidua
1169 2694 1293 2748 cibo
1320 2697 1536 2753 abstine
1555 2739 1570 2764 ,
1599 2715 1699 2771 ego
1727 2709 1908 2758 tecum
1952 2720 2082 2775 por-

545 2772 634 2828 tbo
685 2775 973 2832 dimidium
1031 2783 1269 2850 peccati.
1327 2783 1514 2857 Itaque
1562 2793 1847 2861 completis
1900 2772 2080 2850 tribus

544 2863 972 2934 ebdomadibus,
1027 2873 1239 2940 plenam
1305 2880 1517 2949 accepit
1567 2885 1932 2953 cognitionem
1988 2903 2078 2942 se-

543 2969 645 3020 ex,
695 2957 841 3025 quod
881 2958 1065 3017 fratris
1125 2966 1501 3033 paenitentiam
1552 2970 1694 3028 Deus
1744 2975 2075 3032 admisisset.

549 3046 596 3100 le
645 3052 1013 3117 perseveravit
1065 3054 1124 3108 in
1165 3058 1534 3118 submissione
1584 3065 1734 3122 senis
1785 3081 1958 3138 usque
2009 3069 2075 3124 ad

535 3145 754 3196 Jortem.

991 3257 1070 3314 De
1107 3260 1298 3318 abbate
1332 3263 1592 3337 Longino.

575 3364 628 3458 ξ.
673 3364 1190 3458 (76)_Interrogavit
1240 3377 1534 3448 aliquando
1585 3381 1755 3438 abbas
1804 3383 2083 3458 Longinus

521 3453 753 3510 tbbatetn
793 3455 1022 3514 Lucium
1077 3461 1144 3517 de
1181 3465 1357 3522 tribus
1403 3471 1850 3540 cogitationibus,
1889 3453 2078 3534 aiens:

517 3539 643 3598 Volo
681 3549 1041 3616 peregrinari.
1080 3551 1220 3608 Dicit
1245 3558 1304 3611 ei
1334 3573 1499 3613 senex
1539 3578 1552 3615 :
1590 3559 1708 3617 Nisi
1744 3566 2081 3625 continueris

509 3637 743 3708 linguam
801 3648 982 3703 tuam.
1039 3659 1148 3698 non
1194 3647 1305 3703 eris
1360 3651 1713 3721 peregrinus,
1757 3671 2082 3729 quocunque

503 3727 730 3784 abieris.
761 3728 951 3801 Itaque
977 3733 1067 3790 ltic
1096 3738 1318 3793 contine
1360 3740 1633 3812 linguam,
1677 3755 1732 3801 et
1764 3727 2082 3820 peregrinus

497 3833 582 3872 cs.
621 3819 708 3873 Ait
745 3821 940 3877 iterum
986 3823 1268 3898 Longinus
1301 3848 1313 3884 :
1350 3829 1481 3886 Volo
1520 3834 1792 3904 jejunare.
1833 3819 2082 3912 Respon-

503 3906 585 3962 dit
631 3926 799 3967 senex
833 3931 847 3967 :
878 3912 1091 3970 Dictum
1139 3917 1292 3975 Isaia:
1319 3924 1599 3992 prapltetze
1635 3939 1760 3984 est:
1807 3929 1867 3984 Si
1903 3906 2072 3986 incur-

480 4002 700 4068 ‘vaveris
731 4007 884 4073 quasi
909 4016 1146 4078 torquem
1174 4020 1224 4065 et
1262 4013 1520 4069 circulum
1561 4019 1757 4073 collum
1789 4031 1958 4089 tuum,
1990 4041 2082 4079 nec

475 4091 580 4152 ,δίε
639 4095 910 4150 rocabitur
957 4099 1222 4168 jejunium
1280 4116 1550 4174 acceptum
1602 4109 1664 4163 ⁸⁷.
1741 4110 2081 4190 Sed.potius

504 4198 695 4240 coerce
722 4203 918 4256 pravas
946 4193 1330 4261 cogitationes.
1372 4199 1463 4252 Ait
1493 4202 1656 4257 tertio
1685 4221 1699 4257 :
1734 4202 1868 4260 Volo
1897 4207 2082 4278 fugere

505 4275 774 4332 homines.
815 4279 990 4335 Senex
1045 4300 1366 4355 reSponsum
1411 4291 1648 4348 reddidit
1690 4310 1706 4348 :
1754 4295 1870 4352 Nisi
1926 4275 2080 4369 prius

502 4384 625 4420 cum
688 4369 999 4428 hominibus
1050 4385 1198 4432 recte
1247 4381 1469 4447 vixeris.
1528 4401 1637 4440 non
1663 4395 1819 4457 potes
1873 4391 1925 4445 in
1969 4395 2078 4447 vita

502 4459 744 4514 solitaria
773 4461 910 4518 bene
941 4480 1121 4536 agere.

570 4551 626 4604 2.
668 4551 874 4609 Monuit
924 4557 1091 4614 abbas
1141 4558 1460 4634 Longinus:
1496 4565 1675 4624 Semel
1711 4573 1906 4628 morbo
1946 4574 2078 4632 atie-

498 4648 641 4706 ctus,
669 4644 758 4699 dic
787 4661 798 4697 :
835 4647 898 4700 Et
933 4665 1149 4716 vexare,
1171 4664 1224 4708 et
1252 4671 1466 4712 morere
1493 4676 1506 4725 ;
1537 4660 1685 4730 quod
1725 4663 1823 4718 sia
1855 4680 1941 4720 me
1975 4683 2073 4737 pe-

498 4731 653 4787 tieris
686 4744 843 4790 extra
887 4748 1102 4810 tempus
1146 4743 1503 4810 manducare,
1546 4763 1724 4819 neque
1759 4751 1860 4807 tibi
1891 4731 2074 4824 quoti-

493 4820 719 4878 dianam
744 4826 1060 4882 alimentum
1088 4834 1359 4900 praebebo.

565 4915 620 4970 ὅ.
664 4915 857 4972 Mulier
899 4920 1167 4989 quadam,
1219 4941 1340 4992 qua:
1405 4926 1460 4980 in
1527 4944 1764 4984 mamma
1816 4935 2068 4991 tnorbum

493 5003 731 5074 gerebat,
764 5007 854 5074 qui
883 5023 1080 5062 cancer
1103 5013 1428 5081 appellatur,
1457 5034 1581 5073 cum
1607 5020 1674 5075 de
1693 5023 1888 5079 abbate
1928 5025 2070 5082 Lon-

493 5097 620 5165 gino
653 5099 791 5151 l‘attla
824 5102 1143 5170 accepisset,
1173 5108 1450 5175 quaerebat
1480 5119 1538 5164 ut
1565 5113 1614 5167 ei
1640 5115 1857 5170 obviam
1893 5119 2064 5174 tieret.

497 5186 730 5243 Sedebat
763 5199 944 5245 autem
986 5192 1078 5248 ille
1119 5196 1185 5249 ad
1230 5213 1436 5253 nonum
1473 5201 1542 5255 ab
1571 5202 1898 5260 Alexandria
1933 5207 2067 5278 lapi-

2192 517 2352 572 αὑτὸν
2395 519 2462 571 ὲκ
2501 516 2594 570 τοῦ
2631 517 2796 572 τόπου
2854 519 3102 588 ἐφοϐεῖτο
3145 520 3232 574 διὰ
3262 520 3362 592 τὴν
3393 520 3635 594 ἐντολήν.
3669 523 3782 577 Kal

2189 607 2428 670 ἀναστὰς
2475 609 2504 660 6
2543 606 2717 670 άϐϐᾶς
2743 606 2886 672 Λὼτ,
2920 604 3050 680 ἦλθε
3080 610 3216 682 πρὸς
3252 611 3341 665 τὸν
3370 612 3544 667 ἁϐὁᾶν
3590 615 3782 686 ’Δρσέ-

2189 716 2320 766 νιον,
2362 701 2454 754 καὶ
2477 700 2772 772 διηγήσατο
2800 701 2950 773 αὐτῷ
2976 703 3104 774 περὶ
3129 704 3223 757 τοῦ
3247 705 3517 776 γέροντος.
3549 708 3660 762 Kal
3694 707 3782 763 λέ-

2188 806 2274 858 γει
2301 791 2450 862 αὑτῴ
2478 794 2506 845 6
2540 792 2715 858 άδὸᾶς
2755 794 3051 865 ’Δρσένιοςο
3089 795 3180 867 Μὴ
3222 795 3418 868 διώξῃς
3443 799 3629 863 αὑτὸν,
3659 790 3780 854 ἀλλ’

2189 881 2312 934 εἰπὲ
2340 882 2507 953 αὐτῷ’
2547 884 2679 938 Ἰδοὺ
2707 887 2770 938 ὲκ
2801 885 2907 939 τῶν
2932 885 3027 938 τοῦ
3059 885 3199 940 Θεοῦ
3249 889 3412 958 φάγε,
3442 890 3554 957 πίε,
3583 890 3658 956 ὡς
3689 893 3784 946 θέ-

2190 971 2323 1037 λεις,
2353 975 2511 1046 μόνον
2535 977 2625 1029 τὸν
2646 977 2805 1046 λόγον
2831 977 3020 1033 τοῦτον
3053 979 3137 1051 μὴ,
3160 980 3422 1055 λαλήσῃςο
3449 985 3544 1038 καὶ⁵
3571 985 3665 1039 ἐὰν
3691 988 3782 1042 θέ-

2189 1061 2279 1134 λῃ,
2307 1063 2633 1136 διορθοῦταιο
2667 1067 2716 1119 εί
2742 1065 2799 1119 δὲ
2825 1065 2900 1138 μὴ
2926 1065 3054 1138 θέλῃ
3084 1066 3503 1138 διορθώσασθαι,
3523 1071 3616 1140 ἀφ’
3644 1072 3780 1125 ἑαυ-

2189 1153 2282 1207 τοῦ
2307 1155 2490 1225 μέλλει
2515 1156 2852 1228 παρακαλεῖν
2883 1157 2976 1210 τοῦ
3005 1159 3360 1230 ἀναχωρῆσαι
3386 1163 3448 1213 ἐκ
3466 1161 3560 1214 τοῦ
3586 1162 3776 1216 τόπουο

2190 1243 2284 1296 καὶ⁵
2308 1244 2407 1298 οὐκ
2435 1245 2542 1298 ἀπὸ
2570 1245 2665 1298 σοῦ
2698 1247 2909 1315 γίνεται
2949 1249 2982 1317 ἡ
3013 1248 3262 1320 ἀφορμή.
3301 1249 3576 1303 Ἀπελθὼν
3619 1245 3714 1304 οὖν
3746 1251 3780 1305 6

2190 1334 2364 1398 ὰὸδᾶς
2405 1334 2530 1389 Λὼτ
2560 1337 2820 1407 ἐποίησεν
2847 1336 3040 1402 οὕτως.
3076 1328 3187 1392 Kal
3207 1342 3236 1393 6
3263 1340 3441 1410 γέρων
3467 1341 3543 1404 ὡς
3573 1342 3778 1413 ἢκουσε

2189 1425 2382 1491 ταῦτα,
2408 1427 2510 1480 οὐκ
2544 1426 2702 1498 ἤθελε
2744 1427 3161 1500 διορθώσασθαι·
3192 1430 3308 1484 ἀλλ’
3331 1432 3490 1486 ἔϐαλε
3525 1451 3777 1506 παρακαι-

2189 1519 2300 1572 λείν
2327 1519 2518 1588 λέγων·
2546 1519 2646 1573 Διὰ
2673 1520 2763 1574 τὸν
2805 1521 3009 1593 Κύριον
3037 1522 3290 1594 πέμψατέ
3325 1523 3368 1555 ¹⁸
3401 1542 3468 1595 με
3500 1525 3772 1593 ἐντεῦθεν,

2189 1610 2272 1664 ὅτι
2332 1610 2433 1664 οὐκ
2490 1609 2571 1663 ἔτι
2625 1610 2863 1682 δύναμαι
2909 1611 3172 1683 βαστάξαι
3235 1614 3335 1685 τὴν
3383 1615 3606 1686 ἔρημον.
3660 1619 3770 1672 Kal

2191 1697 2362 1763 οὕτως
2405 1699 2644 1764 ἀναστὰς
2693 1700 2905 1773 ἐξῆλθε,
2956 1703 3415 1774 προπεμπόμενος
3455 1705 3592 1776 μετὰ
3634 1707 3774 1776 ἀγά-

2121 1779 2163 1833 B
2192 1808 2320 1860 πης,

2263 1880 2328 1951 β’.
2360 1883 2666 1953 Διηγήσατό
2710 1900 2793 1947 τις
2838 1883 2965 1955 περί
3002 1901 3148 1948 τινος
3171 1884 3401 1955 ἀδελφοῦ
3441 1887 3772 1958 ἐμπεσόντος

2189 1974 2269 2036 είς
2297 1973 2591 2044 ἁμαρτίαν,
2611 1975 2694 2027 ὅτι
2717 1973 3080 2045 παραράλλων
3105 1975 3183 2047 τῷ
3206 1977 3350 2048 άϐὃᾷ
3368 1977 3511 2041 Λὼτ,
3536 1980 3769 2052 ἐταράσο

2189 2078 2312 2114 σετο
2360 2063 2740 2134 εἰσερχόμενος
2785 2063 2880 2116 καὶ
2928 2063 3304 2135 ἐξερχόμενος,
3358 2067 3432 2138 μὴ
3475 2068 3770 2140 δυνάμενος

2188 2153 2424 2208 καθίσαι.
2479 2157 2590 2208 Kal
2646 2153 2794 2223 λέγει
2823 2156 2970 2226 αὐτῷ
3017 2158 3046 2209 6
3091 2157 3264 2222 άὸὁᾶς
3309 2158 3453 2212 Λώτο
3495 2161 3560 2214 Τί
3600 2161 3765 2232 ἔχεις,

2183 2245 2405 2313 ἀδελφέ;
2437 2245 2494 2298 '0
2513 2245 2567 2298 δὲ
2592 2241 2763 2299 εἶπεν·
2803 2246 3102 2319 Ἀμαρτίαν
3129 2248 3367 2320 μεγάλην
3387 2250 3639 2322 ἐποίησα,
3668 2252 3768 2309 καὶ

2182 2337 2242 2389 οὺ
2273 2335 2502 2406 δύναμαι
2551 2336 2784 2401 ἐξειπεῖν
2837 2341 2948 2402 τοῖς
2996 2339 3256 2411 Πατράσι.
3297 2341 3456 2410 Λέγει
3499 2345 3528 2395 6
3559 2344 3763 2413 γέρων·

2195 2425 2553 2496 Ὀμολόγησόν
2587 2444 2675 2497 μοι
2715 2425 2905 2498 αὐτὴν,
2936 2427 3093 2496 κάγὼ
3129 2429 3380 2500 βαστάζω
3404 2432 3594 2502 αὐτήν.
3629 2432 3762 2487 Τότε

2181 2512 2332 2570 εἶπεν
2354 2519 2523 2591 αὐτῷ’
2549 2521 2643 2583 Εἰς
2674 2520 2930 2592 πορνείαν
2964 2521 3178 2585 ἔπεσον,
3209 2523 3301 2575 καὶ
3333 2521 3500 2576 ἔθυσα
3536 2525 3627 2578 τοῦ
3663 2544 3760 2579 τυ-

2181 2611 2294 2680 χεῖν
2322 2610 2416 2663 τοῦ
2443 2612 2788 2682 πράγματος.
2817 2612 2928 2666 Kal
2966 2612 3115 2682 λέγει
3147 2613 3292 2684 αὐτῷ
3331 2616 3358 2667 ό
3386 2615 3580 2686 γέρων’
3617 2616 3764 2690 Θάρ-

2182 2719 2265 2755 σει
2290 2704 2370 2757 ὃτι
2397 2703 2510 2756 ἔστι
2535 2705 2809 2774 μετάνοια·
2843 2702 3045 2774 ὕπαγε,
3079 2704 3248 2759 κάθου
3281 2708 3361 2770 είς
3385 2707 3446 2760 τὸ
3477 2706 3758 2779 σπήλαιον,

2181 2792 2272 2844 καὶ
2320 2793 2610 2862 νήστευσον
2649 2793 2741 2846 δύο
2779 2793 2893 2861 δύο,
2924 2793 3082 2864 κάγὼ
3114 2794 3366 2866 βαστάζω
3397 2797 3534 2868 μετὰ
3564 2797 3656 2851 σοῦ
3693 2797 3763 2850 τὸ

2177 2883 2346 2953 ἥμισυ
2386 2883 2486 2954 τῆς
2512 2884 2807 2957 ἁμαρτίας.
2847 2885 3244 2958 Πληρωθεισῶν
3292 2884 3384 2942 οὖν
3435 2888 3544 2941 τῶν
3589 2889 3757 2961 τριῶν

2179 2973 2505 3044 ἑϐδομάδων,
2566 2975 2987 3049 έπληροφορήθη
3043 2980 3072 3032 6
3120 2979 3296 3048 γέρων
3347 2979 3427 3032 ὅτι
3473 2979 3685 3044 ἐδέξατο
3729 2981 3761 3033 6

2181 3063 2311 3127 Θεὸς
2337 3065 2434 3135 τὴν
2470 3067 2756 3136 μετάνοιαν
2797 3067 2892 3121 τοῦ
2931 3069 3182 3138 ἀδελφοῦ.
3218 3071 3329 3124 Kal
3369 3070 3584 3142 ἔμεινεν
3629 3071 3762 3124 ὑπο-

2185 3155 2514 3226 τασσόμενος
2543 3155 2622 3226 τῷ
2656 3157 2872 3229 γέροντι
2897 3158 3004 3223 ἕως
3032 3159 3126 3213 τοῦ
3151 3159 3378 3214 θανάτου
3409 3159 3595 3214 αὐτοῦ.

2566 3291 2707 3360 Περὶ
2733 3293 2841 3347 τοῦ
2870 3293 3023 3351 ὰϐϐἇ
3051 3296 3366 3366 Λογγῖνον.

2255 3410 2326 3456 α’.
2359 3403 2420 3456 Ἥ
2427 3401 2669 3475 ρώτησεν
2690 3407 2719 3460 6
2739 3404 2911 3471 ἁϐσᾶς
2947 3408 3208 3476 Λογγῖνος
3222 3407 3311 3462 τὸν
3327 3407 3499 3462 ὰδόᾶν
3534 3409 3765 3463 Λούκιόν

2183 3511 2313 3547 ποτε
2344 3496 2489 3565 τρεῖς
2530 3494 2842 3566 λογισμοὺς,
2877 3496 3071 3566 λέγων’
3104 3498 3254 3552 Θέλω
3299 3497 3618 3563 ξενιτεῦσαι.
3661 3499 3766 3553 Λέ-

2183 3604 2269 3656 γει
2304 3588 2454 3659 αὺτῷ
2484 3592 2512 3642 6
2544 3589 2742 3662 γέρωνο
2789 3591 2914 3644 Ἐὰν
2961 3593 3035 3664 μὴ
3082 3595 3361 3664 κρατήσῃς
3387 3593 3487 3662 τῆς
3513 3590 3768 3663 γλώσσης

2184 3695 2300 3742 σου,
2339 3680 2441 3732 οὐκ
2488 3675 2536 3732 εἷ
2567 3679 2736 3744 ξένος,
2781 3681 2914 3733 ὅπου
2954 3680 3052 3734 ἐὰν
3089 3681 3350 3755 ἀπέλθῃς.
3394 3683 3505 3734 Καὶ
3535 3676 3636 3734 ὦδε
3669 3678 3769 3735 οὖν

2183 3771 2456 3842 κράτησον
2479 3772 2578 3842 τῆς
2600 3771 2853 3843 γλώσσης
2874 3789 2989 3838 σου,
3018 3773 3111 3826 καὶ⁵
3145 3773 3292 3838 ξένος
3315 3769 3384 3827 εί.
3423 3773 3587 3841 Λέγει
3615 3771 3768 3842 αὐτῷ

2182 3861 2366 3914 πάλινθ
2401 3861 2552 3914 Θέλω
2587 3861 2900 3933 νηστεῦσαι.
2953 3863 3247 3936 Ἀπεκρίθη
3301 3866 3330 3917 6
3365 3865 3562 3934 γέρων·
3596 3860 3769 3917 Εἶπεν

2194 3954 2422 4016 Ἦσαῖας
2454 3954 2483 4004 6
2510 3953 2815 4024 προφήτης·
2855 3955 2994 4008 Ἐὰν
3036 3954 3283 4023 κάμψῃς
3309 3953 3390 4020 ὡς
3414 3953 3628 4008 κλοιὸν
3661 3954 3766 4006 καὶ

2183 4046 2390 4112 κρίκον
2425 4043 2534 4097 τὸν
2558 4043 2865 4112 τράχηλόν
2891 4061 3032 4110 σου,
3069 4045 3214 4100 οὐδὲ
3246 4045 3434 4111 οὕτως
3459 4043 3766 4112 κληθήσε-

2181 4149 2278 4185 ται
2305 4133 2556 4198 νηστεία
2579 4131 2780 4198 δεκτήο
2815 4133 2953 4186 ἀλλὰ
2992 4134 3193 4204 μᾶλλον
3231 4133 3505 4204 κράτησον
3538 4131 3645 4186 τῶν
3674 4150 3768 4186 πο-

2182 4223 2361 4295 νηρῶν
2388 4224 2680 4295 λογισμῶν.
2720 4225 2884 4292 Λέγει
2913 4224 3061 4296 αὐτῷ
3085 4225 3146 4278 τὸ
3167 4226 3365 4297 τρίτον
3399 4226 3548 4278 Θέλω
3573 4227 3772 4294 φυγεῖν

2181 4318 2304 4379 τοὺς
2337 4317 2677 4386 ἀνθρώπους.
2721 4319 3018 4390 Ἀπεκρίθη
3049 4321 3078 4372 6
3106 4319 3302 4390 γέρων·
3346 4318 3472 4372 Ἐὰν
3511 4320 3585 4389 μὴ
3610 4317 3770 4390 πρῶ-

2181 4425 2272 4462 τον
2302 4408 2654 4484 κατορθώσῃς
2687 4410 2826 4480 μετά
2858 4410 2968 4463 τῶν
2994 4409 3320 4481 ἀνθρώπων,
3356 4410 3484 4463 οὐδὲ
3519 4410 3768 4480 καταμό-

2183 4510 2278 4557 νας
2327 4494 2549 4547 δύνασαι
2583 4497 2943 4568 κατορθῶσαι.

2253 4580 2318 4650 β’.
2349 4578 2510 4636 Εἶπεν
2537 4587 2566 4636 6
2595 4585 2767 4648 ἁδϐἄς
2798 4587 3078 4653 Λογγῖνοςο
3114 4586 3297 4650 Ἀπαξ
3319 4587 3591 4651 κακωθεὶς
3611 4587 3766 4657 λέγε,

2181 4671 2290 4724 Kal
2314 4672 2615 4742 κακώθητι,
2662 4674 2756 4726 καὶ
2796 4673 3082 4728 άπόθανον·
3117 4674 3212 4728 ἐὰν
3238 4675 3294 4728 δὲ
3327 4677 3638 4750 άπαιτήσῃς
3693 4696 3765 4748 με

2179 4761 2332 4832 παρὰ
2365 4763 2556 4834 καιρὸν
2588 4765 2804 4831 φαγεῖν,
2843 4764 2962 4818 οὐδὲ
3003 4765 3102 4836 τὴν
3127 4766 3501 4840 καθημερινὴν
3528 4784 3610 4821 σοι
3643 4787 3768 4840 τρο-

2177 4852 2285 4922 φὴν
2316 4854 2635 4926 προσφέρω.

2246 4949 2314 5012 γ’.
2348 4945 2488 5018 Γυνή
2523 4963 2608 5010 τις
2626 4946 2824 5018 ἔχουσα
2852 4947 3020 5013 πάθος
3040 4953 3184 5006 κατὰ
3205 4953 3300 5006 τοῦ
3329 4951 3543 5024 μασθοῦ
3569 4952 3763 5022 αὐτῆς,

2173 5034 2236 5087 τὸ
2256 5034 2543 5107 λεγόμενον
2565 5039 2843 5112 καρκίνον,
2858 5041 3137 5096 ἀκούσασα
3175 5061 3240 5097 πε
3249 5045 3301 5114 pl
3333 5045 3423 5098 τοῦ
3452 5045 3597 5098 ἀόϐᾶ
3615 5048 3765 5113 Λογ-

2175 5126 2348 5194 γίνου,
2378 5127 2610 5199 ἐζήτησε
2653 5135 2935 5201 συντυχεῖν
2968 5133 3134 5203 αὐτῷ.
3195 5134 3460 5204 Ἐκάθητο
3481 5131 3578 5189 οὖν
3605 5131 3768 5203 οὗτος

2173 5216 2231 5269 ἐν
2262 5217 2340 5287 τῷ
2377 5218 2551 5289 ἐνάτῳ
2579 5221 2790 5291 σημείῳ
2834 5220 3236 5294 ’Λλεξανδρείας
3267 5226 3325 5277 ³⁸.
3351 5223 3767 5297 Ἕπιζητούσης

489 5278 636 5334 dem.
688 5285 1003 5350 lnqu‘trente
1043 5300 1175 5358 ergo
1214 5289 1462 5355 muliere,
1516 5294 1717 5348 accidit
1765 5306 1822 5349 ut
1871 5298 2062 5352 beatus

2190 5308 2226 5361 ῑὲ
2248 5278 2348 5380 τῆς
2375 5278 2666 5377 γυναικὸς,
2685 5278 2885 5384 συνέϐη
2913 5278 3006 5369 τὸν
3042 5278 3306 5388 μακάριον
3333 5278 3556 5370 ἐκεῖνον.
3575 5278 3760 5369 συλλέ-

491 5372 584 5428 ille
631 5375 694 5427 ad
729 5390 877 5432 mare
913 5379 1052 5449 ligna
1088 5381 1385 5452 colligeret.
1429 5385 1598 5453 Quem
1638 5389 1938 5455 inventum,
1987 5394 2059 5447 ita

2190 5416 2283 5452 ἐιν
2330 5400 2460 5466 ξύλα
2512 5403 2661 5474 παρὰ
2697 5403 2793 5475 τὴν
2838 5405 3135 5464 θάλασσαν.
3173 5411 3283 5468 Καὶ
3312 5407 3544 5481 εὑροῦσα
3572 5405 3739 5460 αὑτίμ

565 5525 606 5556 ¹⁷
639 5525 742 5580 lsa.
767 5541 920 5593 Lvm,
955 5531 1003 5586 5.
1085 5537 1128 5567 ¹⁸
1150 5538 1233 5591 Al.
1263 5540 1496 5612 πέμψον.

564 5701 674 5776 (76)
720 5703 821 5759 Vtt.
863 5705 1016 5766 Patr.
1061 5727 1112 5775 x,
1144 5712 1228 5767 55.

1582 5547 1621 5578 ¹⁹
1664 5547 1747 5602 Al.
1783 5548 1908 5604 add.
1942 5549 2016 5619 τῷ
2050 5552 2181 5623 πρὸς
2215 5551 2447 5626 δυσμάς.
