4036 6202
194 267 321 324 937.

1349 259 1956 322 APOPHTHEGMATA
1993 258 2302 319 PATRUM.

3338 275 3440 327 2‘39

192 383 344 452 λέγει
379 381 548 452 αὐτῷ’
590 379 782 446 Ἀϐϐά,
827 379 930 434 ποῦ
967 380 1118 452 μένει
1165 383 1192 434 6
1240 381 1412 446 άϐϐᾶς
1464 383 1766 450 Δογγῖνοςι

1892 377 2260 446 compellavit,
2286 378 2538 432 nesciens
2561 377 2734 446 ipsum
2758 395 2879 436 esse
2906 381 3110 447 :Abba,
3138 383 3230 438 ubi
3262 392 3442 440 manet

194 473 381 537 δοῦλος
401 471 493 525 τεῦ
524 471 658 524 Θεοῦ
687 491 702 536 ;
725 470 800 544 μὴ
825 471 998 525 εἰδυῖα
1017 473 1096 525 ὅτι
1126 473 1286 536 αὑτός
1316 473 1484 525 ἐστιν.
1519 473 1576 524 '0
1602 471 1658 524 δέ
1679 489 1781 542 φη-

87 567 90 570 ’
200 580 276 616 σι·
314 563 382 616 Τί
415 563 585 624 θέλεις
609 562 703 615 τὸν
725 561 980 632 έπιθέτην
1005 563 1242 628 έκεῖνον;
1273 563 1346 634 μὴ
1379 562 1619 635 ἀπέλθῃς
1645 563 1766 633 πρὸς

1881 555 1965 624 pis
1994 556 2062 608 ab
2097 556 2397 626 impostore
2425 555 2556 609 illo?
2588 555 2706 610 Noli
2739 559 2803 612 ad
2845 574 2967 612 eum
2995 560 3299 628 proficisci;
3340 563 3444 618 de-

199 652 381 704 αὐτόν·
416 650 540 703 ὲπιθ
553 650 683 721 έτης
711 651 820 720 γάρ
841 651 978 703 ἐστι.
1009 650 1075 702 Τί
1102 651 1158 703 δέ
1193 653 1338 704 ἐστιν
1364 650 1392 704 6
1424 651 1601 722 ἐχειςς
1635 652 1700 704 Ἢ
1719 651 1777 705 δὲ

206 742 338 811 γυνή
387 738 550 806 ἔδειξε
598 741 659 794 τὸ
709 741 898 804 πάθος.
943 742 1000 794 '0
1034 741 1090 794 δὲ
1137 743 1442 813 σφραγίσας
1477 741 1568 796 τὸν
1591 742 1772 807 τόπον,

203 833 469 885 ἀπέλυσεν
512 830 703 900 αὐτὴν,
736 830 924 883 εἰπών’
979 831 1234 892 "Amos,
1261 833 1355 885 καὶ
1381 834 1408 886 6
1439 833 1570 896 Θεός
1597 850 1654 885 σε
1687 832 1776 886 θε-

203 922 446 994 ραπεύει*
494 923 757 990 Λογγῖνος
807 922 917 992 γάρ
954 922 1104 975 οὐδέν
1135 940 1192 974 σε
1221 923 1442 976 δύναται
1471 923 1771 994 ὠφελῆσαι.

215 1011 443 1081 Ἀπῆλθε
465 1011 522 1064 δὲ
552 1014 586 1082 ἡ
622 1012 760 1083 γυνὴ
784 1011 1117 1066 πιστεύσασα
1157 1014 1235 1084 τῷ
1264 1013 1425 1083 λόγῳ,
1461 1016 1553 1066 καὶ
1582 1015 1774 1086 ἐθερα-

199 1103 372 1174 πεύθη
409 1104 768 1174 παραχρῆμα.
801 1103 953 1157 Μετὰ
978 1103 1146 1157 ταῦτα
1180 1104 1552 1177 διηγησαμένη
1572 1107 1682 1160 τισὶ
1710 1105 1771 1160 τὸ

197 1197 452 1264 πρᾶγμα.
481 1196 576 1248 καὶ
602 1195 671 1247 τὰ
702 1197 901 1265 σημεῖα
929 1196 1157 1249 είποῦσα
1196 1196 1290 1248 τοῦ
1335 1198 1606 1268 γέροντος,
1639 1215 1772 1269 μαν-

195 1284 349 1337 θάνει
375 1285 456 1336 ὅτι
489 1284 650 1347 αὑτός
668 1286 814 1338 ἐστιν
838 1287 866 1339 6
895 1284 1067 1348 ἀϐϐᾶς
1089 1287 1367 1354 Λογγῖνος.

267 1375 332 1429 δ’.
364 1375 583 1428 ’Δλλοτε
614 1375 774 1429 πάλιν
810 1375 1062 1447 φέρουσιν
1097 1376 1246 1447 αὐτῷ
1281 1395 1424 1441 τινες
1449 1377 1768 1448 δαιμονιῶν-

192 1482 288 1517 τα.
329 1466 389 1518 '0
413 1464 468 1518 δέ
497 1482 660 1535 φησιν
687 1465 824 1536 πρὸς
878 1465 1091 1528 αὐτούς’
1141 1465 1281 1534 Ἐγώ
1307 1485 1362 1520 τι
1389 1468 1609 1538 ποιῆσαι
1639 1468 1767 1537 ὑμῖν

189 1558 300 1608 οὐκ
332 1555 457 1625 ἔχω·
483 1556 618 1609 ἀλλὰ
647 1555 846 1625 μᾶλλον
875 1556 1137 1609 ἀπέλθετε
1165 1557 1302 1627 πρὸς
1328 1556 1421 1610 τὸν
1462 1558 1634 1612 άϐϐἄν
1657 1557 1765 1630 Ζή-

191 1663 363 1699 νωνα.
391 1641 518 1700 Εἶτα
540 1647 568 1698 6
599 1646 772 1710 άϐϐἄς
796 1648 980 1718 Ζήνων
997 1645 1196 1718 ήρξατο
1222 1648 1525 1702 ἐπικεῖσθαι
1549 1649 1626 1720 τῷ
1651 1651 1767 1704 δαί-

193 1754 320 1806 μονι
356 1737 628 1790 ἐκδιώκων
659 1738 840 1791 αὐτόν.
888 1739 995 1792 Kal
1032 1738 1231 1809 ἧρξατο
1288 1739 1416 1810 βοᾷν
1471 1743 1499 1793 6
1535 1740 1761 1810 δαίμωνο

193 1829 360 1898 ’Δρτι
387 1827 648 1897 νομίζεις,
691 1828 832 1882 assa
873 1830 1079 1900 Ζήνων,
1103 1830 1184 1882 ὅτι
1236 1830 1322 1883 διὰ
1355 1831 1412 1883 σὲ
1445 1829 1756 1901 ἐξέρχομαι·

191 1917 312 1970 ἰδοὺ
342 1919 373 1970 6
405 1917 579 1980 άϐϐἂς
607 1918 858 1985 Λογγῖνος
891 1919 1006 1970 ἐκεῖ
1052 1917 1426 1988 προσεύχεται,
1471 1920 1589 1972 κατ’
1629 1919 1762 1990 ἐμοῦ

186 2007 562 2077 ἐντυγχάνων⁸
599 2008 690 2060 καὶ
725 2007 1051 2079 φοϐούμενος
1076 2008 1174 2071 τὰς
1207 2009 1368 2079 εὐχὰς
1413 2009 1575 2063 αὑτοῦ
1610 2010 1754 2081 ἐξέρ-

188 2116 389 2169 χομαι,
414 2099 533 2151 ἐπεὶ
553 2099 649 2151 οὐκ
670 2098 864 2152 ἐδίδουν
895 2117 976 2152 σοι
1005 2100 1309 2171 ἀπόκρισιν.

264 2194 329 2242 ε’.
352 2183 522 2240 Εἶπεν
542 2190 570 2240 6
602 2186 774 2251 άϐϐἄς
804 2189 1066 2257 Λογγῖνος
1111 2189 1188 2260 τῷ
1214 2190 1356 2260 άϐϐᾅ
1400 2191 1658 2262 Ἀκακίῳ⁶
1697 2193 1759 2246 Ἦ

187 2279 330 2350 γυνὴ
361 2279 484 2331 τότε
515 2277 769 2346 γινώσκει
791 2279 872 2332 ὅτι
903 2280 1213 2346 συνέλαϐεν,
1247 2283 1372 2335 ὅταν
1394 2282 1560 2352 σταλῇ
1593 2283 1652 2336 τὺ
1679 2278 1759 2336 αἶα

193 2387 274 2440 μα
300 2371 488 2440 αὐτῆς.
511 2369 699 2434 Οὕτως
728 2367 822 2424 οὖν
852 2372 946 2425 καὶ
979 2374 1011 2442 ή
1039 2372 1207 2444 ψυχὴ,
1229 2373 1349 2427 τότε
1373 2375 1632 2442 γινώσκει
1682 2378 1758 2431 ὅτι

192 2461 457 2516 συνέλαϐε
499 2461 723 2532 Πνεῦμα
755 2461 930 2530 ἅγιον,
962 2464 1087 2516 ὅταν
1135 2464 1300 2534 σταλῇ
1338 2466 1406 2519 τὰ
1444 2468 1634 2536 ῥέοντα
1665 2467 1759 2520 ἀπ’

191 2553 363 2622 αὐτῆς
383 2552 624 2606 κάτωθεν
651 2553 817 2625 πάθη.
853 2553 942 2607 Ἐν
969 2555 1078 2626 ὅσῳ
1108 2555 1165 2608 δὲ
1192 2556 1433 2626 ἐνέχεται
1464 2559 1521 2610 ἐν
1555 2558 1757 2622 αὐτοῖς,

193 2642 316 2706 πῶς
347 2642 568 2697 δύναται
611 2645 904 2709 κενοδοξεῖν
943 2646 1018 2710 ὡς
1046 2646 1293 2718 άπαθήςς
1333 2648 1432 2713 Δὸς
1454 2643 1613 2719 αἷμα,
1671 2651 1764 2705 καὶ¹

193 2732 324 2788 λάϐε
357 2735 591 2804 πνεῦμα.

642 2957 808 3027 Ἀρχὴ
835 2956 930 3010 τοῦ
953 2957 1009 3011 Μ
1037 2959 1320 3028 στοιχείου.

338 3069 479 3138 Περὶ
508 3070 612 3124 τοῦ
643 3069 792 3124 ἀϐϐᾶ
813 3072 1124 3140 Μακαρίου
1151 3072 1257 3126 τοῦ
1277 3073 1619 3142 Αἰγυπτίου.

267 3181 340 3236 α’.
377 3183 686 3253 Διηγήσατο
713 3182 838 3253 περὶ
867 3182 1058 3237 ἑαυτοῦ
1082 3186 1111 3237 6
1140 3184 1315 3248 ἀϐϐἅς
1343 3187 1646 3257 Μακάριος,
1676 3185 1764 3239 λέ-

195 3291 330 3343 γων’
368 3274 500 3328 Ὅτε
520 3275 667 3344 ἢμην
695 3273 957 3345 νεώτερος
1001 3277 1095 3328 xal.
1141 3275 1421 3346 ἐκαθήμην
1449 3279 1528 3341 είς
1559 3277 1766 3331 κελλίον

195 3368 280 3430 εἰς
299 3365 594 3434 Αἴγυπτον,
621 3365 934 3437 ἐκράτησάν
961 3384 1030 3438 με
1076 3367 1167 3420 καὶ
1213 3367 1474 3438 ἐποίησαν
1507 3368 1766 3439 κληρικὸν

193 3459 278 3520 είς
300 3457 403 3528 τήν
422 3455 636 3527 κώμην.
666 3457 773 3510 Kal
808 3457 883 3527 μὴ
918 3456 1084 3511 θέλων
1109 3457 1521 3523 καταδέξασθαι,
1567 3457 1766 3528 ἔφυγον

191 3548 275 3609 είς
289 3545 481 3616 ἕτερον
499 3546 679 3600 τόπον,
695 3547 803 3599 Kal
821 3541 952 3617 ἦλθε
977 3546 1109 3617 πρὸς
1134 3541 1199 3616 μὲ
1220 3546 1452 3617 εὐλαϐὴς
1481 3549 1763 3619 κοσμικὸς,

191 3635 294 3690 καὶ
323 3635 598 3706 ἐλάμϐανε
634 3636 696 3689 τὺ
729 3637 1042 3708 έργόχειρόν
1075 3655 1198 3708 μου,
1235 3638 1329 3692 καὶ
1365 3638 1603 3708 διηκόνει
1653 3657 1764 3710 μοι.

190 3727 409 3798 Συνέϐη
450 3727 506 3780 δὲ
535 3728 642 3780 άπὸ
680 3728 986 3799 πειρασμοῦ
1020 3730 1065 3761 ’⁸
1101 3729 1367 3800 παρθένον
1396 3730 1519 3783 τινὰ
1543 3733 1629 3794 ἐίς
1667 3730 1766 3802 τὴν

186 3819 393 3888 ubqu
419 3821 689 3875 ἐκπεσεῖν.
712 3821 822 3873 Kal.
846 3818 1010 3874 λαϐοῦ
1019 3837 1082 3873 σα
1105 3821 1247 3874 κατὰ
1264 3820 1495 3891 γαστρὸς
1519 3822 1766 3892 ἡρωτᾶτο

187 3911 278 3974 τίς
305 3910 390 3981 ειη
423 3911 452 3963 6
470 3908 626 3963 τοῦτο
653 3909 986 3982 πεποιηκώς.
1017 3910 1078 3963 Ἥ
1107 3911 1164 3964 δὲ
1208 3911 1411 3980 ἔλεγεν·
1451 3913 1510 3965 Ὀ
1552 3912 1766 3981 ἀναχω-

191 4003 389 4072 ρητής.
409 4003 518 4054 Kal
545 4001 852 4068 ἐξελθόντες
869 4003 1155 4057 συνέλαϐόν
1172 4022 1242 4074 με
1263 4005 1343 4064 είς
1372 4003 1468 4075 τὴν
1495 4005 1765 4075 magnvs“

187 4091 290 4144 καὶ
316 4090 631 4161 ἐκρέμασαν
657 4091 716 4143 έν
741 4091 816 4162 τῷ
843 4092 1096 4165 τραχήλῳ
1129 4110 1230 4164 μου
1259 4094 1644 4164 ἠσϐολωμένας
1669 4094 1767 4164 χύ-

187 4199 330 4252 τρας
359 4184 455 4234 καὶ
483 4181 622 4235 ὠτία
653 4181 869 4251 κούφων
897 4183 1028 4253 (77),
1057 4185 1151 4238 καλ⁵
1190 4185 1674 4256 περιεπόμπευσὰν
1699 4202 1767 4256 με

189 4276 248 4325 ἐν
269 4275 338 4343 τῇ
370 4271 531 4344 κώμῃ
575 4272 717 4326 κατὰ
751 4273 990 4344 ἄμφοδον
1039 4273 1172 4344 (78),
1208 4275 1498 4338 τύπτοντές
1527 4292 1617 4346 με,
1672 4275 1768 4328 καὶ

1883 466 2051 520 abbas
2081 466 2359 537 Longinus
2401 481 2593 520 servus
2626 467 2766 522 Dei?
2793 467 3091 539 Respondit
3120 487 3134 524 :
3166 471 3303 538 Quid
3339 489 3442 530 cu-

1877 655 2066 716 ceptor
2108 649 2251 700 enim
2294 656 2398 700 est.
2446 646 2587 712 Quid
2630 663 2758 702 vero
2805 658 2888 703 est
2932 652 3074 718 quod
3123 652 3332 708 babes?
3374 657 3444 712 At

1876 737 2074 791 mulier
2118 737 2366 790 morbum
2414 737 2676 793 ostendit.
2717 737 2807 792 Ille
2856 740 3010 808 signo
3054 743 3234 798 crucis
3278 760 3442 814 super

1878 827 2057 880 locum
2111 828 2285 881 morbi
2329 828 2494 889 facto,
2533 829 2888 883 dimisit‘eam
2929 847 3050 884 cum
3099 832 3184 887 bis
3216 837 3440 892 verbis:

1873 917 1997 980 Abi,
2037 917 2177 972 Deus
2205 926 2258 972 te
2288 918 2544 972 sanabit:
2585 918 2864 989 Longinus
2912 922 3118 991 quippe
3169 924 3301 977 nillil
3347 941 3444 994 po-

1875 1016 1980 1063 test
2027 1011 2286 1078 prodesse
2337 1012 2454 1064 tibi.
2500 1011 2759 1068 Discessit
2789 1014 3001 1079 mulier,
3047 1019 3281 1070 sermoni
3323 1032 3445 1073 cre-

1873 1099 2046 1166 dens;
2089 1101 2487 1171 confestimque
2521 1111 2710 1156 curata
2758 1113 2862 1159 est.
2913 1104 3108 1160 Postea
3158 1123 3280 1161 cum
3328 1125 3443 1162 rem

1871 1190 2196 1258 quibusdam
2241 1201 2540 1259 narrasset,
2571 1207 2634 1247 ac
2664 1195 2977 1262 protulisset
3024 1197 3173 1250 senis
3216 1197 3439 1266 indicia,

1870 1279 2060 1334 didicit
2083 1281 2262 1348 ipsum
2297 1281 2466 1337 fuisse
2504 1284 2750 1337 abbatem
2787 1285 3116 1355 Longinum.

1943 1371 1996 1424 4.
2037 1371 2157 1425 Alio
2193 1373 2388 1428 iterum
2435 1384 2676 1444 tempore
2720 1377 2938 1445 quidam
2999 1377 3342 1432 adduxerunt
3388 1379 3439 1433 ei

1870 1459 2284 1516 daemoniacum.
2327 1461 2419 1517 Ille
2455 1479 2584 1518 vero
2614 1465 2689 1518 ait
2729 1466 2795 1518 ad
2827 1481 2921 1520 eos
2952 1485 2966 1520 :
3013 1467 3124 1536 Ego
3156 1469 3309 1523 vobis
3346 1486 3440 1523 ne-

1867 1567 2008 1620 queo
2027 1552 2321 1622 quidquam
2350 1554 2527 1610 facere
2550 1574 2564 1621 ;
2586 1557 2679 1610 sed
2707 1558 2848 1611 abite
2870 1558 3050 1626 potius
3081 1561 3146 1613 ad
3181 1561 3435 1616 abbatem

1870 1641 2165 1697 Zenonem.
2203 1645 2391 1699 Postea
2421 1647 2589 1701 abbas
2608 1646 2754 1702 Zeno
2788 1650 2949 1718 carpit
2977 1649 3183 1705 instare
3211 1652 3438 1706 daemoai

1877 1742 1934 1787 ut
1961 1750 2084 1789 eum
2114 1737 2427 1805 expelleret.
2458 1737 2674 1793 Daemon
2703 1748 2883 1795 autem
2921 1742 3122 1810 incepit
3157 1744 3394 1800 clamare
3421 1764 3435 1800 :

1877 1821 2034 1876 Modo
2077 1833 2258 1891 putas,
2318 1826 2453 1879 abba
2503 1825 2670 1889 Zeno,
2710 1843 2794 1882 me
2856 1839 3076 1899 propter
3110 1839 3175 1886 'te
3216 1833 3436 1902 egredi;

1875 1927 2003 1967 ecce
2032 1913 2200 1968 abbas
2225 1913 2505 1984 Longinus
2536 1917 2645 1970 illic
2680 1928 2821 1981 orat,
2851 1921 3111 1977 adversus
3153 1940 3237 1977 me
3272 1926 3440 1980 inter-

1876 2004 2086 2072 pellans
2116 2019 2129 2054 :
2156 2011 2210 2059 et
2233 2006 2438 2060 veritus
2478 2007 2625 2061 illius
2665 2024 2872 2076 preces,
2914 2013 3152 2067 excedo:
3181 2015 3315 2070 alias
3343 2017 3437 2072 tibi

1877 2110 1985 2148 non
2014 2095 2284 2152 dedissem
2319 2112 2666 2166 responsum.

1947 2183 2001 2238 5.
2041 2182 2188 2238 Dixit
2238 2186 2406 2241 abbas
2435 2186 2715 2258 Longinus
2743 2188 2922 2242 abbati
2963 2191 3162 2246 Acacio
3204 2212 3218 2246 :
3259 2192 3437 2249 Femi-

1874 2290 1943 2330 na
1967 2284 2095 2330 tunc
2122 2278 2403 2346 cognoscit
2426 2295 2484 2334 se
2524 2281 2866 2350 concepisse,
2900 2297 3020 2335 cum
3066 2285 3282 2338 steterit
3311 2301 3437 2340 san-

1879 2369 2004 2439 guis
2037 2369 2156 2438 ejus
2185 2370 2291 2424 :ita
2309 2385 2439 2441 ergo
2472 2379 2526 2425 et
2558 2372 2754 2433 anima,
2790 2380 2919 2426 tunc
2949 2373 3096 2427 novit
3125 2375 3267 2444 quod
3302 2391 3435 2429 con-

1873 2461 2081 2530 ceperit
2105 2460 2370 2530 Spiritum
2402 2470 2678 2526 sanctum,
2719 2464 2940 2532 quando
2961 2472 3227 2519 steterunt
3251 2469 3342 2536 qui
3368 2468 3438 2521 ab

1871 2566 1935 2606 ea
1967 2551 2201 2606 inferius
2238 2551 2414 2606 ﬂuunt
2441 2553 2668 2609 allectus
2696 2556 2831 2622 (79).
2855 2554 3107 2622 Quandiu
3158 2567 3338 2612 autem
3366 2559 3438 2614 iis

1871 2640 2106 2694 obnoxia
2139 2651 2243 2704 est,
2279 2659 2384 2712 qua
2421 2646 2630 2700 ratione
2668 2655 2867 2716 potest.
2914 2649 3060 2702 velut
3098 2665 3268 2703 vacua
3315 2666 3435 2719 per-

1871 2731 2300 2794 turbationibus,
2333 2733 2459 2789 duci
2490 2750 2630 2790 vana
2666 2737 2880 2807 gloria?
2911 2737 2984 2792 Da
3011 2741 3354 2810 sanguinem,
3382 2751 3438 2796 et

1873 2823 2058 2892 accipe
2079 2823 2354 2893 Spiritum.

2331 2951 2664 3023 Principium
2695 2955 2886 3011 litterae
2910 2946 2979 3013 Μ.

2221 3068 2294 3122 De
2324 3069 2511 3124 abbate
2541 3069 2778 3124 Macario
2808 3070 3079 3142 ngyptiO.

1939 3181 1988 3236 1.
2027 3180 2139 3251 (80)
2187 3181 2440 3236 Narravit
2501 3184 2570 3238 de
2615 3186 2794 3252 seipso
2836 3185 3008 3240 abbas
3043 3183 3332 3251 Macarius,
3365 3187 3432 3241 ad

1867 3273 2011 3328 hunc
2049 3273 2269 3327 modum
2307 3292 2321 3328 :
2362 3275 2593 3341 Quando
2627 3292 2774 3330 eram
2821 3276 3059 3346 juvenis,
3113 3285 3166 3332 et
3203 3278 3254 3332 in
3298 3279 3433 3334 cella

1865 3365 2170 3420 residebant
2201 3366 2254 3418 in
2281 3365 2540 3436 Egypto.
2570 3367 3048 3436 apprehenderunt
3077 3383 3160 3422 me
3192 3383 3254 3422 ac
3283 3367 3427 3423 fece-

1869 3464 1994 3508 runt
2043 3457 2300 3510 clericum
2348 3458 2400 3510 in
2453 3458 2588 3512 vico.
2646 3456 2749 3512 Sed
2802 3459 2994 3513 nolens
3048 3459 3432 3527 acquiescere,

1868 3547 1976 3616 fugi
2005 3547 2069 3600 ad
2105 3549 2268 3600 alium
2315 3549 2515 3602 locum.
2557 3547 2718 3602 Venit
2763 3549 2827 3602 ad
2883 3565 2970 3604 mc
3015 3551 3294 3604 Saecularis
3349 3551 3434 3604 vir

1866 3639 2010 3706 pius,
2039 3637 2130 3707 qui
2157 3637 2460 3705 accipiebat
2480 3636 2625 3705 quod
2657 3638 2909 3691 manibus
2934 3638 3220 3705 operabar,
3250 3647 3303 3692 et
3332 3641 3432 3693 mi-

1869 3731 2145 3786 nistrabat
2175 3729 2328 3783 mihi.
2359 3728 2596 3798 Contigit
2629 3737 2806 3782 autem
2840 3746 2936 3798 per
2968 3731 3341 3793 tentationem,
3373 3740 3433 3785 ut

1866 3823 2113 3893 quaedam
2141 3824 2292 3893 virgo
2311 3821 2415 3876 vici
2445 3821 2694 3890 prolapsa
2725 3821 2798 3875 sit
2823 3821 2878 3875 in
2909 3829 3178 3890 stuprum.
3211 3821 3280 3874 Ea
3304 3836 3430 3876 cum

1870 3926 2081 3969 uterum
2135 3924 2366 3985 gereret,
2397 3913 2837 3982 interrogabatur
2879 3913 3002 3983 quis
3047 3922 3192 3967 esset
3240 3925 3433 3968 auctor

1863 4002 2134 4058 criminis.
2195 4001 2492 4072 Respondit
2546 4002 2765 4071 itaque,
2834 4003 3218 4057 anachoretam
3286 4017 3429 4059 esse.

1868 4093 2024 4148 Unde
2045 4095 2277 4164 egressi,
2309 4093 2835 4163 comprehenderunt
2861 4107 2947 4147 me
2980 4092 3434 4162 adduxeruntque

1868 4182 1934 4236 ad
1971 4182 2148 4235 vicum
2175 4199 2188 4244 ;
2219 4190 2384 4250 atque
2421 4183 2797 4251 appenderunt
2835 4183 2978 4236 collo
3023 4180 3247 4252 fuligine
3291 4182 3434 4238 infc-

1865 4280 1984 4326 ctas
2012 4271 2148 4326 ollas
2178 4287 2298 4324 cum
2324 4271 2475 4326 ansis
2503 4285 2782 4336 vasorum,
2819 4271 3007 4340 sicque
3055 4270 3436 4328 circumduxe-

189 4363 464 4430 λέγοντες
495 4357 664 4426 Οὗτος
696 4365 724 4417 6
752 4363 982 4435 μοναχὺς
1011 4364 1258 4437 ἔφθειρεν
1298 4367 1454 4436 ήμῶν
1488 4367 1586 4437 τὴν
1623 4383 1764 4440 παρ·

1870 4370 1997 4416 runt
2038 4377 2123 4414 me
2166 4361 2219 4415 in
2258 4362 2377 4416 vico
2410 4379 2505 4432 per
2535 4363 2793 4432 compita,
2844 4363 3217 4423 verberantes,
3258 4379 3321 4419 ac
3351 4365 3434 4418 di-

193 4453 370 4515 θένον,
421 4453 613 4508 λάϐετε
662 4455 843 4518 αὑτὸν,
877 4454 1091 4508 λάϐετε.
1124 4457 1234 4509 Kal.
1282 4457 1482 4526 ἐτυψάν
1515 4475 1582 4528 με
1615 4458 1768 4529 παρὰ

196 4545 395 4614 μικρὸν
428 4543 523 4597 τοῦ
557 4544 862 4601 ἀποθανεῖν.
920 4544 1120 4599 Ἐλθὼν
1150 4547 1206 4600 δέ
1244 4565 1328 4609 τις
1365 4547 1474 4600 τῶν
1497 4548 1766 4618 γερόντων

193 4631 360 4686 εἶπεν⁴
406 4632 550 4696 Ἕως
579 4635 704 4686 πότε
731 4634 961 4688 τύπτετε
994 4635 1084 4689 τὸν
1120 4634 1269 4698 ξένον
1300 4635 1559 4705 μοναχόν;
1603 4636 1663 4688 '0
1707 4634 1765 4688 δὲ

192 4723 459 4778 διακονῶν
485 4741 574 4794 μοι
610 4725 892 4794 ἠκολούθει
912 4727 1087 4780 ὀπίσω
1114 4743 1214 4797 μου
1251 4722 1766 4804 αἰδούμενος.⁷Ησαν

191 4819 301 4887 γὰρ
330 4814 643 4885 ὑϐρίζοντες
693 4816 853 4869 αὐτὸν
887 4817 1078 4882 πολλὰ,
1131 4818 1223 4870 καὶ
1249 4817 1516 4885 λέγοντες·
1572 4816 1700 4869 Ἰδοὺ
1735 4817 1764 4868 6

192 4905 548 4977 ἁναχωρητὴς
582 4905 639 4957 ὃν
667 4907 711 4938 ²¹
733 4908 797 4962 σὺ
815 4906 1166 4977 ἐμαρτύρεις,
1189 4907 1241 4959 τί
1269 4905 1524 4978 ἐποίησε;
1551 4906 1659 4959 Kal.
1678 4904 1766 4958 λέη

1868 4458 2056 4503 centes
2087 4462 2101 4498 :
2131 4447 2237 4503 Iste
2273 4451 2576 4506 monachus
2609 4451 2819 4504 vitiavit
2858 4458 3100 4506 nostram
3126 4452 3429 4521 virginem;

1867 4543 2046 4612 capite
2080 4556 2226 4605 eum,
2265 4541 2463 4610 capite.
2523 4541 2585 4594 Et
2624 4548 3016 4610 percusserunt
3058 4555 3144 4594 me
3196 4557 3330 4609 pene
3364 4543 3433 4595 ad

1867 4641 2116 4687 mortem.
2165 4632 2443 4689 Accedens
2498 4647 2629 4688 vero
2685 4633 2886 4703 aliquis
2941 4647 3158 4698 senum,
3214 4631 3352 4685 dixit
3413 4647 3428 4684 :

1867 4720 2163 4791 Quousque
2201 4721 2410 4777 cazditis
2456 4723 2782 4778 monachum
2832 4727 2996 4778 istum
3040 4721 3432 4791 peregrinum?

1867 4812 1968 4878 Qui
2007 4822 2185 4867 autem
2229 4814 2359 4866 mihi
2391 4814 2757 4876 ministrabat,
2795 4813 3124 4882 sequebatur
3157 4819 3280 4881 post
3319 4826 3429 4871 me.

1870 4906 2079 4976 pudore
2125 4905 2388 4961 suﬂ‘usus.
2433 4907 2614 4962 Multis
2655 4907 2856 4978 quippe
2901 4905 3254 4963 contumeliis
3308 4919 3432 4959 eum

262 5062 310 5093 ³⁸
337 5063 423 5120 Al.
451 5063 618 5117 inser.
649 5062 971 5118 διαϐολικοῦ.
1047 5064 1090 5094 ’⁸
1127 5061 1208 5115 ΑΙ.
1234 5063 1282 5115 οἱ
1309 5059 1409 5131 τῆς
1427 5059 1638 5131 κώμης.
1718 5064 1762 5095 ²¹
1791 5052 1960 5126 Α1.ᾧ.

231 5219 376 5302 ,(77)
410 5220 683 5302 erjgar.
712 5217 855 5302 “Vos
915 5217 1369 5302 Graeco-Barbara
1396 5233 1517 5302 λεδ
1574 5215 1764 5302 graeca

199 5306 364 5358 ωφος

1933 5216 2043 5286 (78)
2081 5214 2616 5284 Περιεπόμπευσάν
2631 5231 2707 5283 με
2727 5214 2796 5286 ἐν
2824 5211 3093 5286 sifaciin
3110 5211 3262 5286 και-ξι
3281 5211 3432 5280 ἀμφ-

370 5329 382 5347 .
418 5290 470 5342 ni
499 5281 681 5365 fallor.
711 5288 912 5365 Praeter
955 5289 1339 5365 grammaticos
1355 5326 1383 5365 ,_
1401 5285 1761 5365 Orientalium
1858 5281 2279 5365 0607.'_bi_ininia
2311 5281 2606 5365 nudatique
2632 5281 2835 5365 corrigi
2880 5281 3043 5365 debet.
3067 5281 3264 5365 Pelagii
3304 5297 3427 5365 ver-

201 5350 456 5440 géodjca
479 5357 931 5440 ‘adnfbeopliilam
951 5350 1349 5440 imperatorem,
1371 5357 1424 5410 in
1462 5356 1766 5440 Qriginibas
1861 5357 1945 5438 sio
1975 5374 2009 5440 ξ.
2028 5354 2388 5440 ﬁliserugtlme
2416 5355 2720 5440 finitarum
2845 5354 2954 5440 uico
2979 5350 3432 5440 illo,scribendo,

202 5423 304 5498 UP.
339 5428 656 5483 Combeﬁsii
688 5423 741 5498 ρ.
776 5429 872 5482 151
915 5447 928 5483 :
977 5423 1280 5498 Περικλείει
1331 5426 1519 5498 έαυτδν
1561 5423 1618 5479 ἒν
1656 5429 1766 5498 τοῖς

1870 5427 2191 5498 circjturgm.
2217 5423 2396 5498 Editio
2418 5423 2687 5498 Lugduni:
2703 5423 2947 5477 circuire.
2979 5425 3061 5476 An
3093 5423 3366 5478 circitare?

204 5497 286 5549 τοῦ
338 5499 653 5568 Δαγιστέως
683 5495 920 5568 μεγάλου
940 5495 1177 5568 ,λουτροῦ
1210 5496 1316 5550 τῶν
1345 5495 1605 5568 καμίνωνί
1636 5495 1767 5549 κού-

207 5567 426 5690 ῖροιῗ.ᾱζιι
452 5567 693 5639 Dagistci
729 5571 906 5638 magni
927 5567 1101 5623 balnei
1131 5569 1456 5622 caminorum
1488 5567 1633 5635 cupis
1660 5582 1778 5623 sese

209 5650 278 5690 mc
302 5652 330 5690 ιι
371 5649 436 5692 u.

1934 5495 2046 5564 (79)
2078 5493 2380 5564 porotbeus
2410 5493 2587 5564 Dgctr.
2608 5493 2714 5564 λθ.

1935 5561 2045 5634 (80)
2072 5563 2320 5618 Bolland.
2357 5579 2424 5617 xv
2450 5561 2569 5618 Jan.
2607 5561 2712 5616 Vit.
2751 5561 2901 5616 Patr.
2932 5576 3022 5626 xv,
3043 5561 3137 5617 ‘55.

3471 5167 3479 5234 l
