4036 6202
546 307 652 358 259

553 413 872 478 atlcccrant,
922 411 1235 482 lnquientes
1278 429 1292 467 :

553 504 925 559 testimonium
1003 503 1376 574 perhibebas,
1451 501 1582 570 quid
1621 497 1782 555 fecit?
1835 498 1917 552 Ad
2006 496 2120 550 haec

552 595 704 648 aiunt
760 601 1011 663 parentes
1075 594 1268 662 puclla:
1313 608 1328 646 :
1381 590 1499 647 Non
1557 591 1897 645 dimittemus
1951 601 2114 653 eum,

550 681 724 737 donec
785 681 1160 750 lidejussorem
1255 681 1469 738 dederit
1531 679 1679 751 quod
1762 678 1996 732 aliturus
2049 676 2120 732 sit

551 786 690 825 eam.
743 771 929 838 Itaque
963 769 1264 840 signiﬁcavi
1311 771 1567 825 ministro
1594 769 1672 822 illi
1705 782 1861 831 meo;
1898 775 1952 820 et
1993 779 2120 833 spo-

551 861 741 932 pondit
776 875 874 930 pro
908 875 1012 914 me.
1047 857 1243 914 Postea
1273 859 1556 930 profectus
1587 856 1654 912 ad
1691 857 1888 911 cellam
1921 869 2117 918 meam,

456 1002 460 1007 .
551 953 672 1007 dedi
701 955 748 1007 ei
775 967 914 1022 quas
947 951 1430 1024 habuisportulas,
1458 951 1649 1007 dicens
1680 969 1694 1005 :
1728 948 1933 1013 Vende,
1958 954 2012 1003 et
2039 945 2122 1000 af-

551 1044 631 1098 fer
667 1044 848 1098 cibum
878 1044 1035 1098 uxori
1063 1059 1215 1099 mere.
1253 1042 1390 1098 Tum
1423 1043 1568 1114 apud
1599 1058 1718 1098 me:
1750 1039 1972 1105 Macari,
1993 1053 2121 1094 ecce

553 1133 807 1189 invenisti
841 1135 936 1188 tibi
982 1149 1206 1189 uxorem
1248 1152 1263 1191 :
1313 1142 1531 1206 oportet
1583 1141 1642 1187 ut
1679 1132 1841 1202 paulo
1887 1130 2122 1201 amplius

552 1224 791 1287 labores.
835 1240 942 1295 quo
967 1227 1178 1281 nutrias
1209 1241 1351 1281 eam.
1390 1225 1455 1278 Et
1489 1225 1757 1302 operabar
1798 1230 1959 1277 nocte
2002 1220 2122 1277 die-

553 1331 684 1384 que.
728 1317 1118 1386 mittebamque
1149 1319 1218 1372 ei.
1251 1317 1422 1373 Porro
1470 1331 1593 1371 cum
1639 1315 1858 1371 advenit
1909 1323 2122 1382 tempus

551 1407 768 1462 misera:
798 1417 856 1460 ut
886 1419 1121 1476 pareret,
1157 1407 1223 1460 ad
1271 1408 1474 1462 multos
1519 1406 1638 1461 dies
1685 1406 1740 1460 in
1783 1405 2120 1461 cruciatibus

552 1497 889 1567 permansit,
939 1485 1349 1567 nec'pariebat.
1401 1497 1805 1555 Percontantur
1840 1497 1968 1567 quid
2017 1497 2120 1554 hoc

551 1595 719 1642 esset.
756 1587 847 1640 Illa
879 1588 1164 1657 respondit
1197 1605 1211 1642 :
1247 1586 1360 1658 Ego
1383 1589 1500 1644 scio
1544 1604 1559 1642 :
1596 1587 1854 1658 quoniam
1881 1586 2119 1641 anacho-

551 1687 724 1733 retam
755 1679 1087 1733 calumniata
1113 1694 1255 1743 sum,
1287 1679 1608 1750 prolatoque
1640 1679 1926 1734 mendacio
1955 1694 2119 1733 accu-

553 1769 698 1834 savi;
748 1785 922 1838 neque
970 1770 1114 1825 enim
1158 1770 1212 1824 in
1257 1770 1418 1840 culpa
1463 1779 1568 1834 est,
1613 1771 1708 1826 sed
1755 1770 1846 1824 ille
1876 1769 2120 1840 juvenis.
2157 1752 2197 1807 Β

554 1860 709 1916 Tunc
745 1863 838 1933 qui
883 1862 1233 1918 ministrabat
1281 1863 1409 1916 mihi
1440 1863 1596 1917 laetus
1638 1863 1941 1918 adveniens
1981 1878 2125 1917 nun-

555 1953 710 2007 Iiavit
741 1972 754 2007 :
787 1953 952 2022 Virgo
995 1955 1087 2008 illa
1112 1969 1221 2008 non
1253 1956 1428 2024 potuit
1452 1970 1663 2024 parere,
1696 1954 1871 2010 donec
1890 1954 1962 2009 ita
1985 1969 2125 2009 con-

551 2043 797 2099 titeretur
827 2063 838 2099 :
876 2044 1039 2098 Extra
1073 2045 1287 2114 culpam
1317 2051 1400 2100 est
1449 2045 1775 2102 anachoreta
1797 2086 1810 2110 ,
1845 2046 1938 2102 sed
1979 2060 2132 2100 men-

555 2133 655 2188 tita
703 2150 824 2188 sum
857 2135 1122 2190 adversus
1157 2152 1279 2190 eum
1332 2154 1346 2191 :
1393 2145 1446 2192 et
1481 2151 1610 2192 ecce
1650 2145 1797 2192 totus
1833 2137 1985 2192 vicus
2019 2136 2127 2191 huc

556 2225 825 2281 accedere
863 2227 977 2280 vult
1007 2241 1133 2282 cum
1158 2228 1386 2292 honore,
1425 2237 1484 2282 ut
1514 2229 1726 2282 veniam
1753 2242 1781 2280 a
1810 2235 1862 2282 te
1894 2225 2122 2294 supplex

554 2319 820 2386 postulet.
867 2316 963 2374 His
993 2334 1094 2389 ego
1120 2319 1346 2380 auditis,
1377 2333 1444 2373 ne
1470 2317 1598 2372 mihi
1627 2316 1931 2370 molestiam
1963 2331 2122 2383 paro-

1699 287 2036 346 APPENDIX
2077 287 2166 342 AD
2201 286 2618 348 PALLADIUM.

1337 411 1478 467 Ecce
1523 407 1875 471 anachoreta,
1923 404 2015 459 cui
2061 414 2117 459 tu

2231 419 2408 474 γουσιν
2439 407 2489 460 οἰ
2522 406 2700 475 γονεῖς
2737 401 2927 475 αιῖετῆς⁸
2958 405 3072 460 Οὐκ
3098 405 3410 479 ἀπολύομεν
3445 403 3631 474 αὑτὸν,
3674 407 3781 474 tu;

3671 292 3777 350 360

2217 494 2292 564 δῷ
2336 495 2606 566 ἐγγυητὴν
2637 493 2731 548 τοῦ
2769 495 2988 567 τρέφειν
3012 496 3198 568 αὐτήν.
3224 498 3336 550 Kal
3363 488 3518 550 εἶπον
3546 494 3627 568 τῷ
3662 497 3783 552 δια-

2219 589 2416 657 κονητῇ
2450 603 2570 656 μου·
2614 588 2706 640 κα)⁸
2743 587 3117 659 ὲνηγγυήσατό
3150 605 3238 659 με.
3275 587 3387 641 Kal
3410 585 3662 642 ἀπελθὼν
3701 591 3785 654 εἰς

2216 675 2279 730 τὸ
2303 677 2510 731 κελλίον
2544 696 2668 748 μου,
2692 677 2868 732 ἔδωκα
2901 677 3047 749 αὑτῷ
3085 679 3184 732 ὅσα
3214 675 3357 749 εἶχον
3391 678 3668 750 σπυρίδια,
3691 679 3783 733 ac.

2217 785 2348 837 γων·
2383 767 2658 840 Πώλησον,
2691 770 2788 822 xal
2825 769 2910 832 δὸς
2942 773 3008 840 τῇ
3042 769 3256 838 γυναικί
3295 786 3395 838 μου
3427 771 3637 838 φαγεῖν.
3676 769 3774 824 Kal

2218 859 2400 928 ἔλεγον
2440 859 2518 930 τῷ
2544 860 2788 932 λογισμῷ
2821 878 2943 933 μουο
2977 861 3251 932 Μακάριε,
3285 861 3396 914 ἰδοὺ
3419 856 3576 932 εὗρες
3605 861 3788 935 ἑαυτῷ

2218 952 2470 1017 γυναῖκα·
2517 950 2624 1022 χρὴ
2667 950 2994 1022 ἐργάζεσθαι
3054 949 3248 1022 μικρὸν
3297 952 3553 1022 περισσὸν
3592 954 3660 1018 ⁸³,
3700 955 3790 1008 ἵνα

2217 1041 2421 1110 τρέφῃς
2475 1040 2662 1110 αὑτήνο
2704 1042 2796 1094 καὶ
2834 1040 3167 1112 εἰργαζόμην
3199 1039 3368 1094 νύκτα
3409 1043 3504 1096 καὶ
3553 1043 3787 1115 ἡμέραν,

2220 1132 2315 1184 καὶ
2335 1130 2582 1200 ἔπεμπον
2608 1130 2764 1202 αὐτῇ.
2801 1132 2911 1185 Καὶ
2935 1133 3022 1185 ὅτε
3059 1127 3222 1203 ἦλθεν
3249 1134 3276 1185 6
3302 1131 3491 1203 καιρὸς
3521 1136 3586 1204 τῇ
3626 1134 3790 1206 ἀθλία

2219 1225 2415 1284 τεκεῖν,
2441 1221 2652 1294 ἔμεινεν
2681 1223 2772 1276 ἐπὶ
2805 1222 3003 1287 πολλὰς
3023 1224 3237 1296 ἡμέρας
3262 1224 3678 1298 βασανιζομένη,
3694 1227 3793 1281 καὶ

2219 1314 2318 1367 οὐκ
2339 1313 2538 1368 ἔτικτε.
2573 1315 2682 1367 Kal
2709 1313 2956 1383 λέγουσιν
2986 1315 3143 1386 αὐτῇ·
3172 1315 3236 1367 Τί
3265 1317 3379 1368 ἐστι
3406 1315 3598 1382 τοῦτο;
3643 1318 3704 1370 Ἦ
3731 1318 3792 1372 δὲ

2222 1401 2396 1459 εἶπενο
2426 1404 2566 1474 Ἐγὼ
2585 1401 2720 1459 οῖδα·
2741 1407 2824 1459 ὅτι
2855 1407 2945 1460 τὸν
2973 1405 3329 1478 άναχωρητὴν
3350 1407 3787 1478 ἐσυκοφάντησα,

2223 1497 2319 1551 καὶ
2341 1496 2656 1568 ψευσαμένη
2687 1497 3019 1569 ᾐτιασάμην
3051 1497 3144 1552 καὶ
3189 1493 3342 1560 οὗτος
3368 1499 3468 1552 οὐκ
3492 1499 3604 1570 ἔχει
3649 1501 3792 1572 πρᾶ-

2223 1603 2358 1657 γμα,
2387 1587 2502 1642 ἀλλ’
2527 1590 2555 1642 6
2575 1587 2719 1642 6ei'va
2762 1589 2791 1642 6
2834 1587 3114 1658 νεώτερος.
3141 1588 3250 1644 Kal
3283 1588 3452 1643 ἐλθὼν
3482 1592 3511 1643 6
3529 1589 3792 1644 διακονῶν

2228 1697 2316 1750 μοι
2345 1679 2549 1752 χαίρων
2581 1679 2784 1748 ἔλεγεν,
2821 1680 2905 1732 ὅτι
2930 1679 3030 1732 οὐκ
3061 1678 3297 1750 ήδυνήθη
3325 1681 3500 1734 τεκεῖν
3524 1680 3557 1750 ή
3588 1680 3792 1751 παρθέο

2225 1787 2314 1835 νος
2337 1771 2542 1842 ἐκείνη,
2575 1771 2680 1834 ἓως
2707 1765 2767 1824 οὗ
2793 1770 3132 1841 ὡμολόγησε,
3163 1769 3415 1838 λέγουσα,
3429 1770 3510 1823 ὃτι
3535 1770 3649 1823 Οὐκ
3677 1771 3790 1841 ἔχει

2225 1857 2454 1925 πρᾶγμα
2478 1855 2506 1908 6
2545 1855 2919 1927 ἀναχωρητὴς,
2959 1854 3071 1908 ἀλλ’
3111 1853 3424 1927 ἐψευσάμην
3461 1856 3578 1908 κατ’
3602 1855 3796 1908 αὐτοῦ’

2225 1948 2318 1999 καὶ
2350 1946 2455 2000 ἰδοὺ
2500 1948 2646 2000 πᾶσα
2668 1948 2700 2017 ή
2725 1945 2886 2017 κώμη
2919 1945 3058 1999 θέλει
3085 1945 3255 1998 ἐλθεῖν
3295 1939 3396 1998 ὦδε
3432 1945 3567 2016 μετὰ
3609 1946 3790 2016 δόξης,

2225 2038 2319 2090 καὶ
2353 2037 2684 2108 μετανοῆσαι
2712 2054 2815 2091 σοι.
2867 2035 3006 2104 Ἐγὼ
3037 2037 3093 2090 δὲ
3120 2036 3358 2100 ἀκούσας
3387 2035 3577 2098 ταῦτα,
3605 2038 3690 2092 ἵνα
3717 2038 3794 2108 μὴ

2225 2128 2451 2196 θλίψωσί
2478 2146 2543 2198 με
2574 2129 2622 2181 οἰ
2652 2128 2947 2198 ἄνθρωποι,
2982 2127 3211 2198 ἀνέστην
3237 2127 3330 2180 καὶ
3359 2126 3555 2195 ἔφυγον
3576 2121 3674 2180 ὧδε
3713 2129 3795 2193 εἰς

2231 2219 2447 2288 Σκῆτιν.
2489 2219 2635 2290 Αὕτη
2672 2219 2819 2272 ἐστὶν
2855 2221 2889 2289 ή
2928 2217 3194 2289 ἀρχὴτῆς
3219 2217 3416 2285 αἰτίας,
3439 2216 3506 2270 δι’
3535 2217 3599 2287 ἢν
3634 2211 3795 2288 ἦλθον

2227 2309 2348 2368 ὦδε.

555 2419 679 2464 rent
701 2409 974 2472 homines,
1019 2411 1236 2468 surrexi
1274 2410 1558 2477 atquehuc
1584 2408 1638 2462 in
1674 2407 1876 2464 Scetim
1903 2408 2034 2478 fugi.
2068 2408 2197 2465 lnde
2223 2407 2551 2479 principium
2593 2418 2921 2474 causamque
2971 2407 3136 2464 habet
3176 2425 3330 2466 meus
3369 2410 3459 2466 hic
3507 2410 3797 2464 adventus.

621 2523 677 2576 2.
720 2523 831 2592 (8|)
872 2521 1034 2576 Venit
1075 2522 1370 2592 aliquando
1419 2521 1689 2578 Macarius
1751 2523 2039 2596 Egyptius
2085 2539 2116 2580 e

558 2610 700 2664 Sceti
767 2610 834 2664 ad
891 2622 1128 2667 montem
1187 2611 1376 2668 Nitriae
1445 2613 1498 2667 in
1557 2614 1835 2670 oblatione
1902 2615 2118 2670 abbatis

556 2700 767 2758 Pambo
794 2721 810 2769 ;
840 2713 892 2757 et
925 2703 1113 2758 dicunt
1139 2705 1187 2759 ei
1213 2720 1374 2760 senes
1409 2724 1424 2761 :
1463 2704 1779 2760 Sermonem
1805 2705 1986 2776 profer
2014 2706 2122 2760 t‘ra-

559 2795 757 2859 tribus,
795 2795 980 2852 Pater.
1035 2799 1172 2852 Tum
1205 2799 1298 2854 ille
1326 2799 1445 2854 iniit
1491 2817 1504 2854 :
1552 2798 1666 2869 Ego
1695 2799 1938 2852 nondum
1979 2798 2128 2854 evasi

560 2887 614 2940 in
649 2889 1018 2956 monachum;
1068 2891 1160 2945 sed
1213 2891 1512 2946 monachos
1537 2891 1672 2945 vidi.
1719 2889 1846 2944 Mihi
1895 2904 2132 2960 namque

561 2978 857 3048 aliquando
899 2981 1112 3037 sedenti
1158 2983 1212 3036 in
1258 2983 1395 3037 cella
1440 2983 1582 3053 apud
1623 2983 1849 3045 Scetim,
1893 2981 2134 3036 molesta

565 3081 724 3122 erant
775 3071 1175 3140 cogitationes,
1220 3078 1572 3141 suggerentes
1619 3086 1631 3120 :
1678 3070 2029 3124 Proﬁciscere
2075 3069 2131 3124 in

562 3161 938 3222 solitudinem,
971 3171 1021 3214 ct
1056 3163 1177 3226 vide
1205 3162 1338 3231 quid
1375 3163 1486 3216 illic
1511 3162 1688 3216 oculis
1719 3162 1828 3216 tuis
1855 3168 2126 3215 occurret.

562 3250 782 3305 Perstiti
830 3257 1008 3303 autem
1065 3253 1309 3320 quinque
1352 3253 1534 3314 annis,
1577 3265 1825 3321 pugnans
1868 3251 2131 3306 adversus

561 3342 968 3410 cogitationem,
1000 3339 1077 3394 Ne
1105 3341 1270 3405 forte,
1303 3342 1578 3410 inquiens,
1608 3357 1637 3395 a
1669 3342 2008 3398 daemonibus
2037 3345 2127 3398 sit.

567 3430 744 3500 thue
771 3433 1140 3499 perseveravit
1175 3433 1455 3502 cogitatio,
1489 3433 1596 3486 abii
1633 3434 1684 3486 in
1722 3449 1985 3488 eremum.
2015 3434 2132 3489 Illic

563 3519 743 3575 inveni
795 3526 1047 3588 stagnum
1080 3535 1203 3574 cum
1241 3521 1418 3575 insula
1459 3523 1517 3576 in
1560 3525 1738 3578 medio
1778 3525 1943 3592 ejus:
1985 3532 2039 3579 et
2065 3525 2130 3578 ad

565 3607 696 3662 illud
738 3609 1030 3663 veniebant
1074 3610 1264 3664 bestia:
1309 3612 1512 3676 eremi,
1559 3620 1619 3666 ut
1660 3613 1927 3682 biberent.
1987 3613 2134 3679 Quas

564 3700 704 3753 inter
729 3699 988 3768 conspexi
1017 3699 1157 3755 duos
1185 3701 1432 3755 homines
1459 3703 1635 3756 nudos
1665 3721 1678 3757 :
1713 3711 1767 3758 et
1796 3705 2133 3759 contremuit

563 3803 764 3858 corpus
799 3805 1012 3857 meum;
1045 3791 1358 3846 existimavi
1390 3794 1535 3847 enim
1569 3809 1693 3848 esse
1726 3795 1978 3864 spiritus.
2025 3794 2133 3866 Ipsi

564 3890 694 3928 vero
725 3885 1014 3945 postquam
1058 3893 1143 3932 me
1181 3879 1437 3932 viderunt
1471 3886 1815 3944 trementem,
1868 3881 1942 3934 ita
1967 3882 2134 3937 locuti

567 3974 695 4020 sunt
728 3985 741 4020 :
772 3965 893 4020 Noli
918 3968 1140 4034 timere;
1168 3969 1329 4022 etiam
1363 3986 1465 4025 nos
1493 3970 1744 4025 homines
1771 3985 1986 4026 sumus.
2014 3971 2134 4026 Dixi

565 4060 704 4115 illis:
748 4059 904 4116 Unde
935 4064 1100 4130 estis,
1136 4072 1188 4117 et
1217 4065 1496 4133 quomodo
1528 4063 1762 4119 venistis
1795 4064 1849 4118 in
1883 4065 2137 4120 solitudi-

566 4163 690 4202 nem
732 4149 910 4204 hanc?
942 4149 1363 4220 Responderunt
1391 4168 1408 4204 :
1439 4152 1479 4206 E
1510 4150 1766 4208 coenobio
1803 4166 1996 4205 sumus
2025 4169 2038 4204 :
2064 4158 2140 4202 at-

567 4255 674 4310 que
695 4256 758 4295 ex
794 4251 983 4296 mutuo
1015 4257 1286 4297 consensu
1317 4243 1525 4313 egressi
1554 4244 1808 4297 venimus
1839 4244 1945 4297 huc
1968 4257 1983 4307 ;
2010 4255 2138 4296 ecce

567 4335 929 4406 quadraginta
954 4336 1158 4389 abhinc
1185 4336 1314 4389 anni
1355 4337 1751 4404 praterierunt.
1799 4334 1950 4391 Unus
1975 4350 2006 4390 e
2035 4348 2136 4388 no-

2293 2524 2360 2595 β’.
2383 2519 2553 2576 uno:
2576 2539 2704 2576 ποτε
2724 2523 3010 2593 Μακάριος
3037 2524 3066 2576 6
3098 2523 3391 2591 Αἰγύπτιος
3418 2522 3525 2575 ἀπὸ
3549 2523 3801 2590 Σκήτεως

2225 2615 2305 2678 εἰς
2321 2615 2382 2667 τὸ
2408 2614 2533 2686 ὅρος
2552 2615 2651 2684 τῆς
2679 2613 2908 2685 Νιτρίας
2937 2615 3016 2677 εἰς
3046 2614 3145 2684 τὴν
3173 2613 3488 2684 προσφορὰν
3515 2612 3606 2667 τοῦ
3655 2611 3801 2666 άεὸᾶ

2227 2704 2466 2777 Παμὸώο
2494 2705 2589 2764 καὶ
2608 2705 2856 2773 λέγουσιν
2903 2705 3052 2774 αὐτῷ
3091 2706 3140 2756 οἰ
3178 2705 3448 2774 γέροντεςο
3487 2704 3620 2756 Εἰπὲ
3647 2703 3799 2773 ῥῆμα

2224 2797 2338 2858 τοῖς
2359 2794 2625 2865 ἀδελφοῖς,
2655 2795 2854 2864 Πάτερ.
2873 2794 2930 2847 '0
2960 2795 3017 2848 δὲ
3049 2789 3220 2847 εἶπεν·
3262 2793 3405 2862 Ἐγὼ
3431 2793 3582 2847 οΰπω
3600 2794 3798 2862 γέγονα

2232 2887 2483 2959 μοναχδς,
2530 2886 2643 2939 ἀλλ’
2689 2882 2828 2938 εἶδον
2880 2884 3166 2956 μοναχούς,
3215 2885 3526 2956 Καθημένῳ
3569 2885 3676 2954 γάρ
3710 2885 3799 2953 μοί

2230 2997 2359 3034 ποτε
2387 2981 2444 3032 ὲν
2480 2979 2560 3048 τῷ
2587 2978 2780 3047 κελλίῳ
2815 2979 2896 3041 εἰς
2927 2977 3146 3048 Σκῆτιν,
3195 2976 3445 3047 ῶχλησάν
3479 2993 3568 3047 μοι
3612 2977 3663 3028 οἱ
3707 2975 3799 3028 λο-

2233 3069 2421 3139 γισμοί
2447 3067 2717 3135 λέγοντες·
2764 3067 2998 3120 Ἀπελθε
3038 3068 3116 3130 εἰς
3149 3068 3246 3137 τὴν
3276 3066 3497 3139 ἔρημον,
3527 3067 3622 3122 καὶ
3653 3067 3725 3120 ἰδε
3749 3066 3802 3120 τί

2236 3159 2453 3230 βλέπεις
2485 3160 2618 3211 ἐκεῖ.
2655 3159 2884 3227 Ἔμεινα
2913 3157 2969 3209 δὲ
2994 3156 3243 3228 πολεμῶν
3277 3157 3354 3227 τῷ
3375 3149 3619 3227 λογισμῷ
3644 3157 3800 3209 πέντε

2231 3249 2348 3321 ἔτη,
2397 3249 2591 3317 λέγων,
2645 3251 2858 3318 Μήπως
2899 3249 3007 3303 ἀπὸ
3063 3248 3329 3320 δαιμόνων
3368 3250 3532 3304 ἐστίν.
3585 3250 3696 3304 Kal
3727 3252 3804 3314 ὼς

2231 3340 2493 3410 ἐπέμενεν
2543 3341 2572 3392 6
2618 3340 2892 3410 λογισμὸς,
2924 3340 3162 3410 ἀπῆλθον
3197 3342 3276 3404 εἰς
3310 3341 3409 3413 τὴν
3438 3341 3658 3412 ἔρημον·
3711 3342 3810 3395 καὶ

2231 3427 2399 3501 ηὗρον
2425 3432 2540 3482 ἐκεῖ
2566 3429 2760 3502 λίμνην
2791 3431 3014 3497 ὑδάτων,
3041 3431 3135 3485 καὶ
3158 3431 3320 3501 νῆσον
3346 3433 3404 3486 έν
3431 3433 3580 3503 μέσῳ
3611 3431 3805 3503 αὐτῆς·

2233 3522 2328 3575 καὶ
2347 3517 2510 3592 ἦλθον
2529 3521 2597 3574 τὰ
2629 3523 2797 3592 κτήνη
2827 3522 2927 3591 τῆς
2954 3524 3162 3592 ἐρήμου
3200 3525 3344 3576 πιεῖν
3389 3521 3448 3586 ἐξ
3477 3523 3665 3591 αὐτῆς.
3694 3523 3810 3577 Kal

2234 3609 2373 3665 εἶδον
2424 3614 2479 3665 ὲν
2520 3613 2668 3684 μέσῳ
2696 3611 2877 3665 αὐτῶν
2905 3611 2996 3666 δύο
3037 3611 3359 3682 ἀνθρώπους
3401 3612 3664 3682 γυμνούςο
3711 3612 3812 3667 καὶ

2235 3701 2495 3755 ὲδειλίασε
2542 3702 2605 3755 τὸ
2639 3701 2798 3772 σῶμά
2847 3718 2966 3771 μουο
3000 3703 3224 3772 ἐνόμισα
3275 3700 3383 3769 γὰρ
3412 3700 3492 3752 ὅτι
3523 3699 3812 3770 πνεύματά

2235 3793 2392 3845 εἰσιν.
2424 3793 2585 3844 Αὐτοὶ
2614 3791 2669 3843 δέ
2688 3808 2753 3860 με
2777 3790 2852 3853 ὡς
2885 3786 3026 3843 εἶδον
3056 3789 3355 3852 δειλιῶντα,
3380 3789 3646 3858 ἐλάλησαν
3669 3789 3809 3858 πρὸς

2239 3885 2328 3953 μέ·
2364 3883 2457 3954 Μὴ
2490 3881 2678 3952 «9060:3-
2719 3883 2813 3935 καὶ
2845 3882 3005 3952 ἡμεῖς
3052 3879 3325 3951 ἄνθρωποί
3362 3881 3546 3950 ἐσμεν.
3582 3879 3691 3932 Kal
3729 3873 3809 3931 εῐ-

2237 3989 2337 4026 πον
2363 3972 2565 4034 αὺτοῖς·
2591 3970 2758 4024 Πόθεν
2781 3970 2924 4033 ἐστὲ,
2947 3969 3042 4023 καὶ
3082 3970 3198 4032 πῶς
3239 3970 3430 4042 ἦλθε-τε
3455 3971 3534 4031 εἰς
3549 3969 3646 4039 τήν
3679 3968 3809 4039 ἔρηο

2239 4079 2337 4132 μον
2379 4061 2615 4130 ταύτην;
2662 4063 2769 4113 Kal
2811 4057 2982 4115 εἷπον·
3013 4061 3146 4114 Ἀπὸ
3185 4059 3447 4114 κοινοδίου
3486 4059 3672 4130 ἐσμέν·
3716 4059 3810 4112 καὶ

2235 4155 2458 4222 γέγονεν
2475 4155 2606 4224 ἡμῖν
2637 4154 2944 4224 συμφωνία,
2978 4154 3070 4207 καὶ
3090 4152 3380 4223 ἐξήλθομεν
3402 4146 3526 4205 ὧδε·
3564 4152 3670 4205 ἰδοὺ
3689 4167 3812 4204 τεσο

2241 4244 2550 4315 σαράκοντα
2575 4244 2668 4316 ἐτη
2696 4245 2762 4278 ’δ’
2798 4245 2892 4298 καὶ
2925 4247 2953 4297 6
2972 4245 3070 4315 μὲν
3103 4239 3183 4307 εἷς
3203 4244 3518 4312 Αἰγύπτιος,
3549 4245 3576 4296 6
3607 4243 3664 4295 δὲ
3697 4241 3811 4301 ιτε-

2241 4351 2335 4406 ρος
2357 4333 2590 4398 Λιῦυκδς
2613 4335 2868 4406 ὑπάρχει.
2897 4335 3008 4388 Kal
3032 4332 3385 4404 ἐπερώτησάν
3417 4349 3484 4402 με
3515 4332 3608 4385 καὶ
3633 4331 3810 4393 αὐτοὶ,

570 4428 656 4484 bis
682 4425 972 4496 Egyptius
1002 4433 1110 4492 est,
1132 4427 1269 4481 alter
1299 4425 1554 4498 Libycus.
1587 4427 1689 4496 Ipsi
1723 4443 1938 4498 quoque
1966 4427 2130 4481 inter-

2243 4427 2514 4495 λέγοντεςο
2541 4425 2706 4489 Πῶςό
2726 4427 2956 4497 κόσμος;
2984 4426 3079 4479 καὶ
3107 4426 3156 4477 εἰ
3177 4426 3395 4495 ἔρχεται
3423 4425 3483 4476 τὸ
3508 4422 3652 4492 ὕδωρ
3673 4422 3815 4476 κατὰ

571 4522 900 4586 rogaverunt
935 4529 1040 4580 me,
1083 4515 1168 4570 his
1214 4516 1395 4571 verbis
1445 4531 1462 4568 :
1510 4517 1796 4583 Quomodo
1864 4535 1924 4574 se
1977 4518 2139 4572 habet

572 4607 844 4662 mundus?
873 4603 1103 4661 Venitne
1155 4620 1295 4674 aqua
1349 4606 1405 4660 in
1457 4614 1701 4677 tempore
1733 4608 1870 4662 suo?
1903 4608 2138 4664 Mundus

571 4699 854 4755 obtinetne
887 4695 1276 4753 abundantiam
1297 4697 1556 4752 solitam?
1589 4697 1864 4766 Respondi
1894 4717 1907 4753 :
1941 4698 2138 4752 Etiam.

575 4789 830 4844 Vicissim
885 4805 986 4860 ego
1025 4797 1377 4859 percontatus
1419 4803 1540 4843 sum
1575 4806 1589 4841 :
1626 4790 1876 4854 Quanam
1925 4791 2141 4845 ratione

576 4877 690 4933 ﬁeri
717 4886 902 4946 potero
932 4877 1270 4932 monachus?
1309 4877 1477 4929 Aiunt
1511 4877 1642 4930 mihi
1678 4896 1691 4930 ε
1729 4875 1845 4932 Nisi
1886 4879 2010 4947 quis
2056 4893 2144 4932 re-

577 4955 913 5022 nuntiaverit
938 4968 1194 5021 omnibus
1218 4967 1406 5022 mundi
1449 4968 1633 5031 rebus,
1669 4981 1775 5020 non
1813 4977 1990 5037 potest
2031 4968 2144 5023 ﬁeri

579 5059 899 5112 monachus.
938 5057 1133 5125 Excepi
1179 5075 1191 5110 :
1239 5055 1350 5126 Ego
1391 5057 1638 5111 inﬁrmus
1693 5073 1838 5116 sum.
1885 5074 1985 5112 nec
2026 5073 2146 5127 pos-

579 5165 700 5205 sum
733 5149 890 5203 sicuti
916 5165 1032 5203 vos.
1065 5147 1408 5216 Exceperunt
1439 5149 1602 5202 etiam
1630 5149 1706 5202 illi
1739 5169 1751 5202 :
1780 5148 1834 5203 Si
1862 5167 1969 5204 non
1992 5160 2143 5220 potes

575 5240 1032 5310 quemadmodum
1068 5255 1192 5298 nos.
1232 5240 1359 5295 sedc
1402 5240 1455 5293 in
1493 5241 1631 5294 cella
1679 5251 1788 5306 tua,
1824 5251 1876 5297 et
1912 5254 2136 5312 peccata

577 5338 668 5386 tua
699 5332 851 5383 deﬂe.
877 5330 1114 5395 Ωιιωείιὴ
1145 5332 1212 5385 ab
1239 5330 1323 5386 eis
1358 5349 1372 5385 :
1403 5331 1632 5397 Quando
1673 5333 1847 5389 hiems
1883 5345 1986 5400 est,
2032 5350 2138 5388 non

651 5486 695 5517 "
717 5485 800 5539 AI.
825 5487 1118 5556 περισσῶς.
1197 5487 1239 5519 ⁸⁸
1271 5488 1354 5541 ΑΙ.
1391 5488 1515 5542 add.
1540 5488 1754 5559 ἔχομεν.

655 5643 763 5710 (Si)
803 5641 907 5696 Vit.
947 5639 1096 5694 Patr.
1137 5658 1214 5694 ιιι.
1244 5645 1296 5695 ι.

2245 4519 2435 4590 καιρὸν
2465 4517 2650 4582 αὐτοῦ,
2675 4518 2768 4572 καὶ
2790 4519 2838 4570 εἰ
2877 4517 2990 4587 ἔχει
3017 4517 3045 4568 6
3083 4518 3287 4587 κόσμος
3322 4517 3422 4586 τὴν
3445 4514 3699 4584 εὐθηνίαν
3717 4513 3816 4566 αὒ-

2244 4609 2376 4676 τοῦ;
2405 4611 2516 4663 Kal
2548 4605 2700 4662 εἷπον
2726 4609 2926 4672 αὐτοῖς·
2949 4607 3077 4663 Ναί.
3106 4605 3276 4676 Κάγὼ
3306 4608 3501 4669 αὐτοὺς
3531 4604 3812 4678 ἠρώτησα·

2246 4700 2373 4764 Πῶς
2416 4701 2649 4772 δύναμαι
2693 4701 2945 4770 γενέσθαι
2991 4700 3256 4772 μοναχόςς
3289 4699 3399 4752 Kal
3431 4697 3648 4766 λέγουσί
3699 4713 3814 4766 μοις

2260 4791 2386 4844 Ἐὰν
2415 4791 2488 4862 μὴ
2543 4791 2877 4859 ἀτωτάξηταί
2906 4808 2991 4854 τις
3018 4791 3152 4843 πᾶσι
3190 4791 3302 4853 τοῖς
3326 4787 3421 4842 τοῦ
3467 4789 3698 4856 κόσμου,
3752 4774 3822 4840 οὗ

2243 4881 2464 4934 δύναται
2503 4881 2754 4950 γενέσθαι
2804 4881 3052 4950 μοναχός.
3093 4881 3205 4934 Kal
3247 4876 3400 4932 εἷπον
3424 4879 3625 4940 αὐτοῖς’
3675 4874 3819 4944 Ἐγὼ

2245 4969 2476 5040 ἀσθενής
2517 4972 2654 5039 εἰμι,
2697 4971 2792 5022 καὶ
2833 4971 2894 5023 οὐ
2927 4970 3160 5041 δύναμαι
3201 4971 3278 5033 ὡς
3314 4972 3491 5040 ὑμεῖς.
3520 4963 3819 5041 Kalele

2251 5078 2339 5131 μοι
2362 5061 2457 5114 καὶ
2495 5062 2666 5116 αὐτοί·
2709 5062 2818 5116 Kal
2847 5063 2940 5115 ἐὰν
2987 5063 3046 5114 οὐ
3075 5062 3297 5116 δύνασαι
3329 5061 3403 5122 ὡς
3431 5062 3615 5131 ἡμεῖς,
3646 5057 3817 5116 κάθου

2248 5154 2326 5214 εἰς
2355 5151 2414 5203 τὸ
2460 5151 2666 5204 κελλίον
2719 5169 2828 5215 σου,
2859 5152 2953 5204 καὶ
2985 5152 3216 5205 κλαῦσον
3251 5153 3347 5216 τὰς
3391 5149 3666 5222 ἁμαρτίας
3697 5164 3813 5201 σου.
3873 5157 3881 5163 “

2245 5242 2353 5298 Kal
2375 5241 2635 5313 ἠρώτησα
2656 5242 2867 5306 αὐτούς’
2896 5243 3060 5296 Ὅταν
3078 5243 3293 5312 γίνηται
3315 5239 3542 5312 χειμὼν,
3571 5238 3632 5298 οὐ
3659 5237 3820 5308 git-15'-

2246 5351 2340 5400 τες
2369 5337 2468 5388 ’καὶ
2491 5335 2620 5388 ὅταν
2644 5336 2859 5407 γίνηται
2889 5337 3094 5406 καῦμα,
3135 5335 3202 5389 οὐ
3231 5335 3442 5390 καίεται
3474 5333 3545 5387 τά
3593 5331 3821 5403 σώματα
