4036 6202
226 303 364 360 εει
1376 286 1978 348 Αινοιηιτιιεωιλτιι
2016 287 2322 344 PATRUM.
3383 291 3494 346 asa

227 416 394 489 ὑμῶν
417 430 432 480 ;
458 411 522 466 Oi
542 410 596 465 δὲ
626 403 800 464 εἷπον·
839 409 898 463 '0
921 407 1054 472 Θεὸς
1094 409 1348 480 ἐποίησεν
1374 409 1506 478 ἡμῖν
1538 405 1638 478 τὴν
1673 406 1817 458 οἰκοο
1846 456 1848 463 ,

1952 401 2151 472 lgetis?
2185 399 2405 472 quando
2452 405 2622 455 aestus
2654 405 2760 460 est,
2805 411 2914 451 non
2951 396 3129 453 uritur
3160 412 3364 471 corpus
3402 419 3498 461 ve-

225 486 437 579 νομίαν
470 501 698 570 ταύτην·
727 500 824 553 καὶ
855 497 979 551 οὕτε
1013 497 1092 570 τῷ
1119 497 1350 570 χειμῶνι
1375 495 1641 568 ῥιγῶμεν,
1691 491 1815 545 οὕτε

1950 493 2138 547 trum?
2168 492 2509 562 Responsum
2561 488 2832 545 dederunt
2863 505 2878 543 ι
2921 486 3065 545 Deus
3096 505 3222 561 erga
3263 508 3362 549 nos
3389 495 3499 552 hac

228 598 323 668 τῷ
353 596 493 667 θέρει
526 593 586 648 τὸ
611 591 805 663 καῦμα
825 592 976 662 ἡμᾶς
993 591 1187 644 ἀδικεῖ.
1204 591 1303 644 Διά
1318 588 1476 643 τοῦτο
1497 584 1650 641 εἷπον
1666 587 1815 656 ὑμῖν,

1957 601 2052 640 sus
2089 592 2174 640 est
2227 583 2672 654 dispensatione;
2722 595 2822 634 nec
2864 580 3042 635 hieme
3087 581 3348 650 rigemus.
3387 601 3495 642 nec

233 690 328 742 ὃτι
357 684 506 740 οὔπω
525 683 727 754 γέγονα
764 681 1016 753 μοναχδς,
1048 681 1164 734 ἀλλ’
1197 677 1336 734 εἶδον
1363 677 1652 751 μοναχοὺς.
1683 679 1820 746 Συγ-

1950 686 2101 732 estate
2141 693 2240 732 nos
2269 683 2437 731 aastus
2484 673 2649 728 laedit.
2692 671 2982 742 Propterea
3020 671 3135 726 dixi
3183 676 3358 739 vobis,
3411 691 3501 733 me

237 775 527 850 χωρήσατέ
559 791 672 845 μοι,
700 771 918 842 ἀδελφοί
924 812 940 825 .
1128 830 1132 835 ,

1950 767 2158 822 ιοηᾱιιη]
2186 769 2238 821 in
2272 767 2602 820 monachum
2630 765 2903 824 evasisse,
2935 777 3122 817 verum
3155 762 3359 818 vidisse
3383 779 3501 820 mo-

1919 855 2146 910 nachos.
2180 854 2450 925 Ignoscite
2481 853 2636 916 mihi,
2676 852 2899 906 fratres.

1991 945 2167 1015 5.(85)
2189 945 2370 999 Ahbas
2401 943 2672 998 Macarius
2702 957 2824 995 cum
2844 942 2897 994 in
2917 939 3238 1007 Paucremo,
3264 955 3359 997 seu
3384 956 3504 995 om-

1921 1035 2143 1090 nimoda
2169 1035 2466 1090 solitudine
2497 1033 2806 1098 habitaret;
2847 1033 3000 1087 solus
3029 1041 3210 1086 autem
3239 1031 3349 1086 illic
3370 1047 3504 1088 ana-

1922 1125 2256 1180 choreticam
2308 1125 2472 1179 vitam
2519 1123 2793 1189 ducebat;
2856 1121 2995 1177 infra
3049 1137 3180 1178 vero
3223 1123 3330 1178 alia
3380 1129 3506 1178 erat

1923 1229 2163 1278 eremus,
2204 1215 2258 1268 in
2284 1229 2391 1285 qua
2424 1214 2608 1284 plures
2648 1213 2846 1268 fratres
2895 1213 3166 1283 degebant
3214 1232 3230 1270 :
3283 1229 3370 1279 eo,
3418 1213 3508 1270 in-

1923 1321 2112 1376 quam,
2175 1305 2279 1360 loci
2341 1304 2638 1375 aliquando
2692 1321 2790 1376 per
2842 1303 2984 1358 viam
3049 1305 3506 1376 circumspiciens

245 1394 528 1466 πιχὰριον
558 1390 740 1463 φορῶν
769 1389 946 1443 λινοῦν
965 1386 1304 1460 τρωγλωτόν·
1338 1390 1431 1442 καὶ
1458 1389 1597 1444 κοιτά
1621 1407 1826 1461 τρυμα-

1950 1411 2118 1460 ιθηει,
2154 1395 2291 1450 vidit
2340 1395 2603 1450 Satanam
2633 1395 2938 1450 venientem
2969 1393 3022 1448 in
3050 1394 3220 1466 figura
3245 1396 3504 1463 hominis,

242 1486 373 1538 λίαν
405 1484 676 1555 ἐκρέματο
704 1479 1013 1552 ληκύνθιον.
1047 1482 1157 1535 Καὶ
1188 1481 1334 1551 λέγει
1367 1481 1513 1551 αὐτῷ
1540 1483 1568 1535 6
1599 1483 1774 1552 γέρων
1797 1481 1827 1534 6

1950 1492 1987 1538 tt
2017 1499 2112 1554 per
2158 1484 2338 1538 locum
2379 1485 2433 1538 in
2461 1498 2572 1553 quo
2593 1491 2712 1538 erat
2743 1484 3007 1537 transiret
3036 1501 3048 1538 :
3085 1486 3385 1554 apparebat
3406 1501 3508 1541 au-

246 1579 450 1649 μέγας·
493 1574 604 1637 Ποῦ
651 1573 887 1646 πορεύῃ;
919 1574 1030 1627 Kal
1071 1569 1224 1627 εἶπεν
1278 1573 1448 1644 αὐτῷ·
1492 1574 1826 1643 Ἀπέρχομαι

1950 1590 2034 1632 em
2076 1577 2233 1646 quasi
2281 1576 2528 1630 tunicam
2580 1585 2798 1645 gestans
2840 1577 3035 1630 lineam
3087 1577 3441 1647 perforatam,
3475 1592 3507 1632 a

242 1669 564 1739 ὑπομνῆσαι
620 1665 749 1730 τοὺς
799 1664 1061 1736 ἀδελφούς
1109 1666 1244 1736 (82).
1293 1667 1350 1719 ’0
1377 1665 1432 1720 δὲ
1468 1667 1647 1737 γέρων
1685 1663 1822 1718 εἶπε·

1950 1665 2088 1734 :ujus
2122 1666 2494 1722 foraminibus
2533 1667 2841 1736 pendebant
2891 1683 3069 1736 parvae
3107 1667 3325 1738 lecythi.
3371 1666 3511 1723 Dicit

245 1763 366 1813 Kal
393 1761 482 1813 ἵνα
513 1759 568 1812 τί
598 1758 776 1811 σοιτά
817 1756 1082 1828 ληκύνθια
1121 1757 1324 1824 satira;
1358 1758 1468 1811 Kal
1519 1752 1658 1810 εἷπε·
1697 1757 1828 1810 Γεύ-

1950 1754 1980 1808 ei
2001 1770 2230 1823 magnus
2257 1771 2422 1811 senex
2458 1774 2470 1810 :
2503 1756 2622 1821 Quo
2666 1757 2858 1812 vadis?
2885 1756 3182 1826 Respondit
3229 1776 3242 1811 :
3286 1757 3512 1814 Prolici-

318 934 387 1003 γ¹.
429 935 488 988 ’0
509 932 684 995 ἀὸϐἇς
721 929 1004 1000 Μακάριος
1036 929 1124 982 ὅτε
1158 926 1290 998 ᾤκει
1327 930 1384 982 ὲν
1402 931 1468 1001 τῇ
1493 928 1817 1001 πανερήμῳ·

242 1024 316 1099 ἦν
341 1027 398 1079 δὲ
434 1025 593 1097 μόνος
620 1025 682 1076 ὲν
715 1022 853 1094 αὐτῇ
897 1022 1215 1092 ἀναχωρῶν,
1253 1024 1554 1094 παρακάτω
1584 1021 1641 1074 δὲ
1687 1020 1822 1091 ἄλλη

243 1121 452 1192 ἕρημος
474 1113 542 1188 ἦν
585 1115 850 1169 πλειόνων
895 1113 1158 1183 ἀδελφῶν.
1191 1113 1617 1186 Παρετήρειδὲὸ
1645 1114 1823 1183 γέρων

241 1214 346 1283 τὴν
371 1211 508 1265 ὁδόν·
540 1207 636 1262 καὶ
677 1208 783 1279 ὁρᾷ
821 1205 915 1259 τὸν
954 1208 1190 1260 σατανᾶν
1221 1207 1578 1278 ἀνερχόμενον
1602 1207 1660 1259 ὲν
1693 1207 1825 1277 σχή-

245 1320 383 1374 ματι
408 1299 716 1372 ἀνθρώπου,
751 1297 1042 1370 παρελθεῖν
1070 1297 1136 1352 δι’
1162 1299 1347 1352 αὐτοῦ·
1384 1300 1634 1368 ἐφαίνετο
1666 1298 1722 1351 δὲ
1750 1298 1825 1362 ὡς

249 1866 407 1919 ματα
430 1848 693 1919 ἀποφέρω
722 1851 832 1911 τοῖς
856 1848 1121 1918 ἀδελφοῖς.
1166 1848 1222 1902 '0
1249 1847 1306 1901 δὲ
1338 1848 1517 1918 γέρων
1544 1843 1685 1901 εἷπε·
1720 1849 1828 1902 Kal

1950 1861 2072 1900 scor
2105 1847 2170 1900 ad
2207 1845 2428 1912 fratres,
2456 1856 2517 1902 ut
2543 1849 2611 1903 iis
2641 1849 2693 1903 in
2716 1851 3352 1922 nierum-iantsuggerant.
3371 1850 3510 1906 Tum

243 1940 435 1994 ταῦτα
465 1940 595 2002 aia;
624 1937 934 2009 ’Δπεκρίθηο
967 1937 1092 1991 Ναί·
1123 1937 1216 1990 ἐὰν
1242 1939 1314 2007 μὴ
1347 1937 1408 1990 τὸ
1432 1938 1489 1990 ἓν
1511 1938 1686 2010 ἀρέσῃ
1701 1939 1826 2001 τινὶ,

1950 1951 2093 1990 ιοιιει
2145 1957 2157 1990 :
2210 1935 2276 1989 Et
2324 1953 2496 2006 quare
2543 1939 2637 1993 tibi
2680 1942 2931 2008 ampullas
2983 1941 3108 1996 lite?
3149 1943 3290 1997 Ille:
3331 1942 3514 1996 Altero

245 2033 418 2102 φέρω
440 2030 589 2085 ἄλλο·
611 2031 704 2084 ὲάν
728 2030 782 2082 δὲ
811 2030 884 2101 μὴ
915 2027 1204 2093 καὶτοῦτο,
1222 2028 1349 2083 διδῶ
1376 2029 1522 2084 ἄλλο·
1543 2030 1756 2093 πάντως
1775 2029 1831 2082 δὲ

1950 2029 2197 2084 ’ratribus
2229 2030 2606 2085 condimenta.
2644 2031 2820 2086 Senex
2859 2051 2873 2086 :
2903 2031 2966 2086 Et
3007 2033 3122 2088 haec
3153 2035 3376 2088 omnia?
3407 2033 3514 2087 Ex-

245 2123 318 2188 ὲξ
356 2121 539 2174 αὐτῶν
577 2120 677 2174 κᾶν
723 2120 780 2172 ἓν
835 2121 1020 2193 ἀρέσει
1075 2119 1242 2189 αὐτῷ.
1300 2121 1408 2172 Kal
1453 2119 1623 2174 ταῦτα
1665 2120 1830 2174 εἰπὼν

1950 2121 2072 2188 :epit
2111 2140 2124 2174 :
2166 2119 2340 2175 Etiam
2371 2139 2384 2175 :
2421 2121 2467 2176 si
2494 2138 2660 2176 unum
2692 2123 2855 2176 alicui
2895 2139 3002 2178 non
3033 2124 3320 2193 placuerit,
3359 2124 3510 2178 aliud

246 2213 525 2282 ἀπῆλθεν.
562 2213 618 2264 Ὀ
647 2211 701 2264 δὲ
745 2211 923 2283 γέρων
976 2211 1155 2282 ἔμεινε
1205 2210 1690 2282 παρατηρούμενος
1735 2211 1832 2274 τὰς

1950 2212 2182 2281 )orrigo;
2211 2211 2258 2267 si
2290 2227 2467 2282 neque
2495 2212 2620 2276 hoc,
2658 2213 2730 2267 do
2751 2213 2897 2266 aliud
2932 2231 2946 2266 :
2971 2213 3199 2267 omnino
3229 2221 3412 2268 autem
3436 2229 3507 2269 ex

247 2305 432 2370 ὁδοὺς,
457 2304 561 2366 ἓως
583 2303 748 2356 πάλιν
768 2305 973 2366 ἐκεῖνος
999 2302 1289 2373 ἐπανῆλθε.
1331 2303 1440 2355 Kal
1461 2300 1539 2365 ὡς
1572 2297 1711 2354 εἶδεν
1739 2303 1834 2354 αὑ-

248 2397 352 2448 τὸν
372 2398 400 2448 6
430 2395 630 2467 γέρων,
652 2395 804 2462 λέγει
831 2394 1002 2465 αὐτῷ·
1036 2393 1296 2464 Σωθείης.
1346 2395 1404 2447 Ὀ
1435 2393 1493 2447 δὲ
1539 2392 1832 2466 ἀπεκρίθη·

253 2487 371 2541 Ποῦ
411 2488 488 2540 ἔνι
522 2505 612 2557 μοι
658 2486 934 2556 σωθῆναι;
980 2487 1140 2555 Λέγει
1177 2485 1323 2556 αὑτῷ
1348 2489 1379 2540 6
1405 2486 1602 2558 γέρων·
1651 2484 1835 2544 Διατί;

268 2581 332 2633 '0
361 2579 420 2633 δὲ
452 2579 618 2647 λέγει·
662 2578 786 2630 Ὀτι
814 2576 1012 2640 πάντες
1067 2575 1247 2646 ἀγριοί
1297 2594 1384 2646 μοι
1421 2575 1670 2644 ἐγένοντο
1701 2575 1836 2645 (83),

255 2671 358 2725 καὶ
382 2669 560 2734 οὐδείς
581 2687 684 2741 μου
710 2668 962 2739 ἀνέχεται
989 2668 1055 2722 ’⁸.
1087 2668 1244 2736 Λέγει
1278 2667 1425 2739 αὑτῷ
1454 2669 1481 2721 ὁ
1505 2669 1704 2740 γέρων·
1731 2669 1839 2720 Οὐ·-

255 2761 388 2814 δένα
406 2757 498 2813 οὖν
526 2760 681 2830 φίλον
708 2759 850 2831 ἔχεις
876 2749 1038 2826 ἐκεῖς’
1077 2757 1135 2811 Ὀ
1158 2757 1213 2811 δὲ
1251 2755 1544 2827 ἀπεκρίθη·
1577 2757 1706 2822 Nal,
1745 2757 1842 2810 ἕνα

264 2854 503 2924 μοναχὸν
528 2854 572 2884 ⁸⁸
596 2853 706 2923 ἔχω
735 2855 852 2906 ἐκεῖ
882 2851 1034 2921 φίλον
1060 2851 1128 2916 ⁸⁷,
1159 2850 1250 2903 καὶ
1276 2850 1379 2904 κᾶν
1409 2849 1571 2912 αὐτός
1614 2864 1703 2919 μοι
1724 2848 1842 2901 πεί-

263 2949 439 3001 θεται·
465 2946 558 2999 καὶ
577 2946 664 2999 ὅτε
682 2947 784 3016 ὁρᾷ
815 2962 904 3016 με,
937 2945 1227 3014 στρέφεται
1245 2942 1320 3006 ὡς
1342 2941 1536 3012 ἀνέμη.
1563 2940 1723 3008 Λέγει
1747 2940 1844 2993 a6-

261 3038 342 3110 τῷ
373 3041 404 3092 6
427 3037 624 3109 γέρων·
659 3036 770 3090 Kal
789 3036 872 3100 τίς
900 3035 1145 3089 καλεῖται
1173 3035 1201 3087 6
1227 3032 1481 3100 ἀδελφός;
1511 3031 1569 3086 '0
1591 3031 1647 3083 δὲ
1672 3030 1838 3098 λέγει·

263 3132 646 3200 Θεὸπεμπτος.
685 3127 868 3181 Εἰπὼν
899 3127 955 3181 δὲ
994 3125 1166 3180 ταῦτα
1201 3123 1432 3194 ἀπῆλθε.
1469 3123 1579 3177 Kal
1606 3122 1845 3187 ἀναστὰς

262 3227 296 3277 6
331 3221 507 3284 esse;
543 3220 829 3290 Μακάριος
851 3219 1147 3289 ἀπέρχεται
1170 3217 1261 3270 ἐπὶ
1276 3215 1375 3282 τὴν
1405 3215 1706 3287 παρακάτω
1726 3214 1846 3286 Epa-

269 3331 390 3384 μον.
433 3312 546 3365 Kal
575 3311 905 3372 ἀκούσαντες
935 3310 983 3362 οἱ
1027 3308 1266 3376 ἀδελφοὶ,
1302 3305 1554 3369 λαϐόντες
1598 3304 1724 3375 βαΐα
1756 3303 1844 3369 ὲξ-

262 3403 428 3476 ῆλθον
457 3404 540 3466 εἰς
571 3402 874 3471 ἀπάντησιν
903 3400 1067 3455 αὐτοῦ
1103 3398 1236 3468 (84).
1272 3397 1378 3451 Kal
1400 3396 1584 3448 λοιπὸν
1612 3396 1844 3458 ἕκαστος

263 3491 652 3563 ηὐτρεπίςετο,
683 3490 919 3561 νομίζων
967 3490 1050 3542 ὅτι
1100 3490 1230 3560 παρ’
1271 3486 1420 3558 αὐτῷ
1453 3485 1640 3556 ἔμελλε
1676 3502 1848 3539 κατα·

266 3587 417 3639 λύειν
444 3587 474 3636 6
495 3586 694 3655 γέρων.
737 3585 796 3636 Ὀ
820 3585 876 3636 δὲ
904 3582 1085 3655 ἐζήτει
1111 3583 1196 3645 τίς
1221 3583 1306 3652 εἴη
1329 3583 1357 3634 6
1373 3579 1701 3650 καλούμενος
1725 3579 1852 3632 Θεό-

267 3695 523 3750 πεμπτος
553 3680 610 3730 ὲν
629 3676 709 3748 τῷ
740 3676 878 3750 ὄρει.
910 3678 1021 3731 Kal
1049 3674 1247 3748 εὑρὼν,
1281 3672 1529 3745 εἰσῆλθεν
1549 3674 1628 3738 είς
1652 3672 1710 3727 τὸ
1728 3672 1852 3726 κελ-

308 3834 356 3865 ¹³
384 3835 470 3888 ΔΙ.
510 3849 600 3903 μοι
626 3831 890 3888 πείθεται.
965 3829 1012 3862 ⁸⁸
1037 3830 1120 3883 Al.
1155 3829 1335 3900 μόνον.
1397 3829 1445 3860 ’⁷
1475 3828 1561 3881 AI.
1590 3826 1836 3898 ἀδελφόν,

351 3973 463 4044 (82)
494 3972 849 4044 ίἉπέρχομᾳι
869 3966 1216 4044 ὑπομνῆσαι
1235 3967 1379 4044 τοὺς
1426 3966 1849 4044 ἀδελφούς-.-1η

291 4038 424 4098 Vitis
448 4038 456 4044 ’
479 4038 707 4096 Patrum
733 4038 757 4096 ξ
800 4039 943 4093 Vado
981 4055 1302 4093 commovere
1339 4041 1531 4104 fratres
1553 4079 1566 4099 .
1601 4038 1745 4092 facili
1770 4038 1851 4091 la-

278 4131 407 4184 psu,
436 4115 547 4168 vice
562 4126 896 4184 commonere
932 4127 949 4164 :
979 4109 1441 4184 quemadmodum
1471 4117 1616 4184 recte
1655 4112 1706 4162 in
1736 4107 1849 4184 ‘Pa-

277 4179 524 4238 schasio.
561 4181 774 4250 Parque
801 4187 1040 4250 erratum
1075 4181 1317 4232 occurrit
1359 4179 1462 4233 sub
1501 4180 1659 4250 linem
1713 4179 1854 4242 Apo-

275 4252 655 4324 phlltegmatis.
680 4249 816 4324 Cod.
854 4249 1020 4324 Corb.
1051 4264 1378 4324 commonere
1403 4258 1456 4303 et
1482 4249 1781 4324 admouere:

354 4317 467 4393 (83⁷)
497 4321 729 4393 Πάντες
758 4319 948 4390 ἄγριοι
970 4336 1070 4393 nos
1091 4317 1391 4393 ἐγένοντο,
1423 4329 1474 4372 et
1506 4317 1854 4393 pauloinfra,

274 4386 476 4461 ἇπριοῖ
508 4394 668 4461 εἰσιν
698 4386 847 4453 ὅλοὶ)
876 4397 928 4441 et
954 4386 1195 4461 atina»-
1222 4386 1570 4461 ἀγριώτερος
1599 4387 1853 4457 ἐγένετο.

279 4458 364 4517 Ex
419 4461 600 4516 Rufini
658 4458 1102 4529 interpretatione
1154 4459 1431 4521 contrarii,
1492 4467 1545 4511 et
1604 4466 1857 4529 agrestes,

275 4543 450 4601 atque
481 4530 722 4586 omnibus
762 4526 991 4601 amplius
1050 4529 1308 4601 asperior.
1351 4529 1421 4580 Ex
1449 4526 1702 4601 illavero
1756 4526 1860 4601 [3a-

276 4597 512 4663 schasii,
547 4600 823 4662 contrarii,
842 4608 1098 4669 agrestes,
1128 4599 1367 4669 omnibus
1387 4599 1643 4669 asperior.
1671 4599 1740 4650 At
1762 4597 1862 4669 Pe-

279 4675 464 4742 lagius
521 4671 729 4742 legebat
773 4666 917 4738 ἅγιοι
944 4709 960 4732 ,
990 4682 1090 4742 ac_
1107 4668 1423 4742 ἁγιώτερος.
1483 4666 1640 4742 Narin
1663 4668 1857 4742 vertit:

277 4735 475 4798 Omnes
509 4735 832 4806 sanctiﬁcati
851 4747 995 4792 sunt.
1049 4735 1168 4790 Toti
1197 4735 1370 4790 sancti
1421 4745 1563 4790 sunt.
1602 4735 1858 4790 Omnibus

279 4814 523 4866 sanctior
551 4819 627 4862 est
651 4811 849 4876 factus.
882 4807 1060 4862 Minus
1084 4808 1238 4861 bene.

357 4883 470 4950 (84)
495 4880 682 4950 Aa6or
696 4895 794 4943 τες
811 4878 958 4950 βαΐα
981 4876 1246 4944 ἐξῆλθον
1267 4879 1352 4941 εις
1383 4876 1731 4950 ἀπάντησιν
1754 4876 1860 4950 ai)-

280 4951 409 5004 τοῦ.
444 4946 523 5004 Ad
577 4949 958 5001 illustrandum
997 4961 1201 5000 morem
1237 4946 1590 5014 praclarum,
1644 4946 1858 4998 obviam

279 5021 452 5075 eundi
488 5019 672 5082 alicui,
716 5018 942 5071 honoris
987 5031 1178 5077 causa,
1237 5015 1500 5084 gestando
1529 5029 1709 5068 ramos
1742 5015 1859 5083 pal-

284 5106 500 5143 marum
536 5097 630 5141 aut
672 5087 901 5140 aliarum
939 5086 1226 5147 arborum,
1286 5086 1389 5138 tria
1442 5084 1753 5152 deprompsi
1793 5099 1857 5136 ex

284 5159 623 5214 adversariis
643 5157 781 5210 meis
812 5155 1044 5224 insignia
1075 5155 1405 5209 testimonia.
1448 5152 1695 5224 Primum
1724 5155 1860 5220 peti-

282 5240 372 5282 tur
411 5245 477 5283 ex
515 5227 806 5280 Itinerario
835 5223 1318 5294 Ilierosolytititano
1349 5223 1648 5294 Antonini:
1670 5223 1758 5294 lbi
1780 5241 1862 5276 re-

284 5309 476 5352 nerunt
525 5296 770 5350 mulieres
801 5298 854 5348 in
909 5310 1184 5346 occursum
1216 5293 1363 5346 nobis
1393 5309 1508 5344 cum
1543 5293 1857 5359 infantibus,

282 5371 493 5430 palmas
519 5369 572 5420 in
603 5365 848 5419 inanibus
871 5373 1120 5425 tenentes,
1143 5372 1191 5416 et
1215 5363 1475 5430 ampullas
1507 5378 1622 5414 cum
1648 5378 1861 5415 rosacco

286 5438 396 5492 oleo
420 5456 441 5492 :
473 5448 522 5491 et
550 5443 836 5506 prostrata:
865 5432 1082 5506 pedibus
1136 5435 1348 5506 uostrjs,
1380 5432 1595 5506 plantas
1646 5443 1860 5506 nostras

287 5502 573 5580 angebant,
599 5503 994 5580 cant_aban_t_que
1024 5502 1549 5580 linguagEggptialca
1577 5503 1860 5580 psallentes

289 5572 681 5645 An'tiphonam:
704 5573 972 5645 Benedicti
1011 5572 1163 5645 vasa
1193 5572 1455 5645 Dont_ino,_
1469 5572 1862 5645 benedictusque

290 5641 540 5700 adventus
574 5656 773 5708 vester,
813 5643 1029 5698 Osanna
1055 5643 1108 5695 in
1145 5643 1381 5696 excelsis.
1423 5641 1732 5695 Secundum
1768 5646 1863 5693 ha-

290 5715 446 5770 betur
470 5718 526 5771 in
569 5715 688 5768 Vita
719 5713 775 5767 S.
812 5712 1097 5782 Fulgentii,
1123 5727 1242 5781 cap.
1270 5710 1338 5766 9.9
1373 5711 1508 5766 :Per
1537 5729 1712 5765 omnes
1739 5727 1862 5776 pro-

1935 2304 2043 2359 iIIis
2094 2293 2284 2361 saltem
2345 2322 2512 2360 unum
2567 2307 2898 2376 placiturum
2951 2314 3036 2362 est
3075 2306 3148 2361 ei.
3195 2306 3372 2375 Atque
3431 2306 3515 2362 his

1934 2396 2097 2452 dictis
2153 2397 2306 2452 abiit.
2356 2397 2426 2452 At
2478 2413 2643 2452 senex
2704 2402 2992 2461 remans't,
3036 2399 3340 2452 observans
3379 2397 3516 2463 vias,

1935 2486 2109 2542 donec
2151 2498 2534 2544 reverteretur.
2581 2489 2758 2558 thue
2807 2490 3102 2561 conspexit
3148 2490 3324 2551 illum,
3379 2491 3456 2545 ait.
3501 2505 3516 2542 :

1939 2579 2136 2633 Salvus
2182 2579 2279 2635 sis.
2345 2579 2436 2635 Ille
2488 2580 2769 2650 respondit
2811 2601 2823 2636 :
2867 2582 3152 2648 Quomodo
3203 2581 3522 2651 contingere

1939 2670 2069 2725 mihi
2099 2671 2298 2740 poterit
2327 2681 2384 2724 ut
2415 2673 2600 2726 salvus
2639 2671 2786 2726 sim?
2827 2672 3008 2728 Senex
3046 2691 3059 2726 :
3093 2671 3276 2738 Quare
3311 2673 3336 2726 Ἰ
3381 2671 3474 2727 Ille
3504 2689 3521 2727 :

1940 2759 2076 2826 Quia
2095 2760 2279 2814 cuncti
2303 2760 2436 2814 mihi
2466 2759 2688 2815 fuerunt
2727 2761 2988 2824 immites,
3033 2776 3136 2815 nec
3177 2761 3321 2814 ullus
3357 2761 3528 2816 susti-

1946 2851 2067 2905 nuit
2093 2866 2197 2905 me.
2221 2849 2303 2904 Ad
2334 2865 2458 2905 eum
2497 2866 2663 2906 senex
2697 2868 2712 2905 :
2741 2849 2934 2906 Nullus
2975 2865 3106 2920 ergo
3127 2851 3239 2904 illic
3268 2851 3362 2904 tibi
3389 2853 3526 2904 anti-

1941 2942 2077 2998 cus?
2118 2941 2200 2996 Ad
2240 2956 2425 2996 senem
2475 2940 2709 2996 Satanas
2745 2959 2758 2995 :
2796 2940 2907 3002 Nae,
2949 2955 3118 2994 unum
3157 2940 3229 2994 ibi
3283 2941 3521 2994 amicum

1946 3031 2142 3097 habeo,
2169 3032 2260 3101 qui
2287 3032 2370 3086 vel
2411 3032 2528 3102 ipse
2561 3031 2691 3085 mihi
2739 3031 3118 3100 obtemperat;
3159 3044 3395 3100 cumque
3438 3047 3525 3088 me

1949 3124 2240 3194 conspicit,
2275 3129 2628 3204 instarkaurze
2657 3125 2913 3180 vertitur.
2951 3124 3092 3178 Tum
3125 3138 3290 3179 senex
3331 3125 3524 3190 :Quo-

1950 3217 2111 3270 modo
2137 3225 2366 3270 vocatur
2391 3216 2558 3272 frater
2602 3218 2730 3272 ille?
2777 3217 3014 3272 Satanas
3058 3215 3126 3270 ad
3153 3216 3259 3272 hoc
3292 3233 3306 3270 :
3342 3215 3525 3273 Theo-

1949 3315 2224 3377 pemptus.
2262 3308 2383 3374 Quo
2432 3309 2604 3374 dicto,
2636 3311 2915 3366 discessit.
2954 3309 3143 3378 Itaque
3171 3324 3402 3379 surgens
3429 3311 3528 3366 ab~

1948 3397 2047 3453 bas
2110 3397 2426 3468 Macarius,
2473 3403 2711 3472 perrexit
2772 3402 2839 3456 ad
2897 3401 3213 3456 inferiorem
3259 3418 3525 3458 ereniutn.

1949 3489 2134 3559 anue
2168 3507 2227 3545 re
2265 3503 2545 3564 comperta
2591 3494 2808 3559 fratres,
2862 3501 3143 3550 sumentes
3175 3509 3358 3549 ramos
3397 3495 3520 3564 pal-

1950 3596 2184 3646 marum,
2217 3583 2268 3639 ei
2297 3585 2512 3639 obviam
2554 3586 2897 3653 prodierunt.
2933 3587 3200 3640 Caeterum
3235 3588 3530 3658 uinisquis-

1948 3690 2055 3745 que
2076 3689 2268 3730 eorum
2302 3678 2640 3747 praeparabat
2663 3693 2754 3742 se,
2782 3687 2984 3748 putans
3007 3677 3152 3748 quod
3178 3680 3320 3751 apud
3352 3683 3528 3750 ipsum

1957 3968 2054 4021 lixi
2085 3966 2290 4018 itineris
2322 3965 2435 4034 vias
2467 3965 2667 4034 gaudia
2713 3983 2926 4030 maiora
2954 3971 3235 4034 reperiens,
3267 3971 3318 4023 in
3347 3987 3531 4025 occur-

1957 4054 2074 4092 sum
2101 4053 2253 4094 suum
2277 4032 2484 4102 populis
2517 4035 2743 4102 undique
2773 4032 3126 4097 tendentibus.
3155 4055 3274 4093 cum
3297 4040 3530 4098 lucernis

1959 4117 2007 4162 et
2031 4104 2379 4176 lampadibus;
2403 4107 2733 4176 et_arborum
2761 4107 3062 4176 frondibus.
3101 4110 3344 4164 Tertium
3394 4126 3530 4166 con-

1962 4178 2164 4231 tinetur
2190 4176 2242 4228 in
2268 4174 2416 4228 notis
2445 4173 2630 4229 Jacobi
2671 4173 2946 4231 Sirinondi
2979 4178 3044 4232 ad
3084 4187 3287 4233 tomum
3311 4181 3537 4237 tertium

1964 4245 2319 4301 Conciliormn
2353 4243 2570 4307 Gallia,
2599 4263 2662 4299 ex
2709 4247 3036 4302 Narratione
3073 4249 3395 4304 clericorum
3428 4249 3542 4306 Re-

1965 4317 2256 4390 mensium.
2281 4316 2349 4390 de
2377 4313 2562 4390 titione
2587 4315 2883 4390 :_Ileceptus
2923 4329 3019 4390 εει*
3036 4319 3102 4374 ab
3129 4321 3380 4387 episcopis
3413 4322 3538 4390 suf-

1964 4385 2232 4458 [raganeis
2253 4387 2385 4443 suis.
2413 4383 2653 4437 Rat/lado
2682 4388 2942 4458 episcopo.
2981 4383 3220 4444 Simeone
3264 4383 3534 4458 episcopo,

1891 4443 1937 4501 D
1963 4443 2109 4523 Lupo
2132 4455 2392 4530 episcopo.
2423 4467 2529 4530 una
2557 4471 2675 4530 cum
2703 4443 2888 4526 legatis
2919 4443 3151 4530 ontnium
3175 4443 3400 4512 aliorum

1962 4541 2238 4597 scoparum
2273 4523 2544 4597 Retttensis
2566 4523 2865 4597 diwceseos,
2905 4529 2996 4597 qui
3039 4529 3198 4581 rariis
3225 4530 3421 4583 detenti
3451 4523 3536 4583 in-

1962 4593 2307 4664 ﬁrmitalibus
2340 4594 2468 4648 illuc
2522 4596 2790 4662 corporali
2817 4593 3098 4664 praésentia
3129 4613 3404 4652 occurrere
3429 4616 3538 4654 non

1963 4667 2212 4723 ualentes.
2255 4681 2416 4738 suain
2444 4674 2614 4718 tanton
2661 4681 2754 4738 per
2790 4667 3177 4738 ecclesiasticos
3221 4669 3438 4738 legatos,
3481 4681 3536 4724 et

1961 4735 2328 4807 excusatorias
2379 4733 2617 4799 litteras,
2660 4736 2742 4788 illi
2786 4736 3130 4791 exhibuerunl
3169 4733 3533 4807 prrisentiam.

1965 4804 2190 4878 Insuper
2222 4805 2380 4858 etiam
2410 4821 2448 4878 a_
2466 4807 2809 4878 canoniciset
2840 4807 3130 4869 monac/tis,
3170 4804 3329 4878 atque
3357 4825 3537 4862 corre-

1963 4874 2260 4946 gionalibus
2308 4873 2624 4946 presbyteris
2657 4877 2814 4927 totius
2845 4878 3106 4940 dimcesis,
3148 4873 3538 4946 atqueinﬁnita

1964 4945 2303 4998 multitudine
2333 4944 2606 5012 utriusque
2631 4960 2808 4998 sexus.
2845 4947 2949 5012 Qui
2985 4963 3161 5000 omnes
3201 4944 3317 5000 cum
3367 4944 3536 5006 ramis

1962 5015 2265 5082 palmarum
2293 5025 2341 5066 et
2370 5014 2533 5065 cereis
2567 5013 2892 5085 ardentibus,
2943 5014 3224 5085 laudesque
3263 5015 3377 5085 Deo
3411 5021 3538 5072 inti-

1963 5085 2061 5136 mis
2096 5085 2340 5136 cordibus
2385 5093 2434 5136 et
2477 5084 2850 5137 excelsissimis
2888 5085 3096 5138 vocibus
3123 5084 3536 5151 proclamantes,

1965 5153 2114 5224 longe
2135 5155 2182 5208 ei
2205 5154 2269 5206 ab
2282 5153 2502 5224 ecclesia
2527 5154 2885 5217 oboiaverunt,
2903 5165 2953 5208 et
2975 5171 3135 5218 usque
3163 5155 3229 5224 ad
3262 5156 3538 5211 ecclesiam

1963 5221 2313 5278 indesinenter
2329 5223 2615 5289 psallentes
2632 5239 2753 5289 eum
2774 5225 3150 5289 perduxerunt.
3180 5221 3537 5282 Notissitnum

1962 5300 2047 5346 est
2075 5291 2279 5347 Christi
2327 5291 2543 5345 Domini
2598 5296 2944 5362 exeuiplum:
2983 5291 3139 5362 Joan.
3182 5309 3278 5354 att,
3309 5295 3394 5350 I3.
3433 5296 3539 5352 Sed

1961 5372 2014 5416 et
2045 5363 2110 5416 ad
2154 5363 2444 5431 exsequias
2480 5375 2609 5431 cum
2647 5361 2843 5430 palmis
2876 5361 3200 5430 prodibant,
3241 5373 3300 5416 ut
3357 5366 3542 5421 videre

1962 5442 2044 5486 est
2064 5432 2207 5500 apud
2237 5430 2586 5500 Ammoninm
2620 5431 2945 5500 monachum
2973 5431 3048 5484 De
3079 5432 3328 5487 l’atribus
3359 5434 3542 5489 Sinni-

1965 5502 2029 5553 tis
2058 5499 2523 5561 et’Raitltensibus,
2549 5513 2602 5567 p.
2643 5499 2904 5565 106,428,
2946 5501 3071 5567 IQ9;
3117 5503 3254 5560 etin
3298 5503 3543 5562 Historia

1962 5569 2251 5634 Lausiaca,
2285 5585 2406 5638 cap.
2452 5568 2539 5623 59,
2593 5567 2746 5622 Mitto
2799 5575 3000 5626 multas
3040 5573 3176 5628 alias
3225 5576 3542 5632 consimiles

1964 5640 2410 5694 consuetudines.

2037 5710 2149 5780 (85)
2187 5710 2291 5765 Vit.
2328 5708 2481 5764 Patr.
2521 5723 2678 5775 xvttt,
2713 5709 2782 5776 9;
2811 5709 3042 5765 Doroth.
3076 5711 3258 5766 Doctr.
3293 5711 3366 5768 5'.
