4036 6202
484 319 592 375 963
1635 316 1979 372 APPENDIX
2019 315 2071 372 A‘

2178 317 2370 374 ’ALLA
2383 319 2572 377 DIUM.
2745 349 2752 358 ι
3634 317 3739 373 266

485 429 866 492 diversaturus
890 439 1037 488 esset
1059 446 1247 488 senex.
1281 431 1351 485 At
1377 431 1467 486 ille
1496 433 2057 502 requisivitquisnam

2178 432 2272 486 ιίον
2309 434 2496 488 αὐτοῦ.
2543 433 2601 487 '0
2629 432 2686 486 δὲ
2714 432 3068 504 Θεόπεμπτος
3097 433 3393 499 ὑπεδέξατο
3419 432 3584 490 αὒτδν
3625 436 3739 508 χαί·

486 535 635 584 esset
666 527 721 580 in
747 532 933 580 monte
953 524 1046 594 qui
1077 521 1483 593 Theopemptus
1509 524 1907 592 appellaretur.
1939 523 2059 589 Quo

2178 542 2297 596 ρων.
2339 525 2429 587 Ὠς
2473 524 2530 577 δὲ
2567 522 2770 595 ἤρξατο
2824 521 3044 587 ίδιάζειν
3091 523 3285 587 αὐτὸν,
3315 525 3344 576 6
3371 523 3551 594 γέρων
3575 523 3746 594 λέγει’

492 618 734 680 invento,
772 615 995 671 intravit
1025 614 1078 667 in
1107 613 1300 667 cellam
1357 613 1499 682 ejus.
1532 612 1939 686 Theopemptus
1963 631 2062 669 au-

2178 615 2290 677 [Ιῶς
2309 614 2378 668 τὰ
2409 615 2550 668 κατὰ
2590 613 2670 679 σὲ,
2709 614 2941 682 ἀδελφέ;
2989 614 3046 667 '0
3078 613 3135 667 δὲ
3177 611 3352 667 εἶπενο
3377 615 3578 684 Εὐχαίς
3628 632 3750 680 σου,

493 718 597 766 tem
624 709 863 778 suscepit
885 708 1035 761 illum
1061 706 1238 760 laetus.
1267 703 1444 774 thue
1473 706 1639 774 coepit
1660 707 1838 760 solum
1873 721 2059 761 secum

2178 703 2365 767 καλῶς.
2386 700 2520 757 Εἷπε
2549 703 2606 756 δὲ
2625 705 2654 756 6
2678 703 2874 775 γέρωνο
2892 704 2984 775 Μὴ
3010 704 3304 774 πολεμοῦσί
3322 704 3443 757 σεοί
3465 703 3720 775 λογισμοί
3733 721 3752 771 ;

493 801 688 858 habere
736 815 934 859 senex,
973 796 1276 863 Quomodo,
1329 798 1527 868 inquit,
1580 813 1640 853 se
1691 813 1780 853 res
1819 804 1928 853 tua;
1965 798 2063 853 ha-

2181 797 2238 849 '0
2271 796 2328 848 δὲ
2371 792 2510 849 εἷπε·
2537 795 2688 859 Τέως
2712 795 2892 859 καλῶς
2919 797 3052 864 είμι·
3084 795 3264 866 ῂδεῖτο
3292 795 3400 866 γὰρ
3430 796 3624 850 εἰπεῖν.
3648 795 3752 848 Λέ-

494 893 638 958 bent,
676 890 882 944 frater?
914 889 965 944 ls
1005 889 1140 942 dicit
1171 907 1184 943 :
1229 887 1420 951 Recte,
1459 904 1556 958 per
1593 905 1782 959 preces
1815 897 1964 946 tuas.
1996 889 2062 943 Et

2178 907 2256 957 γει
2288 889 2437 960 αὐτῷ
2469 890 2498 942 6
2520 888 2720 961 γέρων⁶
2777 889 2906 942 Ἰδοὺ
2937 891 3077 942 πόσα
3119 888 3214 960 ἐτη
3245 889 3419 953 ἀσκῶ,
3460 889 3554 942 κα)⁵
3578 888 3755 960 τιμῶ-

488 1000 654 1042 senex
692 1001 706 1038 :
743 982 881 1036 Num
921 983 1246 1052 impugnant
1282 989 1335 1035 te
1359 981 1765 1051 cogitationes?
1798 983 1889 1036 ille
1923 1000 1936 1036 :
1971 983 2062 1036 ln-

488 1076 645 1129 terim
692 1073 823 1127 mihi
865 1073 1004 1126 bene
1044 1079 1146 1126 est.
1191 1069 1438 1125 Pudebat
1469 1072 1615 1125 enim
1655 1088 1778 1126 etun
1823 1072 2061 1127 edicere.

489 1167 579 1219 Ait
611 1165 688 1220 illi
725 1179 890 1220 senex
929 1179 943 1215 :
983 1163 1121 1216 Ecce
1145 1177 1176 1215 a
1216 1163 1530 1230 quotannis
1572 1162 1737 1215 vitam
1764 1163 2063 1216 .asceticam

491 1257 654 1319 duco,
686 1265 741 1312 et
783 1256 991 1310 honore
1029 1254 1236 1308 afficior
1271 1253 1338 1305 ab
1371 1253 1667 1317 omnibus;
1701 1262 1942 1308 attamen
1980 1268 2066 1308 me

492 1363 675 1404 senem
705 1346 935 1416 spiritus
972 1343 1353 1398 fornicationis
1383 1343 1627 1397 divexat.
1660 1341 2065 1413 Theopemptus

491 1439 744 1508 excepit:
777 1437 972 1500 Crede,
1012 1435 1182 1497 abba,
1224 1451 1311 1490 me
1349 1435 1537 1489 etiam.
1580 1433 1756 1488 Senex
1807 1450 1937 1489 vero
1986 1436 2066 1491 si-

492 1531 734 1585 mulabat
756 1530 823 1583 ab
849 1529 972 1583 aliis
993 1529 1156 1583 etiam
1189 1527 1618 1596 cogitationibus
1651 1526 1955 1596 impugnari
1984 1543 2064 1591 se,

491 1623 666 1676 donec
731 1637 855 1676 eum
916 1621 981 1674 ad
1035 1619 1437 1674 confessionem
1490 1618 1805 1671 adduceret.
1869 1617 2068 1673 Postea

492 1716 623 1769 dicit
648 1714 695 1768 ei
730 1731 745 1767 :
781 1711 1068 1778 Quomodo
1112 1711 1364 1780 jejunas?
1395 1708 1691 1776 Restiondit
1717 1727 1732 1763 :
1756 1709 1835 1763 Ad
1877 1709 2066 1763 horam

2173 999 2268 1052 μαι
2296 981 2446 1053 παρὰ
2469 981 2709 1043 πάντων,
2739 981 2832 1034 καὶ
2855 981 2977 1051 ἐμοὶ
3005 980 3081 1050 τῷ
3103 981 3318 1052 γέροντι
3342 982 3488 1052 ὀχλεῖ
3507 985 3567 1036 τδ
3597 980 3755 1034 πνεῦο

2175 1092 2250 1144 μα
2281 1074 2383 1144 τῆς
2406 1075 2680 1146 πορνείας.
2699 1073 2994 1146 Ἀπεκρίθη
3019 1074 3193 1144 λέγων
3211 1075 3306 1129 καὶ
3323 1074 3352 1126 6
3372 1075 3752 1146 Θεόπεμπτοςο

2172 1166 2422 1230 Πίστευε,
2463 1165 2624 1229 ἀεὸᾶ,
2651 1165 2743 1218 καὶ
2783 1165 2924 1236 ἐμοί.
2972 1166 3028 1218 '0
3051 1165 3107 1218 δὲ
3153 1167 3331 1238 γέρων
3356 1165 3754 1238 προεφασίζετο

2173 1257 2270 1309 καὶ
2318 1257 2538 1327 ἐτέρους
2584 1257 2878 1326 λογισμοὺς
2908 1257 3162 1326 πολεμεῖν
3204 1256 3374 1327 αὐτῷ,
3401 1256 3507 1319 ἓως
3532 1257 3754 1327 ποιήσει

2173 1350 2335 1403 αὑτὸν
2371 1350 2715 1420 ὁμολογῆσαι.
2756 1344 2887 1403 Εἶτα
2916 1349 3064 1418 λέγει
3093 1349 3260 1419 αὐτῷ·
3295 1349 3419 1411 Πῶς
3441 1348 3750 1418 νηστεύειςς

2185 1441 2243 1495 '0
2283 1441 2340 1494 δὲ
2365 1441 2512 1509 λέγει
2537 1441 2705 1511 αὐτῷ·
2746 1441 2856 1512 Τὴν
2879 1441 3094 1511 ἐνάτην.
3119 1439 3281 1508 Λέγει
3306 1438 3455 1510 αύτῷ
3492 1441 3522 1492 6
3547 1439 3748 1508 γέρωνο

2171 1531 2418 1602 Νήστευε
2439 1530 2543 1594 ἓως
2569 1529 2799 1599 ὀψὲ,καὶ
2826 1529 3003 1583 ἄσκει*
3036 1530 3131 1582 καὶ
3161 1527 3488 1600 ἁποστήθιζε
3519 1528 3613 1582 τοῦ
3645 1529 3753 1582 Εὑ-

2173 1620 2430 1690 αγγελίου
2462 1622 2555 1674 καὶ
2589 1622 2697 1674 τῶν
2726 1620 2902 1674 ἄλλων
2935 1619 3185 1692 Γραςεῶν⁹
3211 1621 3306 1672 καὶ
3337 1620 3433 1673 ἐάν
3464 1638 3546 1672 σοι
3572 1621 3749 1691 ἀναϐῇ

2173 1713 2452 1784 λογισμὸς,
2472 1714 2740 1785 μηδέποτε
2765 1713 3009 1786 πρόσχῃς
3029 1714 3197 1774 κάτω,
3215 1711 3348 1766 ἀλλὰ
3366 1713 3594 1767 πάντοτε
3616 1712 3752 1766 ἄνω·

494 1819 714 1858 nonam.
759 1801 896 1854 Tum
940 1817 1109 1856 senex
1150 1815 1163 1851 :
1209 1799 1404 1869 Jejuna
1441 1814 1615 1868 usque
1655 1799 1720 1849 ad
1745 1813 2071 1866 vesperam;

2178 1804 2271 1857 καὶ
2295 1803 2496 1867 εὐθέως
2535 1821 2618 1857 σοι
2641 1806 2669 1857 6
2703 1802 2904 1870 Κύριος
2938 1803 3140 1874 βοηθεῖ.
3177 1803 3285 1856 Καὶ
3314 1801 3571 1866 τυπώσας
3603 1804 3632 1856 6
3659 1801 3758 1870 γέ-

491 1909 687 1949 exerce
729 1902 814 1959 te;
852 1893 1117 1948 meditare
1161 1907 1224 1946 ac
1264 1891 1430 1945 recita
1467 1890 1784 1944 memoriter
1809 1905 1874 1942 cx
1902 1890 2074 1943 Evan-

491 1985 634 2054 gelio
667 1985 900 2054 aliisque
943 1982 1280 2052 Scripturis;
1320 1997 1554 2050 cumque
1591 1989 1642 2034 te
1673 1979 1902 2034 subierit
1923 1979 2071 2050 cogi-

494 2075 651 2135 tatio,
693 2090 971 2144 nunquam
1001 2075 1257 2128 deorsum
1291 2079 1528 2140 spectes,
1555 2069 1648 2124 sed
1683 2086 1903 2125 sursum
1935 2086 2071 2126 sem-

495 2179 629 2233 per;
683 2166 973 2234 statimque
1020 2163 1118 2217 tibi
1173 2161 1436 2215 Dominus
1483 2159 1745 2228 pracbebit
1783 2160 2065 2214 auxilium.

496 2259 560 2312 Et
586 2265 871 2327 postquam
907 2255 1129 2309 fratrem
1166 2253 1523 2308 informasset
1578 2268 1743 2307 senex
1767 2291 1780 2312 ,
1822 2267 2074 2309 reversus

493 2356 580 2405 est
627 2350 695 2403 ad
749 2346 1104 2404 solitudinem
1147 2361 1327 2400 suam.
1372 2343 1470 2398 Ubi
1511 2345 1834 2405 observans,
1874 2345 2069 2399 iterum

493 2443 642 2498 videt
665 2442 965 2496 daemonem
1001 2439 1173 2500 illum,
1203 2437 1386 2506 aitque
1419 2438 1469 2490 ei
1503 2451 1516 2487 :
1555 2435 1675 2501 Quo
1716 2436 1914 2490 iterum
1942 2451 2068 2506 per-

496 2534 618 2606 gis?
661 2531 908 2596 Fratres,
964 2529 1163 2598 inquit,
1211 2529 1548 2597 instigatum.
1595 2530 1771 2597 Atque
1805 2528 1956 2583 abiit.
2000 2528 2074 2585 Ut

495 2639 629 2681 vero
653 2638 849 2678 rursus
899 2621 1143 2684 transiit,
1191 2620 1509 2675 sciscitatus
1559 2627 1642 2674 est
1683 2619 1834 2672 illum
1884 2635 2072 2684 senex,

494 2714 770 2786 quomodo
809 2713 1075 2767 haberent
1129 2710 1347 2766 fratres.
1399 2709 1750 2780 Respondit:
1799 2709 1960 2767 Male.
2006 2709 2071 2766 Et

495 2818 662 2863 senex
701 2805 888 2860 :Cur?
922 2804 1138 2858 Daemon
1169 2819 1182 2855 :
1212 2801 1408 2857 Cuncti
1440 2801 1653 2857 feroces
1689 2811 1854 2871 sunt;
1895 2804 2073 2874 quod-

495 2915 602 2971 que
629 2899 785 2970 pejus
817 2907 922 2962 est,
967 2896 1056 2951 ille
1098 2910 1260 2966 quem
1303 2895 1569 2949 habebam
1605 2897 1862 2962 amicum,
1891 2904 1945 2950 et
1969 2895 2069 2950 ob-

496 3003 809 3064 sequentem
840 2990 995 3049 mihi,
1029 2992 1145 3058 ipse
1167 2987 1351 3053 etiam,
1386 2987 1531 3041 unde
1561 2988 1772 3054 nescio,
1814 2987 2071 3041 inversus

2180 1913 2288 1966 ρων
2314 1895 2404 1948 τὸν
2453 1894 2678 1964 ἀδελφὺν
2711 1895 2932 1966 ἐξῆλθεν
2967 1897 3047 1958 είς
3084 1895 3181 1966 τὴν
3209 1895 3343 1948 ίδίαν
3380 1893 3608 1964 ἔρημον.
3640 1891 3754 1946 Kal

2178 1987 2513 2057 παρατηρῶν
2553 1985 2716 2040 πάλιν
2756 1988 2856 2057 ὁρᾷ
2894 1989 3101 2039 ἐκεῖνον
3140 1985 3232 2038 τὸν
3261 1985 3514 2054 δαίμονα,
3546 1983 3639 2036 καὶ
3661 1981 3753 2035 λέ-

2176 2093 2263 2144 γει
2298 2077 2464 2146 αὐτῷ·
2488 2075 2598 2130 Ποῦ
2625 2077 2787 2130 πάλιν
2811 2076 3058 2149 ἀπέρχῃς
3101 2077 3160 2129 '0
3187 2075 3243 2128 δὲ
3270 2075 3440 2144 λέγει·
3477 2073 3752 2144 Ὑπομνῆ-

2179 2183 2269 2219 σαι
2293 2167 2420 2227 τοὺς
2451 2166 2729 2236 ἀδελφούς.
2763 2165 2878 2226 Καὶ,
2898 2166 3158 2237 ἀπῆλθεν.
3196 2168 3282 2226 Ὠς
3317 2167 3374 2219 δὲ
3404 2165 3566 2218 πάλιν
3590 2165 3756 2217 ἐπαν-

2176 2261 2331 2332 ῆλθε,
2367 2261 2515 2331 λέγει
2548 2263 2695 2332 αὐτῷ
2724 2264 2752 2315 6
2774 2261 2948 2329 ἅγιος·
2979 2262 3102 2324 Πῶς
3131 2262 3180 2313 οἱ
3213 2257 3462 2327 άδελφοί;
3505 2258 3564 2310 '0
3591 2256 3647 2309 δὲ
3670 2255 3758 2308 λέ-

2175 2370 2283 2422 γει’
2315 2356 2532 2418 Κακῶς.
2567 2354 2630 2408 '0
2673 2355 2730 2408 δὲ
2768 2354 2944 2425 γέρων
2984 2354 3150 2422 λέγει’
3183 2350 3332 2404 Διατί
3352 2367 3366 2415 ;
3411 2351 3468 2402 '0
3491 2349 3549 2403 δὲ
3579 2344 3754 2402 εἶπεν

2181 2445 2396 2518 Ἀγριοί
2425 2447 2562 2500 εἰσιν
2585 2446 2717 2500 ὄλοιο
2739 2447 2833 2500 καὶ
2859 2446 2920 2498 τὸ
2943 2445 3128 2516 μεῖζον
3153 2443 3342 2506 κακὸν,
3370 2443 3451 2495 ὅτι
3473 2442 3570 2495 καὶ
3593 2441 3653 2493 ὃν
3687 2435 3760 2494 εἶ-

2177 2553 2270 2606 χον
2311 2537 2461 2606 φίλον
2487 2536 2832 2591 ὑπακούοντα
2859 2554 2969 2607 μοι,
3018 2537 3111 2589 καὶ
3137 2534 3298 2597 αὐτὸς
3329 2533 3427 2585 οὐκ
3447 2527 3562 2584 οἶδα
3592 2531 3759 2584 πόθεν

2177 2625 2499 2697 διεστράφη,
2530 2627 2624 2681 καὶ
2656 2626 2776 2681 οὐδὲ
2817 2626 2978 2690 αὑτός
3030 2643 3119 2696 μοι
3148 2623 3413 2689 πείθεται,
3450 2622 3585 2676 ἀλλὰ
3622 2621 3761 2675 πάν-

2177 2735 2285 2771 των
2312 2717 2648 2791 ἀγριώτερος
2692 2718 2926 2787 ἐγένετο·
2965 2717 3059 2771 καὶ
3081 2715 3270 2786 ῶμοσα
3317 2713 3512 2800 μηκέτι
3540 2713 3610 2767 τά
3637 2715 3761 2766 ἐκεῖ

2177 2810 2442 2881 πατῆσαι,
2472 2813 2520 2864 εί
2552 2811 2625 2882 μὴ
2659 2809 2798 2880 μετὰ
2824 2813 3032 2880 χρόνον.
3064 2809 3173 2861 Kal
3198 2806 3371 2870 οὕτως
3398 2805 3568 2859 εἰπὼν
3581 2803 3758 2874 ἀπῆλ-

2177 2899 2289 2967 θεν,
2325 2901 2491 2965 ἐάσας
2521 2902 2612 2954 τὸν
2646 2901 2893 2972 γέροντα.
2922 2900 3033 2954 Kal
3067 2901 3096 2953 6
3127 2899 3281 2968 ἅγιος
3319 2897 3565 2968 εἰσῆλθεν
3591 2897 3670 2960 είς
3692 2895 3758 2948 τὸ

2174 2987 2385 3042 κελλίον
2407 2989 2592 3043 αὐτοῦ.

493 3095 598 3148 est,
650 3096 750 3137 nec
801 3081 1036 3150 amplius
1074 3094 1102 3132 a
1146 3093 1231 3131 me
1283 3078 1665 3147 persuadetur,
1722 3075 1816 3129 sed
1879 3077 2098 3131 cunctis
2157 3076 2394 3132 [ει-θεῖοι
2442 3079 2618 3133 evasit
2667 3096 2682 3134 :
2723 3075 2866 3132 unde
2905 3075 3086 3146 juravi
3120 3091 3206 3132 me
3246 3077 3481 3148 amplius
3527 3092 3591 3132 ea
3632 3077 3758 3133 loca

496 3187 605 3228 non
640 3171 1000 3230 calcaturum,
1033 3167 1139 3220 nisi
1173 3174 1296 3236 post
1330 3175 1563 3235 tempus.
1609 3165 1730 3230 Quo
1758 3166 2121 3234 pronuntiato
2181 3168 2454 3236 discessit,
2495 3183 2679 3224 senem
2713 3169 3046 3239 relinquens.
3106 3167 3264 3224 Tunc
3315 3177 3540 3226 sanctus
3586 3170 3759 3225 intra-

499 3265 575 3319 vit
607 3263 662 3318 in
694 3263 887 3317 cellam
917 3275 1094 3314 suam.

565 3356 619 3410 4.
663 3355 777 3423 (86)
821 3352 979 3406 Venit
1021 3350 1195 3404 abbas
1240 3347 1511 3403 Macarius
1544 3365 1775 3422 magnus
1799 3349 1867 3404 ad
1908 3351 2071 3405 abba-

2247 3359 2310 3412 δ’.
2335 3357 2651 3429 Παρέϐαλεν
2669 3360 2697 3413 ὁ
2725 3357 2898 3422 ά66ἄς
2925 3356 3214 3430 Μακάριος
3241 3359 3270 3410 6
3294 3357 3470 3428 μέγας
3504 3356 3582 3428 τῷ
3614 3356 3762 3428 άεὸᾷ

496 3458 604 3502 tem
633 3447 929 3500 Antonium
974 3444 1028 3496 in
1067 3451 1343 3508 montem;
1386 3456 1622 3510 cumque
1666 3441 1940 3509 pulsasset
1983 3457 2074 3498 os-

494 3541 656 3605 tium,
692 3551 949 3608 egressus
979 3543 1088 3597 est,
1124 3533 1388 3604 petiitque
1421 3550 1435 3587 :
1465 3531 1546 3586 Tu
1574 3535 1700 3602 quis
1725 3533 1822 3586 es?
1851 3531 1946 3587 Ille
1975 3547 2074 3586 au-

495 3631 791 3703 tem,,l§go,
835 3629 1030 3698 inquit,
1073 3641 1194 3682 sum
1233 3624 1529 3680 Macarius.
1568 3623 1634 3677 Et
1678 3625 1823 3679 ostio
1857 3625 2069 3690 clauso,

495 3727 737 3790 intravit,
791 3723 1109 3792 relinquens
1158 3735 1305 3775 eum.
1350 3717 1456 3774 Sed
1511 3725 1802 3788 postquam
1852 3716 2075 3786 agnovit

496 3820 814 3892 patientiam
857 3816 1009 3884 ejus,
1061 3812 1299 3884 aperuit.
1347 3812 1527 3880 Atque
1570 3825 1694 3865 cum
1747 3825 1814 3865 eo
1866 3810 2074 3864 urbane

493 3927 684 3984 agens,
716 3910 856 3964 dixit
884 3923 896 3958 :
929 3907 975 3959 Α
1007 3905 1178 3959 multo
1211 3914 1456 3973 tempore
1483 3901 1668 3956 videre
1701 3910 1752 3956 te
1795 3900 2074 3955 desidera-

497 4005 644 4067 bam,
674 4000 860 4055 audita
887 3996 966 4051 tui
991 3996 1156 4050 fama.
1183 3995 1250 4047 Et
1271 3991 1616 4062 hospitaliter
1639 3988 1958 4060 susceptum
1990 4003 2075 4043 re-

494 4096 658 4160 fecit;
711 4101 830 4148 erat
871 4090 1016 4145 extim
1059 4103 1090 4142 e
1137 4087 1309 4141 multo
1359 4086 1548 4139 labore
1590 4081 1793 4139 fessus.
1835 4081 2074 4152 Vespere

494 4197 674 4242 autem
708 4186 872 4246 facto,
911 4183 1084 4236 abbas
1114 4179 1386 4233 Antonius
1416 4178 1520 4232 sibi
1553 4173 1847 4230 madefecit
1888 4187 2074 4228 ramos

496 4279 821 4348 palmarum.
855 4274 944 4325 Alt
974 4272 1025 4326 ei
1052 4271 1220 4325 abbas
1252 4268 1526 4323 Macarius
1562 4285 1575 4321 :
1617 4265 1757 4321 lube
1787 4272 1847 4320 ut
1880 4273 1935 4320 et
1972 4277 2074 4334 ego

495 4368 628 4423 mihi
659 4366 983 4436 intinguam.
1006 4363 1132 4416 Ille:
1163 4361 1434 4431 lntingue,
1463 4360 1657 4429 inquit.
1706 4356 2075 4426 Confectoque

494 4477 694 4535 magno
734 4459 1025 4521 fasciculo,
1047 4456 1290 4510 intinxit.
1312 4455 1479 4525 Igitur
1505 4454 1758 4509 sedentes
1777 4467 1804 4505 a
1825 4465 2073 4521 vespera,

495 4554 751 4612 collocuti
778 4551 844 4607 de
875 4549 1182 4604 animarum
1209 4546 1468 4609 utilitate,
1508 4546 1818 4615 plectebant
1849 4563 1863 4598 :
1897 4543 2074 4614 plecta

497 4655 676 4703 autem
728 4661 822 4716 per
865 4643 1161 4698 fenestram
1212 4636 1584 4693 descendebat
1630 4637 1684 4689 in
1733 4636 2070 4705 speluncam.

2193 3455 2478 3525 Ἀντωνίῳ,
2513 3457 2593 3519 είς
2613 3456 2672 3510 τὸ
2700 3455 2845 3526 ὅρος·
2880 3454 2973 3507 xal
2997 3453 3327 3525 κρούσαντος
3344 3451 3509 3506 αὑτοῦ
3539 3453 3637 3520 τὴν
3665 3452 3765 3506 θύ-

2183 3564 2300 3617 ραν,
2332 3545 2522 3616 ἐξῆλθε
2565 3548 2702 3618 πρὸς
2724 3547 2905 3611 αὑτὸν,
2938 3548 3033 3600 καὶ
3067 3542 3220 3600 εἶπεν
3247 3545 3414 3616 αὐτῷ·
3448 3545 3520 3598 Σὺ
3546 3545 3629 3608 τίς
3674 3541 3757 3612 εἷς

2179 3641 2209 3693 6
2235 3639 2293 3692 δὲ
2320 3639 2445 3710 ἔφη·
2483 3639 2625 3708 Ἑγώ
2643 3642 2756 3710 εἰμι
2772 3639 3199 3710 Μακάριος.Καὶ
3217 3638 3438 3700 κλείσας
3461 3637 3560 3708 τὴν
3584 3637 3761 3708 θύραν

2178 3730 2396 3798 εἰσῆλθε
2429 3732 2524 3784 καὶ
2545 3731 2757 3801 ἀφῆκεν
2791 3729 2973 3784 αὐτόν.
3015 3730 3126 3782 Kal
3177 3727 3300 3784 ἰδὼν
3343 3730 3442 3800 τὴν
3476 3729 3762 3800 ὑπομονὴν

2178 3821 2366 3887 αὐτοῦ,
2396 3819 2604 3894 ἧνοιξεν
2631 3821 2799 3893 αὐτῷ,
2814 3821 2907 3875 καὶ
2936 3819 3404 3893 χαριεντιζόμενος
3429 3821 3544 3890 μετ’
3567 3818 3757 3883 αὑτοῦ,

2179 3908 2388 3978 ἔλεγενο
2453 3908 2586 3962 Ἀπὸ
2625 3907 2820 3963 πολλοῦ
2876 3909 3068 3980 χρόνου
3127 3908 3434 3980 ἐπεθύμουν
3490 3925 3550 3961 σε
3606 3907 3757 3972 ίδείν,

2178 4001 2391 4056 ἀκούων
2412 4001 2480 4055 τὰ
2503 4001 2630 4072 περὶ
2660 4001 2775 4057 σοῦ.
2800 4001 2913 4054 Kal
2939 4000 3290 4072 φιλοξενήσας
3323 3999 3485 4054 αὐτὸν
3524 3997 3762 4052 ἀνέπαυ-

2183 4089 2378 4164 σενοῆν
2399 4093 2508 4164 γὰρ
2541 4093 2647 4146 ἀπὸ
2679 4094 2924 4163 καμάτου
2954 4091 3174 4148 πολλοῦ.
3219 4091 3403 4161 Ὀψίας
3435 4091 3493 4144 δὲ
3526 4090 3757 4160 γενομέ-

2179 4203 2297 4255 νης,
2333 4184 2550 4256 ἔϐρεξεν
2588 4183 2767 4254 ἑαυτῷ
2801 4185 2832 4238 6
2864 4183 3037 4246 άὸὁᾶς
3064 4182 3345 4245 Ἀντώνιος
3399 4181 3610 4234 θαλλία.
3646 4181 3759 4235 Καὶ
3781 4211 3802 4231 ε

2178 4277 2328 4346 λέγει
2373 4276 2521 4348 αὐτῷ
2562 4279 2590 4330 6
2623 4276 2796 4338 ἀὸδᾶς
2836 4277 3139 4344 Μακάριος⁹
3172 4274 3441 4327 Κέλευσον
3482 4272 3568 4325 ἵνα
3601 4270 3760 4348 κάγὼ

2182 4345 2358 4438 βρέξω
2377 4345 2616 4438 ἐμαυτῷ.
2660 4368 2720 4420 '0
2740 4366 2796 4419 δὲ
2825 4361 2966 4418 εἷπε·
2993 4364 3213 4435 Βρέξον.
3249 4363 3359 4417 Kal
3405 4363 3639 4434 ποιήσας
3668 4345 3759 4414 δε-

2182 4458 2317 4528 σμὸν
2358 4458 2548 4528 μέγαν,
2577 4455 2786 4528 ἔϐρεξε.
2815 4455 2925 4508 Kal
2955 4455 3252 4525 καθήμενοι
3271 4454 3378 4508 ἀπὸ
3402 4452 3760 4524 ὀψὲ,λαλοῦν·

2179 4567 2272 4613 τες
2294 4553 2423 4620 περὶ
2447 4547 2720 4619 σωτηρίας
2751 4545 2939 4617 ψυχῶν
2977 4546 3225 4599 ἐπλεκον·
3277 4544 3371 4598 καὶ
3398 4546 3432 4615 ἡ
3461 4542 3619 4615 σειρὰ
3668 4542 3760 4596 διὰ

2179 4642 2279 4711 τῆς
2308 4642 2520 4712 θυρίδος
2553 4644 2632 4705 εἰς
2649 4640 2712 4694 1:6
2743 4640 3004 4710 σπήλαιον
3024 4639 3331 4692 κατέϐαινε.
3365 4638 3474 4690 Kal
3502 4633 3761 4690 εἰσελθὼν

498 4738 562 4792 Et
595 4753 755 4792 mane
793 4733 1111 4806 ingrediens
1152 4730 1347 4784 beatus
1387 4725 1680 4788 Antonius,
1710 4725 1846 4779 vidit
1888 4725 2071 4795 plecta:

2183 4731 2327 4800 πρωϊ
2359 4735 2388 4786 6
2413 4733 2681 4803 μακάριος
2723 4729 3007 4793 Ἀντώνιος
3044 4726 3151 4782 εἶδε
3183 4729 3244 4782 τὸ
3279 4727 3482 4797 πλῆθος
3507 4726 3609 4793 τῆς
3643 4742 3761 4778 σει-

496 4832 708 4887 abbatis
749 4827 970 4882 Macarii
1027 4823 1276 4892 capiam;
1315 4827 1369 4876 et
1409 4815 1529 4872 inﬁt
1574 4835 1587 4870 :
1633 4815 1802 4870 Multa
1841 4815 2017 4873 virtus
2047 4832 2078 4872 ε

496 4923 751 4978 manibus
781 4920 907 4974 istis
937 4915 1240 4987 egreditur.

561 5011 613 5069 5.
658 5011 772 5081 (87)
813 5009 993 5063 Abbas
1047 5005 1318 5061 Macarius
1379 5003 1630 5075 praedixit
1691 4999 1958 5055 fratribus
2011 5001 2078 5056 de

495 5101 805 5155 vastatione
875 5098 1096 5154 Sceteos
1132 5116 1144 5150 :
1174 5095 1406 5162 Quando
1457 5093 1835 5165 spectaveritis
1883 5094 2075 5149 cellam

502 5191 821 5247 aediﬁcatam
864 5189 1016 5261 juxta
1059 5188 1333 5257 paludem,
1376 5187 1573 5241 scitote
1619 5183 1764 5254 quod
1805 5199 1974 5254 prope
2006 5186 2078 5240 sit

503 5283 724 5340 Soeteos
776 5283 1043 5338 desolatio
1095 5295 1110 5334 :
1159 5280 1377 5350 quando
1419 5277 1666 5332 videritis
1715 5275 1961 5339 arbores,
2007 5275 2076 5329 ad

505 5377 651 5430 fores
674 5382 758 5428 est
787 5389 800 5426 :
829 5390 952 5428 cum
988 5381 1168 5428 autem
1203 5387 1404 5442 pueros
1430 5367 1861 5441 conspexeritis,
1899 5368 2076 5424 tollite

500 5467 727 5522 melotes
753 5472 988 5528 vestras,
1018 5473 1182 5535 atque
1209 5464 1496 5519 discedite.

564 5557 618 5611 6.
660 5555 770 5627 (88)
813 5555 957 5608 Dixit
1002 5555 1225 5621 iterum,
1268 5557 1460 5611 volens
1508 5553 1707 5611 fratres
1750 5551 2070 5610 consolari:

571 5669 681 5740 (86)
721 5666 829 5740 th.
864 5665 997 5740 Patr
1058 5681 1154 5728 vn,
1195 5665 1248 5718 9.

571 5733 832 5812 (87).Vit.
868 5736 1018 5792 Patr.
1057 5748 1210 5795 xvtu,
1244 5733 1297 5786 2.

2182 4825 2279 4893 ρᾶς
2302 4822 2395 4876 τοῦ
2416 4823 2560 4875 ἀ66ᾶ
2586 4821 2890 4892 Μακαρίου,
2920 4821 3015 4874 καὶ
3039 4818 3210 4888 ἔλεγε·
3238 4817 3412 4889 Πολλὴ
3441 4815 3668 4886 δύναμις
3694 4816 3761 4869 ὲκ

2176 4914 2286 4967 τῶν
2319 4913 2516 4984 χειρῶν
2542 4913 2749 4966 τούτων
2775 4913 3077 4984 ἐξέρχεται.

2251 5011 2313 5057 ε’.
2357 5004 2581 5072 Ἔλεγεν
2598 5003 2626 5054 ὁ
2650 5002 2823 5065 ἁὸὅᾶς
2849 5002 3132 5072 Μακάριος
3157 5018 3223 5053 πε
3235 5002 3286 5073 pl
3306 5000 3405 5070 τῆς
3423 4997 3762 5072 ἐρημώσεως

2179 5094 2278 5164 τῆς
2341 5095 2596 5165 Σκήτεως
2651 5095 2764 5156 τοῖς
2812 5093 3088 5161 ἀδελφοῖςο
3133 5092 3302 5146 Ὅταν
3354 5092 3498 5160 ἴδητε
3549 5089 3761 5144 κελλίον

2180 5185 2632 5256 οἰκοδομούμενον
2665 5185 2832 5253 ἐγγὺς
2863 5183 2958 5237 τοῦ
3002 5183 3178 5247 ἕλους,
3216 5183 3416 5254 μάθετε
3460 5184 3542 5235 ὅτι
3590 5182 3765 5250 ἐγγύς

2180 5277 2328 5329 ἐστιν
2359 5277 2393 5346 ἡ
2420 5277 2698 5346 ἐρήμωσις
2724 5275 2918 5345 αὑτῆςο
2961 5273 3090 5327 ὅταν
3125 5273 3270 5344 ἴδητε
3299 5273 3512 5344 δένδρα,
3546 5273 3640 5326 ἐπὶ
3665 5272 3763 5325 θυ-

2185 5367 2292 5437 ρῶν
2319 5368 2466 5418 ἐστιν
2486 5384 2499 5398 ·
2517 5367 2644 5419 ὅταν
2664 5365 2721 5418 δὲ
2744 5365 2890 5436 ἴδητε
2915 5365 3122 5430 παιδία,
3145 5365 3312 5436 ἄρατε
3338 5365 3408 5419 τὰ
3434 5363 3763 5436 μηλωτάρια

2181 5457 2354 5529 ὑμῶν,
2386 5458 2482 5510 καὶ
2510 5458 2922 5527 ἀναχωρήσατε.

2255 5553 2331 5612 ς’.
2388 5547 2582 5617 Ἔλεγε
2612 5547 2795 5607 πάλιν,
2835 5547 3218 5619 παρηγορῆσαι
3247 5545 3416 5601 θέλων
3453 5546 3579 5611 τοὺς
3603 5542 3765 5601 ἀδελ·-

2257 5661 2370 5730 (88)
2415 5661 2516 5717 Vit.
2554 5661 2708 5716 Patr.
2743 5679 2896 5728 xvm,
2926 5662 3013 5715 10.
