4036 6202
233 268 346 324 265

1401 246 2018 325 APOPIH‘HEGMATA
2051 260 2363 319 PATRUM.

3417 265 3524 321 166

231 386 409 459 ςιούς⁸
441 380 654 439 Ἦλθεν
691 375 794 438 ὧδε
829 381 1041 437 παιδίον
1075 382 1526 456 δαιμονιζόμενον
1559 384 1698 457 μετά
1734 383 1832 455 τῆς

1939 381 2099 440 Venit
2138 383 2248 439 huc
2301 396 2425 438 cum
2479 386 2653 436 matre
2707 393 2807 434 sua
2861 393 2998 450 puer
3043 377 3140 450 qui
3191 395 3220 435 α
3253 380 3526 437 dmmonlo

235 478 455 554 μητρδς
497 474 690 543 αὑτοῦ,
737 474 834 528 καὶ
864 474 1020 544 ἔλεγε
1046 477 1113 547 τῇ
1141 476 1310 550 μητρὶ
1352 476 1548 531 αὐτοῦ’
1593 477 1834 550 Ἔγειρε,

234 568 498 644 γραῖαίδ,
546 566 776 637 ἄγωμεν
815 565 990 619 ἐνθεν.
1037 565 1103 619 Ἠ
1144 565 1202 620 δὲ
1243 561 1433 619 εἶπενο
1482 566 1556 618 Οὐ
1603 564 1839 636 δύναμαι

239 659 531 726 πεζεῦσαι.
566 658 677 712 Καὶ
719 652 876 711 εἶπεν
911 657 1049 728 αὐτῇ
1097 656 1158 710 τὸ
1190 657 1404 711 παιδίον
1425 669 1440 685 ⁸
1485 656 1629 724 Ἐγώ
1655 673 1712 709 σε
1740 656 1833 728 βαο

243 754 447 818 στάζω.
475 750 587 804 Καὶ
602 748 898 820 ἐθαύμασα
937 748 1038 819 τὴν
1069 749 1340 821 πονηρίαν
1362 749 1408 782 ¹⁹
1437 747 1532 801 τοῦ
1562 747 1836 819 δαίμονος,

241 844 362 907 πῶς
389 842 662 913 ἠθέλησεν
693 840 895 912 αὐτοὺς
929 838 1294 910 φυγαδεῦσαι.

312 935 378 1001 ζ’.
418 935 650 1003 Ἔλεγεν
678 935 707 986 6
745 932 922 996 ἀϐϐἄς
957 930 1190 1001 Σισόηςο
1221 930 1352 983 Ὅτε
1387 929 1537 1000 ήμην
1573 929 1652 992 είς
1699 927 1843 998 Σκῆ-

238 1047 324 1084 τιν
357 1027 501 1099 μετὰ
519 1027 615 1080 τοῦ
636 1025 957 1096 Μακαρίου,
986 1021 1265 1094 ἀνέϐημεν
1285 1021 1499 1093 θερίσαι
1529 1020 1644 1092 μετ’
1671 1020 1838 1074 αὑτοῦ

235 1122 386 1175 ἑπτά
413 1121 660 1191 ὀνόματα
688 1117 847 1190 (89)⁸
881 1115 976 1169 καὶ
1011 1114 1119 1168 ἰδοὺ
1153 1113 1249 1186 μία
1278 1113 1427 1184 χήρα
1463 1111 1840 1183 καλαμωμένη

234 1210 307 1286 ἢν
334 1213 516 1266 ὀπίσω
543 1211 725 1283 ἡμῶν,
756 1208 854 1263 καὶ
874 1208 975 1261 οὐκ
1001 1205 1238 1261 ἐπαύετο
1270 1205 1552 1259 κλαίουσα.
1594 1203 1839 1274 Ἐφώνη-

236 1323 335 1359 σεν
380 1301 478 1359 οὖν
509 1304 539 1356 6
573 1303 753 1375 γέρων
793 1301 887 1355 τὸν
916 1299 1109 1370 κύριον
1153 1298 1248 1352 τοῦ
1287 1298 1516 1371 χωρίου,
1554 1297 1649 1351 καὶ
1672 1292 1841 1365 ¹εἶπεν

234 1396 429 1469 αὐτῷ·
465 1397 531 1451 Τί
577 1396 691 1467 ἔχει
740 1397 775 1466 ἡ
819 1391 996 1465 γραῦς
1029 1389 1196 1462 αὕτη,
1232 1386 1318 1444 ὅτι
1359 1391 1593 1446 πάντοτε
1627 1389 1837 1454 κλαίεις

236 1491 410 1561 Λέγει
440 1489 616 1560 αύτῷ·
648 1489 827 1541 Ὀτιὸ
856 1485 997 1557 ἀνὴρ
1028 1483 1205 1553 αὐτῆς
1237 1479 1351 1554 εἶχε
1380 1481 1713 1554 παραθήκην
1757 1498 1839 1535 τι-

234 1585 354 1649 νὸς,
391 1586 487 1640 καὶ
519 1581 798 1638 ἀπέθανεν
831 1578 1007 1649 ἄφνω,
1057 1577 1155 1632 καὶ
1181 1575 1282 1630 οὐκ
1313 1571 1436 1629 εἶπε
1485 1575 1589 1628 ποῦ
1641 1574 1840 1646 ἔθηκεν

233 1678 446 1749 αύτήν’
484 1677 579 1731 καὶ
621 1674 768 1729 θέλει
804 1674 833 1726 6
875 1671 1066 1744 κύριος
1105 1671 1209 1741 τῆς
1260 1669 1594 1742 παραθήκης
1654 1667 1839 1722 λαϐεῖν

1940 473 2276 541 vexabatur;
2299 481 2354 528 et
2381 472 2598 527 dicebat
2617 470 2776 525 matri
2803 489 2817 524 :
2844 470 3039 542 Surge,
3064 487 3227 536 anus,
3257 472 3524 530 abeamus

1939 565 2087 620 hinc.
2113 565 2209 618 Illa
2245 579 2376 620 vero
2413 579 2426 616 :
2455 563 2572 619 Non
2605 577 2854 634 possum,
2887 563 3336 633 inquit,pcdibus
3367 564 3519 620 ince-

1939 656 2091 712 dere.
2111 654 2250 711 ‘l‘um
2273 669 2408 725 puer
2429 654 2497 710 ad
2513 669 2631 710 eam
2653 652 2796 725 :Ego
2829 664 2880 707 te
2903 654 3150 722 portabo.
3185 653 3250 706 Et
3280 654 3514 708 admira-

1943 757 2031 804 tus
2083 763 2204 803 sum
2255 747 2520 804 daemonis
2559 746 2888 817 nequitiam,
2924 760 3035 816 quo
3063 745 3226 801 modo
3257 761 3354 802 eos
3392 747 3522 802 hinc

1943 841 2208 896 voluisset
2243 839 2456 911 fugare.

2015 931 2066 986 7.
2111 930 2226 1002 (9t)
2267 929 2560 987 Referebat
2590 930 2763 986 abbas
2787 929 2977 987 Sisoes
3006 948 3018 984 :
3045 929 3274 997 Quando
3297 945 3446 986 eram
3467 931 3524 986 in

1943 1027 2088 1086 Sceti
2113 1045 2238 1086 cum
2265 1029 2525 1091 Macario,
2560 1029 2912 1084 ascendimus
2938 1037 3146 1097 septem
3177 1026 3399 1082 nomina
3426 1042 3524 1085 seu

1942 1123 2193 1178 homines
2229 1132 2286 1178 ut
2306 1138 2430 1178 cum
2457 1138 2521 1178 eo
2542 1132 2874 1178 meteremus
2902 1139 2915 1176 :
2948 1128 3003 1178 et
3033 1136 3162 1178 ecce
3189 1123 3354 1176 vidua
3370 1137 3524 1192 qua:-

1940 1211 2065 1267 dam
2092 1229 2235 1283 pone
2269 1229 2372 1269 nos
2407 1215 2590 1284 spicas
2623 1211 2932 1283 colligebat,
2970 1225 3072 1265 nec
3102 1211 3358 1266 cessabat
3408 1213 3526 1281 plo-

1941 1318 2088 1360 rare.
2121 1304 2354 1360 Vocavit
2374 1321 2506 1377 ergo
2532 1320 2699 1360 senex
2729 1302 3010 1358 dominum
3045 1303 3255 1373 praedii,
3281 1303 3528 1374 dixitque

1939 1396 1992 1451 ei
2041 1412 2055 1448 :
2106 1396 2248 1464 Quid
2295 1397 2459 1452 habet
2491 1411 2629 1451 anus
2668 1395 2816 1460 haec,
2855 1396 3003 1466 quod
3049 1411 3264 1466 semper
3310 1397 3528 1466 plorat?

1941 1488 2246 1560 Respondit
2282 1489 2458 1557 :Quia
2491 1489 2574 1544 vir
2603 1489 2724 1559 ejus
2754 1487 2991 1556 alicujus
3031 1488 3343 1558 depositum
3393 1488 3524 1542 dum

1941 1590 2150 1648 servat,
2202 1590 2457 1638 mortuus
2489 1591 2574 1638 est
2603 1581 2807 1644 subito,
2830 1594 2932 1634 nec
2973 1579 3279 1634 enuntiavit
3312 1579 3405 1634 ubi
3428 1593 3525 1649 po-

1941 1677 2120 1732 suerit
2166 1675 2301 1730 illud
2329 1692 2343 1740 ;
2385 1675 2613 1746 vultque
2643 1673 2877 1744 depositi
2907 1670 3185 1736 dominus,
3221 1687 3340 1727 eam
3364 1680 3421 1727 et
3454 1671 3524 1725 li-

234 1771 416 1844 αύτὴν
445 1771 541 1825 καλ⁸
574 1769 642 1823 τὰ
679 1768 846 1822 τέκνα
885 1766 1060 1836 αὐτῆς
1092 1767 1174 1829 είς
1210 1763 1452 1826 δούλους.
1495 1764 1659 1833 Λέγει
1692 1761 1832 1832 αὐτῷ

1946 1767 2112 1823 beros
2147 1767 2269 1837 ejus
2294 1767 2398 1823 sibi
2432 1768 2486 1821 in
2511 1783 2702 1824 servos
2730 1767 3031 1822 vindicare.
3068 1765 3294 1836 Excepit
3323 1779 3521 1820 senex:

232 1865 269 1918 6
294 1863 476 1936 γέρων
500 1880 514 1895 ο
544 1861 684 1915 Είπέ
711 1861 846 1932 αὐτῇ
888 1861 976 1914 ἵνα
1000 1857 1129 1930 ἔλθῃ
1163 1856 1302 1929 πρὸς
1336 1856 1506 1927 ἡμᾶς,
1538 1855 1672 1908 ὅπου
1703 1855 1835 1908 ἀνα-

236 1954 542 2027 ωυόμεθα
589 1953 651 2007 τὸ
694 1953 900 2024 καῦμα.
952 1951 1066 2006 Καὶ
1096 1949 1362 2019 ἐλθούσης
1402 1947 1506 2017 τῆς
1556 1945 1834 2015 γυναικὸς,

235 2043 402 2100 εἶπεν
444 2046 583 2114 αὐτῇ
626 2044 654 2096 6
697 2043 909 2113 γέρωνο
960 2041 1028 2095 Τί
1072 2040 1251 2095 πάντα
1280 2039 1325 2071 ³⁸
1368 2038 1542 2101 οὕτως
1588 2035 1833 2104 κλαίεις;

237 2139 361 2192 Καὶ
397 2133 551 2190 εἶπεν
573 2153 587 2167 ·
629 2135 688 2189 '0
719 2136 860 2207 ἀνήρ
897 2152 998 2207 μου
1027 2132 1271 2187 ἀπέθανε
1299 2129 1482 2185 λαϐὼν
1507 2127 1836 2200 παραθήκην

236 2229 414 2293 τινὸς,
441 2229 535 2282 καὶ
568 2229 668 2281 ούκ
697 2223 852 2282 εἶπεν
880 2225 1247 2296 ἀποθνήσκων
1275 2221 1379 2276 ποῦ
1415 2222 1613 2293 ἔθηκεν
1642 2220 1832 2290 αὐτήν.

236 2323 355 2377 Καὶ
395 2317 548 2374 εἶπεν
589 2323 619 2374 6
652 2318 836 2392 γέρων
865 2319 1003 2390 πρὸς
1042 2317 1250 2388 αὐτήνο
1296 2314 1487 2386 Δεῦρο,
1530 2312 1704 2378 δεῖξόν
1745 2329 1835 2382 μοι

236 2412 349 2466 ποῦ
391 2411 597 2483 ἔθηκας
630 2411 819 2464 αὐτόν.
866 2409 979 2464 Καὶ
1017 2406 1202 2462 λαϐὼν
1240 2407 1368 2470 τοὺς
1404 2405 1671 2474 ἀδελφοὺς
1715 2402 1834 2474 μεθ’

238 2503 466 2568 ἑαυτοῦ,
499 2502 690 2575 ἐξῆλθε
729 2501 826 2555 σὺν
859 2501 1021 2572 αὐτῇ.
1051 2499 1164 2553 Καὶ
1193 2497 1463 2552 ἐλθόντων
1501 2497 1595 2550 ἐπὶ
1623 2493 1834 2566 τὸνιτύ-

238 2612 367 2664 πον,
392 2593 546 2650 εἶπεν
576 2596 716 2665 αὐτῇ
744 2595 773 2647 6
791 2585 972 2664 γέρων
991 2608 1005 2623 ·
1051 2589 1437 2662 ’Δναχώρησον
1466 2591 1546 2653 είς
1569 2587 1660 2642 τὸν
1682 2582 1834 2641 οῖκόν

241 2705 363 2742 σου.
405 2688 517 2741 Καὶ
551 2683 1014 2759 προσευξαμένων
1047 2682 1251 2746 αὐτῶν,
1288 2681 1568 2752 ἐφώνησεν
1599 2682 1627 2733 6
1655 2679 1835 2753 γέρων

239 2780 334 2835 τὸν
364 2780 589 2852 νεκρὸν,
619 2779 798 2848 λέγων
819 2792 834 2807 ⁸
892 2777 950 2830 '0
982 2775 1132 2830 δεῖνα
1177 2773 1330 2844 (90),
1353 2773 1456 2827 ποῦ
1488 2772 1692 2846 ἔθηκας
1737 2773 1834 2846 τὴν

238 2870 535 2941 ἀλλοτρίαν
571 2867 933 2941 παραθήκην;
983 2866 1040 2920 '0
1065 2865 1122 2919 δέ
1155 2865 1478 2935 ἀποκριθεὶς
1523 2863 1676 2918 εἶπεν
1697 2882 1710 2897 ⁸
1739 2865 1834 2928 Et;

240 2964 332 3018 τὸν
359 2959 511 3017 οἶκόν
549 2980 651 3033 μου
683 2962 1013 3034 κέκρυπται,
1055 2958 1161 3013 ὑπὸ
1194 2958 1286 3012 τὸν
1319 2957 1456 3011 πόδα
1484 2957 1584 3029 τῆς
1624 2956 1830 3028 κλίνης.

244 3055 356 3109 Καὶ
388 3055 539 3124 λέγει
569 3053 721 3126 αύτῷ
746 3054 970 3126 ὁγέρων
988 3071 1000 3084 ·
1035 3051 1229 3122 Κοιμῶ
1259 3052 1424 3108 πάλιν
1443 3051 1550 3115 ἕως
1577 3051 1676 3121 τῆς
1706 3052 1836 3122 ἡμέ-

1942 1857 2040 1913 Dic
2073 1858 2124 1914 ei
2159 1866 2221 1912 ut
2250 1859 2438 1913 veniat
2469 1858 2535 1912 ad
2575 1873 2699 1922 nos,
2731 1857 2825 1913 ubi
2857 1858 2928 1912 ob
2957 1865 3152 1913 aestum
3175 1855 3526 1928 conquiesci-

1940 1965 2086 2005 mus.
2143 1949 2392 2021 Cumque
2447 1951 2691 2006 venisset
2740 1949 2982 2014 mulier,
3044 1949 3122 2002 ait
3174 1948 3253 2004 illi
3301 1964 3466 2004 senex
3507 1963 3521 2000 :

1942 2041 2124 2109 Quare
2141 2042 2366 2097 omnino
2394 2043 2464 2096 ita
2483 2041 2620 2099 ﬂes?
2641 2041 2943 2113 Respondit
2962 2042 3053 2096 illa
3075 2061 3087 2096 :
3109 2040 3341 2097 Maritus
3366 2057 3524 2097 meus

1939 2140 2168 2202 accepto
2210 2132 2462 2203 deposito
2497 2132 2786 2203 emigravit
2817 2147 2847 2188 e
2874 2133 3005 2198 vita,
3047 2148 3151 2188 nec
3187 2133 3524 2205 signiﬁcavit

1939 2225 2204 2292 moriens,
2229 2225 2319 2279 ubi
2351 2225 2614 2296 posuerit.
2643 2223 2804 2280 'l‘unc
2852 2240 3020 2280 senex
3054 2226 3122 2280 ad
3153 2240 3275 2281 eam
3310 2245 3325 2282 :
3359 2224 3521 2289 Veni,

1937 2316 2166 2372 ostende
2212 2316 2372 2381 mihi,
2423 2317 2517 2372 ubi
2567 2316 2848 2388 sepelieris
2900 2332 3048 2373 eum.
3095 2315 3289 2388 Itaque
3341 2317 3524 2373 ductis

1937 2422 2125 2464 secum
2164 2407 2447 2470 fratribus,
2485 2422 2613 2462 cum
2652 2423 2715 2463 ea
2743 2423 3000 2479 egressus
3029 2415 3134 2465 est.
3165 2407 3236 2463 Ut
3262 2425 3525 2480 pervene-

1937 2505 2068 2555 runt
2094 2499 2163 2554 ad
2196 2500 2399 2561 locum,
2430 2497 2563 2553 dicit
2591 2513 2757 2554 senex
2793 2499 3010 2554 mulieri
3044 2517 3058 2554 :
3090 2497 3308 2554 Recede
3334 2499 3389 2552 in
3419 2499 3520 2553 do-

1937 2607 2088 2648 mum
2121 2601 2289 2648 tuam.
2336 2591 2404 2647 Et
2439 2600 2729 2664 postquam
2777 2592 2981 2662 precati
3022 2591 3277 2656 fuissent,
3314 2592 3528 2647 vocavit

1942 2699 2112 2740 senex
2142 2691 2420 2738 mortuum
2467 2685 2567 2753 bis,
2597 2683 2782 2739 verbis
2815 2698 2830 2735 :
2865 2683 2980 2747 Ille,
3014 2685 3107 2738 ubi
3142 2683 3372 2753 posuisti
3395 2683 3527 2739 alie-

1937 2791 2069 2831 num
2102 2774 2904 2847 depositum2Responsionem
2949 2774 3099 2830 dedit
3133 2776 3298 2830 homo
3333 2793 3346 2830 :
3382 2777 3528 2831 Abs-

1935 2868 2218 2923 conditum
2253 2875 2342 2923 est
2377 2867 2433 2921 in
2462 2867 2624 2922 domo
2690 2883 2834 2933 mea,
2870 2868 2974 2923 sub
3009 2869 3146 2938 pede
3169 2870 3317 2924 lecti.
3343 2867 3524 2926 Senex

1935 2960 2003 3015 ad
2046 2959 2226 3030 ipsum
2260 2975 2274 3013 :
2315 2958 2517 3015 lterum
2559 2959 2735 3015 dormi
2769 2975 2945 3030 usque
2981 2960 3048 3013 ad
3092 2963 3523 3018 resurrectionis

1933 3051 2103 3107 diem.
2143 3050 2257 3107 Hoc
2279 3051 2532 3108 videntes
2565 3050 2786 3116 fratres,
2813 3067 2924 3123 prae
2959 3053 3156 3108 timore
3194 3053 3520 3110 ceciderunt

244 3168 347 3222 ρας
374 3151 478 3222 τῆς
512 3149 884 3214 ἀναστάσεως.
911 3148 1131 3212 ’ἰδόντες
1162 3147 1219 3200 δέ
1252 3148 1300 3200 οί
1326 3145 1566 3216 ἀδελφοὶ,
1602 3143 1710 3199 ἀπὸ
1739 3141 1832 3197 τοῦ

1941 3142 2009 3197 ad
2049 3142 2220 3213 pedes
2257 3142 2400 3212 ejus.
2429 3141 2571 3198 Tum
2617 3143 2729 3200 illis
2775 3159 2942 3200 senex
2977 3163 2990 3199 :
3025 3144 3144 3199 Non
3174 3154 3400 3216 propter
3433 3163 3522 3203 me

242 3245 416 3316 φόϐου
448 3243 647 3299 ἔπεσον
674 3244 753 3307 εἰς
775 3243 902 3308 τοὺς
928 3241 1096 3305 πόδας
1119 3238 1305 3294 αὐτοῦ.
1332 3239 1446 3293 Καὶ
1473 3234 1626 3292 εἶπεν
1647 3237 1833 3300 αὐτοῖς

238 3339 273 3392 6
305 3337 519 3410 γέρων·
554 3337 629 3391 Οὐ
660 3337 729 3390 δι’
769 3334 872 3406 ἐμὲ
909 3333 1103 3403 γέγονε
1132 3331 1291 3386 τοῦτο
1311 3349 1324 3362 ·
1361 3331 1514 3385 οὐδὲν
1545 3331 1654 3403 γάρ
1680 3331 1796 3401 είμι
1816 3343 1829 3356 ’

238 3423 384 3478 άλλά
407 3423 498 3478 διὰ
519 3423 620 3495 τὴν
644 3423 819 3494 χήραν
850 3422 947 3476 καὶ
978 3421 1048 3476 τὰ
1075 3420 1286 3492 ὀρφανὰ
1311 3422 1339 3474 6
1366 3419 1500 3483 Θεὸς
1527 3419 1751 3490 ἐποίησε
1774 3419 1834 3472 τὸ

237 3519 517 3589 πρᾶγμα·
565 3514 724 3570 τοῦτο
764 3515 822 3568 δέ
864 3515 980 3568 ἐστι
1010 3512 1071 3566 τὸ
1123 3511 1288 3584 μέγα,
1332 3512 1414 3565 ὅτι
1448 3511 1833 3583 ἀναμάρτητον

243 3608 398 3662 θέλει
430 3607 458 3660 6
488 3607 621 3670 Θεὸς
637 3607 736 3678 τὴν
755 3605 968 3678 ψυχήν⁹
998 3607 1092 3660 καὶ
1123 3605 1177 3660 εί
1196 3623 1250 3659 τι
1282 3603 1348 3659 ἂν
1380 3603 1675 3674 αἰτήσηται
1700 3602 1834 3674 λαμ-

237 3699 416 3753 ϐάνει.
465 3697 664 3751 Ἐλθὼν
695 3697 777 3761 δὲ,
819 3698 1114 3769 ἀνήγγειλε
1161 3699 1227 3768 τῇ
1265 3697 1414 3768 χήρᾳ
1453 3693 1558 3748 ποῦ
1592 3696 1768 3749 κεῖται
1796 3695 1830 3764 ἡ

236 3789 566 3863 παραθήκη.
607 3791 672 3843 Ἡ
709 3790 768 3844 δὲ
814 3789 1058 3844 λαϐοῦσα
1098 3790 1289 3862 αὐτὴν,
1329 3787 1501 3843 ἔδωκε
1541 3786 1620 3859 τῷ
1649 3786 1827 3860 κυρίῳ

234 3882 437 3955 αὐτῆς,
472 3882 568 3936 καὶ
596 3881 936 3954 ἠλευθέρωσε
963 3881 1032 3936 τά
1060 3882 1226 3936 τέκνα
1266 3880 1458 3952 αὐτῆς.
1491 3880 1603 3935 Καὶ
1633 3881 1834 3944 πάντες

235 3977 294 4026 ot
329 3971 666 4038 ἀκούσαντες
700 3971 959 4039 ἐδόξασαν
989 3972 1082 4026 τὸν
1107 3971 1260 4026 Θεόν.

311 4070 385 4118 n'.
430 4062 659 4132 Ἔλεγεν
681 4065 710 4118 6
738 4063 912 4126 66655
945 4063 1154 4136 Πέτρος
1177 4063 1307 4136 περὶ
1329 4062 1422 4117 τοῦ
1453 4063 1607 4132 ἀγίου
1635 4063 1831 4118 Μακα-

1938 3234 1992 3289 id
2015 3235 2229 3302 evenit;
2261 3235 2399 3290 nihil
2434 3235 2636 3307 quippe
2659 3251 2779 3292 sum
2809 3252 2823 3289 :
2855 3238 2950 3292 sed
2981 3246 3204 3310 propter
3223 3239 3445 3296 viduam
3467 3251 3524 3298 et

1939 3330 2177 3400 pupillos
2218 3329 2362 3386 Deus
2411 3347 2527 3388 rem
2568 3330 2699 3387 fecit
2733 3347 2746 3384 :
2793 3337 2899 3389 hoc
2941 3351 3072 3391 vero
3113 3352 3372 3407 magnum
3415 3347 3522 3406 est,

1939 3422 2086 3491 quod
2119 3421 2264 3478 Deus
2291 3424 2405 3478 vult
2436 3424 2676 3480 animam
2699 3440 2824 3481 esse
2844 3427 2962 3482 sine
2987 3436 3244 3497 peccato;
3275 3439 3330 3483 et
3358 3431 3523 3499 quid--

1938 3513 2068 3584 quid
2101 3514 2336 3584 petierit,
2371 3515 2627 3586 accipiet.
2684 3515 2971 3573 Profectus
3025 3533 3196 3589 ergo,
3248 3522 3524 3575 nuntiavit

1943 3604 2143 3669 viduae,
2175 3606 2268 3661 ubi
2295 3607 2502 3675 jaceret
2537 3607 2870 3677 depositum.
2907 3608 3038 3674 Quae
3064 3610 3341 3680 accipiens
3374 3613 3524 3668 dedit

1940 3697 2185 3762 domino,
2223 3713 2287 3752 ac
2322 3698 2378 3752 in
2410 3699 2719 3753 libertatem
2748 3702 2985 3755 asseruit
3013 3701 3219 3757 liberos
3255 3722 3267 3757 :
3299 3719 3523 3762 omnes-

1941 3804 2047 3859 que
2090 3789 2184 3860 qui
2231 3789 2558 3845 miraculum
2607 3789 2923 3860 audierunt,
2970 3793 3202 3865 gloriam
3252 3795 3521 3852 dederunt

1945 3882 2073 3942 Deo.

2011 4063 2066 4118 8.
2106 4062 2219 4136 (92)
2255 4060 2511 4119 Narravit
2537 4063 2710 4120 abbas
2739 4061 2937 4120 Petrus
2965 4064 3032 4120 de
3059 4064 3219 4120 beato
3256 4062 3516 4130 Macario.

313 4216 361 4249 ”
395 4214 508 4272 Vox
534 4219 704 4289 γραῖα
729 4216 886 4274 abest
906 4216 974 4272 ab
995 4217 1067 4272 al.
1143 4219 1189 4252 "
1214 4218 1301 4273 Al.
1332 4218 1678 4292 πανουργίαν.
1761 4217 1808 4250 ⁸⁸

1965 4217 2221 4276 πάντοτε.

309 4373 427 4444 (89)
472 4371 661 4428 Ἑπτὰ
684 4373 966 4442 ὀνόματα.
1001 4371 1088 4427 Ad
1112 4371 1338 4428 verbum
1389 4371 1629 4429 Joannes
1654 4373 1826 4428 inter-

309 4459 370 4500 es
399 4453 598 4501 sentem
625 4443 860 4497 nomina.
889 4441 966 4497 Ex
993 4458 1160 4497 sensu
1193 4458 1300 4499 ms.
1332 4442 1668 4501 Bodecense.
1687 4443 1827 4500 refe-

1938 4376 2001 4429 τὰ
2050 4373 2157 4440 ἔξω
2185 4376 2429 4430 πετεινά.
2474 4375 2544 4430 At
2592 4392 2696 4433 ms.
2735 4391 2793 4432 re
2838 4419 2850 4431 .
2885 4377 3046 4435 1787,
3087 4380 3314 4450 Ἔλεγον
3340 4381 3422 4435 ὅτι
3458 4383 3518 4436 ἐν

1938 4446 2011 4501 τῷ
2037 4443 2084 4501 6.
2125 4463 2176 4500 τ.
2206 4445 2262 4501 ἁ.
2293 4449 2372 4500 Ἀ.
2398 4447 2665 4501 ἐκάθηντο
2693 4393 2836 4501 ἐπτὲ
2866 4450 3108 4501 μονα-[οὶ.
3137 4452 3232 4501 καὶ
3252 4453 3311 4501 ὲν
3342 4451 3424 4501 τῶ
3459 4469 3515 4501 κ.

234 4439 370 4516 prés
399 4439 598 4529 septem
625 4439 860 4529 nomina.
888 4441 966 4529 _Ex
993 4458 1306 4529 ξιιεηειιοιιιεζ
1332 4442 1668 4529 Bodecense,
1687 4443 1827 4500 refe-

1938 4446 2011 4517 τῷ
2037 4439 2262 4529 δίτκᾲ.
2293 4449 2372 4500 Ἀ.
2398 4447 2676 4529 ἐκάθηντο
2693 4448 2795 4529 ἐπτ

237 4512 399 4569 i-ente
427 4513 715 4578 Bollande,
734 4522 786 4567 et
803 4513 973 4568 codex
993 4512 1363 4583 Corbeiensis,
1389 4524 1585 4582 septem
1606 4520 1824 4583 fratres.

235 4584 477 4639 Nomina
507 4593 687 4654 autem
719 4599 819 4654 pro
839 4583 1154 4640 hominibus
1182 4581 1315 4649 dici,
1340 4599 1370 4638 a
1405 4581 1484 4639 tot
1509 4581 1832 4642 auctoribus

239 4655 541 4726 probatum
573 4653 738 4726 iuit,
766 4663 828 4708 ut
869 4656 1038 4726 mirer
1072 4654 1318 4726 potuisse
1342 4655 1395 4711 id
1436 4657 1586 4710 viros
1634 4656 1830 4712 doctos

238 4723 521 4796 ignorare.
565 4723 623 4780 In
675 4723 934 4796 Chronico
997 4723 1349 4796 Theophanis
1398 4725 1647 4796 p.665:
1701 4727 1831 4779 Ἀπ-

235 4794 489 4850 έκτειναν
521 4796 645 4860 τοὺς
691 4795 1054 4866 κλειδοῦχους,
1076 4794 1316 4866 ὀνόματα
1349 4794 1414 4861 ζ’.
1442 4794 1682 4852 Joannes
1718 4796 1830 4851 Mo-

237 4867 412 4921 schus
437 4865 814 4938 Λειμωναρίου
880 4865 1008 4938 gap,
1041 4865 1182 4922 155i
1210 4866 1829 4938 Μοναστήριονπαρθέ-

236 4955 348 4989 νων
377 4938 458 4990 vel
497 4935 944 5007 napOsyEUouaGiv
970 4936 1047 5000 ὼς
1074 4936 1354 5007 ὀνομάτων
1380 4935 1786 5007 τεσσαράκοντα
1811 4955 1823 4968 ·

234 5016 294 5061 et
323 5001 624 5078 capuli:
659 5001 844 5078 Ἦσαν
889 5006 947 5078 δέ
989 5001 1310 5078 μοναχοὶᾴέν
1345 5004 1425 5076 τῷ
1480 5001 1828 5078 μοναστηρίῳ

235 5024 294 5061 et
323 5024 445 5074 cap.
479 5024 624 5060 uo:
670 5024 844 5059 'ncav
889 5024 947 5058 οε
1028 5024 1214 5077 οναχοι
1251 5024 1310 5058 εν
1345 5024 1425 5076 τῳ
1480 5024 1827 5078 μοναστηριῳ

236 5077 371 5157 περὶ
411 5077 478 5131 τὰ
510 5076 883 5146 ἐϐδομήκοντα
913 5024 1174 5146 ὀνύιματα.
1207 5073 1322 5129 Sub
1347 5077 1506 5131 tinem
1549 5078 1681 5132 tomi
1734 5094 1826 5132 χιι

235 5147 494 5218 Origenis
525 5148 580 5200 in
607 5147 871 5218 Joannem
900 5163 918 5200 :
949 5147 1024 5200 Ού
1058 5147 1169 5218 γὰρ
1193 5145 1270 5218 ᾡς
1314 5147 1505 5216 ἔτυχεν
1533 5148 1827 5202 ἀκουστέον

233 5187 468 5298 τοῦδπρδ
486 5216 791 5298 καταϐολῆς
815 5218 1019 5298 κόσμου
1043 5187 1296 5298 ἐπίὲηδξς
1308 5187 1827 5298 τοιιίξύῖηνέπίνοιαν

236 5285 568 5358 πλάσαντων
597 5285 877 5358 ὀνομάτων
907 5285 1077 5358 ἀγίων
1124 5285 1304 5358 τὸτῆς
1327 5285 1652 5358 καταϐολῆς.
1691 5287 1822 5357 Leg.

236 5356 493 5425 ἐπίτηδες
535 5356 626 5426 διὰ
683 5355 940 5426 τοιαύτην
971 5357 1236 5410 ἐπίνοιαν.
1286 5355 1341 5410 lu
1396 5355 1638 5412 Colbet‘t.
1697 5355 1822 5416 cod.

236 5427 456 5498 duobus
483 5443 496 5498 ς
534 5425 623 5479 Ἑν
645 5426 724 5498 τῷ
747 5427 980 5498 δρειίτοῦ
997 5427 1143 5498 ἁϐϐᾶ
1171 5428 1476 5498 Ἀντωνίου,
1505 5427 1825 5498 ἐκαθέζοντο

237 5497 375 5568 ἑπτὰ
403 5497 664 5568 ὀνόματα,
689 5497 787 5568 καί
809 5497 889 5568 τῷ
919 5497 1096 5568 καιρῷ
1119 5497 1226 5568 τῶν
1251 5497 1824 5568 φοινίκων-ἐφύλαττεν

238 5568 268 5619 6
287 5563 367 5630 εἷς
397 5567 457 5632 ἐξ
489 5563 668 5620 αὐτῶν
695 5567 790 5621 τοῦ
817 5563 1108 5622 ἀποσοϐεῖν
1132 5567 1202 5620 τά
1227 5563 1469 5621 πετεινά.
1503 5563 1609 5621 ἾΙν
1627 5569 1684 5623 δὲ
1708 5571 1826 5624 ἐκεῖ

276 5638 418 5714 έρων
439 5654 453 5668 ⁸
498 5638 593 5691 καὶ
611 5639 701 5714 ᾗτε
729 5637 1145 5714 ἐφύλαττενΑτὴν
1173 5635 1385 5714 ἡμέραν
1424 5638 1590 5714 apto?)
1611 5679 1625 5699 ,
1650 5639 1823 5714 ἐκρατ-

239 5653 418 5772 {epam
439 5654 453 5668 -
498 5653 593 5691 και
611 5655 701 5690 οτε
729 5653 1027 5707 εφυωττεν
1045 5653 1145 5710 την
1173 5653 1385 5708 ημεραν
1425 5653 1590 5713 αρτου
1611 5679 1625 5699 ,
1656 5653 1822 5714 εκρα-

273 5725 328 5762 εν
357 5708 536 5778 λέγων
556 5724 574 5741 ο
612 5708 907 5777 Ὑπάγετε,
940 5709 989 5761 oi
1019 5708 1126 5762 ἔσω
1170 5710 1394 5779 πονηροὶ
1424 5708 1692 5781 λογισμοὶ,
1728 5712 1822 5766 καὶ

441 5803 722 5864 Parnm.
757 5802 874 5862 Gn.
913 5803 1098 5864 LXV.

2864 4450 3108 4521 μοναχοὶ,
3137 4452 3232 4504 καὶ
3252 4453 3311 4504 ἐν
3342 4451 3424 4521 τῷ
3459 4469 3515 4506 κ.

1931 4515 1993 4594 τέ
2014 4534 2072 4586 φ.
2098 4515 2404 4594 ἐίρύλασσον
2435 4515 3123 4594 10:3"60A6_siv_ra'.n§1§;v_&
3157 4523 3220 4574 ὲκ
3264 4515 3518 4594 διαδρκῆς

1933 4580 2164 4666 ςῖςςκαιγ
2194 4585 2438 4666 ἡμέραν.
2485 4583 2586 4666 εἷς⁸
2627 4587 2690 4666 δὲ
2737 4587 2795 4654 te
2825 4588 3006 4666 αὐτῷν
3034 4590 3234 4666 γέραξνρ
3263 4592 3353 4644 ὅτε
3379 4580 3448 4663 ei
3471 4580 3516 4664 ’ἦ

1931 4658 2117 4780 ἢμέρα
2167 4657 2332 4710 αὑτοῦ
2355 4698 2389 4737 ,⁸
2419 4659 2515 4739 καὶ
2569 4657 2888 4726 ἐφύλαττεν,
2931 4657 3131 4780 ἐκεαζε
3169 4658 3370 4729 λέγων,
3402 4657 3511 4718 etc.

1983 4741 2050 4780 oc
2069 4735 2172 4780 est.
2212 4727 2428 4780 Pelaato
2458 4737 2756 4780 Interprete
2790 4745 2842 4780 v.
2868 4747 2918 4780 XI
2937 4770 2952 4780 .
2993 4765 3006 4780 .
3030 4730 3062 4780 0
3088 4746 3100 4780 :
3150 4729 3407 4780 Dicebant
3434 4749 3511 4780 se.

1983 4677 2117 4730 μερα
2167 4677 2370 4720 αυτου,
2419 4677 2515 4710 και
2569 4677 2888 4726 eoum-nev,
2931 4677 2994 4712 εκ
3072 4677 3131 4723 ςε
3176 4677 3370 4729 ιεγων,
3402 4677 3511 4718 etc.

1983 4741 2050 4782 oc
2069 4735 2172 4790 est,
2212 4726 2428 4797 Pelagio
2458 4728 2756 4797 interprete
2790 4745 2842 4786 v.
2868 4747 2952 4794 χι,
2993 4677 3068 4785 g3
3088 4746 3100 4782 :
3149 4729 3407 4786 Dicebant
3434 4749 3517 4788 se-

1932 4813 2045 4861 nes,
2076 4798 2220 4871 quia
2247 4797 2323 4871 in_
2345 4806 2518 4871 "tanta
2543 4798 2748 4871 abbatis
2771 4801 3016 4871 _Antonii
3047 4801 3294 4856 sedebant
3319 4811 3514 4871 septem

1932 4869 2175 4941 monachi
2202 4869 2347 4938 (cod.
2373 4867 2660 4925 Suession.
2681 4877 2736 4941 et
2770 4868 2984 4941 Fossat.
3017 4872 3254 4941 nomina)
3285 4867 3516 4941 tempore

1929 4937 2290 5010 dactylorum,
2318 4947 2368 5010 et
2405 4955 2540 4994 unus
2575 4956 2640 4994 ex
2671 4940 2747 4994 eis
2773 4940 3012 5010 abigebat
3039 4944 3103 4996 ab
3130 4944 3205 4996 eis
3235 4937 3467 4998 uolucres
3492 4961 3511 4998 :

1929 5007 2257 5084 erat'autem
2309 5007 2386 5084 ibi
2415 5025 2592 5084 senex,
2626 5011 2717 5084 qui
2757 5007 2926 5084 indie
2968 5029 3074 5081 qua
3117 5013 3512 5084 eum_dactylos

1931 5079 2196 5133 custodire
2241 5080 2596 5149 contingebat,
2640 5079 2928 5143 elamabat,
2979 5079 3158 5137 dicens
3192 5099 3210 5135 :
3250 5079 3512 5138 Discedite

1929 5149 1993 5224 ab
2030 5150 2194 5224 intra,
2229 5149 2387 5224 malae
2441 5152 2804 5224 cqgitationes,
2835 5162 2886 5224 et
2915 5152 2981 5224 de
3009 5153 3142 5224 foris
3173 5169 3312 5206 aves.
3352 5154 3509 5224 Apud

1928 5217 2223 5293 Georgium
2257 5217 2682 5293 Alexandrinum
2736 5237 2789 5275 ιι.
2821 5223 2890 5293 :58
2912 5265 2929 5293 ,
2958 5217 3136 5276 λαϐὼν
3168 5217 3510 5293 στρατιώτας

1927 5289 2342 5412 Ξωῆοόνομθάξων
2385 5291 2778 5346 πεντακοσίων.
2829 5291 2936 5347 Sed
2971 5293 3098 5362 quis
3156 5289 3280 5350 ﬁnis
3309 5289 3510 5353 similia

1961 5376 1992 5411 ο
2040 5375 2158 5412 men
2190 5377 2239 5412 ι.

1927 5369 2239 5430 colligentl'!

1998 5429 2111 5500 (90)
2144 5429 2376 5500 Λέγωνο
2411 5433 2465 5485 '0
2504 5431 2690 5487 δεῖνα.
2744 5429 2801 5487 1η
2841 5433 2972 5488 Vitis
3017 5434 3245 5491 Patrum
3273 5451 3292 5490 :
3331 5432 3510 5492 dicem

1926 5497 2013 5572 illi
2028 5540 2049 5572 _,
2085 5497 2195 5572 pro
2215 5497 2414 5572 dicens,
2445 5503 2560 5558 ille.

1996 5569 2110 5639 (9i)
2157 5570 2261 5625 Vit.
2297 5571 2449 5627 Patr.
2488 5588 2548 5631 It.
2583 5573 2636 5628 8.

1999 5641 2111 5715 (92)
2143 5641 2203 5698 Ι..
2243 5641 2437 5701 Raderi
2482 5643 2758 5705 Viridar.:
2795 5645 2900 5701 Vit.
2937 5645 3089 5705 Patr.
3125 5663 3202 5714 Vt.
3235 5647 3314 5704 19.

3231 5791 3268 5848 9
