4036 6202
491 206 596 263 267

1658 201 1998 258 APPENDIX
2036 200 2126 255 AD
2164 199 2581 262 PALLADiUM.

3651 217 3757 273 εδδ

491 320 641 394 quod
674 334 803 377 cum
845 316 1160 373 advenisset
1197 314 1492 387 aliquando
1522 314 1591 370 ad
1622 316 1912 387 quemdam
1943 330 2052 380 ana

2181 315 2321 386 ρίου.
2339 319 2421 371 ὅτι
2452 319 2898 391 παραγενόμενός
2915 338 3045 376 ποτε
3070 323 3206 396 πρὸς
3222 341 3340 378 τινα
3367 324 3752 399 ἁναχωρητὴν,

493 411 794 476 cborctam,
846 415 900 463 et
928 406 1229 464 invenisset
1257 422 1382 463 eum
1409 413 1783 479 aegrotantem,
1821 406 2074 465 sciscita-

2177 408 2269 461 καὶ
2294 407 2469 479 εὑρὼν
2496 409 2659 464 αὐτὸν
2687 410 2860 465 κακού
2870 429 3049 483 μενον,
3080 416 3410 469 ἐπυνθάνετο
3431 418 3482 471 τί
3510 416 3754 488 βούλοιτο

494 512 581 559 tus
617 501 710 563 sil,
743 497 1002 569 quidnam
1042 497 1151 554 cibi
1182 497 1344 554 vellet
1390 512 1609 554 sumere
1653 517 1666 553 :
1711 498 2052 569 nibilquippt

2171 499 2469 571 τραφῆναι,
2504 500 2718 565 οὐδενὸς
2756 502 2911 568 ὄντος
2945 506 3002 558 ἐν
3041 504 3119 576 τῷ
3163 507 3362 580 κελλίῳ
3408 510 3598 568 αὐτοῦ.
3646 512 3758 566 Καὶ

492 597 610 647 erat
639 590 697 645 in
739 589 877 645 cella
921 588 1064 659 ejus.
1104 585 1211 655 Qui
1245 596 1536 660 postquam
1587 589 1837 655 dixisset,
1870 588 2074 645 Pastil-

490 682 624 747 lum,
667 694 779 739 non
821 679 996 752 piguit
1030 680 1209 737 virum
1260 680 1455 737 fortem
1479 679 1864 736 Alexandriam
1903 679 2070 753 profi-

490 772 645 839 cisci,
677 780 737 827 ut
757 786 902 845 aegro
925 772 1120 829 daret:
1144 771 1393 844 miraque
1421 787 1532 839 res,
1553 772 1759 828 nemini
1780 771 2069 831 manifesta

490 864 633 921 facta
664 874 769 921 est.

558 957 611 1012 9.
652 954 854 1010 lterum
893 955 1214 1010 memoravit
1260 970 1274 1005 :
1321 953 1403 1009 Ad
1456 955 1711 1010 abbatem
1767 954 2065 1008 Macarium

486 1062 612 1104 cum
638 1047 901 1103 fratribus
928 1046 1149 1103 cunctis
1172 1047 1228 1102 in
1265 1046 1618 1119 simplicitate
1648 1054 2064 1103 conversantem

485 1138 742 1194 dixerunt
784 1138 1033 1193 nonnulli
1082 1153 1095 1189 :
1151 1137 1334 1205 Quare
1375 1148 1425 1194 te
1475 1139 1636 1193 talem
1682 1136 1929 1208 praebes?
1971 1136 2067 1193 Ille

486 1228 814 1300 respondit:
856 1228 1157 1285 Duodecim
1194 1229 1356 1287 annis
1399 1229 1599 1285 servivi
1646 1227 1880 1284 Domino
1920 1242 2062 1293 meo,

484 1329 547 1377 ut
586 1305 719 1377 mihi
763 1320 909 1377 hanc
952 1318 1187 1392 gratiam
1237 1319 1569 1391 largiretur;
1604 1327 1660 1376 et
1697 1333 1891 1379 omnes
1928 1308 2062 1373 mihi

483 1417 773 1473 consilium
799 1415 943 1473 datis
984 1415 1065 1471 uti
1093 1428 1215 1471 eam
1247 1412 1565 1485 deponam?

554 1509 643 1565 10.
684 1508 797 1579 (95)
839 1506 1106 1564 Dicebant
1148 1506 1216 1562 de
1254 1506 1452 1562 abbate
1494 1504 1758 1571 Macario,
1815 1503 1961 1576 quod
2012 1504 2063 1560 si

482 1616 605 1659 cum
640 1600 906 1657 fratribus
935 1613 1139 1654 vacans
1159 1604 1498 1663 versaretur,
1526 1596 1599 1653 ita
1630 1612 1819 1653 secum
1843 1596 2058 1654 consti-

481 1693 669 1750 tuebat
704 1690 806 1749 :Si
854 1692 1040 1748 vinum
1070 1688 1343 1762 [adfuerit,
1391 1698 1617 1762 propter
1662 1689 1862 1745 fratres
1892 1689 2058 1756 bibe;

480 1792 536 1839 et
559 1798 658 1855 pro
683 1798 795 1839 uno
824 1782 935 1839 vini
976 1782 1198 1853 poculo,
1223 1796 1321 1852 per
1349 1797 1517 1838 unum
1545 1781 1691 1836 diem
1722 1796 1918 1852 aquam
1950 1797 2058 1837 non

480 1879 659 1935 bibas.
695 1878 865 1949 igitur
895 1876 1117 1943 fratres,
1149 1876 1377 1932 reficere
1406 1877 1717 1949 cupientes,
1749 1876 1957 1932 dabant
1982 1877 2057 1944 ei.

482 1968 659 2027 Senex
688 1977 872 2026 autem
910 1984 1036 2023 cum
1073 1967 1274 2039 gaudio
1321 1968 1666 2034 admittebat,
1715 1976 1775 2022 ut
1815 1968 2058 2038 seipsuna

479 2068 781 2132 torqueret.
836 2059 905 2115 At
946 2060 1255 2129 discipulus
1296 2059 1441 2129 ejus,
1487 2059 1577 2115 cui
1622 2074 1713 2115 res
1755 2067 1886 2114 nota
1916 2068 2055 2125 erat,

475 2152 694 2209 dicebat
740 2150 1007 2207 fratribus
1062 2168 1077 2205 :
1120 2148 1226 2205 Per
1278 2148 1594 2213 Dominum,
1646 2165 1717 2206 ne
1767 2152 2057 2222 pmbeatis

476 2246 587 2313 illi;
626 2244 829 2316 alioqui
859 2244 915 2299 in
946 2243 1082 2300 cella
1121 2241 1478 2298 conlecturus
1524 2250 1609 2299 est
1646 2258 1724 2299 se.
1753 2243 1872 2310 Quo
1906 2259 2056 2300 com-

475 2346 651 2410 perto,
686 2336 883 2393 fratres
916 2352 1026 2392 non
1048 2336 1286 2407 amplius
1319 2337 1368 2391 ei
1398 2336 1772 2406 porrigebant.

547 2431 637 2485 Η.
677 2429 791 2501 (94)
832 2428 1198 2485 Proficiscens
1213 2427 1511 2499 aliquando
1537 2429 1707 2483 abbas
1731 2428 2003 2486 Macarius
2023 2445 2054 2486 a

471 2520 671 2591 palude
703 2523 756 2575 in
788 2523 979 2578 cellam
1012 2536 1192 2587 suam,
1220 2521 1476 2595 portabat
1497 2520 1799 2591 palmarum
1832 2537 2050 2597 ramos;

2173 591 2445 662 φήσαντος
2496 593 2729 662 ἐκείνου,
2764 594 3052 661 Πάστιλον,
3087 599 3165 662 εἰς
3201 599 3302 671 τὴν
3360 599 3757 675 Ἀλεξανδρέων

2172 680 2328 734 πόλιν
2377 682 2476 735 οὐκ
2520 681 2768 753 ὤκνησεν
2809 687 2837 737 6
2884 685 3129 757 ἀνδρεῖος
3175 690 3606 760 παραγενέσθαι,
3658 694 3759 746 καὶ

2168 770 2351 824 δοῦναι
2381 771 2461 843 τῷ
2500 772 2766 844 κάμνοντι
2787 790 2800 805 ·
2835 776 2931 828 καὶ
2964 776 3024 830 τὸ
3057 776 3368 848 θαυμαστὸν
3418 781 3609 852 μηδενὶ
3648 799 3752 836 κα-

2167 863 2397 935 τάδηλον
2424 866 2736 936 γενόμενον.

2238 955 2303 1010 θ’.
2343 952 2479 1010 Εἶπε
2511 957 2693 1024 πάλιν,
2725 959 2808 1013 ὅτι
2836 961 2892 1014 ἐν
2917 961 3125 1036 ἀκακία
3150 962 3244 1016 τοῦ
3275 963 3418 1018 ἁὸδᾶ
3455 965 3746 1036 Μακαρίου

2167 1046 2586 1119 πολιτευομένου
2627 1051 2765 1121 πρὸς
2794 1051 3004 1116 πάντας
3039 1054 3165 1118 τοὺς
3202 1054 3484 1123 ἀδελφοὺς,
3538 1056 3747 1127 ἔφησαν

2165 1137 2315 1209 αὐτῷ
2337 1156 2507 1204 τινες’
2544 1142 2697 1195 Διατξ
2736 1140 2909 1207 οὕτως
2952 1146 3143 1201 ἑαυτὸν
3170 1152 3373 1216 «male;
3411 1151 3470 1205 '0
3499 1151 3556 1205 δὲ
3589 1149 3743 1206 εἶπε·

2164 1229 2384 1285 Δώδεκα
2414 1231 2508 1302 ἔτη
2537 1234 2827 1291 ἐδούλευσα
2858 1238 2936 1309 τῷ
2963 1240 3155 1312 Κυρίῳ
3191 1258 3315 1312 μου,
3349 1243 3436 1297 ἵνα
3463 1261 3554 1315 μοι
3583 1246 3744 1316 χαρί-

2165 1337 2325 1393 σηται
2360 1322 2423 1376 τὸ
2465 1323 2709 1397 χάρισμα
2754 1328 2936 1395 τοῦτο,
2981 1331 3074 1387 καὶ
3118 1333 3320 1399 πάντες
3364 1352 3456 1407 μοι
3501 1338 3745 1409 συμϐου-

2163 1412 2350 1468 λεύετε
2385 1417 2686 1472 ἀποθέσθαι
2711 1420 2874 1488 αὐτός

2238 1515 2289 1562 ι’.
2324 1509 2550 1579 Ἔλεγον
2583 1513 2713 1584 περὶ
2740 1512 2831 1566 τοῦ
2862 1514 3006 1569 ἁὸδᾶ
3030 1515 3332 1590 Μακαρίου,
3354 1519 3436 1574 ὅτι
3466 1521 3517 1574 εί
3549 1522 3739 1577 εύκαί-

2165 1617 2297 1673 ρησε
2352 1602 2491 1675 μετὰ
2538 1603 2807 1674 ἀδελφῶν,
2872 1606 3040 1662 ἐτίθει
3082 1609 3259 1680 ἐαυτῷ
3304 1611 3450 1683 ὅρον,
3510 1612 3741 1668 ὄτιἚὰν

2164 1692 2363 1765 εὐρεθῇ
2399 1688 2561 1762 οἶνος,
2591 1694 2679 1750 διὰ
2700 1697 2825 1762 τοὺς
2856 1696 3119 1768 ἁδελςεοὺς
3157 1700 3301 1766 πίνε,
3331 1702 3428 1755 καὶ
3460 1701 3581 1756 ἀντὶ
3618 1699 3739 1769 ἐνδς

2165 1781 2429 1854 ποτηρίου
2467 1782 2635 1848 οἴνου,
2669 1784 2797 1856 μίαν
2828 1786 3041 1859 ἡμέραν
3082 1788 3158 1860 μὴ
3197 1789 3329 1863 πίῃς
3357 1788 3522 1862 ὕδωρ.
3555 1785 3742 1845 Οίόὖν

2161 1872 2402 1943 ἀδελφοὶ,
2443 1874 2603 1946 χάριν
2633 1877 2995 1943 ἀναπαύσεως
3028 1880 3230 1934 ἐδίδουν
3261 1880 3429 1952 αύτῷ.
3470 1883 3529 1937 '0
3558 1882 3615 1936 δὲ
3650 1883 3743 1954 γέ-

2163 1981 2273 2037 ρων
2309 1967 2449 2037 μετά
2493 1970 2670 2041 χαρᾶς
2709 1970 3040 2041 ἐλάμϐανεν,
3081 1973 3167 2025 ἵνα
3205 1974 3396 2029 ἑαυτὸν
3444 1974 3737 2048 βασανίσῃ.

2173 2057 2231 2111 '0
2260 2058 2317 2112 δὲ
2344 2058 2593 2132 μαθητὴς
2612 2060 2766 2127 εἰδὼς
2792 2063 2852 2116 τὸ
2868 2066 3120 2136 πρᾶγμα,
3143 2066 3295 2135 ἔλεγε
3312 2071 3425 2132 τοῖς
3452 2066 3699 2139 ἀδελφοῖς
3719 2086 3732 2099 ·

2159 2149 2258 2205 Διὰ
2284 2150 2376 2207 τὸν
2408 2153 2633 2223 Κύριον,
2663 2154 2741 2226 μὴ
2767 2155 2904 2210 δῶτε
2930 2157 3113 2229 αὐτῷ’
3145 2161 3195 2211 εί
3231 2158 3287 2212 δὲ
3332 2161 3407 2232 μή
3440 2177 3526 2229 γε,
3563 2163 3645 2226 εἰς
3673 2162 3741 2216 τὸ

2158 2244 2369 2298 κελλίον
2404 2245 2588 2317 μέλλει
2636 2248 2829 2302 ἑαυτὸν
2881 2248 3167 2320 δαμάζειν.
3203 2252 3312 2306 Καὶ
3368 2252 3634 2323 μαθόντες
3684 2255 3741 2307 οε

2157 2335 2397 2407 ἀδελφοὶ,
2423 2338 2523 2392 οὐκ
2559 2339 2640 2392 ἔτι
2670 2340 2819 2410 αὐτῷ
2856 2345 3139 2413 παρεῖχον.

2228 2434 2316 2482 ια’.
2348 2429 2764 2502 Παρερχόμενός
2791 2449 2919 2485 ποτε
2948 2434 3056 2488 ἀπὸ
3092 2434 3185 2489 τοῦ
3212 2435 3369 2502 ἓλους
3397 2439 3478 2502 είς
3522 2439 3587 2493 τδ
3610 2439 3740 2494 κελο

2154 2518 2265 2575 λίον
2287 2521 2478 2574 ἑαυτοῦ
2504 2524 2531 2575 6
2558 2522 2731 2587 ὰϐϐἄς
2755 2525 3063 2597 Μακάριος,
3091 2528 3360 2595 ἐδάσταζε
3395 2529 3607 2597 θαλλία,
3636 2534 3738 2587 καὶ

2158 2606 2265 2662 ίδου
2292 2608 2603 2681 ὑπήντησεν
2629 2611 2779 2684 αὖτῷ
2808 2616 2837 2667 6
2861 2614 3108 2681 διάδολος
3144 2620 3286 2673 κατὰ
3316 2620 3416 2693 τὴν
3447 2621 3565 2675 ὁδὸν
3590 2623 3734 2694 μετὰ

2151 2699 2443 2772 δρεπάνου·
2463 2702 2558 2755 καὶ
2578 2702 2653 2767 ὡς
2667 2704 2933 2776 ἠθέλησεν
2948 2707 3110 2761 αὐτὸν
3127 2708 3260 2779 κροῦ
3271 2727 3378 2774 σαι,
3400 2712 3499 2765 οὐκ
3516 2712 3733 2784 ἴσχυσε,

470 2800 637 2857 Multa
678 2815 707 2860 a
751 2806 805 2855 te
843 2801 946 2864 vis,
999 2798 1225 2862 Macari,
1276 2799 1424 2870 quod
1474 2801 1763 2861 adversum
1817 2810 1870 2858 te
1916 2802 2052 2857 nihil

2155 2794 2245 2847 xui
2276 2794 2423 2863 λέγει
2466 2797 2647 2868 αὐτῷ·
2689 2798 2865 2871 Πολλὴ
2894 2799 2985 2870 βία
3013 2801 3123 2855 ἀπὸ
3163 2802 3280 2868 σοῦ,
3319 2805 3599 2877 Μακάριε,
3644 2808 3733 2863 ὅτι

466 2891 643 2947 valeo.
679 2889 755 2945 En
794 2891 964 2957 enim,
994 2890 1261 2963 quidquid
1307 2892 1444 2963 agis,
1487 2909 1589 2964 ego
1633 2909 1852 2964 quoque
1884 2892 2047 2950 facio.

2155 2884 2213 2937 ού
2259 2884 2494 2955 δύναμαι
2535 2888 2673 2960 πρὸς
2713 2889 2793 2945 σέ.
2844 2890 2974 2944 Ἰδοὺ
3020 2890 3129 2965 γὰρ
3158 2894 3212 2947 ετ
3243 2912 3296 2948 τι
3331 2898 3527 2962 ποιεῖς,
3574 2898 3733 2967 κάγὼ

469 2982 554 3040 Tu
584 2984 710 3039 cibo
747 2983 1014 3050 abstines,
1054 2990 1110 3038 ct
1136 2998 1274 3056 ego;
1300 2985 1530 3056 vigilas,
1557 3001 1659 3056 ego
1689 2986 1907 3056 penitus
1942 2999 2048 3039 non

2155 2974 2324 3028 ποιῶ·
2361 2976 2424 3028 σὺ
2451 2977 2750 3049 νηστεύεις,
2784 2981 2940 3049 κάγὼ
2967 2978 3032 3013 ⁸¹·
3062 2984 3381 3055 ἀγρυπνεῖς,
3411 2986 3567 3057 κάγὼ
3592 2989 3730 3054 ὅλως

466 3077 701 3133 dormio.
736 3074 910 3131 Unum
952 3075 1128 3131 solum
1157 3085 1243 3134 est
1279 3078 1332 3132 in
1375 3093 1489 3148 quo
1515 3079 1692 3134 vincis
1721 3094 1827 3134 me.
1866 3077 2038 3132 Inter-

2155 3068 2213 3121 οὐ
2246 3067 2558 3139 κοιμῶμαι·
2600 3068 2659 3122 ἐν
2705 3071 2822 3125 ἐστι
2870 3073 3028 3143 μόνον
3066 3076 3124 3129 ἐν
3151 3069 3196 3144 ᾧ
3226 3079 3381 3150 νικᾷς
3422 3097 3510 3151 με.
3562 3081 3729 3151 Λέγει

465 3168 678 3240 rogavit
706 3167 877 3223 abbas
906 3166 1182 3225 Macarius
1222 3188 1237 3224 :
1276 3168 1563 3236 Quodnam
1600 3177 1685 3225 est
1707 3170 1879 3224 illud?
1908 3168 2046 3225 ltes-

2155 3159 2298 3231 αύτῷ
2330 3161 2360 3213 6
2386 3159 2559 3224 ἁϐδᾶς
2596 3162 2916 3235 Μακάριος·
2954 3166 3111 3219 Ποῖον
3140 3167 3329 3237 τοῦτο;
3371 3169 3431 3223 ὐ
3482 3170 3538 3224 δὲ
3585 3170 3729 3243 ἔφη.

467 3260 663 3332 pondit
725 3277 739 3315 :
783 3258 1077 3317 ilumilitas
1113 3270 1222 3316 tua.
1257 3261 1343 3316 Ac
1376 3268 1661 3332 propterea
1701 3259 1964 3317 adversus
1995 3267 2050 3316 te

2164 3251 2227 3304 Ἡ
2255 3250 2582 3318 ταπείνωσίς
2603 3270 2716 3321 σου·
2744 3255 2838 3309 καὶ
2860 3254 2948 3310 διὰ
2967 3256 3126 3312 τοῦτο
3142 3259 3207 3312 ού
3231 3260 3465 3333 δύναμαι
3488 3263 3621 3335 πρὸς
3644 3265 3728 3319 σέ.

470 2623 527 2671 et
569 2616 958 2673 ecceoccurrit
990 2614 1040 2670 ei
1083 2614 1140 2679 in
1180 2614 1268 2668 via
1298 2612 1554 2669 diabolus
1600 2612 1800 2669 falcem
1829 2629 2049 2687 gerens.

476 2704 652 2777 thue
677 2707 852 2763 voluit
878 2722 1006 2763 eum
1037 2706 1229 2773 ferire,
1261 2721 1372 2762 non
1400 2705 1591 2781 valuit.
1629 2705 1815 2779 itaque
1849 2709 1925 2763 ait
1951 2709 1999 2765 ei
2034 2728 2048 2765 :

469 3352 601 3408 nihil
630 3366 877 3423 possum.

537 3444 626 3500 12.
667 3442 780 3514 (95)
822 3442 1308 3515 lnterrogaverunt
1338 3442 1561 3515 quidam
1590 3458 1621 3500 e
1654 3442 1906 3499 Patribus
1946 3442 2045 3498 ab-

464 3538 645 3595 batem
685 3536 986 3593 liiacarium
1023 3535 1366 3608 Egyptium,
1413 3536 1662 3594 dicentes
1702 3553 1714 3589 :
1755 3535 1859 3603 Qui
1904 3538 1959 3591 fit
1986 3543 2046 3592 ut

464 3630 582 3687 sive
604 3628 864 3685 comedas
892 3627 1010 3685 sive
1041 3627 1277 3699 jejunes,
1303 3642 1505 3700 corpus
1530 3634 1682 3684 tuum
1711 3629 1911 3699 pariter
1939 3628 2047 3684 sic-

462 3733 590 3776 cum
627 3719 748 3778 sit?
777 3717 1191 3792 Responditque
1223 3720 1333 3776 illis
1365 3736 1530 3777 senex
1563 3740 1589 3789 ,ι
1635 3717 1866 3792 Lignum
1896 3718 2044 3791 quod

461 3810 646 3870 versat
667 3822 943 3870 sarmenta
974 3826 1097 3884 qua:
1122 3812 1544 3879 comburuntur,
1575 3815 1803 3868 omnino
1828 3813 1897 3868 ab
1922 3814 2046 3884 igne

463 3906 827 3962 consumitur.
879 3901 1060 3960 Simili
1102 3904 1266 3961 modo
1314 3906 1360 3961 si
1396 3912 1634 3961 mentem
1672 3920 1831 3962 suam
1880 3905 2044 3961 homo

464 4001 522 4055 in
551 4001 749 4057 timore
787 3997 882 4056 Dei
926 3997 1300 4064 mandaverit,
1345 3999 1462 4071 ipse
1499 3996 1596 4065 Dei
1639 3998 1805 4054 timor
1842 3997 2055 4069 corpus

462 4091 589 4162 ejus
620 4091 917 4146 consumit.

536 4184 626 4238 1⁸5.
672 4182 783 4254 (96)
828 4182 1120 4240 Profectus
1146 4193 1230 4242 est
1257 4186 1556 4257 aliquando
1576 4187 1746 4242 abbas
1772 4180 2046 4243 Macarius

464 4288 494 4326 e
540 4271 686 4328 Sceti
733 4272 789 4325 in
832 4271 1218 4341 Terenuthim;
1251 4282 1306 4331 et
1331 4277 1614 4348 ingressus
1641 4285 1725 4333 est
1770 4278 1826 4333 in
1856 4276 2042 4333 fanum

2130 3458 2135 3463 -
2224 3430 2310 3504 ιβ’.
2328 3430 2544 3505 ’Πρώτη
2553 3433 2651 3488 σάν
2667 3451 2813 3499 τινες
2825 3434 2936 3489 τῶν
2951 3435 3214 3505 Πατέρων
3235 3438 3325 3493 τὸν
3342 3439 3515 3495 ἀδδᾶν
3531 3444 3732 3498 Μακά-

2150 3543 2267 3598 ριον
2309 3526 2399 3581 τὸν
2441 3526 2764 3596 Αἰγύπτιον,
2797 3528 3079 3599 λέγοντεςο
3125 3531 3251 3592 Πῶς
3282 3533 3371 3587 ὅτε
3401 3534 3603 3600 ἐσθίεις
3632 3538 3732 3592 καὶ

2147 3619 2236 3673 ὅτε
2267 3619 2569 3691 νηστεύεις,
2602 3619 2664 3674 τὸ
2704 3619 2867 3693 σῶμά
2897 3639 2990 3675 σου
3035 3622 3202 3696 ξηρόν
3239 3626 3386 3692 ἐστι;
3430 3627 3543 3680 Καὶ
3574 3626 3731 3697 λέγει

2147 3714 2333 3778 αὐτοῖς
2367 3714 2397 3767 6
2433 3714 2645 3787 γέρων·
2678 3716 2753 3771 Τὸ
2785 3716 2941 3784 ξύλον
2981 3716 3043 3772 τὸ
3079 3718 3308 3789 στρέφον
3341 3717 3410 3773 τὰ
3458 3720 3728 3790 καιόμενα

2150 3804 2426 3878 φρύγανα,
2451 3807 2518 3862 δι’
2547 3807 2671 3862 ὅλου
2699 3798 2949 3863 ἐσθίεται
2967 3810 3033 3864 ἐκ
3060 3809 3155 3864 τοῦ
3188 3811 3379 3883 πυρός.
3415 3810 3602 3878 Οὕτως
3629 3813 3729 3869 ἐὰν

2147 3898 2468 3972 καθαρεύσῃ
2526 3900 2815 3977 ἄνθρωπος
2860 3903 2952 3957 τὸν
3003 3902 3131 3957 νοῦν
3162 3901 3329 3958 αὐτοῦ
3356 3904 3413 3957 ἐν
3445 3902 3524 3975 τῷ
3571 3904 3731 3977 φόϐῳ

2144 3991 2239 4045 τοῦ
2278 3991 2436 4060 Θεοῦ,
2468 3994 2628 4058 αὐτὸς
2661 3976 2876 4064 δ’φόδος
2894 3988 2990 4049 τοῦ
3011 3995 3145 4049 Θεοῦ
3175 3994 3451 4049 κατεσθίει
3480 3996 3541 4051 τὸ
3566 3976 3731 4070 σῶμα

2146 4082 2336 4136 αὐτοῦ.

2220 4174 2309 4242 ιγ’.
2365 4173 2558 4246 ’Δνέδη
2588 4175 2721 4230 ποτέ
2749 4176 2779 4229 6
2803 4176 2980 4242 ἀὸδᾶς
3021 4178 3308 4256 Μακάριος
3334 4177 3446 4233 άπὸ
3473 4179 3730 4248 Σκήτεως

2147 4266 2229 4329 εἰς
2258 4264 2578 4337 Τερενοῦθιν
2601 4284 2616 4299 ·
2647 4268 2744 4322 καὶ
2777 4267 3030 4338 εἰσῆλθεν
3070 4271 3151 4332 είς
3181 4269 3244 4322 τὸ
3280 4269 3426 4342 ἱερὸν
3452 4271 3728 4344 κοιμηθῆ-

467 4369 528 4418 ut
551 4362 837 4421 dormiret.
873 4363 1043 4419 Erant
1065 4372 1245 4421 autem
1277 4366 1350 4422 ibi
1374 4377 1553 4424 vetera
1580 4370 1922 4425 ethnicorum
1953 4384 2045 4425 ca-

2155 4376 2256 4414 ναι.
2306 4355 2489 4414 *Ησαν
2532 4359 2591 4414 δὲ
2639 4360 2759 4414 ἐκεῖ
2795 4360 3129 4432 σκηνώματα
3180 4361 3446 4433 Ἐλλήνων
3481 4363 3689 4420 παλαιά
3711 4382 3725 4396 ·

464 4458 668 4515 davera
695 4478 709 4514 :
733 4474 764 4514 e
792 4459 995 4531 quibus
1021 4475 1191 4514 unum
1224 4470 1505 4531 acceptum
1532 4463 1714 4532 posuit
1737 4464 1841 4518 sub
1865 4464 2043 4534 capite

465 4566 589 4618 suo,
621 4551 772 4606 velut
799 4550 1169 4608 embrimium.
1198 4548 1480 4607 Daemones
1500 4567 1631 4621 ergo
1668 4552 1848 4608 intuiti
1873 4553 2042 4607 auda-

464 4649 605 4699 ciam
635 4642 779 4711 ejus,
810 4639 1016 4697 invidia
1047 4640 1201 4696 ducti
1227 4648 1391 4708 sunt;
1418 4657 1483 4697 ac
1511 4642 1756 4699 volentes
1775 4658 1900 4698 eum
1928 4650 2040 4698 ter-

463 4749 602 4798 rere,
644 4734 795 4788 velut
833 4732 1091 4788 feminam
1130 4720 1197 4787 de
1239 4731 1459 4787 nomine
1504 4732 1806 4797 vocabant,
1854 4731 2038 4789 dicen-

459 4832 591 4880 tes:
622 4822 740 4891 Illa,
778 4824 903 4878 veni
947 4821 1232 4877 nobiscum
1283 4822 1351 4876 ad
1393 4821 1649 4876 balneum
1699 4840 1713 4876 :
1758 4823 2041 4893 respondit

462 4926 643 4972 autem
690 4916 832 4970 alius
874 4915 1086 4970 damon
1128 4914 1232 4970 sub
1271 4912 1392 4984 ipso
1424 4921 1735 4984 tanquame
1768 4915 2039 4984 mortuis,

463 5009 544 5065 sic
575 5024 589 5061 :
631 5006 988 5078 Peregrinum
1021 5006 1195 5063 habeo
1225 5023 1390 5078 super
1422 5024 1527 5074 me,
1553 5024 1654 5066 nec
1690 5026 1914 5081 possum
1950 5029 2042 5070 ve-

448 5080 607 5155 :nire.
647 5096 719 5152 At
759 5113 926 5154 senex
959 5098 1186 5153 territus
1224 5113 1330 5153 non
1364 5105 1471 5165 est,
1508 5100 1602 5154 sed
1633 5080 1894 5157 audacter
1919 5118 2040 5158 ver-

465 5187 693 5244 berabat
721 5205 943 5263 corpus,
971 5188 1164 5262 Surge,
1199 5190 1473 5260 inquiens,
1505 5191 1643 5248 vade
1675 5194 1729 5248 in
1760 5195 2039 5261 tenebras,

461 5276 509 5334 si
548 5285 723 5349 potes.
766 5280 885 5348 Quo
940 5280 1130 5336 audito
1176 5281 1452 5339 dtemones
1494 5283 1870 5342 clamaverunt
1908 5300 2052 5357 voce.

480 5417 485 5421 ’
536 5436 578 5471 ιι
609 5438 694 5492 Al.
722 5436 831 5506 ἐγὼ
864 5438 984 5492 οὐδὲ
1016 5440 1155 5505 ὅλως
1177 5400 1399 5513 τλρώγω.

532 5554 644 5624 (93)
683 5551 782 5624 [ει.
813 5555 967 5609 Patr.
998 5575 1073 5622 ιν,
1098 5558 1190 5615 26.

532 5621 641 5698 (94)
674 5621 787 5682 'Vt't.
820 5624 975 5681 Patr.
1012 5642 1102 5693 xv,
1142 5626 1233 5688 26.

2148 4451 2244 4504 καὶ
2273 4447 2455 4504 λαϐὼν
2484 4448 2564 4511 ἒν.
2602 4448 2845 4522 ὑπέθηκε
2872 4451 2936 4521 τῇ
2969 4449 3168 4504 ἑαυτοῦ
3214 4451 3451 4526 κεφαλῇ,
3499 4453 3577 4517 ὡς
3628 4453 3729 4526 ἐμ-

2148 4540 2386 4615 6ρίμιον.
2419 4544 2484 4596 Οί
2512 4537 2605 4596 οὖν
2628 4541 2904 4613 δαίμονες,
2949 4542 3187 4617 ὁρῶντες
3223 4542 3390 4599 αὑτοῦ
3421 4544 3484 4599 τὺ
3521 4543 3729 4615 θαρσα-

2146 4635 2291 4701 λέον,
2324 4634 2628 4706 ἐφθόνησαν
2651 4653 2664 4668 ·
2704 4636 2798 4690 καί
2828 4633 3076 4701 θέλοντες
3110 4636 3272 4693 αὑτὸν
3302 4638 3559 4709 meiut,
3584 4637 3731 4706 ἐφώ-

2146 4744 2271 4783 νουν
2301 4729 2377 4793 ὡς
2414 4730 2673 4798 γυναικὸς
2705 4731 2897 4802 ὄνομα,
2930 4729 3213 4800 λέγοντες·
3272 4731 3337 4784 Ἦ
3358 4730 3529 4797 δεῖνα,
3568 4725 3735 4804 δεῦρο

2151 4821 2271 4893 μεθ’
2319 4821 2477 4893 ήμῶν
2521 4824 2603 4887 είς
2638 4823 2701 4877 τὸ
2748 4823 3049 4894 βαλανεῖον.
3106 4824 3417 4896 Ὑπήκουσε
3462 4823 3521 4878 δὲ
3568 4823 3743 4889 ἄλλος»

2145 4914 2356 4985 δαίμων
2370 4914 2721 4970 ὑποκάτωθεν
2747 4915 2911 4970 αὑτοῦ
2933 4916 3010 4980 ὡς
3041 4918 3104 4969 ἐκ
3125 4915 3236 4970 τῶν
3256 4914 3488 4987 νεκρῶν,
3515 4914 3692 4984 λέγων
3708 4933 3726 4946 ·

2144 5005 2308 5061 Ξένον
2340 5007 2447 5077 ἔχω
2482 5006 2666 5061 ἐπάνω
2694 5024 2819 5078 μου,
2847 5008 2940 5061 καὶ
2972 5006 3033 5061 οὑ
3078 5007 3311 5079 δύναμαι
3344 5006 3536 5061 ἐλθεῖν.
3581 5006 3640 5060 Ὀ
3667 5004 3728 5060 δὲ
3812 5012 3819 5015 τ

2144 5100 2323 5174 γέρων
2355 5102 2455 5154 ούκ
2497 5100 2771 5172 ἐπτοήθη⁶
2809 5099 2945 5154 ἀλλὰ
2988 5100 3209 5174 θαρρῶν
3257 5100 3454 5154 ἔτυπτε
3488 5098 3551 5153 τὸ
3589 5099 3729 5171 σκή-

2144 5211 2323 5266 νωμα,
2353 5192 2529 5263 λέγων
2548 5211 2562 5226 ι
2604 5194 2877 5266 Ἕγειραι,
2905 5191 3084 5262 ὕπαγε
3115 5196 3196 5257 είς
3229 5192 3288 5245 τὸ
3319 5192 3532 5256 σκότος,
3564 5193 3613 5244 εἰ
3636 5190 3730 5244 δύ·

2143 5305 2322 5343 νασαι.
2357 5288 2467 5340 Καὶ
2511 5286 2672 5340 τοῦτο
2705 5285 3040 5349 ἀκούσαντες
3071 5286 3121 5338 oi
3166 5278 3440 5357 δᾶίμονες,
3489 5282 3728 5355 ἐϐόησαν

2240 5556 2331 5626 95)
2370 5555 2476 5612 Vit.
2524 5555 2675 5612 Patr.
2701 5573 2783 5624 ιιι,
2807 5558 2860 5612 8.
2932 5552 2933 5557 “

2240 5559 2331 5626 95)
2371 5559 2476 5612 Vit.
2524 5559 2675 5612 Patr.
2701 5573 2783 5624 ιιι,
2807 5559 2860 5612 8.

2213 5559 2322 5703 (‘96)
2365 5626 2477 5701 Vit.
2500 5626 2654 5684 Patr.
2687 5644 2781 5700 vn,
2820 5628 2903 5683 10.
