4036 6202
284 229 396 286 269

270 428 378 508 δγον
405 431 919 504 καταιηυνόμενοι.

359 529 440 583 ιδ’.
478 525 870 597 Ἐλεγονιπερὶ
914 524 1009 579 τοῦ
1044 525 1189 579 ἁϐὃᾶ
1233 525 1522 599 Μακαρίου
1558 522 1651 579 τοῦ
1696 526 1868 593 Αἰγυ-

294 619 449 673 πτίου
480 618 551 681 ³¹,
581 618 666 672 ὅτι
694 616 1006 672 ἀναϐαίνων
1026 617 1134 671 ἀπὸ
1160 618 1432 690 Σκήτεως,
1461 617 1555 672 καὶ
1586 618 1867 688 βαστάζων

290 708 575 782 σπυρίδας,
602 706 872 772 κοπιάσας
894 706 1168 778 ἐκαθέσθη
1189 723 1201 737 ·
1234 708 1327 762 καὶ
1346 706 1549 777 ηὔξατο
1573 707 1772 776 λέγων·
1810 709 1868 763 '0

288 799 438 862 θεὸς,
476 798 543 852 σὺ
573 791 721 861 οἶδας
748 796 830 850 ὅτι
856 797 958 850 οὐκ
982 796 1028 830 ³³
1058 798 1246 869 ἰσχύω.
1289 799 1402 854 Καὶ
1432 797 1637 862 εὐθέως
1664 798 1865 872 εὑρέθη

286 891 377 943 ἐπὶ
407 889 500 942 τὸν
523 888 789 960 ποταμόν.

351 977 436 1035 ιε’.
469 976 579 1033 Ἦν
608 996 692 1044 τις
738 978 878 1051 ἔχων
919 978 1034 1032 υἱὸν
1070 978 1438 1051 παραλυτικὸν
1477 980 1536 1034 ὲν
1564 979 1827 1052 Αἰγύπτῳ
1847 998 1862 1013 θ

285 1073 377 1126 καὶ
406 1060 642 1143 ἠνεγκεν
658 1071 824 1125 αὐτὸν
848 1072 928 1135 εἰς
948 1070 1010 1124 τὸ
1039 1070 1248 1125 κελλίον
1264 1070 1358 1125 τοῦ
1385 1071 1530 1126 ἀϐϐἄ
1543 1073 1832 1144 Μακαρίου
1848 1090 1860 1103 ’

282 1163 378 1217 καὶ
409 1163 573 1232 ἀφεὶς
606 1162 772 1217 αὑτὸν
805 1163 898 1215 ἐπὶ
919 1162 1020 1230 τὴν
1053 1161 1223 1236 θύραν
1249 1162 1525 1228 κλαίοντα,
1552 1164 1867 1237 ἀνεχώρησε

286 1256 528 1325 μακράν.
560 1253 900 1325 Παρακύψας
923 1249 1015 1307 οὖν
1039 1255 1067 1307 6
1094 1254 1290 1326 γέρων,
1321 1250 1429 1307 εἶδε
1456 1254 1516 1307 τὸ
1549 1254 1758 1309 παιδίον
1794 1255 1860 1320 ³⁸,

281 1349 379 1402 καὶ
402 1347 555 1415 λέγει
578 1344 760 1417 αὐτῷ·
795 1344 892 1410 Τίς
929 1345 1127 1416 ἠνεγκέ
1157 1362 1216 1398 σε
1251 1341 1387 1411 dide;
1424 1346 1537 1400 Kal
1578 1345 1761 1414 λέγει·
1806 1347 1862 1400 '0

284 1441 468 1510 πατὴρ
500 1457 601 1510 μου
634 1438 826 1512 ιρριψέ
860 1456 927 1510 με
958 1433 1084 1502 ὧδε,
1117 1439 1213 1493 καὶ
1240 1438 1473 1510 ἀπῆλθε.
1509 1438 1674 1507 Λέγει
1715 1439 1864 1511 αὐτῷ

281 1531 312 1582 6
364 1529 574 1601 γέρων*
646 1528 905 1593 ’Δναστὰς
959 1527 1234 1583 κατάλαϐε
1278 1529 1462 1585 αὐτόν.
1510 1530 1620 1583 Kal
1660 1529 1862 1592 εὐθέως

283 1620 536 1689 ὑγιάνας,
569 1619 796 1692 ἀνέστη,
845 1620 938 1674 καὶ
971 1619 1242 1674 κατέλαϐε
1278 1621 1370 1699 τόν
1400 1623 1611 1695 πατέρα
1659 1622 1821 1677 αὑτοῦ
1843 1641 1857 1654 ο

284 1712 379 1767 καὶ
403 1710 580 1776 οὕτως
608 1711 853 1783 ἀπῆλθον
881 1712 962 1776 είς
990 1711 1081 1766 τὸν
1118 1707 1267 1766 οἷκον
1298 1712 1498 1768 αὐτῶν.

190 1789 194 1791 Α
355 1812 451 1870 ις’.
495 1806 559 1857 '0
592 1804 766 1869 ἁΰϐᾶς
804 1805 1091 1877 Μακάριος
1127 1806 1156 1858 6
1196 1805 1372 1877 μέγας
1398 1803 1552 1876 ἔλεγε
1575 1810 1687 1872 τοῖς
1711 1808 1863 1863 ἀδελ-

282 1898 411 1965 φοῖς
445 1896 509 1950 ἐν
536 1897 605 1966 τῇ
634 1896 847 1967 Σκήτει,
893 1895 970 1960 ὡς
1007 1895 1209 1950 ἀπέλυε
1234 1897 1333 1968 τὴν
1371 1896 1667 1970 ἐκκλησίαν
1687 1916 1701 1931 ·
1731 1900 1865 1954 Φεύ-

283 2002 437 2054 γετε,
470 1986 706 2055 ἀδελφοί.
745 1986 853 2040 Καὶ
901 1983 1051 2041 εἶπεν
1097 1986 1248 2059 αὐτῷ
1282 2006 1367 2053 τις
1406 1988 1517 2043 τῶν
1549 1992 1819 2063 γερόντων
1843 2011 1855 2024 ο

285 2074 403 2128 Ποῦ
434 2075 631 2147 ἔχομεν
664 2077 852 2145 φυγεῖν
875 2074 1039 2130 πλέον
1072 2075 1175 2146 τῆς
1204 2077 1414 2149 ἐρήμου
1438 2077 1677 2151 ταύτης;
1725 2081 1784 2135 'U
1808 2081 1864 2135 δὲ

285 2171 456 2225 ἐτίθει
509 2172 601 2226 τὸν
636 2171 897 2227 δάκτυλον
946 2170 1114 2225 αὐτοῦ
1161 2173 1243 2236 εἰς
1294 2172 1357 2226 τὸ
1406 2174 1617 2244 στόμα,
1655 2173 1860 2244 λέγων’

284 2262 456 2317 Τοῦτο
478 2263 732 2334 φεύγετε.
765 2265 874 2319 Kal
900 2265 1188 2336 εἰσήρχετο
1212 2266 1294 2329 εἰς
1321 2264 1382 2319 τὸ
1411 2265 1621 2321 κελλίον
1641 2267 1860 2334 ἑαυτοῦ,

284 2351 381 2405 καὶ
406 2351 586 2407 ἔκλειε
616 2352 717 2424 τὴν
756 2351 949 2423 θύραν,
982 2351 1078 2405 καὶ
1115 2351 1374 2422 ἐκάθητο.

354 2442 441 2508 ιζ’.
468 2439 638 2497 Εἶπεν
660 2444 691 2495 6
713 2443 870 2508 αὐτὸς
904 2442 1077 2508 esea;
1100 2442 1384 2515 Μακάριος
1402 2461 1417 2474 ·
1464 2445 1589 2500 Ἐάν
1604 2463 1709 2501 τινι
1740 2448 1854 2501 ἐπι-

285 2535 483 2605 τιμῶν,
531 2537 613 2599 εἰς
638 2537 810 2608 ὀργὴν
845 2535 1092 2607 κινηθῇς,
1128 2536 1256 2591 ῐδιον
1287 2537 1461 2602 πάθος
1494 2537 1744 2612 πληροῖς.
1776 2539 1851 2594 οὑ

285 2627 396 2698 γὰρ
424 2626 513 2680 ἵνα
543 2626 740 2689 ἄλλους
773 2625 973 2700 σῴσῃς,
1008 2627 1233 2681 σεαυτὸν
1264 2627 1572 2692 ἀπολέσεις.

356 2810 448 2876 ιη’.
480 2802 536 2858 '0
554 2802 717 2868 αὐτὸς
746 2803 918 2870 ἀδὸᾶς
946 2805 1249 2878 Μακάριος,
1280 2809 1336 2861 ἐν
1364 2806 1626 2881 Αἰγύπτῳ
1657 2807 1754 2874 ὣν,
1773 2803 1863 2864 εὖ·

287 2912 380 2966 ρεν
409 2895 698 2968 ἄνθρωπον
720 2897 912 2968 ἔχοντα
929 2899 1125 2970 κτῆνος
1148 2898 1243 2953 καὶ
1270 2898 1533 2954 συλοῢντα
1556 2900 1653 2964 τὰς
1679 2901 1866 2973 χρείας

234 3002 237 3003 ⁷
284 2986 453 3044 αὐτοῦ
474 3006 488 3020 ο
531 2989 628 3043 καὶ
664 2988 825 3053 αὐτὸς
849 2990 924 3055 ὡς
969 2989 1119 3056 ξένος
1167 2990 1456 3064 παραστὰς
1482 2991 1560 3062 τῷ
1593 2985 1863 3058 σ’δλοῦντι,

286 3078 590 3149 συνεγέμου
640 3079 704 3132 τὸ
759 3079 976 3152 κτῆνος,
1026 3082 1124 3136 καὶ
1178 3081 1317 3153 μετὰ
1376 3082 1581 3153 πολλῆς
1633 3082 1865 3155 ⁴Ιίλσνχίας

284 3171 645 3241 προέπεμπεν
674 3169 856 3236 αὑτὸν,
887 3170 1085 3239 λέγων,
1102 3173 1185 3225 ὅτι
1202 3171 1396 3254 ρύδὲν
1423 3171 1865 3244 εἰσηνέγκαμεν

282 3261 371 3326 εις
394 3259 506 3314 τὸν
546 3262 781 3332 κόσμον
809 3262 876 3328 ³⁸,
910 3260 1103 3331 δῆλον
1133 3262 1223 3317 ὅτι
1256 3264 1399 3319 οὐδὲ
1436 3263 1776 3335 ἐξενεγκεῖν
1809 3278 1864 3319 τι

282 3348 608 3422 δυνάμεθα.
655 3352 718 3406 '0
741 3353 953 3423 Κύριος
989 3353 1243 3409 ἔδωκεν*
1284 3356 1364 3422 ὠς
1409 3356 1594 3423 αὐτὸς
1645 3355 1864 3423 ἠθέλη-

282 3455 415 3509 σεν,
457 3444 646 3511 οὕτως
682 3444 780 3499 καὶ
825 3442 1084 3517 ἐγένετο.
1123 3447 1475 3517 Εὐλογητὸς
1521 3447 1738 3516 Κύριος
1760 3447 1861 3501 ἐπὶ

282 3534 494 3592 πᾶσιν.

357 3626 445 3680 ιθν.
487 3625 808 3700 Ἠρὼτησάν
846 3644 991 3691 τινες
1025 3625 1117 3680 τὸν
1149 3626 1323 3682 esse»;
1344 3628 1652 3701 Μακάριον,
1675 3629 1861 3699 λέγον-

281 3733 404 3783 τες·
451 3718 576 3782 Πῶς
616 3718 906 3790 ὀφείλομεν
940 3715 1371 3789 προσεύχεσθαι;
1408 3717 1573 3789 Λέγει
1609 3721 1795 3785 αὐτοῖς
1832 3720 1860 3773 6

254 3809 464 3881 -γέρων
488 3825 499 3837 ·
532 3809 648 3862 Οὐκ
674 3808 792 3862 ἔστι
813 3808 973 3879 χρεία
994 3805 1358 3879 βαττολογεῖν,
1389 3808 1503 3863 ἀλλ’
1531 3808 1792 3867 ἐκτείνειν
1814 3812 1860 3844 ³⁸

281 3900 384 3964 τὰς
427 3901 637 3973 χεῖρας,
683 3899 778 3953 καὶ
810 3899 1023 3970 λέγειν’
1074 3898 1269 3972 Κύριε,
1320 3900 1397 3968 ὡς
1443 3901 1621 3968 θέλεις
1654 3905 1749 3958 καὶ
1784 3904 1859 3970 ὡς

282 3989 456 4058 οἶδας,
476 3992 703 4063 ἐλέησον
737 3992 800 4045 ³⁷.
826 3991 954 4046 Ἐὰν
979 3991 1037 4045 δὲ
1068 3992 1338 4047 ἐπίκειται
1366 3993 1601 4067 πόλεμος
1618 4012 1632 4027 ·
1662 3996 1856 4069 Κύριε,

284 4081 469 4154 βοήθει
501 4082 568 4137 ³⁸.
602 4082 715 4136 Kal
744 4080 905 4147 αὐτὸς
929 4076 1035 4136 οἶδε
1063 4080 1134 4136 τὰ
1168 4083 1538 4157 συμφέροντα,
1583 4087 1679 4140 καὶ
1713 4088 1860 4140 ποιεῖ

285 4171 408 4243 μεθ’
439 4172 598 4244 ἡμῶν
636 4171 805 4238 ἔλεος.

349 4361 420 4410 κ’.
456 4349 624 4408 Εἶπεν
659 4355 687 4409 6
715 4352 890 4418 ἀόὄᾶς
913 4353 1198 4428 Μακάριος
1219 4371 1232 4385 ·
1265 4354 1329 4409 Et
1359 4354 1582 4425 γέγονεν
1619 4359 1679 4412 ἐν
1708 4359 1793 4412 col
1822 4360 1854 4430 ἡ

278 4446 634 4512 ἑξηυδὲνωσις
654 4446 730 4510 ὡς
757 4449 784 4501 6
814 4446 1055 4512 ἔπαινος,
1084 4448 1178 4501 καὶ
1196 4449 1231 4519 ἡ
1263 4446 1422 4502 πενία
1441 4449 1517 4513 ὡς
1543 4451 1571 4503 6
1602 4448 1853 4517 πλοῦτος,

277 4540 380 4593 καὶ
408 4540 443 4609 ἡ
480 4538 657 4592 ἔνδεια
679 4538 754 4603 ὠς
774 4541 809 4610 ἡ
835 4537 1108 4609 δαψίλεια,
1132 4539 1231 4595 οὐκ
1265 4539 1649 4614 ἀποθνήσκεις.
1686 4545 1855 4618 ’Δμή-

276 4646 445 4698 χανον
475 4629 585 4701 γάρ
612 4630 728 4683 ἐστι
765 4631 858 4684 τὸν
891 4629 1075 4694 καλῶς
1106 4631 1453 4697 πιστεύοντα,
1485 4634 1578 4687 καί
1609 4637 1666 4688 ἐν
1698 4637 1855 4689 εὐσε-

276 4719 404 4791 ϐείᾳ
445 4721 833 4792 ἐργαζόμενον,
874 4723 1137 4794 ἐμπεσεῖν
1162 4726 1243 4787 εἰς
1287 4723 1629 4797 ἀκαθαρσίαν
1667 4727 1855 4783 παθῶν

274 4809 375 4862 καὶ
400 4809 670 4882 δαιμόνων
697 4811 928 4885 πλάνην.

347 4900 456 4956 κα’.
491 4902 741 4972 Ἔλεγον,
771 4906 854 4959 ὅτι
887 4904 1203 4976 ἐσφάλησαν
1230 4906 1323 4962 δύο
1360 4908 1579 4980 ἀδελφοὶ
1619 4910 1816 4982 Σκῆτιν
1838 4926 1852 4941 '

272 4993 371 5045 καὶ
395 4991 662 5066 ἐχώρισεν
690 4996 887 5061 αὐτοὺς
911 4999 938 5051 6
968 4995 1140 5062 assa;
1166 5001 1451 5073 Μακάριος
1480 5004 1508 5055 6
1536 5001 1808 5067 πολιτικός
1833 5020 1847 5035 ο

346 5173 393 5203 υ
410 5171 504 5246 Al.
529 5175 754 5246 μεγάλε.
849 5176 893 5208 η
918 5179 1000 5233 Al.
1027 5177 1233 5233 οὐκέτι.

267 5244 550 5305 πυκνάΛ..
579 5244 832 5302 Dorothei
866 5247 1034 5319 Epist.
1073 5252 1126 5304 1.
1204 5248 1249 5280 ⁸⁷
1280 5248 1364 5302 ΑΙ.
1408 5247 1533 5303 add.
1568 5264 1655 5318 με.

338 5397 458 5468 (97)
504 5397 607 5455 va.
638 5399 793 5457 Patr.
824 5418 886 5468 ιι,
910 5403 964 5457 6.

339 5469 455 5539 (98)
507 5468 615 5539 Vit.
642 5470 798 5527 Patr.
829 5490 887 5538 Il,
916 5473 965 5528 7.

341 5538 604 5611 (99)]ἰι.
624 5539 792 5611 _Patr.
827 5560 898 5611 tv,
921 5543 1011 5599 27.

341 5609 420 5677 (1)
469 5608 577 5665 Vit.
611 5609 762 5668 Patr.
791 5608 1006 5681 "1,87;
1041 5630 1111 5679 tv,
1163 5612 1265 5682 28;
1298 5615 1533 5685 Append.
1581 5632 1631 5685 p.
1683 5615 1838 5683 lOOl,

1430 218 2042 278 APOPIITHEGMATA
2074 218 2385 278 PATRUM.

282 346 439 418 quum
473 342 712 415 μεγάλῃ,
748 340 999 411 λέγοντες
1020 356 1033 369 '
1089 340 1375 411 Ἐνέκησας
1408 341 1576 411 ἡμᾶς,
1608 339 1718 394 Kal
1741 339 1871 408 ἔφυ·
1902 344 1946 401 Α
1976 353 2168 410 magna

1345 5177 1389 5211 ”
1420 5177 1502 5231 Al.
1529 5175 1657 5232 add.
1707 5178 1787 5232 ὅτι
1834 5176 2068 5232 ἔκλαιεν.

1731 5249 1777 5280 ³⁸
1806 5248 1890 5301 ΑΙ.
1925 5248 2049 5303 add.
2087 5265 2197 5320 μοι.
2272 5250 2317 5281 ³⁹
2358 5247 2374 5300 1
2406 5247 2551 5301 Tim.
2578 5262 2652 5309 vt,
2688 5249 2737 5301 7.
2803 5247 2851 5280 ⁸⁸
2879 5245 2982 5300 Job
3009 5260 3047 5311 I,
3080 5245 3170 5302 Si.

3446 228 3557 283 270

2232 359 2243 393 :
2297 338 2487 395 Vicisti
2527 354 2649 395 nos.
2681 338 2816 396 Tum
2847 342 3053 413 pudore
3094 339 3285 398 διισυεὶ
3328 341 3552 415 aufuge-

1974 441 2125 489 runt.

2044 525 2133 581 ﬂ.
2177 525 2292 598 (97)
2335 524 2601 582 Dicebant
2644 525 2713 580 de
2754 523 2949 582 abbate
2992 524 3231 582 Macario
3269 525 3552 598 Egyptio,

1972 613 2118 684 quod
2149 613 2458 670 ascendens
2482 629 2512 670 e
2546 612 2693 669 Sceti
2715 650 2732 677 ,
2760 627 2826 666 ac
2858 615 3131 683 sportulas
3170 622 3416 685 portans,
3452 615 3549 671 de-

1990 704 2248 776 fatigatus
2285 706 2457 772 sedit;
2486 705 2771 774 oravitque
2798 704 2866 758 ad
2907 685 3054 759 hun'c
3086 706 3305 760 modum
3337 724 3350 760 :
3387 705 3549 772 Deus,

1970 805 2029 853 tu
2056 798 2165 853 scis
2185 797 2321 852 nihil
2358 797 2488 852 mihi
2536 797 2735 853 virium
2795 811 3102 867 superesse.
3134 796 3198 851 Et
3221 798 3367 855 illico
3394 797 3551 869 juxta

1969 886 2197 944 ﬂuvium
2217 897 2300 944 est
2318 889 2555 946 delatus.

2042 981 2128 1036 15.
2172 981 2283 1050 (98)
2321 980 2554 1048 Quidam
2600 981 2656 1037 in
2700 979 2941 1053 Egypto
2972 980 3141 1037 lilium
3178 981 3412 1039 habebat
3465 997 3555 1053 pa.

1978 1072 2265 1144 ralyticum
2298 1089 2312 1138 ;
2340 1081 2394 1127 et
2428 1073 2552 1128 tulit
2585 1088 2711 1129 eum
2740 1074 2806 1128 ad
2830 1075 3024 1129 cellam
3050 1074 3263 1130 abbatis
3296 1074 3547 1141 Macarii;

1967 1162 2277 1231 relinquens
2324 1170 2504 1217 autem
2528 1162 2596 1216 ad
2640 1163 2843 1218 ostium
2871 1164 3195 1233 plorantem,
3236 1163 3398 1235 longe
3425 1164 3554 1220 abs-

1964 1252 2152 1309 cessit.
2222 1252 2392 1324 lgitur
2440 1269 2606 1309 senex
2647 1254 2905 1310 deorsum
2937 1255 3212 1325 aspiciens
3251 1256 3387 1310 vidit
3416 1272 3552 1326 pue-

1964 1360 2132 1411 rum;
2182 1352 2237 1399 et
2285 1344 2647 1416 interrogavit
2683 1360 2808 1400 eum
2858 1364 2870 1400 :
2915 1344 3051 1411 Quis
3086 1354 3138 1402 te
3178 1346 3288 1404 huc
3329 1349 3553 1403 attulit?

1966 1433 2270 1507 Respondit
2301 1453 2317 1489 :
2350 1434 2510 1493 Pater
2542 1452 2697 1494 meus
2736 1438 2826 1493 hic
2865 1452 2952 1493 me
2986 1438 3251 1509 projecit,
3293 1446 3348 1495 et
3385 1441 3548 1499 abiit.

1966 1525 2107 1582 Dicit
2151 1528 2200 1582 ei
2229 1542 2398 1583 senex
2434 1546 2448 1582 :
2475 1526 2716 1601 Surgens
2745 1544 3038 1600 assequere
3067 1546 3217 1587 eum.
3249 1529 3553 1603 Statimque

1966 1617 2200 1672 sanitate
2237 1626 2561 1689 recuperata
2601 1618 2860 1684 surrexit,
2893 1626 2948 1676 et
2982 1625 3191 1689 patrem
3222 1630 3553 1677 consecutus

1897 1700 1945 1754 Β
1977 1716 2063 1764 est
2105 1726 2118 1761 :
2159 1716 2323 1779 atque
2353 1709 2427 1762 ita
2457 1709 2664 1765 reversi
2692 1716 2822 1764 sunt
2860 1709 2916 1764 in
2944 1709 3165 1766 domum
3195 1726 3371 1767 suam.

2048 1799 2136 1854 16.
2184 1798 2300 1871 (99)
2338 1799 2522 1857 Abbas
2557 1799 2833 1858 Macarius
2872 1816 3105 1873 magnus
3168 1803 3389 1859 dicebat
3442 1801 3552 1858 fra-

1967 1893 2147 1947 tribus
2198 1895 2255 1949 in
2308 1894 2495 1961 Sceti,
2543 1903 2831 1966 postquam
2875 1895 3162 1953 ecclesiam
3207 1896 3544 1954 dimisisset:

1967 1981 2199 2055 Fugite,
2244 1983 2463 2041 fratres.
2518 1985 2608 2040 Ait
2645 1987 2724 2041 illi
2765 1986 3044 2042 seniorum
3098 1989 3317 2059 quidam
3351 2002 3367 2039 :
3403 1985 3551 2054 Quo-

1974 2091 2099 2131 nam
2127 2076 2315 2148 fugere
2337 2078 2639 2148 poterimus
2679 2078 2821 2133 ultra
2846 2080 3197 2137 solitudinem
3226 2080 3370 2136 hanc
3388 2080 3413 2136 'i
3433 2080 3553 2150 Ipse

1972 2183 2101 2225 vero
2138 2168 2366 2241 digitum
2395 2184 2555 2225 suum
2582 2170 2650 2225 ad
2683 2184 2746 2224 os
2787 2170 3042 2240 ponebat,
3079 2170 3270 2228 dicens
3314 2188 3326 2223 :
3359 2169 3552 2244 Fugite

1967 2259 2092 2315 hoc.
2126 2256 2265 2313 Tum
2309 2259 2721 2332 ingrediebatur
2743 2260 2799 2315 in
2820 2260 3013 2316 cellam
3055 2276 3236 2330 suam,
3271 2271 3325 2319 et
3358 2263 3552 2319 clauso

1968 2351 2113 2408 ostio
2142 2350 2389 2407 sedebat.

2041 2443 2127 2498 17.
2171 2444 2248 2513 (1)
2290 2442 2437 2497 Dixit
2490 2442 2630 2498 idem
2684 2443 2858 2500 abbas
2908 2442 3180 2501 Macarius
3215 2464 3228 2502 :
3260 2442 3316 2499 Si
3362 2460 3553 2516 quem-
3646 2522 3649 2525 _

1967 2533 2114 2605 piam
2163 2531 2516 2602 increpando,
2570 2532 2634 2589 ad
2689 2533 2826 2588 iram
2873 2537 3277 2601 commoveris,
3334 2536 3549 2592 aﬂ‘ectui

1969 2635 2064 2680 tuo
2089 2622 2387 2680 satisfacis.
2418 2621 2541 2681 Non
2576 2623 2724 2679 enim
2758 2630 2817 2679 ut
2842 2624 2982 2683 alios
3016 2627 3219 2696 salves,
3252 2628 3447 2700 perdes
3471 2636 3549 2682 te-

1968 2713 2169 2785 ipsum.

2043 2804 2124 2860 18.
2167 2798 2245 2876 (Ξ)
2308 2802 2455 2859 idem
2533 2802 2707 2859 abbas
2775 2803 3046 2863 Macarius
3101 2808 3230 2862 dum
3290 2810 3437 2865 esset
3494 2810 3550 2865 in

1967 2895 2227 2969 Egypto,
2264 2896 2476 2954 invenit
2509 2896 2790 2953 hominem
2816 2897 3105 2954 habentem
3137 2900 3469 2969 jumentum,
3497 2912 3550 2958 et

1971 2988 2300 3058 praedantem
2338 3003 2461 3059 quae
2498 2989 2567 3044 ad
2613 3002 2775 3044 usum
2826 3003 2988 3043 suum
3034 2988 3349 3059 possidebat
3386 3006 3400 3042 :
3435 2990 3552 3062 ipse

1972 3095 2100 3136 vero
2148 3088 2410 3151 tanquam
2436 3079 2762 3153 peregrinus
2807 3088 2998 3135 astans
3055 3080 3186 3145 furi,
3218 3098 3328 3137 una
3354 3096 3552 3137 onera-

1967 3171 2061 3227 bat
2094 3171 2425 3242 jumentum,
2462 3185 2767 3242 magnaque
2790 3184 2916 3225 cum
2940 3169 3126 3242 quiete
3156 3171 3380 3228 deduxit
3399 3189 3546 3235 eum,

1965 3263 2156 3318 dicens
2186 3281 2200 3317 :
2243 3261 2399 3317 Nihil
2428 3261 2708 3317 intulimus
2742 3261 2799 3315 in
2831 3260 3088 3316 mundum
3118 3278 3137 3317 :
3165 3262 3310 3317 haud
3331 3262 3550 3318 dubium

1962 3355 2102 3425 quod
2127 3370 2219 3409 nec
2257 3355 2468 3416 auferre
2508 3356 2635 3427 quid
2651 3370 2933 3425 possumus
2958 3354 3027 3409 ³⁸.
3061 3354 3319 3411 Dominus
3357 3356 3499 3412 dedit
3529 3373 3548 3411 :

1962 3446 2099 3500 sicut
2135 3447 2246 3517 ips'e
2274 3448 2463 3512 voluit,
2506 3447 2586 3501 ita
2630 3455 2681 3502 et
2728 3446 2931 3517 factum
2966 3459 3067 3503 est.
3100 3446 3414 3505 Benedictus
3443 3450 3549 3506 Do-

1961 3538 2136 3593 minus
2160 3540 2213 3592 in
2237 3536 2476 3592 omnibus
2494 3536 2560 3592 “.

2033 3628 2121 3684 19.
2166 3627 2242 3701 (5)
2280 3629 2760 3699 lnterrogaverunt
2799 3628 3021 3697 quidam
3076 3627 3328 3683 abbatem
3369 3628 3548 3683 Maca-

1962 3719 2126 3782 rium,
2163 3717 2406 3775 dicentes
2435 3736 2450 3773 :
2506 3717 2626 3786 Quo
2673 3719 2832 3774 modo
2863 3718 3126 3774 debemus
3158 3719 3369 3777 orare?
3410 3718 3545 3775 Res-

1962 3811 2150 3883 pondit
2180 3812 2289 3868 illis
2323 3826 2516 3867 senex:
2547 3808 2670 3866 Non
2702 3826 2841 3882 opus
2870 3816 2955 3866 est
2984 3808 3130 3893 loqui
3160 3811 3413 3879 multum,
3449 3810 3545 3865 sed

1959 3902 2315 3960 extendendae
2344 3908 2473 3959 sunt
2508 3918 2704 3957 manus
2730 3943 2746 3965 ,
2790 3900 3321 3972 proferendumqne:
3359 3899 3544 3955 Domi-

1959 4010 2048 4058 ne,
2086 3994 2229 4050 sicut
2263 3993 2347 4050 vis
2372 4001 2429 4048 et
2476 3992 2619 4050 sicut
2653 3991 2820 4055 nosti,
2854 3991 3131 4047 miserere.
3166 3990 3220 4044 Si
3249 3997 3428 4044 autem
3459 3989 3540 4044 in-

1959 4086 2167 4156 gruerit
2215 4082 2533 4142 tentationis
2563 4083 2904 4155 impugnatio
2927 4123 2941 4146 ,
2982 4082 3088 4137 dici
3121 4081 3317 4136 debet:
3360 4080 3544 4137 Domi-

1960 4193 2047 4239 nc.
2109 4175 2328 4246 adjuva.
2391 4175 2513 4247 Ipse
2568 4175 2674 4230 scit
2729 4189 2855 4247 quae
2906 4173 3239 4246 expediant,
3293 4184 3345 4229 et
3412 4174 3543 4230 facit

1958 4267 2241 4325 nobiscum
2268 4267 2725 4324 misericordiam.

2029 4360 2120 4418 ευ.
2162 4358 2241 4431 (4)
2281 4357 2427 4415 Dixit
2475 4360 2644 4417 abbas
2678 4358 2981 4417 Macarius:
3020 4359 3076 4416 Si
3110 4364 3256 4435 apud
3291 4372 3344 4421 te
3372 4363 3541 4420 exsti-

1961 4451 2085 4507 terit
2112 4458 2460 4523 contemptus
2478 4453 2623 4507 velut
2646 4454 2785 4517 laus,
2812 4460 3104 4524 paupertas
3160 4465 3419 4527 tanquam
3453 4455 3540 4509 di-

1962 4544 2107 4601 vitia:
2130 4588 2146 4611 ,
2184 4545 2484 4618 indigentia
2523 4546 2668 4601 sicut
2706 4546 3060 4613 abundantia,
3108 4563 3215 4604 non
3265 4547 3534 4602 morieris.

1963 4632 2107 4690 Fieri
2150 4634 2298 4690 enim
2348 4650 2461 4690 non
2499 4644 2699 4707 potest,
2754 4644 2811 4689 ut
2845 4636 2940 4707 qui
2980 4644 3128 4692 recte
3168 4636 3364 4702 credit,
3395 4646 3450 4692 et
3478 4636 3533 4691 in

1964 4728 2166 4798 pietate
2208 4735 2487 4799 operatur,
2538 4726 2747 4784 incidat
2785 4726 2837 4783 in
2883 4726 3137 4783 vitiorum
3191 4728 3421 4793 sordes,
3470 4741 3535 4781 ac

1962 4816 2272 4874 daemonum
2305 4832 2571 4876 errorem.

2031 4912 2121 4967 21.
2162 4910 2493 4969 Referebant
2529 4930 2543 4966 :
2586 4911 2705 4966 Duo
2747 4911 2949 4980 fratres
2996 4912 3051 4968 in
3099 4908 3246 4966 Sceti
3290 4909 3533 4979 delique.

1959 5010 2122 5069 runt;
2175 5017 2314 5073 quos
2362 5001 2668 5073 segregavit
2697 5015 2793 5056 seu
2827 5000 3323 5056 excommunicavit
3359 4997 3530 5056 abbas

2170 5179 2215 5211 ³⁸
2249 5178 2415 5233 Abest
2467 5179 2535 5232 ab
2585 5178 2656 5232 al.
2708 5178 2812 5233 hoc
2848 5191 3080 5231 comma.
3156 5177 3202 5208 ³⁸
3236 5176 3319 5231 Al.
3357 5175 3523 5232 inser.

1951 5421 2008 5461 n.
2044 5404 2131 5459 17.

2022 5474 2101 5543 (2)
2152 5470 2255 5527 Vit.
2283 5472 2431 5543 Patr.
2460 5489 2569 5537 xvu,
2596 5472 2649 5543 6.

2024 5544 2099 5607 (5)
2154 5543 2255 5594 Vit.
2285 5542 2434 5596 Patr.
2473 5557 2569 5605 xu,
2605 5542 2690 5597 10.

2027 5614 2105 5680 (l)
2156 5608 2259 5666 Vit.
2301 5612 2448 5665 Patr.
2486 5612 2794 5679 xxsvmﬂ.
