  <div class='ocr_page' id='page_1' title='image "/cluster/home/n/w/nwhite01/storage/ocr_20150623/65/hvd.32044073501967/141.png"; bbox 0 0 4012 6208; ppageno 0'>
   <div class='ocr_carea' id='block_1_1' title="bbox 423 269 523 326">
    <p class='ocr_par' dir='ltr' id='par_1_1' title="bbox 423 269 523 326">
     <span class='ocr_line' id='line_1_1' title="bbox 423 269 523 326; baseline -0.02 0"><span class='ocrx_word' id='word_1_1' title='bbox 423 269 523 326; x_wconf 73' lang='grc'><strong>271</strong></span> 
     </span>
    </p>
   </div>
   <div class='ocr_carea' id='block_1_2' title="bbox 1557 265 2492 326">
    <p class='ocr_par' dir='ltr' id='par_1_2' title="bbox 1557 265 2492 326">
     <span class='ocr_line' id='line_1_2' title="bbox 1557 265 2492 326; baseline -0.001 -4"><span class='ocrx_word' id='word_1_2' title='bbox 1557 265 1905 323; x_wconf 72' lang='grc' dir='ltr'><strong>ΑΡΡΕΝῡΙΧ</strong></span> <span class='ocrx_word' id='word_1_3' title='bbox 1944 267 2036 323; x_wconf 87' lang='lat' dir='ltr'><strong>AD</strong></span> <span class='ocrx_word' id='word_1_4' title='bbox 2069 266 2412 326; x_wconf 83' lang='lat' dir='ltr'><strong>PALLADIU</strong></span> <span class='ocrx_word' id='word_1_5' title='bbox 2426 266 2492 322; x_wconf 75' lang='grc' dir='ltr'><strong>Μ.</strong></span> 
     </span>
    </p>
   </div>
   <div class='ocr_carea' id='block_1_3' title="bbox 3575 267 3686 323">
    <p class='ocr_par' dir='ltr' id='par_1_3' title="bbox 3575 267 3686 323">
     <span class='ocr_line' id='line_1_3' title="bbox 3575 267 3686 323; baseline 0 0"><span class='ocrx_word' id='word_1_6' title='bbox 3575 267 3686 323; x_wconf 69' lang='grc' dir='ltr'><strong>2ἳὶ</strong></span> 
     </span>
    </p>
   </div>
   <div class='ocr_carea' id='block_1_4' title="bbox 425 387 2009 464">
    <p class='ocr_par' dir='ltr' id='par_1_4' title="bbox 425 389 1992 454">
     <span class='ocr_line' id='line_1_4' title="bbox 425 389 1992 454; baseline -0.002 -8"><span class='ocrx_word' id='word_1_7' title='bbox 425 389 699 447; x_wconf 79' lang='lat' dir='ltr'><strong>Macarius</strong></span> <span class='ocrx_word' id='word_1_8' title='bbox 735 390 956 445; x_wconf 89' lang='lat' dir='ltr'><strong>urbicus</strong></span> <span class='ocrx_word' id='word_1_9' title='bbox 989 404 1002 440; x_wconf 91' lang='lat'><strong>:</strong></span> <span class='ocrx_word' id='word_1_10' title='bbox 1039 395 1094 443; x_wconf 91' lang='lat' dir='ltr'><strong>et</strong></span> <span class='ocrx_word' id='word_1_11' title='bbox 1141 394 1407 444; x_wconf 80' lang='lat' dir='ltr'><strong>venerunt</strong></span> <span class='ocrx_word' id='word_1_12' title='bbox 1454 389 1727 454; x_wconf 85' lang='lat' dir='ltr'><strong>nonnulli,</strong></span> <span class='ocrx_word' id='word_1_13' title='bbox 1770 389 1992 444; x_wconf 89' lang='lat' dir='ltr'><strong>nuntia-</strong></span> 
     </span>
    </p>
   </div>
   <div class='ocr_carea' id='block_1_5' title="bbox 2116 387 3693 464">
    <p class='ocr_par' dir='ltr' id='par_1_5' title="bbox 2116 387 3693 464">
     <span class='ocr_line' id='line_1_5' title="bbox 2116 387 3693 464; baseline -0.004 -18"><span class='ocrx_word' id='word_1_14' title='bbox 2116 392 2206 446; x_wconf 78' lang='grc' dir='ltr'>καὶ</span> <span class='ocrx_word' id='word_1_15' title='bbox 2253 387 2418 464; x_wconf 79' lang='grc' dir='ltr'>ἦλθόν</span> <span class='ocrx_word' id='word_1_16' title='bbox 2459 407 2627 454; x_wconf 84' lang='grc' dir='ltr'>τινες,</span> <span class='ocrx_word' id='word_1_17' title='bbox 2675 388 2772 445; x_wconf 77' lang='grc' dir='ltr'>καὶ</span> <span class='ocrx_word' id='word_1_18' title='bbox 2817 387 2973 445; x_wconf 82' lang='grc' dir='ltr'>εἷπον</span> <span class='ocrx_word' id='word_1_19' title='bbox 2999 389 3078 462; x_wconf 79' lang='grc' dir='ltr'>τῷ</span> <span class='ocrx_word' id='word_1_20' title='bbox 3111 389 3256 462; x_wconf 80' lang='grc' dir='ltr'>ἀδδᾷ</span> <span class='ocrx_word' id='word_1_21' title='bbox 3302 387 3576 460; x_wconf 81' lang='grc' dir='ltr'>Μακαρίφ</span> <span class='ocrx_word' id='word_1_22' title='bbox 3608 389 3693 461; x_wconf 71' lang='grc' dir='ltr'>τῷ</span> 
     </span>
    </p>
   </div>
   <div class='ocr_carea' id='block_1_6' title="bbox 426 479 2007 554">
    <p class='ocr_par' dir='ltr' id='par_1_6' title="bbox 426 479 2007 554">
     <span class='ocr_line' id='line_1_6' title="bbox 426 479 2007 554; baseline -0.003 -15"><span class='ocrx_word' id='word_1_23' title='bbox 426 491 666 554; x_wconf 86' lang='lat' dir='ltr'><strong>runtque</strong></span> <span class='ocrx_word' id='word_1_24' title='bbox 684 482 866 536; x_wconf 92' lang='lat' dir='ltr'><strong>abbati</strong></span> <span class='ocrx_word' id='word_1_25' title='bbox 901 479 1142 534; x_wconf 86' lang='lat' dir='ltr'><strong>Macario</strong></span> <span class='ocrx_word' id='word_1_26' title='bbox 1163 495 1385 552; x_wconf 85' lang='lat' dir='ltr'><strong>magno,</strong></span> <span class='ocrx_word' id='word_1_27' title='bbox 1411 479 1695 552; x_wconf 65' lang='lat' dir='ltr'><strong>Egyptio.</strong></span> <span class='ocrx_word' id='word_1_28' title='bbox 1727 480 1831 548; x_wconf 86' lang='lat' dir='ltr'><strong>Qui</strong></span> <span class='ocrx_word' id='word_1_29' title='bbox 1863 481 2007 536; x_wconf 83' lang='lat' dir='ltr'><strong>aflir-</strong></span> 
     </span>
    </p>
   </div>
   <div class='ocr_carea' id='block_1_7' title="bbox 424 569 2005 642">
    <p class='ocr_par' dir='ltr' id='par_1_7' title="bbox 424 569 2005 642">
     <span class='ocr_line' id='line_1_7' title="bbox 424 569 2005 642; baseline -0.002 -15"><span class='ocrx_word' id='word_1_30' title='bbox 424 573 611 635; x_wconf 88' lang='lat' dir='ltr'><strong>mavit,</strong></span> <span class='ocrx_word' id='word_1_31' title='bbox 638 569 836 624; x_wconf 79' lang='lat' dir='ltr'><strong>fratres</strong></span> <span class='ocrx_word' id='word_1_32' title='bbox 868 585 979 624; x_wconf 88' lang='lat' dir='ltr'><strong>non</strong></span> <span class='ocrx_word' id='word_1_33' title='bbox 1015 584 1138 626; x_wconf 90' lang='lat' dir='ltr'><strong>esse</strong></span> <span class='ocrx_word' id='word_1_34' title='bbox 1159 578 1496 642; x_wconf 85' lang='lat' dir='ltr'><strong>segregatos,</strong></span> <span class='ocrx_word' id='word_1_35' title='bbox 1532 569 1629 626; x_wconf 85' lang='lat' dir='ltr'><strong>sed</strong></span> <span class='ocrx_word' id='word_1_36' title='bbox 1664 569 2005 638; x_wconf 87' lang='lat' dir='ltr'><strong>Macarium;</strong></span> 
     </span>
    </p>
   </div>
   <div class='ocr_carea' id='block_1_8' title="bbox 422 659 2009 735">
    <p class='ocr_par' dir='ltr' id='par_1_8' title="bbox 422 659 2009 735">
     <span class='ocr_line' id='line_1_8' title="bbox 422 659 2009 735; baseline 0 -17"><span class='ocrx_word' id='word_1_37' title='bbox 422 663 620 718; x_wconf 88' lang='lat' dir='ltr'><strong>etenim</strong></span> <span class='ocrx_word' id='word_1_38' title='bbox 655 659 916 732; x_wconf 83' lang='lat' dir='ltr'><strong>diligebat</strong></span> <span class='ocrx_word' id='word_1_39' title='bbox 952 677 1098 717; x_wconf 92' lang='lat' dir='ltr'><strong>eum.</strong></span> <span class='ocrx_word' id='word_1_40' title='bbox 1139 663 1343 718; x_wconf 91' lang='lat' dir='ltr'><strong>Auditu</strong></span> <span class='ocrx_word' id='word_1_41' title='bbox 1379 663 1593 735; x_wconf 90' lang='lat' dir='ltr'><strong>accepit</strong></span> <span class='ocrx_word' id='word_1_42' title='bbox 1620 664 1794 720; x_wconf 88' lang='lat' dir='ltr'><strong>abbas</strong></span> <span class='ocrx_word' id='word_1_43' title='bbox 1826 663 2009 718; x_wconf 84' lang='lat' dir='ltr'><strong>Maca-</strong></span> 
     </span>
    </p>
   </div>
   <div class='ocr_carea' id='block_1_9' title="bbox 424 751 2011 826">
    <p class='ocr_par' dir='ltr' id='par_1_9' title="bbox 424 751 2011 826">
     <span class='ocr_line' id='line_1_9' title="bbox 424 751 2011 826; baseline 0.003 -20"><span class='ocrx_word' id='word_1_44' title='bbox 424 753 538 809; x_wconf 85' lang='lat' dir='ltr'><strong>rius</strong></span> <span class='ocrx_word' id='word_1_45' title='bbox 559 751 711 822; x_wconf 82' lang='lat' dir='ltr'><strong>quod</strong></span> <span class='ocrx_word' id='word_1_46' title='bbox 735 767 766 806; x_wconf 92' lang='lat' dir='ltr'><strong>a</strong></span> <span class='ocrx_word' id='word_1_47' title='bbox 815 767 948 808; x_wconf 89' lang='lat' dir='ltr'><strong>sene</strong></span> <span class='ocrx_word' id='word_1_48' title='bbox 982 754 1492 810; x_wconf 88' lang='lat' dir='ltr'><strong>excommunicatus</strong></span> <span class='ocrx_word' id='word_1_49' title='bbox 1520 753 1733 819; x_wconf 88' lang='lat' dir='ltr'><strong>fuisset,</strong></span> <span class='ocrx_word' id='word_1_50' title='bbox 1765 754 2011 826; x_wconf 74' lang='lat' dir='ltr'><strong>fugitque</strong></span> 
     </span>
    </p>
   </div>
   <div class='ocr_carea' id='block_1_10' title="bbox 421 843 2012 918">
    <p class='ocr_par' dir='ltr' id='par_1_10' title="bbox 421 843 2012 918">
     <span class='ocr_line' id='line_1_10' title="bbox 421 843 2012 918; baseline 0.003 -18"><span class='ocrx_word' id='word_1_51' title='bbox 421 845 490 901; x_wconf 90' lang='lat' dir='ltr'><strong>ad</strong></span> <span class='ocrx_word' id='word_1_52' title='bbox 531 843 811 916; x_wconf 87' lang='lat' dir='ltr'><strong>paludem.</strong></span> <span class='ocrx_word' id='word_1_53' title='bbox 848 845 1118 918; x_wconf 77' lang='lat' dir='ltr'><strong>Egressus</strong></span> <span class='ocrx_word' id='word_1_54' title='bbox 1165 846 1350 918; x_wconf 88' lang='lat' dir='ltr'><strong>itaque</strong></span> <span class='ocrx_word' id='word_1_55' title='bbox 1395 855 1480 903; x_wconf 88' lang='lat' dir='ltr'><strong>est</strong></span> <span class='ocrx_word' id='word_1_56' title='bbox 1529 847 1701 905; x_wconf 86' lang='lat' dir='ltr'><strong>abbas</strong></span> <span class='ocrx_word' id='word_1_57' title='bbox 1736 846 2012 904; x_wconf 79' lang='lat' dir='ltr'><strong>Macarius</strong></span> 
     </span>
    </p>
   </div>
   <div class='ocr_carea' id='block_1_11' title="bbox 421 937 2008 1010">
    <p class='ocr_par' dir='ltr' id='par_1_11' title="bbox 421 937 2008 1010">
     <span class='ocr_line' id='line_1_11' title="bbox 421 937 2008 1010; baseline 0.001 -18"><span class='ocrx_word' id='word_1_58' title='bbox 421 951 686 1008; x_wconf 90' lang='lat' dir='ltr'><strong>magnus;</strong></span> <span class='ocrx_word' id='word_1_59' title='bbox 721 951 786 992; x_wconf 91' lang='lat' dir='ltr'><strong>ac</strong></span> <span class='ocrx_word' id='word_1_60' title='bbox 829 938 1032 1008; x_wconf 88' lang='lat' dir='ltr'><strong>reperit</strong></span> <span class='ocrx_word' id='word_1_61' title='bbox 1073 953 1201 994; x_wconf 89' lang='lat' dir='ltr'><strong>eum</strong></span> <span class='ocrx_word' id='word_1_62' title='bbox 1229 953 1277 992; x_wconf 56' lang='grc' dir='ltr'><strong>κα</strong></span> <span class='ocrx_word' id='word_1_63' title='bbox 1321 938 1594 995; x_wconf 89' lang='lat' dir='ltr'><strong>culicibus</strong></span> <span class='ocrx_word' id='word_1_64' title='bbox 1625 937 2008 1010; x_wconf 88' lang='lat' dir='ltr'><strong>perforatum;</strong></span> 
     </span>
    </p>
   </div>
   <div class='ocr_carea' id='block_1_12' title="bbox 419 1027 2012 1100">
    <p class='ocr_par' dir='ltr' id='par_1_12' title="bbox 419 1027 2012 1100">
     <span class='ocr_line' id='line_1_12' title="bbox 419 1027 2012 1100; baseline 0.001 -18"><span class='ocrx_word' id='word_1_65' title='bbox 419 1029 664 1098; x_wconf 87' lang='lat' dir='ltr'><strong>dicitque</strong></span> <span class='ocrx_word' id='word_1_66' title='bbox 707 1029 756 1084; x_wconf 88' lang='lat' dir='ltr'><strong>ei</strong></span> <span class='ocrx_word' id='word_1_67' title='bbox 797 1046 811 1083; x_wconf 94' lang='lat'><strong>:</strong></span> <span class='ocrx_word' id='word_1_68' title='bbox 846 1027 926 1083; x_wconf 90' lang='lat' dir='ltr'><strong>Tu</strong></span> <span class='ocrx_word' id='word_1_69' title='bbox 965 1029 1260 1100; x_wconf 83' lang='lat' dir='ltr'><strong>segregasti</strong></span> <span class='ocrx_word' id='word_1_70' title='bbox 1303 1028 1534 1095; x_wconf 85' lang='lat' dir='ltr'><strong>fratres;</strong></span> <span class='ocrx_word' id='word_1_71' title='bbox 1577 1035 1630 1084; x_wconf 92' lang='lat' dir='ltr'><strong>et</strong></span> <span class='ocrx_word' id='word_1_72' title='bbox 1670 1044 1798 1084; x_wconf 89' lang='lat' dir='ltr'><strong>ecce</strong></span> <span class='ocrx_word' id='word_1_73' title='bbox 1827 1043 2012 1084; x_wconf 84' lang='lat' dir='ltr'><strong>seces-</strong></span> 
     </span>
    </p>
   </div>
   <div class='ocr_carea' id='block_1_13' title="bbox 417 1121 2011 1194">
    <p class='ocr_par' dir='ltr' id='par_1_13' title="bbox 417 1121 2011 1194">
     <span class='ocr_line' id='line_1_13' title="bbox 417 1121 2011 1194; baseline -0.003 -16"><span class='ocrx_word' id='word_1_74' title='bbox 417 1122 533 1178; x_wconf 88' lang='lat' dir='ltr'><strong>suri</strong></span> <span class='ocrx_word' id='word_1_75' title='bbox 577 1130 706 1178; x_wconf 90' lang='lat' dir='ltr'><strong>sunt</strong></span> <span class='ocrx_word' id='word_1_76' title='bbox 753 1121 809 1176; x_wconf 90' lang='lat' dir='ltr'><strong>in</strong></span> <span class='ocrx_word' id='word_1_77' title='bbox 847 1123 1052 1178; x_wconf 88' lang='lat' dir='ltr'><strong>vicum.</strong></span> <span class='ocrx_word' id='word_1_78' title='bbox 1091 1121 1205 1193; x_wconf 85' lang='lat' dir='ltr'><strong>Ego</strong></span> <span class='ocrx_word' id='word_1_79' title='bbox 1232 1137 1364 1177; x_wconf 87' lang='lat' dir='ltr'><strong>vero</strong></span> <span class='ocrx_word' id='word_1_80' title='bbox 1414 1122 1695 1194; x_wconf 79' lang='lat' dir='ltr'><strong>segregavi</strong></span> <span class='ocrx_word' id='word_1_81' title='bbox 1718 1129 1805 1187; x_wconf 91' lang='lat' dir='ltr'><strong>te;</strong></span> <span class='ocrx_word' id='word_1_82' title='bbox 1840 1129 2011 1190; x_wconf 91' lang='lat' dir='ltr'><strong>tuque</strong></span> 
     </span>
    </p>
   </div>
   <div class='ocr_carea' id='block_1_14' title="bbox 421 1209 2009 1284">
    <p class='ocr_par' dir='ltr' id='par_1_14' title="bbox 421 1209 2009 1284">
     <span class='ocr_line' id='line_1_14' title="bbox 421 1209 2009 1284; baseline 0 -20"><span class='ocrx_word' id='word_1_83' title='bbox 421 1213 590 1268; x_wconf 86' lang='lat' dir='ltr'><strong>veluti</strong></span> <span class='ocrx_word' id='word_1_84' title='bbox 627 1212 856 1284; x_wconf 89' lang='lat' dir='ltr'><strong>pulchra</strong></span> <span class='ocrx_word' id='word_1_85' title='bbox 895 1213 1070 1284; x_wconf 90' lang='lat' dir='ltr'><strong>virgo,</strong></span> <span class='ocrx_word' id='word_1_86' title='bbox 1109 1212 1165 1267; x_wconf 90' lang='lat' dir='ltr'><strong>in</strong></span> <span class='ocrx_word' id='word_1_87' title='bbox 1196 1211 1426 1268; x_wconf 86' lang='lat' dir='ltr'><strong>interius</strong></span> <span class='ocrx_word' id='word_1_88' title='bbox 1478 1212 1786 1267; x_wconf 83' lang='lat' dir='ltr'><strong>cubiculum</strong></span> <span class='ocrx_word' id='word_1_89' title='bbox 1821 1209 2009 1282; x_wconf 75' lang='lat' dir='ltr'><strong>fugisti</strong></span> 
     </span>
    </p>
   </div>
   <div class='ocr_carea' id='block_1_15' title="bbox 417 1303 2008 1376">
    <p class='ocr_par' dir='ltr' id='par_1_15' title="bbox 417 1303 2008 1376">
     <span class='ocr_line' id='line_1_15' title="bbox 417 1303 2008 1376; baseline -0.001 -17"><span class='ocrx_word' id='word_1_90' title='bbox 417 1306 547 1359; x_wconf 88' lang='lat' dir='ltr'><strong>huc.</strong></span> <span class='ocrx_word' id='word_1_91' title='bbox 581 1305 651 1358; x_wconf 85' lang='lat' dir='ltr'><strong>At</strong></span> <span class='ocrx_word' id='word_1_92' title='bbox 695 1320 796 1374; x_wconf 87' lang='lat' dir='ltr'><strong>ego</strong></span> <span class='ocrx_word' id='word_1_93' title='bbox 833 1306 1045 1360; x_wconf 84' lang='lat' dir='ltr'><strong>vocatis</strong></span> <span class='ocrx_word' id='word_1_94' title='bbox 1078 1303 1364 1372; x_wconf 83' lang='lat' dir='ltr'><strong>fratribus,</strong></span> <span class='ocrx_word' id='word_1_95' title='bbox 1396 1305 1464 1360; x_wconf 91' lang='lat' dir='ltr'><strong>ab</strong></span> <span class='ocrx_word' id='word_1_96' title='bbox 1488 1304 1624 1376; x_wconf 87' lang='lat' dir='ltr'><strong>ipsis</strong></span> <span class='ocrx_word' id='word_1_97' title='bbox 1646 1303 1834 1368; x_wconf 90' lang='lat' dir='ltr'><strong>didici,</strong></span> <span class='ocrx_word' id='word_1_98' title='bbox 1869 1303 2008 1358; x_wconf 88' lang='lat' dir='ltr'><strong>nihil</strong></span> 
     </span>
    </p>
   </div>
   <div class='ocr_carea' id='block_1_16' title="bbox 418 1393 2010 1466">
    <p class='ocr_par' dir='ltr' id='par_1_16' title="bbox 418 1393 2010 1466">
     <span class='ocr_line' id='line_1_16' title="bbox 418 1393 2010 1466; baseline -0.003 -16"><span class='ocrx_word' id='word_1_99' title='bbox 418 1396 615 1450; x_wconf 85' lang='lat' dir='ltr'><strong>horum</strong></span> <span class='ocrx_word' id='word_1_100' title='bbox 663 1393 868 1450; x_wconf 82' lang='lat' dir='ltr'><strong>factum</strong></span> <span class='ocrx_word' id='word_1_101' title='bbox 909 1410 1054 1451; x_wconf 87' lang='lat' dir='ltr'><strong>esse.</strong></span> <span class='ocrx_word' id='word_1_102' title='bbox 1103 1393 1238 1451; x_wconf 78' lang='lat' dir='ltr'><strong>Vide</strong></span> <span class='ocrx_word' id='word_1_103' title='bbox 1281 1395 1470 1466; x_wconf 83' lang='lat' dir='ltr'><strong>igitur,</strong></span> <span class='ocrx_word' id='word_1_104' title='bbox 1519 1402 1578 1449; x_wconf 91' lang='lat' dir='ltr'><strong>tu</strong></span> <span class='ocrx_word' id='word_1_105' title='bbox 1629 1393 1820 1458; x_wconf 76' lang='lat' dir='ltr'><strong>frater,</strong></span> <span class='ocrx_word' id='word_1_106' title='bbox 1867 1407 1937 1448; x_wconf 91' lang='lat' dir='ltr'><strong>ne</strong></span> <span class='ocrx_word' id='word_1_107' title='bbox 1977 1405 2010 1445; x_wconf 90' lang='lat' dir='ltr'><strong>a</strong></span> 
     </span>
    </p>
   </div>
   <div class='ocr_carea' id='block_1_17' title="bbox 414 1470 2012 1544">
    <p class='ocr_par' dir='ltr' id='par_1_17' title="bbox 414 1470 2012 1544">
     <span class='ocr_line' id='line_1_17' title="bbox 414 1470 2012 1544; baseline -0.001 -2"><span class='ocrx_word' id='word_1_108' title='bbox 414 1489 758 1543; x_wconf 78' lang='lat' dir='ltr'><strong>dzemonibus</strong></span> <span class='ocrx_word' id='word_1_109' title='bbox 807 1488 1003 1544; x_wconf 86' lang='lat' dir='ltr'><strong>illusus</strong></span> <span class='ocrx_word' id='word_1_110' title='bbox 1051 1486 1240 1543; x_wconf 90' lang='lat' dir='ltr'><strong>fueris.</strong></span> <span class='ocrx_word' id='word_1_111' title='bbox 1297 1470 1432 1542; x_wconf 79' lang='lat' dir='ltr'><strong>Nam</strong></span> <span class='ocrx_word' id='word_1_112' title='bbox 1473 1487 1610 1542; x_wconf 87' lang='lat' dir='ltr'><strong>nihil</strong></span> <span class='ocrx_word' id='word_1_113' title='bbox 1655 1485 1868 1542; x_wconf 82' lang='lat' dir='ltr'><strong>vidisti.</strong></span> <span class='ocrx_word' id='word_1_114' title='bbox 1903 1483 2012 1540; x_wconf 88' lang='lat' dir='ltr'><strong>Sed</strong></span> 
     </span>
    </p>
   </div>
   <div class='ocr_carea' id='block_1_18' title="bbox 415 1577 2009 1652">
    <p class='ocr_par' dir='ltr' id='par_1_18' title="bbox 415 1577 2009 1652">
     <span class='ocr_line' id='line_1_18' title="bbox 415 1577 2009 1652; baseline -0.002 -17"><span class='ocrx_word' id='word_1_115' title='bbox 415 1581 629 1636; x_wconf 81' lang='lat' dir='ltr'><strong>veniam</strong></span> <span class='ocrx_word' id='word_1_116' title='bbox 665 1584 992 1638; x_wconf 82' lang='lat' dir='ltr'><strong>incurvatus</strong></span> <span class='ocrx_word' id='word_1_117' title='bbox 1021 1589 1144 1652; x_wconf 90' lang='lat' dir='ltr'><strong>pete</strong></span> <span class='ocrx_word' id='word_1_118' title='bbox 1173 1596 1276 1652; x_wconf 88' lang='lat' dir='ltr'><strong>pro</strong></span> <span class='ocrx_word' id='word_1_119' title='bbox 1308 1581 1510 1636; x_wconf 89' lang='lat' dir='ltr'><strong>delicto</strong></span> <span class='ocrx_word' id='word_1_120' title='bbox 1533 1586 1650 1634; x_wconf 93' lang='lat' dir='ltr'><strong>tuo.</strong></span> <span class='ocrx_word' id='word_1_121' title='bbox 1695 1577 1796 1634; x_wconf 85' lang='lat' dir='ltr'><strong>Ille</strong></span> <span class='ocrx_word' id='word_1_122' title='bbox 1828 1588 2009 1633; x_wconf 89' lang='lat' dir='ltr'><strong>autem</strong></span> 
     </span>
    </p>
   </div>
   <div class='ocr_carea' id='block_1_19' title="bbox 415 1659 2012 1744">
    <p class='ocr_par' dir='ltr' id='par_1_19' title="bbox 415 1659 2012 1744">
     <span class='ocr_line' id='line_1_19' title="bbox 415 1659 2012 1744; baseline -0.006 -14"><span class='ocrx_word' id='word_1_123' title='bbox 415 1675 554 1730; x_wconf 92' lang='lat' dir='ltr'><strong>dixit</strong></span> <span class='ocrx_word' id='word_1_124' title='bbox 603 1693 615 1730; x_wconf 91' lang='lat'><strong>:</strong></span> <span class='ocrx_word' id='word_1_125' title='bbox 682 1673 738 1728; x_wconf 89' lang='lat' dir='ltr'><strong>Si</strong></span> <span class='ocrx_word' id='word_1_126' title='bbox 767 1675 870 1737; x_wconf 88' lang='lat' dir='ltr'><strong>vis,</strong></span> <span class='ocrx_word' id='word_1_127' title='bbox 912 1673 980 1728; x_wconf 91' lang='lat' dir='ltr'><strong>da</strong></span> <span class='ocrx_word' id='word_1_128' title='bbox 1022 1673 1154 1728; x_wconf 90' lang='lat' dir='ltr'><strong>mihi</strong></span> <span class='ocrx_word' id='word_1_129' title='bbox 1188 1672 1587 1744; x_wconf 76' lang='lat' dir='ltr'><strong>pmnitentiam.</strong></span> <span class='ocrx_word' id='word_1_130' title='bbox 1633 1669 1834 1726; x_wconf 84' lang='lat' dir='ltr'><strong>Videns</strong></span> <span class='ocrx_word' id='word_1_131' title='bbox 1866 1659 2012 1740; x_wconf 53' lang='lat' dir='ltr'><strong>&#39;ergo</strong></span> 
     </span>
    </p>
   </div>
   <div class='ocr_carea' id='block_1_20' title="bbox 2113 479 3716 558">
    <p class='ocr_par' dir='ltr' id='par_1_20' title="bbox 2113 479 3716 558">
     <span class='ocr_line' id='line_1_20' title="bbox 2113 479 3716 558; baseline -0.002 -20"><span class='ocrx_word' id='word_1_132' title='bbox 2113 484 2336 558; x_wconf 83' lang='grc' dir='ltr'>μεγάλῳ</span> <span class='ocrx_word' id='word_1_133' title='bbox 2380 481 2459 554; x_wconf 84' lang='grc' dir='ltr'>τῷ</span> <span class='ocrx_word' id='word_1_134' title='bbox 2505 482 2807 554; x_wconf 71' lang='grc' dir='ltr'>Αἰγυπτίῳ.</span> <span class='ocrx_word' id='word_1_135' title='bbox 2871 482 2930 536; x_wconf 91' lang='lat'><strong>&#39;0</strong></span> <span class='ocrx_word' id='word_1_136' title='bbox 2975 482 3032 536; x_wconf 86' lang='grc' dir='ltr'>δὲ</span> <span class='ocrx_word' id='word_1_137' title='bbox 3079 479 3258 536; x_wconf 80' lang='grc' dir='ltr'>εἶπεν·</span> <span class='ocrx_word' id='word_1_138' title='bbox 3310 481 3428 534; x_wconf 72' lang='grc' dir='ltr'>Οὐκ</span> <span class='ocrx_word' id='word_1_139' title='bbox 3456 481 3595 534; x_wconf 75' lang='grc' dir='ltr'>εἰσὶν</span> <span class='ocrx_word' id='word_1_140' title='bbox 3635 482 3716 535; x_wconf 79' lang='grc' dir='ltr'><strong>οι“</strong></span> 
     </span>
    </p>
   </div>
   <div class='ocr_carea' id='block_1_21' title="bbox 2116 574 3693 648">
    <p class='ocr_par' dir='ltr' id='par_1_21' title="bbox 2116 574 3693 648">
     <span class='ocr_line' id='line_1_21' title="bbox 2116 574 3693 648; baseline -0.002 -17"><span class='ocrx_word' id='word_1_141' title='bbox 2116 575 2340 646; x_wconf 76' lang='grc' dir='ltr'><strong>ἀδελφοῖ¹</strong></span> <span class='ocrx_word' id='word_1_142' title='bbox 2369 575 2792 648; x_wconf 81' lang='grc' dir='ltr'><strong>κεχωρισμένοι,</strong></span> <span class='ocrx_word' id='word_1_143' title='bbox 2828 574 2965 629; x_wconf 83' lang='grc' dir='ltr'><strong>ἀλλά</strong></span> <span class='ocrx_word' id='word_1_144' title='bbox 3002 574 3288 646; x_wconf 85' lang='grc' dir='ltr'>Μακάριός</span> <span class='ocrx_word' id='word_1_145' title='bbox 3313 577 3429 627; x_wconf 89' lang='grc' dir='ltr'>ἐστι</span> <span class='ocrx_word' id='word_1_146' title='bbox 3455 590 3693 645; x_wconf 82' lang='grc' dir='ltr'>κεχωρι-</span> 
     </span>
    </p>
   </div>
   <div class='ocr_carea' id='block_1_22' title="bbox 2111 665 3696 742">
    <p class='ocr_par' dir='ltr' id='par_1_22' title="bbox 2111 665 3696 742">
     <span class='ocr_line' id='line_1_22' title="bbox 2111 665 3696 742; baseline -0.003 -18"><span class='ocrx_word' id='word_1_147' title='bbox 2111 669 2308 740; x_wconf 82' lang='grc' dir='ltr'><strong>σμένος</strong></span> <span class='ocrx_word' id='word_1_148' title='bbox 2328 685 2342 700; x_wconf 89' lang='grc'><strong>·</strong></span> <span class='ocrx_word' id='word_1_149' title='bbox 2373 665 2441 742; x_wconf 79' lang='grc' dir='ltr'>ἦν</span> <span class='ocrx_word' id='word_1_150' title='bbox 2477 667 2588 740; x_wconf 86' lang='grc' dir='ltr'>γὰρ</span> <span class='ocrx_word' id='word_1_151' title='bbox 2618 667 2848 738; x_wconf 80' lang='grc' dir='ltr'>ἀγαπῶν</span> <span class='ocrx_word' id='word_1_152' title='bbox 2893 667 3079 722; x_wconf 81' lang='grc' dir='ltr'>αὐτόν.</span> <span class='ocrx_word' id='word_1_153' title='bbox 3140 669 3410 720; x_wconf 84' lang='grc' dir='ltr'>Ἤκουσεν</span> <span class='ocrx_word' id='word_1_154' title='bbox 3458 668 3487 720; x_wconf 99' lang='lat'><strong>6</strong></span> <span class='ocrx_word' id='word_1_155' title='bbox 3517 666 3696 731; x_wconf 75' lang='grc' dir='ltr'>ἀδὸᾶς</span> 
     </span>
    </p>
   </div>
   <div class='ocr_carea' id='block_1_23' title="bbox 2111 758 3693 834">
    <p class='ocr_par' dir='ltr' id='par_1_23' title="bbox 2111 758 3693 834">
     <span class='ocr_line' id='line_1_23' title="bbox 2111 758 3693 834; baseline -0.003 -18"><span class='ocrx_word' id='word_1_156' title='bbox 2111 761 2417 834; x_wconf 79' lang='grc' dir='ltr'><strong>Μακάριος,</strong></span> <span class='ocrx_word' id='word_1_157' title='bbox 2457 761 2540 814; x_wconf 81' lang='grc' dir='ltr'><strong>ὅτι</strong></span> <span class='ocrx_word' id='word_1_158' title='bbox 2569 760 2842 833; x_wconf 87' lang='grc' dir='ltr'>ἐχωρίσθη</span> <span class='ocrx_word' id='word_1_159' title='bbox 2872 759 2977 814; x_wconf 81' lang='grc' dir='ltr'>ὑπὸ</span> <span class='ocrx_word' id='word_1_160' title='bbox 2999 759 3094 814; x_wconf 78' lang='grc' dir='ltr'><strong>τοῦ</strong></span> <span class='ocrx_word' id='word_1_161' title='bbox 3119 759 3396 831; x_wconf 89' lang='grc' dir='ltr'>γέροντος,</span> <span class='ocrx_word' id='word_1_162' title='bbox 3436 759 3532 812; x_wconf 65' lang='grc' dir='ltr'><strong>καὶ</strong></span> <span class='ocrx_word' id='word_1_163' title='bbox 3561 758 3693 828; x_wconf 85' lang='grc' dir='ltr'><strong>ἐφυ-</strong></span> 
     </span>
    </p>
   </div>
   <div class='ocr_carea' id='block_1_24' title="bbox 2111 844 3695 923">
    <p class='ocr_par' dir='ltr' id='par_1_24' title="bbox 2111 844 3695 923">
     <span class='ocr_line' id='line_1_24' title="bbox 2111 844 3695 923; baseline -0.001 -17"><span class='ocrx_word' id='word_1_164' title='bbox 2111 869 2208 923; x_wconf 87' lang='grc' dir='ltr'><strong>γεν</strong></span> <span class='ocrx_word' id='word_1_165' title='bbox 2258 854 2336 918; x_wconf 89' lang='grc' dir='ltr'><strong>είς</strong></span> <span class='ocrx_word' id='word_1_166' title='bbox 2367 851 2428 906; x_wconf 78' lang='grc' dir='ltr'><strong>τὸ</strong></span> <span class='ocrx_word' id='word_1_167' title='bbox 2464 851 2606 917; x_wconf 71' lang='grc' dir='ltr'>ἕλος.</span> <span class='ocrx_word' id='word_1_168' title='bbox 2663 850 2918 923; x_wconf 82' lang='grc' dir='ltr'>Ἐξῆλθεν</span> <span class='ocrx_word' id='word_1_169' title='bbox 2952 844 3049 906; x_wconf 82' lang='grc' dir='ltr'>οὖν</span> <span class='ocrx_word' id='word_1_170' title='bbox 3072 851 3102 904; x_wconf 92' lang='lat'><strong>6</strong></span> <span class='ocrx_word' id='word_1_171' title='bbox 3145 850 3322 913; x_wconf 78' lang='grc' dir='ltr'><strong>ἀὸεᾶς</strong></span> <span class='ocrx_word' id='word_1_172' title='bbox 3349 850 3638 921; x_wconf 80' lang='grc' dir='ltr'><strong>Μακάριος</strong></span> <span class='ocrx_word' id='word_1_173' title='bbox 3665 851 3695 904; x_wconf 91' lang='lat'><strong>6</strong></span> 
     </span>
    </p>
   </div>
   <div class='ocr_carea' id='block_1_25' title="bbox 2112 942 3697 1018">
    <p class='ocr_par' dir='ltr' id='par_1_25' title="bbox 2112 942 3697 1018">
     <span class='ocr_line' id='line_1_25' title="bbox 2112 942 3697 1018; baseline -0.003 -18"><span class='ocrx_word' id='word_1_174' title='bbox 2112 945 2307 1018; x_wconf 80' lang='grc' dir='ltr'><strong>μέγας,</strong></span> <span class='ocrx_word' id='word_1_175' title='bbox 2339 944 2436 999; x_wconf 73' lang='grc' dir='ltr'>καὶ</span> <span class='ocrx_word' id='word_1_176' title='bbox 2465 944 2710 1017; x_wconf 76' lang='grc' dir='ltr'>εὑρίσκει</span> <span class='ocrx_word' id='word_1_177' title='bbox 2753 943 2916 999; x_wconf 77' lang='grc' dir='ltr'>αὐτὸν</span> <span class='ocrx_word' id='word_1_178' title='bbox 2963 943 3403 1016; x_wconf 83' lang='grc' dir='ltr'><strong>τιτρωσκόμενον</strong></span> <span class='ocrx_word' id='word_1_179' title='bbox 3451 943 3556 997; x_wconf 76' lang='grc' dir='ltr'><strong>ὑπὸ</strong></span> <span class='ocrx_word' id='word_1_180' title='bbox 3583 942 3697 997; x_wconf 91' lang='grc' dir='ltr'><strong>τῶν</strong></span> 
     </span>
    </p>
   </div>
   <div class='ocr_carea' id='block_1_26' title="bbox 2111 1031 3690 1110">
    <p class='ocr_par' dir='ltr' id='par_1_26' title="bbox 2111 1031 3690 1110">
     <span class='ocr_line' id='line_1_26' title="bbox 2111 1031 3690 1110; baseline -0.001 -17"><span class='ocrx_word' id='word_1_181' title='bbox 2111 1037 2412 1107; x_wconf 82' lang='grc' dir='ltr'>κωνώπων,</span> <span class='ocrx_word' id='word_1_182' title='bbox 2443 1038 2537 1093; x_wconf 76' lang='grc' dir='ltr'><strong>καὶ</strong></span> <span class='ocrx_word' id='word_1_183' title='bbox 2573 1037 2722 1107; x_wconf 84' lang='grc' dir='ltr'>λέγει</span> <span class='ocrx_word' id='word_1_184' title='bbox 2765 1035 2915 1109; x_wconf 82' lang='grc' dir='ltr'><strong>αὑτῷ</strong></span> <span class='ocrx_word' id='word_1_185' title='bbox 2934 1053 2949 1070; x_wconf 79' lang='grc' dir='ltr'><strong>ο</strong></span> <span class='ocrx_word' id='word_1_186' title='bbox 2979 1037 3053 1092; x_wconf 80' lang='grc' dir='ltr'><strong>Σὺ</strong></span> <span class='ocrx_word' id='word_1_187' title='bbox 3087 1031 3359 1110; x_wconf 80' lang='grc' dir='ltr'>ἐχώρισας</span> <span class='ocrx_word' id='word_1_188' title='bbox 3387 1037 3522 1100; x_wconf 81' lang='grc' dir='ltr'>τοὺς</span> <span class='ocrx_word' id='word_1_189' title='bbox 3540 1037 3690 1092; x_wconf 80' lang='grc' dir='ltr'>ἀδελο</span> 
     </span>
    </p>
   </div>
   <div class='ocr_carea' id='block_1_27' title="bbox 2112 1123 3692 1200">
    <p class='ocr_par' dir='ltr' id='par_1_27' title="bbox 2112 1123 3692 1200">
     <span class='ocr_line' id='line_1_27' title="bbox 2112 1123 3692 1200; baseline 0.001 -20"><span class='ocrx_word' id='word_1_190' title='bbox 2112 1128 2269 1198; x_wconf 82' lang='grc' dir='ltr'>φοὺς,</span> <span class='ocrx_word' id='word_1_191' title='bbox 2321 1129 2420 1183; x_wconf 75' lang='grc' dir='ltr'><strong>καὶ</strong></span> <span class='ocrx_word' id='word_1_192' title='bbox 2467 1127 2576 1182; x_wconf 78' lang='grc' dir='ltr'>ίδοὺ</span> <span class='ocrx_word' id='word_1_193' title='bbox 2613 1123 2756 1199; x_wconf 78' lang='grc' dir='ltr'>εἶχον</span> <span class='ocrx_word' id='word_1_194' title='bbox 2798 1127 3151 1198; x_wconf 67' lang='grc' dir='ltr'><strong>ἀναχωρῆσαι¹</strong></span> <span class='ocrx_word' id='word_1_195' title='bbox 3201 1128 3281 1191; x_wconf 89' lang='grc' dir='ltr'>εἰς</span> <span class='ocrx_word' id='word_1_196' title='bbox 3326 1127 3426 1198; x_wconf 81' lang='grc' dir='ltr'>τὴν</span> <span class='ocrx_word' id='word_1_197' title='bbox 3476 1128 3692 1200; x_wconf 84' lang='grc' dir='ltr'>κώμην.</span> 
     </span>
    </p>
   </div>
   <div class='ocr_carea' id='block_1_28' title="bbox 2125 1217 3697 1292">
    <p class='ocr_par' dir='ltr' id='par_1_28' title="bbox 2125 1217 3697 1292">
     <span class='ocr_line' id='line_1_28' title="bbox 2125 1217 3697 1292; baseline -0.001 -18"><span class='ocrx_word' id='word_1_198' title='bbox 2125 1217 2268 1288; x_wconf 87' lang='grc' dir='ltr'><strong>Ἐγὼ</strong></span> <span class='ocrx_word' id='word_1_199' title='bbox 2297 1218 2356 1273; x_wconf 89' lang='grc' dir='ltr'><strong>δέ</strong></span> <span class='ocrx_word' id='word_1_200' title='bbox 2397 1236 2457 1273; x_wconf 89' lang='grc' dir='ltr'><strong>σε</strong></span> <span class='ocrx_word' id='word_1_201' title='bbox 2491 1218 2758 1292; x_wconf 86' lang='grc' dir='ltr'>ἐχώρισα,</span> <span class='ocrx_word' id='word_1_202' title='bbox 2806 1220 2902 1273; x_wconf 76' lang='grc' dir='ltr'><strong>καὶ</strong></span> <span class='ocrx_word' id='word_1_203' title='bbox 2935 1220 2998 1274; x_wconf 83' lang='grc' dir='ltr'>σὺ</span> <span class='ocrx_word' id='word_1_204' title='bbox 3029 1219 3106 1283; x_wconf 85' lang='grc' dir='ltr'><strong>ὡς</strong></span> <span class='ocrx_word' id='word_1_205' title='bbox 3141 1218 3280 1290; x_wconf 81' lang='grc' dir='ltr'>καλὴ</span> <span class='ocrx_word' id='word_1_206' title='bbox 3311 1218 3581 1290; x_wconf 76' lang='grc' dir='ltr'><strong>παρθένος</strong></span> <span class='ocrx_word' id='word_1_207' title='bbox 3615 1221 3697 1283; x_wconf 83' lang='grc' dir='ltr'><strong>είς</strong></span> 
     </span>
    </p>
   </div>
   <div class='ocr_carea' id='block_1_29' title="bbox 2109 1303 3694 1382">
    <p class='ocr_par' dir='ltr' id='par_1_29' title="bbox 2109 1303 3694 1382">
     <span class='ocr_line' id='line_1_29' title="bbox 2109 1303 3694 1382; baseline 0.001 -20"><span class='ocrx_word' id='word_1_208' title='bbox 2109 1309 2203 1363; x_wconf 76' lang='grc' dir='ltr'><strong>τὸν</strong></span> <span class='ocrx_word' id='word_1_209' title='bbox 2239 1307 2508 1382; x_wconf 78' lang='grc' dir='ltr'>ἐσώτερον</span> <span class='ocrx_word' id='word_1_210' title='bbox 2537 1309 2774 1364; x_wconf 83' lang='grc' dir='ltr'>κοιτῶνα</span> <span class='ocrx_word' id='word_1_211' title='bbox 2803 1308 3002 1379; x_wconf 74' lang='grc' dir='ltr'>ἔφυγες</span> <span class='ocrx_word' id='word_1_212' title='bbox 3035 1303 3160 1365; x_wconf 84' lang='grc' dir='ltr'>ὧδε.</span> <span class='ocrx_word' id='word_1_213' title='bbox 3203 1308 3346 1379; x_wconf 87' lang='grc' dir='ltr'><strong>Ἐγὼ</strong></span> <span class='ocrx_word' id='word_1_214' title='bbox 3373 1310 3430 1363; x_wconf 81' lang='grc' dir='ltr'>δὲ</span> <span class='ocrx_word' id='word_1_215' title='bbox 3458 1310 3694 1375; x_wconf 76' lang='grc' dir='ltr'>καλέσας</span> 
     </span>
    </p>
   </div>
   <div class='ocr_carea' id='block_1_30' title="bbox 2111 1399 3694 1474">
    <p class='ocr_par' dir='ltr' id='par_1_30' title="bbox 2111 1399 3694 1474">
     <span class='ocr_line' id='line_1_30' title="bbox 2111 1399 3694 1474; baseline 0.001 -20"><span class='ocrx_word' id='word_1_216' title='bbox 2111 1402 2241 1466; x_wconf 79' lang='grc' dir='ltr'>τοὺς</span> <span class='ocrx_word' id='word_1_217' title='bbox 2271 1401 2558 1474; x_wconf 76' lang='grc' dir='ltr'>ἀδελφοὺς,</span> <span class='ocrx_word' id='word_1_218' title='bbox 2583 1401 2785 1474; x_wconf 80' lang='grc' dir='ltr'>ἔμαθον</span> <span class='ocrx_word' id='word_1_219' title='bbox 2815 1403 3165 1474; x_wconf 83' lang='grc' dir='ltr'>παράὑτῶν,</span> <span class='ocrx_word' id='word_1_220' title='bbox 3195 1405 3288 1458; x_wconf 77' lang='grc' dir='ltr'><strong>καὶ</strong></span> <span class='ocrx_word' id='word_1_221' title='bbox 3318 1399 3467 1457; x_wconf 79' lang='grc' dir='ltr'>εἶπον</span> <span class='ocrx_word' id='word_1_222' title='bbox 3487 1420 3501 1433; x_wconf 87' lang='grc'><strong>·</strong></span> <span class='ocrx_word' id='word_1_223' title='bbox 3527 1404 3694 1458; x_wconf 80' lang='grc' dir='ltr'>Οὺδέν</span> 
     </span>
    </p>
   </div>
   <div class='ocr_carea' id='block_1_31' title="bbox 2109 1490 3695 1566">
    <p class='ocr_par' dir='ltr' id='par_1_31' title="bbox 2109 1490 3695 1566">
     <span class='ocr_line' id='line_1_31' title="bbox 2109 1490 3695 1566; baseline 0.001 -19"><span class='ocrx_word' id='word_1_224' title='bbox 2109 1493 2317 1548; x_wconf 79' lang='grc' dir='ltr'>τούτων</span> <span class='ocrx_word' id='word_1_225' title='bbox 2364 1493 2581 1564; x_wconf 86' lang='grc' dir='ltr'>γέγονε.</span> <span class='ocrx_word' id='word_1_226' title='bbox 2629 1494 2806 1548; x_wconf 86' lang='grc' dir='ltr'>Βλέπε</span> <span class='ocrx_word' id='word_1_227' title='bbox 2837 1490 2931 1549; x_wconf 77' lang='grc' dir='ltr'>οὖν</span> <span class='ocrx_word' id='word_1_228' title='bbox 2964 1494 3058 1548; x_wconf 76' lang='grc' dir='ltr'>καὶ</span> <span class='ocrx_word' id='word_1_229' title='bbox 3093 1496 3180 1561; x_wconf 82' lang='grc' dir='ltr'>σὺ,</span> <span class='ocrx_word' id='word_1_230' title='bbox 3222 1495 3439 1565; x_wconf 69' lang='grc' dir='ltr'>ἀδελφέ,</span> <span class='ocrx_word' id='word_1_231' title='bbox 3479 1495 3556 1566; x_wconf 83' lang='grc' dir='ltr'>μὴ</span> <span class='ocrx_word' id='word_1_232' title='bbox 3584 1495 3695 1549; x_wconf 73' lang='grc' dir='ltr'><strong>ἀπὸ</strong></span> 
     </span>
    </p>
   </div>
   <div class='ocr_carea' id='block_1_32' title="bbox 2111 1583 3694 1658">
    <p class='ocr_par' dir='ltr' id='par_1_32' title="bbox 2111 1583 3694 1658">
     <span class='ocr_line' id='line_1_32' title="bbox 2111 1583 3694 1658; baseline -0.001 -20"><span class='ocrx_word' id='word_1_233' title='bbox 2111 1585 2384 1656; x_wconf 83' lang='grc' dir='ltr'><strong>δαιμόνων</strong></span> <span class='ocrx_word' id='word_1_234' title='bbox 2413 1584 2748 1656; x_wconf 80' lang='grc' dir='ltr'>ἐχλευάσθης</span> <span class='ocrx_word' id='word_1_235' title='bbox 2766 1584 2939 1656; x_wconf 79' lang='grc' dir='ltr'>(οὐδὲν</span> <span class='ocrx_word' id='word_1_236' title='bbox 2960 1584 3069 1658; x_wconf 82' lang='grc' dir='ltr'>γὰρ</span> <span class='ocrx_word' id='word_1_237' title='bbox 3092 1585 3386 1656; x_wconf 79' lang='grc' dir='ltr'>ἑώρακας),</span> <span class='ocrx_word' id='word_1_238' title='bbox 3404 1584 3542 1640; x_wconf 85' lang='grc' dir='ltr'><strong>ἀλλά</strong></span> <span class='ocrx_word' id='word_1_239' title='bbox 3565 1583 3694 1655; x_wconf 83' lang='grc' dir='ltr'>βάλε</span> 
     </span>
    </p>
   </div>
   <div class='ocr_carea' id='block_1_33' title="bbox 2115 1672 3691 1751">
    <p class='ocr_par' dir='ltr' id='par_1_33' title="bbox 2115 1672 3691 1751">
     <span class='ocr_line' id='line_1_33' title="bbox 2115 1672 3691 1751; baseline 0 -21"><span class='ocrx_word' id='word_1_240' title='bbox 2115 1677 2410 1748; x_wconf 88' lang='grc' dir='ltr'>μετάνοιαν</span> <span class='ocrx_word' id='word_1_241' title='bbox 2453 1678 2596 1751; x_wconf 77' lang='grc' dir='ltr'>ὑπὲρ</span> <span class='ocrx_word' id='word_1_242' title='bbox 2638 1678 2734 1732; x_wconf 83' lang='grc' dir='ltr'>τοῦ</span> <span class='ocrx_word' id='word_1_243' title='bbox 2762 1679 3079 1749; x_wconf 70' lang='grc' dir='ltr'>σφάλματος</span> <span class='ocrx_word' id='word_1_244' title='bbox 3127 1695 3242 1733; x_wconf 83' lang='grc' dir='ltr'>σου.</span> <span class='ocrx_word' id='word_1_245' title='bbox 3301 1679 3364 1731; x_wconf 83' lang='lat' dir='ltr'><strong>i0</strong></span> <span class='ocrx_word' id='word_1_246' title='bbox 3403 1678 3460 1732; x_wconf 81' lang='grc' dir='ltr'>δὲ</span> <span class='ocrx_word' id='word_1_247' title='bbox 3507 1672 3691 1731; x_wconf 74' lang='grc' dir='ltr'><strong>εἶπεν⁹</strong></span> 
     </span>
    </p>
   </div>
   <div class='ocr_carea' id='block_1_34' title="bbox 417 1757 2009 1842">
    <p class='ocr_par' dir='ltr' id='par_1_34' title="bbox 417 1761 2009 1833">
     <span class='ocr_line' id='line_1_34' title="bbox 417 1761 2009 1833; baseline -0.005 -11"><span class='ocrx_word' id='word_1_248' title='bbox 417 1783 587 1822; x_wconf 88' lang='lat' dir='ltr'><strong>senex</strong></span> <span class='ocrx_word' id='word_1_249' title='bbox 632 1767 1002 1822; x_wconf 85' lang='lat' dir='ltr'><strong>humilitatem</strong></span> <span class='ocrx_word' id='word_1_250' title='bbox 1051 1765 1223 1829; x_wconf 90' lang='lat' dir='ltr'><strong>illius,</strong></span> <span class='ocrx_word' id='word_1_251' title='bbox 1274 1764 1400 1819; x_wconf 88' lang='lat' dir='ltr'><strong>ait:</strong></span> <span class='ocrx_word' id='word_1_252' title='bbox 1458 1761 1623 1826; x_wconf 84' lang='lat' dir='ltr'><strong>Vade,</strong></span> <span class='ocrx_word' id='word_1_253' title='bbox 1667 1762 1853 1833; x_wconf 86' lang='lat' dir='ltr'><strong>jejuna</strong></span> <span class='ocrx_word' id='word_1_254' title='bbox 1900 1768 2009 1815; x_wconf 86' lang='lat' dir='ltr'><strong>tres</strong></span> 
     </span>
    </p>
   </div>
   <div class='ocr_carea' id='block_1_35' title="bbox 2116 1757 3695 1842">
    <p class='ocr_par' dir='ltr' id='par_1_35' title="bbox 2116 1768 3695 1842">
     <span class='ocr_line' id='line_1_35' title="bbox 2116 1768 3695 1842; baseline -0.001 -19"><span class='ocrx_word' id='word_1_255' title='bbox 2116 1770 2179 1822; x_wconf 84' lang='grc' dir='ltr'><strong>Εἰ</strong></span> <span class='ocrx_word' id='word_1_256' title='bbox 2213 1769 2411 1837; x_wconf 87' lang='grc' dir='ltr'>θέλεις,</span> <span class='ocrx_word' id='word_1_257' title='bbox 2438 1770 2529 1836; x_wconf 84' lang='grc' dir='ltr'>δός</span> <span class='ocrx_word' id='word_1_258' title='bbox 2575 1788 2666 1842; x_wconf 90' lang='grc' dir='ltr'>μοι</span> <span class='ocrx_word' id='word_1_259' title='bbox 2701 1771 3012 1841; x_wconf 85' lang='grc' dir='ltr'>μετάνοιαν.</span> <span class='ocrx_word' id='word_1_260' title='bbox 3059 1768 3203 1824; x_wconf 86' lang='grc' dir='ltr'>Ἰδὼν</span> <span class='ocrx_word' id='word_1_261' title='bbox 3232 1770 3290 1824; x_wconf 82' lang='grc' dir='ltr'><strong>δὲ</strong></span> <span class='ocrx_word' id='word_1_262' title='bbox 3316 1773 3344 1824; x_wconf 94' lang='lat'><strong>6</strong></span> <span class='ocrx_word' id='word_1_263' title='bbox 3385 1769 3566 1842; x_wconf 87' lang='grc' dir='ltr'>γέρων</span> <span class='ocrx_word' id='word_1_264' title='bbox 3592 1769 3695 1841; x_wconf 74' lang='grc' dir='ltr'>τὴν</span> 
     </span>
    </p>
   </div>
   <div class='ocr_carea' id='block_1_36' title="bbox 417 1853 2004 1928">
    <p class='ocr_par' dir='ltr' id='par_1_36' title="bbox 417 1853 2004 1928">
     <span class='ocr_line' id='line_1_36' title="bbox 417 1853 2004 1928; baseline -0.006 -12"><span class='ocrx_word' id='word_1_265' title='bbox 417 1858 805 1925; x_wconf 82' lang='lat' dir='ltr'><strong>hebdomadas,</strong></span> <span class='ocrx_word' id='word_1_266' title='bbox 841 1859 1010 1916; x_wconf 84' lang='lat' dir='ltr'><strong>semel</strong></span> <span class='ocrx_word' id='word_1_267' title='bbox 1050 1857 1283 1928; x_wconf 88' lang='lat' dir='ltr'><strong>singulis</strong></span> <span class='ocrx_word' id='word_1_268' title='bbox 1315 1855 1674 1911; x_wconf 90' lang='lat' dir='ltr'><strong>hebdomadis</strong></span> <span class='ocrx_word' id='word_1_269' title='bbox 1688 1853 2004 1910; x_wconf 86' lang='lat' dir='ltr'><strong>comedens.</strong></span> 
     </span>
    </p>
   </div>
   <div class='ocr_carea' id='block_1_37' title="bbox 427 1936 2005 2024">
    <p class='ocr_par' dir='ltr' id='par_1_37' title="bbox 427 1936 2005 2024">
     <span class='ocr_line' id='line_1_37' title="bbox 427 1936 2005 2024; baseline -0.004 -16"><span class='ocrx_word' id='word_1_270' title='bbox 427 1953 556 2010; x_wconf 75' lang='lat' dir='ltr'><strong>llaec</strong></span> <span class='ocrx_word' id='word_1_271' title='bbox 593 1953 809 2010; x_wconf 89' lang='lat' dir='ltr'><strong>scilicet</strong></span> <span class='ocrx_word' id='word_1_272' title='bbox 850 1961 965 2009; x_wconf 87' lang='lat' dir='ltr'><strong>erat</strong></span> <span class='ocrx_word' id='word_1_273' title='bbox 993 1951 1142 2008; x_wconf 89' lang='lat' dir='ltr'><strong>illius</strong></span> <span class='ocrx_word' id='word_1_274' title='bbox 1179 1936 1750 2024; x_wconf 40' lang='lat' dir='ltr'><strong>perpetua&#39;operatio.</strong></span> <span class='ocrx_word' id='word_1_275' title='bbox 1795 1945 2005 2003; x_wconf 81' lang='lat' dir='ltr'><strong>hebdo-</strong></span> 
     </span>
    </p>
   </div>
   <div class='ocr_carea' id='block_1_38' title="bbox 419 2046 902 2120">
    <p class='ocr_par' dir='ltr' id='par_1_38' title="bbox 419 2046 902 2120">
     <span class='ocr_line' id='line_1_38' title="bbox 419 2046 902 2120; baseline 0.006 -20"><span class='ocrx_word' id='word_1_276' title='bbox 419 2047 607 2104; x_wconf 85' lang='lat' dir='ltr'><strong>madas</strong></span> <span class='ocrx_word' id='word_1_277' title='bbox 627 2046 902 2120; x_wconf 89' lang='lat' dir='ltr'><strong>jejunare.</strong></span> 
     </span>
    </p>
   </div>
   <div class='ocr_carea' id='block_1_39' title="bbox 484 2131 2007 2209">
    <p class='ocr_par' dir='ltr' id='par_1_39' title="bbox 484 2131 2007 2209">
     <span class='ocr_line' id='line_1_39' title="bbox 484 2131 2007 2209; baseline -0.005 -17"><span class='ocrx_word' id='word_1_278' title='bbox 484 2139 577 2194; x_wconf 73' lang='lat'><strong>‘22.</strong></span> <span class='ocrx_word' id='word_1_279' title='bbox 645 2138 795 2194; x_wconf 83' lang='lat' dir='ltr'><strong>Dixit</strong></span> <span class='ocrx_word' id='word_1_280' title='bbox 851 2137 1024 2194; x_wconf 89' lang='lat' dir='ltr'><strong>abbas</strong></span> <span class='ocrx_word' id='word_1_281' title='bbox 1101 2136 1328 2209; x_wconf 82' lang='lat' dir='ltr'><strong>Moyses</strong></span> <span class='ocrx_word' id='word_1_282' title='bbox 1402 2134 1586 2191; x_wconf 88' lang='lat' dir='ltr'><strong>abbati</strong></span> <span class='ocrx_word' id='word_1_283' title='bbox 1651 2131 1889 2190; x_wconf 86' lang='lat' dir='ltr'><strong>Macario</strong></span> <span class='ocrx_word' id='word_1_284' title='bbox 1950 2131 2007 2185; x_wconf 81' lang='lat' dir='ltr'><strong>in</strong></span> 
     </span>
    </p>
   </div>
   <div class='ocr_carea' id='block_1_40' title="bbox 419 2228 2011 2302">
    <p class='ocr_par' dir='ltr' id='par_1_40' title="bbox 419 2228 2011 2302">
     <span class='ocr_line' id='line_1_40' title="bbox 419 2228 2011 2302; baseline -0.004 -14"><span class='ocrx_word' id='word_1_285' title='bbox 419 2232 564 2289; x_wconf 90' lang='lat' dir='ltr'><strong>Sceti</strong></span> <span class='ocrx_word' id='word_1_286' title='bbox 616 2251 632 2289; x_wconf 90' lang='lat'><strong>:</strong></span> <span class='ocrx_word' id='word_1_287' title='bbox 681 2231 818 2288; x_wconf 81' lang='lat' dir='ltr'><strong>Volo</strong></span> <span class='ocrx_word' id='word_1_288' title='bbox 857 2245 983 2287; x_wconf 93' lang='lat' dir='ltr'><strong>cum</strong></span> <span class='ocrx_word' id='word_1_289' title='bbox 1025 2230 1211 2302; x_wconf 88' lang='lat' dir='ltr'><strong>quiete</strong></span> <span class='ocrx_word' id='word_1_290' title='bbox 1258 2245 1324 2287; x_wconf 89' lang='lat' dir='ltr'><strong>ac</strong></span> <span class='ocrx_word' id='word_1_291' title='bbox 1379 2228 1601 2286; x_wconf 86' lang='lat' dir='ltr'><strong>silentio</strong></span> <span class='ocrx_word' id='word_1_292' title='bbox 1652 2229 1856 2294; x_wconf 88' lang='lat' dir='ltr'><strong>vivere,</strong></span> <span class='ocrx_word' id='word_1_293' title='bbox 1908 2241 2011 2282; x_wconf 85' lang='lat' dir='ltr'><strong>nee</strong></span> 
     </span>
    </p>
   </div>
   <div class='ocr_carea' id='block_1_41' title="bbox 418 2318 2009 2380">
    <p class='ocr_par' dir='ltr' id='par_1_41' title="bbox 418 2318 2009 2380">
     <span class='ocr_line' id='line_1_41' title="bbox 418 2318 2009 2380; baseline -0.003 -2"><span class='ocrx_word' id='word_1_294' title='bbox 418 2325 610 2380; x_wconf 89' lang='lat' dir='ltr'><strong>sinunt</strong></span> <span class='ocrx_word' id='word_1_295' title='bbox 633 2338 722 2379; x_wconf 89' lang='lat' dir='ltr'><strong>me</strong></span> <span class='ocrx_word' id='word_1_296' title='bbox 757 2322 980 2379; x_wconf 87' lang='lat' dir='ltr'><strong>fratres.</strong></span> <span class='ocrx_word' id='word_1_297' title='bbox 1015 2323 1108 2377; x_wconf 91' lang='lat' dir='ltr'><strong>Ait</strong></span> <span class='ocrx_word' id='word_1_298' title='bbox 1137 2323 1216 2377; x_wconf 92' lang='lat' dir='ltr'><strong>illi</strong></span> <span class='ocrx_word' id='word_1_299' title='bbox 1257 2323 1432 2378; x_wconf 88' lang='lat' dir='ltr'><strong>abbas</strong></span> <span class='ocrx_word' id='word_1_300' title='bbox 1463 2319 1741 2376; x_wconf 78' lang='lat' dir='ltr'><strong>Macarius</strong></span> <span class='ocrx_word' id='word_1_301' title='bbox 1778 2335 1794 2375; x_wconf 93' lang='lat'><strong>:</strong></span> <span class='ocrx_word' id='word_1_302' title='bbox 1837 2318 2009 2374; x_wconf 80' lang='lat' dir='ltr'><strong>Video</strong></span> 
     </span>
    </p>
   </div>
   <div class='ocr_carea' id='block_1_42' title="bbox 421 2410 2010 2483">
    <p class='ocr_par' dir='ltr' id='par_1_42' title="bbox 421 2410 2010 2483">
     <span class='ocr_line' id='line_1_42' title="bbox 421 2410 2010 2483; baseline -0.003 -13"><span class='ocrx_word' id='word_1_303' title='bbox 421 2426 474 2472; x_wconf 90' lang='lat' dir='ltr'><strong>te</strong></span> <span class='ocrx_word' id='word_1_304' title='bbox 516 2416 719 2474; x_wconf 89' lang='lat' dir='ltr'><strong>indolis</strong></span> <span class='ocrx_word' id='word_1_305' title='bbox 769 2415 1039 2471; x_wconf 89' lang='lat' dir='ltr'><strong>mollioris</strong></span> <span class='ocrx_word' id='word_1_306' title='bbox 1082 2429 1228 2472; x_wconf 89' lang='lat' dir='ltr'><strong>esse.</strong></span> <span class='ocrx_word' id='word_1_307' title='bbox 1278 2427 1380 2469; x_wconf 92' lang='lat' dir='ltr'><strong>nec</strong></span> <span class='ocrx_word' id='word_1_308' title='bbox 1425 2426 1590 2483; x_wconf 87' lang='lat' dir='ltr'><strong>posse</strong></span> <span class='ocrx_word' id='word_1_309' title='bbox 1641 2410 1865 2466; x_wconf 91' lang='lat' dir='ltr'><strong>fratrem</strong></span> <span class='ocrx_word' id='word_1_310' title='bbox 1894 2424 1924 2464; x_wconf 93' lang='lat' dir='ltr'><strong>a</strong></span> <span class='ocrx_word' id='word_1_311' title='bbox 1957 2417 2010 2465; x_wconf 92' lang='lat' dir='ltr'><strong>te</strong></span> 
     </span>
    </p>
   </div>
   <div class='ocr_carea' id='block_1_43' title="bbox 420 2500 2012 2575">
    <p class='ocr_par' dir='ltr' id='par_1_43' title="bbox 420 2500 2012 2575">
     <span class='ocr_line' id='line_1_43' title="bbox 420 2500 2012 2575; baseline -0.004 -13"><span class='ocrx_word' id='word_1_312' title='bbox 420 2515 702 2575; x_wconf 82' lang='lat' dir='ltr'><strong>avertere;</strong></span> <span class='ocrx_word' id='word_1_313' title='bbox 727 2505 824 2563; x_wconf 91' lang='lat' dir='ltr'><strong>sed</strong></span> <span class='ocrx_word' id='word_1_314' title='bbox 854 2506 902 2561; x_wconf 91' lang='lat' dir='ltr'><strong>si</strong></span> <span class='ocrx_word' id='word_1_315' title='bbox 935 2504 1221 2561; x_wconf 89' lang='lat' dir='ltr'><strong>desideras</strong></span> <span class='ocrx_word' id='word_1_316' title='bbox 1250 2503 1495 2574; x_wconf 88' lang='lat' dir='ltr'><strong>quietam</strong></span> <span class='ocrx_word' id='word_1_317' title='bbox 1557 2503 1748 2568; x_wconf 89' lang='lat' dir='ltr'><strong>vitam,</strong></span> <span class='ocrx_word' id='word_1_318' title='bbox 1791 2500 2012 2572; x_wconf 72' lang='lat' dir='ltr'><strong>proiici-</strong></span> 
     </span>
    </p>
   </div>
   <div class='ocr_carea' id='block_1_44' title="bbox 419 2594 2012 2666">
    <p class='ocr_par' dir='ltr' id='par_1_44' title="bbox 419 2594 2012 2666">
     <span class='ocr_line' id='line_1_44' title="bbox 419 2594 2012 2666; baseline -0.004 -10"><span class='ocrx_word' id='word_1_319' title='bbox 419 2615 576 2656; x_wconf 78' lang='lat' dir='ltr'><strong>scere</strong></span> <span class='ocrx_word' id='word_1_320' title='bbox 603 2599 669 2654; x_wconf 92' lang='lat' dir='ltr'><strong>ad</strong></span> <span class='ocrx_word' id='word_1_321' title='bbox 695 2613 960 2660; x_wconf 88' lang='lat' dir='ltr'><strong>eremum,</strong></span> <span class='ocrx_word' id='word_1_322' title='bbox 987 2596 1153 2666; x_wconf 87' lang='lat' dir='ltr'><strong>intro,</strong></span> <span class='ocrx_word' id='word_1_323' title='bbox 1181 2597 1235 2651; x_wconf 89' lang='lat' dir='ltr'><strong>in</strong></span> <span class='ocrx_word' id='word_1_324' title='bbox 1267 2594 1450 2660; x_wconf 87' lang='lat' dir='ltr'><strong>Petra,</strong></span> <span class='ocrx_word' id='word_1_325' title='bbox 1479 2605 1535 2651; x_wconf 90' lang='lat' dir='ltr'><strong>et</strong></span> <span class='ocrx_word' id='word_1_326' title='bbox 1565 2595 1680 2652; x_wconf 90' lang='lat' dir='ltr'><strong>illic</strong></span> <span class='ocrx_word' id='word_1_327' title='bbox 1703 2594 1888 2665; x_wconf 89' lang='lat' dir='ltr'><strong>quiete</strong></span> <span class='ocrx_word' id='word_1_328' title='bbox 1913 2596 2012 2650; x_wconf 85' lang='lat' dir='ltr'><strong>de-</strong></span> 
     </span>
    </p>
   </div>
   <div class='ocr_carea' id='block_1_45' title="bbox 420 2687 1509 2767">
    <p class='ocr_par' dir='ltr' id='par_1_45' title="bbox 420 2687 1509 2767">
     <span class='ocr_line' id='line_1_45' title="bbox 420 2687 1509 2767; baseline -0.005 -21"><span class='ocrx_word' id='word_1_329' title='bbox 420 2709 537 2767; x_wconf 75' lang='lat' dir='ltr'><strong>ges.</strong></span> <span class='ocrx_word' id='word_1_330' title='bbox 572 2691 752 2762; x_wconf 83' lang='lat' dir='ltr'><strong>Atque</strong></span> <span class='ocrx_word' id='word_1_331' title='bbox 785 2690 890 2746; x_wconf 90' lang='lat' dir='ltr'><strong>hoc</strong></span> <span class='ocrx_word' id='word_1_332' title='bbox 916 2688 1065 2755; x_wconf 91' lang='lat' dir='ltr'><strong>fecit,</strong></span> <span class='ocrx_word' id='word_1_333' title='bbox 1090 2696 1145 2744; x_wconf 88' lang='lat' dir='ltr'><strong>et</strong></span> <span class='ocrx_word' id='word_1_334' title='bbox 1173 2687 1509 2759; x_wconf 86' lang='lat' dir='ltr'><strong>conquievit.</strong></span> 
     </span>
    </p>
   </div>
   <div class='ocr_carea' id='block_1_46' title="bbox 495 2773 2008 2851">
    <p class='ocr_par' dir='ltr' id='par_1_46' title="bbox 495 2773 2008 2851">
     <span class='ocr_line' id='line_1_46' title="bbox 495 2773 2008 2851; baseline -0.006 -10"><span class='ocrx_word' id='word_1_335' title='bbox 495 2785 591 2841; x_wconf 74' lang='grc'><strong>23.</strong></span> <span class='ocrx_word' id='word_1_336' title='bbox 651 2783 843 2840; x_wconf 89' lang='lat' dir='ltr'><strong>Frater</strong></span> <span class='ocrx_word' id='word_1_337' title='bbox 879 2782 1138 2839; x_wconf 89' lang='lat' dir='ltr'><strong>convenit</strong></span> <span class='ocrx_word' id='word_1_338' title='bbox 1183 2781 1437 2837; x_wconf 89' lang='lat' dir='ltr'><strong>abbatem</strong></span> <span class='ocrx_word' id='word_1_339' title='bbox 1488 2779 1790 2836; x_wconf 83' lang='lat' dir='ltr'><strong>Macarium</strong></span> <span class='ocrx_word' id='word_1_340' title='bbox 1835 2773 2008 2851; x_wconf 68' lang='lat' dir='ltr'><strong>Egy-</strong></span> 
     </span>
    </p>
   </div>
   <div class='ocr_carea' id='block_1_47' title="bbox 423 2871 2013 2947">
    <p class='ocr_par' dir='ltr' id='par_1_47' title="bbox 423 2871 2013 2947">
     <span class='ocr_line' id='line_1_47' title="bbox 423 2871 2013 2947; baseline -0.003 -15"><span class='ocrx_word' id='word_1_341' title='bbox 423 2876 622 2947; x_wconf 92' lang='lat' dir='ltr'><strong>ptium,</strong></span> <span class='ocrx_word' id='word_1_342' title='bbox 654 2883 709 2932; x_wconf 92' lang='lat' dir='ltr'><strong>et</strong></span> <span class='ocrx_word' id='word_1_343' title='bbox 731 2875 868 2931; x_wconf 82' lang='lat' dir='ltr'><strong>dixit</strong></span> <span class='ocrx_word' id='word_1_344' title='bbox 895 2873 945 2930; x_wconf 92' lang='lat' dir='ltr'><strong>ei</strong></span> <span class='ocrx_word' id='word_1_345' title='bbox 978 2893 991 2932; x_wconf 89' lang='lat'><strong>:</strong></span> <span class='ocrx_word' id='word_1_346' title='bbox 1017 2873 1194 2942; x_wconf 84' lang='lat' dir='ltr'><strong>Abba,</strong></span> <span class='ocrx_word' id='word_1_347' title='bbox 1219 2873 1386 2930; x_wconf 80' lang='lat' dir='ltr'><strong>effare</strong></span> <span class='ocrx_word' id='word_1_348' title='bbox 1431 2871 1565 2928; x_wconf 88' lang='lat' dir='ltr'><strong>mihi</strong></span> <span class='ocrx_word' id='word_1_349' title='bbox 1590 2873 1842 2938; x_wconf 85' lang='lat' dir='ltr'><strong>verbum,</strong></span> <span class='ocrx_word' id='word_1_350' title='bbox 1872 2887 2013 2943; x_wconf 89' lang='lat' dir='ltr'><strong>quo-</strong></span> 
     </span>
    </p>
   </div>
   <div class='ocr_carea' id='block_1_48' title="bbox 423 2964 2013 3036">
    <p class='ocr_par' dir='ltr' id='par_1_48' title="bbox 423 2964 2013 3036">
     <span class='ocr_line' id='line_1_48' title="bbox 423 2964 2013 3036; baseline -0.004 -12"><span class='ocrx_word' id='word_1_351' title='bbox 423 2984 552 3024; x_wconf 87' lang='lat' dir='ltr'><strong>nam</strong></span> <span class='ocrx_word' id='word_1_352' title='bbox 582 2968 744 3024; x_wconf 89' lang='lat' dir='ltr'><strong>modo</strong></span> <span class='ocrx_word' id='word_1_353' title='bbox 788 2969 974 3024; x_wconf 90' lang='lat' dir='ltr'><strong>salvus</strong></span> <span class='ocrx_word' id='word_1_354' title='bbox 1007 2983 1124 3023; x_wconf 91' lang='lat' dir='ltr'><strong>ero.</strong></span> <span class='ocrx_word' id='word_1_355' title='bbox 1176 2966 1266 3022; x_wconf 81' lang='lat' dir='ltr'><strong>Ait</strong></span> <span class='ocrx_word' id='word_1_356' title='bbox 1301 2981 1468 3022; x_wconf 88' lang='lat' dir='ltr'><strong>senex</strong></span> <span class='ocrx_word' id='word_1_357' title='bbox 1500 2985 1513 3022; x_wconf 91' lang='lat'><strong>:</strong></span> <span class='ocrx_word' id='word_1_358' title='bbox 1545 2965 1696 3021; x_wconf 82' lang='lat' dir='ltr'><strong>Vade</strong></span> <span class='ocrx_word' id='word_1_359' title='bbox 1728 2964 1795 3020; x_wconf 88' lang='lat' dir='ltr'><strong>ad</strong></span> <span class='ocrx_word' id='word_1_360' title='bbox 1827 2965 2013 3036; x_wconf 88' lang='lat' dir='ltr'><strong>sepul-</strong></span> 
     </span>
    </p>
   </div>
   <div class='ocr_carea' id='block_1_49' title="bbox 2109 1862 3695 1934">
    <p class='ocr_par' dir='ltr' id='par_1_49' title="bbox 2109 1862 3695 1934">
     <span class='ocr_line' id='line_1_49' title="bbox 2109 1862 3695 1934; baseline 0.001 -19"><span class='ocrx_word' id='word_1_361' title='bbox 2109 1862 2440 1916; x_wconf 76' lang='grc' dir='ltr'>ταπείνωσιν</span> <span class='ocrx_word' id='word_1_362' title='bbox 2481 1862 2668 1928; x_wconf 80' lang='grc' dir='ltr'>αὐτοῦ,</span> <span class='ocrx_word' id='word_1_363' title='bbox 2713 1862 2930 1932; x_wconf 76' lang='grc' dir='ltr'>ἐλεγενο</span> <span class='ocrx_word' id='word_1_364' title='bbox 2969 1862 3210 1931; x_wconf 81' lang='grc' dir='ltr'>’Υπαγε,</span> <span class='ocrx_word' id='word_1_365' title='bbox 3263 1862 3358 1915; x_wconf 77' lang='grc' dir='ltr'>καὶ</span> <span class='ocrx_word' id='word_1_366' title='bbox 3397 1862 3695 1934; x_wconf 85' lang='grc' dir='ltr'>νήστευσον</span> 
     </span>
    </p>
   </div>
   <div class='ocr_carea' id='block_1_50' title="bbox 2107 1949 3696 2028">
    <p class='ocr_par' dir='ltr' id='par_1_50' title="bbox 2107 1949 3696 2028">
     <span class='ocr_line' id='line_1_50' title="bbox 2107 1949 3696 2028; baseline -0.001 -20"><span class='ocrx_word' id='word_1_367' title='bbox 2107 1958 2258 2028; x_wconf 82' lang='grc' dir='ltr'>τρεῖς</span> <span class='ocrx_word' id='word_1_368' title='bbox 2285 1956 2604 2028; x_wconf 76' lang='grc' dir='ltr'>ἑϐδομάδας,</span> <span class='ocrx_word' id='word_1_369' title='bbox 2629 1957 2769 2011; x_wconf 88' lang='grc' dir='ltr'>κατά</span> <span class='ocrx_word' id='word_1_370' title='bbox 2794 1954 3062 2026; x_wconf 78' lang='grc' dir='ltr'>ἑϐδομάδα</span> <span class='ocrx_word' id='word_1_371' title='bbox 3083 1955 3298 2010; x_wconf 86' lang='grc' dir='ltr'>ἐσθίων.</span> <span class='ocrx_word' id='word_1_372' title='bbox 3323 1955 3471 2027; x_wconf 74' lang='grc' dir='ltr'>Αὕτη</span> <span class='ocrx_word' id='word_1_373' title='bbox 3498 1954 3604 2026; x_wconf 84' lang='grc' dir='ltr'><strong>γὰρ</strong></span> <span class='ocrx_word' id='word_1_374' title='bbox 3624 1949 3696 2026; x_wconf 76' lang='grc' dir='ltr'>ἦν</span> 
     </span>
    </p>
   </div>
   <div class='ocr_carea' id='block_1_51' title="bbox 2107 2047 3689 2120">
    <p class='ocr_par' dir='ltr' id='par_1_51' title="bbox 2107 2047 3689 2120">
     <span class='ocr_line' id='line_1_51' title="bbox 2107 2047 3689 2120; baseline 0.001 -19"><span class='ocrx_word' id='word_1_375' title='bbox 2107 2049 2142 2120; x_wconf 78' lang='grc' dir='ltr'><strong>ἡ</strong></span> <span class='ocrx_word' id='word_1_376' title='bbox 2169 2049 2401 2120; x_wconf 79' lang='grc' dir='ltr'>ἐργασία</span> <span class='ocrx_word' id='word_1_377' title='bbox 2439 2049 2602 2112; x_wconf 78' lang='grc' dir='ltr'>αὑτοῦ</span> <span class='ocrx_word' id='word_1_378' title='bbox 2632 2049 2886 2116; x_wconf 85' lang='grc' dir='ltr'>πάντοτε,</span> <span class='ocrx_word' id='word_1_379' title='bbox 2922 2048 3022 2113; x_wconf 81' lang='grc' dir='ltr'><strong>τὰς</strong></span> <span class='ocrx_word' id='word_1_380' title='bbox 3058 2049 3358 2120; x_wconf 77' lang='grc' dir='ltr'>ἑϐδομάδας</span> <span class='ocrx_word' id='word_1_381' title='bbox 3390 2047 3689 2120; x_wconf 80' lang='grc' dir='ltr'>νηστεύειν.</span> 
     </span>
    </p>
   </div>
   <div class='ocr_carea' id='block_1_52' title="bbox 2183 2137 3694 2212">
    <p class='ocr_par' dir='ltr' id='par_1_52' title="bbox 2183 2137 3694 2212">
     <span class='ocr_line' id='line_1_52' title="bbox 2183 2137 3694 2212; baseline -0.002 -17"><span class='ocrx_word' id='word_1_382' title='bbox 2183 2141 2289 2195; x_wconf 77' lang='grc' dir='ltr'>κδ’.</span> <span class='ocrx_word' id='word_1_383' title='bbox 2319 2137 2486 2196; x_wconf 72' lang='grc' dir='ltr'>Εἶπεν</span> <span class='ocrx_word' id='word_1_384' title='bbox 2511 2143 2539 2194; x_wconf 96' lang='lat'><strong>6</strong></span> <span class='ocrx_word' id='word_1_385' title='bbox 2563 2140 2738 2206; x_wconf 77' lang='grc' dir='ltr'>άδϐἆς</span> <span class='ocrx_word' id='word_1_386' title='bbox 2769 2142 3011 2212; x_wconf 84' lang='grc' dir='ltr'>Μωῠσῆς</span> <span class='ocrx_word' id='word_1_387' title='bbox 3034 2141 3112 2212; x_wconf 82' lang='grc' dir='ltr'><strong>τῷ</strong></span> <span class='ocrx_word' id='word_1_388' title='bbox 3137 2141 3280 2212; x_wconf 73' lang='grc' dir='ltr'><strong>ἀϐϐᾷ</strong></span> <span class='ocrx_word' id='word_1_389' title='bbox 3313 2139 3587 2210; x_wconf 86' lang='grc' dir='ltr'>Μακαρίῳ</span> <span class='ocrx_word' id='word_1_390' title='bbox 3613 2141 3694 2203; x_wconf 80' lang='grc' dir='ltr'><strong>είς</strong></span> 
     </span>
    </p>
   </div>
   <div class='ocr_carea' id='block_1_53' title="bbox 2111 2232 3695 2307">
    <p class='ocr_par' dir='ltr' id='par_1_53' title="bbox 2111 2232 3695 2307">
     <span class='ocr_line' id='line_1_53' title="bbox 2111 2232 3695 2307; baseline -0.003 -18"><span class='ocrx_word' id='word_1_391' title='bbox 2111 2236 2338 2307; x_wconf 84' lang='grc' dir='ltr'>Σκῆτιν·</span> <span class='ocrx_word' id='word_1_392' title='bbox 2363 2234 2513 2289; x_wconf 84' lang='grc' dir='ltr'>Θέλω</span> <span class='ocrx_word' id='word_1_393' title='bbox 2546 2235 2844 2306; x_wconf 82' lang='grc' dir='ltr'>ἡσυχάσαι,</span> <span class='ocrx_word' id='word_1_394' title='bbox 2872 2235 2965 2288; x_wconf 77' lang='grc' dir='ltr'><strong>καὶ</strong></span> <span class='ocrx_word' id='word_1_395' title='bbox 2996 2235 3097 2288; x_wconf 83' lang='grc' dir='ltr'><strong>οὐκ</strong></span> <span class='ocrx_word' id='word_1_396' title='bbox 3129 2233 3346 2303; x_wconf 73' lang='grc' dir='ltr'>ἀφιοῦσί</span> <span class='ocrx_word' id='word_1_397' title='bbox 3375 2249 3443 2305; x_wconf 86' lang='grc' dir='ltr'><strong>με</strong></span> <span class='ocrx_word' id='word_1_398' title='bbox 3467 2235 3514 2286; x_wconf 77' lang='lat' dir='ltr'><strong>oi</strong></span> <span class='ocrx_word' id='word_1_399' title='bbox 3542 2232 3695 2286; x_wconf 79' lang='grc' dir='ltr'>ἀδελ-</span> 
     </span>
    </p>
   </div>
   <div class='ocr_carea' id='block_1_54' title="bbox 2112 2323 3694 2399">
    <p class='ocr_par' dir='ltr' id='par_1_54' title="bbox 2112 2323 3694 2399">
     <span class='ocr_line' id='line_1_54' title="bbox 2112 2323 3694 2399; baseline -0.003 -19"><span class='ocrx_word' id='word_1_400' title='bbox 2112 2327 2222 2397; x_wconf 88' lang='grc' dir='ltr'>φοί.</span> <span class='ocrx_word' id='word_1_401' title='bbox 2255 2327 2366 2380; x_wconf 73' lang='grc' dir='ltr'><strong>Καὶ</strong></span> <span class='ocrx_word' id='word_1_402' title='bbox 2395 2325 2542 2396; x_wconf 89' lang='grc' dir='ltr'>λέγει</span> <span class='ocrx_word' id='word_1_403' title='bbox 2577 2326 2728 2398; x_wconf 80' lang='grc' dir='ltr'>αὐτῷ</span> <span class='ocrx_word' id='word_1_404' title='bbox 2763 2329 2791 2381; x_wconf 91' lang='lat'><strong>6</strong></span> <span class='ocrx_word' id='word_1_405' title='bbox 2816 2327 2992 2391; x_wconf 85' lang='grc' dir='ltr'>ἀ66ἄς</span> <span class='ocrx_word' id='word_1_406' title='bbox 3023 2327 3309 2399; x_wconf 84' lang='grc' dir='ltr'>Μακάριος</span> <span class='ocrx_word' id='word_1_407' title='bbox 3332 2341 3345 2354; x_wconf 92' lang='grc'><strong>·</strong></span> <span class='ocrx_word' id='word_1_408' title='bbox 3380 2323 3584 2395; x_wconf 88' lang='grc' dir='ltr'>Θεωρῶ</span> <span class='ocrx_word' id='word_1_409' title='bbox 3611 2323 3694 2377; x_wconf 83' lang='grc' dir='ltr'>ὅτι</span> 
     </span>
    </p>
   </div>
   <div class='ocr_carea' id='block_1_55' title="bbox 2108 2415 3696 2488">
    <p class='ocr_par' dir='ltr' id='par_1_55' title="bbox 2108 2415 3696 2488">
     <span class='ocr_line' id='line_1_55' title="bbox 2108 2415 3696 2488; baseline -0.001 -19"><span class='ocrx_word' id='word_1_410' title='bbox 2108 2418 2143 2486; x_wconf 77' lang='grc' dir='ltr'>ὴ</span> <span class='ocrx_word' id='word_1_411' title='bbox 2175 2415 2339 2486; x_wconf 83' lang='grc' dir='ltr'>φύσις</span> <span class='ocrx_word' id='word_1_412' title='bbox 2369 2433 2462 2471; x_wconf 84' lang='grc' dir='ltr'>σου</span> <span class='ocrx_word' id='word_1_413' title='bbox 2483 2417 2666 2488; x_wconf 80' lang='grc' dir='ltr'>ἀπαλή</span> <span class='ocrx_word' id='word_1_414' title='bbox 2698 2419 2834 2478; x_wconf 86' lang='grc' dir='ltr'>ἐστι.</span> <span class='ocrx_word' id='word_1_415' title='bbox 2865 2418 2962 2472; x_wconf 76' lang='grc' dir='ltr'><strong>καὶ</strong></span> <span class='ocrx_word' id='word_1_416' title='bbox 2985 2417 3047 2470; x_wconf 83' lang='grc' dir='ltr'>οὐ</span> <span class='ocrx_word' id='word_1_417' title='bbox 3085 2417 3314 2471; x_wconf 76' lang='grc' dir='ltr'>δύνασαι</span> <span class='ocrx_word' id='word_1_418' title='bbox 3339 2415 3696 2486; x_wconf 77' lang='grc' dir='ltr'>ἀποστρέψαι</span> 
     </span>
    </p>
   </div>
   <div class='ocr_carea' id='block_1_56' title="bbox 2111 2507 3696 2582">
    <p class='ocr_par' dir='ltr' id='par_1_56' title="bbox 2111 2507 3696 2582">
     <span class='ocr_line' id='line_1_56' title="bbox 2111 2507 3696 2582; baseline -0.001 -21"><span class='ocrx_word' id='word_1_419' title='bbox 2111 2507 2376 2578; x_wconf 73' lang='grc' dir='ltr'>ἀδελφὸνο</span> <span class='ocrx_word' id='word_1_420' title='bbox 2407 2508 2523 2563; x_wconf 83' lang='grc' dir='ltr'>ἀλλ’</span> <span class='ocrx_word' id='word_1_421' title='bbox 2571 2508 2669 2563; x_wconf 86' lang='grc' dir='ltr'>ἐὰν</span> <span class='ocrx_word' id='word_1_422' title='bbox 2700 2508 2862 2582; x_wconf 79' lang='grc' dir='ltr'>θέλῃς</span> <span class='ocrx_word' id='word_1_423' title='bbox 2911 2510 3205 2581; x_wconf 77' lang='grc' dir='ltr'>ἡσυχάσαι,</span> <span class='ocrx_word' id='word_1_424' title='bbox 3253 2507 3430 2576; x_wconf 79' lang='grc' dir='ltr'>ὕπαγε</span> <span class='ocrx_word' id='word_1_425' title='bbox 3486 2509 3566 2571; x_wconf 83' lang='grc' dir='ltr'><strong>είς</strong></span> <span class='ocrx_word' id='word_1_426' title='bbox 3594 2507 3696 2580; x_wconf 80' lang='grc' dir='ltr'>τὴν</span> 
     </span>
    </p>
   </div>
   <div class='ocr_carea' id='block_1_57' title="bbox 2111 2598 3696 2672">
    <p class='ocr_par' dir='ltr' id='par_1_57' title="bbox 2111 2598 3696 2672">
     <span class='ocr_line' id='line_1_57' title="bbox 2111 2598 3696 2672; baseline 0.001 -21"><span class='ocrx_word' id='word_1_427' title='bbox 2111 2599 2318 2670; x_wconf 77' lang='grc' dir='ltr'>ἔρημον</span> <span class='ocrx_word' id='word_1_428' title='bbox 2361 2598 2470 2652; x_wconf 82' lang='grc' dir='ltr'><strong>έσω</strong></span> <span class='ocrx_word' id='word_1_429' title='bbox 2499 2601 2580 2664; x_wconf 89' lang='grc' dir='ltr'><strong>είς</strong></span> <span class='ocrx_word' id='word_1_430' title='bbox 2617 2601 2718 2672; x_wconf 81' lang='grc' dir='ltr'><strong>τὴν</strong></span> <span class='ocrx_word' id='word_1_431' title='bbox 2768 2602 3004 2672; x_wconf 83' lang='grc' dir='ltr'>Πέτραν,</span> <span class='ocrx_word' id='word_1_432' title='bbox 3035 2602 3199 2655; x_wconf 84' lang='grc' dir='ltr'>κάκεῖ</span> <span class='ocrx_word' id='word_1_433' title='bbox 3232 2599 3546 2672; x_wconf 75' lang='grc' dir='ltr'>ἡσυχάζεις.</span> <span class='ocrx_word' id='word_1_434' title='bbox 3584 2599 3696 2654; x_wconf 80' lang='lat' dir='ltr'><strong>Kai.</strong></span> 
     </span>
    </p>
   </div>
   <div class='ocr_carea' id='block_1_58' title="bbox 2111 2691 2945 2764">
    <p class='ocr_par' dir='ltr' id='par_1_58' title="bbox 2111 2691 2945 2764">
     <span class='ocr_line' id='line_1_58' title="bbox 2111 2691 2945 2764; baseline 0.004 -20"><span class='ocrx_word' id='word_1_435' title='bbox 2111 2691 2271 2744; x_wconf 77' lang='grc' dir='ltr'>τοῦτο</span> <span class='ocrx_word' id='word_1_436' title='bbox 2299 2692 2546 2763; x_wconf 83' lang='grc' dir='ltr'>ἐποίησε,</span> <span class='ocrx_word' id='word_1_437' title='bbox 2583 2694 2680 2747; x_wconf 76' lang='grc' dir='ltr'>καὶ</span> <span class='ocrx_word' id='word_1_438' title='bbox 2711 2694 2945 2764; x_wconf 71' lang='grc' dir='ltr'>ἁνεπάη.</span> 
     </span>
    </p>
   </div>
   <div class='ocr_carea' id='block_1_59' title="bbox 2182 2780 3695 2856">
    <p class='ocr_par' dir='ltr' id='par_1_59' title="bbox 2182 2780 3695 2856">
     <span class='ocr_line' id='line_1_59' title="bbox 2182 2780 3695 2856; baseline 0 -20"><span class='ocrx_word' id='word_1_439' title='bbox 2182 2789 2290 2852; x_wconf 90' lang='grc' dir='ltr'><strong>κγ’.</strong></span> <span class='ocrx_word' id='word_1_440' title='bbox 2353 2783 2607 2854; x_wconf 78' lang='grc' dir='ltr'>Ἀδελφὺς</span> <span class='ocrx_word' id='word_1_441' title='bbox 2655 2783 2930 2856; x_wconf 79' lang='grc' dir='ltr'>παρέϐαλε</span> <span class='ocrx_word' id='word_1_442' title='bbox 2977 2785 3057 2855; x_wconf 84' lang='grc' dir='ltr'>τῷ</span> <span class='ocrx_word' id='word_1_443' title='bbox 3096 2783 3239 2855; x_wconf 75' lang='grc' dir='ltr'>ἀϐδᾷ</span> <span class='ocrx_word' id='word_1_444' title='bbox 3292 2781 3563 2854; x_wconf 81' lang='grc' dir='ltr'>Μακαρίῳ</span> <span class='ocrx_word' id='word_1_445' title='bbox 3615 2780 3695 2854; x_wconf 76' lang='grc' dir='ltr'>τῷ</span> 
     </span>
    </p>
   </div>
   <div class='ocr_carea' id='block_1_60' title="bbox 2111 2874 3695 2947">
    <p class='ocr_par' dir='ltr' id='par_1_60' title="bbox 2111 2874 3695 2947">
     <span class='ocr_line' id='line_1_60' title="bbox 2111 2874 3695 2947; baseline -0.001 -20"><span class='ocrx_word' id='word_1_446' title='bbox 2111 2874 2411 2946; x_wconf 72' lang='grc' dir='ltr'>Αἰγυπτίῳ,</span> <span class='ocrx_word' id='word_1_447' title='bbox 2452 2875 2547 2928; x_wconf 74' lang='grc' dir='ltr'><strong>καὶ</strong></span> <span class='ocrx_word' id='word_1_448' title='bbox 2586 2875 2738 2944; x_wconf 87' lang='grc' dir='ltr'>λέγει</span> <span class='ocrx_word' id='word_1_449' title='bbox 2781 2875 2962 2947; x_wconf 79' lang='grc' dir='ltr'>αὐτῷ·</span> <span class='ocrx_word' id='word_1_450' title='bbox 3025 2875 3213 2938; x_wconf 76' lang='grc' dir='ltr'><strong>Ἀϐϐᾶ,</strong></span> <span class='ocrx_word' id='word_1_451' title='bbox 3251 2875 3374 2930; x_wconf 87' lang='grc' dir='ltr'>είπέ</span> <span class='ocrx_word' id='word_1_452' title='bbox 3421 2891 3510 2946; x_wconf 88' lang='grc' dir='ltr'><strong>μοι</strong></span> <span class='ocrx_word' id='word_1_453' title='bbox 3542 2874 3695 2944; x_wconf 78' lang='grc' dir='ltr'><strong>ῥῆμα</strong></span> 
     </span>
    </p>
   </div>
   <div class='ocr_carea' id='block_1_61' title="bbox 2114 2964 3694 3040">
    <p class='ocr_par' dir='ltr' id='par_1_61' title="bbox 2114 2964 3694 3040">
     <span class='ocr_line' id='line_1_61' title="bbox 2114 2964 3694 3040; baseline -0.001 -22"><span class='ocrx_word' id='word_1_454' title='bbox 2114 2965 2233 3029; x_wconf 93' lang='grc' dir='ltr'><strong>πῶς</strong></span> <span class='ocrx_word' id='word_1_455' title='bbox 2264 2965 2441 3020; x_wconf 86' lang='grc' dir='ltr'>σωθῶ.</span> <span class='ocrx_word' id='word_1_456' title='bbox 2475 2967 2586 3020; x_wconf 75' lang='grc' dir='ltr'><strong>Καὶ</strong></span> <span class='ocrx_word' id='word_1_457' title='bbox 2609 2966 2758 3036; x_wconf 84' lang='grc' dir='ltr'>λέγει</span> <span class='ocrx_word' id='word_1_458' title='bbox 2797 2968 2826 3020; x_wconf 92' lang='lat'><strong>6</strong></span> <span class='ocrx_word' id='word_1_459' title='bbox 2859 2968 3041 3040; x_wconf 87' lang='grc' dir='ltr'>γέρων</span> <span class='ocrx_word' id='word_1_460' title='bbox 3063 2985 3074 2997; x_wconf 92' lang='grc'><strong>·</strong></span> <span class='ocrx_word' id='word_1_461' title='bbox 3112 2967 3332 3036; x_wconf 79' lang='grc' dir='ltr'>’Υπαγε</span> <span class='ocrx_word' id='word_1_462' title='bbox 3361 2966 3441 3028; x_wconf 85' lang='grc' dir='ltr'>εἰς</span> <span class='ocrx_word' id='word_1_463' title='bbox 3468 2964 3528 3018; x_wconf 83' lang='grc' dir='ltr'><strong>τὸ</strong></span> <span class='ocrx_word' id='word_1_464' title='bbox 3559 2983 3694 3036; x_wconf 87' lang='grc' dir='ltr'>μνη-</span> 
     </span>
    </p>
   </div>
   <div class='ocr_carea' id='block_1_62' title="bbox 423 3051 2009 3156">
    <p class='ocr_par' dir='ltr' id='par_1_62' title="bbox 423 3057 2009 3131">
     <span class='ocr_line' id='line_1_62' title="bbox 423 3057 2009 3131; baseline -0.003 -13"><span class='ocrx_word' id='word_1_465' title='bbox 423 3078 623 3131; x_wconf 91' lang='lat' dir='ltr'><strong>crum,</strong></span> <span class='ocrx_word' id='word_1_466' title='bbox 694 3071 746 3118; x_wconf 87' lang='lat' dir='ltr'><strong>et</strong></span> <span class='ocrx_word' id='word_1_467' title='bbox 821 3061 1128 3118; x_wconf 81' lang='lat' dir='ltr'><strong>maledictis</strong></span> <span class='ocrx_word' id='word_1_468' title='bbox 1200 3067 1449 3116; x_wconf 91' lang='lat' dir='ltr'><strong>mortuos</strong></span> <span class='ocrx_word' id='word_1_469' title='bbox 1519 3059 1740 3129; x_wconf 90' lang='lat' dir='ltr'><strong>impete.</strong></span> <span class='ocrx_word' id='word_1_470' title='bbox 1807 3057 2009 3113; x_wconf 84' lang='lat' dir='ltr'><strong>Abiens</strong></span> 
     </span>
    </p>
   </div>
   <div class='ocr_carea' id='block_1_63' title="bbox 2116 3051 3694 3156">
    <p class='ocr_par' dir='ltr' id='par_1_63' title="bbox 2118 3051 3694 3130">
     <span class='ocr_line' id='line_1_63' title="bbox 2118 3051 3694 3130; baseline -0.001 -21"><span class='ocrx_word' id='word_1_471' title='bbox 2118 3059 2288 3128; x_wconf 88' lang='grc' dir='ltr'>μεῖον,</span> <span class='ocrx_word' id='word_1_472' title='bbox 2331 3058 2425 3112; x_wconf 75' lang='grc' dir='ltr'>καὶ</span> <span class='ocrx_word' id='word_1_473' title='bbox 2468 3056 2690 3129; x_wconf 78' lang='grc' dir='ltr'>ὖόρισον</span> <span class='ocrx_word' id='word_1_474' title='bbox 2729 3057 2858 3122; x_wconf 78' lang='grc' dir='ltr'>τοὺς</span> <span class='ocrx_word' id='word_1_475' title='bbox 2915 3058 3162 3130; x_wconf 85' lang='grc' dir='ltr'>νεκρούς.</span> <span class='ocrx_word' id='word_1_476' title='bbox 3219 3053 3495 3110; x_wconf 85' lang='grc' dir='ltr'>Ἀπελθῶν</span> <span class='ocrx_word' id='word_1_477' title='bbox 3539 3051 3633 3109; x_wconf 81' lang='grc' dir='ltr'>οὖν</span> <span class='ocrx_word' id='word_1_478' title='bbox 3665 3055 3694 3108; x_wconf 88' lang='lat'><strong>6</strong></span> 
     </span>
    </p>
   </div>
   <div class='ocr_carea' id='block_1_64' title="bbox 424 3148 2008 3227">
    <p class='ocr_par' dir='ltr' id='par_1_64' title="bbox 424 3148 2008 3227">
     <span class='ocr_line' id='line_1_64' title="bbox 424 3148 2008 3227; baseline -0.004 -18"><span class='ocrx_word' id='word_1_479' title='bbox 424 3155 593 3227; x_wconf 80' lang='lat' dir='ltr'><strong>igitur</strong></span> <span class='ocrx_word' id='word_1_480' title='bbox 651 3155 865 3221; x_wconf 89' lang='lat' dir='ltr'><strong>frater,</strong></span> <span class='ocrx_word' id='word_1_481' title='bbox 923 3153 1189 3210; x_wconf 83' lang='lat' dir='ltr'><strong>conviciis</strong></span> <span class='ocrx_word' id='word_1_482' title='bbox 1248 3160 1303 3206; x_wconf 90' lang='lat' dir='ltr'><strong>et</strong></span> <span class='ocrx_word' id='word_1_483' title='bbox 1373 3148 1647 3220; x_wconf 91' lang='lat' dir='ltr'><strong>lapidibus</strong></span> <span class='ocrx_word' id='word_1_484' title='bbox 1725 3148 2008 3219; x_wconf 90' lang='lat' dir='ltr'><strong>appetiit;</strong></span> 
     </span>
    </p>
   </div>
   <div class='ocr_carea' id='block_1_65' title="bbox 426 3239 2009 3316">
    <p class='ocr_par' dir='ltr' id='par_1_65' title="bbox 426 3239 2009 3316">
     <span class='ocr_line' id='line_1_65' title="bbox 426 3239 2009 3316; baseline -0.003 -18"><span class='ocrx_word' id='word_1_485' title='bbox 426 3261 793 3316; x_wconf 88' lang='lat' dir='ltr'><strong>reversusque</strong></span> <span class='ocrx_word' id='word_1_486' title='bbox 863 3244 1210 3300; x_wconf 87' lang='lat' dir='ltr'><strong>annuntiavit</strong></span> <span class='ocrx_word' id='word_1_487' title='bbox 1269 3241 1408 3297; x_wconf 85' lang='lat' dir='ltr'><strong>seni.</strong></span> <span class='ocrx_word' id='word_1_488' title='bbox 1475 3239 1678 3305; x_wconf 67' lang='lat' dir='ltr'><strong>Quaerit</strong></span> <span class='ocrx_word' id='word_1_489' title='bbox 1741 3239 1811 3292; x_wconf 91' lang='lat' dir='ltr'><strong>ab</strong></span> <span class='ocrx_word' id='word_1_490' title='bbox 1871 3253 1938 3294; x_wconf 93' lang='lat' dir='ltr'><strong>eo</strong></span> <span class='ocrx_word' id='word_1_491' title='bbox 1995 3255 2009 3293; x_wconf 92' lang='lat'><strong>:</strong></span> 
     </span>
    </p>
   </div>
   <div class='ocr_carea' id='block_1_66' title="bbox 423 3332 2012 3396">
    <p class='ocr_par' dir='ltr' id='par_1_66' title="bbox 423 3332 2012 3396">
     <span class='ocr_line' id='line_1_66' title="bbox 423 3332 2012 3396; baseline -0.004 -3"><span class='ocrx_word' id='word_1_492' title='bbox 423 3339 642 3396; x_wconf 84' lang='lat' dir='ltr'><strong>Nihilne</strong></span> <span class='ocrx_word' id='word_1_493' title='bbox 695 3340 794 3396; x_wconf 77' lang='lat' dir='ltr'><strong>tibi</strong></span> <span class='ocrx_word' id='word_1_494' title='bbox 841 3339 1010 3394; x_wconf 88' lang='lat' dir='ltr'><strong>locuti</strong></span> <span class='ocrx_word' id='word_1_495' title='bbox 1056 3338 1224 3394; x_wconf 86' lang='lat' dir='ltr'><strong>sunt?</strong></span> <span class='ocrx_word' id='word_1_496' title='bbox 1265 3335 1392 3391; x_wconf 89' lang='lat' dir='ltr'><strong>Ille:</strong></span> <span class='ocrx_word' id='word_1_497' title='bbox 1422 3333 1591 3390; x_wconf 86' lang='lat' dir='ltr'><strong>Nihil.</strong></span> <span class='ocrx_word' id='word_1_498' title='bbox 1651 3332 1791 3388; x_wconf 83' lang='lat' dir='ltr'><strong>Tum</strong></span> <span class='ocrx_word' id='word_1_499' title='bbox 1843 3348 2012 3388; x_wconf 88' lang='lat' dir='ltr'><strong>senex</strong></span> 
     </span>
    </p>
   </div>
   <div class='ocr_carea' id='block_1_67' title="bbox 425 3425 2012 3504">
    <p class='ocr_par' dir='ltr' id='par_1_67' title="bbox 425 3425 2012 3504">
     <span class='ocr_line' id='line_1_67' title="bbox 425 3425 2012 3504; baseline -0.003 -18"><span class='ocrx_word' id='word_1_500' title='bbox 425 3433 606 3504; x_wconf 87' lang='lat' dir='ltr'><strong>inquit</strong></span> <span class='ocrx_word' id='word_1_501' title='bbox 662 3449 677 3488; x_wconf 92' lang='lat'><strong>:</strong></span> <span class='ocrx_word' id='word_1_502' title='bbox 732 3429 932 3486; x_wconf 84' lang='lat' dir='ltr'><strong>lterum</strong></span> <span class='ocrx_word' id='word_1_503' title='bbox 975 3429 1324 3501; x_wconf 79' lang='lat' dir='ltr'><strong>proficiscere</strong></span> <span class='ocrx_word' id='word_1_504' title='bbox 1388 3440 1553 3495; x_wconf 90' lang='lat' dir='ltr'><strong>cras,</strong></span> <span class='ocrx_word' id='word_1_505' title='bbox 1603 3425 1858 3487; x_wconf 86' lang='lat' dir='ltr'><strong>laudibus</strong></span> <span class='ocrx_word' id='word_1_506' title='bbox 1917 3439 2012 3481; x_wconf 91' lang='lat' dir='ltr'><strong>eos</strong></span> 
     </span>
    </p>
   </div>
   <div class='ocr_carea' id='block_1_68' title="bbox 422 3516 2014 3593">
    <p class='ocr_par' dir='ltr' id='par_1_68' title="bbox 422 3516 2014 3593">
     <span class='ocr_line' id='line_1_68' title="bbox 422 3516 2014 3593; baseline -0.006 -15"><span class='ocrx_word' id='word_1_507' title='bbox 422 3523 578 3579; x_wconf 78' lang='lat' dir='ltr'><strong>etfer.</strong></span> <span class='ocrx_word' id='word_1_508' title='bbox 629 3521 868 3593; x_wconf 84' lang='lat' dir='ltr'><strong>Pergens</strong></span> <span class='ocrx_word' id='word_1_509' title='bbox 915 3521 1101 3592; x_wconf 88' lang='lat' dir='ltr'><strong>itaque</strong></span> <span class='ocrx_word' id='word_1_510' title='bbox 1143 3519 1332 3587; x_wconf 87' lang='lat' dir='ltr'><strong>frater,</strong></span> <span class='ocrx_word' id='word_1_511' title='bbox 1383 3516 1718 3574; x_wconf 87' lang='lat' dir='ltr'><strong>collaudavit</strong></span> <span class='ocrx_word' id='word_1_512' title='bbox 1753 3529 1872 3581; x_wconf 90' lang='lat' dir='ltr'><strong>eos,</strong></span> <span class='ocrx_word' id='word_1_513' title='bbox 1917 3531 2014 3571; x_wconf 84' lang='lat' dir='ltr'><strong>vo-</strong></span> 
     </span>
    </p>
   </div>
   <div class='ocr_carea' id='block_1_69' title="bbox 423 3607 1999 3684">
    <p class='ocr_par' dir='ltr' id='par_1_69' title="bbox 423 3607 1999 3684">
     <span class='ocr_line' id='line_1_69' title="bbox 423 3607 1999 3684; baseline -0.007 -14"><span class='ocrx_word' id='word_1_514' title='bbox 423 3631 560 3670; x_wconf 76' lang='lat' dir='ltr'><strong>cans</strong></span> <span class='ocrx_word' id='word_1_515' title='bbox 598 3631 612 3668; x_wconf 92' lang='lat'><strong>:</strong></span> <span class='ocrx_word' id='word_1_516' title='bbox 662 3613 930 3684; x_wconf 85' lang='lat' dir='ltr'><strong>Apostoli,</strong></span> <span class='ocrx_word' id='word_1_517' title='bbox 980 3610 1180 3676; x_wconf 86' lang='lat' dir='ltr'><strong>sancti,</strong></span> <span class='ocrx_word' id='word_1_518' title='bbox 1214 3611 1371 3683; x_wconf 82' lang='lat' dir='ltr'><strong>justi.</strong></span> <span class='ocrx_word' id='word_1_519' title='bbox 1418 3609 1557 3664; x_wconf 86' lang='lat' dir='ltr'><strong>Tum</strong></span> <span class='ocrx_word' id='word_1_520' title='bbox 1610 3607 1746 3662; x_wconf 91' lang='lat' dir='ltr'><strong>adiit</strong></span> <span class='ocrx_word' id='word_1_521' title='bbox 1787 3621 1999 3670; x_wconf 88' lang='lat' dir='ltr'><strong>senem,</strong></span> 
     </span>
    </p>
   </div>
   <div class='ocr_carea' id='block_1_70' title="bbox 424 3696 2013 3776">
    <p class='ocr_par' dir='ltr' id='par_1_70' title="bbox 424 3696 2013 3776">
     <span class='ocr_line' id='line_1_70' title="bbox 424 3696 2013 3776; baseline -0.004 -20"><span class='ocrx_word' id='word_1_522' title='bbox 424 3706 670 3776; x_wconf 66' lang='lat' dir='ltr'><strong>dixitque</strong></span> <span class='ocrx_word' id='word_1_523' title='bbox 697 3722 711 3759; x_wconf 93' lang='lat'><strong>:</strong></span> <span class='ocrx_word' id='word_1_524' title='bbox 741 3703 1004 3758; x_wconf 88' lang='lat' dir='ltr'><strong>Laudavi.</strong></span> <span class='ocrx_word' id='word_1_525' title='bbox 1037 3701 1130 3757; x_wconf 91' lang='lat' dir='ltr'><strong>Ille</strong></span> <span class='ocrx_word' id='word_1_526' title='bbox 1158 3701 1207 3757; x_wconf 93' lang='lat' dir='ltr'><strong>ei</strong></span> <span class='ocrx_word' id='word_1_527' title='bbox 1237 3717 1250 3753; x_wconf 91' lang='lat'><strong>:</strong></span> <span class='ocrx_word' id='word_1_528' title='bbox 1286 3699 1433 3754; x_wconf 85' lang='lat' dir='ltr'><strong>Nihil</strong></span> <span class='ocrx_word' id='word_1_529' title='bbox 1463 3699 1562 3754; x_wconf 91' lang='lat' dir='ltr'><strong>tibi</strong></span> <span class='ocrx_word' id='word_1_530' title='bbox 1578 3696 2013 3769; x_wconf 80' lang='lat' dir='ltr'><strong>responderunt?</strong></span> 
     </span>
    </p>
   </div>
   <div class='ocr_carea' id='block_1_71' title="bbox 425 3785 2010 3849">
    <p class='ocr_par' dir='ltr' id='par_1_71' title="bbox 425 3785 2010 3849">
     <span class='ocr_line' id='line_1_71' title="bbox 425 3785 2010 3849; baseline -0.005 -1"><span class='ocrx_word' id='word_1_531' title='bbox 425 3793 616 3849; x_wconf 86' lang='lat' dir='ltr'><strong>Frater</strong></span> <span class='ocrx_word' id='word_1_532' title='bbox 661 3811 673 3846; x_wconf 93' lang='lat'><strong>:</strong></span> <span class='ocrx_word' id='word_1_533' title='bbox 724 3793 880 3848; x_wconf 89' lang='lat' dir='ltr'><strong>Nullo</strong></span> <span class='ocrx_word' id='word_1_534' title='bbox 925 3791 1110 3848; x_wconf 90' lang='lat' dir='ltr'><strong>modo.</strong></span> <span class='ocrx_word' id='word_1_535' title='bbox 1159 3789 1316 3845; x_wconf 82' lang='lat' dir='ltr'><strong>Tunc</strong></span> <span class='ocrx_word' id='word_1_536' title='bbox 1385 3804 1553 3846; x_wconf 86' lang='lat' dir='ltr'><strong>senex</strong></span> <span class='ocrx_word' id='word_1_537' title='bbox 1617 3787 1738 3843; x_wconf 85' lang='lat' dir='ltr'><strong>infit</strong></span> <span class='ocrx_word' id='word_1_538' title='bbox 1784 3805 1798 3842; x_wconf 91' lang='lat'><strong>:</strong></span> <span class='ocrx_word' id='word_1_539' title='bbox 1854 3785 2010 3841; x_wconf 90' lang='lat' dir='ltr'><strong>Nosti</strong></span> 
     </span>
    </p>
   </div>
   <div class='ocr_carea' id='block_1_72' title="bbox 424 3877 2010 3960">
    <p class='ocr_par' dir='ltr' id='par_1_72' title="bbox 424 3877 2010 3960">
     <span class='ocr_line' id='line_1_72' title="bbox 424 3877 2010 3960; baseline -0.009 -17"><span class='ocrx_word' id='word_1_540' title='bbox 424 3887 650 3960; x_wconf 88' lang='lat' dir='ltr'><strong>quantis</strong></span> <span class='ocrx_word' id='word_1_541' title='bbox 699 3901 792 3942; x_wconf 88' lang='lat' dir='ltr'><strong>eos</strong></span> <span class='ocrx_word' id='word_1_542' title='bbox 841 3882 1195 3939; x_wconf 83' lang='lat' dir='ltr'><strong>contumeliis</strong></span> <span class='ocrx_word' id='word_1_543' title='bbox 1245 3880 1512 3945; x_wconf 79' lang='lat' dir='ltr'><strong>atfeceris,</strong></span> <span class='ocrx_word' id='word_1_544' title='bbox 1561 3894 1664 3934; x_wconf 90' lang='lat' dir='ltr'><strong>nec</strong></span> <span class='ocrx_word' id='word_1_545' title='bbox 1709 3877 2010 3949; x_wconf 91' lang='lat' dir='ltr'><strong>quidquam</strong></span> 
     </span>
    </p>
   </div>
   <div class='ocr_carea' id='block_1_73' title="bbox 427 3970 2012 4050">
    <p class='ocr_par' dir='ltr' id='par_1_73' title="bbox 427 3970 2012 4050">
     <span class='ocr_line' id='line_1_73' title="bbox 427 3970 2012 4050; baseline -0.007 -17"><span class='ocrx_word' id='word_1_546' title='bbox 427 3985 789 4050; x_wconf 88' lang='lat' dir='ltr'><strong>reposuerunt</strong></span> <span class='ocrx_word' id='word_1_547' title='bbox 826 3977 951 4043; x_wconf 86' lang='lat' dir='ltr'><strong>tibi;</strong></span> <span class='ocrx_word' id='word_1_548' title='bbox 986 3977 1276 4045; x_wconf 88' lang='lat' dir='ltr'><strong>etquantis</strong></span> <span class='ocrx_word' id='word_1_549' title='bbox 1312 3972 1534 4030; x_wconf 88' lang='lat' dir='ltr'><strong>eosdem</strong></span> <span class='ocrx_word' id='word_1_550' title='bbox 1560 3970 1819 4026; x_wconf 90' lang='lat' dir='ltr'><strong>laudibus</strong></span> <span class='ocrx_word' id='word_1_551' title='bbox 1845 3983 2012 4024; x_wconf 89' lang='lat' dir='ltr'><strong>orna-</strong></span> 
     </span>
    </p>
   </div>
   <div class='ocr_carea' id='block_1_74' title="bbox 424 4061 2004 4142">
    <p class='ocr_par' dir='ltr' id='par_1_74' title="bbox 424 4061 2004 4142">
     <span class='ocr_line' id='line_1_74' title="bbox 424 4061 2004 4142; baseline -0.009 -14"><span class='ocrx_word' id='word_1_552' title='bbox 424 4073 592 4140; x_wconf 85' lang='lat' dir='ltr'><strong>veris,</strong></span> <span class='ocrx_word' id='word_1_553' title='bbox 626 4071 875 4142; x_wconf 89' lang='lat' dir='ltr'><strong>nihilque</strong></span> <span class='ocrx_word' id='word_1_554' title='bbox 905 4067 974 4124; x_wconf 91' lang='lat' dir='ltr'><strong>ad</strong></span> <span class='ocrx_word' id='word_1_555' title='bbox 1013 4075 1064 4123; x_wconf 91' lang='lat' dir='ltr'><strong>te</strong></span> <span class='ocrx_word' id='word_1_556' title='bbox 1091 4065 1362 4138; x_wconf 91' lang='lat' dir='ltr'><strong>prolocuti</strong></span> <span class='ocrx_word' id='word_1_557' title='bbox 1395 4072 1524 4122; x_wconf 88' lang='lat' dir='ltr'><strong>sunt</strong></span> <span class='ocrx_word' id='word_1_558' title='bbox 1558 4081 1572 4118; x_wconf 89' lang='lat'><strong>:</strong></span> <span class='ocrx_word' id='word_1_559' title='bbox 1613 4063 1686 4117; x_wconf 90' lang='lat' dir='ltr'><strong>ita</strong></span> <span class='ocrx_word' id='word_1_560' title='bbox 1717 4061 1884 4118; x_wconf 87' lang='lat' dir='ltr'><strong>etiam</strong></span> <span class='ocrx_word' id='word_1_561' title='bbox 1921 4068 2004 4125; x_wconf 93' lang='lat' dir='ltr'><strong>tu,</strong></span> 
     </span>
    </p>
   </div>
   <div class='ocr_carea' id='block_1_75' title="bbox 427 4157 2010 4234">
    <p class='ocr_par' dir='ltr' id='par_1_75' title="bbox 427 4157 2010 4234">
     <span class='ocr_line' id='line_1_75' title="bbox 427 4157 2010 4234; baseline -0.009 -13"><span class='ocrx_word' id='word_1_562' title='bbox 427 4168 473 4222; x_wconf 86' lang='lat' dir='ltr'><strong>si</strong></span> <span class='ocrx_word' id='word_1_563' title='bbox 510 4167 742 4223; x_wconf 89' lang='lat' dir='ltr'><strong>salutem</strong></span> <span class='ocrx_word' id='word_1_564' title='bbox 773 4162 1041 4234; x_wconf 91' lang='lat' dir='ltr'><strong>consequi</strong></span> <span class='ocrx_word' id='word_1_565' title='bbox 1072 4160 1378 4224; x_wconf 89' lang='lat' dir='ltr'><strong>desideras,</strong></span> <span class='ocrx_word' id='word_1_566' title='bbox 1427 4167 1682 4213; x_wconf 90' lang='lat' dir='ltr'><strong>mortuus</strong></span> <span class='ocrx_word' id='word_1_567' title='bbox 1731 4157 1861 4220; x_wconf 89' lang='lat' dir='ltr'><strong>tias;</strong></span> <span class='ocrx_word' id='word_1_568' title='bbox 1907 4167 2010 4208; x_wconf 91' lang='lat' dir='ltr'><strong>nec</strong></span> 
     </span>
    </p>
   </div>
   <div class='ocr_carea' id='block_1_76' title="bbox 431 4247 2010 4326">
    <p class='ocr_par' dir='ltr' id='par_1_76' title="bbox 431 4247 2010 4326">
     <span class='ocr_line' id='line_1_76' title="bbox 431 4247 2010 4326; baseline -0.008 -14"><span class='ocrx_word' id='word_1_569' title='bbox 431 4258 666 4326; x_wconf 88' lang='lat' dir='ltr'><strong>injurias</strong></span> <span class='ocrx_word' id='word_1_570' title='bbox 707 4256 1014 4316; x_wconf 87' lang='lat' dir='ltr'><strong>hominum,</strong></span> <span class='ocrx_word' id='word_1_571' title='bbox 1062 4269 1164 4308; x_wconf 90' lang='lat' dir='ltr'><strong>nec</strong></span> <span class='ocrx_word' id='word_1_572' title='bbox 1207 4251 1400 4306; x_wconf 90' lang='lat' dir='ltr'><strong>laudes</strong></span> <span class='ocrx_word' id='word_1_573' title='bbox 1436 4264 1626 4306; x_wconf 92' lang='lat' dir='ltr'><strong>eorum</strong></span> <span class='ocrx_word' id='word_1_574' title='bbox 1667 4248 1894 4320; x_wconf 87' lang='lat' dir='ltr'><strong>cogites,</strong></span> <span class='ocrx_word' id='word_1_575' title='bbox 1923 4247 2010 4300; x_wconf 78' lang='lat' dir='ltr'><strong>in-</strong></span> 
     </span>
    </p>
   </div>
   <div class='ocr_carea' id='block_1_77' title="bbox 427 4342 1690 4416">
    <p class='ocr_par' dir='ltr' id='par_1_77' title="bbox 427 4342 1690 4416">
     <span class='ocr_line' id='line_1_77' title="bbox 427 4342 1690 4416; baseline -0.006 -12"><span class='ocrx_word' id='word_1_576' title='bbox 427 4357 545 4404; x_wconf 84' lang='lat' dir='ltr'><strong>star</strong></span> <span class='ocrx_word' id='word_1_577' title='bbox 576 4357 918 4403; x_wconf 90' lang='lat' dir='ltr'><strong>mortuorum</strong></span> <span class='ocrx_word' id='word_1_578' title='bbox 945 4363 962 4411; x_wconf 88' lang='lat'><strong>;</strong></span> <span class='ocrx_word' id='word_1_579' title='bbox 999 4345 1079 4401; x_wconf 90' lang='lat' dir='ltr'><strong>sic</strong></span> <span class='ocrx_word' id='word_1_580' title='bbox 1105 4343 1313 4416; x_wconf 91' lang='lat' dir='ltr'><strong>poteris</strong></span> <span class='ocrx_word' id='word_1_581' title='bbox 1343 4343 1528 4400; x_wconf 86' lang='lat' dir='ltr'><strong>salvus</strong></span> <span class='ocrx_word' id='word_1_582' title='bbox 1552 4342 1690 4398; x_wconf 81' lang='lat' dir='ltr'><strong>fieri.</strong></span> 
     </span>
    </p>
   </div>
   <div class='ocr_carea' id='block_1_78' title="bbox 2113 3147 3695 3221">
    <p class='ocr_par' dir='ltr' id='par_1_78' title="bbox 2113 3147 3695 3221">
     <span class='ocr_line' id='line_1_78' title="bbox 2113 3147 3695 3221; baseline -0.001 -18"><span class='ocrx_word' id='word_1_583' title='bbox 2113 3148 2361 3220; x_wconf 77' lang='grc' dir='ltr'>ἀδελφὸς,</span> <span class='ocrx_word' id='word_1_584' title='bbox 2405 3149 2593 3221; x_wconf 76' lang='grc' dir='ltr'>ὕϐρισε</span> <span class='ocrx_word' id='word_1_585' title='bbox 2626 3151 2721 3206; x_wconf 71' lang='grc' dir='ltr'><strong>καὶ</strong></span> <span class='ocrx_word' id='word_1_586' title='bbox 2767 3150 3016 3204; x_wconf 84' lang='grc' dir='ltr'>ἐλίθασε·</span> <span class='ocrx_word' id='word_1_587' title='bbox 3056 3151 3153 3205; x_wconf 73' lang='grc' dir='ltr'><strong>καὶ</strong></span> <span class='ocrx_word' id='word_1_588' title='bbox 3197 3148 3368 3204; x_wconf 86' lang='grc' dir='ltr'>ἐλθὼν</span> <span class='ocrx_word' id='word_1_589' title='bbox 3391 3147 3695 3220; x_wconf 82' lang='grc' dir='ltr'>ἀπήγγειλε</span> 
     </span>
    </p>
   </div>
   <div class='ocr_carea' id='block_1_79' title="bbox 2110 3239 3691 3314">
    <p class='ocr_par' dir='ltr' id='par_1_79' title="bbox 2110 3239 3691 3314">
     <span class='ocr_line' id='line_1_79' title="bbox 2110 3239 3691 3314; baseline 0 -20"><span class='ocrx_word' id='word_1_590' title='bbox 2110 3239 2188 3311; x_wconf 85' lang='grc' dir='ltr'>τῷ</span> <span class='ocrx_word' id='word_1_591' title='bbox 2219 3241 2455 3314; x_wconf 89' lang='grc' dir='ltr'>γέροντι.</span> <span class='ocrx_word' id='word_1_592' title='bbox 2486 3243 2600 3297; x_wconf 72' lang='grc' dir='ltr'><strong>Καὶ</strong></span> <span class='ocrx_word' id='word_1_593' title='bbox 2645 3242 2793 3313; x_wconf 88' lang='grc' dir='ltr'>λέγει</span> <span class='ocrx_word' id='word_1_594' title='bbox 2832 3242 2982 3314; x_wconf 82' lang='grc' dir='ltr'>αὐτῷ</span> <span class='ocrx_word' id='word_1_595' title='bbox 3003 3259 3018 3273; x_wconf 82' lang='lat'><strong><em>°</em></strong></span> <span class='ocrx_word' id='word_1_596' title='bbox 3051 3241 3221 3299; x_wconf 81' lang='grc' dir='ltr'>Οὐδέν</span> <span class='ocrx_word' id='word_1_597' title='bbox 3271 3259 3353 3296; x_wconf 91' lang='grc' dir='ltr'>σοι</span> <span class='ocrx_word' id='word_1_598' title='bbox 3383 3240 3691 3312; x_wconf 77' lang='grc' dir='ltr'>ἐλάλησανς</span> 
     </span>
    </p>
   </div>
   <div class='ocr_carea' id='block_1_80' title="bbox 2124 3328 3696 3406">
    <p class='ocr_par' dir='ltr' id='par_1_80' title="bbox 2124 3328 3696 3406">
     <span class='ocr_line' id='line_1_80' title="bbox 2124 3328 3696 3406; baseline 0 -22"><span class='ocrx_word' id='word_1_599' title='bbox 2124 3328 2181 3384; x_wconf 84' lang='lat'><strong>&#39;0</strong></span> <span class='ocrx_word' id='word_1_600' title='bbox 2209 3330 2264 3383; x_wconf 82' lang='grc' dir='ltr'><strong>δέ</strong></span> <span class='ocrx_word' id='word_1_601' title='bbox 2290 3330 2393 3402; x_wconf 76' lang='grc' dir='ltr'><strong>ἔφη</strong></span> <span class='ocrx_word' id='word_1_602' title='bbox 2415 3348 2428 3362; x_wconf 83' lang='lat'><strong><em>°</em></strong></span> <span class='ocrx_word' id='word_1_603' title='bbox 2455 3332 2610 3403; x_wconf 85' lang='grc' dir='ltr'>Οὐχί.</span> <span class='ocrx_word' id='word_1_604' title='bbox 2639 3333 2802 3402; x_wconf 84' lang='grc' dir='ltr'>Λέγει</span> <span class='ocrx_word' id='word_1_605' title='bbox 2822 3333 2972 3406; x_wconf 84' lang='grc' dir='ltr'><strong>αὑτῷ</strong></span> <span class='ocrx_word' id='word_1_606' title='bbox 2993 3335 3020 3386; x_wconf 97' lang='lat'><strong>6</strong></span> <span class='ocrx_word' id='word_1_607' title='bbox 3042 3333 3222 3404; x_wconf 89' lang='grc' dir='ltr'>γέρων</span> <span class='ocrx_word' id='word_1_608' title='bbox 3243 3349 3257 3361; x_wconf 90' lang='grc'><strong>·</strong></span> <span class='ocrx_word' id='word_1_609' title='bbox 3293 3331 3510 3400; x_wconf 79' lang='grc' dir='ltr'>’Υπαγε</span> <span class='ocrx_word' id='word_1_610' title='bbox 3529 3330 3696 3384; x_wconf 82' lang='grc' dir='ltr'>πάλιν</span> 
     </span>
    </p>
   </div>
   <div class='ocr_carea' id='block_1_81' title="bbox 2111 3419 3693 3494">
    <p class='ocr_par' dir='ltr' id='par_1_81' title="bbox 2111 3419 3693 3494">
     <span class='ocr_line' id='line_1_81' title="bbox 2111 3419 3693 3494; baseline 0 -20"><span class='ocrx_word' id='word_1_611' title='bbox 2111 3419 2322 3494; x_wconf 75' lang='grc' dir='ltr'>αὔριον,</span> <span class='ocrx_word' id='word_1_612' title='bbox 2353 3423 2448 3476; x_wconf 76' lang='grc' dir='ltr'>καὶ</span> <span class='ocrx_word' id='word_1_613' title='bbox 2475 3422 2699 3488; x_wconf 82' lang='grc' dir='ltr'>δόξασον</span> <span class='ocrx_word' id='word_1_614' title='bbox 2718 3424 2938 3488; x_wconf 72' lang='grc' dir='ltr'>αὐτούς.</span> <span class='ocrx_word' id='word_1_615' title='bbox 2971 3423 3248 3477; x_wconf 82' lang='grc' dir='ltr'>Ἀπελθὼν</span> <span class='ocrx_word' id='word_1_616' title='bbox 3277 3419 3370 3478; x_wconf 74' lang='grc' dir='ltr'>οὖν</span> <span class='ocrx_word' id='word_1_617' title='bbox 3397 3425 3423 3477; x_wconf 92' lang='lat'><strong>6</strong></span> <span class='ocrx_word' id='word_1_618' title='bbox 3441 3421 3693 3492; x_wconf 82' lang='grc' dir='ltr'>ἀδελφὸς,</span> 
     </span>
    </p>
   </div>
   <div class='ocr_carea' id='block_1_82' title="bbox 2112 3513 3698 3586">
    <p class='ocr_par' dir='ltr' id='par_1_82' title="bbox 2112 3513 3698 3586">
     <span class='ocr_line' id='line_1_82' title="bbox 2112 3513 3698 3586; baseline -0.001 -18"><span class='ocrx_word' id='word_1_619' title='bbox 2112 3513 2361 3580; x_wconf 78' lang='grc' dir='ltr'>ἐδόξασεν</span> <span class='ocrx_word' id='word_1_620' title='bbox 2393 3515 2614 3581; x_wconf 81' lang='grc' dir='ltr'>αὐτοὺς,</span> <span class='ocrx_word' id='word_1_621' title='bbox 2639 3516 2842 3586; x_wconf 82' lang='grc' dir='ltr'><strong>λέγων⁹</strong></span> <span class='ocrx_word' id='word_1_622' title='bbox 2893 3517 3230 3579; x_wconf 70' lang='grc' dir='ltr'>Ἀπόπτολοι,</span> <span class='ocrx_word' id='word_1_623' title='bbox 3272 3516 3441 3585; x_wconf 75' lang='grc' dir='ltr'>ἅγιοι,</span> <span class='ocrx_word' id='word_1_624' title='bbox 3478 3514 3573 3568; x_wconf 72' lang='grc' dir='ltr'><strong>καὶ</strong></span> <span class='ocrx_word' id='word_1_625' title='bbox 3617 3514 3698 3567; x_wconf 87' lang='grc' dir='ltr'>δί-</span> 
     </span>
    </p>
   </div>
   <div class='ocr_carea' id='block_1_83' title="bbox 2111 3600 3694 3678">
    <p class='ocr_par' dir='ltr' id='par_1_83' title="bbox 2111 3600 3694 3678">
     <span class='ocr_line' id='line_1_83' title="bbox 2111 3600 3694 3678; baseline -0.004 -19"><span class='ocrx_word' id='word_1_626' title='bbox 2111 3620 2278 3659; x_wconf 90' lang='grc' dir='ltr'>καιοι.</span> <span class='ocrx_word' id='word_1_627' title='bbox 2319 3605 2431 3659; x_wconf 71' lang='lat' dir='ltr'><strong>Kal</strong></span> <span class='ocrx_word' id='word_1_628' title='bbox 2456 3601 2588 3677; x_wconf 80' lang='grc' dir='ltr'>ἦλθε</span> <span class='ocrx_word' id='word_1_629' title='bbox 2623 3605 2761 3678; x_wconf 82' lang='grc' dir='ltr'>πρὸς</span> <span class='ocrx_word' id='word_1_630' title='bbox 2786 3606 2878 3660; x_wconf 85' lang='grc' dir='ltr'><strong>τὸν</strong></span> <span class='ocrx_word' id='word_1_631' title='bbox 2907 3605 3160 3678; x_wconf 87' lang='grc' dir='ltr'>γέροντα,</span> <span class='ocrx_word' id='word_1_632' title='bbox 3201 3605 3296 3659; x_wconf 74' lang='grc' dir='ltr'><strong>καὶ</strong></span> <span class='ocrx_word' id='word_1_633' title='bbox 3325 3600 3478 3657; x_wconf 78' lang='grc' dir='ltr'>εἶπεν</span> <span class='ocrx_word' id='word_1_634' title='bbox 3503 3601 3655 3674; x_wconf 73' lang='grc' dir='ltr'><strong>αὖτῷ</strong></span> <span class='ocrx_word' id='word_1_635' title='bbox 3677 3617 3694 3633; x_wconf 77' lang='grc' dir='ltr'><strong>ο</strong></span> 
     </span>
    </p>
   </div>
   <div class='ocr_carea' id='block_1_84' title="bbox 2123 3693 3695 3772">
    <p class='ocr_par' dir='ltr' id='par_1_84' title="bbox 2123 3693 3695 3772">
     <span class='ocr_line' id='line_1_84' title="bbox 2123 3693 3695 3772; baseline -0.003 -22"><span class='ocrx_word' id='word_1_636' title='bbox 2123 3696 2402 3763; x_wconf 80' lang='grc' dir='ltr'>Ἐδόξασα.</span> <span class='ocrx_word' id='word_1_637' title='bbox 2446 3698 2556 3750; x_wconf 74' lang='grc' dir='ltr'><strong>Καὶ</strong></span> <span class='ocrx_word' id='word_1_638' title='bbox 2581 3697 2727 3768; x_wconf 83' lang='grc' dir='ltr'>λέγει</span> <span class='ocrx_word' id='word_1_639' title='bbox 2755 3696 2932 3768; x_wconf 80' lang='grc' dir='ltr'>αὐτῷ·</span> <span class='ocrx_word' id='word_1_640' title='bbox 2965 3695 3133 3750; x_wconf 78' lang='grc' dir='ltr'>Οὐδέν</span> <span class='ocrx_word' id='word_1_641' title='bbox 3167 3713 3248 3749; x_wconf 86' lang='grc' dir='ltr'>σοι</span> <span class='ocrx_word' id='word_1_642' title='bbox 3276 3693 3695 3772; x_wconf 72' lang='grc' dir='ltr'>ἀπεκρίθησανς</span> 
     </span>
    </p>
   </div>
   <div class='ocr_carea' id='block_1_85' title="bbox 2114 3782 3696 3862">
    <p class='ocr_par' dir='ltr' id='par_1_85' title="bbox 2114 3782 3696 3862">
     <span class='ocr_line' id='line_1_85' title="bbox 2114 3782 3696 3862; baseline -0.004 -18"><span class='ocrx_word' id='word_1_643' title='bbox 2114 3789 2260 3862; x_wconf 83' lang='grc' dir='ltr'><strong>Ἔφη</strong></span> <span class='ocrx_word' id='word_1_644' title='bbox 2303 3790 2332 3844; x_wconf 86' lang='grc' dir='ltr'>ὁ</span> <span class='ocrx_word' id='word_1_645' title='bbox 2353 3789 2583 3859; x_wconf 76' lang='grc' dir='ltr'>ἀδελφός</span> <span class='ocrx_word' id='word_1_646' title='bbox 2605 3805 2618 3820; x_wconf 89' lang='grc'><strong>·</strong></span> <span class='ocrx_word' id='word_1_647' title='bbox 2653 3789 2808 3860; x_wconf 77' lang='grc' dir='ltr'>Οὐχί.</span> <span class='ocrx_word' id='word_1_648' title='bbox 2847 3789 3010 3858; x_wconf 78' lang='grc' dir='ltr'>Λέγει</span> <span class='ocrx_word' id='word_1_649' title='bbox 3038 3787 3188 3860; x_wconf 75' lang='grc' dir='ltr'>αὐτῷ</span> <span class='ocrx_word' id='word_1_650' title='bbox 3215 3790 3244 3842; x_wconf 89' lang='lat'><strong>6</strong></span> <span class='ocrx_word' id='word_1_651' title='bbox 3275 3787 3454 3860; x_wconf 87' lang='grc' dir='ltr'>γέρων</span> <span class='ocrx_word' id='word_1_652' title='bbox 3477 3803 3492 3818; x_wconf 79' lang='grc' dir='ltr'>ο</span> <span class='ocrx_word' id='word_1_653' title='bbox 3528 3782 3696 3850; x_wconf 74' lang='grc' dir='ltr'>Οἶδας</span> 
     </span>
    </p>
   </div>
   <div class='ocr_carea' id='block_1_86' title="bbox 2110 3877 3694 3952">
    <p class='ocr_par' dir='ltr' id='par_1_86' title="bbox 2110 3877 3694 3952">
     <span class='ocr_line' id='line_1_86' title="bbox 2110 3877 3694 3952; baseline -0.003 -18"><span class='ocrx_word' id='word_1_654' title='bbox 2110 3881 2254 3935; x_wconf 84' lang='grc' dir='ltr'>πόσα</span> <span class='ocrx_word' id='word_1_655' title='bbox 2286 3881 2562 3952; x_wconf 79' lang='grc' dir='ltr'>ἡτίμασας</span> <span class='ocrx_word' id='word_1_656' title='bbox 2593 3881 2810 3946; x_wconf 80' lang='grc' dir='ltr'>αὐτοὺς,</span> <span class='ocrx_word' id='word_1_657' title='bbox 2850 3882 2944 3934; x_wconf 70' lang='grc' dir='ltr'><strong>καὶ</strong></span> <span class='ocrx_word' id='word_1_658' title='bbox 2981 3881 3134 3935; x_wconf 80' lang='grc' dir='ltr'>οὐδέν</span> <span class='ocrx_word' id='word_1_659' title='bbox 3166 3897 3248 3933; x_wconf 90' lang='grc' dir='ltr'>σοι</span> <span class='ocrx_word' id='word_1_660' title='bbox 3291 3877 3694 3950; x_wconf 84' lang='grc' dir='ltr'>ἀπεκρίθησαν,</span> 
     </span>
    </p>
   </div>
   <div class='ocr_carea' id='block_1_87' title="bbox 2110 3968 3692 4039">
    <p class='ocr_par' dir='ltr' id='par_1_87' title="bbox 2110 3968 3692 4039">
     <span class='ocr_line' id='line_1_87' title="bbox 2110 3968 3692 4039; baseline -0.001 -15"><span class='ocrx_word' id='word_1_661' title='bbox 2110 3971 2207 4024; x_wconf 75' lang='grc' dir='ltr'>καὶ</span> <span class='ocrx_word' id='word_1_662' title='bbox 2237 3971 2378 4025; x_wconf 85' lang='grc' dir='ltr'>πόσα</span> <span class='ocrx_word' id='word_1_663' title='bbox 2402 3969 2663 4038; x_wconf 80' lang='grc' dir='ltr'>ἐδόξασας</span> <span class='ocrx_word' id='word_1_664' title='bbox 2703 3970 2922 4038; x_wconf 75' lang='grc' dir='ltr'>αὐτοὺς,</span> <span class='ocrx_word' id='word_1_665' title='bbox 2958 3971 3053 4024; x_wconf 69' lang='grc' dir='ltr'>καὶ</span> <span class='ocrx_word' id='word_1_666' title='bbox 3090 3969 3242 4024; x_wconf 81' lang='grc' dir='ltr'>οὐδέν</span> <span class='ocrx_word' id='word_1_667' title='bbox 3277 3986 3360 4022; x_wconf 91' lang='grc' dir='ltr'>σοι</span> <span class='ocrx_word' id='word_1_668' title='bbox 3387 3968 3655 4039; x_wconf 83' lang='grc' dir='ltr'>ἐλάλησαν</span> <span class='ocrx_word' id='word_1_669' title='bbox 3676 3985 3692 4000; x_wconf 86' lang='grc'><strong>·</strong></span> 
     </span>
    </p>
   </div>
   <div class='ocr_carea' id='block_1_88' title="bbox 2109 4061 3696 4136">
    <p class='ocr_par' dir='ltr' id='par_1_88' title="bbox 2109 4061 3696 4136">
     <span class='ocr_line' id='line_1_88' title="bbox 2109 4061 3696 4136; baseline -0.001 -21"><span class='ocrx_word' id='word_1_670' title='bbox 2109 4063 2284 4127; x_wconf 75' lang='grc' dir='ltr'>οὕτως</span> <span class='ocrx_word' id='word_1_671' title='bbox 2323 4065 2418 4118; x_wconf 65' lang='grc' dir='ltr'><strong>καλ⁵</strong></span> <span class='ocrx_word' id='word_1_672' title='bbox 2463 4065 2548 4130; x_wconf 82' lang='grc' dir='ltr'>σὺ,</span> <span class='ocrx_word' id='word_1_673' title='bbox 2598 4063 2695 4117; x_wconf 85' lang='grc' dir='ltr'>ἐὰν</span> <span class='ocrx_word' id='word_1_674' title='bbox 2743 4062 2903 4136; x_wconf 78' lang='grc' dir='ltr'>θέλῃς</span> <span class='ocrx_word' id='word_1_675' title='bbox 2947 4062 3228 4135; x_wconf 82' lang='grc' dir='ltr'>σωθῆναι,</span> <span class='ocrx_word' id='word_1_676' title='bbox 3271 4061 3432 4131; x_wconf 77' lang='grc' dir='ltr'>γενοῦ</span> <span class='ocrx_word' id='word_1_677' title='bbox 3461 4061 3696 4134; x_wconf 72' lang='grc' dir='ltr'>νεκρόςο</span> 
     </span>
    </p>
   </div>
   <div class='ocr_carea' id='block_1_89' title="bbox 2115 4153 3699 4227">
    <p class='ocr_par' dir='ltr' id='par_1_89' title="bbox 2115 4153 3699 4227">
     <span class='ocr_line' id='line_1_89' title="bbox 2115 4153 3699 4227; baseline -0.001 -19"><span class='ocrx_word' id='word_1_678' title='bbox 2115 4155 2250 4226; x_wconf 86' lang='grc' dir='ltr'>μήτε</span> <span class='ocrx_word' id='word_1_679' title='bbox 2283 4155 2383 4227; x_wconf 77' lang='grc' dir='ltr'><strong>τὴν</strong></span> <span class='ocrx_word' id='word_1_680' title='bbox 2429 4154 2648 4210; x_wconf 85' lang='grc' dir='ltr'>ἀδικίαν</span> <span class='ocrx_word' id='word_1_681' title='bbox 2688 4155 2798 4208; x_wconf 90' lang='grc' dir='ltr'><strong>τῶν</strong></span> <span class='ocrx_word' id='word_1_682' title='bbox 2841 4155 3164 4226; x_wconf 82' lang='grc' dir='ltr'>ἀνθρώπων,</span> <span class='ocrx_word' id='word_1_683' title='bbox 3210 4153 3350 4226; x_wconf 77' lang='grc' dir='ltr'>μήτε</span> <span class='ocrx_word' id='word_1_684' title='bbox 3394 4155 3492 4226; x_wconf 80' lang='grc' dir='ltr'><strong>τὴν</strong></span> <span class='ocrx_word' id='word_1_685' title='bbox 3535 4154 3699 4219; x_wconf 70' lang='grc' dir='ltr'>δόξαν</span> 
     </span>
    </p>
   </div>
   <div class='ocr_carea' id='block_1_90' title="bbox 2111 4242 3622 4318">
    <p class='ocr_par' dir='ltr' id='par_1_90' title="bbox 2111 4242 3622 4318">
     <span class='ocr_line' id='line_1_90' title="bbox 2111 4242 3622 4318; baseline -0.002 -19"><span class='ocrx_word' id='word_1_686' title='bbox 2111 4243 2292 4299; x_wconf 82' lang='grc' dir='ltr'>αὐτῶν</span> <span class='ocrx_word' id='word_1_687' title='bbox 2319 4242 2534 4318; x_wconf 83' lang='grc' dir='ltr'>λογίσῃ,</span> <span class='ocrx_word' id='word_1_688' title='bbox 2561 4243 2636 4307; x_wconf 85' lang='grc' dir='ltr'><strong>ὡς</strong></span> <span class='ocrx_word' id='word_1_689' title='bbox 2657 4243 2708 4296; x_wconf 88' lang='grc' dir='ltr'><strong>οί</strong></span> <span class='ocrx_word' id='word_1_690' title='bbox 2739 4243 2959 4315; x_wconf 88' lang='grc' dir='ltr'>νεκροί·</span> <span class='ocrx_word' id='word_1_691' title='bbox 2985 4243 3080 4297; x_wconf 79' lang='grc' dir='ltr'>καὶ</span> <span class='ocrx_word' id='word_1_692' title='bbox 3106 4243 3332 4296; x_wconf 83' lang='grc' dir='ltr'>δύνασαι</span> <span class='ocrx_word' id='word_1_693' title='bbox 3364 4242 3622 4313; x_wconf 80' lang='grc' dir='ltr'>σωθῆναι.</span> 
     </span>
    </p>
   </div>
   <div class='ocr_carea' id='block_1_91' title="bbox 497 4421 2009 4510">
    <p class='ocr_par' dir='ltr' id='par_1_91' title="bbox 497 4433 2009 4510">
     <span class='ocr_line' id='line_1_91' title="bbox 497 4433 2009 4510; baseline -0.009 -13"><span class='ocrx_word' id='word_1_694' title='bbox 497 4440 593 4497; x_wconf 72' lang='grc'><strong>24.</strong></span> <span class='ocrx_word' id='word_1_695' title='bbox 634 4438 963 4496; x_wconf 70' lang='grc' dir='ltr'><strong>Ρι-ωιοιὶοιιε</strong></span> <span class='ocrx_word' id='word_1_696' title='bbox 1016 4437 1314 4510; x_wconf 89' lang='lat' dir='ltr'><strong>aliquando</strong></span> <span class='ocrx_word' id='word_1_697' title='bbox 1367 4437 1539 4492; x_wconf 89' lang='lat' dir='ltr'><strong>abbas</strong></span> <span class='ocrx_word' id='word_1_698' title='bbox 1592 4433 1865 4490; x_wconf 83' lang='lat' dir='ltr'><strong>Macarius</strong></span> <span class='ocrx_word' id='word_1_699' title='bbox 1913 4446 2009 4502; x_wconf 89' lang='lat' dir='ltr'><strong>per</strong></span> 
     </span>
    </p>
   </div>
   <div class='ocr_carea' id='block_1_92' title="bbox 2116 4421 3699 4510">
    <p class='ocr_par' dir='ltr' id='par_1_92' title="bbox 2183 4421 3699 4496">
     <span class='ocr_line' id='line_1_92' title="bbox 2183 4421 3699 4496; baseline -0.003 -17"><span class='ocrx_word' id='word_1_700' title='bbox 2183 4422 2283 4481; x_wconf 89' lang='grc' dir='ltr'>κδ’.</span> <span class='ocrx_word' id='word_1_701' title='bbox 2328 4423 2750 4496; x_wconf 82' lang='grc' dir='ltr'>Παρερχόμενός</span> <span class='ocrx_word' id='word_1_702' title='bbox 2784 4439 2913 4476; x_wconf 87' lang='grc' dir='ltr'>ποτε</span> <span class='ocrx_word' id='word_1_703' title='bbox 2953 4423 2982 4475; x_wconf 93' lang='lat'><strong>6</strong></span> <span class='ocrx_word' id='word_1_704' title='bbox 3020 4422 3196 4485; x_wconf 78' lang='grc' dir='ltr'>ἀΰδᾶς</span> <span class='ocrx_word' id='word_1_705' title='bbox 3237 4421 3517 4494; x_wconf 80' lang='grc' dir='ltr'>Μακάριος</span> <span class='ocrx_word' id='word_1_706' title='bbox 3557 4425 3699 4493; x_wconf 73' lang='grc' dir='ltr'>μετὰ</span> 
     </span>
    </p>
   </div>
   <div class='ocr_carea' id='block_1_93' title="bbox 429 4526 2011 4608">
    <p class='ocr_par' dir='ltr' id='par_1_93' title="bbox 429 4526 2011 4608">
     <span class='ocr_line' id='line_1_93' title="bbox 429 4526 2011 4608; baseline -0.009 -14"><span class='ocrx_word' id='word_1_707' title='bbox 429 4535 729 4608; x_wconf 64' lang='grc' dir='ltr'>ΔΕεγιιιυιιι</span> <span class='ocrx_word' id='word_1_708' title='bbox 765 4548 874 4588; x_wconf 92' lang='lat' dir='ltr'><strong>una</strong></span> <span class='ocrx_word' id='word_1_709' title='bbox 906 4549 1030 4589; x_wconf 92' lang='lat' dir='ltr'><strong>eum</strong></span> <span class='ocrx_word' id='word_1_710' title='bbox 1059 4531 1348 4594; x_wconf 91' lang='lat' dir='ltr'><strong>fratribus,</strong></span> <span class='ocrx_word' id='word_1_711' title='bbox 1391 4529 1604 4585; x_wconf 88' lang='lat' dir='ltr'><strong>audivit</strong></span> <span class='ocrx_word' id='word_1_712' title='bbox 1653 4542 1882 4600; x_wconf 89' lang='lat' dir='ltr'><strong>puerum</strong></span> <span class='ocrx_word' id='word_1_713' title='bbox 1935 4526 2011 4580; x_wconf 88' lang='lat' dir='ltr'><strong>ita</strong></span> 
     </span>
    </p>
   </div>
   <div class='ocr_carea' id='block_1_94' title="bbox 431 4617 2012 4696">
    <p class='ocr_par' dir='ltr' id='par_1_94' title="bbox 431 4617 2012 4696">
     <span class='ocr_line' id='line_1_94' title="bbox 431 4617 2012 4696; baseline -0.008 -12"><span class='ocrx_word' id='word_1_714' title='bbox 431 4629 598 4684; x_wconf 83' lang='lat' dir='ltr'><strong>matri</strong></span> <span class='ocrx_word' id='word_1_715' title='bbox 635 4644 752 4684; x_wconf 68' lang='lat' dir='ltr'><strong>suae</strong></span> <span class='ocrx_word' id='word_1_716' title='bbox 796 4627 1146 4696; x_wconf 89' lang='lat' dir='ltr'><strong>loquentem:</strong></span> <span class='ocrx_word' id='word_1_717' title='bbox 1182 4623 1373 4690; x_wconf 80' lang='lat' dir='ltr'><strong>Mater,</strong></span> <span class='ocrx_word' id='word_1_718' title='bbox 1402 4620 1626 4692; x_wconf 89' lang='lat' dir='ltr'><strong>quidam</strong></span> <span class='ocrx_word' id='word_1_719' title='bbox 1657 4621 1812 4674; x_wconf 88' lang='lat' dir='ltr'><strong>dives</strong></span> <span class='ocrx_word' id='word_1_720' title='bbox 1837 4617 2012 4688; x_wconf 88' lang='lat' dir='ltr'><strong>diligit</strong></span> 
     </span>
    </p>
   </div>
   <div class='ocr_carea' id='block_1_95' title="bbox 435 4711 2012 4787">
    <p class='ocr_par' dir='ltr' id='par_1_95' title="bbox 435 4711 2012 4787">
     <span class='ocr_line' id='line_1_95' title="bbox 435 4711 2012 4787; baseline -0.008 -13"><span class='ocrx_word' id='word_1_721' title='bbox 435 4735 544 4783; x_wconf 78' lang='lat' dir='ltr'><strong>ine.</strong></span> <span class='ocrx_word' id='word_1_722' title='bbox 578 4727 634 4774; x_wconf 89' lang='lat' dir='ltr'><strong>et</strong></span> <span class='ocrx_word' id='word_1_723' title='bbox 683 4717 771 4773; x_wconf 90' lang='lat' dir='ltr'><strong>odi</strong></span> <span class='ocrx_word' id='word_1_724' title='bbox 820 4733 987 4783; x_wconf 85' lang='lat' dir='ltr'><strong>eum;</strong></span> <span class='ocrx_word' id='word_1_725' title='bbox 1043 4730 1250 4787; x_wconf 86' lang='lat' dir='ltr'><strong>pauper</strong></span> <span class='ocrx_word' id='word_1_726' title='bbox 1283 4727 1412 4768; x_wconf 91' lang='lat' dir='ltr'><strong>vero</strong></span> <span class='ocrx_word' id='word_1_727' title='bbox 1449 4711 1564 4766; x_wconf 93' lang='lat' dir='ltr'><strong>odit</strong></span> <span class='ocrx_word' id='word_1_728' title='bbox 1619 4724 1726 4773; x_wconf 90' lang='lat' dir='ltr'><strong>me,</strong></span> <span class='ocrx_word' id='word_1_729' title='bbox 1780 4722 1843 4761; x_wconf 92' lang='lat' dir='ltr'><strong>ac</strong></span> <span class='ocrx_word' id='word_1_730' title='bbox 1885 4721 2012 4762; x_wconf 89' lang='lat' dir='ltr'><strong>cum</strong></span> 
     </span>
    </p>
   </div>
   <div class='ocr_carea' id='block_1_96' title="bbox 426 4797 2005 4882">
    <p class='ocr_par' dir='ltr' id='par_1_96' title="bbox 426 4797 2005 4882">
     <span class='ocr_line' id='line_1_96' title="bbox 426 4797 2005 4882; baseline -0.008 -17"><span class='ocrx_word' id='word_1_731' title='bbox 426 4812 614 4882; x_wconf 92' lang='lat' dir='ltr'><strong>diligo.</strong></span> <span class='ocrx_word' id='word_1_732' title='bbox 647 4809 770 4876; x_wconf 84' lang='lat' dir='ltr'><strong>Quo</strong></span> <span class='ocrx_word' id='word_1_733' title='bbox 796 4809 989 4863; x_wconf 88' lang='lat' dir='ltr'><strong>audito</strong></span> <span class='ocrx_word' id='word_1_734' title='bbox 1025 4821 1300 4870; x_wconf 88' lang='lat' dir='ltr'><strong>sermone,</strong></span> <span class='ocrx_word' id='word_1_735' title='bbox 1346 4801 1650 4857; x_wconf 88' lang='lat' dir='ltr'><strong>admiratus</strong></span> <span class='ocrx_word' id='word_1_736' title='bbox 1697 4806 1781 4854; x_wconf 90' lang='lat' dir='ltr'><strong>est</strong></span> <span class='ocrx_word' id='word_1_737' title='bbox 1834 4797 2005 4852; x_wconf 86' lang='lat' dir='ltr'><strong>abbas</strong></span> 
     </span>
    </p>
   </div>
   <div class='ocr_carea' id='block_1_97' title="bbox 428 4889 2008 4959">
    <p class='ocr_par' dir='ltr' id='par_1_97' title="bbox 428 4889 2008 4959">
     <span class='ocr_line' id='line_1_97' title="bbox 428 4889 2008 4959; baseline -0.008 -3"><span class='ocrx_word' id='word_1_738' title='bbox 428 4901 719 4957; x_wconf 84' lang='lat' dir='ltr'><strong>Macarius.</strong></span> <span class='ocrx_word' id='word_1_739' title='bbox 777 4898 980 4955; x_wconf 88' lang='lat' dir='ltr'><strong>Dicunt</strong></span> <span class='ocrx_word' id='word_1_740' title='bbox 1026 4899 1075 4954; x_wconf 91' lang='lat' dir='ltr'><strong>ei</strong></span> <span class='ocrx_word' id='word_1_741' title='bbox 1125 4897 1364 4953; x_wconf 86' lang='lat' dir='ltr'><strong>fratres:</strong></span> <span class='ocrx_word' id='word_1_742' title='bbox 1399 4891 1542 4959; x_wconf 85' lang='lat' dir='ltr'><strong>Quid</strong></span> <span class='ocrx_word' id='word_1_743' title='bbox 1577 4892 1680 4946; x_wconf 91' lang='lat' dir='ltr'><strong>hoc</strong></span> <span class='ocrx_word' id='word_1_744' title='bbox 1718 4889 1868 4944; x_wconf 91' lang='lat' dir='ltr'><strong>verbi</strong></span> <span class='ocrx_word' id='word_1_745' title='bbox 1901 4897 2008 4954; x_wconf 90' lang='lat' dir='ltr'><strong>est,</strong></span> 
     </span>
    </p>
   </div>
   <div class='ocr_carea' id='block_1_98' title="bbox 428 4980 2010 5065">
    <p class='ocr_par' dir='ltr' id='par_1_98' title="bbox 428 4980 2010 5065">
     <span class='ocr_line' id='line_1_98' title="bbox 428 4980 2010 5065; baseline -0.008 -19"><span class='ocrx_word' id='word_1_746' title='bbox 428 4993 608 5059; x_wconf 83' lang='lat' dir='ltr'><strong>Pater,</strong></span> <span class='ocrx_word' id='word_1_747' title='bbox 645 4992 792 5065; x_wconf 91' lang='lat' dir='ltr'><strong>quod</strong></span> <span class='ocrx_word' id='word_1_748' title='bbox 821 4991 1060 5048; x_wconf 78' lang='lat' dir='ltr'><strong>aﬂ‘ectus&#39;</strong></span> <span class='ocrx_word' id='word_1_749' title='bbox 1089 4989 1167 5044; x_wconf 89' lang='lat' dir='ltr'><strong>sis</strong></span> <span class='ocrx_word' id='word_1_750' title='bbox 1187 4983 1587 5042; x_wconf 83' lang='lat' dir='ltr'><strong>admiratione?</strong></span> <span class='ocrx_word' id='word_1_751' title='bbox 1616 4980 1917 5052; x_wconf 79' lang='lat' dir='ltr'><strong>Respondit</strong></span> <span class='ocrx_word' id='word_1_752' title='bbox 1941 4981 2010 5034; x_wconf 80' lang='lat' dir='ltr'><strong>il-</strong></span> 
     </span>
    </p>
   </div>
   <div class='ocr_carea' id='block_1_99' title="bbox 429 5073 2010 5141">
    <p class='ocr_par' dir='ltr' id='par_1_99' title="bbox 429 5073 2010 5141">
     <span class='ocr_line' id='line_1_99' title="bbox 429 5073 2010 5141; baseline -0.009 -2"><span class='ocrx_word' id='word_1_753' title='bbox 429 5085 497 5140; x_wconf 88' lang='lat' dir='ltr'><strong>lis</strong></span> <span class='ocrx_word' id='word_1_754' title='bbox 527 5099 734 5141; x_wconf 86' lang='lat' dir='ltr'><strong>senex:</strong></span> <span class='ocrx_word' id='word_1_755' title='bbox 779 5082 989 5139; x_wconf 78' lang='lat' dir='ltr'><strong>Revera</strong></span> <span class='ocrx_word' id='word_1_756' title='bbox 1025 5080 1288 5135; x_wconf 89' lang='lat' dir='ltr'><strong>Dominus</strong></span> <span class='ocrx_word' id='word_1_757' title='bbox 1350 5083 1541 5132; x_wconf 91' lang='lat' dir='ltr'><strong>noster</strong></span> <span class='ocrx_word' id='word_1_758' title='bbox 1581 5074 1734 5129; x_wconf 87' lang='lat' dir='ltr'><strong>dives</strong></span> <span class='ocrx_word' id='word_1_759' title='bbox 1765 5080 1851 5128; x_wconf 89' lang='lat' dir='ltr'><strong>est</strong></span> <span class='ocrx_word' id='word_1_760' title='bbox 1883 5073 2010 5128; x_wconf 91' lang='lat' dir='ltr'><strong>dili-</strong></span> 
     </span>
    </p>
   </div>
   <div class='ocr_carea' id='block_1_100' title="bbox 428 5165 2013 5248">
    <p class='ocr_par' dir='ltr' id='par_1_100' title="bbox 428 5165 2013 5248">
     <span class='ocr_line' id='line_1_100' title="bbox 428 5165 2013 5248; baseline -0.009 -16"><span class='ocrx_word' id='word_1_761' title='bbox 428 5177 617 5248; x_wconf 62' lang='lat' dir='ltr'><strong>gitque</strong></span> <span class='ocrx_word' id='word_1_762' title='bbox 676 5192 798 5242; x_wconf 89' lang='lat' dir='ltr'><strong>nos,</strong></span> <span class='ocrx_word' id='word_1_763' title='bbox 840 5190 944 5231; x_wconf 89' lang='lat' dir='ltr'><strong>nec</strong></span> <span class='ocrx_word' id='word_1_764' title='bbox 982 5173 1238 5229; x_wconf 89' lang='lat' dir='ltr'><strong>volumus</strong></span> <span class='ocrx_word' id='word_1_765' title='bbox 1277 5169 1354 5223; x_wconf 91' lang='lat' dir='ltr'><strong>illi</strong></span> <span class='ocrx_word' id='word_1_766' title='bbox 1386 5168 1800 5237; x_wconf 89' lang='lat' dir='ltr'><strong>obtemperare;</strong></span> <span class='ocrx_word' id='word_1_767' title='bbox 1831 5165 2013 5220; x_wconf 64' lang='lat' dir='ltr'><strong>inimi.</strong></span> 
     </span>
    </p>
   </div>
   <div class='ocr_carea' id='block_1_101' title="bbox 428 5255 2011 5330">
    <p class='ocr_par' dir='ltr' id='par_1_101' title="bbox 428 5255 2011 5330">
     <span class='ocr_line' id='line_1_101' title="bbox 428 5255 2011 5330; baseline -0.007 -9"><span class='ocrx_word' id='word_1_768' title='bbox 428 5282 532 5321; x_wconf 82' lang='lat' dir='ltr'><strong>cus</strong></span> <span class='ocrx_word' id='word_1_769' title='bbox 563 5275 745 5321; x_wconf 88' lang='lat' dir='ltr'><strong>autem</strong></span> <span class='ocrx_word' id='word_1_770' title='bbox 783 5278 972 5322; x_wconf 89' lang='lat' dir='ltr'><strong>noster</strong></span> <span class='ocrx_word' id='word_1_771' title='bbox 1005 5261 1260 5318; x_wconf 91' lang='lat' dir='ltr'><strong>diabolus</strong></span> <span class='ocrx_word' id='word_1_772' title='bbox 1307 5273 1514 5330; x_wconf 87' lang='lat' dir='ltr'><strong>pauper</strong></span> <span class='ocrx_word' id='word_1_773' title='bbox 1541 5265 1625 5311; x_wconf 89' lang='lat' dir='ltr'><strong>est</strong></span> <span class='ocrx_word' id='word_1_774' title='bbox 1651 5255 1885 5325; x_wconf 88' lang='lat' dir='ltr'><strong>odioque</strong></span> <span class='ocrx_word' id='word_1_775' title='bbox 1909 5269 2011 5310; x_wconf 89' lang='lat' dir='ltr'><strong>nos</strong></span> 
     </span>
    </p>
   </div>
   <div class='ocr_carea' id='block_1_102' title="bbox 428 5348 1794 5429">
    <p class='ocr_par' dir='ltr' id='par_1_102' title="bbox 428 5348 1794 5429">
     <span class='ocr_line' id='line_1_102' title="bbox 428 5348 1794 5429; baseline -0.007 -19"><span class='ocrx_word' id='word_1_776' title='bbox 428 5357 810 5429; x_wconf 84' lang='lat' dir='ltr'><strong>prosequitur,</strong></span> <span class='ocrx_word' id='word_1_777' title='bbox 842 5365 897 5412; x_wconf 89' lang='lat' dir='ltr'><strong>et</strong></span> <span class='ocrx_word' id='word_1_778' title='bbox 929 5355 1212 5426; x_wconf 88' lang='lat' dir='ltr'><strong>diligimus</strong></span> <span class='ocrx_word' id='word_1_779' title='bbox 1246 5351 1368 5422; x_wconf 90' lang='lat' dir='ltr'><strong>ejus</strong></span> <span class='ocrx_word' id='word_1_780' title='bbox 1399 5348 1794 5420; x_wconf 83' lang='lat' dir='ltr'><strong>impuritatem.</strong></span> 
     </span>
    </p>
   </div>
   <div class='ocr_carea' id='block_1_103' title="bbox 497 5437 2012 5517">
    <p class='ocr_par' dir='ltr' id='par_1_103' title="bbox 497 5437 2012 5517">
     <span class='ocr_line' id='line_1_103' title="bbox 497 5437 2012 5517; baseline -0.007 -15"><span class='ocrx_word' id='word_1_781' title='bbox 497 5447 589 5502; x_wconf 72' lang='grc'><strong>25.</strong></span> <span class='ocrx_word' id='word_1_782' title='bbox 628 5446 856 5517; x_wconf 76' lang='lat' dir='ltr'><strong>Rogavit</strong></span> <span class='ocrx_word' id='word_1_783' title='bbox 882 5445 1134 5502; x_wconf 90' lang='lat' dir='ltr'><strong>eumdem</strong></span> <span class='ocrx_word' id='word_1_784' title='bbox 1169 5445 1357 5500; x_wconf 89' lang='lat' dir='ltr'><strong>multis</strong></span> <span class='ocrx_word' id='word_1_785' title='bbox 1384 5457 1508 5496; x_wconf 92' lang='lat' dir='ltr'><strong>cum</strong></span> <span class='ocrx_word' id='word_1_786' title='bbox 1551 5439 1809 5510; x_wconf 86' lang='lat' dir='ltr'><strong>lacrymis</strong></span> <span class='ocrx_word' id='word_1_787' title='bbox 1841 5437 2012 5492; x_wconf 89' lang='lat' dir='ltr'><strong>abbas</strong></span> 
     </span>
    </p>
   </div>
   <div class='ocr_carea' id='block_1_104' title="bbox 429 5529 2013 5607">
    <p class='ocr_par' dir='ltr' id='par_1_104' title="bbox 429 5529 2013 5607">
     <span class='ocr_line' id='line_1_104' title="bbox 429 5529 2013 5607; baseline -0.007 -15"><span class='ocrx_word' id='word_1_788' title='bbox 429 5532 678 5601; x_wconf 70' lang='lat' dir='ltr'><strong>Pmmen,</strong></span> <span class='ocrx_word' id='word_1_789' title='bbox 707 5537 898 5592; x_wconf 90' lang='lat' dir='ltr'><strong>dicens</strong></span> <span class='ocrx_word' id='word_1_790' title='bbox 923 5554 936 5590; x_wconf 89' lang='lat'><strong>:</strong></span> <span class='ocrx_word' id='word_1_791' title='bbox 974 5536 1242 5607; x_wconf 82' lang='lat' dir='ltr'><strong>Eloquere</strong></span> <span class='ocrx_word' id='word_1_792' title='bbox 1280 5534 1412 5590; x_wconf 92' lang='lat' dir='ltr'><strong>mihi</strong></span> <span class='ocrx_word' id='word_1_793' title='bbox 1433 5531 1682 5596; x_wconf 86' lang='lat' dir='ltr'><strong>verbum,</strong></span> <span class='ocrx_word' id='word_1_794' title='bbox 1711 5544 1820 5600; x_wconf 87' lang='lat' dir='ltr'><strong>quo</strong></span> <span class='ocrx_word' id='word_1_795' title='bbox 1848 5529 2013 5583; x_wconf 81' lang='lat' dir='ltr'><strong>modo</strong></span> 
     </span>
    </p>
   </div>
   <div class='ocr_carea' id='block_1_105' title="bbox 431 5621 2009 5694">
    <p class='ocr_par' dir='ltr' id='par_1_105' title="bbox 431 5621 2009 5694">
     <span class='ocr_line' id='line_1_105' title="bbox 431 5621 2009 5694; baseline -0.006 -10"><span class='ocrx_word' id='word_1_796' title='bbox 431 5637 792 5684; x_wconf 78' lang='lat' dir='ltr'><strong>assecuturus</strong></span> <span class='ocrx_word' id='word_1_797' title='bbox 821 5628 1206 5691; x_wconf 74' lang='lat' dir='ltr'><strong>simsalutem.</strong></span> <span class='ocrx_word' id='word_1_798' title='bbox 1237 5626 1420 5683; x_wconf 85' lang='lat' dir='ltr'><strong>Senex</strong></span> <span class='ocrx_word' id='word_1_799' title='bbox 1451 5638 1583 5680; x_wconf 87' lang='lat' dir='ltr'><strong>vero</strong></span> <span class='ocrx_word' id='word_1_800' title='bbox 1611 5624 1662 5678; x_wconf 89' lang='lat' dir='ltr'><strong>ei</strong></span> <span class='ocrx_word' id='word_1_801' title='bbox 1695 5621 2009 5694; x_wconf 86' lang='lat' dir='ltr'><strong>respondit:</strong></span> 
     </span>
    </p>
   </div>
   <div class='ocr_carea' id='block_1_106' title="bbox 434 5715 1832 5795">
    <p class='ocr_par' dir='ltr' id='par_1_106' title="bbox 434 5715 1832 5795">
     <span class='ocr_line' id='line_1_106' title="bbox 434 5715 1832 5795; baseline -0.006 -17"><span class='ocrx_word' id='word_1_802' title='bbox 434 5721 609 5791; x_wconf 78' lang='lat' dir='ltr'><strong>Quam</strong></span> <span class='ocrx_word' id='word_1_803' title='bbox 644 5721 848 5795; x_wconf 62' lang='lat' dir='ltr'><strong>quaeris</strong></span> <span class='ocrx_word' id='word_1_804' title='bbox 872 5737 1009 5790; x_wconf 84' lang='lat' dir='ltr'><strong>rein,</strong></span> <span class='ocrx_word' id='word_1_805' title='bbox 1044 5736 1191 5776; x_wconf 91' lang='lat' dir='ltr'><strong>nunc</strong></span> <span class='ocrx_word' id='word_1_806' title='bbox 1219 5719 1448 5776; x_wconf 86' lang='lat' dir='ltr'><strong>recessit</strong></span> <span class='ocrx_word' id='word_1_807' title='bbox 1470 5734 1501 5772; x_wconf 91' lang='lat' dir='ltr'><strong>a</strong></span> <span class='ocrx_word' id='word_1_808' title='bbox 1523 5715 1832 5772; x_wconf 87' lang='lat' dir='ltr'><strong>monachis.</strong></span> 
     </span>
    </p>
   </div>
   <div class='ocr_carea' id='block_1_107' title="bbox 2113 4513 3698 4586">
    <p class='ocr_par' dir='ltr' id='par_1_107' title="bbox 2113 4513 3698 4586">
     <span class='ocr_line' id='line_1_107' title="bbox 2113 4513 3698 4586; baseline -0.003 -16"><span class='ocrx_word' id='word_1_809' title='bbox 2113 4514 2356 4584; x_wconf 73' lang='grc' dir='ltr'>ἀδελφῶν</span> <span class='ocrx_word' id='word_1_810' title='bbox 2388 4515 2475 4569; x_wconf 86' lang='grc' dir='ltr'><strong>διά</strong></span> <span class='ocrx_word' id='word_1_811' title='bbox 2511 4516 2610 4586; x_wconf 81' lang='grc' dir='ltr'>τῆς</span> <span class='ocrx_word' id='word_1_812' title='bbox 2645 4514 2945 4584; x_wconf 78' lang='grc' dir='ltr'>Αίγύπτου,</span> <span class='ocrx_word' id='word_1_813' title='bbox 2975 4515 3176 4584; x_wconf 71' lang='grc' dir='ltr'>ἤκουσε</span> <span class='ocrx_word' id='word_1_814' title='bbox 3211 4513 3423 4566; x_wconf 78' lang='grc' dir='ltr'>παιδίου</span> <span class='ocrx_word' id='word_1_815' title='bbox 3446 4513 3698 4582; x_wconf 86' lang='grc' dir='ltr'>λέγοντος</span> 
     </span>
    </p>
   </div>
   <div class='ocr_carea' id='block_1_108' title="bbox 2113 4604 3698 4680">
    <p class='ocr_par' dir='ltr' id='par_1_108' title="bbox 2113 4604 3698 4680">
     <span class='ocr_line' id='line_1_108' title="bbox 2113 4604 3698 4680; baseline -0.002 -19"><span class='ocrx_word' id='word_1_816' title='bbox 2113 4611 2180 4680; x_wconf 77' lang='grc' dir='ltr'>τῇ</span> <span class='ocrx_word' id='word_1_817' title='bbox 2202 4607 2369 4679; x_wconf 73' lang='grc' dir='ltr'>μητρὶ</span> <span class='ocrx_word' id='word_1_818' title='bbox 2393 4606 2557 4660; x_wconf 80' lang='grc' dir='ltr'>αὑτοῦ</span> <span class='ocrx_word' id='word_1_819' title='bbox 2578 4622 2591 4635; x_wconf 90' lang='grc'><strong>·</strong></span> <span class='ocrx_word' id='word_1_820' title='bbox 2635 4607 2842 4677; x_wconf 78' lang='grc' dir='ltr'>Ἀμμᾶ,</span> <span class='ocrx_word' id='word_1_821' title='bbox 2872 4604 3124 4668; x_wconf 73' lang='grc' dir='ltr'>πλούσιός</span> <span class='ocrx_word' id='word_1_822' title='bbox 3151 4621 3236 4668; x_wconf 91' lang='grc' dir='ltr'><strong>τις</strong></span> <span class='ocrx_word' id='word_1_823' title='bbox 3263 4605 3452 4677; x_wconf 79' lang='grc' dir='ltr'>ἀγαπᾷ</span> <span class='ocrx_word' id='word_1_824' title='bbox 3481 4622 3569 4676; x_wconf 86' lang='grc' dir='ltr'><strong>με,</strong></span> <span class='ocrx_word' id='word_1_825' title='bbox 3603 4607 3698 4659; x_wconf 73' lang='grc' dir='ltr'><strong>καὶ</strong></span> 
     </span>
    </p>
   </div>
   <div class='ocr_carea' id='block_1_109' title="bbox 2117 4699 3695 4772">
    <p class='ocr_par' dir='ltr' id='par_1_109' title="bbox 2117 4699 3695 4772">
     <span class='ocr_line' id='line_1_109' title="bbox 2117 4699 3695 4772; baseline 0.001 -18"><span class='ocrx_word' id='word_1_826' title='bbox 2117 4700 2260 4772; x_wconf 89' lang='grc' dir='ltr'>μισῶ</span> <span class='ocrx_word' id='word_1_827' title='bbox 2275 4701 2437 4755; x_wconf 82' lang='grc' dir='ltr'>αὐτόν</span> <span class='ocrx_word' id='word_1_828' title='bbox 2457 4719 2471 4734; x_wconf 79' lang='grc' dir='ltr'><strong>ο</strong></span> <span class='ocrx_word' id='word_1_829' title='bbox 2490 4701 2586 4756; x_wconf 74' lang='grc' dir='ltr'>καὶ</span> <span class='ocrx_word' id='word_1_830' title='bbox 2618 4701 2832 4772; x_wconf 87' lang='grc' dir='ltr'>πτωχὸς</span> <span class='ocrx_word' id='word_1_831' title='bbox 2856 4701 3006 4770; x_wconf 89' lang='grc' dir='ltr'>μισεῖ</span> <span class='ocrx_word' id='word_1_832' title='bbox 3035 4716 3124 4770; x_wconf 92' lang='grc' dir='ltr'><strong>με,</strong></span> <span class='ocrx_word' id='word_1_833' title='bbox 3147 4699 3245 4752; x_wconf 71' lang='grc' dir='ltr'>καὶ</span> <span class='ocrx_word' id='word_1_834' title='bbox 3275 4699 3476 4768; x_wconf 80' lang='grc' dir='ltr'>ἀγαπῶ</span> <span class='ocrx_word' id='word_1_835' title='bbox 3507 4699 3695 4755; x_wconf 80' lang='grc' dir='ltr'>αὐτόν.</span> 
     </span>
    </p>
   </div>
   <div class='ocr_carea' id='block_1_110' title="bbox 2112 4789 3696 4863">
    <p class='ocr_par' dir='ltr' id='par_1_110' title="bbox 2112 4789 3696 4863">
     <span class='ocr_line' id='line_1_110' title="bbox 2112 4789 3696 4863; baseline -0.003 -16"><span class='ocrx_word' id='word_1_836' title='bbox 2112 4794 2224 4847; x_wconf 82' lang='grc' dir='ltr'><strong>Καὶ</strong></span> <span class='ocrx_word' id='word_1_837' title='bbox 2250 4793 2489 4857; x_wconf 85' lang='grc' dir='ltr'>ἀκούσας</span> <span class='ocrx_word' id='word_1_838' title='bbox 2517 4793 2546 4844; x_wconf 84' lang='lat'><strong>6</strong></span> <span class='ocrx_word' id='word_1_839' title='bbox 2575 4793 2749 4855; x_wconf 79' lang='grc' dir='ltr'>ἀδδᾶς</span> <span class='ocrx_word' id='word_1_840' title='bbox 2787 4791 3087 4863; x_wconf 81' lang='grc' dir='ltr'>Μακάριος,</span> <span class='ocrx_word' id='word_1_841' title='bbox 3122 4789 3422 4863; x_wconf 84' lang='grc' dir='ltr'>ἐθαύμασε.</span> <span class='ocrx_word' id='word_1_842' title='bbox 3471 4792 3580 4844; x_wconf 79' lang='grc' dir='ltr'><strong>Καὶ</strong></span> <span class='ocrx_word' id='word_1_843' title='bbox 3606 4791 3696 4844; x_wconf 86' lang='grc' dir='ltr'>λέ-</span> 
     </span>
    </p>
   </div>
   <div class='ocr_carea' id='block_1_111' title="bbox 2112 4882 3695 4956">
    <p class='ocr_par' dir='ltr' id='par_1_111' title="bbox 2112 4882 3695 4956">
     <span class='ocr_line' id='line_1_111' title="bbox 2112 4882 3695 4956; baseline -0.001 -16"><span class='ocrx_word' id='word_1_844' title='bbox 2112 4903 2301 4956; x_wconf 85' lang='grc' dir='ltr'>γουσιν</span> <span class='ocrx_word' id='word_1_845' title='bbox 2328 4885 2480 4956; x_wconf 81' lang='grc' dir='ltr'>αὐτῷ</span> <span class='ocrx_word' id='word_1_846' title='bbox 2507 4887 2555 4939; x_wconf 76' lang='grc' dir='ltr'><strong>οἱ</strong></span> <span class='ocrx_word' id='word_1_847' title='bbox 2580 4884 2796 4955; x_wconf 75' lang='grc' dir='ltr'>ἀδελφοί</span> <span class='ocrx_word' id='word_1_848' title='bbox 2815 4901 2830 4916; x_wconf 78' lang='grc' dir='ltr'><strong>ο</strong></span> <span class='ocrx_word' id='word_1_849' title='bbox 2863 4885 2929 4937; x_wconf 91' lang='grc' dir='ltr'>Τί</span> <span class='ocrx_word' id='word_1_850' title='bbox 2957 4885 3074 4936; x_wconf 76' lang='grc' dir='ltr'>ἐστι</span> <span class='ocrx_word' id='word_1_851' title='bbox 3103 4883 3164 4936; x_wconf 78' lang='grc' dir='ltr'>τὸ</span> <span class='ocrx_word' id='word_1_852' title='bbox 3189 4884 3340 4955; x_wconf 80' lang='grc' dir='ltr'>ῥῆμα</span> <span class='ocrx_word' id='word_1_853' title='bbox 3369 4882 3553 4950; x_wconf 82' lang='grc' dir='ltr'>τοῦτο,</span> <span class='ocrx_word' id='word_1_854' title='bbox 3576 4883 3695 4938; x_wconf 87' lang='grc' dir='ltr'>Πά-</span> 
     </span>
    </p>
   </div>
   <div class='ocr_carea' id='block_1_112' title="bbox 2111 4975 3695 5050">
    <p class='ocr_par' dir='ltr' id='par_1_112' title="bbox 2111 4975 3695 5050">
     <span class='ocr_line' id='line_1_112' title="bbox 2111 4975 3695 5050; baseline -0.002 -18"><span class='ocrx_word' id='word_1_855' title='bbox 2111 4995 2228 5048; x_wconf 85' lang='grc' dir='ltr'>τερ,</span> <span class='ocrx_word' id='word_1_856' title='bbox 2285 4978 2367 5031; x_wconf 82' lang='grc' dir='ltr'>ὅτι</span> <span class='ocrx_word' id='word_1_857' title='bbox 2407 4976 2758 5050; x_wconf 84' lang='grc' dir='ltr'>ὲθαύμασας;</span> <span class='ocrx_word' id='word_1_858' title='bbox 2817 4978 2927 5031; x_wconf 70' lang='grc' dir='ltr'><strong>Καὶ</strong></span> <span class='ocrx_word' id='word_1_859' title='bbox 2976 4975 3125 5046; x_wconf 87' lang='grc' dir='ltr'>λέγει</span> <span class='ocrx_word' id='word_1_860' title='bbox 3176 4977 3360 5039; x_wconf 78' lang='grc' dir='ltr'>αὐτοῖς</span> <span class='ocrx_word' id='word_1_861' title='bbox 3401 4977 3430 5030; x_wconf 93' lang='lat'><strong>6</strong></span> <span class='ocrx_word' id='word_1_862' title='bbox 3476 4976 3695 5048; x_wconf 83' lang='grc' dir='ltr'><strong>γέρων⁸</strong></span> 
     </span>
    </p>
   </div>
   <div class='ocr_carea' id='block_1_113' title="bbox 2124 5066 3697 5141">
    <p class='ocr_par' dir='ltr' id='par_1_113' title="bbox 2124 5066 3697 5141">
     <span class='ocr_line' id='line_1_113' title="bbox 2124 5066 3697 5141; baseline -0.001 -19"><span class='ocrx_word' id='word_1_863' title='bbox 2124 5068 2364 5141; x_wconf 82' lang='grc' dir='ltr'>Ἀληθῶς</span> <span class='ocrx_word' id='word_1_864' title='bbox 2409 5071 2438 5122; x_wconf 90' lang='lat'><strong>6</strong></span> <span class='ocrx_word' id='word_1_865' title='bbox 2479 5068 2683 5141; x_wconf 83' lang='grc' dir='ltr'>Κύριος</span> <span class='ocrx_word' id='word_1_866' title='bbox 2723 5067 2880 5140; x_wconf 87' lang='grc' dir='ltr'>ήμῶν</span> <span class='ocrx_word' id='word_1_867' title='bbox 2919 5068 3173 5132; x_wconf 84' lang='grc' dir='ltr'>πλούσιός</span> <span class='ocrx_word' id='word_1_868' title='bbox 3218 5069 3333 5121; x_wconf 85' lang='grc' dir='ltr'>ἐστι</span> <span class='ocrx_word' id='word_1_869' title='bbox 3370 5066 3466 5121; x_wconf 76' lang='grc' dir='ltr'><strong>καὶ</strong></span> <span class='ocrx_word' id='word_1_870' title='bbox 3502 5068 3697 5138; x_wconf 81' lang='grc' dir='ltr'>ἀγαπᾷ</span> 
     </span>
    </p>
   </div>
   <div class='ocr_carea' id='block_1_114' title="bbox 2112 5157 3695 5232">
    <p class='ocr_par' dir='ltr' id='par_1_114' title="bbox 2112 5157 3695 5232">
     <span class='ocr_line' id='line_1_114' title="bbox 2112 5157 3695 5232; baseline -0.003 -17"><span class='ocrx_word' id='word_1_871' title='bbox 2112 5161 2281 5232; x_wconf 82' lang='grc' dir='ltr'>ἡμᾶς,</span> <span class='ocrx_word' id='word_1_872' title='bbox 2319 5161 2412 5215; x_wconf 73' lang='grc' dir='ltr'><strong>καὶ</strong></span> <span class='ocrx_word' id='word_1_873' title='bbox 2442 5161 2505 5214; x_wconf 86' lang='grc' dir='ltr'>οὑ</span> <span class='ocrx_word' id='word_1_874' title='bbox 2551 5159 2775 5230; x_wconf 84' lang='grc' dir='ltr'>θέλομεν</span> <span class='ocrx_word' id='word_1_875' title='bbox 2815 5159 2982 5213; x_wconf 79' lang='grc' dir='ltr'>αὑτοῦ</span> <span class='ocrx_word' id='word_1_876' title='bbox 3023 5159 3283 5215; x_wconf 67' lang='grc' dir='ltr'>ἀκοῦσαν</span> <span class='ocrx_word' id='word_1_877' title='bbox 3331 5161 3359 5212; x_wconf 94' lang='lat'><strong>6</strong></span> <span class='ocrx_word' id='word_1_878' title='bbox 3405 5158 3462 5212; x_wconf 86' lang='grc' dir='ltr'><strong>δέ</strong></span> <span class='ocrx_word' id='word_1_879' title='bbox 3498 5157 3695 5230; x_wconf 69' lang='grc' dir='ltr'>ἐχθρὸς</span> 
     </span>
    </p>
   </div>
   <div class='ocr_carea' id='block_1_115' title="bbox 2111 5251 3699 5325">
    <p class='ocr_par' dir='ltr' id='par_1_115' title="bbox 2111 5251 3699 5325">
     <span class='ocr_line' id='line_1_115' title="bbox 2111 5251 3699 5325; baseline -0.003 -16"><span class='ocrx_word' id='word_1_880' title='bbox 2111 5253 2268 5325; x_wconf 80' lang='grc' dir='ltr'>ἡμῶν</span> <span class='ocrx_word' id='word_1_881' title='bbox 2287 5251 2533 5317; x_wconf 72' lang='grc' dir='ltr'>διάϐολος</span> <span class='ocrx_word' id='word_1_882' title='bbox 2558 5253 2774 5324; x_wconf 89' lang='grc' dir='ltr'>πτωχός</span> <span class='ocrx_word' id='word_1_883' title='bbox 2800 5253 2916 5306; x_wconf 85' lang='grc' dir='ltr'>ἐστι</span> <span class='ocrx_word' id='word_1_884' title='bbox 2941 5253 3036 5306; x_wconf 63' lang='grc' dir='ltr'><strong>καὶ⁸</strong></span> <span class='ocrx_word' id='word_1_885' title='bbox 3063 5255 3212 5324; x_wconf 89' lang='grc' dir='ltr'>μισεί</span> <span class='ocrx_word' id='word_1_886' title='bbox 3230 5252 3399 5322; x_wconf 75' lang='grc' dir='ltr'>ἡμᾶς,</span> <span class='ocrx_word' id='word_1_887' title='bbox 3431 5251 3526 5306; x_wconf 71' lang='grc' dir='ltr'><strong>καὶ</strong></span> <span class='ocrx_word' id='word_1_888' title='bbox 3555 5253 3699 5320; x_wconf 84' lang='grc' dir='ltr'>ἀγα-</span> 
     </span>
    </p>
   </div>
   <div class='ocr_carea' id='block_1_116' title="bbox 2112 5342 3005 5416">
    <p class='ocr_par' dir='ltr' id='par_1_116' title="bbox 2112 5342 3005 5416">
     <span class='ocr_line' id='line_1_116' title="bbox 2112 5342 3005 5416; baseline 0 -18"><span class='ocrx_word' id='word_1_889' title='bbox 2112 5345 2306 5416; x_wconf 83' lang='grc' dir='ltr'>πῶμεν</span> <span class='ocrx_word' id='word_1_890' title='bbox 2326 5343 2492 5399; x_wconf 81' lang='grc' dir='ltr'>αὐτοῦ</span> <span class='ocrx_word' id='word_1_891' title='bbox 2521 5342 2619 5415; x_wconf 82' lang='grc' dir='ltr'><strong>τὴν</strong></span> <span class='ocrx_word' id='word_1_892' title='bbox 2643 5342 3005 5414; x_wconf 86' lang='grc' dir='ltr'>ἀκαθαρσίαν.</span> 
     </span>
    </p>
   </div>
   <div class='ocr_carea' id='block_1_117' title="bbox 2183 5429 3702 5507">
    <p class='ocr_par' dir='ltr' id='par_1_117' title="bbox 2183 5429 3702 5507">
     <span class='ocr_line' id='line_1_117' title="bbox 2183 5429 3702 5507; baseline -0.004 -17"><span class='ocrx_word' id='word_1_893' title='bbox 2183 5444 2279 5491; x_wconf 84' lang='grc' dir='ltr'>κε’.</span> <span class='ocrx_word' id='word_1_894' title='bbox 2319 5435 2703 5507; x_wconf 84' lang='grc' dir='ltr'>Παρεκάλεσεν</span> <span class='ocrx_word' id='word_1_895' title='bbox 2727 5437 2755 5489; x_wconf 94' lang='lat'><strong>6</strong></span> <span class='ocrx_word' id='word_1_896' title='bbox 2781 5435 2955 5498; x_wconf 78' lang='grc' dir='ltr'>ἀδδᾶς</span> <span class='ocrx_word' id='word_1_897' title='bbox 2984 5435 3194 5505; x_wconf 86' lang='grc' dir='ltr'>Ποιμὴν</span> <span class='ocrx_word' id='word_1_898' title='bbox 3215 5432 3377 5487; x_wconf 76' lang='grc' dir='ltr'>αὐτὸν</span> <span class='ocrx_word' id='word_1_899' title='bbox 3405 5431 3543 5503; x_wconf 81' lang='grc' dir='ltr'>μετὰ</span> <span class='ocrx_word' id='word_1_900' title='bbox 3572 5429 3702 5485; x_wconf 78' lang='grc' dir='ltr'>πολ.-</span> 
     </span>
    </p>
   </div>
   <div class='ocr_carea' id='block_1_118' title="bbox 2113 5520 3696 5601">
    <p class='ocr_par' dir='ltr' id='par_1_118' title="bbox 2113 5520 3696 5601">
     <span class='ocr_line' id='line_1_118' title="bbox 2113 5520 3696 5601; baseline -0.004 -17"><span class='ocrx_word' id='word_1_901' title='bbox 2113 5531 2220 5585; x_wconf 92' lang='grc' dir='ltr'><strong>λῶν</strong></span> <span class='ocrx_word' id='word_1_902' title='bbox 2263 5529 2538 5601; x_wconf 83' lang='grc' dir='ltr'>δακρύων,</span> <span class='ocrx_word' id='word_1_903' title='bbox 2585 5529 2794 5598; x_wconf 74' lang='grc' dir='ltr'>λέγων’</span> <span class='ocrx_word' id='word_1_904' title='bbox 2840 5529 2975 5582; x_wconf 88' lang='grc' dir='ltr'>Εἰπέ</span> <span class='ocrx_word' id='word_1_905' title='bbox 3027 5546 3115 5600; x_wconf 89' lang='grc' dir='ltr'>μοι</span> <span class='ocrx_word' id='word_1_906' title='bbox 3160 5528 3312 5598; x_wconf 78' lang='grc' dir='ltr'>ῥῆμα</span> <span class='ocrx_word' id='word_1_907' title='bbox 3349 5525 3465 5589; x_wconf 87' lang='grc' dir='ltr'><strong>πῶς</strong></span> <span class='ocrx_word' id='word_1_908' title='bbox 3514 5520 3696 5578; x_wconf 85' lang='grc' dir='ltr'>σωθῶ.</span> 
     </span>
    </p>
   </div>
   <div class='ocr_carea' id='block_1_119' title="bbox 2127 5611 3700 5691">
    <p class='ocr_par' dir='ltr' id='par_1_119' title="bbox 2127 5611 3700 5691">
     <span class='ocr_line' id='line_1_119' title="bbox 2127 5611 3700 5691; baseline -0.004 -18"><span class='ocrx_word' id='word_1_909' title='bbox 2127 5618 2474 5688; x_wconf 73' lang='grc' dir='ltr'>Ἀποκριθεὶς</span> <span class='ocrx_word' id='word_1_910' title='bbox 2505 5618 2562 5672; x_wconf 84' lang='grc' dir='ltr'><strong>δέ</strong></span> <span class='ocrx_word' id='word_1_911' title='bbox 2594 5621 2623 5672; x_wconf 93' lang='lat'><strong>6</strong></span> <span class='ocrx_word' id='word_1_912' title='bbox 2661 5619 2840 5691; x_wconf 89' lang='grc' dir='ltr'>γέρων</span> <span class='ocrx_word' id='word_1_913' title='bbox 2877 5613 3036 5671; x_wconf 76' lang='grc' dir='ltr'>εἶπεν</span> <span class='ocrx_word' id='word_1_914' title='bbox 3073 5616 3256 5688; x_wconf 77' lang='grc' dir='ltr'>αὐτῷ’</span> <span class='ocrx_word' id='word_1_915' title='bbox 3294 5615 3367 5671; x_wconf 84' lang='grc' dir='ltr'><strong>Τὸ</strong></span> <span class='ocrx_word' id='word_1_916' title='bbox 3403 5615 3636 5688; x_wconf 81' lang='grc' dir='ltr'>πρᾶγμα</span> <span class='ocrx_word' id='word_1_917' title='bbox 3665 5611 3700 5667; x_wconf 82' lang='grc' dir='ltr'><strong>δ</strong></span> 
     </span>
    </p>
   </div>
   <div class='ocr_carea' id='block_1_120' title="bbox 2115 5710 3266 5788">
    <p class='ocr_par' dir='ltr' id='par_1_120' title="bbox 2115 5710 3266 5788">
     <span class='ocr_line' id='line_1_120' title="bbox 2115 5710 3266 5788; baseline 0 -22"><span class='ocrx_word' id='word_1_918' title='bbox 2115 5714 2316 5786; x_wconf 77' lang='grc' dir='ltr'>ζητεῖς,</span> <span class='ocrx_word' id='word_1_919' title='bbox 2354 5712 2562 5788; x_wconf 82' lang='grc' dir='ltr'>ἀπῆλθε</span> <span class='ocrx_word' id='word_1_920' title='bbox 2591 5713 2686 5768; x_wconf 81' lang='grc' dir='ltr'>νῦν</span> <span class='ocrx_word' id='word_1_921' title='bbox 2718 5713 2826 5768; x_wconf 78' lang='grc' dir='ltr'><strong>ἀπὸ</strong></span> <span class='ocrx_word' id='word_1_922' title='bbox 2857 5711 2964 5766; x_wconf 88' lang='grc' dir='ltr'><strong>τῶν</strong></span> <span class='ocrx_word' id='word_1_923' title='bbox 2996 5710 3266 5786; x_wconf 85' lang='grc' dir='ltr'>μοναχῶν.</span> 
     </span>
    </p>
   </div>
  </div>
