4012 6208
292 348 410 403 επι

1448 346 2071 406 APOPHTHEGMATA
2110 348 2422 406 PATRUM.

3478 365 3584 422 2'71

374 465 490 519 κ,’.
537 455 827 529 Παρέσαλέ
869 473 1003 512 ποτε
1043 459 1073 510 6
1111 457 1285 523 ἀὸϐἄς
1313 460 1602 534 Μακάριος
1634 465 1713 536 τῷ
1755 465 1900 538 ἀϐὁᾷ

2073 465 2170 522 26.
2210 465 2523 538 Aliquando
2541 466 2792 524 abbatem
2816 472 3114 529 Antonium
3133 478 3392 533 convenit
3413 479 3586 538 abbas

315 547 589 618 ’Λντωνίῳ
614 565 628 579 ·
667 549 765 603 καὶ
792 548 1040 621 λαλήσας
1073 551 1246 624 αὐτῷ,
1280 553 1621 626 ὑπέστρεψεν
1645 558 1726 620 είς
1753 559 1898 628 Σκῆ-

2003 555 2302 624 Macarius,
2332 559 2630 632 habitoque
2675 560 2742 614 ad
2786 577 2911 618 eum
2943 580 3216 633 sermone,
3248 568 3452 626 Scetim
3495 588 3585 627 re-
3652 541 3676 570 ὀ

315 657 412 692 ειν.
443 641 552 694 Καὶ
577 635 744 710 ἦλθον
767 641 818 694 οἱ
851 642 1094 714 Πατέρες
1115 644 1197 708 είς
1224 644 1536 718 ἀπάντησιν
1564 647 1750 703 αὑτοῦ.
1785 649 1898 704 Καὶ

2026 666 2195 708 tersus
2221 660 2324 709 est.
2359 651 2589 708 Obviam
2639 653 2686 708 ei
2739 669 3128 725 processerunt
3155 659 3366 718 Patres.
3407 663 3472 718 Et
3527 664 3584 719 in

305 731 383 795 ὡς
411 731 654 799 ἐλάλουν,
697 728 852 788 εἶπεν
885 735 1072 799 αὐτοῖς
1098 735 1129 788 6
1171 735 1379 808 γέρων·
1420 739 1600 812 Ἐφην
1636 739 1716 812 τῷ
1753 741 1900 814 ἀὸϐᾷ

319 825 628 896 ⁹Δντωνίῳ.
665 827 742 891 ώς
780 828 881 882 οὐκ
916 827 1116 900 ἔχομεν
1165 833 1485 904 προσφορὰν
1528 836 1588 888 έν
1629 835 1707 906 τῷ
1747 836 1900 908 τόπῳ

306 915 484 985 ἡμῶν.
532 917 646 970 Kal
680 914 914 988 ἤρξαντο
951 921 1001 973 oi
1041 920 1285 994 Πατέρες
1317 921 1498 976 λαλεῖν
1538 925 1667 996 περὶ
1703 925 1902 990 ἀλλων,

304 1011 402 1062 καὶ
442 1009 548 1064 οὐκ
576 1009 872 1082 ἠρώτησαν
911 1010 994 1066 ἔτι
1039 1012 1231 1084 μαθεῖν
1273 1013 1373 1087 τὴν
1411 1015 1708 1090 ἀπόκρισιν
1749 1018 1903 1090 παρά

301 1098 401 1152 τοῦ
429 1100 711 1170 γέροντος,
746 1101 872 1156 οὔτε
909 1105 938 1158 6
972 1104 1153 1176 γέρων
1186 1105 1374 1172 αὐτοῖς
1410 1103 1556 1166 εἷπε.
1596 1111 1770 1166 Τοῦτο
1807 1107 1908 1166 οὖν

304 1188 462 1258 ἔλεγέ
498 1208 584 1254 τις
611 1191 720 1246 τῶν
758 1192 1040 1264 Πατέρων,
1075 1195 1158 1249 ὅτι
1194 1197 1292 1250 έάν
1342 1198 1526 1252 ῐδωσιν
1565 1202 1616 1254 οἱ
1657 1202 1904 1274 Πατέρες

302 1280 389 1334 ὃτι
443 1280 701 1336 λανθάνει
743 1286 871 1349 τοὺς
918 1285 1185 1356 ἀδελφοὺς
1229 1288 1311 1360 τῷ
1351 1289 1394 1322 ⁸⁸
1449 1292 1730 1364 ἐρωτῆσαι
1774 1296 1906 1366 περὶ

305 1373 635 1444 πράγματος
651 1375 992 1442 ὠφελοῦντος
1018 1379 1236 1447 αὐτοὺς,
1255 1381 1658 1452 ἀναγκάζουσιν
1679 1386 1907 1450 ἑαυτοὺς

305 1467 487 1519 εἰπεῖν
508 1466 684 1537 ἀρχὴν
704 1467 800 1521 τοῦ
829 1467 991 1539 λόγου
1015 1489 1028 1502 ·
1057 1472 1152 1524 ὲάν
1181 1472 1240 1525 δὲ
1274 1473 1350 1546 μὴ
1377 1475 1775 1544 ἀναγκασθῶσι
1804 1467 1928 1532 ’πα-⁸

292 1556 386 1628 ,ρά
414 1557 523 1610 τῶν
553 1559 822 1628 ἀδελψῶν,
863 1562 966 1616 οὐκ
996 1561 1077 1616 ἔτι
1117 1563 1341 1619 λαλοῦσι
1371 1566 1464 1620 τὸν
1489 1566 1646 1636 λόγον
1664 1585 1678 1600 ·
1713 1569 1800 1624 ἵνα
1827 1570 1905 1642 μὴ

306 1649 611 1720 εὑρεθῶσιν
637 1651 718 1716 ὠς
752 1653 830 1725 μὴ
873 1654 1296 1728 ἐπερωτώμενοι
1329 1657 1423 1712 καὶ
1462 1657 1771 1726 λαλοῦντες,
1810 1661 1908 1715 καὶ

305 1740 386 1804 ὡς
413 1743 714 1814 ἀργολογία
741 1745 1086 1818 εὑρίσκηται.

2002 743 2278 813 colloquio
2301 744 2378 798 ait
2411 745 2520 801 illis
2554 761 2756 800 senex:
2785 747 2978 801 Abbati
3003 747 3241 804 Antonio
3264 753 3398 818 dixi,
3435 757 3583 824 quod

2002 831 2059 887 in
2093 833 2216 889 loco
2249 844 2442 891 nostro
2473 851 2764 892 careamus
2793 837 3094 894 oblatione.
3144 841 3442 912 Coeperunt
3476 846 3584 900 Pa-

2002 933 2115 981 tres
2146 927 2416 984 disserere
2443 929 2564 984 aliis
2593 930 2660 985 de
2693 930 2876 997 rebus,
2939 946 3042 986 nec
3079 934 3451 1002 requisierunt
3503 953 3587 991 re-

2003 1033 2272 1090 Sponsum
2307 1021 2520 1076 discere
2545 1037 2576 1074 a
2606 1036 2759 1088 sene,
2796 1039 2898 1080 nec
2929 1038 3095 1080 senex
3139 1025 3220 1081 eis
3270 1029 3588 1097 prolocutus

2004 1119 2108 1166 est.
2134 1111 2246 1167 Hoc
2278 1127 2410 1184 ergo
2460 1115 2851 1184 pronuntiabat
2900 1115 3123 1171 Patrum
3154 1118 3377 1188 quidam
3411 1139 3424 1174 :
3450 1120 3587 1176 Cum

2004 1203 2248 1259 viderint
2271 1202 2489 1271 Patres,
2520 1221 2550 1260 e
2582 1205 2814 1262 fratrum
2840 1210 3105 1264 memoria
3144 1211 3398 1267 excidere
3429 1219 3488 1267 ut
3514 1215 3594 1268 in-

2004 1301 2284 1365 terrogent
2315 1294 2384 1351 de
2423 1312 2482 1352 re
2534 1296 2602 1353 iis
2649 1297 2792 1364 utili,
2845 1301 3231 1356 necessitatem
3273 1302 3381 1357 sibi
3417 1303 3593 1374 impn-

2004 1391 2148 1438 nunt
2179 1385 2514 1457 principium
2563 1387 2835 1443 orationis
2885 1387 3237 1459 proferendi:
3272 1392 3422 1462 quod
3461 1394 3512 1448 si
3560 1410 3592 1448 a

2008 1477 2275 1534 fratribus
2306 1495 2416 1534 non
2447 1479 2762 1552 adigantur,
2792 1496 2905 1536 non
2939 1492 3349 1554 persequuntur
3379 1499 3596 1541 εει-πιθα

2006 1585 2155 1636 nem,
2189 1579 2247 1625 ut
2295 1587 2366 1627 ne
2404 1571 2885 1642 deprehendantur
2929 1574 3101 1629 locuti
3135 1591 3316 1647 neque
3355 1577 3594 1634 interro-

2006 1661 2140 1733 gati,
2173 1662 2536 1735 videaturque
2559 1680 2686 1723 esse
2713 1666 2896 1724 otiosa
2939 1666 3179 1739 loquela.

379 1833 486 1898 κζ’.
509 1836 827 1908 Ἦρώτησεν
852 1839 882 1892 6
910 1839 1085 1904 ἀϐὅᾶς
1122 1842 1351 1909 Ἡσαΐας
1372 1844 1466 1900 τὸν
1492 1845 1670 1901 ἀϐὁᾶν
1698 1846 1900 1902 Μακά-

2073 1846 2164 1901 27.
2201 1845 2360 1904 llunc
2386 1849 2443 1905 in
2479 1851 2702 1908 modum
2731 1861 3088 1925 percontatus
3125 1862 3210 1912 est
3231 1855 3401 1911 abbas
3427 1853 3597 1912 Isaias

308 1941 454 1996 ριον,
484 1926 666 1996 λέγων
687 1946 702 1960 ·
743 1929 875 1984 Εἰπέ
916 1949 1008 2003 μοι
1041 1933 1214 2005 ῥῆμα.
1244 1937 1358 1992 Kal
1385 1937 1535 2008 λέγει
1562 1938 1714 2010 αὐτῷ
1739 1941 1769 1994 6
1803 1939 1902 2008 γέ-

309 2034 463 2089 ρων·
504 2019 678 2089 Φεῦγε
719 2023 843 2086 τοὺς
887 2023 1226 2096 ἀνθρώπους.
1273 2029 1439 2098 Λέγει
1483 2029 1633 2101 αὑτῷ
1670 2031 1700 2084 6
1729 2030 1904 2096 ἀόσᾶς

317 2110 594 2176 Ἡσαΐας·
631 2113 693 2166 Τί
723 2114 838 2168 ἐστι
867 2115 930 2168 τὸ
955 2117 1180 2186 φεύγειν
1211 2119 1340 2184 τοὺς
1363 2120 1720 2193 ἀνθρώπους;
1764 2123 1823 2177 '0
1846 2123 1905 2177 δὲ

309 2203 499 2276 γέρων
542 2200 694 2260 εἶπεν
726 2207 903 2280 αὐτῷ·
942 2211 1020 2285 T6
1047 2212 1273 2268 καθίσαι
1314 2217 1396 2280 εἰς
1432 2215 1495 2269 τὸ
1527 2216 1738 2272 κελλίον
1772 2235 1866 2272 σου
1887 2260 1902 2285 ,

307 2297 409 2349 καὶ
443 2295 674 2354 κλαῦσαι
701 2301 802 2365 τὰς
829 2283 1108 2376 ἁμαρτίας
1145 2321 1262 2362 σου.

384 2397 494 2460 κη’.
549 2391 778 2462 Ἔλεγεν
811 2397 840 2448 6
871 2396 1046 2461 ἀσὸἆς
1090 2399 1431 2476 Παφνούτιος
1463 2401 1493 2454 6
1525 2401 1773 2474 μαθητὴς
1809 2402 1906 2458 τοῦ

308 2483 460 2538 ἀδεᾶ
491 2487 804 2559 Μακαρίου,
839 2491 923 2544 ὅτι
969 2492 1330 2565 Παρεκάλεσα
1376 2495 1470 2548 τὸν
1505 2495 1730 2568 Πατέρα
1763 2514 1866 2568 μου
1889 2538 1905 2563 ,

308 2577 489 2648 λέγων
508 2596 523 2610 ·
554 2581 690 2634 Εἰπέ
725 2601 816 2652 μοι
844 2583 1023 2653 λόγον.
1069 2585 1127 2640 '0
1149 2586 1206 2640 δὲ
1232 2586 1338 2658 ἔφη
1359 2605 1373 2620 ·
1402 2587 1495 2660 Μὴ
1526 2591 1908 2665 κακοποιήσῃς

310 2670 440 2722 τινὰ
459 2710 473 2734 ,
506 2672 643 2742 μηδὲ
668 2674 1007 2748 κατακρίνῃς
1030 2676 1173 2731 τινά.
1198 2677 1385 2731 Ταῦτα
1415 2679 1592 2749 τήρει,
1615 2679 1712 2733 καὶ
1736 2678 1904 2753 σώζῃ.

390 2759 496 2812 κθ’.
531 2757 700 2816 Εἶπεν
739 2765 768 2817 6
805 2763 984 2829 ἀσὸἆς
1025 2767 1345 2840 Μακάριος·
1383 2769 1476 2841 Μὴ
1517 2769 1791 2842 κοιμηθῇς
1829 2773 1912 2836 εἰς

316 2849 530 2905 κελλίον
561 2853 798 2923 ἀδελφοῦ
822 2855 1039 2928 ἔχοντος
1069 2860 1246 2932 κακὴν
1273 2861 1480 2933 φήμην.

388 2943 458 2996 λ’.
493 2945 811 3017 Παρέὸαλόν
837 2966 969 3002 ποτε
1001 2950 1080 3021 τῷ
1102 2950 1246 3023 ἀϐΰᾷ
1282 2952 1558 3025 Μακαρίῳ
1589 2952 1811 3024 ἀδελφοὶ
1831 2955 1914 3020 είς

316 3037 545 3109 Σκῆτιν,
570 3040 666 3093 xal
695 3040 794 3112 οὐχ
832 3035 993 3114 εὖρον
1019 3044 1080 3097 ὲν
1113 3043 1191 3116 τῷ
1217 3044 1415 3115 κελλίῳ
1443 3044 1608 3102 αὑτοῦ
1655 3047 1830 3110 οὐδὲν,
1863 3049 1914 3102 εί

321 3131 400 3204 μὴ
427 3130 573 3206 ὕδωρ
607 3134 836 3206 σαπρόν.
869 3136 980 3191 Kal
1011 3135 1261 3207 λέγουσιν
1304 3139 1486 3211 αὐτῷ·
1533 3139 1723 3205 ⁹Δ66ᾶ,
1757 3140 1916 3214 δεῦρο

320 3225 440 3279 ἀνω
462 3226 543 3289 είς
566 3226 666 3298 τὴν
693 3227 910 3302 κώμην,
940 3229 1036 3283 καὶ
1057 3231 1412 3303 ἀναπαύομέν
1437 3250 1518 3286 σε.
1540 3234 1705 3302 Λέγει
1730 3234 1917 3299 αὐτοῖς

317 3319 350 3372 6
376 3318 586 3391 γέρων·
622 3319 838 3384 Οἴδατε,
880 3322 1120 3392 ἀδελφοὶ,
1145 3323 1206 3376 τὸ
1233 3325 1591 3394 ἀρτοκοπεῖον
1623 3326 1717 3380 τοῦ
1746 3327 1918 3391 δεῖνος

320 3409 405 3471 είς
426 3409 529 3479 τὴν
555 3408 781 3482 κώμην;
823 3411 933 3466 Kal
971 3411 1227 3482 λέγουσιν
1260 3415 1410 3486 αὑτῷ
1430 3435 1442 3448 ·
1467 3417 1597 3472 Ναί.
1631 3417 1776 3490 Ἔφη
1816 3418 1919 3472 αὐ-

321 3502 440 3562 τοῖς
465 3501 493 3553 6
516 3500 697 3572 γέρων
717 3519 731 3534 ·
771 3503 944 3572 Κάγὼ
969 3501 1089 3560 οἶδα
1115 3506 1268 3563 αὑτό.
1297 3508 1491 3564 Οἴδατε
1520 3510 1618 3564 καὶ
1634 3511 1697 3565 τὸ
1717 3512 1919 3585 χωρίον

321 3590 421 3644 τοῦ
457 3592 628 3656 δεῖνος
659 3595 793 3648 ὅπου
823 3598 852 3650 6
884 3599 1132 3669 ποταμὸς
1160 3599 1382 3672 κρούεις
1415 3601 1685 3672 Λέγουσιν
1726 3604 1916 3676 αὐτῷ·

324 3680 457 3734 Ναί.
497 3681 658 3750 Λέγει
702 3685 886 3750 αὐτοῖς
911 3688 940 3740 6
971 3687 1170 3759 γέρων·
1219 3689 1390 3759 Κάγὼ
1435 3687 1553 3745 οἶδα
1604 3693 1756 3749 αὐτό.
1791 3695 1921 3749 Ὅτε

324 3766 421 3825 οὖν
459 3770 630 3840 θέλω,
659 3775 721 3829 οὒ
754 3775 946 3848 χρείαν
985 3779 1140 3850 ὑμῶν
1183 3779 1331 3853 ἔχω,
1373 3781 1488 3837 ἀλλ’
1533 3784 1758 3857 ὲμαυτῷ
1796 3785 1922 3840 ἀνα-

327 3859 482 3926 ϐάζω
510 3865 578 3917 ⁵⁸.

398 3953 498 4008 λα’.
537 3955 763 4026 Ἔλεγον
793 3959 924 4031 περὶ
948 3959 1044 4014 τοῦ
1074 3961 1220 4016 ἀδεᾶ
1243 3963 1552 4036 Μακαρίου,
1579 3965 1662 4019 ὅτι
1683 3968 1730 4020 εί
1751 3984 1924 4040 προσ-

331 4043 532 4116 ήρχετο
559 4049 710 4120 αὐτῷ
742 4051 990 4122 ἀδελφὸς,
1032 4053 1108 4117 ὡς
1142 4043 1284 4126 ἀγίῳ
1316 4055 1537 4128 γέροντι
1582 4057 1676 4111 καὶ
1703 4059 1926 4131 μεγάλῳ

335 4137 473 4207 μετά
505 4139 697 4209 φόὁου,
713 4139 866 4197 οὐδὲν
881 4144 1058 4198 ἐλάλει
1079 4144 1248 4216 αὐτῷ.
1277 4147 1341 4200 Ei
1367 4146 1424 4200 δὲ
1449 4146 1634 4216 ἔλεγεν
1663 4149 1812 4221 αὐτῷ
1841 4167 1927 4215 τις

330 4229 441 4283 τῶν
465 4231 713 4301 ἀδελφῶν
746 4233 821 4296 ὡς
851 4234 1143 4300 έξουθενῶν
1181 4236 1342 4290 αὐτόν
1363 4255 1378 4269 ·
1429 4236 1621 4299 ’Λ66ᾶ.
1653 4231 1762 4309 ἆρα
1795 4239 1925 4294 ὅταν

329 4315 399 4392 ἧς
422 4324 737 4396 καμηλίτης
769 4327 865 4380 καὶ
892 4326 1155 4392 ἔκλεπτες
1176 4329 1357 4400 νίτρον
1378 4329 1474 4383 καὶ
1505 4329 1737 4394 ἐπώλεις
1769 4331 1924 4400 αὐτὸ,

329 4416 434 4469 οὐκ
479 4417 666 4489 ἔδερόν
712 4436 772 4472 σε
811 4421 860 4473 oi
897 4421 1135 4492 τηρηταί
1181 4421 1347 4488 “;Ei
1396 4420 1573 4476 ταῦτά
1613 4438 1698 4486 τις
1739 4421 1926 4493 ἔλεγεν

330 4509 504 4583 αὐτῷ,
536 4510 715 4567 έλάλει
737 4512 886 4585 αὐτῷ
911 4513 1050 4585 μετά
1077 4516 1274 4586 χαρᾶς,
1314 4514 1434 4569 εῐτι
1461 4514 1622 4572 αὑτὸν
1646 4515 1854 4588 ἠρώτα.

403 4695 510 4750 λον.
550 4695 780 4765 ἐλεγον
803 4695 934 4769 περὶ
957 4695 1050 4751 τοῦ
1074 4695 1221 4750 ἀεϐᾶ
1238 4695 1529 4769 Μακαρίου
1548 4696 1642 4752 τοῦ
1663 4698 1929 4770 μεγάλου,

336 4787 422 4841 δτι
444 4787 639 4857 γέγονε
673 4788 858 4852 καθώς
908 4790 1025 4842 ἐστι
1062 4788 1451 4860 γεγραμμένον
1485 4787 1606 4853 θεὸς
1646 4789 1924 4858 ἐπίγειος,

334 4881 418 4934 ὅτι
441 4879 630 4953 ὥσπερ
654 4881 806 4935 ἐστὶν
833 4884 862 4936 6
890 4881 1024 4946 Θεὸς
1046 4879 1341 4944 σκεπάζων
1361 4880 1456 4934 τὸν
1483 4881 1690 4952 κόσμον
1708 4917 1732 4944 ,
1748 4880 1927 4946 οὕτως

335 4972 564 5041 γέγονεν
607 4973 636 5025 6
681 4972 862 5037 ἀδϐᾶς
907 4972 1193 5043 Μακάριος
1247 4969 1539 5034 σκεπάξων
1583 4970 1654 5025 τά
1689 4971 1930 5027 ἐλαττώ-

340 5083 511 5136 ματα,
537 5065 574 5120 ἃ.
592 5065 822 5120 ἔϐλεπεν
853 5064 928 5130 ὡς
961 5064 1037 5136 μὴ
1059 5063 1294 5136 βλέπων,
1327 5062 1424 5117 xal
1453 5061 1491 5118 ἃ.
1520 5063 1718 5135 ἤκουεν
1740 5063 1818 5129 ὡς
1852 5064 1929 5137 μὴ

335 5157 576 5216 ἀκούων.

410 5251 516 5320 λδί.
570 5241 884 5325 Δίηγήσατο
937 5254 967 5306 6
1017 5253 1193 5318 6665.;
1236 5253 1506 5324 Βιτίμιος,
1549 5253 1634 5307 ὅτι
1672 5251 1858 5321 ἔλεγεν
1901 5255 1930 5307 6

336 5345 518 5410 ἀῦὂᾶς
547 5347 866 5420 Μακάριος·
905 5346 1236 5419 Καθημένου
1281 5345 1381 5418 μού
1417 5362 1548 5400 ποτε
1581 5346 1661 5408 εἰς
1700 5345 1921 5416 Σκῆτιν,

338 5437 653 5508 κατέδησαν
684 5438 782 5494 δύο
811 5438 1072 5512 νεώτεροι
1104 5439 1309 5507 ξενικοὶ
1349 5439 1495 5494 ἐκεῖ·
1526 5438 1620 5493 καὶ
1651 5439 1680 5493 6
1710 5438 1809 5511 μὲν
1842 5434 1926 5503 εἷς

413 5604 458 5638 ⁸⁸
487 5604 574 5659 ΔΙ.
603 5603 689 5658 τό.
767 5603 812 5635 ⁸¹
836 5600 944 5659 Pro
972 5601 1310 5669 ἀναϐιϐάζω.
1387 5601 1434 5634 ⁸³
1460 5601 1546 5659 Al.
1580 5603 1788 5675 κριταί.

414 5764 494 5835 (5)
545 5763 651 5818 Vit.
693 5762 847 5835 Patr.
873 5781 970 5827 xu,
999 5763 1056 5818 2.

416 5828 495 5910 (6)
529 5833 769 5905 Append.
801 5851 855 5908 p.
889 5835 1050 5905 1006,
1101 5851 1159 5893 n.
1198 5833 1337 5905 107;
1372 5829 1662 5892 Conuitut.
1702 5828 1928 5902 apostol.

2008 1935 2262 1994 abbatem
2309 1939 2645 2000 Macarium:
2703 1945 2900 2002 Profer
2946 1948 3082 2003 mihi
3140 1949 3492 2005 sententiam.
3530 1947 3597 2002 Et

2007 2028 2148 2083 dixit
2164 2031 2213 2086 ei
2243 2047 2443 2089 senex:
2476 2034 2738 2094 Homines
2763 2038 2910 2110 fuge.
2936 2039 3157 2096 Rursus
3191 2040 3364 2095 abbas
3387 2038 3592 2095 Isaias:

2009 2122 2154 2190 Quid
2192 2133 2278 2182 est
2308 2126 2496 2199 fugere
2546 2130 2844 2205 homines?
2880 2132 3059 2190 Senex
3092 2150 3222 2191 vero
3259 2154 3272 2189 :
3301 2134 3504 2192 Sedere
3539 2133 3595 2188 in

2009 2215 2146 2271 cella
2181 2223 2298 2284 tua,
2323 2228 2379 2274 et
2405 2218 2606 2278 deﬂere
2630 2227 2724 2277 tua
2753 2231 3003 2292 peccata.

2080 2394 2294 2451 28.Hoc
2315 2394 2587 2452 referebat
2605 2397 2774 2454 abbas
2793 2397 3156 2470 Paphnutius,
3173 2398 3482 2469 discipulus
3499 2399 3598 2455 ah-
3621 2379 3630 2390 ‘

2011 2488 2157 2545 batis
2185 2488 2428 2545 Macarii:
2458 2488 2895 2561 RogaviPatrem
2909 2505 3115 2555 meum,
3149 2497 3210 2546 ut
3237 2490 3440 2560 aliquid
3465 2491 3599 2544 mihi

2013 2583 2236 2639 diceret.
2292 2581 2444 2640 Illius
2478 2593 2659 2640 autem
2684 2584 2860 2640 oratio
2886 2582 3023 2639 fuit:
3056 2583 3338 2642 Neminem
3370 2585 3598 2648 laeseris,

2015 2675 2286 2731 neminem
2311 2675 2778 2732 condemnaveris.
2798 2674 2925 2732 Haec
2938 2677 3188 2741 observa,
3205 2686 3259 2733 et
3275 2677 3461 2734 salvus
3481 2677 3598 2734 fies.

2084 2764 2176 2820 29.
2207 2763 2356 2820 Dixit
2389 2766 2561 2822 abbas
2591 2763 2898 2821 Hacarius:
2936 2763 3062 2820 Noli
3083 2765 3326 2821 dormire
3362 2769 3417 2820 in
3461 2767 3602 2822 cella

2017 2854 2203 2912 fratris
2225 2857 2320 2928 qui
2347 2858 2545 2912 malam
2580 2856 2781 2912 famam
2814 2857 2997 2913 habet.

2087 2948 2178 3004 30.
2211 2949 2583 3006 Aceesserunt
2633 2949 2931 3020 aliquando
2973 2948 3176 3005 fratres
3225 2948 3294 3003 ad
3351 2947 3604 3003 abbatem

2020 3040 2320 3098 Maearium
2357 3041 2502 3098 Sceti
2552 3051 2826 3116 agentem,
2884 3057 2986 3097 nec
3019 3040 3321 3112 quidquam
3373 3042 3604 3096 invene-

2021 3140 2152 3188 runt
2184 3131 2240 3188 in
2269 3133 2407 3188 cella
2425 3133 2567 3202 ejus,
2598 3133 2704 3189 nisi
2731 3147 2930 3204 aquam
2955 3130 3252 3202 putridam.
3286 3129 3486 3185 Dicunt
3514 3131 3562 3186 ei
3587 3148 3602 3185 :

2023 3223 2197 3290 Abba,
2237 3226 2473 3281 ascende
2520 3228 2574 3280 in
2624 3239 2846 3296 pagum,
2888 3223 3200 3280 reiiciemus
3245 3231 3318 3279 te.
3379 3222 3608 3293 Excepit

2023 3332 2222 3373 senex:
2251 3316 2462 3382 Nostis,
2513 3317 2735 3385 fratres,
2787 3317 2938 3373 illius
2972 3317 3098 3374 talis
3131 3315 3372 3374 hominis
3421 3317 3612 3388 pistri-

2022 3424 2155 3464 num
2189 3409 2244 3464 in
2281 3410 2464 3482 pago?
2513 3409 2906 3482 Respondent:
2962 3407 3166 3464 Etiam.
3208 3406 3346 3464 Tum
3400 3423 3606 3464 senex:

2023 3500 2138 3574 Ego
2167 3516 2388 3574 quoque
2444 3502 2595 3558 novi.
2633 3502 2802 3558 Scitis
2856 3508 2912 3558 et
2966 3500 3234 3573 pradium
3286 3500 3458 3564 illius,
3516 3499 3612 3555 ubi

2023 3592 2225 3649 ﬂuvius
2250 3593 2411 3650 salit?
2437 3593 2644 3648 Aiunt:
2680 3592 2922 3648 Scimus.
2955 3590 3068 3664 Ego
3090 3606 3311 3662 quoque
3355 3591 3494 3656 scio,
3524 3591 3614 3645 in-

2024 3687 2140 3758 quit
2195 3702 2384 3744 senex.
2426 3684 2657 3752 Quando
2691 3684 2856 3756 igitur
2881 3685 3081 3756 placet,
3125 3684 3296 3740 vestri
3331 3698 3470 3754 opus
3499 3698 3610 3739 non

2026 3779 2222 3840 habeo,
2245 3776 2342 3832 sed
2381 3775 2516 3830 mihi
2541 3783 2793 3846 apporto.

2096 3961 2185 4016 ³51.
2223 3959 2301 4034 (5)
2329 3958 2570 4016 Aiebam
2610 3959 2681 4016 de
2723 3960 2919 4016 abbate
2945 3959 3210 4026 Macario,
3251 3956 3398 4029 quod
3451 3957 3496 4012 si
3543 3957 3612 4012 ad

2025 4067 2153 4109 eum
2201 4051 2494 4108 accederet
2549 4053 2742 4120 frater,
2796 4067 2923 4107 cum
2963 4053 3184 4117 timore,
3234 4060 3502 4120 tanquam
3543 4051 3613 4104 ad

2027 4153 2278 4200 sanetum
2321 4150 2378 4199 et
2408 4158 2666 4216 magnum
2723 4158 2934 4208 senem,
2970 4143 3109 4198 nihil
3163 4146 3212 4198 ei
3260 4141 3612 4212 loquebatur.

2029 4233 2084 4289 Si
2121 4249 2249 4289 vero
2293 4233 2526 4288 fratrum
2578 4234 2851 4305 quispiam
2907 4241 3164 4304 tanquam
3201 4233 3355 4289 nihili
3401 4233 3614 4289 faciens

2027 4327 2075 4382 ei
2124 4324 2362 4382 diceret:
2398 4327 2574 4394 Abba,
2627 4325 2849 4398 quando
2888 4326 3398 4389 eras-camelarius,
3439 4334 3492 4381 et
3526 4325 3614 4380 ni-

2029 4430 2174 4475 trum
2211 4419 2506 4484 furabaris,
2536 4434 2601 4474 ac
2622 4419 2920 4484 vendebas,
2953 4433 3134 4474 nonne
3157 4419 3528 4475 verberabant
3563 4427 3616 4474 te

1955 4553 2001 4610 υ
2029 4513 2325 4569 custodes?
2357 4511 2414 4566 Si
2463 4513 2538 4566 ita
2578 4512 2705 4583 quis
2753 4517 2898 4567 esset
2946 4512 3289 4582 prolocutus,
3325 4511 3456 4566 huic
3485 4527 3614 4566 cum

2033 4607 2233 4679 gaudio
2302 4609 2346 4662 si
2385 4605 2517 4677 quid
2550 4606 2965 4674 interrogasset,
2998 4619 3326 4675 responsum
3357 4603 3544 4658 dabat.

2105 4704 2175 4759 52
2225 4699 2315 4771 (6)
2340 4702 2414 4758 De
2469 4701 2670 4756 abbate
2719 4700 2959 4754 Macario
3010 4713 3211 4768 magno
3268 4698 3611 4760 asserebant,

2033 4795 2182 4868 quod
2213 4795 2510 4860 exstiterit,
2540 4794 2686 4848 sicut
2709 4795 2976 4862 scriptum
3011 4799 3118 4856 est,
3147 4791 3285 4847 deus
3313 4790 3612 4846 terrestris.

2034 4889 2172 4954 Quia
2203 4886 2664 4959 quemadmodum
2695 4883 2838 4940 Deus
2867 4882 3130 4939 mundum
3165 4884 3319 4954 tegit,
3346 4883 3420 4936 ita
3447 4881 3618 4934 abbas

2032 4976 2309 5034 Macarius
2336 4977 2534 5033 delicta
2565 4974 2892 5046 obtegebat;
2919 4990 3042 5046 qua:
3073 4971 3284 5027 viderat
3319 4971 3478 5042 quasi
3507 4985 3616 5026 non

2031 5071 2280 5136 vidisset,
2309 5086 2432 5142 qua:
2456 5068 2706 5125 audierat
2726 5068 2884 5139 quasi
2917 5083 3026 5122 non
3063 5065 3352 5122 audiisset.

2102 5251 2193 5306 55.
2219 5249 2297 5321 (7)
2320 5247 2576 5304 Narratio
2609 5246 2822 5302 abbatis
2855 5244 3062 5299 V’ilimii
3099 5243 3330 5308 exstitit,
3356 5242 3502 5314 quod
3542 5241 3618 5298 ita

2033 5343 2283 5398 retulerit
2310 5341 2481 5396 abbas
2509 5340 2814 5396 Macarius:
2847 5338 3085 5394 Sedente
3111 5353 3196 5392 me
3220 5337 3521 5408 aliquando
3562 5335 3620 5392 in

2034 5434 2206 5505 Secti,
2247 5433 2654 5492 descenderunt
2699 5435 2832 5490 illuc
2869 5433 2981 5490 duo
3017 5431 3252 5504 juvenes
3301 5429 3618 5505 peregrini;

2044 5755 2248 5819 11,26.

2115 5827 2192 5900 (7)
2236 5825 2343 5884 Vit.
2371 5825 2523 5884 I’atr.
2562 5839 2641 5894 ιιι,
2665 5823 2724 5882 2.
