4012 6208
418 352 528 410 275

1562 353 1907 413 APPENDIX
1944 355 2041 412 AD
2070 349 2489 411 PALLADIUM.

3581 345 3689 402 976

420 476 655 535 quorum
688 474 834 516 unus
863 455 1092 514 barbam
1142 457 1392 529 gerebat,
1448 462 1588 519 alter
1618 480 1750 523 vero
1776 467 2007 540 primam

2115 459 2232 538 εῐχε
2264 465 2491 535 γένειον,
2518 428 2556 516 ’ὁ
2593 460 2649 515 δὲ
2682 459 2838 523 ἄλλος
2872 458 3046 532 ἀρχὴν
3082 457 3290 529 βάλλων
3318 456 3552 527 γενείου.
3589 459 3701 513 Kal

420 553 702 610 emittebat
724 551 1067 621 lanuginem.
1103 548 1168 604 lli
1197 560 1466 608 venerunt
1495 555 1565 611 ad
1596 573 1704 627 me,
1726 568 2005 630 rogantes,

420 646 513 701 ubi
556 652 703 700 esset
756 642 897 699 cella
955 642 1173 699 abbatis
1218 643 1466 702 Macarii.
1516 646 1654 704 Tum
1695 666 1831 723 ego:
1863 650 2006 719 Quid

417 750 541 792 eum
577 733 784 790 vultis?
812 732 1025 789 Aiunt:
1072 734 1275 790 Audita
1306 736 1427 807 ejus
1462 753 1528 794 ac
1571 738 1798 798 Sceteos
1839 741 2007 808 fama,

419 825 672 881 venimus
704 832 767 883 ut
793 825 1085 882 videamus
1113 842 1265 883 eum.
1307 829 1476 885 Dico:
1507 829 1619 903 Ego
1648 847 1791 889 sum.
1822 830 2009 888 Facta-

418 934 529 989 que
575 918 829 990 corporis
878 920 1256 989 inclinatione,
1309 923 1601 997 inquiunt;
1654 926 1772 983 Hoc
1800 927 1855 982 in
1888 927 2010 983 loco

419 1012 675 1082 cupimus
699 1027 941 1070 manere.
980 1012 1093 1086 Ego
1122 1030 1250 1072 vero
1278 1017 1469 1076 videns
1509 1033 1604 1076 eos
1636 1019 1902 1076 delicatos
1956 1029 2011 1077 et

419 1105 570 1162 velut
595 1106 651 1160 in
673 1105 884 1163 divitiis
903 1106 1189 1175 educatos,
1214 1110 1335 1166 aio:
1361 1110 1481 1167 Non
1509 1113 1743 1184 potestis
1769 1114 2011 1172 residere

420 1197 533 1253 hic.
560 1196 700 1254 Tum
733 1199 914 1271 major
946 1199 1097 1257 iniit:
1128 1200 1185 1257 Si
1242 1217 1351 1259 non
1402 1205 1683 1275 possimus
1726 1222 2012 1263 remanere

418 1290 533 1353 hic,
566 1290 632 1345 ad
663 1291 832 1346 alium
861 1309 1157 1364 purgemus
1187 1295 1391 1352 locum.
1441 1296 1556 1370 Ego
1593 1298 1741 1354 intra
1770 1308 2007 1356 mentem

421 1395 633 1437 meam:
667 1382 780 1438 Cur
814 1385 959 1454 pello
981 1399 1102 1450 eos,
1141 1395 1195 1442 et
1227 1388 1549 1444 scandalum
1589 1390 1902 1460 patientur?
1926 1390 2014 1445 Ef-

423 1473 569 1529 liciet
600 1474 775 1540 labor,
812 1482 872 1530 ut
897 1477 999 1546 ipsi
1030 1485 1228 1549 sponte
1258 1478 1495 1551 fugiant.
1524 1480 1715 1553 Itaque
1749 1482 1874 1538 dico
1895 1484 2008 1540 eis:

431 1562 642 1632 Venite,
690 1569 998 1626 construite
1035 1571 1193 1629 vobis
1238 1572 1458 1639 cellam,
1505 1575 1553 1630 si
1593 1577 1845 1646 potestis.
1885 1576 2010 1631 Illi:

419 1656 663 1716 Ostende
706 1661 871 1717 nobis
920 1663 1127 1728 locum,
1174 1672 1595 1722 construemus.
1630 1666 1787 1723 Dedit
1829 1678 2011 1725 autem

420 1750 504 1806 eis
559 1766 728 1807 senex
773 1753 1035 1819 securim,
1076 1770 1379 1827 peramque
1419 1757 1636 1827 plenam
1675 1760 1930 1829 panibus,
1959 1768 2015 1816 et

2106 554 2270 631 ἦλθον
2322 555 2460 628 πρὸς
2504 554 2575 625 μὲ.
2619 552 2899 619 λέγοντες·
2954 549 3064 604 Ποῦ
3108 550 3257 603 ἐστιν
3300 551 3334 621 ἡ
3384 547 3550 603 κὲλλα
3601 547 3701 604 τοῦ

2108 647 2253 702 άϐϐᾶ
2283 644 2574 717 Μακαρίου
2596 659 2612 708 ;
2633 640 2805 712 Κάγὼ
2824 636 2978 695 εἷπον
3001 656 3015 670 ·
3040 640 3105 693 Ti
3126 640 3309 693 θέλετε
3342 638 3508 692 αὐτόν
3535 655 3549 705 ;
3588 641 3704 695 Kal

2109 739 2390 809 λέγουσιν·
2452 734 2770 798 Ἀκούοντες
2807 732 2877 788 τὰ
2920 732 3051 802 περὶ
3092 730 3256 785 αὐτοῦ
3302 731 3523 803 καὶτῆς
3551 731 3703 804 Σκή-

2109 849 2269 896 τεως,
2298 829 2538 903 ἧλθομεν
2566 826 2696 881 ἰδεῖν
2718 827 2900 881 αὐτόν.
2934 824 3101 894 Λέγω
3122 824 3308 888 αὐτοῖς
3329 839 3345 856 ⁸
3386 821 3529 893 Ἑγώ
3557 825 3699 895 είμι.

2111 926 2222 980 Kal
2254 922 2446 977 ἔϐαλον
2482 921 2777 993 μετάνοιαν
2796 961 2810 986 ,
2836 917 3090 989 λέγοντες
3111 933 3125 948 ·
3161 909 3290 969 Ὧδε
3327 914 3554 988 θέλομεν
3580 920 3703 988 μεῖ-

2110 1034 2221 1070 ναι.
2267 1010 2411 1084 Ἐγὼ
2442 1012 2498 1069 δὲ
2532 1012 2747 1084 βλέπων
2778 1011 2977 1075 αὐτοὺς
3007 1008 3317 1081 τρυφεροὺς
3352 1009 3450 1062 καὶ
3482 1009 3558 1073 ὡς
3590 1008 3704 1063 ἀπὸ

2111 1108 2364 1174 πλούτου,
2395 1107 2545 1176 λέγω
2575 1107 2792 1169 αὐτοῖς·
2818 1103 2894 1157 Οὐ
2925 1099 3155 1157 δύνασθε
3182 1100 3404 1156 καθίσαι
3432 1093 3556 1155 ὧδε.
3587 1101 3703 1157 Kal

2110 1201 2258 1270 λέγει
2283 1201 2313 1253 6
2347 1198 2660 1271 μειζὸτερος
2678 1213 2692 1227 ’
2735 1195 2859 1250 Ἐὰν
2895 1194 2970 1266 μὴ
2999 1192 3284 1265 δυνώμεθα
3309 1192 3530 1248 καθίσαι
3552 1185 3654 1248 ὦδε
3681 1233 3704 1260 ,

2112 1292 2396 1363 ὑπάγομεν
2421 1288 2678 1361 ἀλλαχοῦ.
2703 1288 2865 1356 Λέγω
2881 1285 2992 1355 ἐγὼ
3018 1286 3101 1357 τῷ
3121 1284 3369 1357 λογισμῷ
3395 1302 3525 1357 μουο
3545 1284 3702 1339 Διατὶ

2110 1383 2290 1438 διώκω
2331 1383 2558 1446 αὐτοὺς,
2594 1380 2688 1434 καὶ
2733 1378 3219 1444 σκανδαλίζονται;
3261 1380 3291 1431 6
3339 1377 3510 1442 κόπος
3553 1380 3704 1433 ποιεῐ

2112 1476 2310 1539 αὐτοὺς
2340 1473 2408 1528 δι’
2439 1471 2650 1527 ἑαυτῶν
2682 1472 2892 1540 φυγεῖν.
2936 1470 3047 1524 Kal
3076 1469 3220 1539 λέγω
3248 1470 3433 1534 αὐτοῖς
3452 1485 3466 1500 ·
3498 1467 3661 1523 Δεῦτε
3680 1509 3699 1537 ,

2114 1569 2377 1638 ποιήσατε
2414 1566 2638 1630 ἑαυτοῖς
2658 1562 2891 1628 κελλίον,
2923 1563 2972 1615 εί
3000 1561 3251 1616 δύνασθε.
3286 1562 3398 1615 Kal
3434 1561 3656 1632 λέγουσι
3682 1580 3699 1597 ο

2118 1659 2298 1729 Δεῖξον
2331 1659 2465 1731 ἡμῖν
2488 1657 2674 1722 τόπον,
2708 1655 2802 1710 καὶ
2832 1653 3109 1727 ποιοῦμεν.
3144 1654 3354 1709 Ἔδωκε
3380 1654 3437 1709 δὲ
3462 1656 3642 1720 αὐτοῖς
3671 1657 3705 1709 6

2114 1753 2293 1824 γέρων
2327 1751 2559 1805 πέλεκυν
2582 1748 2649 1814 ⁸³,
2680 1749 2774 1802 καὶ
2805 1746 3113 1802 ἁναϐολίδιν
3146 1746 3192 1780 ⁸⁸
3226 1746 3424 1818 μεστὸν
3442 1745 3699 1819 ψωμίων,

418 1841 535 1909 sal;
569 1842 917 1915 ostenditque
948 1854 1159 1917 petram
1190 1849 1386 1903 duram
1413 1890 1428 1914 ,
1459 1865 1691 1906 monens
1734 1868 1748 1906 :
1774 1849 2007 1922 Lapides

2112 1847 2206 1900 καὶ
2227 1845 2363 1910 ἅλας
2383 1861 2399 1877 ο
2422 1842 2593 1908 ἔδειξε
2620 1842 2680 1896 δὲ
2700 1841 2887 1904 αὐτοῖς
2919 1841 2949 1893 6
2976 1839 3158 1912 γέρων
3178 1839 3273 1893 καὶ
3300 1840 3510 1911 πέτραν
3536 1840 3705 1911 σκλη-

420 1933 783 1999 bieineidite,
819 1945 987 2008 atque
1029 1953 1097 1994 ex
1144 1939 1343 2010 palude
1383 1950 1595 2012 portate
1643 1942 1801 1997 vobis
1836 1943 2004 2014 ligna,
2030 2014 2051 2029 .

421 2034 685 2098 tectoque
702 2028 982 2100 imposito,
1005 2032 1265 2089 residete.
1292 2032 1557 2089 Putabam
1576 2042 1784 2098 autem,
1809 2036 2002 2107 inquit,

420 2118 546 2175 illos
583 2128 808 2191 propter
846 2122 1093 2179 laborem
1137 2140 1485 2182 recessuros.
1517 2125 1693 2182 Porro
1726 2129 2007 2199 petierunt

418 2224 450 2263 a
502 2225 610 2277 me,
647 2212 783 2282 quid
832 2228 901 2269 eo
946 2214 1052 2270 loci
1112 2217 1390 2286 operaturi
1439 2227 1647 2274 essent.
1700 2216 2003 2288 Respondi,

418 2302 651 2372 plectam
675 2303 916 2361 facerent
941 2324 956 2374 ;
986 2308 1375 2379 sumptisquee
1401 2309 1599 2380 palude
1630 2309 1776 2364 foliis
1796 2310 2006 2379 palma-

424 2408 569 2459 rum,
627 2396 843 2451 ostendi
881 2397 1018 2468 ipsis
1072 2397 1264 2467 plecta:
1314 2414 1411 2454 seu
1462 2398 1612 2452 funis
1648 2399 2001 2469 principium,

419 2493 588 2555 utque
628 2498 903 2541 censuere
940 2495 1252 2557 oporteret;
1301 2487 1562 2558 dixique:
1616 2485 1807 2543 Facite
1840 2503 2005 2558 spor-

419 2580 526 2639 tas,
561 2589 703 2644 quas
751 2572 983 2630 tradetis
1043 2575 1394 2642 custodibus,
1437 2575 1542 2646 ipsi
1588 2591 1721 2633 vero
1778 2575 2005 2633 all‘erent

420 2665 577 2722 vobis
599 2680 790 2736 panes.
825 2665 1035 2723 Deinde
1062 2668 1328 2724 abscessi.
1364 2668 1434 2723 At
1455 2669 1530 2724 illi
1561 2668 1831 2740 patienter
1847 2655 2005 2741 'quaa-

417 2769 635 2828 cunque
667 2757 1057 2814 mandaveram
1099 2760 1346 2816 exsecuti
1381 2768 1549 2817 sunt:
1599 2776 1703 2816 nec
1734 2770 2004 2818 venerunt

418 2850 485 2905 ad
523 2865 608 2905 me
640 2849 820 2906 tribus
851 2851 1040 2907 annis.
1075 2850 1191 2923 Ego
1222 2867 1354 2909 vero
1392 2852 1618 2910 assidue
1659 2869 1784 2909 cum
1819 2855 2004 2912 animo

418 2955 549 2997 meo
565 2941 924 3010 colluctabar,
965 2952 1257 3015 reputans:
1295 2944 1494 3016 Ecqua!
1519 2954 1605 3003 est
1644 2961 1839 3002 eorum
1868 2962 2002 3017 ope-

417 3032 579 3096 ratio,
607 3032 759 3102 quod
794 3048 904 3090 non
936 3036 1277 3093 accesserint
1323 3036 1714 3110 interrogaturi
1748 3038 1816 3095 de
1847 3041 2003 3111 cogi-

418 3121 661 3179 tatione?
689 3122 795 3190 Qui
847 3126 1041 3195 procul
1095 3126 1369 3194 habitant,
1421 3129 1647 3182 veniunt
1695 3128 1763 3182 ad
1800 3143 1917 3183 me:
1948 3139 2002 3184 et

420 3212 514 3269 isti
546 3229 671 3269 cum
708 3217 1001 3290 propinquj
1034 3217 1166 3282 sint,
1202 3233 1314 3273 non
1341 3226 1720 3282 accesserunt,
1783 3234 1886 3275 nec
1934 3220 2002 3276 ad
2031 3181 2073 3239 ο

420 3303 554 3361 alios
585 3304 814 3375 protecti
841 3316 1002 3363 sunt:
1060 3307 1329 3363 duntaxat
1348 3318 1580 3382 pergunt
1604 3309 1672 3365 ad
1691 3311 2004 3382 ecclesiam,

423 3395 600 3459 taciti,
635 3403 697 3450 ut
724 3399 1003 3469 accipiant
1031 3398 1389 3457 oblationem.
1422 3400 1597 3473 Igitur
1632 3403 1789 3459 oravi
1825 3401 2007 3459 Domi-

417 3502 573 3553 num,
612 3487 870 3559 jejunans
903 3505 1009 3546 una
1028 3490 1394 3559 hebdomade,
1418 3501 1481 3548 ut
1498 3494 1850 3551 manilestum
1871 3496 2003 3553 mihi

417 3576 642 3646 taceret,
680 3580 946 3651 quidnam
984 3593 1368 3654 operarentur.
1414 3583 1550 3642 Post
1602 3586 2005 3643 hebdomadam

417 3684 549 3727 vero
579 3687 835 3745 surgens,
872 3675 941 3732 ad
969 3691 1068 3735 eos
1096 3677 1229 3744 abii,
1283 3686 1343 3734 ut
1389 3679 1796 3752 intuereraquo
1842 3680 2007 3738 modo

418 3771 665 3833 agerent.
712 3766 780 3820 Et
832 3781 957 3822 cum
1004 3768 1337 3839 pulsassem,
1398 3780 1754 3844 aperuerunt.
1809 3788 2007 3845 meque

419 3855 728 3913 salutaruut
760 3874 883 3916 cum
944 3861 1184 3919 silentio.
1235 3860 1363 3919 Feci
1410 3866 1735 3931 orationem,
1780 3875 1833 3922 et
1863 3867 2000 3924 sedi.

419 3942 595 4016 Major
628 3950 807 4006 innuit
836 3951 1031 4007 minori
1067 3960 1128 4008 ut
1146 3954 1536 4025 egrederetur;
1581 3956 1810 4028 ipseque
1838 3958 2000 4025 sedit,

415 4035 487 4092 ad
527 4039 926 4097 conﬁciendam
962 4043 1218 4115 plectam,
1270 4061 1372 4103 nec
1402 4049 1701 4120 quidquam
1744 4050 2005 4120 loqueba-

416 4138 524 4185 tur.
555 4131 637 4185 Ad
669 4124 859 4188 lniram
896 4150 1025 4191 vero
1063 4151 1263 4193 nonam
1303 4140 1590 4210 strepitum
1617 4139 1808 4196 edidit.
1844 4138 2005 4197 Venit

411 4222 622 4291 iunior,
647 4222 775 4279 fecit
797 4240 989 4295 parum
1017 4228 1269 4298 polentae,
1296 4245 1361 4287 ac
1378 4232 1585 4302 majore
1605 4233 1887 4299 innuente,
1913 4248 2005 4305 ap-

414 4315 603 4385 posuit
630 4329 903 4383 mensam,
934 4333 1172 4391 cumque
1201 4336 1369 4393 super
1396 4339 1516 4379 eam
1546 4332 1662 4380 tres
1696 4325 2001 4395 paximates

418 4403 724 4476 posuisset,
772 4409 927 4464 stetit
977 4418 1186 4468 tacens.
1244 4411 1357 4484 Ego
1387 4431 1519 4470 vero
1555 4416 1709 4471 dixi:
1755 4415 2004 4488 Surgite,

415 4496 801 4555 comedamus.
826 4500 957 4558 lnde
984 4512 1399 4574 consurgentes,
1430 4508 1614 4562 cibum
1635 4510 1995 4578 sumpsimus.
2033 4537 2079 4595 υ

419 4588 620 4645 Attulit
647 4589 899 4658 baucale,
933 4608 998 4649 ac
1016 4594 1275 4651 bibimus.
1302 4597 1376 4652 Ut
1404 4609 1583 4653 autem
1623 4599 1845 4655 advenit
1908 4616 2001 4656 ve-

414 4695 597 4751 spera,
652 4689 847 4752 petunt
888 4699 919 4739 a
958 4701 1079 4742 me:
1130 4685 1466 4744 Recedisne?
1511 4688 1819 4759 Respondi:
1853 4690 1995 4756 Non,

413 4769 511 4826 sed
541 4769 631 4826 hic
664 4770 901 4828 dormio.
935 4772 1095 4832 Unde
1131 4788 1438 4848 posuerunt
1480 4780 1612 4834 mibi
1648 4789 1891 4838 stoream
1926 4800 1994 4839 ex

413 4871 585 4931 parte,
613 4868 668 4918 et
695 4862 801 4918 sibi
830 4863 901 4919 ad
927 4865 1093 4921 alium
1122 4870 1385 4939 angulum
1416 4886 1485 4926 ex
1514 4881 1703 4942 parte:
1724 4871 1999 4929 tulerunt-

410 4968 522 5022 que
558 4967 729 5011 zonas
768 4971 902 5012 suas
939 4966 993 5013 et
1027 4959 1423 5027 succinctoria,
1458 4962 1736 5034 simulque
1760 4965 1999 5021 colloca.

409 5051 611 5099 verunt
640 5062 700 5103 se
739 5047 795 5103 in
848 5056 1019 5104 matta
1061 5061 1190 5108 ante
1237 5068 1345 5110 me.
1390 5054 1661 5112 Cmterum
1700 5065 1995 5130 postquam

410 5146 841 5206 composuerunt
875 5156 957 5205 se,
981 5143 1133 5196 oravi
1164 5143 1331 5199 Deum
1367 5153 1426 5200 ut
1455 5146 1590 5201 mihi
1617 5149 1994 5217 operationem

410 5241 605 5283 eorum
640 5232 930 5291 revelaret.
965 5233 1120 5293 Tunc
1155 5245 1405 5309 apertum
1434 5247 1521 5296 est
1553 5248 1787 5305 tectum,
1840 5249 1995 5297 orta-

413 5332 521 5387 que
545 5327 634 5375 est
670 5322 786 5386 lux,
820 5326 971 5382 velut
1022 5343 1121 5397 per
1148 5328 1315 5395 diem,
1350 5330 1454 5399 ipsi
1492 5338 1676 5388 autem
1730 5346 1842 5387 non
1871 5347 1993 5388 cer-

412 5411 616 5467 nebant
646 5412 843 5470 lucem.
878 5417 1016 5474 Cum
1049 5436 1177 5477 vero
1205 5423 1856 5481 existimaruntdormire
1877 5439 1987 5485 me.

411 5498 589 5587 major
625 5500 832 5559 fodicat
862 5507 1094 5566 minoris
1125 5512 1288 5570 latus.
1328 5513 1708 5587 Consurgunt,
1759 5513 1989 5583 cingunt

481 5692 638 5778 ις
666 5693 893 5778 πέλυκαξ
916 5697 961 5730 ⁵⁸
994 5701 1478 5778 ΑΙκάναϐολίδιον.
1537 5709 1581 5739 ⁸⁸
1613 5710 1692 5762 Al.
1727 5709 1970 5778 φεύγειν.

602 5709 638 5774 _|-
666 5709 893 5783 71660356}:
916 5709 961 5730 "
994 5709 1481 5783 A|._a~/a_6!.).£6:cv._
1537 5709 1581 5739 “”
1613 5710 1699 5783 Al.
1727 5709 1970 5783 φεύγειν.
2023 5780 2032 5783 Α
2090 5711 2132 5744 ’⁸⁷
2161 5709 2244 5762 Al.
2281 5710 2573 5783 μακρόθεν.

411 5759 458 5796 ⁸⁸
490 5763 576 5818 Al.
602 5764 763 5821 inser.
808 5766 996 5839 ἄλλην.
1076 5772 1115 5802 ⁸⁸
1155 5774 1239 5827 ΑΙ.
1287 5776 1342 5827 ὲν
1375 5759 1580 5848 ἡμέρᾳ.
1616 5759 1702 5810 λδ
1732 5759 2214 5846 λίῗξωννύοντίν.

2109 1938 2231 2010 ράν,
2270 1937 2447 2006 λέγων
2466 1952 2480 1967 ·
2537 1934 2900 2005 Λατομήσατε
2943 1923 3048 1985 ὧδε
3069 1971 3084 1997 ,
3120 1933 3215 1986 καὶ
3264 1930 3461 2004 φέρετε
3505 1932 3693 1995 αὐτοῖς

2107 2031 2239 2098 ξῦλα
2267 2030 2331 2084 ὲκ
2362 2026 2460 2082 τοῦ
2485 2027 2664 2093 ἕλους,
2689 2025 2786 2080 καὶ
2816 2025 3184 2093 στεγάσαντες
3211 2023 3496 2079 καθίσατε.
3544 2024 3689 2078 Ἐνό-

2110 2123 2265 2194 μιζον
2294 2121 2350 2175 δὲ
2371 2118 2502 2189 ἐγὼ,
2537 2118 2726 2191 φησὶν,
2755 2118 2836 2173 ὅτι
2870 2117 3123 2188 μέλλουσι
3144 2116 3234 2171 διά
3262 2117 3355 2172 τὸν
3379 2118 3545 2172 κόπον
3562 2117 3711 2198 άναο.

2106 2214 2301 2284 χωρεῖν
2324 2210 2391 2267 ⁸⁸.
2422 2207 2740 2281 Ἦρώτησαν
2754 2208 2813 2262 δέ
2838 2225 2926 2278 με,
2947 2208 3001 2261 τί
3021 2206 3360 2280 ἐργάζωνται
3384 2201 3508 2263 ὦδε.
3533 2210 3698 2278 Λέγω

2105 2306 2286 2368 αὐτοῖς
2311 2321 2322 2334 ·
2343 2301 2456 2374 Τὴν
2491 2301 2678 2372 σειράν
2700 2318 2713 2332 ·
2751 2299 2847 2355 καὶ
2866 2299 3130 2372 λαμϐάνω
3155 2299 3282 2373 βαΐα
3304 2301 3369 2354 tu
3393 2300 3490 2355 τοῦ
3512 2300 3697 2367 ἕλους,

2107 2396 2201 2449 καὶ
2236 2391 2467 2447 δεικνύω
2503 2391 2690 2455 αὐτοῖς
2710 2390 2821 2462 ,τὴν
2855 2391 3030 2463 ἀρχὴν
3062 2390 3162 2462 τῆς
3200 2392 3416 2464 σειρᾶς,
3444 2392 3541 2446 καὶ
3570 2391 3695 2458 πῶς

2106 2486 2334 2557 ῥάπτειν
2360 2483 2462 2547 δεῖ,
2494 2482 2588 2537 καὶ
2621 2477 2808 2536 εἶπονο
2854 2482 3066 2536 Ποιεὶτε
3105 2481 3398 2554 σπυρίδας.
3426 2482 3522 2537 καὶ
3551 2498 3693 2555 παρ-

2103 2577 2256 2648 έχετε
2287 2578 2401 2640 τοῖς
2435 2574 2760 2645 φύλαξι,καὶ
2799 2572 3055 2648 φέρουσιν
3085 2573 3216 2645 ὑμῖν
3242 2573 3452 2646 ψωμία.
3489 2576 3699 2631 Λοιπὸν

2102 2663 2195 2722 οὖν
2224 2666 2336 2737 ἐγὼ
2371 2665 2714 2738 ἀνεχώρησα.
2747 2665 2912 2718 Αὐτοὶ
2946 2663 3004 2718 δὲ
3048 2663 3166 2736 μεθ’
3206 2666 3483 2739 ὑπομονῆς
3511 2669 3699 2723 πάντα

2102 2760 2388 2829 ἐποίησαν,
2428 2758 2529 2812 ὅσα
2564 2752 2717 2811 εἷπον
2756 2755 2943 2820 αὐτοῖς
2962 2771 2977 2787 ο
3020 2756 3117 2810 καὶ
3149 2756 3212 2811 οὗ
3246 2756 3554 2830 παρέϐαλον
3598 2775 3691 2830 μοι

2102 2851 2196 2903 ἐπὶ
2233 2850 2360 2922 τρία
2397 2847 2515 2921 ἐτη.
2560 2846 2672 2901 Kal
2699 2845 2892 2918 ἔμεινα
2934 2846 3189 2919 πολεμῶν
3222 2850 3336 2913 τοῖς
3371 2847 3688 2920 λογισμοῖς,

2103 2943 2276 3012 λέγων
2295 2960 2310 2974 ο
2351 2942 2448 3006 Τίς
2474 2941 2585 3015 ἄρα
2617 2940 2767 2994 ἐστὶν
2797 2941 2830 3011 ἡ
2864 2940 3097 3012 ἐργασία
3128 2939 3332 3009 αὐτῶν,
3367 2942 3450 2996 δτι
3472 2944 3573 2997 οὐκ
3596 2936 3690 3015 ἧλ-

2104 3034 2196 3088 θον
2228 3034 2507 3106 ἐρωτῆσαι
2535 3032 2819 3104 λογισμόν,
2847 3033 2911 3088 Οί
2945 3033 3054 3087 ἀπὸ
3092 3034 3330 3104 μήκοθεν
3363 3035 3408 3067 ⁸⁷
3440 3035 3699 3107 ἔρχονται.

2106 3127 2242 3199 πρὸς
2273 3126 2341 3200 μέ
2362 3147 2376 3159 ο
2408 3127 2505 3181 καὶ
2526 3119 2671 3182 οὗτοι
2695 3126 2746 3179 οἱ
2776 3125 2943 3195 ἔγγὺς
2970 3124 3072 3179 οὐκ
3102 3121 3288 3198 ἦλθον,
3313 3125 3436 3180 οὕτε
3470 3127 3529 3182 δὲ
3554 3128 3697 3199 πρὸς

2106 3218 2301 3285 ἄλλους
2334 3218 2545 3290 ὑπῆγον
2567 3235 2581 3249 ·
2622 3220 2671 3273 εί
2700 3214 2784 3291 μὴ
2817 3217 2976 3290 μόνον
3002 3218 3082 3282 είς
3120 3218 3219 3290 τὴν
3244 3217 3539 3290 ὲκκλησίαν
3563 3236 3700 3273 σιω-

2108 3308 2354 3375 πῶντες,
2409 3307 2595 3362 λαϐεῖν
2639 3309 2739 3380 τὴν
2778 3307 3116 3381 προσφοράν.
3167 3309 3281 3363 Kal
3316 3308 3571 3382 ηὐξάμην
3618 3311 3697 3381 τῷ

2107 3400 2227 3472 Θεῷ
2254 3398 2562 3472 νηστεύσας
2599 3399 2700 3472 τὴν
2728 3399 3022 3471 ἑϐδομάδα,
3064 3400 3151 3454 ἵνα
3173 3398 3323 3473 δείξῃ
3356 3418 3448 3474 μοι
3473 3401 3574 3475 τὴν
3598 3403 3703 3475 Ep.

2106 3492 2305 3565 γασίαν
2358 3491 2560 3547 αὐτῶν.
2625 3491 2888 3556 ’Δναστάς
2942 3492 3000 3546 δὲ
3052 3492 3193 3564 μετὰ
3248 3493 3349 3566 τὴν
3399 3493 3701 3566 ἑϐδομάδα,

2106 3584 2354 3655 ἀπῆλθον
2381 3584 2522 3656 πρὸς
2547 3582 2749 3649 αὐτοὺς
2782 3584 2910 3639 ἰδεῖν
2945 3584 3062 3649 πῶς
3083 3585 3371 3659 κάθηνται.
3400 3588 3513 3642 Καὶ
3531 3587 3701 3657 κρού-

2110 3676 2306 3739 σαντός
2339 3693 2440 3747 μου
2465 3675 2733 3748 ἀνέῳξαν,
2769 3676 2865 3731 καὶ
2891 3676 3210 3746 ἠσπάσαντο
3248 3693 3316 3748 με
3346 3678 3661 3743 σιωπῶντες
3678 3695 3701 3710 ·

2107 3768 2202 3822 καὶ
2237 3769 2471 3840 ποιήσας
2496 3768 2686 3840 εὐχὴν,
2712 3767 2964 3823 ἐκάθισα.
3003 3768 3221 3833 Νεύσας
3242 3768 3300 3824 δὲ
3323 3769 3354 3823 6
3383 3769 3587 3841 μείζων
3615 3771 3704 3842 τῷ

2109 3860 2420 3932 μικροτέρῳ
2458 3858 2717 3925 ἐξελθεῖν,
2758 3859 2981 3914 ἐκάθισε
3014 3859 3237 3915 πλέκειν
3263 3860 3311 3894 ⁸³
3339 3861 3438 3935 τὴν
3477 3862 3697 3934 σειρὰν,

2104 3948 2349 4022 λαλήσας
2392 3949 2591 4021 μηδέν·
2640 3950 2737 4005 καὶ
2773 3952 2843 4021 τῇ
2874 3949 2994 4023 ὥρᾳ.
3033 3951 3135 4021 τῆς
3172 3952 3400 4025 ἐνάτης,
3440 3952 3699 4026 ἔκρουσε,

2105 4041 2201 4094 καὶ
2226 4036 2390 4112 ἦλθεν
2418 4043 2448 4094 6
2475 4039 2738 4111 νεώτερος
2769 4040 2836 4107 ⁸⁸,
2866 4043 2960 4098 καὶ
2987 4042 3211 4113 ἐποίησε
3242 4044 3440 4117 μικρὸν
3468 4045 3660 4117 ἕψημα
3677 4087 3699 4111 ,

2105 4132 2200 4185 καὶ
2223 4132 2505 4205 παρέθηκε
2538 4131 2842 4203 τράπεζαν,
2877 4133 3170 4207 νεύσαντος
3200 4134 3349 4207 αὐτῷ
3383 4136 3477 4190 τοῦ
3514 4137 3701 4209 μειζο-

2103 4223 2263 4294 τέρου
2290 4239 2304 4255 ⁸
2343 4226 2437 4280 καὶ
2465 4224 2663 4296 ἔθηκεν
2693 4224 2772 4289 είς
2814 4227 2986 4300 αὐτὴν
3017 4232 3166 4300 τρεῖς
3201 4231 3528 4301 παξαμάδας
3549 4271 3564 4295 ,
3596 4233 3699 4286 καὶ

2104 4315 2233 4386 ἔστη
2273 4316 2517 4371 σιωπῶν.
2559 4316 2700 4387 Ἐγὼ
2730 4318 2787 4373 δὲ
2813 4313 2998 4374 εῖποψ
3043 4319 3376 4392 Ἐγείρεσθε,
3405 4322 3696 4393 φάγωμεν.

2104 4408 2215 4461 Kal
2237 4408 2592 4474 ἀναστάντες,
2622 4410 2903 4483 ἐφάγομεν
2923 4428 2938 4444 ·
2957 4411 3052 4467 καὶ
3074 4413 3275 4483 ἧνεγκε
3293 4412 3354 4466 τὸ
3374 4413 3699 4485 βαυκάλιον,

2106 4500 2203 4553 καὶ
2240 4499 2491 4570 ἐπίομεν.
2542 4502 2629 4566 Ὠς
2661 4501 2719 4555 δὲ
2765 4502 2981 4572 ἐγένετο
3026 4502 3255 4575 ἑσπέρα,
3302 4505 3523 4580 λέγουσί
3563 4522 3691 4577 μοι·

2119 4589 2418 4658 Ὑπάγεις;
2456 4590 2597 4662 Ἐγὼ
2619 4591 2674 4646 δὲ
2701 4587 2856 4646 εἷπον
2879 4610 2892 4623 ·
2923 4592 3078 4664 Οὐχὶ,
3105 4594 3223 4648 ἀλλ’
3246 4587 3349 4649 ὧδε
3384 4596 3695 4669 κοιμῶμαι.

2106 4681 2217 4734 Kal
2242 4679 2450 4751 ἔθηκαν
2482 4699 2572 4752 μοι
2599 4681 2814 4753 ψιάθιον
2848 4682 2999 4754 παρὰ
3030 4683 3223 4756 μέρος,
3248 4684 3344 4740 καὶ
3375 4688 3591 4753 ἑαυτοῖς
3611 4691 3697 4753 εἰς

2103 4773 2202 4846 τὴν
2223 4775 2269 4806 ⁵ο
2293 4774 2496 4843 γωνίαν
2525 4775 2675 4847 παρὰ
2714 4775 2908 4847 μέρος·
2938 4776 3033 4831 καὶ
3068 4772 3210 4848 ἦραν
3235 4778 3336 4843 τάς
3363 4778 3545 4845 ζώνας
3588 4782 3696 4836 αὐ-

2102 4865 2212 4921 τῶν
2245 4867 2498 4932 καὶτοὺς
2527 4867 2830 4932 άναλάϐους
2851 4908 2866 4932 ,
2906 4868 3000 4923 καὶ
3037 4868 3242 4940 ἔθηκαν
3280 4872 3508 4938 ἑαυτοὺς
3551 4874 3698 4946 ὁμοῦ

2102 4958 2182 5020 εἰς
2206 4956 2267 5010 τὸ
2287 4955 2507 5027 quem
2532 4958 2843 5031 ἔμπροσθέν
2867 4977 2990 5030 μου.
3023 4960 3111 5025 Ὠς
3125 4962 3182 5015 δὲ
3204 4961 3410 5035 εθηκαν
3434 4966 3689 5033 ἑαυτοὺς,

2102 5049 2356 5121 ηὐξάμην
2389 5049 2470 5121 τῷ
2497 5049 2648 5121 Θεῷ,
2677 5051 2767 5105 ἵνα
2797 5068 2887 5122 μοι
2925 5052 3254 5128 ἀποκαλύψῃ
3289 5054 3391 5127 τὴν
3422 5056 3693 5126 ἐργασίαν

2102 5142 2301 5197 αὐτῶν.
2339 5142 2448 5197 Kal
2485 5141 2732 5215 ἠνεῴχθη
2773 5144 2806 5214 ἡ
2851 5144 3016 5217 στέγη
3038 5186 3053 5212 ,
3086 5147 3177 5201 καὶ
3209 5146 3428 5216 ἐγένετο
3453 5146 3570 5218 φῶς
3609 5148 3693 5213 ὡς

2102 5234 2285 5306 ἡμέρα
2322 5235 2366 5266 ⁸⁸
2391 5251 2404 5264 ·
2449 5235 2607 5290 αὐτοὶ
2633 5235 2692 5290 δὲ
2729 5236 2832 5291 οὐκ
2861 5235 3128 5309 ἐθεώρουν
3166 5237 3228 5292 τὸ
3270 5237 3408 5308 φῶς.
3450 5240 3562 5293 Kal
3608 5238 3691 5303 ὡς

2100 5323 2349 5396 ἐνόμιζον
2380 5326 2461 5381 ὅτι
2504 5327 2811 5398 κοιμῶμαι,
2848 5327 3040 5383 νύσσει
3061 5332 3091 5384 6
3123 5330 3325 5401 μείζων
3363 5330 3456 5384 τὸν
3485 5330 3691 5402 μικρό-

2096 5435 2254 5490 τερον
2295 5420 2375 5483 είς
2408 5420 2508 5491 τὴν
2550 5419 2813 5493 ⁸ειδλευρὰν.
2847 5423 2944 5477 καὶ
2982 5424 3309 5494 ἐγείρονται,
3341 5424 3437 5479 καὶ
3474 5423 3687 5490 ζώναν-

2097 5527 2181 5562 σιν
2210 5511 2257 5543 ⁸³
2288 5512 2537 5577 ἑαυτοὺς,
2574 5513 2669 5566 καὶ
2696 5513 2999 5569 ἐκτείνουσι
3025 5514 3124 5580 τὰς
3148 5518 3338 5589 χεῖρας
3366 5519 3446 5582 εἰς
3467 5517 3561 5571 τδν
3585 5515 3683 5570 οὐ·

2653 5714 2698 5745 ⁸⁸
2723 5713 2807 5769 Al.
2837 5713 3074 5771 πλέκων.
3116 5716 3160 5750 ’δ’
3194 5717 3279 5775 Al.
3324 5720 3679 5795 μικρότερος.
