4036 6202
309 324 421 380 277

1453 318 2069 378 APOPHTHEGMATA
2121 319 2358 390 PATRL’
2375 318 2441 374 Μ.

3475 307 3586 379 278'

311 435 497 510 ρανόν.
525 434 635 488 Kal
669 431 940 504 ἐθεώρουν
967 431 1200 512 αύτούς-ξ
1226 432 1378 488 αὐτοὶ
1413 434 1469 488 δὲ
1499 434 1599 488 ούκ
1629 434 1897 505 ἐθεώρουν

2017 448 2082 496 se,
2117 431 2433 504 expandunt
2457 444 2651 486 manus
2679 429 2736 484 in
2766 431 2988 486 coelum.
3022 431 3195 486 Porro
3225 446 3328 503 ego
3382 447 3582 490 cerne-

317 545 391 599 με
413 545 426 558 ·
458 527 550 580 καὶ
570 520 710 578 εἶδον
736 525 863 588 τοὺς
883 523 1146 595 δαίμονας
1167 525 1495 596 ἐρχομένους
1512 525 1700 597 ῶσπερ
1730 527 1896 597 μυίας

315 620 412 672 ἐπὶ
441 617 528 672 τὸν
560 616 914 688 μικρότερον·
947 615 1042 668 καὶ
1068 617 1114 668 oi
1155 617 1254 686 μὲν
1282 617 1512 688 ἤρχοντο
1541 618 1764 672 καθίσαι
1815 619 1897 681 εἰς

316 711 377 764 τὸ
399 710 571 780 στόμα
596 706 786 771 αὑτοῦ,
820 707 868 759 οἱ
901 707 957 759 δὲ
981 709 1061 769 εἰς
1089 709 1214 770 τοὺς
1235 708 1544 779 ὀφθαλμοὺς
1569 710 1756 763 αὐτοῦ.
1785 710 1896 762 Kal

315 798 451 855 εἶδον
499 799 731 867 ἄγγελον
784 796 989 868 Κυρίου
1033 797 1333 868 κατέχοντα
1384 801 1655 872 ῥομφαίαν
1704 801 1895 872 πυρὸς,

315 891 409 944 καὶ
438 885 917 959 περιχαρακοῦντα
947 886 1111 940 αὑτὸν
1145 888 1240 940 καὶ
1265 888 1530 944 διώκοντα
1553 892 1678 952 τοὺς
1709 891 1900 962 δαίμοο

312 999 408 1045 νας
434 982 530 1034 ἀπ’
549 979 738 1033 αὐτοῦ.
776 978 867 1049 Τῷ
904 977 960 1031 δὲ
995 977 1293 1051 μειζοτέρῳ
1328 982 1426 1036 οὐκ
1455 982 1703 1036 ἐδύναντο
1732 1001 1901 1052 προσ-

308 1075 555 1144 εγγίσαι.
594 1073 703 1125 Kal
740 1071 816 1134 ὡς
873 1072 1002 1140 περὶ
1036 1071 1136 1142 τὴν
1166 1073 1376 1142 πρωῖαν
1405 1073 1606 1144 ἔθηκαν
1637 1074 1897 1138 ἑαυτούς’

311 1165 469 1235 κάγὼ
516 1166 750 1235 ἐποίησα
808 1163 1044 1234 ἐμαυτὸν
1095 1166 1177 1217 ὅτι
1217 1165 1559 1237 διῦπνίσθην,
1611 1167 1706 1220 καὶ
1748 1168 1902 1221 αὐτοὶ

309 1259 597 1322 ὡσαύτως.
631 1255 766 1312 Εἷπε
793 1259 850 1312 δέ
879 1275 968 1329 μοι
998 1261 1026 1312 6
1053 1259 1254 1329 μείζων
1288 1259 1378 1312 τὸν
1402 1258 1557 1329 λόγον
1589 1261 1775 1314 τοῦτον
1809 1261 1903 1332 μόο

309 1368 404 1405 νον
426 1371 442 1385 ο
469 1351 656 1415 Θέλεις
693 1350 943 1421 βάλωμεν
987 1351 1114 1414 τοὺς
1159 1351 1370 1407 δώδεκα
1400 1354 1680 1424 ψαλμούς;
1713 1354 1898 1424 Λέγω·

314 1442 444 1499 Ναί.
480 1441 589 1495 Kal
641 1441 836 1511 ψάλλει
865 1443 893 1495 6
945 1441 1277 1513 μικρότερος
1311 1444 1471 1497 πέντε
1516 1444 1766 1515 ψαλμοὺς
1793 1445 1903 1499 ἀπὸ

314 1535 374 1601 ἒξ
416 1535 616 1604 στίχων
677 1536 773 1587 καὶ
815 1531 876 1584 ἓν
946 1533 1277 1605 amntem.
1342 1538 1451 1592 Kal
1500 1539 1644 1591 κατὰ
1696 1541 1898 1610 στίχον,

316 1619 576 1690 ἐξήρχετο
603 1623 829 1694 λαμπὰς
858 1628 1028 1700 πυρὸς
1053 1632 1116 1683 ὲκ
1153 1631 1244 1684 τοῦ
1280 1635 1546 1705 στόματος
1575 1638 1738 1690 αὐτοῦ
1757 1678 1772 1703 ,
1801 1640 1896 1695 καὶ

314 1711 598 1767 ἀνέϐαινεν
625 1716 705 1779 είς
723 1717 814 1770 τὸν
833 1719 1076 1789 οὐρανόν.
1106 1723 1378 1790 Ὡσαύτως
1403 1730 1496 1781 καὶ
1517 1730 1545 1782 ὁ
1565 1729 1786 1798 μείζων,
1806 1733 1893 1786 ὅτε

311 1804 500 1872 ἤνοιγε
523 1806 583 1858 τὸ
614 1807 786 1878 στόμα
805 1811 969 1864 αὐτοῦ
990 1812 1230 1882 ψάλλων,
1261 1816 1337 1882 ώς
1362 1822 1594 1889 σχοινίον
1623 1823 1793 1892 πυρὸς
1817 1824 1894 1894 (8)

315 1896 608 1968 ἐξήρχετο,
637 1899 728 1950 καὶ
757 1896 981 1965 ἔφθανεν
1008 1901 1114 1963 ἓως
1145 1901 1239 1953 τοῦ
1269 1901 1521 1972 ούρανοῦ.
1557 1904 1728 1972 Κάγὼ
1750 1901 1902 1958 εἷπον

318 1987 525 2057 μικρὸν
564 1986 670 2039 ἀπὸ
707 1988 952 2058 στήθους.
1001 1989 1111 2042 Kal
1154 1989 1405 2056 ἐξελθὼν,
1444 1991 1618 2060 λέγω⁶
1662 1993 1901 2058 Εὗξασθε

316 2075 458 2147 περὶ
475 2075 523 2106 ⁸³
547 2074 697 2144 ἐμοῦ.
733 2077 895 2130 Αὐτοὶ
921 2077 977 2130 δὲ
1007 2077 1197 2132 ἔϐαλον
1224 2080 1532 2149 μετάνοιαν,
1567 2083 1899 2146 σιωπῶντες.

318 2167 573 2238 Ἔμαθον
593 2165 684 2222 οὖν
707 2170 787 2223 ὃτι
816 2172 846 2222 6
873 2171 1076 2239 μείζων
1102 2172 1308 2237 τέλειός
1335 2175 1452 2227 ἐστι
1479 2191 1492 2206 ο
1525 2174 1602 2244 τῷ
1627 2176 1684 2229 δὲ
1710 2194 1902 2249 μικρο-

313 2257 465 2330 τέρῳ
512 2261 694 2332 ἀκμὴν
743 2262 998 2334 ἐπολέμει
1037 2266 1065 2317 6
1117 2265 1333 2337 ἐχθρός.
1394 2267 1551 2321 Μετὰ
1595 2267 1651 2321 δὲ
1701 2271 1904 2342 μικρὰς

317 2349 539 2420 ἡμέρας
563 2389 577 2414 ,
617 2351 885 2423 ἐκοιμήθη
932 2354 960 2404 ὁ
991 2354 1190 2424 μείζων
1230 2357 1478 2426 ἀδελφὸς.
1513 2360 1606 2412 καὶ
1635 2363 1700 2432 τῇ
1743 2362 1904 2435 τρίτῃ

315 2440 504 2511 ἡμέρᾳ
541 2442 570 2494 6
614 2443 958 2517 μικρότερος.
1013 2447 1122 2500 Καὶ
1154 2447 1242 2501 ὅτε
1285 2450 1591 2520 παρὲὁαλόν
1620 2471 1765 2518 τινες
1796 2455 1904 2508 τῶν

317 2533 579 2605 Πατέρων
611 2535 747 2605 πρὸς
779 2536 872 2589 τὸν
915 2537 1088 2592 ἀϐὅᾶν
1119 2541 1420 2612 Μακάριον,
1467 2544 1772 2616 ἐλάμϐανεν
1803 2549 1902 2601 αύ-

315 2627 446 2688 τοὺς
471 2627 551 2690 είς
588 2626 688 2698 τὴν
731 2628 928 2682 κέλλαν
963 2632 1164 2697 αὐτῶν,
1204 2634 1405 2704 λέγων·
1438 2638 1603 2692 Δεῦτε
1625 2679 1640 2705 ,
1674 2640 1811 2693 ῐδετε
1843 2641 1905 2694 τὸ

317 2717 626 2790 μαρτύριον
654 2719 764 2773 τῶν
799 2722 1012 2795 μικρῶν
1040 2725 1229 2792 ξένων.

393 2984 486 3038 λδν.
535 2985 886 3042 Ἀπέστειλάν
912 3007 1037 3044 ποτε
1066 2990 1200 3062 πρὸς
1227 2992 1316 3045 τὸν
1341 2993 1516 3047 ἁϐϐᾶν
1538 2995 1822 3066 Μακάριον
1847 2999 1903 3049 ἐν

317 3078 389 3146 τῇ
415 3077 619 3147 ’Σκήτει
645 3081 694 3132 οί
721 3080 974 3152 γέροντες
997 3083 1090 3136 τοῦ
1117 3084 1303 3156 ὅρους,
1333 3087 1779 3157 παρακαλοῦντες
1806 3089 1904 3142 αὺ-

319 3169 448 3221 τόν·
493 3169 587 3222 καί
635 3188 770 3240 φασι
813 3174 948 3244 πρὸς
991 3175 1185 3228 αὐτόν’
1228 3177 1349 3230 Ἵνα
1400 3179 1473 3250 μὴ
1509 3179 1679 3251 σκυλῇ
1728 3182 1835 3245 πᾶς
1879 3183 1908 3234 ό

319 3260 449 3324 λαὸς
474 3261 610 3332 7:96;
637 3264 715 3325 σὲ,
751 3264 1008 3336 ἀξιοῦμέν
1037 3285 1096 3320 σε
1126 3269 1532 3342 παραγενέσθαι
1565 3273 1703 3343 πρὸς
1735 3275 1903 3344 ἡμᾶς,

319 3353 472 3416 ὅπως
503 3353 825 3425 θεασώμεθα
854 3359 960 3429 πρὸ
985 3358 1078 3412 τοῦ
1111 3377 1167 3412 σε
1193 3361 1500 3432 ἐκδημῆσαι
1519 3363 1656 3435 πρὸς
1679 3364 1904 3436 Κύριον.

323 3445 777 3516 Παραγενομένου
823 3448 878 3501 δὲ
912 3449 1076 3503 αὐτοῦ
1103 3453 1160 3504 ὲν
1189 3451 1268 3522 τῷ
1296 3452 1432 3523 ὄρει,
1467 3456 1706 3528 συνήχθη
1743 3459 1850 3521 πᾶς
1883 3461 1912 3512 6

323 3535 453 3600 λαὸς
494 3538 632 3608 πρὸς
657 3539 839 3593 αὐτόν.
871 3542 980 3594 Kal
1011 3543 1350 3614 παρεκάλουν
1380 3546 1542 3600 αὐτὸν
1576 3549 1625 3600 oi
1657 3549 1911 3621 γέροντες

324 3629 502 3681 εἰπεῖν
526 3631 684 3697 λόγον
711 3635 820 3696 τοῖς
849 3633 1114 3703 ἀδελφοῖς.
1159 3636 1215 3689 ’0
1237 3636 1292 3690 δὲ
1316 3637 1555 3702 ἀκούσας
1576 3641 1676 3711 ἔφη
1698 3658 1711 3670 ·
1740 3643 1914 3696 Κλαύ-

327 3736 536 3790 σωμεν,
569 3721 810 3792 ἀδελφοὶ,
871 3725 966 3777 καὶ
1019 3729 1483 3796 καταγαγέτωσαν
1535 3733 1584 3784 oi
1640 3733 1912 3804 ὀφθαλμοὶ

325 3815 486 3886 ἡμῶν
510 3815 737 3887 δάκρυα,
763 3817 871 3886 πρὸ
891 3817 984 3871 τοῦ
1017 3819 1162 3889 ἡμᾶς
1192 3820 1468 3888 ἀπελθεῖν,
1495 3824 1630 3876 ὅπου
1663 3825 1730 3878 τὰ
1754 3827 1912 3896 ἡμῶν

324 3906 539 3978 δάκρυα
572 3909 908 3961 κατακαύσει
938 3909 1007 3962 τὰ
1036 3909 1262 3982 σώματα
1295 3913 1471 3984 ἡμῶν.
1506 3917 1611 3969 Kal
1646 3916 1914 3972 ἔκλαυσαν

332 4000 539 4063 πάντες
559 4039 575 4062 ,
608 4000 701 4052 καὶ
729 4003 922 4054 ἔπεσον
957 4002 1047 4055 ἐπὶ
1069 4004 1357 4074 πρόσωπον
1378 4007 1576 4073 αὐτῶν,
1600 4010 1694 4062 καὶ
1727 4006 1878 4064 εἷπον
1895 4026 1908 4039 °

329 4093 532 4164 Πάτερ,
557 4089 709 4159 εὖξαι
726 4094 864 4166 ὑπὲρ
887 4095 1065 4165 ἡμῶν.
1396 4101 1402 4106 ’

399 4184 492 4237 λε’.
533 4185 758 4239 Ἀλλοτε
798 4187 984 4250 πάλιν,
1019 4187 1229 4258 δαίμων
1260 4190 1465 4264 ἐπέστη
1502 4193 1582 4264 τῷ
1618 4195 1762 4266 ὰ66ᾷ
1795 4196 1914 4249 Μα-

325 4273 509 4346 καρίῳ
547 4275 683 4346 μετὰ
717 4277 1025 4348 μαχαιρίου,
1051 4277 1218 4332 θέλων
1244 4280 1334 4333 τὸν
1356 4282 1490 4336 πόδα
1521 4285 1684 4339 αὐτοῦ
1715 4285 1912 4354 κόψαι·

324 4364 427 4417 καὶ
455 4365 543 4419 διά
572 4365 671 4438 τὴν
697 4371 1194 4443 ταπεινοφροσύνην
1225 4375 1389 4428 αὑτοῦ
1419 4377 1494 4448 μὴ
1525 4377 1798 4448 δυνηθεὶς,
1826 4378 1915 4432 λέ-

323 4473 417 4524 γει
463 4457 644 4528 αὐτῷ·
685 4460 822 4513 Ὅσα
858 4460 1039 4531 ἔχετε,
1091 4465 1181 4517 καὶ
1221 4467 1383 4537 ἡμεῖς
1419 4467 1642 4539 ἔχομεν’
1681 4470 1819 4544 μόνῃ
1847 4474 1913 4542 τῇ
1951 4491 1995 4546 ι)

323 4551 800 4624 ταπεινοφροσύνῃ
830 4551 1115 4626 διαφέρετε
1150 4558 1327 4628 ἡμῶν,
1358 4561 1454 4614 καὶ
1475 4551 1752 4633 κρατεῖτε.

402 4725 512 4792 λς’.
550 4723 718 4780 Εἶπεν
759 4730 789 4782 6
833 4728 1007 4794 ἀὸϐἄς
1045 4732 1363 4803 Μακάριος·
1420 4733 1544 4787 Ἐὰν
1588 4735 1918 4807 μνησθῶμεν

324 4821 440 4874 τῶν
476 4821 582 4874 ὑπὸ
623 4821 732 4874 τῶν
780 4821 1086 4893 ἀνθρώπων
1126 4825 1484 4895 ἐπαγομένων
1523 4828 1656 4897 ἡμῖν
1702 4829 1910 4896 κακῶν,

325 4912 668 4984 ἀναιροῦμεν
694 4911 792 4984 τὴν
820 4912 1052 4985 δύναμιν
1075 4916 1176 4986 τῆς
1203 4915 1297 4970 τοῦ
1333 4916 1468 4970 Θεοῦ
1500 4919 1742 4991 μνήμης.
1790 4921 1915 4976 Ἐὰν

321 5006 391 5058 δὲ
442 5006 772 5078 μνησθῶμεν
814 5007 922 5061 τῶν
967 5009 1156 5063 κακῶν
1201 5009 1308 5064 τῶν
1344 5009 1635 5080 δαιμόνων,
1678 5012 1917 5083 ἐσόμεθα

324 5101 357 5152 ἆ
369 5117 564 5170 τρωτοι
573 5139 586 5152 .

402 5193 501 5258 λζ’.
537 5191 704 5249 Εἶπεν
721 5195 751 5247 6
777 5195 950 5258 άὸϐᾶς
975 5195 1311 5264 Παφνούτιος
1334 5197 1361 5248 6
1390 5197 1636 5269 μαθητὴς
1655 5196 1749 5250 τοῦ
1774 5197 1919 5253 ἀδεᾶ

324 5285 646 5356 Μακαρῖου,
685 5287 768 5341 ὅτι
802 5287 988 5356 ἔλεγεν
1027 5290 1054 5341 ὁ
1090 5288 1266 5360 γέρων
1302 5289 1403 5353 ὅτι,
1443 5290 1574 5342 Ὅτε
1603 5289 1754 5360 ήμην
1793 5307 1918 5345 παι-

409 5444 456 5475 ”
483 5443 571 5498 AI.
609 5445 773 5516 ὑπέρ.

401 5603 482 5676 (8)
515 5603 797 5676 Σχοινίοκ
832 5605 1039 5674 πυρός.
1079 5602 1770 5676 Fuuiculusiigttisjlulino.
1792 5604 1925 5659 Pro-

335 5675 472 5728 inde
503 5675 566 5726 ad
595 5671 824 5728 Joannis
865 5671 1168 5731 versionem
1207 5676 1262 5729 in
1299 5671 1489 5731 iisdem
1536 5673 1668 5730 Vitis
1701 5675 1923 5728 Patrum

331 5747 519 5814 furnus
552 5743 793 5814 irrepsit,
831 5761 890 5800 cx
919 5745 1325 5802 abbreviationc
1377 5748 1526 5803 vocis
1558 5746 1843 5815 funiculus.

2002 523 2125 578 bam
2155 538 2282 584 eos;
2316 523 2418 593 ipsi
2455 537 2564 576 non
2599 521 2856 577 videbant
2889 538 2996 578 me.
3031 522 3108 577 Ad
3164 523 3280 578 hmc
3328 524 3436 580 vidi
3468 525 3576 581 dte-

2000 631 2190 671 mones
2225 615 2400 671 instar
2427 629 2742 669 muscarum
2773 615 3059 670 venientes
3099 630 3265 686 super
3288 617 3580 689 minorem,

2000 723 2235 778 quorum
2286 707 2378 760 alii
2416 707 2751 761 accedebant
2789 713 2847 760 ut
2885 705 3138 761 sederent
3196 708 3249 762 in
3299 724 3396 763 ore
3439 709 3582 780 ejus,

2001 799 2092 853 alii
2128 799 2180 852 in
2211 798 2405 853 oculis.
2441 797 2615 851 Simul
2640 797 2902 868 conspexi
2937 798 3186 869 angelum
3223 798 3437 854 Domini
3458 816 3580 856 cum

2000 888 2180 960 gladio
2217 887 2362 956 ignis
2394 902 2504 957 prm
2550 886 2831 951 manibus,
2886 887 3398 943 circumvallantem
3434 904 3583 955 eum.

2001 979 2388 1050 daemonesque
2441 979 2508 1032 ab
2543 976 2608 1032 eo
2662 978 3084 1049 propellentem.
3125 983 3195 1032 At
3229 979 3425 1050 majori
3471 996 3580 1036 non

2003 1079 2252 1142 peterant
2322 1072 2782 1142 appropinquare.
2851 1069 3010 1126 Circa
3064 1073 3395 1126 matutinum
3457 1087 3589 1126 vero

2003 1174 2239 1234 tempus,
2273 1164 2674 1219 recubuerunt:
2712 1177 2812 1234 ego
2857 1163 3181 1228 assimilavi,
3225 1179 3312 1219 me
3337 1178 3465 1218 mox
3490 1179 3582 1219 ex-

2005 1255 2402 1326 pergefactum;
2465 1257 2680 1327 ipsique
2736 1255 3009 1310 similiter.
3061 1253 3174 1309 Hoc
3221 1262 3403 1310 autem
3448 1254 3592 1310 dun-

2004 1355 2153 1402 taxat
2183 1347 2316 1401 mihi
2351 1347 2602 1402 elocutus
2623 1356 2709 1403 est
2735 1347 2963 1402 verbum
2997 1345 3214 1416 major:
3254 1344 3350 1402 Vis
3393 1347 3590 1404 recite-

2003 1453 2128 1494 mus
2186 1438 2474 1494 duodecim
2533 1439 2808 1509 psalmos?
2855 1437 3085 1508 Excipio
3133 1455 3145 1491 :
3189 1436 3386 1492 Etiam.
3448 1437 3588 1498 Tum

2005 1529 2189 1600 psallit
2212 1531 2389 1585 minor
2418 1531 2662 1601 quinque
2715 1531 2980 1602 psalmos,
3011 1545 3040 1584 a
3080 1546 3175 1585 sex
3207 1530 3482 1594 versibus,
3535 1538 3593 1586 et

2007 1637 2172 1674 unum
2229 1623 2482 1678 Alleluia.
2533 1621 2712 1693 Atque
2739 1625 2806 1676 ad
2858 1637 3309 1692 unumquemque
3347 1636 3590 1686 versum.

2006 1713 2189 1766 exibat
2232 1715 2377 1783 ignis
2422 1717 2632 1785 lampas
2663 1731 2731 1770 ex
2773 1730 2868 1770 ore
2900 1716 3021 1784 ejus
3055 1715 3496 1785 ascendebatqne
3536 1715 3590 1769 in

2009 1805 2231 1857 cmlum.
2260 1803 2384 1858 Pari
2417 1806 2582 1860 modo
2614 1807 2777 1861 etiam
2811 1807 3010 1877 major,
3045 1807 3271 1878 quando
3311 1805 3594 1877 aperiebat

2009 1909 2070 1948 os
2133 1894 2187 1948 in
2219 1895 2524 1964 psallendo,
2557 1905 2818 1967 tanquam
2852 1897 3133 1954 funiculus
3159 1899 3302 1968 ignis
3347 1897 3595 1969 egredie-

2009 1985 2189 2051 batur,
2227 1993 2281 2040 et
2313 1988 2659 2059 pertingebat
2696 2005 2870 2060 usque
2912 1992 2967 2045 in
3004 1991 3227 2045 coelum.
3273 1988 3450 2043 Etiam
3491 2003 3594 2058 ego

2011 2091 2306 2147 parumper
2357 2094 2421 2132 ex
2472 2088 2694 2148 pectore
2747 2095 2810 2135 ac
2861 2083 3122 2135 memoria
3181 2082 3427 2136 recitavi.
3462 2079 3594 2134 Post

2010 2170 2157 2240 quod
2196 2171 2411 2238 exiens,
2448 2171 2559 2225 dixi
2595 2189 2608 2224 :
2651 2170 2816 2226 Orate
2857 2185 2956 2240 pro
2993 2187 3097 2226 me.
3136 2171 3244 2240 Ipsi
3282 2180 3464 2225 autem
3509 2170 3594 2223 in-

2011 2261 2357 2316 clinaverunt
2383 2278 2462 2328 se,
2495 2269 2761 2318 tacentes.
2795 2262 3048 2333 Comperi
3085 2277 3214 2334 ergo
3244 2261 3389 2332 quod
3418 2261 3595 2333 major

2011 2351 2286 2422 perfectus
2313 2362 2475 2418 esset,
2515 2354 2782 2408 minorem
2814 2352 2994 2408 adhuc
3031 2352 3374 2424 impugnaret
3407 2352 3594 2406 inimi-

2011 2461 2134 2502 cus.
2185 2446 2455 2501 Cmterum
2510 2454 2634 2517 post
2690 2461 2895 2517 paucos
2928 2444 3069 2509 dies,
3109 2446 3304 2502 mortis
3340 2460 3592 2500 somnum

2009 2539 2348 2594 obdormivit
2384 2539 2559 2608 major
2583 2538 2772 2604 frater,
2808 2553 2871 2593 ac
2905 2539 3061 2593 tertia
3089 2537 3214 2592 dein
3249 2537 3339 2593 die
3384 2536 3592 2592 minor.

2011 2625 2259 2696 Cumque
2292 2642 2323 2682 e
2347 2625 2607 2683 Patribus
2645 2627 2898 2682 nonnulli
2939 2627 3158 2682 adirent
3192 2626 3447 2683 abbatem
3487 2625 3598 2680 ηε.

2011 2719 2244 2783 carimn,
2285 2717 2515 2773 ducebat
2559 2733 2656 2774 eos
2691 2719 2745 2773 in
2797 2718 3034 2773 istorum
3086 2719 3301 2783 cellam,
3350 2733 3475 2775 cum
3507 2718 3594 2774 his

2011 2809 2233 2864 verbis:
2273 2807 2490 2874 Venite,
2534 2808 2716 2865 videte
2760 2810 3086 2881 martyrium
3117 2811 3392 2865 minorum
3439 2825 3597 2880 pere—

2009 2906 2313 2972 grinorum.

2083 2993 2258 3064 54.(9)
2293 2991 2564 3048 Miserunt
2589 2992 2886 3064 aliquando
2912 2991 2979 3046 ad
3014 2991 3266 3046 abbatem
3300 2987 3599 3047 Macarium

2015 3086 2068 3139 in
2101 3083 2248 3140 Sceti
2275 3085 2665 3141 consistentem
2701 3100 2862 3141 senes
2912 3083 3136 3148 montis,
3174 3090 3398 3138 orantes
3432 3097 3556 3138 eum
3581 3123 3597 3147 ,

2015 3183 2068 3228 et
2095 3174 2286 3229 aiunt:
2323 3174 2400 3230 Ne
2419 3177 2676 3232 universa
2708 3175 3002 3230 multitudo
3029 3174 3095 3228 ad
3137 3182 3190 3229 te
3216 3172 3491 3228 veniendo
3522 3173 3602 3228 fa-

2016 3267 2244 3338 tigetur,
2283 3282 2575 3337 precamur
2623 3274 2682 3322 ut
2731 3267 2966 3322 accedas
3001 3266 3067 3322 ad
3114 3281 3236 3332 nos,
3274 3279 3386 3336 quo
3412 3265 3601 3322 videa-

2019 3375 2143 3415 mus
2166 3368 2460 3430 antequam
2496 3360 2731 3431 emigres
2758 3359 2822 3414 ad
2857 3359 3169 3414 Dominum.
3201 3359 3306 3426 Qui
3346 3359 3414 3414 ad
3444 3374 3603 3414 mon-

2021 3460 2126 3506 tem
2172 3467 2299 3506 cum
2328 3451 2620 3517 adfuisset,
2653 3459 2982 3524 congregata
3019 3459 3102 3507 cst
3135 3453 3316 3507 omnis
3361 3452 3604 3506 multitu-

2019 3544 2089 3597 do
2117 3545 2261 3598 circa
2291 3559 2438 3598 eum.
2475 3545 2648 3601 Senes
2671 3559 2802 3600 vero
2835 3551 3188 3614 rogaverunt,
3218 3551 3275 3597 ut
3304 3547 3371 3597 ad
3405 3543 3603 3599 fratres

2021 3636 2243 3691 haberet
2273 3651 2604 3693 sermonem.
2633 3635 2724 3691 Ille
2751 3635 2934 3690 audita
2968 3637 3272 3706 rogatione,
3292 3633 3598 3698 Ploremus.

2019 3727 2220 3797 inquit,
2250 3727 2467 3794 fratres,
2518 3734 2570 3782 et
2601 3728 2747 3782 oculi
2803 3727 2978 3781 nostri
3043 3726 3379 3796 profundant
3420 3728 3596 3800 lacry—

2020 3835 2160 3883 mas,
2193 3829 2480 3888 antequam
2531 3834 2597 3874 eo
2631 3820 2912 3886 abeamus,
2968 3819 3061 3874 ubi
3112 3820 3367 3890 lacrymm
3399 3827 3600 3873 nostra:

2020 3913 2388 3967 combusturac
2419 3919 2546 3967 sunt
2578 3927 2806 3982 corpora
2863 3917 3073 3968 nostra.
3134 3909 3200 3963 Et
3251 3910 3601 3980 ploraverunt

2022 4005 2228 4070 cuncti,
2262 4003 2692 4074 cecideruntque
2723 4021 2890 4076 super
2921 4005 3113 4060 faciem
3161 4017 3342 4067 suam,
3384 4016 3598 4057 necnon

2022 4096 2315 4150 dixerunt:
2344 4093 2526 4159 Pater,
2557 4111 2651 4150 ora
2681 4110 2778 4166 pro
2809 4095 2990 4151 nobis.

2093 4187 2180 4242 35.
2212 4185 2328 4241 Alia
2360 4186 2558 4242 iterum
2591 4187 2710 4242 vice
2753 4187 2965 4242 daamon
3000 4184 3305 4260 insurrexit
3337 4184 3603 4241 adversus
3661 4241 3666 4249 ,

2023 4277 2274 4332 abbatem
2331 4276 2626 4332 Macarium
2673 4292 2798 4332 cum
2847 4276 3105 4348 gladiolo,
3167 4276 3356 4332 volens
3414 4275 3602 4348 pedem

2023 4368 2142 4438 ejus
2168 4377 2488 4440 amputare;
2525 4369 2619 4425 sed
2643 4383 2767 4423 cum
2792 4378 3013 4440 propter
3035 4369 3397 4424 humilitatem
3429 4367 3608 4439 ipsius
3690 4414 3700 4430 ,

2024 4476 2132 4515 non
2159 4468 2365 4530 posset,
2405 4460 2543 4514 dixit
2575 4460 2660 4516 ei:
2693 4458 3044 4529 Quaecunque
3077 4459 3294 4515 habetis
3338 4457 3608 4514 habemus

2023 4553 2189 4606 etiam
2221 4566 2354 4619 nos;
2381 4555 2498 4609 sola
2531 4551 2837 4607 humilitate
2866 4565 2896 4604 a
2931 4551 3090 4606 nobis
3111 4550 3363 4612 diﬂertis,
3400 4557 3454 4604 et
3476 4565 3610 4619 pra:-

2023 4647 2236 4700 valetis.

2092 4739 2176 4792 '56.
2207 4737 2316 4811 (10)
2337 4737 2478 4792 Dixit
2497 4737 2667 4792 abbas
2686 4735 2994 4790 Macarius:
3016 4733 3072 4786 Si
3092 4731 3480 4787 retinuerimus
3498 4745 3611 4786 mc-

2027 4831 2255 4885 moriam
2315 4832 2583 4887 malorum
2633 4846 2755 4900 quae
2783 4829 2946 4884 nobis
2985 4825 3299 4882 inferuntur
3325 4825 3392 4881 ab
3431 4823 3610 4879 homi-

2025 4924 2212 4990 nibus,
2249 4924 2534 4980 abolemus
2573 4924 2680 4978 vim
2732 4919 3132 4976 recordationis
3181 4917 3312 4985 Dei;
3367 4916 3518 4987 quod
3562 4916 3610 4973 si

2025 5017 2298 5071 recordati
2360 5016 2628 5072 fuerimus
2693 5015 2963 5069 malorum
3020 5026 3142 5083 qua:
3192 5025 3289 5082 per
3327 5009 3606 5064 daamoncs

2026 5107 2370 5176 contingunt,
2405 5109 2612 5164 erimus
2641 5105 2992 5162 invulnerati.

2101 5201 2189 5254 37.
2227 5199 2433 5256 Retulit
2467 5200 2636 5255 abbas
2663 5197 3030 5268 Paphnutius,
3064 5192 3372 5263 discipulus
3394 5189 3611 5246 abbatis

2029 5290 2272 5355 Macarii,
2305 5291 2470 5348 verba
2503 5291 2650 5347 senis
2675 5304 2688 5344 :
2711 5288 2940 5356 Quando
2962 5300 3113 5341 eram
3145 5299 3300 5355 puer,
3333 5297 3458 5339 cum
3487 5281 3614 5336 aliis

2105 5604 2180 5674 (9)
2219 5601 2326 5674 vn.
2360 5601 2514 5674 ρςιιν.
2545 5601 2627 5664 ni,
2664 5603 2720 5674 9.

2106 5667 2217 5746 (l0)
2260 5672 2366 5729 Vit.
2402 5673 2557 5728 Patr.
2587 5688 2642 5740 χ,
2671 5671 2766 5729 3-5.
2797 5669 2857 5726 L.
2898 5667 3180 5726 Socratem
3210 5683 3282 5733 Iv,
3311 5668 3405 5723 ‘23.
