4036 6202
416 259 524 316 279

1564 257 1911 316 APPENDIX
1949 258 2040 314 AD
2071 260 2486 322 PALLADIUM‘.

3577 266 3684 325 280

413 378 599 453 pueris
653 372 944 446 pascebam
996 371 1284 456 buculas;_
1323 380 1378 427 et
1428 383 1794 445 perrexerunt
1845 375 1996 433 fura-

2101 381 2231 446 δίον,
2282 383 2420 456 μετὰ
2454 382 2563 436 τῶν
2593 380 2768 438 ἄλλων
2800 383 3026 436 παιδίων
3059 383 3283 439 ἔϐοσκον
3333 383 3540 449 Samia“
3584 388 3682 440 καὶ

413 488 530 528 tum
563 471 727 525 licus.
778 466 1030 536 Dumque
1063 453 1320 531 currunt,
1353 480 1460 520 una
1520 481 1588 522 ex
1644 467 1714 523 iis
1759 467 1991 524 cecidit:

412 579 576 638 quam
608 562 810 617 tollens
860 558 1096 615 comedi.
1131 558 1360 626 Quoties
1412 573 1544 631 ergo
1589 559 1711 630 ejus
1743 561 1827 615 rei
1853 561 1997 617 redit

411 655 692 719 memoria,
717 653 941 724 plorans
970 651 1152 708 sedeo.

482 749 575 806 38.
615 748 728 820 (ll)
757 746 1010 802 Narravit
1037 745 1209 801 abbas
1242 745 1548 802 Macarius:
1579 743 1686 802 lter
1711 759 1877 817 agens
1899 743 1993 800 ali-

414 840 640 914 quando
669 856 769 912 per
799 853 1072 904 eremum,
1109 837 1293 893 inveni
1329 837 1626 892 calvariam
1669 837 1875 894 mortui
1926 835 1995 890 ad

411 935 589 990 solum
613 933 921 1004 jacentem;
950 945 1115 1002 quam
1146 944 1271 985 cum
1295 930 1508 1001 palmeo
1529 929 1727 986 baculo
1751 927 1999 1000 quassis-

411 1041 548 1090 sem,
584 1025 770 1080 locuta
792 1023 926 1078 mihi
957 1028 1043 1079 est
1077 1021 1339 1078 calvaria.
1366 1020 1499 1078 Dico
1522 1021 1574 1078 ei
1603 1020 1719 1078 :Tu
1749 1022 1876 1092 quis
1904 1021 1998 1076 es?

414 1115 716 1188 Respondit
741 1115 875 1170 mihi
903 1114 1139 1172 calvaria
1169 1129 1185 1168 :
1221 1113 1335 1186 Ego
1364 1129 1515 1170 eram
1549 1113 1799 1186 pontifex
1824 1113 1998 1171 idolo-

413 1223 534 1263 rum
549 1221 852 1277 eorumque
880 1207 1163 1278 gentilium
1186 1207 1280 1276 qui
1306 1206 1413 1262 hoc
1443 1207 1565 1262 loco
1595 1207 1992 1273 morabantur;

411 1310 471 1356 tu
500 1315 632 1356 vero
665 1315 726 1357 es
781 1298 1056 1357 Macarius
1102 1301 1197 1371 qui
1231 1298 1499 1370 Spiritum
1545 1300 1638 1357 Dei
1675 1300 1820 1357 fers:
1861 1315 1996 1373 qua-

410 1407 631 1464 cunque
684 1391 820 1446 hora
860 1399 1171 1447 commotus
1212 1389 1385 1448 fueris
1434 1391 1821 1447 misericordia
1867 1405 1997 1462 erga

411 1499 509 1540 eos
529 1484 626 1555 qui
650 1482 706 1538 in
728 1483 1021 1540 tormentis
1040 1490 1354 1548 versantur,
1380 1491 1435 1538 et
1463 1482 1710 1538 oraveris
1732 1497 1831 1553 pro
1860 1482 1995 1549 illis.

411 1577 672 1650 exiguum
711 1577 960 1635 sentiunt
1003 1576 1285 1633 solatium.
1325 1574 1420 1630 Ait
1462 1589 1666 1631 senex:
1707 1573 1994 1641 Quodnam

411 1678 498 1727 est
531 1669 812 1734 solatium,
841 1677 898 1725 et
950 1667 1228 1740 quodnam
1279 1667 1646 1723 tormentum?
1693 1665 1992 1734 Quantum,

412 1760 614 1831 inquit,
654 1774 684 1814 a
735 1769 882 1815 terra
911 1759 1081 1814 distat
1111 1757 1336 1823 cmlum,
1368 1765 1586 1813 tantum
1619 1764 1702 1814 est
1730 1757 1871 1828 ignis
1919 1757 2000 1813 in-

413 1849 498 1906 fra
528 1865 649 1916 nos,
675 1865 706 1906 a
731 1848 963 1921 pedibus
993 1849 1058 1904 ad
1101 1856 1266 1920 caput
1299 1848 1580 1905 stantibus
1608 1847 1772 1903 nobis
1801 1848 1856 1901 in
1886 1863 2001 1902 me-

413 1943 507 1998 dio
539 1941 715 2014 ignis;
772 1956 875 1998 nec
913 1940 1044 1995 licet
1074 1938 1216 1996 facie
1247 1938 1317 1994 ad
1352 1938 1553 1994 faciem
1587 1937 1776 1993 videre
1808 1952 2001 2009 quem-

411 2050 606 2105 quam;
631 2032 727 2090 sed
757 2032 1028 2102 cujusque
1060 2030 1230 2087 facies
1261 2031 1428 2086 dorso
1477 2029 1707 2084 alterius
1736 2027 1996 2084 adhaeret.

411 2125 645 2194 Quando
674 2125 844 2198 igitur
889 2139 1018 2180 oras
1048 2139 1148 2194 pro
1183 2121 1368 2186 nobis,
1394 2137 1542 2178 unus
1570 2135 1641 2177 ex
1681 2128 1836 2190 parte
1871 2135 1997 2191 spe-

410 2223 524 2271 ctat
554 2213 749 2270 faciem
779 2213 1027 2269 alterius.
1060 2209 1177 2267 Hoc
1205 2216 1292 2267 est
1322 2209 1602 2265 solatium.
1643 2207 1709 2261 Et
1744 2205 1882 2260 ﬂens
1910 2219 1999 2260 se-

412 2322 539 2370 nex,
561 2305 738 2366 dixit:
769 2301 862 2360 Va:
885 2303 991 2360 diei
1019 2303 1076 2358 in
1108 2317 1216 2373 qua
1246 2311 1408 2358 natus
1435 2308 1520 2357 est
1541 2299 1731 2355 homo!
1751 2296 1997 2353 Addidit:

421 2397 590 2454 Estne
639 2397 788 2452 aliud
821 2395 1045 2468 gravius
1077 2393 1441 2464 supplicium?
1463 2390 1672 2447 Retulit
1715 2389 1997 2444 cranium:

413 2489 587 2560 Major
609 2503 771 2560 poma
799 2495 885 2544 est
920 2487 1110 2543 subter
1131 2500 1257 2542 nos.
1291 2483 1432 2540 Tum
1455 2498 1621 2540 senex
1645 2498 1658 2538 :
1686 2480 1754 2536 Et
1771 2480 1998 2553 quinam

412 2583 528 2637 illic
562 2580 806 2651 degunt?
837 2579 1097 2648 Excepit:
1126 2576 1261 2641 Nos,
1289 2583 1478 2647 utpote
1507 2575 1602 2646 qui
1625 2573 1998 2651 ignoravimus

412 2671 608 2740 Deum,
670 2670 887 2726 modice
934 2667 1372 2726 misericordiam
1417 2667 1810 2741 consequimur
1831 2647 1996 2736 ς’ἷῖιιί

413 2779 547 2820 vero
582 2769 966 2834 cognoverunt
998 2761 1191 2827 Deum,
1222 2769 1278 2817 et
1305 2766 1647 2831 negaverunt
1687 2773 1837 2826 eum,
1865 2756 1998 2813 sub-

409 2861 502 2909 tus
537 2867 639 2908 nos
667 2859 818 2909 sunt.
849 2851 1007 2908 Tunc
1030 2865 1198 2908 senex
1227 2850 1524 2908 calvariam
1551 2864 1795 2913 sumens,
1827 2849 2001 2905 humo

410 2945 710 3002 mandavit.

2100 477 2342 547 ἀπῆλθον
2373 475 2567 546 κλέψαι
2608 475 2843 530 συκίδια.
2887 475 2999 529 Kal.
3034 475 3112 538 ὼς
3149 481 3458 546 τρέχουσιν,
3485 476 3686 542 ἔπεσεν

2099 567 2157 622 ἓν
2185 568 2246 633 ἐξ
2271 567 2450 622 αὐτῶν
2471 585 2484 600 ο
2507 569 2600 621 καὶ
2621 566 2800 620 λαϐὼν
2819 567 3021 636 ἔφαγον
3046 567 3178 620 αὐτό
3198 584 3211 597 ·
3235 568 3331 621 καὶ
3356 569 3448 622 ὅτε
3475 585 3690 641 μνημος

2098 658 2274 713 νεύσω
2307 659 2492 728 αὑτοῦ,
2527 659 2775 730 κάθημαι
2797 657 3020 716 κλαίων.

2169 751 2273 822 λη’.
2312 747 2482 806 Εἶπεν
2505 754 2532 806 6
2557 751 2734 816 ὀιϐϐἄς
2760 750 3044 822 Μακάριος
3070 751 3176 816 ὅτι,
3200 750 3529 820 Περιπατῶν
3551 767 3686 805 ποτε

2099 842 2178 905 είς
2210 843 2310 914 τὴν
2339 841 2568 916 ἔρημον,
2604 835 2761 914 εὗρον
2800 842 3021 914 κρανίον
3061 842 3142 905 εἰς
3182 840 3243 894 τὸ
3271 840 3466 908 ἔδαφος
3487 841 3684 912 νεκροῦ

2098 935 2428 1008 ἐρριμμένον
2449 953 2461 967 ·
2507 935 2602 989 καὶ
2642 933 2913 998 σαλεύσας
2955 931 3090 989 αὐτὸ
3143 934 3212 1004 τῇ
3263 931 3423 1006 βαῖνῃ
3477 932 3681 1004 ῥάϐδῳ,

2098 1027 2327 1099 ἐλάλησέ
2365 1045 2462 1099 μοι
2491 1025 2552 1080 τὸ
2584 1025 2968 1099 κρανίονηΚαὶ
2991 1024 3138 1093 λέγω
3159 1022 3310 1096 αὑτῷ
3328 1041 3343 1056 ο
3374 1025 3447 1078 Σὺ
3476 1025 3562 1089 τίς
3585 1019 3679 1092 εἷς

2111 1118 2409 1191 Ἀπεκρίθη
2451 1135 2543 1190 μοι
2581 1117 2644 1172 τὸ
2685 1117 2908 1190 κρανίον
2932 1133 2947 1149 ’
3009 1113 3152 1184 Ἐγὼ
3197 1115 3350 1187 ἤμην
3390 1114 3682 1186 ἀρχιερεὺς

2096 1207 2207 1262 τῶν
2236 1207 2490 1275 εἰδώλων,
2519 1207 2613 1261 καὶ
2639 1205 2749 1260 τῶν
2787 1204 3089 1279 μεινάντων
3131 1203 3401 1276 Ἐλλήνων
3435 1204 3481 1236 ⁵⁵
3512 1205 3570 1258 ὲν
3602 1203 3686 1274 τῷ

2096 1299 2248 1370 τόπῳ
2273 1299 2448 1370 τούτῳ
2467 1314 2481 1328 ⁶
2522 1299 2587 1351 σὺ
2634 1297 2692 1352 δὲ
2728 1294 2780 1351 εἴ
2811 1297 3100 1368 Μακάριος
3132 1297 3162 1349 ὀ
3200 1294 3646 1366 πνευματοφόρος
3666 1312 3683 1328 ο

2096 1390 2216 1446 οἵαν
2238 1389 2388 1463 ὥραν
2415 1388 2822 1460 σπλαγχνισθῇς
2841 1387 2972 1452 τοὺς
2993 1388 3052 1440 ὲν
3075 1388 3143 1458 τῇ
3171 1385 3411 1452 κολάσει,
3435 1386 3529 1440 καὶ
3549 1384 3690 1460 εὔχῃ

2099 1480 2229 1551 περὶ
2270 1478 2473 1545 αὐτῶν,
2510 1477 2966 1551 παραμυθοῦνται
3008 1477 3209 1546 ὀλίγον.
3255 1476 3420 1546 Λέγει
3462 1475 3613 1547 αὐτῷ
3657 1478 3689 1531 6

2096 1569 2274 1643 γέρων
2294 1587 2308 1601 ·
2340 1568 2476 1624 Ποία
2509 1570 2661 1623 ἐστὶν
2703 1571 2736 1640 ή
2772 1567 3116 1640 παραμυθία,
3142 1567 3235 1620 καὶ
3261 1567 3346 1632 τίς
3371 1567 3404 1638 ή
3432 1566 3687 1632 κόλασις;

2100 1659 2263 1729 Λέγει
2292 1660 2442 1732 αὑτῷ
2462 1677 2476 1689 ο
2517 1660 2681 1714 Ὅσον
2715 1658 2914 1730 ἀπέχει
2951 1660 2980 1712 ὁ
3021 1657 3250 1730 οὐρανὸς
3283 1658 3391 1710 ἀπὸ
3428 1657 3528 1726 τῆς
3558 1657 3688 1728 γῆς,

2099 1753 2354 1807 τοσοῦτόν
2387 1754 2506 1806 ἐστι
2538 1752 2601 1806 τὸ
2647 1751 2758 1823 πῦρ
2791 1749 3146 1804 ὑποκάτωθεν
3172 1747 3352 1820 ήμῶν,
3378 1748 3486 1802 ἀπὸ
3509 1747 3690 1800 ποδῶν

2101 1845 2206 1910 ἕως
2229 1843 2476 1914 κεφαλῆς
2508 1843 2820 1914 ἑστηκότων
2850 1841 3010 1914 ὴμῶν
3035 1841 3199 1913 μέσον
3224 1841 3320 1895 τοῦ
3591 1841 3688 1894 καὶ

2099 1941 2200 1994 οὐκ
2233 1939 2349 1993 ἐστι
2380 1939 2668 2010 πρόσωπον
2707 1937 2843 2010 πρὸς
2875 1937 3167 2008 πρόσωπον
3199 1934 3498 1990 θεάσασθαί
3524 1951 3646 1988 τινα
3665 1948 3683 1965 “

2099 2031 2236 2086 ἀλλὰ
2267 2031 2328 2085 τὸ
2357 2031 2649 2103 πρόσωπον
2670 2032 2716 2064 ³⁸
2747 2031 3002 2097 ἑκάστου,
3024 2029 3162 2100 πρὸς
3192 2029 3285 2082 τὸν
3313 2027 3501 2100 ἐτέρου
3520 2026 3690 2081 νῶτον

2091 2114 2447 2197 κεκόλληται.
2475 2127 2564 2190 Ὠς
2596 2119 2690 2178 οὖν
2716 2121 2851 2197 εὔχῃ
2879 2122 3018 2194 ὑπὲρ
3042 2123 3075 2192 ἡ
3086 2120 3223 2192 μῶν,
3255 2121 3320 2173 ἐκ
3361 2119 3564 2192 μέρους
3603 2135 3692 2182 τις

2099 2217 2371 2290 θεωρεῖτό
2388 2217 2676 2288 πρόσωπον
2700 2213 2794 2268 τοῦ
2818 2213 3030 2286 ἐτέρου.
3046 2210 3198 2282 Αὕτη
3215 2211 3362 2264 ἐστὶν
3380 2213 3413 2281 ή
3430 2226 3690 2282 παραμυ-

2101 2307 2212 2364 θία.
2248 2309 2358 2362 Kal
2381 2307 2666 2370 κλαύσαςό
2687 2305 2862 2376 γέρων
2882 2301 3035 2358 εἶπεν
3056 2321 3069 2336 ο
3085 2303 3224 2357 Οὐαὶ
3249 2305 3316 2373 τῇ
3346 2301 3532 2373 ἡμέρᾳ
3553 2302 3612 2355 ὲν

2099 2399 2404 2471 ἐγεννήθηό
2420 2397 2704 2471 ἄνθρωπος
2719 2397 2790 2452 ⁸⁸.
2809 2397 2978 2465 Λέγει
3008 2394 3157 2466 αὑτῷ
3187 2395 3216 2448 ὀ
3245 2393 3424 2464 γέρων
3447 2409 3464 2423 ⁸
3501 2394 3692 2447 Ἔστιν

2098 2490 2232 2564 ἄλλη
2249 2491 2450 2562 χείρων
2491 2489 2762 2560 βάσανος;
2789 2487 2955 2556 Λέγει
2986 2485 3136 2556 αὐτῷ
3181 2484 3241 2538 τὸ
3268 2480 3520 2554 κρανίον·
3555 2484 3694 2536 Mer.-

2098 2583 2297 2656 ζοτέρα
2325 2582 2553 2655 βάσανός
2578 2583 2724 2636 ἐστιν
2757 2577 3114 2633 ὑποκάτωθεν
3144 2575 3325 2648 ήμῶν.
3352 2574 3516 2643 Λέγει
3540 2573 3692 2644 αὐτῷ

2097 2681 2127 2733 6
2155 2679 2332 2750 γέρων
2353 2694 2368 2710 ο
2401 2676 2512 2730 Kal.
2545 2673 2692 2737 τίνες
2727 2672 2864 2726 εἰσὶν
2905 2672 3051 2737 ὲκεῖ;
3089 2669 3252 2738 Λέγει
3291 2665 3442 2738 αὐτῷ
3472 2665 3534 2718 τὸ
3563 2682 3693 2736 κραο

2099 2764 2244 2818 νίον·
2299 2762 2494 2833 Ἡμεῖς
2545 2759 2621 2824 ὡς
2665 2757 2740 2830 μὴ
2785 2756 2987 2820 εἰδότες
3029 2754 3120 2808 τὸν
3159 2753 3310 2819 Θεὸν,
3360 2751 3464 2806 κᾶν
3512 2750 3691 2818 ὀλίγον

2097 2853 2398 2924 ὲλεούμεθα
2417 2869 2430 2883 ·
2457 2853 2507 2906 oi
2540 2851 2596 2904 δὲ
2626 2849 2942 2920 ἐπιγνόντες
2965 2846 3057 2902 τὸν
3082 2846 3235 2914 Θεὸν,
3261 2845 3356 2899 καὶ
3377 2843 3695 2915 ἀρνησάμε-

2102 2964 2183 3002 νοι
2211 2945 2374 3000 αὐτὸν
2389 2941 3002 3014 ⁸⁷,ὑποκάτωθενξήμῶν
3029 2942 3159 2996 είσι.
3186 2938 3298 2994 Kal.
3331 2935 3511 2991 λαϐὼν
3537 2937 3568 2990 6
3598 2933 3691 3006 γέ-

2107 3056 2216 3109 ρων
2253 3036 2316 3091 τδ
2348 3036 2589 3109 κρανίον,
2630 3034 2835 3107 ἔχωσεν
2863 3033 3017 3090 αὐτό.

477 3117 570 3188 39.
606 3117 718 3189 (l2)
754 3116 972 3174 Dictum
1004 3125 1090 3176 est
1123 3117 1191 3176 de
1221 3119 1420 3176 abbate
1445 3119 1684 3175 Macario
1710 3117 1991 3190 Egyptio,

2107 3095 2119 3109 ι
2165 3128 2262 3184 λθ’.
2301 3095 2524 3196 Ἔλεγον
2558 3095 2693 3198 περῖ
2727 3124 2821 3178 τοῦ
2868 3124 3015 3180 assa
3049 3121 3342 3195 Μακαρίου
3385 3117 3480 3175 τοῦ
3519 3120 3691 3189 Δίγυ-

408 3210 559 3281 quod
594 3210 894 3280 aliquando
929 3226 961 3267 e
991 3209 1140 3267 Sceti
1172 3213 1506 3269 ascendebat
1539 3212 1595 3266 in
1631 3219 1873 3266 montem
1900 3209 1996 3265 Ni-

409 3301 550 3366 trlae,
601 3309 657 3356 et
710 3311 771 3356 ut
817 3316 990 3372 prope
1039 3302 1220 3357 locum
1265 3303 1500 3367 exstitit,
1545 3303 1684 3358 dixit
1723 3301 1997 3373 discipulo

409 3409 513 3449 suo
560 3411 575 3448 :
631 3392 888 3450 Praecede
939 3394 1246 3466 paululum.
1309 3395 1557 3466 Cumque
1597 3395 1688 3451 ille
1736 3395 1994 3466 praeiret,

409 3487 633 3544 obvium
664 3486 857 3542 habuit
893 3487 1187 3559 quemdam
1227 3489 1546 3544 Graecorum
1577 3503 1672 3545 seu
1712 3489 1996 3561 gentilium

409 3579 776 3636 sacerdotem.
824 3578 908 3635 Ad
956 3595 1118 3650 quem
1171 3581 1418 3637 clamans
1468 3579 1661 3646 frater,
1727 3581 1994 3648 vocabat,

409 3671 552 3740 lleu,
583 3672 713 3739 heu,
752 3671 1032 3744 inquiens,
1066 3687 1178 3743 quo
1213 3673 1417 3738 curris.
1452 3673 1707 3729 daemon?
1739 3671 1834 3729 llle
1865 3687 1998 3729 vero

410 3778 736 3830 conversus,
771 3763 964 3835 plagas
996 3763 1044 3818 ei
1087 3761 1306 3829 inﬂixit,
1340 3762 1675 3833 reliquitque
1705 3761 1997 3818 semimor-

410 3868 589 3913 tuum.
632 3857 713 3911 Ac
752 3855 954 3913 tollens
985 3853 1134 3928 quod
1169 3854 1427 3925 portabat
1456 3855 1689 3925 lignum,
1730 3850 1996 3907 cucurrit.

408 3949 700 4006 Paululum
733 3963 1027 4022 progresso
1098 3949 1342 4004 occurrit
1390 3947 1535 4003 inter
1562 3961 1791 4002 cursum
1827 3945 1998 4000 abbas

413 4043 710 4110 Macarius,
743 4043 840 4114 qui
879 4042 1018 4099 dixit
1047 4041 1096 4098 ei
1131 4059 1146 4096 :
1177 4041 1375 4098 Salvus
1415 4040 1515 4108 sis,
1554 4039 1741 4095 salvus
1786 4038 1886 4103 sis,
1922 4037 2002 4091 la-

410 4139 546 4194 bore
591 4135 869 4193 confecte.
915 4135 1011 4191 [lle
1054 4135 1384 4201 admiratus,
1435 4134 1588 4190 venit
1635 4130 1703 4186 ad
1749 4145 1900 4195 eum,
1944 4136 2001 4184 et

412 4231 490 4286 ait
523 4248 538 4285 :
573 4229 718 4294 Quid
747 4228 874 4282 boni
901 4226 1086 4283 vidisti
1114 4228 1170 4282 in
1201 4243 1309 4294 me,
1338 4225 1487 4296 quod
1519 4239 1607 4280 me
1633 4223 2002 4281 salutaveris?

414 4320 554 4375 Tum
595 4333 764 4374 senex
797 4341 808 4374 :
841 4318 1114 4385 Quoniam
1146 4318 1412 4388 conspexi
1453 4326 1506 4374 te
1529 4318 1718 4373 labore
1752 4314 1998 4381 fessum;

2097 3220 2278 3285 πτίου,
2311 3220 2392 3274 ὅτι
2425 3216 2677 3273 άνέϐαινέ
2707 3231 2839 3270 ποτε
2869 3217 2934 3268 ὲκ
2956 3214 3058 3285 τῆς
3087 3215 3342 3284 Σκήτεως
3373 3214 3454 3276 εἰς
3475 3211 3536 3265 τὸ
3562 3210 3692 3282 ὅρος

2096 3313 2199 3384 τῆς
2235 3311 2468 3385 Νιτρίας
2488 3327 2503 3342 °
2544 3310 2640 3364 καὶ
2659 3309 2737 3374 ὡς
2760 3309 2988 3380 ήγγισεν
3015 3309 3095 3372 είς
3132 3306 3220 3361 τὸν
3245 3305 3434 3370 τόπον,
3469 3299 3592 3358 εἷπε
3614 3302 3697 3374 τῷ

2102 3406 2318 3477 μαθητῇ
2346 3403 2512 3461 αὑτοῦ
2535 3420 2546 3433 ·
2576 3403 2824 3476 Πρόλαϐε
2859 3401 3078 3475 μικρόν.
3108 3400 3220 3454 Kal.
3241 3400 3300 3454 ὲν
3324 3399 3402 3471 τῷ
3428 3399 3696 3470 προάγειν

2099 3498 2284 3562 αὑτὸν,
2312 3498 2550 3569 συναντᾷ
2572 3514 2682 3550 τινι
2714 3497 2852 3568 ίερεϊ
2877 3495 2986 3548 τῶν
3023 3493 3292 3564 Ἐλλήνων
3312 3509 3327 3524 ·
3358 3493 3454 3546 καὶ
3481 3491 3692 3564 κράξας

2099 3589 2248 3662 αὐτῷ
2291 3591 2319 3644 6
2355 3587 2602 3659 ἀδελφὸς,
2653 3585 2852 3658 ἐφώνει
2893 3585 3104 3656 λέγων’
3139 3585 3208 3639 Ai
3246 3584 3304 3638 αἳ
3333 3584 3545 3656 δαῖμον,
3584 3581 3693 3636 ποῦ

2096 3682 2342 3755 τρέχεις;
2384 3680 2656 3752 Στραφεὶς
2685 3679 2742 3734 δὲ
2790 3680 3020 3742 ἐκεῖνος,
3071 3677 3208 3731 διδοῖ
3248 3676 3396 3748 αὑτῷ
3450 3674 3692 3745 πληγὰς,

2100 3776 2194 3830 καὶ
2227 3775 2378 3844 ἀφίει
2411 3774 2575 3828 αὑτὸν
2607 3773 2870 3845 ἡμιθανῆ.
2902 3771 3014 3825 Kal.
3035 3771 3174 3843 ἄρας
3197 3769 3260 3824 τὸ
3292 3769 3450 3837 ξύλον
3477 3767 3692 3840 ἔτρεχε.

2099 3865 2212 3920 Kal
2226 3864 2491 3934 προϐάντι
2507 3862 2708 3932 ὀλίγον,
2737 3863 2974 3933 συναντᾷ
2996 3860 3145 3932 αὐτῷ
3162 3862 3190 3914 6
3212 3860 3386 3924 ὰϐϐἄς
3401 3859 3692 3930 Μακάριος

2100 3959 2380 4031 τρέχοντιο
2415 3957 2509 4018 καὶ
2535 3954 2686 4024 λέγει
2717 3952 2868 4024 αὐτῷ
2887 3970 2900 3984 ·
2930 3952 3191 4024 Σωθείης,
3225 3950 3475 4022 σωθείης,
3508 3967 3694 4020 καμα-

2099 4051 2256 4122 τηρέ.
2299 4050 2410 4104 Kal.
2465 4046 2753 4118 θαυμάσας
2783 4043 2916 4119 ἦλθε
2961 4045 3099 4117 πρὸς
3143 4044 3328 4109 αὐτὸν,
3359 4042 3457 4097 καὶ
3501 4037 3693 4096 εἷπεν·

2101 4142 2168 4196 Τί
2203 4141 2364 4196 καλὸν
2395 4137 2534 4204 εἶδες
2561 4140 2620 4193 ὲν
2649 4139 2794 4210 ἐμοὶ,
2817 4139 2900 4192 ὅτι
2926 4135 3379 4210 προσηγόρευσάς
3405 4153 3502 4205 με;
3529 4134 3697 4203 Λέγει

2101 4232 2252 4304 αὐτῷ
2283 4235 2310 4287 6
2336 4232 2517 4302 γέρων
2543 4249 2555 4262 ·
2588 4231 2712 4284 Ὅτι
2745 4226 2884 4284 εἶδόν
2914 4246 2974 4282 σε
3007 4227 3286 4282 κοπιῶντα
3309 4244 3323 4258 ο
3359 4227 3456 4280 καὶ
3485 4227 3586 4280 οὐκ
3613 4221 3697 4279 οἷ-

2101 4326 2198 4391 δας
2226 4327 2308 4380 ὅτι
2330 4326 2409 4389 είς
2427 4324 2582 4378 κενὸν
2599 4323 2818 4394 κοπιᾷς.
2838 4322 3002 4390 Λέγει
3026 4319 3175 4392 αὐτῷ
3189 4320 3286 4374 καὶ
3303 4319 3467 4383 αὐτός
3487 4336 3502 4350 ο
3525 4316 3700 4388 Κάγὼ

414 4427 482 4466 ac
534 4409 718 4466 nescis
755 4416 808 4464 te
851 4411 906 4463 in
943 4423 1148 4463 vanum
1195 4408 1507 4481 defatigari.
1558 4408 1833 4466 Sacerdos
1864 4423 1997 4480 quo-

2103 4419 2197 4472 ὲπὶ
2223 4417 2300 4488 τῷ
2331 4415 2609 4488 ἀσπασμῷ
2639 4433 2731 4468 σου
2754 4413 3058 4483 κατενύγην
3081 4429 3094 4444 ο
3127 4413 3224 4466 καὶ
3249 4411 3452 4483 ἔμαθον
3479 4411 3562 4466 ὅτι
3598 4409 3699 4465 τοῦ

412 4519 522 4575 que
547 4526 559 4560 :
594 4501 706 4574 Ego
736 4500 1068 4558 salutatione
1099 4508 1194 4556 tua
1222 4509 1591 4571 compunctus
1619 4516 1774 4568 sum;
1813 4509 1869 4557 et
1901 4515 1998 4556 co~

411 4595 576 4668 gnovi
618 4611 682 4650 ex
714 4602 869 4665 parte
907 4592 1002 4650 Dei
1033 4600 1087 4649 te
1123 4608 1269 4649 esse.
1307 4592 1464 4648 Alius
1501 4608 1633 4648 vero
1665 4593 1845 4648 malus
1878 4607 1999 4647 mo-

413 4689 648 4750 nachus.
718 4688 919 4744 obvius
969 4687 1203 4754 factus,
1238 4683 1576 4741 contumelia
1641 4699 1730 4740 me
1782 4683 1995 4752 aﬂ‘ecit;

420 4796 587 4854 quare
614 4795 714 4852 ego
753 4779 877 4836 dedi
909 4781 960 4836 ei
1003 4781 1192 4851 plagas
1231 4779 1300 4835 ad
1330 4787 1583 4834 mortem.
1626 4777 1862 4849 Agnovit
1900 4792 1999 4833 au-

415 4885 524 4931 tem
555 4889 724 4931 senex
755 4872 902 4944 quod
940 4872 1009 4928 de
1037 4873 1311 4943 discipulo
1333 4888 1436 4930 suo
1475 4873 1812 4944 loqueretur.
1845 4869 2002 4926 Tunc

413 4965 774 5036 apprehensis
803 4964 954 5021 senis
983 4963 1218 5036 pedibus
1244 4963 1504 5022 sacerdos
1536 4964 1612 5020 ita
1642 4964 1858 5020 locutus
1882 4971 1996 5020 est:

414 5058 534 5112 Non
575 5059 850 5114 dimittam
896 5065 973 5123 te,
1008 5058 1114 5114 nisi
1162 5073 1250 5113 me
1284 5056 1486 5114 feceris
1527 5057 1884 5113 monachum.
1933 5055 2001 5110 Et

413 5159 688 5206 venerunt
715 5165 962 5214 sursum,
993 5150 1087 5205 ubi
1121 5157 1241 5205 erat
1262 5147 1588 5214 monachus,
1613 5154 2000 5217 portaverunt-

417 5258 525 5314 que
567 5244 721 5298 illum
774 5244 845 5300 ad
891 5241 1186 5300 ecclesiam
1229 5243 1456 5298 montis.
1493 5240 1667 5296 Porro
1709 5248 1999 5296 cernentes

419 5334 766 5395 sacerdotem
802 5352 928 5393 cum
973 5352 1063 5405 eo,
1109 5325 1401 5408 stupefacti
1446 5340 1577 5391 sunt
1611 5355 1622 5390 :
1655 5341 1711 5389 et
1751 5333 2001 5390 fecerunt

2109 4509 2312 4581 μέρους
2347 4508 2442 4562 τοῦ
2477 4507 2613 4562 Θεοῦ
2647 4503 2716 4562 εἴ.
2752 4506 2945 4571 Ἀλλος
2975 4507 3030 4560 δὲ
3065 4505 3236 4569 κακὸς
3271 4503 3503 4576 μοναχὸς
3519 4505 3699 4558 ἀπαν-

2104 4603 2281 4672 τήσας
2321 4618 2434 4672 μοι,
2483 4599 2678 4672 ὕϐρισέ
2725 4616 2793 4670 με
2819 4617 2832 4630 ·
2881 4596 3038 4667 κάγὼ
3077 4598 3257 4652 ἔδωκα
3289 4597 3438 4668 αὐτῷ
3481 4597 3701 4668 πληγὰς

2107 4695 2190 4758 είς
2212 4692 2461 4748 θάνατον.
2493 4692 2604 4747 Kal.
2636 4691 2780 4762 ἔγνω
2808 4693 2837 4746 ὀ
2873 4691 3054 4763 γέρων
3082 4692 3166 4745 ὅτι
3190 4693 3219 4744 6
3257 4689 3503 4762 μαθητὴς
3531 4689 3700 4745 αὑτοῦ

2108 4787 2245 4840 ἐστι.
2290 4786 2400 4839 Kal.
2436 4787 2718 4858 κρατήσας
2743 4785 2870 4848 τοὺς
2913 4784 3080 4848 πόδας
3106 4783 3272 4838 αὐτοῦ
3300 4785 3330 4837 6
3365 4783 3546 4853 ἱερεὺς
3581 4782 3702 4836 ἔλε-

2108 4893 2204 4945 γεν
2224 4891 2239 4906 ·
2273 4876 2389 4930 Οὐκ
2412 4876 2534 4944 ὀιφῶ
2566 4894 2649 4941 σε,
2683 4877 2776 4932 ἐὰν
2802 4877 2876 4950 μὴ
2911 4877 3148 4948 ποιήσῃς
3176 4892 3244 4946 με
3293 4875 3548 4946 μοναχόν.
3587 4875 3701 4928 Καὶ

2106 4964 2268 5041 ἦλθον
2299 4968 2486 5022 ἐπάνω
2526 4968 2659 5022 ὅπου
2687 4963 2754 5040 ἦν
2784 4969 2813 5021 ὀ
2845 4966 3098 5039 μοναχός,
3135 4965 3230 5020 καὶ
3261 4963 3569 5030 ὲϐάσταξαν
3599 4964 3702 5018 αὕη

2105 5061 2218 5126 τὸν,
2247 5061 2344 5115 καὶ
2387 5061 2625 5132 ἤνεγκαν
2652 5060 2734 5124 εἰς
2772 5058 2872 5131 τὴν
2909 5056 3208 5128 ἐκκλησίαν
3241 5055 3334 5110 τοῦ
3371 5056 3553 5127 ὅρους.
3586 5054 3702 5108 Kal.

2109 5148 2309 5217 ἰδόντες
2342 5152 2434 5205 τὸν
2465 5152 2618 5223 ἱερέα
2649 5152 2767 5224 μετ’
2793 5150 2984 5213 αὑτοῦ,
3023 5141 3344 5220 ἐξέστησανο
3379 5148 3476 5201 καὶ
3505 5147 3702 5218 ἐποίη-

2107 5257 2208 5296 σαν
2237 5243 2401 5296 αὐτὸν
2439 5243 2691 5313 μοναχόν.
2738 5241 2850 5296 Kal
2881 5241 3071 5296 πολλοὶ
3112 5240 3223 5294 τῶν
3272 5239 3541 5311 Ἑλλήνων
3577 5239 3704 5307 ὲγέ-

2106 5351 2259 5390 νοντο
2281 5334 2348 5388 δι’
2375 5334 2539 5388 αὑτὸν
2569 5333 2911 5406 Χριστιανοί.
2948 5334 3175 5404 Ἔλεγεν
3205 5328 3297 5387 οῦν
3326 5333 3354 5386 6
3383 5332 3561 5396 ἁϐϐἄς
3583 5332 3706 5386 Μα-

489 5491 650 5567 ⁸ξΑᾹ-1.
694 5491 884 5567 ἱερεὺς,
898 5493 1006 5567 τῶν
1048 5495 1322 5567 Ἐλλήνων
1349 5494 1460 5567 τῶν
1489 5511 1547 5567 μ.
1613 5492 1783 5567 Phil.
1811 5491 2000 5556 νῶτος.
2076 5489 2123 5523 ⁸⁸
2157 5495 2242 5548 AI.
2269 5493 2399 5549 add.
2425 5465 2473 5549 εί
2498 5493 2637 5567 αὐτή
2661 5494 2813 5549 ἐστιν
2842 5494 2876 5566 ή
2907 5491 3233 5566 παραμυθία
3271 5491 3369 5563 τῆς
3398 5490 3701 5556 κολάσεως.

417 5563 465 5598 ⁸⁷
507 5561 767 5618 ALinser.
805 5562 898 5615 καὶ
927 5564 1001 5635 μὴ
1025 5561 1351 5635 ποιήσαντες
1380 5561 1546 5620 αὑτοῦ
1577 5562 1638 5617 τὸ
1667 5562 1900 5634 θέλημα.

491 5725 603 5798 (il)
650 5721 753 5780 Vit.
785 5721 939 5778 Patr.
976 5735 1056 5790 ut,
1091 5720 1176 5776 16.

2186 5714 2294 5787 (ιε)
2338 5713 2437 5768 γει.
2471 5714 2623 5769 Patr.
2651 5729 2730 5781 ιιι,
2760 5712 2879 5766 127.
