4036 6202
1390 339 2013 400 APOPHTIIEGMATA
2051 340 2363 398 PATBL‘M.

249 469 457 542 κάριος,
496 466 580 519 δτι
625 466 655 519 6
700 463 857 532 λόγος
894 464 923 516 6
965 460 1134 524 κακὸς
1160 461 1291 530 (13),
1327 461 1420 515 καὶ
1459 462 1586 526 τοὺς
1632 461 1831 526 καλοὺς

1940 462 2086 517 illum
2122 461 2476 518 monachum.
2509 434 2776 532 Multique
2814 461 3100 534 gentilium
3138 470 3361 534 propter
3393 478 3520 519 eum

252 561 398 616 ποιεῖ
433 554 637 619 κακούς
655 571 671 587 ο
719 554 816 610 καί
842 555 872 608 6
921 551 1086 617 καλὸς
1119 552 1296 620 λόγος,
1336 553 1586 617 καὶτοὺς
1628 555 1830 620 κακοὺς

257 652 396 707 ποιεί
419 645 636 711 καλούς.

319 828 390 898 μ’.
427 826 654 894 Ἔλεγον
683 824 814 896 περὶ
840 819 934 876 τοῦ
963 821 1107 876 esea
1142 822 1450 895 Μακαρίου,
1487 824 1568 878 ὅτι
1599 823 1832 888 ἀπόντος

255 919 432 986 αὐτοῦ,
461 917 680 988 είσῆλθε
727 915 932 987 λῃστὴς
963 915 1045 978 εἰς
1078 913 1138 969 τὺ
1179 915 1391 969 κελλίον
1412 915 1601 969 αὑτοῦ.
1643 916 1832 988 Παρα-

252 1011 534 1081 γενομένου
564 1009 622 1062 δὲ
661 1006 829 1063 αὑτοῦ
855 1008 938 1070 είς
978 1006 1040 1060 τὺ
1081 1006 1314 1071 κελλίον,
1349 999 1476 1078 εὗρε
1514 1006 1604 1061 τὸν
1627 1006 1832 1078 λῃστὴν

247 1122 302 1172 γε
312 1105 536 1174 μίζοντα
555 1102 658 1173 τὴν
683 1101 932 1172 κάμηλον
953 1098 1023 1154 τὰ
1042 1098 1211 1171 σκεύη
1240 1099 1426 1154 αὑτοῦ.
1449 1099 1619 1164 Αὐτὸς
1637 1099 1694 1152 δὲ
1719 1101 1833 1152 sla-

246 1195 409 1250 ιλθὼν
439 1197 520 1258 εἰς
572 1193 634 1248 τὸ
675 1193 908 1255 κελλίον,
943 1191 1248 1262 ἐλάμϐανεν
1291 1191 1402 1246 ἀπὸ
1436 1191 1547 1246 τῶν
1595 1190 1829 1255 σκευῶν,

246 1290 335 1342 καὶ
390 1285 713 1357 συνεγέμιζε
763 1285 883 1356 μετ’
930 1284 1096 1338 αὑτοῦ
1143 1284 1245 1356 τὴν
1287 1283 1556 1354 κάμηλον.
1601 1283 1690 1347 Ὠς
1736 1277 1831 1336 οὖν

247 1380 530 1450 ἐγέμισαν,
558 1377 763 1450 ἦρξατο
785 1379 814 1430 6
837 1375 1042 1448 λῃστὴς
1062 1375 1288 1430 τύπτειν
1315 1374 1416 1447 τὴν
1441 1374 1710 1447 κάμηλον,
1743 1374 1831 1428 ἵνα

245 1473 478 1544 ἀναστῇ·
515 1471 609 1525 καὶ
636 1472 738 1524 οὐκ
771 1469 1046 1542 ἠγείρετο.
1091 1467 1240 1522 Ἰδὼν
1271 1467 1328 1521 δὲ
1359 1469 1389 1522 6
1433 1467 1611 1532 άϐϐἄς
1635 1467 1830 1522 Μακά-

247 1582 359 1638 ριος
385 1565 465 1618 ὅτι
492 1564 591 1618 οὐκ
629 1561 926 1633 ἐγείρεται,
967 1559 1227 1614 εἰσελθὼν
1259 1561 1318 1616 έν
1350 1559 1430 1632 τῷ
1476 1559 1673 1632 κελλίῳ
1701 1551 1830 1630 εὗρε

247 1657 438 1729 μικρὸν
463 1654 709 1710 σκαλίδιν
730 1655 776 1687 ⁸⁸
800 1671 814 1686 ο
844 1654 940 1709 καὶ
985 1651 1234 1708 ἐκϐαλὼν
1256 1653 1324 1718 ⁸9,
1347 1651 1585 1723 ἐπέθηκε
1625 1653 1693 1722 τῇ
1733 1669 1832 1704 κα-

247 1751 421 1821 μήλῳ,
454 1750 662 1818 λέγων’
708 1747 952 1817 ’Δδελφὲ,
981 1746 1142 1800 τοῦτο
1174 1745 1388 1818 ζητεῐή
1424 1745 1691 1816 κάμηλος.
1722 1745 1831 1799 Kal

1937 553 2067 611 laeti
2102 564 2231 610 sunt
2259 553 2581 609 Christiani.
2632 555 2926 611 Asserebat
2970 571 3100 626 ergo
3135 556 3306 611 abbas
3354 554 3527 610 Maca-

1939 650 2077 713 rius,
2113 648 2260 718 quod
2316 663 2499 705 sermo
2541 649 2743 713 malus,
2791 652 2957 704 etiam
3003 650 3178 706 bonos
3227 651 3400 705 malos
3443 649 3524 704 fa-

1937 741 2082 802 ciat.
2114 747 2169 793 et
2193 754 2376 794 sermo
2404 740 2606 803 bonus.
2639 740 2806 794 etiam
2839 740 3014 794 malos
3055 740 3250 795 bonos.

2005 831 2097 885 40.
2140 831 2214 886 De
2257 832 2457 886 abbate
2488 831 2730 887 Macario
2779 833 3184 896 memorabant,
3213 831 3381 902 quod,
3422 831 3522 886 ab-

1936 930 2094 977 sente
2123 923 2240 988 illo,
2275 923 2560 993 ingressus
2592 924 2666 978 sit
2704 923 2848 978 latro
2888 924 2942 977 in
2979 924 3171 978 cellam
3205 924 3344 993 ejus.
3382 923 3520 979 Cum

1937 1027 2116 1069 autem
2165 1016 2441 1081 rediisset,
2495 1017 2704 1072 invenit
2764 1019 3057 1084 latronem,
3109 1019 3202 1088 qui
3251 1017 3524 1073 camelum

1935 1105 2275 1175 supellectile
2324 1121 2422 1162 sua
2472 1107 2758 1162 onerabat.
2807 1107 2926 1178 Ipse
2973 1109 3143 1179 igitur
3195 1109 3412 1162 intrans
3467 1107 3526 1162 in

1937 1199 2159 1264 cellam,
2195 1198 2262 1255 de
2293 1199 2442 1256 vasis
2472 1199 2795 1270 accipiebat,
2837 1209 2892 1257 et
2920 1218 3026 1256 una
3059 1217 3185 1256 cum
3219 1216 3286 1257 eo
3328 1215 3527 1256 onera-

1935 1290 2032 1346 bat
2063 1291 2358 1347 camelum.
2392 1291 2462 1347 Ut
2511 1307 2647 1363 ergo
2685 1293 2961 1348 sarcinam
3007 1294 3376 1357 immiserunt,
3408 1305 3526 1347 cat-

1937 1382 2018 1452 pit
2072 1381 2162 1436 l'ur
2199 1383 2492 1438 verberare
2541 1382 2835 1447 camelum,
2893 1389 2950 1437 ut
3003 1391 3255 1452 surgeret
3299 1395 3526 1451 :neque

1937 1474 2223 1545 surgebat.
2261 1472 2466 1529 Videns
2509 1489 2674 1544 porro
2719 1474 2889 1529 abbas
2920 1473 3194 1528 Macarius
3224 1471 3371 1542 quod
3412 1483 3525 1525 non

1935 1575 2278 1638 exsurgeret,
2311 1567 2507 1623 cellam
2539 1568 2846 1638 ingressus,
2889 1567 3096 1624 invenit
3131 1580 3361 1637 parvum
3401 1579 3524 1619 sar-

1935 1660 2164 1728 culum;
2225 1661 2606 1730 emissumque
2659 1660 2922 1731 imposuit
2968 1659 3212 1722 camelo,
3268 1656 3459 1712 dicens
3501 1673 3518 1711 :

1937 1751 2150 1816 Frater.
2194 1753 2302 1809 hoc
2331 1754 2614 1824 quaerebat
2653 1753 2922 1808 camelus.
2956 1750 3098 1806 Pede
3133 1765 3262 1804 vero
3297 1750 3523 1820 pulsans

242 1840 482 1912 κρούσας
533 1839 704 1910 αὐτὴν
749 1841 778 1893 6
821 1839 1004 1910 γέρων
1051 1837 1129 1908 τῷ
1166 1836 1308 1898 ποδὶ,
1354 1835 1538 1904 λέγει’
1579 1837 1832 1890 Ἀνάστα.

1940 1860 2062 1903 eum
2126 1861 2317 1910 senex,
2370 1847 2446 1900 ait
2499 1845 2745 1916 :Surge.
2795 1842 3214 1912 Confestimque
3257 1839 3520 1907 surrexit,

243 1932 353 1986 Kal
378 1932 584 1995 εὐθέως
616 1931 834 2002 ἀνέστη,
852 1930 950 1984 καλ⁵
976 1927 1186 2000 ἀπῆλθε
1215 1928 1410 2000 μικρὸν
1427 1927 1518 1981 διὰ
1540 1927 1632 1981 τὸν
1662 1926 1823 1996 λόγον

1940 1945 1980 1995 ξι
2023 1953 2324 2008 parumper
2364 1937 2583 1994 itineris
2629 1935 2867 1992 confecit
2900 1945 3122 2006 propter
3151 1934 3271 2004 ejus
3314 1946 3524 1988 sermo-

239 2024 434 2080 αὺτοῦ.
468 2024 579 2078 Kal
604 2022 759 2076 πάλιν
784 2022 1032 2086 ἐκάθισε,
1057 2021 1152 2076 καὶ
1178 2021 1278 2075 οὐκ
1311 2019 1512 2092 ἀνέστη
1530 2058 1548 2084 ,
1585 2019 1691 2084 ἕως
1724 2019 1826 2074 άπ-

1940 2043 2071 2084 rem.
2123 2025 2230 2082 Sed
2303 2028 2500 2082 iterum
2547 2027 2754 2083 resedit
2803 2041 2906 2080 nec
2956 2026 3295 2090 exsurrexit,
3345 2025 3524 2078 donec

239 2115 508 2186 εγέμισαν
551 2115 646 2168 ὅλα
671 2113 739 2168 τὰ
774 2113 944 2185 σκεύη
963 2129 978 2144 ο
1014 2113 1109 2168 καὶ
1135 2111 1308 2176 οὕτως
1333 2111 1594 2184 ἀπῆλθεν.

309 2300 424 2367 μα’.
461 2294 520 2348 Ὀ
546 2295 721 2359 άϐϐᾶς
756 2294 885 2349 Ἀῖὼ
913 2293 1169 2368 ἠρώτησε
1195 2295 1287 2349 τὸν
1312 2295 1487 2350 essay
1512 2293 1822 2365 Μακάρων,

239 2385 446 2454 λέγων’
480 2385 615 2438 Εἰπέ
649 2402 739 2456 μοι
775 2386 947 2458 ῥῆμα.
978 2386 1142 2454 Λέγει
1178 2386 1329 2458 αὑτῷ
1359 2389 1389 2442 6
1425 2385 1601 2450 άϐϐἄς
1631 2386 1826 2441 Μακά-

241 2494 352 2548 ριος
369 2493 385 2508 ο
416 2475 587 2546 Φεῦγε
621 2479 749 2541 τοὺς
777 2476 1100 2548 ἀνθρώπους
1117 2495 1132 2508 ο
1167 2478 1394 2532 κάθισον
1421 2481 1502 2542 είς
1525 2478 1588 2532 τὸ
1613 2479 1826 2533 κελλίον

241 2585 352 2632 σου,
392 2568 486 2622 καὶ⁵
524 2567 762 2622 κλαῦσον
789 2569 886 2633 τὰς
909 2569 1188 2642 ἁμαρτίας
1217 2587 1310 2624 σου
1332 2587 1346 2602 ο
1377 2571 1470 2625 καὶ
1505 2571 1580 2644 μὴ
1609 2571 1827 2642 ἀγαπή-

239 2673 334 2732 σῃς
367 2657 557 2712 λαλιὰν
583 2657 890 2730 ἀνθρώπων
922 2673 936 2688 ’
969 2659 1061 2712 καὶ
1101 2657 1270 2733 σώζῃ.

683 2773 823 2842 Περὶ
859 2772 966 2828 τοῦ
998 2773 1150 2830 ἀϐϐᾶ
1173 2773 1382 2844 Μωσῆ.

304 2864 376 2918 α’.
418 2865 767 2938 Ἐπολεμήθη
799 2866 930 2920 ποτὲ
955 2869 984 2920 6
1021 2866 1198 2931 άϐϐἄς
1235 2867 1478 2938 Μωῦσῆς
1509 2867 1556 2899 ⁸ο
1586 2867 1667 2932 είς
1689 2883 1828 2939 πορ-

243 2957 388 3012 νείαν
411 2957 553 3012 πάνυ
573 2973 587 2986 ·
621 2960 717 3012 καὶ
751 2958 951 3030 μηκέτι
998 2959 1200 3030 ἰσχύων
1231 2960 1454 3015 καθίσαι
1494 2963 1576 3026 εἰς
1615 2961 1676 3015 τὸ
1701 2962 1828 3016 κελ-

241 3050 368 3116 λίον,
401 3050 637 3122 ἀπῆλθε,
667 3051 760 3104 xal
791 3051 1082 3122 ἀνήγγειλε
1116 3051 1197 3123 τῷ
1227 3051 1373 3124 άϐϐᾷ.
1413 3053 1691 3126 Ἰσιδώρῳ.
1716 3054 1830 3109 Kal

241 3144 614 3239 παρεκάλεσεν
659 3144 820 3197 αύτὺν
859 3147 890 3198 6
933 3145 1136 3216 γέρων,
1177 3144 1264 3198 ἴνα
1297 3145 1614 3217 ὑποστρέψῃ
1659 3149 1740 3210 είς
1767 3145 1830 3199 τὸ
1855 3181 1898 3239 c

242 3234 450 3288 κελλίον
499 3234 688 3289 αὑτοῦ.
723 3236 834 3289 Kal
869 3236 930 3289 οὐ
962 3235 1308 3302 κατεδέξατο,
1360 3235 1536 3305 λέγων
1579 3238 1683 3302 ὅτι,
1713 3237 1828 3291 Οὐκ

243 3325 429 3396 ἰσχύω,
466 3324 634 3380 esea.
670 3326 782 3380 Kal
809 3325 990 3380 λαϐὼν
1022 3327 1185 3380 αὑτὸν
1215 3325 1335 3398 μεθ’
1374 3326 1596 3392 ἐαυτοῦ,
1623 3328 1831 3398 ἀνήγα-

237 3434 326 3486 γεν
360 3419 447 3482 εἰς
495 3418 556 3470 τὸ
586 3417 765 3490 δῶμα,
799 3419 894 3473 καὶ
923 3419 1071 3490 λέγει
1111 3418 1294 3490 αὐτῷ’
1337 3419 1580 3490 Πρόσχες
1625 3422 1706 3484 είς
1738 3421 1828 3475 δυ⁶

237 3509 402 3577 σμάς.
433 3509 546 3562 Kal
569 3509 841 3581 προσχὼν,
867 3507 974 3565 εἶδε
999 3511 1204 3584 πλῆθος
1224 3511 1495 3584 δαιμόνων
1526 3514 1722 3584 ἀναρίο
1731 3532 1832 3586 μη-

235 3617 354 3655 τον⁶
395 3603 494 3656 καὶ
534 3597 677 3674 ἦσαν
723 3605 1143 3676 τεταραγμένοι,
1193 3605 1287 3659 καὶ
1333 3604 1691 3678 θορυϐοῦντες
1733 3606 1828 3660 τοῦ

235 3693 516 3764 ⁴πολεμεῖν.
539 3693 704 3764 Λέγει
728 3695 880 3767 αὐτῷ
906 3697 1071 3751 πάλιν
1097 3698 1126 3750 6
1150 3695 1327 3761 άϐϐἄς
1368 3696 1666 3770 Ἰσίδωρος’
1699 3695 1831 3750 Βλέ-

236 3786 335 3856 ψον
364 3788 465 3841 xal
510 3788 592 3850 είς
631 3785 731 3851 τάς
774 3787 1059 3854 ἀνατολάς.
1091 3789 1204 3844 Kal
1244 3788 1535 3861 προσέσχε,
1572 3789 1664 3843 καὶ
1692 3785 1831 3844 εἶδεν

240 3879 594 3950 ἀναρίθμητα
648 3878 830 3952 πλήθη
887 3880 1059 3950 ἁγίων
1110 3881 1359 3951 ἀγγέλων
1406 3881 1828 3954 δεδοξασμένων.

237 3969 348 4022 Kal
396 3968 552 4023 εἶπεν
601 3972 630 4025 6
674 3971 849 4035 άϐϐἄς
888 3971 1191 4044 Ἰσίδωροςο
1241 3973 1373 4028 Ἰδοὺ
1413 3967 1562 4031 οὗτοί
1611 3978 1749 4028 είσιν
1780 3977 1831 4030 οι

239 4063 695 4135 ἀποστελλόμενοι
714 4065 830 4128 τοῖς
860 4064 1033 4134 ἁγίοις
1059 4065 1212 4138 παρὰ
1240 4066 1334 4120 τοῦ
1363 4067 1572 4139 Κυρίου
1601 4069 1682 4132 είς
1713 4068 1834 4141 βοή-

239 4151 410 4208 θειαν.
438 4155 505 4206 Ol
555 4153 614 4207 δὲ
659 4155 741 4218 είς
773 4154 1004 4226 δυσμάς,
1057 4157 1196 4210 είσὶν
1238 4157 1288 4210 οἱ
1335 4157 1698 4229 πολεμοῦντες
1737 4159 1833 4212 αὑ-

240 4245 365 4308 τούς
397 4245 467 4300 ⁶¹.
504 4245 732 4308 Πλείους
764 4240 857 4298 οὖν
899 4246 1038 4300 εἰσιν
1068 4247 1120 4300 οἱ
1157 4246 1276 4318 μεθ’
1309 4246 1489 4319 ήμῶν.
1526 4247 1635 4301 Kal
1657 4246 1832 4312 οὕτως

237 4336 646 4409 εὐχαριστήσας
686 4340 716 4393 6
747 4337 922 4401 6.665.;
950 4340 1190 4410 Μωῦσῆς
1219 4339 1296 4411 τῷ
1324 4339 1464 4412 Θεῷ,
1502 4339 1662 4395 ἔλαϐε
1697 4339 1831 4412 θάρο

241 4445 354 4496 σος,
381 4430 480 4484 καὶ
514 4429 826 4502 ὑπέστρεψε
857 4432 936 4496 είς
960 4431 1020 4485 τὸ
1047 4431 1254 4485 κελλίον
1289 4431 1478 4488 αὐτοῦ.

310 4605 380 4676 β’.
430 4606 684 4676 Ἀδελφός
712 4625 842 4662 ποτε
873 4609 1082 4682 ἐσφάλη
1121 4613 1200 4675 είς
1224 4611 1426 4682 Σκῆτιν
1449 4629 1462 4642 ο
1495 4611 1589 4666 καὶ
1613 4611 1836 4683 γενομέ-

239 4717 332 4756 νου
362 4703 668 4775 συνεδρίου,
703 4705 1034 4759 ἀπέστειλαν
1066 4705 1200 4775 πρὸς
1243 4705 1334 4757 τὸν
1359 4704 1536 4760 άϐϐᾶν
1569 4706 1831 4778 Μωῦσῆν.

249 4791 310 4846 '0
329 4793 392 4846 δὲ
421 4795 523 4847 ούκ
543 4795 736 4865 ἢθελεν
769 4796 967 4854 ἐλθεῖν.
1011 4797 1356 4851 Ἀπέστειλεν
1381 4792 1475 4851 οὖν
1505 4796 1642 4868 πρὸς
1669 4797 1834 4852 αὑτὸν

238 4882 268 4936 6
293 4885 692 4958 πρεσϐύτερος,
717 4887 894 4957 λέγων
911 4905 926 4921 ο
975 4889 1151 4956 Ἐλθὲ,
1196 4890 1279 4943 ὅτι
1311 4907 1369 4942 σε
1396 4891 1425 4942 6
1455 4889 1579 4952 λαὸς
1605 4887 1834 4959 περιμέ-

239 4991 341 5030 νει.
386 4977 448 5030 '0
467 4977 526 5031 δέ
557 4980 795 5043 ἀναστὰς
815 4977 969 5053 ἦλθε.
997 4982 1100 5038 Kal
1127 4981 1311 5036 λαϐὼν
1337 4981 1572 5054 σπυρίδα
1594 4998 1758 5052 τετρη
1769 4997 1837 5051 μ-

242 5069 419 5143 μένην
443 5071 512 5140 ⁸⁸,
542 5074 639 5127 καὶ
669 5075 906 5146 γεμίσας
926 5077 1136 5148 ἄμμου,
1162 5075 1482 5130 ἐϐάστασεν.
1517 5075 1580 5128 Ol
1608 5073 1664 5127 δὲ
1689 5071 1836 5137 ἐξελ-

241 5161 433 5228 θόντες
456 5166 538 5229 είς
565 5165 870 5238 ἀπάντησιν
895 5168 1083 5232 αὑτοῦ,
1117 5168 1368 5237 λέγουσιν
1403 5165 1553 5237 αὐτῷ
1575 5182 1589 5197 ο
1625 5165 1691 5218 Τί
1719 5166 1834 5218 ἐστι

241 5255 427 5321 τοῦτο,
463 5257 650 5329 Πάτερ
674 5275 688 5324 ;
722 5257 859 5314 Eine
880 5260 939 5315 δὲ
967 5261 1150 5326 αὐτοῖς
1175 5263 1204 5315 6
1225 5261 1404 5333 γέρων
1423 5279 1436 5292 ·
1469 5261 1534 5314 Δί
1564 5259 1836 5331 ἁμαρτίαι

320 5395 371 5428 ⁸⁸
417 5395 504 5450 Al.
545 5394 845 5453 σκαλίδιον.
938 5399 984 5431 ⁸⁸
1022 5395 1108 5452 ΔΙ.
1152 5395 1354 5452 λαϐών.

247 5464 442 5537 μένην-

313 5584 436 5652 (15)
474 5584 538 5638 '0
564 5585 749 5653 λόγος
779 5585 812 5637 ὁ
842 5581 1048 5653 κακός.
1082 5579 1144 5653 In
1161 5578 1398 5653 Colbert.
1421 5579 1546 5653 ‘lib.
1588 5579 1692 5653 boc
1731 5593 1831 5653 _rc-

249 5648 359 5725 peri
393 5648 811 5725 Apoplithegina
844 5669 858 5705 :
897 5649 1063 5706 Εἶπεν
1083 5649 1288 5725 γέρωνο
1310 5723 1318 5725 _
1338 5651 1398 5725 ’ρ
1421 5648 1578 5725 λόγος
1602 5649 1829 5725 ὁ-σκλητ

254 5719 341 5806 pb;
373 5719 472 5778 καὶ
495 5719 622 5790 τοὺς
648 5719 846 5789 καλοὺς
866 5725 1010 5777 ποιεῖ
1035 5719 1265 5785 κακούς·
1299 5723 1326 5774 6
1356 5720 1409 5774 δὲ
1445 5719 1605 5785 καλὸς
1633 5719 1832 5790 ὠφελεῖ

254 5809 482 5858 παντας.

1470 5395 1517 5426 ⁸ο
1565 5393 1651 5449 Al.
1684 5393 1857 5450 inser.
1903 5393 1934 5447 6
1967 5393 2048 5457 είς
2101 5393 2200 5466 τὴν
2253 5392 2489 5462 Πέτραν.
2567 5388 2610 5422 ⁶¹
2653 5389 2738 5443 At.
2765 5387 2938 5460 ἡμᾶς.

1923 2118 2316 2190 deposuissent
2362 2125 2623 2172 cunctam
2680 2115 3101 2188 supellectilem.
3158 2114 3316 2169 Tunc
3361 2114 3511 2170 enim

1924 2212 2082 2270 abiit.

2005 2305 2102 2362 Η.
2145 2303 2260 2374 (16)
2290 2301 2472 2357 Abbas
2507 2300 2611 2356 Aio
2650 2297 3006 2370 interrogavit
3047 2297 3299 2352 abbatem
3341 2294 3521 2349 Maca-

1937 2396 2105 2459 rium,
2130 2395 2212 2449 sic
2243 2413 2257 2448 :
2287 2393 2466 2448 Dicito
2497 2392 2631 2446 mihi
2667 2390 2898 2460 aliquid.
2937 2390 3030 2444 Ait
3055 2389 3105 2446 ei
3139 2389 3312 2445 abbas
3343 2387 3521 2442 Maca-

1929 2490 2100 2544 rius:
2136 2485 2286 2558 Fuge
2335 2485 2616 2550 homines;
2666 2482 2798 2540 sede
2841 2482 2896 2536 in
2937 2483 3074 2536 cella
3124 2489 3239 2543 tua,
3290 2489 3340 2534 el
3383 2477 3524 2534 deﬂe

1928 2587 2158 2652 peccata
2183 2585 2311 2642 tua;
2341 2591 2444 2632 nec
2478 2575 2742 2632 dilexeris
2767 2575 3042 2646 loquelam
3071 2575 3394 2641 hominum;
3425 2587 3521 2630 sa-

1927 2671 2126 2742 lusque
2148 2669 2246 2726 tibi
2273 2667 2540 2740 obtinget.

2455 2780 2536 2836 De
2586 2780 2776 2836 abbate
2820 2780 2990 2836 Mosa.

2003 2876 2054 2931 1.
2096 2874 2238 2946 (14⁸)
2289 2872 2536 2940 Quodam
2594 2881 2841 2945 tempore
2886 2872 3056 2927 abbas
3109 2869 3324 2941 Moyses
3357 2867 3522 2923 vrbe-

1932 2967 2275 3023 mentissime
2299 2971 2648 3037 oppugnatus
2677 2972 2762 3018 est
2795 2977 2859 3017 ac
2890 2969 3136 3018 tentatus
3170 2962 3237 3015 ad
3270 2958 3514 3014 fornica-

1933 3060 2174 3128 tionem;
2208 3074 2310 3115 nec
2345 3058 2538 3114 valens
2568 3056 2806 3127 amplius
2841 3055 3034 3111 sedere
3075 3055 3129 3109 in
3158 3053 3317 3116 cella,
3354 3052 3516 3118 abiit,

1932 3149 2318 3220 nuntiavitque
2382 3148 2565 3203 abbati
2609 3146 2842 3201 Isidoro.
2896 3145 3076 3200 Senex
3131 3143 3384 3197 hortatus
3433 3146 3522 3196 est

1930 3260 2080 3310 eum,
2118 3252 2180 3299 ut
2212 3243 2269 3298 in
2305 3241 2502 3297 cellam
2537 3253 2694 3296 suam
2734 3244 3127 3293 reverteretur.
3169 3232 3372 3289 Verum
3407 3246 3520 3286 non

1931 3337 2231 3409 acquievit,
2280 3333 2521 3391 dicens:
2553 3329 2672 3386 Non
2719 3330 2896 3394 valeo,
2947 3328 3109 3384 abba.
3157 3326 3314 3382 Tunc
3365 3340 3519 3382 assu-

1930 3443 2090 3485 mens
2136 3441 2262 3483 eum
2303 3439 2515 3492 secum,
2555 3410 2786 3478 adduxit
2820 3422 2875 3477 in
2907 3427 3139 3484 tectum,
3187 3425 3243 3474 et
3279 3418 3354 3472 ait
3379 3435 3394 3472 :
3422 3417 3520 3471 At-

1931 3517 2094 3574 tende
2119 3517 2186 3573 ad
2218 3517 2582 3572 occidentem.
2621 3514 2801 3584 Atque
2833 3511 3146 3574 attendens,
3173 3508 3313 3564 vidit
3345 3509 3516 3563 innu-

1929 3610 2140 3666 meram
2171 3608 2481 3663 daamonum
2509 3603 2952 3668 multitudinem;
2990 3609 3147 3658 erant
3185 3609 3365 3655 autem
3388 3614 3522 3654 con-

1929 3699 2156 3764 turbati,
2189 3707 2244 3754 et
2268 3698 2672 3752 tumultuantes
2695 3695 2761 3750 ad
2789 3693 3170 3766 praeliandum.
3197 3692 3289 3746 Ait
3319 3691 3521 3748 iterum

1929 3793 2102 3848 abbas
2146 3789 2400 3846 Isidorus
2435 3807 2450 3844 :
2484 3787 2720 3859 Respice
2759 3787 2924 3842 etiam
2963 3783 3030 3838 ad
3079 3783 3373 3838 orientem.
3425 3782 3522 3835 At-

1930 3883 2126 3948 tendit,
2166 3882 2564 3952 conspexitque
2598 3876 3057 3934 innumerabilem
3097 3873 3509 3928 multitudinem

1931 3983 2250 4034 sanctorum
2288 3974 2608 4046 angelorum
2639 3971 2814 4043 gloria
2848 3969 3200 4024 donatorum.
3233 3965 3382 4020 Dixit
3414 3979 3519 4020 au-

1930 4077 2044 4124 tem
2086 4067 2257 4122 abbas
2291 4062 2539 4120 Isidorus
2569 4081 2582 4117 :
2617 4060 2760 4115 Ecce
2787 4059 2879 4116 isti
2908 4065 3036 4113 sunt
3063 4056 3156 4126 qni
3193 4071 3224 4108 a
3252 4053 3362 4108 Deo
3391 4053 3521 4108 mit-

1932 4169 2126 4216 tuntur
2156 4140 2366 4214 sanctis
2415 4157 2471 4210 in
2518 4153 2812 4209 auxilium.
2844 4149 2946 4218 Qui
2977 4163 3108 4203 vero
3138 4147 3519 4212 adoccasum,

1933 4251 1969 4306 ii
2007 4247 2258 4319 suntqui
2291 4245 2515 4303 eosdem
2541 4250 2768 4301 sanctos
2794 4243 3141 4313 impugnant.
3171 4237 3523 4293 Multitudine

1932 4354 2070 4411 ergo
2108 4345 2375 4408 superant
2400 4338 2492 4406 qui
2525 4333 2816 4390 nobiscum
2855 4339 3005 4386 sunt.
3038 4329 3222 4391 Atque
3252 4329 3328 4382 ita
3353 4327 3522 4383 abbas

1935 4431 2151 4504 Moyses
2181 4430 2378 4502 gratiis
2419 4428 2536 4484 Deo
2571 4426 2730 4491 actis,
2768 4423 3023 4478 ﬁduciam
3059 4421 3318 4492 sumpsit,
3352 4428 3407 4474 et
3437 4434 3524 4475 re-

1865 4547 1911 4604 υ
1946 4539 2142 4580 versus
2180 4529 2262 4578 est
2295 4523 2349 4576 in
2377 4521 2570 4576 cellam
2601 4531 2780 4574 suam.

2009 4617 2066 4669 2.
2109 4613 2224 4685 (l5)
2253 4612 2310 4668 In
2346 4611 2490 4669 Sceti
2531 4608 2827 4680 aliquando
2862 4606 3034 4662 frater
3063 4605 3254 4676 lapsus
3304 4610 3428 4683 e‘st;
3467 4609 3527 4656 et

1939 4706 2090 4763 factu
2129 4721 2416 4772 consessu,
2467 4703 2738 4759 miserunt
2773 4702 2838 4756 ad
2876 4700 3124 4755 abbatem
3173 4696 3435 4768 Moysem.
3473 4693 3524 4749 is

1937 4816 2069 4854 vero
2097 4800 2286 4855 venire
2333 4799 2529 4853 noluit.
2565 4795 2757 4866 Itaque
2789 4793 2858 4849 ad
2893 4807 3021 4848 eum
3066 4787 3367 4848 destinavit
3397 4801 3522 4856 pre-

1938 4890 2144 4962 sbyter,
2188 4889 2449 4945 nuntians
2481 4905 2495 4943 :
2528 4885 2687 4952 Veni,
2729 4887 2860 4956 quia
2897 4893 2953 4942 te
2978 4891 3160 4940 cretus
3216 4884 3521 4950 exspectat.

1937 4983 2184 5054 Surgens
2236 4983 2328 5038 ille
2377 4979 2654 5052 profectus
2697 4987 2805 5036 est.
2844 4978 2913 5032 Et
2945 4976 3224 5046 accipiens
3277 4977 3524 5043 sportant

1937 5076 2296 5149 perforatam,
2325 5073 2670 5143 implensque
2693 5086 2882 5136 arena,
2915 5069 3176 5141 portavit.
3205 5065 3284 5120 Illi
3313 5079 3525 5120 exeun.

1935 5177 2018 5222 tes
2049 5168 2103 5222 in
2131 5181 2424 5222 occursum
2452 5165 2596 5235 ejus,
2623 5172 2820 5236 rogant
2845 5182 2858 5217 :
2885 5160 3028 5230 Quid
3059 5161 3165 5216 hoc
3193 5166 3300 5222 est,
3321 5155 3520 5212 Pater?

1938 5257 2241 5330 Respondit
2277 5273 2444 5313 senex
2474 5276 2488 5314 :
2519 5257 2750 5312 Peccata
2793 5270 2914 5311 mea
2968 5261 3093 5325 post
3128 5267 3215 5308 me
3249 5249 3520 5313 deﬂuunt,

3038 5385 3084 5419 "
3114 5383 3200 5442 AI.
3244 5399 3523 5458 τετρυπη·

2009 5577 2120 5647 (14)
2169 5576 2276 5632 Vit.
2301 5575 2458 5633 Patr.
2497 5592 2581 5640 In,
2612 5575 2732 5632 l89.

2011 5646 2144 5717 (M‘)
2186 5647 2290 5702 Vit.
2325 5647 2476 5702 Patr.
2507 5663 2660 5713 xvm,
2688 5646 2774 5704 12.

2013 5719 2138 5802 (l5).
2174 5717 2273 5772 l’it.
2311 5719 2463 5775 Patr.
2491 5735 2562 5787 ix,
2590 5717 2644 5773 Δ.
