  <div class='ocr_page' id='page_1' title='image "/cluster/home/n/w/nwhite01/storage/ocr_20150623/65/hvd.32044073501967/148.png"; bbox 0 0 4036 6202; ppageno 0'>
   <div class='ocr_carea' id='block_1_1' title="bbox 193 276 302 335">
    <p class='ocr_par' dir='ltr' id='par_1_1' title="bbox 193 276 302 335">
     <span class='ocr_line' id='line_1_1' title="bbox 193 276 302 335; baseline -0.009 0"><span class='ocrx_word' id='word_1_1' title='bbox 193 276 302 335; x_wconf 74' lang='grc'><strong>283</strong></span> 
     </span>
    </p>
   </div>
   <div class='ocr_carea' id='block_1_2' title="bbox 1342 281 2302 340">
    <p class='ocr_par' dir='ltr' id='par_1_2' title="bbox 1342 281 2302 340">
     <span class='ocr_line' id='line_1_2' title="bbox 1342 281 2302 340; baseline -0.001 -3"><span class='ocrx_word' id='word_1_2' title='bbox 1342 282 1956 340; x_wconf 75' lang='lat' dir='ltr'><strong>APOPHTHEGMATA</strong></span> <span class='ocrx_word' id='word_1_3' title='bbox 1993 281 2302 339; x_wconf 74' lang='lat' dir='ltr'><strong>PATRUM.</strong></span> 
     </span>
    </p>
   </div>
   <div class='ocr_carea' id='block_1_3' title="bbox 3352 282 3466 341">
    <p class='ocr_par' dir='ltr' id='par_1_3' title="bbox 3352 282 3466 341">
     <span class='ocr_line' id='line_1_3' title="bbox 3352 282 3466 341; baseline 0 -2"><span class='ocrx_word' id='word_1_4' title='bbox 3352 282 3466 341; x_wconf 70' lang='grc' dir='ltr'><strong>εει</strong></span> 
     </span>
    </p>
   </div>
   <div class='ocr_carea' id='block_1_4' title="bbox 188 391 1770 472">
    <p class='ocr_par' dir='ltr' id='par_1_4' title="bbox 188 391 1770 472">
     <span class='ocr_line' id='line_1_4' title="bbox 188 391 1770 472; baseline 0.004 -25"><span class='ocrx_word' id='word_1_5' title='bbox 188 393 337 447; x_wconf 74' lang='lat' dir='ltr'><strong>lout:</strong></span> <span class='ocrx_word' id='word_1_6' title='bbox 371 392 619 464; x_wconf 73' lang='grc' dir='ltr'><strong>σταφυλῇ</strong></span> <span class='ocrx_word' id='word_1_7' title='bbox 655 391 829 464; x_wconf 76' lang='grc' dir='ltr'><strong>ὀπτῇ·</strong></span> <span class='ocrx_word' id='word_1_8' title='bbox 867 394 897 448; x_wconf 81' lang='grc' dir='ltr'><strong><em>ὁ</em></strong></span> <span class='ocrx_word' id='word_1_9' title='bbox 924 394 982 449; x_wconf 82' lang='grc' dir='ltr'><strong>δὲ</strong></span> <span class='ocrx_word' id='word_1_10' title='bbox 1022 395 1081 449; x_wconf 70' lang='grc' dir='ltr'><strong>έν</strong></span> <span class='ocrx_word' id='word_1_11' title='bbox 1102 396 1409 468; x_wconf 73' lang='grc' dir='ltr'><strong>ἀνθρώποις</strong></span> <span class='ocrx_word' id='word_1_12' title='bbox 1442 397 1540 465; x_wconf 82' lang='grc' dir='ltr'><strong>ὣν,</strong></span> <span class='ocrx_word' id='word_1_13' title='bbox 1576 399 1652 464; x_wconf 82' lang='grc' dir='ltr'><strong>ὡς</strong></span> <span class='ocrx_word' id='word_1_14' title='bbox 1676 399 1770 472; x_wconf 81' lang='grc' dir='ltr'><strong>ὅμ-</strong></span> 
     </span>
    </p>
   </div>
   <div class='ocr_carea' id='block_1_5' title="bbox 1877 391 3462 472">
    <p class='ocr_par' dir='ltr' id='par_1_5' title="bbox 1880 396 3462 468">
     <span class='ocr_line' id='line_1_5' title="bbox 1880 396 3462 468; baseline 0.004 -17"><span class='ocrx_word' id='word_1_15' title='bbox 1880 397 2062 468; x_wconf 87' lang='lat' dir='ltr'><strong>giens,</strong></span> <span class='ocrx_word' id='word_1_16' title='bbox 2097 397 2297 453; x_wconf 91' lang='lat' dir='ltr'><strong>similis</strong></span> <span class='ocrx_word' id='word_1_17' title='bbox 2326 401 2413 453; x_wconf 88' lang='lat' dir='ltr'><strong>est</strong></span> <span class='ocrx_word' id='word_1_18' title='bbox 2451 400 2680 450; x_wconf 78' lang='lat' dir='ltr'><strong>matura:</strong></span> <span class='ocrx_word' id='word_1_19' title='bbox 2705 409 2858 461; x_wconf 84' lang='lat' dir='ltr'><strong>uvae;</strong></span> <span class='ocrx_word' id='word_1_20' title='bbox 2890 396 2986 467; x_wconf 86' lang='lat' dir='ltr'><strong>qui</strong></span> <span class='ocrx_word' id='word_1_21' title='bbox 3024 412 3152 454; x_wconf 87' lang='lat' dir='ltr'><strong>vero</strong></span> <span class='ocrx_word' id='word_1_22' title='bbox 3187 396 3330 454; x_wconf 86' lang='lat' dir='ltr'><strong>inter</strong></span> <span class='ocrx_word' id='word_1_23' title='bbox 3357 398 3462 457; x_wconf 77' lang='lat' dir='ltr'><strong>ho-</strong></span> 
     </span>
    </p>
   </div>
   <div class='ocr_carea' id='block_1_6' title="bbox 191 480 505 554">
    <p class='ocr_par' dir='ltr' id='par_1_6' title="bbox 191 480 505 554">
     <span class='ocr_line' id='line_1_6' title="bbox 191 480 505 554; baseline -0.003 -17"><span class='ocrx_word' id='word_1_24' title='bbox 191 482 306 554; x_wconf 81' lang='grc' dir='ltr'><strong>φαξ</strong></span> <span class='ocrx_word' id='word_1_25' title='bbox 342 480 505 537; x_wconf 66' lang='grc' dir='ltr'><strong>ἐστίν.</strong></span> 
     </span>
    </p>
   </div>
   <div class='ocr_carea' id='block_1_7' title="bbox 267 570 1778 652">
    <p class='ocr_par' dir='ltr' id='par_1_7' title="bbox 267 570 1778 652">
     <span class='ocr_line' id='line_1_7' title="bbox 267 570 1778 652; baseline 0.006 -22"><span class='ocrx_word' id='word_1_26' title='bbox 267 582 339 647; x_wconf 82' lang='grc' dir='ltr'><strong>η’.</strong></span> <span class='ocrx_word' id='word_1_27' title='bbox 380 570 617 628; x_wconf 69' lang='grc' dir='ltr'><strong>Ἤκουσε</strong></span> <span class='ocrx_word' id='word_1_28' title='bbox 670 592 799 629; x_wconf 81' lang='grc' dir='ltr'><strong>ποτε</strong></span> <span class='ocrx_word' id='word_1_29' title='bbox 827 577 856 630; x_wconf 85' lang='grc' dir='ltr'>ὁ</span> <span class='ocrx_word' id='word_1_30' title='bbox 898 576 1084 648; x_wconf 82' lang='grc' dir='ltr'><strong>ἄρχων</strong></span> <span class='ocrx_word' id='word_1_31' title='bbox 1118 579 1248 652; x_wconf 71' lang='grc' dir='ltr'><strong>περὶ</strong></span> <span class='ocrx_word' id='word_1_32' title='bbox 1292 580 1387 636; x_wconf 78' lang='grc' dir='ltr'><strong>τοῦ</strong></span> <span class='ocrx_word' id='word_1_33' title='bbox 1439 581 1586 638; x_wconf 75' lang='grc' dir='ltr'><strong>άϐϐἄ</strong></span> <span class='ocrx_word' id='word_1_34' title='bbox 1615 585 1778 639; x_wconf 59' lang='lat' dir='ltr'><strong>Muli}-</strong></span> 
     </span>
    </p>
   </div>
   <div class='ocr_carea' id='block_1_8' title="bbox 197 664 1779 744">
    <p class='ocr_par' dir='ltr' id='par_1_8' title="bbox 197 664 1779 744">
     <span class='ocr_line' id='line_1_8' title="bbox 197 664 1779 744; baseline 0.001 -23"><span class='ocrx_word' id='word_1_35' title='bbox 197 667 352 730; x_wconf 81' lang='grc' dir='ltr'><strong>σέως,</strong></span> <span class='ocrx_word' id='word_1_36' title='bbox 387 665 481 720; x_wconf 77' lang='grc' dir='ltr'><strong>καὶ</strong></span> <span class='ocrx_word' id='word_1_37' title='bbox 510 664 754 736; x_wconf 79' lang='grc' dir='ltr'><strong>ἀπῆλθεν</strong></span> <span class='ocrx_word' id='word_1_38' title='bbox 779 667 861 730; x_wconf 85' lang='grc' dir='ltr'><strong>είς</strong></span> <span class='ocrx_word' id='word_1_39' title='bbox 885 667 1087 738; x_wconf 84' lang='grc' dir='ltr'><strong>Σκῆτιν</strong></span> <span class='ocrx_word' id='word_1_40' title='bbox 1113 669 1241 723; x_wconf 77' lang='grc' dir='ltr'><strong>ἰδεῖν</strong></span> <span class='ocrx_word' id='word_1_41' title='bbox 1265 670 1431 726; x_wconf 86' lang='grc' dir='ltr'><strong>αὐτόν</strong></span> <span class='ocrx_word' id='word_1_42' title='bbox 1448 690 1461 703; x_wconf 86' lang='grc'>·</span> <span class='ocrx_word' id='word_1_43' title='bbox 1491 673 1587 727; x_wconf 74' lang='grc' dir='ltr'><strong>καὶ</strong></span> <span class='ocrx_word' id='word_1_44' title='bbox 1612 674 1779 744; x_wconf 74' lang='grc' dir='ltr'><strong>ἀνήγ-</strong></span> 
     </span>
    </p>
   </div>
   <div class='ocr_carea' id='block_1_9' title="bbox 196 755 1778 838">
    <p class='ocr_par' dir='ltr' id='par_1_9' title="bbox 196 755 1778 838">
     <span class='ocr_line' id='line_1_9' title="bbox 196 755 1778 838; baseline 0.008 -29"><span class='ocrx_word' id='word_1_45' title='bbox 196 757 376 828; x_wconf 79' lang='grc' dir='ltr'><strong>γειλάν</strong></span> <span class='ocrx_word' id='word_1_46' title='bbox 411 774 558 821; x_wconf 85' lang='grc' dir='ltr'><strong>τινες</strong></span> <span class='ocrx_word' id='word_1_47' title='bbox 585 755 665 828; x_wconf 84' lang='grc' dir='ltr'><strong>τῷ</strong></span> <span class='ocrx_word' id='word_1_48' title='bbox 697 757 912 828; x_wconf 82' lang='grc' dir='ltr'><strong>γέροντι</strong></span> <span class='ocrx_word' id='word_1_49' title='bbox 946 758 1007 812; x_wconf 85' lang='grc' dir='ltr'><strong>τὸ</strong></span> <span class='ocrx_word' id='word_1_50' title='bbox 1030 762 1292 832; x_wconf 79' lang='grc' dir='ltr'><strong>πρᾶγμα·</strong></span> <span class='ocrx_word' id='word_1_51' title='bbox 1325 764 1418 818; x_wconf 75' lang='grc' dir='ltr'><strong>καὶ</strong></span> <span class='ocrx_word' id='word_1_52' title='bbox 1445 765 1643 838; x_wconf 79' lang='grc' dir='ltr'><strong>ἀνέστη</strong></span> <span class='ocrx_word' id='word_1_53' title='bbox 1676 784 1778 836; x_wconf 85' lang='grc' dir='ltr'><strong>φυ-</strong></span> 
     </span>
    </p>
   </div>
   <div class='ocr_carea' id='block_1_10' title="bbox 203 848 1773 928">
    <p class='ocr_par' dir='ltr' id='par_1_10' title="bbox 203 848 1773 928">
     <span class='ocr_line' id='line_1_10' title="bbox 203 848 1773 928; baseline 0.007 -27"><span class='ocrx_word' id='word_1_54' title='bbox 203 852 311 918; x_wconf 83' lang='grc' dir='ltr'><strong>γεῖν</strong></span> <span class='ocrx_word' id='word_1_55' title='bbox 355 850 436 914; x_wconf 84' lang='grc' dir='ltr'><strong>είς</strong></span> <span class='ocrx_word' id='word_1_56' title='bbox 482 849 544 904; x_wconf 82' lang='grc' dir='ltr'><strong>τὸ</strong></span> <span class='ocrx_word' id='word_1_57' title='bbox 576 848 715 913; x_wconf 72' lang='grc' dir='ltr'><strong>ἕλος.</strong></span> <span class='ocrx_word' id='word_1_58' title='bbox 770 848 879 903; x_wconf 78' lang='grc' dir='ltr'><strong>Καὶ</strong></span> <span class='ocrx_word' id='word_1_59' title='bbox 936 850 1254 924; x_wconf 82' lang='grc' dir='ltr'><strong>ὑπήντησαν</strong></span> <span class='ocrx_word' id='word_1_60' title='bbox 1297 854 1446 928; x_wconf 77' lang='grc' dir='ltr'><strong>αὐτῷ</strong></span> <span class='ocrx_word' id='word_1_61' title='bbox 1493 856 1773 926; x_wconf 83' lang='grc' dir='ltr'><strong>λέγοντες·</strong></span> 
     </span>
    </p>
   </div>
   <div class='ocr_carea' id='block_1_11' title="bbox 200 940 1780 1021">
    <p class='ocr_par' dir='ltr' id='par_1_11' title="bbox 200 940 1780 1021">
     <span class='ocr_line' id='line_1_11' title="bbox 200 940 1780 1021; baseline 0.008 -26"><span class='ocrx_word' id='word_1_62' title='bbox 200 941 326 995; x_wconf 80' lang='grc' dir='ltr'><strong>Είπὲ</strong></span> <span class='ocrx_word' id='word_1_63' title='bbox 357 944 514 1021; x_wconf 76' lang='grc' dir='ltr'><strong>ἡμῖν,</strong></span> <span class='ocrx_word' id='word_1_64' title='bbox 546 940 710 1013; x_wconf 82' lang='grc' dir='ltr'><strong>γέρον</strong></span> <span class='ocrx_word' id='word_1_65' title='bbox 732 956 747 974; x_wconf 74' lang='grc'><strong><em>⁸</em></strong></span> <span class='ocrx_word' id='word_1_66' title='bbox 778 941 882 996; x_wconf 80' lang='grc' dir='ltr'><strong>ποῦ</strong></span> <span class='ocrx_word' id='word_1_67' title='bbox 909 942 1059 997; x_wconf 78' lang='grc' dir='ltr'><strong>ἐστιν</strong></span> <span class='ocrx_word' id='word_1_68' title='bbox 1090 945 1125 1016; x_wconf 78' lang='grc' dir='ltr'><strong>ἡ</strong></span> <span class='ocrx_word' id='word_1_69' title='bbox 1147 944 1312 1002; x_wconf 83' lang='grc' dir='ltr'><strong>κέλλα</strong></span> <span class='ocrx_word' id='word_1_70' title='bbox 1337 949 1431 1004; x_wconf 82' lang='grc' dir='ltr'><strong>τοῦ</strong></span> <span class='ocrx_word' id='word_1_71' title='bbox 1454 950 1598 1005; x_wconf 78' lang='grc' dir='ltr'><strong>ἁϐϐἆ</strong></span> <span class='ocrx_word' id='word_1_72' title='bbox 1622 953 1780 1007; x_wconf 70' lang='lat' dir='ltr'><strong>Munii-</strong></span> 
     </span>
    </p>
   </div>
   <div class='ocr_carea' id='block_1_12' title="bbox 195 1032 1777 1110">
    <p class='ocr_par' dir='ltr' id='par_1_12' title="bbox 195 1032 1777 1110">
     <span class='ocr_line' id='line_1_12' title="bbox 195 1032 1777 1110; baseline 0.009 -25"><span class='ocrx_word' id='word_1_73' title='bbox 195 1033 367 1100; x_wconf 84' lang='grc' dir='ltr'><strong>σέως;</strong></span> <span class='ocrx_word' id='word_1_74' title='bbox 396 1032 511 1087; x_wconf 74' lang='grc' dir='ltr'><strong>Καὶ</strong></span> <span class='ocrx_word' id='word_1_75' title='bbox 543 1032 692 1103; x_wconf 89' lang='grc' dir='ltr'><strong>λέγει</strong></span> <span class='ocrx_word' id='word_1_76' title='bbox 722 1033 940 1098; x_wconf 82' lang='grc' dir='ltr'><strong>αὐτοῖς·</strong></span> <span class='ocrx_word' id='word_1_77' title='bbox 979 1034 1044 1088; x_wconf 92' lang='grc' dir='ltr'><strong>Τί</strong></span> <span class='ocrx_word' id='word_1_78' title='bbox 1073 1034 1257 1092; x_wconf 85' lang='grc' dir='ltr'><strong>θέλετε</strong></span> <span class='ocrx_word' id='word_1_79' title='bbox 1290 1040 1418 1110; x_wconf 82' lang='grc' dir='ltr'><strong>παρ’</strong></span> <span class='ocrx_word' id='word_1_80' title='bbox 1447 1042 1647 1110; x_wconf 60' lang='lat' dir='ltr'><strong>aurati;</strong></span> <span class='ocrx_word' id='word_1_81' title='bbox 1682 1045 1777 1099; x_wconf 84' lang='grc' dir='ltr'><strong>ἄν·</strong></span> 
     </span>
    </p>
   </div>
   <div class='ocr_carea' id='block_1_13' title="bbox 192 1124 1774 1208">
    <p class='ocr_par' dir='ltr' id='par_1_13' title="bbox 192 1124 1774 1208">
     <span class='ocr_line' id='line_1_13' title="bbox 192 1124 1774 1208; baseline 0.001 -29"><span class='ocrx_word' id='word_1_82' title='bbox 192 1124 408 1195; x_wconf 84' lang='grc' dir='ltr'><strong>θρωπος</strong></span> <span class='ocrx_word' id='word_1_83' title='bbox 437 1126 599 1191; x_wconf 86' lang='grc' dir='ltr'><strong>σαλός</strong></span> <span class='ocrx_word' id='word_1_84' title='bbox 627 1127 764 1181; x_wconf 74' lang='grc' dir='ltr'><strong>ἐστι.</strong></span> <span class='ocrx_word' id='word_1_85' title='bbox 804 1126 916 1181; x_wconf 81' lang='grc' dir='ltr'><strong>Καὶ</strong></span> <span class='ocrx_word' id='word_1_86' title='bbox 960 1127 1132 1183; x_wconf 74' lang='grc' dir='ltr'><strong>ἐλθὼν</strong></span> <span class='ocrx_word' id='word_1_87' title='bbox 1168 1132 1198 1185; x_wconf 79' lang='grc' dir='ltr'><strong>ὁ</strong></span> <span class='ocrx_word' id='word_1_88' title='bbox 1223 1132 1408 1204; x_wconf 74' lang='grc' dir='ltr'><strong>ἄρχων</strong></span> <span class='ocrx_word' id='word_1_89' title='bbox 1448 1137 1528 1200; x_wconf 82' lang='grc' dir='ltr'><strong>είς</strong></span> <span class='ocrx_word' id='word_1_90' title='bbox 1556 1137 1656 1208; x_wconf 72' lang='grc' dir='ltr'><strong>τὴν</strong></span> <span class='ocrx_word' id='word_1_91' title='bbox 1681 1140 1774 1193; x_wconf 70' lang='grc' dir='ltr'><strong>εκ-</strong></span> 
     </span>
    </p>
   </div>
   <div class='ocr_carea' id='block_1_14' title="bbox 189 1218 1777 1306">
    <p class='ocr_par' dir='ltr' id='par_1_14' title="bbox 189 1218 1777 1306">
     <span class='ocr_line' id='line_1_14' title="bbox 189 1218 1777 1306; baseline 0.009 -32"><span class='ocrx_word' id='word_1_92' title='bbox 189 1218 437 1290; x_wconf 73' lang='grc' dir='ltr'><strong>κλησίαν,</strong></span> <span class='ocrx_word' id='word_1_93' title='bbox 469 1219 615 1290; x_wconf 84' lang='grc' dir='ltr'><strong>λέγει</strong></span> <span class='ocrx_word' id='word_1_94' title='bbox 645 1222 758 1286; x_wconf 83' lang='grc' dir='ltr'><strong>τοῖς</strong></span> <span class='ocrx_word' id='word_1_95' title='bbox 788 1220 1068 1295; x_wconf 82' lang='grc' dir='ltr'><strong>κληρικοῖς</strong></span> <span class='ocrx_word' id='word_1_96' title='bbox 1087 1240 1102 1255; x_wconf 88' lang='grc'><strong>·</strong></span> <span class='ocrx_word' id='word_1_97' title='bbox 1143 1225 1283 1296; x_wconf 85' lang='grc' dir='ltr'><strong>Ἐγὼ</strong></span> <span class='ocrx_word' id='word_1_98' title='bbox 1314 1229 1528 1285; x_wconf 84' lang='grc' dir='ltr'><strong>ἀκούων</strong></span> <span class='ocrx_word' id='word_1_99' title='bbox 1556 1232 1622 1286; x_wconf 83' lang='grc' dir='ltr'><strong>τὰ</strong></span> <span class='ocrx_word' id='word_1_100' title='bbox 1649 1235 1777 1306; x_wconf 80' lang='grc' dir='ltr'><strong>περὶ</strong></span> 
     </span>
    </p>
   </div>
   <div class='ocr_carea' id='block_1_15' title="bbox 187 1309 1772 1385">
    <p class='ocr_par' dir='ltr' id='par_1_15' title="bbox 187 1309 1772 1385">
     <span class='ocr_line' id='line_1_15' title="bbox 187 1309 1772 1385; baseline 0.011 -22"><span class='ocrx_word' id='word_1_101' title='bbox 187 1309 277 1363; x_wconf 74' lang='grc' dir='ltr'><strong>τοῦ</strong></span> <span class='ocrx_word' id='word_1_102' title='bbox 310 1310 460 1366; x_wconf 74' lang='grc' dir='ltr'><strong>άϐϐᾶ</strong></span> <span class='ocrx_word' id='word_1_103' title='bbox 488 1312 787 1377; x_wconf 79' lang='grc' dir='ltr'><strong>Μωῦσέως,</strong></span> <span class='ocrx_word' id='word_1_104' title='bbox 826 1313 1098 1385; x_wconf 79' lang='grc' dir='ltr'><strong>κατῆλθον</strong></span> <span class='ocrx_word' id='word_1_105' title='bbox 1141 1317 1273 1373; x_wconf 81' lang='grc' dir='ltr'><strong>ἰδεῖν</strong></span> <span class='ocrx_word' id='word_1_106' title='bbox 1311 1321 1475 1377; x_wconf 71' lang='grc' dir='ltr'><strong>αὐτόν</strong></span> <span class='ocrx_word' id='word_1_107' title='bbox 1495 1338 1511 1355; x_wconf 69' lang='grc'><strong>⁸</strong></span> <span class='ocrx_word' id='word_1_108' title='bbox 1538 1323 1635 1379; x_wconf 74' lang='grc' dir='ltr'><strong>καὶ</strong></span> <span class='ocrx_word' id='word_1_109' title='bbox 1664 1325 1772 1380; x_wconf 77' lang='grc' dir='ltr'><strong>ἰδοὺ</strong></span> 
     </span>
    </p>
   </div>
   <div class='ocr_carea' id='block_1_16' title="bbox 185 1402 1771 1482">
    <p class='ocr_par' dir='ltr' id='par_1_16' title="bbox 185 1402 1771 1482">
     <span class='ocr_line' id='line_1_16' title="bbox 185 1402 1771 1482; baseline 0.01 -29"><span class='ocrx_word' id='word_1_110' title='bbox 185 1402 499 1473; x_wconf 72' lang='grc' dir='ltr'><strong>ὑπήντησεν</strong></span> <span class='ocrx_word' id='word_1_111' title='bbox 528 1404 661 1475; x_wconf 73' lang='grc' dir='ltr'><strong>ἡμῖν</strong></span> <span class='ocrx_word' id='word_1_112' title='bbox 708 1404 885 1476; x_wconf 80' lang='grc' dir='ltr'><strong>γέρων</strong></span> <span class='ocrx_word' id='word_1_113' title='bbox 939 1407 1166 1477; x_wconf 79' lang='grc' dir='ltr'>ὑπάγων</span> <span class='ocrx_word' id='word_1_114' title='bbox 1210 1412 1291 1474; x_wconf 83' lang='grc' dir='ltr'><strong>είς</strong></span> <span class='ocrx_word' id='word_1_115' title='bbox 1337 1410 1638 1482; x_wconf 79' lang='grc' dir='ltr'><strong>Αἴγυπτον,</strong></span> <span class='ocrx_word' id='word_1_116' title='bbox 1676 1416 1771 1469; x_wconf 76' lang='grc' dir='ltr'><strong>καὶ</strong></span> 
     </span>
    </p>
   </div>
   <div class='ocr_carea' id='block_1_17' title="bbox 183 1493 1767 1573">
    <p class='ocr_par' dir='ltr' id='par_1_17' title="bbox 183 1493 1767 1573">
     <span class='ocr_line' id='line_1_17' title="bbox 183 1493 1767 1573; baseline 0.011 -26"><span class='ocrx_word' id='word_1_117' title='bbox 183 1493 413 1564; x_wconf 75' lang='grc' dir='ltr'><strong>εἴπομεν</strong></span> <span class='ocrx_word' id='word_1_118' title='bbox 430 1496 580 1566; x_wconf 84' lang='grc' dir='ltr'><strong>αὐτῷ</strong></span> <span class='ocrx_word' id='word_1_119' title='bbox 599 1513 613 1526; x_wconf 76' lang='grc' dir='ltr'><strong>ο</strong></span> <span class='ocrx_word' id='word_1_120' title='bbox 641 1496 752 1550; x_wconf 79' lang='grc' dir='ltr'>Ποῦ</span> <span class='ocrx_word' id='word_1_121' title='bbox 774 1497 922 1552; x_wconf 82' lang='grc' dir='ltr'><strong>ἔστιν</strong></span> <span class='ocrx_word' id='word_1_122' title='bbox 938 1500 972 1570; x_wconf 80' lang='grc' dir='ltr'>ἡ</span> <span class='ocrx_word' id='word_1_123' title='bbox 1000 1499 1162 1554; x_wconf 84' lang='grc' dir='ltr'><strong>κέλλα</strong></span> <span class='ocrx_word' id='word_1_124' title='bbox 1184 1501 1276 1556; x_wconf 79' lang='grc' dir='ltr'><strong>τοῦ</strong></span> <span class='ocrx_word' id='word_1_125' title='bbox 1299 1502 1444 1558; x_wconf 69' lang='lat' dir='ltr'><strong>assa</strong></span> <span class='ocrx_word' id='word_1_126' title='bbox 1457 1507 1767 1573; x_wconf 73' lang='grc' dir='ltr'><strong>Μωῦσέωςς</strong></span> 
     </span>
    </p>
   </div>
   <div class='ocr_carea' id='block_1_18' title="bbox 185 1586 1771 1663">
    <p class='ocr_par' dir='ltr' id='par_1_18' title="bbox 185 1586 1771 1663">
     <span class='ocr_line' id='line_1_18' title="bbox 185 1586 1771 1663; baseline 0.011 -25"><span class='ocrx_word' id='word_1_127' title='bbox 185 1587 278 1639; x_wconf 69' lang='grc' dir='ltr'><strong>καὶ</strong></span> <span class='ocrx_word' id='word_1_128' title='bbox 307 1586 458 1656; x_wconf 79' lang='grc' dir='ltr'><strong>λέγει</strong></span> <span class='ocrx_word' id='word_1_129' title='bbox 499 1589 634 1659; x_wconf 76' lang='grc' dir='ltr'><strong>ἡμῖν</strong></span> <span class='ocrx_word' id='word_1_130' title='bbox 657 1605 672 1618; x_wconf 90' lang='grc'><strong>·</strong></span> <span class='ocrx_word' id='word_1_131' title='bbox 707 1588 772 1641; x_wconf 90' lang='grc' dir='ltr'><strong>Τί</strong></span> <span class='ocrx_word' id='word_1_132' title='bbox 802 1589 983 1644; x_wconf 86' lang='grc' dir='ltr'><strong>θέλετε</strong></span> <span class='ocrx_word' id='word_1_133' title='bbox 1022 1592 1120 1645; x_wconf 79' lang='grc' dir='ltr'><strong>ἀπ’</strong></span> <span class='ocrx_word' id='word_1_134' title='bbox 1158 1594 1360 1662; x_wconf 84' lang='grc' dir='ltr'><strong>αὐτοῦ;</strong></span> <span class='ocrx_word' id='word_1_135' title='bbox 1397 1596 1559 1663; x_wconf 86' lang='grc' dir='ltr'><strong>σαλός</strong></span> <span class='ocrx_word' id='word_1_136' title='bbox 1602 1600 1771 1657; x_wconf 73' lang='grc' dir='ltr'><strong>ἐστιν.</strong></span> 
     </span>
    </p>
   </div>
   <div class='ocr_carea' id='block_1_19' title="bbox 196 1678 1770 1760">
    <p class='ocr_par' dir='ltr' id='par_1_19' title="bbox 196 1678 1770 1760">
     <span class='ocr_line' id='line_1_19' title="bbox 196 1678 1770 1760; baseline 0.011 -29"><span class='ocrx_word' id='word_1_137' title='bbox 196 1678 552 1744; x_wconf 73' lang='grc' dir='ltr'><strong>Ἀκούσαντες</strong></span> <span class='ocrx_word' id='word_1_138' title='bbox 588 1680 647 1733; x_wconf 79' lang='grc' dir='ltr'><strong>δὲ</strong></span> <span class='ocrx_word' id='word_1_139' title='bbox 677 1680 728 1733; x_wconf 76' lang='grc' dir='ltr'><strong>οἱ</strong></span> <span class='ocrx_word' id='word_1_140' title='bbox 753 1680 1028 1753; x_wconf 78' lang='grc' dir='ltr'><strong>κληρικοὶ,</strong></span> <span class='ocrx_word' id='word_1_141' title='bbox 1072 1683 1443 1759; x_wconf 78' lang='grc' dir='ltr'><strong>έλυπήθησαν,</strong></span> <span class='ocrx_word' id='word_1_142' title='bbox 1485 1690 1735 1760; x_wconf 87' lang='grc' dir='ltr'><strong>λέγοντες</strong></span> <span class='ocrx_word' id='word_1_143' title='bbox 1756 1711 1770 1724; x_wconf 66' lang='grc'><strong>⁸</strong></span> 
     </span>
    </p>
   </div>
   <div class='ocr_carea' id='block_1_20' title="bbox 1886 486 3045 552">
    <p class='ocr_par' dir='ltr' id='par_1_20' title="bbox 1886 486 3045 552">
     <span class='ocr_line' id='line_1_20' title="bbox 1886 486 3045 552; baseline 0.003 -11"><span class='ocrx_word' id='word_1_144' title='bbox 1886 488 2061 543; x_wconf 86' lang='lat' dir='ltr'><strong>mines</strong></span> <span class='ocrx_word' id='word_1_145' title='bbox 2093 494 2364 552; x_wconf 74' lang='lat' dir='ltr'><strong>versatur,</strong></span> <span class='ocrx_word' id='word_1_146' title='bbox 2404 496 2490 543; x_wconf 91' lang='lat' dir='ltr'><strong>est</strong></span> <span class='ocrx_word' id='word_1_147' title='bbox 2518 486 2665 541; x_wconf 89' lang='lat' dir='ltr'><strong>sicut</strong></span> <span class='ocrx_word' id='word_1_148' title='bbox 2686 501 2790 540; x_wconf 87' lang='lat' dir='ltr'><strong>uva</strong></span> <span class='ocrx_word' id='word_1_149' title='bbox 2824 487 3045 546; x_wconf 81' lang='lat' dir='ltr'><strong>acerba.</strong></span> 
     </span>
    </p>
   </div>
   <div class='ocr_carea' id='block_1_21' title="bbox 1951 577 3462 650">
    <p class='ocr_par' dir='ltr' id='par_1_21' title="bbox 1951 577 3462 650">
     <span class='ocr_line' id='line_1_21' title="bbox 1951 577 3462 650; baseline 0.003 -18"><span class='ocrx_word' id='word_1_150' title='bbox 1951 578 2006 633; x_wconf 92' lang='lat'><strong>8.</strong></span> <span class='ocrx_word' id='word_1_151' title='bbox 2044 577 2156 649; x_wconf 69' lang='lat'><strong>(25)</strong></span> <span class='ocrx_word' id='word_1_152' title='bbox 2199 578 2421 633; x_wconf 81' lang='lat' dir='ltr'><strong>Audivit</strong></span> <span class='ocrx_word' id='word_1_153' title='bbox 2478 578 2776 647; x_wconf 83' lang='lat' dir='ltr'><strong>aliquando</strong></span> <span class='ocrx_word' id='word_1_154' title='bbox 2831 588 3013 635; x_wconf 90' lang='lat' dir='ltr'><strong>rector</strong></span> <span class='ocrx_word' id='word_1_155' title='bbox 3050 580 3348 650; x_wconf 59' lang='lat' dir='ltr'><strong>provincia</strong></span> <span class='ocrx_word' id='word_1_156' title='bbox 3390 579 3462 637; x_wconf 88' lang='lat' dir='ltr'><strong>de</strong></span> 
     </span>
    </p>
   </div>
   <div class='ocr_carea' id='block_1_22' title="bbox 1881 666 3462 743">
    <p class='ocr_par' dir='ltr' id='par_1_22' title="bbox 1881 666 3462 743">
     <span class='ocr_line' id='line_1_22' title="bbox 1881 666 3462 743; baseline 0.004 -21"><span class='ocrx_word' id='word_1_157' title='bbox 1881 668 2077 723; x_wconf 86' lang='lat' dir='ltr'><strong>abbate</strong></span> <span class='ocrx_word' id='word_1_158' title='bbox 2113 668 2321 740; x_wconf 77' lang='lat' dir='ltr'><strong>Moyse,</strong></span> <span class='ocrx_word' id='word_1_159' title='bbox 2346 675 2401 723; x_wconf 92' lang='lat' dir='ltr'><strong>et</strong></span> <span class='ocrx_word' id='word_1_160' title='bbox 2427 666 2629 724; x_wconf 84' lang='lat' dir='ltr'><strong>Scetim</strong></span> <span class='ocrx_word' id='word_1_161' title='bbox 2664 668 2733 724; x_wconf 89' lang='lat' dir='ltr'><strong>ad</strong></span> <span class='ocrx_word' id='word_1_162' title='bbox 2777 668 3071 725; x_wconf 76' lang='lat' dir='ltr'><strong>videndum</strong></span> <span class='ocrx_word' id='word_1_163' title='bbox 3112 686 3236 727; x_wconf 91' lang='lat' dir='ltr'><strong>eum</strong></span> <span class='ocrx_word' id='word_1_164' title='bbox 3278 671 3462 743; x_wconf 81' lang='lat' dir='ltr'><strong>profe-</strong></span> 
     </span>
    </p>
   </div>
   <div class='ocr_carea' id='block_1_23' title="bbox 1882 758 3456 830">
    <p class='ocr_par' dir='ltr' id='par_1_23' title="bbox 1882 758 3456 830">
     <span class='ocr_line' id='line_1_23' title="bbox 1882 758 3456 830; baseline 0.003 -18"><span class='ocrx_word' id='word_1_165' title='bbox 1882 767 2005 813; x_wconf 88' lang='lat' dir='ltr'><strong>ctus</strong></span> <span class='ocrx_word' id='word_1_166' title='bbox 2037 766 2159 814; x_wconf 90' lang='lat' dir='ltr'><strong>est:</strong></span> <span class='ocrx_word' id='word_1_167' title='bbox 2210 758 2432 829; x_wconf 90' lang='lat' dir='ltr'><strong>quidam</strong></span> <span class='ocrx_word' id='word_1_168' title='bbox 2468 768 2651 813; x_wconf 89' lang='lat' dir='ltr'><strong>autem</strong></span> <span class='ocrx_word' id='word_1_169' title='bbox 2706 774 2822 815; x_wconf 87' lang='lat' dir='ltr'><strong>rem</strong></span> <span class='ocrx_word' id='word_1_170' title='bbox 2865 762 3258 817; x_wconf 85' lang='lat' dir='ltr'><strong>nuntiaverunt</strong></span> <span class='ocrx_word' id='word_1_171' title='bbox 3302 763 3456 830; x_wconf 86' lang='lat' dir='ltr'><strong>seni;</strong></span> 
     </span>
    </p>
   </div>
   <div class='ocr_carea' id='block_1_24' title="bbox 1880 850 3459 923">
    <p class='ocr_par' dir='ltr' id='par_1_24' title="bbox 1880 850 3459 923">
     <span class='ocr_line' id='line_1_24' title="bbox 1880 850 3459 923; baseline 0.004 -20"><span class='ocrx_word' id='word_1_172' title='bbox 1880 850 1975 920; x_wconf 88' lang='lat' dir='ltr'><strong>qui</strong></span> <span class='ocrx_word' id='word_1_173' title='bbox 2014 851 2255 907; x_wconf 81' lang='lat' dir='ltr'><strong>surrexit</strong></span> <span class='ocrx_word' id='word_1_174' title='bbox 2290 858 2350 906; x_wconf 90' lang='lat' dir='ltr'><strong>ut</strong></span> <span class='ocrx_word' id='word_1_175' title='bbox 2402 850 2613 923; x_wconf 80' lang='lat' dir='ltr'><strong>fugeret</strong></span> <span class='ocrx_word' id='word_1_176' title='bbox 2654 850 2707 906; x_wconf 92' lang='lat' dir='ltr'><strong>in</strong></span> <span class='ocrx_word' id='word_1_177' title='bbox 2755 852 3033 922; x_wconf 85' lang='lat' dir='ltr'><strong>paludem.</strong></span> <span class='ocrx_word' id='word_1_178' title='bbox 3081 852 3459 911; x_wconf 88' lang='lat' dir='ltr'><strong>Occurrerunt</strong></span> 
     </span>
    </p>
   </div>
   <div class='ocr_carea' id='block_1_25' title="bbox 1878 934 3462 1014">
    <p class='ocr_par' dir='ltr' id='par_1_25' title="bbox 1878 934 3462 1014">
     <span class='ocr_line' id='line_1_25' title="bbox 1878 934 3462 1014; baseline 0.003 -16"><span class='ocrx_word' id='word_1_179' title='bbox 1878 943 1951 1010; x_wconf 90' lang='lat' dir='ltr'><strong>ei,</strong></span> <span class='ocrx_word' id='word_1_180' title='bbox 1983 944 2401 1014; x_wconf 86' lang='lat' dir='ltr'><strong>pereontatique</strong></span> <span class='ocrx_word' id='word_1_181' title='bbox 2430 953 2595 1000; x_wconf 88' lang='lat' dir='ltr'><strong>sunt:</strong></span> <span class='ocrx_word' id='word_1_182' title='bbox 2624 942 2823 1008; x_wconf 78' lang='lat' dir='ltr'><strong>Senex,</strong></span> <span class='ocrx_word' id='word_1_183' title='bbox 2850 934 3082 1002; x_wconf 69' lang='lat' dir='ltr'><strong>ostende</strong></span> <span class='ocrx_word' id='word_1_184' title='bbox 3144 946 3305 1003; x_wconf 85' lang='lat' dir='ltr'><strong>nobis</strong></span> <span class='ocrx_word' id='word_1_185' title='bbox 3346 946 3462 1002; x_wconf 86' lang='lat' dir='ltr'><strong>ubi-</strong></span> 
     </span>
    </p>
   </div>
   <div class='ocr_carea' id='block_1_26' title="bbox 1878 1035 3459 1108">
    <p class='ocr_par' dir='ltr' id='par_1_26' title="bbox 1878 1035 3459 1108">
     <span class='ocr_line' id='line_1_26' title="bbox 1878 1035 3459 1108; baseline 0.003 -19"><span class='ocrx_word' id='word_1_186' title='bbox 1878 1049 2005 1089; x_wconf 87' lang='lat' dir='ltr'><strong>nam</strong></span> <span class='ocrx_word' id='word_1_187' title='bbox 2038 1037 2109 1090; x_wconf 87' lang='lat' dir='ltr'><strong>sit</strong></span> <span class='ocrx_word' id='word_1_188' title='bbox 2134 1036 2350 1092; x_wconf 80' lang='lat' dir='ltr'><strong>abbatis</strong></span> <span class='ocrx_word' id='word_1_189' title='bbox 2385 1035 2590 1108; x_wconf 78' lang='lat' dir='ltr'><strong>Moysis</strong></span> <span class='ocrx_word' id='word_1_190' title='bbox 2616 1036 2793 1091; x_wconf 76' lang='lat' dir='ltr'><strong>cella?</strong></span> <span class='ocrx_word' id='word_1_191' title='bbox 2829 1037 3135 1107; x_wconf 82' lang='lat' dir='ltr'><strong>Respondit</strong></span> <span class='ocrx_word' id='word_1_192' title='bbox 3167 1039 3250 1094; x_wconf 88' lang='lat' dir='ltr'><strong>eis</strong></span> <span class='ocrx_word' id='word_1_193' title='bbox 3276 1056 3290 1093; x_wconf 93' lang='lat'><strong>:</strong></span> <span class='ocrx_word' id='word_1_194' title='bbox 3314 1037 3459 1105; x_wconf 86' lang='lat' dir='ltr'><strong>Quid</strong></span> 
     </span>
    </p>
   </div>
   <div class='ocr_carea' id='block_1_27' title="bbox 1878 1125 3460 1199">
    <p class='ocr_par' dir='ltr' id='par_1_27' title="bbox 1878 1125 3460 1199">
     <span class='ocr_line' id='line_1_27' title="bbox 1878 1125 3460 1199; baseline 0.004 -21"><span class='ocrx_word' id='word_1_195' title='bbox 1878 1125 1947 1180; x_wconf 90' lang='lat' dir='ltr'><strong>ab</strong></span> <span class='ocrx_word' id='word_1_196' title='bbox 1976 1140 2042 1182; x_wconf 91' lang='lat' dir='ltr'><strong>co</strong></span> <span class='ocrx_word' id='word_1_197' title='bbox 2065 1126 2262 1183; x_wconf 74' lang='lat' dir='ltr'><strong>vultis?</strong></span> <span class='ocrx_word' id='word_1_198' title='bbox 2293 1127 2459 1182; x_wconf 85' lang='lat' dir='ltr'><strong>homo</strong></span> <span class='ocrx_word' id='word_1_199' title='bbox 2489 1125 2725 1183; x_wconf 83' lang='lat' dir='ltr'><strong>stolidus</strong></span> <span class='ocrx_word' id='word_1_200' title='bbox 2749 1134 2856 1184; x_wconf 90' lang='lat' dir='ltr'><strong>est.</strong></span> <span class='ocrx_word' id='word_1_201' title='bbox 2895 1125 3138 1184; x_wconf 82' lang='lat' dir='ltr'><strong>Veniens</strong></span> <span class='ocrx_word' id='word_1_202' title='bbox 3167 1143 3301 1199; x_wconf 88' lang='lat' dir='ltr'><strong>ergo</strong></span> <span class='ocrx_word' id='word_1_203' title='bbox 3317 1142 3460 1199; x_wconf 67' lang='lat' dir='ltr'><strong>pra-</strong></span> 
     </span>
    </p>
   </div>
   <div class='ocr_carea' id='block_1_28' title="bbox 1876 1217 3460 1289">
    <p class='ocr_par' dir='ltr' id='par_1_28' title="bbox 1876 1217 3460 1289">
     <span class='ocr_line' id='line_1_28' title="bbox 1876 1217 3460 1289; baseline 0.004 -18"><span class='ocrx_word' id='word_1_204' title='bbox 1876 1232 1966 1273; x_wconf 88' lang='lat' dir='ltr'><strong>ses</strong></span> <span class='ocrx_word' id='word_1_205' title='bbox 1994 1217 2061 1274; x_wconf 85' lang='lat' dir='ltr'><strong>ad</strong></span> <span class='ocrx_word' id='word_1_206' title='bbox 2097 1219 2408 1286; x_wconf 84' lang='lat' dir='ltr'><strong>ecclesiam,</strong></span> <span class='ocrx_word' id='word_1_207' title='bbox 2440 1220 2516 1273; x_wconf 88' lang='lat' dir='ltr'><strong>ait</strong></span> <span class='ocrx_word' id='word_1_208' title='bbox 2546 1219 2764 1275; x_wconf 86' lang='lat' dir='ltr'><strong>clericis</strong></span> <span class='ocrx_word' id='word_1_209' title='bbox 2797 1237 2810 1274; x_wconf 92' lang='lat'><strong>:</strong></span> <span class='ocrx_word' id='word_1_210' title='bbox 2846 1217 2980 1289; x_wconf 85' lang='lat' dir='ltr'><strong>Ego,</strong></span> <span class='ocrx_word' id='word_1_211' title='bbox 3003 1220 3208 1277; x_wconf 79' lang='lat' dir='ltr'><strong>auditis</strong></span> <span class='ocrx_word' id='word_1_212' title='bbox 3242 1220 3460 1277; x_wconf 81' lang='lat' dir='ltr'><strong>abbatis</strong></span> 
     </span>
    </p>
   </div>
   <div class='ocr_carea' id='block_1_29' title="bbox 1878 1308 3461 1380">
    <p class='ocr_par' dir='ltr' id='par_1_29' title="bbox 1878 1308 3461 1380">
     <span class='ocr_line' id='line_1_29' title="bbox 1878 1308 3461 1380; baseline 0.003 -17"><span class='ocrx_word' id='word_1_213' title='bbox 1878 1308 2083 1380; x_wconf 71' lang='lat' dir='ltr'><strong>Noysis</strong></span> <span class='ocrx_word' id='word_1_214' title='bbox 2112 1310 2432 1377; x_wconf 78' lang='lat' dir='ltr'><strong>virtutibus,</strong></span> <span class='ocrx_word' id='word_1_215' title='bbox 2477 1310 2671 1366; x_wconf 89' lang='lat' dir='ltr'><strong>deveni</strong></span> <span class='ocrx_word' id='word_1_216' title='bbox 2706 1319 2767 1365; x_wconf 92' lang='lat' dir='ltr'><strong>ut</strong></span> <span class='ocrx_word' id='word_1_217' title='bbox 2792 1308 3035 1366; x_wconf 83' lang='lat' dir='ltr'><strong>viderem</strong></span> <span class='ocrx_word' id='word_1_218' title='bbox 3059 1326 3209 1367; x_wconf 90' lang='lat' dir='ltr'><strong>eum.</strong></span> <span class='ocrx_word' id='word_1_219' title='bbox 3237 1310 3303 1365; x_wconf 85' lang='lat' dir='ltr'><strong>Et</strong></span> <span class='ocrx_word' id='word_1_220' title='bbox 3329 1324 3461 1368; x_wconf 85' lang='lat' dir='ltr'><strong>ecce</strong></span> 
     </span>
    </p>
   </div>
   <div class='ocr_carea' id='block_1_30' title="bbox 1876 1399 3455 1473">
    <p class='ocr_par' dir='ltr' id='par_1_30' title="bbox 1876 1399 3455 1473">
     <span class='ocr_line' id='line_1_30' title="bbox 1876 1399 3455 1473; baseline 0.001 -19"><span class='ocrx_word' id='word_1_221' title='bbox 1876 1401 2074 1456; x_wconf 86' lang='lat' dir='ltr'><strong>obvius</strong></span> <span class='ocrx_word' id='word_1_222' title='bbox 2126 1400 2286 1457; x_wconf 90' lang='lat' dir='ltr'><strong>nobis</strong></span> <span class='ocrx_word' id='word_1_223' title='bbox 2336 1400 2441 1455; x_wconf 88' lang='lat' dir='ltr'><strong>fuit</strong></span> <span class='ocrx_word' id='word_1_224' title='bbox 2503 1416 2672 1458; x_wconf 78' lang='lat' dir='ltr'><strong>senex</strong></span> <span class='ocrx_word' id='word_1_225' title='bbox 2716 1415 2950 1473; x_wconf 78' lang='lat' dir='ltr'><strong>pergens</strong></span> <span class='ocrx_word' id='word_1_226' title='bbox 2993 1401 3063 1456; x_wconf 89' lang='lat' dir='ltr'><strong>ad</strong></span> <span class='ocrx_word' id='word_1_227' title='bbox 3118 1399 3455 1472; x_wconf 63' lang='lat' dir='ltr'><strong>Egyptum;</strong></span> 
     </span>
    </p>
   </div>
   <div class='ocr_carea' id='block_1_31' title="bbox 1878 1490 3458 1563">
    <p class='ocr_par' dir='ltr' id='par_1_31' title="bbox 1878 1490 3458 1563">
     <span class='ocr_line' id='line_1_31' title="bbox 1878 1490 3458 1563; baseline 0 -17"><span class='ocrx_word' id='word_1_228' title='bbox 1878 1506 2041 1562; x_wconf 85' lang='lat' dir='ltr'><strong>quem</strong></span> <span class='ocrx_word' id='word_1_229' title='bbox 2088 1491 2573 1562; x_wconf 90' lang='lat' dir='ltr'><strong>interrogavimus,</strong></span> <span class='ocrx_word' id='word_1_230' title='bbox 2608 1490 2702 1546; x_wconf 92' lang='lat' dir='ltr'><strong>ubi</strong></span> <span class='ocrx_word' id='word_1_231' title='bbox 2733 1499 2880 1547; x_wconf 90' lang='lat' dir='ltr'><strong>esset</strong></span> <span class='ocrx_word' id='word_1_232' title='bbox 2902 1490 3042 1547; x_wconf 88' lang='lat' dir='ltr'><strong>cella</strong></span> <span class='ocrx_word' id='word_1_233' title='bbox 3064 1490 3281 1547; x_wconf 86' lang='lat' dir='ltr'><strong>abbatis</strong></span> <span class='ocrx_word' id='word_1_234' title='bbox 3306 1490 3458 1563; x_wconf 75' lang='lat' dir='ltr'><strong>Moy-</strong></span> 
     </span>
    </p>
   </div>
   <div class='ocr_carea' id='block_1_32' title="bbox 1875 1581 3458 1654">
    <p class='ocr_par' dir='ltr' id='par_1_32' title="bbox 1875 1581 3458 1654">
     <span class='ocr_line' id='line_1_32' title="bbox 1875 1581 3458 1654; baseline -0.001 -16"><span class='ocrx_word' id='word_1_235' title='bbox 1875 1584 1972 1639; x_wconf 92' lang='lat' dir='ltr'><strong>sis.</strong></span> <span class='ocrx_word' id='word_1_236' title='bbox 2021 1581 2288 1654; x_wconf 90' lang='lat' dir='ltr'><strong>Deditque</strong></span> <span class='ocrx_word' id='word_1_237' title='bbox 2335 1597 2702 1652; x_wconf 85' lang='lat' dir='ltr'><strong>responsum:</strong></span> <span class='ocrx_word' id='word_1_238' title='bbox 2739 1581 2881 1649; x_wconf 86' lang='lat' dir='ltr'><strong>Quid</strong></span> <span class='ocrx_word' id='word_1_239' title='bbox 2916 1598 3043 1639; x_wconf 89' lang='lat' dir='ltr'><strong>eum</strong></span> <span class='ocrx_word' id='word_1_240' title='bbox 3076 1582 3280 1638; x_wconf 78' lang='lat' dir='ltr'><strong>vultis?</strong></span> <span class='ocrx_word' id='word_1_241' title='bbox 3313 1582 3458 1639; x_wconf 64' lang='lat' dir='ltr'><strong>uota</strong></span> 
     </span>
    </p>
   </div>
   <div class='ocr_carea' id='block_1_33' title="bbox 1877 1674 3459 1742">
    <p class='ocr_par' dir='ltr' id='par_1_33' title="bbox 1877 1674 3459 1742">
     <span class='ocr_line' id='line_1_33' title="bbox 1877 1674 3459 1742; baseline -0.001 -13"><span class='ocrx_word' id='word_1_242' title='bbox 1877 1682 2058 1731; x_wconf 85' lang='lat' dir='ltr'><strong>mente</strong></span> <span class='ocrx_word' id='word_1_243' title='bbox 2101 1683 2210 1731; x_wconf 91' lang='lat' dir='ltr'><strong>est.</strong></span> <span class='ocrx_word' id='word_1_244' title='bbox 2243 1674 2452 1742; x_wconf 87' lang='lat' dir='ltr'><strong>Quibus</strong></span> <span class='ocrx_word' id='word_1_245' title='bbox 2481 1674 2791 1741; x_wconf 87' lang='lat' dir='ltr'><strong>intellectis,</strong></span> <span class='ocrx_word' id='word_1_246' title='bbox 2836 1674 3065 1739; x_wconf 76' lang='lat' dir='ltr'><strong>tristitia</strong></span> <span class='ocrx_word' id='word_1_247' title='bbox 3107 1674 3285 1731; x_wconf 83' lang='lat' dir='ltr'><strong>affecti</strong></span> <span class='ocrx_word' id='word_1_248' title='bbox 3326 1683 3459 1730; x_wconf 91' lang='lat' dir='ltr'><strong>sunt</strong></span> 
     </span>
    </p>
   </div>
   <div class='ocr_carea' id='block_1_34' title="bbox 184 1754 1770 1853">
    <p class='ocr_par' dir='ltr' id='par_1_34' title="bbox 184 1754 1766 1853">
     <span class='ocr_line' id='line_1_34' title="bbox 184 1754 1766 1853; baseline 0.009 -29"><span class='ocrx_word' id='word_1_249' title='bbox 184 1770 437 1835; x_wconf 77' lang='grc' dir='ltr'><strong>Ποταπὺς</strong></span> <span class='ocrx_word' id='word_1_250' title='bbox 456 1767 529 1843; x_wconf 71' lang='grc' dir='ltr'><strong>ἦν</strong></span> <span class='ocrx_word' id='word_1_251' title='bbox 546 1772 576 1826; x_wconf 83' lang='grc' dir='ltr'>ὁ</span> <span class='ocrx_word' id='word_1_252' title='bbox 594 1773 771 1844; x_wconf 84' lang='grc' dir='ltr'><strong>γέρων</strong></span> <span class='ocrx_word' id='word_1_253' title='bbox 784 1776 814 1828; x_wconf 82' lang='grc' dir='ltr'>ὁ</span> <span class='ocrx_word' id='word_1_254' title='bbox 839 1774 1013 1830; x_wconf 80' lang='grc' dir='ltr'><strong>ταῦτα</strong></span> <span class='ocrx_word' id='word_1_255' title='bbox 1034 1774 1167 1850; x_wconf 77' lang='grc' dir='ltr'><strong>λαλή</strong></span> <span class='ocrx_word' id='word_1_256' title='bbox 1176 1754 1275 1844; x_wconf 78' lang='grc' dir='ltr'><strong>σας</strong></span> <span class='ocrx_word' id='word_1_257' title='bbox 1295 1754 1436 1836; x_wconf 77' lang='grc' dir='ltr'><strong>κατὰ</strong></span> <span class='ocrx_word' id='word_1_258' title='bbox 1463 1754 1766 1853; x_wconf 26' lang='grc' dir='ltr'><strong>τοῦτάγίου;</strong></span> 
     </span>
    </p>
   </div>
   <div class='ocr_carea' id='block_1_35' title="bbox 1877 1754 3457 1853">
    <p class='ocr_par' dir='ltr' id='par_1_35' title="bbox 1877 1754 3457 1836">
     <span class='ocr_line' id='line_1_35' title="bbox 1877 1754 3457 1836; baseline 0.001 -17"><span class='ocrx_word' id='word_1_259' title='bbox 1877 1754 2100 1832; x_wconf 82' lang='lat' dir='ltr'><strong>clerici;</strong></span> <span class='ocrx_word' id='word_1_260' title='bbox 2154 1764 2525 1835; x_wconf 81' lang='lat' dir='ltr'><strong>dixeruntque</strong></span> <span class='ocrx_word' id='word_1_261' title='bbox 2555 1784 2568 1821; x_wconf 93' lang='lat'><strong>:</strong></span> <span class='ocrx_word' id='word_1_262' title='bbox 2598 1763 2922 1836; x_wconf 87' lang='lat' dir='ltr'><strong>Cujusmodi</strong></span> <span class='ocrx_word' id='word_1_263' title='bbox 2969 1773 3090 1821; x_wconf 89' lang='lat' dir='ltr'><strong>erat</strong></span> <span class='ocrx_word' id='word_1_264' title='bbox 3135 1780 3301 1822; x_wconf 76' lang='lat' dir='ltr'><strong>senex</strong></span> <span class='ocrx_word' id='word_1_265' title='bbox 3344 1764 3457 1832; x_wconf 84' lang='lat' dir='ltr'><strong>ille,</strong></span> 
     </span>
    </p>
   </div>
   <div class='ocr_carea' id='block_1_36' title="bbox 184 1859 1770 1948">
    <p class='ocr_par' dir='ltr' id='par_1_36' title="bbox 184 1859 1770 1948">
     <span class='ocr_line' id='line_1_36' title="bbox 184 1859 1770 1948; baseline 0.011 -33"><span class='ocrx_word' id='word_1_266' title='bbox 184 1865 245 1917; x_wconf 86' lang='lat' dir='ltr'><strong>Ol</strong></span> <span class='ocrx_word' id='word_1_267' title='bbox 279 1863 342 1918; x_wconf 82' lang='grc' dir='ltr'><strong>δὲ</strong></span> <span class='ocrx_word' id='word_1_268' title='bbox 365 1859 559 1919; x_wconf 67' lang='grc' dir='ltr'><strong>εἷπον*</strong></span> <span class='ocrx_word' id='word_1_269' title='bbox 591 1864 789 1937; x_wconf 85' lang='grc' dir='ltr'><strong>Γέρων,</strong></span> <span class='ocrx_word' id='word_1_270' title='bbox 816 1867 1021 1923; x_wconf 83' lang='grc' dir='ltr'><strong>παλαιά</strong></span> <span class='ocrx_word' id='word_1_271' title='bbox 1054 1870 1259 1941; x_wconf 86' lang='grc' dir='ltr'><strong>φορῶν,</strong></span> <span class='ocrx_word' id='word_1_272' title='bbox 1294 1874 1509 1944; x_wconf 78' lang='grc' dir='ltr'><strong>μακρὸς</strong></span> <span class='ocrx_word' id='word_1_273' title='bbox 1538 1876 1633 1930; x_wconf 81' lang='grc' dir='ltr'><strong>καὶ</strong></span> <span class='ocrx_word' id='word_1_274' title='bbox 1673 1894 1770 1948; x_wconf 80' lang='grc' dir='ltr'><strong>με·</strong></span> 
     </span>
    </p>
   </div>
   <div class='ocr_carea' id='block_1_37' title="bbox 181 1951 1766 2041">
    <p class='ocr_par' dir='ltr' id='par_1_37' title="bbox 181 1951 1766 2041">
     <span class='ocr_line' id='line_1_37' title="bbox 181 1951 1766 2041; baseline 0.009 -32"><span class='ocrx_word' id='word_1_275' title='bbox 181 1954 370 2020; x_wconf 79' lang='grc' dir='ltr'><strong>λανός.</strong></span> <span class='ocrx_word' id='word_1_276' title='bbox 406 1957 472 2011; x_wconf 81' lang='grc' dir='ltr'><strong>Οἱ</strong></span> <span class='ocrx_word' id='word_1_277' title='bbox 503 1956 561 2010; x_wconf 76' lang='grc' dir='ltr'><strong>δὲ</strong></span> <span class='ocrx_word' id='word_1_278' title='bbox 599 1951 748 2012; x_wconf 77' lang='grc' dir='ltr'><strong>εἷπον</strong></span> <span class='ocrx_word' id='word_1_279' title='bbox 770 1976 784 1991; x_wconf 89' lang='grc'><strong>·</strong></span> <span class='ocrx_word' id='word_1_280' title='bbox 814 1959 990 2025; x_wconf 76' lang='grc' dir='ltr'><strong>Αὐτός</strong></span> <span class='ocrx_word' id='word_1_281' title='bbox 1022 1961 1173 2017; x_wconf 67' lang='grc' dir='ltr'><strong>ἔστιν</strong></span> <span class='ocrx_word' id='word_1_282' title='bbox 1212 1964 1242 2017; x_wconf 81' lang='grc' dir='ltr'>ὁ</span> <span class='ocrx_word' id='word_1_283' title='bbox 1272 1964 1451 2030; x_wconf 80' lang='grc' dir='ltr'><strong>άϐϐᾶς</strong></span> <span class='ocrx_word' id='word_1_284' title='bbox 1488 1968 1730 2041; x_wconf 82' lang='grc' dir='ltr'><strong>Μωῦσῆς</strong></span> <span class='ocrx_word' id='word_1_285' title='bbox 1751 1985 1766 2001; x_wconf 76' lang='grc'><strong><em>⁸</em></strong></span> 
     </span>
    </p>
   </div>
   <div class='ocr_carea' id='block_1_38' title="bbox 179 2045 1769 2126">
    <p class='ocr_par' dir='ltr' id='par_1_38' title="bbox 179 2045 1769 2126">
     <span class='ocr_line' id='line_1_38' title="bbox 179 2045 1769 2126; baseline 0.008 -26"><span class='ocrx_word' id='word_1_286' title='bbox 179 2046 278 2100; x_wconf 76' lang='grc' dir='ltr'><strong>καὶ</strong></span> <span class='ocrx_word' id='word_1_287' title='bbox 308 2045 407 2099; x_wconf 83' lang='grc' dir='ltr'><strong>διά</strong></span> <span class='ocrx_word' id='word_1_288' title='bbox 452 2046 514 2099; x_wconf 79' lang='grc' dir='ltr'><strong>τὸ</strong></span> <span class='ocrx_word' id='word_1_289' title='bbox 546 2047 622 2119; x_wconf 79' lang='grc' dir='ltr'><strong>μὴ</strong></span> <span class='ocrx_word' id='word_1_290' title='bbox 654 2049 966 2119; x_wconf 84' lang='grc' dir='ltr'><strong>ἀπαντῆσαι</strong></span> <span class='ocrx_word' id='word_1_291' title='bbox 1004 2050 1168 2106; x_wconf 85' lang='grc' dir='ltr'><strong>αὐτὸν</strong></span> <span class='ocrx_word' id='word_1_292' title='bbox 1200 2054 1351 2126; x_wconf 78' lang='grc' dir='ltr'><strong>ὑμῖν,</strong></span> <span class='ocrx_word' id='word_1_293' title='bbox 1398 2055 1575 2112; x_wconf 83' lang='grc' dir='ltr'><strong>ταῦτα</strong></span> <span class='ocrx_word' id='word_1_294' title='bbox 1615 2055 1769 2113; x_wconf 75' lang='grc' dir='ltr'><strong>εἷπεν</strong></span> 
     </span>
    </p>
   </div>
   <div class='ocr_carea' id='block_1_39' title="bbox 179 2138 1624 2222">
    <p class='ocr_par' dir='ltr' id='par_1_39' title="bbox 179 2138 1624 2222">
     <span class='ocr_line' id='line_1_39' title="bbox 179 2138 1624 2222; baseline 0.008 -30"><span class='ocrx_word' id='word_1_295' title='bbox 179 2139 336 2211; x_wconf 73' lang='grc' dir='ltr'><strong>ὑμῖν.</strong></span> <span class='ocrx_word' id='word_1_296' title='bbox 364 2138 543 2194; x_wconf 87' lang='grc' dir='ltr'><strong>Πολλά</strong></span> <span class='ocrx_word' id='word_1_297' title='bbox 564 2140 621 2194; x_wconf 82' lang='grc' dir='ltr'><strong>δὲ</strong></span> <span class='ocrx_word' id='word_1_298' title='bbox 647 2140 949 2214; x_wconf 70' lang='grc' dir='ltr'><strong>ὠφεληθεὶς</strong></span> <span class='ocrx_word' id='word_1_299' title='bbox 978 2144 1007 2197; x_wconf 84' lang='grc' dir='ltr'><strong>ὁ</strong></span> <span class='ocrx_word' id='word_1_300' title='bbox 1030 2145 1214 2217; x_wconf 74' lang='grc' dir='ltr'><strong>ἄρχων</strong></span> <span class='ocrx_word' id='word_1_301' title='bbox 1252 2146 1624 2222; x_wconf 80' lang='grc' dir='ltr'><strong>ἀνεχώρησεν.</strong></span> 
     </span>
    </p>
   </div>
   <div class='ocr_carea' id='block_1_40' title="bbox 245 2316 1769 2399">
    <p class='ocr_par' dir='ltr' id='par_1_40' title="bbox 245 2316 1769 2399">
     <span class='ocr_line' id='line_1_40' title="bbox 245 2316 1769 2399; baseline 0.007 -27"><span class='ocrx_word' id='word_1_302' title='bbox 245 2316 314 2373; x_wconf 88' lang='grc' dir='ltr'><strong>θ’.</strong></span> <span class='ocrx_word' id='word_1_303' title='bbox 354 2318 581 2388; x_wconf 81' lang='grc' dir='ltr'><strong>Ἔλεγεν</strong></span> <span class='ocrx_word' id='word_1_304' title='bbox 606 2318 832 2385; x_wconf 62' lang='lat' dir='ltr'><strong>cessa;</strong></span> <span class='ocrx_word' id='word_1_305' title='bbox 865 2321 1107 2394; x_wconf 83' lang='grc' dir='ltr'><strong>Μωῢσῆς</strong></span> <span class='ocrx_word' id='word_1_306' title='bbox 1134 2322 1193 2377; x_wconf 82' lang='grc' dir='ltr'><strong>ἐν</strong></span> <span class='ocrx_word' id='word_1_307' title='bbox 1227 2322 1426 2397; x_wconf 80' lang='grc' dir='ltr'><strong>Σκήτει</strong></span> <span class='ocrx_word' id='word_1_308' title='bbox 1447 2341 1459 2355; x_wconf 76' lang='grc'><strong><em>⁸</em></strong></span> <span class='ocrx_word' id='word_1_309' title='bbox 1509 2326 1635 2381; x_wconf 79' lang='grc' dir='ltr'><strong>Ἐὰν</strong></span> <span class='ocrx_word' id='word_1_310' title='bbox 1668 2345 1769 2399; x_wconf 89' lang='grc' dir='ltr'><strong>φυ-</strong></span> 
     </span>
    </p>
   </div>
   <div class='ocr_carea' id='block_1_41' title="bbox 176 2410 1769 2491">
    <p class='ocr_par' dir='ltr' id='par_1_41' title="bbox 176 2410 1769 2491">
     <span class='ocr_line' id='line_1_41' title="bbox 176 2410 1769 2491; baseline 0.008 -27"><span class='ocrx_word' id='word_1_311' title='bbox 176 2410 431 2484; x_wconf 79' lang='grc' dir='ltr'><strong>λάξωμεν</strong></span> <span class='ocrx_word' id='word_1_312' title='bbox 464 2413 564 2478; x_wconf 84' lang='grc' dir='ltr'><strong>τάς</strong></span> <span class='ocrx_word' id='word_1_313' title='bbox 616 2414 837 2480; x_wconf 75' lang='grc' dir='ltr'><strong>ἐντολὰς</strong></span> <span class='ocrx_word' id='word_1_314' title='bbox 866 2416 973 2470; x_wconf 84' lang='grc' dir='ltr'><strong>τῶν</strong></span> <span class='ocrx_word' id='word_1_315' title='bbox 999 2418 1261 2489; x_wconf 81' lang='grc' dir='ltr'><strong>Πατέρων</strong></span> <span class='ocrx_word' id='word_1_316' title='bbox 1314 2419 1494 2491; x_wconf 77' lang='grc' dir='ltr'><strong>ἡμῶν,</strong></span> <span class='ocrx_word' id='word_1_317' title='bbox 1523 2420 1635 2490; x_wconf 76' lang='grc' dir='ltr'><strong>ἐγὼ</strong></span> <span class='ocrx_word' id='word_1_318' title='bbox 1676 2424 1769 2491; x_wconf 83' lang='grc' dir='ltr'><strong>ὲγ-</strong></span> 
     </span>
    </p>
   </div>
   <div class='ocr_carea' id='block_1_42' title="bbox 178 2503 1768 2587">
    <p class='ocr_par' dir='ltr' id='par_1_42' title="bbox 178 2503 1768 2587">
     <span class='ocr_line' id='line_1_42' title="bbox 178 2503 1768 2587; baseline 0.006 -30"><span class='ocrx_word' id='word_1_319' title='bbox 178 2503 402 2576; x_wconf 84' lang='grc' dir='ltr'><strong>γυῶμαι</strong></span> <span class='ocrx_word' id='word_1_320' title='bbox 445 2505 591 2577; x_wconf 79' lang='grc' dir='ltr'><strong>ὑμᾶς</strong></span> <span class='ocrx_word' id='word_1_321' title='bbox 630 2506 771 2579; x_wconf 78' lang='grc' dir='ltr'><strong>πρὸς</strong></span> <span class='ocrx_word' id='word_1_322' title='bbox 812 2508 903 2561; x_wconf 85' lang='grc' dir='ltr'><strong>τὸν</strong></span> <span class='ocrx_word' id='word_1_323' title='bbox 935 2508 1091 2577; x_wconf 82' lang='grc' dir='ltr'><strong>Θεὸν,</strong></span> <span class='ocrx_word' id='word_1_324' title='bbox 1121 2509 1206 2563; x_wconf 83' lang='grc' dir='ltr'><strong>ὅτι</strong></span> <span class='ocrx_word' id='word_1_325' title='bbox 1249 2508 1516 2583; x_wconf 91' lang='grc' dir='ltr'><strong>βάρϐαροι</strong></span> <span class='ocrx_word' id='word_1_326' title='bbox 1551 2514 1652 2567; x_wconf 86' lang='grc' dir='ltr'><strong>οὐκ</strong></span> <span class='ocrx_word' id='word_1_327' title='bbox 1676 2513 1768 2587; x_wconf 81' lang='grc' dir='ltr'><strong>ἐρ-</strong></span> 
     </span>
    </p>
   </div>
   <div class='ocr_carea' id='block_1_43' title="bbox 178 2589 1770 2675">
    <p class='ocr_par' dir='ltr' id='par_1_43' title="bbox 178 2589 1770 2675">
     <span class='ocr_line' id='line_1_43' title="bbox 178 2589 1770 2675; baseline 0.006 -26"><span class='ocrx_word' id='word_1_328' title='bbox 178 2613 365 2666; x_wconf 84' lang='grc' dir='ltr'><strong>χονται</strong></span> <span class='ocrx_word' id='word_1_329' title='bbox 393 2589 517 2652; x_wconf 80' lang='grc' dir='ltr'><strong>ὧδε.</strong></span> <span class='ocrx_word' id='word_1_330' title='bbox 545 2598 610 2652; x_wconf 75' lang='lat' dir='ltr'><strong>Et</strong></span> <span class='ocrx_word' id='word_1_331' title='bbox 641 2597 699 2652; x_wconf 78' lang='grc' dir='ltr'><strong>δὲ</strong></span> <span class='ocrx_word' id='word_1_332' title='bbox 727 2598 803 2670; x_wconf 83' lang='grc' dir='ltr'><strong>μὴ</strong></span> <span class='ocrx_word' id='word_1_333' title='bbox 842 2597 1186 2672; x_wconf 77' lang='grc' dir='ltr'><strong>φυλάξωμεν,</strong></span> <span class='ocrx_word' id='word_1_334' title='bbox 1209 2601 1565 2674; x_wconf 74' lang='grc' dir='ltr'><strong>ἐρημωθῆναι</strong></span> <span class='ocrx_word' id='word_1_335' title='bbox 1594 2602 1707 2675; x_wconf 77' lang='grc' dir='ltr'><strong>ἔχει</strong></span> <span class='ocrx_word' id='word_1_336' title='bbox 1739 2607 1770 2658; x_wconf 79' lang='grc' dir='ltr'><strong>ὁ</strong></span> 
     </span>
    </p>
   </div>
   <div class='ocr_carea' id='block_1_44' title="bbox 178 2682 549 2753">
    <p class='ocr_par' dir='ltr' id='par_1_44' title="bbox 178 2682 549 2753">
     <span class='ocr_line' id='line_1_44' title="bbox 178 2682 549 2753; baseline 0.013 -13"><span class='ocrx_word' id='word_1_337' title='bbox 178 2688 343 2752; x_wconf 76' lang='grc' dir='ltr'><strong>τόπος</strong></span> <span class='ocrx_word' id='word_1_338' title='bbox 373 2682 549 2753; x_wconf 75' lang='grc' dir='ltr'><strong>οὗτος.</strong></span> 
     </span>
    </p>
   </div>
   <div class='ocr_carea' id='block_1_45' title="bbox 247 2778 1763 2856">
    <p class='ocr_par' dir='ltr' id='par_1_45' title="bbox 247 2778 1763 2856">
     <span class='ocr_line' id='line_1_45' title="bbox 247 2778 1763 2856; baseline 0.005 -24"><span class='ocrx_word' id='word_1_339' title='bbox 247 2784 300 2832; x_wconf 88' lang='grc' dir='ltr'><strong>ι’.</strong></span> <span class='ocrx_word' id='word_1_340' title='bbox 343 2778 690 2850; x_wconf 80' lang='grc' dir='ltr'><strong>Καθημένων</strong></span> <span class='ocrx_word' id='word_1_341' title='bbox 714 2778 772 2832; x_wconf 83' lang='grc' dir='ltr'><strong>δέ</strong></span> <span class='ocrx_word' id='word_1_342' title='bbox 809 2797 939 2834; x_wconf 87' lang='grc' dir='ltr'><strong>ποτε</strong></span> <span class='ocrx_word' id='word_1_343' title='bbox 970 2781 1079 2835; x_wconf 83' lang='grc' dir='ltr'><strong>τῶν</strong></span> <span class='ocrx_word' id='word_1_344' title='bbox 1127 2782 1373 2853; x_wconf 81' lang='grc' dir='ltr'>ἀδελφῶν</span> <span class='ocrx_word' id='word_1_345' title='bbox 1405 2784 1541 2856; x_wconf 80' lang='grc' dir='ltr'><strong>πρὸς</strong></span> <span class='ocrx_word' id='word_1_346' title='bbox 1580 2784 1763 2850; x_wconf 78' lang='grc' dir='ltr'><strong>αὑτὸν,</strong></span> 
     </span>
    </p>
   </div>
   <div class='ocr_carea' id='block_1_46' title="bbox 183 2870 1767 2949">
    <p class='ocr_par' dir='ltr' id='par_1_46' title="bbox 183 2870 1767 2949">
     <span class='ocr_line' id='line_1_46' title="bbox 183 2870 1767 2949; baseline 0.004 -25"><span class='ocrx_word' id='word_1_347' title='bbox 183 2870 370 2939; x_wconf 78' lang='grc' dir='ltr'><strong>ἔλεγεν</strong></span> <span class='ocrx_word' id='word_1_348' title='bbox 414 2872 631 2937; x_wconf 79' lang='grc' dir='ltr'><strong>αὐτοῖς·</strong></span> <span class='ocrx_word' id='word_1_349' title='bbox 682 2871 813 2927; x_wconf 80' lang='grc' dir='ltr'><strong>Ἰδοὺ</strong></span> <span class='ocrx_word' id='word_1_350' title='bbox 855 2872 1122 2946; x_wconf 89' lang='grc' dir='ltr'><strong>βάρϐαροι</strong></span> <span class='ocrx_word' id='word_1_351' title='bbox 1167 2877 1407 2947; x_wconf 77' lang='grc' dir='ltr'><strong>σήμερον</strong></span> <span class='ocrx_word' id='word_1_352' title='bbox 1440 2878 1522 2942; x_wconf 87' lang='grc' dir='ltr'><strong>εἰς</strong></span> <span class='ocrx_word' id='word_1_353' title='bbox 1568 2877 1767 2949; x_wconf 84' lang='grc' dir='ltr'><strong>Σκῆτιν</strong></span> 
     </span>
    </p>
   </div>
   <div class='ocr_carea' id='block_1_47' title="bbox 183 2962 1763 3040">
    <p class='ocr_par' dir='ltr' id='par_1_47' title="bbox 183 2962 1763 3040">
     <span class='ocr_line' id='line_1_47' title="bbox 183 2962 1763 3040; baseline 0.005 -24"><span class='ocrx_word' id='word_1_354' title='bbox 183 2962 431 3033; x_wconf 56' lang='grc' dir='ltr'><strong>ἔρχονται</strong></span> <span class='ocrx_word' id='word_1_355' title='bbox 452 2980 465 2993; x_wconf 91' lang='grc'><strong>·</strong></span> <span class='ocrx_word' id='word_1_356' title='bbox 487 2964 624 3018; x_wconf 84' lang='grc' dir='ltr'><strong>άλλά</strong></span> <span class='ocrx_word' id='word_1_357' title='bbox 651 2964 922 3037; x_wconf 73' lang='grc' dir='ltr'><strong>ἀνάστητε</strong></span> <span class='ocrx_word' id='word_1_358' title='bbox 944 2966 1040 3019; x_wconf 71' lang='grc' dir='ltr'><strong>καὶ</strong></span> <span class='ocrx_word' id='word_1_359' title='bbox 1062 2968 1282 3037; x_wconf 80' lang='grc' dir='ltr'><strong>φύγετε.</strong></span> <span class='ocrx_word' id='word_1_360' title='bbox 1309 2968 1574 3039; x_wconf 85' lang='grc' dir='ltr'><strong>Λέγουσιν</strong></span> <span class='ocrx_word' id='word_1_361' title='bbox 1595 2970 1763 3040; x_wconf 77' lang='grc' dir='ltr'><strong>αὐτῷ’</strong></span> 
     </span>
    </p>
   </div>
   <div class='ocr_carea' id='block_1_48' title="bbox 183 3048 1767 3128">
    <p class='ocr_par' dir='ltr' id='par_1_48' title="bbox 183 3048 1767 3128">
     <span class='ocr_line' id='line_1_48' title="bbox 183 3048 1767 3128; baseline 0.004 -23"><span class='ocrx_word' id='word_1_362' title='bbox 183 3052 247 3106; x_wconf 75' lang='grc' dir='ltr'><strong>Σὺ</strong></span> <span class='ocrx_word' id='word_1_363' title='bbox 276 3048 376 3107; x_wconf 77' lang='grc' dir='ltr'><strong>οὖν</strong></span> <span class='ocrx_word' id='word_1_364' title='bbox 397 3055 461 3107; x_wconf 78' lang='grc' dir='ltr'><strong>οὐ</strong></span> <span class='ocrx_word' id='word_1_365' title='bbox 489 3054 733 3124; x_wconf 77' lang='grc' dir='ltr'><strong>φεύγεις,</strong></span> <span class='ocrx_word' id='word_1_366' title='bbox 762 3054 939 3121; x_wconf 71' lang='grc' dir='ltr'><strong>ἀϐϐἄς</strong></span> <span class='ocrx_word' id='word_1_367' title='bbox 992 3055 1050 3111; x_wconf 81' lang='grc'><strong>’0</strong></span> <span class='ocrx_word' id='word_1_368' title='bbox 1078 3056 1136 3110; x_wconf 85' lang='grc' dir='ltr'><strong>δὲ</strong></span> <span class='ocrx_word' id='word_1_369' title='bbox 1178 3053 1332 3112; x_wconf 78' lang='grc' dir='ltr'><strong>εἶπεν</strong></span> <span class='ocrx_word' id='word_1_370' title='bbox 1364 3060 1549 3122; x_wconf 82' lang='grc' dir='ltr'><strong>αὐτοῖς</strong></span> <span class='ocrx_word' id='word_1_371' title='bbox 1568 3075 1583 3093; x_wconf 73' lang='grc' dir='ltr'><strong><em>υ</em></strong></span> <span class='ocrx_word' id='word_1_372' title='bbox 1625 3057 1767 3128; x_wconf 83' lang='grc' dir='ltr'><strong>Ἐγὼ</strong></span> 
     </span>
    </p>
   </div>
   <div class='ocr_carea' id='block_1_49' title="bbox 180 3145 1768 3222">
    <p class='ocr_par' dir='ltr' id='par_1_49' title="bbox 180 3145 1768 3222">
     <span class='ocr_line' id='line_1_49' title="bbox 180 3145 1768 3222; baseline 0.004 -25"><span class='ocrx_word' id='word_1_373' title='bbox 180 3145 419 3199; x_wconf 76' lang='grc' dir='ltr'><strong>τοσαῦτα</strong></span> <span class='ocrx_word' id='word_1_374' title='bbox 449 3145 544 3216; x_wconf 71' lang='grc' dir='ltr'><strong>ἐτη</strong></span> <span class='ocrx_word' id='word_1_375' title='bbox 576 3146 858 3220; x_wconf 82' lang='grc' dir='ltr'><strong>προσδοκῶ</strong></span> <span class='ocrx_word' id='word_1_376' title='bbox 884 3146 982 3218; x_wconf 78' lang='grc' dir='ltr'><strong>τὴν</strong></span> <span class='ocrx_word' id='word_1_377' title='bbox 1001 3147 1216 3218; x_wconf 79' lang='grc' dir='ltr'><strong>ἡμέραν</strong></span> <span class='ocrx_word' id='word_1_378' title='bbox 1238 3149 1443 3222; x_wconf 71' lang='grc' dir='ltr'><strong>ταύτην</strong></span> <span class='ocrx_word' id='word_1_379' title='bbox 1467 3166 1481 3181; x_wconf 89' lang='grc'><strong>·</strong></span> <span class='ocrx_word' id='word_1_380' title='bbox 1510 3150 1597 3204; x_wconf 83' lang='grc' dir='ltr'><strong>ἵνα</strong></span> <span class='ocrx_word' id='word_1_381' title='bbox 1629 3149 1768 3221; x_wconf 79' lang='grc' dir='ltr'><strong>πλη-</strong></span> 
     </span>
    </p>
   </div>
   <div class='ocr_carea' id='block_1_50' title="bbox 183 3235 1768 3311">
    <p class='ocr_par' dir='ltr' id='par_1_50' title="bbox 183 3235 1768 3311">
     <span class='ocr_line' id='line_1_50' title="bbox 183 3235 1768 3311; baseline 0.004 -22"><span class='ocrx_word' id='word_1_382' title='bbox 183 3236 325 3309; x_wconf 78' lang='grc' dir='ltr'><strong>ρωθῇ</strong></span> <span class='ocrx_word' id='word_1_383' title='bbox 364 3238 392 3291; x_wconf 83' lang='grc' dir='ltr'>ὁ</span> <span class='ocrx_word' id='word_1_384' title='bbox 411 3236 572 3305; x_wconf 80' lang='grc' dir='ltr'><strong>λόγος</strong></span> <span class='ocrx_word' id='word_1_385' title='bbox 593 3235 687 3291; x_wconf 86' lang='grc' dir='ltr'><strong>τοῦ</strong></span> <span class='ocrx_word' id='word_1_386' title='bbox 711 3238 983 3292; x_wconf 81' lang='grc' dir='ltr'><strong>Δεσπότου</strong></span> <span class='ocrx_word' id='word_1_387' title='bbox 1012 3239 1272 3311; x_wconf 80' lang='grc' dir='ltr'><strong>Χριστοῦ,</strong></span> <span class='ocrx_word' id='word_1_388' title='bbox 1300 3240 1550 3310; x_wconf 84' lang='grc' dir='ltr'><strong>λέγοντος</strong></span> <span class='ocrx_word' id='word_1_389' title='bbox 1569 3256 1582 3269; x_wconf 78' lang='lat'><strong>&#39;</strong></span> <span class='ocrx_word' id='word_1_390' title='bbox 1611 3239 1768 3295; x_wconf 78' lang='grc' dir='ltr'><strong>Πάν-</strong></span> 
     </span>
    </p>
   </div>
   <div class='ocr_carea' id='block_1_51' title="bbox 178 3327 1807 3407">
    <p class='ocr_par' dir='ltr' id='par_1_51' title="bbox 178 3327 1807 3407">
     <span class='ocr_line' id='line_1_51' title="bbox 178 3327 1807 3407; baseline 0.004 -26"><span class='ocrx_word' id='word_1_391' title='bbox 178 3344 274 3395; x_wconf 77' lang='grc' dir='ltr'><strong>τες</strong></span> <span class='ocrx_word' id='word_1_392' title='bbox 322 3330 383 3382; x_wconf 79' lang='grc' dir='ltr'><strong>οι</strong></span> <span class='ocrx_word' id='word_1_393' title='bbox 427 3329 720 3396; x_wconf 74' lang='grc' dir='ltr'><strong>λαϐόντες</strong></span> <span class='ocrx_word' id='word_1_394' title='bbox 764 3327 1088 3400; x_wconf 80' lang='grc' dir='ltr'><strong>μάχαιραν,</strong></span> <span class='ocrx_word' id='word_1_395' title='bbox 1127 3331 1199 3385; x_wconf 77' lang='grc' dir='ltr'><strong>ἐν</strong></span> <span class='ocrx_word' id='word_1_396' title='bbox 1235 3333 1504 3403; x_wconf 75' lang='grc' dir='ltr'><strong>μαχαίρᾳ</strong></span> <span class='ocrx_word' id='word_1_397' title='bbox 1538 3332 1766 3387; x_wconf 82' lang='grc' dir='ltr'><strong>ἀποθα-</strong></span> <span class='ocrx_word' id='word_1_398' title='bbox 1800 3398 1807 3407; x_wconf 85' lang='lat'><em>_</em></span> 
     </span>
    </p>
   </div>
   <div class='ocr_carea' id='block_1_52' title="bbox 177 3419 1764 3496">
    <p class='ocr_par' dir='ltr' id='par_1_52' title="bbox 177 3419 1764 3496">
     <span class='ocr_line' id='line_1_52' title="bbox 177 3419 1764 3496; baseline 0.003 -23"><span class='ocrx_word' id='word_1_399' title='bbox 177 3419 429 3474; x_wconf 74' lang='grc' dir='ltr'><strong>νοῦνται</strong></span> <span class='ocrx_word' id='word_1_400' title='bbox 453 3420 525 3474; x_wconf 81' lang='grc'><strong>⁷⁸.</strong></span> <span class='ocrx_word' id='word_1_401' title='bbox 560 3420 824 3489; x_wconf 82' lang='grc' dir='ltr'><strong>Λέγουσιν</strong></span> <span class='ocrx_word' id='word_1_402' title='bbox 873 3421 1051 3494; x_wconf 75' lang='grc' dir='ltr'><strong>αὐτῷ·</strong></span> <span class='ocrx_word' id='word_1_403' title='bbox 1095 3422 1229 3477; x_wconf 76' lang='grc' dir='ltr'><strong>Οὐδὲ</strong></span> <span class='ocrx_word' id='word_1_404' title='bbox 1263 3426 1426 3496; x_wconf 77' lang='grc' dir='ltr'><strong>ἡμεῖς</strong></span> <span class='ocrx_word' id='word_1_405' title='bbox 1471 3423 1764 3496; x_wconf 78' lang='grc' dir='ltr'><strong>φεύγομεν,</strong></span> 
     </span>
    </p>
   </div>
   <div class='ocr_carea' id='block_1_53' title="bbox 177 3507 1763 3583">
    <p class='ocr_par' dir='ltr' id='par_1_53' title="bbox 177 3507 1763 3583">
     <span class='ocr_line' id='line_1_53' title="bbox 177 3507 1763 3583; baseline -0.001 -17"><span class='ocrx_word' id='word_1_406' title='bbox 177 3510 317 3566; x_wconf 70' lang='grc' dir='ltr'><strong>ἀλλὰ</strong></span> <span class='ocrx_word' id='word_1_407' title='bbox 365 3510 506 3583; x_wconf 81' lang='grc' dir='ltr'><strong>μετὰ</strong></span> <span class='ocrx_word' id='word_1_408' title='bbox 538 3512 632 3566; x_wconf 75' lang='grc' dir='ltr'><strong>σοῦ</strong></span> <span class='ocrx_word' id='word_1_409' title='bbox 675 3510 1115 3583; x_wconf 81' lang='grc' dir='ltr'><strong>ἀποθνήσκομεν.</strong></span> <span class='ocrx_word' id='word_1_410' title='bbox 1154 3514 1212 3568; x_wconf 81' lang='grc'><strong>’0</strong></span> <span class='ocrx_word' id='word_1_411' title='bbox 1241 3512 1299 3566; x_wconf 83' lang='grc' dir='ltr'><strong>δὲ</strong></span> <span class='ocrx_word' id='word_1_412' title='bbox 1345 3507 1499 3567; x_wconf 74' lang='grc' dir='ltr'><strong>εἶπεν</strong></span> <span class='ocrx_word' id='word_1_413' title='bbox 1542 3514 1729 3577; x_wconf 81' lang='grc' dir='ltr'><strong>αὐτοῖς</strong></span> <span class='ocrx_word' id='word_1_414' title='bbox 1749 3530 1763 3544; x_wconf 75' lang='grc' dir='ltr'>σ</span> 
     </span>
    </p>
   </div>
   <div class='ocr_carea' id='block_1_54' title="bbox 190 3604 1766 3677">
    <p class='ocr_par' dir='ltr' id='par_1_54' title="bbox 190 3604 1766 3677">
     <span class='ocr_line' id='line_1_54' title="bbox 190 3604 1766 3677; baseline 0.001 -18"><span class='ocrx_word' id='word_1_415' title='bbox 190 3605 334 3676; x_wconf 80' lang='grc' dir='ltr'><strong>Ἐγὼ</strong></span> <span class='ocrx_word' id='word_1_416' title='bbox 371 3606 604 3676; x_wconf 80' lang='grc' dir='ltr'><strong>πρᾶγμα</strong></span> <span class='ocrx_word' id='word_1_417' title='bbox 626 3604 729 3658; x_wconf 80' lang='grc' dir='ltr'><strong>οὐκ</strong></span> <span class='ocrx_word' id='word_1_418' title='bbox 759 3604 900 3676; x_wconf 84' lang='grc' dir='ltr'><strong>ἔχω·</strong></span> <span class='ocrx_word' id='word_1_419' title='bbox 936 3605 1168 3670; x_wconf 78' lang='grc' dir='ltr'><strong>ἕκαστος</strong></span> <span class='ocrx_word' id='word_1_420' title='bbox 1207 3605 1451 3677; x_wconf 79' lang='grc' dir='ltr'><strong>βλεπέτω</strong></span> <span class='ocrx_word' id='word_1_421' title='bbox 1483 3604 1600 3671; x_wconf 83' lang='grc' dir='ltr'><strong>πῶς</strong></span> <span class='ocrx_word' id='word_1_422' title='bbox 1629 3606 1766 3661; x_wconf 88' lang='grc' dir='ltr'><strong>καθ-</strong></span> 
     </span>
    </p>
   </div>
   <div class='ocr_carea' id='block_1_55' title="bbox 175 3692 1764 3768">
    <p class='ocr_par' dir='ltr' id='par_1_55' title="bbox 175 3692 1764 3768">
     <span class='ocr_line' id='line_1_55' title="bbox 175 3692 1764 3768; baseline 0.003 -18"><span class='ocrx_word' id='word_1_423' title='bbox 175 3696 382 3762; x_wconf 66' lang='grc' dir='ltr'><strong>ἕζεται.</strong></span> <span class='ocrx_word' id='word_1_424' title='bbox 427 3692 608 3752; x_wconf 66' lang='grc' dir='ltr'><strong>*Ησαν</strong></span> <span class='ocrx_word' id='word_1_425' title='bbox 648 3697 706 3751; x_wconf 79' lang='grc' dir='ltr'><strong>δὲ</strong></span> <span class='ocrx_word' id='word_1_426' title='bbox 755 3697 897 3752; x_wconf 75' lang='grc' dir='ltr'><strong>ἑπτὰ</strong></span> <span class='ocrx_word' id='word_1_427' title='bbox 944 3697 1182 3768; x_wconf 76' lang='grc' dir='ltr'><strong>ἀδελφοὶ,</strong></span> <span class='ocrx_word' id='word_1_428' title='bbox 1206 3699 1302 3753; x_wconf 82' lang='grc' dir='ltr'><strong>καὶ</strong></span> <span class='ocrx_word' id='word_1_429' title='bbox 1349 3698 1499 3768; x_wconf 90' lang='grc' dir='ltr'><strong>λέγει</strong></span> <span class='ocrx_word' id='word_1_430' title='bbox 1538 3699 1723 3765; x_wconf 80' lang='grc' dir='ltr'><strong>αὐτοῖς</strong></span> <span class='ocrx_word' id='word_1_431' title='bbox 1753 3718 1764 3730; x_wconf 90' lang='grc'>·</span> 
     </span>
    </p>
   </div>
   <div class='ocr_carea' id='block_1_56' title="bbox 189 3790 1766 3865">
    <p class='ocr_par' dir='ltr' id='par_1_56' title="bbox 189 3790 1766 3865">
     <span class='ocr_line' id='line_1_56' title="bbox 189 3790 1766 3865; baseline 0.001 -20"><span class='ocrx_word' id='word_1_432' title='bbox 189 3792 321 3846; x_wconf 75' lang='grc' dir='ltr'><strong>Ἰδοὺ</strong></span> <span class='ocrx_word' id='word_1_433' title='bbox 352 3793 403 3846; x_wconf 86' lang='grc' dir='ltr'><strong>οἱ</strong></span> <span class='ocrx_word' id='word_1_434' title='bbox 438 3790 707 3863; x_wconf 81' lang='grc' dir='ltr'><strong>βάρϐαροι</strong></span> <span class='ocrx_word' id='word_1_435' title='bbox 742 3791 1020 3861; x_wconf 73' lang='grc' dir='ltr'><strong>ἐγγίζουσι</strong></span> <span class='ocrx_word' id='word_1_436' title='bbox 1057 3794 1124 3863; x_wconf 74' lang='grc' dir='ltr'><strong>τῇ</strong></span> <span class='ocrx_word' id='word_1_437' title='bbox 1161 3790 1322 3865; x_wconf 72' lang='grc' dir='ltr'><strong>θύρᾳ.</strong></span> <span class='ocrx_word' id='word_1_438' title='bbox 1350 3792 1461 3847; x_wconf 81' lang='grc' dir='ltr'><strong>Καὶ</strong></span> <span class='ocrx_word' id='word_1_439' title='bbox 1493 3791 1766 3846; x_wconf 74' lang='grc' dir='ltr'><strong>εἰσελθόν-</strong></span> 
     </span>
    </p>
   </div>
   <div class='ocr_carea' id='block_1_57' title="bbox 176 3881 1769 3955">
    <p class='ocr_par' dir='ltr' id='par_1_57' title="bbox 176 3881 1769 3955">
     <span class='ocr_line' id='line_1_57' title="bbox 176 3881 1769 3955; baseline 0 -18"><span class='ocrx_word' id='word_1_440' title='bbox 176 3901 289 3951; x_wconf 84' lang='grc' dir='ltr'><strong>τες,</strong></span> <span class='ocrx_word' id='word_1_441' title='bbox 338 3884 640 3954; x_wconf 72' lang='grc' dir='ltr'><strong>ἐφόνευσαν</strong></span> <span class='ocrx_word' id='word_1_442' title='bbox 680 3884 899 3949; x_wconf 82' lang='grc' dir='ltr'><strong>αὐτούς.</strong></span> <span class='ocrx_word' id='word_1_443' title='bbox 950 3881 1045 3950; x_wconf 79' lang='grc' dir='ltr'><strong>Εἷς</strong></span> <span class='ocrx_word' id='word_1_444' title='bbox 1076 3884 1134 3938; x_wconf 85' lang='grc' dir='ltr'><strong>δὲ</strong></span> <span class='ocrx_word' id='word_1_445' title='bbox 1182 3885 1241 3953; x_wconf 78' lang='grc' dir='ltr'><strong>ἐξ</strong></span> <span class='ocrx_word' id='word_1_446' title='bbox 1285 3884 1464 3940; x_wconf 81' lang='grc' dir='ltr'><strong>αὐτῶν</strong></span> <span class='ocrx_word' id='word_1_447' title='bbox 1490 3883 1536 3917; x_wconf 69' lang='grc' dir='ltr'><strong>τί</strong></span> <span class='ocrx_word' id='word_1_448' title='bbox 1567 3884 1769 3955; x_wconf 73' lang='grc' dir='ltr'><strong>ἔφυγεν</strong></span> 
     </span>
    </p>
   </div>
   <div class='ocr_carea' id='block_1_58' title="bbox 176 3972 1769 4050">
    <p class='ocr_par' dir='ltr' id='par_1_58' title="bbox 176 3972 1769 4050">
     <span class='ocr_line' id='line_1_58' title="bbox 176 3972 1769 4050; baseline 0.003 -22"><span class='ocrx_word' id='word_1_449' title='bbox 176 3977 359 4031; x_wconf 76' lang='grc' dir='ltr'><strong>ὀπίσω</strong></span> <span class='ocrx_word' id='word_1_450' title='bbox 378 3977 479 4050; x_wconf 82' lang='grc' dir='ltr'><strong>τῆς</strong></span> <span class='ocrx_word' id='word_1_451' title='bbox 508 3977 699 4050; x_wconf 75' lang='grc' dir='ltr'><strong>σειρᾶς</strong></span> <span class='ocrx_word' id='word_1_452' title='bbox 721 3995 734 4007; x_wconf 88' lang='grc'><strong>·</strong></span> <span class='ocrx_word' id='word_1_453' title='bbox 768 3977 864 4032; x_wconf 54' lang='grc' dir='ltr'><strong>καὶ⁵</strong></span> <span class='ocrx_word' id='word_1_454' title='bbox 903 3972 1043 4033; x_wconf 75' lang='grc' dir='ltr'><strong>εἶδεν</strong></span> <span class='ocrx_word' id='word_1_455' title='bbox 1072 3978 1214 4032; x_wconf 81' lang='grc' dir='ltr'><strong>ἑπτὰ</strong></span> <span class='ocrx_word' id='word_1_456' title='bbox 1244 3980 1541 4050; x_wconf 80' lang='grc' dir='ltr'><strong>στεφάνους</strong></span> <span class='ocrx_word' id='word_1_457' title='bbox 1570 3976 1769 4033; x_wconf 85' lang='grc' dir='ltr'><strong>κατελ-</strong></span> 
     </span>
    </p>
   </div>
   <div class='ocr_carea' id='block_1_59' title="bbox 179 4068 1271 4154">
    <p class='ocr_par' dir='ltr' id='par_1_59' title="bbox 179 4068 1271 4154">
     <span class='ocr_line' id='line_1_59' title="bbox 179 4068 1271 4154; baseline 0.003 -32"><span class='ocrx_word' id='word_1_458' title='bbox 179 4070 398 4133; x_wconf 77' lang='grc' dir='ltr'><strong>θόντας,</strong></span> <span class='ocrx_word' id='word_1_459' title='bbox 430 4070 528 4124; x_wconf 82' lang='grc' dir='ltr'><strong>καὶ</strong></span> <span class='ocrx_word' id='word_1_460' title='bbox 562 4068 1022 4154; x_wconf 71' lang='grc' dir='ltr'><strong>στεφανώσαντας</strong></span> <span class='ocrx_word' id='word_1_461' title='bbox 1053 4070 1271 4135; x_wconf 77' lang='grc' dir='ltr'><strong>αὐτούς.</strong></span> 
     </span>
    </p>
   </div>
   <div class='ocr_carea' id='block_1_60' title="bbox 250 4146 1766 4236">
    <p class='ocr_par' dir='ltr' id='par_1_60' title="bbox 250 4146 1766 4236">
     <span class='ocr_line' id='line_1_60' title="bbox 250 4146 1766 4236; baseline 0.001 -20"><span class='ocrx_word' id='word_1_462' title='bbox 250 4170 344 4217; x_wconf 82' lang='grc' dir='ltr'><strong>ια’.</strong></span> <span class='ocrx_word' id='word_1_463' title='bbox 390 4146 645 4233; x_wconf 72' lang='grc' dir='ltr'><strong>Ἀδελφὸς</strong></span> <span class='ocrx_word' id='word_1_464' title='bbox 665 4162 921 4236; x_wconf 70' lang='grc' dir='ltr'><strong>ἠρώτησε</strong></span> <span class='ocrx_word' id='word_1_465' title='bbox 953 4164 1045 4218; x_wconf 75' lang='grc' dir='ltr'><strong>τὸν</strong></span> <span class='ocrx_word' id='word_1_466' title='bbox 1070 4163 1244 4219; x_wconf 80' lang='grc' dir='ltr'><strong>άϐϐἄν</strong></span> <span class='ocrx_word' id='word_1_467' title='bbox 1273 4146 1534 4229; x_wconf 79' lang='grc' dir='ltr'><strong>Μωῡσέα,</strong></span> <span class='ocrx_word' id='word_1_468' title='bbox 1556 4163 1732 4234; x_wconf 80' lang='grc' dir='ltr'><strong>λέγων</strong></span> <span class='ocrx_word' id='word_1_469' title='bbox 1754 4181 1766 4194; x_wconf 88' lang='grc'><strong>·</strong></span> 
     </span>
    </p>
   </div>
   <div class='ocr_carea' id='block_1_61' title="bbox 189 4254 1773 4329">
    <p class='ocr_par' dir='ltr' id='par_1_61' title="bbox 189 4254 1773 4329">
     <span class='ocr_line' id='line_1_61' title="bbox 189 4254 1773 4329; baseline 0.001 -21"><span class='ocrx_word' id='word_1_470' title='bbox 189 4255 338 4328; x_wconf 83' lang='grc' dir='ltr'><strong>ὀρῶ</strong></span> <span class='ocrx_word' id='word_1_471' title='bbox 368 4254 602 4310; x_wconf 68' lang='grc' dir='ltr'><strong>ἐνώπιόν</strong></span> <span class='ocrx_word' id='word_1_472' title='bbox 635 4272 738 4327; x_wconf 89' lang='grc' dir='ltr'><strong>μου</strong></span> <span class='ocrx_word' id='word_1_473' title='bbox 766 4257 1021 4329; x_wconf 83' lang='grc' dir='ltr'><strong>πρᾶγμα,</strong></span> <span class='ocrx_word' id='word_1_474' title='bbox 1046 4258 1142 4312; x_wconf 79' lang='grc' dir='ltr'><strong>καὶ</strong></span> <span class='ocrx_word' id='word_1_475' title='bbox 1166 4256 1489 4328; x_wconf 76' lang='grc' dir='ltr'><strong>οὺ’δύναμαι</strong></span> <span class='ocrx_word' id='word_1_476' title='bbox 1520 4256 1655 4312; x_wconf 78' lang='grc' dir='ltr'><strong>αὐτὸ</strong></span> <span class='ocrx_word' id='word_1_477' title='bbox 1681 4273 1773 4310; x_wconf 88' lang='grc' dir='ltr'><strong>κα-</strong></span> 
     </span>
    </p>
   </div>
   <div class='ocr_carea' id='block_1_62' title="bbox 177 4342 1767 4419">
    <p class='ocr_par' dir='ltr' id='par_1_62' title="bbox 177 4342 1767 4419">
     <span class='ocr_line' id='line_1_62' title="bbox 177 4342 1767 4419; baseline 0.003 -23"><span class='ocrx_word' id='word_1_478' title='bbox 177 4343 423 4413; x_wconf 79' lang='grc' dir='ltr'><strong>τασχεῖν.</strong></span> <span class='ocrx_word' id='word_1_479' title='bbox 451 4342 620 4410; x_wconf 86' lang='grc' dir='ltr'><strong>Λέγει</strong></span> <span class='ocrx_word' id='word_1_480' title='bbox 657 4342 806 4414; x_wconf 80' lang='grc' dir='ltr'><strong>αὐτῷ</strong></span> <span class='ocrx_word' id='word_1_481' title='bbox 829 4346 859 4397; x_wconf 82' lang='grc'>6</span> <span class='ocrx_word' id='word_1_482' title='bbox 887 4345 1099 4418; x_wconf 81' lang='grc' dir='ltr'><strong>γέρων·</strong></span> <span class='ocrx_word' id='word_1_483' title='bbox 1145 4346 1269 4401; x_wconf 83' lang='grc' dir='ltr'><strong>Ἐάν</strong></span> <span class='ocrx_word' id='word_1_484' title='bbox 1298 4347 1374 4418; x_wconf 86' lang='grc' dir='ltr'><strong>μὴ</strong></span> <span class='ocrx_word' id='word_1_485' title='bbox 1420 4347 1546 4419; x_wconf 75' lang='grc' dir='ltr'><strong>γίνῃ</strong></span> <span class='ocrx_word' id='word_1_486' title='bbox 1572 4346 1767 4418; x_wconf 57' lang='lat' dir='ltr'><strong>vsxp’a;</strong></span> 
     </span>
    </p>
   </div>
   <div class='ocr_carea' id='block_1_63' title="bbox 175 4434 1496 4512">
    <p class='ocr_par' dir='ltr' id='par_1_63' title="bbox 175 4434 1496 4512">
     <span class='ocr_line' id='line_1_63' title="bbox 175 4434 1496 4512; baseline 0.003 -23"><span class='ocrx_word' id='word_1_487' title='bbox 175 4434 250 4500; x_wconf 78' lang='grc' dir='ltr'><strong>ὡς</strong></span> <span class='ocrx_word' id='word_1_488' title='bbox 282 4437 338 4490; x_wconf 82' lang='lat' dir='ltr'><strong>oi</strong></span> <span class='ocrx_word' id='word_1_489' title='bbox 372 4436 662 4506; x_wconf 84' lang='grc' dir='ltr'><strong>ταφέντες,</strong></span> <span class='ocrx_word' id='word_1_490' title='bbox 691 4438 753 4492; x_wconf 83' lang='grc' dir='ltr'><strong>οὺ</strong></span> <span class='ocrx_word' id='word_1_491' title='bbox 776 4438 1003 4494; x_wconf 84' lang='grc' dir='ltr'><strong>δύνασαι</strong></span> <span class='ocrx_word' id='word_1_492' title='bbox 1026 4438 1159 4494; x_wconf 72' lang='grc' dir='ltr'><strong>αὐτὸ</strong></span> <span class='ocrx_word' id='word_1_493' title='bbox 1182 4444 1496 4512; x_wconf 82' lang='grc' dir='ltr'><strong>κατασχεῖν.</strong></span> 
     </span>
    </p>
   </div>
   <div class='ocr_carea' id='block_1_64' title="bbox 250 4608 1773 4686">
    <p class='ocr_par' dir='ltr' id='par_1_64' title="bbox 250 4608 1773 4686">
     <span class='ocr_line' id='line_1_64' title="bbox 250 4608 1773 4686; baseline 0.002 -20"><span class='ocrx_word' id='word_1_494' title='bbox 250 4611 344 4666; x_wconf 88' lang='grc' dir='ltr'><strong>ιϐ’.</strong></span> <span class='ocrx_word' id='word_1_495' title='bbox 382 4608 553 4666; x_wconf 79' lang='grc' dir='ltr'><strong>Εἶπεν</strong></span> <span class='ocrx_word' id='word_1_496' title='bbox 592 4614 620 4668; x_wconf 82' lang='grc' dir='ltr'><strong>ὁ</strong></span> <span class='ocrx_word' id='word_1_497' title='bbox 646 4613 823 4679; x_wconf 79' lang='grc' dir='ltr'><strong>άϐϐἄς</strong></span> <span class='ocrx_word' id='word_1_498' title='bbox 854 4614 1087 4686; x_wconf 76' lang='grc' dir='ltr'><strong>Ποιμὴν,</strong></span> <span class='ocrx_word' id='word_1_499' title='bbox 1128 4615 1211 4669; x_wconf 84' lang='grc' dir='ltr'><strong>ὅτι</strong></span> <span class='ocrx_word' id='word_1_500' title='bbox 1256 4614 1485 4685; x_wconf 81' lang='grc' dir='ltr'><strong>ἀδελφὸς</strong></span> <span class='ocrx_word' id='word_1_501' title='bbox 1520 4613 1773 4685; x_wconf 69' lang='grc' dir='ltr'><strong>ἠρώτησε</strong></span> 
     </span>
    </p>
   </div>
   <div class='ocr_carea' id='block_1_65' title="bbox 178 4700 1769 4777">
    <p class='ocr_par' dir='ltr' id='par_1_65' title="bbox 178 4700 1769 4777">
     <span class='ocr_line' id='line_1_65' title="bbox 178 4700 1769 4777; baseline 0.003 -24"><span class='ocrx_word' id='word_1_502' title='bbox 178 4701 268 4753; x_wconf 63' lang='grc' dir='ltr'><strong>τον</strong></span> <span class='ocrx_word' id='word_1_503' title='bbox 300 4700 479 4756; x_wconf 75' lang='grc' dir='ltr'><strong>ἅϐϐᾶν</strong></span> <span class='ocrx_word' id='word_1_504' title='bbox 508 4703 772 4767; x_wconf 83' lang='grc' dir='ltr'><strong>Μωῦσέα,</strong></span> <span class='ocrx_word' id='word_1_505' title='bbox 810 4703 948 4775; x_wconf 86' lang='grc' dir='ltr'><strong>ποίῳ</strong></span> <span class='ocrx_word' id='word_1_506' title='bbox 992 4704 1181 4776; x_wconf 84' lang='grc' dir='ltr'><strong>τρόπῳ</strong></span> <span class='ocrx_word' id='word_1_507' title='bbox 1222 4707 1407 4777; x_wconf 84' lang='grc' dir='ltr'><strong>νεκροί</strong></span> <span class='ocrx_word' id='word_1_508' title='bbox 1444 4705 1636 4760; x_wconf 76' lang='grc' dir='ltr'><strong>ἑαυτὸν</strong></span> <span class='ocrx_word' id='word_1_509' title='bbox 1676 4706 1769 4758; x_wconf 81' lang='grc' dir='ltr'><strong>ἄν·</strong></span> 
     </span>
    </p>
   </div>
   <div class='ocr_carea' id='block_1_66' title="bbox 181 4791 1771 4867">
    <p class='ocr_par' dir='ltr' id='par_1_66' title="bbox 181 4791 1771 4867">
     <span class='ocr_line' id='line_1_66' title="bbox 181 4791 1771 4867; baseline 0.003 -24"><span class='ocrx_word' id='word_1_510' title='bbox 181 4791 404 4864; x_wconf 84' lang='grc' dir='ltr'><strong>θρωπος</strong></span> <span class='ocrx_word' id='word_1_511' title='bbox 431 4794 543 4848; x_wconf 81' lang='grc' dir='ltr'><strong>άπὸ</strong></span> <span class='ocrx_word' id='word_1_512' title='bbox 586 4795 683 4849; x_wconf 75' lang='grc' dir='ltr'><strong>τοῦ</strong></span> <span class='ocrx_word' id='word_1_513' title='bbox 718 4796 967 4866; x_wconf 84' lang='grc' dir='ltr'><strong>πλησίον.</strong></span> <span class='ocrx_word' id='word_1_514' title='bbox 998 4797 1111 4851; x_wconf 80' lang='grc' dir='ltr'><strong>Καὶ</strong></span> <span class='ocrx_word' id='word_1_515' title='bbox 1143 4791 1299 4850; x_wconf 77' lang='grc' dir='ltr'><strong>εἶπεν</strong></span> <span class='ocrx_word' id='word_1_516' title='bbox 1339 4795 1491 4865; x_wconf 82' lang='grc' dir='ltr'><strong>αὐτῷ</strong></span> <span class='ocrx_word' id='word_1_517' title='bbox 1535 4796 1564 4848; x_wconf 82' lang='grc' dir='ltr'>ὁ</span> <span class='ocrx_word' id='word_1_518' title='bbox 1592 4795 1771 4867; x_wconf 80' lang='grc' dir='ltr'><strong>γέρων</strong></span> 
     </span>
    </p>
   </div>
   <div class='ocr_carea' id='block_1_67' title="bbox 178 4886 1770 4962">
    <p class='ocr_par' dir='ltr' id='par_1_67' title="bbox 178 4886 1770 4962">
     <span class='ocr_line' id='line_1_67' title="bbox 178 4886 1770 4962; baseline 0.003 -24"><span class='ocrx_word' id='word_1_519' title='bbox 178 4887 286 4951; x_wconf 76' lang='grc' dir='ltr'><strong>ὅτι,</strong></span> <span class='ocrx_word' id='word_1_520' title='bbox 332 4886 458 4941; x_wconf 80' lang='grc' dir='ltr'><strong>Ἐάν</strong></span> <span class='ocrx_word' id='word_1_521' title='bbox 501 4888 579 4960; x_wconf 84' lang='grc' dir='ltr'><strong>μὴ</strong></span> <span class='ocrx_word' id='word_1_522' title='bbox 615 4887 772 4956; x_wconf 80' lang='grc' dir='ltr'><strong>θήσει</strong></span> <span class='ocrx_word' id='word_1_523' title='bbox 823 4888 1109 4962; x_wconf 81' lang='grc' dir='ltr'><strong>ἄνθρωπος</strong></span> <span class='ocrx_word' id='word_1_524' title='bbox 1138 4891 1197 4944; x_wconf 81' lang='grc' dir='ltr'><strong>ὲν</strong></span> <span class='ocrx_word' id='word_1_525' title='bbox 1233 4892 1300 4962; x_wconf 79' lang='grc' dir='ltr'><strong>τῇ</strong></span> <span class='ocrx_word' id='word_1_526' title='bbox 1334 4889 1533 4962; x_wconf 66' lang='grc' dir='ltr'><strong>καρδίᾳ</strong></span> <span class='ocrx_word' id='word_1_527' title='bbox 1579 4889 1770 4955; x_wconf 76' lang='grc' dir='ltr'><strong>αὐτοῦ,</strong></span> 
     </span>
    </p>
   </div>
   <div class='ocr_carea' id='block_1_68' title="bbox 178 4978 1769 5053">
    <p class='ocr_par' dir='ltr' id='par_1_68' title="bbox 178 4978 1769 5053">
     <span class='ocr_line' id='line_1_68' title="bbox 178 4978 1769 5053; baseline 0.001 -21"><span class='ocrx_word' id='word_1_528' title='bbox 178 4978 375 5033; x_wconf 75' lang='grc' dir='ltr'><strong>ἑαυτὸν</strong></span> <span class='ocrx_word' id='word_1_529' title='bbox 406 4979 452 5012; x_wconf 74' lang='grc'><strong>’⁸</strong></span> <span class='ocrx_word' id='word_1_530' title='bbox 486 4979 590 5051; x_wconf 67' lang='grc' dir='ltr'><strong>ἤδη</strong></span> <span class='ocrx_word' id='word_1_531' title='bbox 636 4980 935 5053; x_wconf 83' lang='grc' dir='ltr'><strong>τριήμερον</strong></span> <span class='ocrx_word' id='word_1_532' title='bbox 966 4980 1014 5012; x_wconf 80' lang='grc'>⁷³</span> <span class='ocrx_word' id='word_1_533' title='bbox 1046 4982 1104 5034; x_wconf 76' lang='grc' dir='ltr'><strong>ἐν</strong></span> <span class='ocrx_word' id='word_1_534' title='bbox 1152 4981 1423 5053; x_wconf 81' lang='grc' dir='ltr'><strong>μνημείῳ,</strong></span> <span class='ocrx_word' id='word_1_535' title='bbox 1468 4982 1529 5034; x_wconf 80' lang='grc' dir='ltr'><strong>οὐ</strong></span> <span class='ocrx_word' id='word_1_536' title='bbox 1577 4980 1769 5050; x_wconf 81' lang='grc' dir='ltr'><strong>φθάνει</strong></span> 
     </span>
    </p>
   </div>
   <div class='ocr_carea' id='block_1_69' title="bbox 180 5072 1633 5149">
    <p class='ocr_par' dir='ltr' id='par_1_69' title="bbox 180 5072 1633 5149">
     <span class='ocr_line' id='line_1_69' title="bbox 180 5072 1633 5149; baseline 0.001 -24"><span class='ocrx_word' id='word_1_537' title='bbox 180 5074 257 5136; x_wconf 82' lang='grc' dir='ltr'><strong>είς</strong></span> <span class='ocrx_word' id='word_1_538' title='bbox 284 5072 381 5126; x_wconf 71' lang='grc' dir='ltr'><strong>τὸν</strong></span> <span class='ocrx_word' id='word_1_539' title='bbox 413 5072 575 5142; x_wconf 81' lang='grc' dir='ltr'><strong>λόγον</strong></span> <span class='ocrx_word' id='word_1_540' title='bbox 598 5072 812 5129; x_wconf 85' lang='grc' dir='ltr'><strong>τοῦτον.</strong></span> <span class='ocrx_word' id='word_1_541' title='bbox 1628 5144 1633 5149; x_wconf 26' lang='lat'><strong><em>‘</em></strong></span> 
     </span>
    </p>
   </div>
   <div class='ocr_carea' id='block_1_70' title="bbox 249 5164 1766 5237">
    <p class='ocr_par' dir='ltr' id='par_1_70' title="bbox 249 5164 1766 5237">
     <span class='ocr_line' id='line_1_70' title="bbox 249 5164 1766 5237; baseline 0.001 -19"><span class='ocrx_word' id='word_1_542' title='bbox 249 5172 343 5234; x_wconf 76' lang='grc' dir='ltr'><strong>ιγ’.</strong></span> <span class='ocrx_word' id='word_1_543' title='bbox 382 5165 611 5235; x_wconf 87' lang='grc' dir='ltr'><strong>Ἔλεγον</strong></span> <span class='ocrx_word' id='word_1_544' title='bbox 650 5166 781 5236; x_wconf 70' lang='grc' dir='ltr'><strong>περὶ</strong></span> <span class='ocrx_word' id='word_1_545' title='bbox 808 5164 904 5219; x_wconf 82' lang='grc' dir='ltr'><strong>τοῦ</strong></span> <span class='ocrx_word' id='word_1_546' title='bbox 946 5165 1093 5220; x_wconf 81' lang='grc' dir='ltr'><strong>άϐϐᾶ</strong></span> <span class='ocrx_word' id='word_1_547' title='bbox 1120 5165 1398 5231; x_wconf 81' lang='grc' dir='ltr'><strong>Μωῦσέως</strong></span> <span class='ocrx_word' id='word_1_548' title='bbox 1424 5168 1505 5231; x_wconf 80' lang='grc' dir='ltr'><strong>είς</strong></span> <span class='ocrx_word' id='word_1_549' title='bbox 1544 5165 1766 5237; x_wconf 83' lang='grc' dir='ltr'><strong>Σκῆτιν,</strong></span> 
     </span>
    </p>
   </div>
   <div class='ocr_carea' id='block_1_71' title="bbox 178 5256 1768 5331">
    <p class='ocr_par' dir='ltr' id='par_1_71' title="bbox 178 5256 1768 5331">
     <span class='ocr_line' id='line_1_71' title="bbox 178 5256 1768 5331; baseline 0.001 -21"><span class='ocrx_word' id='word_1_550' title='bbox 178 5256 260 5311; x_wconf 75' lang='grc' dir='ltr'><strong>ὅτι</strong></span> <span class='ocrx_word' id='word_1_551' title='bbox 289 5256 371 5320; x_wconf 83' lang='grc' dir='ltr'><strong>ὡς</strong></span> <span class='ocrx_word' id='word_1_552' title='bbox 417 5257 661 5327; x_wconf 67' lang='grc' dir='ltr'><strong>ἤμελλεν</strong></span> <span class='ocrx_word' id='word_1_553' title='bbox 694 5256 871 5311; x_wconf 73' lang='grc' dir='ltr'><strong>ἐλθεῖν</strong></span> <span class='ocrx_word' id='word_1_554' title='bbox 920 5260 1001 5322; x_wconf 78' lang='grc' dir='ltr'><strong>είς</strong></span> <span class='ocrx_word' id='word_1_555' title='bbox 1049 5258 1149 5329; x_wconf 85' lang='grc' dir='ltr'><strong>τὴν</strong></span> <span class='ocrx_word' id='word_1_556' title='bbox 1197 5258 1434 5331; x_wconf 86' lang='grc' dir='ltr'><strong>Πέτραν,</strong></span> <span class='ocrx_word' id='word_1_557' title='bbox 1473 5258 1768 5313; x_wconf 73' lang='grc' dir='ltr'><strong>ἐκοπίασεν</strong></span> 
     </span>
    </p>
   </div>
   <div class='ocr_carea' id='block_1_72' title="bbox 184 5348 1768 5425">
    <p class='ocr_par' dir='ltr' id='par_1_72' title="bbox 184 5348 1768 5425">
     <span class='ocr_line' id='line_1_72' title="bbox 184 5348 1768 5425; baseline 0.002 -23"><span class='ocrx_word' id='word_1_558' title='bbox 184 5348 380 5403; x_wconf 58' lang='lat' dir='ltr'><strong>“etiam;</strong></span> <span class='ocrx_word' id='word_1_559' title='bbox 402 5366 417 5381; x_wconf 72' lang='lat'><strong>&#39;</strong></span> <span class='ocrx_word' id='word_1_560' title='bbox 447 5351 544 5404; x_wconf 74' lang='grc' dir='ltr'><strong>καὶ</strong></span> <span class='ocrx_word' id='word_1_561' title='bbox 572 5349 762 5420; x_wconf 82' lang='grc' dir='ltr'><strong>ἔλεγεν</strong></span> <span class='ocrx_word' id='word_1_562' title='bbox 793 5353 852 5406; x_wconf 80' lang='grc' dir='ltr'><strong>έν</strong></span> <span class='ocrx_word' id='word_1_563' title='bbox 882 5351 1058 5424; x_wconf 80' lang='grc' dir='ltr'><strong>ἑαυτῷ</strong></span> <span class='ocrx_word' id='word_1_564' title='bbox 1083 5368 1097 5383; x_wconf 70' lang='grc'><strong><em>⁸</em></strong></span> <span class='ocrx_word' id='word_1_565' title='bbox 1128 5351 1254 5417; x_wconf 84' lang='grc' dir='ltr'><strong>Πῶς</strong></span> <span class='ocrx_word' id='word_1_566' title='bbox 1278 5352 1512 5425; x_wconf 71' lang='grc' dir='ltr'><strong>δύναμαι</strong></span> <span class='ocrx_word' id='word_1_567' title='bbox 1541 5352 1602 5406; x_wconf 73' lang='grc' dir='ltr'><strong>τὸ</strong></span> <span class='ocrx_word' id='word_1_568' title='bbox 1625 5352 1768 5425; x_wconf 78' lang='grc' dir='ltr'><strong>ὕδωρ</strong></span> 
     </span>
    </p>
   </div>
   <div class='ocr_carea' id='block_1_73' title="bbox 234 5514 1552 5590">
    <p class='ocr_par' dir='ltr' id='par_1_73' title="bbox 234 5514 1552 5590">
     <span class='ocr_line' id='line_1_73' title="bbox 234 5514 1552 5590; baseline 0.002 -21"><span class='ocrx_word' id='word_1_569' title='bbox 234 5515 286 5548; x_wconf 76' lang='grc'><strong>’⁸</strong></span> <span class='ocrx_word' id='word_1_570' title='bbox 327 5515 411 5570; x_wconf 83' lang='grc' dir='ltr'><strong>ΑΙ.</strong></span> <span class='ocrx_word' id='word_1_571' title='bbox 441 5514 798 5571; x_wconf 76' lang='grc' dir='ltr'><strong>ἀπολοῦνται.</strong></span> <span class='ocrx_word' id='word_1_572' title='bbox 875 5518 917 5548; x_wconf 87' lang='grc'><strong>⁷¹</strong></span> <span class='ocrx_word' id='word_1_573' title='bbox 948 5517 1031 5572; x_wconf 80' lang='lat' dir='ltr'><strong>Al.</strong></span> <span class='ocrx_word' id='word_1_574' title='bbox 1071 5515 1241 5573; x_wconf 86' lang='lat' dir='ltr'><strong>inscr.</strong></span> <span class='ocrx_word' id='word_1_575' title='bbox 1272 5516 1552 5590; x_wconf 77' lang='grc' dir='ltr'><strong>φοϐηθείς.</strong></span> 
     </span>
    </p>
   </div>
   <div class='ocr_carea' id='block_1_74' title="bbox 254 5672 995 5740">
    <p class='ocr_par' dir='ltr' id='par_1_74' title="bbox 254 5672 995 5740">
     <span class='ocr_line' id='line_1_74' title="bbox 254 5672 995 5740; baseline -0.009 -7"><span class='ocrx_word' id='word_1_576' title='bbox 254 5672 372 5740; x_wconf 67' lang='grc'><strong>(23)</strong></span> <span class='ocrx_word' id='word_1_577' title='bbox 415 5673 523 5727; x_wconf 73' lang='grc' dir='ltr'><strong>νει.</strong></span> <span class='ocrx_word' id='word_1_578' title='bbox 567 5674 718 5729; x_wconf 79' lang='lat' dir='ltr'><strong>Patr.</strong></span> <span class='ocrx_word' id='word_1_579' title='bbox 755 5690 872 5737; x_wconf 78' lang='lat' dir='ltr'><strong>VIII,</strong></span> <span class='ocrx_word' id='word_1_580' title='bbox 910 5673 995 5727; x_wconf 83' lang='lat' dir='ltr'><strong>l0.</strong></span> 
     </span>
    </p>
   </div>
   <div class='ocr_carea' id='block_1_75' title="bbox 254 5743 1005 5813">
    <p class='ocr_par' dir='ltr' id='par_1_75' title="bbox 254 5743 1005 5813">
     <span class='ocr_line' id='line_1_75' title="bbox 254 5743 1005 5813; baseline 0.007 -17"><span class='ocrx_word' id='word_1_581' title='bbox 254 5745 370 5813; x_wconf 64' lang='grc' dir='ltr'><strong>(ω)</strong></span> <span class='ocrx_word' id='word_1_582' title='bbox 413 5743 523 5797; x_wconf 68' lang='lat' dir='ltr'><strong>Vit.</strong></span> <span class='ocrx_word' id='word_1_583' title='bbox 556 5744 708 5800; x_wconf 80' lang='lat' dir='ltr'><strong>Patr.</strong></span> <span class='ocrx_word' id='word_1_584' title='bbox 738 5761 890 5811; x_wconf 77' lang='grc' dir='ltr'><strong>ινιιι,</strong></span> <span class='ocrx_word' id='word_1_585' title='bbox 920 5745 1005 5801; x_wconf 78' lang='grc'><strong>15.</strong></span> 
     </span>
    </p>
   </div>
   <div class='ocr_carea' id='block_1_76' title="bbox 1641 5515 2486 5589">
    <p class='ocr_par' dir='ltr' id='par_1_76' title="bbox 1641 5515 2486 5589">
     <span class='ocr_line' id='line_1_76' title="bbox 1641 5515 2486 5589; baseline -0.004 -16"><span class='ocrx_word' id='word_1_586' title='bbox 1641 5519 1686 5552; x_wconf 84' lang='grc'><strong>⁷¹</strong></span> <span class='ocrx_word' id='word_1_587' title='bbox 1706 5518 1793 5576; x_wconf 83' lang='lat' dir='ltr'><strong>Al.</strong></span> <span class='ocrx_word' id='word_1_588' title='bbox 1825 5517 1989 5589; x_wconf 73' lang='grc' dir='ltr'><strong>ἔχειν.</strong></span> <span class='ocrx_word' id='word_1_589' title='bbox 2024 5517 2072 5548; x_wconf 83' lang='grc'>⁷³</span> <span class='ocrx_word' id='word_1_590' title='bbox 2101 5516 2187 5572; x_wconf 84' lang='lat' dir='ltr'><strong>Al.</strong></span> <span class='ocrx_word' id='word_1_591' title='bbox 2210 5515 2337 5588; x_wconf 85' lang='grc' dir='ltr'><strong>τρία</strong></span> <span class='ocrx_word' id='word_1_592' title='bbox 2370 5515 2486 5587; x_wconf 76' lang='grc' dir='ltr'><strong>ἔτη.</strong></span> 
     </span>
    </p>
   </div>
   <div class='ocr_carea' id='block_1_77' title="bbox 1870 1855 3454 1927">
    <p class='ocr_par' dir='ltr' id='par_1_77' title="bbox 1870 1855 3454 1927">
     <span class='ocr_line' id='line_1_77' title="bbox 1870 1855 3454 1927; baseline 0.003 -18"><span class='ocrx_word' id='word_1_593' title='bbox 1870 1856 1966 1927; x_wconf 91' lang='lat' dir='ltr'><strong>qui</strong></span> <span class='ocrx_word' id='word_1_594' title='bbox 1988 1855 2104 1910; x_wconf 78' lang='lat' dir='ltr'><strong>haec</strong></span> <span class='ocrx_word' id='word_1_595' title='bbox 2142 1856 2372 1927; x_wconf 89' lang='lat' dir='ltr'><strong>protulit</strong></span> <span class='ocrx_word' id='word_1_596' title='bbox 2421 1858 2688 1913; x_wconf 85' lang='lat' dir='ltr'><strong>adversus</strong></span> <span class='ocrx_word' id='word_1_597' title='bbox 2740 1858 3040 1914; x_wconf 84' lang='lat' dir='ltr'><strong>sanctum?</strong></span> <span class='ocrx_word' id='word_1_598' title='bbox 3073 1856 3153 1913; x_wconf 90' lang='lat' dir='ltr'><strong>llli</strong></span> <span class='ocrx_word' id='word_1_599' title='bbox 3189 1878 3202 1913; x_wconf 90' lang='lat'><strong>:</strong></span> <span class='ocrx_word' id='word_1_600' title='bbox 3252 1856 3454 1923; x_wconf 79' lang='lat' dir='ltr'><strong>Senex,</strong></span> 
     </span>
    </p>
   </div>
   <div class='ocr_carea' id='block_1_78' title="bbox 1869 1945 3455 2019">
    <p class='ocr_par' dir='ltr' id='par_1_78' title="bbox 1869 1945 3455 2019">
     <span class='ocr_line' id='line_1_78' title="bbox 1869 1945 3455 2019; baseline 0.002 -18"><span class='ocrx_word' id='word_1_601' title='bbox 1869 1945 2070 2002; x_wconf 90' lang='lat' dir='ltr'><strong>detrita</strong></span> <span class='ocrx_word' id='word_1_602' title='bbox 2099 1953 2270 2012; x_wconf 82' lang='lat' dir='ltr'><strong>veste,</strong></span> <span class='ocrx_word' id='word_1_603' title='bbox 2300 1946 2498 2018; x_wconf 87' lang='lat' dir='ltr'><strong>longus</strong></span> <span class='ocrx_word' id='word_1_604' title='bbox 2524 1956 2584 2003; x_wconf 91' lang='lat' dir='ltr'><strong>et</strong></span> <span class='ocrx_word' id='word_1_605' title='bbox 2609 1948 2786 2018; x_wconf 82' lang='lat' dir='ltr'><strong>niger.</strong></span> <span class='ocrx_word' id='word_1_606' title='bbox 2812 1947 2971 2005; x_wconf 88' lang='lat' dir='ltr'><strong>Tunc</strong></span> <span class='ocrx_word' id='word_1_607' title='bbox 3001 1949 3189 2005; x_wconf 89' lang='lat' dir='ltr'><strong>clerici</strong></span> <span class='ocrx_word' id='word_1_608' title='bbox 3213 1968 3227 2005; x_wconf 93' lang='lat'><strong>:</strong></span> <span class='ocrx_word' id='word_1_609' title='bbox 3257 1949 3309 2004; x_wconf 87' lang='lat' dir='ltr'><strong>Is</strong></span> <span class='ocrx_word' id='word_1_610' title='bbox 3336 1950 3455 2019; x_wconf 87' lang='lat' dir='ltr'><strong>ipse</strong></span> 
     </span>
    </p>
   </div>
   <div class='ocr_carea' id='block_1_79' title="bbox 1869 2036 3455 2112">
    <p class='ocr_par' dir='ltr' id='par_1_79' title="bbox 1869 2036 3455 2112">
     <span class='ocr_line' id='line_1_79' title="bbox 1869 2036 3455 2112; baseline 0.002 -19"><span class='ocrx_word' id='word_1_611' title='bbox 1869 2048 1953 2095; x_wconf 90' lang='lat' dir='ltr'><strong>est</strong></span> <span class='ocrx_word' id='word_1_612' title='bbox 1976 2036 2149 2096; x_wconf 89' lang='lat' dir='ltr'><strong>abbas</strong></span> <span class='ocrx_word' id='word_1_613' title='bbox 2179 2037 2431 2110; x_wconf 75' lang='lat' dir='ltr'><strong>Moyses;</strong></span> <span class='ocrx_word' id='word_1_614' title='bbox 2454 2040 2549 2110; x_wconf 88' lang='lat' dir='ltr'><strong>qui</strong></span> <span class='ocrx_word' id='word_1_615' title='bbox 2579 2056 2648 2096; x_wconf 93' lang='lat' dir='ltr'><strong>ne</strong></span> <span class='ocrx_word' id='word_1_616' title='bbox 2677 2041 2961 2097; x_wconf 76' lang='lat' dir='ltr'><strong>vobiscum</strong></span> <span class='ocrx_word' id='word_1_617' title='bbox 2995 2041 3455 2112; x_wconf 71' lang='lat' dir='ltr'><strong>congrederetur.</strong></span> 
     </span>
    </p>
   </div>
   <div class='ocr_carea' id='block_1_80' title="bbox 1870 2129 3458 2209">
    <p class='ocr_par' dir='ltr' id='par_1_80' title="bbox 1870 2129 3458 2209">
     <span class='ocr_line' id='line_1_80' title="bbox 1870 2129 3458 2209; baseline 0.004 -27"><span class='ocrx_word' id='word_1_618' title='bbox 1870 2129 1972 2184; x_wconf 85' lang='lat' dir='ltr'><strong>ista</strong></span> <span class='ocrx_word' id='word_1_619' title='bbox 2004 2130 2323 2199; x_wconf 85' lang='lat' dir='ltr'><strong>prolocutus</strong></span> <span class='ocrx_word' id='word_1_620' title='bbox 2353 2138 2458 2187; x_wconf 88' lang='lat' dir='ltr'><strong>est.</strong></span> <span class='ocrx_word' id='word_1_621' title='bbox 2493 2130 2695 2187; x_wconf 73' lang='lat' dir='ltr'><strong>[lector</strong></span> <span class='ocrx_word' id='word_1_622' title='bbox 2724 2147 2850 2188; x_wconf 90' lang='lat' dir='ltr'><strong>cum</strong></span> <span class='ocrx_word' id='word_1_623' title='bbox 2876 2146 3074 2204; x_wconf 88' lang='lat' dir='ltr'><strong>magno</strong></span> <span class='ocrx_word' id='word_1_624' title='bbox 3103 2133 3299 2209; x_wconf 58' lang='lat' dir='ltr'><strong>anima</strong></span> <span class='ocrx_word' id='word_1_625' title='bbox 3326 2148 3458 2204; x_wconf 84' lang='lat' dir='ltr'><strong>pro-</strong></span> 
     </span>
    </p>
   </div>
   <div class='ocr_carea' id='block_1_81' title="bbox 1869 2223 2375 2292">
    <p class='ocr_par' dir='ltr' id='par_1_81' title="bbox 1869 2223 2375 2292">
     <span class='ocr_line' id='line_1_81' title="bbox 1869 2223 2375 2292; baseline 0.004 -19"><span class='ocrx_word' id='word_1_626' title='bbox 1869 2235 2062 2292; x_wconf 86' lang='lat' dir='ltr'><strong>gressu</strong></span> <span class='ocrx_word' id='word_1_627' title='bbox 2097 2223 2375 2278; x_wconf 89' lang='lat' dir='ltr'><strong>discessit.</strong></span> 
     </span>
    </p>
   </div>
   <div class='ocr_carea' id='block_1_82' title="bbox 1941 2330 3459 2404">
    <p class='ocr_par' dir='ltr' id='par_1_82' title="bbox 1941 2330 3459 2404">
     <span class='ocr_line' id='line_1_82' title="bbox 1941 2330 3459 2404; baseline 0.003 -18"><span class='ocrx_word' id='word_1_628' title='bbox 1941 2331 1994 2387; x_wconf 89' lang='lat'><strong>9.</strong></span> <span class='ocrx_word' id='word_1_629' title='bbox 2038 2331 2154 2404; x_wconf 68' lang='lat'><strong>(26)</strong></span> <span class='ocrx_word' id='word_1_630' title='bbox 2186 2330 2409 2388; x_wconf 88' lang='lat' dir='ltr'><strong>Dicebat</strong></span> <span class='ocrx_word' id='word_1_631' title='bbox 2450 2332 2621 2389; x_wconf 89' lang='lat' dir='ltr'><strong>abbas</strong></span> <span class='ocrx_word' id='word_1_632' title='bbox 2666 2331 2879 2404; x_wconf 77' lang='lat' dir='ltr'><strong>Moyses</strong></span> <span class='ocrx_word' id='word_1_633' title='bbox 2929 2333 2984 2388; x_wconf 91' lang='lat' dir='ltr'><strong>in</strong></span> <span class='ocrx_word' id='word_1_634' title='bbox 3021 2333 3168 2390; x_wconf 88' lang='lat' dir='ltr'><strong>Sceti</strong></span> <span class='ocrx_word' id='word_1_635' title='bbox 3203 2353 3218 2390; x_wconf 92' lang='lat'><strong>:</strong></span> <span class='ocrx_word' id='word_1_636' title='bbox 3252 2332 3312 2390; x_wconf 90' lang='lat' dir='ltr'><strong>Si</strong></span> <span class='ocrx_word' id='word_1_637' title='bbox 3352 2348 3459 2391; x_wconf 87' lang='lat' dir='ltr'><strong>cu-</strong></span> 
     </span>
    </p>
   </div>
   <div class='ocr_carea' id='block_1_83' title="bbox 1874 2419 3450 2496">
    <p class='ocr_par' dir='ltr' id='par_1_83' title="bbox 1874 2419 3450 2496">
     <span class='ocr_line' id='line_1_83' title="bbox 1874 2419 3450 2496; baseline 0.002 -18"><span class='ocrx_word' id='word_1_638' title='bbox 1874 2421 2232 2478; x_wconf 83' lang='lat' dir='ltr'><strong>stodierimus</strong></span> <span class='ocrx_word' id='word_1_639' title='bbox 2284 2422 2541 2478; x_wconf 79' lang='lat' dir='ltr'><strong>mandata</strong></span> <span class='ocrx_word' id='word_1_640' title='bbox 2580 2419 2805 2476; x_wconf 83' lang='lat' dir='ltr'><strong>Patrum</strong></span> <span class='ocrx_word' id='word_1_641' title='bbox 2854 2429 3191 2488; x_wconf 88' lang='lat' dir='ltr'><strong>nostrorum,</strong></span> <span class='ocrx_word' id='word_1_642' title='bbox 3233 2439 3335 2496; x_wconf 90' lang='lat' dir='ltr'><strong>ego</strong></span> <span class='ocrx_word' id='word_1_643' title='bbox 3376 2423 3450 2482; x_wconf 87' lang='lat' dir='ltr'><strong>de</strong></span> 
     </span>
    </p>
   </div>
   <div class='ocr_carea' id='block_1_84' title="bbox 1871 2512 3451 2587">
    <p class='ocr_par' dir='ltr' id='par_1_84' title="bbox 1871 2512 3451 2587">
     <span class='ocr_line' id='line_1_84' title="bbox 1871 2512 3451 2587; baseline 0.003 -17"><span class='ocrx_word' id='word_1_644' title='bbox 1871 2512 1981 2570; x_wconf 82' lang='lat' dir='ltr'><strong>Deo</strong></span> <span class='ocrx_word' id='word_1_645' title='bbox 2008 2514 2161 2569; x_wconf 84' lang='lat' dir='ltr'><strong>vobis</strong></span> <span class='ocrx_word' id='word_1_646' title='bbox 2188 2514 2453 2585; x_wconf 82' lang='lat' dir='ltr'><strong>spondeo,</strong></span> <span class='ocrx_word' id='word_1_647' title='bbox 2485 2514 2594 2569; x_wconf 82' lang='lat' dir='ltr'><strong>huc</strong></span> <span class='ocrx_word' id='word_1_648' title='bbox 2634 2513 2903 2570; x_wconf 87' lang='lat' dir='ltr'><strong>barbaros</strong></span> <span class='ocrx_word' id='word_1_649' title='bbox 2934 2530 3284 2587; x_wconf 81' lang='lat' dir='ltr'><strong>nequaquam</strong></span> <span class='ocrx_word' id='word_1_650' title='bbox 3316 2533 3451 2574; x_wconf 83' lang='lat' dir='ltr'><strong>ven-</strong></span> 
     </span>
    </p>
   </div>
   <div class='ocr_carea' id='block_1_85' title="bbox 1870 2606 3451 2673">
    <p class='ocr_par' dir='ltr' id='par_1_85' title="bbox 1870 2606 3451 2673">
     <span class='ocr_line' id='line_1_85' title="bbox 1870 2606 3451 2673; baseline 0.002 -12"><span class='ocrx_word' id='word_1_651' title='bbox 1870 2615 2042 2661; x_wconf 90' lang='lat' dir='ltr'><strong>turos.</strong></span> <span class='ocrx_word' id='word_1_652' title='bbox 2084 2606 2241 2671; x_wconf 89' lang='lat' dir='ltr'><strong>Quod</strong></span> <span class='ocrx_word' id='word_1_653' title='bbox 2271 2607 2317 2661; x_wconf 91' lang='lat' dir='ltr'><strong>si</strong></span> <span class='ocrx_word' id='word_1_654' title='bbox 2357 2621 2466 2661; x_wconf 90' lang='lat' dir='ltr'><strong>non</strong></span> <span class='ocrx_word' id='word_1_655' title='bbox 2514 2607 2938 2673; x_wconf 83' lang='lat' dir='ltr'><strong>servaverimus,</strong></span> <span class='ocrx_word' id='word_1_656' title='bbox 2971 2608 3078 2664; x_wconf 90' lang='lat' dir='ltr'><strong>iste</strong></span> <span class='ocrx_word' id='word_1_657' title='bbox 3114 2608 3269 2666; x_wconf 88' lang='lat' dir='ltr'><strong>locus</strong></span> <span class='ocrx_word' id='word_1_658' title='bbox 3299 2609 3451 2666; x_wconf 64' lang='lat' dir='ltr'><strong>dera.</strong></span> 
     </span>
    </p>
   </div>
   <div class='ocr_carea' id='block_1_86' title="bbox 1872 2695 2131 2751">
    <p class='ocr_par' dir='ltr' id='par_1_86' title="bbox 1872 2695 2131 2751">
     <span class='ocr_line' id='line_1_86' title="bbox 1872 2695 2131 2751; baseline -0.008 0"><span class='ocrx_word' id='word_1_659' title='bbox 1872 2695 2131 2751; x_wconf 88' lang='lat' dir='ltr'><strong>stabitur.</strong></span> 
     </span>
    </p>
   </div>
   <div class='ocr_carea' id='block_1_87' title="bbox 1944 2785 3460 2859">
    <p class='ocr_par' dir='ltr' id='par_1_87' title="bbox 1944 2785 3460 2859">
     <span class='ocr_line' id='line_1_87' title="bbox 1944 2785 3460 2859; baseline 0.003 -18"><span class='ocrx_word' id='word_1_660' title='bbox 1944 2787 2028 2841; x_wconf 80' lang='grc'><strong>10.</strong></span> <span class='ocrx_word' id='word_1_661' title='bbox 2074 2787 2187 2858; x_wconf 71' lang='grc'><strong>(27)</strong></span> <span class='ocrx_word' id='word_1_662' title='bbox 2240 2785 2568 2843; x_wconf 89' lang='lat' dir='ltr'><strong>Sedentibus</strong></span> <span class='ocrx_word' id='word_1_663' title='bbox 2614 2795 2796 2842; x_wconf 89' lang='lat' dir='ltr'><strong>autem</strong></span> <span class='ocrx_word' id='word_1_664' title='bbox 2850 2788 3146 2859; x_wconf 86' lang='lat' dir='ltr'><strong>aliquando</strong></span> <span class='ocrx_word' id='word_1_665' title='bbox 3191 2788 3460 2845; x_wconf 73' lang='lat' dir='ltr'><strong>fratribus</strong></span> 
     </span>
    </p>
   </div>
   <div class='ocr_carea' id='block_1_88' title="bbox 1869 2878 3460 2950">
    <p class='ocr_par' dir='ltr' id='par_1_88' title="bbox 1869 2878 3460 2950">
     <span class='ocr_line' id='line_1_88' title="bbox 1869 2878 3460 2950; baseline -0.002 -13"><span class='ocrx_word' id='word_1_666' title='bbox 1869 2879 2016 2950; x_wconf 79' lang='lat' dir='ltr'><strong>apud</strong></span> <span class='ocrx_word' id='word_1_667' title='bbox 2038 2895 2188 2941; x_wconf 89' lang='lat' dir='ltr'><strong>eum.</strong></span> <span class='ocrx_word' id='word_1_668' title='bbox 2237 2879 2565 2950; x_wconf 85' lang='lat' dir='ltr'><strong>significavit</strong></span> <span class='ocrx_word' id='word_1_669' title='bbox 2615 2880 2762 2936; x_wconf 89' lang='lat' dir='ltr'><strong>illis:</strong></span> <span class='ocrx_word' id='word_1_670' title='bbox 2800 2878 2880 2935; x_wconf 79' lang='lat' dir='ltr'><strong>En</strong></span> <span class='ocrx_word' id='word_1_671' title='bbox 2925 2880 3089 2936; x_wconf 85' lang='lat' dir='ltr'><strong>hodie</strong></span> <span class='ocrx_word' id='word_1_672' title='bbox 3125 2878 3349 2935; x_wconf 89' lang='lat' dir='ltr'><strong>barbari</strong></span> <span class='ocrx_word' id='word_1_673' title='bbox 3398 2882 3460 2935; x_wconf 90' lang='lat' dir='ltr'><strong>in</strong></span> 
     </span>
    </p>
   </div>
   <div class='ocr_carea' id='block_1_89' title="bbox 1876 2969 3460 3043">
    <p class='ocr_par' dir='ltr' id='par_1_89' title="bbox 1876 2969 3460 3043">
     <span class='ocr_line' id='line_1_89' title="bbox 1876 2969 3460 3043; baseline 0 -15"><span class='ocrx_word' id='word_1_674' title='bbox 1876 2972 2084 3030; x_wconf 89' lang='lat' dir='ltr'><strong>Scetim</strong></span> <span class='ocrx_word' id='word_1_675' title='bbox 2114 2972 2329 3027; x_wconf 87' lang='lat' dir='ltr'><strong>venturi</strong></span> <span class='ocrx_word' id='word_1_676' title='bbox 2357 2981 2525 3041; x_wconf 86' lang='lat' dir='ltr'><strong>sunt;</strong></span> <span class='ocrx_word' id='word_1_677' title='bbox 2555 2972 2654 3028; x_wconf 90' lang='lat' dir='ltr'><strong>sed</strong></span> <span class='ocrx_word' id='word_1_678' title='bbox 2688 2971 2897 3042; x_wconf 88' lang='lat' dir='ltr'><strong>surgite</strong></span> <span class='ocrx_word' id='word_1_679' title='bbox 2931 2986 3002 3029; x_wconf 91' lang='lat' dir='ltr'><strong>ac</strong></span> <span class='ocrx_word' id='word_1_680' title='bbox 3035 2969 3228 3043; x_wconf 86' lang='lat' dir='ltr'><strong>fugite.</strong></span> <span class='ocrx_word' id='word_1_681' title='bbox 3259 2969 3460 3028; x_wconf 90' lang='lat' dir='ltr'><strong>Dicunt</strong></span> 
     </span>
    </p>
   </div>
   <div class='ocr_carea' id='block_1_90' title="bbox 1871 3061 3458 3135">
    <p class='ocr_par' dir='ltr' id='par_1_90' title="bbox 1871 3061 3458 3135">
     <span class='ocr_line' id='line_1_90' title="bbox 1871 3061 3458 3135; baseline 0.001 -16"><span class='ocrx_word' id='word_1_682' title='bbox 1871 3066 1922 3119; x_wconf 91' lang='lat' dir='ltr'><strong>ei</strong></span> <span class='ocrx_word' id='word_1_683' title='bbox 1953 3080 1968 3117; x_wconf 94' lang='lat'><strong>:</strong></span> <span class='ocrx_word' id='word_1_684' title='bbox 1998 3061 2087 3118; x_wconf 90' lang='lat' dir='ltr'><strong>Tu</strong></span> <span class='ocrx_word' id='word_1_685' title='bbox 2135 3077 2269 3134; x_wconf 86' lang='lat' dir='ltr'><strong>ergo</strong></span> <span class='ocrx_word' id='word_1_686' title='bbox 2308 3076 2417 3118; x_wconf 92' lang='lat' dir='ltr'><strong>non</strong></span> <span class='ocrx_word' id='word_1_687' title='bbox 2474 3062 2639 3133; x_wconf 89' lang='lat' dir='ltr'><strong>fugis,</strong></span> <span class='ocrx_word' id='word_1_688' title='bbox 2686 3062 2862 3118; x_wconf 81' lang='lat' dir='ltr'><strong>abba?</strong></span> <span class='ocrx_word' id='word_1_689' title='bbox 2889 3061 3238 3135; x_wconf 79' lang='lat' dir='ltr'><strong>Respondit:</strong></span> <span class='ocrx_word' id='word_1_690' title='bbox 3272 3063 3384 3135; x_wconf 82' lang='lat' dir='ltr'><strong>Ego</strong></span> <span class='ocrx_word' id='word_1_691' title='bbox 3425 3081 3458 3121; x_wconf 93' lang='lat' dir='ltr'><strong>a</strong></span> 
     </span>
    </p>
   </div>
   <div class='ocr_carea' id='block_1_91' title="bbox 1875 3154 3462 3229">
    <p class='ocr_par' dir='ltr' id='par_1_91' title="bbox 1875 3154 3462 3229">
     <span class='ocr_line' id='line_1_91' title="bbox 1875 3154 3462 3229; baseline 0.004 -19"><span class='ocrx_word' id='word_1_692' title='bbox 1875 3164 1957 3211; x_wconf 85' lang='lat' dir='ltr'><strong>tot</strong></span> <span class='ocrx_word' id='word_1_693' title='bbox 2002 3155 2164 3211; x_wconf 89' lang='lat' dir='ltr'><strong>annis</strong></span> <span class='ocrx_word' id='word_1_694' title='bbox 2194 3167 2454 3225; x_wconf 75' lang='lat' dir='ltr'><strong>exspecw</strong></span> <span class='ocrx_word' id='word_1_695' title='bbox 2481 3155 2625 3211; x_wconf 81' lang='lat' dir='ltr'><strong>diem</strong></span> <span class='ocrx_word' id='word_1_696' title='bbox 2662 3154 2830 3223; x_wconf 83' lang='lat' dir='ltr'><strong>hunc,</strong></span> <span class='ocrx_word' id='word_1_697' title='bbox 2858 3163 2919 3210; x_wconf 93' lang='lat' dir='ltr'><strong>ut</strong></span> <span class='ocrx_word' id='word_1_698' title='bbox 2953 3158 3295 3229; x_wconf 87' lang='lat' dir='ltr'><strong>compleatur</strong></span> <span class='ocrx_word' id='word_1_699' title='bbox 3353 3157 3462 3216; x_wconf 74' lang='lat' dir='ltr'><strong>iste</strong></span> 
     </span>
    </p>
   </div>
   <div class='ocr_carea' id='block_1_92' title="bbox 1869 3246 3464 3323">
    <p class='ocr_par' dir='ltr' id='par_1_92' title="bbox 1869 3246 3464 3323">
     <span class='ocr_line' id='line_1_92' title="bbox 1869 3246 3464 3323; baseline 0.001 -19"><span class='ocrx_word' id='word_1_700' title='bbox 1869 3263 2053 3305; x_wconf 85' lang='lat' dir='ltr'><strong>sermo</strong></span> <span class='ocrx_word' id='word_1_701' title='bbox 2108 3246 2324 3305; x_wconf 87' lang='lat' dir='ltr'><strong>Domini</strong></span> <span class='ocrx_word' id='word_1_702' title='bbox 2367 3247 2574 3306; x_wconf 83' lang='lat' dir='ltr'><strong>Christi</strong></span> <span class='ocrx_word' id='word_1_703' title='bbox 2604 3267 2618 3303; x_wconf 91' lang='lat'><strong>:</strong></span> <span class='ocrx_word' id='word_1_704' title='bbox 2655 3246 2849 3305; x_wconf 77' lang='lat' dir='ltr'><strong>Omnes</strong></span> <span class='ocrx_word' id='word_1_705' title='bbox 2870 3250 2960 3321; x_wconf 82' lang='lat' dir='ltr'><strong>qui</strong></span> <span class='ocrx_word' id='word_1_706' title='bbox 2998 3250 3295 3320; x_wconf 75' lang='lat' dir='ltr'><strong>acceperint</strong></span> <span class='ocrx_word' id='word_1_707' title='bbox 3350 3249 3464 3323; x_wconf 57' lang='lat' dir='ltr'><strong>giae</strong></span> 
     </span>
    </p>
   </div>
   <div class='ocr_carea' id='block_1_93' title="bbox 1866 3340 3460 3414">
    <p class='ocr_par' dir='ltr' id='par_1_93' title="bbox 1866 3340 3460 3414">
     <span class='ocr_line' id='line_1_93' title="bbox 1866 3340 3460 3414; baseline 0.002 -20"><span class='ocrx_word' id='word_1_708' title='bbox 1866 3340 2228 3413; x_wconf 72' lang='lat' dir='ltr'><strong>dium,gtadio</strong></span> <span class='ocrx_word' id='word_1_709' title='bbox 2260 3340 2596 3413; x_wconf 76' lang='lat' dir='ltr'><strong>peribunt&quot;.</strong></span> <span class='ocrx_word' id='word_1_710' title='bbox 2639 3340 2797 3397; x_wconf 89' lang='lat' dir='ltr'><strong>Tunc</strong></span> <span class='ocrx_word' id='word_1_711' title='bbox 2823 3341 2902 3397; x_wconf 91' lang='lat' dir='ltr'><strong>illi</strong></span> <span class='ocrx_word' id='word_1_712' title='bbox 2931 3359 2945 3397; x_wconf 94' lang='lat'><strong>:</strong></span> <span class='ocrx_word' id='word_1_713' title='bbox 2971 3340 3161 3413; x_wconf 83' lang='lat' dir='ltr'><strong>Neque</strong></span> <span class='ocrx_word' id='word_1_714' title='bbox 3187 3357 3294 3400; x_wconf 88' lang='lat' dir='ltr'><strong>nos</strong></span> <span class='ocrx_word' id='word_1_715' title='bbox 3315 3340 3460 3414; x_wconf 87' lang='lat' dir='ltr'><strong>fugi-</strong></span> 
     </span>
    </p>
   </div>
   <div class='ocr_carea' id='block_1_94' title="bbox 1869 3434 3460 3507">
    <p class='ocr_par' dir='ltr' id='par_1_94' title="bbox 1869 3434 3460 3507">
     <span class='ocr_line' id='line_1_94' title="bbox 1869 3434 3460 3507; baseline 0.002 -19"><span class='ocrx_word' id='word_1_716' title='bbox 1869 3450 2014 3498; x_wconf 88' lang='lat' dir='ltr'><strong>mus,</strong></span> <span class='ocrx_word' id='word_1_717' title='bbox 2049 3434 2145 3490; x_wconf 91' lang='lat' dir='ltr'><strong>sed</strong></span> <span class='ocrx_word' id='word_1_718' title='bbox 2169 3441 2352 3497; x_wconf 84' lang='lat' dir='ltr'><strong>tecum</strong></span> <span class='ocrx_word' id='word_1_719' title='bbox 2399 3438 2694 3491; x_wconf 89' lang='lat' dir='ltr'><strong>morimur.</strong></span> <span class='ocrx_word' id='word_1_720' title='bbox 2725 3434 2981 3506; x_wconf 78' lang='lat' dir='ltr'><strong>Excepit:</strong></span> <span class='ocrx_word' id='word_1_721' title='bbox 3018 3435 3127 3507; x_wconf 84' lang='lat' dir='ltr'><strong>Ego</strong></span> <span class='ocrx_word' id='word_1_722' title='bbox 3154 3446 3311 3493; x_wconf 80' lang='lat' dir='ltr'><strong>extra</strong></span> <span class='ocrx_word' id='word_1_723' title='bbox 3338 3436 3460 3492; x_wconf 86' lang='lat' dir='ltr'><strong>cul-</strong></span> 
     </span>
    </p>
   </div>
   <div class='ocr_carea' id='block_1_95' title="bbox 1871 3528 3452 3600">
    <p class='ocr_par' dir='ltr' id='par_1_95' title="bbox 1871 3528 3452 3600">
     <span class='ocr_line' id='line_1_95' title="bbox 1871 3528 3452 3600; baseline -0.002 -19"><span class='ocrx_word' id='word_1_724' title='bbox 1871 3541 1996 3597; x_wconf 86' lang='lat' dir='ltr'><strong>pam</strong></span> <span class='ocrx_word' id='word_1_725' title='bbox 2023 3542 2177 3595; x_wconf 89' lang='lat' dir='ltr'><strong>sum;</strong></span> <span class='ocrx_word' id='word_1_726' title='bbox 2206 3528 2386 3583; x_wconf 84' lang='lat' dir='ltr'><strong>videat</strong></span> <span class='ocrx_word' id='word_1_727' title='bbox 2426 3529 2808 3599; x_wconf 89' lang='lat' dir='ltr'><strong>unusquisque</strong></span> <span class='ocrx_word' id='word_1_728' title='bbox 2838 3544 2948 3600; x_wconf 86' lang='lat' dir='ltr'><strong>quo</strong></span> <span class='ocrx_word' id='word_1_729' title='bbox 2985 3530 3150 3583; x_wconf 81' lang='lat' dir='ltr'><strong>modo</strong></span> <span class='ocrx_word' id='word_1_730' title='bbox 3190 3529 3452 3586; x_wconf 85' lang='lat' dir='ltr'><strong>resideat.</strong></span> 
     </span>
    </p>
   </div>
   <div class='ocr_carea' id='block_1_96' title="bbox 1870 3618 3459 3690">
    <p class='ocr_par' dir='ltr' id='par_1_96' title="bbox 1870 3618 3459 3690">
     <span class='ocr_line' id='line_1_96' title="bbox 1870 3618 3459 3690; baseline -0.001 -15"><span class='ocrx_word' id='word_1_731' title='bbox 1870 3618 2046 3675; x_wconf 88' lang='lat' dir='ltr'><strong>Porro</strong></span> <span class='ocrx_word' id='word_1_732' title='bbox 2075 3626 2235 3675; x_wconf 86' lang='lat' dir='ltr'><strong>erant</strong></span> <span class='ocrx_word' id='word_1_733' title='bbox 2260 3628 2467 3690; x_wconf 84' lang='lat' dir='ltr'><strong>septem</strong></span> <span class='ocrx_word' id='word_1_734' title='bbox 2498 3619 2720 3675; x_wconf 88' lang='lat' dir='ltr'><strong>fratres.</strong></span> <span class='ocrx_word' id='word_1_735' title='bbox 2745 3620 2836 3674; x_wconf 81' lang='lat' dir='ltr'><strong>Ait</strong></span> <span class='ocrx_word' id='word_1_736' title='bbox 2873 3621 2983 3675; x_wconf 91' lang='lat' dir='ltr'><strong>illis</strong></span> <span class='ocrx_word' id='word_1_737' title='bbox 3016 3638 3032 3674; x_wconf 94' lang='lat'><strong>:</strong></span> <span class='ocrx_word' id='word_1_738' title='bbox 3067 3621 3208 3676; x_wconf 86' lang='lat' dir='ltr'><strong>Ecce</strong></span> <span class='ocrx_word' id='word_1_739' title='bbox 3234 3620 3459 3676; x_wconf 81' lang='lat' dir='ltr'><strong>barbari</strong></span> 
     </span>
    </p>
   </div>
   <div class='ocr_carea' id='block_1_97' title="bbox 1871 3707 3451 3781">
    <p class='ocr_par' dir='ltr' id='par_1_97' title="bbox 1871 3707 3451 3781">
     <span class='ocr_line' id='line_1_97' title="bbox 1871 3707 3451 3781; baseline -0.002 -15"><span class='ocrx_word' id='word_1_740' title='bbox 1871 3710 2016 3766; x_wconf 85' lang='lat' dir='ltr'><strong>ostio</strong></span> <span class='ocrx_word' id='word_1_741' title='bbox 2042 3710 2505 3781; x_wconf 86' lang='lat' dir='ltr'><strong>appropinquant.</strong></span> <span class='ocrx_word' id='word_1_742' title='bbox 2536 3707 2639 3775; x_wconf 90' lang='lat' dir='ltr'><strong>Qui</strong></span> <span class='ocrx_word' id='word_1_743' title='bbox 2664 3710 2958 3775; x_wconf 87' lang='lat' dir='ltr'><strong>intrantes,</strong></span> <span class='ocrx_word' id='word_1_744' title='bbox 2983 3711 3309 3766; x_wconf 86' lang='lat' dir='ltr'><strong>occiderunt</strong></span> <span class='ocrx_word' id='word_1_745' title='bbox 3331 3724 3451 3765; x_wconf 91' lang='lat' dir='ltr'><strong>eos.</strong></span> 
     </span>
    </p>
   </div>
   <div class='ocr_carea' id='block_1_98' title="bbox 1872 3801 3459 3873">
    <p class='ocr_par' dir='ltr' id='par_1_98' title="bbox 1872 3801 3459 3873">
     <span class='ocr_line' id='line_1_98' title="bbox 1872 3801 3459 3873; baseline -0.004 -13"><span class='ocrx_word' id='word_1_746' title='bbox 1872 3802 2028 3860; x_wconf 87' lang='lat' dir='ltr'><strong>Unus</strong></span> <span class='ocrx_word' id='word_1_747' title='bbox 2084 3811 2271 3858; x_wconf 83' lang='lat' dir='ltr'><strong>autem</strong></span> <span class='ocrx_word' id='word_1_748' title='bbox 2325 3802 2462 3873; x_wconf 89' lang='lat' dir='ltr'><strong>fugit</strong></span> <span class='ocrx_word' id='word_1_749' title='bbox 2492 3809 2617 3872; x_wconf 84' lang='lat' dir='ltr'><strong>post</strong></span> <span class='ocrx_word' id='word_1_750' title='bbox 2649 3801 2919 3873; x_wconf 88' lang='lat' dir='ltr'><strong>plectam;</strong></span> <span class='ocrx_word' id='word_1_751' title='bbox 2961 3801 3207 3871; x_wconf 85' lang='lat' dir='ltr'><strong>viditque</strong></span> <span class='ocrx_word' id='word_1_752' title='bbox 3249 3809 3459 3872; x_wconf 89' lang='lat' dir='ltr'><strong>septem</strong></span> 
     </span>
    </p>
   </div>
   <div class='ocr_carea' id='block_1_99' title="bbox 1871 3894 3315 3965">
    <p class='ocr_par' dir='ltr' id='par_1_99' title="bbox 1871 3894 3315 3965">
     <span class='ocr_line' id='line_1_99' title="bbox 1871 3894 3315 3965; baseline -0.001 -14"><span class='ocrx_word' id='word_1_753' title='bbox 1871 3911 2107 3952; x_wconf 80' lang='lat' dir='ltr'><strong>coronas</strong></span> <span class='ocrx_word' id='word_1_754' title='bbox 2147 3895 2566 3962; x_wconf 84' lang='lat' dir='ltr'><strong>descendentes,</strong></span> <span class='ocrx_word' id='word_1_755' title='bbox 2600 3894 2860 3951; x_wconf 84' lang='lat' dir='ltr'><strong>redimire</strong></span> <span class='ocrx_word' id='word_1_756' title='bbox 2892 3894 3073 3965; x_wconf 80' lang='lat' dir='ltr'><strong>capita</strong></span> <span class='ocrx_word' id='word_1_757' title='bbox 3100 3909 3315 3951; x_wconf 88' lang='lat' dir='ltr'><strong>eorum.</strong></span> 
     </span>
    </p>
   </div>
   <div class='ocr_carea' id='block_1_100' title="bbox 1946 4140 3463 4227">
    <p class='ocr_par' dir='ltr' id='par_1_100' title="bbox 1946 4140 3463 4227">
     <span class='ocr_line' id='line_1_100' title="bbox 1946 4140 3463 4227; baseline 0.003 -16"><span class='ocrx_word' id='word_1_758' title='bbox 1946 4156 2029 4211; x_wconf 87' lang='lat' dir='ltr'><strong>ll.</strong></span> <span class='ocrx_word' id='word_1_759' title='bbox 2078 4153 2269 4212; x_wconf 84' lang='lat' dir='ltr'><strong>Frater</strong></span> <span class='ocrx_word' id='word_1_760' title='bbox 2308 4156 2391 4212; x_wconf 90' lang='lat' dir='ltr'><strong>sic</strong></span> <span class='ocrx_word' id='word_1_761' title='bbox 2435 4154 2798 4218; x_wconf 68' lang='lat' dir='ltr'><strong>interrogavit</strong></span> <span class='ocrx_word' id='word_1_762' title='bbox 2860 4140 3111 4210; x_wconf 83' lang='lat' dir='ltr'><strong>abbatem</strong></span> <span class='ocrx_word' id='word_1_763' title='bbox 3167 4153 3409 4227; x_wconf 80' lang='lat' dir='ltr'><strong>Moysem</strong></span> <span class='ocrx_word' id='word_1_764' title='bbox 3448 4180 3463 4215; x_wconf 91' lang='lat'><strong>:</strong></span> 
     </span>
    </p>
   </div>
   <div class='ocr_carea' id='block_1_101' title="bbox 1876 4247 3460 4318">
    <p class='ocr_par' dir='ltr' id='par_1_101' title="bbox 1876 4247 3460 4318">
     <span class='ocr_line' id='line_1_101' title="bbox 1876 4247 3460 4318; baseline 0.001 -17"><span class='ocrx_word' id='word_1_765' title='bbox 1876 4247 2008 4304; x_wconf 78' lang='lat' dir='ltr'><strong>Rem</strong></span> <span class='ocrx_word' id='word_1_766' title='bbox 2051 4247 2208 4302; x_wconf 85' lang='lat' dir='ltr'><strong>video</strong></span> <span class='ocrx_word' id='word_1_767' title='bbox 2248 4262 2435 4303; x_wconf 88' lang='lat' dir='ltr'><strong>coram</strong></span> <span class='ocrx_word' id='word_1_768' title='bbox 2473 4262 2579 4315; x_wconf 90' lang='lat' dir='ltr'><strong>me,</strong></span> <span class='ocrx_word' id='word_1_769' title='bbox 2617 4262 2720 4302; x_wconf 91' lang='lat' dir='ltr'><strong>nec</strong></span> <span class='ocrx_word' id='word_1_770' title='bbox 2749 4259 2978 4317; x_wconf 87' lang='lat' dir='ltr'><strong>possum</strong></span> <span class='ocrx_word' id='word_1_771' title='bbox 3009 4262 3130 4301; x_wconf 88' lang='lat' dir='ltr'><strong>eam</strong></span> <span class='ocrx_word' id='word_1_772' title='bbox 3164 4263 3460 4318; x_wconf 82' lang='lat' dir='ltr'><strong>occupare.</strong></span> 
     </span>
    </p>
   </div>
   <div class='ocr_carea' id='block_1_102' title="bbox 1873 4338 3463 4406">
    <p class='ocr_par' dir='ltr' id='par_1_102' title="bbox 1873 4338 3463 4406">
     <span class='ocr_line' id='line_1_102' title="bbox 1873 4338 3463 4406; baseline -0.002 -9"><span class='ocrx_word' id='word_1_773' title='bbox 1873 4343 2011 4399; x_wconf 84' lang='lat' dir='ltr'><strong>Dicit</strong></span> <span class='ocrx_word' id='word_1_774' title='bbox 2044 4342 2094 4397; x_wconf 93' lang='lat' dir='ltr'><strong>ei</strong></span> <span class='ocrx_word' id='word_1_775' title='bbox 2116 4358 2301 4397; x_wconf 77' lang='lat' dir='ltr'><strong>-senex</strong></span> <span class='ocrx_word' id='word_1_776' title='bbox 2331 4361 2345 4396; x_wconf 93' lang='lat'><strong>:</strong></span> <span class='ocrx_word' id='word_1_777' title='bbox 2383 4340 2501 4398; x_wconf 82' lang='lat' dir='ltr'><strong>Nisi</strong></span> <span class='ocrx_word' id='word_1_778' title='bbox 2552 4340 2734 4396; x_wconf 89' lang='lat' dir='ltr'><strong>factus</strong></span> <span class='ocrx_word' id='word_1_779' title='bbox 2762 4338 2936 4395; x_wconf 90' lang='lat' dir='ltr'><strong>fueris</strong></span> <span class='ocrx_word' id='word_1_780' title='bbox 2976 4350 3252 4406; x_wconf 89' lang='lat' dir='ltr'><strong>mortuus,</strong></span> <span class='ocrx_word' id='word_1_781' title='bbox 3287 4341 3463 4395; x_wconf 88' lang='lat' dir='ltr'><strong>instar</strong></span> 
     </span>
    </p>
   </div>
   <div class='ocr_carea' id='block_1_103' title="bbox 1805 4430 3463 4509">
    <p class='ocr_par' dir='ltr' id='par_1_103' title="bbox 1805 4430 3463 4509">
     <span class='ocr_line' id='line_1_103' title="bbox 1805 4430 3463 4509; baseline -0.003 -18"><span class='ocrx_word' id='word_1_782' title='bbox 1805 4454 1848 4509; x_wconf 76' lang='grc' dir='ltr'>υ</span> <span class='ocrx_word' id='word_1_783' title='bbox 1873 4450 2060 4491; x_wconf 90' lang='lat' dir='ltr'><strong>eorum</strong></span> <span class='ocrx_word' id='word_1_784' title='bbox 2103 4435 2195 4504; x_wconf 90' lang='lat' dir='ltr'><strong>qui</strong></span> <span class='ocrx_word' id='word_1_785' title='bbox 2245 4435 2504 4506; x_wconf 84' lang='lat' dir='ltr'><strong>sepulcro</strong></span> <span class='ocrx_word' id='word_1_786' title='bbox 2534 4434 2894 4504; x_wconf 88' lang='lat' dir='ltr'><strong>obteguntur,</strong></span> <span class='ocrx_word' id='word_1_787' title='bbox 2926 4444 3035 4486; x_wconf 91' lang='lat' dir='ltr'><strong>non</strong></span> <span class='ocrx_word' id='word_1_788' title='bbox 3073 4431 3281 4502; x_wconf 90' lang='lat' dir='ltr'><strong>poteris</strong></span> <span class='ocrx_word' id='word_1_789' title='bbox 3312 4430 3463 4486; x_wconf 85' lang='lat' dir='ltr'><strong>illam</strong></span> 
     </span>
    </p>
   </div>
   <div class='ocr_carea' id='block_1_104' title="bbox 1878 4526 2309 4600">
    <p class='ocr_par' dir='ltr' id='par_1_104' title="bbox 1878 4526 2309 4600">
     <span class='ocr_line' id='line_1_104' title="bbox 1878 4526 2309 4600; baseline 0 -18"><span class='ocrx_word' id='word_1_790' title='bbox 1878 4526 2309 4600; x_wconf 86' lang='lat' dir='ltr'><strong>apprehendere.</strong></span> 
     </span>
    </p>
   </div>
   <div class='ocr_carea' id='block_1_105' title="bbox 1952 4610 3449 4687">
    <p class='ocr_par' dir='ltr' id='par_1_105' title="bbox 1952 4610 3449 4687">
     <span class='ocr_line' id='line_1_105' title="bbox 1952 4610 3449 4687; baseline -0.002 -19"><span class='ocrx_word' id='word_1_791' title='bbox 1952 4615 2039 4668; x_wconf 76' lang='lat' dir='ltr'><strong>l2.</strong></span> <span class='ocrx_word' id='word_1_792' title='bbox 2085 4614 2200 4687; x_wconf 69' lang='lat'><strong>(28)</strong></span> <span class='ocrx_word' id='word_1_793' title='bbox 2229 4613 2521 4670; x_wconf 77' lang='lat' dir='ltr'><strong>Referente</strong></span> <span class='ocrx_word' id='word_1_794' title='bbox 2550 4614 2748 4671; x_wconf 88' lang='lat' dir='ltr'><strong>abbate</strong></span> <span class='ocrx_word' id='word_1_795' title='bbox 2783 4613 3040 4670; x_wconf 74' lang='lat' dir='ltr'><strong>Pcemene</strong></span> <span class='ocrx_word' id='word_1_796' title='bbox 3068 4610 3449 4683; x_wconf 85' lang='lat' dir='ltr'><strong>cognovimus,</strong></span> 
     </span>
    </p>
   </div>
   <div class='ocr_carea' id='block_1_106' title="bbox 1874 4704 3459 4781">
    <p class='ocr_par' dir='ltr' id='par_1_106' title="bbox 1874 4704 3459 4781">
     <span class='ocr_line' id='line_1_106' title="bbox 1874 4704 3459 4781; baseline -0.004 -17"><span class='ocrx_word' id='word_1_797' title='bbox 1874 4708 2023 4780; x_wconf 91' lang='lat' dir='ltr'><strong>quod</strong></span> <span class='ocrx_word' id='word_1_798' title='bbox 2055 4710 2224 4766; x_wconf 88' lang='lat' dir='ltr'><strong>frater</strong></span> <span class='ocrx_word' id='word_1_799' title='bbox 2250 4709 2501 4766; x_wconf 87' lang='lat' dir='ltr'><strong>abbatem</strong></span> <span class='ocrx_word' id='word_1_800' title='bbox 2554 4707 2795 4781; x_wconf 77' lang='lat' dir='ltr'><strong>Moysein</strong></span> <span class='ocrx_word' id='word_1_801' title='bbox 2838 4707 3277 4779; x_wconf 86' lang='lat' dir='ltr'><strong>interrogaverit,</strong></span> <span class='ocrx_word' id='word_1_802' title='bbox 3309 4704 3459 4775; x_wconf 84' lang='lat' dir='ltr'><strong>quali</strong></span> 
     </span>
    </p>
   </div>
   <div class='ocr_carea' id='block_1_107' title="bbox 1875 4794 3455 4873">
    <p class='ocr_par' dir='ltr' id='par_1_107' title="bbox 1875 4794 3455 4873">
     <span class='ocr_line' id='line_1_107' title="bbox 1875 4794 3455 4873; baseline -0.004 -17"><span class='ocrx_word' id='word_1_803' title='bbox 1875 4801 2040 4857; x_wconf 83' lang='lat' dir='ltr'><strong>modo</strong></span> <span class='ocrx_word' id='word_1_804' title='bbox 2073 4802 2239 4857; x_wconf 87' lang='lat' dir='ltr'><strong>homo</strong></span> <span class='ocrx_word' id='word_1_805' title='bbox 2287 4801 2529 4873; x_wconf 89' lang='lat' dir='ltr'><strong>seipsum</strong></span> <span class='ocrx_word' id='word_1_806' title='bbox 2592 4808 2871 4856; x_wconf 89' lang='lat' dir='ltr'><strong>mortuum</strong></span> <span class='ocrx_word' id='word_1_807' title='bbox 2917 4799 3170 4870; x_wconf 79' lang='lat' dir='ltr'><strong>proximo</strong></span> <span class='ocrx_word' id='word_1_808' title='bbox 3209 4811 3312 4853; x_wconf 89' lang='lat' dir='ltr'><strong>suo</strong></span> <span class='ocrx_word' id='word_1_809' title='bbox 3346 4794 3455 4850; x_wconf 78' lang='lat' dir='ltr'><strong>eiii-</strong></span> 
     </span>
    </p>
   </div>
   <div class='ocr_carea' id='block_1_108' title="bbox 1872 4886 3456 4967">
    <p class='ocr_par' dir='ltr' id='par_1_108' title="bbox 1872 4886 3456 4967">
     <span class='ocr_line' id='line_1_108' title="bbox 1872 4886 3456 4967; baseline -0.006 -17"><span class='ocrx_word' id='word_1_810' title='bbox 1872 4895 2018 4962; x_wconf 88' lang='lat' dir='ltr'><strong>ciat;</strong></span> <span class='ocrx_word' id='word_1_811' title='bbox 2050 4894 2399 4967; x_wconf 87' lang='lat' dir='ltr'><strong>responderit</strong></span> <span class='ocrx_word' id='word_1_812' title='bbox 2419 4902 2601 4949; x_wconf 87' lang='lat' dir='ltr'><strong>autem</strong></span> <span class='ocrx_word' id='word_1_813' title='bbox 2633 4907 2801 4949; x_wconf 80' lang='lat' dir='ltr'><strong>senex</strong></span> <span class='ocrx_word' id='word_1_814' title='bbox 2827 4911 2842 4947; x_wconf 91' lang='lat'><strong>:</strong></span> <span class='ocrx_word' id='word_1_815' title='bbox 2868 4890 2986 4948; x_wconf 88' lang='lat' dir='ltr'><strong>Nisi</strong></span> <span class='ocrx_word' id='word_1_816' title='bbox 3014 4889 3266 4962; x_wconf 86' lang='lat' dir='ltr'><strong>posuerit</strong></span> <span class='ocrx_word' id='word_1_817' title='bbox 3291 4886 3456 4943; x_wconf 84' lang='lat' dir='ltr'><strong>homo</strong></span> 
     </span>
    </p>
   </div>
   <div class='ocr_carea' id='block_1_109' title="bbox 1877 4976 3459 5055">
    <p class='ocr_par' dir='ltr' id='par_1_109' title="bbox 1877 4976 3459 5055">
     <span class='ocr_line' id='line_1_109' title="bbox 1877 4976 3459 5055; baseline -0.005 -14"><span class='ocrx_word' id='word_1_818' title='bbox 1877 4988 1931 5041; x_wconf 92' lang='lat' dir='ltr'><strong>in</strong></span> <span class='ocrx_word' id='word_1_819' title='bbox 1959 4987 2125 5042; x_wconf 85' lang='lat' dir='ltr'><strong>corde</strong></span> <span class='ocrx_word' id='word_1_820' title='bbox 2156 5002 2277 5047; x_wconf 88' lang='lat' dir='ltr'><strong>suo,</strong></span> <span class='ocrx_word' id='word_1_821' title='bbox 2309 5001 2367 5041; x_wconf 88' lang='lat' dir='ltr'><strong>se</strong></span> <span class='ocrx_word' id='word_1_822' title='bbox 2392 4986 2505 5055; x_wconf 87' lang='lat' dir='ltr'><strong>jam</strong></span> <span class='ocrx_word' id='word_1_823' title='bbox 2539 4982 2857 5038; x_wconf 87' lang='lat' dir='ltr'><strong>triduanum</strong></span> <span class='ocrx_word' id='word_1_824' title='bbox 2892 4983 2946 5036; x_wconf 93' lang='lat' dir='ltr'><strong>in</strong></span> <span class='ocrx_word' id='word_1_825' title='bbox 2976 4980 3230 5051; x_wconf 81' lang='lat' dir='ltr'><strong>sepulcro</strong></span> <span class='ocrx_word' id='word_1_826' title='bbox 3244 4976 3459 5051; x_wconf 79' lang='lat' dir='ltr'><strong>jacere,</strong></span> 
     </span>
    </p>
   </div>
   <div class='ocr_carea' id='block_1_110' title="bbox 1870 5077 2888 5149">
    <p class='ocr_par' dir='ltr' id='par_1_110' title="bbox 1870 5077 2888 5149">
     <span class='ocr_line' id='line_1_110' title="bbox 1870 5077 2888 5149; baseline -0.006 -15"><span class='ocrx_word' id='word_1_827' title='bbox 1870 5095 1981 5134; x_wconf 87' lang='lat' dir='ltr'><strong>non</strong></span> <span class='ocrx_word' id='word_1_828' title='bbox 2011 5079 2269 5149; x_wconf 82' lang='lat' dir='ltr'><strong>pertingit</strong></span> <span class='ocrx_word' id='word_1_829' title='bbox 2299 5077 2367 5133; x_wconf 90' lang='lat' dir='ltr'><strong>ad</strong></span> <span class='ocrx_word' id='word_1_830' title='bbox 2398 5093 2526 5134; x_wconf 90' lang='lat' dir='ltr'><strong>eum</strong></span> <span class='ocrx_word' id='word_1_831' title='bbox 2555 5090 2888 5133; x_wconf 89' lang='lat' dir='ltr'><strong>sermonem.</strong></span> 
     </span>
    </p>
   </div>
   <div class='ocr_carea' id='block_1_111' title="bbox 1945 5162 3457 5238">
    <p class='ocr_par' dir='ltr' id='par_1_111' title="bbox 1945 5162 3457 5238">
     <span class='ocr_line' id='line_1_111' title="bbox 1945 5162 3457 5238; baseline -0.003 -15"><span class='ocrx_word' id='word_1_832' title='bbox 1945 5170 2031 5224; x_wconf 71' lang='grc'><strong>15.</strong></span> <span class='ocrx_word' id='word_1_833' title='bbox 2089 5170 2320 5225; x_wconf 84' lang='lat' dir='ltr'><strong>Aiebant</strong></span> <span class='ocrx_word' id='word_1_834' title='bbox 2364 5170 2433 5225; x_wconf 88' lang='lat' dir='ltr'><strong>de</strong></span> <span class='ocrx_word' id='word_1_835' title='bbox 2488 5168 2684 5223; x_wconf 77' lang='lat' dir='ltr'><strong>abbate</strong></span> <span class='ocrx_word' id='word_1_836' title='bbox 2733 5165 2917 5238; x_wconf 78' lang='lat' dir='ltr'><strong>Moyse</strong></span> <span class='ocrx_word' id='word_1_837' title='bbox 2975 5164 3029 5219; x_wconf 92' lang='lat' dir='ltr'><strong>in</strong></span> <span class='ocrx_word' id='word_1_838' title='bbox 3085 5162 3258 5228; x_wconf 89' lang='lat' dir='ltr'><strong>Sceti,</strong></span> <span class='ocrx_word' id='word_1_839' title='bbox 3307 5162 3457 5234; x_wconf 90' lang='lat' dir='ltr'><strong>quod</strong></span> 
     </span>
    </p>
   </div>
   <div class='ocr_carea' id='block_1_112' title="bbox 1872 5254 3457 5331">
    <p class='ocr_par' dir='ltr' id='par_1_112' title="bbox 1872 5254 3457 5331">
     <span class='ocr_line' id='line_1_112' title="bbox 1872 5254 3457 5331; baseline -0.003 -19"><span class='ocrx_word' id='word_1_840' title='bbox 1872 5258 2092 5315; x_wconf 82' lang='lat' dir='ltr'><strong>Petram</strong></span> <span class='ocrx_word' id='word_1_841' title='bbox 2128 5267 2416 5323; x_wconf 87' lang='lat' dir='ltr'><strong>venturus,</strong></span> <span class='ocrx_word' id='word_1_842' title='bbox 2450 5258 2781 5331; x_wconf 88' lang='lat' dir='ltr'><strong>defatigatus</strong></span> <span class='ocrx_word' id='word_1_843' title='bbox 2813 5264 2897 5313; x_wconf 90' lang='lat' dir='ltr'><strong>est</strong></span> <span class='ocrx_word' id='word_1_844' title='bbox 2936 5256 2990 5310; x_wconf 91' lang='lat' dir='ltr'><strong>in</strong></span> <span class='ocrx_word' id='word_1_845' title='bbox 3025 5255 3258 5318; x_wconf 81' lang='lat' dir='ltr'><strong>itinere;</strong></span> <span class='ocrx_word' id='word_1_846' title='bbox 3285 5254 3457 5309; x_wconf 80' lang='lat' dir='ltr'><strong>dixit-</strong></span> 
     </span>
    </p>
   </div>
   <div class='ocr_carea' id='block_1_113' title="bbox 1870 5346 3457 5423">
    <p class='ocr_par' dir='ltr' id='par_1_113' title="bbox 1870 5346 3457 5423">
     <span class='ocr_line' id='line_1_113' title="bbox 1870 5346 3457 5423; baseline -0.003 -17"><span class='ocrx_word' id='word_1_847' title='bbox 1870 5368 1977 5422; x_wconf 89' lang='lat' dir='ltr'><strong>que</strong></span> <span class='ocrx_word' id='word_1_848' title='bbox 2030 5352 2175 5423; x_wconf 81' lang='lat' dir='ltr'><strong>apud</strong></span> <span class='ocrx_word' id='word_1_849' title='bbox 2220 5352 2580 5422; x_wconf 88' lang='lat' dir='ltr'><strong>semetipsum</strong></span> <span class='ocrx_word' id='word_1_850' title='bbox 2622 5370 2634 5405; x_wconf 91' lang='lat'><strong>:</strong></span> <span class='ocrx_word' id='word_1_851' title='bbox 2675 5349 2796 5415; x_wconf 91' lang='lat' dir='ltr'><strong>Qua</strong></span> <span class='ocrx_word' id='word_1_852' title='bbox 2850 5348 3064 5404; x_wconf 86' lang='lat' dir='ltr'><strong>ratione</strong></span> <span class='ocrx_word' id='word_1_853' title='bbox 3120 5354 3309 5419; x_wconf 89' lang='lat' dir='ltr'><strong>potero</strong></span> <span class='ocrx_word' id='word_1_854' title='bbox 3368 5346 3457 5402; x_wconf 84' lang='lat' dir='ltr'><strong>hic</strong></span> 
     </span>
    </p>
   </div>
   <div class='ocr_carea' id='block_1_114' title="bbox 2563 5513 3149 5579">
    <p class='ocr_par' dir='ltr' id='par_1_114' title="bbox 2563 5513 3149 5579">
     <span class='ocr_line' id='line_1_114' title="bbox 2563 5513 3149 5579; baseline 0.002 -10"><span class='ocrx_word' id='word_1_855' title='bbox 2563 5515 2610 5548; x_wconf 72' lang='grc' dir='ltr'><strong>τδ</strong></span> <span class='ocrx_word' id='word_1_856' title='bbox 2639 5513 2829 5570; x_wconf 80' lang='lat' dir='ltr'><strong>Matth.</strong></span> <span class='ocrx_word' id='word_1_857' title='bbox 2870 5530 3020 5579; x_wconf 73' lang='lat' dir='ltr'><strong>xxvi,</strong></span> <span class='ocrx_word' id='word_1_858' title='bbox 3055 5514 3149 5572; x_wconf 63' lang='lat'><strong>52.</strong></span> 
     </span>
    </p>
   </div>
   <div class='ocr_carea' id='block_1_115' title="bbox 1957 5668 2707 5733">
    <p class='ocr_par' dir='ltr' id='par_1_115' title="bbox 1957 5668 2707 5733">
     <span class='ocr_line' id='line_1_115' title="bbox 1957 5668 2707 5733; baseline 0.003 -9"><span class='ocrx_word' id='word_1_859' title='bbox 1957 5673 2068 5733; x_wconf 72' lang='lat'><strong>(&#39;27)</strong></span> <span class='ocrx_word' id='word_1_860' title='bbox 2119 5668 2220 5726; x_wconf 66' lang='lat' dir='ltr'><strong>Vit.</strong></span> <span class='ocrx_word' id='word_1_861' title='bbox 2258 5671 2410 5727; x_wconf 79' lang='lat' dir='ltr'><strong>Patr.</strong></span> <span class='ocrx_word' id='word_1_862' title='bbox 2439 5686 2589 5731; x_wconf 75' lang='lat' dir='ltr'><strong>xvm,</strong></span> <span class='ocrx_word' id='word_1_863' title='bbox 2620 5671 2707 5726; x_wconf 77' lang='grc' dir='ltr'><strong>Η.</strong></span> 
     </span>
    </p>
   </div>
   <div class='ocr_carea' id='block_1_116' title="bbox 1956 5739 3097 5816">
    <p class='ocr_par' dir='ltr' id='par_1_116' title="bbox 1956 5739 3097 5816">
     <span class='ocr_line' id='line_1_116' title="bbox 1956 5739 3097 5816; baseline 0.003 -21"><span class='ocrx_word' id='word_1_864' title='bbox 1956 5744 2065 5816; x_wconf 60' lang='grc' dir='ltr'><strong>βὸ)</strong></span> <span class='ocrx_word' id='word_1_865' title='bbox 2108 5741 2213 5801; x_wconf 67' lang='lat' dir='ltr'><strong>l&#39;it.</strong></span> <span class='ocrx_word' id='word_1_866' title='bbox 2257 5745 2405 5807; x_wconf 74' lang='lat' dir='ltr'><strong>Patr.</strong></span> <span class='ocrx_word' id='word_1_867' title='bbox 2441 5741 2605 5811; x_wconf 79' lang='lat' dir='ltr'><strong>x,63,</strong></span> <span class='ocrx_word' id='word_1_868' title='bbox 2645 5760 2755 5811; x_wconf 76' lang='lat' dir='ltr'><strong>vu;</strong></span> <span class='ocrx_word' id='word_1_869' title='bbox 2793 5756 2942 5806; x_wconf 67' lang='lat' dir='ltr'><strong>xm,</strong></span> <span class='ocrx_word' id='word_1_870' title='bbox 2972 5739 3023 5798; x_wconf 72' lang='grc' dir='ltr'><strong>Ι.</strong></span> <span class='ocrx_word' id='word_1_871' title='bbox 3091 5808 3097 5814; x_wconf 39' lang='grc'><strong>,</strong></span> 
     </span>
    </p>
   </div>
  </div>
