4012 6208
506 353 611 412 28Ἱ

1648 351 1997 412 APPENDIX
2034 349 2130 407 AD
2168 349 2598 409 PALLADIUM.

3669 349 3783 411 288

506 481 842 538 congregare
872 479 1068 538 aquam
1101 466 1315 522 meam?
1340 465 1495 522 Tunc
1526 465 1812 523 descendit
1841 465 1908 522 ad
1931 466 2085 522 illum

2212 481 2298 519 ιου
2317 465 2646 535 συναγαγεῖν
2670 455 2772 518 ὦδε
2797 461 2941 529 ;Kal
2966 451 3133 530 ἦλθεν
3157 461 3307 534 αὐτῷ
3336 462 3490 537 φωνὴ
3518 462 3780 535 λέγουσα·

510 571 615 612 vox
649 557 967 627 hujusmodi
1004 576 1017 612 :
1052 557 1226 622 Intra,
1281 573 1384 613 nec
1437 557 1737 629 quidquam
1783 558 2086 614 curaveris.

509 648 699 717 Itaque
733 647 1004 702 introivit.
1041 647 1414 703 Aceesserunt
1441 647 1510 704 ad
1539 665 1666 704 eum
1697 647 1920 703 Patrum
1950 662 2093 703 non-

509 741 682 808 nulli;
713 755 813 795 nec
837 740 1024 794 habuit
1054 740 1161 796 nisi
1198 743 1415 797 unicam
1454 741 1704 812 lagenam
1742 756 1936 813 aquae:
1971 755 2093 812 qua:

510 833 605 889 ubi
646 848 836 904 parum
875 833 1262 888 lenticularum
1305 835 1572 903 coxisset,
1620 841 1950 905 consumpta
1982 840 2089 890 est.

512 924 668 982 Unde
700 941 864 982 senex
911 927 1235 997 angebatur.
1272 926 1416 1000 Ergo
1462 927 1780 1000 ingrediens
1825 943 1890 982 ac
1930 941 2092 997 egre—

511 1019 669 1074 diens
710 1020 906 1074 orabat
937 1020 1129 1075 Deum.
1171 1021 1308 1077 Cum
1350 1036 1481 1078 ecce
1509 1022 1684 1078 nubes
1717 1021 1912 1078 imbris
1943 1020 2095 1076 venit

512 1125 681 1180 super
709 1108 964 1166 Petram:
993 1120 1158 1183 atque
1195 1127 1228 1168 e
1257 1112 1441 1183 pluvia
1473 1116 1658 1170 omnia
1691 1128 1823 1170 vasa
1857 1129 1957 1170 sua
1992 1113 2096 1168 im-

513 1202 703 1272 plevit.
736 1200 868 1258 Post
892 1203 1012 1258 haec
1042 1219 1228 1261 senem
1260 1205 1594 1276 compellant
1636 1225 1651 1262 :
1691 1205 1950 1262 Edissere
1991 1221 2096 1262 no-

514 1293 624 1359 bis,
649 1311 820 1364 quare
845 1295 1246 1367 ingrediebaris
1274 1305 1330 1352 et
1359 1297 1750 1368 egrediebaris.
1781 1297 2097 1370 Respondet

513 1389 594 1444 eis
627 1407 641 1444 :
670 1389 908 1444 Causam
947 1405 1072 1445 cum
1100 1389 1213 1446 Dea
1241 1389 1614 1462 disceptabam
1645 1409 1658 1446 :
1684 1390 1976 1446 Adduxisti
2010 1405 2099 1447 me

514 1483 645 1547 huc,
676 1489 843 1552 atque
877 1499 944 1538 en
990 1499 1132 1554 aqua
1170 1498 1352 1548 careo,
1383 1498 1550 1554 quam
1591 1483 1781 1540 bibant
1815 1483 1961 1539 servi
1991 1483 2095 1538 tui.

513 1572 810 1647 Propterea
841 1575 1113 1630 intrabam
1139 1584 1193 1631 et
1216 1575 1436 1632 exibam
1467 1590 1670 1647 rogans
1692 1574 1888 1641 Deum,
1921 1589 2099 1646 usque

513 1681 624 1738 quo
657 1667 820 1724 nobis
850 1668 1080 1723 miserit.

587 1757 674 1812 ii.
709 1758 854 1829 (29)
887 1758 1032 1814 Dixit
1065 1759 1234 1815 abbas
1266 1758 1519 1831 Moyses:
1549 1757 1716 1815 Debet
1750 1759 1914 1815 homo
1956 1758 2094 1815 mori

515 1852 669 1908 socio
700 1867 824 1920 suo,
859 1861 916 1908 ut
949 1869 1060 1909 non
1093 1854 1303 1926 judicet
1331 1869 1456 1910 eum
1488 1854 1546 1909 in
1576 1853 1686 1908 ulla
1717 1867 1797 1909 re.

587 2027 677 2083 15.
716 2029 853 2102 (30)
883 2029 1091 2086 lterum
1130 2030 1270 2086 dixit
1310 2050 1324 2087 :
1358 2030 1530 2087 Debet
1559 2030 1727 2087 homo
1770 2031 2104 2087 mortificare

2193 557 2440 622 Εῖσελθε,
2489 558 2584 612 καὶ
2619 556 2786 628 μηδὲν
2834 555 3149 628 φροντίσῃς.
3197 556 3462 629 Εἰσῆλθεν
3510 552 3627 612 οὖν.
3667 559 3783 613 Kal

2195 650 2506 717 παρέϐαλον
2535 649 2685 721 αύτῷ
2713 666 2860 714 τινες
2894 647 3004 702 τῶν
3032 648 3316 720 Πατέρων,
3359 649 3454 703 καὶ
3486 648 3590 704 οὐκ
3631 646 3779 722 εἶχεν

2193 745 2243 797 εί
2283 743 2360 817 μὴ
2391 743 2448 797 ἒν
2497 743 2660 815 μόνον
2692 742 2950 813 λαγύνιον
2981 741 3174 806 ὓδατος
3193 758 3208 773 ο
3246 741 3339 796 καλ⁵
3366 743 3652 808 ποιοῦντος
3685 745 3784 800 αὐ-

2193 836 2288 890 τοῦ
2325 835 2522 908 μικρὸν
2560 833 2752 905 φακὸν,
2794 832 3070 906 ἀνηλώθη.
3115 834 3174 888 '0
3206 834 3263 888 δέ
3295 819 3472 907 γέρων
3511 835 3781 894 ἐθλίῆετο.

2195 928 2592 1000 Εἰσερχόμενος
2633 923 2728 984 οὖν
2760 927 2854 982 καὶ
2892 925 3266 999 ἐξερχόμενος,
3305 926 3504 998 ηὔχετο
3526 927 3605 1000 τῷ
3635 929 3781 1001 Θεῷ.

2196 1021 2308 1074 Kal
2331 1021 2438 1074 ἰδοὺ
2465 1019 2664 1091 νεφέλη
2690 1019 2889 1092 βροχῆς
2911 1015 3042 1091 ἦλθε
3067 1019 3190 1073 κατ’
3216 1019 3388 1091 αὐτῆς
3414 1020 3513 1092 τῆς
3535 1019 3749 1092 Πέτρας
3766 1039 3781 1052 ·

2197 1114 2292 1169 καὶ
2329 1113 2587 1185 ἐγέμισεν
2610 1112 2708 1167 ὃλα
2729 1112 2800 1166 τὰ
2825 1113 3023 1181 ἀγγεῖα
3044 1110 3232 1167 αὐτοῦ.
3259 1111 3369 1165 Kal
3392 1111 3612 1180 λέγουσι
3641 1113 3783 1183 μετὰ

2195 1204 2466 1277 ταῦτατῷ
2493 1205 2712 1277 γέροντι
2731 1222 2745 1236 ·
2780 1204 2917 1258 Εἰπὲ
2943 1206 3096 1277 ἡμῖν,
3129 1204 3184 1258 τί
3212 1205 3469 1276 είσήρχου
3505 1203 3598 1258 καὶ
3625 1205 3784 1276 ἐξήρ-

2197 1316 2319 1370 χου.
2353 1298 2463 1352 Kal
2489 1298 2638 1368 λέγει
2674 1298 2860 1361 αὐτοῖς
2886 1298 2916 1350 6
2942 1296 3157 1369 γέρωνο
3193 1297 3360 1368 Δίκην
3398 1297 3616 1350 ἐποίουν
3642 1296 3786 1368 μετὰ

2198 1390 2294 1445 τοῦ
2327 1389 2463 1445 Θεοῦ
2509 1391 2614 1458 ὅτι,
2644 1390 2922 1459 Ἤνεγκάς
2955 1407 3022 1460 με
3055 1381 3178 1457 ὦδε,
3223 1389 3320 1444 καὶ
3365 1389 3474 1442 ἰδοὺ
3509 1387 3655 1462 ὕδωρ
3682 1389 3784 1443 οὐκ

2200 1482 2309 1556 έχω
2329 1484 2418 1538 ἵνα
2446 1483 2645 1538 πίωσιν
2683 1484 2734 1538 οἱ
2763 1482 2938 1537 δοῦλοί
2975 1499 3090 1538 σου.
3121 1481 3223 1536 Διὰ
3256 1482 3414 1536 τοῦτο
3447 1481 3784 1554 εἰσηρχόμην

2200 1575 2296 1631 καὶ
2326 1575 2636 1648 ἐξηρχόμην
2664 1575 2997 1648 παρακαλῶν
3017 1575 3109 1630 τὸν
3136 1574 3290 1641 Θεὸν,
3321 1575 3425 1640 ἕως
3455 1567 3516 1629 οὗ
3541 1575 3784 1646 ἔπεμψεν

2199 1667 2359 1812 “Si
2391 1751 2561 1810 Εἶπεν
2587 1757 2616 1810 6
2645 1754 2822 1821 ἀόϐἄς
2851 1756 3095 1827 Μωῦσῆς
3129 1755 3266 1828 (54),
3298 1756 3382 1810 ὅτι
3429 1757 3635 1826 ὀφείλει
3686 1758 3786 1813 ἇν-

2205 1847 2427 1920 θρωπος
2469 1848 2766 1904 ἀποθανεῖν
2806 1849 2917 1904 ἀπὸ
2962 1849 3058 1903 τοῦ
3093 1849 3312 1920 ἑταίρου
3360 1850 3547 1918 αὐτοῦ,
3575 1850 3670 1905 τοῦ
3707 1853 3785 1923 μὴ

2200 1941 2411 2014 κρίνειν
2442 1942 2606 1998 αὐτὸν
2637 1941 2695 1998 ἐν
2726 1960 2858 2000 τινι.

2278 2040 2359 2087 ιε’.
2391 2033 2560 2087 Πάλιν
2585 2028 2742 2088 εἶπεν
2766 2034 2872 2100 ὅτι,
2917 2032 3156 2103 Ὀφείλει
3199 2033 3296 2089 ἄνθ
3307 2048 3487 2106 ρωπος
3512 2031 3785 2104 νεκρῶσαι

516 2139 578 2180 se
612 2121 680 2176 ab
707 2124 858 2178 omni
905 2139 964 2178 re
1002 2123 1168 2189 mala,
1211 2123 1532 2194 priusquam
1558 2123 1876 2195 egrediatur
1909 2139 1942 2180 e
1982 2137 2101 2179 cor-

2212 2124 2401 2178 ἐαυτὸν
2439 2124 2550 2179 ἀπὸ
2587 2123 2793 2188 παντὸς
2840 2122 3084 2196 πονηροῦ
3131 2123 3482 2195 πράγματος,
3541 2122 3649 2194 πρὸ
3691 2119 3784 2175 τοῦ

423 2284 428 2288 γ
517 2231 672 2288 pore,
704 2223 765 2271 ut
789 2216 925 2271 nulli
951 2215 1164 2271 homini
1195 2215 1338 2272 male
1368 2214 1558 2271 faciat.

588 2401 676 2456 16.
719 2400 820 2470 (51
845 2399 866 2470 )
899 2399 964 2453 Et
991 2398 1188 2452 iterum
1212 2414 1226 2427 ο
1245 2394 1365 2452 Nisi
1393 2395 1558 2450 homo
1579 2393 1832 2450 habuerit
1855 2394 1913 2449 in
1938 2395 2106 2453 corde

517 2509 641 2558 suo,
671 2492 818 2563 quod
861 2500 1115 2560 peccator
1159 2496 1267 2552 est,
1323 2487 1467 2544 Deus
1509 2502 1618 2542 non
1651 2501 1778 2542 eum
1823 2489 2100 2546 exaudiet.

516 2585 607 2638 Ait
631 2584 834 2638 frater:
860 2581 1002 2648 Quid
1045 2578 1403 2636 est:Habere
1449 2580 1505 2634 in
1549 2582 1734 2648 corde,
1775 2581 1920 2652 quod
1968 2596 2101 2654 pec-

515 2684 672 2730 cator
698 2674 809 2729 sit?
838 2672 1144 2743 Respondit
1173 2687 1341 2728 senex
1369 2690 1384 2727 :
1413 2669 1471 2726 Si
1510 2672 1636 2743 quis
1670 2680 1848 2744 portet
1875 2681 2101 2744 peccata

517 2782 637 2836 sua,
671 2783 778 2822 non
809 2766 1115 2822 intuebitur
1148 2765 1346 2821 delicta
1376 2765 1610 2836 proximi
1640 2766 1748 2822 sui.

587 2945 674 3002 17.
709 2944 844 3017 (32)
875 2945 1019 3001 Dixit
1041 2943 1396 3001 adhuc:Nisi
1425 2947 1570 3001 actio
1606 2947 1952 3004 consenserit
1978 2963 2105 3004 cum

516 3041 790 3104 oratione,
827 3037 1033 3093 frustra
1065 3037 1280 3093 laborat
1309 3037 1495 3094 homo.
1529 3037 1887 3108 Interrogavit
1913 3039 2103 3096 frater:

2203 2215 2444 2280 ἐξελθεῖν
2469 2217 2579 2272 ἀπὸ
2593 2216 2690 2271 τοῦ
2722 2216 2997 2289 σώματος,
3025 2215 3121 2272 τοῦ
3155 2216 3231 2289 μὴ
3264 2215 3513 2270 κακῶσαί
3541 2233 3663 2269 τινα
3691 2216 3784 2270 ἄν·

2207 2309 2236 2362 0
2243 2325 2446 2381 ρωπον.
2626 2291 2639 2307 ⁸

2279 2407 2378 2466 ις’.
2411 2398 2549 2458 Elite
2601 2402 2801 2456 πάλιν
2850 2401 2980 2456 Ἐὰν
3037 2401 3114 2473 μὴ
3145 2400 3436 2473 ἄνθρωπος
3485 2399 3584 2471 ἔχῃ
3627 2400 3688 2452 ἐν
3716 2401 3783 2472 τῇ

2203 2494 2404 2568 καρδίᾳ
2433 2492 2602 2550 αὐτοῦ
2641 2494 2724 2548 ὅτι
2769 2494 3096 2566 ἁμαρτωλός
3128 2495 3298 2558 ἐστιν,
3328 2495 3358 2546 6
3389 2492 3523 2556 Θεὸς
3552 2494 3654 2546 οὐκ
3678 2492 3790 2545 είσ-

2201 2585 2392 2640 ακούει
2420 2585 2609 2640 αὐτοῦ.
2645 2584 2757 2639 Kal
2785 2581 2938 2638 εἶπεν
2967 2587 2996 2639 6
3036 2583 3292 2653 ἀδελφός’
3319 2583 3385 2637 Τί
3415 2585 3584 2649 ἐστιν,
3608 2582 3721 2653 ἔχει
3742 2582 3785 2613 ⁷⁷

2202 2679 2261 2733 ἐν
2289 2682 2356 2751 τῇ
2390 2679 2588 2750 καρδίᾳ
2605 2679 2652 2750 ’ξ’
2696 2679 2780 2732 ὅτι
2822 2677 3157 2750 ἁμαρτωλός
3209 2677 3394 2742 ἐστιν;
3445 2675 3549 2729 Kal
3578 2670 3730 2733 εἷπεν
3760 2677 3788 2729 6

2205 2772 2386 2844 γέρων
2409 2773 2514 2836 ὅτι,
2547 2772 2616 2825 El
2643 2789 2729 2835 τις
2771 2769 3033 2842 βαστάζει
3067 2768 3166 2833 τὰς
3192 2769 3468 2842 ἁμαρτίας
3505 2766 3693 2834 αὐτοῦ,
3726 2767 3786 2821 ού

2210 2863 2399 2935 βλέπει
2423 2863 2524 2928 τὰς
2553 2863 2648 2916 τοῦ
2672 2861 2902 2936 πλησίον
2930 2860 3118 2917 αὑτοῦ.

2284 2955 2370 3020 ιζ’.
2406 2951 2545 3009 Eine
2577 2954 2772 3009 πάλινο
2810 2954 2935 3009 Ἐὰν
2995 2953 3071 3026 μὴ
3125 2953 3471 3028 συμφωνήσῃ
3513 2953 3547 3024 ἡ
3592 2951 3789 3024 πρᾶξις

2216 3046 2355 3119 μετὰ
2393 3048 2490 3118 τῆς
2538 3045 2726 3117 εὐχῆς,
2770 3047 2851 3109 εἰς
2897 3045 3076 3117 μάτην
3132 3046 3300 3116 κοπιᾷ
3316 3044 3383 3099 τ’.
3428 3043 3539 3097 Kal
3581 3038 3732 3098 εἶπεν
3758 3044 3789 3097 6

517 3131 661 3200 Quid
702 3137 789 3187 est
831 3144 1139 3187 consensus
1179 3129 1363 3200 operis
1405 3144 1531 3184 cum
1575 3131 1771 3200 prece?
1805 3129 1981 3186 Senex
2017 3146 2101 3187 re-

2213 3138 2443 3208 ἁδελφός
2464 3155 2478 3168 ·
2503 3137 2570 3192 Τί
2596 3139 2734 3204 ἐστι,
2762 3136 3120 3209 συμφώνησις
3143 3137 3396 3210 πράξεως
3420 3135 3558 3208 μετὰ
3583 3134 3749 3206 εὐχῆς
3773 3152 3788 3201 ;

517 3221 864 3293 spondjtzUt
897 3236 996 3291 pro
1029 3220 1231 3291 quibus
1263 3235 1574 3290 precamur,
1619 3237 1731 3276 non
1757 3221 1990 3292 amplius
2016 3221 2100 3277 fa-

517 3315 729 3371 ciamus
756 3329 839 3370 ea.
881 3313 1182 3384 Postquam
1217 3313 1366 3368 enim
1394 3313 1560 3368 homo
1595 3313 1867 3370 dimiserit
1911 3315 2104 3371 volun-

519 3417 660 3463 tates
691 3422 844 3472 suas,
874 3413 1008 3462 tunc
1037 3405 1180 3462 Deus
1207 3404 1598 3463 reconciliatur
1625 3407 1696 3476 ei,
1723 3417 1777 3464 et
1795 3409 2102 3465 arationem

519 3499 665 3554 illius
701 3497 961 3553 admittit.

592 3591 678 3646 18.
737 3590 867 3662 (⁸55)
916 3587 1278 3661 Interrogavit
1329 3587 1498 3645 frater
1538 3609 1552 3647 :
1593 3589 1652 3644 In
1705 3590 1854 3646 omni
1915 3580 2106 3650 labore

519 3682 780 3749 hominis,
801 3680 1062 3752 quidnam
1089 3687 1175 3737 est
1199 3679 1344 3750 quod
1365 3694 1488 3736 eum
1515 3680 1773 3752 adjuvat?
1800 3681 2105 3754 Respondit

520 3790 688 3831 senex
717 3793 732 3830 :
763 3772 907 3831 Deus
934 3780 1020 3830 est
1048 3773 1145 3844 qui
1178 3772 1421 3844 adjuvat.
1472 3773 1752 3845 Scriptum
1799 3783 1882 3830 est
1919 3775 2101 3831 enim:

521 3868 663 3923 Deus
691 3876 872 3923 noster
901 3865 1164 3937 refugium
1188 3874 1237 3920 et
1260 3866 1449 3931 virtus,
1483 3863 1700 3931 adiutor
1722 3866 1777 3921 in
1801 3867 2107 3925 tribulatio-

519 3961 674 4016 nibus
713 3977 831 4033 quae
868 3963 1175 4016 inuenerunt
1212 3976 1308 4014 nos
1345 3959 1503 4014 nimis
1538 3959 1605 4014 ".
1635 3959 1861 4032 Excepit
1889 3959 2102 4017 frater:

519 4052 733 4123 Jejunia
755 4061 809 4108 et
831 4051 1028 4120 vigilia:
1055 4066 1193 4121 quas
1219 4050 1385 4106 homo
1405 4050 1631 4122 peragit,
1658 4050 1918 4122 quidnam
1942 4052 2106 4108 sunt?

522 4141 703 4197 Senex
737 4140 804 4195 ad
827 4156 951 4196 eum
981 4157 996 4195 :
1021 4139 1146 4195 lGC
1172 4139 1413 4196 alliciunt
1442 4148 1502 4195 ut
1529 4140 1711 4195 anima
1741 4156 1800 4197 se
1827 4139 2110 4198 humiliter

521 4232 792 4286 demittat.
833 4229 1080 4300 Namque
1110 4233 1375 4302 scriptum
1417 4240 1542 4288 est:
1578 4230 1710 4287 Vide
1751 4232 2108 4289 humilitatem

524 4337 694 4374 nteant
722 4329 774 4374 et
810 4319 1041 4374 laborem
1082 4337 1255 4376 meum
1275 4361 1290 4386 ,
1320 4331 1371 4377 et
1400 4322 1610 4378 dimitte
1640 4324 1884 4379 universa
1916 4323 2108 4379 delicta

525 4429 642 4468 mea
682 4414 752 4468 ".
799 4411 859 4467 Si
900 4412 1091 4469 fecerit
1135 4415 1317 4470 anima
1365 4415 1578 4472 fructus
1621 4416 1748 4481 hos,
1799 4416 1943 4472 Deus
1980 4432 2108 4490 erga

2205 3231 2319 3286 Kal
2347 3226 2500 3285 εἶπεν
2533 3231 2562 3284 6
2592 3231 2804 3302 γέρωνο
2838 3229 2956 3284 Ἵνα
2990 3229 3133 3302 ὑπὲρ
3159 3223 3234 3286 ὧν
3267 3227 3562 3299 εὐχόμεθα,
3594 3227 3793 3298 μηκέτι

2205 3323 2451 3394 ποιῶμεν
2484 3323 2645 3378 αὐτά.
2675 3323 2847 3378 Ὅταν
2889 3320 3001 3393 γὰρ
3049 3321 3336 3393 ἄνθρωπος
3368 3321 3481 3391 ἁφῇ
3533 3317 3604 3372 τὰ
3636 3317 3794 3388 θελήο

2208 3432 2354 3487 ματα
2391 3413 2578 3478 αὐτοῦ,
2627 3413 2750 3467 τότε
2793 3413 3225 3469 καταλλάσσεται
3267 3410 3418 3484 αὐτῷ
3447 3413 3475 3465 6
3513 3410 3670 3479 Θεὸς,
3698 3409 3794 3463 καὶ

2203 3501 2416 3573 δέχεται
2441 3502 2538 3574 τὴν
2561 3502 2723 3573 εὐχὴν
2755 3500 2941 3556 αὐτοῦ.

2279 3601 2368 3665 ιη’.
2410 3593 2723 3666 Ἦρώτησεν
2760 3594 2788 3647 6
2821 3593 3051 3664 ἀδελφὸς
3075 3593 3179 3658 ὅτι,
3212 3592 3300 3646 Ἐν
3327 3591 3490 3646 παντὶ
3517 3590 3671 3662 κόπῳ
3697 3591 3794 3646 τοῦ

2207 3685 2519 3758 ἀνθρώπου,
2551 3686 2606 3739 τί
2624 3686 2742 3739 ἐστι
2764 3684 2828 3740 τὸ
2856 3683 3086 3757 βοηθοῦν
3109 3684 3292 3756 αὐτῷ;
3319 3685 3431 3738 Kal
3468 3683 3616 3753 λέγει
3641 3685 3671 3738 6
3695 3682 3792 3752 γέ-

2209 3796 2348 3852 ρων·
2395 3778 2456 3833 Ὂ
2499 3779 2633 3843 Θεός
2675 3779 2825 3832 ἐστιν
2865 3779 2894 3832 6
2930 3777 3161 3850 βοηθῶν.
3212 3777 3527 3850 Γέγραπται
3559 3776 3698 3847 γάρ’
3736 3775 3792 3827 '0

2210 3871 2356 3938 θεὸς
2406 3871 2577 3942 ἡμῶν
2630 3869 2947 3941 καταφυγὴ
2999 3870 3099 3924 καὶ
3144 3869 3419 3938 δύναμις,
3448 3866 3680 3934 ,ϐοηθὸς
3721 3866 3794 3920 ἐν

2208 3965 2457 4033 θλίψεσι
2501 3964 2632 4028 ταῖς
2681 3962 3004 4031 εὑρούσαις
3055 3959 3215 4031 ἡμᾶς
3261 3959 3518 4030 σφόδρα.
3559 3955 3725 4012 Εἶπεν
3763 3960 3793 4012 6

2208 4050 2468 4119 ἀδελφόςο
2497 4050 2564 4103 Αἱ
2597 4053 2846 4122 νηστεῖαι
2872 4049 2970 4103 καὶ
2990 4048 3292 4121 ἀγρυπνίαι
3311 4048 3377 4112 ἃς
3404 4051 3551 4102 ποιεῖ
3580 4047 3793 4118 ἄνθρως

2209 4160 2331 4211 πος,
2363 4143 2417 4196 τί
2441 4143 2717 4214 γίνονται;
2744 4143 2909 4213 Λέγει
2937 4142 3086 4214 αὐτῷ
3113 4143 3142 4196 6
3165 4142 3374 4213 γέρων·
3400 4134 3572 4196 Λῦται
3605 4139 3793 4193 ποιοῦ-

2211 4252 2265 4289 σι
2299 4235 2401 4306 τὴν
2449 4233 2630 4306 ψυχὴν
2678 4233 3104 4306 ταπεινωθῆναι.
3153 4234 3472 4305 Γέγραπται
3515 4232 3653 4303 γάρ·
3689 4230 3795 4285 Ὶδὲ

2209 4326 2327 4396 τὴν
2351 4326 2719 4382 ταπείνωσιν
2735 4344 2856 4396 μου
2876 4324 2975 4380 καί
3004 4323 3113 4379 τὸν
3139 4325 3334 4378 κόπον
3355 4341 3499 4394 μου,
3517 4322 3618 4377 καὶ
3643 4321 3797 4392 ἄφες

2211 4419 2418 4486 πάσας
2440 4419 2549 4486 τὰς
2569 4419 2862 4489 ἁμαρτίας
2878 4437 3018 4488 μου.
3061 4416 3188 4470 Ἐὰν
3211 4418 3244 4488 ἡ
3274 4415 3421 4488 ψυχὴ
3449 4415 3656 4486 ποιήσῃ
3670 4413 3797 4476 τούς

524 4505 673 4562 illam
701 4512 988 4577 propterea
1013 4506 1391 4562 misericordia
1414 4508 1872 4564 commovebitur.
1901 4510 2101 4565 lterum

2212 4511 2462 4583 καρποὺς
2489 4510 2736 4576 τούτους,
2772 4506 3197 4580 σπλαγχνίζεται
3226 4506 3405 4570 ὀΘεὸς
3435 4507 3534 4560 ἐπ’
3559 4505 3699 4575 αὐτῇ
3725 4503 3797 4556 δι’

525 4599 736 4671 rogavit
779 4614 966 4656 senem
1008 4597 1223 4655 frater:
1265 4599 1407 4665 Quid
1443 4599 1610 4658 faciet
1649 4602 1813 4658 homo
1855 4603 1912 4658 in
1956 4602 2103 4659 omni

525 4693 828 4748 tentatione
864 4707 988 4764 qua:
1029 4693 1409 4764 supervenerit
1446 4693 1525 4759 ei,
1568 4694 1654 4750 vel
1699 4694 1754 4750 in
1783 4696 1932 4750 omni
1978 4711 2108 4770 sug-

525 4785 772 4855 gestione
809 4783 1065 4841 inimici?
1102 4785 1281 4842 Senex
1337 4801 1663 4858 responsum
1716 4787 1868 4844 dedit
1903 4808 1918 4844 :
1950 4787 2109 4846 Flere

523 4876 687 4932 debet
714 4885 838 4932 ante
879 4875 1179 4932 bonitatem
1215 4875 1332 4943 Dei,
1376 4885 1434 4932 ut
1465 4877 1514 4933 ei
1544 4885 1868 4944 succurrat;
1909 4885 1964 4934 et
1995 4880 2107 4935 cito

520 4967 765 5040 quietem
803 4968 1000 5041 capiet,
1023 4969 1189 5026 modo
1226 4971 1503 5042 rogaverit
1530 4987 1656 5028 cum
1687 4972 1938 5028 scientia.
1967 4972 2107 5040 Quia

601 5128 646 5161 ⁷³
670 5126 816 5185 Psal.
851 5143 974 5195 va,
1009 5129 1066 5186 2.
1142 5129 1190 5163 "
1215 5127 1360 5186 Psal.
1390 5147 1540 5200 xxiv,
1570 5131 1655 5188 18.
1731 5132 1780 5166 ⁷⁷
1807 5131 1894 5187 Al.
1918 5130 2086 5204 ἔχειν.

901 5313 1060 5393 fair.
1083 5329 1161 5378 vr,
1197 5328 1274 5393 t_v,
1312 5315 1362 5368 1.

601 5381 713 5450 (50)
754 5381 859 5450 Vit.
904 5383 1056 5439 Patr.
1091 5401 1166 5449 tv,
1201 5384 1257 5439 2.

599 5451 714 5522 (ξι)
758 5449 864 5522 [in
894 5453 1046 5522 Patr.
1075 5471 1150 5522 tv,
1179 5456 1233 5510 5.

602 5519 720 5590 (52)
764 5519 872 5590 Yit.
910 5521 1065 5590 Patr.
1100 5519 1250 5590 ιαμ.

630 5589 720 5659 3'5)
767 5589 873 5659 Vit.
902 5589 1058 5645 Patr.
1084 5589 1166 5655 tv,
1187 5595 1242 5659 4,
1281 5604 1386 5651 etc.

629 5656 997 5738 αλεξπεγῤ
1019 5656 1517 5738 ἀσᾷᾶς-Μωῦσῆς.
1545 5664 1748 5738 Codice
1779 5665 1984 5738 Optimo
2002 5663 2110 5738 Aviri

537 5728 897 5788 illustrissimi
927 5728 1158 5804 Joannis
1190 5728 1453 5804 Baptistae
1474 5728 1721 5790 '(Iolberti
1774 5728 2111 5804 prmponitur

537 5804 758 5862 titulus:
801 5802 1086 5875 Κεφάλσια
1117 5801 1180 5872 ζ’,
1217 5802 1250 5860 δι
1276 5801 1601 5860 ἀπέστειλεν
1624 5801 1843 5870 ὁάσύᾶς
1867 5801 2109 5880 Μωύσῆς

2213 4603 2413 4658 αὐτῶν.
2448 4601 2612 4672 Λέγει
2637 4601 2665 4654 6
2695 4599 2923 4669 ἀδελφὸς
2952 4597 3031 4670 τῷ
3063 4598 3306 4669 γέροντιο
3339 4596 3406 4650 Τί
3441 4595 3658 4666 ποιήσει
3699 4593 3796 4648 ἄν·-

2214 4695 2436 4768 θρωπος
2462 4695 2521 4748 ἐν
2567 4693 2731 4747 παντὶ
2759 4689 3057 4763 πειρασμῷ
3095 4688 3452 4761 ἐπερχομένῳ
3481 4687 3668 4741 ἐπάνω
3696 4686 3800 4739 αύ-

2214 4789 2332 4855 τοῦ,
2365 4787 2399 4859 ἦ
2426 4787 2485 4842 ἐν
2513 4786 2679 4840 παντὶ
2715 4782 2964 4856 λογισμῷ
2989 4781 3084 4837 τοῦ
3115 4780 3345 4854 ἐχθρῶς
3391 4781 3557 4849 Λέγει
3589 4778 3742 4850 αὐτῷ
3770 4780 3800 4832 6

2212 4881 2392 4953 γέρων
2412 4896 2426 4911 ·
2463 4878 2688 4934 Κλαίειν
2715 4876 2922 4946 ὀφείλει
2949 4874 3182 4928 ἐνώπιον
3206 4876 3306 4946 τῆς
3337 4873 3675 4944 ἀγαθότητος
3703 4871 3802 4926 τοῦ

2212 4969 2375 5034 Θεοῦ,
2401 4970 2490 5024 ἵνα
2541 4967 2789 5041 βοηθήσῃ
2831 4963 3014 5038 αὐτῷ’
3041 4965 3138 5020 καὶ
3177 4964 3521 5021 ἀναπαύεται
3563 4963 3798 5035 ταχέως,

2162 5130 2209 5164 ⁷³
2241 5130 2328 5186 Al.
2363 5127 2534 5184 inser.
2569 5125 2759 5182 αὐτοῦ.
2832 5127 2880 5160 ⁷⁸
2912 5125 2999 5182 Al.
3040 5123 3167 5180 add.
3199 5122 3509 5196 ἄνθρωπος.

2221 5313 2301 5394 τῷ
2325 5309 2471 5394 ᾁδὸᾷ
2495 5308 2744 5392 Ποιμένι.
2779 5307 2840 5364 ln
2867 5307 2991 5363 aliis
3032 5305 3249 5379 duobus
3277 5319 3387 5360 non
3409 5305 3626 5431 gejoris
3655 5311 3806 5357 notze

2224 5381 2563 5436 bibliotheca:
2594 5379 2871 5448 ejusdem:
2906 5377 3078 5448 Ἑπτὰ
3101 5375 3416 5448 κεφαλαια,
3464 5373 3805 5448 farrisve:st

2222 5452 2252 5504 6
2275 5450 2451 5521 ἀόὁᾶς
2474 5443 2729 5521 Μωῦσῆςγ
2745 5449 2841 5521 τῷν
2867 5447 3014 5518 ἀϐὄᾷ
3052 5443 3304 5521 Ποιμένι·
3339 5447 3482 5521 καὶύ
3512 5443 3806 5521 φυλάττων

2221 5520 2383 5586 αὐτὰ,
2413 5513 2603 5591 ῥύεται
2640 5513 2747 5574 α’πὸ
2775 5513 3282 5591 πάσηςνκολάσεως,
3326 5516 3422 5591 καὶ
3454 5513 3805 5591 ἀναπαύεται

2221 5583 2377 5663 ὅπου
2411 5583 2508 5663 ἐὰν
2531 5591 2788 5663 κάθηται,
2817 5583 2927 5644 εἴτε
2965 5589 3264 5663 ἐν-ἐρλήμῳ,
3316 5587 3451 5663 efren
3464 5583 3605 5656 μετὰ
3629 5583 3714 5649 vel
3741 5584 3806 5663 ἐν

2221 5660 2372 5733 μέσῳ
2403 5655 2672 5730 ἀδελφῶνζ
2700 5655 3375 5733 Joannessubdiaconus;
3410 5655 3799 5733 §rptemcapi§

2217 5726 2355 5796 iuta,
2378 5749 2494 5803 qua;
2529 5726 2673 5786 misit
2721 5731 2884 5803 abbas
2938 5728 3152 5803 Moyses
3188 5727 3370 5780 abbati
3405 5726 3671 5782 Pwmenia
3697 5737 3717 5777 :
3747 5732 3800 5777 et

2215 5805 2303 5875 qui
2338 5799 2642 5861 custodierit
2673 5819 2754 5870 ca,
2794 5799 3103 5856 liberabitur
3133 5815 3165 5853 (ι
3185 5812 3360 5867 poma.
