4036 6202
222 174 327 232 389

1351 165 1967 224 APOPHTKEGMATA
2005 167 2313 229 PATRUM.

3353 183 3464 240 τοο
3559 157 3564 165 ’

222 291 317 344 ἐὰν
361 283 658 358 παρακαλῇ
693 282 754 336 ὲν
791 279 989 351 γνώσει
1009 296 1022 310 °
1075 279 1381 352 γέγραπται
1413 282 1553 361 γάρ·
1583 281 1795 350 Κύριος

1904 280 2187 355 Scriptura
2218 286 2387 340 dicit:
2419 284 2672 342 Dominus
2706 288 2834 344 mihi
2877 289 3122 361 adjutor;
3167 304 3217 346 et
3257 308 3359 347 non
3401 298 3468 346 ti-

223 381 352 453 ἐμοὶ
381 356 636 446 βοηθὸς,
665 374 764 428 καὶ
795 375 871 428 οὐ
883 371 1314 443 φοϐηθήσομαι
1341 372 1399 426 τι
1428 356 1670 438 ποιήσει
1692 389 1796 442 μοι

225 474 556 539 ἄνθρωπος.
603 463 916 537 Ἠρώτησεν
946 466 975 517 6
999 463 1226 534 ἀδελφὸς
1262 464 1366 528 ὅτι,
1409 463 1539 517 Ἰδοὺ
1585 462 1796 536 ἄνθρω-

228 580 332 627 πος
356 559 495 631 δέρει
511 557 604 611 τὸν
623 554 810 609 δοῦλον
824 554 992 609 αὐτοῦ
1012 555 1083 608 δι’
1100 554 1377 625 ἁμαρτίαν
1395 555 1462 625 ἢν
1483 553 1707 626 ἔπραξε.
1730 554 1795 608 Τί

234 652 348 721 ipsi
371 651 398 701 6
419 645 637 710 δοῦλοςς
663 643 827 712 Λέγει
859 644 889 696 6
921 643 1128 714 γέρωνο
1175 643 1301 698 Ἐάν
1328 645 1444 697 ἐστι
1472 643 1658 708 δοῦλος
1691 661 1795 698 κα-

235 741 337 803 λὸς,
365 739 511 809 ὲρεί·
561 733 816 805 Ἐλέησόν
865 749 958 804 με,
989 733 1309 804 ἡμάρτηκα.
1364 733 1529 802 Λέγει
1574 732 1724 804 αὑτῷ
1766 733 1796 786 ὁ

235 831 475 902 ἀδελφός·
510 827 676 881 Οὐδὲν
711 825 839 880 ἄλλο
869 823 1046 892 λέγει;
1097 823 1261 892 Λέγει
1305 826 1335 878 6
1375 824 1586 896 γέρωνο
1639 825 1792 895 Οὐχί.

246 914 428 991 ποθ
457 919 568 990 γὰρ
594 919 694 990 τὴν
714 915 920 988 μέμψιν
941 914 1174 969 mea
1194 915 1280 986 ὲφ’
1301 916 1496 987 ἑαυτῷ,
1519 916 1614 971 και
1641 916 1792 988 εεπην

240 1011 581 1083 Ἢμάρτηκα,
621 1007 824 1070 εὐθέως
875 1005 1298 1076 σπλαγχνίζεται
1333 1008 1420 1060 ἐπ’
1456 1006 1608 1078 αὑτῷ
1636 1010 1665 1061 6
1706 1006 1798 1059 κύ-

229 1123 338 1178 ριος
370 1103 563 1159 αὑτοῦ.
595 1102 762 1165 Τέλος
791 1100 849 1154 δὲ
879 1099 1086 1153 τούτων
1132 1100 1372 1166 πάντων,
1407 1101 1467 1155 τὸ
1494 1101 1569 1173 μὴ
1614 1104 1795 1173 κρῖναι

227 1196 310 1250 τὸν
338 1195 586 1267 πλησίον.
617 1194 748 1246 Ὅτε
775 1190 885 1263 γὰρ
914 1193 947 1262 ἠ
976 1192 1096 1262 χεὶρ
1133 1192 1336 1261 Κυρίου
1371 1191 1660 1246 ἀπέκτεινε
1688 1194 1796 1247 πᾶν

226 1288 564 1360 πρωτότοκον
592 1287 649 1339 ὲν
677 1287 748 1356 γῇ
781 1282 1060 1355 Αἰγύπτῳ,
1095 1284 1194 1338 οὐκ
1219 1280 1288 1355 ἦν
1331 1279 1478 1349 οἶκος
1507 1278 1569 1338 οὗ
1595 1285 1695 1340 οὐκ
1727 1281 1797 1357 ἦν

226 1383 279 1434 ἐν
311 1379 462 1451 αὐτῷ
483 1377 778 1449 τεθνηκώς.
808 1375 968 1444 Λέγει
991 1375 1139 1446 αὐτῷ
1161 1377 1190 1430 6
1226 1376 1454 1445 ἀδελφός
1473 1392 1486 1406 ⁸
1520 1377 1615 1440 Τίς
1650 1379 1796 1430 ἐστιν

224 1477 252 1529 6
273 1473 436 1541 λόγος
478 1465 666 1535 οὗτος
702 1468 865 1536 Λέγει
894 1467 1044 1539 αὐτῷ
1064 1469 1093 1521 6
1124 1467 1303 1540 γέρων
1336 1468 1438 1533 ὅτι,
1475 1468 1600 1522 Ἐὰν
1648 1471 1795 1539 ἡμᾶς

225 1563 456 1620 ἐάσωσιν
470 1563 518 1596 ⁸⁸
553 1563 682 1616 ἰδεῖν
720 1561 821 1624 τὰς
858 1560 1130 1632 ἁμαρτίας
1163 1559 1342 1632 ἡμῶν,
1383 1561 1442 1614 οὐ
1487 1559 1562 1631 μὴ
1598 1559 1796 1629 ἴδωμεν

1896 375 2041 430 mebo
2109 375 2234 445 quid
2284 376 2450 446 faciat
2493 377 2620 432 mihi
2651 379 2804 434 homo
2831 380 2898 432 “.
2927 381 3118 436 Adhuc
3153 381 3470 440 sciscitatus

1894 473 1979 521 est
2012 465 2218 522 frater:
2250 465 2390 523 Ecce
2422 467 2585 524 homo
2613 469 2861 526 verberat
2891 486 3106 526 servum
3155 487 3336 540 suum,
3367 473 3466 528 de-

1895 556 2009 611 licti
2027 570 2193 611 causa
2219 558 2362 627 quod
2387 559 2686 626 commisit,
2709 561 2838 630 quid
2862 559 3109 618 dicturus
3135 573 3221 620 est
3241 564 3470 620 servus?

1895 643 2034 700 Tum
2070 661 2236 702 senex
2262 665 2275 700 :
2301 647 2358 702 Si
2394 663 2585 704 servus
2625 650 2830 719 probus
2869 651 2962 715 sit,
3004 652 3180 707 dicet:
3210 653 3466 709 Miserere

1894 736 2030 804 mei;
2062 740 2300 808 peccavi.
2343 739 2569 796 Frater:
2600 741 2816 798 Nihilne
2860 744 3007 798 aliud
3055 744 3332 814 proferet?
3368 747 3466 804 Se-

1895 844 2043 886 nex:
2082 829 2221 885 Non.
2261 829 2335 885 Ex
2365 846 2474 902 quo
2502 832 2647 887 enim
2676 835 2889 904 culpam
2925 834 2980 888 in
3020 851 3078 890 se
3112 838 3375 904 posuerit,
3409 848 3466 893 et

1895 919 2073 978 fassus
2123 923 2285 978 fuerit
2324 938 2576 994 peccasse
2618 940 2698 992 se,
2743 926 3032 982 confestim
3086 927 3464 985 misericordia

1895 1027 2024 1084 erga
2053 1014 2206 1068 illum
2236 1023 2484 1070 movetur
2510 1016 2783 1072 dominus.
2812 1017 2986 1073 Porro
3014 1019 3208 1074 horum
3239 1029 3466 1075 cuncto-

1895 1119 2016 1158 rum
2057 1120 2268 1161 summa
2308 1113 2426 1172 est,
2476 1123 2586 1162 non
2624 1107 2874 1178 judicare
2919 1111 3226 1180 proximum
3281 1126 3464 1166 suum.

1894 1195 2030 1250 Nam
2061 1198 2276 1268 quando
2300 1213 2491 1255 manus
2513 1199 2724 1255 Domini
2760 1217 2918 1258 omne
2957 1202 3374 1272 primOgenitum
3412 1201 3465 1256 in
3537 1205 3542 1210 ’

1894 1295 2041 1343 terra
2077 1287 2299 1360 Egypti
2346 1289 2616 1346 interiecit
2645 1332 2660 1359 ,
2713 1307 2820 1347 non
2869 1299 2987 1347 erat
3027 1293 3223 1348 domus
3258 1293 3312 1348 in
3359 1308 3465 1362 qua

1895 1393 2005 1433 non
2040 1386 2187 1435 esset
2219 1388 2470 1435 mortuus
2497 1381 2655 1451 (55).
2687 1380 2840 1437 Tunc
2863 1381 3034 1438 frater
3053 1383 3119 1438 ad
3141 1399 3264 1438 eum
3291 1382 3464 1448 :Quid

1894 1477 1978 1525 est
2006 1469 2108 1524 hoc
2145 1469 2330 1525 verbi?
2358 1472 2422 1525 Et
2464 1487 2629 1526 senex
2677 1473 2792 1528 illi:
2827 1473 2882 1528 Si
2929 1474 3085 1529 nobis
3116 1474 3466 1544 permiserint

1896 1561 2080 1616 videre
2108 1569 2326 1631 peccata
2357 1570 2568 1627 nostra,
2611 1579 2721 1618 non
2763 1579 3052 1619 cernemus
3084 1571 3309 1633 peccata
3341 1581 3467 1635 pro-

222 1657 320 1722 τάς
351 1655 625 1726 ἁμαρτίας
645 1653 742 1707 τοῦ
779 1652 1027 1724 πλησίον.
1059 1652 1256 1722 Μωρία
1280 1653 1388 1723 γάρ
1410 1654 1558 1706 ἐστιν
1583 1651 1795 1724 ἀνθρώ-

1899 1652 2052 1708 ximi.
2102 1651 2345 1709 Stultitia
2379 1655 2580 1725 quippe
2607 1664 2693 1711 est
2740 1656 2946 1710 homini
2986 1663 3260 1710 mortuum
3303 1670 3463 1711 suum

223 1766 331 1820 πῳ,
385 1748 563 1818 ἔχοντι
611 1746 702 1800 τὸν
757 1745 953 1800 ἑαυτοῦ
989 1745 1202 1817 νεκρὸν,
1231 1746 1449 1814 ἀφεῖναι
1492 1745 1653 1798 αὑτὸν
1700 1745 1794 1799 καὶ

222 1841 479 1896 ἀπελθεῖν
508 1837 738 1893 κλαῦσαι
781 1839 873 1892 τὸν
904 1837 1000 1892 τοῦ
1039 1838 1286 1908 πλησίον.
1318 1837 1392 1891 Τὸ
1417 1837 1708 1892 ἀποθανεῖν
1737 1837 1796 1891 δὲ

223 1933 330 1986 άπὸ
379 1931 478 1985 τοῦ
525 1931 747 2000 πλησίον
779 1946 905 1995 σου,
937 1929 1095 1983 τοῦτό
1135 1931 1252 1983 ἐστι
1285 1929 1347 1982 τὸ
1389 1929 1656 2000 βαστάσαι
1699 1946 1793 1983 σου

220 2026 322 2088 τὰς
351 2023 647 2094 ἁμαρτίας,
673 2021 764 2076 καὶ
787 2023 1112 2094 άμεριμνεῐν
1133 2022 1242 2076 ἀπὸ
1257 2022 1459 2086 παντὸς
1480 2020 1790 2092 ἀνθρώπου,

220 2119 303 2170 ὃτι
338 2109 498 2179 οὗτος
544 2114 702 2176 καλός
734 2115 902 2178 ἐστιν,
936 2111 970 2183 ἢ
999 2107 1153 2177 οὗτος
1197 2113 1384 2178 κακός.
1432 2114 1523 2184 Μὴ
1563 2115 1795 2184 ποιήσῃς

221 2208 395 2262 κακὸν
434 2206 620 2277 μηδενὶ
645 2203 936 2275 ἀνθρώπῳ,
971 2203 1108 2275 μηδὲ
1135 2203 1350 2273 λογίζου
1375 2204 1608 2276 πονηρὸν
1649 2205 1706 2256 ἐν
1725 2206 1792 2275 τῇ

222 2297 420 2369 καρδίᾳ
445 2311 538 2348 σου
584 2295 664 2358 εῐς
689 2310 840 2346 τιναο
875 2292 1008 2364 μηδὲ
1040 2292 1398 2364 ὲξουδενώσῃς
1428 2293 1548 2348 τινὰ
1576 2292 1792 2347 ποιοῦν·-

220 2406 290 2444 τα
309 2388 479 2442 κακόν
500 2403 514 2420 ο
549 2386 686 2458 μηδὲ
704 2384 932 2454 πεισθῇς
946 2384 1025 2454 τῷ
1048 2383 1428 2438 κακοποιοῦντι
1458 2385 1548 2438 τὸν
1571 2385 1794 2455 πλησίον

221 2479 409 2544 αὑτοῦ,
456 2478 592 2549 μηδὲ
645 2480 800 2548 χαῖρε
850 2474 989 2546 μετὰ
1033 2475 1126 2529 τοῦ
1178 2475 1455 2538 ποιοῦντος
1499 2476 1665 2529 κακὸν
1716 2474 1795 2546 τῷ

221 2571 450 2643 πλησίον
495 2568 664 2624 αὐτοῦ
685 2585 696 2596 ·
739 2567 813 2639 μὴ
860 2566 1242 2640 καταλαλήσῃς
1267 2567 1423 2621 ιιςινά⁸
1465 2566 1604 2620 ἀλλὰ
1634 2567 1790 2635 λέγεο

229 2668 286 2720 ’0
319 2665 456 2728 Θεὸς
486 2663 748 2732 γινώσκει
776 2661 1025 2714 ἕκαστον·
1054 2659 1128 2730 μὴ
1154 2657 1496 2730 ωμπεισθῇς
1531 2657 1668 2729 μετά
1699 2657 1792 2711 τοῦ

221 2753 672 2816 ηταλαλοῦντος,
705 2750 840 2822 μηδὲ
875 2750 1153 2819 συγχαρῇς
1175 2745 1312 2818 μετὰ
1339 2747 1439 2817 τῆς
1466 2745 1796 2809 καταλαλιάς

223 2844 410 2911 αὑτοῦ,
437 2845 573 2916 μηδὲ
628 2843 867 2915 μισήσῃς
892 2839 983 2893 τὸν
1011 2837 1416 2894 καταλαλοῦντα
1447 2838 1540 2892 τὸν
1569 2836 1795 2908 πλησίον

221 2939 412 2994 αὐτοῦ.
437 2936 544 2989 Καὶ
565 2933 723 2988 τοῦτό
739 2935 854 2986 ἐστι
883 2929 945 2984 τὸ
974 2930 1048 3002 μὴ
1071 2930 1333 3002 κρῖναιθι.
1362 2929 1452 3000 Μὴ
1475 2928 1565 2998 ἔχε
1593 2927 1793 2998 ἔχθραν

227 3031 364 3101 μετά
396 3045 540 3091 τινος
592 3024 900 3095 ἀνθρώπου,
949 3023 1045 3076 καὶ
1084 3023 1158 3094 μὴ
1193 3022 1472 3094 κρατήσῃς
1504 3020 1702 3093 ἔχθραν
1735 3020 1795 3073 ὲν

223 3125 284 3193 τῇ
315 3120 522 3191 καρδία
556 3135 680 3172 σου·
715 3117 790 3189 μὴ
840 3119 1077 3189 μισήσῃς
1129 3115 1219 3168 τὸν
1274 3113 1624 3185 έχθραίνοντα
1661 3111 1798 3182 μετὰ

220 3215 313 3268 τοῦ
347 3213 598 3285 πλησίον.
632 3211 744 3265 Καὶ
779 3209 916 3282 αὕτη
956 3209 1102 3263 ἐστὶν
1139 3207 1173 3277 ή
1227 3208 1438 3277 εἰρήνη.
1482 3205 1570 3258 Ἐν
1589 3203 1799 3268 τούτοις

223 3308 418 3361 ἑαυτὸν
464 3303 805 3376 παρακάλειο
839 3303 976 3374 πρὸς
1019 3300 1200 3367 ὀλίγον
1250 3298 1438 3370 χρόνον
1464 3299 1494 3350 6
1528 3295 1796 3367 κάματος,

220 3399 314 3453 καὶ
358 3399 443 3461 είς
481 3397 570 3450 ἀεὶ
605 3397 638 3466 ή
682 3394 1011 3458 ἀνάπαυσις,
1052 3390 1235 3462 χάριτι
1279 3387 1374 3442 τοῦ
1427 3387 1562 3442 Θεοῦ
1600 3386 1800 3455 Λόγου.

205 3530 208 3531 ν
232 3491 437 3562 ’Δμήν.

628 3597 770 3667 Περὶ
797 3595 904 3651 τοῦ
926 3594 1077 3651 ἀσϐᾶ
1103 3595 1306 3662 Ματόη
1330 3594 1398 3649 ⁸³.

290 3697 367 3747 α’.
415 3688 643 3759 Ἔλεγεν
679 3690 708 3742 6
735 3686 910 3751 άδσᾶς
938 3685 1191 3757 Ματόης·
1223 3684 1372 3738 Θέλω
1397 3681 1654 3756 ἐργασίαν
1677 3681 1804 3736 έλα-

1894 1741 2134 1808 habenti,
2158 1743 2464 1814 relinquere
2497 1747 2695 1816 ipsum,
2721 1755 2884 1818 atque
2915 1745 3186 1818 proﬁcisci
3215 1747 3284 1801 ad
3305 1747 3465 1818 plan-

1893 1833 2128 1903 gendum
2165 1845 2439 1890 mortuum
2471 1839 2722 1908 proximi.
2758 1839 2890 1894 Mori
2938 1847 3119 1895 autem
3163 1855 3290 1910 erga
3337 1855 3466 1911 pro-

1893 1925 2098 1980 ximum
2126 1935 2301 1993 tuum,
2330 1928 2463 1984 illud
2491 1937 2598 1995 εει,
2642 1939 2861 2000 portare
2891 1930 3088 1987 delicta
3127 1939 3239 1996 tua.
3270 1948 3372 1988 nec
3396 1933 3466 1988 de

1893 2030 2167 2085 quoquam
2207 2017 2426 2073 honiilie
2458 2033 2580 2076 esse
2620 2021 2938 2086 sollicitum,
2983 2023 3129 2092 quod
3161 2025 3250 2079 ille
3284 2023 3464 2078 bonus

1892 2107 1982 2169 sit,
2020 2114 2116 2160 aut
2139 2107 2227 2161 ille
2255 2108 2451 2163 malus.
2482 2108 2560 2164 Ne
2592 2109 2932 2166 malefeceris
2964 2112 3057 2165 ulli
3089 2112 3330 2178 homini;
3358 2128 3460 2169 nec

1893 2198 1948 2254 in
1981 2207 2074 2252 tuo
2102 2199 2267 2254 corde
2299 2202 2536 2271 cogitato
2583 2203 2783 2256 malum
2825 2203 3092 2258 adversus
3132 2203 3459 2272 quemlibet;

1893 2305 2072 2360 neque
2099 2292 2494 2362 contempseris
2521 2295 2827 2363 quempiam
2860 2309 3025 2365 prave
3053 2303 3333 2366 agentem;
3367 2307 3464 2352 aut

1893 2382 2246 2437 conscnseris
2300 2396 2426 2436 cum
2469 2397 2536 2437 eo
2575 2383 2668 2454 qui
2717 2385 3022 2454 proximum
3063 2401 3223 2442 suum
3261 2396 3460 2454 vexat;

1894 2478 1947 2526 et
1969 2471 2077 2526 noli
2101 2470 2338 2543 gaudere
2365 2489 2490 2527 cum
2524 2473 2616 2530 illo
2645 2475 2736 2546 qui
2765 2476 3073 2545 proximum
3107 2476 3248 2532 malo
3277 2476 3462 2531 allicit.

1892 2562 1974 2616 Ad
2018 2563 2152 2626 haec,
2180 2578 2249 2618 ne
2278 2563 2550 2618 ullatenus
2577 2565 2930 2634 obloquaris;
2964 2566 3059 2622 sed
3087 2565 3252 2621 dicito
3278 2583 3292 2621 :
3321 2565 3466 2623 Deus

1895 2668 2336 2724 unumquemque
2371 2657 2672 2726 cognoscit.
2713 2655 2792 2712 Ne
2820 2659 3170 2714 consenseris
3206 2674 3331 2714 cum
3369 2659 3468 2714 ob-

1895 2745 2161 2808 locutore,
2190 2759 2366 2814 neque
2397 2745 2684 2802 collaeteris
2721 2748 2774 2801 in
2803 2747 3142 2804 detractione
3183 2749 3325 2818 ejus,
3353 2763 3465 2804 non

1895 2848 2075 2892 tamen
2113 2835 2240 2891 odio
2277 2836 2504 2893 habebis
2532 2837 2912 2895 detractorem.
2949 2837 3015 2892 Et
3064 2838 3171 2893 hoc
3209 2847 3314 2902 est,
3356 2853 3466 2895 non

1893 2927 2162 2997 judicare.
2201 2925 2322 2982 Noli
2362 2927 2678 2984 inimicitias
2725 2930 3005 2998 suscipere
3057 2945 3179 2985 cum
3222 2930 3336 2984 ullo
3375 2929 3468 2984 ho-

1899 3018 2066 3079 mine,
2107 3031 2208 3071 nec
2239 3016 2534 3072 retinueris
2559 3016 2912 3072 hostilitatem
2935 3017 2989 3072 in
3014 3016 3180 3072 corde
3204 3024 3297 3090 tuo
3317 3031 3332 3081 ;
3356 3030 3465 3069 non

1899 3111 2024 3168 odio
2052 3111 2399 3182 prosequeris
2436 3126 2560 3165 eum
2595 3109 2738 3165 inter
2766 3125 2927 3180 quem
2965 3118 3018 3164 et
3057 3110 3362 3180 proximum
3391 3107 3470 3164 si-

1898 3207 2156 3260 muttates
2201 3203 2564 3259 intercedunt.
2599 3203 2775 3272 Atque
2819 3202 2934 3258 haec
2960 3211 3046 3258 est
3076 3217 3198 3273 pax.
3247 3202 3307 3257 In
3347 3202 3471 3258 istis

1900 3298 2135 3367 teipsum
2165 3295 2471 3351 consolare.
2502 3293 2584 3348 Ad
2613 3294 2777 3349 breve
2809 3301 3025 3365 tempus
3052 3293 3228 3363 labor,
3259 3294 3315 3349 in
3357 3308 3475 3366 per-

1901 3396 2124 3460 petuum
2157 3386 2408 3457 requies;
2439 3385 2614 3458 gratia
2647 3384 2743 3444 Dei
2773 3382 2959 3442 Verbi.
3000 3384 3194 3442 Amen.

2425 3590 2504 3643 De
2535 3585 2725 3642 abbate
2754 3584 2954 3640 llatae.

1973 3679 2027 3734 ι.
2065 3675 2201 3750 (36)
2226 3675 2450 3732 Dicebat
2492 3675 2663 3731 abbas
2709 3673 2913 3730 Matoes
2953 3692 2967 3730 :
3007 3670 3150 3727 Malo
3199 3673 3477 3743 operatio-

219 3783 373 3854 φρὰν
400 3781 497 3835 καὶ
526 3779 893 3852 ἐμμένουσαν,
925 3778 961 3849 ἢ
1003 3776 1260 3831 ἐπίπονον
1286 3775 1348 3841 ἐξ
1386 3774 1560 3846 ἀρχῆς
1589 3773 1684 3827 καὶ
1713 3789 1795 3826 τα-

1904 3784 2029 3826 nem
2048 3769 2219 3825 levem
2237 3781 2304 3822 ac
2321 3776 2747 3839 permanentem,
2761 3779 2925 3836 quam
2944 3764 3103 3819 initio
3118 3763 3472 3828 laboriosam,

218 3875 365 3942 χέως
397 3869 822 3942 ὲκκοπτομένην.

293 3961 366 4033 β’.
398 3957 539 4016 Εἷπε
564 3960 761 4015 πάλινο
791 3961 956 4014 Ὅσον
1004 3957 1214 4028 ἐγγίζει
1243 3957 1529 4028 ἄνθρωπος
1555 3953 1633 4026 τῷ
1663 3952 1802 4020 Θεῷ,

1904 3861 2000 3916 sed
2025 3859 2137 3915 cito
2161 3859 2475 3915 intercisam
2503 3873 2568 3913 ac
2594 3856 2962 3914 desinentem.

1971 3951 2027 4006 2.
2061 3950 2194 4022 (37)
2251 3949 2397 4004 Dixit
2435 3949 2630 4006 iterum
2669 3967 2683 4004 :
2721 3947 2997 4015 Quantum
3043 3946 3208 4002 homo
3239 3944 3348 4001 Deo
3381 3960 3476 4016 ap-

216 4052 484 4107 τοσοῦτον
519 4049 842 4123 ἁμαρτωλὸν
872 4047 1064 4102 ἑαυτὸν
1099 4047 1305 4118 βλέπει.
1351 4045 1579 4108 Ἦσαῖας
1626 4041 1734 4113 γάρ
1777 4041 1795 4094 ί

1907 4043 2260 4115 propinquat,
2290 4049 2500 4097 tantum
2531 4056 2593 4098 se
2621 4047 2962 4113 peceatorem
2989 4039 3259 4111 agnoscit.
3303 4036 3478 4094 Isaias

215 4146 518 4217 προφήτης
571 4141 696 4197 ιδὼν
733 4139 826 4195 τὸν
871 4139 1006 4194 Θεὸν
1025 4139 1096 4206 ⁸³,
1127 4139 1294 4194 τάλαν
1347 4137 1444 4192 καὶ
1499 4134 1795 4206 ἀκάθαρτοι

1907 4135 2053 4191 enim
2083 4133 2348 4205 propheta
2386 4133 2458 4200 ⁸⁸,
2508 4131 2678 4188 Deum
2709 4130 2922 4197 videns,
2965 4129 3226 4186 miserum
3253 4143 3314 4185 se
3339 4128 3481 4184 allii-

216 4239 415 4307 ιλεγεν
439 4234 649 4290 ἑαυτόν.

1910 4226 2096 4284 mabat
2122 4233 2177 4280 et
2207 4222 2570 4279 immundum.

287 4335 369 4398 γ’.
408 4327 608 4395 Ἔλεγε
637 4325 834 4382 πάλιν·
872 4325 1001 4380 Ὅτε
1031 4324 1178 4395 ἥμην
1223 4321 1506 4394 νειὶιτερος,
1532 4320 1716 4388 ελεγον
1747 4320 1795 4374 ὲκ

1980 4318 2034 4373 5.
2064 4315 2259 4371 Aiebat
2280 4321 2545 4385 praeterea
2572 4330 2593 4368 :
2610 4309 2842 4378 Quando
2869 4325 3019 4368 eram
3043 4310 3284 4382 juvenis,
3317 4324 3484 4382 repu-

219 4419 413 4490 ιαυτῷ
444 4421 554 4483 ὅτι,
587 4418 743 4488 Τάχα
771 4417 824 4470 τί
848 4433 979 4470 ποτε
1014 4414 1314 4486 ἐργάζομαι
1349 4412 1583 4483 ἀγαθόν·
1611 4413 1706 4467 νῦν
1749 4413 1795 4466 6i

1905 4409 2088 4465 tabam
2114 4406 2258 4477 apud
2286 4421 2373 4461 me
2393 4423 2408 4460 :
2429 4404 2592 4460 Forte
2613 4401 2820 4474 aliquid
2847 4402 2978 4458 boni
3000 4402 3310 4474 operabor;
3336 4416 3486 4456 nune

213 4509 295 4572 ὡς
331 4510 614 4578 ὲγήρασα,
650 4505 833 4577 βλέπω
868 4506 950 4559 ὅτι
981 4505 1082 4558 οὑκ
1126 4503 1236 4574 ἔχω
1282 4502 1340 4558 ἓν
1361 4502 1520 4575 ἔργον
1544 4501 1708 4556 καλὸν
1749 4503 1795 4555 ti

1905 4514 2036 4557 vero
2067 4505 2356 4569 postquam
2387 4496 2564 4562 senui,
2598 4494 2757 4550 video
2788 4493 2937 4565 quod
2974 4508 3044 4550 ne
3070 4507 3240 4548 unum
3263 4492 3484 4563 quidem

218 4599 491 4670 ἐμαυτῷ.

1907 4592 2112 4649 bonum
2145 4605 2285 4662 opus
2313 4589 2368 4644 in
2397 4603 2486 4644 me
2512 4587 2768 4650 habeam.

288 4692 364 4746 δ’.
404 4686 542 4744 Eine
574 4689 769 4745 πάλιν·
798 4689 914 4743 Οὐκ
944 4681 1086 4742 οἶδεν
1121 4675 1151 4741 6
1185 4685 1431 4749 Σατανᾶς
1464 4684 1604 4756 ποίῳ
1650 4682 1789 4738 πάθε

1980 4683 2036 4738 4.
2068 4681 2446 4754 (58)Rursus
2488 4675 2880 4735 dixit:Nescit
2931 4674 3204 4738 Satanas,
3261 4671 3481 4727 cuinam

216 4785 464 4854 ἡττᾶται
483 4785 519 4854 ἡ
547 4782 716 4854 ψυχή.
752 4781 974 4854 Σπείρει
1015 4780 1132 4852 μὲν,
1156 4779 1271 4834 ἀλλ’
1294 4778 1394 4832 οὐκ
1421 4772 1560 4832 οἶδεν
1593 4777 1642 4829 εί
1668 4775 1795 4847 θερίι

1909 4775 2047 4833 vitio
2075 4773 2397 4830 succumbet
2438 4771 2642 4827 anima.
2685 4768 2932 4826 Seminat
2963 4766 3205 4838 quidem,
3237 4775 3293 4818 at
3331 4764 3488 4832 igno-

219 4853 348 4927 σειο
387 4853 516 4936 τοὺς
547 4871 646 4943 μὲν
685 4871 812 4943 περὶ
860 4853 1136 4943 πορνείας,
1165 4870 1290 4933 τοὺς
1313 4867 1370 4920 δὲ
1404 4867 1531 4939 περὶ
1575 4865 1795 4920 καταλα·

1912 4874 2000 4922 rat
2040 4881 2111 4920 an
2143 4880 2431 4921 messurus
2467 4865 2577 4928 sit;
2613 4862 2749 4919 serit
2781 4858 3138 4932 cogitationes
3171 4865 3285 4911 tum
3313 4853 3488 4908 forni-

219 4964 350 5026 λιᾶς
410 4961 729 5033 λογισμοὺς,
769 4961 866 5015 καὶ
908 4960 1110 5031 ὁμοίως
1161 4957 1232 5011 τά
1281 4955 1444 5010 λοιπά
1481 4955 1652 5026 πάθη.
1707 4955 1795 5006 Κά

1913 4959 2170 5022 cationis,
2207 4967 2320 5013 tum
2352 4955 2743 5021 detractionis,
2787 4952 3061 5022 similique
3090 4948 3251 5003 modo
3288 4946 3341 5001 in
3383 4959 3486 4998 cae-

218 5057 305 5120 είς
350 5048 470 5109 οἷον
521 5054 693 5119 πάθος
742 5054 826 5127 ῐδῃ
874 5055 973 5126 τὴν
1025 5052 1201 5126 ψυχὴν
1256 5051 1535 5118 κλίνασαν,
1591 5066 1793 5123 χορηγε

1914 5051 2050 5106 teris
2078 5050 2228 5106 vitiis
2269 5056 2369 5105 :et
2395 5047 2482 5129 'ad
2526 5061 2688 5118 quem
2730 5059 2956 5115 pravum
2993 5041 3245 5096 aﬂ‘ectum
3288 5035 3484 5092 viderit

221 5149 400 5218 αῆο
1917 5143 2156 5197 animam
2193 5138 2644 5213 propendentem,
2676 5137 2851 5193 eidem
2888 5135 3084 5189 anima:
3118 5129 3450 5201 suppeditat.

291 5261 348 5333 '3
402 5261 487 5333 ΑΙ·
519 5259 854 5333 προσκῶμεγν
889 5259 1024 5333 sine
1055 5261 1222 5333 ήμᾷς·
1335 5259 1380 5295 ⁸³
1408 5258 1493 5316 Al.
1548 5259 1760 5333 κρίνετε

1894 5298 1895 5306 η
1933 5257 1996 5311 οὗ
2061 5257 2136 5328 μὴ
2167 5257 2413 5328 κριθῆτε.
2504 5254 2549 5286 ⁸³
2581 5253 2668 5308 Al.
2721 5250 2948 5322 Ματώη.
3059 5250 3106 5284 ⁸³
3137 5248 3227 5304 Al.
3262 5243 3488 5318 Κύριον.

225 5326 271 5358 ⁸⁸
299 5330 459 5386 Psal.
484 5326 766 5396 mune:
809 5330 856 5363 ⁸⁸
887 5329 993 5387 lsa.
1023 5326 1109 5399 vi,
1136 5331 1187 5386 5.

407 5515 426 5583 )
465 5513 696 5569 Doroth.
723 5513 906 5570 Doctr.
939 5513 992 5569 6.
1994 5512 2104 5584 (37)
2288 5507 2441 5584 Eatr.
2465 5521 2576 5584 xv,_
2591 5505 2686 5584 g8.

407 5515 426 5583 )
465 5514 696 5569 Doroth.
723 5514 906 5570 Doctr.
939 5514 992 5569 6.

297 5514 426 5658 ἐξ)
478 5585 583 5640 Vit.
619 5585 768 5640 Patr.
791 5602 887 5650 vn,
923 5584 1003 5641 il.

1995 5575 2106 5652 (38)
2152 5579 2256 5636 Vit.
2286 5577 2438 5634 Patr.
2466 5593 2521 5648 x,
2549 5575 2639 5634 55.
