  <div class='ocr_page' id='page_1' title='image "/cluster/home/n/w/nwhite01/storage/ocr_20150623/65/hvd.32044073501967/151.png"; bbox 0 0 4012 6208; ppageno 0'>
   <div class='ocr_carea' id='block_1_1' title="bbox 531 216 630 273">
    <p class='ocr_par' dir='ltr' id='par_1_1' title="bbox 531 216 630 273">
     <span class='ocr_line' id='line_1_1' title="bbox 531 216 630 273; baseline 0.01 -1"><span class='ocrx_word' id='word_1_1' title='bbox 531 216 630 273; x_wconf 73' lang='grc'><strong>291</strong></span> 
     </span>
    </p>
   </div>
   <div class='ocr_carea' id='block_1_2' title="bbox 536 414 2115 488">
    <p class='ocr_par' dir='ltr' id='par_1_2' title="bbox 536 414 2115 488">
     <span class='ocr_line' id='line_1_2' title="bbox 536 414 2115 488; baseline -0.003 -12"><span class='ocrx_word' id='word_1_2' title='bbox 536 421 658 488; x_wconf 84' lang='lat' dir='ltr'><strong>Quo</strong></span> <span class='ocrx_word' id='word_1_3' title='bbox 699 420 864 476; x_wconf 86' lang='lat' dir='ltr'><strong>modo</strong></span> <span class='ocrx_word' id='word_1_4' title='bbox 895 415 1151 471; x_wconf 72' lang='lat' dir='ltr'><strong>Scetiotae</strong></span> <span class='ocrx_word' id='word_1_5' title='bbox 1187 416 1311 486; x_wconf 84' lang='lat' dir='ltr'><strong>plus</strong></span> <span class='ocrx_word' id='word_1_6' title='bbox 1357 414 1600 470; x_wconf 86' lang='lat' dir='ltr'><strong>facerent</strong></span> <span class='ocrx_word' id='word_1_7' title='bbox 1629 431 1795 486; x_wconf 88' lang='lat' dir='ltr'><strong>quam</strong></span> <span class='ocrx_word' id='word_1_8' title='bbox 1835 417 2115 488; x_wconf 76' lang='lat' dir='ltr'><strong>Scriptura</strong></span> 
     </span>
    </p>
   </div>
   <div class='ocr_carea' id='block_1_3' title="bbox 536 508 2116 585">
    <p class='ocr_par' dir='ltr' id='par_1_3' title="bbox 536 508 2116 585">
     <span class='ocr_line' id='line_1_3' title="bbox 536 508 2116 585; baseline -0.004 -17"><span class='ocrx_word' id='word_1_9' title='bbox 536 512 838 585; x_wconf 74' lang='lat' dir='ltr'><strong>przecipiat,</strong></span> <span class='ocrx_word' id='word_1_10' title='bbox 871 508 1146 580; x_wconf 76' lang='lat' dir='ltr'><strong>diligendo</strong></span> <span class='ocrx_word' id='word_1_11' title='bbox 1188 508 1442 565; x_wconf 90' lang='lat' dir='ltr'><strong>inimicos</strong></span> <span class='ocrx_word' id='word_1_12' title='bbox 1484 522 1616 563; x_wconf 89' lang='lat' dir='ltr'><strong>suos</strong></span> <span class='ocrx_word' id='word_1_13' title='bbox 1666 509 1787 577; x_wconf 88' lang='lat' dir='ltr'><strong>plus</strong></span> <span class='ocrx_word' id='word_1_14' title='bbox 1827 523 1990 578; x_wconf 89' lang='lat' dir='ltr'><strong>quam</strong></span> <span class='ocrx_word' id='word_1_15' title='bbox 2037 523 2116 562; x_wconf 87' lang='lat' dir='ltr'><strong>se.</strong></span> 
     </span>
    </p>
   </div>
   <div class='ocr_carea' id='block_1_4' title="bbox 535 595 2118 668">
    <p class='ocr_par' dir='ltr' id='par_1_4' title="bbox 535 595 2118 668">
     <span class='ocr_line' id='line_1_4' title="bbox 535 595 2118 668; baseline -0.003 -15"><span class='ocrx_word' id='word_1_16' title='bbox 535 600 628 653; x_wconf 90' lang='lat' dir='ltr'><strong>Ait</strong></span> <span class='ocrx_word' id='word_1_17' title='bbox 656 599 702 653; x_wconf 88' lang='lat' dir='ltr'><strong>ei</strong></span> <span class='ocrx_word' id='word_1_18' title='bbox 739 597 908 652; x_wconf 82' lang='lat' dir='ltr'>abbas</span> <span class='ocrx_word' id='word_1_19' title='bbox 939 595 1146 652; x_wconf 83' lang='lat' dir='ltr'><strong>Matoes</strong></span> <span class='ocrx_word' id='word_1_20' title='bbox 1174 615 1186 650; x_wconf 91' lang='lat'><strong>:</strong></span> <span class='ocrx_word' id='word_1_21' title='bbox 1219 595 1330 666; x_wconf 77' lang='lat' dir='ltr'><strong>Ego</strong></span> <span class='ocrx_word' id='word_1_22' title='bbox 1359 611 1492 652; x_wconf 85' lang='lat' dir='ltr'><strong>sane</strong></span> <span class='ocrx_word' id='word_1_23' title='bbox 1519 611 1645 652; x_wconf 90' lang='lat' dir='ltr'><strong>eum</strong></span> <span class='ocrx_word' id='word_1_24' title='bbox 1678 597 1771 668; x_wconf 87' lang='lat' dir='ltr'><strong>qui</strong></span> <span class='ocrx_word' id='word_1_25' title='bbox 1805 611 1892 652; x_wconf 89' lang='lat' dir='ltr'><strong>me</strong></span> <span class='ocrx_word' id='word_1_26' title='bbox 1916 596 2118 668; x_wconf 80' lang='lat' dir='ltr'><strong>diligit,</strong></span> 
     </span>
    </p>
   </div>
   <div class='ocr_carea' id='block_1_5' title="bbox 537 687 1358 758">
    <p class='ocr_par' dir='ltr' id='par_1_5' title="bbox 537 687 1358 758">
     <span class='ocr_line' id='line_1_5' title="bbox 537 687 1358 758; baseline -0.002 -14"><span class='ocrx_word' id='word_1_27' title='bbox 537 705 649 745; x_wconf 88' lang='lat' dir='ltr'><strong>non</strong></span> <span class='ocrx_word' id='word_1_28' title='bbox 683 687 852 758; x_wconf 80' lang='lat' dir='ltr'><strong>diligo</strong></span> <span class='ocrx_word' id='word_1_29' title='bbox 891 688 1034 742; x_wconf 88' lang='lat' dir='ltr'><strong>sicut</strong></span> <span class='ocrx_word' id='word_1_30' title='bbox 1061 687 1358 758; x_wconf 77' lang='lat' dir='ltr'><strong>&#39;meipsum.</strong></span> 
     </span>
    </p>
   </div>
   <div class='ocr_carea' id='block_1_6' title="bbox 608 778 2120 851">
    <p class='ocr_par' dir='ltr' id='par_1_6' title="bbox 608 778 2120 851">
     <span class='ocr_line' id='line_1_6' title="bbox 608 778 2120 851; baseline 0.001 -18"><span class='ocrx_word' id='word_1_31' title='bbox 608 779 663 835; x_wconf 85' lang='lat'><em>6.</em></span> <span class='ocrx_word' id='word_1_32' title='bbox 715 778 910 834; x_wconf 77' lang='lat' dir='ltr'><strong>Frater</strong></span> <span class='ocrx_word' id='word_1_33' title='bbox 970 779 1329 851; x_wconf 73' lang='lat' dir='ltr'><strong>interrogavit</strong></span> <span class='ocrx_word' id='word_1_34' title='bbox 1380 778 1632 835; x_wconf 89' lang='lat' dir='ltr'><strong>abbatem</strong></span> <span class='ocrx_word' id='word_1_35' title='bbox 1681 778 1914 835; x_wconf 80' lang='lat' dir='ltr'><strong>Matoem</strong></span> <span class='ocrx_word' id='word_1_36' title='bbox 1944 779 2120 847; x_wconf 86' lang='lat' dir='ltr'><strong>:Quid</strong></span> 
     </span>
    </p>
   </div>
   <div class='ocr_carea' id='block_1_7' title="bbox 538 871 2120 943">
    <p class='ocr_par' dir='ltr' id='par_1_7' title="bbox 538 871 2120 943">
     <span class='ocr_line' id='line_1_7' title="bbox 538 871 2120 943; baseline 0.001 -18"><span class='ocrx_word' id='word_1_37' title='bbox 538 887 718 942; x_wconf 77' lang='lat' dir='ltr'><strong>agam,</strong></span> <span class='ocrx_word' id='word_1_38' title='bbox 753 872 799 928; x_wconf 92' lang='lat' dir='ltr'><strong>si</strong></span> <span class='ocrx_word' id='word_1_39' title='bbox 836 873 1046 928; x_wconf 86' lang='lat' dir='ltr'><strong>venerit</strong></span> <span class='ocrx_word' id='word_1_40' title='bbox 1085 873 1150 927; x_wconf 89' lang='lat' dir='ltr'><strong>ad</strong></span> <span class='ocrx_word' id='word_1_41' title='bbox 1198 887 1284 927; x_wconf 90' lang='lat' dir='ltr'><strong>me</strong></span> <span class='ocrx_word' id='word_1_42' title='bbox 1328 871 1518 938; x_wconf 84' lang='lat' dir='ltr'><strong>frater,</strong></span> <span class='ocrx_word' id='word_1_43' title='bbox 1561 872 1744 943; x_wconf 89' lang='lat' dir='ltr'><strong>sitque</strong></span> <span class='ocrx_word' id='word_1_44' title='bbox 1777 872 1894 928; x_wconf 87' lang='lat' dir='ltr'><strong>dies</strong></span> <span class='ocrx_word' id='word_1_45' title='bbox 1923 873 2120 943; x_wconf 85' lang='lat' dir='ltr'><strong>jejunii</strong></span> 
     </span>
    </p>
   </div>
   <div class='ocr_carea' id='block_1_8' title="bbox 537 963 2121 1035">
    <p class='ocr_par' dir='ltr' id='par_1_8' title="bbox 537 963 2121 1035">
     <span class='ocr_line' id='line_1_8' title="bbox 537 963 2121 1035; baseline 0.001 -18"><span class='ocrx_word' id='word_1_46' title='bbox 537 972 634 1018; x_wconf 91' lang='lat' dir='ltr'><strong>aut</strong></span> <span class='ocrx_word' id='word_1_47' title='bbox 683 963 1022 1018; x_wconf 78' lang='lat' dir='ltr'><strong>diluculum?</strong></span> <span class='ocrx_word' id='word_1_48' title='bbox 1066 963 1328 1035; x_wconf 87' lang='lat' dir='ltr'><strong>quoniam</strong></span> <span class='ocrx_word' id='word_1_49' title='bbox 1368 964 1553 1018; x_wconf 88' lang='lat' dir='ltr'><strong>animo</strong></span> <span class='ocrx_word' id='word_1_50' title='bbox 1601 979 1792 1034; x_wconf 78' lang='lat' dir='ltr'><strong>angor.</strong></span> <span class='ocrx_word' id='word_1_51' title='bbox 1845 963 1911 1019; x_wconf 83' lang='lat' dir='ltr'><strong>Et</strong></span> <span class='ocrx_word' id='word_1_52' title='bbox 1955 965 2032 1020; x_wconf 82' lang='lat' dir='ltr'><strong>ait</strong></span> <span class='ocrx_word' id='word_1_53' title='bbox 2070 966 2121 1021; x_wconf 88' lang='lat' dir='ltr'><strong>ei</strong></span> 
     </span>
    </p>
   </div>
   <div class='ocr_carea' id='block_1_9' title="bbox 537 1052 2116 1126">
    <p class='ocr_par' dir='ltr' id='par_1_9' title="bbox 537 1052 2116 1126">
     <span class='ocr_line' id='line_1_9' title="bbox 537 1052 2116 1126; baseline 0.002 -18"><span class='ocrx_word' id='word_1_54' title='bbox 537 1069 736 1109; x_wconf 84' lang='lat' dir='ltr'><strong>senex:</strong></span> <span class='ocrx_word' id='word_1_55' title='bbox 761 1052 817 1108; x_wconf 88' lang='lat' dir='ltr'><strong>Si</strong></span> <span class='ocrx_word' id='word_1_56' title='bbox 839 1054 1062 1124; x_wconf 86' lang='lat' dir='ltr'><strong>quidem</strong></span> <span class='ocrx_word' id='word_1_57' title='bbox 1094 1057 1334 1126; x_wconf 83' lang='lat' dir='ltr'><strong>angeris,</strong></span> <span class='ocrx_word' id='word_1_58' title='bbox 1362 1063 1416 1108; x_wconf 88' lang='lat' dir='ltr'><strong>et</strong></span> <span class='ocrx_word' id='word_1_59' title='bbox 1438 1055 1747 1111; x_wconf 87' lang='lat' dir='ltr'><strong>comederis</strong></span> <span class='ocrx_word' id='word_1_60' title='bbox 1770 1070 1895 1111; x_wconf 91' lang='lat' dir='ltr'><strong>cum</strong></span> <span class='ocrx_word' id='word_1_61' title='bbox 1926 1055 2116 1120; x_wconf 79' lang='lat' dir='ltr'><strong>fratre,</strong></span> 
     </span>
    </p>
   </div>
   <div class='ocr_carea' id='block_1_10' title="bbox 536 1147 2123 1219">
    <p class='ocr_par' dir='ltr' id='par_1_10' title="bbox 536 1147 2123 1219">
     <span class='ocr_line' id='line_1_10' title="bbox 536 1147 2123 1219; baseline -0.001 -16"><span class='ocrx_word' id='word_1_62' title='bbox 536 1159 684 1204; x_wconf 87' lang='lat' dir='ltr'><strong>recte</strong></span> <span class='ocrx_word' id='word_1_63' title='bbox 716 1147 900 1204; x_wconf 90' lang='lat' dir='ltr'><strong>facies.</strong></span> <span class='ocrx_word' id='word_1_64' title='bbox 930 1147 1087 1216; x_wconf 80' lang='lat' dir='ltr'><strong>Quod</strong></span> <span class='ocrx_word' id='word_1_65' title='bbox 1123 1149 1168 1202; x_wconf 88' lang='lat' dir='ltr'><strong>si</strong></span> <span class='ocrx_word' id='word_1_66' title='bbox 1208 1148 1477 1203; x_wconf 86' lang='lat' dir='ltr'><strong>neminem</strong></span> <span class='ocrx_word' id='word_1_67' title='bbox 1501 1157 1849 1219; x_wconf 84' lang='lat' dir='ltr'><strong>exspectans,</strong></span> <span class='ocrx_word' id='word_1_68' title='bbox 1886 1149 2123 1203; x_wconf 78' lang='lat' dir='ltr'><strong>mandu-</strong></span> 
     </span>
    </p>
   </div>
   <div class='ocr_carea' id='block_1_11' title="bbox 538 1239 1484 1302">
    <p class='ocr_par' dir='ltr' id='par_1_11' title="bbox 538 1239 1484 1302">
     <span class='ocr_line' id='line_1_11' title="bbox 538 1239 1484 1302; baseline -0.003 -9"><span class='ocrx_word' id='word_1_69' title='bbox 538 1239 774 1302; x_wconf 89' lang='lat' dir='ltr'><strong>caveris,</strong></span> <span class='ocrx_word' id='word_1_70' title='bbox 809 1247 940 1294; x_wconf 87' lang='lat' dir='ltr'><strong>tunc</strong></span> <span class='ocrx_word' id='word_1_71' title='bbox 971 1247 1056 1294; x_wconf 91' lang='lat' dir='ltr'><strong>est</strong></span> <span class='ocrx_word' id='word_1_72' title='bbox 1083 1239 1338 1294; x_wconf 83' lang='lat' dir='ltr'><strong>voluntas</strong></span> <span class='ocrx_word' id='word_1_73' title='bbox 1371 1247 1484 1293; x_wconf 89' lang='lat' dir='ltr'><strong>tua.</strong></span> 
     </span>
    </p>
   </div>
   <div class='ocr_carea' id='block_1_12' title="bbox 611 1327 2121 1396">
    <p class='ocr_par' dir='ltr' id='par_1_12' title="bbox 611 1327 2121 1396">
     <span class='ocr_line' id='line_1_12' title="bbox 611 1327 2121 1396; baseline -0.002 -12"><span class='ocrx_word' id='word_1_74' title='bbox 611 1331 662 1384; x_wconf 88' lang='grc'><strong>7.</strong></span> <span class='ocrx_word' id='word_1_75' title='bbox 701 1330 852 1396; x_wconf 91' lang='lat' dir='ltr'><strong>Adii,</strong></span> <span class='ocrx_word' id='word_1_76' title='bbox 879 1330 1122 1386; x_wconf 88' lang='lat' dir='ltr'><strong>narravit</strong></span> <span class='ocrx_word' id='word_1_77' title='bbox 1156 1329 1324 1384; x_wconf 80' lang='lat' dir='ltr'><strong>abbas</strong></span> <span class='ocrx_word' id='word_1_78' title='bbox 1347 1328 1541 1395; x_wconf 85' lang='lat' dir='ltr'><strong>Jacob,</strong></span> <span class='ocrx_word' id='word_1_79' title='bbox 1571 1329 1822 1384; x_wconf 86' lang='lat' dir='ltr'><strong>abbatem</strong></span> <span class='ocrx_word' id='word_1_80' title='bbox 1853 1327 2082 1384; x_wconf 83' lang='lat' dir='ltr'><strong>Matoem</strong></span> <span class='ocrx_word' id='word_1_81' title='bbox 2107 1345 2121 1393; x_wconf 90' lang='lat'><strong>;</strong></span> 
     </span>
    </p>
   </div>
   <div class='ocr_carea' id='block_1_13' title="bbox 538 1419 2124 1491">
    <p class='ocr_par' dir='ltr' id='par_1_13' title="bbox 538 1419 2124 1491">
     <span class='ocr_line' id='line_1_13' title="bbox 538 1419 2124 1491; baseline -0.004 -11"><span class='ocrx_word' id='word_1_82' title='bbox 538 1433 594 1480; x_wconf 87' lang='lat' dir='ltr'><strong>ct</strong></span> <span class='ocrx_word' id='word_1_83' title='bbox 620 1440 744 1479; x_wconf 90' lang='lat' dir='ltr'><strong>cum</strong></span> <span class='ocrx_word' id='word_1_84' title='bbox 779 1423 1060 1480; x_wconf 89' lang='lat' dir='ltr'><strong>rediturus</strong></span> <span class='ocrx_word' id='word_1_85' title='bbox 1105 1438 1305 1488; x_wconf 86' lang='lat' dir='ltr'><strong>essem,</strong></span> <span class='ocrx_word' id='word_1_86' title='bbox 1339 1421 1477 1476; x_wconf 89' lang='lat' dir='ltr'><strong>dixit</strong></span> <span class='ocrx_word' id='word_1_87' title='bbox 1506 1421 1555 1476; x_wconf 88' lang='lat' dir='ltr'><strong>ei</strong></span> <span class='ocrx_word' id='word_1_88' title='bbox 1595 1440 1608 1477; x_wconf 94' lang='lat'><strong>:</strong></span> <span class='ocrx_word' id='word_1_89' title='bbox 1641 1420 1816 1491; x_wconf 80' lang='lat' dir='ltr'><strong>Cupio</strong></span> <span class='ocrx_word' id='word_1_90' title='bbox 1849 1419 2124 1491; x_wconf 86' lang='lat' dir='ltr'><strong>proficisci</strong></span> 
     </span>
    </p>
   </div>
   <div class='ocr_carea' id='block_1_14' title="bbox 538 1500 2120 1573">
    <p class='ocr_par' dir='ltr' id='par_1_14' title="bbox 538 1500 2120 1573">
     <span class='ocr_line' id='line_1_14' title="bbox 538 1500 2120 1573; baseline -0.003 -2"><span class='ocrx_word' id='word_1_91' title='bbox 538 1517 609 1571; x_wconf 86' lang='lat' dir='ltr'><strong>ad</strong></span> <span class='ocrx_word' id='word_1_92' title='bbox 669 1515 859 1571; x_wconf 88' lang='lat' dir='ltr'><strong>Cellia.</strong></span> <span class='ocrx_word' id='word_1_93' title='bbox 915 1518 1007 1572; x_wconf 85' lang='lat' dir='ltr'><strong>Ait</strong></span> <span class='ocrx_word' id='word_1_94' title='bbox 1044 1500 1172 1573; x_wconf 75' lang='lat' dir='ltr'><strong>ille:</strong></span> <span class='ocrx_word' id='word_1_95' title='bbox 1207 1515 1396 1571; x_wconf 90' lang='lat' dir='ltr'><strong>Saluta</strong></span> <span class='ocrx_word' id='word_1_96' title='bbox 1445 1515 1668 1571; x_wconf 88' lang='lat' dir='ltr'><strong>nomine</strong></span> <span class='ocrx_word' id='word_1_97' title='bbox 1708 1529 1830 1569; x_wconf 92' lang='lat' dir='ltr'><strong>meo</strong></span> <span class='ocrx_word' id='word_1_98' title='bbox 1872 1515 2120 1570; x_wconf 84' lang='lat' dir='ltr'><strong>abbatem</strong></span> 
     </span>
    </p>
   </div>
   <div class='ocr_carea' id='block_1_15' title="bbox 533 1605 2122 1678">
    <p class='ocr_par' dir='ltr' id='par_1_15' title="bbox 533 1605 2122 1678">
     <span class='ocr_line' id='line_1_15' title="bbox 533 1605 2122 1678; baseline -0.001 -15"><span class='ocrx_word' id='word_1_99' title='bbox 533 1606 822 1665; x_wconf 85' lang='lat' dir='ltr'><strong>Joannem.</strong></span> <span class='ocrx_word' id='word_1_100' title='bbox 857 1608 1094 1667; x_wconf 77' lang='lat' dir='ltr'><strong>Veniens</strong></span> <span class='ocrx_word' id='word_1_101' title='bbox 1120 1609 1285 1678; x_wconf 66' lang='lat' dir='ltr'><strong>igitur</strong></span> <span class='ocrx_word' id='word_1_102' title='bbox 1304 1607 1372 1662; x_wconf 89' lang='lat' dir='ltr'><strong>ad</strong></span> <span class='ocrx_word' id='word_1_103' title='bbox 1395 1607 1642 1662; x_wconf 85' lang='lat' dir='ltr'><strong>abbatem</strong></span> <span class='ocrx_word' id='word_1_104' title='bbox 1669 1606 1932 1662; x_wconf 86' lang='lat' dir='ltr'><strong>Joannem</strong></span> <span class='ocrx_word' id='word_1_105' title='bbox 1952 1647 1967 1672; x_wconf 92' lang='lat'><strong>,</strong></span> <span class='ocrx_word' id='word_1_106' title='bbox 1997 1605 2122 1661; x_wconf 90' lang='lat' dir='ltr'><strong>dico</strong></span> 
     </span>
    </p>
   </div>
   <div class='ocr_carea' id='block_1_16' title="bbox 1686 211 2620 271">
    <p class='ocr_par' dir='ltr' id='par_1_16' title="bbox 1686 211 2620 271">
     <span class='ocr_line' id='line_1_16' title="bbox 1686 211 2620 271; baseline 0 -3"><span class='ocrx_word' id='word_1_107' title='bbox 1686 211 2035 269; x_wconf 69' lang='lat' dir='ltr'><strong>APPE&#39;NDlX</strong></span> <span class='ocrx_word' id='word_1_108' title='bbox 2069 211 2158 266; x_wconf 77' lang='lat' dir='ltr'><strong>AI)</strong></span> <span class='ocrx_word' id='word_1_109' title='bbox 2192 212 2541 271; x_wconf 80' lang='lat' dir='ltr'><strong>PALLADIU</strong></span> <span class='ocrx_word' id='word_1_110' title='bbox 2555 213 2620 268; x_wconf 78' lang='grc' dir='ltr'><strong>Μ.</strong></span> 
     </span>
    </p>
   </div>
   <div class='ocr_carea' id='block_1_17' title="bbox 607 322 2192 395">
    <p class='ocr_par' dir='ltr' id='par_1_17' title="bbox 607 322 2192 395">
     <span class='ocr_line' id='line_1_17' title="bbox 607 322 2192 395; baseline -0.004 -11"><span class='ocrx_word' id='word_1_111' title='bbox 607 329 661 384; x_wconf 79' lang='lat'><strong>5.</strong></span> <span class='ocrx_word' id='word_1_112' title='bbox 694 325 888 382; x_wconf 84' lang='lat' dir='ltr'><strong>Frater</strong></span> <span class='ocrx_word' id='word_1_113' title='bbox 929 330 1200 380; x_wconf 75' lang='lat' dir='ltr'><strong>convento</strong></span> <span class='ocrx_word' id='word_1_114' title='bbox 1235 322 1432 378; x_wconf 85' lang='lat' dir='ltr'><strong>abbate</strong></span> <span class='ocrx_word' id='word_1_115' title='bbox 1473 323 1669 390; x_wconf 76' lang='lat' dir='ltr'><strong>Matoe,</strong></span> <span class='ocrx_word' id='word_1_116' title='bbox 1711 325 1863 395; x_wconf 83' lang='lat' dir='ltr'><strong>petiit</strong></span> <span class='ocrx_word' id='word_1_117' title='bbox 1896 327 1966 380; x_wconf 81' lang='lat' dir='ltr'><strong>ab</strong></span> <span class='ocrx_word' id='word_1_118' title='bbox 2010 341 2112 379; x_wconf 87' lang='lat' dir='ltr'><strong>eo:</strong></span> <span class='ocrx_word' id='word_1_119' title='bbox 2152 336 2192 388; x_wconf 69' lang='grc' dir='ltr'><strong>Α</strong></span> 
     </span>
    </p>
   </div>
   <div class='ocr_carea' id='block_1_18' title="bbox 3702 221 3805 280">
    <p class='ocr_par' dir='ltr' id='par_1_18' title="bbox 3702 221 3805 280">
     <span class='ocr_line' id='line_1_18' title="bbox 3702 221 3805 280; baseline 0.068 -7"><span class='ocrx_word' id='word_1_120' title='bbox 3702 221 3805 280; x_wconf 64' lang='lat'><strong>292</strong></span> 
     </span>
    </p>
   </div>
   <div class='ocr_carea' id='block_1_19' title="bbox 2295 325 3802 411">
    <p class='ocr_par' dir='ltr' id='par_1_19' title="bbox 2295 325 3802 411">
     <span class='ocr_line' id='line_1_19' title="bbox 2295 325 3802 411; baseline 0.009 -33"><span class='ocrx_word' id='word_1_121' title='bbox 2295 333 2355 382; x_wconf 80' lang='grc' dir='ltr'><strong>ε’.</strong></span> <span class='ocrx_word' id='word_1_122' title='bbox 2407 325 2658 411; x_wconf 52' lang='grc' dir='ltr'><strong>’.ξδελφὸς</strong></span> <span class='ocrx_word' id='word_1_123' title='bbox 2693 326 2965 398; x_wconf 79' lang='grc' dir='ltr'><strong>παρέϐαλε</strong></span> <span class='ocrx_word' id='word_1_124' title='bbox 2990 327 3066 398; x_wconf 80' lang='grc' dir='ltr'><strong>τῷ</strong></span> <span class='ocrx_word' id='word_1_125' title='bbox 3097 328 3240 401; x_wconf 83' lang='grc' dir='ltr'><strong>ἀϐϐᾷ</strong></span> <span class='ocrx_word' id='word_1_126' title='bbox 3287 329 3508 402; x_wconf 62' lang='lat' dir='ltr'><strong>Matth-9,</strong></span> <span class='ocrx_word' id='word_1_127' title='bbox 3538 332 3630 386; x_wconf 73' lang='grc' dir='ltr'><strong>καὶ</strong></span> <span class='ocrx_word' id='word_1_128' title='bbox 3661 333 3802 404; x_wconf 80' lang='grc' dir='ltr'><strong>λέγει</strong></span> 
     </span>
    </p>
   </div>
   <div class='ocr_carea' id='block_1_20' title="bbox 2223 417 3802 497">
    <p class='ocr_par' dir='ltr' id='par_1_20' title="bbox 2223 417 3802 497">
     <span class='ocr_line' id='line_1_20' title="bbox 2223 417 3802 497; baseline 0.004 -26"><span class='ocrx_word' id='word_1_129' title='bbox 2223 419 2396 490; x_wconf 76' lang='grc' dir='ltr'><strong>αὐτῷ·</strong></span> <span class='ocrx_word' id='word_1_130' title='bbox 2443 419 2567 482; x_wconf 83' lang='grc' dir='ltr'><strong>Πῶς</strong></span> <span class='ocrx_word' id='word_1_131' title='bbox 2606 421 2656 472; x_wconf 78' lang='lat' dir='ltr'><strong>oi</strong></span> <span class='ocrx_word' id='word_1_132' title='bbox 2710 417 3016 490; x_wconf 81' lang='grc' dir='ltr'><strong>Σκητιῶται</strong></span> <span class='ocrx_word' id='word_1_133' title='bbox 3051 420 3266 474; x_wconf 82' lang='grc' dir='ltr'><strong>ἐποίουν</strong></span> <span class='ocrx_word' id='word_1_134' title='bbox 3291 422 3678 494; x_wconf 84' lang='grc' dir='ltr'><strong>περισσότερον</strong></span> <span class='ocrx_word' id='word_1_135' title='bbox 3708 425 3802 497; x_wconf 74' lang='grc' dir='ltr'><strong>τῆς</strong></span> 
     </span>
    </p>
   </div>
   <div class='ocr_carea' id='block_1_21' title="bbox 2222 510 3803 587">
    <p class='ocr_par' dir='ltr' id='par_1_21' title="bbox 2222 510 3803 587">
     <span class='ocr_line' id='line_1_21' title="bbox 2222 510 3803 587; baseline 0.005 -25"><span class='ocrx_word' id='word_1_136' title='bbox 2222 511 2465 582; x_wconf 81' lang='grc' dir='ltr'><strong>Γραφῆς.</strong></span> <span class='ocrx_word' id='word_1_137' title='bbox 2491 510 2816 579; x_wconf 83' lang='grc' dir='ltr'><strong>ἀγαπῶντες</strong></span> <span class='ocrx_word' id='word_1_138' title='bbox 2855 511 2982 574; x_wconf 79' lang='grc' dir='ltr'><strong>τοὺς</strong></span> <span class='ocrx_word' id='word_1_139' title='bbox 3023 510 3250 582; x_wconf 79' lang='grc' dir='ltr'><strong>ἐχθροὺς</strong></span> <span class='ocrx_word' id='word_1_140' title='bbox 3290 513 3472 567; x_wconf 82' lang='grc' dir='ltr'><strong>αὐτῶν</strong></span> <span class='ocrx_word' id='word_1_141' title='bbox 3502 514 3643 587; x_wconf 76' lang='grc' dir='ltr'><strong>ὑπὲρ</strong></span> <span class='ocrx_word' id='word_1_142' title='bbox 3680 517 3803 570; x_wconf 77' lang='grc' dir='ltr'><strong>ἐαυο</strong></span> 
     </span>
    </p>
   </div>
   <div class='ocr_carea' id='block_1_22' title="bbox 2221 601 3801 674">
    <p class='ocr_par' dir='ltr' id='par_1_22' title="bbox 2221 601 3801 674">
     <span class='ocr_line' id='line_1_22' title="bbox 2221 601 3801 674; baseline 0.004 -18"><span class='ocrx_word' id='word_1_143' title='bbox 2221 601 2376 669; x_wconf 77' lang='grc' dir='ltr'><strong>τούς;</strong></span> <span class='ocrx_word' id='word_1_144' title='bbox 2409 603 2574 671; x_wconf 90' lang='grc' dir='ltr'><strong>Λέγει</strong></span> <span class='ocrx_word' id='word_1_145' title='bbox 2603 601 2751 672; x_wconf 83' lang='grc' dir='ltr'><strong>αὑτῷ</strong></span> <span class='ocrx_word' id='word_1_146' title='bbox 2783 603 2812 655; x_wconf 90' lang='lat'><strong>6</strong></span> <span class='ocrx_word' id='word_1_147' title='bbox 2838 601 3012 664; x_wconf 80' lang='grc' dir='ltr'><strong>ὰϐϐἄς</strong></span> <span class='ocrx_word' id='word_1_148' title='bbox 3055 603 3324 674; x_wconf 83' lang='grc' dir='ltr'><strong>Ματώης·</strong></span> <span class='ocrx_word' id='word_1_149' title='bbox 3359 604 3501 674; x_wconf 84' lang='grc' dir='ltr'><strong>Ἐγὼ</strong></span> <span class='ocrx_word' id='word_1_150' title='bbox 3531 606 3669 672; x_wconf 86' lang='grc' dir='ltr'><strong>τ’έως</strong></span> <span class='ocrx_word' id='word_1_151' title='bbox 3716 609 3801 662; x_wconf 75' lang='grc' dir='ltr'><strong>τὸν</strong></span> 
     </span>
    </p>
   </div>
   <div class='ocr_carea' id='block_1_23' title="bbox 2221 692 3376 764">
    <p class='ocr_par' dir='ltr' id='par_1_23' title="bbox 2221 692 3376 764">
     <span class='ocr_line' id='line_1_23' title="bbox 2221 692 3376 764; baseline 0.003 -18"><span class='ocrx_word' id='word_1_152' title='bbox 2221 692 2525 762; x_wconf 86' lang='grc' dir='ltr'><strong>ἀγαπῶντά</strong></span> <span class='ocrx_word' id='word_1_153' title='bbox 2555 710 2622 763; x_wconf 90' lang='grc' dir='ltr'><strong>με</strong></span> <span class='ocrx_word' id='word_1_154' title='bbox 2674 694 2774 746; x_wconf 79' lang='grc' dir='ltr'><strong>οὐκ</strong></span> <span class='ocrx_word' id='word_1_155' title='bbox 2804 692 3005 760; x_wconf 81' lang='grc' dir='ltr'><strong>ἀγαπῶ</strong></span> <span class='ocrx_word' id='word_1_156' title='bbox 3025 692 3101 757; x_wconf 84' lang='grc' dir='ltr'><strong>ὡς</strong></span> <span class='ocrx_word' id='word_1_157' title='bbox 3120 694 3376 764; x_wconf 83' lang='grc' dir='ltr'><strong>ἐμαυτόν.</strong></span> 
     </span>
    </p>
   </div>
   <div class='ocr_carea' id='block_1_24' title="bbox 2295 783 3799 861">
    <p class='ocr_par' dir='ltr' id='par_1_24' title="bbox 2295 783 3799 861">
     <span class='ocr_line' id='line_1_24' title="bbox 2295 783 3799 861; baseline 0.003 -22"><span class='ocrx_word' id='word_1_158' title='bbox 2295 791 2370 850; x_wconf 84' lang='grc' dir='ltr'><strong>ς’.</strong></span> <span class='ocrx_word' id='word_1_159' title='bbox 2446 784 2697 854; x_wconf 78' lang='grc' dir='ltr'><strong>Ἀδελφὸς</strong></span> <span class='ocrx_word' id='word_1_160' title='bbox 2729 783 2985 856; x_wconf 76' lang='grc' dir='ltr'><strong>ἠρώτησε</strong></span> <span class='ocrx_word' id='word_1_161' title='bbox 3030 785 3122 839; x_wconf 84' lang='grc' dir='ltr'><strong>τὸν</strong></span> <span class='ocrx_word' id='word_1_162' title='bbox 3173 786 3348 840; x_wconf 83' lang='grc' dir='ltr'><strong>άϐϐᾶν</strong></span> <span class='ocrx_word' id='word_1_163' title='bbox 3406 788 3682 861; x_wconf 80' lang='grc' dir='ltr'><strong>Ματὼην·</strong></span> <span class='ocrx_word' id='word_1_164' title='bbox 3739 792 3799 844; x_wconf 91' lang='grc' dir='ltr'><strong>Τί</strong></span> 
     </span>
    </p>
   </div>
   <div class='ocr_carea' id='block_1_25' title="bbox 2224 877 3802 953">
    <p class='ocr_par' dir='ltr' id='par_1_25' title="bbox 2224 877 3802 953">
     <span class='ocr_line' id='line_1_25' title="bbox 2224 877 3802 953; baseline 0.003 -21"><span class='ocrx_word' id='word_1_165' title='bbox 2224 879 2433 950; x_wconf 86' lang='grc' dir='ltr'><strong>ποιήσω</strong></span> <span class='ocrx_word' id='word_1_166' title='bbox 2462 878 2556 933; x_wconf 80' lang='grc' dir='ltr'><strong>ἐὰν</strong></span> <span class='ocrx_word' id='word_1_167' title='bbox 2596 877 2887 950; x_wconf 82' lang='grc' dir='ltr'><strong>παραϐάλῃ</strong></span> <span class='ocrx_word' id='word_1_168' title='bbox 2912 895 3004 948; x_wconf 90' lang='grc' dir='ltr'><strong>μοι</strong></span> <span class='ocrx_word' id='word_1_169' title='bbox 3039 877 3286 947; x_wconf 78' lang='grc' dir='ltr'><strong>ἁδελφὸς,</strong></span> <span class='ocrx_word' id='word_1_170' title='bbox 3319 881 3411 933; x_wconf 73' lang='grc' dir='ltr'><strong>καὶ</strong></span> <span class='ocrx_word' id='word_1_171' title='bbox 3441 881 3554 934; x_wconf 74' lang='grc' dir='ltr'><strong>ἔστι</strong></span> <span class='ocrx_word' id='word_1_172' title='bbox 3584 883 3802 953; x_wconf 82' lang='grc' dir='ltr'><strong>νηστεία</strong></span> 
     </span>
    </p>
   </div>
   <div class='ocr_carea' id='block_1_26' title="bbox 2222 967 3800 1043">
    <p class='ocr_par' dir='ltr' id='par_1_26' title="bbox 2222 967 3800 1043">
     <span class='ocr_line' id='line_1_26' title="bbox 2222 967 3800 1043; baseline 0.003 -22"><span class='ocrx_word' id='word_1_173' title='bbox 2222 970 2255 1040; x_wconf 82' lang='grc' dir='ltr'>ἢ</span> <span class='ocrx_word' id='word_1_174' title='bbox 2307 969 2486 1041; x_wconf 59' lang='lat' dir='ltr'><strong>aptet;</strong></span> <span class='ocrx_word' id='word_1_175' title='bbox 2517 969 2599 1022; x_wconf 82' lang='grc' dir='ltr'><strong>ὅτι</strong></span> <span class='ocrx_word' id='word_1_176' title='bbox 2653 967 2929 1039; x_wconf 87' lang='grc' dir='ltr'><strong>θλίϐομαι.</strong></span> <span class='ocrx_word' id='word_1_177' title='bbox 2982 969 3093 1022; x_wconf 87' lang='lat' dir='ltr'><strong>Kal</strong></span> <span class='ocrx_word' id='word_1_178' title='bbox 3131 969 3281 1038; x_wconf 81' lang='grc' dir='ltr'><strong>λέγει</strong></span> <span class='ocrx_word' id='word_1_179' title='bbox 3332 971 3482 1041; x_wconf 82' lang='grc' dir='ltr'><strong>αὐτῷ</strong></span> <span class='ocrx_word' id='word_1_180' title='bbox 3527 975 3555 1026; x_wconf 92' lang='lat'><strong>6</strong></span> <span class='ocrx_word' id='word_1_181' title='bbox 3589 974 3800 1043; x_wconf 91' lang='grc' dir='ltr'><strong>γέρων·</strong></span> 
     </span>
    </p>
   </div>
   <div class='ocr_carea' id='block_1_27' title="bbox 2236 1061 3799 1135">
    <p class='ocr_par' dir='ltr' id='par_1_27' title="bbox 2236 1061 3799 1135">
     <span class='ocr_line' id='line_1_27' title="bbox 2236 1061 3799 1135; baseline 0.002 -19"><span class='ocrx_word' id='word_1_182' title='bbox 2236 1063 2360 1116; x_wconf 78' lang='grc' dir='ltr'><strong>Ἐὰν</strong></span> <span class='ocrx_word' id='word_1_183' title='bbox 2406 1063 2503 1132; x_wconf 81' lang='grc' dir='ltr'><strong>μὲν</strong></span> <span class='ocrx_word' id='word_1_184' title='bbox 2533 1061 2651 1115; x_wconf 63' lang='grc' dir='ltr'><strong>οὐδ’</strong></span> <span class='ocrx_word' id='word_1_185' title='bbox 2677 1061 2854 1132; x_wconf 84' lang='grc' dir='ltr'><strong>θλίϐῃ,</strong></span> <span class='ocrx_word' id='word_1_186' title='bbox 2889 1061 2984 1116; x_wconf 71' lang='grc' dir='ltr'><strong>καὶ</strong></span> <span class='ocrx_word' id='word_1_187' title='bbox 3014 1061 3193 1135; x_wconf 80' lang='grc' dir='ltr'><strong>φάγῃς</strong></span> <span class='ocrx_word' id='word_1_188' title='bbox 3233 1063 3370 1134; x_wconf 84' lang='grc' dir='ltr'><strong>μετὰ</strong></span> <span class='ocrx_word' id='word_1_189' title='bbox 3411 1063 3503 1116; x_wconf 82' lang='grc' dir='ltr'><strong>τοῦ</strong></span> <span class='ocrx_word' id='word_1_190' title='bbox 3545 1065 3799 1134; x_wconf 84' lang='grc' dir='ltr'><strong>ἀδελφοῦ,</strong></span> 
     </span>
    </p>
   </div>
   <div class='ocr_carea' id='block_1_28' title="bbox 2225 1153 3800 1231">
    <p class='ocr_par' dir='ltr' id='par_1_28' title="bbox 2225 1153 3800 1231">
     <span class='ocr_line' id='line_1_28' title="bbox 2225 1153 3800 1231; baseline 0.003 -21"><span class='ocrx_word' id='word_1_191' title='bbox 2225 1155 2402 1219; x_wconf 87' lang='grc' dir='ltr'><strong>καλῶς</strong></span> <span class='ocrx_word' id='word_1_192' title='bbox 2435 1158 2624 1219; x_wconf 88' lang='grc' dir='ltr'><strong>ποιεῖς.</strong></span> <span class='ocrx_word' id='word_1_193' title='bbox 2667 1154 2792 1209; x_wconf 85' lang='grc' dir='ltr'><strong>Ἐὰν</strong></span> <span class='ocrx_word' id='word_1_194' title='bbox 2817 1154 2874 1208; x_wconf 89' lang='grc' dir='ltr'><strong>δέ</strong></span> <span class='ocrx_word' id='word_1_195' title='bbox 2911 1153 2986 1226; x_wconf 84' lang='grc' dir='ltr'><strong>μὴ</strong></span> <span class='ocrx_word' id='word_1_196' title='bbox 3012 1155 3314 1228; x_wconf 75' lang='grc' dir='ltr'><strong>προσδοκᾷς</strong></span> <span class='ocrx_word' id='word_1_197' title='bbox 3329 1173 3468 1226; x_wconf 89' lang='grc' dir='ltr'><strong>τινα,</strong></span> <span class='ocrx_word' id='word_1_198' title='bbox 3491 1159 3584 1212; x_wconf 75' lang='grc' dir='ltr'><strong>καὶ</strong></span> <span class='ocrx_word' id='word_1_199' title='bbox 3601 1159 3800 1231; x_wconf 74' lang='grc' dir='ltr'><strong>φάγῃς,</strong></span> 
     </span>
    </p>
   </div>
   <div class='ocr_carea' id='block_1_29' title="bbox 2223 1246 2932 1318">
    <p class='ocr_par' dir='ltr' id='par_1_29' title="bbox 2223 1246 2932 1318">
     <span class='ocr_line' id='line_1_29' title="bbox 2223 1246 2932 1318; baseline 0.004 -19"><span class='ocrx_word' id='word_1_200' title='bbox 2223 1247 2381 1300; x_wconf 81' lang='grc' dir='ltr'><strong>τοῦτο</strong></span> <span class='ocrx_word' id='word_1_201' title='bbox 2412 1246 2503 1299; x_wconf 81' lang='grc' dir='ltr'><strong>σὺν</strong></span> <span class='ocrx_word' id='word_1_202' title='bbox 2525 1246 2736 1318; x_wconf 86' lang='grc' dir='ltr'><strong>θέλημά</strong></span> <span class='ocrx_word' id='word_1_203' title='bbox 2759 1248 2932 1302; x_wconf 86' lang='grc' dir='ltr'><strong>ἐστιν.</strong></span> 
     </span>
    </p>
   </div>
   <div class='ocr_carea' id='block_1_30' title="bbox 2297 1333 3802 1413">
    <p class='ocr_par' dir='ltr' id='par_1_30' title="bbox 2297 1333 3802 1413">
     <span class='ocr_line' id='line_1_30' title="bbox 2297 1333 3802 1413; baseline 0 -21"><span class='ocrx_word' id='word_1_204' title='bbox 2297 1338 2362 1402; x_wconf 79' lang='grc' dir='ltr'><strong>ζ’.</strong></span> <span class='ocrx_word' id='word_1_205' title='bbox 2393 1333 2558 1391; x_wconf 84' lang='grc' dir='ltr'><strong>Εἶπεν</strong></span> <span class='ocrx_word' id='word_1_206' title='bbox 2585 1340 2614 1390; x_wconf 97' lang='lat'><strong>6</strong></span> <span class='ocrx_word' id='word_1_207' title='bbox 2643 1338 2818 1403; x_wconf 84' lang='grc' dir='ltr'><strong>ἀϐϐἄς</strong></span> <span class='ocrx_word' id='word_1_208' title='bbox 2851 1340 3044 1394; x_wconf 83' lang='grc' dir='ltr'><strong>Ἰακὼϐ</strong></span> <span class='ocrx_word' id='word_1_209' title='bbox 3073 1341 3174 1404; x_wconf 83' lang='grc' dir='ltr'><strong>ὅτι,</strong></span> <span class='ocrx_word' id='word_1_210' title='bbox 3209 1337 3526 1411; x_wconf 85' lang='grc' dir='ltr'><strong>Παρέϐαλον</strong></span> <span class='ocrx_word' id='word_1_211' title='bbox 3553 1335 3632 1406; x_wconf 71' lang='grc' dir='ltr'><strong>τῷ</strong></span> <span class='ocrx_word' id='word_1_212' title='bbox 3664 1339 3802 1413; x_wconf 64' lang='grc' dir='ltr'><strong>λϐϐᾷ</strong></span> 
     </span>
    </p>
   </div>
   <div class='ocr_carea' id='block_1_31' title="bbox 2223 1423 3800 1500">
    <p class='ocr_par' dir='ltr' id='par_1_31' title="bbox 2223 1423 3800 1500">
     <span class='ocr_line' id='line_1_31' title="bbox 2223 1423 3800 1500; baseline 0.002 -19"><span class='ocrx_word' id='word_1_213' title='bbox 2223 1427 2464 1500; x_wconf 79' lang='grc' dir='ltr'><strong>Ματώῃο</strong></span> <span class='ocrx_word' id='word_1_214' title='bbox 2499 1429 2592 1482; x_wconf 79' lang='grc' dir='ltr'><strong>καὶ</strong></span> <span class='ocrx_word' id='word_1_215' title='bbox 2636 1429 3059 1500; x_wconf 75' lang='grc' dir='ltr'><strong>ἀνακάμψαντός</strong></span> <span class='ocrx_word' id='word_1_216' title='bbox 3111 1447 3235 1500; x_wconf 85' lang='grc' dir='ltr'><strong>μου,</strong></span> <span class='ocrx_word' id='word_1_217' title='bbox 3288 1423 3441 1484; x_wconf 74' lang='grc' dir='ltr'><strong>εἷπον</strong></span> <span class='ocrx_word' id='word_1_218' title='bbox 3491 1427 3639 1499; x_wconf 83' lang='grc' dir='ltr'><strong>αὐτῷ</strong></span> <span class='ocrx_word' id='word_1_219' title='bbox 3695 1430 3800 1498; x_wconf 83' lang='grc' dir='ltr'><strong>ὅτι,</strong></span> 
     </span>
    </p>
   </div>
   <div class='ocr_carea' id='block_1_32' title="bbox 2222 1513 3798 1590">
    <p class='ocr_par' dir='ltr' id='par_1_32' title="bbox 2222 1513 3798 1590">
     <span class='ocr_line' id='line_1_32' title="bbox 2222 1513 3798 1590; baseline 0.003 -19"><span class='ocrx_word' id='word_1_220' title='bbox 2222 1517 2376 1572; x_wconf 87' lang='grc' dir='ltr'><strong>Θέλω</strong></span> <span class='ocrx_word' id='word_1_221' title='bbox 2429 1518 2766 1590; x_wconf 77' lang='grc' dir='ltr'><strong>παραϐαλεῖν</strong></span> <span class='ocrx_word' id='word_1_222' title='bbox 2829 1520 2912 1584; x_wconf 82' lang='grc' dir='ltr'><strong>είς</strong></span> <span class='ocrx_word' id='word_1_223' title='bbox 2969 1519 3038 1573; x_wconf 81' lang='grc' dir='ltr'><strong>τὰ</strong></span> <span class='ocrx_word' id='word_1_224' title='bbox 3107 1518 3328 1574; x_wconf 86' lang='grc' dir='ltr'><strong>Κελλία.</strong></span> <span class='ocrx_word' id='word_1_225' title='bbox 3377 1518 3488 1573; x_wconf 91' lang='lat' dir='ltr'><strong>Kal</strong></span> <span class='ocrx_word' id='word_1_226' title='bbox 3514 1513 3633 1572; x_wconf 83' lang='grc' dir='ltr'><strong>εἶπέ</strong></span> <span class='ocrx_word' id='word_1_227' title='bbox 3678 1536 3798 1590; x_wconf 85' lang='grc' dir='ltr'><strong>μοι·</strong></span> 
     </span>
    </p>
   </div>
   <div class='ocr_carea' id='block_1_33' title="bbox 2227 1611 3798 1683">
    <p class='ocr_par' dir='ltr' id='par_1_33' title="bbox 2227 1611 3798 1683">
     <span class='ocr_line' id='line_1_33' title="bbox 2227 1611 3798 1683; baseline 0.003 -19"><span class='ocrx_word' id='word_1_228' title='bbox 2227 1611 2505 1665; x_wconf 74' lang='grc' dir='ltr'><strong>’Ἄσπασαι</strong></span> <span class='ocrx_word' id='word_1_229' title='bbox 2556 1611 2616 1679; x_wconf 79' lang='grc' dir='ltr'><strong>ἐξ</strong></span> <span class='ocrx_word' id='word_1_230' title='bbox 2668 1611 2805 1683; x_wconf 80' lang='grc' dir='ltr'><strong>ἐμοῦ</strong></span> <span class='ocrx_word' id='word_1_231' title='bbox 2847 1613 2940 1666; x_wconf 82' lang='grc' dir='ltr'><strong>τὸν</strong></span> <span class='ocrx_word' id='word_1_232' title='bbox 2986 1611 3160 1667; x_wconf 79' lang='grc' dir='ltr'><strong>άϐϐᾶν</strong></span> <span class='ocrx_word' id='word_1_233' title='bbox 3189 1612 3459 1683; x_wconf 81' lang='grc' dir='ltr'><strong>Ἰωάννην.</strong></span> <span class='ocrx_word' id='word_1_234' title='bbox 3504 1611 3702 1666; x_wconf 86' lang='grc' dir='ltr'><strong>Ἐλθὼν</strong></span> <span class='ocrx_word' id='word_1_235' title='bbox 3743 1613 3798 1668; x_wconf 77' lang='grc' dir='ltr'><strong>δὲ</strong></span> 
     </span>
    </p>
   </div>
   <div class='ocr_carea' id='block_1_34' title="bbox 535 1691 2121 1774">
    <p class='ocr_par' dir='ltr' id='par_1_34' title="bbox 535 1697 2118 1758">
     <span class='ocr_line' id='line_1_34' title="bbox 535 1697 2118 1758; baseline -0.002 -1"><span class='ocrx_word' id='word_1_236' title='bbox 535 1703 586 1758; x_wconf 93' lang='lat' dir='ltr'><strong>ei</strong></span> <span class='ocrx_word' id='word_1_237' title='bbox 615 1721 628 1757; x_wconf 93' lang='lat'><strong>:</strong></span> <span class='ocrx_word' id='word_1_238' title='bbox 662 1701 874 1756; x_wconf 86' lang='lat' dir='ltr'><strong>Salutat</strong></span> <span class='ocrx_word' id='word_1_239' title='bbox 917 1711 969 1756; x_wconf 88' lang='lat' dir='ltr'><strong>te</strong></span> <span class='ocrx_word' id='word_1_240' title='bbox 1013 1702 1184 1756; x_wconf 85' lang='lat' dir='ltr'><strong>abbas</strong></span> <span class='ocrx_word' id='word_1_241' title='bbox 1219 1699 1446 1756; x_wconf 83' lang='lat' dir='ltr'><strong>Matoes.</strong></span> <span class='ocrx_word' id='word_1_242' title='bbox 1480 1699 1620 1753; x_wconf 88' lang='lat' dir='ltr'><strong>Tum</strong></span> <span class='ocrx_word' id='word_1_243' title='bbox 1667 1697 1735 1752; x_wconf 92' lang='lat' dir='ltr'><strong>ad</strong></span> <span class='ocrx_word' id='word_1_244' title='bbox 1782 1713 1871 1753; x_wconf 90' lang='lat' dir='ltr'><strong>me</strong></span> <span class='ocrx_word' id='word_1_245' title='bbox 1913 1713 2118 1754; x_wconf 80' lang='lat' dir='ltr'><strong>senex:</strong></span> 
     </span>
    </p>
   </div>
   <div class='ocr_carea' id='block_1_35' title="bbox 2232 1691 3800 1774">
    <p class='ocr_par' dir='ltr' id='par_1_35' title="bbox 2232 1700 3800 1774">
     <span class='ocr_line' id='line_1_35' title="bbox 2232 1700 3800 1774; baseline 0.003 -21"><span class='ocrx_word' id='word_1_246' title='bbox 2232 1700 2336 1770; x_wconf 78' lang='grc' dir='ltr'><strong>ἐγὼ</strong></span> <span class='ocrx_word' id='word_1_247' title='bbox 2369 1700 2507 1774; x_wconf 82' lang='grc' dir='ltr'><strong>πρὸς</strong></span> <span class='ocrx_word' id='word_1_248' title='bbox 2530 1701 2622 1756; x_wconf 79' lang='grc' dir='ltr'><strong>τὸν</strong></span> <span class='ocrx_word' id='word_1_249' title='bbox 2661 1701 2836 1756; x_wconf 84' lang='grc' dir='ltr'><strong>ἀϐϐἇν</strong></span> <span class='ocrx_word' id='word_1_250' title='bbox 2877 1702 3152 1773; x_wconf 81' lang='grc' dir='ltr'><strong>Ἰωάννην,</strong></span> <span class='ocrx_word' id='word_1_251' title='bbox 3187 1701 3332 1770; x_wconf 90' lang='grc' dir='ltr'><strong>λέγω</strong></span> <span class='ocrx_word' id='word_1_252' title='bbox 3369 1702 3550 1773; x_wconf 69' lang='grc' dir='ltr'><strong>αὐτῷ·</strong></span> <span class='ocrx_word' id='word_1_253' title='bbox 3595 1704 3800 1758; x_wconf 79' lang='grc' dir='ltr'><strong>Ἀσπά-</strong></span> 
     </span>
    </p>
   </div>
   <div class='ocr_carea' id='block_1_36' title="bbox 538 1791 2124 1862">
    <p class='ocr_par' dir='ltr' id='par_1_36' title="bbox 538 1791 2124 1862">
     <span class='ocr_line' id='line_1_36' title="bbox 538 1791 2124 1862; baseline 0.001 -17"><span class='ocrx_word' id='word_1_254' title='bbox 538 1791 672 1847; x_wconf 81' lang='lat' dir='ltr'><strong>Ecce</strong></span> <span class='ocrx_word' id='word_1_255' title='bbox 709 1794 879 1849; x_wconf 89' lang='lat' dir='ltr'><strong>abbas</strong></span> <span class='ocrx_word' id='word_1_256' title='bbox 909 1793 1136 1860; x_wconf 86' lang='lat' dir='ltr'><strong>Matoes,</strong></span> <span class='ocrx_word' id='word_1_257' title='bbox 1171 1810 1285 1850; x_wconf 84' lang='lat' dir='ltr'><strong>vere</strong></span> <span class='ocrx_word' id='word_1_258' title='bbox 1315 1791 1596 1856; x_wconf 77' lang='lat' dir='ltr'><strong>Israelita,</strong></span> <span class='ocrx_word' id='word_1_259' title='bbox 1626 1792 1683 1846; x_wconf 73' lang='lat' dir='ltr'><strong>in</strong></span> <span class='ocrx_word' id='word_1_260' title='bbox 1708 1807 1810 1862; x_wconf 88' lang='lat' dir='ltr'><strong>quo</strong></span> <span class='ocrx_word' id='word_1_261' title='bbox 1836 1791 1993 1847; x_wconf 77' lang='lat' dir='ltr'><strong>dolus</strong></span> <span class='ocrx_word' id='word_1_262' title='bbox 2019 1809 2124 1847; x_wconf 81' lang='lat' dir='ltr'><strong>nou</strong></span> 
     </span>
    </p>
   </div>
   <div class='ocr_carea' id='block_1_37' title="bbox 534 1885 2123 1956">
    <p class='ocr_par' dir='ltr' id='par_1_37' title="bbox 534 1885 2123 1956">
     <span class='ocr_line' id='line_1_37' title="bbox 534 1885 2123 1956; baseline 0.001 -17"><span class='ocrx_word' id='word_1_263' title='bbox 534 1895 611 1940; x_wconf 81' lang='lat' dir='ltr'><strong>est</strong></span> <span class='ocrx_word' id='word_1_264' title='bbox 647 1885 714 1940; x_wconf 83' lang='grc'><strong>⁸⁸.</strong></span> <span class='ocrx_word' id='word_1_265' title='bbox 758 1886 1040 1956; x_wconf 85' lang='lat' dir='ltr'><strong>Completo</strong></span> <span class='ocrx_word' id='word_1_266' title='bbox 1091 1893 1271 1942; x_wconf 90' lang='lat' dir='ltr'><strong>autem</strong></span> <span class='ocrx_word' id='word_1_267' title='bbox 1311 1902 1487 1953; x_wconf 91' lang='lat' dir='ltr'><strong>anno,</strong></span> <span class='ocrx_word' id='word_1_268' title='bbox 1536 1901 1733 1942; x_wconf 88' lang='lat' dir='ltr'><strong>rursus</strong></span> <span class='ocrx_word' id='word_1_269' title='bbox 1766 1885 1836 1940; x_wconf 89' lang='lat' dir='ltr'><strong>ad</strong></span> <span class='ocrx_word' id='word_1_270' title='bbox 1870 1885 2123 1941; x_wconf 86' lang='lat' dir='ltr'><strong>abbatem</strong></span> 
     </span>
    </p>
   </div>
   <div class='ocr_carea' id='block_1_38' title="bbox 535 1973 2124 2046">
    <p class='ocr_par' dir='ltr' id='par_1_38' title="bbox 535 1973 2124 2046">
     <span class='ocr_line' id='line_1_38' title="bbox 535 1973 2124 2046; baseline 0.003 -18"><span class='ocrx_word' id='word_1_271' title='bbox 535 1973 768 2031; x_wconf 75' lang='lat' dir='ltr'><strong>Matoem</strong></span> <span class='ocrx_word' id='word_1_272' title='bbox 800 1977 1008 2031; x_wconf 87' lang='lat' dir='ltr'><strong>accessi</strong></span> <span class='ocrx_word' id='word_1_273' title='bbox 1036 1994 1051 2043; x_wconf 89' lang='lat'>;</span> <span class='ocrx_word' id='word_1_274' title='bbox 1092 1976 1254 2046; x_wconf 87' lang='lat' dir='ltr'><strong>eique</strong></span> <span class='ocrx_word' id='word_1_275' title='bbox 1280 1977 1446 2030; x_wconf 89' lang='lat' dir='ltr'><strong>retuli</strong></span> <span class='ocrx_word' id='word_1_276' title='bbox 1489 1974 1876 2032; x_wconf 88' lang='lat' dir='ltr'><strong>salutationem</strong></span> <span class='ocrx_word' id='word_1_277' title='bbox 1909 1975 2124 2032; x_wconf 88' lang='lat' dir='ltr'><strong>abbatis</strong></span> 
     </span>
    </p>
   </div>
   <div class='ocr_carea' id='block_1_39' title="bbox 533 2063 2125 2138">
    <p class='ocr_par' dir='ltr' id='par_1_39' title="bbox 533 2063 2125 2138">
     <span class='ocr_line' id='line_1_39' title="bbox 533 2063 2125 2138; baseline 0.002 -20"><span class='ocrx_word' id='word_1_278' title='bbox 533 2063 783 2120; x_wconf 84' lang='lat' dir='ltr'><strong>Joannis.</strong></span> <span class='ocrx_word' id='word_1_279' title='bbox 817 2065 884 2118; x_wconf 88' lang='lat' dir='ltr'><strong>Et</strong></span> <span class='ocrx_word' id='word_1_280' title='bbox 918 2066 1269 2122; x_wconf 77' lang='lat' dir='ltr'><strong>seneszon</strong></span> <span class='ocrx_word' id='word_1_281' title='bbox 1324 2082 1447 2122; x_wconf 89' lang='lat' dir='ltr'><strong>sum</strong></span> <span class='ocrx_word' id='word_1_282' title='bbox 1494 2067 1740 2136; x_wconf 89' lang='lat' dir='ltr'><strong>quidem,</strong></span> <span class='ocrx_word' id='word_1_283' title='bbox 1791 2066 1992 2138; x_wconf 89' lang='lat' dir='ltr'><strong>inquit,</strong></span> <span class='ocrx_word' id='word_1_284' title='bbox 2040 2067 2125 2121; x_wconf 77' lang='lat' dir='ltr'><strong>di~</strong></span> 
     </span>
    </p>
   </div>
   <div class='ocr_carea' id='block_1_40' title="bbox 533 2158 2122 2230">
    <p class='ocr_par' dir='ltr' id='par_1_40' title="bbox 533 2158 2122 2230">
     <span class='ocr_line' id='line_1_40' title="bbox 533 2158 2122 2230; baseline 0.001 -19"><span class='ocrx_word' id='word_1_285' title='bbox 533 2173 676 2229; x_wconf 81' lang='lat' dir='ltr'><strong>gnus</strong></span> <span class='ocrx_word' id='word_1_286' title='bbox 724 2159 875 2215; x_wconf 89' lang='lat' dir='ltr'><strong>senis</strong></span> <span class='ocrx_word' id='word_1_287' title='bbox 926 2158 1137 2230; x_wconf 79' lang='lat' dir='ltr'><strong>elogio;</strong></span> <span class='ocrx_word' id='word_1_288' title='bbox 1189 2167 1450 2215; x_wconf 66' lang='lat' dir='ltr'><strong>caeterum</strong></span> <span class='ocrx_word' id='word_1_289' title='bbox 1484 2159 1539 2214; x_wconf 88' lang='lat' dir='ltr'><strong>id</strong></span> <span class='ocrx_word' id='word_1_290' title='bbox 1577 2159 1752 2225; x_wconf 85' lang='lat' dir='ltr'><strong>scito,</strong></span> <span class='ocrx_word' id='word_1_291' title='bbox 1803 2159 1950 2229; x_wconf 91' lang='lat' dir='ltr'><strong>quod</strong></span> <span class='ocrx_word' id='word_1_292' title='bbox 1996 2173 2122 2212; x_wconf 90' lang='lat' dir='ltr'><strong>cum</strong></span> 
     </span>
    </p>
   </div>
   <div class='ocr_carea' id='block_1_41' title="bbox 533 2248 2118 2322">
    <p class='ocr_par' dir='ltr' id='par_1_41' title="bbox 533 2248 2118 2322">
     <span class='ocr_line' id='line_1_41' title="bbox 533 2248 2118 2322; baseline -0.002 -18"><span class='ocrx_word' id='word_1_293' title='bbox 533 2249 777 2306; x_wconf 81' lang='lat' dir='ltr'><strong>audieris</strong></span> <span class='ocrx_word' id='word_1_294' title='bbox 820 2267 1007 2307; x_wconf 85' lang='lat' dir='ltr'><strong>senem</strong></span> <span class='ocrx_word' id='word_1_295' title='bbox 1037 2251 1132 2322; x_wconf 90' lang='lat' dir='ltr'><strong>qui</strong></span> <span class='ocrx_word' id='word_1_296' title='bbox 1175 2253 1489 2322; x_wconf 89' lang='lat' dir='ltr'><strong>proximum</strong></span> <span class='ocrx_word' id='word_1_297' title='bbox 1522 2266 1691 2320; x_wconf 86' lang='lat' dir='ltr'><strong>super</strong></span> <span class='ocrx_word' id='word_1_298' title='bbox 1734 2264 1794 2306; x_wconf 88' lang='lat' dir='ltr'><strong>se</strong></span> <span class='ocrx_word' id='word_1_299' title='bbox 1835 2248 2118 2318; x_wconf 72' lang='lat' dir='ltr'><strong>praedicat,</strong></span> 
     </span>
    </p>
   </div>
   <div class='ocr_carea' id='block_1_42' title="bbox 531 2339 2121 2415">
    <p class='ocr_par' dir='ltr' id='par_1_42' title="bbox 531 2339 2121 2415">
     <span class='ocr_line' id='line_1_42' title="bbox 531 2339 2121 2415; baseline -0.001 -20"><span class='ocrx_word' id='word_1_300' title='bbox 531 2341 602 2396; x_wconf 91' lang='lat' dir='ltr'><strong>ad</strong></span> <span class='ocrx_word' id='word_1_301' title='bbox 636 2357 886 2415; x_wconf 76' lang='lat' dir='ltr'><strong>magnam</strong></span> <span class='ocrx_word' id='word_1_302' title='bbox 932 2345 1152 2413; x_wconf 88' lang='lat' dir='ltr'><strong>pietatis</strong></span> <span class='ocrx_word' id='word_1_303' title='bbox 1185 2357 1504 2399; x_wconf 87' lang='lat' dir='ltr'><strong>mensuram</strong></span> <span class='ocrx_word' id='word_1_304' title='bbox 1547 2341 1640 2396; x_wconf 89' lang='lat' dir='ltr'><strong>ille</strong></span> <span class='ocrx_word' id='word_1_305' title='bbox 1676 2340 1946 2410; x_wconf 81' lang='lat' dir='ltr'><strong>pervenit.</strong></span> <span class='ocrx_word' id='word_1_306' title='bbox 1995 2339 2121 2394; x_wconf 78' lang='lat' dir='ltr'><strong>Haec</strong></span> 
     </span>
    </p>
   </div>
   <div class='ocr_carea' id='block_1_43' title="bbox 531 2429 2116 2505">
    <p class='ocr_par' dir='ltr' id='par_1_43' title="bbox 531 2429 2116 2505">
     <span class='ocr_line' id='line_1_43' title="bbox 531 2429 2116 2505; baseline -0.003 -16"><span class='ocrx_word' id='word_1_307' title='bbox 531 2441 617 2491; x_wconf 93' lang='lat' dir='ltr'><strong>est</strong></span> <span class='ocrx_word' id='word_1_308' title='bbox 645 2436 792 2492; x_wconf 89' lang='lat' dir='ltr'><strong>enim</strong></span> <span class='ocrx_word' id='word_1_309' title='bbox 822 2433 1106 2505; x_wconf 78' lang='lat' dir='ltr'><strong>perfectio,</strong></span> <span class='ocrx_word' id='word_1_310' title='bbox 1139 2435 1454 2504; x_wconf 80' lang='lat' dir='ltr'><strong>proximum</strong></span> <span class='ocrx_word' id='word_1_311' title='bbox 1489 2446 1653 2489; x_wconf 88' lang='lat' dir='ltr'><strong>suum</strong></span> <span class='ocrx_word' id='word_1_312' title='bbox 1696 2429 1957 2502; x_wconf 66' lang='lat' dir='ltr'><strong>praeferre</strong></span> <span class='ocrx_word' id='word_1_313' title='bbox 1988 2431 2116 2487; x_wconf 89' lang='lat' dir='ltr'><strong>sibi.</strong></span> 
     </span>
    </p>
   </div>
   <div class='ocr_carea' id='block_1_44' title="bbox 601 2703 2120 2780">
    <p class='ocr_par' dir='ltr' id='par_1_44' title="bbox 601 2703 2120 2780">
     <span class='ocr_line' id='line_1_44' title="bbox 601 2703 2120 2780; baseline -0.003 -16"><span class='ocrx_word' id='word_1_314' title='bbox 601 2707 654 2764; x_wconf 91' lang='lat'><strong>8.</strong></span> <span class='ocrx_word' id='word_1_315' title='bbox 672 2707 785 2780; x_wconf 79' lang='lat'><strong>(39)</strong></span> <span class='ocrx_word' id='word_1_316' title='bbox 801 2705 1094 2764; x_wconf 83' lang='lat' dir='ltr'><strong>Referebat</strong></span> <span class='ocrx_word' id='word_1_317' title='bbox 1109 2707 1280 2764; x_wconf 88' lang='lat' dir='ltr'><strong>abbas</strong></span> <span class='ocrx_word' id='word_1_318' title='bbox 1302 2706 1508 2762; x_wconf 78' lang='lat' dir='ltr'><strong>Matoes</strong></span> <span class='ocrx_word' id='word_1_319' title='bbox 1531 2726 1543 2761; x_wconf 94' lang='lat'><strong>:</strong></span> <span class='ocrx_word' id='word_1_320' title='bbox 1567 2704 1723 2761; x_wconf 85' lang='lat' dir='ltr'><strong>Venit</strong></span> <span class='ocrx_word' id='word_1_321' title='bbox 1739 2703 1806 2759; x_wconf 89' lang='lat' dir='ltr'><strong>ad</strong></span> <span class='ocrx_word' id='word_1_322' title='bbox 1825 2719 1912 2759; x_wconf 88' lang='lat' dir='ltr'><strong>me</strong></span> <span class='ocrx_word' id='word_1_323' title='bbox 1929 2703 2120 2770; x_wconf 79' lang='lat' dir='ltr'><strong>frater,</strong></span> 
     </span>
    </p>
   </div>
   <div class='ocr_carea' id='block_1_45' title="bbox 528 2796 2123 2872">
    <p class='ocr_par' dir='ltr' id='par_1_45' title="bbox 528 2796 2123 2872">
     <span class='ocr_line' id='line_1_45' title="bbox 528 2796 2123 2872; baseline -0.004 -16"><span class='ocrx_word' id='word_1_324' title='bbox 528 2801 624 2872; x_wconf 86' lang='lat' dir='ltr'><strong>qui</strong></span> <span class='ocrx_word' id='word_1_325' title='bbox 664 2801 972 2866; x_wconf 76' lang='lat' dir='ltr'><strong>afﬁrmavit,</strong></span> <span class='ocrx_word' id='word_1_326' title='bbox 1015 2801 1411 2857; x_wconf 86' lang='lat' dir='ltr'><strong>detractionem</strong></span> <span class='ocrx_word' id='word_1_327' title='bbox 1444 2799 1685 2870; x_wconf 73' lang='lat' dir='ltr'><strong>peiorem</strong></span> <span class='ocrx_word' id='word_1_328' title='bbox 1723 2804 1846 2853; x_wconf 86' lang='lat' dir='ltr'><strong>esse</strong></span> <span class='ocrx_word' id='word_1_329' title='bbox 1888 2796 2123 2851; x_wconf 89' lang='lat' dir='ltr'><strong>fornica-</strong></span> 
     </span>
    </p>
   </div>
   <div class='ocr_carea' id='block_1_46' title="bbox 532 2888 2123 2960">
    <p class='ocr_par' dir='ltr' id='par_1_46' title="bbox 532 2888 2123 2960">
     <span class='ocr_line' id='line_1_46' title="bbox 532 2888 2123 2960; baseline -0.003 -14"><span class='ocrx_word' id='word_1_330' title='bbox 532 2893 701 2949; x_wconf 89' lang='lat' dir='ltr'><strong>tione.</strong></span> <span class='ocrx_word' id='word_1_331' title='bbox 743 2892 807 2948; x_wconf 86' lang='lat' dir='ltr'><strong>Et</strong></span> <span class='ocrx_word' id='word_1_332' title='bbox 840 2893 955 2949; x_wconf 82' lang='lat' dir='ltr'><strong>dixi</strong></span> <span class='ocrx_word' id='word_1_333' title='bbox 995 2911 1009 2949; x_wconf 91' lang='lat'><strong>:</strong></span> <span class='ocrx_word' id='word_1_334' title='bbox 1048 2891 1233 2949; x_wconf 88' lang='lat' dir='ltr'><strong>Durus</strong></span> <span class='ocrx_word' id='word_1_335' title='bbox 1275 2902 1360 2948; x_wconf 90' lang='lat' dir='ltr'><strong>est</strong></span> <span class='ocrx_word' id='word_1_336' title='bbox 1410 2891 1501 2946; x_wconf 88' lang='lat' dir='ltr'><strong>hic</strong></span> <span class='ocrx_word' id='word_1_337' title='bbox 1553 2905 1757 2947; x_wconf 88' lang='lat' dir='ltr'><strong>sermo.</strong></span> <span class='ocrx_word' id='word_1_338' title='bbox 1812 2888 1906 2944; x_wconf 85' lang='lat' dir='ltr'><strong>Ille</strong></span> <span class='ocrx_word' id='word_1_339' title='bbox 1957 2890 2123 2960; x_wconf 76' lang='lat' dir='ltr'><strong>igitur</strong></span> 
     </span>
    </p>
   </div>
   <div class='ocr_carea' id='block_1_47' title="bbox 2226 1789 3797 1866">
    <p class='ocr_par' dir='ltr' id='par_1_47' title="bbox 2226 1789 3797 1866">
     <span class='ocr_line' id='line_1_47' title="bbox 2226 1789 3797 1866; baseline 0.003 -23"><span class='ocrx_word' id='word_1_340' title='bbox 2226 1789 2377 1856; x_wconf 77' lang='grc' dir='ltr'><strong>ζεταί</strong></span> <span class='ocrx_word' id='word_1_341' title='bbox 2407 1807 2467 1844; x_wconf 89' lang='grc' dir='ltr'><strong>σε</strong></span> <span class='ocrx_word' id='word_1_342' title='bbox 2506 1792 2535 1844; x_wconf 89' lang='lat'><strong>6</strong></span> <span class='ocrx_word' id='word_1_343' title='bbox 2577 1790 2753 1856; x_wconf 77' lang='grc' dir='ltr'><strong>άϐϐάς</strong></span> <span class='ocrx_word' id='word_1_344' title='bbox 2791 1791 3051 1865; x_wconf 82' lang='grc' dir='ltr'><strong>Ματώης.</strong></span> <span class='ocrx_word' id='word_1_345' title='bbox 3092 1792 3204 1846; x_wconf 81' lang='grc' dir='ltr'><strong>Καὶ</strong></span> <span class='ocrx_word' id='word_1_346' title='bbox 3243 1791 3391 1861; x_wconf 81' lang='grc' dir='ltr'><strong>λέγει</strong></span> <span class='ocrx_word' id='word_1_347' title='bbox 3427 1795 3566 1863; x_wconf 86' lang='grc' dir='ltr'><strong>μοιό</strong></span> <span class='ocrx_word' id='word_1_348' title='bbox 3591 1794 3797 1866; x_wconf 84' lang='grc' dir='ltr'><strong>γέρων·</strong></span> 
     </span>
    </p>
   </div>
   <div class='ocr_carea' id='block_1_48' title="bbox 2238 1877 3804 1954">
    <p class='ocr_par' dir='ltr' id='par_1_48' title="bbox 2238 1877 3804 1954">
     <span class='ocr_line' id='line_1_48' title="bbox 2238 1877 3804 1954; baseline 0.001 -17"><span class='ocrx_word' id='word_1_349' title='bbox 2238 1883 2394 1938; x_wconf 81' lang='grc' dir='ltr'><strong>Ἰδοὺ</strong></span> <span class='ocrx_word' id='word_1_350' title='bbox 2424 1884 2453 1936; x_wconf 88' lang='lat'><strong>6</strong></span> <span class='ocrx_word' id='word_1_351' title='bbox 2485 1883 2660 1948; x_wconf 78' lang='grc' dir='ltr'><strong>ἀϐϐἄς</strong></span> <span class='ocrx_word' id='word_1_352' title='bbox 2692 1883 2952 1954; x_wconf 85' lang='grc' dir='ltr'><strong>Ματώης,</strong></span> <span class='ocrx_word' id='word_1_353' title='bbox 2983 1881 3222 1952; x_wconf 68' lang='grc' dir='ltr'><strong>ἀληθῶς</strong></span> <span class='ocrx_word' id='word_1_354' title='bbox 3252 1883 3636 1952; x_wconf 76' lang='grc' dir='ltr'><strong>Ἰσραηλίτης,</strong></span> <span class='ocrx_word' id='word_1_355' title='bbox 3659 1885 3726 1938; x_wconf 82' lang='grc' dir='ltr'><strong>ἐν</strong></span> <span class='ocrx_word' id='word_1_356' title='bbox 3753 1877 3804 1951; x_wconf 77' lang='grc' dir='ltr'><strong>ᾧ</strong></span> 
     </span>
    </p>
   </div>
   <div class='ocr_carea' id='block_1_49' title="bbox 2223 1973 3805 2046">
    <p class='ocr_par' dir='ltr' id='par_1_49' title="bbox 2223 1973 3805 2046">
     <span class='ocr_line' id='line_1_49' title="bbox 2223 1973 3805 2046; baseline -0.001 -18"><span class='ocrx_word' id='word_1_357' title='bbox 2223 1974 2406 2042; x_wconf 67' lang='grc' dir='ltr'><strong>δόλος</strong></span> <span class='ocrx_word' id='word_1_358' title='bbox 2432 1977 2545 2030; x_wconf 80' lang='grc' dir='ltr'><strong>οὐκ</strong></span> <span class='ocrx_word' id='word_1_359' title='bbox 2577 1975 2731 2030; x_wconf 81' lang='grc' dir='ltr'><strong>ἐστι.</strong></span> <span class='ocrx_word' id='word_1_360' title='bbox 2780 1975 2890 2029; x_wconf 90' lang='lat' dir='ltr'><strong>Kal</strong></span> <span class='ocrx_word' id='word_1_361' title='bbox 2927 1973 3306 2046; x_wconf 76' lang='grc' dir='ltr'><strong>πληρωθέντος</strong></span> <span class='ocrx_word' id='word_1_362' title='bbox 3352 1973 3615 2037; x_wconf 77' lang='grc' dir='ltr'><strong>ἐνιαυτοῦ,</strong></span> <span class='ocrx_word' id='word_1_363' title='bbox 3642 1975 3805 2028; x_wconf 80' lang='grc' dir='ltr'><strong>πάλιν</strong></span> 
     </span>
    </p>
   </div>
   <div class='ocr_carea' id='block_1_50' title="bbox 2227 2062 3806 2140">
    <p class='ocr_par' dir='ltr' id='par_1_50' title="bbox 2227 2062 3806 2140">
     <span class='ocr_line' id='line_1_50' title="bbox 2227 2062 3806 2140; baseline -0.001 -18"><span class='ocrx_word' id='word_1_364' title='bbox 2227 2068 2535 2140; x_wconf 82' lang='grc' dir='ltr'><strong>παρέϐαλον</strong></span> <span class='ocrx_word' id='word_1_365' title='bbox 2583 2067 2662 2138; x_wconf 84' lang='grc' dir='ltr'><strong>τῷ</strong></span> <span class='ocrx_word' id='word_1_366' title='bbox 2713 2067 2862 2138; x_wconf 79' lang='grc' dir='ltr'><strong>ἀϐϐᾷ</strong></span> <span class='ocrx_word' id='word_1_367' title='bbox 2897 2067 3090 2138; x_wconf 80' lang='grc' dir='ltr'><strong>Ματόῃ</strong></span> <span class='ocrx_word' id='word_1_368' title='bbox 3111 2085 3124 2099; x_wconf 77' lang='grc' dir='ltr'><strong><em>ο</em></strong></span> <span class='ocrx_word' id='word_1_369' title='bbox 3183 2067 3276 2120; x_wconf 66' lang='grc' dir='ltr'><strong>καὶ</strong></span> <span class='ocrx_word' id='word_1_370' title='bbox 3318 2062 3472 2120; x_wconf 74' lang='grc' dir='ltr'><strong>εἷπον</strong></span> <span class='ocrx_word' id='word_1_371' title='bbox 3525 2066 3672 2137; x_wconf 78' lang='grc' dir='ltr'><strong>αὐτῷ</strong></span> <span class='ocrx_word' id='word_1_372' title='bbox 3709 2068 3806 2120; x_wconf 76' lang='grc' dir='ltr'><strong>τὸν</strong></span> 
     </span>
    </p>
   </div>
   <div class='ocr_carea' id='block_1_51' title="bbox 2223 2156 3803 2229">
    <p class='ocr_par' dir='ltr' id='par_1_51' title="bbox 2223 2156 3803 2229">
     <span class='ocr_line' id='line_1_51' title="bbox 2223 2156 3803 2229; baseline -0.001 -18"><span class='ocrx_word' id='word_1_373' title='bbox 2223 2157 2514 2229; x_wconf 74' lang='grc' dir='ltr'><strong>ἀσπασμὸν</strong></span> <span class='ocrx_word' id='word_1_374' title='bbox 2545 2158 2638 2211; x_wconf 82' lang='grc' dir='ltr'><strong>τοῦ</strong></span> <span class='ocrx_word' id='word_1_375' title='bbox 2666 2157 2813 2211; x_wconf 68' lang='lat' dir='ltr'><strong>esse</strong></span> <span class='ocrx_word' id='word_1_376' title='bbox 2845 2157 3114 2212; x_wconf 82' lang='grc' dir='ltr'><strong>Ἰωάννου.</strong></span> <span class='ocrx_word' id='word_1_377' title='bbox 3151 2158 3264 2211; x_wconf 88' lang='lat' dir='ltr'><strong>Kal</strong></span> <span class='ocrx_word' id='word_1_378' title='bbox 3320 2156 3468 2226; x_wconf 86' lang='grc' dir='ltr'><strong>λέγει</strong></span> <span class='ocrx_word' id='word_1_379' title='bbox 3515 2159 3542 2211; x_wconf 89' lang='lat'><strong>6</strong></span> <span class='ocrx_word' id='word_1_380' title='bbox 3593 2157 3803 2229; x_wconf 85' lang='grc' dir='ltr'><strong>γέρων·</strong></span> 
     </span>
    </p>
   </div>
   <div class='ocr_carea' id='block_1_52' title="bbox 2223 2249 3809 2321">
    <p class='ocr_par' dir='ltr' id='par_1_52' title="bbox 2223 2249 3809 2321">
     <span class='ocr_line' id='line_1_52' title="bbox 2223 2249 3809 2321; baseline -0.001 -18"><span class='ocrx_word' id='word_1_381' title='bbox 2223 2250 2338 2303; x_wconf 79' lang='grc' dir='ltr'><strong>Οὐκ</strong></span> <span class='ocrx_word' id='word_1_382' title='bbox 2382 2251 2499 2320; x_wconf 76' lang='grc' dir='ltr'><strong>εἰμὶ</strong></span> <span class='ocrx_word' id='word_1_383' title='bbox 2547 2249 2647 2319; x_wconf 82' lang='grc' dir='ltr'><strong>μὲν</strong></span> <span class='ocrx_word' id='word_1_384' title='bbox 2701 2249 2852 2314; x_wconf 79' lang='grc' dir='ltr'><strong>ἄξιος</strong></span> <span class='ocrx_word' id='word_1_385' title='bbox 2893 2249 2986 2302; x_wconf 80' lang='grc' dir='ltr'><strong>τοῦ</strong></span> <span class='ocrx_word' id='word_1_386' title='bbox 3019 2249 3175 2318; x_wconf 87' lang='grc' dir='ltr'><strong>λόγου</strong></span> <span class='ocrx_word' id='word_1_387' title='bbox 3217 2249 3313 2303; x_wconf 83' lang='grc' dir='ltr'><strong>τοῦ</strong></span> <span class='ocrx_word' id='word_1_388' title='bbox 3347 2249 3633 2321; x_wconf 84' lang='grc' dir='ltr'><strong>γέροντος·</strong></span> <span class='ocrx_word' id='word_1_389' title='bbox 3663 2250 3809 2320; x_wconf 74' lang='grc' dir='ltr'><strong>πλὴν</strong></span> 
     </span>
    </p>
   </div>
   <div class='ocr_carea' id='block_1_53' title="bbox 2222 2340 3812 2415">
    <p class='ocr_par' dir='ltr' id='par_1_53' title="bbox 2222 2340 3812 2415">
     <span class='ocr_line' id='line_1_53' title="bbox 2222 2340 3812 2415; baseline 0.001 -20"><span class='ocrx_word' id='word_1_390' title='bbox 2222 2340 2380 2395; x_wconf 80' lang='grc' dir='ltr'><strong>τοῦτο</strong></span> <span class='ocrx_word' id='word_1_391' title='bbox 2421 2340 2677 2410; x_wconf 78' lang='grc' dir='ltr'><strong>γίνωσκε,</strong></span> <span class='ocrx_word' id='word_1_392' title='bbox 2707 2341 2789 2394; x_wconf 86' lang='grc' dir='ltr'><strong>ὃτι</strong></span> <span class='ocrx_word' id='word_1_393' title='bbox 2815 2340 2944 2394; x_wconf 83' lang='grc' dir='ltr'><strong>ὅταν</strong></span> <span class='ocrx_word' id='word_1_394' title='bbox 2973 2341 3212 2415; x_wconf 78' lang='grc' dir='ltr'><strong>ἀκούσῃς</strong></span> <span class='ocrx_word' id='word_1_395' title='bbox 3239 2343 3496 2412; x_wconf 87' lang='grc' dir='ltr'><strong>γέροντος</strong></span> <span class='ocrx_word' id='word_1_396' title='bbox 3543 2343 3635 2396; x_wconf 79' lang='grc' dir='ltr'><strong>τὸν</strong></span> <span class='ocrx_word' id='word_1_397' title='bbox 3670 2343 3812 2414; x_wconf 80' lang='grc' dir='ltr'><strong>πλη-</strong></span> 
     </span>
    </p>
   </div>
   <div class='ocr_carea' id='block_1_54' title="bbox 2224 2433 3818 2507">
    <p class='ocr_par' dir='ltr' id='par_1_54' title="bbox 2224 2433 3818 2507">
     <span class='ocr_line' id='line_1_54' title="bbox 2224 2433 3818 2507; baseline 0.001 -19"><span class='ocrx_word' id='word_1_398' title='bbox 2224 2435 2337 2488; x_wconf 84' lang='grc' dir='ltr'><strong>σίον</strong></span> <span class='ocrx_word' id='word_1_399' title='bbox 2396 2433 2709 2498; x_wconf 76' lang='grc' dir='ltr'><strong>δοξάζοντος</strong></span> <span class='ocrx_word' id='word_1_400' title='bbox 2749 2435 2890 2505; x_wconf 78' lang='grc' dir='ltr'><strong>ὑπὲρ</strong></span> <span class='ocrx_word' id='word_1_401' title='bbox 2947 2434 3161 2498; x_wconf 81' lang='grc' dir='ltr'><strong>ἐαυτὸν,</strong></span> <span class='ocrx_word' id='word_1_402' title='bbox 3220 2435 3301 2498; x_wconf 84' lang='grc' dir='ltr'><strong>είς</strong></span> <span class='ocrx_word' id='word_1_403' title='bbox 3349 2435 3522 2505; x_wconf 83' lang='grc' dir='ltr'><strong>μέτρα</strong></span> <span class='ocrx_word' id='word_1_404' title='bbox 3593 2436 3818 2507; x_wconf 83' lang='grc' dir='ltr'><strong>μεγάλα</strong></span> 
     </span>
    </p>
   </div>
   <div class='ocr_carea' id='block_1_55' title="bbox 2223 2523 3820 2599">
    <p class='ocr_par' dir='ltr' id='par_1_55' title="bbox 2223 2523 3820 2599">
     <span class='ocr_line' id='line_1_55' title="bbox 2223 2523 3820 2599; baseline 0.002 -20"><span class='ocrx_word' id='word_1_405' title='bbox 2223 2527 2475 2596; x_wconf 78' lang='grc' dir='ltr'><strong>ἔφθασεν.</strong></span> <span class='ocrx_word' id='word_1_406' title='bbox 2503 2523 2652 2596; x_wconf 77' lang='grc' dir='ltr'><strong>Αὕτη</strong></span> <span class='ocrx_word' id='word_1_407' title='bbox 2683 2525 2793 2596; x_wconf 86' lang='grc' dir='ltr'><strong>γάρ</strong></span> <span class='ocrx_word' id='word_1_408' title='bbox 2825 2527 2970 2580; x_wconf 89' lang='grc' dir='ltr'><strong>ἐστιν</strong></span> <span class='ocrx_word' id='word_1_409' title='bbox 2997 2526 3030 2596; x_wconf 77' lang='grc' dir='ltr'><em>ὴ</em></span> <span class='ocrx_word' id='word_1_410' title='bbox 3054 2525 3348 2596; x_wconf 83' lang='grc' dir='ltr'><strong>τελειότης,</strong></span> <span class='ocrx_word' id='word_1_411' title='bbox 3379 2525 3518 2580; x_wconf 81' lang='grc' dir='ltr'><strong>ὥστε</strong></span> <span class='ocrx_word' id='word_1_412' title='bbox 3542 2528 3634 2581; x_wconf 78' lang='grc' dir='ltr'><strong>τὸν</strong></span> <span class='ocrx_word' id='word_1_413' title='bbox 3670 2528 3820 2599; x_wconf 82' lang='grc' dir='ltr'><strong>πλη-</strong></span> 
     </span>
    </p>
   </div>
   <div class='ocr_carea' id='block_1_56' title="bbox 2226 2615 3238 2689">
    <p class='ocr_par' dir='ltr' id='par_1_56' title="bbox 2226 2615 3238 2689">
     <span class='ocr_line' id='line_1_56' title="bbox 2226 2615 3238 2689; baseline -0.001 -18"><span class='ocrx_word' id='word_1_414' title='bbox 2226 2620 2338 2674; x_wconf 88' lang='grc' dir='ltr'><strong>σίον</strong></span> <span class='ocrx_word' id='word_1_415' title='bbox 2360 2617 2555 2672; x_wconf 82' lang='grc' dir='ltr'><strong>ἐαυτοῦ</strong></span> <span class='ocrx_word' id='word_1_416' title='bbox 2583 2615 2827 2684; x_wconf 79' lang='grc' dir='ltr'><strong>δοξάζειν</strong></span> <span class='ocrx_word' id='word_1_417' title='bbox 2853 2618 2996 2689; x_wconf 87' lang='grc' dir='ltr'><strong>ὑπὲρ</strong></span> <span class='ocrx_word' id='word_1_418' title='bbox 3025 2618 3238 2672; x_wconf 84' lang='grc' dir='ltr'><strong>ἑαυτόν.</strong></span> 
     </span>
    </p>
   </div>
   <div class='ocr_carea' id='block_1_57' title="bbox 2291 2704 3817 2779">
    <p class='ocr_par' dir='ltr' id='par_1_57' title="bbox 2291 2704 3817 2779">
     <span class='ocr_line' id='line_1_57' title="bbox 2291 2704 3817 2779; baseline -0.001 -16"><span class='ocrx_word' id='word_1_419' title='bbox 2291 2715 2364 2778; x_wconf 87' lang='grc' dir='ltr'><strong>η’.</strong></span> <span class='ocrx_word' id='word_1_420' title='bbox 2397 2709 2626 2777; x_wconf 87' lang='grc' dir='ltr'><strong>Ἔλεγεν</strong></span> <span class='ocrx_word' id='word_1_421' title='bbox 2646 2710 2676 2762; x_wconf 97' lang='lat'><strong>6</strong></span> <span class='ocrx_word' id='word_1_422' title='bbox 2707 2707 2882 2772; x_wconf 80' lang='grc' dir='ltr'><strong>ἀϐϐᾶς</strong></span> <span class='ocrx_word' id='word_1_423' title='bbox 2907 2707 3149 2779; x_wconf 82' lang='grc' dir='ltr'><strong>Ματώης</strong></span> <span class='ocrx_word' id='word_1_424' title='bbox 3189 2710 3295 2772; x_wconf 84' lang='grc' dir='ltr'><strong>ὅτι,</strong></span> <span class='ocrx_word' id='word_1_425' title='bbox 3326 2704 3530 2762; x_wconf 80' lang='grc' dir='ltr'><strong>Ἦλθεν</strong></span> <span class='ocrx_word' id='word_1_426' title='bbox 3576 2707 3817 2778; x_wconf 78' lang='grc' dir='ltr'><strong>ἁδελφὸς</strong></span> 
     </span>
    </p>
   </div>
   <div class='ocr_carea' id='block_1_58' title="bbox 2230 2794 3815 2871">
    <p class='ocr_par' dir='ltr' id='par_1_58' title="bbox 2230 2794 3815 2871">
     <span class='ocr_line' id='line_1_58' title="bbox 2230 2794 3815 2871; baseline -0.003 -19"><span class='ocrx_word' id='word_1_427' title='bbox 2230 2799 2368 2871; x_wconf 80' lang='grc' dir='ltr'><strong>πρὸς</strong></span> <span class='ocrx_word' id='word_1_428' title='bbox 2401 2799 2489 2870; x_wconf 85' lang='grc' dir='ltr'><strong>μέ,</strong></span> <span class='ocrx_word' id='word_1_429' title='bbox 2517 2799 2612 2853; x_wconf 72' lang='grc' dir='ltr'><strong>καὶ</strong></span> <span class='ocrx_word' id='word_1_430' title='bbox 2645 2794 2769 2852; x_wconf 76' lang='grc' dir='ltr'><strong>εἶπέ</strong></span> <span class='ocrx_word' id='word_1_431' title='bbox 2810 2815 2920 2869; x_wconf 85' lang='grc' dir='ltr'><strong>μοι,</strong></span> <span class='ocrx_word' id='word_1_432' title='bbox 2953 2797 3035 2851; x_wconf 82' lang='grc' dir='ltr'><strong>ὃτι</strong></span> <span class='ocrx_word' id='word_1_433' title='bbox 3064 2800 3097 2868; x_wconf 79' lang='grc' dir='ltr'>ἡ</span> <span class='ocrx_word' id='word_1_434' title='bbox 3140 2796 3439 2850; x_wconf 78' lang='grc' dir='ltr'><strong>καταλαλιὰ</strong></span> <span class='ocrx_word' id='word_1_435' title='bbox 3479 2796 3658 2868; x_wconf 84' lang='grc' dir='ltr'><strong>χεῖρόν</strong></span> <span class='ocrx_word' id='word_1_436' title='bbox 3685 2799 3815 2849; x_wconf 81' lang='grc' dir='ltr'><strong>ἐστι</strong></span> 
     </span>
    </p>
   </div>
   <div class='ocr_carea' id='block_1_59' title="bbox 2222 2885 3809 2963">
    <p class='ocr_par' dir='ltr' id='par_1_59' title="bbox 2222 2885 3809 2963">
     <span class='ocr_line' id='line_1_59' title="bbox 2222 2885 3809 2963; baseline -0.002 -19"><span class='ocrx_word' id='word_1_437' title='bbox 2222 2891 2321 2962; x_wconf 78' lang='grc' dir='ltr'><strong>τῆς</strong></span> <span class='ocrx_word' id='word_1_438' title='bbox 2371 2892 2648 2963; x_wconf 83' lang='grc' dir='ltr'><strong>πορνείας.</strong></span> <span class='ocrx_word' id='word_1_439' title='bbox 2696 2891 2807 2945; x_wconf 87' lang='lat' dir='ltr'><strong>Kal</strong></span> <span class='ocrx_word' id='word_1_440' title='bbox 2853 2885 3044 2944; x_wconf 74' lang='grc' dir='ltr'><strong>εἷπονο</strong></span> <span class='ocrx_word' id='word_1_441' title='bbox 3101 2889 3345 2961; x_wconf 79' lang='grc' dir='ltr'><strong>Σκληρός</strong></span> <span class='ocrx_word' id='word_1_442' title='bbox 3392 2887 3809 2956; x_wconf 70' lang='grc' dir='ltr'><strong>ἐστινόλόγος.</strong></span> 
     </span>
    </p>
   </div>
   <div class='ocr_carea' id='block_1_60' title="bbox 531 2977 2121 3085">
    <p class='ocr_par' dir='ltr' id='par_1_60' title="bbox 531 2982 2121 3066">
     <span class='ocr_line' id='line_1_60' title="bbox 531 2982 2121 3066; baseline -0.003 -26"><span class='ocrx_word' id='word_1_443' title='bbox 531 2987 664 3041; x_wconf 89' lang='lat' dir='ltr'><strong>mihi</strong></span> <span class='ocrx_word' id='word_1_444' title='bbox 693 3007 707 3042; x_wconf 96' lang='lat'><strong>:</strong></span> <span class='ocrx_word' id='word_1_445' title='bbox 739 2986 825 3066; x_wconf 38' lang='lat' dir='ltr'><strong>Et.</strong></span> <span class='ocrx_word' id='word_1_446' title='bbox 841 3002 952 3057; x_wconf 88' lang='lat' dir='ltr'><strong>quo</strong></span> <span class='ocrx_word' id='word_1_447' title='bbox 993 2988 1153 3042; x_wconf 88' lang='lat' dir='ltr'><strong>modo</strong></span> <span class='ocrx_word' id='word_1_448' title='bbox 1182 2987 1266 3043; x_wconf 87' lang='lat' dir='ltr'><strong>vis</strong></span> <span class='ocrx_word' id='word_1_449' title='bbox 1295 3002 1419 3043; x_wconf 88' lang='lat' dir='ltr'><strong>esse</strong></span> <span class='ocrx_word' id='word_1_450' title='bbox 1453 2987 1596 3040; x_wconf 86' lang='lat' dir='ltr'><strong>hanc</strong></span> <span class='ocrx_word' id='word_1_451' title='bbox 1632 2983 1790 3039; x_wconf 80' lang='lat' dir='ltr'><strong>rem?</strong></span> <span class='ocrx_word' id='word_1_452' title='bbox 1831 2983 1981 3053; x_wconf 75' lang='lat' dir='ltr'><strong>Ego:</strong></span> <span class='ocrx_word' id='word_1_453' title='bbox 2019 2982 2121 3036; x_wconf 84' lang='lat' dir='ltr'><strong>De-</strong></span> 
     </span>
    </p>
   </div>
   <div class='ocr_carea' id='block_1_61' title="bbox 2232 2977 3811 3085">
    <p class='ocr_par' dir='ltr' id='par_1_61' title="bbox 2232 2977 3811 3053">
     <span class='ocr_line' id='line_1_61' title="bbox 2232 2977 3811 3053; baseline -0.003 -17"><span class='ocrx_word' id='word_1_454' title='bbox 2232 2984 2387 3052; x_wconf 70' lang='grc' dir='ltr'><strong>Λέγει</strong></span> <span class='ocrx_word' id='word_1_455' title='bbox 2417 2979 2510 3038; x_wconf 80' lang='grc' dir='ltr'><strong>οὖν</strong></span> <span class='ocrx_word' id='word_1_456' title='bbox 2539 3000 2659 3053; x_wconf 86' lang='grc' dir='ltr'><strong>μοι·</strong></span> <span class='ocrx_word' id='word_1_457' title='bbox 2690 2982 2800 3036; x_wconf 87' lang='lat' dir='ltr'><strong>Kal</strong></span> <span class='ocrx_word' id='word_1_458' title='bbox 2823 2981 2941 3046; x_wconf 88' lang='grc' dir='ltr'><strong>πῶς</strong></span> <span class='ocrx_word' id='word_1_459' title='bbox 2961 2981 3138 3045; x_wconf 86' lang='grc' dir='ltr'><strong>θέλεις</strong></span> <span class='ocrx_word' id='word_1_460' title='bbox 3165 2977 3304 3036; x_wconf 76' lang='grc' dir='ltr'><strong>εἶναι</strong></span> <span class='ocrx_word' id='word_1_461' title='bbox 3340 2981 3401 3034; x_wconf 86' lang='grc' dir='ltr'><strong>τὸ</strong></span> <span class='ocrx_word' id='word_1_462' title='bbox 3421 2982 3650 3051; x_wconf 81' lang='grc' dir='ltr'><strong>πρᾶγμα</strong></span> <span class='ocrx_word' id='word_1_463' title='bbox 3673 2979 3811 3032; x_wconf 77' lang='grc' dir='ltr'><strong>τοῦο</strong></span> 
     </span>
    </p>
   </div>
   <div class='ocr_carea' id='block_1_62' title="bbox 529 3074 2119 3152">
    <p class='ocr_par' dir='ltr' id='par_1_62' title="bbox 529 3074 2119 3152">
     <span class='ocr_line' id='line_1_62' title="bbox 529 3074 2119 3152; baseline -0.004 -18"><span class='ocrx_word' id='word_1_464' title='bbox 529 3082 732 3136; x_wconf 90' lang='lat' dir='ltr'><strong>tractio</strong></span> <span class='ocrx_word' id='word_1_465' title='bbox 763 3080 987 3152; x_wconf 86' lang='lat' dir='ltr'><strong>quidem</strong></span> <span class='ocrx_word' id='word_1_466' title='bbox 1025 3081 1166 3136; x_wconf 83' lang='lat' dir='ltr'><strong>mala</strong></span> <span class='ocrx_word' id='word_1_467' title='bbox 1209 3087 1314 3144; x_wconf 89' lang='lat' dir='ltr'><strong>est,</strong></span> <span class='ocrx_word' id='word_1_468' title='bbox 1359 3078 1455 3134; x_wconf 89' lang='lat' dir='ltr'><strong>sed</strong></span> <span class='ocrx_word' id='word_1_469' title='bbox 1490 3079 1724 3133; x_wconf 87' lang='lat' dir='ltr'><strong>celerem</strong></span> <span class='ocrx_word' id='word_1_470' title='bbox 1770 3074 2119 3131; x_wconf 83' lang='lat' dir='ltr'><strong>habetcura-</strong></span> 
     </span>
    </p>
   </div>
   <div class='ocr_carea' id='block_1_63' title="bbox 531 3163 2118 3243">
    <p class='ocr_par' dir='ltr' id='par_1_63' title="bbox 531 3163 2118 3243">
     <span class='ocr_line' id='line_1_63' title="bbox 531 3163 2118 3243; baseline -0.003 -18"><span class='ocrx_word' id='word_1_471' title='bbox 531 3174 773 3238; x_wconf 89' lang='lat' dir='ltr'><strong>tionem;</strong></span> <span class='ocrx_word' id='word_1_472' title='bbox 821 3188 966 3243; x_wconf 81' lang='lat' dir='ltr'><strong>saepe</strong></span> <span class='ocrx_word' id='word_1_473' title='bbox 1006 3173 1155 3228; x_wconf 88' lang='lat' dir='ltr'><strong>enim</strong></span> <span class='ocrx_word' id='word_1_474' title='bbox 1206 3171 1487 3226; x_wconf 85' lang='lat' dir='ltr'><strong>detractor</strong></span> <span class='ocrx_word' id='word_1_475' title='bbox 1533 3166 1855 3240; x_wconf 70' lang='lat' dir='ltr'><strong>paenitentia</strong></span> <span class='ocrx_word' id='word_1_476' title='bbox 1917 3163 2118 3221; x_wconf 86' lang='lat' dir='ltr'><strong>ductus</strong></span> 
     </span>
    </p>
   </div>
   <div class='ocr_carea' id='block_1_64' title="bbox 530 3257 2119 3334">
    <p class='ocr_par' dir='ltr' id='par_1_64' title="bbox 530 3257 2119 3334">
     <span class='ocr_line' id='line_1_64' title="bbox 530 3257 2119 3334; baseline -0.004 -16"><span class='ocrx_word' id='word_1_477' title='bbox 530 3263 744 3319; x_wconf 85' lang='lat' dir='ltr'><strong>veniam</strong></span> <span class='ocrx_word' id='word_1_478' title='bbox 783 3264 940 3334; x_wconf 89' lang='lat' dir='ltr'><strong>petit,</strong></span> <span class='ocrx_word' id='word_1_479' title='bbox 971 3262 1234 3318; x_wconf 90' lang='lat' dir='ltr'><strong>dicendo:</strong></span> <span class='ocrx_word' id='word_1_480' title='bbox 1265 3261 1402 3317; x_wconf 83' lang='lat' dir='ltr'><strong>Male</strong></span> <span class='ocrx_word' id='word_1_481' title='bbox 1427 3262 1649 3316; x_wconf 89' lang='lat' dir='ltr'><strong>locutus</strong></span> <span class='ocrx_word' id='word_1_482' title='bbox 1673 3273 1819 3316; x_wconf 91' lang='lat' dir='ltr'><strong>sum.</strong></span> <span class='ocrx_word' id='word_1_483' title='bbox 1849 3260 1918 3313; x_wconf 83' lang='lat' dir='ltr'><strong>At</strong></span> <span class='ocrx_word' id='word_1_484' title='bbox 1949 3257 2119 3313; x_wconf 81' lang='lat' dir='ltr'><strong>forni-</strong></span> 
     </span>
    </p>
   </div>
   <div class='ocr_carea' id='block_1_65' title="bbox 531 3357 1364 3422">
    <p class='ocr_par' dir='ltr' id='par_1_65' title="bbox 531 3357 1364 3422">
     <span class='ocr_line' id='line_1_65' title="bbox 531 3357 1364 3422; baseline -0.006 -10"><span class='ocrx_word' id='word_1_485' title='bbox 531 3358 700 3422; x_wconf 83' lang='lat' dir='ltr'><strong>catio,</strong></span> <span class='ocrx_word' id='word_1_486' title='bbox 735 3357 1062 3412; x_wconf 89' lang='lat' dir='ltr'><strong>naturaliter</strong></span> <span class='ocrx_word' id='word_1_487' title='bbox 1087 3369 1238 3410; x_wconf 91' lang='lat' dir='ltr'><strong>mors</strong></span> <span class='ocrx_word' id='word_1_488' title='bbox 1259 3362 1364 3411; x_wconf 91' lang='lat' dir='ltr'><strong>est.</strong></span> 
     </span>
    </p>
   </div>
   <div class='ocr_carea' id='block_1_66' title="bbox 603 3441 2118 3516">
    <p class='ocr_par' dir='ltr' id='par_1_66' title="bbox 603 3441 2118 3516">
     <span class='ocr_line' id='line_1_66' title="bbox 603 3441 2118 3516; baseline -0.005 -14"><span class='ocrx_word' id='word_1_489' title='bbox 603 3447 657 3502; x_wconf 91' lang='lat'><strong>9.</strong></span> <span class='ocrx_word' id='word_1_490' title='bbox 705 3447 840 3516; x_wconf 73' lang='lat'><strong>(40)</strong></span> <span class='ocrx_word' id='word_1_491' title='bbox 884 3445 1136 3500; x_wconf 80' lang='lat' dir='ltr'><strong>Perrexit</strong></span> <span class='ocrx_word' id='word_1_492' title='bbox 1207 3443 1504 3514; x_wconf 89' lang='lat' dir='ltr'><strong>aliquando</strong></span> <span class='ocrx_word' id='word_1_493' title='bbox 1571 3443 1744 3499; x_wconf 82' lang='lat' dir='ltr'><strong>abbas</strong></span> <span class='ocrx_word' id='word_1_494' title='bbox 1807 3441 2015 3497; x_wconf 82' lang='lat' dir='ltr'><strong>Matoes</strong></span> <span class='ocrx_word' id='word_1_495' title='bbox 2088 3453 2118 3494; x_wconf 87' lang='lat' dir='ltr'><strong>a</strong></span> 
     </span>
    </p>
   </div>
   <div class='ocr_carea' id='block_1_67' title="bbox 530 3537 2120 3609">
    <p class='ocr_par' dir='ltr' id='par_1_67' title="bbox 530 3537 2120 3609">
     <span class='ocr_line' id='line_1_67' title="bbox 530 3537 2120 3609; baseline -0.003 -17"><span class='ocrx_word' id='word_1_496' title='bbox 530 3538 770 3593; x_wconf 83' lang='lat' dir='ltr'><strong>Rhaithu</strong></span> <span class='ocrx_word' id='word_1_497' title='bbox 800 3539 866 3594; x_wconf 86' lang='lat' dir='ltr'><strong>ad</strong></span> <span class='ocrx_word' id='word_1_498' title='bbox 890 3546 1074 3609; x_wconf 87' lang='lat' dir='ltr'><strong>partes</strong></span> <span class='ocrx_word' id='word_1_499' title='bbox 1101 3537 1508 3608; x_wconf 79' lang='lat' dir='ltr'><strong>Magdulorum;</strong></span> <span class='ocrx_word' id='word_1_500' title='bbox 1541 3543 1661 3592; x_wconf 86' lang='lat' dir='ltr'><strong>erat</strong></span> <span class='ocrx_word' id='word_1_501' title='bbox 1691 3541 1875 3590; x_wconf 89' lang='lat' dir='ltr'><strong>autem</strong></span> <span class='ocrx_word' id='word_1_502' title='bbox 1902 3548 2026 3588; x_wconf 90' lang='lat' dir='ltr'><strong>cum</strong></span> <span class='ocrx_word' id='word_1_503' title='bbox 2053 3548 2120 3588; x_wconf 93' lang='lat' dir='ltr'><strong>eo</strong></span> 
     </span>
    </p>
   </div>
   <div class='ocr_carea' id='block_1_68' title="bbox 535 3629 2120 3702">
    <p class='ocr_par' dir='ltr' id='par_1_68' title="bbox 535 3629 2120 3702">
     <span class='ocr_line' id='line_1_68' title="bbox 535 3629 2120 3702; baseline -0.002 -16"><span class='ocrx_word' id='word_1_504' title='bbox 535 3631 704 3687; x_wconf 80' lang='lat' dir='ltr'><strong>frater</strong></span> <span class='ocrx_word' id='word_1_505' title='bbox 731 3633 873 3702; x_wconf 88' lang='lat' dir='ltr'><strong>ejus.</strong></span> <span class='ocrx_word' id='word_1_506' title='bbox 911 3631 976 3685; x_wconf 84' lang='lat' dir='ltr'><strong>Et</strong></span> <span class='ocrx_word' id='word_1_507' title='bbox 1010 3632 1302 3702; x_wconf 87' lang='lat' dir='ltr'><strong>episcopus</strong></span> <span class='ocrx_word' id='word_1_508' title='bbox 1323 3644 1509 3686; x_wconf 87' lang='lat' dir='ltr'><strong>senem</strong></span> <span class='ocrx_word' id='word_1_509' title='bbox 1534 3629 1963 3700; x_wconf 87' lang='lat' dir='ltr'><strong>apprehensum,</strong></span> <span class='ocrx_word' id='word_1_510' title='bbox 1998 3643 2120 3698; x_wconf 87' lang='lat' dir='ltr'><strong>pre-</strong></span> 
     </span>
    </p>
   </div>
   <div class='ocr_carea' id='block_1_69' title="bbox 530 3721 2122 3797">
    <p class='ocr_par' dir='ltr' id='par_1_69' title="bbox 530 3721 2122 3797">
     <span class='ocr_line' id='line_1_69' title="bbox 530 3721 2122 3797; baseline -0.003 -17"><span class='ocrx_word' id='word_1_511' title='bbox 530 3725 816 3797; x_wconf 83' lang='lat' dir='ltr'><strong>sbyterum</strong></span> <span class='ocrx_word' id='word_1_512' title='bbox 849 3724 996 3781; x_wconf 90' lang='lat' dir='ltr'><strong>fecit.</strong></span> <span class='ocrx_word' id='word_1_513' title='bbox 1030 3725 1281 3794; x_wconf 88' lang='lat' dir='ltr'><strong>Cumque</strong></span> <span class='ocrx_word' id='word_1_514' title='bbox 1317 3724 1482 3781; x_wconf 90' lang='lat' dir='ltr'><strong>simul</strong></span> <span class='ocrx_word' id='word_1_515' title='bbox 1507 3729 1718 3787; x_wconf 88' lang='lat' dir='ltr'><strong>essent,</strong></span> <span class='ocrx_word' id='word_1_516' title='bbox 1748 3721 1889 3776; x_wconf 81' lang='lat' dir='ltr'><strong>dixit</strong></span> <span class='ocrx_word' id='word_1_517' title='bbox 1915 3722 2122 3790; x_wconf 84' lang='lat' dir='ltr'><strong>episco-</strong></span> 
     </span>
    </p>
   </div>
   <div class='ocr_carea' id='block_1_70' title="bbox 531 3815 2119 3888">
    <p class='ocr_par' dir='ltr' id='par_1_70' title="bbox 531 3815 2119 3888">
     <span class='ocr_line' id='line_1_70' title="bbox 531 3815 2119 3888; baseline -0.001 -15"><span class='ocrx_word' id='word_1_518' title='bbox 531 3833 672 3888; x_wconf 87' lang='lat' dir='ltr'><strong>pus:</strong></span> <span class='ocrx_word' id='word_1_519' title='bbox 710 3817 942 3888; x_wconf 78' lang='lat' dir='ltr'><strong>Ignosce</strong></span> <span class='ocrx_word' id='word_1_520' title='bbox 987 3817 1162 3882; x_wconf 90' lang='lat' dir='ltr'><strong>mihi,</strong></span> <span class='ocrx_word' id='word_1_521' title='bbox 1206 3817 1380 3884; x_wconf 90' lang='lat' dir='ltr'><strong>abba;</strong></span> <span class='ocrx_word' id='word_1_522' title='bbox 1429 3817 1546 3874; x_wconf 84' lang='lat' dir='ltr'><strong>scio</strong></span> <span class='ocrx_word' id='word_1_523' title='bbox 1601 3827 1654 3872; x_wconf 89' lang='lat' dir='ltr'><strong>te</strong></span> <span class='ocrx_word' id='word_1_524' title='bbox 1689 3815 1936 3871; x_wconf 84' lang='lat' dir='ltr'><strong>noluisse</strong></span> <span class='ocrx_word' id='word_1_525' title='bbox 1974 3816 2119 3871; x_wconf 88' lang='lat' dir='ltr'><strong>hanc</strong></span> 
     </span>
    </p>
   </div>
   <div class='ocr_carea' id='block_1_71' title="bbox 530 3907 2117 3977">
    <p class='ocr_par' dir='ltr' id='par_1_71' title="bbox 530 3907 2117 3977">
     <span class='ocr_line' id='line_1_71' title="bbox 530 3907 2117 3977; baseline -0.002 -12"><span class='ocrx_word' id='word_1_526' title='bbox 530 3926 692 3977; x_wconf 87' lang='lat' dir='ltr'><strong>rem;</strong></span> <span class='ocrx_word' id='word_1_527' title='bbox 742 3926 932 3966; x_wconf 88' lang='lat' dir='ltr'><strong>verum</strong></span> <span class='ocrx_word' id='word_1_528' title='bbox 976 3918 1036 3965; x_wconf 91' lang='lat' dir='ltr'><strong>ut</strong></span> <span class='ocrx_word' id='word_1_529' title='bbox 1076 3926 1104 3966; x_wconf 87' lang='lat' dir='ltr'><strong>a</strong></span> <span class='ocrx_word' id='word_1_530' title='bbox 1141 3918 1193 3965; x_wconf 92' lang='lat' dir='ltr'><strong>te</strong></span> <span class='ocrx_word' id='word_1_531' title='bbox 1239 3909 1630 3974; x_wconf 87' lang='lat' dir='ltr'><strong>benedicerer,</strong></span> <span class='ocrx_word' id='word_1_532' title='bbox 1679 3907 1730 3962; x_wconf 88' lang='lat' dir='ltr'><strong>id</strong></span> <span class='ocrx_word' id='word_1_533' title='bbox 1776 3923 1946 3964; x_wconf 88' lang='lat' dir='ltr'><strong>ausus</strong></span> <span class='ocrx_word' id='word_1_534' title='bbox 1994 3923 2117 3964; x_wconf 90' lang='lat' dir='ltr'><strong>sum</strong></span> 
     </span>
    </p>
   </div>
   <div class='ocr_carea' id='block_1_72' title="bbox 533 4001 2114 4073">
    <p class='ocr_par' dir='ltr' id='par_1_72' title="bbox 533 4001 2114 4073">
     <span class='ocr_line' id='line_1_72' title="bbox 533 4001 2114 4073; baseline -0.001 -15"><span class='ocrx_word' id='word_1_535' title='bbox 533 4004 736 4060; x_wconf 80' lang='lat' dir='ltr'><strong>facere.</strong></span> <span class='ocrx_word' id='word_1_536' title='bbox 771 4004 954 4061; x_wconf 81' lang='lat' dir='ltr'><strong>Senex</strong></span> <span class='ocrx_word' id='word_1_537' title='bbox 980 4018 1115 4060; x_wconf 86' lang='lat' dir='ltr'><strong>vero</strong></span> <span class='ocrx_word' id='word_1_538' title='bbox 1161 4001 1447 4073; x_wconf 83' lang='lat' dir='ltr'><strong>respondit</strong></span> <span class='ocrx_word' id='word_1_539' title='bbox 1493 4001 1542 4057; x_wconf 89' lang='lat' dir='ltr'><strong>ei</strong></span> <span class='ocrx_word' id='word_1_540' title='bbox 1587 4017 1712 4056; x_wconf 90' lang='lat' dir='ltr'><strong>cum</strong></span> <span class='ocrx_word' id='word_1_541' title='bbox 1757 4001 2114 4056; x_wconf 86' lang='lat' dir='ltr'><strong>humilitate:</strong></span> 
     </span>
    </p>
   </div>
   <div class='ocr_carea' id='block_1_73' title="bbox 531 4093 2118 4166">
    <p class='ocr_par' dir='ltr' id='par_1_73' title="bbox 531 4093 2118 4166">
     <span class='ocr_line' id='line_1_73' title="bbox 531 4093 2118 4166; baseline -0.001 -17"><span class='ocrx_word' id='word_1_542' title='bbox 531 4095 714 4152; x_wconf 83' lang='lat' dir='ltr'><strong>Etiam</strong></span> <span class='ocrx_word' id='word_1_543' title='bbox 750 4096 971 4152; x_wconf 89' lang='lat' dir='ltr'><strong>animus</strong></span> <span class='ocrx_word' id='word_1_544' title='bbox 1010 4111 1166 4152; x_wconf 89' lang='lat' dir='ltr'><strong>meus</strong></span> <span class='ocrx_word' id='word_1_545' title='bbox 1199 4110 1392 4166; x_wconf 88' lang='lat' dir='ltr'><strong>parum</strong></span> <span class='ocrx_word' id='word_1_546' title='bbox 1422 4093 1669 4158; x_wconf 87' lang='lat' dir='ltr'><strong>volebat;</strong></span> <span class='ocrx_word' id='word_1_547' title='bbox 1703 4102 1962 4148; x_wconf 67' lang='lat' dir='ltr'><strong>caeterum</strong></span> <span class='ocrx_word' id='word_1_548' title='bbox 1989 4107 2118 4163; x_wconf 87' lang='lat' dir='ltr'><strong>pro-</strong></span> 
     </span>
    </p>
   </div>
   <div class='ocr_carea' id='block_1_74' title="bbox 533 4184 2120 4257">
    <p class='ocr_par' dir='ltr' id='par_1_74' title="bbox 533 4184 2120 4257">
     <span class='ocr_line' id='line_1_74' title="bbox 533 4184 2120 4257; baseline -0.002 -14"><span class='ocrx_word' id='word_1_549' title='bbox 533 4195 715 4256; x_wconf 82' lang='lat' dir='ltr'><strong>pterea</strong></span> <span class='ocrx_word' id='word_1_550' title='bbox 747 4187 990 4257; x_wconf 76' lang='lat' dir='ltr'><strong>graviter</strong></span> <span class='ocrx_word' id='word_1_551' title='bbox 1024 4185 1165 4251; x_wconf 82' lang='lat' dir='ltr'><strong>fero,</strong></span> <span class='ocrx_word' id='word_1_552' title='bbox 1196 4186 1343 4256; x_wconf 90' lang='lat' dir='ltr'><strong>quod</strong></span> <span class='ocrx_word' id='word_1_553' title='bbox 1374 4185 1719 4256; x_wconf 87' lang='lat' dir='ltr'><strong>separandus</strong></span> <span class='ocrx_word' id='word_1_554' title='bbox 1747 4185 1852 4241; x_wconf 88' lang='lat' dir='ltr'><strong>sim</strong></span> <span class='ocrx_word' id='word_1_555' title='bbox 1885 4199 1915 4238; x_wconf 92' lang='lat' dir='ltr'><strong>a</strong></span> <span class='ocrx_word' id='word_1_556' title='bbox 1947 4184 2120 4240; x_wconf 83' lang='lat' dir='ltr'><strong>fratre</strong></span> 
     </span>
    </p>
   </div>
   <div class='ocr_carea' id='block_1_75' title="bbox 532 4276 2115 4348">
    <p class='ocr_par' dir='ltr' id='par_1_75' title="bbox 532 4276 2115 4348">
     <span class='ocr_line' id='line_1_75' title="bbox 532 4276 2115 4348; baseline 0 -18"><span class='ocrx_word' id='word_1_557' title='bbox 532 4277 626 4347; x_wconf 83' lang='lat' dir='ltr'><strong>qui</strong></span> <span class='ocrx_word' id='word_1_558' title='bbox 676 4293 890 4332; x_wconf 89' lang='lat' dir='ltr'><strong>mecum</strong></span> <span class='ocrx_word' id='word_1_559' title='bbox 929 4285 1032 4332; x_wconf 90' lang='lat' dir='ltr'><strong>cst.</strong></span> <span class='ocrx_word' id='word_1_560' title='bbox 1073 4276 1192 4332; x_wconf 79' lang='lat' dir='ltr'><strong>Non</strong></span> <span class='ocrx_word' id='word_1_561' title='bbox 1234 4277 1382 4333; x_wconf 89' lang='lat' dir='ltr'><strong>enim</strong></span> <span class='ocrx_word' id='word_1_562' title='bbox 1428 4277 1537 4332; x_wconf 88' lang='lat' dir='ltr'><strong>hoc</strong></span> <span class='ocrx_word' id='word_1_563' title='bbox 1579 4285 1803 4348; x_wconf 88' lang='lat' dir='ltr'><strong>portare</strong></span> <span class='ocrx_word' id='word_1_564' title='bbox 1853 4291 2115 4346; x_wconf 92' lang='lat' dir='ltr'><strong>possum,</strong></span> 
     </span>
    </p>
   </div>
   <div class='ocr_carea' id='block_1_76' title="bbox 533 4368 2111 4439">
    <p class='ocr_par' dir='ltr' id='par_1_76' title="bbox 533 4368 2111 4439">
     <span class='ocr_line' id='line_1_76' title="bbox 533 4368 2111 4439; baseline 0.001 -17"><span class='ocrx_word' id='word_1_565' title='bbox 533 4377 595 4423; x_wconf 93' lang='lat' dir='ltr'><strong>ut</strong></span> <span class='ocrx_word' id='word_1_566' title='bbox 629 4383 821 4439; x_wconf 87' lang='lat' dir='ltr'><strong>preces</strong></span> <span class='ocrx_word' id='word_1_567' title='bbox 859 4369 1149 4425; x_wconf 65' lang='lat' dir='ltr'><strong>unirersas</strong></span> <span class='ocrx_word' id='word_1_568' title='bbox 1183 4368 1381 4424; x_wconf 83' lang='lat' dir='ltr'><strong>faciam</strong></span> <span class='ocrx_word' id='word_1_569' title='bbox 1434 4369 1606 4425; x_wconf 81' lang='lat' dir='ltr'><strong>solus.</strong></span> <span class='ocrx_word' id='word_1_570' title='bbox 1657 4370 1751 4424; x_wconf 88' lang='lat' dir='ltr'><strong>Ait</strong></span> <span class='ocrx_word' id='word_1_571' title='bbox 1780 4369 2111 4439; x_wconf 88' lang='lat' dir='ltr'><strong>episcopus:</strong></span> 
     </span>
    </p>
   </div>
   <div class='ocr_carea' id='block_1_77' title="bbox 535 4457 2115 4532">
    <p class='ocr_par' dir='ltr' id='par_1_77' title="bbox 535 4457 2115 4532">
     <span class='ocr_line' id='line_1_77' title="bbox 535 4457 2115 4532; baseline 0.001 -18"><span class='ocrx_word' id='word_1_572' title='bbox 535 4459 593 4514; x_wconf 93' lang='lat' dir='ltr'><strong>Si</strong></span> <span class='ocrx_word' id='word_1_573' title='bbox 622 4459 766 4514; x_wconf 88' lang='lat' dir='ltr'><strong>nosti</strong></span> <span class='ocrx_word' id='word_1_574' title='bbox 803 4458 1030 4530; x_wconf 79' lang='lat' dir='ltr'><strong>dignum</strong></span> <span class='ocrx_word' id='word_1_575' title='bbox 1069 4473 1212 4525; x_wconf 86' lang='lat' dir='ltr'><strong>esse,</strong></span> <span class='ocrx_word' id='word_1_576' title='bbox 1250 4475 1352 4532; x_wconf 72' lang='lat' dir='ltr'><strong>ego</strong></span> <span class='ocrx_word' id='word_1_577' title='bbox 1395 4459 1575 4530; x_wconf 90' lang='lat' dir='ltr'><strong>ipsum</strong></span> <span class='ocrx_word' id='word_1_578' title='bbox 1606 4459 1896 4515; x_wconf 89' lang='lat' dir='ltr'><strong>ordinabo.</strong></span> <span class='ocrx_word' id='word_1_579' title='bbox 1928 4457 2115 4515; x_wconf 87' lang='lat' dir='ltr'><strong>Abhas</strong></span> 
     </span>
    </p>
   </div>
   <div class='ocr_carea' id='block_1_78' title="bbox 533 4550 2111 4623">
    <p class='ocr_par' dir='ltr' id='par_1_78' title="bbox 533 4550 2111 4623">
     <span class='ocr_line' id='line_1_78' title="bbox 533 4550 2111 4623; baseline 0.001 -17"><span class='ocrx_word' id='word_1_580' title='bbox 533 4550 741 4614; x_wconf 79' lang='lat' dir='ltr'><strong>Matoes</strong></span> <span class='ocrx_word' id='word_1_581' title='bbox 768 4552 984 4622; x_wconf 77' lang='lat' dir='ltr'><strong>excepit</strong></span> <span class='ocrx_word' id='word_1_582' title='bbox 1016 4571 1030 4608; x_wconf 93' lang='lat'><strong>:</strong></span> <span class='ocrx_word' id='word_1_583' title='bbox 1058 4552 1251 4608; x_wconf 89' lang='lat' dir='ltr'><strong>Utrum</strong></span> <span class='ocrx_word' id='word_1_584' title='bbox 1277 4553 1499 4623; x_wconf 88' lang='lat' dir='ltr'><strong>quidem</strong></span> <span class='ocrx_word' id='word_1_585' title='bbox 1530 4552 1729 4622; x_wconf 78' lang='lat' dir='ltr'><strong>dignus</strong></span> <span class='ocrx_word' id='word_1_586' title='bbox 1760 4552 1853 4617; x_wconf 89' lang='lat' dir='ltr'><strong>sit,</strong></span> <span class='ocrx_word' id='word_1_587' title='bbox 1887 4552 2111 4619; x_wconf 89' lang='lat' dir='ltr'><strong>nescio;</strong></span> 
     </span>
    </p>
   </div>
   <div class='ocr_carea' id='block_1_79' title="bbox 535 4641 2116 4714">
    <p class='ocr_par' dir='ltr' id='par_1_79' title="bbox 535 4641 2116 4714">
     <span class='ocr_line' id='line_1_79' title="bbox 535 4641 2116 4714; baseline 0 -16"><span class='ocrx_word' id='word_1_588' title='bbox 535 4659 702 4698; x_wconf 90' lang='lat' dir='ltr'><strong>unum</strong></span> <span class='ocrx_word' id='word_1_589' title='bbox 741 4658 873 4699; x_wconf 79' lang='lat' dir='ltr'><strong>vero</strong></span> <span class='ocrx_word' id='word_1_590' title='bbox 909 4644 1051 4708; x_wconf 88' lang='lat' dir='ltr'><strong>scio,</strong></span> <span class='ocrx_word' id='word_1_591' title='bbox 1089 4643 1236 4714; x_wconf 88' lang='lat' dir='ltr'><strong>quod</strong></span> <span class='ocrx_word' id='word_1_592' title='bbox 1277 4658 1363 4698; x_wconf 85' lang='lat' dir='ltr'><strong>me</strong></span> <span class='ocrx_word' id='word_1_593' title='bbox 1392 4643 1464 4699; x_wconf 89' lang='lat' dir='ltr'><strong>sit</strong></span> <span class='ocrx_word' id='word_1_594' title='bbox 1495 4644 1710 4698; x_wconf 90' lang='lat' dir='ltr'><strong>melior.</strong></span> <span class='ocrx_word' id='word_1_595' title='bbox 1746 4641 1936 4714; x_wconf 85' lang='lat' dir='ltr'><strong>Itaque</strong></span> <span class='ocrx_word' id='word_1_596' title='bbox 1969 4643 2116 4698; x_wconf 88' lang='lat' dir='ltr'><strong>hunc</strong></span> 
     </span>
    </p>
   </div>
   <div class='ocr_carea' id='block_1_80' title="bbox 533 4733 2114 4806">
    <p class='ocr_par' dir='ltr' id='par_1_80' title="bbox 533 4733 2114 4806">
     <span class='ocr_line' id='line_1_80' title="bbox 533 4733 2114 4806; baseline 0.001 -18"><span class='ocrx_word' id='word_1_597' title='bbox 533 4735 739 4806; x_wconf 86' lang='lat' dir='ltr'><strong>pariter</strong></span> <span class='ocrx_word' id='word_1_598' title='bbox 782 4734 1076 4790; x_wconf 67' lang='lat' dir='ltr'><strong>ordinavit.</strong></span> <span class='ocrx_word' id='word_1_599' title='bbox 1115 4736 1290 4805; x_wconf 86' lang='lat' dir='ltr'><strong>Atque</strong></span> <span class='ocrx_word' id='word_1_600' title='bbox 1331 4733 1491 4788; x_wconf 91' lang='lat' dir='ltr'><strong>ambo</strong></span> <span class='ocrx_word' id='word_1_601' title='bbox 1527 4735 1731 4788; x_wconf 89' lang='lat' dir='ltr'><strong>mortui</strong></span> <span class='ocrx_word' id='word_1_602' title='bbox 1778 4745 1946 4798; x_wconf 87' lang='lat' dir='ltr'><strong>sunt,</strong></span> <span class='ocrx_word' id='word_1_603' title='bbox 1991 4751 2114 4791; x_wconf 91' lang='lat' dir='ltr'><strong>cum</strong></span> 
     </span>
    </p>
   </div>
   <div class='ocr_carea' id='block_1_81' title="bbox 533 4823 2114 4895">
    <p class='ocr_par' dir='ltr' id='par_1_81' title="bbox 533 4823 2114 4895">
     <span class='ocr_line' id='line_1_81' title="bbox 533 4823 2114 4895; baseline -0.001 -15"><span class='ocrx_word' id='word_1_604' title='bbox 533 4839 814 4895; x_wconf 86' lang='lat' dir='ltr'><strong>nunquam</strong></span> <span class='ocrx_word' id='word_1_605' title='bbox 838 4825 998 4878; x_wconf 83' lang='lat' dir='ltr'><strong>altari</strong></span> <span class='ocrx_word' id='word_1_606' title='bbox 1028 4824 1562 4894; x_wconf 88' lang='lat' dir='ltr'><strong>appropinquassent</strong></span> <span class='ocrx_word' id='word_1_607' title='bbox 1582 4825 1651 4878; x_wconf 87' lang='lat' dir='ltr'><strong>ad</strong></span> <span class='ocrx_word' id='word_1_608' title='bbox 1677 4823 2114 4879; x_wconf 84' lang='lat' dir='ltr'><strong>consecrandam</strong></span> 
     </span>
    </p>
   </div>
   <div class='ocr_carea' id='block_1_82' title="bbox 624 4978 2222 5050">
    <p class='ocr_par' dir='ltr' id='par_1_82' title="bbox 624 4978 2222 5050">
     <span class='ocr_line' id='line_1_82' title="bbox 624 4978 2222 5050; baseline 0 -16"><span class='ocrx_word' id='word_1_609' title='bbox 624 4981 671 5013; x_wconf 80' lang='lat'>“</span> <span class='ocrx_word' id='word_1_610' title='bbox 702 4978 860 5034; x_wconf 85' lang='lat' dir='ltr'><strong>Joan.</strong></span> <span class='ocrx_word' id='word_1_611' title='bbox 891 4996 930 5042; x_wconf 86' lang='grc' dir='ltr'><strong>ι,</strong></span> <span class='ocrx_word' id='word_1_612' title='bbox 962 4980 1052 5035; x_wconf 73' lang='grc'><strong>47.</strong></span> <span class='ocrx_word' id='word_1_613' title='bbox 1123 4981 1168 5012; x_wconf 78' lang='grc'><strong>⁸⁷</strong></span> <span class='ocrx_word' id='word_1_614' title='bbox 1191 4980 1384 5035; x_wconf 72' lang='lat' dir='ltr'><strong>Abest.</strong></span> <span class='ocrx_word' id='word_1_615' title='bbox 1434 4982 1495 5034; x_wconf 76' lang='grc' dir='ltr'>οὐ</span> <span class='ocrx_word' id='word_1_616' title='bbox 1533 4980 1600 5036; x_wconf 86' lang='lat' dir='ltr'><strong>ab</strong></span> <span class='ocrx_word' id='word_1_617' title='bbox 1622 4980 1694 5034; x_wconf 90' lang='lat' dir='ltr'><strong>al.</strong></span> <span class='ocrx_word' id='word_1_618' title='bbox 1769 4980 1920 5037; x_wconf 71' lang='lat' dir='ltr'><strong>&quot;Al.</strong></span> <span class='ocrx_word' id='word_1_619' title='bbox 1955 4981 2222 5050; x_wconf 77' lang='grc' dir='ltr'><strong>φυσικῶς.</strong></span> 
     </span>
    </p>
   </div>
   <div class='ocr_carea' id='block_1_83' title="bbox 533 5050 1816 5123">
    <p class='ocr_par' dir='ltr' id='par_1_83' title="bbox 533 5050 1816 5123">
     <span class='ocr_line' id='line_1_83' title="bbox 533 5050 1816 5123; baseline -0.001 -18"><span class='ocrx_word' id='word_1_620' title='bbox 533 5051 576 5083; x_wconf 78' lang='grc'><strong>⁸⁸</strong></span> <span class='ocrx_word' id='word_1_621' title='bbox 609 5052 695 5106; x_wconf 82' lang='lat' dir='ltr'><strong>Al.</strong></span> <span class='ocrx_word' id='word_1_622' title='bbox 731 5050 1007 5121; x_wconf 79' lang='grc' dir='ltr'><strong>θλίϐομαι.</strong></span> <span class='ocrx_word' id='word_1_623' title='bbox 1081 5053 1125 5083; x_wconf 74' lang='grc' dir='ltr'><strong>θ’</strong></span> <span class='ocrx_word' id='word_1_624' title='bbox 1154 5052 1342 5106; x_wconf 81' lang='lat' dir='ltr'><strong>Abest.</strong></span> <span class='ocrx_word' id='word_1_625' title='bbox 1381 5052 1606 5123; x_wconf 78' lang='grc' dir='ltr'><strong>ποιῆσαι</strong></span> <span class='ocrx_word' id='word_1_626' title='bbox 1639 5051 1708 5104; x_wconf 89' lang='lat' dir='ltr'><strong>ab</strong></span> <span class='ocrx_word' id='word_1_627' title='bbox 1747 5051 1816 5104; x_wconf 87' lang='lat' dir='ltr'><strong>al.</strong></span> 
     </span>
    </p>
   </div>
   <div class='ocr_carea' id='block_1_84' title="bbox 605 5163 1210 5235">
    <p class='ocr_par' dir='ltr' id='par_1_84' title="bbox 605 5163 1210 5235">
     <span class='ocr_line' id='line_1_84' title="bbox 605 5163 1210 5235; baseline 0.003 -16"><span class='ocrx_word' id='word_1_628' title='bbox 605 5165 720 5235; x_wconf 77' lang='lat'><strong>(59)</strong></span> <span class='ocrx_word' id='word_1_629' title='bbox 762 5163 866 5224; x_wconf 69' lang='lat' dir='ltr'><strong>vn.</strong></span> <span class='ocrx_word' id='word_1_630' title='bbox 893 5164 1046 5220; x_wconf 83' lang='lat' dir='ltr'><strong>Patr.</strong></span> <span class='ocrx_word' id='word_1_631' title='bbox 1075 5183 1129 5230; x_wconf 88' lang='lat' dir='ltr'><strong>v,</strong></span> <span class='ocrx_word' id='word_1_632' title='bbox 1155 5166 1210 5221; x_wconf 88' lang='lat'><strong>7.</strong></span> 
     </span>
    </p>
   </div>
   <div class='ocr_carea' id='block_1_85' title="bbox 609 5235 1295 5304">
    <p class='ocr_par' dir='ltr' id='par_1_85' title="bbox 609 5235 1295 5304">
     <span class='ocr_line' id='line_1_85' title="bbox 609 5235 1295 5304; baseline 0.001 -16"><span class='ocrx_word' id='word_1_633' title='bbox 609 5236 722 5304; x_wconf 69' lang='lat'><strong>(40)</strong></span> <span class='ocrx_word' id='word_1_634' title='bbox 762 5235 869 5294; x_wconf 80' lang='lat' dir='ltr'><strong>Vit.</strong></span> <span class='ocrx_word' id='word_1_635' title='bbox 900 5235 1050 5293; x_wconf 81' lang='lat' dir='ltr'><strong>Patr.</strong></span> <span class='ocrx_word' id='word_1_636' title='bbox 1086 5253 1176 5300; x_wconf 75' lang='lat' dir='ltr'><strong>xv,</strong></span> <span class='ocrx_word' id='word_1_637' title='bbox 1203 5235 1295 5290; x_wconf 79' lang='lat'><strong>‘27.</strong></span> 
     </span>
    </p>
   </div>
   <div class='ocr_carea' id='block_1_86' title="bbox 555 5303 2109 5385">
    <p class='ocr_par' dir='ltr' id='par_1_86' title="bbox 555 5303 2109 5385">
     <span class='ocr_line' id='line_1_86' title="bbox 555 5303 2109 5385; baseline 0.005 -30"><span class='ocrx_word' id='word_1_638' title='bbox 555 5369 572 5385; x_wconf 31' lang='grc' dir='ltr'><strong>π</strong></span> <span class='ocrx_word' id='word_1_639' title='bbox 609 5303 752 5385; x_wconf 52' lang='grc' dir='ltr'><strong>(ιηη</strong></span> <span class='ocrx_word' id='word_1_640' title='bbox 767 5307 900 5385; x_wconf 61' lang='grc' dir='ltr'><strong>ᾉρτὸ</strong></span> <span class='ocrx_word' id='word_1_641' title='bbox 932 5306 1043 5385; x_wconf 56' lang='grc' dir='ltr'><strong>τῆς</strong></span> <span class='ocrx_word' id='word_1_642' title='bbox 1077 5305 1436 5385; x_wconf 36' lang='grc' dir='ltr'><strong>’ζ’-ᾳιθοῦηιις</strong></span> <span class='ocrx_word' id='word_1_643' title='bbox 1472 5307 1714 5385; x_wconf 38' lang='grc' dir='ltr'><strong>τὰᾏμέρη</strong></span> <span class='ocrx_word' id='word_1_644' title='bbox 1750 5305 2109 5385; x_wconf 57' lang='lat' dir='ltr'><strong>Dim-60.1937.</strong></span> 
     </span>
    </p>
   </div>
   <div class='ocr_carea' id='block_1_87' title="bbox 533 5372 2110 5433">
    <p class='ocr_par' dir='ltr' id='par_1_87' title="bbox 533 5372 2110 5433">
     <span class='ocr_line' id='line_1_87' title="bbox 533 5372 2110 5433; baseline 0.006 -12"><span class='ocrx_word' id='word_1_645' title='bbox 533 5372 956 5432; x_wconf 66' lang='grc' dir='ltr'><strong>(ὶυι1.’(1011›οιί.</strong></span> <span class='ocrx_word' id='word_1_646' title='bbox 994 5372 1278 5433; x_wconf 83' lang='grc' dir='ltr'><strong>Γαϐάλων.</strong></span> <span class='ocrx_word' id='word_1_647' title='bbox 1322 5375 1485 5432; x_wconf 73' lang='lat' dir='ltr'><strong>Juxta</strong></span> <span class='ocrx_word' id='word_1_648' title='bbox 1542 5372 1797 5432; x_wconf 75' lang='lat' dir='ltr'><strong>Rufinum</strong></span> <span class='ocrx_word' id='word_1_649' title='bbox 1836 5372 1948 5432; x_wconf 57' lang='lat' dir='ltr'><strong>{de</strong></span> <span class='ocrx_word' id='word_1_650' title='bbox 1997 5379 2110 5430; x_wconf 87' lang='lat' dir='ltr'><strong>loco</strong></span> 
     </span>
    </p>
   </div>
   <div class='ocr_carea' id='block_1_88' title="bbox 2221 3072 3806 3146">
    <p class='ocr_par' dir='ltr' id='par_1_88' title="bbox 2221 3072 3806 3146">
     <span class='ocr_line' id='line_1_88' title="bbox 2221 3072 3806 3146; baseline -0.003 -18"><span class='ocrx_word' id='word_1_651' title='bbox 2221 3091 2310 3140; x_wconf 61' lang='lat' dir='ltr'><strong>to;</strong></span> <span class='ocrx_word' id='word_1_652' title='bbox 2354 3075 2498 3144; x_wconf 82' lang='grc' dir='ltr'><strong>Ἐγὼ</strong></span> <span class='ocrx_word' id='word_1_653' title='bbox 2541 3074 2600 3127; x_wconf 84' lang='grc' dir='ltr'><strong>δὲ</strong></span> <span class='ocrx_word' id='word_1_654' title='bbox 2635 3073 2806 3146; x_wconf 74' lang='grc' dir='ltr'><strong>ἔφην·</strong></span> <span class='ocrx_word' id='word_1_655' title='bbox 2850 3074 2913 3127; x_wconf 82' lang='grc' dir='ltr'>Ἣ</span> <span class='ocrx_word' id='word_1_656' title='bbox 2947 3072 3048 3144; x_wconf 88' lang='grc' dir='ltr'><strong>μὲν</strong></span> <span class='ocrx_word' id='word_1_657' title='bbox 3063 3073 3402 3143; x_wconf 43' lang='grc' dir='ltr'><strong>έκαταλαλιὰ</strong></span> <span class='ocrx_word' id='word_1_658' title='bbox 3442 3075 3586 3143; x_wconf 77' lang='grc' dir='ltr'><strong>κακή</strong></span> <span class='ocrx_word' id='word_1_659' title='bbox 3621 3074 3806 3124; x_wconf 82' lang='grc' dir='ltr'><strong>ἐστιν·</strong></span> 
     </span>
    </p>
   </div>
   <div class='ocr_carea' id='block_1_89' title="bbox 2218 3162 3814 3236">
    <p class='ocr_par' dir='ltr' id='par_1_89' title="bbox 2218 3162 3814 3236">
     <span class='ocr_line' id='line_1_89' title="bbox 2218 3162 3814 3236; baseline 0 -18"><span class='ocrx_word' id='word_1_660' title='bbox 2218 3167 2440 3235; x_wconf 87' lang='grc' dir='ltr'><strong>ταχεῖαν</strong></span> <span class='ocrx_word' id='word_1_661' title='bbox 2469 3165 2526 3218; x_wconf 83' lang='grc' dir='ltr'><strong>δὲ</strong></span> <span class='ocrx_word' id='word_1_662' title='bbox 2555 3165 2668 3236; x_wconf 78' lang='grc' dir='ltr'><strong>ἔχει</strong></span> <span class='ocrx_word' id='word_1_663' title='bbox 2695 3164 3024 3236; x_wconf 78' lang='grc' dir='ltr'><strong>θεραπείανο</strong></span> <span class='ocrx_word' id='word_1_664' title='bbox 3075 3167 3325 3236; x_wconf 85' lang='grc' dir='ltr'><strong>μετανοεί</strong></span> <span class='ocrx_word' id='word_1_665' title='bbox 3353 3163 3461 3236; x_wconf 84' lang='grc' dir='ltr'><strong>γὰρ</strong></span> <span class='ocrx_word' id='word_1_666' title='bbox 3489 3162 3750 3224; x_wconf 79' lang='grc' dir='ltr'><strong>πολλάκις</strong></span> <span class='ocrx_word' id='word_1_667' title='bbox 3785 3167 3814 3218; x_wconf 90' lang='lat'><strong>6</strong></span> 
     </span>
    </p>
   </div>
   <div class='ocr_carea' id='block_1_90' title="bbox 2219 3255 3814 3329">
    <p class='ocr_par' dir='ltr' id='par_1_90' title="bbox 2219 3255 3814 3329">
     <span class='ocr_line' id='line_1_90' title="bbox 2219 3255 3814 3329; baseline -0.003 -18"><span class='ocrx_word' id='word_1_668' title='bbox 2219 3256 2623 3329; x_wconf 83' lang='grc' dir='ltr'><strong>καταλαλήσας,</strong></span> <span class='ocrx_word' id='word_1_669' title='bbox 2673 3257 2878 3327; x_wconf 83' lang='grc' dir='ltr'><strong>λέγων·</strong></span> <span class='ocrx_word' id='word_1_670' title='bbox 2909 3255 3112 3320; x_wconf 87' lang='grc' dir='ltr'><strong>Κακῶς</strong></span> <span class='ocrx_word' id='word_1_671' title='bbox 3163 3256 3420 3327; x_wconf 83' lang='grc' dir='ltr'><strong>ἐλάλησα.</strong></span> <span class='ocrx_word' id='word_1_672' title='bbox 3475 3257 3542 3309; x_wconf 82' lang='grc' dir='ltr'><strong>Ἠ</strong></span> <span class='ocrx_word' id='word_1_673' title='bbox 3583 3256 3640 3309; x_wconf 83' lang='grc' dir='ltr'><strong>δέ</strong></span> <span class='ocrx_word' id='word_1_674' title='bbox 3671 3271 3814 3326; x_wconf 85' lang='grc' dir='ltr'><strong>πορ-</strong></span> 
     </span>
    </p>
   </div>
   <div class='ocr_carea' id='block_1_91' title="bbox 2218 3348 3139 3420">
    <p class='ocr_par' dir='ltr' id='par_1_91' title="bbox 2218 3348 3139 3420">
     <span class='ocr_line' id='line_1_91' title="bbox 2218 3348 3139 3420; baseline 0.002 -19"><span class='ocrx_word' id='word_1_675' title='bbox 2218 3349 2356 3413; x_wconf 84' lang='grc' dir='ltr'><strong>νεία,</strong></span> <span class='ocrx_word' id='word_1_676' title='bbox 2393 3349 2681 3420; x_wconf 69' lang='grc' dir='ltr'><strong>φυσικὺςδθ</strong></span> <span class='ocrx_word' id='word_1_677' title='bbox 2717 3348 2945 3413; x_wconf 85' lang='grc' dir='ltr'><strong>θάνατός</strong></span> <span class='ocrx_word' id='word_1_678' title='bbox 2972 3348 3139 3403; x_wconf 88' lang='grc' dir='ltr'><strong>ἐστιν.</strong></span> 
     </span>
    </p>
   </div>
   <div class='ocr_carea' id='block_1_92' title="bbox 2291 3441 3813 3514">
    <p class='ocr_par' dir='ltr' id='par_1_92' title="bbox 2291 3441 3813 3514">
     <span class='ocr_line' id='line_1_92' title="bbox 2291 3441 3813 3514; baseline 0 -20"><span class='ocrx_word' id='word_1_679' title='bbox 2291 3441 2356 3496; x_wconf 82' lang='grc' dir='ltr'><strong>θ’.</strong></span> <span class='ocrx_word' id='word_1_680' title='bbox 2405 3442 2645 3514; x_wconf 73' lang='grc' dir='ltr'><strong>Ἀπῆλοέ</strong></span> <span class='ocrx_word' id='word_1_681' title='bbox 2682 3459 2814 3496; x_wconf 76' lang='grc' dir='ltr'><strong>ποτε</strong></span> <span class='ocrx_word' id='word_1_682' title='bbox 2857 3444 2886 3496; x_wconf 90' lang='lat'><strong>6</strong></span> <span class='ocrx_word' id='word_1_683' title='bbox 2921 3441 3096 3506; x_wconf 81' lang='grc' dir='ltr'><strong>άϐϐᾶς</strong></span> <span class='ocrx_word' id='word_1_684' title='bbox 3124 3442 3365 3514; x_wconf 81' lang='grc' dir='ltr'><strong>Ματώης</strong></span> <span class='ocrx_word' id='word_1_685' title='bbox 3385 3441 3494 3497; x_wconf 82' lang='grc' dir='ltr'><strong>ἀπὸ</strong></span> <span class='ocrx_word' id='word_1_686' title='bbox 3518 3442 3618 3513; x_wconf 79' lang='grc' dir='ltr'><strong>τῆς</strong></span> <span class='ocrx_word' id='word_1_687' title='bbox 3654 3441 3813 3494; x_wconf 79' lang='grc' dir='ltr'><strong>Ῥαι-</strong></span> 
     </span>
    </p>
   </div>
   <div class='ocr_carea' id='block_1_93' title="bbox 2220 3532 3814 3610">
    <p class='ocr_par' dir='ltr' id='par_1_93' title="bbox 2220 3532 3814 3610">
     <span class='ocr_line' id='line_1_93' title="bbox 2220 3532 3814 3610; baseline -0.001 -20"><span class='ocrx_word' id='word_1_688' title='bbox 2220 3536 2337 3601; x_wconf 80' lang='grc' dir='ltr'><strong>θοῢ,</strong></span> <span class='ocrx_word' id='word_1_689' title='bbox 2369 3540 2450 3600; x_wconf 75' lang='grc' dir='ltr'><strong>εἰς</strong></span> <span class='ocrx_word' id='word_1_690' title='bbox 2491 3537 2560 3592; x_wconf 73' lang='grc' dir='ltr'><strong>τὰ</strong></span> <span class='ocrx_word' id='word_1_691' title='bbox 2615 3538 2757 3610; x_wconf 86' lang='grc' dir='ltr'><strong>μέρη</strong></span> <span class='ocrx_word' id='word_1_692' title='bbox 2813 3536 3114 3606; x_wconf 81' lang='grc' dir='ltr'><strong>Μαγδολῶν</strong></span> <span class='ocrx_word' id='word_1_693' title='bbox 3146 3537 3192 3570; x_wconf 76' lang='grc'><strong>³⁸</strong></span> <span class='ocrx_word' id='word_1_694' title='bbox 3227 3536 3338 3608; x_wconf 77' lang='grc' dir='ltr'><strong>(Η)</strong></span> <span class='ocrx_word' id='word_1_695' title='bbox 3365 3553 3379 3567; x_wconf 75' lang='grc' dir='ltr'><strong>ο</strong></span> <span class='ocrx_word' id='word_1_696' title='bbox 3416 3532 3484 3608; x_wconf 80' lang='grc' dir='ltr'><strong>ἦν</strong></span> <span class='ocrx_word' id='word_1_697' title='bbox 3512 3536 3568 3589; x_wconf 85' lang='grc' dir='ltr'><strong>δέ</strong></span> <span class='ocrx_word' id='word_1_698' title='bbox 3590 3537 3620 3589; x_wconf 93' lang='lat'><strong>6</strong></span> <span class='ocrx_word' id='word_1_699' title='bbox 3644 3535 3814 3589; x_wconf 80' lang='grc' dir='ltr'><strong>ἀδελ-</strong></span> 
     </span>
    </p>
   </div>
   <div class='ocr_carea' id='block_1_94' title="bbox 2220 3627 3812 3702">
    <p class='ocr_par' dir='ltr' id='par_1_94' title="bbox 2220 3627 3812 3702">
     <span class='ocr_line' id='line_1_94' title="bbox 2220 3627 3812 3702; baseline -0.002 -19"><span class='ocrx_word' id='word_1_700' title='bbox 2220 3629 2318 3699; x_wconf 63' lang='grc' dir='ltr'><strong>ῲδς</strong></span> <span class='ocrx_word' id='word_1_701' title='bbox 2349 3631 2514 3684; x_wconf 77' lang='grc' dir='ltr'><strong>αὑτοῦ</strong></span> <span class='ocrx_word' id='word_1_702' title='bbox 2548 3631 2666 3702; x_wconf 84' lang='grc' dir='ltr'><strong>μετ’</strong></span> <span class='ocrx_word' id='word_1_703' title='bbox 2692 3631 2877 3685; x_wconf 76' lang='grc' dir='ltr'><strong>αὐτοῦ.</strong></span> <span class='ocrx_word' id='word_1_704' title='bbox 2909 3631 3020 3684; x_wconf 82' lang='lat' dir='ltr'><strong>Kal</strong></span> <span class='ocrx_word' id='word_1_705' title='bbox 3048 3631 3328 3701; x_wconf 82' lang='grc' dir='ltr'><strong>κρατήσας</strong></span> <span class='ocrx_word' id='word_1_706' title='bbox 3348 3630 3377 3682; x_wconf 90' lang='lat'><strong>6</strong></span> <span class='ocrx_word' id='word_1_707' title='bbox 3394 3628 3691 3691; x_wconf 76' lang='grc' dir='ltr'><strong>ἐπίσκοπος</strong></span> <span class='ocrx_word' id='word_1_708' title='bbox 3711 3627 3812 3681; x_wconf 80' lang='grc' dir='ltr'><strong>τὸν</strong></span> 
     </span>
    </p>
   </div>
   <div class='ocr_carea' id='block_1_95' title="bbox 2220 3716 3812 3792">
    <p class='ocr_par' dir='ltr' id='par_1_95' title="bbox 2220 3716 3812 3792">
     <span class='ocr_line' id='line_1_95' title="bbox 2220 3716 3812 3792; baseline -0.003 -18"><span class='ocrx_word' id='word_1_709' title='bbox 2220 3722 2474 3792; x_wconf 86' lang='grc' dir='ltr'><strong>γέροντα,</strong></span> <span class='ocrx_word' id='word_1_710' title='bbox 2517 3721 2772 3792; x_wconf 84' lang='grc' dir='ltr'><strong>ἐποίησεν</strong></span> <span class='ocrx_word' id='word_1_711' title='bbox 2821 3719 2985 3774; x_wconf 74' lang='grc' dir='ltr'><strong>αὐτὸν</strong></span> <span class='ocrx_word' id='word_1_712' title='bbox 3023 3719 3411 3792; x_wconf 82' lang='grc' dir='ltr'><strong>πρεσϐύτερον.</strong></span> <span class='ocrx_word' id='word_1_713' title='bbox 3437 3718 3548 3772; x_wconf 86' lang='lat' dir='ltr'><strong>Kal</strong></span> <span class='ocrx_word' id='word_1_714' title='bbox 3582 3716 3812 3787; x_wconf 83' lang='grc' dir='ltr'><strong>γενομέ-</strong></span> 
     </span>
    </p>
   </div>
   <div class='ocr_carea' id='block_1_96' title="bbox 2219 3807 3806 3884">
    <p class='ocr_par' dir='ltr' id='par_1_96' title="bbox 2219 3807 3806 3884">
     <span class='ocr_line' id='line_1_96' title="bbox 2219 3807 3806 3884; baseline 0.013 -22"><span class='ocrx_word' id='word_1_715' title='bbox 2219 3831 2325 3868; x_wconf 86' lang='grc' dir='ltr'><strong>νων</strong></span> <span class='ocrx_word' id='word_1_716' title='bbox 2339 3814 2384 3846; x_wconf 71' lang='grc' dir='ltr'><strong>νο</strong></span> <span class='ocrx_word' id='word_1_717' title='bbox 2411 3813 2590 3868; x_wconf 77' lang='grc' dir='ltr'><strong>αὐτῶν</strong></span> <span class='ocrx_word' id='word_1_718' title='bbox 2624 3814 2785 3884; x_wconf 77' lang='grc' dir='ltr'><strong>ὁμοῦ,</strong></span> <span class='ocrx_word' id='word_1_719' title='bbox 2819 3814 3004 3884; x_wconf 75' lang='grc' dir='ltr'><strong>ελεγεν</strong></span> <span class='ocrx_word' id='word_1_720' title='bbox 3040 3815 3069 3867; x_wconf 86' lang='grc' dir='ltr'><strong>ό</strong></span> <span class='ocrx_word' id='word_1_721' title='bbox 3113 3812 3442 3875; x_wconf 82' lang='grc' dir='ltr'><strong>ἐπίσκοπος⁶</strong></span> <span class='ocrx_word' id='word_1_722' title='bbox 3499 3807 3806 3880; x_wconf 78' lang='grc' dir='ltr'><strong>Συγχώρη·</strong></span> 
     </span>
    </p>
   </div>
   <div class='ocr_carea' id='block_1_97' title="bbox 2221 3901 3809 3979">
    <p class='ocr_par' dir='ltr' id='par_1_97' title="bbox 2221 3901 3809 3979">
     <span class='ocr_line' id='line_1_97' title="bbox 2221 3901 3809 3979; baseline -0.003 -19"><span class='ocrx_word' id='word_1_723' title='bbox 2221 3907 2314 3960; x_wconf 86' lang='grc' dir='ltr'><strong>σόν</strong></span> <span class='ocrx_word' id='word_1_724' title='bbox 2351 3925 2464 3979; x_wconf 90' lang='grc' dir='ltr'><strong>μοι,</strong></span> <span class='ocrx_word' id='word_1_725' title='bbox 2504 3906 2650 3961; x_wconf 84' lang='grc' dir='ltr'><strong>άϐϐἄ</strong></span> <span class='ocrx_word' id='word_1_726' title='bbox 2669 3923 2683 3938; x_wconf 76' lang='grc'><strong>⁸</strong></span> <span class='ocrx_word' id='word_1_727' title='bbox 2713 3903 2832 3960; x_wconf 81' lang='grc' dir='ltr'><strong>οἶδα</strong></span> <span class='ocrx_word' id='word_1_728' title='bbox 2871 3907 2953 3960; x_wconf 81' lang='grc' dir='ltr'><strong>ὅτι</strong></span> <span class='ocrx_word' id='word_1_729' title='bbox 2983 3907 3083 3960; x_wconf 80' lang='grc' dir='ltr'><strong>οὐκ</strong></span> <span class='ocrx_word' id='word_1_730' title='bbox 3108 3905 3299 3977; x_wconf 66' lang='grc' dir='ltr'><strong>ΙΙιθελες</strong></span> <span class='ocrx_word' id='word_1_731' title='bbox 3327 3902 3387 3958; x_wconf 81' lang='grc' dir='ltr'><strong>τὸ</strong></span> <span class='ocrx_word' id='word_1_732' title='bbox 3409 3905 3644 3976; x_wconf 83' lang='grc' dir='ltr'><strong>πρᾶγμα</strong></span> <span class='ocrx_word' id='word_1_733' title='bbox 3681 3901 3809 3956; x_wconf 69' lang='grc' dir='ltr'><strong>τοῦ⁹</strong></span> 
     </span>
    </p>
   </div>
   <div class='ocr_carea' id='block_1_98' title="bbox 2219 3993 3806 4070">
    <p class='ocr_par' dir='ltr' id='par_1_98' title="bbox 2219 3993 3806 4070">
     <span class='ocr_line' id='line_1_98' title="bbox 2219 3993 3806 4070; baseline -0.006 -17"><span class='ocrx_word' id='word_1_734' title='bbox 2219 4016 2312 4054; x_wconf 89' lang='grc' dir='ltr'><strong>το·</strong></span> <span class='ocrx_word' id='word_1_735' title='bbox 2351 3999 2488 4053; x_wconf 83' lang='grc' dir='ltr'><strong>ἀλλὰ</strong></span> <span class='ocrx_word' id='word_1_736' title='bbox 2527 3999 2618 4054; x_wconf 85' lang='grc' dir='ltr'><strong>διὰ</strong></span> <span class='ocrx_word' id='word_1_737' title='bbox 2655 3999 2717 4052; x_wconf 81' lang='grc' dir='ltr'><strong>τὸ</strong></span> <span class='ocrx_word' id='word_1_738' title='bbox 2745 3997 3108 4070; x_wconf 77' lang='grc' dir='ltr'><strong>εὐλογηθῆναί</strong></span> <span class='ocrx_word' id='word_1_739' title='bbox 3141 4014 3207 4068; x_wconf 87' lang='grc' dir='ltr'><strong>με</strong></span> <span class='ocrx_word' id='word_1_740' title='bbox 3237 3995 3390 4068; x_wconf 80' lang='grc' dir='ltr'><strong>παρὰ</strong></span> <span class='ocrx_word' id='word_1_741' title='bbox 3419 3994 3536 4060; x_wconf 78' lang='grc' dir='ltr'><strong>σοῦ,</strong></span> <span class='ocrx_word' id='word_1_742' title='bbox 3567 3993 3806 4066; x_wconf 84' lang='grc' dir='ltr'><strong>ἐτόλμη-</strong></span> 
     </span>
    </p>
   </div>
   <div class='ocr_carea' id='block_1_99' title="bbox 2223 4085 3804 4161">
    <p class='ocr_par' dir='ltr' id='par_1_99' title="bbox 2223 4085 3804 4161">
     <span class='ocr_line' id='line_1_99' title="bbox 2223 4085 3804 4161; baseline -0.003 -18"><span class='ocrx_word' id='word_1_743' title='bbox 2223 4107 2291 4144; x_wconf 88' lang='grc' dir='ltr'><strong>σα</strong></span> <span class='ocrx_word' id='word_1_744' title='bbox 2323 4089 2482 4145; x_wconf 81' lang='grc' dir='ltr'><strong>τοῦτο</strong></span> <span class='ocrx_word' id='word_1_745' title='bbox 2521 4090 2766 4161; x_wconf 83' lang='grc' dir='ltr'><strong>ποιῆσαι.</strong></span> <span class='ocrx_word' id='word_1_746' title='bbox 2799 4086 2937 4146; x_wconf 84' lang='grc' dir='ltr'><strong>Εἷπε</strong></span> <span class='ocrx_word' id='word_1_747' title='bbox 2967 4089 3025 4142; x_wconf 85' lang='grc' dir='ltr'><strong>δέ</strong></span> <span class='ocrx_word' id='word_1_748' title='bbox 3055 4088 3205 4159; x_wconf 78' lang='grc' dir='ltr'><strong>αὐτῷ</strong></span> <span class='ocrx_word' id='word_1_749' title='bbox 3231 4091 3261 4142; x_wconf 91' lang='grc' dir='ltr'><strong>ὀ</strong></span> <span class='ocrx_word' id='word_1_750' title='bbox 3297 4088 3475 4158; x_wconf 84' lang='grc' dir='ltr'><strong>γέρων</strong></span> <span class='ocrx_word' id='word_1_751' title='bbox 3519 4085 3659 4157; x_wconf 73' lang='grc' dir='ltr'><strong>μετὰ</strong></span> <span class='ocrx_word' id='word_1_752' title='bbox 3704 4103 3804 4139; x_wconf 85' lang='grc' dir='ltr'><strong>τα-</strong></span> 
     </span>
    </p>
   </div>
   <div class='ocr_carea' id='block_1_100' title="bbox 2221 4176 3800 4252">
    <p class='ocr_par' dir='ltr' id='par_1_100' title="bbox 2221 4176 3800 4252">
     <span class='ocr_line' id='line_1_100' title="bbox 2221 4176 3800 4252; baseline -0.004 -17"><span class='ocrx_word' id='word_1_753' title='bbox 2221 4179 2534 4245; x_wconf 82' lang='grc' dir='ltr'><strong>πεινώσεως</strong></span> <span class='ocrx_word' id='word_1_754' title='bbox 2558 4199 2570 4211; x_wconf 78' lang='grc'><strong>’</strong></span> <span class='ocrx_word' id='word_1_755' title='bbox 2625 4183 2738 4235; x_wconf 81' lang='lat' dir='ltr'><strong>Kal</strong></span> <span class='ocrx_word' id='word_1_756' title='bbox 2785 4183 2814 4234; x_wconf 89' lang='lat'><strong>6</strong></span> <span class='ocrx_word' id='word_1_757' title='bbox 2869 4181 3130 4252; x_wconf 79' lang='grc' dir='ltr'><strong>λογισμός</strong></span> <span class='ocrx_word' id='word_1_758' title='bbox 3175 4197 3278 4252; x_wconf 85' lang='grc' dir='ltr'><strong>μου</strong></span> <span class='ocrx_word' id='word_1_759' title='bbox 3335 4176 3528 4250; x_wconf 75' lang='grc' dir='ltr'><strong>μικρὸν</strong></span> <span class='ocrx_word' id='word_1_760' title='bbox 3573 4176 3800 4249; x_wconf 68' lang='grc' dir='ltr'><strong>ἢθελενο</strong></span> 
     </span>
    </p>
   </div>
   <div class='ocr_carea' id='block_1_101' title="bbox 2223 4267 3804 4343">
    <p class='ocr_par' dir='ltr' id='par_1_101' title="bbox 2223 4267 3804 4343">
     <span class='ocr_line' id='line_1_101' title="bbox 2223 4267 3804 4343; baseline -0.004 -17"><span class='ocrx_word' id='word_1_761' title='bbox 2223 4272 2364 4343; x_wconf 83' lang='grc' dir='ltr'><strong>πλὴν</strong></span> <span class='ocrx_word' id='word_1_762' title='bbox 2417 4275 2498 4337; x_wconf 82' lang='grc' dir='ltr'><strong>είς</strong></span> <span class='ocrx_word' id='word_1_763' title='bbox 2540 4273 2700 4327; x_wconf 78' lang='grc' dir='ltr'><strong>τοῦτο</strong></span> <span class='ocrx_word' id='word_1_764' title='bbox 2741 4272 2852 4342; x_wconf 88' lang='grc' dir='ltr'><strong>ἐγὼ</strong></span> <span class='ocrx_word' id='word_1_765' title='bbox 2887 4270 3066 4326; x_wconf 82' lang='grc' dir='ltr'><strong>κοπιῶ</strong></span> <span class='ocrx_word' id='word_1_766' title='bbox 3085 4271 3153 4335; x_wconf 71' lang='grc'><strong>⁸⁸,</strong></span> <span class='ocrx_word' id='word_1_767' title='bbox 3188 4271 3270 4324; x_wconf 84' lang='grc' dir='ltr'><strong>ὃτι</strong></span> <span class='ocrx_word' id='word_1_768' title='bbox 3305 4269 3644 4342; x_wconf 79' lang='grc' dir='ltr'><strong>χωρισθῆναι</strong></span> <span class='ocrx_word' id='word_1_769' title='bbox 3694 4267 3804 4338; x_wconf 81' lang='grc' dir='ltr'><strong>ἐχω</strong></span> 
     </span>
    </p>
   </div>
   <div class='ocr_carea' id='block_1_102' title="bbox 2221 4359 3803 4434">
    <p class='ocr_par' dir='ltr' id='par_1_102' title="bbox 2221 4359 3803 4434">
     <span class='ocr_line' id='line_1_102' title="bbox 2221 4359 3803 4434; baseline -0.004 -17"><span class='ocrx_word' id='word_1_770' title='bbox 2221 4364 2330 4417; x_wconf 77' lang='grc' dir='ltr'><strong>ἀπὸ</strong></span> <span class='ocrx_word' id='word_1_771' title='bbox 2373 4362 2467 4418; x_wconf 80' lang='grc' dir='ltr'><strong>τοῦ</strong></span> <span class='ocrx_word' id='word_1_772' title='bbox 2520 4363 2751 4434; x_wconf 82' lang='grc' dir='ltr'><strong>ἀδελφοῦ</strong></span> <span class='ocrx_word' id='word_1_773' title='bbox 2786 4363 2882 4417; x_wconf 80' lang='grc' dir='ltr'><strong>τοῦ</strong></span> <span class='ocrx_word' id='word_1_774' title='bbox 2936 4362 3053 4434; x_wconf 84' lang='grc' dir='ltr'><strong>μετ’</strong></span> <span class='ocrx_word' id='word_1_775' title='bbox 3076 4361 3232 4433; x_wconf 80' lang='grc' dir='ltr'><strong>ἐμοῦ.</strong></span> <span class='ocrx_word' id='word_1_776' title='bbox 3279 4362 3354 4416; x_wconf 80' lang='grc' dir='ltr'><strong>Οὐ</strong></span> <span class='ocrx_word' id='word_1_777' title='bbox 3403 4360 3656 4430; x_wconf 81' lang='grc' dir='ltr'><strong>βαστάζω</strong></span> <span class='ocrx_word' id='word_1_778' title='bbox 3693 4359 3803 4430; x_wconf 79' lang='grc' dir='ltr'><strong>γὰρ</strong></span> 
     </span>
    </p>
   </div>
   <div class='ocr_carea' id='block_1_103' title="bbox 2220 4447 3806 4525">
    <p class='ocr_par' dir='ltr' id='par_1_103' title="bbox 2220 4447 3806 4525">
     <span class='ocr_line' id='line_1_103' title="bbox 2220 4447 3806 4525; baseline -0.006 -16"><span class='ocrx_word' id='word_1_779' title='bbox 2220 4455 2348 4519; x_wconf 84' lang='grc' dir='ltr'><strong>ὅλας</strong></span> <span class='ocrx_word' id='word_1_780' title='bbox 2393 4455 2495 4518; x_wconf 78' lang='grc' dir='ltr'><strong>τὰς</strong></span> <span class='ocrx_word' id='word_1_781' title='bbox 2539 4455 2703 4525; x_wconf 74' lang='grc' dir='ltr'>εὐχὰς</span> <span class='ocrx_word' id='word_1_782' title='bbox 2741 4453 3029 4525; x_wconf 78' lang='grc' dir='ltr'><strong>ποιῆσαι⁹³</strong></span> <span class='ocrx_word' id='word_1_783' title='bbox 3075 4451 3250 4522; x_wconf 84' lang='grc' dir='ltr'><strong>μόνος.</strong></span> <span class='ocrx_word' id='word_1_784' title='bbox 3303 4449 3410 4504; x_wconf 85' lang='lat' dir='ltr'><strong>Kal</strong></span> <span class='ocrx_word' id='word_1_785' title='bbox 3448 4451 3597 4518; x_wconf 87' lang='grc' dir='ltr'><strong>λέγει</strong></span> <span class='ocrx_word' id='word_1_786' title='bbox 3630 4451 3660 4504; x_wconf 91' lang='lat'><strong>6</strong></span> <span class='ocrx_word' id='word_1_787' title='bbox 3689 4447 3806 4502; x_wconf 78' lang='grc' dir='ltr'><strong>ἐπί-</strong></span> 
     </span>
    </p>
   </div>
   <div class='ocr_carea' id='block_1_104' title="bbox 2223 4541 3806 4612">
    <p class='ocr_par' dir='ltr' id='par_1_104' title="bbox 2223 4541 3806 4612">
     <span class='ocr_line' id='line_1_104' title="bbox 2223 4541 3806 4612; baseline -0.006 -10"><span class='ocrx_word' id='word_1_788' title='bbox 2223 4563 2455 4612; x_wconf 54' lang='grc' dir='ltr'><strong>σκοπος</strong></span> <span class='ocrx_word' id='word_1_789' title='bbox 2495 4548 2560 4601; x_wconf 80' lang='grc' dir='ltr'><strong>Εἰ</strong></span> <span class='ocrx_word' id='word_1_790' title='bbox 2579 4545 2725 4610; x_wconf 81' lang='grc' dir='ltr'><strong>οἶδας</strong></span> <span class='ocrx_word' id='word_1_791' title='bbox 2751 4549 2834 4600; x_wconf 84' lang='grc' dir='ltr'><strong>ὅτι</strong></span> <span class='ocrx_word' id='word_1_792' title='bbox 2864 4545 3010 4609; x_wconf 77' lang='grc' dir='ltr'><strong>ἄξιός</strong></span> <span class='ocrx_word' id='word_1_793' title='bbox 3037 4545 3207 4610; x_wconf 84' lang='grc' dir='ltr'><strong>ἐστιν,</strong></span> <span class='ocrx_word' id='word_1_794' title='bbox 3242 4543 3355 4612; x_wconf 87' lang='grc' dir='ltr'><strong>ἐγὼ</strong></span> <span class='ocrx_word' id='word_1_795' title='bbox 3374 4541 3536 4596; x_wconf 78' lang='grc' dir='ltr'><strong>αὐτὸν</strong></span> <span class='ocrx_word' id='word_1_796' title='bbox 3563 4556 3806 4612; x_wconf 81' lang='grc' dir='ltr'><strong>χειροτο-</strong></span> 
     </span>
    </p>
   </div>
   <div class='ocr_carea' id='block_1_105' title="bbox 2221 4631 3806 4710">
    <p class='ocr_par' dir='ltr' id='par_1_105' title="bbox 2221 4631 3806 4710">
     <span class='ocr_line' id='line_1_105' title="bbox 2221 4631 3806 4710; baseline -0.006 -15"><span class='ocrx_word' id='word_1_797' title='bbox 2221 4641 2318 4695; x_wconf 89' lang='grc' dir='ltr'><strong>νῶ.</strong></span> <span class='ocrx_word' id='word_1_798' title='bbox 2353 4641 2516 4710; x_wconf 86' lang='grc' dir='ltr'><strong>Λέγει</strong></span> <span class='ocrx_word' id='word_1_799' title='bbox 2566 4639 2714 4710; x_wconf 81' lang='grc' dir='ltr'><strong>αὐτῷ</strong></span> <span class='ocrx_word' id='word_1_800' title='bbox 2759 4639 2788 4691; x_wconf 89' lang='lat'><strong>6</strong></span> <span class='ocrx_word' id='word_1_801' title='bbox 2842 4637 3018 4706; x_wconf 79' lang='grc' dir='ltr'><strong>ἁϐϐἆς</strong></span> <span class='ocrx_word' id='word_1_802' title='bbox 3067 4635 3338 4706; x_wconf 72' lang='grc' dir='ltr'><strong>Ματιῖνης·</strong></span> <span class='ocrx_word' id='word_1_803' title='bbox 3395 4635 3457 4688; x_wconf 75' lang='lat' dir='ltr'><strong>Et</strong></span> <span class='ocrx_word' id='word_1_804' title='bbox 3507 4639 3606 4706; x_wconf 70' lang='grc' dir='ltr'><strong>μὲν</strong></span> <span class='ocrx_word' id='word_1_805' title='bbox 3652 4631 3806 4697; x_wconf 77' lang='grc' dir='ltr'><strong>ἄξιός</strong></span> 
     </span>
    </p>
   </div>
   <div class='ocr_carea' id='block_1_106' title="bbox 2221 4724 3803 4800">
    <p class='ocr_par' dir='ltr' id='par_1_106' title="bbox 2221 4724 3803 4800">
     <span class='ocr_line' id='line_1_106' title="bbox 2221 4724 3803 4800; baseline -0.007 -12"><span class='ocrx_word' id='word_1_806' title='bbox 2221 4736 2391 4798; x_wconf 79' lang='grc' dir='ltr'><strong>ἐστιν,</strong></span> <span class='ocrx_word' id='word_1_807' title='bbox 2414 4735 2514 4788; x_wconf 85' lang='grc' dir='ltr'><strong>οὐκ</strong></span> <span class='ocrx_word' id='word_1_808' title='bbox 2547 4727 2664 4786; x_wconf 77' lang='grc' dir='ltr'><strong>οἶδα</strong></span> <span class='ocrx_word' id='word_1_809' title='bbox 2684 4751 2696 4763; x_wconf 90' lang='grc'><strong>·</strong></span> <span class='ocrx_word' id='word_1_810' title='bbox 2731 4731 2790 4786; x_wconf 81' lang='grc' dir='ltr'><strong>ἐν</strong></span> <span class='ocrx_word' id='word_1_811' title='bbox 2817 4730 2875 4784; x_wconf 87' lang='grc' dir='ltr'><strong>δὲ</strong></span> <span class='ocrx_word' id='word_1_812' title='bbox 2905 4725 3047 4793; x_wconf 79' lang='grc' dir='ltr'><strong>οῖδα,</strong></span> <span class='ocrx_word' id='word_1_813' title='bbox 3075 4729 3158 4782; x_wconf 84' lang='grc' dir='ltr'><strong>ὅτι</strong></span> <span class='ocrx_word' id='word_1_814' title='bbox 3201 4727 3338 4800; x_wconf 80' lang='grc' dir='ltr'><strong>ἐμοῦ</strong></span> <span class='ocrx_word' id='word_1_815' title='bbox 3367 4727 3602 4782; x_wconf 81' lang='grc' dir='ltr'><strong>καλλίων</strong></span> <span class='ocrx_word' id='word_1_816' title='bbox 3632 4724 3803 4778; x_wconf 87' lang='grc' dir='ltr'><strong>ἐστίν.</strong></span> 
     </span>
    </p>
   </div>
   <div class='ocr_carea' id='block_1_107' title="bbox 2237 4817 3806 4897">
    <p class='ocr_par' dir='ltr' id='par_1_107' title="bbox 2237 4817 3806 4897">
     <span class='ocr_line' id='line_1_107' title="bbox 2237 4817 3806 4897; baseline -0.006 -18"><span class='ocrx_word' id='word_1_817' title='bbox 2237 4825 2645 4897; x_wconf 85' lang='grc' dir='ltr'><strong>Ἐχειροτόνησε</strong></span> <span class='ocrx_word' id='word_1_818' title='bbox 2699 4821 2888 4876; x_wconf 78' lang='grc' dir='ltr'><strong>δὲκαὶ</strong></span> <span class='ocrx_word' id='word_1_819' title='bbox 2936 4819 3120 4875; x_wconf 75' lang='grc' dir='ltr'><strong>αὐτόν.</strong></span> <span class='ocrx_word' id='word_1_820' title='bbox 3171 4821 3284 4875; x_wconf 88' lang='lat' dir='ltr'><strong>Kal</strong></span> <span class='ocrx_word' id='word_1_821' title='bbox 3336 4817 3711 4891; x_wconf 79' lang='grc' dir='ltr'><strong>ἐκοιμήθησαν</strong></span> <span class='ocrx_word' id='word_1_822' title='bbox 3753 4817 3806 4869; x_wconf 74' lang='lat' dir='ltr'><strong>ot</strong></span> 
     </span>
    </p>
   </div>
   <div class='ocr_carea' id='block_1_108' title="bbox 2301 4972 3806 5049">
    <p class='ocr_par' dir='ltr' id='par_1_108' title="bbox 2301 4972 3806 5049">
     <span class='ocr_line' id='line_1_108' title="bbox 2301 4972 3806 5049; baseline -0.007 -14"><span class='ocrx_word' id='word_1_823' title='bbox 2301 4981 2346 5014; x_wconf 81' lang='grc'>⁸⁹</span> <span class='ocrx_word' id='word_1_824' title='bbox 2366 4980 2448 5034; x_wconf 90' lang='lat' dir='ltr'><strong>Al.</strong></span> <span class='ocrx_word' id='word_1_825' title='bbox 2486 4978 2745 5035; x_wconf 82' lang='grc' dir='ltr'><strong>Γαϐάλων</strong></span> <span class='ocrx_word' id='word_1_826' title='bbox 2775 4975 3194 5049; x_wconf 41' lang='grc' dir='ltr'><strong>(ξι-Βαϐυλῶνος.</strong></span> <span class='ocrx_word' id='word_1_827' title='bbox 3236 4976 3281 5008; x_wconf 82' lang='grc'><strong>⁹⁰</strong></span> <span class='ocrx_word' id='word_1_828' title='bbox 3303 4974 3390 5028; x_wconf 82' lang='lat' dir='ltr'><strong>AI.</strong></span> <span class='ocrx_word' id='word_1_829' title='bbox 3426 4972 3806 5045; x_wconf 82' lang='grc' dir='ltr'><strong>γευσαμένων.</strong></span> 
     </span>
    </p>
   </div>
   <div class='ocr_carea' id='block_1_109' title="bbox 2225 5159 3809 5234">
    <p class='ocr_par' dir='ltr' id='par_1_109' title="bbox 2225 5159 3809 5234">
     <span class='ocr_line' id='line_1_109' title="bbox 2225 5159 3809 5234; baseline -0.006 -15"><span class='ocrx_word' id='word_1_830' title='bbox 2225 5164 2464 5220; x_wconf 77' lang='lat' dir='ltr'><strong>Rhaithu</strong></span> <span class='ocrx_word' id='word_1_831' title='bbox 2502 5180 2514 5216; x_wconf 90' lang='lat'><strong>:</strong></span> <span class='ocrx_word' id='word_1_832' title='bbox 2557 5165 2760 5234; x_wconf 89' lang='lat' dir='ltr'><strong>quippe</strong></span> <span class='ocrx_word' id='word_1_833' title='bbox 2792 5159 3163 5234; x_wconf 29' lang='lat' dir='ltr'><strong>quaaAiotelligi</strong></span> <span class='ocrx_word' id='word_1_834' title='bbox 3200 5161 3411 5234; x_wconf 67' lang='lat' dir='ltr'><strong>possit,</strong></span> <span class='ocrx_word' id='word_1_835' title='bbox 3436 5166 3652 5234; x_wconf 68' lang='lat' dir='ltr'><strong>ortae:</strong></span> <span class='ocrx_word' id='word_1_836' title='bbox 3675 5171 3809 5226; x_wconf 88' lang='lat' dir='ltr'><strong>pro-</strong></span> 
     </span>
    </p>
   </div>
   <div class='ocr_carea' id='block_1_110' title="bbox 2225 5230 3805 5310">
    <p class='ocr_par' dir='ltr' id='par_1_110' title="bbox 2225 5230 3805 5310">
     <span class='ocr_line' id='line_1_110' title="bbox 2225 5230 3805 5310; baseline -0.007 -19"><span class='ocrx_word' id='word_1_837' title='bbox 2225 5230 2867 5310; x_wconf 54' lang='lat' dir='ltr'><strong>nuntiatio_ne:gut&#39;turali</strong></span> <span class='ocrx_word' id='word_1_838' title='bbox 2897 5230 3257 5310; x_wconf 77' lang='lat' dir='ltr'><strong>Orientalium</strong></span> <span class='ocrx_word' id='word_1_839' title='bbox 3279 5248 3303 5310; x_wconf 85' lang='lat'><strong>;_</strong></span> <span class='ocrx_word' id='word_1_840' title='bbox 3320 5231 3487 5310; x_wconf 45' lang='lat' dir='ltr'><strong>sed-in</strong></span> <span class='ocrx_word' id='word_1_841' title='bbox 3508 5230 3626 5310; x_wconf 56' lang='lat' dir='ltr'><strong>alia</strong></span> <span class='ocrx_word' id='word_1_842' title='bbox 3644 5241 3805 5310; x_wconf 66' lang='lat' dir='ltr'><strong>voce.</strong></span> 
     </span>
    </p>
   </div>
   <div class='ocr_carea' id='block_1_111' title="bbox 2222 5297 3807 5373">
    <p class='ocr_par' dir='ltr' id='par_1_111' title="bbox 2222 5297 3807 5373">
     <span class='ocr_line' id='line_1_111' title="bbox 2222 5297 3807 5373; baseline -0.006 -13"><span class='ocrx_word' id='word_1_843' title='bbox 2222 5306 2548 5363; x_wconf 79' lang='lat' dir='ltr'><strong>Coneiliatio</strong></span> <span class='ocrx_word' id='word_1_844' title='bbox 2576 5297 2762 5360; x_wconf 65' lang='lat' dir='ltr'><strong>forsan</strong></span> <span class='ocrx_word' id='word_1_845' title='bbox 2796 5304 3027 5373; x_wconf 90' lang='lat' dir='ltr'><strong>petenda</strong></span> <span class='ocrx_word' id='word_1_846' title='bbox 3067 5311 3151 5359; x_wconf 88' lang='lat' dir='ltr'><strong>est</strong></span> <span class='ocrx_word' id='word_1_847' title='bbox 3186 5317 3251 5358; x_wconf 84' lang='lat' dir='ltr'><strong>ex</strong></span> <span class='ocrx_word' id='word_1_848' title='bbox 3289 5301 3376 5373; x_wconf 80' lang='lat' dir='ltr'><strong>his</strong></span> <span class='ocrx_word' id='word_1_849' title='bbox 3409 5297 3628 5373; x_wconf 73' lang='lat' dir='ltr'><strong>Eusebii</strong></span> <span class='ocrx_word' id='word_1_850' title='bbox 3662 5297 3807 5373; x_wconf 76' lang='lat' dir='ltr'><strong>libro</strong></span> 
     </span>
    </p>
   </div>
   <div class='ocr_carea' id='block_1_112' title="bbox 2221 5368 3807 5445">
    <p class='ocr_par' dir='ltr' id='par_1_112' title="bbox 2221 5368 3807 5445">
     <span class='ocr_line' id='line_1_112' title="bbox 2221 5368 3807 5445; baseline -0.007 -15"><span class='ocrx_word' id='word_1_851' title='bbox 2221 5377 2298 5430; x_wconf 86' lang='lat' dir='ltr'><strong>De</strong></span> <span class='ocrx_word' id='word_1_852' title='bbox 2319 5377 2448 5430; x_wconf 79' lang='lat' dir='ltr'><strong>locis</strong></span> <span class='ocrx_word' id='word_1_853' title='bbox 2489 5373 2765 5444; x_wconf 78' lang='lat' dir='ltr'><strong>Hebraicis</strong></span> <span class='ocrx_word' id='word_1_854' title='bbox 2794 5368 2814 5428; x_wconf 74' lang='grc' dir='ltr'>Ξ</span> <span class='ocrx_word' id='word_1_855' title='bbox 2844 5373 3154 5445; x_wconf 59' lang='grc' dir='ltr'><strong>Μαγεδιήλ]</strong></span> <span class='ocrx_word' id='word_1_856' title='bbox 3185 5375 3279 5426; x_wconf 67' lang='grc' dir='ltr'><strong>καὶ</strong></span> <span class='ocrx_word' id='word_1_857' title='bbox 3304 5371 3443 5442; x_wconf 78' lang='grc' dir='ltr'><strong>αὕτη</strong></span> <span class='ocrx_word' id='word_1_858' title='bbox 3475 5368 3582 5445; x_wconf 77' lang='grc' dir='ltr'><strong>τῶν</strong></span> <span class='ocrx_word' id='word_1_859' title='bbox 3605 5368 3807 5439; x_wconf 79' lang='grc' dir='ltr'><strong>ἡγεμό-</strong></span> 
     </span>
    </p>
   </div>
   <div class='ocr_carea' id='block_1_113' title="bbox 537 5439 2121 5519">
    <p class='ocr_par' dir='ltr' id='par_1_113' title="bbox 537 5442 2108 5519">
     <span class='ocr_line' id='line_1_113' title="bbox 537 5442 2108 5519; baseline 0.004 -25"><span class='ocrx_word' id='word_1_860' title='bbox 537 5442 628 5519; x_wconf 60' lang='lat' dir='ltr'><strong>qui</strong></span> <span class='ocrx_word' id='word_1_861' title='bbox 658 5452 934 5519; x_wconf 62' lang='lat' dir='ltr'><strong>revocatur</strong></span> <span class='ocrx_word' id='word_1_862' title='bbox 967 5447 1274 5519; x_wconf 68' lang='lat' dir='ltr'><strong>Bagitham,</strong></span> <span class='ocrx_word' id='word_1_863' title='bbox 1306 5451 1358 5502; x_wconf 82' lang='lat' dir='ltr'><strong>in</strong></span> <span class='ocrx_word' id='word_1_864' title='bbox 1383 5447 1647 5519; x_wconf 30' lang='lat' dir='ltr'><strong>partibus‘</strong></span> <span class='ocrx_word' id='word_1_865' title='bbox 1671 5447 1972 5519; x_wconf 61' lang='lat' dir='ltr'><strong>Gebalonis.</strong></span> <span class='ocrx_word' id='word_1_866' title='bbox 2033 5447 2108 5501; x_wconf 83' lang='lat' dir='ltr'><strong>Ex</strong></span> 
     </span>
    </p>
   </div>
   <div class='ocr_carea' id='block_1_114' title="bbox 2232 5439 3806 5519">
    <p class='ocr_par' dir='ltr' id='par_1_114' title="bbox 2232 5439 3806 5519">
     <span class='ocr_line' id='line_1_114' title="bbox 2232 5439 3806 5519; baseline -0.006 -20"><span class='ocrx_word' id='word_1_867' title='bbox 2232 5464 2325 5519; x_wconf 64' lang='grc' dir='ltr'><strong>κων</strong></span> <span class='ocrx_word' id='word_1_868' title='bbox 2363 5445 2542 5519; x_wconf 72' lang='grc' dir='ltr'><strong>Ἐδῲμ</strong></span> <span class='ocrx_word' id='word_1_869' title='bbox 2580 5442 2636 5499; x_wconf 82' lang='grc' dir='ltr'><strong>ἐν</strong></span> <span class='ocrx_word' id='word_1_870' title='bbox 2661 5448 2721 5518; x_wconf 82' lang='grc' dir='ltr'><strong>τῇ</strong></span> <span class='ocrx_word' id='word_1_871' title='bbox 2751 5439 3210 5519; x_wconf 64' lang='grc' dir='ltr'><strong>Γαϐαληνῇ.ᾟοο</strong></span> <span class='ocrx_word' id='word_1_872' title='bbox 3235 5453 3324 5519; x_wconf 76' lang='lat' dir='ltr'><strong>est</strong></span> <span class='ocrx_word' id='word_1_873' title='bbox 3350 5439 3652 5519; x_wconf 79' lang='lat' dir='ltr'><strong>secundum</strong></span> <span class='ocrx_word' id='word_1_874' title='bbox 3675 5453 3806 5519; x_wconf 63' lang='lat' dir='ltr'><strong>ver-</strong></span> 
     </span>
    </p>
   </div>
   <div class='ocr_carea' id='block_1_115' title="bbox 584 5495 3805 5598">
    <p class='ocr_par' dir='ltr' id='par_1_115' title="bbox 584 5495 3805 5598">
     <span class='ocr_line' id='line_1_115' title="bbox 584 5495 3805 5598; baseline -0.001 -32"><span class='ocrx_word' id='word_1_875' title='bbox 584 5513 786 5598; x_wconf 32' lang='lat' dir='ltr'><strong>aagag‘</strong></span> <span class='ocrx_word' id='word_1_876' title='bbox 963 5495 1282 5598; x_wconf 58' lang='grc' dir='ltr'><strong>ῑξᾷδξξέξιῗέιῑ</strong></span> <span class='ocrx_word' id='word_1_877' title='bbox 1308 5495 2111 5598; x_wconf 42' lang='lat' dir='ltr'><strong>tanta;&quot;cetagafvasa</strong></span> <span class='ocrx_word' id='word_1_878' title='bbox 2219 5495 3652 5598; x_wconf 50' lang='grc' dir='ltr'><strong>πειρῶ-ῑιίείδητέωξζῇάδμιέρξρξίίέιξρεξέιίτεςίοηε</strong></span> <span class='ocrx_word' id='word_1_879' title='bbox 3685 5507 3805 5564; x_wconf 74' lang='grc' dir='ltr'><strong>σα.</strong></span> 
     </span>
    </p>
   </div>
   <div class='ocr_carea' id='block_1_116' title="bbox 540 5581 2114 5659">
    <p class='ocr_par' dir='ltr' id='par_1_116' title="bbox 540 5581 2114 5659">
     <span class='ocr_line' id='line_1_116' title="bbox 540 5581 2114 5659; baseline 0.008 -28"><span class='ocrx_word' id='word_1_880' title='bbox 540 5581 1026 5659; x_wconf 52' lang='lat' dir='ltr'><strong>auternj‘aschasii</strong></span> <span class='ocrx_word' id='word_1_881' title='bbox 1047 5581 1152 5659; x_wconf 53' lang='lat' dir='ltr'><strong>{de</strong></span> <span class='ocrx_word' id='word_1_882' title='bbox 1175 5590 1290 5643; x_wconf 81' lang='lat' dir='ltr'><strong>loco</strong></span> <span class='ocrx_word' id='word_1_883' title='bbox 1311 5581 1412 5652; x_wconf 54' lang='lat' dir='ltr'><strong>&#39;qui</strong></span> <span class='ocrx_word' id='word_1_884' title='bbox 1429 5601 1645 5644; x_wconf 79' lang='lat' dir='ltr'><strong>voratur</strong></span> <span class='ocrx_word' id='word_1_885' title='bbox 1681 5589 1963 5659; x_wconf 81' lang='lat' dir='ltr'><strong>Ragita,in</strong></span> <span class='ocrx_word' id='word_1_886' title='bbox 1989 5605 2114 5656; x_wconf 76' lang='lat' dir='ltr'><strong>par-</strong></span> 
     </span>
    </p>
   </div>
   <div class='ocr_carea' id='block_1_117' title="bbox 545 5651 2111 5730">
    <p class='ocr_par' dir='ltr' id='par_1_117' title="bbox 545 5651 2111 5730">
     <span class='ocr_line' id='line_1_117' title="bbox 545 5651 2111 5730; baseline 0.005 -24"><span class='ocrx_word' id='word_1_887' title='bbox 545 5651 682 5710; x_wconf 73' lang='lat' dir='ltr'><strong>tibus</strong></span> <span class='ocrx_word' id='word_1_888' title='bbox 711 5651 1002 5710; x_wconf 79' lang='lat' dir='ltr'><strong>Gebilonis.</strong></span> <span class='ocrx_word' id='word_1_889' title='bbox 1057 5656 1248 5728; x_wconf 75' lang='lat' dir='ltr'><strong>Magna</strong></span> <span class='ocrx_word' id='word_1_890' title='bbox 1279 5662 1578 5715; x_wconf 81' lang='lat' dir='ltr'><strong>varietate:</strong></span> <span class='ocrx_word' id='word_1_891' title='bbox 1620 5676 1727 5714; x_wconf 91' lang='lat' dir='ltr'><strong>non</strong></span> <span class='ocrx_word' id='word_1_892' title='bbox 1764 5651 2002 5730; x_wconf 48' lang='lat' dir='ltr'><strong>&#39;qnidcm</strong></span> <span class='ocrx_word' id='word_1_893' title='bbox 2045 5658 2111 5714; x_wconf 85' lang='lat' dir='ltr'><strong>de</strong></span> 
     </span>
    </p>
   </div>
   <div class='ocr_carea' id='block_1_118' title="bbox 2221 5583 3398 5658">
    <p class='ocr_par' dir='ltr' id='par_1_118' title="bbox 2221 5583 3398 5658">
     <span class='ocr_line' id='line_1_118' title="bbox 2221 5583 3398 5658; baseline -0.001 -20"><span class='ocrx_word' id='word_1_894' title='bbox 2221 5587 2430 5654; x_wconf 83' lang='lat' dir='ltr'><strong>balenn,</strong></span> <span class='ocrx_word' id='word_1_895' title='bbox 2467 5583 2712 5658; x_wconf 69' lang='lat' dir='ltr'><strong>possessa</strong></span> <span class='ocrx_word' id='word_1_896' title='bbox 2737 5588 2865 5642; x_wconf 80' lang='lat' dir='ltr'><strong>olim</strong></span> <span class='ocrx_word' id='word_1_897' title='bbox 2896 5583 3174 5641; x_wconf 64' lang='lat' dir='ltr'><strong>aaucibus</strong></span> <span class='ocrx_word' id='word_1_898' title='bbox 3208 5583 3398 5639; x_wconf 83' lang='lat' dir='ltr'><strong>Edam.</strong></span> 
     </span>
    </p>
   </div>
  </div>
