4012 6208
221 240 330 297 293

1375 233 1987 291 APOPHTIIEGMATA
2024 236 2329 294 PATRUM.

3397 245 3505 306 2M

221 359 556 430 ἀμφότεροι,
596 355 674 426 μὴ
737 353 1058 424 ὲγγίσαντες
1108 353 1481 425 θυσιαστηρίῳ
1525 357 1706 408 ἕνεκεν
1730 355 1823 409 τοῦ

1934 355 2277 412 oblationem.
2310 356 2503 410 Aiebat
2540 364 2722 413 autem
2772 373 2936 414 senex
2965 378 2978 414 :
3003 358 3233 415 Confido
3274 362 3327 416 in
3363 362 3502 425 Deo.

223 453 456 522 ποιῆσαι
486 446 824 518 προσφοράν.
862 445 1056 514 Ἔλεγε
1081 445 1136 498 δὲ
1165 446 1193 498 6
1223 445 1400 516 γέρων
1424 464 1436 476 ο
1464 447 1711 501 Πιστεύω
1744 451 1823 512 εἰς

231 542 328 596 τὸν
357 540 506 599 Θεὸν,
542 539 626 590 ὃτι
647 537 693 568 ’³
726 537 828 590 οὐκ
862 535 972 605 ἔχω
1005 538 1179 606 κρῖμα
1213 535 1348 588 πολὺ
1387 536 1477 589 διὰ
1512 536 1608 608 τὴν
1645 555 1825 609 χειροο

231 631 438 696 τονίαν,
464 629 626 682 ὁπότε
666 628 727 680 οὐ
779 627 921 680 ποιῶ
965 627 1302 698 προσφοράν.
1351 627 1472 680 Τῶν
1513 627 1622 700 γὰρ
1645 630 1826 700 ἀμέμ-

238 742 385 778 πτων
415 722 563 774 ἐστὶν
597 723 631 792 ἡ
664 719 990 791 χειροτονία.

307 821 354 868 ι’.
395 810 566 866 Εἶπεν
619 814 648 865 6
697 811 873 874 ἀῦϐἄς
928 811 1150 882 Ματόης
1195 811 1300 874 ὅτι,
1355 811 1517 882 Τρεῖς
1570 810 1823 882 γέροντες

240 905 476 976 ἀπῆλθον
511 903 651 976 πρὸς
688 903 780 956 τὸν
825 902 1002 956 ἁϐϐἄν
1042 902 1381 972 Παφνούτιον
1410 903 1501 954 τὸν
1525 901 1818 972 λεγόμενον

239 995 513 1063 Κεφαλᾶν,
548 994 636 1047 ἵνα
684 993 1038 1064 ἐρωτήσωσιν
1080 993 1241 1046 αὑτὸν
1285 993 1462 1061 λόγον.
1521 993 1632 1046 Ka‘t
1670 989 1823 1046 εἶπεν

233 1086 413 1149 αύτοίς
453 1087 480 1137 ό
530 1085 709 1154 γέρων
731 1099 744 1112 ·
770 1082 834 1135 Τί
865 1081 1047 1135 Θέλετε
1077 1083 1216 1136 εῐπω
1245 1083 1401 1153 ὑμίν;
1445 1083 1822 1153 Πνευματικὸν

233 1175 262 1245 ἤ
297 1177 652 1247 σωματικόνς
688 1175 954 1243 Λέγουσιν
1004 1173 1185 1245 αὐτῷ·
1223 1175 1624 1245 Πνευματικόν.
1657 1175 1821 1244 Λέγει

230 1267 416 1331 αὐτοῖς
469 1269 498 1320 6
546 1266 760 1338 γέρων·
811 1266 1102 1334 Ὑπάγετε,
1141 1267 1461 1337 ἀγαπήσατε
1494 1266 1612 1338 ’τὴν
1647 1268 1825 1339 θλίψιν

231 1362 371 1432 ὑπὲρ
402 1360 502 1432 τὴν
526 1361 855 1425 ἀνάπαυσιν,
881 1359 976 1412 καὶ
1005 1359 1102 1430 τὴν
1137 1360 1362 1430 ἀτιμίαν
1391 1360 1553 1415 πλέον
1598 1362 1698 1432 τῆς
1737 1361 1823 1414 δέ·

233 1452 354 1523 ξης.
383 1455 481 1506 καὶ
501 1453 562 1506 τὸ
593 1451 798 1506 διδόναι
823 1450 1025 1521 μᾶλλον
1071 1451 1103 1522 ἢ
1149 1450 1470 1522 λαμϐάνειν.

302 1551 399 1598 ια’.
445 1543 755 1614 Ἦρώτησεν
772 1543 1000 1612 ἀδελφὸς
1017 1544 1107 1595 τὸν
1130 1542 1304 1595 ἀὸϐᾶν
1331 1543 1594 1614 Martem,
1613 1543 1786 1612 λέγων
1803 1560 1817 1574 ·

230 1636 371 1689 Εἰπέ
409 1653 500 1706 μοι
545 1639 719 1708 ῥῆμα.
766 1636 828 1688 '0
861 1635 921 1688 δὲ
977 1629 1132 1687 εἶπεν
1172 1634 1354 1706 αὐτῷ’
1379 1635 1613 1703 Ὕπαγε,
1645 1652 1820 1705 παρα-

1926 463 2036 502 non
2069 462 2268 518 magno
2305 463 2393 502 me
2423 448 2723 503 obnoxium
2761 465 2883 506 esse
2909 450 3118 520 judicio
3157 462 3379 522 prepter
3413 470 3505 508 or-

1925 541 2286 604 dinationem,
2317 543 2462 610 quod
2495 540 2896 598 Eucharistiam
2926 559 3034 598 non
3067 546 3378 601 conﬁciam.
3413 543 3508 599 Et-

1924 633 2072 688 enim
2114 633 2526 703 inculpalornm
2557 641 2641 689 est
2678 633 2972 689 ordinatio.

1998 807 2086 862 10.
2137 807 2346 864 Retulit
2385 809 2553 865 abbas
2593 807 2796 863 Llatoes
2833 827 2844 862 :
2883 807 3020 863 Tres
3049 824 3207 864 senes
3249 824 3505 878 perrexe-

1924 906 2054 953 runt
2091 899 2160 954 ad
2203 900 2454 956 abbatem
2505 899 2871 969 Paphnutiuni
2921 900 3014 970 qui
3058 900 3358 954 vocabatur
3403 899 3504 955 Ce—

1924 991 2140 1061 phalas,
2165 1000 2223 1045 ut
2244 999 2492 1061 peterent
2515 992 2583 1046 ab
2607 1007 2672 1046 eo
2703 991 2907 1061 aliquid
2940 991 3230 1046 sermonis.
3280 989 3342 1043 Et
3365 989 3505 1045 dixit

1923 1087 2004 1140 eis
2029 1100 2195 1140 senex
2227 1105 2239 1139 :
2275 1084 2416 1150 Quid
2461 1085 2625 1140 vultis
2652 1084 2806 1139 vobis
2838 1084 3150 1154 proferam?
3185 1081 3502 1153 Spirituale,

1923 1177 2008 1232 vel
2037 1176 2359 1246 corporale?
2389 1175 2706 1244 Spirituale,
2741 1176 3014 1245 inquiunt.
3041 1173 3271 1245 Excepit
3298 1189 3503 1230 senex:

1923 1269 2103 1332 Abite,
2126 1268 2336 1339 diligite
2359 1267 2708 1322 afﬂictionem
2739 1270 3026 1339 plusquam
3055 1271 3320 1340 requiem,
3350 1271 3505 1340 igno-

1924 1362 2150 1416 miniam
2203 1363 2489 1432 plusquam
2526 1362 2789 1432 gloriam,
2838 1373 2892 1418 et
2939 1363 3068 1418 dare
3117 1364 3291 1435 magis
3337 1381 3502 1434 quam

1923 1455 2196 1524 accipere.
2803 1435 2816 1444 ⁸

1995 1544 2082 1597 ll.
2117 1542 2351 1614 Rogavit
2391 1544 2562 1598 lrater
2616 1545 2868 1600 abbatem
2907 1545 3158 1612 Matoem,
3193 1548 3269 1601 uti
3306 1549 3354 1603 ei
3388 1564 3507 1604 scr-

1923 1649 2139 1688 monent
2169 1635 2432 1690 doctrina:
2459 1636 2746 1706 proferret.
2779 1636 2872 1692 llle
2892 1637 2957 1692 ad
2981 1653 3105 1692 eum
3134 1657 3146 1692 :
3175 1638 3346 1692 Deum
3380 1653 3504 1709 pre-

231 1728 464 1781 κάλεσον
488 1727 578 1780 τὸν
612 1726 764 1792 Θεὸν,
795 1727 882 1779 ἵνα
911 1726 1074 1779 δώσει
1121 1726 1316 1790 πένθος
1356 1727 1435 1790 είς
1460 1728 1558 1797 τὴν
1589 1727 1816 1800 καρδίαν

1934 1739 2068 1790 :are,
2100 1733 2161 1780 ut
2188 1727 2274 1782 (Fet
2307 1726 2510 1782 luctum
2543 1728 2595 1782 in
2627 1727 2790 1784 corde
2819 1737 2933 1794 tuo,
2971 1745 3182 1784 necnon
3219 1731 3502 1788 humilita-

231 1835 364 1879 σου,
418 1818 514 1870 καὶ
560 1818 924 1871 ταπείνωσινο
994 1817 1088 1870 καὶ
1144 1817 1377 1889 πρόσεχε
1439 1817 1670 1870 πάντοτε
1716 1816 1818 1882 τὰς

230 1904 516 1976 ἁμαρτίας
548 1922 642 1958 σου
663 1923 676 1937 ο
704 1907 796 1958 καὶ
821 1905 895 1976 μὴ
921 1908 1072 1978 κρῖνε
1100 1906 1313 1970 ἄλλους,
1333 1905 1473 1959 ἀλλὰ
1503 1905 1661 1974 γενοῦ
1684 1907 1817 1960 ὑπο-

230 1998 394 2052 κάτω
421 1997 668 2051 πάντων·
698 1998 787 2051 καὶ
812 1998 888 2068 μὴ
924 1997 1014 2068 ἔχε
1047 1997 1231 2068 φιλίαν
1260 1998 1398 2068 μετὰ
1417 1998 1651 2063 παιδίου,
1682 1999 1817 2070 μήτε

229 2091 445 2160 γνῶσιν
494 2090 632 2161 μετά
673 2090 949 2158 γυναικὸς,
1009 2091 1145 2162 μήτε
1185 2090 1339 2159 φίλον
1384 2091 1695 2159 αἱρετικόν’
1725 2091 1820 2145 καὶ

231 2181 412 2252 κόψον
442 2182 538 2252 τὴν
555 2183 868 2252 ’παρρησίαν
886 2181 994 2235 ἀπὸ
1014 2180 1107 2234 σοῦ
1130 2197 1144 2211 '
1187 2183 1282 2235 καὶ
1309 2183 1498 2253 κράτει
1524 2181 1621 2252 τὴν
1645 2180 1822 2250 γλῶσ-

231 2290 341 2326 σαν
373 2275 466 2326 καὶ
495 2275 590 2342 τὴν
615 2273 825 2327 κοιλίαν
857 2291 974 2338 σου,
1012 2273 1106 2326 καὶ
1146 2273 1254 2327 ἀπὸ
1281 2275 1424 2326 οῐνου
1461 2274 1654 2344 μικρόν
1674 2291 1687 2304 ·
1726 2273 1821 2327 καὶ

228 2365 328 2418 ὲάν
358 2381 443 2428 τις
476 2363 684 2436 λαλήσῃ
715 2365 844 2435 περὶ
884 2364 1210 2434 πράγματος
1241 2365 1576 2436 οἱουδήποτε,
1613 2365 1689 2437 μὴ
1733 2382 1821 2434 cpt-

228 2455 469 2508 λονείκει
501 2453 792 2524 μετάὑτοῦ
815 2471 828 2484 ’
854 2454 967 2507 ἀλλ’
993 2454 1086 2507 ἐὰν
1115 2453 1292 2518 καλῶς
1313 2455 1465 2526 λέγῃ,
1502 2455 1622 2510 είπέ
1640 2471 1654 2486 ·
1676 2453 1784 2508 Ναί
1801 2469 1818 2486 ο

229 2544 329 2598 ἐὰν
376 2545 433 2597 δὲ
483 2545 703 2610 κακῶς,
742 2545 895 2598 sim"
927 2546 998 2598 Σὺ
1029 2537 1177 2609 οἶδας
1227 2544 1345 2608 πῶς
1382 2545 1594 2609 λαλεῖς⁶
1619 2544 1715 2599 καὶ
1746 2544 1822 2617 μὴ

229 2637 382 2706 ἔριζε
415 2635 534 2705 μετ’
563 2636 732 2689 αὑτοῦ
785 2637 914 2705 περὶ
944 2630 1019 2690 ὧν
1066 2636 1317 2707 ὲλάλησε.
1349 2636 1460 2690 Καὶ
1495 2635 1634 2708 αὕτη
1673 2636 1822 2690 ἐστὶν

229 2729 264 2796 ἡ
286 2727 641 2792 ταπείνωσις.

305 2817 398 2872 ιδ’.
450 2819 763 2892 Ἦρὼτησεν
790 2820 1016 2890 ἁδελφὸς
1059 2821 1152 2874 τὸν
1178 2820 1355 2874 ἀὸὅᾶν
1386 2819 1628 2891 Ματὼην
1647 2835 1660 2850 ·
1685 2819 1822 2874 Εἰπέ

235 2927 327 2978 μοι
360 2911 536 2982 ῥῆμα.
568 2912 682 2966 Kal.
704 2907 858 2966 εἶπεν
891 2913 1072 2984 αὐτῷ·
1103 2914 1293 2967 Πᾶσαν
1349 2911 1684 2983 φιλονεικίαν
1715 2912 1825 2966 ἀπὸ

233 3004 442 3067 παντὸς
478 3005 806 3076 πράγματος
860 3006 1025 3076 κόψον
1059 3007 1166 3060 ἀπὸ
1197 3006 1292 3060 σοῦ
1313 3022 1326 3034 ·
1352 3005 1586 3060 κλαῦσον
1630 3005 1688 3059 δὲ
1731 3005 1824 3058 καὶ

236 3094 532 3165 πένθησον,
566 3097 646 3148 ὅτι
671 3098 699 3148 6
731 3097 922 3168 καιρὸς
952 3099 1200 3168 ἤγγισεν.

307 3193 400 3255 ιγ’.
440 3189 693 3257 Ἀδελφὸς
719 3189 970 3260 ἠρώτησε
1010 3191 1100 3244 τὸν
1129 3189 1304 3244 άεὸἄν
1335 3190 1578 3260 Ματόην,
1614 3189 1819 3257 λέγων’

236 3279 299 3331 Τί
332 3281 580 3350 ﬁatﬁat»;
610 3281 690 3334 ὅτι
730 3283 762 3350 ἡ
811 3282 1034 3349 γλῶσσά
1084 3299 1185 3352 μου
1231 3281 1402 3335 θλίϐει
1435 3297 1533 3352 με·
1565 3282 1656 3336 καὶ
1693 3283 1824 3336 ὅταν

236 3371 486 3442 ἔρχωμαι
521 3375 580 3424 ἐν
616 3372 768 3443 μέσῳ
816 3373 926 3426 τῶν
965 3373 1290 3443 ἀνθρώπων,
1315 3375 1375 3426 οὐ
1401 3373 1634 3445 δύναμαι
1659 3390 1824 3426 κατα-

238 3465 389 3532 σχεῖν
409 3463 614 3533 αὑτήνο
648 3463 784 3516 ἀλλὰ
812 3464 1125 3535 κατακρίνω
1170 3465 1364 3528 αὐτοὺς
1395 3466 1452 3518 ὲν
1481 3463 1643 3516 παντὶ
1677 3463 1823 3534 ἔργῳ

236 3553 449 3625 ἀγαθῷ,
480 3555 575 3608 καὶ
595 3555 803 3626 ἐλέγχω
820 3554 1038 3620 αὐτούς.
1065 3555 1129 3607 Τί
1156 3551 1246 3610 οὖν
1280 3556 1524 3625 ποιήσω;
1555 3555 1666 3608 Καὶ
1689 3553 1826 3608 ἀπο-

238 3645 450 3718 κριθεὶς
471 3646 499 3698 6
538 3645 716 3717 γέρων
748 3641 899 3700 εἶπεν
923 3664 936 3678 ο
969 3647 1034 3699 Et
1065 3646 1125 3698 οὐ
1165 3645 1390 3700 δύνασαι
1423 3645 1670 3714 κατέχειν
1701 3645 1825 3696 εαυ-

237 3739 352 3802 τον,
387 3739 526 3808 φύγε
550 3740 880 3809 καταμόνας.
912 3739 1189 3792 Ἀσθένεια
1205 3740 1311 3810 γάρ
1331 3741 1496 3791 ἐστιν.
1533 3737 1588 3790 '0
1611 3735 1664 3790 δὲ
1692 3736 1823 3792 καθ-

237 3831 440 3901 ήμενος
493 3831 635 3901 μετὰ
687 3831 952 3901 ἀδελφῶν,
983 3831 1083 3884 οὐκ
1109 3831 1312 3901 ὀφείλει
1355 3825 1495 3882 εἶναι
1541 3845 1821 3900 τετραγω-

239 3926 432 3988 νιαῖος,
469 3924 606 3978 ἀλλὰ
635 3923 986 3994 στρογγύλος,
1021 3924 1108 3978 ἵνα
1137 3924 1273 3994 πρὸς
1318 3923 1522 3986 πάντας
1545 3921 1819 3992 κυλίηται.

245 4017 356 4070 Καὶ
385 4011 546 4070 εἶπεν
588 4018 616 4069 ὁ
640 4017 851 4088 γέρων⁹
885 4017 958 4069 Οὐ
992 4015 1132 4068 κατὰ
1163 4015 1362 4086 ἀρετὴν
1392 4013 1637 4085 κάθημαι
1667 4030 1826 4067 κατα-

247 4107 432 4176 μόνας,
464 4106 601 4160 ἀλλὰ
639 4107 782 4160 κατὰ
821 4106 1136 4160 ἀσθένειαν’
1165 4105 1381 4158 δυνατοὶ
1424 4103 1534 4174 γάρ
1586 4106 1744 4170 εἰσιν,
1777 4105 1824 4158 οἱ

246 4199 540 4270 ἐρχόμενοι
567 4202 649 4262 εἰς
671 4200 734 4252 τὸ
767 4200 931 4270 μέσον
965 4199 1074 4253 τῶν
1099 4196 1422 4267 ἀνθρώπων.

363 4400 508 4470 Περι
535 4400 642 4455 τοῦ
669 4399 819 4455 ἀὸϐἐὶ
846 4399 1094 4468 Μάρκου
1113 4398 1384 4470 μαθητοῦ
1407 4398 1510 4453 τοῦ
1541 4399 1700 4458 ἀϐϐᾶ

847 4469 1200 4524 Σιλουανοῦ.

317 4569 388 4619 α’.
427 4562 655 4630 Ἔλεγον
681 4562 810 4632 περὶ
838 4561 932 4614 τοῦ
964 4561 1106 4615 ἀδεᾶ
1135 4560 1445 4625 Σιλουανοῦ,
1485 4561 1566 4614 ὅτι
1587 4555 1698 4631 εἶχε
1729 4578 1834 4632 μα’

243 4651 417 4722 θητὴν
449 4653 507 4704 ὲν
537 4651 757 4722 Σκήτει,
807 4651 1035 4722 Μάρκον
1071 4650 1296 4721 ὀνόματι
1319 4666 1334 4681 ·
1362 4646 1430 4720 ἦν
1468 4649 1524 4703 δὲ
1565 4649 1703 4721 ἔχων
1739 4651 1836 4704 ὑπ·

245 4745 417 4814 ακοὴν
453 4743 718 4814 μεγάλην,
752 4741 846 4796 καὶ
875 4737 944 4814 ἦν
969 4741 1336 4814 καλλιγράφος
1361 4741 1494 4812 (42).
1533 4743 1748 4809 mem
1772 4743 1828 4796 δὲ

251 4835 417 4888 αὐτὸν
446 4837 474 4887 ὁ
503 4835 684 4906 γέρων
715 4833 804 4888 διά
829 4833 926 4905 τὴν
961 4833 1207 4904 ὑπακοὴν
1238 4832 1423 4907 αὐτοῦ.
1460 4829 1588 4904 Εἶχε
1643 4833 1699 4886 δὲ
1732 4833 1827 4886 ἄλ-

245 4923 371 4989 λους
395 4925 585 4982 ἕνδεκα
613 4925 883 4998 μαθητὰς,
909 4927 1001 4980 καὶ
1025 4925 1319 4988 ἐθλίϐοντο,
1337 4926 1419 4978 ὅτι
1451 4926 1644 4994 ἠγάπα
1666 4926 1828 4979 αὐτὸν

250 5013 392 5088 ὑπὲρ
413 5017 626 5082 αύτούς.
663 5018 774 5070 Kal.
801 5017 1137 5082 ἀκούσαντες
1162 5018 1210 5070 οἱ
1241 5016 1516 5086 γέροντες,
1561 5016 1828 5087 ἐλυπήθη-

253 5123 369 5160 σαν.
401 5103 602 5161 Ἦλθον
638 5107 695 5160 δὲ
737 5111 796 5161 ἐν
841 5110 939 5179 μιᾷ
985 5107 1121 5180 πρὸς
1151 5107 1310 5162 αὑτὸν
1341 5109 1387 5160 οἱ
1415 5107 1690 5178 γέροντες,
1735 5110 1828 5160 καὶ

323 5197 369 5229 ’⁸
409 5199 488 5254 Al.
518 5201 686 5256 inser.
713 5200 875 5271 τάχα.

330 5287 434 5357 βε)
479 5289 926 5360 Καλλιγράρος.
972 5290 1053 5344 Ex
1093 5292 1262 5348 veteri
1319 5298 1373 5345 et
1424 5299 1555 5346 noto
1606 5292 1832 5348 nomine

258 5362 495 5432 occurrit
532 5362 667 5414 mihi
716 5362 997 5416 recentius
1033 5377 1098 5416 ac
1144 5363 1406 5432 ignotius,
1455 5360 1597 5432 quod
1637 5363 1736 5431 legi
1771 5365 1824 5417 in

262 5428 522 5486 Analectis
557 5433 818 5488 veteribus
853 5428 1307 5488 Mabilloniitom.
1336 5432 1375 5498 l,
1398 5448 1452 5504 p.
1472 5428 1606 5498 1450,
1643 5428 1828 5490 ἱιίίειο

263 5512 412 5552 versu
439 5519 450 5554 :

393 5569 517 5627 'Hoc
538 5588 742 5643 quoque
769 5573 994 5644 perlecta
1029 5573 1301 5628 rerborum
1335 5572 1662 5628 callicinato.

265 5655 517 5721 Existimo
544 5672 748 5734 autem,
781 5679 890 5722 non
921 5665 1291 5736 improbabili,
1320 5664 1388 5730 ni,
1409 5663 1585 5731 fallor,
1638 5665 1824 5737 conje-

1922 1823 2054 1870 tem.
2109 1815 2343 1872 Attende
2395 1832 2614 1888 semper
2662 1819 2727 1873 ad
2779 1829 3002 1889 peccata
3057 1830 3171 1875 tua.
3227 1821 3380 1879 Alios
3434 1838 3506 1878 ne

1917 1905 2140 1976 judica,
2191 1907 2287 1962 sed
2321 1908 2426 1963 sub
2466 1911 2724 1965 omnibus
2775 1918 2828 1966 te
2872 1914 3080 1980 ponito.
3128 1910 3250 1967 Noli
3301 1913 3506 1970 habere

1922 1993 2216 2052 amicitiam
2248 2015 2370 2054 cum
2396 2017 2586 2070 puero,
2616 2018 2792 2072 neque
2821 2005 3076 2058 notitiam
3099 2020 3223 2060 cum
3247 2007 3504 2074 muliere;

1920 2105 2025 2144 nec
2058 2091 2291 2146 amicum
2327 2092 2532 2148 habeas
2576 2094 2916 2149 lmreticum.
2953 2097 3228 2152 Ahscinde
3265 2111 3295 2150 a
3340 2107 3392 2152 te
3439 2099 3506 2152 ll-

1921 2182 2137 2238 duciam
2182 2183 2548 2254 loquendique
2603 2187 2931 2242 libertatem.
2984 2187 3218 2243 Contine
3262 2190 3502 2260 linguam

1921 2283 2297 2345 ventremque,
2325 2291 2390 2331 ac
2427 2279 2646 2333 modico
2672 2279 2802 2332 vino
2839 2287 3012 2334 utere.
3049 2279 3104 2333 Si
3134 2281 3262 2349 quis
3287 2281 3506 2335 locutus

1923 2364 2087 2422 fuerit
2122 2367 2190 2422 de
2233 2368 2477 2437 qualibet
2521 2383 2611 2430 re.
2649 2385 2719 2424 ne
2748 2371 3052 2426 contendas
3094 2385 3218 2425 cum
3263 2386 3360 2439 eo;
3408 2372 3504 2426 sed

1923 2459 1968 2512 si
2001 2465 2149 2513 recte
2177 2457 2421 2522 disserit,
2449 2459 2538 2513 dic
2567 2477 2580 2512 :
2606 2459 2780 2513 Etiam
2807 2475 2822 2524 ;
2861 2459 2904 2515 si
2942 2475 3072 2514 vero
3101 2460 3262 2522 male,
3296 2459 3500 2516 dicito:

1923 2548 2003 2604 Tu
2036 2551 2146 2606 scis
2173 2566 2283 2620 quo
2317 2550 2479 2605 modo
2528 2551 2772 2620 loquaris
2801 2569 2814 2606 :
2840 2567 3017 2621 neque
3063 2560 3324 2606 concerta
3371 2565 3500 2608 cum

1923 2639 2016 2693 illo
2050 2639 2119 2694 de
2166 2639 2329 2695 rebus
2360 2655 2498 2710 quas
2541 2639 2787 2709 protulit.
2835 2642 3015 2711 Atque
3047 2640 3164 2695 haec
3195 2647 3281 2696 est
3319 2641 3507 2695 humi-

1924 2731 2071 2784 litas.

1998 2822 2082 2877 l2.
2132 2820 2491 2891 Interrogavit
2547 2820 2716 2879 frater
2760 2821 3014 2878 abbatem
3060 2821 3292 2877 Matoem
3347 2841 3362 2877 :
3411 2821 3507 2877 Dic

1924 2912 2058 2967 mihi
2095 2913 2340 2967 verbum.
2379 2911 2792 2982 Responditquc
2821 2913 2870 2968 ei
2899 2931 2913 2966 :
2938 2911 3169 2967 Omnem
3201 2914 3508 2969 contentio—

1925 3020 2048 3058 nem
2079 3021 2147 3059 ex
2175 3004 2323 3059 omni
2366 3005 2604 3074 negotio,
2651 3019 2682 3057 a
2727 3013 2779 3059 te
2821 3013 3073 3075 amputa;
3117 3006 3272 3073 plora
3320 3018 3506 3062 autem

1849 3071 1892 3127 (ἶ
1925 3108 1989 3148 ac
2021 3095 2164 3164 lnge,
2201 3094 2328 3163 quia
2361 3071 2575 3164 tempus
2613 3085 2782 3163 prope
2809 3103 2914 3150 est.

1999 3187 2085 3240 l5.
2120 3186 2311 3241 Frater
2339 3186 2493 3241 hisce
2520 3186 2702 3241 verbis
2745 3191 3098 3256 percontatus
3141 3193 3226 3240 est
3255 3185 3506 3242 abbatem

1928 3277 2156 3332 Matoem
2185 3297 2198 3332 :
2227 3278 2370 3343 Quid
2415 3279 2606 3348 agam?
2654 3277 2800 3348 quod
2833 3277 3014 3348 lingua
3051 3291 3170 3332 mea
3199 3293 3284 3332 me
3312 3283 3507 3344 vexat;

1924 3376 1978 3422 et
2007 3385 2132 3423 cum
2161 3368 2216 3424 in
2247 3371 2487 3426 medium
2518 3369 2806 3424 hominum
2836 3369 3114 3440 prodiero,
3142 3382 3253 3424 non
3283 3383 3508 3439 possum

1924 3459 2208 3517 continere
2265 3462 2446 3528 illam;
2505 3462 2604 3518 sed
2646 3462 2797 3531 ipsos
2843 3463 2900 3518 in
2949 3463 3098 3518 omni
3147 3476 3312 3532 opere
3365 3461 3514 3518 bono

1925 3553 2252 3619 condemno,
2282 3553 2431 3624 ipsos
2454 3553 2745 3624 redarguo.
2776 3552 2916 3620 Quid
2952 3554 3118 3626 igitur
3141 3553 3377 3609 faciam?
3406 3552 3510 3610 Se-

1924 3658 2030 3697 nex
2067 3642 2135 3697 ad
2166 3643 2314 3699 hunc
2357 3643 2577 3698 modum
2606 3644 2926 3714 respondit:
2960 3644 3015 3698 Si
3055 3659 3168 3700 non
3205 3645 3355 3700 vales
3384 3659 3513 3699 con-

1926 3734 2102 3788 tinere
2135 3735 2392 3804 teipsum,
2435 3734 2560 3806 fuge
2592 3734 2649 3790 in
2689 3736 2871 3790 locum
2915 3735 3006 3790 ubi
3037 3735 3285 3792 solitarie
3332 3736 3507 3793 vivas.

1925 3825 2220 3882 lnlirmitas
2254 3827 2400 3882 enim
2434 3835 2540 3882 est.
2587 3828 2687 3894 Qui
2721 3842 2886 3898 porro
2915 3843 3041 3882 cum
3076 3827 3342 3884 fratribus
3393 3843 3511 3883 ma-

1926 3927 2038 3985 net,
2069 3935 2177 3975 non
2213 3920 2371 3976 debet
2394 3936 2517 3994 esse
2555 3921 3032 3990 quadrangularis,
3079 3921 3176 3976 sed
3215 3921 3509 3985 rotundus,

1927 4023 1988 4070 ut
2025 4013 2096 4070 ad
2131 4012 2322 4070 omnes
2351 4015 2620 4069 volvatur.
2657 4013 2884 4068 Addidit
2915 4029 3079 4069 senex
3111 4031 3124 4067 :
3152 4011 3272 4068 Non
3299 4028 3366 4068 ex
3395 4014 3511 4068 vir—

1927 4115 2044 4162 tute
2090 4107 2372 4161 solitarius
2423 4104 2629 4168 sedeo,
2685 4104 2780 4162 sed
2825 4105 2983 4174 juxta
3036 4104 3509 4173 imbecillitatem;

1928 4206 2179 4269 potentes
2226 4197 2429 4268 quippe
2471 4213 2537 4254 ac
2577 4197 2740 4254 validi
2787 4206 2937 4264 sunt,
2984 4199 3076 4269 qui
3127 4198 3182 4253 in
3227 4199 3510 4254 hominum

1929 4289 2168 4346 medium
2201 4289 2524 4360 procedunt.

2062 4403 2142 4457 De
2171 4403 2361 4458 abbate
2402 4401 2587 4456 Marco
2617 4402 2877 4473 discipulo
2911 4401 3119 4456 abbatis
3152 4402 3378 4458 Silvani.

2003 4559 2054 4612 1.
2092 4559 2245 4630 (62⁸)
2280 4559 2656 4615 Memorabant
2677 4559 2746 4616 de
2772 4559 2968 4615 abbate
2999 4558 3253 4625 Silvano,
3289 4550 3434 4630 quod
3453 4562 3512 4616 in

1933 4649 2082 4706 Sceti
2128 4651 2380 4708 habuerit
2412 4652 2770 4722 discipulum,
2803 4651 3050 4705 Marcum
3093 4651 3335 4714 nomine,
3379 4651 3511 4706 obe-

1934 4743 2156 4797 dientia:
2202 4744 2405 4799 virtute
2466 4752 2852 4816 prmstantem,
2903 4753 3065 4812 atque
3116 4742 3512 4814 calligraphum

1937 4852 2032 4891 seu
2064 4836 2459 4906 antiquarium.
2498 4835 2835 4907 Diligebalur
2863 4846 3040 4890 autem
3073 4849 3104 4888 a
3132 4849 3263 4890 sene
3290 4841 3515 4904 prepter

1936 4925 2324 4982 obedientiam.
2352 4927 2454 4983 Sed
2474 4936 2530 4983 et
2549 4928 2738 4982 habuit
2761 4927 3012 4982 undecim
3039 4927 3176 4983 alios
3193 4925 3513 4997 discipulos,

1937 5021 2026 5088 qui
2049 5035 2191 5090 aegre
2230 5020 2476 5075 ferebant
2505 5019 2648 5090 quod
2682 5020 2834 5074 illum
2869 5019 2991 5089 plus
3022 5019 3156 5089 ipsis
3197 5025 3424 5070 amaret.
3455 5015 3514 5071 ιιι

1935 5125 2100 5180 porro
2131 5111 2417 5167 audientes
2446 5127 2627 5176 senes,
2659 5109 2967 5165 contristati
2997 5119 3145 5165 sunt.
3181 5109 3247 5162 Et
3277 5107 3515 5179 quodam

1937 5303 2117 5358 ctnra,
2151 5289 2583 5348 versiﬁCatorem
2630 5289 2953 5349 barbarum,
2988 5285 3063 5358 ad
3098 5280 3520 5358 similitudinem

1937 5353 2494 5423 verbi'sermocinari,
2532 5361 2856 5428 procudisse
2887 5354 3210 5417 callicinari,
3261 5361 3316 5408 et
3357 5353 3521 5428 intel-

1934 5435 2138 5492 lexisse
2168 5447 2264 5503 per
2294 5423 2680 5496 calticindtum,
2703 5429 2991 5500 pulchrum
3016 5433 3264 5493 cantum,
3288 5423 3523 5496 pracla-

1935 5522 2058 5561 rum
2085 5519 2327 5558 carmen.

2011 5576 2154 5646 (42⁸)
2196 5571 2303 5627 Vit.
2341 5571 2500 5624 Patr.
2538 5587 2649 5636 xw,
2680 5570 2712 5624 5
