  <div class='ocr_page' id='page_1' title='image "/cluster/home/n/w/nwhite01/storage/ocr_20150623/65/hvd.32044073501967/153.png"; bbox 0 0 4036 6202; ppageno 0'>
   <div class='ocr_carea' id='block_1_1' title="bbox 451 217 562 276">
    <p class='ocr_par' dir='ltr' id='par_1_1' title="bbox 451 217 562 276">
     <span class='ocr_line' id='line_1_1' title="bbox 451 217 562 276; baseline 0.018 -2"><span class='ocrx_word' id='word_1_1' title='bbox 451 217 562 276; x_wconf 69' lang='grc'><strong>293</strong></span> 
     </span>
    </p>
   </div>
   <div class='ocr_carea' id='block_1_2' title="bbox 1592 213 2533 278">
    <p class='ocr_par' dir='ltr' id='par_1_2' title="bbox 1592 213 2533 278">
     <span class='ocr_line' id='line_1_2' title="bbox 1592 213 2533 278; baseline 0.006 -6"><span class='ocrx_word' id='word_1_2' title='bbox 1592 213 1941 274; x_wconf 79' lang='lat' dir='ltr'><strong>APPENDIX</strong></span> <span class='ocrx_word' id='word_1_3' title='bbox 1981 217 2072 274; x_wconf 79' lang='lat' dir='ltr'><strong>AD</strong></span> <span class='ocrx_word' id='word_1_4' title='bbox 2111 215 2533 278; x_wconf 78' lang='lat' dir='ltr'><strong>PALLADIUM.</strong></span> 
     </span>
    </p>
   </div>
   <div class='ocr_carea' id='block_1_3' title="bbox 3597 221 3708 276">
    <p class='ocr_par' dir='ltr' id='par_1_3' title="bbox 3597 221 3708 276">
     <span class='ocr_line' id='line_1_3' title="bbox 3597 221 3708 276; baseline 0 0"><span class='ocrx_word' id='word_1_5' title='bbox 3597 221 3708 276; x_wconf 73' lang='lat'><strong>296</strong></span> 
     </span>
    </p>
   </div>
   <div class='ocr_carea' id='block_1_4' title="bbox 450 329 2045 402">
    <p class='ocr_par' dir='ltr' id='par_1_4' title="bbox 450 330 2043 397">
     <span class='ocr_line' id='line_1_4' title="bbox 450 330 2043 397; baseline 0.001 -11"><span class='ocrx_word' id='word_1_6' title='bbox 450 332 541 387; x_wconf 88' lang='lat' dir='ltr'><strong>die</strong></span> <span class='ocrx_word' id='word_1_7' title='bbox 571 330 913 397; x_wconf 90' lang='lat' dir='ltr'><strong>accedentes,</strong></span> <span class='ocrx_word' id='word_1_8' title='bbox 960 335 1298 390; x_wconf 75' lang='lat' dir='ltr'><strong>accusabant</strong></span> <span class='ocrx_word' id='word_1_9' title='bbox 1328 346 1476 388; x_wconf 91' lang='lat' dir='ltr'><strong>eum.</strong></span> <span class='ocrx_word' id='word_1_10' title='bbox 1532 333 1601 386; x_wconf 82' lang='lat' dir='ltr'><strong>At</strong></span> <span class='ocrx_word' id='word_1_11' title='bbox 1631 348 1798 390; x_wconf 79' lang='lat' dir='ltr'><strong>senex</strong></span> <span class='ocrx_word' id='word_1_12' title='bbox 1829 349 2043 390; x_wconf 86' lang='lat' dir='ltr'><strong>assunt-</strong></span> 
     </span>
    </p>
   </div>
   <div class='ocr_carea' id='block_1_5' title="bbox 2152 329 3726 402">
    <p class='ocr_par' dir='ltr' id='par_1_5' title="bbox 2152 329 3726 402">
     <span class='ocr_line' id='line_1_5' title="bbox 2152 329 3726 402; baseline 0 -14"><span class='ocrx_word' id='word_1_13' title='bbox 2152 335 2437 389; x_wconf 78' lang='grc' dir='ltr'>ἐνεκάλουν</span> <span class='ocrx_word' id='word_1_14' title='bbox 2477 332 2641 387; x_wconf 79' lang='grc' dir='ltr'>αὐτόν</span> <span class='ocrx_word' id='word_1_15' title='bbox 2658 332 2723 385; x_wconf 75' lang='grc'><strong>’⁵.</strong></span> <span class='ocrx_word' id='word_1_16' title='bbox 2758 331 2954 386; x_wconf 76' lang='grc' dir='ltr'>Λαϐὼν</span> <span class='ocrx_word' id='word_1_17' title='bbox 2978 331 3035 385; x_wconf 81' lang='grc' dir='ltr'><strong>δὲ</strong></span> <span class='ocrx_word' id='word_1_18' title='bbox 3070 329 3270 395; x_wconf 75' lang='grc' dir='ltr'>αὐτοὺς</span> <span class='ocrx_word' id='word_1_19' title='bbox 3296 330 3509 402; x_wconf 79' lang='grc' dir='ltr'>ἐξῆλθε,</span> <span class='ocrx_word' id='word_1_20' title='bbox 3546 333 3639 386; x_wconf 76' lang='grc' dir='ltr'>καὶ</span> <span class='ocrx_word' id='word_1_21' title='bbox 3667 333 3726 388; x_wconf 73' lang='grc' dir='ltr'><strong>ε-</strong></span> 
     </span>
    </p>
   </div>
   <div class='ocr_carea' id='block_1_6' title="bbox 453 421 2032 494">
    <p class='ocr_par' dir='ltr' id='par_1_6' title="bbox 453 421 2032 494">
     <span class='ocr_line' id='line_1_6' title="bbox 453 421 2032 494; baseline 0.001 -19"><span class='ocrx_word' id='word_1_22' title='bbox 453 423 564 491; x_wconf 85' lang='lat' dir='ltr'><strong>ptis</strong></span> <span class='ocrx_word' id='word_1_23' title='bbox 588 421 656 477; x_wconf 92' lang='lat' dir='ltr'><strong>iis</strong></span> <span class='ocrx_word' id='word_1_24' title='bbox 688 436 944 492; x_wconf 84' lang='lat' dir='ltr'><strong>egressus</strong></span> <span class='ocrx_word' id='word_1_25' title='bbox 970 431 1086 491; x_wconf 88' lang='lat' dir='ltr'><strong>est;</strong></span> <span class='ocrx_word' id='word_1_26' title='bbox 1119 439 1182 480; x_wconf 92' lang='lat' dir='ltr'><strong>ac</strong></span> <span class='ocrx_word' id='word_1_27' title='bbox 1205 439 1302 494; x_wconf 90' lang='lat' dir='ltr'><strong>per</strong></span> <span class='ocrx_word' id='word_1_28' title='bbox 1329 423 1574 494; x_wconf 86' lang='lat' dir='ltr'><strong>singulas</strong></span> <span class='ocrx_word' id='word_1_29' title='bbox 1596 424 1764 479; x_wconf 90' lang='lat' dir='ltr'><strong>cellas</strong></span> <span class='ocrx_word' id='word_1_30' title='bbox 1789 424 2032 494; x_wconf 81' lang='lat' dir='ltr'><strong>pulsans,</strong></span> 
     </span>
    </p>
   </div>
   <div class='ocr_carea' id='block_1_7' title="bbox 451 513 2036 586">
    <p class='ocr_par' dir='ltr' id='par_1_7' title="bbox 451 513 2036 586">
     <span class='ocr_line' id='line_1_7' title="bbox 451 513 2036 586; baseline 0.002 -18"><span class='ocrx_word' id='word_1_31' title='bbox 451 515 668 569; x_wconf 88' lang='lat' dir='ltr'><strong>dicebat</strong></span> <span class='ocrx_word' id='word_1_32' title='bbox 695 532 708 568; x_wconf 90' lang='lat'><strong>:</strong></span> <span class='ocrx_word' id='word_1_33' title='bbox 742 513 931 570; x_wconf 86' lang='lat' dir='ltr'><strong>Frater</strong></span> <span class='ocrx_word' id='word_1_34' title='bbox 961 515 1072 582; x_wconf 89' lang='lat' dir='ltr'><strong>ille,</strong></span> <span class='ocrx_word' id='word_1_35' title='bbox 1105 518 1250 582; x_wconf 93' lang='lat' dir='ltr'><strong>veni,</strong></span> <span class='ocrx_word' id='word_1_36' title='bbox 1283 524 1336 571; x_wconf 91' lang='lat' dir='ltr'><strong>te</strong></span> <span class='ocrx_word' id='word_1_37' title='bbox 1369 516 1502 572; x_wconf 86' lang='lat' dir='ltr'><strong>mihi</strong></span> <span class='ocrx_word' id='word_1_38' title='bbox 1531 532 1668 586; x_wconf 89' lang='lat' dir='ltr'><strong>opus</strong></span> <span class='ocrx_word' id='word_1_39' title='bbox 1695 525 1800 572; x_wconf 86' lang='lat' dir='ltr'><strong>est.</strong></span> <span class='ocrx_word' id='word_1_40' title='bbox 1833 515 1944 570; x_wconf 81' lang='lat' dir='ltr'><strong>Nec</strong></span> <span class='ocrx_word' id='word_1_41' title='bbox 1968 531 2036 571; x_wconf 77' lang='lat' dir='ltr'><strong>ex</strong></span> 
     </span>
    </p>
   </div>
   <div class='ocr_carea' id='block_1_8' title="bbox 452 604 2038 677">
    <p class='ocr_par' dir='ltr' id='par_1_8' title="bbox 452 604 2038 677">
     <span class='ocr_line' id='line_1_8' title="bbox 452 604 2038 677; baseline -0.001 -16"><span class='ocrx_word' id='word_1_42' title='bbox 452 605 523 661; x_wconf 84' lang='lat' dir='ltr'><strong>iis</strong></span> <span class='ocrx_word' id='word_1_43' title='bbox 562 605 707 661; x_wconf 87' lang='lat' dir='ltr'><strong>ullus</strong></span> <span class='ocrx_word' id='word_1_44' title='bbox 740 607 888 660; x_wconf 85' lang='lat' dir='ltr'><strong>illico</strong></span> <span class='ocrx_word' id='word_1_45' title='bbox 932 608 1154 677; x_wconf 90' lang='lat' dir='ltr'><strong>prodiit,</strong></span> <span class='ocrx_word' id='word_1_46' title='bbox 1209 614 1502 669; x_wconf 84' lang='lat' dir='ltr'><strong>secuturus</strong></span> <span class='ocrx_word' id='word_1_47' title='bbox 1549 621 1696 662; x_wconf 91' lang='lat' dir='ltr'><strong>eum.</strong></span> <span class='ocrx_word' id='word_1_48' title='bbox 1754 604 1856 661; x_wconf 87' lang='lat' dir='ltr'><strong>Ubi</strong></span> <span class='ocrx_word' id='word_1_49' title='bbox 1907 620 2038 661; x_wconf 85' lang='lat' dir='ltr'><strong>vero</strong></span> 
     </span>
    </p>
   </div>
   <div class='ocr_carea' id='block_1_9' title="bbox 453 697 2033 771">
    <p class='ocr_par' dir='ltr' id='par_1_9' title="bbox 453 697 2033 771">
     <span class='ocr_line' id='line_1_9' title="bbox 453 697 2033 771; baseline -0.001 -18"><span class='ocrx_word' id='word_1_50' title='bbox 453 699 675 771; x_wconf 87' lang='lat' dir='ltr'><strong>pertigit</strong></span> <span class='ocrx_word' id='word_1_51' title='bbox 708 697 773 751; x_wconf 91' lang='lat' dir='ltr'><strong>ad</strong></span> <span class='ocrx_word' id='word_1_52' title='bbox 817 699 1007 754; x_wconf 79' lang='lat' dir='ltr'><strong>cellam</strong></span> <span class='ocrx_word' id='word_1_53' title='bbox 1048 697 1236 765; x_wconf 82' lang='lat' dir='ltr'><strong>Marci,</strong></span> <span class='ocrx_word' id='word_1_54' title='bbox 1281 697 1540 768; x_wconf 79' lang='lat' dir='ltr'><strong>foresque</strong></span> <span class='ocrx_word' id='word_1_55' title='bbox 1582 697 1751 761; x_wconf 81' lang='lat' dir='ltr'><strong>feriit,</strong></span> <span class='ocrx_word' id='word_1_56' title='bbox 1787 711 2033 753; x_wconf 89' lang='lat' dir='ltr'><strong>vocans:</strong></span> 
     </span>
    </p>
   </div>
   <div class='ocr_carea' id='block_1_10' title="bbox 453 789 2043 860">
    <p class='ocr_par' dir='ltr' id='par_1_10' title="bbox 453 789 2043 860">
     <span class='ocr_line' id='line_1_10' title="bbox 453 789 2043 860; baseline -0.001 -14"><span class='ocrx_word' id='word_1_57' title='bbox 453 791 666 858; x_wconf 85' lang='lat' dir='ltr'><strong>Marce;</strong></span> <span class='ocrx_word' id='word_1_58' title='bbox 698 792 808 856; x_wconf 92' lang='lat' dir='ltr'><strong>ille,</strong></span> <span class='ocrx_word' id='word_1_59' title='bbox 851 789 1041 844; x_wconf 89' lang='lat' dir='ltr'><strong>audita</strong></span> <span class='ocrx_word' id='word_1_60' title='bbox 1071 791 1219 845; x_wconf 89' lang='lat' dir='ltr'><strong>senis</strong></span> <span class='ocrx_word' id='word_1_61' title='bbox 1251 805 1406 854; x_wconf 89' lang='lat' dir='ltr'><strong>voce,</strong></span> <span class='ocrx_word' id='word_1_62' title='bbox 1449 790 1633 844; x_wconf 91' lang='lat' dir='ltr'><strong>statim</strong></span> <span class='ocrx_word' id='word_1_63' title='bbox 1663 795 1815 844; x_wconf 89' lang='lat' dir='ltr'><strong>extra</strong></span> <span class='ocrx_word' id='word_1_64' title='bbox 1864 790 2043 860; x_wconf 90' lang='lat' dir='ltr'><strong>prosi-</strong></span> 
     </span>
    </p>
   </div>
   <div class='ocr_carea' id='block_1_11' title="bbox 454 881 2039 954">
    <p class='ocr_par' dir='ltr' id='par_1_11' title="bbox 454 881 2039 954">
     <span class='ocr_line' id='line_1_11' title="bbox 454 881 2039 954; baseline 0 -17"><span class='ocrx_word' id='word_1_65' title='bbox 454 883 554 938; x_wconf 93' lang='lat' dir='ltr'><strong>liit.</strong></span> <span class='ocrx_word' id='word_1_66' title='bbox 595 881 882 954; x_wconf 90' lang='lat' dir='ltr'><strong>Senexque</strong></span> <span class='ocrx_word' id='word_1_67' title='bbox 914 881 1065 936; x_wconf 87' lang='lat' dir='ltr'><strong>misit</strong></span> <span class='ocrx_word' id='word_1_68' title='bbox 1089 897 1214 937; x_wconf 92' lang='lat' dir='ltr'><strong>eum</strong></span> <span class='ocrx_word' id='word_1_69' title='bbox 1241 881 1310 936; x_wconf 92' lang='lat' dir='ltr'><strong>ad</strong></span> <span class='ocrx_word' id='word_1_70' title='bbox 1344 881 1735 937; x_wconf 85' lang='lat' dir='ltr'><strong>ministerium.</strong></span> <span class='ocrx_word' id='word_1_71' title='bbox 1768 881 1849 937; x_wconf 77' lang='lat' dir='ltr'><strong>Ad</strong></span> <span class='ocrx_word' id='word_1_72' title='bbox 1876 897 2039 938; x_wconf 91' lang='lat' dir='ltr'><strong>sencs</strong></span> 
     </span>
    </p>
   </div>
   <div class='ocr_carea' id='block_1_12' title="bbox 451 971 2040 1042">
    <p class='ocr_par' dir='ltr' id='par_1_12' title="bbox 451 971 2040 1042">
     <span class='ocr_line' id='line_1_12' title="bbox 451 971 2040 1042; baseline -0.001 -14"><span class='ocrx_word' id='word_1_73' title='bbox 451 983 631 1028; x_wconf 86' lang='lat' dir='ltr'><strong>autem</strong></span> <span class='ocrx_word' id='word_1_74' title='bbox 661 973 767 1026; x_wconf 86' lang='lat' dir='ltr'><strong>ait:</strong></span> <span class='ocrx_word' id='word_1_75' title='bbox 795 972 1005 1037; x_wconf 85' lang='lat' dir='ltr'><strong>Patres,</strong></span> <span class='ocrx_word' id='word_1_76' title='bbox 1037 973 1131 1027; x_wconf 92' lang='lat' dir='ltr'><strong>ubi</strong></span> <span class='ocrx_word' id='word_1_77' title='bbox 1166 980 1296 1028; x_wconf 90' lang='lat' dir='ltr'><strong>sunt</strong></span> <span class='ocrx_word' id='word_1_78' title='bbox 1325 971 1525 1027; x_wconf 82' lang='lat' dir='ltr'><strong>fratres</strong></span> <span class='ocrx_word' id='word_1_79' title='bbox 1558 973 1797 1042; x_wconf 80' lang='lat' dir='ltr'><strong>reliqui?</strong></span> <span class='ocrx_word' id='word_1_80' title='bbox 1836 972 2040 1027; x_wconf 86' lang='lat' dir='ltr'><strong>Deinde</strong></span> 
     </span>
    </p>
   </div>
   <div class='ocr_carea' id='block_1_13' title="bbox 451 1064 2040 1136">
    <p class='ocr_par' dir='ltr' id='par_1_13' title="bbox 451 1064 2040 1136">
     <span class='ocr_line' id='line_1_13' title="bbox 451 1064 2040 1136; baseline -0.001 -17"><span class='ocrx_word' id='word_1_81' title='bbox 451 1065 730 1135; x_wconf 88' lang='lat' dir='ltr'><strong>ingressus</strong></span> <span class='ocrx_word' id='word_1_82' title='bbox 762 1065 818 1118; x_wconf 92' lang='lat' dir='ltr'><strong>in</strong></span> <span class='ocrx_word' id='word_1_83' title='bbox 857 1065 1050 1119; x_wconf 84' lang='lat' dir='ltr'><strong>cellam</strong></span> <span class='ocrx_word' id='word_1_84' title='bbox 1088 1064 1230 1135; x_wconf 89' lang='lat' dir='ltr'><strong>ejus,</strong></span> <span class='ocrx_word' id='word_1_85' title='bbox 1281 1068 1644 1120; x_wconf 85' lang='lat' dir='ltr'><strong>contrectavit</strong></span> <span class='ocrx_word' id='word_1_86' title='bbox 1695 1065 1869 1136; x_wconf 91' lang='lat' dir='ltr'><strong>ipsius</strong></span> <span class='ocrx_word' id='word_1_87' title='bbox 1901 1079 2040 1134; x_wconf 86' lang='lat' dir='ltr'><strong>qua-</strong></span> 
     </span>
    </p>
   </div>
   <div class='ocr_carea' id='block_1_14' title="bbox 450 1155 2039 1226">
    <p class='ocr_par' dir='ltr' id='par_1_14' title="bbox 450 1155 2039 1226">
     <span class='ocr_line' id='line_1_14' title="bbox 450 1155 2039 1226; baseline 0.001 -18"><span class='ocrx_word' id='word_1_88' title='bbox 450 1155 790 1222; x_wconf 86' lang='lat' dir='ltr'><strong>ternionem;</strong></span> <span class='ocrx_word' id='word_1_89' title='bbox 842 1155 1158 1226; x_wconf 83' lang='lat' dir='ltr'><strong>invenitque</strong></span> <span class='ocrx_word' id='word_1_90' title='bbox 1206 1156 1352 1226; x_wconf 84' lang='lat' dir='ltr'><strong>quod</strong></span> <span class='ocrx_word' id='word_1_91' title='bbox 1402 1171 1626 1211; x_wconf 86' lang='lat' dir='ltr'><strong>manum</strong></span> <span class='ocrx_word' id='word_1_92' title='bbox 1675 1156 1922 1213; x_wconf 88' lang='lat' dir='ltr'><strong>misisset</strong></span> <span class='ocrx_word' id='word_1_93' title='bbox 1969 1157 2039 1210; x_wconf 89' lang='lat' dir='ltr'><strong>ad</strong></span> 
     </span>
    </p>
   </div>
   <div class='ocr_carea' id='block_1_15' title="bbox 448 1247 2039 1314">
    <p class='ocr_par' dir='ltr' id='par_1_15' title="bbox 448 1247 2039 1314">
     <span class='ocr_line' id='line_1_15' title="bbox 448 1247 2039 1314; baseline -0.001 -12"><span class='ocrx_word' id='word_1_94' title='bbox 448 1247 780 1302; x_wconf 87' lang='lat' dir='ltr'><strong>exarandam</strong></span> <span class='ocrx_word' id='word_1_95' title='bbox 818 1248 1056 1303; x_wconf 90' lang='lat' dir='ltr'><strong>litteram</strong></span> <span class='ocrx_word' id='word_1_96' title='bbox 1085 1266 1150 1314; x_wconf 89' lang='grc' dir='ltr'><strong>ω,</strong></span> <span class='ocrx_word' id='word_1_97' title='bbox 1177 1249 1272 1304; x_wconf 91' lang='lat' dir='ltr'><strong>sed</strong></span> <span class='ocrx_word' id='word_1_98' title='bbox 1305 1248 1536 1304; x_wconf 90' lang='lat' dir='ltr'><strong>audiens</strong></span> <span class='ocrx_word' id='word_1_99' title='bbox 1565 1263 1753 1304; x_wconf 89' lang='lat' dir='ltr'><strong>senem</strong></span> <span class='ocrx_word' id='word_1_100' title='bbox 1783 1262 1894 1303; x_wconf 92' lang='lat' dir='ltr'><strong>non</strong></span> <span class='ocrx_word' id='word_1_101' title='bbox 1916 1262 2039 1304; x_wconf 79' lang='lat' dir='ltr'><strong>ver-</strong></span> 
     </span>
    </p>
   </div>
   <div class='ocr_carea' id='block_1_16' title="bbox 450 1336 2040 1409">
    <p class='ocr_par' dir='ltr' id='par_1_16' title="bbox 450 1336 2040 1409">
     <span class='ocr_line' id='line_1_16' title="bbox 450 1336 2040 1409; baseline 0.001 -19"><span class='ocrx_word' id='word_1_102' title='bbox 450 1336 610 1392; x_wconf 86' lang='lat' dir='ltr'><strong>tisset</strong></span> <span class='ocrx_word' id='word_1_103' title='bbox 639 1338 909 1392; x_wconf 85' lang='lat' dir='ltr'><strong>calamum</strong></span> <span class='ocrx_word' id='word_1_104' title='bbox 950 1347 1008 1391; x_wconf 93' lang='lat' dir='ltr'><strong>ut</strong></span> <span class='ocrx_word' id='word_1_105' title='bbox 1052 1339 1353 1409; x_wconf 90' lang='lat' dir='ltr'><strong>compleret</strong></span> <span class='ocrx_word' id='word_1_106' title='bbox 1392 1353 1532 1394; x_wconf 88' lang='lat' dir='ltr'><strong>eam.</strong></span> <span class='ocrx_word' id='word_1_107' title='bbox 1570 1337 1728 1393; x_wconf 82' lang='lat' dir='ltr'><strong>Tunc</strong></span> <span class='ocrx_word' id='word_1_108' title='bbox 1759 1353 1920 1395; x_wconf 87' lang='lat' dir='ltr'><strong>senes</strong></span> <span class='ocrx_word' id='word_1_109' title='bbox 1963 1338 2040 1393; x_wconf 87' lang='lat' dir='ltr'><strong>ita</strong></span> 
     </span>
    </p>
   </div>
   <div class='ocr_carea' id='block_1_17' title="bbox 450 1427 2041 1501">
    <p class='ocr_par' dir='ltr' id='par_1_17' title="bbox 450 1427 2041 1501">
     <span class='ocr_line' id='line_1_17' title="bbox 450 1427 2041 1501; baseline 0.001 -17"><span class='ocrx_word' id='word_1_110' title='bbox 450 1427 621 1484; x_wconf 90' lang='lat' dir='ltr'><strong>locuti</strong></span> <span class='ocrx_word' id='word_1_111' title='bbox 653 1437 822 1484; x_wconf 89' lang='lat' dir='ltr'><strong>sunt:</strong></span> <span class='ocrx_word' id='word_1_112' title='bbox 853 1428 1062 1484; x_wconf 80' lang='lat' dir='ltr'><strong>Revera</strong></span> <span class='ocrx_word' id='word_1_113' title='bbox 1097 1445 1260 1501; x_wconf 86' lang='lat' dir='ltr'><strong>quem</strong></span> <span class='ocrx_word' id='word_1_114' title='bbox 1300 1437 1360 1484; x_wconf 90' lang='lat' dir='ltr'><strong>tu</strong></span> <span class='ocrx_word' id='word_1_115' title='bbox 1399 1429 1602 1500; x_wconf 77' lang='lat' dir='ltr'><strong>diligis,</strong></span> <span class='ocrx_word' id='word_1_116' title='bbox 1639 1430 1801 1497; x_wconf 89' lang='lat' dir='ltr'><strong>abba,</strong></span> <span class='ocrx_word' id='word_1_117' title='bbox 1844 1440 1898 1486; x_wconf 89' lang='lat' dir='ltr'><strong>et</strong></span> <span class='ocrx_word' id='word_1_118' title='bbox 1938 1443 2041 1486; x_wconf 84' lang='lat' dir='ltr'><strong>nos</strong></span> 
     </span>
    </p>
   </div>
   <div class='ocr_carea' id='block_1_18' title="bbox 449 1519 1439 1592">
    <p class='ocr_par' dir='ltr' id='par_1_18' title="bbox 449 1519 1439 1592">
     <span class='ocr_line' id='line_1_18' title="bbox 449 1519 1439 1592; baseline 0.001 -17"><span class='ocrx_word' id='word_1_119' title='bbox 449 1519 752 1590; x_wconf 78' lang='lat' dir='ltr'><strong>diligimus,</strong></span> <span class='ocrx_word' id='word_1_120' title='bbox 793 1520 1045 1592; x_wconf 87' lang='lat' dir='ltr'><strong>Deusque</strong></span> <span class='ocrx_word' id='word_1_121' title='bbox 1083 1521 1263 1592; x_wconf 79' lang='lat' dir='ltr'><strong>diligit</strong></span> <span class='ocrx_word' id='word_1_122' title='bbox 1291 1537 1439 1577; x_wconf 90' lang='lat' dir='ltr'><strong>eum.</strong></span> 
     </span>
    </p>
   </div>
   <div class='ocr_carea' id='block_1_19' title="bbox 520 1609 2038 1682">
    <p class='ocr_par' dir='ltr' id='par_1_19' title="bbox 520 1609 2038 1682">
     <span class='ocr_line' id='line_1_19' title="bbox 520 1609 2038 1682; baseline 0.003 -19"><span class='ocrx_word' id='word_1_123' title='bbox 520 1611 574 1665; x_wconf 74' lang='grc'>2.</span> <span class='ocrx_word' id='word_1_124' title='bbox 617 1609 690 1666; x_wconf 91' lang='lat' dir='ltr'><strong>De</strong></span> <span class='ocrx_word' id='word_1_125' title='bbox 748 1611 944 1666; x_wconf 84' lang='lat' dir='ltr'><strong>abbate</strong></span> <span class='ocrx_word' id='word_1_126' title='bbox 1005 1611 1227 1666; x_wconf 71' lang='lat' dir='ltr'><strong>Silvano</strong></span> <span class='ocrx_word' id='word_1_127' title='bbox 1285 1613 1824 1679; x_wconf 61' lang='lat' dir='ltr'><strong>commemorabam,</strong></span> <span class='ocrx_word' id='word_1_128' title='bbox 1886 1612 2038 1682; x_wconf 88' lang='lat' dir='ltr'><strong>quod</strong></span> 
     </span>
    </p>
   </div>
   <div class='ocr_carea' id='block_1_20' title="bbox 2140 421 3730 498">
    <p class='ocr_par' dir='ltr' id='par_1_20' title="bbox 2140 421 3730 498">
     <span class='ocr_line' id='line_1_20' title="bbox 2140 421 3730 498; baseline 0.001 -20"><span class='ocrx_word' id='word_1_129' title='bbox 2140 442 2340 497; x_wconf 90' lang='grc' dir='ltr'>κρουσε</span> <span class='ocrx_word' id='word_1_130' title='bbox 2358 425 2502 480; x_wconf 83' lang='grc' dir='ltr'>κατὰ</span> <span class='ocrx_word' id='word_1_131' title='bbox 2531 424 2760 490; x_wconf 86' lang='grc' dir='ltr'>κελλίον,</span> <span class='ocrx_word' id='word_1_132' title='bbox 2795 423 2968 492; x_wconf 82' lang='grc' dir='ltr'>λέγων</span> <span class='ocrx_word' id='word_1_133' title='bbox 2987 438 3001 452; x_wconf 74' lang='grc'><strong>⁸</strong></span> <span class='ocrx_word' id='word_1_134' title='bbox 3043 423 3103 476; x_wconf 91' lang='lat'>&#39;0</span> <span class='ocrx_word' id='word_1_135' title='bbox 3129 422 3278 476; x_wconf 87' lang='grc' dir='ltr'>δεῖνα</span> <span class='ocrx_word' id='word_1_136' title='bbox 3299 421 3520 493; x_wconf 74' lang='grc' dir='ltr'>ἀδελφέ,</span> <span class='ocrx_word' id='word_1_137' title='bbox 3542 423 3730 498; x_wconf 77' lang='grc' dir='ltr'>δεῦρο,</span> 
     </span>
    </p>
   </div>
   <div class='ocr_carea' id='block_1_21' title="bbox 2137 511 3733 589">
    <p class='ocr_par' dir='ltr' id='par_1_21' title="bbox 2137 511 3733 589">
     <span class='ocr_line' id='line_1_21' title="bbox 2137 511 3733 589; baseline 0 -17"><span class='ocrx_word' id='word_1_138' title='bbox 2137 519 2220 572; x_wconf 82' lang='grc' dir='ltr'>ὅτι</span> <span class='ocrx_word' id='word_1_139' title='bbox 2261 518 2450 589; x_wconf 77' lang='grc' dir='ltr'>χρῄζω</span> <span class='ocrx_word' id='word_1_140' title='bbox 2503 535 2619 572; x_wconf 90' lang='grc' dir='ltr'>σου.</span> <span class='ocrx_word' id='word_1_141' title='bbox 2652 517 2764 569; x_wconf 92' lang='lat' dir='ltr'><strong>Kal</strong></span> <span class='ocrx_word' id='word_1_142' title='bbox 2791 511 2873 578; x_wconf 75' lang='grc' dir='ltr'><strong>εἷς</strong></span> <span class='ocrx_word' id='word_1_143' title='bbox 2905 513 2966 579; x_wconf 81' lang='grc' dir='ltr'>ἐξ</span> <span class='ocrx_word' id='word_1_144' title='bbox 2995 515 3197 588; x_wconf 59' lang='grc' dir='ltr'>αὑτῶν,</span> <span class='ocrx_word' id='word_1_145' title='bbox 3227 515 3328 568; x_wconf 84' lang='grc' dir='ltr'>οὐκ</span> <span class='ocrx_word' id='word_1_146' title='bbox 3357 515 3733 586; x_wconf 73' lang='grc' dir='ltr'><strong>ἠκολούθησεν</strong></span> 
     </span>
    </p>
   </div>
   <div class='ocr_carea' id='block_1_22' title="bbox 2137 606 3728 681">
    <p class='ocr_par' dir='ltr' id='par_1_22' title="bbox 2137 606 3728 681">
     <span class='ocr_line' id='line_1_22' title="bbox 2137 606 3728 681; baseline 0 -18"><span class='ocrx_word' id='word_1_147' title='bbox 2137 609 2287 681; x_wconf 80' lang='grc' dir='ltr'>αὐτῷ</span> <span class='ocrx_word' id='word_1_148' title='bbox 2327 608 2509 674; x_wconf 81' lang='grc' dir='ltr'>εὐθύς.</span> <span class='ocrx_word' id='word_1_149' title='bbox 2545 608 2656 662; x_wconf 93' lang='lat' dir='ltr'><strong>Kal</strong></span> <span class='ocrx_word' id='word_1_150' title='bbox 2680 606 2856 661; x_wconf 85' lang='grc' dir='ltr'>ἐλθὼν</span> <span class='ocrx_word' id='word_1_151' title='bbox 2891 607 2985 660; x_wconf 76' lang='grc' dir='ltr'>ἐπὶ</span> <span class='ocrx_word' id='word_1_152' title='bbox 3019 606 3118 678; x_wconf 80' lang='grc' dir='ltr'>τὴν</span> <span class='ocrx_word' id='word_1_153' title='bbox 3159 606 3359 661; x_wconf 72' lang='grc' dir='ltr'>κέλλαν</span> <span class='ocrx_word' id='word_1_154' title='bbox 3390 608 3645 680; x_wconf 80' lang='grc' dir='ltr'><strong>Μάρκου,</strong></span> <span class='ocrx_word' id='word_1_155' title='bbox 3673 609 3728 663; x_wconf 68' lang='grc' dir='ltr'><strong>έδ-</strong></span> 
     </span>
    </p>
   </div>
   <div class='ocr_carea' id='block_1_23' title="bbox 2139 698 3732 773">
    <p class='ocr_par' dir='ltr' id='par_1_23' title="bbox 2139 698 3732 773">
     <span class='ocr_line' id='line_1_23' title="bbox 2139 698 3732 773; baseline 0 -18"><span class='ocrx_word' id='word_1_156' title='bbox 2139 718 2362 773; x_wconf 88' lang='grc' dir='ltr'>κρουσε,</span> <span class='ocrx_word' id='word_1_157' title='bbox 2390 700 2563 769; x_wconf 91' lang='grc' dir='ltr'>λέγων</span> <span class='ocrx_word' id='word_1_158' title='bbox 2579 716 2594 730; x_wconf 75' lang='grc' dir='ltr'><strong>ο</strong></span> <span class='ocrx_word' id='word_1_159' title='bbox 2618 699 2836 770; x_wconf 85' lang='grc' dir='ltr'>Μάρκε.</span> <span class='ocrx_word' id='word_1_160' title='bbox 2877 699 2937 752; x_wconf 86' lang='lat'>&#39;0</span> <span class='ocrx_word' id='word_1_161' title='bbox 2958 698 3015 752; x_wconf 85' lang='grc' dir='ltr'><strong>δέ</strong></span> <span class='ocrx_word' id='word_1_162' title='bbox 3042 699 3280 763; x_wconf 81' lang='grc' dir='ltr'>ἀκούσας</span> <span class='ocrx_word' id='word_1_163' title='bbox 3304 699 3401 770; x_wconf 81' lang='grc' dir='ltr'>τῆς</span> <span class='ocrx_word' id='word_1_164' title='bbox 3427 701 3610 772; x_wconf 80' lang='grc' dir='ltr'>φωνῆς</span> <span class='ocrx_word' id='word_1_165' title='bbox 3628 700 3732 755; x_wconf 86' lang='grc' dir='ltr'><strong>τοῦ</strong></span> 
     </span>
    </p>
   </div>
   <div class='ocr_carea' id='block_1_24' title="bbox 2141 789 3730 866">
    <p class='ocr_par' dir='ltr' id='par_1_24' title="bbox 2141 789 3730 866">
     <span class='ocr_line' id='line_1_24' title="bbox 2141 789 3730 866; baseline 0 -19"><span class='ocrx_word' id='word_1_166' title='bbox 2141 792 2420 866; x_wconf 84' lang='grc' dir='ltr'>γέροντος,</span> <span class='ocrx_word' id='word_1_167' title='bbox 2451 791 2611 855; x_wconf 80' lang='grc' dir='ltr'>εὐθὺς</span> <span class='ocrx_word' id='word_1_168' title='bbox 2659 791 2931 862; x_wconf 77' lang='grc' dir='ltr'><strong>ἐπήδησεν</strong></span> <span class='ocrx_word' id='word_1_169' title='bbox 2962 789 3097 855; x_wconf 75' lang='grc' dir='ltr'><strong>ἔξω·</strong></span> <span class='ocrx_word' id='word_1_170' title='bbox 3127 791 3224 844; x_wconf 71' lang='grc' dir='ltr'>καὶ</span> <span class='ocrx_word' id='word_1_171' title='bbox 3279 789 3525 862; x_wconf 81' lang='grc' dir='ltr'>ἐπεμψεν</span> <span class='ocrx_word' id='word_1_172' title='bbox 3559 792 3730 846; x_wconf 70' lang='grc' dir='ltr'>αὐτὸν</span> 
     </span>
    </p>
   </div>
   <div class='ocr_carea' id='block_1_25' title="bbox 2141 881 3728 954">
    <p class='ocr_par' dir='ltr' id='par_1_25' title="bbox 2141 881 3728 954">
     <span class='ocr_line' id='line_1_25' title="bbox 2141 881 3728 954; baseline -0.001 -15"><span class='ocrx_word' id='word_1_173' title='bbox 2141 886 2222 949; x_wconf 85' lang='grc' dir='ltr'>είς</span> <span class='ocrx_word' id='word_1_174' title='bbox 2255 883 2551 939; x_wconf 79' lang='grc' dir='ltr'><strong>διακονίαν.</strong></span> <span class='ocrx_word' id='word_1_175' title='bbox 2586 883 2697 937; x_wconf 85' lang='lat' dir='ltr'><strong>Kal</strong></span> <span class='ocrx_word' id='word_1_176' title='bbox 2729 883 2880 952; x_wconf 80' lang='grc' dir='ltr'><strong>λέγει</strong></span> <span class='ocrx_word' id='word_1_177' title='bbox 2919 885 3033 948; x_wconf 87' lang='grc' dir='ltr'>τοῖς</span> <span class='ocrx_word' id='word_1_178' title='bbox 3086 881 3341 954; x_wconf 78' lang='grc' dir='ltr'><strong>γέρουσι·</strong></span> <span class='ocrx_word' id='word_1_179' title='bbox 3367 881 3477 936; x_wconf 88' lang='grc' dir='ltr'>Ποῦ</span> <span class='ocrx_word' id='word_1_180' title='bbox 3506 883 3645 938; x_wconf 68' lang='grc' dir='ltr'>εἰσὶν</span> <span class='ocrx_word' id='word_1_181' title='bbox 3672 885 3728 938; x_wconf 84' lang='lat' dir='ltr'><strong>ol</strong></span> 
     </span>
    </p>
   </div>
   <div class='ocr_carea' id='block_1_26' title="bbox 2145 969 3729 1045">
    <p class='ocr_par' dir='ltr' id='par_1_26' title="bbox 2145 969 3729 1045">
     <span class='ocr_line' id='line_1_26' title="bbox 2145 969 3729 1045; baseline -0.001 -18"><span class='ocrx_word' id='word_1_182' title='bbox 2145 974 2326 1028; x_wconf 76' lang='grc' dir='ltr'>λοιποὶ</span> <span class='ocrx_word' id='word_1_183' title='bbox 2369 974 2615 1043; x_wconf 76' lang='grc' dir='ltr'>ἀδελφοὶ,</span> <span class='ocrx_word' id='word_1_184' title='bbox 2643 973 2913 1045; x_wconf 84' lang='grc' dir='ltr'>Πατέρες;</span> <span class='ocrx_word' id='word_1_185' title='bbox 2944 973 3052 1027; x_wconf 87' lang='lat' dir='ltr'><strong>Kal</strong></span> <span class='ocrx_word' id='word_1_186' title='bbox 3093 969 3351 1026; x_wconf 78' lang='grc' dir='ltr'>εἰσελθὼν</span> <span class='ocrx_word' id='word_1_187' title='bbox 3379 973 3459 1036; x_wconf 86' lang='grc' dir='ltr'>είς</span> <span class='ocrx_word' id='word_1_188' title='bbox 3485 973 3583 1045; x_wconf 82' lang='grc' dir='ltr'>τὴν</span> <span class='ocrx_word' id='word_1_189' title='bbox 3602 973 3729 1027; x_wconf 87' lang='grc' dir='ltr'>κέλ-</span> 
     </span>
    </p>
   </div>
   <div class='ocr_carea' id='block_1_27' title="bbox 2139 1056 3728 1137">
    <p class='ocr_par' dir='ltr' id='par_1_27' title="bbox 2139 1056 3728 1137">
     <span class='ocr_line' id='line_1_27' title="bbox 2139 1056 3728 1137; baseline 0.001 -19"><span class='ocrx_word' id='word_1_190' title='bbox 2139 1065 2238 1120; x_wconf 90' lang='grc' dir='ltr'><strong>λαν</strong></span> <span class='ocrx_word' id='word_1_191' title='bbox 2267 1066 2458 1130; x_wconf 85' lang='grc' dir='ltr'>αὐτοῦ,</span> <span class='ocrx_word' id='word_1_192' title='bbox 2488 1066 2806 1137; x_wconf 80' lang='grc' dir='ltr'>ἐψηλάφησε</span> <span class='ocrx_word' id='word_1_193' title='bbox 2826 1065 2888 1118; x_wconf 83' lang='grc' dir='ltr'><strong>τὺ</strong></span> <span class='ocrx_word' id='word_1_194' title='bbox 2924 1064 3208 1136; x_wconf 84' lang='grc' dir='ltr'>τετράδιον</span> <span class='ocrx_word' id='word_1_195' title='bbox 3229 1061 3394 1116; x_wconf 81' lang='grc' dir='ltr'>αὑτοῦ</span> <span class='ocrx_word' id='word_1_196' title='bbox 3411 1078 3425 1094; x_wconf 70' lang='grc' dir='ltr'><strong>ο</strong></span> <span class='ocrx_word' id='word_1_197' title='bbox 3454 1065 3548 1117; x_wconf 75' lang='grc' dir='ltr'>καὶ</span> <span class='ocrx_word' id='word_1_198' title='bbox 3569 1056 3728 1136; x_wconf 80' lang='grc' dir='ltr'>εῦρεν</span> 
     </span>
    </p>
   </div>
   <div class='ocr_carea' id='block_1_28' title="bbox 2140 1154 3727 1231">
    <p class='ocr_par' dir='ltr' id='par_1_28' title="bbox 2140 1154 3727 1231">
     <span class='ocr_line' id='line_1_28' title="bbox 2140 1154 3727 1231; baseline -0.001 -19"><span class='ocrx_word' id='word_1_199' title='bbox 2140 1157 2223 1212; x_wconf 81' lang='grc' dir='ltr'>ὅτι</span> <span class='ocrx_word' id='word_1_200' title='bbox 2246 1176 2292 1212; x_wconf 89' lang='grc' dir='ltr'><strong>ω</strong></span> <span class='ocrx_word' id='word_1_201' title='bbox 2331 1157 2494 1212; x_wconf 79' lang='grc' dir='ltr'>ἔϐαλε</span> <span class='ocrx_word' id='word_1_202' title='bbox 2534 1161 2694 1231; x_wconf 89' lang='grc' dir='ltr'>χεῖρα</span> <span class='ocrx_word' id='word_1_203' title='bbox 2720 1159 2894 1212; x_wconf 83' lang='grc' dir='ltr'>ποιεῖν</span> <span class='ocrx_word' id='word_1_204' title='bbox 2909 1159 2956 1190; x_wconf 77' lang='grc'><strong>⁸³</strong></span> <span class='ocrx_word' id='word_1_205' title='bbox 2977 1174 2993 1188; x_wconf 86' lang='grc'><strong>·</strong></span> <span class='ocrx_word' id='word_1_206' title='bbox 3025 1157 3118 1210; x_wconf 77' lang='grc' dir='ltr'>καὶ</span> <span class='ocrx_word' id='word_1_207' title='bbox 3139 1154 3382 1221; x_wconf 81' lang='grc' dir='ltr'>ἀκούσας</span> <span class='ocrx_word' id='word_1_208' title='bbox 3410 1155 3506 1210; x_wconf 84' lang='grc' dir='ltr'><strong>τοῦ</strong></span> <span class='ocrx_word' id='word_1_209' title='bbox 3532 1158 3727 1230; x_wconf 85' lang='grc' dir='ltr'>γέρον-</span> 
     </span>
    </p>
   </div>
   <div class='ocr_carea' id='block_1_29' title="bbox 2139 1248 3732 1322">
    <p class='ocr_par' dir='ltr' id='par_1_29' title="bbox 2139 1248 3732 1322">
     <span class='ocr_line' id='line_1_29' title="bbox 2139 1248 3732 1322; baseline -0.001 -18"><span class='ocrx_word' id='word_1_210' title='bbox 2139 1267 2251 1314; x_wconf 82' lang='grc' dir='ltr'>τος,</span> <span class='ocrx_word' id='word_1_211' title='bbox 2279 1251 2382 1304; x_wconf 85' lang='grc' dir='ltr'>οὐκ</span> <span class='ocrx_word' id='word_1_212' title='bbox 2425 1249 2658 1322; x_wconf 78' lang='grc' dir='ltr'>έστρεψε</span> <span class='ocrx_word' id='word_1_213' title='bbox 2718 1249 2804 1304; x_wconf 73' lang='grc' dir='ltr'>τὸν</span> <span class='ocrx_word' id='word_1_214' title='bbox 2856 1248 3103 1320; x_wconf 87' lang='grc' dir='ltr'>κάλαμον</span> <span class='ocrx_word' id='word_1_215' title='bbox 3129 1248 3418 1321; x_wconf 81' lang='grc' dir='ltr'>πληρῶσαι</span> <span class='ocrx_word' id='word_1_216' title='bbox 3453 1251 3606 1305; x_wconf 80' lang='grc' dir='ltr'>αὐτό.</span> <span class='ocrx_word' id='word_1_217' title='bbox 3633 1250 3732 1304; x_wconf 78' lang='grc' dir='ltr'><strong>Δέο</strong></span> 
     </span>
    </p>
   </div>
   <div class='ocr_carea' id='block_1_30' title="bbox 2139 1334 3726 1411">
    <p class='ocr_par' dir='ltr' id='par_1_30' title="bbox 2139 1334 3726 1411">
     <span class='ocr_line' id='line_1_30' title="bbox 2139 1334 3726 1411; baseline 0.001 -19"><span class='ocrx_word' id='word_1_218' title='bbox 2139 1355 2327 1406; x_wconf 89' lang='grc' dir='ltr'>γουσιν</span> <span class='ocrx_word' id='word_1_219' title='bbox 2359 1334 2452 1393; x_wconf 80' lang='grc' dir='ltr'>οὖν</span> <span class='ocrx_word' id='word_1_220' title='bbox 2482 1340 2535 1392; x_wconf 90' lang='lat' dir='ltr'><strong>ol</strong></span> <span class='ocrx_word' id='word_1_221' title='bbox 2561 1339 2843 1410; x_wconf 70' lang='grc' dir='ltr'>γέροντεςο</span> <span class='ocrx_word' id='word_1_222' title='bbox 2877 1341 3086 1404; x_wconf 82' lang='grc' dir='ltr'><strong>Ὄντως</strong></span> <span class='ocrx_word' id='word_1_223' title='bbox 3108 1336 3170 1392; x_wconf 76' lang='grc' dir='ltr'>ὃν</span> <span class='ocrx_word' id='word_1_224' title='bbox 3203 1340 3268 1392; x_wconf 83' lang='grc' dir='ltr'>σὺ</span> <span class='ocrx_word' id='word_1_225' title='bbox 3296 1341 3538 1411; x_wconf 81' lang='grc' dir='ltr'>ἀγαπᾷς.</span> <span class='ocrx_word' id='word_1_226' title='bbox 3557 1339 3726 1407; x_wconf 71' lang='grc' dir='ltr'><strong>άὸσᾶ,</strong></span> 
     </span>
    </p>
   </div>
   <div class='ocr_carea' id='block_1_31' title="bbox 2139 1430 3730 1503">
    <p class='ocr_par' dir='ltr' id='par_1_31' title="bbox 2139 1430 3730 1503">
     <span class='ocr_line' id='line_1_31' title="bbox 2139 1430 3730 1503; baseline 0.001 -18"><span class='ocrx_word' id='word_1_227' title='bbox 2139 1432 2237 1486; x_wconf 75' lang='grc' dir='ltr'>καὶ</span> <span class='ocrx_word' id='word_1_228' title='bbox 2282 1433 2448 1503; x_wconf 81' lang='grc' dir='ltr'>ἡμεῖς</span> <span class='ocrx_word' id='word_1_229' title='bbox 2482 1430 2644 1486; x_wconf 78' lang='grc' dir='ltr'>αὐτὸν</span> <span class='ocrx_word' id='word_1_230' title='bbox 2659 1430 2707 1464; x_wconf 72' lang='grc'><strong>’⁸</strong></span> <span class='ocrx_word' id='word_1_231' title='bbox 2758 1430 3090 1500; x_wconf 80' lang='grc' dir='ltr'><strong>ἀγαπῶμεν,</strong></span> <span class='ocrx_word' id='word_1_232' title='bbox 3127 1430 3222 1485; x_wconf 71' lang='grc' dir='ltr'>καὶ</span> <span class='ocrx_word' id='word_1_233' title='bbox 3237 1431 3284 1471; x_wconf 69' lang='grc'><strong>³⁷</strong></span> <span class='ocrx_word' id='word_1_234' title='bbox 3318 1432 3346 1484; x_wconf 94' lang='lat'><strong>6</strong></span> <span class='ocrx_word' id='word_1_235' title='bbox 3376 1430 3510 1494; x_wconf 79' lang='grc' dir='ltr'><strong>Θεὸς</strong></span> <span class='ocrx_word' id='word_1_236' title='bbox 3561 1431 3730 1486; x_wconf 79' lang='grc' dir='ltr'>αὑτὸν</span> 
     </span>
    </p>
   </div>
   <div class='ocr_carea' id='block_1_32' title="bbox 2139 1523 2351 1595">
    <p class='ocr_par' dir='ltr' id='par_1_32' title="bbox 2139 1523 2351 1595">
     <span class='ocr_line' id='line_1_32' title="bbox 2139 1523 2351 1595; baseline 0.009 -19"><span class='ocrx_word' id='word_1_237' title='bbox 2139 1523 2351 1595; x_wconf 78' lang='grc' dir='ltr'>ἀγαπᾷ.</span> 
     </span>
    </p>
   </div>
   <div class='ocr_carea' id='block_1_33' title="bbox 2213 1611 3730 1686">
    <p class='ocr_par' dir='ltr' id='par_1_33' title="bbox 2213 1611 3730 1686">
     <span class='ocr_line' id='line_1_33' title="bbox 2213 1611 3730 1686; baseline -0.001 -18"><span class='ocrx_word' id='word_1_238' title='bbox 2213 1612 2279 1685; x_wconf 85' lang='grc' dir='ltr'><strong>β’.</strong></span> <span class='ocrx_word' id='word_1_239' title='bbox 2332 1613 2561 1684; x_wconf 83' lang='grc' dir='ltr'>Ἔλεγον</span> <span class='ocrx_word' id='word_1_240' title='bbox 2606 1613 2734 1686; x_wconf 77' lang='grc' dir='ltr'>περὶ</span> <span class='ocrx_word' id='word_1_241' title='bbox 2783 1611 2878 1666; x_wconf 88' lang='grc' dir='ltr'><strong>τοῦ</strong></span> <span class='ocrx_word' id='word_1_242' title='bbox 2925 1611 3071 1666; x_wconf 72' lang='lat' dir='ltr'><strong>assa</strong></span> <span class='ocrx_word' id='word_1_243' title='bbox 3111 1611 3433 1678; x_wconf 81' lang='grc' dir='ltr'>Σιλουανοῦ,</span> <span class='ocrx_word' id='word_1_244' title='bbox 3473 1613 3557 1667; x_wconf 84' lang='grc' dir='ltr'>ὅτι</span> <span class='ocrx_word' id='word_1_245' title='bbox 3597 1613 3730 1668; x_wconf 73' lang='grc' dir='ltr'>ποτὶ</span> 
     </span>
    </p>
   </div>
   <div class='ocr_carea' id='block_1_34' title="bbox 449 1701 2045 1778">
    <p class='ocr_par' dir='ltr' id='par_1_34' title="bbox 449 1701 2036 1771">
     <span class='ocr_line' id='line_1_34' title="bbox 449 1701 2036 1771; baseline 0.003 -17"><span class='ocrx_word' id='word_1_246' title='bbox 449 1701 747 1771; x_wconf 82' lang='lat' dir='ltr'><strong>aliquando</strong></span> <span class='ocrx_word' id='word_1_247' title='bbox 783 1703 837 1756; x_wconf 93' lang='lat' dir='ltr'><strong>in</strong></span> <span class='ocrx_word' id='word_1_248' title='bbox 872 1701 1019 1758; x_wconf 90' lang='lat' dir='ltr'><strong>Sceti</strong></span> <span class='ocrx_word' id='word_1_249' title='bbox 1050 1703 1339 1758; x_wconf 87' lang='lat' dir='ltr'><strong>ambulans</strong></span> <span class='ocrx_word' id='word_1_250' title='bbox 1370 1718 1496 1758; x_wconf 93' lang='lat' dir='ltr'><strong>cum</strong></span> <span class='ocrx_word' id='word_1_251' title='bbox 1527 1704 1774 1769; x_wconf 88' lang='lat' dir='ltr'><strong>senibus,</strong></span> <span class='ocrx_word' id='word_1_252' title='bbox 1816 1705 2036 1759; x_wconf 90' lang='lat' dir='ltr'><strong>volens-</strong></span> 
     </span>
    </p>
   </div>
   <div class='ocr_carea' id='block_1_35' title="bbox 2152 1701 3728 1778">
    <p class='ocr_par' dir='ltr' id='par_1_35' title="bbox 2152 1703 3728 1778">
     <span class='ocr_line' id='line_1_35' title="bbox 2152 1703 3728 1778; baseline 0.001 -19"><span class='ocrx_word' id='word_1_253' title='bbox 2152 1705 2458 1778; x_wconf 74' lang='grc' dir='ltr'>περιπατῶν</span> <span class='ocrx_word' id='word_1_254' title='bbox 2498 1707 2556 1760; x_wconf 87' lang='grc' dir='ltr'><strong>ἐν</strong></span> <span class='ocrx_word' id='word_1_255' title='bbox 2604 1709 2670 1778; x_wconf 80' lang='grc' dir='ltr'><strong>τῇ</strong></span> <span class='ocrx_word' id='word_1_256' title='bbox 2704 1707 2902 1776; x_wconf 88' lang='grc' dir='ltr'>Σκήτει</span> <span class='ocrx_word' id='word_1_257' title='bbox 2938 1705 3078 1776; x_wconf 85' lang='grc' dir='ltr'>μετὰ</span> <span class='ocrx_word' id='word_1_258' title='bbox 3122 1703 3233 1759; x_wconf 84' lang='grc' dir='ltr'><strong>τῶν</strong></span> <span class='ocrx_word' id='word_1_259' title='bbox 3274 1707 3578 1777; x_wconf 85' lang='grc' dir='ltr'><strong>γερόντων,</strong></span> <span class='ocrx_word' id='word_1_260' title='bbox 3628 1707 3728 1761; x_wconf 64' lang='grc' dir='ltr'><strong>καὶ⁵</strong></span> 
     </span>
    </p>
   </div>
   <div class='ocr_carea' id='block_1_36' title="bbox 447 1792 2032 1864">
    <p class='ocr_par' dir='ltr' id='par_1_36' title="bbox 447 1792 2032 1864">
     <span class='ocr_line' id='line_1_36' title="bbox 447 1792 2032 1864; baseline 0.003 -18"><span class='ocrx_word' id='word_1_261' title='bbox 447 1806 556 1863; x_wconf 91' lang='lat' dir='ltr'><strong>que</strong></span> <span class='ocrx_word' id='word_1_262' title='bbox 587 1793 654 1848; x_wconf 88' lang='lat' dir='ltr'><strong>iis</strong></span> <span class='ocrx_word' id='word_1_263' title='bbox 677 1792 934 1864; x_wconf 87' lang='lat' dir='ltr'><strong>discipuli</strong></span> <span class='ocrx_word' id='word_1_264' title='bbox 981 1794 1069 1849; x_wconf 86' lang='lat' dir='ltr'><strong>sui</strong></span> <span class='ocrx_word' id='word_1_265' title='bbox 1111 1793 1278 1848; x_wconf 80' lang='lat' dir='ltr'><strong>Marci</strong></span> <span class='ocrx_word' id='word_1_266' title='bbox 1315 1793 1679 1850; x_wconf 90' lang='lat' dir='ltr'><strong>obedientiam</strong></span> <span class='ocrx_word' id='word_1_267' title='bbox 1717 1795 2032 1860; x_wconf 90' lang='lat' dir='ltr'><strong>ostendere,</strong></span> 
     </span>
    </p>
   </div>
   <div class='ocr_carea' id='block_1_37' title="bbox 448 1885 2039 1958">
    <p class='ocr_par' dir='ltr' id='par_1_37' title="bbox 448 1885 2039 1958">
     <span class='ocr_line' id='line_1_37' title="bbox 448 1885 2039 1958; baseline 0.001 -19"><span class='ocrx_word' id='word_1_268' title='bbox 448 1899 516 1942; x_wconf 87' lang='lat' dir='ltr'><strong>ac</strong></span> <span class='ocrx_word' id='word_1_269' title='bbox 576 1894 800 1956; x_wconf 92' lang='lat' dir='ltr'><strong>propter</strong></span> <span class='ocrx_word' id='word_1_270' title='bbox 821 1885 955 1956; x_wconf 91' lang='lat' dir='ltr'><strong>quid</strong></span> <span class='ocrx_word' id='word_1_271' title='bbox 1025 1886 1278 1958; x_wconf 89' lang='lat' dir='ltr'><strong>diligeret</strong></span> <span class='ocrx_word' id='word_1_272' title='bbox 1325 1902 1474 1951; x_wconf 90' lang='lat' dir='ltr'><strong>eum,</strong></span> <span class='ocrx_word' id='word_1_273' title='bbox 1520 1894 1817 1956; x_wconf 90' lang='lat' dir='ltr'><strong>conspecto</strong></span> <span class='ocrx_word' id='word_1_274' title='bbox 1870 1900 2039 1956; x_wconf 84' lang='lat' dir='ltr'><strong>parvo</strong></span> 
     </span>
    </p>
   </div>
   <div class='ocr_carea' id='block_1_38' title="bbox 449 1976 2040 2049">
    <p class='ocr_par' dir='ltr' id='par_1_38' title="bbox 449 1976 2040 2049">
     <span class='ocr_line' id='line_1_38' title="bbox 449 1976 2040 2049; baseline 0.001 -18"><span class='ocrx_word' id='word_1_275' title='bbox 449 1992 606 2048; x_wconf 77' lang='lat' dir='ltr'><strong>apro,</strong></span> <span class='ocrx_word' id='word_1_276' title='bbox 643 1977 782 2031; x_wconf 91' lang='lat' dir='ltr'><strong>dixit</strong></span> <span class='ocrx_word' id='word_1_277' title='bbox 825 1976 876 2032; x_wconf 90' lang='lat' dir='ltr'><strong>ei</strong></span> <span class='ocrx_word' id='word_1_278' title='bbox 907 1993 922 2032; x_wconf 91' lang='lat'><strong>:</strong></span> <span class='ocrx_word' id='word_1_279' title='bbox 959 1976 1194 2045; x_wconf 87' lang='lat' dir='ltr'><strong>Cernis,</strong></span> <span class='ocrx_word' id='word_1_280' title='bbox 1230 1978 1326 2043; x_wconf 85' lang='lat' dir='ltr'><strong>ﬁli,</strong></span> <span class='ocrx_word' id='word_1_281' title='bbox 1380 1993 1613 2049; x_wconf 87' lang='lat' dir='ltr'><strong>parvum</strong></span> <span class='ocrx_word' id='word_1_282' title='bbox 1666 1977 1820 2031; x_wconf 90' lang='lat' dir='ltr'><strong>illum</strong></span> <span class='ocrx_word' id='word_1_283' title='bbox 1867 1977 2040 2032; x_wconf 89' lang='lat' dir='ltr'><strong>buba-</strong></span> 
     </span>
    </p>
   </div>
   <div class='ocr_carea' id='block_1_39' title="bbox 450 2067 2039 2139">
    <p class='ocr_par' dir='ltr' id='par_1_39' title="bbox 450 2067 2039 2139">
     <span class='ocr_line' id='line_1_39' title="bbox 450 2067 2039 2139; baseline 0.001 -16"><span class='ocrx_word' id='word_1_284' title='bbox 450 2069 602 2123; x_wconf 80' lang='lat' dir='ltr'><strong>lum?</strong></span> <span class='ocrx_word' id='word_1_285' title='bbox 643 2067 994 2139; x_wconf 76' lang='lat' dir='ltr'><strong>Respondit:</strong></span> <span class='ocrx_word' id='word_1_286' title='bbox 1049 2069 1250 2132; x_wconf 87' lang='lat' dir='ltr'><strong>Etiam,</strong></span> <span class='ocrx_word' id='word_1_287' title='bbox 1305 2069 1465 2124; x_wconf 91' lang='lat' dir='ltr'><strong>abba.</strong></span> <span class='ocrx_word' id='word_1_288' title='bbox 1523 2067 1590 2124; x_wconf 85' lang='lat' dir='ltr'><strong>Et</strong></span> <span class='ocrx_word' id='word_1_289' title='bbox 1653 2081 1864 2123; x_wconf 88' lang='lat' dir='ltr'><strong>cornua</strong></span> <span class='ocrx_word' id='word_1_290' title='bbox 1917 2068 2039 2138; x_wconf 85' lang='lat' dir='ltr'><strong>ejus</strong></span> 
     </span>
    </p>
   </div>
   <div class='ocr_carea' id='block_1_40' title="bbox 447 2159 2040 2230">
    <p class='ocr_par' dir='ltr' id='par_1_40' title="bbox 447 2159 2040 2230">
     <span class='ocr_line' id='line_1_40' title="bbox 447 2159 2040 2230; baseline 0.001 -17"><span class='ocrx_word' id='word_1_291' title='bbox 447 2174 614 2230; x_wconf 91' lang='lat' dir='ltr'><strong>quam</strong></span> <span class='ocrx_word' id='word_1_292' title='bbox 659 2159 931 2230; x_wconf 85' lang='lat' dir='ltr'><strong>elegantia</strong></span> <span class='ocrx_word' id='word_1_293' title='bbox 963 2161 1131 2216; x_wconf 86' lang='lat' dir='ltr'><strong>sunt?</strong></span> <span class='ocrx_word' id='word_1_294' title='bbox 1167 2161 1300 2216; x_wconf 87' lang='lat' dir='ltr'><strong>Ait:</strong></span> <span class='ocrx_word' id='word_1_295' title='bbox 1347 2159 1466 2226; x_wconf 68' lang='lat' dir='ltr'><strong>Nae,</strong></span> <span class='ocrx_word' id='word_1_296' title='bbox 1499 2159 1660 2216; x_wconf 90' lang='lat' dir='ltr'><strong>abba.</strong></span> <span class='ocrx_word' id='word_1_297' title='bbox 1713 2159 1887 2215; x_wconf 86' lang='lat' dir='ltr'><strong>Senes</strong></span> <span class='ocrx_word' id='word_1_298' title='bbox 1909 2174 2040 2228; x_wconf 84' lang='lat' dir='ltr'><strong>ergo</strong></span> 
     </span>
    </p>
   </div>
   <div class='ocr_carea' id='block_1_41' title="bbox 449 2251 2038 2324">
    <p class='ocr_par' dir='ltr' id='par_1_41' title="bbox 449 2251 2038 2324">
     <span class='ocr_line' id='line_1_41' title="bbox 449 2251 2038 2324; baseline 0 -18"><span class='ocrx_word' id='word_1_299' title='bbox 449 2251 704 2306; x_wconf 89' lang='lat' dir='ltr'><strong>demirati</strong></span> <span class='ocrx_word' id='word_1_300' title='bbox 738 2259 868 2307; x_wconf 87' lang='lat' dir='ltr'><strong>sunt</strong></span> <span class='ocrx_word' id='word_1_301' title='bbox 897 2266 1226 2324; x_wconf 88' lang='lat' dir='ltr'><strong>responsum</strong></span> <span class='ocrx_word' id='word_1_302' title='bbox 1253 2253 1396 2323; x_wconf 89' lang='lat' dir='ltr'><strong>ejus,</strong></span> <span class='ocrx_word' id='word_1_303' title='bbox 1424 2260 1480 2308; x_wconf 90' lang='lat' dir='ltr'><strong>et</strong></span> <span class='ocrx_word' id='word_1_304' title='bbox 1506 2251 1762 2308; x_wconf 69' lang='lat' dir='ltr'><strong>aediﬁcati</strong></span> <span class='ocrx_word' id='word_1_305' title='bbox 1792 2258 1924 2309; x_wconf 86' lang='lat' dir='ltr'><strong>sunt</strong></span> <span class='ocrx_word' id='word_1_306' title='bbox 1953 2252 2038 2306; x_wconf 88' lang='lat' dir='ltr'><strong>in-</strong></span> 
     </span>
    </p>
   </div>
   <div class='ocr_carea' id='block_1_42' title="bbox 449 2343 1520 2412">
    <p class='ocr_par' dir='ltr' id='par_1_42' title="bbox 449 2343 1520 2412">
     <span class='ocr_line' id='line_1_42' title="bbox 449 2343 1520 2412; baseline -0.001 -13"><span class='ocrx_word' id='word_1_307' title='bbox 449 2343 754 2412; x_wconf 85' lang='lat' dir='ltr'><strong>structique</strong></span> <span class='ocrx_word' id='word_1_308' title='bbox 783 2344 856 2398; x_wconf 80' lang='lat' dir='ltr'><strong>ob</strong></span> <span class='ocrx_word' id='word_1_309' title='bbox 887 2352 1094 2399; x_wconf 89' lang='lat' dir='ltr'><strong>tantam</strong></span> <span class='ocrx_word' id='word_1_310' title='bbox 1126 2345 1520 2400; x_wconf 87' lang='lat' dir='ltr'><strong>obedientiam.</strong></span> 
     </span>
    </p>
   </div>
   <div class='ocr_carea' id='block_1_43' title="bbox 519 2432 2042 2504">
    <p class='ocr_par' dir='ltr' id='par_1_43' title="bbox 519 2432 2042 2504">
     <span class='ocr_line' id='line_1_43' title="bbox 519 2432 2042 2504; baseline 0.003 -17"><span class='ocrx_word' id='word_1_311' title='bbox 519 2432 574 2488; x_wconf 73' lang='grc' dir='ltr'>ὅ.</span> <span class='ocrx_word' id='word_1_312' title='bbox 618 2433 730 2502; x_wconf 71' lang='grc'><strong>(45)</strong></span> <span class='ocrx_word' id='word_1_313' title='bbox 769 2432 930 2488; x_wconf 85' lang='lat' dir='ltr'><strong>Venit</strong></span> <span class='ocrx_word' id='word_1_314' title='bbox 979 2434 1280 2504; x_wconf 87' lang='lat' dir='ltr'><strong>aliquando</strong></span> <span class='ocrx_word' id='word_1_315' title='bbox 1313 2449 1440 2488; x_wconf 92' lang='lat' dir='ltr'><strong>cum</strong></span> <span class='ocrx_word' id='word_1_316' title='bbox 1493 2448 1694 2504; x_wconf 87' lang='lat' dir='ltr'><strong>magno</strong></span> <span class='ocrx_word' id='word_1_317' title='bbox 1741 2435 2042 2491; x_wconf 86' lang='lat' dir='ltr'><strong>comitatus</strong></span> 
     </span>
    </p>
   </div>
   <div class='ocr_carea' id='block_1_44' title="bbox 451 2524 2041 2595">
    <p class='ocr_par' dir='ltr' id='par_1_44' title="bbox 451 2524 2041 2595">
     <span class='ocr_line' id='line_1_44' title="bbox 451 2524 2041 2595; baseline 0.002 -17"><span class='ocrx_word' id='word_1_318' title='bbox 451 2534 746 2595; x_wconf 91' lang='lat' dir='ltr'><strong>apparatu,</strong></span> <span class='ocrx_word' id='word_1_319' title='bbox 771 2533 946 2579; x_wconf 89' lang='lat' dir='ltr'><strong>mater</strong></span> <span class='ocrx_word' id='word_1_320' title='bbox 967 2525 1184 2580; x_wconf 85' lang='lat' dir='ltr'><strong>abbatis</strong></span> <span class='ocrx_word' id='word_1_321' title='bbox 1223 2524 1417 2590; x_wconf 80' lang='lat' dir='ltr'><strong>Marci,</strong></span> <span class='ocrx_word' id='word_1_322' title='bbox 1454 2532 1514 2580; x_wconf 89' lang='lat' dir='ltr'><strong>ut</strong></span> <span class='ocrx_word' id='word_1_323' title='bbox 1543 2526 1751 2582; x_wconf 79' lang='lat' dir='ltr'><strong>videret</strong></span> <span class='ocrx_word' id='word_1_324' title='bbox 1779 2541 1903 2582; x_wconf 90' lang='lat' dir='ltr'><strong>eum</strong></span> <span class='ocrx_word' id='word_1_325' title='bbox 1928 2545 1943 2583; x_wconf 91' lang='lat'><strong>:</strong></span> <span class='ocrx_word' id='word_1_326' title='bbox 1972 2528 2041 2581; x_wconf 86' lang='lat' dir='ltr'><strong>ad</strong></span> 
     </span>
    </p>
   </div>
   <div class='ocr_carea' id='block_1_45' title="bbox 453 2616 2043 2689">
    <p class='ocr_par' dir='ltr' id='par_1_45' title="bbox 453 2616 2043 2689">
     <span class='ocr_line' id='line_1_45' title="bbox 453 2616 2043 2689; baseline 0.001 -17"><span class='ocrx_word' id='word_1_327' title='bbox 453 2631 624 2688; x_wconf 88' lang='lat' dir='ltr'><strong>quam</strong></span> <span class='ocrx_word' id='word_1_328' title='bbox 658 2631 784 2671; x_wconf 91' lang='lat' dir='ltr'><strong>cum</strong></span> <span class='ocrx_word' id='word_1_329' title='bbox 816 2616 1044 2673; x_wconf 86' lang='lat' dir='ltr'><strong>exiisset</strong></span> <span class='ocrx_word' id='word_1_330' title='bbox 1072 2631 1260 2684; x_wconf 83' lang='lat' dir='ltr'><strong>senex,</strong></span> <span class='ocrx_word' id='word_1_331' title='bbox 1299 2618 1390 2672; x_wconf 89' lang='lat' dir='ltr'><strong>illa</strong></span> <span class='ocrx_word' id='word_1_332' title='bbox 1417 2617 1556 2672; x_wconf 80' lang='lat' dir='ltr'><strong>dixit</strong></span> <span class='ocrx_word' id='word_1_333' title='bbox 1584 2637 1598 2673; x_wconf 91' lang='lat'><strong>:</strong></span> <span class='ocrx_word' id='word_1_334' title='bbox 1625 2617 1798 2685; x_wconf 76' lang='lat' dir='ltr'><strong>Abba,</strong></span> <span class='ocrx_word' id='word_1_335' title='bbox 1831 2618 1963 2689; x_wconf 89' lang='lat' dir='ltr'><strong>jube</strong></span> <span class='ocrx_word' id='word_1_336' title='bbox 1983 2626 2043 2674; x_wconf 87' lang='lat' dir='ltr'><strong>ut</strong></span> 
     </span>
    </p>
   </div>
   <div class='ocr_carea' id='block_1_46' title="bbox 453 2710 2043 2784">
    <p class='ocr_par' dir='ltr' id='par_1_46' title="bbox 453 2710 2043 2784">
     <span class='ocr_line' id='line_1_46' title="bbox 453 2710 2043 2784; baseline 0.003 -20"><span class='ocrx_word' id='word_1_337' title='bbox 453 2711 602 2767; x_wconf 79' lang='lat' dir='ltr'><strong>ﬁlius</strong></span> <span class='ocrx_word' id='word_1_338' title='bbox 655 2725 810 2768; x_wconf 90' lang='lat' dir='ltr'><strong>meus</strong></span> <span class='ocrx_word' id='word_1_339' title='bbox 861 2710 1194 2784; x_wconf 90' lang='lat' dir='ltr'><strong>egrediatur,</strong></span> <span class='ocrx_word' id='word_1_340' title='bbox 1231 2726 1340 2782; x_wconf 94' lang='lat' dir='ltr'><strong>quo</strong></span> <span class='ocrx_word' id='word_1_341' title='bbox 1373 2712 1584 2768; x_wconf 86' lang='lat' dir='ltr'><strong>videam</strong></span> <span class='ocrx_word' id='word_1_342' title='bbox 1636 2728 1783 2768; x_wconf 91' lang='lat' dir='ltr'><strong>eum.</strong></span> <span class='ocrx_word' id='word_1_343' title='bbox 1828 2711 2043 2770; x_wconf 86' lang='lat' dir='ltr'><strong>lntrans</strong></span> 
     </span>
    </p>
   </div>
   <div class='ocr_carea' id='block_1_47' title="bbox 454 2803 2044 2877">
    <p class='ocr_par' dir='ltr' id='par_1_47' title="bbox 454 2803 2044 2877">
     <span class='ocr_line' id='line_1_47' title="bbox 454 2803 2044 2877; baseline 0.001 -19"><span class='ocrx_word' id='word_1_344' title='bbox 454 2811 641 2858; x_wconf 82' lang='lat' dir='ltr'><strong>autem</strong></span> <span class='ocrx_word' id='word_1_345' title='bbox 693 2818 884 2868; x_wconf 80' lang='lat' dir='ltr'><strong>senex,</strong></span> <span class='ocrx_word' id='word_1_346' title='bbox 919 2805 995 2858; x_wconf 90' lang='lat' dir='ltr'><strong>ait</strong></span> <span class='ocrx_word' id='word_1_347' title='bbox 1043 2803 1263 2859; x_wconf 88' lang='lat' dir='ltr'><strong>Marco:</strong></span> <span class='ocrx_word' id='word_1_348' title='bbox 1313 2803 1502 2870; x_wconf 90' lang='lat' dir='ltr'><strong>Prodi,</strong></span> <span class='ocrx_word' id='word_1_349' title='bbox 1547 2812 1607 2859; x_wconf 93' lang='lat' dir='ltr'><strong>ut</strong></span> <span class='ocrx_word' id='word_1_350' title='bbox 1637 2812 1692 2861; x_wconf 90' lang='lat' dir='ltr'><strong>te</strong></span> <span class='ocrx_word' id='word_1_351' title='bbox 1738 2806 2044 2877; x_wconf 86' lang='lat' dir='ltr'><strong>conspiciat</strong></span> 
     </span>
    </p>
   </div>
   <div class='ocr_carea' id='block_1_48' title="bbox 453 2896 2044 2968">
    <p class='ocr_par' dir='ltr' id='par_1_48' title="bbox 453 2896 2044 2968">
     <span class='ocr_line' id='line_1_48' title="bbox 453 2896 2044 2968; baseline 0.001 -16"><span class='ocrx_word' id='word_1_352' title='bbox 453 2907 630 2952; x_wconf 83' lang='lat' dir='ltr'><strong>mater</strong></span> <span class='ocrx_word' id='word_1_353' title='bbox 661 2904 777 2952; x_wconf 89' lang='lat' dir='ltr'><strong>tua.</strong></span> <span class='ocrx_word' id='word_1_354' title='bbox 809 2896 1069 2953; x_wconf 83' lang='lat' dir='ltr'><strong>Gestabat</strong></span> <span class='ocrx_word' id='word_1_355' title='bbox 1098 2907 1282 2954; x_wconf 89' lang='lat' dir='ltr'><strong>autem</strong></span> <span class='ocrx_word' id='word_1_356' title='bbox 1331 2905 1541 2956; x_wconf 88' lang='lat' dir='ltr'><strong>vestem</strong></span> <span class='ocrx_word' id='word_1_357' title='bbox 1585 2913 1617 2955; x_wconf 95' lang='lat' dir='ltr'><strong>e</strong></span> <span class='ocrx_word' id='word_1_358' title='bbox 1649 2899 1819 2954; x_wconf 86' lang='lat' dir='ltr'><strong>variis</strong></span> <span class='ocrx_word' id='word_1_359' title='bbox 1873 2897 2044 2968; x_wconf 88' lang='lat' dir='ltr'><strong>panni</strong></span> 
     </span>
    </p>
   </div>
   <div class='ocr_carea' id='block_1_49' title="bbox 453 2987 2047 3061">
    <p class='ocr_par' dir='ltr' id='par_1_49' title="bbox 453 2987 2047 3061">
     <span class='ocr_line' id='line_1_49' title="bbox 453 2987 2047 3061; baseline -0.001 -19"><span class='ocrx_word' id='word_1_360' title='bbox 453 2989 751 3060; x_wconf 85' lang='lat' dir='ltr'><strong>segmentis</strong></span> <span class='ocrx_word' id='word_1_361' title='bbox 779 2999 1092 3054; x_wconf 86' lang='lat' dir='ltr'><strong>consutam,</strong></span> <span class='ocrx_word' id='word_1_362' title='bbox 1119 2999 1352 3061; x_wconf 88' lang='lat' dir='ltr'><strong>eratque</strong></span> <span class='ocrx_word' id='word_1_363' title='bbox 1392 2987 1621 3061; x_wconf 77' lang='lat' dir='ltr'><strong>fuligine</strong></span> <span class='ocrx_word' id='word_1_364' title='bbox 1655 2989 1904 3060; x_wconf 79' lang='lat' dir='ltr'><strong>coquinae</strong></span> <span class='ocrx_word' id='word_1_365' title='bbox 1925 2989 2047 3042; x_wconf 88' lang='lat' dir='ltr'><strong>tin-</strong></span> 
     </span>
    </p>
   </div>
   <div class='ocr_carea' id='block_1_50' title="bbox 2141 1796 3732 1870">
    <p class='ocr_par' dir='ltr' id='par_1_50' title="bbox 2141 1796 3732 1870">
     <span class='ocr_line' id='line_1_50' title="bbox 2141 1796 3732 1870; baseline 0 -18"><span class='ocrx_word' id='word_1_366' title='bbox 2141 1797 2308 1852; x_wconf 83' lang='grc' dir='ltr'>θέλων</span> <span class='ocrx_word' id='word_1_367' title='bbox 2341 1797 2524 1862; x_wconf 82' lang='grc' dir='ltr'>αὐτοῖς</span> <span class='ocrx_word' id='word_1_368' title='bbox 2556 1798 2656 1868; x_wconf 79' lang='grc' dir='ltr'>τὴν</span> <span class='ocrx_word' id='word_1_369' title='bbox 2689 1798 2938 1869; x_wconf 83' lang='grc' dir='ltr'>ὑπακοὴν</span> <span class='ocrx_word' id='word_1_370' title='bbox 2962 1797 3058 1852; x_wconf 75' lang='grc' dir='ltr'><strong>τοῦ</strong></span> <span class='ocrx_word' id='word_1_371' title='bbox 3091 1796 3338 1869; x_wconf 80' lang='grc' dir='ltr'><strong>μαθητοῦ</strong></span> <span class='ocrx_word' id='word_1_372' title='bbox 3373 1797 3540 1852; x_wconf 81' lang='grc' dir='ltr'>αὐτοῦ</span> <span class='ocrx_word' id='word_1_373' title='bbox 3571 1799 3732 1870; x_wconf 84' lang='grc' dir='ltr'>Μάρ-</span> 
     </span>
    </p>
   </div>
   <div class='ocr_carea' id='block_1_51' title="bbox 2140 1887 3730 1961">
    <p class='ocr_par' dir='ltr' id='par_1_51' title="bbox 2140 1887 3730 1961">
     <span class='ocr_line' id='line_1_51' title="bbox 2140 1887 3730 1961; baseline 0.001 -19"><span class='ocrx_word' id='word_1_374' title='bbox 2140 1905 2236 1942; x_wconf 91' lang='grc' dir='ltr'><strong>κου</strong></span> <span class='ocrx_word' id='word_1_375' title='bbox 2263 1887 2456 1956; x_wconf 81' lang='grc' dir='ltr'>δεῖξαι,</span> <span class='ocrx_word' id='word_1_376' title='bbox 2485 1889 2580 1943; x_wconf 73' lang='grc' dir='ltr'>καὶ</span> <span class='ocrx_word' id='word_1_377' title='bbox 2607 1888 2674 1942; x_wconf 88' lang='grc' dir='ltr'>δι’</span> <span class='ocrx_word' id='word_1_378' title='bbox 2704 1889 2733 1942; x_wconf 81' lang='lat'><strong>6</strong></span> <span class='ocrx_word' id='word_1_379' title='bbox 2762 1890 2952 1961; x_wconf 80' lang='grc' dir='ltr'>ἀγαπᾷ</span> <span class='ocrx_word' id='word_1_380' title='bbox 2991 1889 3178 1953; x_wconf 80' lang='grc' dir='ltr'>αὐτὸν,</span> <span class='ocrx_word' id='word_1_381' title='bbox 3215 1888 3499 1961; x_wconf 85' lang='grc' dir='ltr'>θεωρήσας</span> <span class='ocrx_word' id='word_1_382' title='bbox 3530 1890 3730 1961; x_wconf 82' lang='grc' dir='ltr'>μικρὸν</span> 
     </span>
    </p>
   </div>
   <div class='ocr_carea' id='block_1_52' title="bbox 2141 1981 3729 2055">
    <p class='ocr_par' dir='ltr' id='par_1_52' title="bbox 2141 1981 3729 2055">
     <span class='ocr_line' id='line_1_52' title="bbox 2141 1981 3729 2055; baseline 0 -20"><span class='ocrx_word' id='word_1_383' title='bbox 2141 1981 2399 2055; x_wconf 81' lang='grc' dir='ltr'>σύαγρον,</span> <span class='ocrx_word' id='word_1_384' title='bbox 2432 1981 2583 2052; x_wconf 88' lang='grc' dir='ltr'>λέγει</span> <span class='ocrx_word' id='word_1_385' title='bbox 2621 1981 2800 2054; x_wconf 79' lang='grc' dir='ltr'>αὐτῷ·</span> <span class='ocrx_word' id='word_1_386' title='bbox 2844 1983 3082 2054; x_wconf 79' lang='grc' dir='ltr'>Θεωρεῖς</span> <span class='ocrx_word' id='word_1_387' title='bbox 3121 1982 3183 2036; x_wconf 85' lang='grc' dir='ltr'>τὸ</span> <span class='ocrx_word' id='word_1_388' title='bbox 3224 1982 3418 2052; x_wconf 81' lang='grc' dir='ltr'>μικρὸν</span> <span class='ocrx_word' id='word_1_389' title='bbox 3447 1981 3729 2052; x_wconf 76' lang='grc' dir='ltr'>βουϐάλων</span> 
     </span>
    </p>
   </div>
   <div class='ocr_carea' id='block_1_53' title="bbox 2141 2074 3731 2147">
    <p class='ocr_par' dir='ltr' id='par_1_53' title="bbox 2141 2074 3731 2147">
     <span class='ocr_line' id='line_1_53' title="bbox 2141 2074 3731 2147; baseline 0.001 -20"><span class='ocrx_word' id='word_1_390' title='bbox 2141 2077 2340 2140; x_wconf 88' lang='grc' dir='ltr'>ἐκεῖνο,</span> <span class='ocrx_word' id='word_1_391' title='bbox 2398 2075 2630 2140; x_wconf 86' lang='grc' dir='ltr'>τέκνον;</span> <span class='ocrx_word' id='word_1_392' title='bbox 2678 2074 2844 2144; x_wconf 82' lang='grc' dir='ltr'>Λέγει</span> <span class='ocrx_word' id='word_1_393' title='bbox 2902 2075 3090 2147; x_wconf 76' lang='grc' dir='ltr'>αὐτῷ·</span> <span class='ocrx_word' id='word_1_394' title='bbox 3140 2074 3270 2140; x_wconf 85' lang='lat' dir='ltr'><strong>Nal,</strong></span> <span class='ocrx_word' id='word_1_395' title='bbox 3301 2074 3466 2130; x_wconf 70' lang='grc' dir='ltr'>εσσε.</span> <span class='ocrx_word' id='word_1_396' title='bbox 3503 2075 3611 2130; x_wconf 81' lang='grc' dir='ltr'><strong>Καὶ</strong></span> <span class='ocrx_word' id='word_1_397' title='bbox 3658 2075 3731 2129; x_wconf 78' lang='grc' dir='ltr'>τὰ</span> 
     </span>
    </p>
   </div>
   <div class='ocr_carea' id='block_1_54' title="bbox 2140 2164 3725 2237">
    <p class='ocr_par' dir='ltr' id='par_1_54' title="bbox 2140 2164 3725 2237">
     <span class='ocr_line' id='line_1_54' title="bbox 2140 2164 3725 2237; baseline 0.003 -19"><span class='ocrx_word' id='word_1_398' title='bbox 2140 2165 2348 2237; x_wconf 87' lang='grc' dir='ltr'>κέρατα</span> <span class='ocrx_word' id='word_1_399' title='bbox 2373 2164 2540 2220; x_wconf 85' lang='grc' dir='ltr'>αὑτοῦ</span> <span class='ocrx_word' id='word_1_400' title='bbox 2577 2165 2696 2230; x_wconf 85' lang='grc' dir='ltr'>πῶς</span> <span class='ocrx_word' id='word_1_401' title='bbox 2718 2166 2927 2221; x_wconf 86' lang='grc' dir='ltr'>πιθανά</span> <span class='ocrx_word' id='word_1_402' title='bbox 2957 2168 3134 2233; x_wconf 79' lang='grc' dir='ltr'>εἰσιν;</span> <span class='ocrx_word' id='word_1_403' title='bbox 3169 2166 3371 2235; x_wconf 82' lang='grc' dir='ltr'>Λέγει·</span> <span class='ocrx_word' id='word_1_404' title='bbox 3401 2166 3529 2230; x_wconf 84' lang='lat' dir='ltr'><strong>Nal,</strong></span> <span class='ocrx_word' id='word_1_405' title='bbox 3561 2165 3725 2221; x_wconf 78' lang='grc' dir='ltr'>άὸϐᾶ.</span> 
     </span>
    </p>
   </div>
   <div class='ocr_carea' id='block_1_55' title="bbox 2141 2251 3731 2331">
    <p class='ocr_par' dir='ltr' id='par_1_55' title="bbox 2141 2251 3731 2331">
     <span class='ocr_line' id='line_1_55' title="bbox 2141 2251 3731 2331; baseline -0.001 -17"><span class='ocrx_word' id='word_1_406' title='bbox 2141 2260 2252 2314; x_wconf 88' lang='lat' dir='ltr'><strong>Kal</strong></span> <span class='ocrx_word' id='word_1_407' title='bbox 2274 2258 2596 2331; x_wconf 87' lang='grc' dir='ltr'>ἐθαύμασαν</span> <span class='ocrx_word' id='word_1_408' title='bbox 2625 2261 2675 2314; x_wconf 89' lang='lat' dir='ltr'><strong>ol</strong></span> <span class='ocrx_word' id='word_1_409' title='bbox 2697 2260 2956 2330; x_wconf 86' lang='grc' dir='ltr'>γέροντες</span> <span class='ocrx_word' id='word_1_410' title='bbox 2978 2258 3077 2331; x_wconf 77' lang='grc' dir='ltr'>τὴν</span> <span class='ocrx_word' id='word_1_411' title='bbox 3099 2258 3393 2330; x_wconf 82' lang='grc' dir='ltr'>ἀπόκρισιν</span> <span class='ocrx_word' id='word_1_412' title='bbox 3421 2251 3610 2323; x_wconf 80' lang='grc' dir='ltr'>αὑτοῦ,</span> <span class='ocrx_word' id='word_1_413' title='bbox 3635 2261 3731 2314; x_wconf 73' lang='grc' dir='ltr'><strong>καὶ</strong></span> 
     </span>
    </p>
   </div>
   <div class='ocr_carea' id='block_1_56' title="bbox 2141 2350 3220 2424">
    <p class='ocr_par' dir='ltr' id='par_1_56' title="bbox 2141 2350 3220 2424">
     <span class='ocr_line' id='line_1_56' title="bbox 2141 2350 3220 2424; baseline 0.003 -20"><span class='ocrx_word' id='word_1_414' title='bbox 2141 2350 2571 2424; x_wconf 72' lang='grc' dir='ltr'>ᾠκοδομήθησαν</span> <span class='ocrx_word' id='word_1_415' title='bbox 2599 2353 2656 2406; x_wconf 88' lang='grc' dir='ltr'><strong>ἐν</strong></span> <span class='ocrx_word' id='word_1_416' title='bbox 2689 2354 2756 2424; x_wconf 80' lang='grc' dir='ltr'>τῇ</span> <span class='ocrx_word' id='word_1_417' title='bbox 2783 2353 2996 2424; x_wconf 76' lang='grc' dir='ltr'>ὑπακοῇ</span> <span class='ocrx_word' id='word_1_418' title='bbox 3032 2350 3220 2407; x_wconf 87' lang='grc' dir='ltr'>αὐτοῦ.</span> 
     </span>
    </p>
   </div>
   <div class='ocr_carea' id='block_1_57' title="bbox 2215 2441 3730 2517">
    <p class='ocr_par' dir='ltr' id='par_1_57' title="bbox 2215 2441 3730 2517">
     <span class='ocr_line' id='line_1_57' title="bbox 2215 2441 3730 2517; baseline 0.001 -21"><span class='ocrx_word' id='word_1_419' title='bbox 2215 2449 2284 2512; x_wconf 90' lang='grc' dir='ltr'><strong>γ’.</strong></span> <span class='ocrx_word' id='word_1_420' title='bbox 2325 2442 2580 2514; x_wconf 84' lang='grc' dir='ltr'>Κατῆλθέ</span> <span class='ocrx_word' id='word_1_421' title='bbox 2625 2461 2754 2497; x_wconf 89' lang='grc' dir='ltr'>ποτε</span> <span class='ocrx_word' id='word_1_422' title='bbox 2793 2445 2827 2516; x_wconf 81' lang='grc' dir='ltr'>ἡ</span> <span class='ocrx_word' id='word_1_423' title='bbox 2883 2445 3070 2517; x_wconf 80' lang='grc' dir='ltr'><strong>μήτηρ</strong></span> <span class='ocrx_word' id='word_1_424' title='bbox 3099 2441 3194 2497; x_wconf 85' lang='grc' dir='ltr'><strong>τοῦ</strong></span> <span class='ocrx_word' id='word_1_425' title='bbox 3238 2443 3385 2497; x_wconf 74' lang='lat' dir='ltr'><strong>assa</strong></span> <span class='ocrx_word' id='word_1_426' title='bbox 3417 2445 3462 2477; x_wconf 82' lang='lat'>”</span> <span class='ocrx_word' id='word_1_427' title='bbox 3498 2443 3730 2516; x_wconf 82' lang='grc' dir='ltr'>Μάρκου</span> 
     </span>
    </p>
   </div>
   <div class='ocr_carea' id='block_1_58' title="bbox 2146 2530 3732 2607">
    <p class='ocr_par' dir='ltr' id='par_1_58' title="bbox 2146 2530 3732 2607">
     <span class='ocr_line' id='line_1_58' title="bbox 2146 2530 3732 2607; baseline -0.002 -16"><span class='ocrx_word' id='word_1_428' title='bbox 2146 2535 2276 2591; x_wconf 76' lang='grc' dir='ltr'>ἰδεῖν</span> <span class='ocrx_word' id='word_1_429' title='bbox 2305 2535 2500 2590; x_wconf 83' lang='grc' dir='ltr'>αὐτόν·</span> <span class='ocrx_word' id='word_1_430' title='bbox 2531 2535 2626 2589; x_wconf 77' lang='grc' dir='ltr'>καὶ</span> <span class='ocrx_word' id='word_1_431' title='bbox 2657 2530 2770 2606; x_wconf 71' lang='grc' dir='ltr'>εἶχε</span> <span class='ocrx_word' id='word_1_432' title='bbox 2799 2533 2998 2607; x_wconf 65' lang='grc' dir='ltr'>πολλὴν</span> <span class='ocrx_word' id='word_1_433' title='bbox 3024 2533 3342 2605; x_wconf 85' lang='grc' dir='ltr'>φαντασίαν.</span> <span class='ocrx_word' id='word_1_434' title='bbox 3372 2534 3482 2588; x_wconf 90' lang='lat' dir='ltr'><strong>Kal</strong></span> <span class='ocrx_word' id='word_1_435' title='bbox 3510 2534 3732 2606; x_wconf 80' lang='grc' dir='ltr'>ἐξῆλθεν</span> 
     </span>
    </p>
   </div>
   <div class='ocr_carea' id='block_1_59' title="bbox 2142 2623 3732 2699">
    <p class='ocr_par' dir='ltr' id='par_1_59' title="bbox 2142 2623 3732 2699">
     <span class='ocr_line' id='line_1_59' title="bbox 2142 2623 3732 2699; baseline 0 -19"><span class='ocrx_word' id='word_1_436' title='bbox 2142 2629 2171 2680; x_wconf 92' lang='lat'><strong>6</strong></span> <span class='ocrx_word' id='word_1_437' title='bbox 2201 2627 2380 2699; x_wconf 87' lang='grc' dir='ltr'>γέρων</span> <span class='ocrx_word' id='word_1_438' title='bbox 2435 2627 2566 2698; x_wconf 74' lang='grc' dir='ltr'>πρὸς</span> <span class='ocrx_word' id='word_1_439' title='bbox 2599 2628 2790 2699; x_wconf 83' lang='grc' dir='ltr'>αὑτήν,</span> <span class='ocrx_word' id='word_1_440' title='bbox 2836 2627 2949 2681; x_wconf 88' lang='lat' dir='ltr'><strong>Kal</strong></span> <span class='ocrx_word' id='word_1_441' title='bbox 2986 2623 3138 2680; x_wconf 73' lang='grc' dir='ltr'>εἶπεν</span> <span class='ocrx_word' id='word_1_442' title='bbox 3167 2625 3346 2699; x_wconf 83' lang='grc' dir='ltr'>αὐτῷ·</span> <span class='ocrx_word' id='word_1_443' title='bbox 3392 2625 3578 2690; x_wconf 81' lang='grc' dir='ltr'>Ἀδϐᾶ,</span> <span class='ocrx_word' id='word_1_444' title='bbox 3608 2625 3732 2680; x_wconf 74' lang='grc' dir='ltr'><strong>είπέ</strong></span> 
     </span>
    </p>
   </div>
   <div class='ocr_carea' id='block_1_60' title="bbox 2143 2716 3731 2790">
    <p class='ocr_par' dir='ltr' id='par_1_60' title="bbox 2143 2716 3731 2790">
     <span class='ocr_line' id='line_1_60' title="bbox 2143 2716 3731 2790; baseline -0.001 -16"><span class='ocrx_word' id='word_1_445' title='bbox 2143 2719 2236 2775; x_wconf 79' lang='grc' dir='ltr'>τὸν</span> <span class='ocrx_word' id='word_1_446' title='bbox 2265 2720 2380 2774; x_wconf 82' lang='grc' dir='ltr'>υἱόν</span> <span class='ocrx_word' id='word_1_447' title='bbox 2404 2720 2450 2754; x_wconf 77' lang='grc'><strong><em>⁸³</em></strong></span> <span class='ocrx_word' id='word_1_448' title='bbox 2479 2737 2581 2790; x_wconf 89' lang='grc' dir='ltr'><strong>μου</strong></span> <span class='ocrx_word' id='word_1_449' title='bbox 2613 2719 2870 2788; x_wconf 73' lang='grc' dir='ltr'>ἐξελθεῖν,</span> <span class='ocrx_word' id='word_1_450' title='bbox 2903 2719 2993 2774; x_wconf 90' lang='grc' dir='ltr'><strong>ῖνα</strong></span> <span class='ocrx_word' id='word_1_451' title='bbox 3029 2719 3125 2774; x_wconf 83' lang='grc' dir='ltr'><strong>ῐδω</strong></span> <span class='ocrx_word' id='word_1_452' title='bbox 3157 2719 3339 2776; x_wconf 76' lang='grc' dir='ltr'>αὐτόν.</span> <span class='ocrx_word' id='word_1_453' title='bbox 3371 2716 3640 2774; x_wconf 69' lang='grc' dir='ltr'>Εἰσελθὼν</span> <span class='ocrx_word' id='word_1_454' title='bbox 3670 2716 3731 2773; x_wconf 63' lang='grc' dir='ltr'><strong>δὲ</strong></span> 
     </span>
    </p>
   </div>
   <div class='ocr_carea' id='block_1_61' title="bbox 2146 2807 3732 2884">
    <p class='ocr_par' dir='ltr' id='par_1_61' title="bbox 2146 2807 3732 2884">
     <span class='ocr_line' id='line_1_61' title="bbox 2146 2807 3732 2884; baseline -0.001 -20"><span class='ocrx_word' id='word_1_455' title='bbox 2146 2813 2176 2864; x_wconf 97' lang='lat'><strong>6</strong></span> <span class='ocrx_word' id='word_1_456' title='bbox 2201 2811 2401 2884; x_wconf 90' lang='grc' dir='ltr'>γέρων,</span> <span class='ocrx_word' id='word_1_457' title='bbox 2431 2807 2586 2865; x_wconf 79' lang='grc' dir='ltr'>εἶπεν</span> <span class='ocrx_word' id='word_1_458' title='bbox 2631 2809 2814 2882; x_wconf 73' lang='grc' dir='ltr'>αὐτῷ’</span> <span class='ocrx_word' id='word_1_459' title='bbox 2845 2809 3092 2877; x_wconf 81' lang='grc' dir='ltr'>Ἔξελθε,</span> <span class='ocrx_word' id='word_1_460' title='bbox 3124 2810 3212 2866; x_wconf 86' lang='grc' dir='ltr'><strong>ῖνα</strong></span> <span class='ocrx_word' id='word_1_461' title='bbox 3252 2826 3311 2864; x_wconf 88' lang='grc' dir='ltr'><strong>σε</strong></span> <span class='ocrx_word' id='word_1_462' title='bbox 3347 2810 3429 2881; x_wconf 85' lang='grc' dir='ltr'><strong>ῖδῃ</strong></span> <span class='ocrx_word' id='word_1_463' title='bbox 3469 2813 3505 2883; x_wconf 88' lang='grc' dir='ltr'><strong>ή</strong></span> <span class='ocrx_word' id='word_1_464' title='bbox 3546 2811 3732 2882; x_wconf 80' lang='grc' dir='ltr'><strong>μήτηρ</strong></span> 
     </span>
    </p>
   </div>
   <div class='ocr_carea' id='block_1_62' title="bbox 2150 2899 3732 2975">
    <p class='ocr_par' dir='ltr' id='par_1_62' title="bbox 2150 2899 3732 2975">
     <span class='ocr_line' id='line_1_62' title="bbox 2150 2899 3732 2975; baseline -0.001 -18"><span class='ocrx_word' id='word_1_465' title='bbox 2150 2919 2264 2958; x_wconf 89' lang='grc' dir='ltr'>σου.</span> <span class='ocrx_word' id='word_1_466' title='bbox 2295 2899 2404 2957; x_wconf 88' lang='grc' dir='ltr'>Ἦν</span> <span class='ocrx_word' id='word_1_467' title='bbox 2436 2902 2495 2956; x_wconf 83' lang='grc' dir='ltr'><strong>δέ</strong></span> <span class='ocrx_word' id='word_1_468' title='bbox 2543 2902 2727 2975; x_wconf 72' lang='grc' dir='ltr'>φορῶν</span> <span class='ocrx_word' id='word_1_469' title='bbox 2773 2903 3153 2975; x_wconf 82' lang='grc' dir='ltr'>κεντονάριον,</span> <span class='ocrx_word' id='word_1_470' title='bbox 3207 2903 3303 2956; x_wconf 74' lang='grc' dir='ltr'>καὶ</span> <span class='ocrx_word' id='word_1_471' title='bbox 3353 2902 3732 2974; x_wconf 74' lang='grc' dir='ltr'>ήσσολωμένος</span> 
     </span>
    </p>
   </div>
   <div class='ocr_carea' id='block_1_63' title="bbox 2147 2992 3729 3068">
    <p class='ocr_par' dir='ltr' id='par_1_63' title="bbox 2147 2992 3729 3068">
     <span class='ocr_line' id='line_1_63' title="bbox 2147 2992 3729 3068; baseline 0.001 -20"><span class='ocrx_word' id='word_1_472' title='bbox 2147 2995 2256 3049; x_wconf 84' lang='grc' dir='ltr'>άπὸ</span> <span class='ocrx_word' id='word_1_473' title='bbox 2287 2994 2382 3048; x_wconf 88' lang='grc' dir='ltr'><strong>τοῦ</strong></span> <span class='ocrx_word' id='word_1_474' title='bbox 2429 2995 2768 3068; x_wconf 87' lang='grc' dir='ltr'>μαγειρείου.</span> <span class='ocrx_word' id='word_1_475' title='bbox 2804 2995 2915 3051; x_wconf 81' lang='grc' dir='ltr'><strong>Καὶ</strong></span> <span class='ocrx_word' id='word_1_476' title='bbox 2948 2992 3179 3059; x_wconf 84' lang='grc' dir='ltr'>ἐξελθὼν</span> <span class='ocrx_word' id='word_1_477' title='bbox 3210 2994 3299 3048; x_wconf 85' lang='grc' dir='ltr'><strong>διὰ</strong></span> <span class='ocrx_word' id='word_1_478' title='bbox 3331 2994 3426 3066; x_wconf 78' lang='grc' dir='ltr'>τὴν</span> <span class='ocrx_word' id='word_1_479' title='bbox 3461 2993 3729 3066; x_wconf 78' lang='grc' dir='ltr'>ὑπακοὴν,</span> 
     </span>
    </p>
   </div>
   <div class='ocr_carea' id='block_1_64' title="bbox 454 3065 2045 3160">
    <p class='ocr_par' dir='ltr' id='par_1_64' title="bbox 454 3079 2045 3151">
     <span class='ocr_line' id='line_1_64' title="bbox 454 3079 2045 3151; baseline -0.001 -16"><span class='ocrx_word' id='word_1_480' title='bbox 454 3089 600 3136; x_wconf 89' lang='lat' dir='ltr'><strong>ctus.</strong></span> <span class='ocrx_word' id='word_1_481' title='bbox 628 3079 800 3151; x_wconf 84' lang='lat' dir='ltr'><strong>Igitur</strong></span> <span class='ocrx_word' id='word_1_482' title='bbox 827 3088 1052 3151; x_wconf 91' lang='lat' dir='ltr'><strong>propter</strong></span> <span class='ocrx_word' id='word_1_483' title='bbox 1074 3080 1441 3137; x_wconf 89' lang='lat' dir='ltr'><strong>obedientiam</strong></span> <span class='ocrx_word' id='word_1_484' title='bbox 1462 3081 1674 3145; x_wconf 89' lang='lat' dir='ltr'><strong>exiens,</strong></span> <span class='ocrx_word' id='word_1_485' title='bbox 1702 3079 1900 3135; x_wconf 90' lang='lat' dir='ltr'><strong>clausit</strong></span> <span class='ocrx_word' id='word_1_486' title='bbox 1915 3094 2045 3134; x_wconf 92' lang='lat' dir='ltr'><strong>ocu-</strong></span> 
     </span>
    </p>
   </div>
   <div class='ocr_carea' id='block_1_65' title="bbox 2152 3065 3729 3160">
    <p class='ocr_par' dir='ltr' id='par_1_65' title="bbox 2152 3065 3729 3160">
     <span class='ocr_line' id='line_1_65' title="bbox 2152 3065 3729 3160; baseline -0.002 -18"><span class='ocrx_word' id='word_1_487' title='bbox 2152 3065 2441 3159; x_wconf 82' lang='grc' dir='ltr'>ἐκάμμυσε</span> <span class='ocrx_word' id='word_1_488' title='bbox 2470 3065 2614 3152; x_wconf 20' lang='grc' dir='ltr'>τοὺς*</span> <span class='ocrx_word' id='word_1_489' title='bbox 2636 3086 2948 3160; x_wconf 79' lang='grc' dir='ltr'>ὀφθαλμοὺς</span> <span class='ocrx_word' id='word_1_490' title='bbox 2987 3085 3174 3153; x_wconf 84' lang='grc' dir='ltr'>αὐτοῦ,</span> <span class='ocrx_word' id='word_1_491' title='bbox 3207 3087 3302 3141; x_wconf 76' lang='grc' dir='ltr'>καὶ</span> <span class='ocrx_word' id='word_1_492' title='bbox 3335 3082 3487 3141; x_wconf 78' lang='grc' dir='ltr'>εἶπεν</span> <span class='ocrx_word' id='word_1_493' title='bbox 3513 3065 3729 3151; x_wconf 77' lang='grc' dir='ltr'>αὐτοῖς’</span> 
     </span>
    </p>
   </div>
   <div class='ocr_carea' id='block_1_66' title="bbox 455 3171 2041 3238">
    <p class='ocr_par' dir='ltr' id='par_1_66' title="bbox 455 3171 2041 3238">
     <span class='ocr_line' id='line_1_66' title="bbox 455 3171 2041 3238; baseline -0.001 -11"><span class='ocrx_word' id='word_1_494' title='bbox 455 3173 539 3229; x_wconf 91' lang='lat' dir='ltr'><strong>los</strong></span> <span class='ocrx_word' id='word_1_495' title='bbox 563 3212 578 3235; x_wconf 90' lang='lat'><strong>,</strong></span> <span class='ocrx_word' id='word_1_496' title='bbox 615 3181 670 3227; x_wconf 91' lang='lat' dir='ltr'><strong>et</strong></span> <span class='ocrx_word' id='word_1_497' title='bbox 707 3172 847 3226; x_wconf 86' lang='lat' dir='ltr'><strong>dixit</strong></span> <span class='ocrx_word' id='word_1_498' title='bbox 879 3190 894 3226; x_wconf 90' lang='lat'><strong>:</strong></span> <span class='ocrx_word' id='word_1_499' title='bbox 937 3171 1132 3228; x_wconf 86' lang='lat' dir='ltr'><strong>Salvos</strong></span> <span class='ocrx_word' id='word_1_500' title='bbox 1166 3185 1266 3230; x_wconf 93' lang='lat' dir='ltr'><strong>vos</strong></span> <span class='ocrx_word' id='word_1_501' title='bbox 1315 3173 1474 3238; x_wconf 90' lang='lat' dir='ltr'><strong>volo,</strong></span> <span class='ocrx_word' id='word_1_502' title='bbox 1529 3173 1711 3228; x_wconf 88' lang='lat' dir='ltr'><strong>salvos</strong></span> <span class='ocrx_word' id='word_1_503' title='bbox 1744 3187 1843 3227; x_wconf 86' lang='lat' dir='ltr'><strong>vos</strong></span> <span class='ocrx_word' id='word_1_504' title='bbox 1883 3173 2041 3238; x_wconf 86' lang='lat' dir='ltr'><strong>volo,</strong></span> 
     </span>
    </p>
   </div>
   <div class='ocr_carea' id='block_1_67' title="bbox 453 3258 2043 3331">
    <p class='ocr_par' dir='ltr' id='par_1_67' title="bbox 453 3258 2043 3331">
     <span class='ocr_line' id='line_1_67' title="bbox 453 3258 2043 3331; baseline -0.002 -14"><span class='ocrx_word' id='word_1_505' title='bbox 453 3261 638 3317; x_wconf 84' lang='lat' dir='ltr'><strong>salvos</strong></span> <span class='ocrx_word' id='word_1_506' title='bbox 673 3275 771 3316; x_wconf 88' lang='lat' dir='ltr'><strong>vos</strong></span> <span class='ocrx_word' id='word_1_507' title='bbox 803 3259 958 3326; x_wconf 84' lang='lat' dir='ltr'><strong>volo;</strong></span> <span class='ocrx_word' id='word_1_508' title='bbox 997 3273 1099 3316; x_wconf 90' lang='lat' dir='ltr'><strong>nec</strong></span> <span class='ocrx_word' id='word_1_509' title='bbox 1125 3260 1266 3316; x_wconf 87' lang='lat' dir='ltr'><strong>vidit</strong></span> <span class='ocrx_word' id='word_1_510' title='bbox 1298 3275 1651 3331; x_wconf 88' lang='lat' dir='ltr'><strong>quemquam.</strong></span> <span class='ocrx_word' id='word_1_511' title='bbox 1699 3258 1873 3315; x_wconf 85' lang='lat' dir='ltr'><strong>Mater</strong></span> <span class='ocrx_word' id='word_1_512' title='bbox 1909 3275 2043 3315; x_wconf 90' lang='lat' dir='ltr'><strong>vero</strong></span> 
     </span>
    </p>
   </div>
   <div class='ocr_carea' id='block_1_68' title="bbox 455 3352 2050 3423">
    <p class='ocr_par' dir='ltr' id='par_1_68' title="bbox 455 3352 2050 3423">
     <span class='ocr_line' id='line_1_68' title="bbox 455 3352 2050 3423; baseline 0 -15"><span class='ocrx_word' id='word_1_513' title='bbox 455 3367 564 3408; x_wconf 89' lang='lat' dir='ltr'><strong>non</strong></span> <span class='ocrx_word' id='word_1_514' title='bbox 586 3352 808 3422; x_wconf 78' lang='lat' dir='ltr'><strong>agnovit</strong></span> <span class='ocrx_word' id='word_1_515' title='bbox 829 3352 1029 3421; x_wconf 90' lang='lat' dir='ltr'><strong>ipsum.</strong></span> <span class='ocrx_word' id='word_1_516' title='bbox 1057 3352 1259 3408; x_wconf 89' lang='lat' dir='ltr'><strong>lterum</strong></span> <span class='ocrx_word' id='word_1_517' title='bbox 1280 3367 1412 3422; x_wconf 89' lang='lat' dir='ltr'><strong>ergo</strong></span> <span class='ocrx_word' id='word_1_518' title='bbox 1441 3352 1592 3410; x_wconf 89' lang='lat' dir='ltr'><strong>misit</strong></span> <span class='ocrx_word' id='word_1_519' title='bbox 1620 3352 1688 3408; x_wconf 90' lang='lat' dir='ltr'><strong>ad</strong></span> <span class='ocrx_word' id='word_1_520' title='bbox 1713 3367 1924 3418; x_wconf 90' lang='lat' dir='ltr'><strong>senem,</strong></span> <span class='ocrx_word' id='word_1_521' title='bbox 1961 3369 2050 3423; x_wconf 89' lang='lat' dir='ltr'><strong>pe-</strong></span> 
     </span>
    </p>
   </div>
   <div class='ocr_carea' id='block_1_69' title="bbox 458 3443 2050 3514">
    <p class='ocr_par' dir='ltr' id='par_1_69' title="bbox 458 3443 2050 3514">
     <span class='ocr_line' id='line_1_69' title="bbox 458 3443 2050 3514; baseline 0.001 -16"><span class='ocrx_word' id='word_1_522' title='bbox 458 3453 616 3499; x_wconf 88' lang='lat' dir='ltr'><strong>tens:</strong></span> <span class='ocrx_word' id='word_1_523' title='bbox 659 3443 832 3508; x_wconf 75' lang='lat' dir='ltr'><strong>Abba,</strong></span> <span class='ocrx_word' id='word_1_524' title='bbox 881 3443 1038 3499; x_wconf 87' lang='lat' dir='ltr'><strong>mitte</strong></span> <span class='ocrx_word' id='word_1_525' title='bbox 1068 3443 1204 3498; x_wconf 90' lang='lat' dir='ltr'><strong>mihi</strong></span> <span class='ocrx_word' id='word_1_526' title='bbox 1243 3443 1412 3498; x_wconf 88' lang='lat' dir='ltr'><strong>liliutn</strong></span> <span class='ocrx_word' id='word_1_527' title='bbox 1444 3458 1647 3506; x_wconf 91' lang='lat' dir='ltr'><strong>meum,</strong></span> <span class='ocrx_word' id='word_1_528' title='bbox 1674 3451 1736 3499; x_wconf 88' lang='lat' dir='ltr'><strong>ut</strong></span> <span class='ocrx_word' id='word_1_529' title='bbox 1763 3460 1887 3500; x_wconf 91' lang='lat' dir='ltr'><strong>eum</strong></span> <span class='ocrx_word' id='word_1_530' title='bbox 1921 3458 2050 3514; x_wconf 89' lang='lat' dir='ltr'><strong>spe-</strong></span> 
     </span>
    </p>
   </div>
   <div class='ocr_carea' id='block_1_70' title="bbox 455 3533 2049 3592">
    <p class='ocr_par' dir='ltr' id='par_1_70' title="bbox 455 3533 2049 3592">
     <span class='ocr_line' id='line_1_70' title="bbox 455 3533 2049 3592; baseline 0.001 -2"><span class='ocrx_word' id='word_1_531' title='bbox 455 3545 623 3591; x_wconf 92' lang='lat' dir='ltr'><strong>ctem.</strong></span> <span class='ocrx_word' id='word_1_532' title='bbox 670 3533 810 3590; x_wconf 88' lang='lat' dir='ltr'><strong>Tum</strong></span> <span class='ocrx_word' id='word_1_533' title='bbox 846 3550 1015 3591; x_wconf 87' lang='lat' dir='ltr'><strong>senex</strong></span> <span class='ocrx_word' id='word_1_534' title='bbox 1063 3535 1131 3591; x_wconf 90' lang='lat' dir='ltr'><strong>ad</strong></span> <span class='ocrx_word' id='word_1_535' title='bbox 1169 3534 1458 3592; x_wconf 87' lang='lat' dir='ltr'><strong>Marcum:</strong></span> <span class='ocrx_word' id='word_1_536' title='bbox 1508 3533 1703 3592; x_wconf 83' lang='lat' dir='ltr'><strong>Nonne</strong></span> <span class='ocrx_word' id='word_1_537' title='bbox 1751 3536 1864 3590; x_wconf 85' lang='lat' dir='ltr'><strong>dixi</strong></span> <span class='ocrx_word' id='word_1_538' title='bbox 1907 3535 2049 3591; x_wconf 89' lang='lat' dir='ltr'><strong>tibi:</strong></span> 
     </span>
    </p>
   </div>
   <div class='ocr_carea' id='block_1_71' title="bbox 459 3626 2053 3701">
    <p class='ocr_par' dir='ltr' id='par_1_71' title="bbox 459 3626 2053 3701">
     <span class='ocr_line' id='line_1_71' title="bbox 459 3626 2053 3701; baseline 0 -19"><span class='ocrx_word' id='word_1_539' title='bbox 459 3626 753 3699; x_wconf 79' lang='lat' dir='ltr'><strong>Egredere,</strong></span> <span class='ocrx_word' id='word_1_540' title='bbox 783 3635 846 3682; x_wconf 89' lang='lat' dir='ltr'><strong>ut</strong></span> <span class='ocrx_word' id='word_1_541' title='bbox 875 3635 930 3683; x_wconf 87' lang='lat' dir='ltr'><strong>te</strong></span> <span class='ocrx_word' id='word_1_542' title='bbox 955 3627 1191 3699; x_wconf 89' lang='lat' dir='ltr'><strong>aspiciat</strong></span> <span class='ocrx_word' id='word_1_543' title='bbox 1222 3637 1396 3684; x_wconf 85' lang='lat' dir='ltr'><strong>mater</strong></span> <span class='ocrx_word' id='word_1_544' title='bbox 1423 3629 1557 3683; x_wconf 81' lang='lat' dir='ltr'><strong>tua?</strong></span> <span class='ocrx_word' id='word_1_545' title='bbox 1581 3629 1885 3701; x_wconf 83' lang='lat' dir='ltr'><strong>Respondit</strong></span> <span class='ocrx_word' id='word_1_546' title='bbox 1909 3628 2053 3683; x_wconf 67' lang='lat' dir='ltr'><strong>Maro</strong></span> 
     </span>
    </p>
   </div>
   <div class='ocr_carea' id='block_1_72' title="bbox 459 3719 2048 3792">
    <p class='ocr_par' dir='ltr' id='par_1_72' title="bbox 459 3719 2048 3792">
     <span class='ocr_line' id='line_1_72' title="bbox 459 3719 2048 3792; baseline 0.001 -19"><span class='ocrx_word' id='word_1_547' title='bbox 459 3733 600 3775; x_wconf 90' lang='lat' dir='ltr'><strong>cus:</strong></span> <span class='ocrx_word' id='word_1_548' title='bbox 641 3719 908 3792; x_wconf 87' lang='lat' dir='ltr'><strong>Egressus</strong></span> <span class='ocrx_word' id='word_1_549' title='bbox 942 3734 1085 3787; x_wconf 92' lang='lat' dir='ltr'><strong>sum,</strong></span> <span class='ocrx_word' id='word_1_550' title='bbox 1117 3719 1275 3791; x_wconf 85' lang='lat' dir='ltr'><strong>juxta</strong></span> <span class='ocrx_word' id='word_1_551' title='bbox 1307 3735 1617 3776; x_wconf 89' lang='lat' dir='ltr'><strong>sermonem</strong></span> <span class='ocrx_word' id='word_1_552' title='bbox 1668 3728 1847 3787; x_wconf 91' lang='lat' dir='ltr'><strong>tuum,</strong></span> <span class='ocrx_word' id='word_1_553' title='bbox 1887 3719 2048 3774; x_wconf 90' lang='lat' dir='ltr'><strong>abba.</strong></span> 
     </span>
    </p>
   </div>
   <div class='ocr_carea' id='block_1_73' title="bbox 463 3809 2054 3884">
    <p class='ocr_par' dir='ltr' id='par_1_73' title="bbox 463 3809 2054 3884">
     <span class='ocr_line' id='line_1_73' title="bbox 463 3809 2054 3884; baseline 0.001 -18"><span class='ocrx_word' id='word_1_554' title='bbox 463 3809 663 3866; x_wconf 81' lang='lat' dir='ltr'><strong>Verum</strong></span> <span class='ocrx_word' id='word_1_555' title='bbox 705 3827 840 3884; x_wconf 85' lang='lat' dir='ltr'><strong>rogo</strong></span> <span class='ocrx_word' id='word_1_556' title='bbox 870 3821 958 3877; x_wconf 91' lang='lat' dir='ltr'><strong>te,</strong></span> <span class='ocrx_word' id='word_1_557' title='bbox 990 3827 1060 3868; x_wconf 91' lang='lat' dir='ltr'><strong>ne</strong></span> <span class='ocrx_word' id='word_1_558' title='bbox 1090 3814 1288 3868; x_wconf 92' lang='lat' dir='ltr'><strong>iterum</strong></span> <span class='ocrx_word' id='word_1_559' title='bbox 1309 3812 1505 3883; x_wconf 86' lang='lat' dir='ltr'><strong>jubeas</strong></span> <span class='ocrx_word' id='word_1_560' title='bbox 1548 3827 1637 3868; x_wconf 87' lang='lat' dir='ltr'><strong>me</strong></span> <span class='ocrx_word' id='word_1_561' title='bbox 1682 3813 1855 3878; x_wconf 86' lang='lat' dir='ltr'><strong>exire,</strong></span> <span class='ocrx_word' id='word_1_562' title='bbox 1881 3823 1942 3868; x_wconf 89' lang='lat' dir='ltr'><strong>ut</strong></span> <span class='ocrx_word' id='word_1_563' title='bbox 1982 3827 2054 3867; x_wconf 91' lang='lat' dir='ltr'><strong>ne</strong></span> 
     </span>
    </p>
   </div>
   <div class='ocr_carea' id='block_1_74' title="bbox 463 3903 2099 3975">
    <p class='ocr_par' dir='ltr' id='par_1_74' title="bbox 463 3903 2099 3975">
     <span class='ocr_line' id='line_1_74' title="bbox 463 3903 2099 3975; baseline -0.003 -16"><span class='ocrx_word' id='word_1_564' title='bbox 463 3904 565 3960; x_wconf 90' lang='lat' dir='ltr'><strong>tibi</strong></span> <span class='ocrx_word' id='word_1_565' title='bbox 595 3905 700 3960; x_wconf 89' lang='lat' dir='ltr'><strong>sim</strong></span> <span class='ocrx_word' id='word_1_566' title='bbox 731 3904 1124 3975; x_wconf 85' lang='lat' dir='ltr'><strong>inobsequens.</strong></span> <span class='ocrx_word' id='word_1_567' title='bbox 1152 3903 1309 3958; x_wconf 91' lang='lat' dir='ltr'><strong>Tunc</strong></span> <span class='ocrx_word' id='word_1_568' title='bbox 1335 3918 1597 3975; x_wconf 85' lang='lat' dir='ltr'><strong>egressus</strong></span> <span class='ocrx_word' id='word_1_569' title='bbox 1627 3918 1792 3960; x_wconf 87' lang='lat' dir='ltr'><strong>senex</strong></span> <span class='ocrx_word' id='word_1_570' title='bbox 1824 3903 1901 3957; x_wconf 89' lang='lat' dir='ltr'><strong>ait</strong></span> <span class='ocrx_word' id='word_1_571' title='bbox 1931 3918 2054 3957; x_wconf 88' lang='lat' dir='ltr'><strong>mu-</strong></span> <span class='ocrx_word' id='word_1_572' title='bbox 2095 3948 2099 3953; x_wconf 90' lang='lat'><strong>.</strong></span> 
     </span>
    </p>
   </div>
   <div class='ocr_carea' id='block_1_75' title="bbox 461 3994 2053 4068">
    <p class='ocr_par' dir='ltr' id='par_1_75' title="bbox 461 3994 2053 4068">
     <span class='ocr_line' id='line_1_75' title="bbox 461 3994 2053 4068; baseline -0.001 -16"><span class='ocrx_word' id='word_1_573' title='bbox 461 3997 580 4054; x_wconf 91' lang='lat' dir='ltr'><strong>lieri</strong></span> <span class='ocrx_word' id='word_1_574' title='bbox 608 4016 622 4053; x_wconf 93' lang='lat'><strong>:</strong></span> <span class='ocrx_word' id='word_1_575' title='bbox 647 3997 765 4068; x_wconf 91' lang='lat' dir='ltr'><strong>Ipse</strong></span> <span class='ocrx_word' id='word_1_576' title='bbox 791 4007 874 4054; x_wconf 92' lang='lat' dir='ltr'><strong>est</strong></span> <span class='ocrx_word' id='word_1_577' title='bbox 894 3997 986 4068; x_wconf 89' lang='lat' dir='ltr'><strong>qui</strong></span> <span class='ocrx_word' id='word_1_578' title='bbox 1010 3997 1160 4053; x_wconf 91' lang='lat' dir='ltr'><strong>venit</strong></span> <span class='ocrx_word' id='word_1_579' title='bbox 1178 3996 1243 4051; x_wconf 90' lang='lat' dir='ltr'><strong>ad</strong></span> <span class='ocrx_word' id='word_1_580' title='bbox 1262 4011 1380 4062; x_wconf 88' lang='lat' dir='ltr'><strong>vos,</strong></span> <span class='ocrx_word' id='word_1_581' title='bbox 1408 3996 1656 4067; x_wconf 87' lang='lat' dir='ltr'><strong>dixitque</strong></span> <span class='ocrx_word' id='word_1_582' title='bbox 1683 4015 1697 4049; x_wconf 89' lang='lat'><strong>:</strong></span> <span class='ocrx_word' id='word_1_583' title='bbox 1728 3994 1922 4051; x_wconf 87' lang='lat' dir='ltr'><strong>Salvos</strong></span> <span class='ocrx_word' id='word_1_584' title='bbox 1955 4010 2053 4051; x_wconf 85' lang='lat' dir='ltr'><strong>vos</strong></span> 
     </span>
    </p>
   </div>
   <div class='ocr_carea' id='block_1_76' title="bbox 461 4085 1977 4158">
    <p class='ocr_par' dir='ltr' id='par_1_76' title="bbox 461 4085 1977 4158">
     <span class='ocr_line' id='line_1_76' title="bbox 461 4085 1977 4158; baseline -0.002 -13"><span class='ocrx_word' id='word_1_585' title='bbox 461 4089 608 4145; x_wconf 82' lang='lat' dir='ltr'><strong>volo.</strong></span> <span class='ocrx_word' id='word_1_586' title='bbox 645 4088 710 4143; x_wconf 87' lang='lat' dir='ltr'><strong>Et</strong></span> <span class='ocrx_word' id='word_1_587' title='bbox 734 4089 989 4145; x_wconf 76' lang='lat' dir='ltr'><strong>hortatus</strong></span> <span class='ocrx_word' id='word_1_588' title='bbox 1020 4089 1450 4158; x_wconf 88' lang='lat' dir='ltr'><strong>consolatusque</strong></span> <span class='ocrx_word' id='word_1_589' title='bbox 1481 4101 1626 4152; x_wconf 87' lang='lat' dir='ltr'><strong>eam,</strong></span> <span class='ocrx_word' id='word_1_590' title='bbox 1651 4086 1727 4140; x_wconf 89' lang='lat' dir='ltr'><strong>ita</strong></span> <span class='ocrx_word' id='word_1_591' title='bbox 1749 4085 1977 4142; x_wconf 90' lang='lat' dir='ltr'><strong>dimisit.</strong></span> 
     </span>
    </p>
   </div>
   <div class='ocr_carea' id='block_1_77' title="bbox 532 4176 2057 4251">
    <p class='ocr_par' dir='ltr' id='par_1_77' title="bbox 532 4176 2057 4251">
     <span class='ocr_line' id='line_1_77' title="bbox 532 4176 2057 4251; baseline 0 -17"><span class='ocrx_word' id='word_1_592' title='bbox 532 4181 590 4234; x_wconf 72' lang='grc' dir='ltr'>ι.</span> <span class='ocrx_word' id='word_1_593' title='bbox 625 4179 778 4234; x_wconf 81' lang='lat' dir='ltr'><strong>Alias</strong></span> <span class='ocrx_word' id='word_1_594' title='bbox 829 4181 1098 4251; x_wconf 84' lang='lat' dir='ltr'><strong>contigit,</strong></span> <span class='ocrx_word' id='word_1_595' title='bbox 1135 4187 1196 4234; x_wconf 94' lang='lat' dir='ltr'><strong>ut</strong></span> <span class='ocrx_word' id='word_1_596' title='bbox 1231 4195 1491 4251; x_wconf 81' lang='lat' dir='ltr'><strong>egressus</strong></span> <span class='ocrx_word' id='word_1_597' title='bbox 1525 4195 1558 4234; x_wconf 90' lang='lat' dir='ltr'><strong>e</strong></span> <span class='ocrx_word' id='word_1_598' title='bbox 1601 4176 1770 4243; x_wconf 91' lang='lat' dir='ltr'><strong>Sceti,</strong></span> <span class='ocrx_word' id='word_1_599' title='bbox 1806 4185 2057 4250; x_wconf 81' lang='lat' dir='ltr'><strong>pergeret</strong></span> 
     </span>
    </p>
   </div>
   <div class='ocr_carea' id='block_1_78' title="bbox 466 4269 2056 4338">
    <p class='ocr_par' dir='ltr' id='par_1_78' title="bbox 466 4269 2056 4338">
     <span class='ocr_line' id='line_1_78' title="bbox 466 4269 2056 4338; baseline 0.001 -14"><span class='ocrx_word' id='word_1_600' title='bbox 466 4271 524 4324; x_wconf 91' lang='lat' dir='ltr'><strong>in</strong></span> <span class='ocrx_word' id='word_1_601' title='bbox 571 4279 813 4324; x_wconf 90' lang='lat' dir='ltr'><strong>montem</strong></span> <span class='ocrx_word' id='word_1_602' title='bbox 871 4269 1027 4338; x_wconf 89' lang='lat' dir='ltr'><strong>Sina,</strong></span> <span class='ocrx_word' id='word_1_603' title='bbox 1083 4281 1139 4326; x_wconf 91' lang='lat' dir='ltr'><strong>et</strong></span> <span class='ocrx_word' id='word_1_604' title='bbox 1199 4271 1313 4326; x_wconf 92' lang='lat' dir='ltr'><strong>illic</strong></span> <span class='ocrx_word' id='word_1_605' title='bbox 1369 4279 1634 4329; x_wconf 88' lang='lat' dir='ltr'><strong>maneret.</strong></span> <span class='ocrx_word' id='word_1_606' title='bbox 1683 4269 1830 4326; x_wconf 89' lang='lat' dir='ltr'><strong>Misit</strong></span> <span class='ocrx_word' id='word_1_607' title='bbox 1880 4279 2056 4327; x_wconf 90' lang='lat' dir='ltr'><strong>mater</strong></span> 
     </span>
    </p>
   </div>
   <div class='ocr_carea' id='block_1_79' title="bbox 466 4359 2053 4434">
    <p class='ocr_par' dir='ltr' id='par_1_79' title="bbox 466 4359 2053 4434">
     <span class='ocr_line' id='line_1_79' title="bbox 466 4359 2053 4434; baseline 0.002 -19"><span class='ocrx_word' id='word_1_608' title='bbox 466 4359 660 4423; x_wconf 87' lang='lat' dir='ltr'><strong>Marci,</strong></span> <span class='ocrx_word' id='word_1_609' title='bbox 691 4360 955 4430; x_wconf 88' lang='lat' dir='ltr'><strong>adjurans</strong></span> <span class='ocrx_word' id='word_1_610' title='bbox 974 4376 1101 4416; x_wconf 90' lang='lat' dir='ltr'><strong>cum</strong></span> <span class='ocrx_word' id='word_1_611' title='bbox 1133 4361 1414 4433; x_wconf 83' lang='lat' dir='ltr'><strong>lacrytnis,</strong></span> <span class='ocrx_word' id='word_1_612' title='bbox 1447 4369 1510 4418; x_wconf 89' lang='lat' dir='ltr'><strong>ut</strong></span> <span class='ocrx_word' id='word_1_613' title='bbox 1535 4362 1710 4418; x_wconf 89' lang='lat' dir='ltr'><strong>exiret</strong></span> <span class='ocrx_word' id='word_1_614' title='bbox 1737 4361 1882 4418; x_wconf 80' lang='lat' dir='ltr'><strong>illius</strong></span> <span class='ocrx_word' id='word_1_615' title='bbox 1909 4362 2053 4434; x_wconf 91' lang='lat' dir='ltr'><strong>ejus,</strong></span> 
     </span>
    </p>
   </div>
   <div class='ocr_carea' id='block_1_80' title="bbox 467 4449 2130 4511">
    <p class='ocr_par' dir='ltr' id='par_1_80' title="bbox 467 4449 2130 4511">
     <span class='ocr_line' id='line_1_80' title="bbox 467 4449 2130 4511; baseline 0 -5"><span class='ocrx_word' id='word_1_616' title='bbox 467 4467 534 4508; x_wconf 92' lang='lat' dir='ltr'><strong>ac</strong></span> <span class='ocrx_word' id='word_1_617' title='bbox 569 4450 778 4506; x_wconf 89' lang='lat' dir='ltr'><strong>videret</strong></span> <span class='ocrx_word' id='word_1_618' title='bbox 805 4467 952 4507; x_wconf 88' lang='lat' dir='ltr'><strong>eum.</strong></span> <span class='ocrx_word' id='word_1_619' title='bbox 989 4451 1170 4508; x_wconf 89' lang='lat' dir='ltr'><strong>Senex</strong></span> <span class='ocrx_word' id='word_1_620' title='bbox 1216 4460 1403 4508; x_wconf 88' lang='lat' dir='ltr'><strong>autem</strong></span> <span class='ocrx_word' id='word_1_621' title='bbox 1436 4453 1592 4508; x_wconf 90' lang='lat' dir='ltr'><strong>illum</strong></span> <span class='ocrx_word' id='word_1_622' title='bbox 1633 4452 1864 4511; x_wconf 87' lang='lat' dir='ltr'><strong>dimisit.</strong></span> <span class='ocrx_word' id='word_1_623' title='bbox 1888 4452 2056 4510; x_wconf 82' lang='lat' dir='ltr'><strong>Cum-</strong></span> <span class='ocrx_word' id='word_1_624' title='bbox 2084 4449 2130 4506; x_wconf 88' lang='lat' dir='ltr'><strong>D</strong></span> 
     </span>
    </p>
   </div>
   <div class='ocr_carea' id='block_1_81' title="bbox 467 4541 2053 4614">
    <p class='ocr_par' dir='ltr' id='par_1_81' title="bbox 467 4541 2053 4614">
     <span class='ocr_line' id='line_1_81' title="bbox 467 4541 2053 4614; baseline -0.001 -15"><span class='ocrx_word' id='word_1_625' title='bbox 467 4557 575 4614; x_wconf 85' lang='lat' dir='ltr'><strong>que</strong></span> <span class='ocrx_word' id='word_1_626' title='bbox 593 4541 996 4612; x_wconf 89' lang='lat' dir='ltr'><strong>composuisset</strong></span> <span class='ocrx_word' id='word_1_627' title='bbox 1034 4541 1290 4598; x_wconf 87' lang='lat' dir='ltr'><strong>melotem</strong></span> <span class='ocrx_word' id='word_1_628' title='bbox 1335 4557 1494 4600; x_wconf 91' lang='lat' dir='ltr'><strong>suam</strong></span> <span class='ocrx_word' id='word_1_629' title='bbox 1528 4543 1598 4598; x_wconf 90' lang='lat' dir='ltr'><strong>ad</strong></span> <span class='ocrx_word' id='word_1_630' title='bbox 1629 4544 1962 4611; x_wconf 91' lang='lat' dir='ltr'><strong>exeundum,</strong></span> <span class='ocrx_word' id='word_1_631' title='bbox 1995 4550 2053 4599; x_wconf 90' lang='lat' dir='ltr'><strong>et</strong></span> 
     </span>
    </p>
   </div>
   <div class='ocr_carea' id='block_1_82' title="bbox 469 4634 2055 4706">
    <p class='ocr_par' dir='ltr' id='par_1_82' title="bbox 469 4634 2055 4706">
     <span class='ocr_line' id='line_1_82' title="bbox 469 4634 2055 4706; baseline -0.001 -15"><span class='ocrx_word' id='word_1_632' title='bbox 469 4635 714 4692; x_wconf 83' lang='lat' dir='ltr'><strong>venisset</strong></span> <span class='ocrx_word' id='word_1_633' title='bbox 741 4643 801 4691; x_wconf 91' lang='lat' dir='ltr'><strong>ut</strong></span> <span class='ocrx_word' id='word_1_634' title='bbox 835 4649 1021 4692; x_wconf 84' lang='lat' dir='ltr'><strong>senem</strong></span> <span class='ocrx_word' id='word_1_635' title='bbox 1051 4635 1339 4704; x_wconf 82' lang='lat' dir='ltr'><strong>salutaret,</strong></span> <span class='ocrx_word' id='word_1_636' title='bbox 1374 4634 1522 4691; x_wconf 87' lang='lat' dir='ltr'><strong>illico</strong></span> <span class='ocrx_word' id='word_1_637' title='bbox 1559 4636 1728 4706; x_wconf 67' lang='lat' dir='ltr'><strong>caspit</strong></span> <span class='ocrx_word' id='word_1_638' title='bbox 1761 4636 1921 4701; x_wconf 84' lang='lat' dir='ltr'><strong>nere;</strong></span> <span class='ocrx_word' id='word_1_639' title='bbox 1951 4647 2055 4690; x_wconf 85' lang='lat' dir='ltr'><strong>nec</strong></span> 
     </span>
    </p>
   </div>
   <div class='ocr_carea' id='block_1_83' title="bbox 469 4735 850 4801">
    <p class='ocr_par' dir='ltr' id='par_1_83' title="bbox 469 4735 850 4801">
     <span class='ocr_line' id='line_1_83' title="bbox 469 4735 850 4801; baseline -0.003 -17"><span class='ocrx_word' id='word_1_640' title='bbox 469 4742 728 4801; x_wconf 85' lang='lat' dir='ltr'><strong>egressus</strong></span> <span class='ocrx_word' id='word_1_641' title='bbox 745 4735 850 4784; x_wconf 86' lang='lat' dir='ltr'><strong>est.</strong></span> 
     </span>
    </p>
   </div>
   <div class='ocr_carea' id='block_1_84' title="bbox 549 4929 2054 5003">
    <p class='ocr_par' dir='ltr' id='par_1_84' title="bbox 549 4929 2054 5003">
     <span class='ocr_line' id='line_1_84' title="bbox 549 4929 2054 5003; baseline -0.005 -13"><span class='ocrx_word' id='word_1_642' title='bbox 549 4934 604 4991; x_wconf 85' lang='lat'><strong>5.</strong></span> <span class='ocrx_word' id='word_1_643' title='bbox 646 4932 761 5003; x_wconf 71' lang='grc'><strong>(44)</strong></span> <span class='ocrx_word' id='word_1_644' title='bbox 792 4930 1124 4988; x_wconf 86' lang='lat' dir='ltr'><strong>Rcl&#39;erebant</strong></span> <span class='ocrx_word' id='word_1_645' title='bbox 1151 4931 1219 4988; x_wconf 92' lang='lat' dir='ltr'><strong>de</strong></span> <span class='ocrx_word' id='word_1_646' title='bbox 1245 4930 1442 4988; x_wconf 87' lang='lat' dir='ltr'><strong>abbate</strong></span> <span class='ocrx_word' id='word_1_647' title='bbox 1475 4929 1719 4995; x_wconf 88' lang='lat' dir='ltr'><strong>Silvano,</strong></span> <span class='ocrx_word' id='word_1_648' title='bbox 1749 4929 1896 5001; x_wconf 89' lang='lat' dir='ltr'><strong>quod</strong></span> <span class='ocrx_word' id='word_1_649' title='bbox 1929 4942 2054 4984; x_wconf 86' lang='lat' dir='ltr'><strong>cum</strong></span> 
     </span>
    </p>
   </div>
   <div class='ocr_carea' id='block_1_85' title="bbox 473 5021 2056 5096">
    <p class='ocr_par' dir='ltr' id='par_1_85' title="bbox 473 5021 2056 5096">
     <span class='ocr_line' id='line_1_85' title="bbox 473 5021 2056 5096; baseline -0.001 -18"><span class='ocrx_word' id='word_1_650' title='bbox 473 5025 637 5081; x_wconf 77' lang='lat' dir='ltr'><strong>vellet</strong></span> <span class='ocrx_word' id='word_1_651' title='bbox 678 5025 734 5080; x_wconf 93' lang='lat' dir='ltr'><strong>in</strong></span> <span class='ocrx_word' id='word_1_652' title='bbox 787 5023 1005 5096; x_wconf 88' lang='lat' dir='ltr'><strong>Syriam</strong></span> <span class='ocrx_word' id='word_1_653' title='bbox 1048 5022 1344 5094; x_wconf 76' lang='lat' dir='ltr'><strong>proficisci,</strong></span> <span class='ocrx_word' id='word_1_654' title='bbox 1396 5022 1597 5078; x_wconf 84' lang='lat' dir='ltr'><strong>dixerit</strong></span> <span class='ocrx_word' id='word_1_655' title='bbox 1653 5021 1702 5078; x_wconf 89' lang='lat' dir='ltr'><strong>ei</strong></span> <span class='ocrx_word' id='word_1_656' title='bbox 1747 5021 2056 5092; x_wconf 89' lang='lat' dir='ltr'><strong>discipulus</strong></span> 
     </span>
    </p>
   </div>
   <div class='ocr_carea' id='block_1_86' title="bbox 2149 3175 3730 3253">
    <p class='ocr_par' dir='ltr' id='par_1_86' title="bbox 2149 3175 3730 3253">
     <span class='ocr_line' id='line_1_86' title="bbox 2149 3175 3730 3253; baseline 0 -18"><span class='ocrx_word' id='word_1_657' title='bbox 2149 3179 2443 3253; x_wconf 84' lang='grc' dir='ltr'>Σωθείητε,</span> <span class='ocrx_word' id='word_1_658' title='bbox 2467 3180 2749 3252; x_wconf 79' lang='grc' dir='ltr'>σωθείητε,</span> <span class='ocrx_word' id='word_1_659' title='bbox 2775 3179 3067 3253; x_wconf 70' lang='grc' dir='ltr'>σωθείητεο</span> <span class='ocrx_word' id='word_1_660' title='bbox 3097 3181 3192 3233; x_wconf 71' lang='grc' dir='ltr'>καὶ</span> <span class='ocrx_word' id='word_1_661' title='bbox 3223 3180 3324 3250; x_wconf 75' lang='grc' dir='ltr'>οὐκ</span> <span class='ocrx_word' id='word_1_662' title='bbox 3349 3175 3488 3234; x_wconf 75' lang='grc' dir='ltr'>εἶδεν</span> <span class='ocrx_word' id='word_1_663' title='bbox 3511 3177 3730 3244; x_wconf 83' lang='grc' dir='ltr'>αὐτούς.</span> 
     </span>
    </p>
   </div>
   <div class='ocr_carea' id='block_1_87' title="bbox 2162 3271 3736 3345">
    <p class='ocr_par' dir='ltr' id='par_1_87' title="bbox 2162 3271 3736 3345">
     <span class='ocr_line' id='line_1_87' title="bbox 2162 3271 3736 3345; baseline -0.001 -19"><span class='ocrx_word' id='word_1_664' title='bbox 2162 3272 2228 3326; x_wconf 87' lang='grc' dir='ltr'><strong>Ἦ</strong></span> <span class='ocrx_word' id='word_1_665' title='bbox 2257 3271 2314 3325; x_wconf 85' lang='grc' dir='ltr'><strong>δέ</strong></span> <span class='ocrx_word' id='word_1_666' title='bbox 2360 3273 2545 3345; x_wconf 87' lang='grc' dir='ltr'>μήτηρ</span> <span class='ocrx_word' id='word_1_667' title='bbox 2591 3271 2755 3326; x_wconf 83' lang='grc' dir='ltr'>αὐτοῦ</span> <span class='ocrx_word' id='word_1_668' title='bbox 2789 3273 2892 3327; x_wconf 86' lang='grc' dir='ltr'>οὐκ</span> <span class='ocrx_word' id='word_1_669' title='bbox 2931 3271 3227 3344; x_wconf 77' lang='grc' dir='ltr'>ἐγνώρισεν</span> <span class='ocrx_word' id='word_1_670' title='bbox 3273 3272 3436 3327; x_wconf 77' lang='grc' dir='ltr'>αὐτόν</span> <span class='ocrx_word' id='word_1_671' title='bbox 3477 3273 3517 3325; x_wconf 79' lang='grc'>⁸.</span> <span class='ocrx_word' id='word_1_672' title='bbox 3561 3271 3736 3325; x_wconf 89' lang='grc' dir='ltr'>Πάλιν</span> 
     </span>
    </p>
   </div>
   <div class='ocr_carea' id='block_1_88' title="bbox 2149 3360 3740 3439">
    <p class='ocr_par' dir='ltr' id='par_1_88' title="bbox 2149 3360 3740 3439">
     <span class='ocr_line' id='line_1_88' title="bbox 2149 3360 3740 3439; baseline -0.002 -20"><span class='ocrx_word' id='word_1_673' title='bbox 2149 3360 2244 3420; x_wconf 80' lang='grc' dir='ltr'>οὖν</span> <span class='ocrx_word' id='word_1_674' title='bbox 2269 3365 2474 3438; x_wconf 81' lang='grc' dir='ltr'>πέμπει</span> <span class='ocrx_word' id='word_1_675' title='bbox 2503 3365 2640 3438; x_wconf 81' lang='grc' dir='ltr'>πρὸς</span> <span class='ocrx_word' id='word_1_676' title='bbox 2663 3365 2755 3421; x_wconf 82' lang='grc' dir='ltr'>τὸν</span> <span class='ocrx_word' id='word_1_677' title='bbox 2783 3365 3035 3439; x_wconf 88' lang='grc' dir='ltr'>γέροντα,</span> <span class='ocrx_word' id='word_1_678' title='bbox 3065 3363 3297 3435; x_wconf 80' lang='grc' dir='ltr'>λέγουσα</span> <span class='ocrx_word' id='word_1_679' title='bbox 3314 3382 3328 3396; x_wconf 90' lang='grc'><strong>·</strong></span> <span class='ocrx_word' id='word_1_680' title='bbox 3366 3363 3560 3432; x_wconf 70' lang='grc' dir='ltr'>Ἀϐϐά,</span> <span class='ocrx_word' id='word_1_681' title='bbox 3593 3364 3740 3435; x_wconf 79' lang='grc' dir='ltr'>πέμ-</span> 
     </span>
    </p>
   </div>
   <div class='ocr_carea' id='block_1_89' title="bbox 2151 3452 3740 3530">
    <p class='ocr_par' dir='ltr' id='par_1_89' title="bbox 2151 3452 3740 3530">
     <span class='ocr_line' id='line_1_89' title="bbox 2151 3452 3740 3530; baseline -0.001 -18"><span class='ocrx_word' id='word_1_682' title='bbox 2151 3458 2251 3528; x_wconf 71' lang='grc' dir='ltr'><strong>ψον</strong></span> <span class='ocrx_word' id='word_1_683' title='bbox 2286 3475 2376 3529; x_wconf 92' lang='grc' dir='ltr'><strong>μοι</strong></span> <span class='ocrx_word' id='word_1_684' title='bbox 2409 3457 2502 3513; x_wconf 79' lang='grc' dir='ltr'>τὸν</span> <span class='ocrx_word' id='word_1_685' title='bbox 2539 3457 2653 3512; x_wconf 77' lang='grc' dir='ltr'>υἱόν</span> <span class='ocrx_word' id='word_1_686' title='bbox 2703 3475 2837 3530; x_wconf 88' lang='grc' dir='ltr'>μου,</span> <span class='ocrx_word' id='word_1_687' title='bbox 2872 3458 2959 3512; x_wconf 80' lang='grc' dir='ltr'>ἵνα</span> <span class='ocrx_word' id='word_1_688' title='bbox 3001 3458 3162 3512; x_wconf 75' lang='grc' dir='ltr'>αὑτὸν</span> <span class='ocrx_word' id='word_1_689' title='bbox 3195 3456 3310 3514; x_wconf 81' lang='grc' dir='ltr'>ἴδω.</span> <span class='ocrx_word' id='word_1_690' title='bbox 3346 3457 3458 3511; x_wconf 86' lang='lat' dir='ltr'><strong>Kal</strong></span> <span class='ocrx_word' id='word_1_691' title='bbox 3491 3452 3612 3510; x_wconf 76' lang='grc' dir='ltr'>εἶπε</span> <span class='ocrx_word' id='word_1_692' title='bbox 3658 3455 3740 3528; x_wconf 84' lang='grc' dir='ltr'>τῷ</span> 
     </span>
    </p>
   </div>
   <div class='ocr_carea' id='block_1_90' title="bbox 2151 3547 3741 3623">
    <p class='ocr_par' dir='ltr' id='par_1_90' title="bbox 2151 3547 3741 3623">
     <span class='ocr_line' id='line_1_90' title="bbox 2151 3547 3741 3623; baseline -0.003 -17"><span class='ocrx_word' id='word_1_693' title='bbox 2151 3549 2395 3623; x_wconf 83' lang='grc' dir='ltr'>Μάρκῳ·</span> <span class='ocrx_word' id='word_1_694' title='bbox 2421 3550 2537 3605; x_wconf 82' lang='grc' dir='ltr'><strong>Οὐκ</strong></span> <span class='ocrx_word' id='word_1_695' title='bbox 2571 3547 2725 3606; x_wconf 75' lang='grc' dir='ltr'>εἶπόν</span> <span class='ocrx_word' id='word_1_696' title='bbox 2761 3567 2876 3605; x_wconf 78' lang='grc' dir='ltr'>σοι’</span> <span class='ocrx_word' id='word_1_697' title='bbox 2898 3549 3142 3618; x_wconf 83' lang='grc' dir='ltr'>Ἔξελθε,</span> <span class='ocrx_word' id='word_1_698' title='bbox 3168 3550 3256 3605; x_wconf 84' lang='grc' dir='ltr'>ἵνα</span> <span class='ocrx_word' id='word_1_699' title='bbox 3286 3566 3345 3604; x_wconf 90' lang='grc' dir='ltr'><strong>σε</strong></span> <span class='ocrx_word' id='word_1_700' title='bbox 3377 3549 3464 3623; x_wconf 73' lang='grc' dir='ltr'><strong>ἴδῃ</strong></span> <span class='ocrx_word' id='word_1_701' title='bbox 3488 3551 3522 3620; x_wconf 93' lang='grc' dir='ltr'><strong>ή</strong></span> <span class='ocrx_word' id='word_1_702' title='bbox 3554 3549 3741 3621; x_wconf 82' lang='grc' dir='ltr'>μήτηρ</span> 
     </span>
    </p>
   </div>
   <div class='ocr_carea' id='block_1_91' title="bbox 2156 3638 3742 3715">
    <p class='ocr_par' dir='ltr' id='par_1_91' title="bbox 2156 3638 3742 3715">
     <span class='ocr_line' id='line_1_91' title="bbox 2156 3638 3742 3715; baseline -0.001 -19"><span class='ocrx_word' id='word_1_703' title='bbox 2156 3660 2250 3697; x_wconf 92' lang='grc' dir='ltr'><strong>σου</strong></span> <span class='ocrx_word' id='word_1_704' title='bbox 2276 3663 2292 3711; x_wconf 89' lang='grc'>;</span> <span class='ocrx_word' id='word_1_705' title='bbox 2321 3644 2433 3698; x_wconf 88' lang='lat' dir='ltr'><strong>Kal</strong></span> <span class='ocrx_word' id='word_1_706' title='bbox 2459 3638 2614 3697; x_wconf 78' lang='grc' dir='ltr'>εἶπεν</span> <span class='ocrx_word' id='word_1_707' title='bbox 2648 3643 2797 3715; x_wconf 74' lang='grc' dir='ltr'>αὐτῷ</span> <span class='ocrx_word' id='word_1_708' title='bbox 2833 3645 2862 3698; x_wconf 93' lang='lat'><strong>6</strong></span> <span class='ocrx_word' id='word_1_709' title='bbox 2890 3645 3150 3715; x_wconf 75' lang='lat' dir='ltr'><strong>Mapxoc°</strong></span> <span class='ocrx_word' id='word_1_710' title='bbox 3194 3641 3449 3714; x_wconf 80' lang='grc' dir='ltr'>Ἐξῆλθον</span> <span class='ocrx_word' id='word_1_711' title='bbox 3481 3641 3620 3695; x_wconf 67' lang='grc' dir='ltr'>κατὰ</span> <span class='ocrx_word' id='word_1_712' title='bbox 3647 3641 3742 3695; x_wconf 82' lang='grc' dir='ltr'>τὸν</span> 
     </span>
    </p>
   </div>
   <div class='ocr_carea' id='block_1_92' title="bbox 2152 3732 3742 3806">
    <p class='ocr_par' dir='ltr' id='par_1_92' title="bbox 2152 3732 3742 3806">
     <span class='ocr_line' id='line_1_92' title="bbox 2152 3732 3742 3806; baseline 0 -20"><span class='ocrx_word' id='word_1_713' title='bbox 2152 3733 2311 3802; x_wconf 86' lang='grc' dir='ltr'>λόγον</span> <span class='ocrx_word' id='word_1_714' title='bbox 2340 3750 2458 3800; x_wconf 92' lang='grc' dir='ltr'>σου,</span> <span class='ocrx_word' id='word_1_715' title='bbox 2493 3734 2656 3789; x_wconf 79' lang='grc' dir='ltr'><strong>άὸδᾶ.</strong></span> <span class='ocrx_word' id='word_1_716' title='bbox 2688 3735 2838 3806; x_wconf 84' lang='grc' dir='ltr'>Πλὴν</span> <span class='ocrx_word' id='word_1_717' title='bbox 2867 3732 3173 3806; x_wconf 84' lang='grc' dir='ltr'>παρακαλῶ</span> <span class='ocrx_word' id='word_1_718' title='bbox 3207 3750 3289 3800; x_wconf 90' lang='grc' dir='ltr'><strong>σε,</strong></span> <span class='ocrx_word' id='word_1_719' title='bbox 3327 3733 3402 3805; x_wconf 78' lang='grc' dir='ltr'>μὴ</span> <span class='ocrx_word' id='word_1_720' title='bbox 3448 3733 3610 3806; x_wconf 75' lang='grc' dir='ltr'>εἴπῃς</span> <span class='ocrx_word' id='word_1_721' title='bbox 3649 3750 3742 3803; x_wconf 91' lang='grc' dir='ltr'><strong>μοι</strong></span> 
     </span>
    </p>
   </div>
   <div class='ocr_carea' id='block_1_93' title="bbox 2153 3823 3743 3898">
    <p class='ocr_par' dir='ltr' id='par_1_93' title="bbox 2153 3823 3743 3898">
     <span class='ocr_line' id='line_1_93' title="bbox 2153 3823 3743 3898; baseline -0.001 -20"><span class='ocrx_word' id='word_1_722' title='bbox 2153 3824 2284 3878; x_wconf 79' lang='grc' dir='ltr'>ἄλλο</span> <span class='ocrx_word' id='word_1_723' title='bbox 2309 3824 2460 3891; x_wconf 76' lang='grc' dir='ltr'>ἅπαξ</span> <span class='ocrx_word' id='word_1_724' title='bbox 2481 3827 2502 3857; x_wconf 83' lang='grc'>³</span> <span class='ocrx_word' id='word_1_725' title='bbox 2537 3824 2794 3891; x_wconf 83' lang='grc' dir='ltr'>ἐξελθεῖν,</span> <span class='ocrx_word' id='word_1_726' title='bbox 2843 3825 2932 3880; x_wconf 79' lang='grc' dir='ltr'>ἵνα</span> <span class='ocrx_word' id='word_1_727' title='bbox 2979 3825 3054 3898; x_wconf 80' lang='grc' dir='ltr'>μὴ</span> <span class='ocrx_word' id='word_1_728' title='bbox 3085 3823 3420 3897; x_wconf 82' lang='grc' dir='ltr'>παρακούσω</span> <span class='ocrx_word' id='word_1_729' title='bbox 3471 3841 3587 3879; x_wconf 88' lang='grc' dir='ltr'>σου.</span> <span class='ocrx_word' id='word_1_730' title='bbox 3628 3824 3743 3877; x_wconf 86' lang='lat' dir='ltr'><strong>Kal</strong></span> 
     </span>
    </p>
   </div>
   <div class='ocr_carea' id='block_1_94' title="bbox 2155 3913 3742 3990">
    <p class='ocr_par' dir='ltr' id='par_1_94' title="bbox 2155 3913 3742 3990">
     <span class='ocr_line' id='line_1_94' title="bbox 2155 3913 3742 3990; baseline 0 -20"><span class='ocrx_word' id='word_1_731' title='bbox 2155 3915 2390 3982; x_wconf 81' lang='grc' dir='ltr'>ἐξελθὼν</span> <span class='ocrx_word' id='word_1_732' title='bbox 2413 3920 2444 3972; x_wconf 92' lang='lat'><strong>6</strong></span> <span class='ocrx_word' id='word_1_733' title='bbox 2468 3917 2647 3989; x_wconf 88' lang='grc' dir='ltr'>γέρων</span> <span class='ocrx_word' id='word_1_734' title='bbox 2687 3913 2844 3973; x_wconf 78' lang='grc' dir='ltr'>εἶπεν</span> <span class='ocrx_word' id='word_1_735' title='bbox 2889 3919 3026 3990; x_wconf 78' lang='grc' dir='ltr'>αὐτῇ</span> <span class='ocrx_word' id='word_1_736' title='bbox 3050 3934 3065 3949; x_wconf 88' lang='grc'><strong>·</strong></span> <span class='ocrx_word' id='word_1_737' title='bbox 3101 3917 3272 3981; x_wconf 78' lang='grc' dir='ltr'><strong>Αὐτός</strong></span> <span class='ocrx_word' id='word_1_738' title='bbox 3309 3917 3459 3972; x_wconf 88' lang='grc' dir='ltr'>ἐστιν</span> <span class='ocrx_word' id='word_1_739' title='bbox 3501 3918 3531 3970; x_wconf 93' lang='lat'><strong>6</strong></span> <span class='ocrx_word' id='word_1_740' title='bbox 3561 3917 3742 3973; x_wconf 79' lang='grc' dir='ltr'>ἀπαν-</span> 
     </span>
    </p>
   </div>
   <div class='ocr_carea' id='block_1_95' title="bbox 2154 4007 3745 4082">
    <p class='ocr_par' dir='ltr' id='par_1_95' title="bbox 2154 4007 3745 4082">
     <span class='ocr_line' id='line_1_95' title="bbox 2154 4007 3745 4082; baseline 0.002 -21"><span class='ocrx_word' id='word_1_741' title='bbox 2154 4009 2332 4078; x_wconf 89' lang='grc' dir='ltr'>τήσας</span> <span class='ocrx_word' id='word_1_742' title='bbox 2379 4009 2531 4078; x_wconf 84' lang='grc' dir='ltr'>ὑμῖν,</span> <span class='ocrx_word' id='word_1_743' title='bbox 2579 4008 2788 4079; x_wconf 75' lang='grc' dir='ltr'>λέγων’</span> <span class='ocrx_word' id='word_1_744' title='bbox 2844 4009 3134 4082; x_wconf 86' lang='grc' dir='ltr'>Σωθείητε.</span> <span class='ocrx_word' id='word_1_745' title='bbox 3193 4009 3305 4064; x_wconf 88' lang='lat' dir='ltr'><strong>Kal</strong></span> <span class='ocrx_word' id='word_1_746' title='bbox 3350 4007 3745 4080; x_wconf 72' lang='grc' dir='ltr'>παρακαλέσας</span> 
     </span>
    </p>
   </div>
   <div class='ocr_carea' id='block_1_96' title="bbox 2156 4099 2652 4170">
    <p class='ocr_par' dir='ltr' id='par_1_96' title="bbox 2156 4099 2652 4170">
     <span class='ocr_line' id='line_1_96' title="bbox 2156 4099 2652 4170; baseline 0.006 -16"><span class='ocrx_word' id='word_1_747' title='bbox 2156 4099 2328 4170; x_wconf 78' lang='grc' dir='ltr'>αὐτὴν</span> <span class='ocrx_word' id='word_1_748' title='bbox 2356 4099 2652 4157; x_wconf 81' lang='grc' dir='ltr'>ἀπέλυσεν.</span> 
     </span>
    </p>
   </div>
   <div class='ocr_carea' id='block_1_97' title="bbox 2227 4191 3744 4264">
    <p class='ocr_par' dir='ltr' id='par_1_97' title="bbox 2227 4191 3744 4264">
     <span class='ocr_line' id='line_1_97' title="bbox 2227 4191 3744 4264; baseline -0.001 -19"><span class='ocrx_word' id='word_1_749' title='bbox 2227 4191 2289 4245; x_wconf 86' lang='grc' dir='ltr'><strong>δ’.</strong></span> <span class='ocrx_word' id='word_1_750' title='bbox 2327 4191 2552 4247; x_wconf 78' lang='grc' dir='ltr'>’Λλλοτε</span> <span class='ocrx_word' id='word_1_751' title='bbox 2599 4192 2798 4264; x_wconf 77' lang='grc' dir='ltr'>συνέϐη</span> <span class='ocrx_word' id='word_1_752' title='bbox 2841 4191 3005 4246; x_wconf 79' lang='grc' dir='ltr'>αὐτὸν</span> <span class='ocrx_word' id='word_1_753' title='bbox 3057 4191 3292 4260; x_wconf 80' lang='grc' dir='ltr'>ἐξελθεῖν</span> <span class='ocrx_word' id='word_1_754' title='bbox 3331 4191 3440 4246; x_wconf 84' lang='grc' dir='ltr'>άπδ</span> <span class='ocrx_word' id='word_1_755' title='bbox 3468 4191 3744 4263; x_wconf 85' lang='grc' dir='ltr'>Σκήτεως,</span> 
     </span>
    </p>
   </div>
   <div class='ocr_carea' id='block_1_98' title="bbox 2157 4281 3744 4356">
    <p class='ocr_par' dir='ltr' id='par_1_98' title="bbox 2157 4281 3744 4356">
     <span class='ocr_line' id='line_1_98' title="bbox 2157 4281 3744 4356; baseline 0 -20"><span class='ocrx_word' id='word_1_756' title='bbox 2157 4283 2254 4338; x_wconf 70' lang='grc' dir='ltr'>καὶ</span> <span class='ocrx_word' id='word_1_757' title='bbox 2292 4281 2548 4340; x_wconf 80' lang='grc' dir='ltr'>ἀπελθεῖν</span> <span class='ocrx_word' id='word_1_758' title='bbox 2584 4284 2666 4350; x_wconf 80' lang='grc' dir='ltr'>είς</span> <span class='ocrx_word' id='word_1_759' title='bbox 2709 4284 2772 4339; x_wconf 78' lang='grc' dir='ltr'>τὸ</span> <span class='ocrx_word' id='word_1_760' title='bbox 2805 4285 2930 4356; x_wconf 72' lang='grc' dir='ltr'>ὅρος</span> <span class='ocrx_word' id='word_1_761' title='bbox 2961 4283 3023 4339; x_wconf 83' lang='grc' dir='ltr'>τὸ</span> <span class='ocrx_word' id='word_1_762' title='bbox 3055 4285 3206 4350; x_wconf 79' lang='grc' dir='ltr'>Σινὰ,</span> <span class='ocrx_word' id='word_1_763' title='bbox 3249 4284 3344 4339; x_wconf 74' lang='grc' dir='ltr'>καὶ</span> <span class='ocrx_word' id='word_1_764' title='bbox 3389 4285 3570 4355; x_wconf 89' lang='grc' dir='ltr'>μεῖναι</span> <span class='ocrx_word' id='word_1_765' title='bbox 3606 4284 3744 4336; x_wconf 88' lang='grc' dir='ltr'>ἐκεῖ.</span> 
     </span>
    </p>
   </div>
   <div class='ocr_carea' id='block_1_99' title="bbox 2158 4372 3746 4449">
    <p class='ocr_par' dir='ltr' id='par_1_99' title="bbox 2158 4372 3746 4449">
     <span class='ocr_line' id='line_1_99' title="bbox 2158 4372 3746 4449; baseline -0.003 -20"><span class='ocrx_word' id='word_1_766' title='bbox 2158 4376 2270 4430; x_wconf 88' lang='lat' dir='ltr'><strong>Kal</strong></span> <span class='ocrx_word' id='word_1_767' title='bbox 2294 4374 2542 4447; x_wconf 77' lang='grc' dir='ltr'>ἐπεμψεν</span> <span class='ocrx_word' id='word_1_768' title='bbox 2565 4378 2599 4448; x_wconf 86' lang='grc' dir='ltr'><strong>ή</strong></span> <span class='ocrx_word' id='word_1_769' title='bbox 2631 4377 2815 4449; x_wconf 86' lang='grc' dir='ltr'>μήτηρ</span> <span class='ocrx_word' id='word_1_770' title='bbox 2839 4376 2933 4430; x_wconf 88' lang='grc' dir='ltr'><strong>τοῦ</strong></span> <span class='ocrx_word' id='word_1_771' title='bbox 2975 4377 3204 4448; x_wconf 87' lang='grc' dir='ltr'>Μάρκου</span> <span class='ocrx_word' id='word_1_772' title='bbox 3250 4373 3546 4448; x_wconf 78' lang='grc' dir='ltr'>ὁρκίζουσα</span> <span class='ocrx_word' id='word_1_773' title='bbox 3581 4372 3746 4426; x_wconf 79' lang='grc' dir='ltr'>αὐτὸν</span> 
     </span>
    </p>
   </div>
   <div class='ocr_carea' id='block_1_100' title="bbox 2163 4463 3744 4540">
    <p class='ocr_par' dir='ltr' id='par_1_100' title="bbox 2163 4463 3744 4540">
     <span class='ocr_line' id='line_1_100' title="bbox 2163 4463 3744 4540; baseline -0.003 -19"><span class='ocrx_word' id='word_1_774' title='bbox 2163 4466 2302 4540; x_wconf 79' lang='grc' dir='ltr'>μετὰ</span> <span class='ocrx_word' id='word_1_775' title='bbox 2324 4467 2600 4540; x_wconf 84' lang='grc' dir='ltr'>δακρύων,</span> <span class='ocrx_word' id='word_1_776' title='bbox 2623 4468 2712 4522; x_wconf 89' lang='grc' dir='ltr'><strong>ῖνα</strong></span> <span class='ocrx_word' id='word_1_777' title='bbox 2733 4467 2925 4540; x_wconf 80' lang='grc' dir='ltr'>ἐξέλθῃ</span> <span class='ocrx_word' id='word_1_778' title='bbox 2941 4469 2970 4522; x_wconf 91' lang='lat'><strong>6</strong></span> <span class='ocrx_word' id='word_1_779' title='bbox 2989 4467 3102 4531; x_wconf 77' lang='grc' dir='ltr'><strong>υἱὸς</strong></span> <span class='ocrx_word' id='word_1_780' title='bbox 3125 4467 3317 4538; x_wconf 80' lang='grc' dir='ltr'>αὐτῆς,</span> <span class='ocrx_word' id='word_1_781' title='bbox 3335 4467 3428 4520; x_wconf 73' lang='grc' dir='ltr'>καὶ</span> <span class='ocrx_word' id='word_1_782' title='bbox 3456 4465 3538 4536; x_wconf 73' lang='grc' dir='ltr'><strong>ἴδῃ</strong></span> <span class='ocrx_word' id='word_1_783' title='bbox 3558 4463 3744 4518; x_wconf 85' lang='grc' dir='ltr'>αὐτόν.</span> 
     </span>
    </p>
   </div>
   <div class='ocr_carea' id='block_1_101' title="bbox 2169 4556 3746 4632">
    <p class='ocr_par' dir='ltr' id='par_1_101' title="bbox 2169 4556 3746 4632">
     <span class='ocr_line' id='line_1_101' title="bbox 2169 4556 3746 4632; baseline -0.004 -18"><span class='ocrx_word' id='word_1_784' title='bbox 2169 4560 2230 4614; x_wconf 86' lang='lat'><strong>&#39;0</strong></span> <span class='ocrx_word' id='word_1_785' title='bbox 2266 4559 2323 4614; x_wconf 82' lang='grc' dir='ltr'><strong>δὲ</strong></span> <span class='ocrx_word' id='word_1_786' title='bbox 2351 4559 2530 4632; x_wconf 86' lang='grc' dir='ltr'>γέρων</span> <span class='ocrx_word' id='word_1_787' title='bbox 2554 4560 2825 4614; x_wconf 83' lang='grc' dir='ltr'>ἀπέλυσεν</span> <span class='ocrx_word' id='word_1_788' title='bbox 2855 4558 3037 4614; x_wconf 84' lang='grc' dir='ltr'>αὐτόν.</span> <span class='ocrx_word' id='word_1_789' title='bbox 3079 4560 3192 4614; x_wconf 80' lang='lat' dir='ltr'><strong>Kal</strong></span> <span class='ocrx_word' id='word_1_790' title='bbox 3215 4559 3290 4623; x_wconf 81' lang='grc' dir='ltr'><strong>ὡς</strong></span> <span class='ocrx_word' id='word_1_791' title='bbox 3317 4557 3490 4611; x_wconf 86' lang='grc' dir='ltr'>ἐποίει</span> <span class='ocrx_word' id='word_1_792' title='bbox 3512 4556 3612 4626; x_wconf 79' lang='grc' dir='ltr'>τὴν</span> <span class='ocrx_word' id='word_1_793' title='bbox 3642 4571 3746 4626; x_wconf 86' lang='grc' dir='ltr'>μη-</span> 
     </span>
    </p>
   </div>
   <div class='ocr_carea' id='block_1_102' title="bbox 2159 4645 3747 4728">
    <p class='ocr_par' dir='ltr' id='par_1_102' title="bbox 2159 4645 3747 4728">
     <span class='ocr_line' id='line_1_102' title="bbox 2159 4645 3747 4728; baseline -0.008 -18"><span class='ocrx_word' id='word_1_794' title='bbox 2159 4655 2337 4728; x_wconf 82' lang='grc' dir='ltr'>λωτὴν</span> <span class='ocrx_word' id='word_1_795' title='bbox 2369 4653 2536 4709; x_wconf 80' lang='grc' dir='ltr'>αὑτοῦ</span> <span class='ocrx_word' id='word_1_796' title='bbox 2580 4654 2676 4708; x_wconf 88' lang='grc' dir='ltr'><strong>τοῦ</strong></span> <span class='ocrx_word' id='word_1_797' title='bbox 2706 4653 2974 4719; x_wconf 80' lang='grc' dir='ltr'>ἐξελθεῖν,</span> <span class='ocrx_word' id='word_1_798' title='bbox 3016 4652 3111 4706; x_wconf 73' lang='grc' dir='ltr'>καὶ</span> <span class='ocrx_word' id='word_1_799' title='bbox 3150 4652 3350 4722; x_wconf 80' lang='grc' dir='ltr'>ήρχετο</span> <span class='ocrx_word' id='word_1_800' title='bbox 3392 4645 3747 4704; x_wconf 82' lang='grc' dir='ltr'>ἀσπάσασθαι</span> 
     </span>
    </p>
   </div>
   <div class='ocr_carea' id='block_1_103' title="bbox 2161 4738 3749 4820">
    <p class='ocr_par' dir='ltr' id='par_1_103' title="bbox 2161 4738 3749 4820">
     <span class='ocr_line' id='line_1_103' title="bbox 2161 4738 3749 4820; baseline -0.008 -18"><span class='ocrx_word' id='word_1_801' title='bbox 2161 4747 2253 4802; x_wconf 81' lang='grc' dir='ltr'>τὸν</span> <span class='ocrx_word' id='word_1_802' title='bbox 2291 4748 2548 4820; x_wconf 85' lang='grc' dir='ltr'>γέροντα,</span> <span class='ocrx_word' id='word_1_803' title='bbox 2578 4746 2780 4812; x_wconf 79' lang='grc' dir='ltr'>εὐθέως</span> <span class='ocrx_word' id='word_1_804' title='bbox 2825 4745 3015 4800; x_wconf 75' lang='grc' dir='ltr'>ἔϐαλλε</span> <span class='ocrx_word' id='word_1_805' title='bbox 3048 4743 3278 4809; x_wconf 90' lang='grc' dir='ltr'>κλαίειν,</span> <span class='ocrx_word' id='word_1_806' title='bbox 3319 4741 3413 4796; x_wconf 71' lang='grc' dir='ltr'>καὶ</span> <span class='ocrx_word' id='word_1_807' title='bbox 3443 4741 3543 4795; x_wconf 83' lang='grc' dir='ltr'>οὑκ</span> <span class='ocrx_word' id='word_1_808' title='bbox 3583 4738 3749 4812; x_wconf 80' lang='grc' dir='ltr'>ἐξήρ-</span> 
     </span>
    </p>
   </div>
   <div class='ocr_carea' id='block_1_104' title="bbox 2163 4855 2308 4910">
    <p class='ocr_par' dir='ltr' id='par_1_104' title="bbox 2163 4855 2308 4910">
     <span class='ocr_line' id='line_1_104' title="bbox 2163 4855 2308 4910; baseline 0 -18"><span class='ocrx_word' id='word_1_809' title='bbox 2163 4855 2308 4910; x_wconf 86' lang='grc' dir='ltr'>χετο.</span> 
     </span>
    </p>
   </div>
   <div class='ocr_carea' id='block_1_105' title="bbox 2141 4910 3752 5002">
    <p class='ocr_par' dir='ltr' id='par_1_105' title="bbox 2141 4910 3752 5002">
     <span class='ocr_line' id='line_1_105' title="bbox 2141 4910 3752 5002; baseline -0.006 -17"><span class='ocrx_word' id='word_1_810' title='bbox 2141 4910 2158 4928; x_wconf 65' lang='grc'><strong>’</strong></span> <span class='ocrx_word' id='word_1_811' title='bbox 2235 4937 2296 4984; x_wconf 87' lang='grc' dir='ltr'>ε’.</span> <span class='ocrx_word' id='word_1_812' title='bbox 2329 4931 2557 5000; x_wconf 86' lang='grc' dir='ltr'>Ἔλεγον</span> <span class='ocrx_word' id='word_1_813' title='bbox 2583 4929 2829 5002; x_wconf 72' lang='grc' dir='ltr'>περὶτοῦ</span> <span class='ocrx_word' id='word_1_814' title='bbox 2854 4928 2997 4983; x_wconf 76' lang='grc' dir='ltr'><strong>άὸϐὅ</strong></span> <span class='ocrx_word' id='word_1_815' title='bbox 3023 4926 3336 4994; x_wconf 88' lang='grc' dir='ltr'>Σιλουανοῦ,</span> <span class='ocrx_word' id='word_1_816' title='bbox 3354 4926 3438 4979; x_wconf 83' lang='grc' dir='ltr'>ὅτι</span> <span class='ocrx_word' id='word_1_817' title='bbox 3465 4923 3541 4988; x_wconf 84' lang='grc' dir='ltr'><strong>ὡς</strong></span> <span class='ocrx_word' id='word_1_818' title='bbox 3560 4923 3752 4990; x_wconf 69' lang='grc' dir='ltr'>ἤθελεν</span> 
     </span>
    </p>
   </div>
   <div class='ocr_carea' id='block_1_106' title="bbox 2163 5015 3751 5096">
    <p class='ocr_par' dir='ltr' id='par_1_106' title="bbox 2163 5015 3751 5096">
     <span class='ocr_line' id='line_1_106' title="bbox 2163 5015 3751 5096; baseline -0.006 -19"><span class='ocrx_word' id='word_1_819' title='bbox 2163 5023 2398 5090; x_wconf 79' lang='grc' dir='ltr'>ἐξελθεῖν</span> <span class='ocrx_word' id='word_1_820' title='bbox 2430 5026 2510 5088; x_wconf 78' lang='grc' dir='ltr'>είς</span> <span class='ocrx_word' id='word_1_821' title='bbox 2553 5023 2790 5096; x_wconf 85' lang='grc' dir='ltr'>Συρίαν,</span> <span class='ocrx_word' id='word_1_822' title='bbox 2843 5018 2998 5076; x_wconf 80' lang='grc' dir='ltr'>εἶπεν</span> <span class='ocrx_word' id='word_1_823' title='bbox 3041 5020 3188 5093; x_wconf 78' lang='grc' dir='ltr'>αὑτῷ</span> <span class='ocrx_word' id='word_1_824' title='bbox 3216 5023 3244 5074; x_wconf 93' lang='lat'><strong>6</strong></span> <span class='ocrx_word' id='word_1_825' title='bbox 3295 5018 3542 5091; x_wconf 84' lang='grc' dir='ltr'>μαθητὴς</span> <span class='ocrx_word' id='word_1_826' title='bbox 3582 5015 3751 5070; x_wconf 79' lang='grc' dir='ltr'>αὑτοῦ</span> 
     </span>
    </p>
   </div>
   <div class='ocr_carea' id='block_1_107' title="bbox 473 5107 2045 5189">
    <p class='ocr_par' dir='ltr' id='par_1_107' title="bbox 473 5114 2045 5184">
     <span class='ocr_line' id='line_1_107' title="bbox 473 5114 2045 5184; baseline -0.001 -14"><span class='ocrx_word' id='word_1_827' title='bbox 473 5115 596 5184; x_wconf 87' lang='lat' dir='ltr'><strong>ejus</strong></span> <span class='ocrx_word' id='word_1_828' title='bbox 627 5115 844 5172; x_wconf 87' lang='lat' dir='ltr'><strong>Marcus</strong></span> <span class='ocrx_word' id='word_1_829' title='bbox 874 5134 888 5171; x_wconf 92' lang='lat'><strong>:</strong></span> <span class='ocrx_word' id='word_1_830' title='bbox 937 5114 1119 5180; x_wconf 86' lang='lat' dir='ltr'><strong>Pater,</strong></span> <span class='ocrx_word' id='word_1_831' title='bbox 1149 5116 1279 5170; x_wconf 91' lang='lat' dir='ltr'><strong>nolo</strong></span> <span class='ocrx_word' id='word_1_832' title='bbox 1326 5115 1476 5171; x_wconf 85' lang='lat' dir='ltr'><strong>exire</strong></span> <span class='ocrx_word' id='word_1_833' title='bbox 1521 5114 1685 5182; x_wconf 75' lang='lat' dir='ltr'><strong>hinc;</strong></span> <span class='ocrx_word' id='word_1_834' title='bbox 1719 5114 1815 5170; x_wconf 88' lang='lat' dir='ltr'><strong>sed</strong></span> <span class='ocrx_word' id='word_1_835' title='bbox 1871 5128 1971 5168; x_wconf 91' lang='lat' dir='ltr'><strong>nec</strong></span> <span class='ocrx_word' id='word_1_836' title='bbox 2008 5122 2045 5169; x_wconf 73' lang='lat' dir='ltr'><strong>tt</strong></span> 
     </span>
    </p>
   </div>
   <div class='ocr_carea' id='block_1_108' title="bbox 2152 5107 3754 5189">
    <p class='ocr_par' dir='ltr' id='par_1_108' title="bbox 2161 5107 3754 5189">
     <span class='ocr_line' id='line_1_108' title="bbox 2161 5107 3754 5189; baseline -0.007 -17"><span class='ocrx_word' id='word_1_837' title='bbox 2161 5116 2421 5189; x_wconf 83' lang='grc' dir='ltr'>Μάρκος·</span> <span class='ocrx_word' id='word_1_838' title='bbox 2452 5116 2656 5188; x_wconf 87' lang='grc' dir='ltr'>Πάτερ,</span> <span class='ocrx_word' id='word_1_839' title='bbox 2687 5116 2749 5169; x_wconf 79' lang='grc' dir='ltr'>οὐ</span> <span class='ocrx_word' id='word_1_840' title='bbox 2791 5115 2929 5168; x_wconf 87' lang='grc' dir='ltr'>Θέλω</span> <span class='ocrx_word' id='word_1_841' title='bbox 2975 5113 3208 5180; x_wconf 82' lang='grc' dir='ltr'>ἐξελθεῖν</span> <span class='ocrx_word' id='word_1_842' title='bbox 3256 5112 3442 5166; x_wconf 76' lang='grc' dir='ltr'>ἐνθενο</span> <span class='ocrx_word' id='word_1_843' title='bbox 3487 5107 3600 5164; x_wconf 82' lang='grc' dir='ltr'>ἀλλ’</span> <span class='ocrx_word' id='word_1_844' title='bbox 3627 5108 3754 5163; x_wconf 72' lang='grc' dir='ltr'><strong>οὐδὲ</strong></span> 
     </span>
    </p>
   </div>
   <div class='ocr_carea' id='block_1_109' title="bbox 476 5205 2062 5280">
    <p class='ocr_par' dir='ltr' id='par_1_109' title="bbox 476 5205 2062 5280">
     <span class='ocr_line' id='line_1_109' title="bbox 476 5205 2062 5280; baseline 0.001 -22"><span class='ocrx_word' id='word_1_845' title='bbox 476 5207 652 5274; x_wconf 88' lang='lat' dir='ltr'><strong>patiar</strong></span> <span class='ocrx_word' id='word_1_846' title='bbox 689 5209 894 5280; x_wconf 86' lang='lat' dir='ltr'><strong>egredi,</strong></span> <span class='ocrx_word' id='word_1_847' title='bbox 939 5208 1102 5263; x_wconf 83' lang='lat' dir='ltr'><strong>abba.</strong></span> <span class='ocrx_word' id='word_1_848' title='bbox 1144 5207 1347 5264; x_wconf 86' lang='lat' dir='ltr'><strong>Verum</strong></span> <span class='ocrx_word' id='word_1_849' title='bbox 1389 5207 1479 5263; x_wconf 90' lang='lat' dir='ltr'><strong>hic</strong></span> <span class='ocrx_word' id='word_1_850' title='bbox 1512 5213 1627 5262; x_wconf 91' lang='lat' dir='ltr'><strong>trcs</strong></span> <span class='ocrx_word' id='word_1_851' title='bbox 1676 5205 1796 5262; x_wconf 88' lang='lat' dir='ltr'><strong>dics</strong></span> <span class='ocrx_word' id='word_1_852' title='bbox 1844 5219 2062 5278; x_wconf 86' lang='lat' dir='ltr'><strong>perma-</strong></span> 
     </span>
    </p>
   </div>
   <div class='ocr_carea' id='block_1_110' title="bbox 477 5296 1782 5358">
    <p class='ocr_par' dir='ltr' id='par_1_110' title="bbox 477 5296 1782 5358">
     <span class='ocr_line' id='line_1_110' title="bbox 477 5296 1782 5358; baseline 0.006 -8"><span class='ocrx_word' id='word_1_853' title='bbox 477 5307 626 5352; x_wconf 88' lang='lat' dir='ltr'><strong>neto.</strong></span> <span class='ocrx_word' id='word_1_854' title='bbox 658 5296 726 5352; x_wconf 87' lang='lat' dir='ltr'><strong>Et</strong></span> <span class='ocrx_word' id='word_1_855' title='bbox 751 5302 910 5356; x_wconf 90' lang='lat' dir='ltr'><strong>tertia</strong></span> <span class='ocrx_word' id='word_1_856' title='bbox 937 5301 1027 5358; x_wconf 89' lang='lat' dir='ltr'><strong>die</strong></span> <span class='ocrx_word' id='word_1_857' title='bbox 1051 5312 1227 5357; x_wconf 89' lang='lat' dir='ltr'><strong>morte</strong></span> <span class='ocrx_word' id='word_1_858' title='bbox 1256 5300 1517 5356; x_wconf 91' lang='lat' dir='ltr'><strong>occubuit</strong></span> <span class='ocrx_word' id='word_1_859' title='bbox 1549 5299 1782 5357; x_wconf 85' lang='lat' dir='ltr'><strong>Marcus.</strong></span> 
     </span>
    </p>
   </div>
   <div class='ocr_carea' id='block_1_111' title="bbox 2166 5194 3755 5278">
    <p class='ocr_par' dir='ltr' id='par_1_111' title="bbox 2166 5194 3755 5278">
     <span class='ocr_line' id='line_1_111' title="bbox 2166 5194 3755 5278; baseline -0.004 -18"><span class='ocrx_word' id='word_1_860' title='bbox 2166 5207 2227 5260; x_wconf 89' lang='grc' dir='ltr'><strong>σέ</strong></span> <span class='ocrx_word' id='word_1_861' title='bbox 2256 5207 2382 5278; x_wconf 69' lang='grc' dir='ltr'><strong>ἀερῶ</strong></span> <span class='ocrx_word' id='word_1_862' title='bbox 2411 5206 2669 5274; x_wconf 77' lang='grc' dir='ltr'>ἐξελθεῖν,</span> <span class='ocrx_word' id='word_1_863' title='bbox 2693 5206 2856 5261; x_wconf 76' lang='grc' dir='ltr'>άϐδᾶ.</span> <span class='ocrx_word' id='word_1_864' title='bbox 2888 5205 3050 5259; x_wconf 80' lang='grc' dir='ltr'>Ἀλλὰ</span> <span class='ocrx_word' id='word_1_865' title='bbox 3081 5205 3420 5277; x_wconf 87' lang='grc' dir='ltr'>παράμεινον</span> <span class='ocrx_word' id='word_1_866' title='bbox 3439 5194 3574 5255; x_wconf 79' lang='grc' dir='ltr'><strong>ὧδε³</strong></span> <span class='ocrx_word' id='word_1_867' title='bbox 3602 5202 3755 5272; x_wconf 84' lang='grc' dir='ltr'>τρεῖς</span> 
     </span>
    </p>
   </div>
   <div class='ocr_carea' id='block_1_112' title="bbox 2165 5294 3394 5372">
    <p class='ocr_par' dir='ltr' id='par_1_112' title="bbox 2165 5294 3394 5372">
     <span class='ocr_line' id='line_1_112' title="bbox 2165 5294 3394 5372; baseline -0.003 -18"><span class='ocrx_word' id='word_1_868' title='bbox 2165 5298 2402 5371; x_wconf 79' lang='grc' dir='ltr'>ἡμέρας.</span> <span class='ocrx_word' id='word_1_869' title='bbox 2431 5299 2544 5354; x_wconf 85' lang='lat' dir='ltr'><strong>Kal</strong></span> <span class='ocrx_word' id='word_1_870' title='bbox 2567 5301 2632 5371; x_wconf 85' lang='grc' dir='ltr'>τῇ</span> <span class='ocrx_word' id='word_1_871' title='bbox 2666 5297 2827 5372; x_wconf 76' lang='grc' dir='ltr'>τρίτῃ</span> <span class='ocrx_word' id='word_1_872' title='bbox 2852 5298 3038 5371; x_wconf 75' lang='grc' dir='ltr'>ἡμέρᾳ</span> <span class='ocrx_word' id='word_1_873' title='bbox 3061 5296 3326 5369; x_wconf 85' lang='grc' dir='ltr'>ἐκοιμήθη</span> <span class='ocrx_word' id='word_1_874' title='bbox 3351 5294 3394 5350; x_wconf 70' lang='grc'>⁵.</span> 
     </span>
    </p>
   </div>
   <div class='ocr_carea' id='block_1_113' title="bbox 547 5411 2045 5491">
    <p class='ocr_par' dir='ltr' id='par_1_113' title="bbox 547 5414 2045 5491">
     <span class='ocr_line' id='line_1_113' title="bbox 547 5414 2045 5491; baseline -0.002 -15"><span class='ocrx_word' id='word_1_875' title='bbox 547 5414 780 5491; x_wconf 30' lang='lat' dir='ltr'><strong>“illatae,</strong></span> <span class='ocrx_word' id='word_1_876' title='bbox 805 5420 900 5491; x_wconf 71' lang='lat' dir='ltr'><strong>xal</strong></span> <span class='ocrx_word' id='word_1_877' title='bbox 918 5421 1209 5476; x_wconf 87' lang='grc' dir='ltr'>ἐνεκάλουν</span> <span class='ocrx_word' id='word_1_878' title='bbox 1228 5423 1414 5482; x_wconf 82' lang='grc' dir='ltr'>αὐτόν.</span> <span class='ocrx_word' id='word_1_879' title='bbox 1448 5423 1653 5480; x_wconf 82' lang='lat' dir='ltr'><strong>absunt</strong></span> <span class='ocrx_word' id='word_1_880' title='bbox 1684 5422 1752 5477; x_wconf 89' lang='lat' dir='ltr'><strong>ab</strong></span> <span class='ocrx_word' id='word_1_881' title='bbox 1773 5421 1845 5475; x_wconf 84' lang='lat' dir='ltr'><strong>al.</strong></span> <span class='ocrx_word' id='word_1_882' title='bbox 1921 5422 1969 5454; x_wconf 77' lang='grc'><strong>⁸⁸</strong></span> <span class='ocrx_word' id='word_1_883' title='bbox 2009 5419 2045 5473; x_wconf 84' lang='grc' dir='ltr'>Α</span> 
     </span>
    </p>
   </div>
   <div class='ocr_carea' id='block_1_114' title="bbox 2152 5411 3762 5491">
    <p class='ocr_par' dir='ltr' id='par_1_114' title="bbox 2152 5411 3762 5491">
     <span class='ocr_line' id='line_1_114' title="bbox 2152 5411 3762 5491; baseline -0.002 -20"><span class='ocrx_word' id='word_1_884' title='bbox 2152 5418 2189 5472; x_wconf 77' lang='lat'><em>:6</em></span> <span class='ocrx_word' id='word_1_885' title='bbox 2211 5421 2253 5473; x_wconf 92' lang='grc' dir='ltr'>Ο</span> <span class='ocrx_word' id='word_1_886' title='bbox 2273 5419 2530 5491; x_wconf 26' lang='grc' dir='ltr'>ήρξατοᾎ</span> <span class='ocrx_word' id='word_1_887' title='bbox 2571 5419 2619 5452; x_wconf 76' lang='grc'>⁸⁸</span> <span class='ocrx_word' id='word_1_888' title='bbox 2657 5419 2820 5491; x_wconf 70' lang='lat' dir='ltr'><strong>Qeest</strong></span> <span class='ocrx_word' id='word_1_889' title='bbox 2857 5420 3020 5473; x_wconf 79' lang='grc' dir='ltr'>αὐτόν</span> <span class='ocrx_word' id='word_1_890' title='bbox 3062 5418 3116 5472; x_wconf 89' lang='lat' dir='ltr'><strong>in</strong></span> <span class='ocrx_word' id='word_1_891' title='bbox 3143 5417 3221 5491; x_wconf 66' lang='lat' dir='ltr'><strong>al.</strong></span> <span class='ocrx_word' id='word_1_892' title='bbox 3263 5415 3342 5491; x_wconf 64' lang='lat'><strong>_&quot;</strong></span> <span class='ocrx_word' id='word_1_893' title='bbox 3365 5413 3477 5491; x_wconf 42' lang='grc' dir='ltr'><strong>-Α1.⁸</strong></span> <span class='ocrx_word' id='word_1_894' title='bbox 3498 5411 3629 5491; x_wconf 80' lang='lat' dir='ltr'><strong>ins._</strong></span> <span class='ocrx_word' id='word_1_895' title='bbox 3649 5411 3762 5491; x_wconf 65' lang='grc' dir='ltr'>ὅτι.</span> 
     </span>
    </p>
   </div>
   <div class='ocr_carea' id='block_1_115' title="bbox 479 5484 922 5555">
    <p class='ocr_par' dir='ltr' id='par_1_115' title="bbox 479 5484 922 5555">
     <span class='ocr_line' id='line_1_115' title="bbox 479 5484 922 5555; baseline 0.002 -15"><span class='ocrx_word' id='word_1_896' title='bbox 479 5486 526 5520; x_wconf 70' lang='grc'><strong>⁸³</strong></span> <span class='ocrx_word' id='word_1_897' title='bbox 561 5484 643 5540; x_wconf 75' lang='grc' dir='ltr'><strong>ΑΙ.</strong></span> <span class='ocrx_word' id='word_1_898' title='bbox 672 5485 922 5555; x_wconf 83' lang='grc' dir='ltr'>ἀδελφοῦ.</span> 
     </span>
    </p>
   </div>
   <div class='ocr_carea' id='block_1_116' title="bbox 482 5555 1594 5638">
    <p class='ocr_par' dir='ltr' id='par_1_116' title="bbox 482 5555 1594 5638">
     <span class='ocr_line' id='line_1_116' title="bbox 482 5555 1594 5638; baseline 0.006 -27"><span class='ocrx_word' id='word_1_899' title='bbox 482 5559 652 5613; x_wconf 84' lang='lat' dir='ltr'><strong>inser.</strong></span> <span class='ocrx_word' id='word_1_900' title='bbox 680 5555 869 5612; x_wconf 70' lang='grc' dir='ltr'>ἄλλας.</span> <span class='ocrx_word' id='word_1_901' title='bbox 943 5557 965 5589; x_wconf 80' lang='grc'><strong>⁸</strong></span> <span class='ocrx_word' id='word_1_902' title='bbox 1002 5560 1086 5613; x_wconf 84' lang='grc' dir='ltr'><strong>ΑΙ.</strong></span> <span class='ocrx_word' id='word_1_903' title='bbox 1125 5563 1252 5619; x_wconf 84' lang='lat' dir='ltr'><strong>add.</strong></span> <span class='ocrx_word' id='word_1_904' title='bbox 1277 5555 1344 5618; x_wconf 77' lang='grc' dir='ltr'>’ἐν</span> <span class='ocrx_word' id='word_1_905' title='bbox 1378 5555 1594 5638; x_wconf 76' lang='grc' dir='ltr'>ε’ῖρήνῃ.</span> 
     </span>
    </p>
   </div>
   <div class='ocr_carea' id='block_1_117' title="bbox 552 5665 1220 5742">
    <p class='ocr_par' dir='ltr' id='par_1_117' title="bbox 552 5665 1220 5742">
     <span class='ocr_line' id='line_1_117' title="bbox 552 5665 1220 5742; baseline -0.003 -16"><span class='ocrx_word' id='word_1_906' title='bbox 552 5667 662 5742; x_wconf 72' lang='grc'><strong>(65)</strong></span> <span class='ocrx_word' id='word_1_907' title='bbox 695 5665 800 5723; x_wconf 78' lang='grc' dir='ltr'>γει.</span> <span class='ocrx_word' id='word_1_908' title='bbox 836 5665 993 5721; x_wconf 86' lang='lat' dir='ltr'><strong>Patr.</strong></span> <span class='ocrx_word' id='word_1_909' title='bbox 1026 5683 1137 5733; x_wconf 83' lang='lat' dir='ltr'><strong>xw,</strong></span> <span class='ocrx_word' id='word_1_910' title='bbox 1170 5672 1220 5725; x_wconf 84' lang='lat'><strong>6.</strong></span> 
     </span>
    </p>
   </div>
   <div class='ocr_carea' id='block_1_118' title="bbox 1033 5484 2755 5565">
    <p class='ocr_par' dir='ltr' id='par_1_118' title="bbox 1033 5484 2755 5565">
     <span class='ocr_line' id='line_1_118' title="bbox 1033 5484 2755 5565; baseline -0.001 -19"><span class='ocrx_word' id='word_1_911' title='bbox 1033 5493 1079 5565; x_wconf 78' lang='lat'><strong>’_’</strong></span> <span class='ocrx_word' id='word_1_912' title='bbox 1117 5494 1202 5565; x_wconf 83' lang='lat' dir='ltr'><strong>Al.</strong></span> <span class='ocrx_word' id='word_1_913' title='bbox 1217 5493 1305 5565; x_wconf 58' lang='lat' dir='ltr'><strong>at}:</strong></span> <span class='ocrx_word' id='word_1_914' title='bbox 1333 5493 1454 5565; x_wconf 84' lang='grc' dir='ltr'>υἱῷ.</span> <span class='ocrx_word' id='word_1_915' title='bbox 1548 5495 1564 5526; x_wconf 88' lang='grc'>¹</span> <span class='ocrx_word' id='word_1_916' title='bbox 1609 5494 1693 5547; x_wconf 78' lang='lat' dir='ltr'><strong>Al.</strong></span> <span class='ocrx_word' id='word_1_917' title='bbox 1733 5492 1854 5546; x_wconf 74' lang='grc' dir='ltr'>οὐδὲ</span> <span class='ocrx_word' id='word_1_918' title='bbox 1883 5493 1917 5563; x_wconf 83' lang='grc' dir='ltr'><strong>ή</strong></span> <span class='ocrx_word' id='word_1_919' title='bbox 1949 5509 2006 5562; x_wconf 86' lang='grc' dir='ltr'><strong>μ.</strong></span> <span class='ocrx_word' id='word_1_920' title='bbox 2038 5507 2092 5544; x_wconf 92' lang='grc' dir='ltr'><strong>α.</strong></span> <span class='ocrx_word' id='word_1_921' title='bbox 2127 5491 2242 5559; x_wconf 91' lang='grc' dir='ltr'>ἐγν.</span> <span class='ocrx_word' id='word_1_922' title='bbox 2274 5484 2328 5544; x_wconf 65' lang='grc' dir='ltr'>οἱ.</span> <span class='ocrx_word' id='word_1_923' title='bbox 2363 5484 2446 5544; x_wconf 76' lang='grc' dir='ltr'>ὅτι</span> <span class='ocrx_word' id='word_1_924' title='bbox 2475 5484 2630 5554; x_wconf 72' lang='grc' dir='ltr'>οὗτος</span> <span class='ocrx_word' id='word_1_925' title='bbox 2677 5485 2755 5562; x_wconf 80' lang='grc' dir='ltr'>ἦν.</span> 
     </span>
    </p>
   </div>
   <div class='ocr_carea' id='block_1_119' title="bbox 2871 5480 3736 5554">
    <p class='ocr_par' dir='ltr' id='par_1_119' title="bbox 2871 5480 3736 5554">
     <span class='ocr_line' id='line_1_119' title="bbox 2871 5480 3736 5554; baseline -0.009 -9"><span class='ocrx_word' id='word_1_926' title='bbox 2871 5491 3084 5546; x_wconf 83' lang='lat' dir='ltr'><strong>’Abest</strong></span> <span class='ocrx_word' id='word_1_927' title='bbox 3139 5486 3286 5554; x_wconf 72' lang='lat' dir='ltr'><strong>am:</strong></span> <span class='ocrx_word' id='word_1_928' title='bbox 3334 5485 3400 5542; x_wconf 88' lang='lat' dir='ltr'><strong>ab</strong></span> <span class='ocrx_word' id='word_1_929' title='bbox 3431 5484 3501 5539; x_wconf 88' lang='lat' dir='ltr'><strong>al.</strong></span> <span class='ocrx_word' id='word_1_930' title='bbox 3609 5481 3631 5517; x_wconf 82' lang='grc'><em>³</em></span> <span class='ocrx_word' id='word_1_931' title='bbox 3670 5480 3736 5537; x_wconf 65' lang='grc' dir='ltr'><strong>Α]</strong></span> 
     </span>
    </p>
   </div>
   <div class='ocr_carea' id='block_1_120' title="bbox 2251 5668 3012 5741">
    <p class='ocr_par' dir='ltr' id='par_1_120' title="bbox 2251 5668 3012 5741">
     <span class='ocr_line' id='line_1_120' title="bbox 2251 5668 3012 5741; baseline -0.004 -19"><span class='ocrx_word' id='word_1_932' title='bbox 2251 5669 2362 5741; x_wconf 71' lang='grc' dir='ltr'><strong>(Η)</strong></span> <span class='ocrx_word' id='word_1_933' title='bbox 2403 5668 2510 5726; x_wconf 83' lang='lat' dir='ltr'><strong>Vit.</strong></span> <span class='ocrx_word' id='word_1_934' title='bbox 2551 5669 2699 5724; x_wconf 82' lang='lat' dir='ltr'><strong>Patr.</strong></span> <span class='ocrx_word' id='word_1_935' title='bbox 2735 5685 2891 5736; x_wconf 83' lang='lat' dir='ltr'><strong>xvttt,</strong></span> <span class='ocrx_word' id='word_1_936' title='bbox 2925 5669 3012 5720; x_wconf 78' lang='grc'><strong>51.</strong></span> 
     </span>
    </p>
   </div>
  </div>
