4036 6202
282 316 398 376 9.97

691 434 833 505 Περὶ
863 433 970 489 τοῦ
1000 431 1151 490 ἀϐσᾶ
1175 434 1500 503 Μιλησίου.

374 574 442 625 α’.
473 566 891 642 Παρερχὸμενος
932 571 961 624 6
997 571 1170 636 assa;
1205 573 1469 645 Μιλήσιος
1506 573 1594 628 διά
1623 592 1767 640 τινος
1799 575 1888 629 τό·

303 676 428 724 που,
464 655 574 713 εἶδέ
619 677 744 719 τινα
775 662 1006 733 μοναχὸν
1055 664 1423 734 κρατούμενον
1467 665 1572 719 ὑπό
1603 683 1746 731 τινος
1766 705 1781 729 ,
1810 665 1886 728 ὡς

304 753 459 822 φόνον
492 754 818 826 ποιήσαντα.
849 756 960 808 Kal
995 755 1364 826 προσεγγίσας
1393 759 1422 810 6
1449 757 1646 829 γέρων,
1677 758 1885 828 ἐπερώ-

299 861 430 913 τησε
488 844 583 899 τὸν
635 845 885 914 ἀδελφόν.
933 847 1042 899 Kal
1083 846 1270 918 μαθὼν
1302 849 1384 900 ὅτι
1429 853 1880 918 συκοφαντεῖται,

299 935 444 1005 λέγει
499 937 641 1008 πρὸς
697 939 824 1002 τοὺς
874 937 1203 1008 κατέχοντας
1256 939 1450 992 αὐτόν·
1499 939 1608 992 Ποῦ
1660 939 1806 993 ἔστιν
1854 943 1883 994 6

293 1028 612 1095 φονευθείςς
648 1029 758 1082 Kal
797 1028 1004 1094 ἔδειξαν
1049 1029 1213 1100 αὐτῷ.
1257 1031 1369 1084 Kal
1403 1032 1768 1102 προσεγγίσας
1803 1031 1882 1102 τῷ

291 1119 626 1187 φονευθέντι,
650 1118 772 1174 εἷπε
800 1122 932 1174 πᾶσι
969 1121 1392 1190 προσεύξασθαι.
1424 1122 1596 1176 Αὑτοῦ
1623 1123 1680 1177 δὲ
1711 1124 1881 1176 ἐκπεη

287 1208 562 1272 τάσαντος
589 1208 688 1273 τὰς
716 1213 906 1281 χεῖρας
929 1209 1064 1280 πρὸς
1093 1209 1184 1263 τὸν
1207 1209 1360 1275 Θεὸν,
1385 1210 1582 1281 ἀνέστη
1614 1213 1642 1264 6
1666 1211 1874 1282 νεκρός.

287 1298 400 1352 Kal
429 1294 585 1352 εἶπεν
633 1299 784 1370 αὑτῷ
810 1300 905 1353 ἐπὶ
935 1298 1154 1353 πάντων
1176 1315 1190 1330 ⁸
1221 1295 1358 1353 Εἰπὲ
1398 1301 1529 1372 ἡμῖν
1553 1301 1638 1366 τίς
1675 1303 1821 1354 ἐστιν
1850 1304 1878 1356 ὀ

287 1391 564 1459 φονεύσας
596 1410 678 1446 σε.
713 1394 774 1446 '0
815 1395 872 1447 δέ
906 1391 1085 1459 εἶπεν,
1122 1395 1204 1448 ὅτι
1243 1393 1517 1448 Εἰσελθὼν
1549 1397 1631 1483 είς
1658 1393 1756 1465 τὴν
1786 1396 1877 1448 ἐκ-

286 1481 768 1552 κλησίαν,’δέδωκα
801 1485 1058 1556 χρήματα
1078 1485 1158 1556 τῷ
1183 1485 1566 1558 πρεσϐυτέρῳ·
1594 1481 1622 1540 6
1658 1487 1715 1540 δὲ
1742 1488 1875 1541 ἁνα-

287 1570 443 1635 στὰς,
498 1572 700 1642 ἐσφαεέ
750 1591 854 1646 με·
885 1576 982 1629 καὶ
1034 1576 1372 1646 ἀπενέγκας,
1413 1578 1634 1650 ἔρριψεν
1686 1580 1765 1642 είς
1813 1579 1874 1631 τὸ

287 1667 654 1738 μοναστήριον
683 1666 776 1720 τοῦ
813 1667 974 1721 ἀδεᾶ.
1016 1668 1176 1722 Ἀλλὰ
1203 1669 1507 1740 παρακαλῶ
1541 1671 1720 1741 ὑμᾶς,
1773 1671 1870 1742 ληο

1484 317 2097 380 ΑΡΟΡΙΙΤΗΕΟΜΑΤΑ
2140 301 2446 390 parum.

3460 371 3568 431 29⁸

2520 446 2597 502 De
2635 450 2819 509 abbate
2847 455 3071 515 Milesio.

2068 572 2117 625 Ι.
2159 572 2539 636 Pertransiens
2571 583 2740 640 abbas
2769 588 3016 648 Milesius
3044 610 3142 665 per
3169 605 3458 671 quemdam
3489 608 3568 663 lo-

1994 675 2118 714 cum
2158 705 2172 727 ,
2201 667 2337 721 vidit
2369 673 2702 729 monachum
2743 678 2813 733 ab
2846 681 3028 752 aliquo
3067 667 3260 756 teneri,
3287 696 3433 751 velut
3466 698 3569 752 lm-

1994 751 2269 810 micidam.
2337 757 2404 811 Et
2459 751 2948 836 appropinquans
2983 789 3151 833 senex
3209 751 3569 859 interrogavit

1991 840 2238 899 fratrem.
2267 847 2514 921 Cumque
2539 853 2846 924 didicisset,
2873 865 3203 924 calumniam
3241 875 3289 928 ei
3321 840 3456 945 ﬁeri:
3495 882 3564 936 ad

1991 932 2114 990 illos
2139 937 2230 1007 qui
2261 939 2575 1000 detinebant
2602 947 2714 1003 ait:
2747 950 2847 1006 L'hi
2867 969 2947 1011 est
2973 960 3066 1029 qui
3091 932 3411 1024 interfectus
3431 932 3566 1028 fuit?

1990 1024 2056 1079 Et
2116 1030 2473 1088 ostenderunt
2521 1035 2592 1092 ei.
2646 1038 2833 1112 Itaque
2875 1047 2942 1101 ad
2991 1024 3342 1112 interfectum
3374 1065 3562 1129 proxi-

1987 1130 2164 1184 mans,
2200 1119 2396 1177 indixit
2449 1129 2666 1186 cunctis
2717 1140 2775 1187 ut
2824 1148 3066 1195 orarent.
3104 1142 3400 1216 Postquam
3435 1167 3564 1206 vero

1987 1223 2182 1267 manus
2237 1217 2587 1284 expandisset
2623 1222 2698 1277 .ad
2737 1225 2942 1295 Deum,
2999 1239 3240 1292 surrexit
3287 1250 3557 1301 mortuus.

1987 1296 2121 1353 Tum
2151 1317 2336 1358 coram
2371 1310 2625 1368 omnibus
2658 1313 2901 1375 Milesius
2934 1323 3074 1378 dixit
3103 1327 3151 1382 ei
3196 1348 3208 1384 :
3253 1329 3432 1389 Ell‘are
3463 1352 3564 1390 no-

1984 1391 2067 1448 bis
2096 1395 2221 1463 quis
2255 1399 2520 1456 occiderit
2569 1411 2642 1460 te.
2691 1408 2784 1465 Ille
2816 1417 3061 1471 narravit
3103 1421 3183 1476 sic
3214 1441 3229 1477 :
3275 1422 3563 1496 Ingressus

1984 1483 2036 1537 in
2078 1487 2394 1557 ecclesiam,
2432 1493 2557 1550 dedi
2591 1503 2854 1568 pecunias
2895 1510 3250 1581 presbytero;
3290 1483 3384 1588 (ιῦί
3433 1535 3561 1575 sur~

1979 1591 2114 1645 gens
2137 1577 2411 1650 iugulavit
2455 1602 2572 1654 me,
2600 1605 3009 1670 asportansque
3039 1577 3266 1674 projecit
3306 1577 3360 1663 in
3391 1611 3560 1667 abha-

1980 1667 2050 1722 tis
2083 1675 2496 1732 monasterium.
2536 1679 2641 1737 Sed
2678 1701 2810 1757 rogo
2854 1667 2980 1758 vos,
3011 1696 3087 1748 uti
3123 1703 3365 1766 pecuniae
3402 1716 3561 1759 recu-

283 1757 491 1829 φθῆναι
534 1761 605 1815 τὰ
644 1763 925 1833 χρήματα,
958 1763 1055 1817 καὶ
1088 1763 1308 1835 δοθῆναι
1345 1767 1457 1829 τοῖς
1484 1763 1697 1828 τέκνοις
1746 1782 1860 1834 μου.

1981 1771 2259 1828 perentur,
2295 1781 2359 1822 ac
2391 1771 2682 1829 tradantur
2711 1777 2900 1837 liberis
2947 1786 3102 1842 meis.
3139 1789 3275 1845 'l‘um
3303 1793 3370 1848 ad
3406 1795 3558 1853 illum

283 1851 424 1904 Τότε
459 1848 583 1905 εἷπε
615 1853 746 1924 πρὸς
778 1854 939 1908 αὐτὸν
966 1856 994 1908 6
1027 1854 1206 1925 γέρων
1229 1871 1243 1885 ο
1278 1854 1640 1920 Ἀπελθε,καὶ
1674 1856 1870 1927 κοιμῶ,

282 1941 395 2005 ἕως
422 1943 494 1998 ἂν
523 1943 652 2018 ἔλθῃ
678 1948 704 1998 6
741 1945 964 2018 Κύριος,
994 1948 1087 2000 καὶ
1113 1948 1302 2019 ἐγείρῃ
1331 1965 1411 2003 σε.

365 2056 433 2126 β’.
477 2056 694 2112 Ἀλλοτε
728 2060 1002 2126 οἰκοῦντος
1029 2063 1194 2117 αὑτοῦ
1228 2063 1364 2136 μετὰ
1404 2065 1496 2120 δύο
1528 2066 1788 2138 μαθητῶν
1816 2070 1872 2121 ἐν

283 2149 409 2212 τοῖς
437 2150 603 2221 ὁρίοις
631 2152 919 2222 Περσίδος,
949 2153 1172 2226 ἐξῆλθον
1204 2155 1298 2210 δύο
1336 2158 1444 2211 υἱοὶ
1471 2158 1565 2212 τοῦ
1606 2159 1872 2228 βασιλέως

283 2243 544 2311 σαρκικοὶ
572 2243 810 2313 ἀδελφοὶ,
837 2246 1101 2317 ἀγρεῦσαι
1128 2249 1269 2304 κατᾶ
1289 2249 1350 2303 τὸ
1377 2250 1518 2314 ἔθος.
1550 2252 1782 2306 Ἕὸαλον
1811 2254 1869 2308 δέ

276 2335 404 2390 λίνα
432 2318 685 2390 ἐπιπολὺ
711 2338 985 2411 διάστημα
1013 2339 1116 2394 κᾶν
1146 2341 1238 2394 ἐπὶ
1255 2343 1664 2415 τεσσαράκοντα
1685 2344 1864 2416 μίλια’

275 2423 432 2481 ὥστε
466 2431 512 2482 εἰ
560 2429 875 2502 εῦρίσκεται
926 2431 1034 2486 ἔσω
1072 2431 1182 2486 τῶν
1215 2433 1398 2497 λίνων,
1432 2435 1742 2508 ἀγρεύσωσι
1775 2439 1868 2492 καὶ

272 2519 646 2574 ἀποκτείνωσι
693 2521 922 2586 κόντοις.
961 2523 1177 2594 Εὗρέθη
1210 2525 1267 2578 δέ
1305 2527 1334 2579 6
1367 2526 1545 2598 γέρων
1581 2530 1720 2599 μετὰ
1756 2529 1867 2583 τῶν

270 2607 373 2661 δύο
403 2610 661 2681 μαθητῶν
694 2611 879 2666 αὑτοῦ.
918 2613 1028 2666 Kal
1063 2613 1388 2684 θεασάμενοι
1431 2617 1594 2671 αὑτὸν
1626 2619 1864 2692 τριχώδη

274 2699 378 2752 καὶ
410 2700 486 2763 ὡς
514 2701 729 2773 ἄγριον,
767 2701 1166 2775 ἐξεπλάγησαν,
1196 2706 1292 2759 καὶ
1323 2702 1476 2760 εἷπον
1505 2709 1655 2781 αὐτῴ
1675 2727 1687 2739 ·
1733 2712 1862 2762 ’Λν-

270 2791 498 2864 θρωπος
533 2791 643 2867 sli}
679 2795 919 2868 πνεῦμα,
963 2799 1084 2851 εἰπὲ
1117 2800 1267 2870 ἡμῖν.
1309 2800 1417 2853 Kal
1458 2797 1610 2854 εἶπεν
1636 2803 1818 2867 αὐτοῖς
1844 2821 1857 2834 ο

275 2884 602 2956 Ἄνθρωπός
646 2889 762 2959 είμι
819 2891 1174 2963 ἁμαρτωλός·
1222 2895 1317 2947 καὶ
1361 2894 1585 2965 ἐξῆλθον
1631 2895 1861 2952 κλαῦσαι

266 2973 376 3037 τὶς
398 2975 670 3047 ἁμαρτίας
699 2995 798 3049 μου
822 2996 834 3008 ³
861 2981 955 3033 καὶ
973 2983 1262 3052 προσκυνῶ
1292 2983 1497 3055 Ἰησοῦν
1519 2985 1609 3038 τὸν
1626 2986 1861 3068 Χριστὸν

265 3067 366 3118 τὸν
406 3067 530 3122 Υἰὸν
573 3068 666 3122 τοῦ
703 3070 839 3124 Θεοῦ
883 3071 977 3125 τοῦ
1011 3072 1232 3138 ζῶντος.
1269 3077 1330 3129 Οἱ
1374 3076 1430 3129 δὲ
1473 3071 1625 3131 εἷπον
1671 3079 1854 3150 αὐτῷ·

1978 1865 2190 1908 senex:
2251 1856 2378 1923 Abi,
2424 1868 2478 1916 et
2525 1861 2726 1931 dormi,
2758 1869 2933 1929 donec
2967 1876 3248 1936 advenerit
3294 1882 3558 1945 Dominus

1976 1947 2140 2012 atque
2166 1948 2489 2008 excitaverit
2529 1964 2601 2012 te.

2042 2055 2098 2162 2..
2142 2059 2258 2169 (:5)
2297 2063 2447 2123 Alias
2479 2069 2761 2133 habitante
2804 2098 2870 2137 co
2894 2098 3019 2141 cum
3058 2089 3276 2150 duobus
3311 2095 3558 2169 discipu-

1975 2148 2042 2250 lis
2067 2151 2122 2206 in
2143 2151 2389 2215 Persidis
2419 2160 2640 2232 ﬁnibus.
2663 2169 2774 2227 duo
2799 2173 2896 2231 lilii
2923 2180 3091 2250 regis,
3121 2148 3555 2244 fratreshs'e'cun-

1972 2241 2100 2298 dum
2133 2259 2373 2314 carnem,
2420 2259 2628 2326 egressi
2677 2271 2806 2318 sunt
2836 2267 2904 2322 ad
2936 2282 3260 2330 consuetam
3305 2280 3554 2335 venatio-

1973 2349 2119 2390 nem.
2148 2337 2523 2402 Extenderunt
2558 2359 2740 2408 autem
2775 2357 2913 2413 retia
2947 2361 3013 2417 ad
3054 2365 3282 2422 multum
3314 2371 3551 2440 spatium

1973 2443 2074 2531 per
2098 2433 2460 2507 quadraginta
2485 2441 2702 2499 circiter
2736 2448 3011 2519 milliaria,
3040 2465 3098 2510 ut
3123 2433 3389 2531 quidquid
3417 2477 3554 2519 con-

1973 2516 2188 2574 clusum
2252 2522 2466 2591 fuisset,
2512 2541 2861 2603 venarentur,
2923 2542 3214 2616 contisque
3272 2516 3553 2609 interﬁce-

1972 2617 2114 2664 rent.
2160 2610 2432 2685 Repertus
2465 2630 2646 2678 autem
2675 2635 2759 2682 est
2804 2629 2948 2686 intra
2971 2649 3139 2692 senex
3179 2653 3302 2694 cum
3335 2642 3553 2703 duobus

1966 2698 2278 2772 discipulis.
2319 2707 2491 2776 Quem
2519 2713 2709 2771 intuiti
2720 2719 2958 2788 p’ilosum
2989 2741 3055 2782 ac
3083 2730 3232 2786 velut
3256 2743 3550 2805 agrestem,

1963 2789 2404 2865 obstupuerunt,
2441 2803 2809 2880 dixeruntque
2855 2814 2906 2868 ei
2940 2833 2954 2869 :
2985 2815 3146 2875 Sisne
3222 2789 3408 2888 hoino,
3463 2829 3550 2883 vel

1966 2883 2218 2953 Spiritus,
2271 2890 2434 2947 nobis
2479 2895 2740 2954 edissere.
2797 2901 3140 2975 Respondit:
3192 2911 3366 2969 Homo
3397 2883 3550 2976 'sum

1966 2984 2242 3044 peccator,
2276 2982 2367 3051 qui
2391 2984 2499 3040 exii
2538 2995 2596 3042 ut
2621 2989 2875 3048 deﬂerem
2920 3010 3143 3067 peccata
3177 3017 3334 3072 mea;
3375 3008 3548 3070 adoro

1963 3078 2142 3124 autem
2173 3071 2360 3129 .Icsum
2379 3076 2660 3135 Christum
2705 3081 2903 3144 Filium
2935 3089 3028 3146 Dei
3076 3071 3326 3154 viventis.
3367 3101 3438 3158 At
3466 3103 3547 3164 illi

265 3157 392 3209 Οὐκ
420 3155 568 3211 ἔστιν
602 3159 761 3225 ἄλλος
781 3161 934 3228 Θεὸς,
967 3163 1106 3236 πλὴν
1133 3137 1228 3218 τοῦ
1259 3167 1410 3237 ἡλίου
1444 3169 1535 3222 καὶ
1562 3168 1655 3222 τοῦ
1687 3137 1859 3267 πυρὸς

2935 3137 3028 3146 η.
3084 3137 3326 3154 ..........,.
3367 3137 3438 3158 η.
3466 3137 3546 3164 nu

1966 3160 2032 3215 ad
2054 3177 2179 3218 eum
2210 3181 2224 3219 :
2264 3165 2382 3223 Non
2421 3179 2507 3226 est
2558 3174 2700 3233 alius
2729 3176 2874 3236 Deus
2904 3193 3101 3254 printer
3140 3192 3332 3258 solem,
3363 3195 3546 3267 ignem

266 3250 370 3302 καὶ
416 3251 509 3304 τοῦ
557 3251 782 3316 ὓδατος·
814 3254 848 3308 ἃ
900 3256 1171 3322 ἐσέϐοντο.
1227 3259 1385 3313 Ἀλλὰ
1428 3261 1714 3331 πρὸσελθε,
1764 3263 1859 3317 καὶ

264 3342 534 3396 ὲπίθυσον
587 3346 790 3409 αὐτοῖς.
839 3348 897 3400 Ὀ
941 3349 996 3402 δέ
1039 3345 1191 3404 εἷπεν
1251 3353 1464 3417 αὐτοῖς’
1505 3354 1692 3409 Ταῦτα
1742 3356 1858 3410 κτίο

265 3433 462 3504 σματα
490 3436 617 3500 εἱσι,
667 3437 761 3490 καὶ
792 3437 1102 3493 πλανᾶσθε*
1150 3441 1286 3494 ἀλλὰ
1335 3445 1639 3515 παρακαλῶ
1704 3445 1852 3518 hui;

261 3524 603 3596 ἐπιστρέψαι
632 3527 728 3579 καὶ
769 3527 973 3596 γνῶναι
1017 3529 1110 3582 τὸν
1138 3530 1390 3601 ἀληθινὸν
1425 3532 1556 3587 Θεὸν
1600 3534 1692 3588 τὸν
1739 3536 1854 3589 κτίσ

263 3631 444 3668 σαντα
483 3614 658 3671 ταῦτα
694 3617 891 3673 πάντα.
924 3620 1087 3674 Αὐτοὶ
1113 3621 1170 3674 δέ
1215 3618 1395 3675 εἶπον·
1431 3623 1535 3677 Τὸν
1589 3642 1852 3698 κατακρι-

265 3708 437 3761 θέντα
468 3709 562 3761 καὶ
599 3711 979 3782 σταυρωθέντα
1018 3711 1198 3783 λέγεις
1221 3714 1354 3768 Θεὸν
1377 3712 1516 3770 εἶναι
1555 3717 1847 3788 ἁληθινὸν;

262 3799 382 3852 Καὶ
412 3798 606 3867 λέγειὸ
634 3801 846 3872 γέρων*
880 3803 985 3857 Τὸν
1017 3804 1405 3876 σταυρώσαντα
1429 3807 1526 3880 τὴν
1555 3809 1850 3882 ἁμαρτίαν,

260 3891 364 3943 καὶ
397 3892 793 3947 ἀποκτείναντα
815 3894 906 3948 τδν
935 3895 1182 3963 θάνατον,
1205 3897 1367 3951 αὑτὸν
1390 3899 1532 3970 λέγω
1553 3896 1692 3954 εἶναι
1719 3901 1851 3956 Θεδν

261 3984 540 4054 ἀληθινόν.
566 3987 732 4040 Αὐτοὶ
756 3989 813 4042 δέ
847 3989 1227 4060 βασανίζοντες
1255 3992 1416 4046 αὐτὸν
1449 3992 1588 4065 μετὰ
1616 3996 1710 4048 καὶ⁹
1741 3995 1850 4048 τῶν

258 4076 534 4148 ἀδελφῶν,
561 4080 873 4150 ἠνάγκαζον
901 4084 1069 4138 θύειν.
1103 4085 1215 4138 Kal
1245 4085 1416 4140 πολλὰ
1439 4086 1846 4157 βασανίσαντες,

258 4170 678 4239 ἀπεκεφάλισαν
725 4175 852 4238 τοὺς
892 4175 985 4229 δύο
1043 4175 1337 4245 ἀδελφούςο
1379 4178 1470 4231 τὸν
1519 4179 1576 4232 δέ
1621 4179 1848 4252 γέροντα

257 4263 356 4316 ἐπὶ
379 4264 581 4328 πολλὰς
603 4267 814 4339 ἡμέρας
850 4267 1197 4334 ἐϐασάνιζον·
1227 4269 1450 4342 ὕστερον
1483 4272 1560 4336 δὲ,
1590 4275 1656 4345 τῇ
1683 4272 1845 4346 τέχνῃ

255 4357 444 4410 αὐτῶν
466 4357 703 4429 ἔστησαν
732 4359 892 4414 αὐτὸν
913 4361 992 4424 είς
1018 4360 1080 4414 τὸ
1108 4361 1294 4432 μέσον,
1323 4365 1417 4416 καὶ
1444 4363 1671 4436 ἐρῤιψαν
1692 4365 1843 4437 βέλη,

253 4453 286 4502 ὁ
310 4444 393 4514 εἷς
426 4450 758 4522 ἔμπροσθεν,
786 4453 881 4507 καὶ
916 4456 945 4508 6
983 4448 1063 4520 εἷς
1089 4455 1311 4510 ὄπισθεν
1351 4455 1540 4512 αὐτοῦ,
1571 4457 1743 4522 Αὐτὸς
1786 4458 1841 4513 δὲ
1873 4476 1919 4530 ι)

253 4537 416 4594 εἶπεν
446 4541 629 4606 αὐτοῖς
650 4558 664 4574 ·
697 4543 914 4614 Ἐπειδὴ
947 4545 1204 4614 γεγόνατε
1238 4546 1296 4597 ἐν
1333 4545 1572 4617 ὁμονοίᾳ,
1605 4546 1698 4600 καλ⁸
1745 4549 1841 4601 ἐκ-

252 4634 413 4704 χέετε
466 4627 608 4703 αἷμα
644 4634 857 4700 ἀθῶον,
897 4638 954 4689 ἐν
987 4639 1087 4708 μιᾷ
1139 4639 1276 4708 ῥοπῇ
1323 4636 1510 4709 αὔριον
1559 4641 1728 4712 “tati-tn
1775 4644 1840 4712 τῇ

250 4724 399 4797 ὥρᾳ,
425 4725 760 4797 ἀτεκνωθείη
792 4728 826 4797 ἡ
863 4729 1044 4800 μήτηρ
1079 4728 1233 4799 ὑμῶν
1267 4729 1360 4797 ἀφ’
1389 4729 1563 4799 ὑμῶν,
1592 4731 1686 4784 καὶ
1721 4748 1838 4784 στεο

255 4817 454 4888 ρηθείη
503 4817 604 4887 τῆς
641 4820 860 4890 ἀγάπης
912 4821 1106 4891 ὑμῶν,
1157 4822 1394 4887 καὶτοῖς
1445 4825 1596 4889 ἰδίοις
1630 4824 1841 4894 βέλεσιν

254 4907 505 4978 ἀλλήλων
554 4909 624 4963 τὰ
670 4911 878 4982 αἵματα
907 4913 1152 4985 ἐκχέητε.
1205 4917 1734 4988 Καταφρονήσαντες
1782 4919 1840 4972 δέ

250 4999 350 5054 τοῦ
388 5003 634 5073 ῥήματος
664 5005 852 5069 αὐτοῦ,
891 5000 1056 5077 ἦλθον
1078 5008 1171 5060 ἐπὶ
1205 5006 1304 5080 τὴν
1333 5006 1520 5080 αὔριον
1549 5009 1834 5081 θηρεῦσαι.

251 5093 369 5147 Καὶ
397 5093 647 5164 ἐξήλισεν
672 5096 766 5149 ἀπ’
798 5095 978 5150 αὐτῶν
1013 5097 1111 5166 μία
1134 5097 1352 5167 ἔλαφος.
1378 5099 1488 5154 Kal
1516 5099 1839 5164 καθίσαντες

253 5185 369 5246 τοῖς
405 5181 594 5246 ἵπποις
621 5223 637 5246 ,
681 5183 1023 5256 κατέδραμον
1062 5185 1153 5239 ἐπὶ
1178 5186 1238 5240 τὸ
1266 5186 1592 5241 καταλαϐεῖν
1629 5189 1798 5261 αὐτήν
1819 5209 1832 5222 ·

254 5275 351 5328 καὶ
392 5275 652 5346 ῥίψαντες
703 5276 830 5348 βέλη
864 5279 982 5330 κατ’
1012 5277 1181 5349 αὐτῆς
1201 5320 1216 5344 ,
1257 5280 1554 5352 ἐκύλλησαν
1586 5280 1836 5353 ἀλλήλοις

253 5369 398 5422 κατὰ
418 5367 518 5438 τῆς
554 5367 779 5439 καρδίας
815 5369 1022 5422 ἑαυτῶν
1043 5385 1055 5400 ο
1081 5371 1221 5424 κατὰ
1240 5371 1301 5424 τὸ
1325 5372 1472 5444 ῥῆμα
1506 5373 1600 5428 τοῦ
1641 5374 1834 5446 γέρονο

250 5472 344 5520 τος
373 5457 403 5510 6
444 5453 600 5511 εἶπεν
638 5458 840 5521 αὐτοῖς,
907 5459 1294 5532 καταρώμενος
1334 5463 1532 5526 αὐτοῖς.
1576 5466 1684 5519 Καὶ
1725 5465 1835 5520 ἀπ·
1892 5547 1896 5552 .

140 5575 153 5589 ι
252 5547 468 5604 έθανον.

325 5750 436 5821 (iiii)
475 5750 580 5805 Vit.
616 5750 770 5805 Patr.
799 5769 894 5818 vii,
932 5754 1010 5808 l2.

495 5840 769 5908 Ρλτιιοι..
819 5850 934 5913 Gn.
988 5849 1171 5912 LXV.

1961 3258 2015 3306 et
2061 3267 2292 3326 aquam;
2325 3274 2447 3329 qua:
2488 3263 2700 3322 scilicet
2740 3269 2849 3341 ipsi
2896 3274 3220 3336 adorahant.
3255 3258 3425 3355 igitur
3453 3302 3550 3344 ac-

1959 3342 2113 3412 cede,
2145 3347 2322 3419 iisque
2343 3355 2623 3412 sacriﬁca.
2654 3356 2800 3415 Tum
2831 3363 2942 3428 ille,
2975 3365 3121 3434 llaec,
3154 3371 3356 3444 inquit,
3389 3393 3545 3435 crea-

1958 3441 2097 3490 tura:
2126 3446 2252 3493 sunt
2276 3479 2291 3504 ,
2319 3456 2530 3516 vosque
2571 3450 2769 3506 erratis
2806 3469 2821 3506 :
2868 3455 2962 3510 sed
3007 3441 3262 3528 obsecro,
3311 3480 3545 3525 convcr-

1959 3522 2157 3589 tiniini,
2195 3533 2515 3600 cognoscite
2552 3550 2738 3593 verum
2779 3539 2946 3598 Deum
2969 3587 2984 3610 ,
3020 3551 3268 3608 omnium
3307 3555 3541 3614 istorum

1956 3623 2283 3676 creatorem.
2320 3620 2662 3695 Exceperunt
2696 3649 2709 3684 :
2751 3631 2876 3688 Ain‘
2923 3639 3344 3700 condemnatum
3384 3647 3544 3710 illum

1958 3706 2219 3774 crocique
2239 3709 2458 3767 allixum
2481 3756 2496 3779 ,
2534 3732 2656 3774 esse
2682 3736 2870 3778 verum
2920 3725 3132 3786 Deum?
3162 3734 3274 3804 (46)
3309 3735 3486 3796 Senex
3519 3760 3536 3797 :

1954 3795 2090 3851 Eum
2122 3800 2213 3869 qui
2245 3805 2397 3859 cruci
2438 3807 2605 3863 allixit
2629 3825 2936 3882 peccatum,
2968 3829 3022 3874 et
3048 3825 3251 3880 occidit
3281 3839 3536 3900 mortem,

1955 3885 2103 3942 hunc
2135 3889 2344 3947 allirmo
2388 3910 2513 3951 esse
2554 3914 2742 3955 verum
2776 3903 2966 3961 Deum.
2997 3909 3168 3968 Porro
3194 3914 3231 3968 ii
3262 3923 3537 3977 tormenta

1955 3987 2069 4032 tum
2117 3979 2217 4050 ipsi
2272 3990 2387 4038 tum
2429 3985 2694 4047 fratribus
2743 3993 3078 4065 inferentes,
3139 4008 3536 4077 compellchant

1954 4067 2021 4121 ad
2047 4070 2490 4132 sacrificandum.
2529 4078 2606 4134 Ac
2642 4091 2767 4149 post
2812 4087 3012 4146 multos
3052 4067 3352 4164 cruciatus,
3391 4099 3535 4158 duos

1953 4157 2152 4214 fratres
2193 4161 2371 4232 capite
2404 4171 2774 4242 truncarunt;
2809 4190 2992 4231 senem
3038 4195 3166 4237 vero
3198 4198 3296 4254 per
3325 4187 3535 4245 multos

1950 4249 2069 4306 dies
2103 4256 2393 4312 tormentis
2429 4259 2803 4330 subjecerunt.
2842 4265 3045 4325 Deinde
3079 4287 3144 4328 ex
3177 4283 3296 4332 arte
3321 4293 3422 4334 sua
3455 4297 3537 4336 υσ-

1951 4345 2165 4396 notoria
2189 4344 2598 4406 collocaverunt
2620 4351 2774 4408 illum
2809 4356 2862 4410 in
2905 4359 3086 4416 medio
3105 4403 3120 4428 ,
3149 4375 3202 4421 et
3231 4369 3556 4434 emiserunt.

1951 4429 2204 4499 sagittas,
2233 4448 2376 4491 unus
2404 4445 2552 4503 ante,
2577 4453 2606 4494 a
2636 4453 2792 4515 tergo
2822 4447 2978 4504 alter.
3015 4448 3168 4510 Tuuc
3199 4474 3364 4516 senex
3391 4461 3533 4521 dixit.

1947 4523 2028 4580 cis
2064 4541 2078 4578 :
2115 4524 2567 4600 Quandoquidem
2619 4550 2730 4590 uno
2783 4553 3057 4598 consensu
3095 4546 3373 4606 eil‘unditis
3402 4569 3528 4612 sau-

1945 4615 2166 4686 guinem
2225 4619 2594 4692 innocentem,
2649 4626 2703 4682 in
2764 4642 3041 4688 momento
3076 4651 3184 4692 uno
3221 4655 3365 4708 cras,
3423 4644 3526 4700 hac

1945 4709 2064 4778 ipsa
2123 4710 2278 4778 hora,
2336 4721 2510 4770 mater
2559 4727 2739 4774 vestra
2792 4723 3079 4781 orbahitur
3117 4729 3272 4786 vobis
3333 4733 3526 4791 liberis

1944 4801 2085 4863 suis,
2133 4805 2550 4878 privahiturque
2584 4810 2852 4868 cliaritate
2897 4828 3097 4885 vestra,
3133 4837 3344 4880 necnon
3389 4843 3518 4898 pro-

1945 4892 2081 4961 priis
2102 4894 2304 4963 jaculis
2345 4910 2592 4954 mutuum
2623 4906 2940 4975 sanguinem
2977 4911 3237 4968 l'undctis.
3277 4915 3356 4970 Illi
3389 4933 3520 4972 ora-

1945 4985 2148 5040 tionem
2176 4987 2296 5057 ejus
2336 4990 2488 5046 nihili
2522 4996 2839 5062 pendentes,
2879 5001 3106 5069 profecti
3139 5014 3266 5060 sunt
3296 5016 3519 5078 postero

1942 5076 2032 5131 die
2063 5078 2129 5132 ad
2160 5089 2436 5138 venatum.
2470 5081 2608 5138 Ecce
2629 5087 2827 5142 extulit
2861 5104 2922 5146 se
2952 5093 3094 5148 inter
3116 5095 3264 5165 ipsos
3296 5115 3514 5159 cervus.

1944 5165 2098 5222 Unde
2121 5172 2441 5228 conscensis
2470 5175 2647 5244 equis,
2675 5191 3058 5246 cucurrerunt,
3083 5195 3141 5238 ut
3166 5192 3517 5259 comprehen-

1941 5258 2132 5315 derent
2151 5305 2164 5327 ,
2190 5279 2424 5334 cumque
2448 5265 2634 5334 jacula
2679 5270 2992 5327 emisissent
3011 5314 3025 5338 ,
3056 5275 3288 5334 invicem
3332 5285 3517 5352 perfo-

1939 5352 2137 5406 derunt
2182 5355 2381 5420 corda;
2417 5358 2718 5412 secundum
2769 5360 2990 5417 verbum
3040 5367 3183 5436 quod
3213 5374 3516 5441 protulerat

1939 5457 2127 5511 senex,
2161 5444 2228 5500 iis
2254 5449 2610 5516 imprecatus.
2639 5449 2814 5520 Atque
2853 5451 2926 5506 ita
2959 5460 3157 5514 mortui
3193 5470 3343 5525 sunt.

2007 5761 2120 5832 (ιϐ)
2151 5759 2465 5836 Martyrium
2499 5765 2685 5838 lgnatii
2717 5787 2771 5826 n.
2808 5770 2860 5826 6.
