4036 6202
414 257 545 319 τω
1601 245 1954 307 aprznmx
1992 251 2008 302 ι

2116 247 2531 305 ΡΑιιΑοιυΜ.
2884 204 2889 209 ’
3567 247 3680 304 suo

957 369 1032 424 De
1065 368 1250 423 abbate
1278 365 1467 422 Helia.
2031 366 2078 425 Δ
2520 367 2551 420 l

2031 366 2078 425 Δ
2520 362 2665 433 Περι
2691 359 2799 418 τοῦ
2828 360 2978 419 ἀδεᾶ
3007 361 3256 420 Μωτιυυ.
3304 361 3320 372 ”

480 464 552 517 ιι.
584 460 695 533 (47)
720 458 912 515 Frater
937 459 1286 531 interrogavit
1321 460 1571 514 abbatem
1608 457 1854 524 Motium,
1890 456 1998 511 hoc

2174 456 2244 511 a'.
2292 453 2543 526 ’Δδελφὸς
2568 452 2820 527 ἠρώτησε
2842 453 2932 508 τὸν
2960 452 3132 508 ἁϐϐᾶν
3157 451 3373 508 Μώτιον
3392 452 3436 517 ⁸,
3467 450 3645 521 λέγων
3662 468 3679 485 ·

421 551 802 608 sermone:Si
841 550 1025 604 abiero
1077 548 1145 603 ad
1197 548 1526 604 manendum
1582 548 1805 613 alicubi,
1856 562 1999 618 quo-

2117 548 2242 603 Ἐὰν
2265 546 2483 602 ἀπέλθω
2509 549 2684 619 μεῖναι
2700 549 2779 611 εἰς
2803 546 2985 608 τόπον,
3013 546 3128 610 πῶς
3142 545 3315 608 θέλεις
3340 542 3507 609 διάξω
3530 545 3685 615 Qui;

418 641 593 697 .modo
647 640 730 696 vis
792 640 905 694 illic
935 639 1172 709 degant?
1223 639 1523 709 Respondit
1575 654 1777 695 senex:
1831 635 1892 691 Si
1945 637 1999 691 in

2103 639 2266 709 Λέγει
2287 638 2435 710 αὐτῷ
2457 640 2485 692 0
2504 639 2710 709 γέρωνσ
2740 638 2867 691 Ἐὰν
2886 638 3113 709 οίκὴσῃς
3133 638 3209 701 είς
3231 637 3414 698 τόπον,
3433 634 3508 708 μὴ
3533 634 3690 707 θελή-

420 732 687 802 quopiam
721 731 843 784 loco
874 728 1231 792 habitaveris,
1259 730 1371 783 noli
1403 729 1501 783 tibi
1549 744 1748 784 nomen
1779 728 1835 783 in
1864 742 2002 797 quo-

2106 748 2207 804 σῃς
2232 731 2482 786 ἐκϐαλεῖν
2505 729 2713 800 σεαυτῷ
2739 731 2910 801 ὄνομα
2937 728 2994 784 ἐν
3023 729 3241 795 τινι,ὃτι
3269 728 3370 781 οὐκ
3392 727 3687 800 ἐξέρχομαι

430 838 595 895 quam
626 821 920 877 conciliare
946 859 962 885 ,
993 820 1225 875 dicendo
1253 839 1267 875 :
1322 819 1441 875 Non
1488 819 1689 875 accedo
1736 819 1804 873 ad
1837 819 2006 874 colle-

2104 825 2184 887 είς
2212 823 2450 888 σύναξιν.
2468 821 2502 892 ἢ
2523 824 2603 886 είς
2628 822 2847 894 ἀγάπην
2866 822 2966 876 οὑκ
2994 821 3175 875 ἐσθίω.
3191 819 3373 874 Ταῦτα
3387 819 3495 892 γὰρ
3513 820 3688 890 ὄνομα

321 970 325 976 ,
433 920 577 969 ctam
604 929 618 978 ;
648 912 754 976 vel,
786 911 845 965 In
872 925 1043 982 agape
1072 926 1182 966 non
1211 912 1458 967 comedo.
1483 910 1609 966 Haec
1628 910 1772 966 enim
1802 925 1915 964 vant

2106 911 2320 966 ποιοῦσι
2351 911 2524 976 κενὸν,
2557 911 2649 965 καὶ
2679 910 2903 981 ὕστερον
2923 911 3195 982 εὑρίσκεις
3224 909 3460 981 ὄχλησιν.
3484 910 3547 962 Ol
3574 909 3685 982 γὰρ

426 1017 634 1059 nomen
658 1001 916 1064 eﬂleiunt,
937 1009 1232 1073 posteaque
1253 1002 1461 1059 incides
1482 1003 1537 1057 in
1569 1003 2000 1057 turbamentum.

2106 1002 2412 1075 ἄνθρωποι,
2455 1004 2588 1057 ὅπου
2635 1004 2947 1073 εὑρίσκουσι
2999 1002 3207 1067 ταῦτα,
3239 1003 3357 1055 ἐκεῖ
3408 1000 3680 1072 τρέχουσι.

424 1094 568 1153 .Nam
599 1094 847 1149 homines
876 1094 969 1149 ubi
1018 1093 1122 1149 ista
1154 1094 1462 1165 reperiunt,
1497 1093 1568 1148 ibi
1609 1100 1856 1148 currunt.
1916 1091 2005 1145 Ait

2107 1092 2268 1161 Λέγει
2302 1089 2395 1148 οὖν
2434 1093 2585 1164 αὐτῷ
2630 1095 2659 1148 0
2688 1094 2946 1163 ἀδελφόςο
2996 1093 3061 1147 Τί
3089 1089 3181 1147 οὖν
3217 1094 3463 1164 ποιήσω;
3521 1091 3682 1161 Λέγει

432 1183 632 1255 iterum
684 1183 890 1240 frater:
952 1182 1093 1250 Quid
1130 1199 1260 1254 ergo
1311 1183 1556 1238 faciam?
1611 1182 1749 1239 Tum
1780 1197 1944 1239 senex
1980 1199 1995 1236 :

2107 1187 2136 1239 0
2172 1184 2349 1257 γέρων
2371 1202 2384 1215 ⁸
2425 1185 2601 1238 Ὅπου
2643 1185 2737 1239 ἐὰν
2769 1185 3028 1259 καθίσῃς,
3090 1184 3221 1248 ἴσως
3282 1183 3421 1254 μετὰ
3467 1183 3684 1237 πάντων

423 1275 779 1346 .Ubicunque,
818 1277 1013 1345 inquit,
1041 1275 1333 1339 resederis,
1360 1289 1515 1345 aequo
1555 1273 1692 1345 pede
1722 1288 1845 1329 cum
1885 1286 2004 1328 om-

2105 1276 2386 1331 ἀκολούθει
2408 1293 2421 1307 ·
2442 1277 2536 1332 καὶ
2562 1277 2616 1331 εί
2651 1296 2703 1331 τι
2733 1276 2948 1349 βλέπεις
2973 1277 3100 1340 τοὺς
3127 1276 3373 1342 εὐλαϐεῖς
3400 1275 3687 1339 ποιοῦντας

432 1366 599 1423 nibus
620 1367 809 1422 incede
835 1383 850 1433 ;
877 1375 931 1422 et
963 1366 1225 1436 quidquid
1260 1365 1460 1420 videris
1489 1364 1603 1420 fieri
1656 1378 1688 1418 a
1744 1363 1880 1419 viris
1936 1362 2006 1418 de

2108 1369 2190 1434 είς
2231 1368 2327 1434 οὒς
2374 1369 2718 1442 πληροφορῇ,
2755 1368 3003 1439 ποίησον,
3046 1369 3141 1423 καὶ⁵
3190 1367 3469 1441 ἀναπαύῃ.
3512 1365 3686 1420 Τοῦτο

429 1472 670 1528 quorum
701 1458 897 1526 pietate
928 1466 1112 1513 certus
1141 1472 1222 1519 es,
1272 1456 1326 1511 id
1380 1456 1566 1520 facito,
1617 1462 1858 1526 tuncque
1911 1469 2004 1511 re-

2106 1458 2218 1532 γὰρ
2243 1458 2574 1523 ταπείνωσις
2601 1460 2742 1524 ἐστι,
2778 1459 2838 1513 τὸ
2865 1454 3007 1513 εἷναὶ
3035 1476 3095 1512 σε
3130 1459 3326 1524 ἐπίσης
3350 1458 3548 1513 αὐτῶν.
3574 1457 3687 1511 Kal

435 1547 617 1618 quiem
652 1550 1024 1618 consequeris.
1076 1546 1189 1603 Hoc
1236 1547 1438 1618 quippe
1489 1547 1771 1602 humilitas
1816 1552 1920 1611 est,
1953 1554 2007 1601 te

2107 1552 2155 1605 οί
2187 1549 2467 1623 ἄνθρωποι
2492 1550 2825 1623 θεωροῦντές
2857 1567 2916 1605 σε
2950 1552 2970 1583 ⁸
3015 1549 3356 1617 ἐκϐαίνοντα,
3403 1550 3589 1623 ἔχουσί
3623 1566 3685 1603 σε

416 1654 560 1694 cum
597 1639 662 1693 iis
691 1640 916 1710 aequari.
951 1640 1017 1693 Et
1073 1639 1323 1694 homines
1359 1638 1545 1693 intuiti
1594 1646 1645 1692 te
1682 1645 2006 1693 ceterorum

1682 1645 2006 1693 exterarum
2042 1707 2079 1714 _
2115 1641 2316 1713 ἐπίσης
2351 1643 2600 1698 πάντων⁸
2639 1643 2733 1697 καὶ
2764 1642 2943 1706 οὐδείς
2968 1659 3051 1696 σοι
3077 1642 3243 1714 ὀχλεῖ.

437 1726 640 1784 limites
676 1707 781 1782 non
811 1728 1141 1800 transgredi,
1170 1728 1350 1783 instar
1385 1741 1577 1782 eorum
1607 1726 1808 1782 habent
1836 1742 1851 1792 ;
1885 1724 2010 1780 nul-
2041 1707 2087 1766 Β
2271 1707 2303 1713 ’ν
2569 1722 2572 1724 ⁷

428 1817 633 1872 'lusnue
659 1817 988 1872 interturbat
1031 1829 1100 1872 te.

432 1817 633 1888 iusque
659 1817 988 1874 interturbat
1031 1829 1100 1874 te.

505 1909 561 1964 2.
599 1910 709 1982 (48)
736 1909 986 1965 Narravit
1021 1911 1088 1966 de
1119 1909 1317 1966 abbate
1345 1909 1514 1965 Motio
1560 1909 1863 1980 discipulus
1891 1908 2011 1979 ejus

2186 1882 2253 1953 β’.
2294 1884 2605 1955 Διηγήσατο
2637 1882 2889 1955 περὶτοῦ
2927 1882 3073 1938 ἀϐϐᾱ
3113 1883 3332 1938 Μωτίου
3372 1884 3403 1938 0
3438 1882 3690 1956 μαθητὴς

438 1973 817 2071 αὺιηέιεοοοε
851 2001 1011 2056 ambo
1062 2010 1242 2056 autem
1300 2000 1522 2055 fuerunt
1554 1973 1836 2070 episcopi;
1870 1973 2014 2069 quod

2115 1973 2281 2027 αὐτοῦ
2313 1974 2487 2038 ὰϐϐᾶς
2525 1976 2710 2029 Ἰσαάκ
2729 1991 2742 2006 ·
2773 1975 3074 2048 ἀμφότεροι
3100 1975 3156 2029 δὲ
3191 1975 3444 2044 ἐγένοντο
3468 1976 3689 2030 ἐπίσκο-

437 2088 618 2158 primo
649 2068 938 2143 aedificavit
963 2088 1067 2144 sibi
1099 2105 1264 2144 senex
1309 2090 1700 2145 monasterium
1735 2089 1803 2144 ad
1836 2088 2008 2145 Hera-

2114 2082 2235 2118 ποι·
2280 2066 2364 2119 ὅτι
2407 2066 2624 2137 πρῶτος
2647 2067 2668 2098 ⁷
2700 2066 3017 2138 ᾠκοδόμησε
3047 2069 3407 2139 μοναστήριον
3439 2070 3467 2122 0
3510 2067 3690 2140 γέρων

410 2178 578 2233 -'clam
606 2195 622 2244 ;
652 2179 904 2250 quodque
932 2194 1057 2233 cum
1087 2179 1237 2234 illinc
1268 2181 1613 2247 recessisset,
1642 2187 1812 2250 atque
1834 2181 2004 2235 venis.

2115 2156 2195 2217 είς
2241 2155 2333 2210 τὸν
2376 2156 2685 2228 Ἧρακλᾶψ
2741 2158 2837 2212 κοιλ⁸
2893 2158 2968 2223 ώς
3035 2157 3383 2230 ἀνεχώρησεν
3435 2159 3645 2213 ἐκεῖθεν
3672 2197 3688 2221 ,

440 2276 523 2326 act
580 2269 634 2323 in
676 2271 842 2325 alium
896 2270 1101 2335 locum,
1153 2271 1355 2326 iterum
1419 2272 1728 2328 aediﬁcavit.
1788 2270 1896 2327 Sed
1946 2287 2013 2328 ex

2114 2245 2355 2316 ἀπῆλθεν
2414 2247 2726 2343 είς]ἓτερον
2782 2248 2983 2316 τόπον,
3034 2250 3130 2303 καὶ
3176 2249 3524 2321 ᾠκοδόμησεν
3573 2251 3693 2301 ἐκεῖ

440 2360 795 2432 instigatione
824 2361 1047 2425 diaboli,
1081 2361 1339 2417 inventus
1388 2373 1472 2419 est
1524 2363 1637 2417 illic
1687 2362 1856 2418 frater
1893 2362 2016 2431 qui-

2115 2339 2296 2394 πάλιν.
2355 2341 2466 2394 Kal
2504 2339 2624 2394 κατ’
2672 2342 2951 2412 ἐνέργειαν
2997 2341 3092 2396 τοῦ
3156 2342 3439 2405 διαϐόλου,
3488 2341 3693 2414 εὑρέθη

439 2449 563 2505 ‘dam
598 2453 647 2506 ei
672 2453 930 2508 inimicus
960 2469 1022 2506 ac
1045 2454 1334 2507 molestus.
1365 2450 1521 2507 Unde
1550 2468 1781 2523 surgens
1821 2468 2011 2518 senex,

2114 2433 2342 2504 ἀδελφός
2366 2451 2450 2497 τις
2481 2434 2782 2506 ἐχθραίνων
2812 2434 2983 2507 αὐτῷ,
3012 2435 3105 2489 καὶ
3135 2434 3331 2489 θλίϐων
3363 2434 3544 2488 αὐτόν.
3581 2436 3694 2489 Kal

440 2542 672 2599 secessit
700 2543 766 2598 ad
796 2546 975 2598 vicum
1002 2559 1184 2611 suum,
1216 2544 1430 2615 sibique
1462 2544 1853 2599 monasterium
1887 2560 2016 2599 con-

2113 2526 2351 2592 ἁναστὰς
2379 2528 2407 2580 0
2438 2527 2615 2600 γέρων
2645 2528 2991 2601 ἀνεχώρησεν
3032 2530 3113 2592 είς
3148 2529 3250 2601 τὴν
3286 2529 3423 2583 ἰδίαν
3459 2527 3687 2599 κώμην·

437 2626 588 2698 fecit,
624 2632 678 2687 in
739 2649 848 2703 quo
878 2635 1152 2689 conclusit
1215 2650 1355 2692 sese.
1393 2635 1591 2690 Postea
1641 2650 1800 2691 senes
1840 2636 1945 2689 loei
1982 2651 2016 2692 e

2115 2620 2211 2674 καὶ
2248 2620 2502 2691 ἐποίησεν
2552 2619 2731 2691 ἑαυτῷ
2783 2620 3180 2694 μοναστήριον,
3229 2621 3324 2674 καὶ
3386 2620 3692 2674 ἐνέκλεισεν

435 2737 548 2794 quo
585 2724 814 2787 exierat,
851 2732 1194 2779 assumentes
1220 2724 1385 2778 etiam
1427 2723 1649 2779 fratrem
1693 2724 1789 2794 qui
1825 2723 2016 2779 simul-

2117 2710 2329 2764 ἑαυτόν.
2386 2710 2497 2764 Καὶ
2556 2710 2692 2781 μετὰ
2753 2710 2946 2783 χρόνον
2985 2707 3147 2783 ἦλθον
3197 2713 3247 2765 οἱ
3284 2713 3539 2784 γέροντες
3588 2711 3685 2766 106

440 2821 605 2870 tatem
648 2812 911 2869 adversus
938 2829 1059 2869 enm
1109 2814 1394 2882 habuerat,
1431 2823 1810 2885 perrexerunt,
1864 2829 2016 2885 roga-

2114 2802 2280 2856 τόπου
2309 2803 2432 2857 ὅθεν
2452 2803 2770 2874 ὲξῆλθε,καὶ
2789 2804 3045 2869 λαϐόντες
3074 2805 3277 2859 καὶτὸν
3300 2805 3526 2875 ἀδελφὸν
3556 2806 3689 2860 ὅπου

439 2904 571 2971 turi,
610 2912 669 2958 ut
699 2904 1021 2958 reducerent
1059 2905 1112 2959 in
1161 2907 1573 2960 monasterium.
1620 2905 1868 2976 Cumque
1916 2919 2015 2975 ap-

2115 2889 2229 2965 εῗχε
2265 2895 2401 2966 πρὸς
2438 2895 2598 2949 αὐτὸν
2643 2896 2743 2966 τὴν
2784 2895 2988 2967 λύπην,
3024 2896 3264 2969 ἀπῆλθον
3314 2896 3692 2968 παρακαλέσαι

438 2996 897 3065 propinquassent
936 2996 1057 3051 loco
1092 2996 1146 3050 in
1188 3012 1297 3068 quo
1332 2995 1560 3067 degebat
1601 2996 1770 3052 abbas
1820 2995 2008 3060 Seres,

2115 2986 2299 3052 αὑτὸν,
2328 2986 2415 3040 ἵνα
2446 2987 2739 3056 ὲνέγκωσιν
2770 2988 2932 3042 αὐτὸν
2964 2990 3043 3052 είς
3066 2989 3165 3061 τὴν
3197 2990 3365 3061 μονὴν
3392 2989 3577 3045 αὐτοῦ.
3604 2990 3693 3054 Ὡς

438 3086 666 3140 melotes
697 3100 827 3141 suas
856 3094 911 3141 et
946 3084 1170 3140 fratrem
1222 3102 1457 3157 quocum
1493 3087 1781 3143 dissidium
1830 3085 2011 3142 fuerat

2119 3078 2177 3132 δὲ
2203 3079 2436 3149 ἤγγισαν
2460 3051 2590 3132 ὅπου
2612 3074 2678 3151 ἦν
2700 3082 2729 3134 0
2752 3079 2927 3144 ἀϐϐᾶς
2948 3051 3156 3152 Σώρηξ,
3178 3051 3397 3153 ἀφῆκαν
3416 3079 3486 3135 τὰ
3508 3051 3694 3152 μηλιι)ζ

439 3177 775 3245 reliquerunt
808 3175 968 3245 juxta
1003 3192 1146 3231 eum.
1203 3174 1383 3247 thue
1418 3177 1797 3247 pulsaverunt,
1849 3193 2014 3234 senex

2120 3171 2282 3244 τάρια
2309 3172 2486 3229 αὐτῶν
2511 3172 2677 3241 ἐγγὺς
2702 3172 2889 3239 αὑτοῦ,
2908 3172 3002 3226 καὶ
3030 3173 3120 3227 τὸν
3143 3173 3369 3243 ἀδελφὸν
3385 3173 3474 3228 τὸν
3501 3174 3694 3245 ἔχοντα

439 3269 693 3338 apposuit
718 3281 937 3336 parvam
969 3269 1169 3322 scalam
1204 3306 1219 3332 ,
1263 3269 1562 3338 prospexit,
1609 3268 1827 3339 agnovit
1875 3284 1970 3323 eos
1994 3309 2011 3335 ,

2119 3263 2218 3335 τὴν
2242 3263 2442 3336 λύπην.
2470 3266 2579 3318 Kal
2603 3264 2679 3329 ώς
2701 3264 2986 3336 ἔκρουσαν,
3006 3248 3189 3337 βάλλει
3214 3268 3243 3320 0
3268 3266 3449 3338 γέρων
3482 3266 3541 3320 τὸ
3574 3265 3694 3318 κλι-

440 3367 493 3414 et
533 3359 928 3428 interregavit:
991 3357 1095 3413 Ubi
1146 3366 1276 3414 sunt
1327 3359 1557 3414 melotes
1613 3359 1854 3414 vestrae?
1902 3356 2015 3414 Re-

2123 3358 2341 3426 μάκιον,
2372 3359 2464 3410 καὶ
2502 3356 2871 3429 παρακύπτει,
2913 3358 3008 3412 καὶ
3049 3357 3305 3431 γνωρίζει
3347 3357 3565 3422 αὐτοὺς,
3595 3359 3696 3411 καὶ

441 3450 779 3520 sponderunt
811 3468 824 3504 :
862 3449 963 3515 En,
1000 3449 1104 3503 hoc
1156 3450 1209 3504 in
1271 3450 1391 3504 loco
1428 3489 1444 3515 ,
1497 3465 1623 3504 cum
1677 3451 1770 3504 illo
1828 3450 2017 3506 fratre.

2118 3448 2300 3517 λέγει·
2336 3447 2447 3502 Ποῦ
2488 3448 2556 3502 τὰ
2584 3449 2906 3522 μηλωτάρια
2934 3449 3124 3521 ὑμῶνς
3157 3451 3219 3504 Oi
3250 3448 3308 3502 δὲ
3340 3445 3529 3502 εἷπον·
3562 3447 3696 3501 Ἰδοὺ

416 3539 744 3612 ιῬοειιιιιιιιη
782 3547 963 3593 autem
996 3554 1162 3594 Senex
1191 3539 1400 3594 audivit
1438 3554 1636 3595 nomen
1689 3538 1878 3596 fratris
1924 3541 2010 3611 qui

2120 3535 2222 3596 ὧδε
2259 3541 2397 3613 μετὰ
2417 3541 2571 3594 τοῦδε
2593 3540 2687 3595 τοῦ
2714 3541 2965 3611 ἀδελφοῦ.
3007 3542 3095 3604 Ὠς
3120 3541 3179 3594 δὲ
3202 3541 3405 3613 ἦκουσε
3433 3540 3496 3593 τὸ
3520 3539 3695 3610 ὄνομα

414 3646 608 3687 causa
639 3632 875 3687 tristitiae
907 3631 1210 3697 exstiterat,
1244 3646 1357 3702 prae
1385 3631 1584 3703 gaudio
1631 3633 1823 3688 eduxit
1856 3648 2008 3689 secu-

2118 3631 2212 3686 106
2242 3630 2469 3701 ἁδελφοῦ
2529 3631 2624 3685 106
2667 3631 3009 3703 λυπήσαντος
3052 3632 3237 3695 αὐτὸν,
3293 3633 3324 3685 0
3357 3632 3537 3704 γέρων
3584 3630 3697 3684 ἀπὸ

439 3724 567 3788 rim,
617 3721 889 3793 confregit
948 3724 1173 3788 ostium,
1230 3738 1596 3795 egressusque
1651 3725 1898 3780 cucurrit
1949 3724 2019 3780 ad

2118 3724 2292 3796 χαρᾶς
2331 3723 2532 3777 ἕϐαλε⁸
2560 3724 2811 3789 πέλεκυν,
2845 3723 2936 3778 καὶ
2978 3725 3314 3796 κατέστρεψε
3356 3726 3457 3794 τὴν
3498 3723 3693 3796 θύραν,

438 3810 620 3865 locum
664 3813 718 3866 in
748 3825 856 3882 quo
883 3819 1003 3865 erat
1031 3813 1235 3877 frater;
1273 3826 1339 3867 ac
1396 3812 1550 3883 prior
1602 3812 1911 3869 incurvavit
1958 3831 2019 3871 se

2118 3795 2214 3869 καλ
2257 3813 2448 3886 ἐξῆλθε
2484 3814 2695 3888 τρέχων
2723 3814 2856 3869 ὅπου
2891 3810 2958 3886 ἦν
2987 3816 3017 3868 0
3066 3795 3322 3883 ἀδελφόςο
3351 3815 3449 3868 καὶ
3502 3812 3697 3867 ἔϐαλεν

442 3904 693 3973 supplex,
726 3904 1121 3975 amplexusque
1151 3912 1241 3959 est
1278 3904 1454 3971 illum,
1499 3912 1662 3975 atque
1714 3905 2017 3960 introduxit

2120 3904 2269 3976 αὐτῷ
2309 3905 2600 3976 μετάνοιαν
2629 3906 2867 3977 πρῶτος,
2895 3906 2989 3960 καὶ
3030 3905 3319 3976 ἠσπάσατο
3361 3905 3560 3961 αὐτόν·
3600 3906 3700 3960 καὶ

441 3992 501 4048 in
533 3996 726 4051 cellam
758 4008 936 4049 suam.
963 3990 1109 4048 Tum
1129 4009 1241 4065 per
1294 4003 1407 4050 tres
1448 3995 1568 4051 dies
1596 3997 1865 4052 recreavit
1896 4011 2015 4062 eos,

2117 3997 2434 4069 είσὴνεγκεν
2487 3997 2646 4051 αὐτὸν
2707 4000 2788 4063 εἰς
2838 3998 2901 4053 10
2941 3998 3149 4063 κελλίον
3205 3997 3371 4052 αὑτοῦ
3398 4013 3414 4031 ο
3461 3998 3557 4052 καὶ
3603 3997 3700 4051 ἐπὶ

424 4099 611 4155 seque
662 4099 787 4140 cum
829 4085 962 4155 ipsis
1001 4085 1337 4153 oblectavit,
1394 4086 1540 4157 quod
1574 4086 1755 4143 facere
1813 4102 2018 4159 nequa-

2117 4092 2267 4163 τρεῖς
2295 4088 2510 4162 ἡμέρας
2536 4087 2807 4161 εὔφρανεν
2847 4088 3043 4154 αὐτούς
3063 4107 3076 4120 ·
3112 4090 3208 4145 καὶ
3233 4089 3396 4153 αὐτὸς
3441 4088 3560 4160 μετ’
3593 4089 3698 4143 αὑ·

419 4188 605 4244 -quam
636 4186 996 4231 consueverat
1020 4193 1034 4241 ;
1060 4192 1293 4247 surgens
1320 4176 1577 4249 denique,
1608 4192 1713 4233 una
1741 4178 2013 4251 profectu:

2116 4182 2260 4238 1th°
2291 4184 2430 4256 ὅπερ
2473 4183 2574 4237 οὐκ
2606 4178 2717 4255 εἶχε
2760 4182 3043 4254 συνήθειαν
3074 4184 3282 4236 ποιεῖν’
3318 4180 3414 4236 καὶ
3457 4179 3700 4245 ἀναστὰς

419 4272 545 4322 est.
580 4263 851 4319 Caeterum
898 4276 1087 4336 postea
1124 4267 1305 4323 factus
1366 4281 1450 4326 est
1515 4271 1830 4343 episcopus.
1888 4271 2013 4328 Erat

2119 4275 2385 4349 ἐπορεύθη
2436 4275 2554 4348 μετ’
2602 4274 2806 4332 αὐτῶν.
2848 4274 2958 4328 Kal
2987 4274 3127 4347 μετὰ
3175 4273 3350 4329 ταῦτα
3400 4274 3699 4337 ἐπίσκοπος

437 4356 585 4414 enim
614 4356 1001 4411 miraculorum
1038 4357 1276 4417 effector.
1315 4359 1423 4418 Sed
1458 4373 1513 4420 et
1538 4363 1869 4435 discipulum
1891 4364 2014 4435 ejus

2118 4364 2361 4434 γέγονεν.
2404 4360 2513 4418 Ἦν
2566 4363 2676 4436 γὰρ
2720 4364 3097 4436 σημειοφόρος.
3138 4364 3250 4419 Kal
3302 4364 3396 4418 τὸν
3449 4362 3698 4435 μαθητὴν

401 4444 690 4521 abbatem
780 4445 1023 4503 Isaaeum
1100 4449 1294 4507 beatus
1367 4453 1604 4525 Cyrillus
1694 4456 1995 4527 episcopun

2120 4454 2287 4509 αὑτοῦ
2317 4455 2572 4526 ἐποίησεν
2605 4454 2899 4510 ἐπίσκοπον
2929 4458 2958 4509 0
2988 4455 3254 4530 μακάριος
3284 4455 3552 4528 Κύριλλος
3601 4455 3696 4509 τὸν

431 4543 665 4599 creavit.

2121 4544 2297 4601 ἀϐϐἄν
2332 4546 2538 4602 Ἰσαάκ.

915 4655 993 4710 De
1015 4630 1212 4731 abluta:i
1236 4655 1522 4730 Megethio.
2508 4708 2509 4711 η

2508 4659 2650 4729 Περὶ
2675 4659 2783 4714 τοῦ
2811 4659 2959 4715 ἁόὄᾶ
2989 4661 3302 4732 Μεγεθίου.

497 4767 563 4822 4.
619 4766 874 4824 Relatum
922 4768 1025 4826 fuit
1078 4770 1145 4827 de
1188 4784 1193 4790 '
1231 4773 1427 4829 abbate
1490 4773 1784 4844 Megethio,
1863 4775 2012 4845 quod

2190 4778 2259 4828 α’.
2303 4770 2528 4842 Ἔλεγον
2555 4773 2684 4846 περὶ
2707 4774 2805 4828 τοῦ
2832 4773 2977 4828 ἀϐϐᾶ
3003 4773 3301 4844 Μεγεθίου,
3326 4774 3411 4828 δτι
3432 4773 3693 4846 ἐξήρχετο

438 4875 665 4930 egresso
697 4874 764 4937 eo
790 4876 821 4915 e
849 4861 1009 4928 cella,
1067 4864 1117 4919 si
1143 4873 1379 4920 mentem
1434 4863 1696 4920 subiisset
1752 4865 2010 4936 cogitatio

2113 4863 2208 4918 106
2237 4864 2486 4919 κελλίουσ
2516 4865 2613 4920 καὶ
2649 4867 2697 4919 εἰ
2729 4867 2930 4938 ἧρχετο
2977 4866 3129 4939 αὐτῷ
3173 4867 3436 4940 λογισμὸς
3481 4868 3698 4939 ἀναχωο

436 4951 726 5008 secedendi
756 4967 787 5008 e
809 4952 953 5016 loco,
982 4969 1089 5009 non
1120 4955 1503 5026 regrederetur
1522 4955 1577 5009 in
1602 4955 1797 5010 cellam
1825 4970 2006 5011 suam.

2117 4958 2278 5029 ρῆσαι
2310 4958 2377 5013 ὲκ
2393 4956 2490 5012 τοῦ
2513 4958 2700 5026 τόπου,
2731 4960 2831 5013 οὐκ
2872 4960 3225 5030 ἀνέκαμπτεν
3257 4950 3469 5033 εἰς’τὴν
3498 4960 3698 5015 κὲλλαν

430 5034 579 5120 Nihil
604 5041 821 5129 quippe
858 5043 1102 5098 materia:
1127 5058 1196 5098 ex
1255 5044 1360 5098 hoc
1412 5043 1616 5097 saeculo
1664 5042 2004 5114 possidebat,

2118 5051 2307 5107 αὑτοῦ.
2326 5051 2460 5106 Οὐδὲ
2482 5052 2591 5126 γὰρ
2619 5048 2731 5122 εἶχέ
2758 5050 2810 5105 τί
2827 5069 2957 5105 ποτε
2980 5051 3075 5105 τοῦ
3093 5052 3291 5117 αἰῶνος
3319 5052 3513 5106 τούτου
3535 5051 3693 5125 ὓλην,

433 5130 541 5195 nisi
572 5147 730 5188 acum
761 5148 926 5188 uuam
962 5148 1069 5203 qua
1093 5133 1302 5204 palmas
1329 5146 1461 5188 suas
1484 5131 1789 5190 scindebat.
1824 5133 2009 5190 Conli-

2116 5145 2166 5197 εἰ
2196 5143 2272 5217 μὴ
2321 5144 2518 5217 ῥαφίδα
2547 5144 2677 5215 μίαν
2708 5144 2842 5197 ὅπου
2885 5144 2955 5199 τὰ
2992 5143 3183 5199 θαλλία
3219 5143 3463 5217 ἔσχιζενο
3505 5144 3698 5217 εἰργά-

430 5221 612 5368 ἓίεὺιι
645 5225 791 5283 enim
847 5226 1088 5300 quotidie
1132 5234 1258 5284 tres
1311 5227 1627 5299 sportellas,
1683 5228 1828 5285 unde
1885 5228 2004 5285 ale-

474 5321 620 5368 atur.
1218 5364 1219 5368 η

2115 5232 2241 5298 ζετο
2267 5235 2377 5308 γὰρ
2402 5234 2525 5291 καθ’
2556 5234 2768 5307 ἡμέραν
2796 5234 2923 5308 τρία
2955 5235 3216 5308 μαλάκια,
3243 5235 3305 5292 τὸ
3341 5235 3446 5309 τῆς
3480 5236 3692 5309 τροφῆς

2118 5328 2282 5368 ahena

474 5321 620 5369 atur.
1218 5364 1219 5369 η

1218 5364 1219 5369 η
2117 5328 2302 5386 αὐτοῦ.

498 5467 520 5499 ³
555 5466 642 5522 Al.
673 5467 871 5526 Matd't‘.
944 5474 965 5505 ⁸
999 5472 1061 5528 F.
1087 5476 1256 5533 inser.
1299 5478 1416 5537 οὐκ.
1490 5481 1515 5514 "
1546 5478 1611 5539 F.
1655 5480 1915 5555 πρώτως.
1999 5484 2020 5518 ⁸
2053 5484 2092 5540 Α

775 5471 871 5526 τὸῖ.
944 5474 965 5505 ⁸
999 5472 1061 5528 F.
1087 5476 1256 5533 inser.
1299 5478 1416 5537 οὐκ.
1490 5481 1515 5514 "
1546 5478 1611 5539 F.
1655 5480 1915 5555 πρώτως.
1999 5484 2020 5518 ⁸
2053 5484 2139 5541 Al.
2187 5483 2369 5538 ἔλαϐε.

503 5627 614 5700 (07)
655 5619 755 5683 Vit.
793 5625 945 5681 Patr.
979 5642 1098 5698 vm,
1126 5632 1184 5686 9.

2185 5635 2294 5713 (ιε)
2341 5640 2445 5699 vn.
2490 5641 2645 5698 Patr.
2672 5657 2755 5714 ιιι,
2790 5645 2845 5700 ι.
