4012 6208
516 365 626 423 303

1688 346 2042 405 APPENDIX
2082 345 2173 402 AD
2215 344 2636 403 PALLADIUM.

3665 347 3770 404 30’.

516 479 754 540 dilecte,
804 472 848 526 si
877 467 1042 524 fuerit
1073 466 1246 523 scissa
1292 454 1428 523 laena
1465 475 1577 532 tua,
1617 464 1924 536 proiicisne
1972 476 2094 518 eam

2212 463 2334 517 Είπέ
2373 482 2504 536 μοι,
2549 463 2805 535 άγαπητέ
2830 481 2842 495 ⁸
2877 463 2972 517 ἐὰν
3024 463 3217 537 σχισθῇ
3253 481 3345 518 σου
3379 463 3440 519 τὸ
3485 463 3774 536 χλανίδιον,

517 565 710 623 foras?
730 559 1036 631 Respondit
1062 576 1076 614 :
1102 556 1488 628 "Nequaquam.
1540 555 1634 612 sed
1667 570 1897 620 consuo,
1929 562 2095 625 atque

517 657 612 710 illa
650 649 1182 709 utoruTum'senex
1210 649 1392 703 :'Cum
1425 654 1645 719 ergo‘tu
1683 661 1879 718 parcas
1929 647 2092 714 vesti,

516 748 660 803 Deus
691 755 956 803 creaturae
985 759 1098 800 sua:
1127 742 1510 814 non'parcet?

896 942 971 999 De
996 943 1181 998 abbate
1211 941 1396 996 Marco
1441 941 1717 1013 ngypt’iO.

592 1039 706 1111 (52)
739 1037 1113 1093 Memorabant
1143 1037 1223 1091 sic
1251 1035 1319 1090 de
1361 1034 1557 1090 abba-te
1601 1033 1783 1090 Marco
1807 1033 2093 1107 Egyptio':

519 1131 775 1204 Triginta
813 1144 988 1186 annos
1019 1128 1414 1201 perseveravit,
1446 1142 1556 1181 non
1587 1127 1878 1198 egrediens
1904 1143 1936 1183 e
1961 1129 2097 1184 cella

517 1240 644 1282 sua.
680 1223 902 1279 Solebat
927 1232 1106 1278 autem
1142 1220 1430 1292 presbyter
1460 1219 1670 1284 venire,
1695 1235 1760 1275 ac
1789 1220 1838 1275 ei
1871 1221 2097 1276 missam

519 1317 822 1372 celebrare.
858 1316 928 1368 At
957 1315 1207 1369 diabolus
1234 1327 1467 1367 cernens
1499 1313 1814 1382 praeclaram
1867 1315 1966 1369 viri
2009 1330 2100 1384 pa-

521 1405 794 1469 tientiam,
825 1412 1010 1460 astute
1044 1404 1376 1474 excogitavit
1423 1412 1638 1460 tentare
1670 1405 1822 1459 illum
1879 1405 1934 1461 in
1969 1422 2101 1462 con-

523 1494 896 1550 demnationis
930 1493 1087 1547 vitio.
1115 1492 1304 1564 Itaque
1333 1492 1513 1548 ell‘ecit
1547 1501 1605 1548 ut
1637 1495 1862 1566 quidam
1909 1510 1940 1549 a
1989 1496 2103 1567 spi-

521 1584 950 1640 rituimmundo
1002 1585 1240 1654 agitatus
1285 1584 1353 1638 ad
1392 1600 1579 1640 senem
1631 1593 1933 1656 pergeret,
1997 1586 2102 1642 sub

520 1683 790 1748 praetextu
825 1674 1109 1730 orationis.
1137 1670 1340 1728 LPorro
1385 1675 1475 1730 ille
1507 1691 1930 1748 energumenus,
1976 1686 2103 1735 ante

521 1769 739 1822 amnem
773 1781 1107 1829 sermonem,
1146 1765 1419 1820 clamabat
1447 1767 1564 1821 seni
1595 1787 1608 1820 :
1644 1766 1937 1840 Presbyter
1971 1779 2101 1827 tuus

523 1859 692 1912 habet
730 1856 952 1912 odorem
1008 1857 1253 1926 peccati;
1316 1872 1427 1912 uon
1467 1859 1704 1929 amplius
1767 1861 1918 1916 siuas
1973 1879 2100 1917 eum

524 1949 786 2006 accedere
819 1948 884 2002 ad
915 1958 987 2002 te.
1015 1947 1084 2000 At
1113 1947 1196 2000 vir
1244 1962 1271 2000 a
1306 1946 1416 2004 Deo
1456 1949 1759 2020 inspiratus
1789 1951 1906 2006 inﬁt
1935 1972 1947 2007 :
1975 1953 2098 2018 Fili,

523 2054 716 2095 omnes
757 2037 1136 2107 impuritatem
1169 2035 1810 2105 extra,projiciunt;~-tu
1855 2054 1984 2095 vero
2031 2037 2104 2094 ad

524 2147 614 2186 me
648 2128 881 2184 attulisti
913 2142 1054 2182 eam.
1093 2124 1296 2180 Verum
1335 2126 1636 2198 Scriptura:
1681 2145 1784 2184 vox
1818 2139 1943 2186 est:
1989 2129 2100 2184 No-

523 2223 621 2276 lite
636 2219 905 2290 judicare,
925 2226 972 2272 et
993 2234 1093 2270 non
1121 2217 1498 2286 jadicabimini
1527 2213 1590 2273 “.
1615 2219 1828 2276 .Tatuen
1851 2222 2103 2291 quamvis

525 2322 785 2386 peccator
807 2313 902 2379 sit,
930 2311 1196 2366 Dominus
1225 2311 1439 2366 salvum
1461 2311 1624 2366 faciet
1647 2327 1808 2366 eum..
1827 2311 2102 2382 Scriptum

525 2406 785 2463 estenim
813 2423 827 2458 :
869 2401 1035 2458 Orate
1065 2417 1160 2471 pro
1187 2402 1429 2466 invicem,
1460 2410 1516 2454 ut
1556 2401 1832 2455 salvemiai
1859 2403 1923 2456 ".
1972 2402 2104 2458 Post

527 2514 688 2570 quem
723 2510 1032 2552 sermonem
1071 2493 1215 2548 facta
1256 2508 1419 2563 prece
1446 2493 1750 2548 daemonem
1787 2493 1996 2563 fugavit
2035 2497 2104 2551 ab

528 2589 769 2653 homine,
828 2585 1147 2656 dimisitque
1210 2601 1336 2640 eum
1395 2599 1614 2640 sanum.
1679 2583 1750 2640 Ut
1801 2596 1982 2642 autem
2037 2587 2106 2644 de

529 2695 681 2734 more
712 2678 860 2734 venit
913 2677 1219 2749 presbyter,
1271 2691 1446 2732 senex
1494 2677 1739 2748 suscepit
1793 2677 1944 2733 illum
1968 2694 2104 2734 cum

527 2773 740 2829 laetitia.
790 2772 981 2826 Bonus
1015 2785 1146 2824 vero
1177 2769 1343 2836 Deus,
1392 2783 1628 2824 cernens
1663 2769 1812 2824 senis
1846 2770 2108 2824 innocen-

528 2868 684 2931 tiam,
721 2862 964 2920 ostendit
996 2863 1074 2917 illi
1103 2861 1342 2931 siguum.
1373 2860 1511 2916 Nam
1543 2875 1666 2915 cum
1701 2862 1940 2917 clericus
1965 2863 2108 2932 jam-

527 2961 640 3029 }am
667 2965 914 3014 staturus
936 2963 1084 3012 esset
1107 2962 1234 3010 aute
1255 2969 1469 3009 sacram
1496 2968 1765 3020 mensam,
1793 2951 1938 3018 Vidi,
1971 2954 2110 3008 dixit

533 3064 648 3105 rem
683 3063 954 3103 enarrans
985 3060 1174 3111 senex,
1221 3045 1474 3116 angelum
1510 3044 1723 3099 Domini
1775 3044 2110 3099 descenden-

2201 555 2418 629 βάλλεις
2459 554 2620 609 τοῦτο
2666 555 2809 623 έξω;
2849 555 3042 625 Λέγειο
3079 555 3153 610 Οὔ
3177 572 3192 586 ο
3230 555 3364 610 ἁλλὰ
3399 555 3588 628 ράπτω
3621 556 3776 620 αὐτὸ,

2197 649 2293 704 καὶ
2314 647 2534 721 χρῶμαι
2562 646 2730 718 αὐτῷ.
2759 646 2921 716 Λέγει
2949 647 3085 719 πρὸς
3107 647 3268 702 αὑτὸν
3305 648 3334 699 6
3365 646 3563 720 γέρων·
3599 647 3661 702 El
3684 643 3780 703 οὖν

2200 742 2265 796 σὺ
2293 741 2386 794 τοῦ
2444 739 2660 812 ἱματίου
2695 740 2885 812 φείδῃ,
2929 743 2957 794 ό
2988 739 3119 805 Θεδς
3163 741 3259 794 τοῦ
3300 741 3432 794 ίδίου
3465 739 3781 812 πλάσματος

2196 828 2259 883 οὐ
2296 829 2541 899 φείσεται
2565 846 2582 896 ;

2373 945 2517 1014 Περὶ
2546 945 2652 1000 τοῦ
2675 944 2826 1000 άόὅᾶ
2849 943 3094 1013 Μάρκου
3121 944 3228 998 τοῦ
3253 945 3598 1014 Αἰγυπτίου.

2271 1032 2500 1103 Ἔλεγον
2535 1034 2662 1107 περὶ
2712 1033 2805 1088 τοῦ
2851 1034 2998 1088 ἁεὸἄ
3042 1030 3272 1105 Μάρκου
3321 1033 3417 1088 τοῦ
3455 1031 3779 1102 Αἰγυπτίου,

2196 1125 2277 1179 ὅτι
2311 1125 2492 1196 ἔμεινε
2537 1125 2832 1198 τριάκοντα
2865 1125 2958 1197 έτη
2984 1167 2998 1190 ,
3035 1125 3109 1197 μὴ
3164 1123 3521 1196 ἐξερχόμενος
3576 1127 3640 1179 ἐκ
3679 1123 3778 1181 τοῦ

2197 1216 2411 1270 κελλίου
2441 1217 2629 1271 αὑτοῦ.
2663 1211 2790 1287 Εἶχε
2816 1216 2873 1270 δὲ
2896 1215 3015 1280 ἔθος
3047 1219 3076 1270 6
3104 1215 3474 1288 πρεσϐύτερος
3499 1215 3776 1288 ἔρχεσθαι.

2199 1308 2294 1362 καὶ
2317 1311 2490 1362 ποιεῖν
2522 1307 2670 1380 αὺτῷ
2697 1308 2796 1380 τὴν
2825 1307 2988 1377 ἁγίαν
3026 1309 3364 1381 προσφοράν.
3427 1308 3487 1362 '0
3509 1309 3565 1362 δὲ
3594 1307 3782 1361 διάδο-

2199 1401 2324 1467 λος,
2358 1400 2639 1472 θεωρήσας
2669 1401 2766 1473 τὴν
2813 1401 2907 1454 τοῦ
2961 1402 3153 1473 ἀνδρὸς
3187 1402 3440 1474 ἐνάρετον
3479 1399 3778 1472 ὑπομονὴν,

2199 1492 2675 1565 ἐπανουργεύσατο
2721 1496 2778 1547 ἐν
2810 1493 3132 1565 κατακρίσει
3162 1494 3419 1565 πειράσαι
3449 1493 3611 1546 αὐτόν
3631 1507 3644 1520 ·
3686 1495 3782 1544 καὶ

2201 1585 2584 1657 παρεσκεύασέ
2630 1604 2754 1640 τινα
2785 1586 3236 1658 πνευματιιῖΝτα,
3269 1585 3405 1658 πρὸς
3431 1585 3522 1639 τὸν
3550 1585 3783 1657 γέροντα.

2203 1677 2475 1750 προφάσει
2531 1677 2698 1748 εὐχῆς
2751 1677 3029 1733 ἀπελθεῖν.
3087 1677 3146 1731 '0
3189 1676 3245 1730 δὲ
3291 1676 3640 1748 πνευματιῶν
3674 1674 3785 1747 πρὸ

2208 1769 2410 1833 παντὸς
2433 1769 2593 1838 λόγου
2629 1769 2971 1840 προσεφώνει
3004 1769 3082 1840 τῷ
3119 1769 3364 1841 γέροντιο
3396 1768 3455 1822 '0
3481 1766 3787 1838 πρεσϐύτε-

2206 1860 2299 1931 ρός
2334 1876 2427 1914 σου
2458 1861 2569 1931 ἔχει
2617 1860 2790 1932 ὀσμὴν
2833 1861 3134 1934 ἁμαρτίας,
3168 1861 3364 1933 μηκέτι
3413 1860 3574 1914 αὐτὸν
3615 1861 3789 1934 ἐάσῃς

2205 1956 2465 2010 είσελθεῖν
2496 1955 2632 2027 πρὸς
2659 1957 2741 2010 σέ.
2785 1957 2843 2010 Ὀ
2875 1957 2931 2010 δέ
2954 1956 3308 2018 θεόπνευστος
3333 1953 3470 2026 ἀνὴρ
3496 1950 3615 2008 εἷπε
3646 1953 3790 2026 πρὸς

2204 2048 2367 2101 αὐτόν
2390 2063 2406 2078 ·
2454 2048 2656 2100 Τέκνον
2682 2087 2697 2112 ,
2752 2049 2950 2110 πάντες
2989 2049 3088 2117 τὴν
3127 2046 3466 2118 ἀκαθαρσίαν
3502 2047 3608 2112 ἔξω
3651 2046 3788 2117 βάλ-

2205 2135 2356 2188 λουσι
2383 2151 2397 2166 ⁸
2435 2136 2499 2188 σὺ
2524 2136 2580 2188 δέ
2609 2136 2744 2207 πρὸς
2787 2135 2853 2206 μὲ
2884 2137 3122 2207 ἤνεγκας
3159 2138 3348 2208 αὐτὴν.
3398 2137 3556 2189 Ἀλλά
3585 2137 3792 2208 γέγραο

2205 2243 2366 2280 πται·
2395 2224 2496 2292 Μὴ
2524 2226 2758 2294 κρίνετε
2779 2267 2793 2288 .
2827 2227 2928 2280 ἵνα
2953 2226 3036 2296 μὴ
3077 2225 3333 2296 κριθῆτε.
3371 2229 3558 2298 Ὅμως
3601 2229 3648 2280 εί
3693 2227 3795 2280 καὶ

2205 2315 2526 2386 ἁμαρτωλός
2549 2316 2695 2367 ἐστιν
2717 2355 2730 2380 ,
2755 2315 2784 2367 6
2812 2313 3015 2385 Κύριος
3047 2317 3209 2369 σώσει
3251 2317 3433 2371 αὐτόν.
3470 2316 3796 2388 Γέγραπται

2205 2407 2315 2479 γάρ
2337 2407 2654 2476 ’.Εὔχεσθε
2687 2406 2836 2476 ὑπὲρ
2864 2407 3173 2476 ἀλλήλων,
3211 2407 3372 2473 ὅπως
3405 2406 3629 2475 ίαθῆτε.
3678 2409 3800 2462 Καὶ

2206 2499 2300 2551 ἐπὶ
2331 2498 2408 2569 τῷ
2435 2499 2580 2570 λόγῳ
2615 2499 2790 2570 τούτῳ
2827 2501 3058 2570 ποιήσας
3093 2499 3256 2571 εὐχὴν
3279 2539 3294 2563 ,
3331 2500 3664 2570 ἐφυγάδευσε
3697 2501 3802 2554 τὸν

2206 2589 2432 2661 δαίμονα
2457 2589 2565 2643 ἀπὸ
2585 2589 2677 2642 τοῦ
2705 2587 3016 2660 ἀνθρώπου,
3044 2589 3137 2642 καὶ
3162 2589 3428 2642 ἀπέλυσεν
3453 2590 3612 2643 αὑτὸν
3635 2590 3799 2662 ὑγιῆ.

2220 2683 2307 2745 Ὠς
2345 2682 2400 2735 δὲ
2429 2677 2592 2753 ἦλθεν
2621 2681 2649 2733 6
2693 2680 3063 2752 πρεσϐύτερος
3093 2679 3238 2735 κατὰ
3288 2680 3351 2734 τὸ
3405 2680 3631 2747 εἰωθὸς,
3684 2683 3803 2735 ὑπο

2213 2773 2432 2838 εδέξατο
2464 2772 2626 2828 αὐτὸν
2682 2773 2713 2826 6
2762 2773 2940 2844 γέρων
2989 2772 3127 2844 μετὰ
3157 2773 3350 2844 χαρᾶς.
3393 2773 3451 2827 '0
3483 2773 3540 2827 δὲ
3587 2771 3803 2842 ἀγαθὸς

2209 2865 2339 2928 Θεὸς
2359 2905 2376 2930 ,
2416 2862 2539 2918 ίδὼν
2579 2863 2680 2935 τὴν
2706 2863 2946 2917 ἀκακίαν
2969 2863 3063 2917 τοῦ
3089 2863 3374 2934 γέροντος,
3398 2862 3598 2927 ἔδειξεν
3638 2863 3802 2934 αὐτῷ

2213 2959 2456 3028 σημεῖον.
2489 2954 2789 3018 Μέλλοντος
2815 2954 2926 3024 γὰρ
2954 2953 3048 3008 τοῦ
3078 2953 3340 3028 κληρικοῦ
3372 2955 3563 3026 στῆναι
3583 2954 3802 3025 ἔμπρο-

2214 3044 2342 3098 σθεν
2386 3045 2484 3115 τῆς
2542 3045 2706 3112 ἁγίας
2754 3043 3066 3116 τραπέζης,
3103 3042 3284 3108 καθὼς
3315 3046 3344 3098 6
3389 3044 3568 3118 γέρων
3601 3045 3803 3117 διηγή-

535 3151 644 3194 tem
676 3139 744 3194 de
773 3139 934 3202 caelo,
961 3137 1057 3207 qui
1094 3151 1315 3190 manum
1353 3150 1507 3191 suam
1537 3135 1720 3205 posuit
1749 3148 1915 3206 super
1945 3145 2107 3206 caput

2215 3154 2366 3201 σατο,
2400 3138 2482 3190 ὅτι
2512 3133 2666 3191 Εἶδον
2698 3137 2926 3207 ἄγγελον
2953 3137 3158 3208 Κυρίου
3189 3141 3254 3192 ἐκ
3273 3137 3366 3192 τοῦ
3395 3137 3624 3209 οὐρανοῦ
3652 3154 3802 3192 κατ-

539 3231 725 3284 clerici
756 3270 770 3290 ,
811 3229 1097 3297 laetusque
1133 3235 1218 3281 est
1249 3227 1484 3281 clericus
1542 3235 1800 3297 tanquam
1853 3227 2109 3282 columna

534 3320 700 3392 ignis.
739 3319 822 3374 Me
853 3325 1054 3372 autem
1105 3315 1496 3387 obstupefaeto
1548 3318 1603 3371 in
1648 3318 1882 3385 visione,
1929 3319 2110 3375 audivi

531 3425 721 3465 vocem
759 3409 827 3464 ad
865 3423 951 3464 me
999 3406 1258 3463 emissam
1288 3426 1300 3462 :
1353 3405 1552 3474 Homo,
1586 3424 1686 3463 cur
1715 3409 2018 3466 demiratus
2052 3426 2112 3468 es

535 3517 703 3574 super
733 3501 838 3556 hac
868 3515 929 3556 re
954 3499 980 3554 ?
1010 3498 1066 3554 Si
1095 3500 1240 3555 enim
1272 3515 1362 3555 rex
1395 3511 1648 3558 terrenus
1672 3518 1780 3558 non
1813 3505 2113 3576 permissu-

545 3610 642 3651 rus
673 3600 758 3650 est
787 3601 845 3647 ut
891 3604 1149 3664 proceres
1194 3593 1278 3648 sui
1327 3602 1454 3649 ante
1491 3610 1614 3649 eum
1687 3604 1833 3652 stent
1879 3599 2110 3663 sordidi,

536 3701 639 3743 nec
675 3687 784 3742 nisi
823 3701 948 3740 cum
989 3685 1162 3739 multa
1202 3687 1420 3756 gloria:
1467 3695 1687 3758 quanto
1723 3691 1897 3761 magis
1931 3691 2112 3747 divina

532 3779 755 3844 uirtus;
791 3791 972 3832 nonne
1025 3791 1194 3846 puros
1229 3775 1422 3832 ellicict
1461 3779 1744 3836 ministros
1791 3791 2113 3838 sanctorum

536 3872 947 3943 mysteriorum,
999 3870 1091 3938 qui
1141 3878 1289 3922 stant
1341 3879 1468 3925 ante
1523 3871 1749 3940 gloriam
1785 3873 2116 3930 caalestem'?

534 3961 707 4033 Igitur
738 3972 1040 4030 generosus
1095 3966 1150 4012 et
1197 3957 1401 4012 athleta
1446 3957 1654 4013 Christi
1700 3958 1916 4017 Marcus
1945 3963 2114 4034 Λεων-

534 4051 704 4122 ptius,
745 4063 976 4118 magnus
1027 4045 1281 4111 elTectus,
1345 4045 1449 4101 hoc
1512 4045 1750 4103 donatus
1801 4057 1887 4106 est
1932 4050 2114 4104 chari-

537 4151 731 4207 smate,
755 4141 881 4210 quia
910 4151 1030 4193 non
1057 4136 1398 4208 iudicaverat
1431 4135 1709 4194 clericum.

1635 4319 1759 4334 ’Ἀ

925 4428 1002 4483 De
1043 4429 1231 4483 abbate
1261 4427 1504 4482 Macario
1536 4430 1739 4484 urbico.

2215 3229 2540 3300 ερχόμενον,
2573 3228 2669 3283 καὶ
2697 3227 2861 3298 ἔθηκε
2915 3228 3014 3300 τὴν
3041 3232 3200 3299 χεῖρα
3246 3228 3412 3282 αὐτοῦ
3445 3227 3652 3299 είς.τὴν
3701 3246 3803 3282 κε-

2215 3317 2388 3389 φαλὴν
2427 3315 2523 3370 τοῦ
2577 3316 2876 3388 κληρικοῦ,
2911 3318 3004 3372 καὶ
3057 3319 3274 3387 ἐγένετο
3328 3321 3357 3372 6
3401 3318 3660 3389 κληρικὸς
3715 3318 3803 3383 ὡς

2217 3405 2405 3470 στύλος
2435 3407 2624 3478 πυρός.
2669 3406 2836 3478 Ἐμοῦ
2862 3408 2917 3462 δέ
2948 3407 3328 3480 θαυμάσαντος
3357 3409 3448 3462 ἐπὶ
3484 3412 3552 3480 τῇ
3580 3409 3801 3481 ὁράσει,

2215 3497 2423 3569 ἧκουσα
2480 3497 2666 3568 φωνῆς
2734 3497 2999 3570 λεγούσης
3057 3498 3194 3571 πρὸς
3229 3500 3325 3570 μέο
3370 3497 3690 3572 Ἄνθρωπε,
3739 3500 3804 3552 τί

2214 3588 2569 3661 τεθαύμακας
2595 3590 2688 3644 ἐπὶ
2719 3589 2797 3661 τῷ
2830 3589 3118 3661 πράγματι
3147 3590 3352 3662 τούτῳ;
3396 3592 3460 3645 Εί
3499 3590 3608 3664 γὰρ
3634 3591 3804 3663 βασι-

2215 3680 2340 3745 λεὺς
2383 3681 2622 3750 ἐπίγειος
2658 3682 2732 3735 ρού
2765 3681 2840 3752 μὴ
2887 3682 3024 3756 ἐάσῃ
3070 3683 3196 3747 τοὺς
3253 3686 3584 3753 μεγιστᾶνας
3623 3684 3803 3738 αὐτοῦ

2218 3774 2496 3844 ῥυπαροὺς
2525 3774 2715 3845 στῆναι
2747 3772 3057 3844 ἔμπροσθεν
3085 3774 3272 3840 αὐτοῦ,
3300 3775 3395 3829 ἐὰν
3420 3776 3499 3850 μὴ
3536 3775 3672 3847 μετὰ
3703 3773 3800 3830 δό-

2217 3866 2314 3936 ξης
2339 3865 2536 3936 πολλῆς
2556 3881 2570 3894 ⁸
2601 3865 2752 3936 πόσῳ
2779 3865 2984 3936 μᾶλλον
3018 3868 3052 3938 ἡ
3073 3865 3192 3920 θεία
3225 3865 3455 3938 δύναμις
3478 3882 3492 3896 ·
3530 3867 3592 3920 οὐ
3617 3867 3661 3898 ⁸⁸
3695 3885 3801 3921 κα-

2217 3958 2430 4030 θαρίσει
2485 3958 2613 4022 τοὺς
2663 3957 3009 4030 λειτουργοὺς
3060 3958 3171 4012 τῶν
3222 3959 3394 4028 ἁγίων
3451 3961 3797 4030 μυστηρίων,

2218 4052 2519 4122 στήκοντας
2539 4049 2846 4122 ἔμπροσθεν
2868 4052 2967 4124 τῆς
2993 4051 3244 4125 οὐρανίου
3277 4052 3470 4124 δόξηςς
3502 4053 3562 4105 '0
3585 4053 3644 4106 δὲ
3672 4069 3799 4120 γεν-

2217 4144 2365 4205 ναῖος
2403 4142 2496 4196 καὶ
2522 4141 2757 4214 ἀθλητὴς
2787 4142 2882 4196 τοῦ
2916 4141 3154 4214 Χριστοῦ
3174 4143 3400 4215 Μάρκος
3428 4141 3793 4210 όΔίγύπτιος,

2219 4233 2390 4304 μέγας
2413 4233 2702 4305 γενόμενος
2722 4274 2736 4298 ,
2759 4234 3070 4306 κατηξιώθη
3095 4234 3187 4289 τοῦ
3215 4235 3551 4307 χαρίσματος
3574 4233 3791 4302 τούτου,

2216 4326 2297 4378 ὅτι
2325 4325 2384 4378 οὐ
2425 4325 2711 4398 κατέκρινε
2739 4327 2830 4380 τὸν
2862 4327 3140 4400 κληρικόν.

2357 4439 2497 4506 Περὶ
2522 4438 2631 4493 τοῦ
2658 4439 2807 4496 ἁὸϐᾶ
2837 4442 3142 4510 Μακαρίου
3182 4441 3289 4497 τοῦ
3317 4441 3649 4497 πολιτικοῦ.

610 4521 662 4575 ι.
705 4518 855 4575 Abiit
899 4519 1200 4590 aliquando
1235 4519 1409 4576 abbas
1462 4519 1750 4587 Macarius,
1795 4522 1888 4578 ille
1937 4523 2107 4589 urbis,

2283 4528 2353 4582 α’.
2400 4530 2636 4601 ’Δπῆλθέ
2681 4549 2812 4586 ποτε
2853 4535 2882 4587 6
2928 4533 3103 4596 ἁὸὁᾶς
3133 4534 3420 4606 Μακάριος
3457 4535 3485 4588 6
3514 4532 3792 4598 πολιτικὸς

535 4611 603 4667 ad
633 4609 906 4668 secandos
949 4612 1258 4682 palmarum
1297 4626 1518 4678 ramos,
1565 4621 1832 4683 erantque
1876 4630 2000 4669 cum
2045 4630 2111 4669 eo

536 4704 740 4762 fratres
775 4746 791 4772 ,
821 4706 910 4775 Qui
943 4705 1120 4775 primo
1144 4704 1233 4760 die
1267 4706 1456 4760 dicunt
1483 4705 1532 4760 ei
1560 4723 1574 4760 :
1605 4704 1762 4769 Veni,
1785 4706 1980 4772 Pater,
2013 4723 2114 4762 no-

521 4797 752 4852 biscum
803 4795 1050 4851 comede.
1110 4795 1402 4852 Profectus
1463 4798 1555 4852 ille
1594 4797 1853 4852 comedit.
1908 4797 2108 4854 lterum

539 4887 780 4942 secundo
808 4886 895 4942 die
929 4885 1072 4941 idem
1107 4895 1319 4957 rogant.
1348 4887 1416 4940 At
1442 4888 1643 4952 noluit,
1673 4888 1767 4944 sed
1796 4892 2108 4961 respondit:

548 4975 715 5036 Vobis
770 4978 890 5043 lilii,
926 4994 1156 5034 necesse
1193 4987 1280 5034 est
1308 4987 1367 5033 ut
1403 4980 1589 5035 cibum
1632 4983 1898 5050 sumatis;
1930 4985 2112 5043 adhuc

535 5069 680 5122 enim
713 5083 843 5123 caro
881 5069 1017 5122 estis
1049 5087 1062 5135 ;
1105 5083 1204 5139 ego
1243 5083 1373 5122 vero
1404 5086 1550 5124 nunc
1580 5072 1708 5126 nolo
1755 5075 2105 5132 manducare.

604 5247 658 5299 2.
692 5246 843 5301 Adiit
897 5245 1068 5302 abbas
1127 5245 1397 5305 Macarius
1449 5249 1698 5306 abbatem
1754 5253 2107 5312 Pachomium

529 5335 1027 5392 Tabenesiotarum
1074 5338 1439 5408 prwpositum.
1491 5339 1593 5406 Qui
1629 5342 1709 5396 sic
1758 5354 2108 5412 percontatus

519 5432 616 5504 est
651 5439 815 5478 eum:
849 5423 1082 5490 Quando
1102 5425 1311 5481 .fratres
1360 5427 1668 5499 disciplinae
1705 5429 1951 5486 ordinem
1996 5448 2103 5487 non

529 5520 773 5574 servant,
829 5515 1104 5570 honumue
1151 5524 1234 5571 est
1285 5519 1565 5589 corripere
1621 5521 1761 5576 eos?
1802 5518 2105 5592 Respondit

603 5648 647 5678 “
676 5645 869 5702 Matth.
905 5661 1000 5714 vn,
1046 5651 1096 5703 l.
1177 5653 1219 5683 "
1251 5653 1367 5707 Jac.
1401 5671 1452 5720 v,
1484 5655 1568 5711 16.
1649 5657 1690 5690 ⁸⁸
1728 5657 1894 5716 Abest
1922 5660 1983 5714 οὐ
2007 5676 2035 5715 a
2058 5661 2201 5718 Bais.

599 5760 705 5835 (δὲ)
741 5758 1026 5816 Balsamon
1059 5775 1110 5830 p.
1145 5762 1305 5820 HDL»,

2213 4621 2377 4692 κόψαι
2411 4621 2624 4688 θαλλία,
2660 4625 2754 4678 καὶ
2781 4625 2828 4678 οί
2856 4625 3074 4694 ἀδελφοὶ
3101 4626 3217 4695 μετ’
3250 4625 3434 4682 αὑτοῦ.
3465 4627 3577 4681 Καὶ
3600 4627 3789 4697 λέγου-

2215 4730 2298 4768 σιν
2326 4714 2473 4786 αὐτῷ
2505 4715 2607 4788 τὴν
2642 4715 2864 4788 πρώτην
2909 4718 3122 4789 ἡμέραν
3144 4734 3159 4748 ·
3207 4717 3412 4790 Δεῦρο,
3471 4719 3611 4787 φάγε
3670 4711 3787 4790 μεθ’

2215 4805 2374 4876 ἡμῶν
2394 4845 2410 4868 ,
2439 4808 2642 4879 Πάτερ.
2685 4808 2742 4861 '0
2769 4808 2826 4862 δέ
2859 4809 3066 4880 ἀπῆλθε
3116 4811 3211 4864 καὶ
3265 4810 3455 4880 ἔφαγε.
3484 4811 3595 4864 Καὶ
3627 4809 3794 4865 πάλιν

2213 4899 2279 4966 τῇ
2309 4896 2442 4967 ἄλλῃ
2497 4896 2745 4966 λέγουσιν
2793 4899 2942 4970 αὐτῷ
2975 4904 3187 4970 φαγεῖν.
3222 4901 3279 4956 '0
3322 4902 3378 4955 δὲ
3430 4901 3530 4955 οὐκ
3573 4900 3791 4971 ἤθελεν,

2214 4985 2328 5037 ἀλλ’
2357 4986 2540 5052 ἔλεγεν
2588 4988 2808 5052 αὐτοῖς·
2872 4989 3061 5060 Ὑμεῖς
3117 4991 3306 5062 χρείαν
3362 4991 3513 5062 ἔχετε
3570 4990 3790 5060 φαγεῖν,

2213 5075 2377 5129 τέκνα
2405 5095 2418 5109 ·
2449 5077 2632 5150 ἀκμὴν
2666 5079 2773 5152 γὰρ
2810 5080 2943 5154 σάρξ
2984 5083 3137 5135 ἐστεο
3171 5081 3282 5152 ἐγὼ
3329 5083 3384 5136 δέ
3426 5081 3522 5136 νῦν
3555 5082 3618 5135 ού
3649 5080 3790 5136 θέλω

2215 5183 2432 5234 φαγειν.

2283 5255 2348 5324 β’.
2386 5257 2699 5330 Παρέϐαλεν
2741 5261 2769 5313 6
2803 5260 2975 5325 ἁϐϐςῑς
3008 5261 3293 5328 Μακάριος
3325 5262 3462 5334 πρὸς
3491 5260 3583 5316 τὸν
3613 5261 3796 5318 ἀϐὁᾶν

2211 5345 2502 5418 Παχὼμιον
2522 5348 2630 5402 τῶν
2647 5349 3089 5423 Ταϐενησιωτῶν.
3119 5353 3177 5405 '0
3205 5353 3260 5406 δὲ
3283 5353 3574 5424 Παχώμιος
3600 5351 3798 5424 ἠρώτα.

2209 5437 2369 5491 αὑτὸν
2393 5480 2408 5506 ,
2457 5438 2659 5509 λέγων’
2698 5441 2826 5498 Ὅτε
2872 5446 3010 5497 είοιν
3057 5444 3276 5514 ἀδελφοὶ
3305 5445 3532 5498 ἄτακτοι
3557 5482 3572 5505 ,
3623 5441 3796 5496 καλόν

2207 5529 2323 5582 ἐστι
2359 5530 2645 5586 παιδεῦσαι
2683 5534 2921 5604 αύτούςς
2956 5535 3118 5606 Λέγει
3149 5535 3298 5610 αὑτῷ
3327 5538 3356 5590 6
3386 5534 3560 5599 ά66ᾶς
3590 5530 3787 5590 Manut»
