  <div class='ocr_page' id='page_1' title='image "/cluster/home/n/w/nwhite01/storage/ocr_20150623/65/hvd.32044073501967/158.png"; bbox 0 0 4036 6202; ppageno 0'>
   <div class='ocr_carea' id='block_1_1' title="bbox 213 253 375 329">
    <p class='ocr_par' dir='ltr' id='par_1_1' title="bbox 213 253 375 329">
     <span class='ocr_line' id='line_1_1' title="bbox 213 253 375 329; baseline -0.031 0"><span class='ocrx_word' id='word_1_1' title='bbox 213 269 327 329; x_wconf 73' lang='lat' dir='ltr'><strong>sos</strong></span> <span class='ocrx_word' id='word_1_2' title='bbox 365 253 375 268; x_wconf 89' lang='lat'>‘</span> 
     </span>
    </p>
   </div>
   <div class='ocr_carea' id='block_1_2' title="bbox 1399 255 2357 316">
    <p class='ocr_par' dir='ltr' id='par_1_2' title="bbox 1399 255 2357 316">
     <span class='ocr_line' id='line_1_2' title="bbox 1399 255 2357 316; baseline -0.004 -2"><span class='ocrx_word' id='word_1_3' title='bbox 1399 255 2009 316; x_wconf 75' lang='lat' dir='ltr'><strong>APOPHTHEGMATA</strong></span> <span class='ocrx_word' id='word_1_4' title='bbox 2045 257 2357 316; x_wconf 77' lang='lat' dir='ltr'><strong>PATRUM.</strong></span> 
     </span>
    </p>
   </div>
   <div class='ocr_carea' id='block_1_3' title="bbox 3269 258 3484 320">
    <p class='ocr_par' dir='ltr' id='par_1_3' title="bbox 3269 258 3484 320">
     <span class='ocr_line' id='line_1_3' title="bbox 3269 258 3484 320; baseline -0.005 -7"><span class='ocrx_word' id='word_1_5' title='bbox 3269 317 3272 320; x_wconf 58' lang='grc'><strong>,</strong></span> <span class='ocrx_word' id='word_1_6' title='bbox 3379 258 3484 313; x_wconf 66' lang='grc' dir='ltr'>δυο</span> 
     </span>
    </p>
   </div>
   <div class='ocr_carea' id='block_1_4' title="bbox 217 372 1813 457">
    <p class='ocr_par' dir='ltr' id='par_1_4' title="bbox 217 374 1792 457">
     <span class='ocr_line' id='line_1_4' title="bbox 217 374 1792 457; baseline -0.004 -22"><span class='ocrx_word' id='word_1_7' title='bbox 217 399 368 457; x_wconf 79' lang='grc' dir='ltr'>ριοςο</span> <span class='ocrx_word' id='word_1_8' title='bbox 401 377 700 434; x_wconf 78' lang='grc' dir='ltr'>Παίδευσον</span> <span class='ocrx_word' id='word_1_9' title='bbox 722 415 738 439; x_wconf 88' lang='grc'><strong>,</strong></span> <span class='ocrx_word' id='word_1_10' title='bbox 789 374 885 430; x_wconf 73' lang='grc' dir='ltr'>καὶ</span> <span class='ocrx_word' id='word_1_11' title='bbox 927 377 1106 448; x_wconf 72' lang='grc' dir='ltr'>κρῖνον</span> <span class='ocrx_word' id='word_1_12' title='bbox 1138 377 1361 440; x_wconf 75' lang='grc' dir='ltr'><strong>δικαίως</strong></span> <span class='ocrx_word' id='word_1_13' title='bbox 1399 377 1524 440; x_wconf 75' lang='grc' dir='ltr'>τοὺς</span> <span class='ocrx_word' id='word_1_14' title='bbox 1561 376 1666 431; x_wconf 81' lang='grc' dir='ltr'>ὑπὸ</span> <span class='ocrx_word' id='word_1_15' title='bbox 1701 375 1792 429; x_wconf 85' lang='grc' dir='ltr'><strong>σέ·</strong></span> 
     </span>
    </p>
   </div>
   <div class='ocr_carea' id='block_1_5' title="bbox 1916 372 3486 457">
    <p class='ocr_par' dir='ltr' id='par_1_5' title="bbox 1916 372 3486 446">
     <span class='ocr_line' id='line_1_5' title="bbox 1916 372 3486 446; baseline 0.001 -17"><span class='ocrx_word' id='word_1_16' title='bbox 1916 375 2072 431; x_wconf 65' lang='lat' dir='ltr'><strong>abbas</strong></span> <span class='ocrx_word' id='word_1_17' title='bbox 2100 373 2410 430; x_wconf 71' lang='lat' dir='ltr'><strong>Macarius:</strong></span> <span class='ocrx_word' id='word_1_18' title='bbox 2453 372 2696 443; x_wconf 61' lang='grc' dir='ltr'><strong>(ἐδεύεο,</strong></span> <span class='ocrx_word' id='word_1_19' title='bbox 2748 382 2798 430; x_wconf 90' lang='lat' dir='ltr'><strong>et</strong></span> <span class='ocrx_word' id='word_1_20' title='bbox 2828 375 2978 445; x_wconf 77' lang='lat' dir='ltr'><strong>juste</strong></span> <span class='ocrx_word' id='word_1_21' title='bbox 3018 390 3114 432; x_wconf 82' lang='lat' dir='ltr'><strong>eos</strong></span> <span class='ocrx_word' id='word_1_22' title='bbox 3157 373 3344 445; x_wconf 85' lang='lat' dir='ltr'><strong>judica</strong></span> <span class='ocrx_word' id='word_1_23' title='bbox 3391 377 3486 446; x_wconf 89' lang='lat' dir='ltr'><strong>qui</strong></span> 
     </span>
    </p>
   </div>
   <div class='ocr_carea' id='block_1_6' title="bbox 217 464 1804 538">
    <p class='ocr_par' dir='ltr' id='par_1_6' title="bbox 217 464 1804 538">
     <span class='ocr_line' id='line_1_6' title="bbox 217 464 1804 538; baseline -0.005 -12"><span class='ocrx_word' id='word_1_24' title='bbox 217 472 328 537; x_wconf 76' lang='grc' dir='ltr'>ιξω</span> <span class='ocrx_word' id='word_1_25' title='bbox 386 468 443 522; x_wconf 73' lang='grc' dir='ltr'>δὲ</span> <span class='ocrx_word' id='word_1_26' title='bbox 503 464 579 536; x_wconf 82' lang='grc' dir='ltr'><strong>μὴ</strong></span> <span class='ocrx_word' id='word_1_27' title='bbox 629 465 819 536; x_wconf 78' lang='grc' dir='ltr'><strong>κρίνῃς</strong></span> <span class='ocrx_word' id='word_1_28' title='bbox 875 464 1046 528; x_wconf 75' lang='grc' dir='ltr'>τινας.</span> <span class='ocrx_word' id='word_1_29' title='bbox 1096 464 1406 538; x_wconf 79' lang='grc' dir='ltr'><strong>Γέγραπται</strong></span> <span class='ocrx_word' id='word_1_30' title='bbox 1463 464 1606 536; x_wconf 75' lang='grc' dir='ltr'><strong>γάρ’</strong></span> <span class='ocrx_word' id='word_1_31' title='bbox 1653 465 1804 535; x_wconf 71' lang='grc' dir='ltr'><strong>Οὐχί</strong></span> 
     </span>
    </p>
   </div>
   <div class='ocr_carea' id='block_1_7' title="bbox 221 555 1807 627">
    <p class='ocr_par' dir='ltr' id='par_1_7' title="bbox 221 555 1807 627">
     <span class='ocr_line' id='line_1_7' title="bbox 221 555 1807 627; baseline -0.005 -11"><span class='ocrx_word' id='word_1_32' title='bbox 221 561 370 627; x_wconf 79' lang='grc' dir='ltr'>τσὺς</span> <span class='ocrx_word' id='word_1_33' title='bbox 402 560 522 613; x_wconf 72' lang='grc' dir='ltr'><strong>ἔσω</strong></span> <span class='ocrx_word' id='word_1_34' title='bbox 571 555 756 626; x_wconf 68' lang='grc' dir='ltr'>ὑμεῖς</span> <span class='ocrx_word' id='word_1_35' title='bbox 789 555 1066 626; x_wconf 56' lang='lat' dir='ltr'><strong>«pirate;</strong></span> <span class='ocrx_word' id='word_1_36' title='bbox 1110 555 1252 622; x_wconf 81' lang='grc' dir='ltr'>τοὺς</span> <span class='ocrx_word' id='word_1_37' title='bbox 1292 555 1360 609; x_wconf 84' lang='grc' dir='ltr'>δὲ</span> <span class='ocrx_word' id='word_1_38' title='bbox 1411 555 1528 621; x_wconf 76' lang='grc' dir='ltr'><strong>ἔξω</strong></span> <span class='ocrx_word' id='word_1_39' title='bbox 1575 559 1610 611; x_wconf 83' lang='grc' dir='ltr'><em>ὁ</em></span> <span class='ocrx_word' id='word_1_40' title='bbox 1662 556 1807 622; x_wconf 83' lang='grc' dir='ltr'>Θεὸς</span> 
     </span>
    </p>
   </div>
   <div class='ocr_carea' id='block_1_8' title="bbox 224 653 430 723">
    <p class='ocr_par' dir='ltr' id='par_1_8' title="bbox 224 653 430 723">
     <span class='ocr_line' id='line_1_8' title="bbox 224 653 430 723; baseline -0.01 -17"><span class='ocrx_word' id='word_1_41' title='bbox 224 653 430 723; x_wconf 70' lang='grc' dir='ltr'>κρίνει.</span> 
     </span>
    </p>
   </div>
   <div class='ocr_carea' id='block_1_9' title="bbox 230 822 1806 903">
    <p class='ocr_par' dir='ltr' id='par_1_9' title="bbox 230 822 1806 903">
     <span class='ocr_line' id='line_1_9' title="bbox 230 822 1806 903; baseline -0.001 -17"><span class='ocrx_word' id='word_1_42' title='bbox 230 830 588 903; x_wconf 76' lang='grc' dir='ltr'><strong>παραϐάλλων</strong></span> <span class='ocrx_word' id='word_1_43' title='bbox 616 831 724 884; x_wconf 66' lang='grc' dir='ltr'>τιν).</span> <span class='ocrx_word' id='word_1_44' title='bbox 759 827 973 901; x_wconf 81' lang='grc' dir='ltr'>ἀδελφῷ</span> <span class='ocrx_word' id='word_1_45' title='bbox 1001 829 1362 902; x_wconf 75' lang='grc' dir='ltr'>ἠμερούσιονο</span> <span class='ocrx_word' id='word_1_46' title='bbox 1394 829 1488 884; x_wconf 75' lang='grc' dir='ltr'>καὶ</span> <span class='ocrx_word' id='word_1_47' title='bbox 1519 831 1618 902; x_wconf 79' lang='grc' dir='ltr'><strong>οὐχ</strong></span> <span class='ocrx_word' id='word_1_48' title='bbox 1647 822 1806 898; x_wconf 74' lang='grc' dir='ltr'>εὗρεν</span> 
     </span>
    </p>
   </div>
   <div class='ocr_carea' id='block_1_10' title="bbox 230 920 1803 993">
    <p class='ocr_par' dir='ltr' id='par_1_10' title="bbox 230 920 1803 993">
     <span class='ocr_line' id='line_1_10' title="bbox 230 920 1803 993; baseline -0.001 -16"><span class='ocrx_word' id='word_1_49' title='bbox 230 924 382 978; x_wconf 78' lang='grc' dir='ltr'>αὑτὸν</span> <span class='ocrx_word' id='word_1_50' title='bbox 407 920 776 993; x_wconf 72' lang='grc' dir='ltr'>εὖκαιροῦντα</span> <span class='ocrx_word' id='word_1_51' title='bbox 811 922 853 954; x_wconf 81' lang='grc'><strong>¹⁹</strong></span> <span class='ocrx_word' id='word_1_52' title='bbox 886 921 994 974; x_wconf 75' lang='grc' dir='ltr'><strong>ἀπὸ</strong></span> <span class='ocrx_word' id='word_1_53' title='bbox 1015 921 1110 992; x_wconf 82' lang='grc' dir='ltr'><strong>τῆς</strong></span> <span class='ocrx_word' id='word_1_54' title='bbox 1133 921 1443 992; x_wconf 78' lang='grc' dir='ltr'><strong>προσευχῆς</strong></span> <span class='ocrx_word' id='word_1_55' title='bbox 1471 921 1594 975; x_wconf 71' lang='grc' dir='ltr'><strong>οὐδὲ</strong></span> <span class='ocrx_word' id='word_1_56' title='bbox 1619 921 1765 989; x_wconf 72' lang='grc' dir='ltr'>απαξ</span> <span class='ocrx_word' id='word_1_57' title='bbox 1788 938 1803 951; x_wconf 83' lang='grc'><em>’</em></span> 
     </span>
    </p>
   </div>
   <div class='ocr_carea' id='block_1_11' title="bbox 228 1009 1614 1083">
    <p class='ocr_par' dir='ltr' id='par_1_11' title="bbox 228 1009 1614 1083">
     <span class='ocr_line' id='line_1_11' title="bbox 228 1009 1614 1083; baseline -0.002 -16"><span class='ocrx_word' id='word_1_58' title='bbox 228 1013 314 1068; x_wconf 76' lang='grc' dir='ltr'><strong>καὶ</strong></span> <span class='ocrx_word' id='word_1_59' title='bbox 336 1012 628 1083; x_wconf 79' lang='grc' dir='ltr'>θαυμάσας</span> <span class='ocrx_word' id='word_1_60' title='bbox 652 1010 840 1080; x_wconf 59' lang='grc' dir='ltr'>ἔλεγεν</span> <span class='ocrx_word' id='word_1_61' title='bbox 862 1027 890 1041; x_wconf 68' lang='grc'><strong>’-</strong></span> <span class='ocrx_word' id='word_1_62' title='bbox 919 1009 1052 1064; x_wconf 79' lang='grc' dir='ltr'>Ἰδοὺ</span> <span class='ocrx_word' id='word_1_63' title='bbox 1093 1009 1335 1077; x_wconf 74' lang='grc' dir='ltr'>ἐπίγειος</span> <span class='ocrx_word' id='word_1_64' title='bbox 1365 1009 1614 1080; x_wconf 75' lang='grc' dir='ltr'>ἄγγελος.</span> 
     </span>
    </p>
   </div>
   <div class='ocr_carea' id='block_1_12' title="bbox 675 1215 1365 1288">
    <p class='ocr_par' dir='ltr' id='par_1_12' title="bbox 675 1215 1365 1288">
     <span class='ocr_line' id='line_1_12' title="bbox 675 1215 1365 1288; baseline 0 -18"><span class='ocrx_word' id='word_1_65' title='bbox 675 1215 964 1288; x_wconf 77' lang='grc' dir='ltr'>Ἀρχὴτοῦ</span> <span class='ocrx_word' id='word_1_66' title='bbox 996 1216 1045 1268; x_wconf 87' lang='grc' dir='ltr'>Ν</span> <span class='ocrx_word' id='word_1_67' title='bbox 1077 1215 1365 1286; x_wconf 76' lang='grc' dir='ltr'>στοιχείου.</span> 
     </span>
    </p>
   </div>
   <div class='ocr_carea' id='block_1_13' title="bbox 648 1305 1394 1373">
    <p class='ocr_par' dir='ltr' id='par_1_13' title="bbox 648 1305 1394 1373">
     <span class='ocr_line' id='line_1_13' title="bbox 648 1305 1394 1373; baseline 0.003 -15"><span class='ocrx_word' id='word_1_68' title='bbox 648 1305 790 1373; x_wconf 76' lang='grc' dir='ltr'>Περὶ</span> <span class='ocrx_word' id='word_1_69' title='bbox 825 1305 932 1360; x_wconf 86' lang='grc' dir='ltr'><strong>τοῦ</strong></span> <span class='ocrx_word' id='word_1_70' title='bbox 956 1305 1106 1361; x_wconf 75' lang='grc' dir='ltr'><strong>ἀϐὄᾶ</strong></span> <span class='ocrx_word' id='word_1_71' title='bbox 1135 1307 1394 1362; x_wconf 80' lang='grc' dir='ltr'><strong>Νείλου..</strong></span> 
     </span>
    </p>
   </div>
   <div class='ocr_carea' id='block_1_14' title="bbox 294 1392 1903 1466">
    <p class='ocr_par' dir='ltr' id='par_1_14' title="bbox 294 1392 1903 1466">
     <span class='ocr_line' id='line_1_14' title="bbox 294 1392 1903 1466; baseline 0 -15"><span class='ocrx_word' id='word_1_72' title='bbox 294 1403 365 1452; x_wconf 87' lang='grc' dir='ltr'><strong>α’.</strong></span> <span class='ocrx_word' id='word_1_73' title='bbox 397 1392 566 1450; x_wconf 75' lang='grc' dir='ltr'>Εἶπεν</span> <span class='ocrx_word' id='word_1_74' title='bbox 615 1398 646 1451; x_wconf 98' lang='lat'><strong>6</strong></span> <span class='ocrx_word' id='word_1_75' title='bbox 698 1395 873 1458; x_wconf 68' lang='lat' dir='ltr'><em>666d;</em></span> <span class='ocrx_word' id='word_1_76' title='bbox 922 1396 1154 1458; x_wconf 75' lang='grc' dir='ltr'><strong>Νεῖλος-⁸</strong></span> <span class='ocrx_word' id='word_1_77' title='bbox 1205 1398 1347 1450; x_wconf 86' lang='grc' dir='ltr'>Ὅσα</span> <span class='ocrx_word' id='word_1_78' title='bbox 1399 1395 1466 1450; x_wconf 82' lang='grc' dir='ltr'>ἂν</span> <span class='ocrx_word' id='word_1_79' title='bbox 1519 1399 1677 1466; x_wconf 81' lang='grc' dir='ltr'>ποιῇς</span> <span class='ocrx_word' id='word_1_80' title='bbox 1727 1397 1806 1459; x_wconf 79' lang='grc' dir='ltr'>είς</span> <span class='ocrx_word' id='word_1_81' title='bbox 1876 1398 1903 1459; x_wconf 71' lang='grc'>,”</span> 
     </span>
    </p>
   </div>
   <div class='ocr_carea' id='block_1_15' title="bbox 225 1485 1803 1559">
    <p class='ocr_par' dir='ltr' id='par_1_15' title="bbox 225 1485 1803 1559">
     <span class='ocr_line' id='line_1_15' title="bbox 225 1485 1803 1559; baseline -0.002 -18"><span class='ocrx_word' id='word_1_82' title='bbox 225 1489 440 1559; x_wconf 70' lang='grc' dir='ltr'>ἄμυναν</span> <span class='ocrx_word' id='word_1_83' title='bbox 457 1485 689 1555; x_wconf 81' lang='grc' dir='ltr'>ἀδελφοῦ</span> <span class='ocrx_word' id='word_1_84' title='bbox 705 1485 1025 1556; x_wconf 69' lang='grc' dir='ltr'><strong>ἠδικηκότος</strong></span> <span class='ocrx_word' id='word_1_85' title='bbox 1048 1503 1128 1547; x_wconf 88' lang='grc' dir='ltr'><strong>σε,</strong></span> <span class='ocrx_word' id='word_1_86' title='bbox 1157 1486 1371 1540; x_wconf 79' lang='grc' dir='ltr'>ᾶπαντα</span> <span class='ocrx_word' id='word_1_87' title='bbox 1393 1488 1471 1550; x_wconf 83' lang='grc' dir='ltr'>είς</span> <span class='ocrx_word' id='word_1_88' title='bbox 1495 1486 1720 1559; x_wconf 80' lang='grc' dir='ltr'>καρδίαν</span> <span class='ocrx_word' id='word_1_89' title='bbox 1756 1487 1803 1518; x_wconf 76' lang='grc'><strong>’⁸</strong></span> 
     </span>
    </p>
   </div>
   <div class='ocr_carea' id='block_1_16' title="bbox 224 1575 1294 1650">
    <p class='ocr_par' dir='ltr' id='par_1_16' title="bbox 224 1575 1294 1650">
     <span class='ocr_line' id='line_1_16' title="bbox 224 1575 1294 1650; baseline -0.003 -17"><span class='ocrx_word' id='word_1_90' title='bbox 224 1597 311 1633; x_wconf 75' lang='grc' dir='ltr'><strong>σοι</strong></span> <span class='ocrx_word' id='word_1_91' title='bbox 337 1581 626 1650; x_wconf 74' lang='grc' dir='ltr'>γενήσεται</span> <span class='ocrx_word' id='word_1_92' title='bbox 661 1578 720 1630; x_wconf 84' lang='grc' dir='ltr'><strong>ὲν</strong></span> <span class='ocrx_word' id='word_1_93' title='bbox 749 1575 924 1647; x_wconf 82' lang='grc' dir='ltr'>καιρῷ</span> <span class='ocrx_word' id='word_1_94' title='bbox 949 1576 1294 1649; x_wconf 77' lang='grc' dir='ltr'>προσευχῆς..</span> 
     </span>
    </p>
   </div>
   <div class='ocr_carea' id='block_1_17' title="bbox 293 1666 1806 1742">
    <p class='ocr_par' dir='ltr' id='par_1_17' title="bbox 293 1666 1806 1742">
     <span class='ocr_line' id='line_1_17' title="bbox 293 1666 1806 1742; baseline -0.003 -16"><span class='ocrx_word' id='word_1_95' title='bbox 293 1670 361 1740; x_wconf 79' lang='grc' dir='ltr'><strong>β’.</strong></span> <span class='ocrx_word' id='word_1_96' title='bbox 386 1666 518 1724; x_wconf 79' lang='grc' dir='ltr'>Εῐπε</span> <span class='ocrx_word' id='word_1_97' title='bbox 545 1670 708 1723; x_wconf 81' lang='grc' dir='ltr'>πάλιν</span> <span class='ocrx_word' id='word_1_98' title='bbox 725 1685 739 1700; x_wconf 83' lang='grc'><strong>·</strong></span> <span class='ocrx_word' id='word_1_99' title='bbox 765 1669 1050 1740; x_wconf 79' lang='grc' dir='ltr'>Προσευχή</span> <span class='ocrx_word' id='word_1_100' title='bbox 1076 1670 1192 1723; x_wconf 74' lang='grc' dir='ltr'>ἐστι</span> <span class='ocrx_word' id='word_1_101' title='bbox 1234 1668 1534 1741; x_wconf 73' lang='grc' dir='ltr'>πραότητος</span> <span class='ocrx_word' id='word_1_102' title='bbox 1557 1669 1648 1722; x_wconf 79' lang='grc' dir='ltr'><strong>καῖ</strong></span> <span class='ocrx_word' id='word_1_103' title='bbox 1676 1669 1806 1742; x_wconf 78' lang='grc' dir='ltr'>ἀορ-</span> 
     </span>
    </p>
   </div>
   <div class='ocr_carea' id='block_1_18' title="bbox 220 1763 770 1835">
    <p class='ocr_par' dir='ltr' id='par_1_18' title="bbox 220 1763 770 1835">
     <span class='ocr_line' id='line_1_18' title="bbox 220 1763 770 1835; baseline -0.002 -18"><span class='ocrx_word' id='word_1_104' title='bbox 220 1765 422 1835; x_wconf 83' lang='grc' dir='ltr'>τησίας</span> <span class='ocrx_word' id='word_1_105' title='bbox 462 1763 770 1834; x_wconf 74' lang='grc' dir='ltr'><strong>βλάστημα.</strong></span> 
     </span>
    </p>
   </div>
   <div class='ocr_carea' id='block_1_19' title="bbox 291 1851 1808 1925">
    <p class='ocr_par' dir='ltr' id='par_1_19' title="bbox 291 1851 1808 1925">
     <span class='ocr_line' id='line_1_19' title="bbox 291 1851 1808 1925; baseline -0.002 -15"><span class='ocrx_word' id='word_1_106' title='bbox 291 1855 364 1925; x_wconf 83' lang='grc' dir='ltr'><strong>γ’.</strong></span> <span class='ocrx_word' id='word_1_107' title='bbox 399 1853 540 1909; x_wconf 67' lang='lat' dir='ltr'><strong>Eia-.3</strong></span> <span class='ocrx_word' id='word_1_108' title='bbox 561 1855 739 1909; x_wconf 77' lang='grc' dir='ltr'>πάλιν·</span> <span class='ocrx_word' id='word_1_109' title='bbox 772 1853 1053 1925; x_wconf 78' lang='grc' dir='ltr'>Προσευχή</span> <span class='ocrx_word' id='word_1_110' title='bbox 1081 1853 1196 1906; x_wconf 73' lang='grc' dir='ltr'>ἐστι</span> <span class='ocrx_word' id='word_1_111' title='bbox 1239 1851 1417 1923; x_wconf 83' lang='grc' dir='ltr'>λύπης</span> <span class='ocrx_word' id='word_1_112' title='bbox 1445 1852 1539 1906; x_wconf 80' lang='grc' dir='ltr'>καὶ</span> <span class='ocrx_word' id='word_1_113' title='bbox 1570 1852 1808 1923; x_wconf 82' lang='grc' dir='ltr'><strong>ἀθυμίας</strong></span> 
     </span>
    </p>
   </div>
   <div class='ocr_carea' id='block_1_20' title="bbox 219 1947 506 2018">
    <p class='ocr_par' dir='ltr' id='par_1_20' title="bbox 219 1947 506 2018">
     <span class='ocr_line' id='line_1_20' title="bbox 219 1947 506 2018; baseline 0 -16"><span class='ocrx_word' id='word_1_114' title='bbox 219 1947 506 2018; x_wconf 75' lang='grc' dir='ltr'><strong>ἀλέξημα.</strong></span> 
     </span>
    </p>
   </div>
   <div class='ocr_carea' id='block_1_21' title="bbox 291 2033 1806 2107">
    <p class='ocr_par' dir='ltr' id='par_1_21' title="bbox 291 2033 1806 2107">
     <span class='ocr_line' id='line_1_21' title="bbox 291 2033 1806 2107; baseline -0.003 -14"><span class='ocrx_word' id='word_1_115' title='bbox 291 2041 363 2094; x_wconf 79' lang='grc' dir='ltr'>δ’.</span> <span class='ocrx_word' id='word_1_116' title='bbox 389 2034 529 2092; x_wconf 67' lang='lat' dir='ltr'><strong>Eine</strong></span> <span class='ocrx_word' id='word_1_117' title='bbox 564 2037 726 2091; x_wconf 74' lang='grc' dir='ltr'>πάλιν</span> <span class='ocrx_word' id='word_1_118' title='bbox 746 2054 764 2069; x_wconf 73' lang='grc' dir='ltr'><strong>ο</strong></span> <span class='ocrx_word' id='word_1_119' title='bbox 802 2035 1078 2090; x_wconf 83' lang='grc' dir='ltr'>Ἀπελθὼν</span> <span class='ocrx_word' id='word_1_120' title='bbox 1115 2033 1368 2106; x_wconf 76' lang='grc' dir='ltr'>πώλησόν</span> <span class='ocrx_word' id='word_1_121' title='bbox 1402 2051 1495 2088; x_wconf 91' lang='grc' dir='ltr'><strong>σου</strong></span> <span class='ocrx_word' id='word_1_122' title='bbox 1525 2034 1596 2088; x_wconf 83' lang='grc' dir='ltr'>τὰ</span> <span class='ocrx_word' id='word_1_123' title='bbox 1626 2035 1806 2107; x_wconf 79' lang='grc' dir='ltr'>ὑπάρ-</span> 
     </span>
    </p>
   </div>
   <div class='ocr_carea' id='block_1_22' title="bbox 218 2124 1805 2203">
    <p class='ocr_par' dir='ltr' id='par_1_22' title="bbox 218 2124 1805 2203">
     <span class='ocr_line' id='line_1_22' title="bbox 218 2124 1805 2203; baseline -0.004 -17"><span class='ocrx_word' id='word_1_124' title='bbox 218 2148 396 2203; x_wconf 87' lang='grc' dir='ltr'>χοντα</span> <span class='ocrx_word' id='word_1_125' title='bbox 417 2171 434 2196; x_wconf 90' lang='grc'><strong>,</strong></span> <span class='ocrx_word' id='word_1_126' title='bbox 485 2131 579 2184; x_wconf 79' lang='grc' dir='ltr'><strong>καὶ</strong></span> <span class='ocrx_word' id='word_1_127' title='bbox 620 2129 707 2192; x_wconf 79' lang='grc' dir='ltr'><strong>δδς</strong></span> <span class='ocrx_word' id='word_1_128' title='bbox 754 2130 989 2198; x_wconf 82' lang='grc' dir='ltr'>πτωχοῖς</span> <span class='ocrx_word' id='word_1_129' title='bbox 1008 2143 1022 2157; x_wconf 90' lang='grc'><strong>·</strong></span> <span class='ocrx_word' id='word_1_130' title='bbox 1055 2127 1149 2180; x_wconf 78' lang='grc' dir='ltr'>καὶ</span> <span class='ocrx_word' id='word_1_131' title='bbox 1193 2124 1373 2179; x_wconf 76' lang='grc' dir='ltr'>λαϐὼν</span> <span class='ocrx_word' id='word_1_132' title='bbox 1415 2125 1506 2180; x_wconf 84' lang='grc' dir='ltr'><strong>τὸν</strong></span> <span class='ocrx_word' id='word_1_133' title='bbox 1552 2127 1805 2200; x_wconf 80' lang='grc' dir='ltr'>σταυρὸν,</span> 
     </span>
    </p>
   </div>
   <div class='ocr_carea' id='block_1_23' title="bbox 215 2215 1809 2290">
    <p class='ocr_par' dir='ltr' id='par_1_23' title="bbox 215 2215 1809 2290">
     <span class='ocr_line' id='line_1_23' title="bbox 215 2215 1809 2290; baseline -0.004 -16"><span class='ocrx_word' id='word_1_134' title='bbox 215 2221 538 2290; x_wconf 72' lang='grc' dir='ltr'>ἇπάρνησαι</span> <span class='ocrx_word' id='word_1_135' title='bbox 561 2218 805 2274; x_wconf 72' lang='grc' dir='ltr'>σεαυτόνο</span> <span class='ocrx_word' id='word_1_136' title='bbox 830 2218 916 2272; x_wconf 81' lang='grc' dir='ltr'>ἵνα</span> <span class='ocrx_word' id='word_1_137' title='bbox 943 2215 1173 2287; x_wconf 79' lang='grc' dir='ltr'>δυνηθῇς</span> <span class='ocrx_word' id='word_1_138' title='bbox 1189 2215 1612 2286; x_wconf 80' lang='grc' dir='ltr'>ἀπερισπάστως</span> <span class='ocrx_word' id='word_1_139' title='bbox 1641 2231 1809 2287; x_wconf 86' lang='grc' dir='ltr'>προσ-</span> 
     </span>
    </p>
   </div>
   <div class='ocr_carea' id='block_1_24' title="bbox 219 2309 509 2382">
    <p class='ocr_par' dir='ltr' id='par_1_24' title="bbox 219 2309 509 2382">
     <span class='ocr_line' id='line_1_24' title="bbox 219 2309 509 2382; baseline 0.003 -18"><span class='ocrx_word' id='word_1_140' title='bbox 219 2309 509 2382; x_wconf 80' lang='grc' dir='ltr'>εὐχεσθαι.</span> 
     </span>
    </p>
   </div>
   <div class='ocr_carea' id='block_1_25' title="bbox 289 2395 1806 2470">
    <p class='ocr_par' dir='ltr' id='par_1_25' title="bbox 289 2395 1806 2470">
     <span class='ocr_line' id='line_1_25' title="bbox 289 2395 1806 2470; baseline 0.009 -14"><span class='ocrx_word' id='word_1_141' title='bbox 289 2411 356 2458; x_wconf 81' lang='grc' dir='ltr'><strong>ι’.</strong></span> <span class='ocrx_word' id='word_1_142' title='bbox 389 2399 525 2455; x_wconf 63' lang='lat' dir='ltr'><strong>Eine</strong></span> <span class='ocrx_word' id='word_1_143' title='bbox 557 2401 753 2454; x_wconf 81' lang='grc' dir='ltr'>πάλιν·</span> <span class='ocrx_word' id='word_1_144' title='bbox 787 2398 965 2470; x_wconf 85' lang='grc' dir='ltr'>Ὅπερ</span> <span class='ocrx_word' id='word_1_145' title='bbox 989 2397 1056 2450; x_wconf 80' lang='grc' dir='ltr'>ἂν</span> <span class='ocrx_word' id='word_1_146' title='bbox 1093 2396 1378 2467; x_wconf 80' lang='grc' dir='ltr'><strong>ὑπομένων</strong></span> <span class='ocrx_word' id='word_1_147' title='bbox 1418 2395 1806 2467; x_wconf 69' lang='grc' dir='ltr'>φιλοσοφὴσῐιςν</span> 
     </span>
    </p>
   </div>
   <div class='ocr_carea' id='block_1_26' title="bbox 216 2484 1808 2560">
    <p class='ocr_par' dir='ltr' id='par_1_26' title="bbox 216 2484 1808 2560">
     <span class='ocr_line' id='line_1_26' title="bbox 216 2484 1808 2560; baseline -0.004 -17"><span class='ocrx_word' id='word_1_148' title='bbox 216 2489 414 2543; x_wconf 79' lang='grc' dir='ltr'>τούτου</span> <span class='ocrx_word' id='word_1_149' title='bbox 455 2489 546 2543; x_wconf 80' lang='grc' dir='ltr'>τὸν</span> <span class='ocrx_word' id='word_1_150' title='bbox 578 2487 792 2560; x_wconf 80' lang='grc' dir='ltr'>καρπὸν</span> <span class='ocrx_word' id='word_1_151' title='bbox 821 2486 962 2541; x_wconf 73' lang='grc' dir='ltr'>κατὰ</span> <span class='ocrx_word' id='word_1_152' title='bbox 1007 2485 1098 2540; x_wconf 80' lang='grc' dir='ltr'><strong>τὸν</strong></span> <span class='ocrx_word' id='word_1_153' title='bbox 1143 2485 1334 2557; x_wconf 85' lang='grc' dir='ltr'>καιρὸν</span> <span class='ocrx_word' id='word_1_154' title='bbox 1372 2485 1472 2556; x_wconf 84' lang='grc' dir='ltr'><strong>τῆς</strong></span> <span class='ocrx_word' id='word_1_155' title='bbox 1502 2484 1669 2556; x_wconf 74' lang='grc' dir='ltr'>εὐχῆς</span> <span class='ocrx_word' id='word_1_156' title='bbox 1715 2485 1808 2537; x_wconf 81' lang='grc' dir='ltr'>εὑ-</span> 
     </span>
    </p>
   </div>
   <div class='ocr_carea' id='block_1_27' title="bbox 220 2585 435 2655">
    <p class='ocr_par' dir='ltr' id='par_1_27' title="bbox 220 2585 435 2655">
     <span class='ocr_line' id='line_1_27' title="bbox 220 2585 435 2655; baseline 0.005 -19"><span class='ocrx_word' id='word_1_157' title='bbox 220 2585 435 2655; x_wconf 80' lang='grc' dir='ltr'>ρήσεις.</span> 
     </span>
    </p>
   </div>
   <div class='ocr_carea' id='block_1_28' title="bbox 289 2666 1807 2741">
    <p class='ocr_par' dir='ltr' id='par_1_28' title="bbox 289 2666 1807 2741">
     <span class='ocr_line' id='line_1_28' title="bbox 289 2666 1807 2741; baseline -0.006 -13"><span class='ocrx_word' id='word_1_158' title='bbox 289 2681 372 2740; x_wconf 84' lang='grc' dir='ltr'><strong>ς’.</strong></span> <span class='ocrx_word' id='word_1_159' title='bbox 405 2669 540 2726; x_wconf 59' lang='lat' dir='ltr'><strong>Eius</strong></span> <span class='ocrx_word' id='word_1_160' title='bbox 579 2672 774 2726; x_wconf 79' lang='grc' dir='ltr'>πάλιν·</span> <span class='ocrx_word' id='word_1_161' title='bbox 811 2668 1127 2740; x_wconf 80' lang='grc' dir='ltr'>Ἐπιθυμῶν</span> <span class='ocrx_word' id='word_1_162' title='bbox 1171 2668 1572 2741; x_wconf 79' lang='grc' dir='ltr'>προσεύξασθαι</span> <span class='ocrx_word' id='word_1_163' title='bbox 1601 2667 1677 2730; x_wconf 83' lang='grc' dir='ltr'>ὡς</span> <span class='ocrx_word' id='word_1_164' title='bbox 1706 2666 1807 2730; x_wconf 79' lang='grc' dir='ltr'>δεῖ,</span> 
     </span>
    </p>
   </div>
   <div class='ocr_carea' id='block_1_29' title="bbox 223 2755 1772 2840">
    <p class='ocr_par' dir='ltr' id='par_1_29' title="bbox 223 2755 1772 2840">
     <span class='ocr_line' id='line_1_29' title="bbox 223 2755 1772 2840; baseline -0.008 -19"><span class='ocrx_word' id='word_1_165' title='bbox 223 2770 296 2840; x_wconf 79' lang='grc' dir='ltr'><strong>μὴ</strong></span> <span class='ocrx_word' id='word_1_166' title='bbox 331 2767 587 2838; x_wconf 77' lang='grc' dir='ltr'>λυπήσῃς</span> <span class='ocrx_word' id='word_1_167' title='bbox 611 2763 827 2835; x_wconf 72' lang='grc' dir='ltr'><strong>ψυχήν⁹</strong></span> <span class='ocrx_word' id='word_1_168' title='bbox 865 2761 913 2814; x_wconf 79' lang='grc' dir='ltr'><strong>εί</strong></span> <span class='ocrx_word' id='word_1_169' title='bbox 941 2759 998 2813; x_wconf 83' lang='grc' dir='ltr'>δὲ</span> <span class='ocrx_word' id='word_1_170' title='bbox 1032 2760 1194 2831; x_wconf 82' lang='grc' dir='ltr'><strong>μήγε,</strong></span> <span class='ocrx_word' id='word_1_171' title='bbox 1228 2761 1308 2823; x_wconf 77' lang='grc' dir='ltr'><strong>εἰς</strong></span> <span class='ocrx_word' id='word_1_172' title='bbox 1337 2759 1512 2830; x_wconf 79' lang='grc' dir='ltr'>μάτην</span> <span class='ocrx_word' id='word_1_173' title='bbox 1538 2755 1772 2828; x_wconf 81' lang='grc' dir='ltr'>τρέχεις.</span> 
     </span>
    </p>
   </div>
   <div class='ocr_carea' id='block_1_30' title="bbox 287 2932 1812 3009">
    <p class='ocr_par' dir='ltr' id='par_1_30' title="bbox 287 2932 1812 3009">
     <span class='ocr_line' id='line_1_30' title="bbox 287 2932 1812 3009; baseline -0.007 -13"><span class='ocrx_word' id='word_1_174' title='bbox 287 2943 361 3008; x_wconf 78' lang='grc' dir='ltr'><strong>ς’.</strong></span> <span class='ocrx_word' id='word_1_175' title='bbox 395 2935 532 2996; x_wconf 58' lang='lat' dir='ltr'><strong>Eius</strong></span> <span class='ocrx_word' id='word_1_176' title='bbox 579 2939 744 2994; x_wconf 81' lang='grc' dir='ltr'>πάλιν</span> <span class='ocrx_word' id='word_1_177' title='bbox 769 2955 783 2969; x_wconf 88' lang='grc'><strong>·</strong></span> <span class='ocrx_word' id='word_1_178' title='bbox 815 2937 908 3009; x_wconf 73' lang='grc' dir='ltr'><strong>Μὴ</strong></span> <span class='ocrx_word' id='word_1_179' title='bbox 946 2935 1066 2989; x_wconf 80' lang='grc' dir='ltr'>θέλε</span> <span class='ocrx_word' id='word_1_180' title='bbox 1118 2936 1194 3000; x_wconf 79' lang='grc' dir='ltr'>ὡς</span> <span class='ocrx_word' id='word_1_181' title='bbox 1240 2936 1324 2989; x_wconf 79' lang='grc' dir='ltr'>σοὶ</span> <span class='ocrx_word' id='word_1_182' title='bbox 1369 2935 1545 3000; x_wconf 80' lang='grc' dir='ltr'>δοκεῖ,</span> <span class='ocrx_word' id='word_1_183' title='bbox 1580 2933 1693 2987; x_wconf 74' lang='grc' dir='ltr'>ἀλλ’</span> <span class='ocrx_word' id='word_1_184' title='bbox 1736 2932 1812 2997; x_wconf 81' lang='grc' dir='ltr'>ὡς</span> 
     </span>
    </p>
   </div>
   <div class='ocr_carea' id='block_1_31' title="bbox 1915 466 3484 537">
    <p class='ocr_par' dir='ltr' id='par_1_31' title="bbox 1915 466 3484 537">
     <span class='ocr_line' id='line_1_31' title="bbox 1915 466 3484 537; baseline -0.001 -14"><span class='ocrx_word' id='word_1_185' title='bbox 1915 468 2286 537; x_wconf 73' lang='lat' dir='ltr'><strong>subjiciuntur</strong></span> <span class='ocrx_word' id='word_1_186' title='bbox 2320 466 2416 522; x_wconf 87' lang='lat' dir='ltr'><strong>tibi</strong></span> <span class='ocrx_word' id='word_1_187' title='bbox 2444 486 2456 524; x_wconf 90' lang='lat'><strong>:</strong></span> <span class='ocrx_word' id='word_1_188' title='bbox 2485 473 2639 521; x_wconf 82' lang='lat' dir='ltr'><strong>extra</strong></span> <span class='ocrx_word' id='word_1_189' title='bbox 2671 482 2800 522; x_wconf 85' lang='lat' dir='ltr'><strong>vero</strong></span> <span class='ocrx_word' id='word_1_190' title='bbox 2825 467 3094 522; x_wconf 88' lang='lat' dir='ltr'><strong>neminem</strong></span> <span class='ocrx_word' id='word_1_191' title='bbox 3116 466 3484 536; x_wconf 81' lang='lat' dir='ltr'><strong>judicaveris:</strong></span> 
     </span>
    </p>
   </div>
   <div class='ocr_carea' id='block_1_32' title="bbox 1915 556 3516 632">
    <p class='ocr_par' dir='ltr' id='par_1_32' title="bbox 1915 556 3516 632">
     <span class='ocr_line' id='line_1_32' title="bbox 1915 556 3516 632; baseline -0.002 -16"><span class='ocrx_word' id='word_1_192' title='bbox 1915 565 2179 631; x_wconf 87' lang='lat' dir='ltr'><strong>scriptum</strong></span> <span class='ocrx_word' id='word_1_193' title='bbox 2222 559 2364 614; x_wconf 89' lang='lat' dir='ltr'><strong>enim</strong></span> <span class='ocrx_word' id='word_1_194' title='bbox 2398 565 2518 614; x_wconf 86' lang='lat' dir='ltr'><strong>est:</strong></span> <span class='ocrx_word' id='word_1_195' title='bbox 2558 556 2747 612; x_wconf 81' lang='lat' dir='ltr'><strong><em>Nonne</em></strong></span> <span class='ocrx_word' id='word_1_196' title='bbox 2773 557 2835 612; x_wconf 81' lang='lat' dir='ltr'><strong>de</strong></span> <span class='ocrx_word' id='word_1_197' title='bbox 2858 559 2922 612; x_wconf 77' lang='lat' dir='ltr'><strong>iis</strong></span> <span class='ocrx_word' id='word_1_198' title='bbox 2956 559 3044 628; x_wconf 83' lang='lat' dir='ltr'><strong>qui</strong></span> <span class='ocrx_word' id='word_1_199' title='bbox 3075 563 3516 632; x_wconf 59' lang='lat' dir='ltr'><strong>intus-sunteas</strong></span> 
     </span>
    </p>
   </div>
   <div class='ocr_carea' id='block_1_33' title="bbox 1831 639 3508 724">
    <p class='ocr_par' dir='ltr' id='par_1_33' title="bbox 1831 639 3508 724">
     <span class='ocr_line' id='line_1_33' title="bbox 1831 639 3508 724; baseline -0.02 -14"><span class='ocrx_word' id='word_1_200' title='bbox 1831 671 1854 724; x_wconf 67' lang='grc' dir='ltr'>ᾇ,</span> <span class='ocrx_word' id='word_1_201' title='bbox 1907 652 2213 722; x_wconf 56' lang='lat' dir='ltr'><strong>iudicatis?</strong></span> <span class='ocrx_word' id='word_1_202' title='bbox 2244 647 2387 704; x_wconf 87' lang='lat' dir='ltr'><strong>Nam</strong></span> <span class='ocrx_word' id='word_1_203' title='bbox 2418 665 2506 704; x_wconf 75' lang='lat' dir='ltr'><strong>eos</strong></span> <span class='ocrx_word' id='word_1_204' title='bbox 2531 649 2622 718; x_wconf 85' lang='lat' dir='ltr'><strong>qui</strong></span> <span class='ocrx_word' id='word_1_205' title='bbox 2644 649 2777 719; x_wconf 75' lang='lat' dir='ltr'><strong>foris</strong></span> <span class='ocrx_word' id='word_1_206' title='bbox 2799 658 2946 712; x_wconf 77' lang='lat' dir='ltr'><strong>sum,</strong></span> <span class='ocrx_word' id='word_1_207' title='bbox 2973 647 3106 703; x_wconf 79' lang='lat' dir='ltr'><strong>Deus</strong></span> <span class='ocrx_word' id='word_1_208' title='bbox 3125 649 3336 717; x_wconf 58' lang='lat' dir='ltr'><strong>judged.</strong></span> <span class='ocrx_word' id='word_1_209' title='bbox 3358 651 3428 703; x_wconf 62' lang='lat' dir='ltr'><strong>ﬂ.</strong></span> <span class='ocrx_word' id='word_1_210' title='bbox 3495 639 3508 652; x_wconf 67' lang='grc' dir='ltr'><em>τ</em></span> 
     </span>
    </p>
   </div>
   <div class='ocr_carea' id='block_1_34' title="bbox 295 737 1875 812">
    <p class='ocr_par' dir='ltr' id='par_1_34' title="bbox 295 737 1875 812">
     <span class='ocr_line' id='line_1_34' title="bbox 295 737 1875 812; baseline -0.002 -17"><span class='ocrx_word' id='word_1_211' title='bbox 295 748 361 810; x_wconf 84' lang='grc' dir='ltr'><strong>γ’.</strong></span> <span class='ocrx_word' id='word_1_212' title='bbox 404 738 660 809; x_wconf 79' lang='grc' dir='ltr'>Ἐποίησε</span> <span class='ocrx_word' id='word_1_213' title='bbox 694 754 824 791; x_wconf 85' lang='grc' dir='ltr'>ποτε</span> <span class='ocrx_word' id='word_1_214' title='bbox 858 739 886 791; x_wconf 98' lang='lat'><strong>6</strong></span> <span class='ocrx_word' id='word_1_215' title='bbox 915 737 1091 802; x_wconf 79' lang='grc' dir='ltr'>ἀδσᾶς</span> <span class='ocrx_word' id='word_1_216' title='bbox 1119 739 1404 810; x_wconf 72' lang='grc' dir='ltr'>Μακάριος</span> <span class='ocrx_word' id='word_1_217' title='bbox 1441 739 1806 812; x_wconf 78' lang='grc' dir='ltr'>τετράμηνον,</span> <span class='ocrx_word' id='word_1_218' title='bbox 1871 753 1875 759; x_wconf 83' lang='lat'><strong>‘</strong></span> 
     </span>
    </p>
   </div>
   <div class='ocr_carea' id='block_1_35' title="bbox 1987 739 3489 811">
    <p class='ocr_par' dir='ltr' id='par_1_35' title="bbox 1987 739 3489 811">
     <span class='ocr_line' id='line_1_35' title="bbox 1987 739 3489 811; baseline -0.002 -12"><span class='ocrx_word' id='word_1_219' title='bbox 1987 744 2040 799; x_wconf 79' lang='lat'><strong>3.</strong></span> <span class='ocrx_word' id='word_1_220' title='bbox 2074 741 2325 810; x_wconf 83' lang='lat' dir='ltr'><strong>Quodam</strong></span> <span class='ocrx_word' id='word_1_221' title='bbox 2357 749 2602 811; x_wconf 88' lang='lat' dir='ltr'><strong>tempore</strong></span> <span class='ocrx_word' id='word_1_222' title='bbox 2634 741 2807 797; x_wconf 84' lang='lat' dir='ltr'><strong>abbas</strong></span> <span class='ocrx_word' id='word_1_223' title='bbox 2830 739 3097 795; x_wconf 83' lang='lat' dir='ltr'><strong>Macarius</strong></span> <span class='ocrx_word' id='word_1_224' title='bbox 3125 755 3234 809; x_wconf 83' lang='lat' dir='ltr'><strong>per.</strong></span> <span class='ocrx_word' id='word_1_225' title='bbox 3253 749 3489 810; x_wconf 88' lang='lat' dir='ltr'><strong>quatuor</strong></span> 
     </span>
    </p>
   </div>
   <div class='ocr_carea' id='block_1_36' title="bbox 1914 830 3522 906">
    <p class='ocr_par' dir='ltr' id='par_1_36' title="bbox 1914 830 3522 906">
     <span class='ocr_line' id='line_1_36' title="bbox 1914 830 3522 906; baseline -0.001 -17"><span class='ocrx_word' id='word_1_226' title='bbox 1914 835 2161 906; x_wconf 81' lang='lat' dir='ltr'><strong>integros</strong></span> <span class='ocrx_word' id='word_1_227' title='bbox 2191 849 2412 890; x_wconf 85' lang='lat' dir='ltr'><strong>menses</strong></span> <span class='ocrx_word' id='word_1_228' title='bbox 2442 832 2691 904; x_wconf 77' lang='lat' dir='ltr'><strong>quotidie</strong></span> <span class='ocrx_word' id='word_1_229' title='bbox 2733 831 2965 888; x_wconf 87' lang='lat' dir='ltr'><strong>visitans</strong></span> <span class='ocrx_word' id='word_1_230' title='bbox 3010 830 3335 886; x_wconf 80' lang='lat' dir='ltr'><strong>nonnullum</strong></span> <span class='ocrx_word' id='word_1_231' title='bbox 3372 831 3481 885; x_wconf 80' lang='lat' dir='ltr'><strong>fra-</strong></span> <span class='ocrx_word' id='word_1_232' title='bbox 3515 849 3522 888; x_wconf 67' lang='grc' dir='ltr'><strong>ι</strong></span> 
     </span>
    </p>
   </div>
   <div class='ocr_carea' id='block_1_37' title="bbox 1914 923 3486 997">
    <p class='ocr_par' dir='ltr' id='par_1_37' title="bbox 1914 923 3486 997">
     <span class='ocr_line' id='line_1_37' title="bbox 1914 923 3486 997; baseline -0.004 -14"><span class='ocrx_word' id='word_1_233' title='bbox 1914 935 2082 994; x_wconf 90' lang='lat' dir='ltr'><strong>trem,</strong></span> <span class='ocrx_word' id='word_1_234' title='bbox 2108 940 2426 997; x_wconf 88' lang='lat' dir='ltr'><strong>nunquam,</strong></span> <span class='ocrx_word' id='word_1_235' title='bbox 2486 941 2556 981; x_wconf 90' lang='lat' dir='ltr'><strong>ne</strong></span> <span class='ocrx_word' id='word_1_236' title='bbox 2610 924 2778 980; x_wconf 89' lang='lat' dir='ltr'><strong>semel</strong></span> <span class='ocrx_word' id='word_1_237' title='bbox 2817 923 3061 993; x_wconf 83' lang='lat' dir='ltr'><strong>quidem,</strong></span> <span class='ocrx_word' id='word_1_238' title='bbox 3121 923 3325 978; x_wconf 80' lang='lat' dir='ltr'><strong>invenit</strong></span> <span class='ocrx_word' id='word_1_239' title='bbox 3363 939 3486 977; x_wconf 89' lang='lat' dir='ltr'><strong>eum</strong></span> 
     </span>
    </p>
   </div>
   <div class='ocr_carea' id='block_1_38' title="bbox 1819 1010 3490 1071">
    <p class='ocr_par' dir='ltr' id='par_1_38' title="bbox 1819 1010 3490 1071">
     <span class='ocr_line' id='line_1_38' title="bbox 1819 1010 3490 1071; baseline -0.002 0"><span class='ocrx_word' id='word_1_240' title='bbox 1819 1033 1840 1071; x_wconf 60' lang='grc' dir='ltr'><strong>ξ</strong></span> <span class='ocrx_word' id='word_1_241' title='bbox 1913 1023 2199 1071; x_wconf 87' lang='lat' dir='ltr'><strong>vacantem</strong></span> <span class='ocrx_word' id='word_1_242' title='bbox 2231 1015 2299 1068; x_wconf 90' lang='lat' dir='ltr'><strong>ah</strong></span> <span class='ocrx_word' id='word_1_243' title='bbox 2333 1013 2606 1070; x_wconf 87' lang='lat' dir='ltr'><strong>oratione.</strong></span> <span class='ocrx_word' id='word_1_244' title='bbox 2641 1011 2708 1067; x_wconf 85' lang='lat' dir='ltr'><strong>Et</strong></span> <span class='ocrx_word' id='word_1_245' title='bbox 2750 1011 3056 1069; x_wconf 88' lang='lat' dir='ltr'><strong>admiratus</strong></span> <span class='ocrx_word' id='word_1_246' title='bbox 3106 1012 3242 1068; x_wconf 92' lang='lat' dir='ltr'><strong>dixit</strong></span> <span class='ocrx_word' id='word_1_247' title='bbox 3274 1030 3288 1066; x_wconf 96' lang='lat'><strong>:</strong></span> <span class='ocrx_word' id='word_1_248' title='bbox 3349 1010 3490 1067; x_wconf 83' lang='lat' dir='ltr'><strong>Ecce</strong></span> 
     </span>
    </p>
   </div>
   <div class='ocr_carea' id='block_1_39' title="bbox 1812 1066 1859 1086">
    <p class='ocr_par' dir='ltr' id='par_1_39' title="bbox 1812 1066 1859 1086">
     <span class='ocr_line' id='line_1_39' title="bbox 1812 1066 1859 1086; baseline 0 0"><span class='ocrx_word' id='word_1_249' title='bbox 1812 1066 1859 1086; x_wconf 60' lang='grc' dir='ltr'><strong>ἁ.</strong></span> 
     </span>
    </p>
   </div>
   <div class='ocr_carea' id='block_1_40' title="bbox 1913 1105 2485 1174">
    <p class='ocr_par' dir='ltr' id='par_1_40' title="bbox 1913 1105 2485 1174">
     <span class='ocr_line' id='line_1_40' title="bbox 1913 1105 2485 1174; baseline 0.002 -13"><span class='ocrx_word' id='word_1_250' title='bbox 1913 1105 2199 1162; x_wconf 84' lang='lat' dir='ltr'><strong>terrestris</strong></span> <span class='ocrx_word' id='word_1_251' title='bbox 2235 1107 2485 1174; x_wconf 74' lang='lat' dir='ltr'><strong>angelus.</strong></span> 
     </span>
    </p>
   </div>
   <div class='ocr_carea' id='block_1_41' title="bbox 2369 1216 3019 1287">
    <p class='ocr_par' dir='ltr' id='par_1_41' title="bbox 2369 1216 3019 1287">
     <span class='ocr_line' id='line_1_41' title="bbox 2369 1216 3019 1287; baseline 0.002 -14"><span class='ocrx_word' id='word_1_252' title='bbox 2369 1217 2703 1287; x_wconf 70' lang='lat' dir='ltr'><strong>Principium</strong></span> <span class='ocrx_word' id='word_1_253' title='bbox 2732 1218 2927 1274; x_wconf 68' lang='lat' dir='ltr'><strong>littera:</strong></span> <span class='ocrx_word' id='word_1_254' title='bbox 2952 1216 3019 1274; x_wconf 73' lang='grc' dir='ltr'><strong>Ν.</strong></span> 
     </span>
    </p>
   </div>
   <div class='ocr_carea' id='block_1_42' title="bbox 2465 1306 2941 1363">
    <p class='ocr_par' dir='ltr' id='par_1_42' title="bbox 2465 1306 2941 1363">
     <span class='ocr_line' id='line_1_42' title="bbox 2465 1306 2941 1363; baseline 0.002 -1"><span class='ocrx_word' id='word_1_255' title='bbox 2465 1309 2538 1363; x_wconf 87' lang='lat' dir='ltr'><strong>De</strong></span> <span class='ocrx_word' id='word_1_256' title='bbox 2570 1309 2759 1362; x_wconf 82' lang='lat' dir='ltr'><strong>abbate</strong></span> <span class='ocrx_word' id='word_1_257' title='bbox 2789 1306 2941 1363; x_wconf 80' lang='lat' dir='ltr'><strong>Nilo.</strong></span> 
     </span>
    </p>
   </div>
   <div class='ocr_carea' id='block_1_43' title="bbox 1985 1397 3488 1474">
    <p class='ocr_par' dir='ltr' id='par_1_43' title="bbox 1985 1397 3488 1474">
     <span class='ocr_line' id='line_1_43' title="bbox 1985 1397 3488 1474; baseline -0.003 -18"><span class='ocrx_word' id='word_1_258' title='bbox 1985 1402 2036 1457; x_wconf 80' lang='grc'><strong>1.</strong></span> <span class='ocrx_word' id='word_1_259' title='bbox 2067 1402 2180 1474; x_wconf 77' lang='lat'><strong>(63)</strong></span> <span class='ocrx_word' id='word_1_260' title='bbox 2207 1401 2355 1456; x_wconf 82' lang='lat' dir='ltr'><strong>Dixit</strong></span> <span class='ocrx_word' id='word_1_261' title='bbox 2391 1398 2779 1456; x_wconf 81' lang='lat' dir='ltr'><strong>abbasNilus:</strong></span> <span class='ocrx_word' id='word_1_262' title='bbox 2810 1398 3168 1469; x_wconf 73' lang='lat' dir='ltr'><strong>Quaecunque</strong></span> <span class='ocrx_word' id='word_1_263' title='bbox 3197 1397 3395 1452; x_wconf 76' lang='lat' dir='ltr'><strong>feceris</strong></span> <span class='ocrx_word' id='word_1_264' title='bbox 3432 1397 3488 1452; x_wconf 89' lang='lat' dir='ltr'><strong>in</strong></span> 
     </span>
    </p>
   </div>
   <div class='ocr_carea' id='block_1_44' title="bbox 1913 1486 3489 1560">
    <p class='ocr_par' dir='ltr' id='par_1_44' title="bbox 1913 1486 3489 1560">
     <span class='ocr_line' id='line_1_44' title="bbox 1913 1486 3489 1560; baseline -0.004 -13"><span class='ocrx_word' id='word_1_265' title='bbox 1913 1490 2220 1547; x_wconf 79' lang='lat' dir='ltr'><strong>vindictam</strong></span> <span class='ocrx_word' id='word_1_266' title='bbox 2250 1489 2441 1545; x_wconf 66' lang='lat' dir='ltr'><strong>Fratris</strong></span> <span class='ocrx_word' id='word_1_267' title='bbox 2486 1489 2586 1560; x_wconf 84' lang='lat' dir='ltr'><strong>qui.</strong></span> <span class='ocrx_word' id='word_1_268' title='bbox 2623 1499 2676 1545; x_wconf 91' lang='lat' dir='ltr'><strong>te</strong></span> <span class='ocrx_word' id='word_1_269' title='bbox 2720 1490 2946 1557; x_wconf 68' lang='lat' dir='ltr'><strong>lmserit,</strong></span> <span class='ocrx_word' id='word_1_270' title='bbox 2996 1497 3194 1544; x_wconf 84' lang='lat' dir='ltr'><strong>cuncta</strong></span> <span class='ocrx_word' id='word_1_271' title='bbox 3227 1487 3284 1541; x_wconf 88' lang='lat' dir='ltr'><strong>in</strong></span> <span class='ocrx_word' id='word_1_272' title='bbox 3323 1486 3489 1542; x_wconf 88' lang='lat' dir='ltr'><strong>corde</strong></span> 
     </span>
    </p>
   </div>
   <div class='ocr_carea' id='block_1_45' title="bbox 1915 1579 2878 1652">
    <p class='ocr_par' dir='ltr' id='par_1_45' title="bbox 1915 1579 2878 1652">
     <span class='ocr_line' id='line_1_45' title="bbox 1915 1579 2878 1652; baseline -0.004 -15"><span class='ocrx_word' id='word_1_273' title='bbox 1915 1593 2009 1637; x_wconf 90' lang='lat' dir='ltr'><strong>tuo</strong></span> <span class='ocrx_word' id='word_1_274' title='bbox 2035 1582 2282 1637; x_wconf 83' lang='lat' dir='ltr'><strong>orientur</strong></span> <span class='ocrx_word' id='word_1_275' title='bbox 2310 1588 2557 1652; x_wconf 89' lang='lat' dir='ltr'><strong>tempore</strong></span> <span class='ocrx_word' id='word_1_276' title='bbox 2587 1579 2878 1636; x_wconf 83' lang='lat' dir='ltr'><strong>orationis.</strong></span> 
     </span>
    </p>
   </div>
   <div class='ocr_carea' id='block_1_46' title="bbox 1985 1668 3489 1744">
    <p class='ocr_par' dir='ltr' id='par_1_46' title="bbox 1985 1668 3489 1744">
     <span class='ocr_line' id='line_1_46' title="bbox 1985 1668 3489 1744; baseline 0 -19"><span class='ocrx_word' id='word_1_277' title='bbox 1985 1672 2040 1727; x_wconf 63' lang='grc' dir='ltr'><strong>ἓ.</strong></span> <span class='ocrx_word' id='word_1_278' title='bbox 2077 1672 2190 1744; x_wconf 70' lang='grc'>(54)</span> <span class='ocrx_word' id='word_1_279' title='bbox 2221 1671 2366 1726; x_wconf 85' lang='lat' dir='ltr'><strong>Dixit</strong></span> <span class='ocrx_word' id='word_1_280' title='bbox 2405 1672 2640 1727; x_wconf 87' lang='lat' dir='ltr'><strong>iterum:</strong></span> <span class='ocrx_word' id='word_1_281' title='bbox 2680 1668 2904 1738; x_wconf 83' lang='lat' dir='ltr'><strong>Oratio,</strong></span> <span class='ocrx_word' id='word_1_282' title='bbox 2967 1671 3404 1727; x_wconf 81' lang='lat' dir='ltr'><strong>mansuetudinis</strong></span> <span class='ocrx_word' id='word_1_283' title='bbox 3435 1679 3489 1726; x_wconf 89' lang='lat' dir='ltr'><strong>et</strong></span> 
     </span>
    </p>
   </div>
   <div class='ocr_carea' id='block_1_47' title="bbox 1910 1765 2806 1835">
    <p class='ocr_par' dir='ltr' id='par_1_47' title="bbox 1910 1765 2806 1835">
     <span class='ocr_line' id='line_1_47' title="bbox 1910 1765 2806 1835; baseline 0 -15"><span class='ocrx_word' id='word_1_284' title='bbox 1910 1765 1980 1822; x_wconf 90' lang='lat' dir='ltr'><strong>ab</strong></span> <span class='ocrx_word' id='word_1_285' title='bbox 2008 1766 2088 1820; x_wconf 85' lang='lat' dir='ltr'><strong>ira</strong></span> <span class='ocrx_word' id='word_1_286' title='bbox 2122 1766 2413 1821; x_wconf 79' lang='lat' dir='ltr'><strong>vacuitatis</strong></span> <span class='ocrx_word' id='word_1_287' title='bbox 2443 1773 2530 1821; x_wconf 88' lang='lat' dir='ltr'><strong>est</strong></span> <span class='ocrx_word' id='word_1_288' title='bbox 2560 1780 2806 1835; x_wconf 78' lang='lat' dir='ltr'><strong>germen.</strong></span> 
     </span>
    </p>
   </div>
   <div class='ocr_carea' id='block_1_48' title="bbox 1981 1854 3492 1924">
    <p class='ocr_par' dir='ltr' id='par_1_48' title="bbox 1981 1854 3492 1924">
     <span class='ocr_line' id='line_1_48' title="bbox 1981 1854 3492 1924; baseline 0.001 -15"><span class='ocrx_word' id='word_1_289' title='bbox 1981 1855 2036 1909; x_wconf 79' lang='lat'><strong>5.</strong></span> <span class='ocrx_word' id='word_1_290' title='bbox 2067 1854 2179 1924; x_wconf 82' lang='lat'><strong>(55)</strong></span> <span class='ocrx_word' id='word_1_291' title='bbox 2223 1854 2439 1912; x_wconf 72' lang='lat' dir='ltr'><strong>Rursus</strong></span> <span class='ocrx_word' id='word_1_292' title='bbox 2465 1873 2479 1910; x_wconf 97' lang='lat'><strong>:</strong></span> <span class='ocrx_word' id='word_1_293' title='bbox 2511 1854 2764 1911; x_wconf 82' lang='lat' dir='ltr'><strong>Precatio</strong></span> <span class='ocrx_word' id='word_1_294' title='bbox 2790 1863 2897 1919; x_wconf 88' lang='lat' dir='ltr'><strong>est,</strong></span> <span class='ocrx_word' id='word_1_295' title='bbox 2946 1855 3188 1912; x_wconf 69' lang='lat' dir='ltr'><strong>tristitiae</strong></span> <span class='ocrx_word' id='word_1_296' title='bbox 3219 1864 3273 1912; x_wconf 83' lang='lat' dir='ltr'><strong>et</strong></span> <span class='ocrx_word' id='word_1_297' title='bbox 3303 1856 3492 1911; x_wconf 84' lang='lat' dir='ltr'><strong>anxie-</strong></span> 
     </span>
    </p>
   </div>
   <div class='ocr_carea' id='block_1_49' title="bbox 1910 1946 2402 2002">
    <p class='ocr_par' dir='ltr' id='par_1_49' title="bbox 1910 1946 2402 2002">
     <span class='ocr_line' id='line_1_49' title="bbox 1910 1946 2402 2002; baseline -0.002 0"><span class='ocrx_word' id='word_1_298' title='bbox 1910 1947 2040 2002; x_wconf 88' lang='lat' dir='ltr'><strong>tatis</strong></span> <span class='ocrx_word' id='word_1_299' title='bbox 2075 1946 2402 2002; x_wconf 89' lang='lat' dir='ltr'><strong>remedium.</strong></span> 
     </span>
    </p>
   </div>
   <div class='ocr_carea' id='block_1_50' title="bbox 1979 2034 3487 2108">
    <p class='ocr_par' dir='ltr' id='par_1_50' title="bbox 1979 2034 3487 2108">
     <span class='ocr_line' id='line_1_50' title="bbox 1979 2034 3487 2108; baseline 0.001 -18"><span class='ocrx_word' id='word_1_300' title='bbox 1979 2037 2032 2091; x_wconf 73' lang='grc'><strong>4.</strong></span> <span class='ocrx_word' id='word_1_301' title='bbox 2054 2034 2165 2108; x_wconf 82' lang='grc'>(56)</span> <span class='ocrx_word' id='word_1_302' title='bbox 2190 2034 2336 2089; x_wconf 88' lang='lat' dir='ltr'><strong>Dixit</strong></span> <span class='ocrx_word' id='word_1_303' title='bbox 2361 2036 2578 2090; x_wconf 89' lang='lat' dir='ltr'><strong>adhuc:</strong></span> <span class='ocrx_word' id='word_1_304' title='bbox 2629 2035 2835 2092; x_wconf 80' lang='lat' dir='ltr'><strong>Abiens</strong></span> <span class='ocrx_word' id='word_1_305' title='bbox 2891 2037 3063 2093; x_wconf 87' lang='lat' dir='ltr'><strong>vende</strong></span> <span class='ocrx_word' id='word_1_306' title='bbox 3109 2052 3232 2107; x_wconf 75' lang='lat' dir='ltr'><strong>qua:</strong></span> <span class='ocrx_word' id='word_1_307' title='bbox 3282 2037 3487 2103; x_wconf 79' lang='lat' dir='ltr'><strong>habes,</strong></span> 
     </span>
    </p>
   </div>
   <div class='ocr_carea' id='block_1_51' title="bbox 1909 2125 3490 2198">
    <p class='ocr_par' dir='ltr' id='par_1_51' title="bbox 1909 2125 3490 2198">
     <span class='ocr_line' id='line_1_51' title="bbox 1909 2125 3490 2198; baseline -0.001 -15"><span class='ocrx_word' id='word_1_308' title='bbox 1909 2135 1964 2184; x_wconf 90' lang='lat' dir='ltr'><strong>et</strong></span> <span class='ocrx_word' id='word_1_309' title='bbox 1988 2127 2055 2182; x_wconf 89' lang='lat' dir='ltr'><strong>da</strong></span> <span class='ocrx_word' id='word_1_310' title='bbox 2087 2125 2460 2198; x_wconf 82' lang='lat' dir='ltr'><strong>pauperibus;</strong></span> <span class='ocrx_word' id='word_1_311' title='bbox 2497 2134 2891 2198; x_wconf 84' lang='lat' dir='ltr'><strong>assumptaque</strong></span> <span class='ocrx_word' id='word_1_312' title='bbox 2930 2142 3118 2192; x_wconf 88' lang='lat' dir='ltr'><strong>cruce,</strong></span> <span class='ocrx_word' id='word_1_313' title='bbox 3153 2127 3363 2197; x_wconf 77' lang='lat' dir='ltr'><strong>abnega</strong></span> <span class='ocrx_word' id='word_1_314' title='bbox 3413 2136 3490 2182; x_wconf 81' lang='lat' dir='ltr'><strong>te-</strong></span> 
     </span>
    </p>
   </div>
   <div class='ocr_carea' id='block_1_52' title="bbox 1910 2217 3485 2290">
    <p class='ocr_par' dir='ltr' id='par_1_52' title="bbox 1910 2217 3485 2290">
     <span class='ocr_line' id='line_1_52' title="bbox 1910 2217 3485 2290; baseline 0 -16"><span class='ocrx_word' id='word_1_315' title='bbox 1910 2219 2242 2290; x_wconf 89' lang='lat' dir='ltr'><strong>metipsum;</strong></span> <span class='ocrx_word' id='word_1_316' title='bbox 2288 2231 2398 2288; x_wconf 92' lang='lat' dir='ltr'><strong>quo</strong></span> <span class='ocrx_word' id='word_1_317' title='bbox 2453 2221 2634 2288; x_wconf 90' lang='lat' dir='ltr'><strong>possis</strong></span> <span class='ocrx_word' id='word_1_318' title='bbox 2687 2217 2918 2289; x_wconf 80' lang='lat' dir='ltr'><strong>absque.</strong></span> <span class='ocrx_word' id='word_1_319' title='bbox 2947 2219 3061 2274; x_wconf 84' lang='lat' dir='ltr'><strong>ulla</strong></span> <span class='ocrx_word' id='word_1_320' title='bbox 3115 2218 3485 2275; x_wconf 87' lang='lat' dir='ltr'><strong>distractione</strong></span> 
     </span>
    </p>
   </div>
   <div class='ocr_carea' id='block_1_53' title="bbox 1911 2325 2093 2366">
    <p class='ocr_par' dir='ltr' id='par_1_53' title="bbox 1911 2325 2093 2366">
     <span class='ocr_line' id='line_1_53' title="bbox 1911 2325 2093 2366; baseline 0 0"><span class='ocrx_word' id='word_1_321' title='bbox 1911 2325 2093 2366; x_wconf 84' lang='lat' dir='ltr'><strong>orare.</strong></span> 
     </span>
    </p>
   </div>
   <div class='ocr_carea' id='block_1_54' title="bbox 1982 2397 3490 2470">
    <p class='ocr_par' dir='ltr' id='par_1_54' title="bbox 1982 2397 3490 2470">
     <span class='ocr_line' id='line_1_54' title="bbox 1982 2397 3490 2470; baseline 0 -16"><span class='ocrx_word' id='word_1_322' title='bbox 1982 2399 2035 2455; x_wconf 86' lang='grc'><strong>5.</strong></span> <span class='ocrx_word' id='word_1_323' title='bbox 2063 2399 2177 2470; x_wconf 84' lang='grc'>(57)</span> <span class='ocrx_word' id='word_1_324' title='bbox 2209 2397 2323 2454; x_wconf 83' lang='lat' dir='ltr'><strong>Hoc</strong></span> <span class='ocrx_word' id='word_1_325' title='bbox 2378 2413 2598 2468; x_wconf 89' lang='lat' dir='ltr'><strong>quoque</strong></span> <span class='ocrx_word' id='word_1_326' title='bbox 2655 2398 3073 2467; x_wconf 82' lang='lat' dir='ltr'><strong>pronuntiavit:</strong></span> <span class='ocrx_word' id='word_1_327' title='bbox 3135 2397 3198 2453; x_wconf 85' lang='lat' dir='ltr'><strong>iu</strong></span> <span class='ocrx_word' id='word_1_328' title='bbox 3242 2413 3490 2469; x_wconf 74' lang='lat' dir='ltr'><strong>quocun-</strong></span> 
     </span>
    </p>
   </div>
   <div class='ocr_carea' id='block_1_55' title="bbox 1911 2489 3492 2562">
    <p class='ocr_par' dir='ltr' id='par_1_55' title="bbox 1911 2489 3492 2562">
     <span class='ocr_line' id='line_1_55' title="bbox 1911 2489 3492 2562; baseline 0.002 -17"><span class='ocrx_word' id='word_1_329' title='bbox 1911 2507 2018 2562; x_wconf 82' lang='lat' dir='ltr'><strong>que</strong></span> <span class='ocrx_word' id='word_1_330' title='bbox 2065 2489 2351 2546; x_wconf 87' lang='lat' dir='ltr'><strong>tolerando</strong></span> <span class='ocrx_word' id='word_1_331' title='bbox 2404 2499 2458 2545; x_wconf 87' lang='lat' dir='ltr'><strong>te</strong></span> <span class='ocrx_word' id='word_1_332' title='bbox 2505 2489 2892 2560; x_wconf 73' lang='lat' dir='ltr'><strong>philosophum</strong></span> <span class='ocrx_word' id='word_1_333' title='bbox 2949 2490 3288 2560; x_wconf 72' lang='lat' dir='ltr'><strong>praebueris,</strong></span> <span class='ocrx_word' id='word_1_334' title='bbox 3325 2489 3492 2561; x_wconf 82' lang='lat' dir='ltr'><strong>hujus</strong></span> 
     </span>
    </p>
   </div>
   <div class='ocr_carea' id='block_1_56' title="bbox 1912 2582 3016 2652">
    <p class='ocr_par' dir='ltr' id='par_1_56' title="bbox 1912 2582 3016 2652">
     <span class='ocr_line' id='line_1_56' title="bbox 1912 2582 3016 2652; baseline -0.002 -14"><span class='ocrx_word' id='word_1_335' title='bbox 1912 2582 2150 2638; x_wconf 77' lang='lat' dir='ltr'><strong>fructum</strong></span> <span class='ocrx_word' id='word_1_336' title='bbox 2178 2589 2424 2652; x_wconf 86' lang='lat' dir='ltr'><strong>tempore</strong></span> <span class='ocrx_word' id='word_1_337' title='bbox 2452 2582 2720 2637; x_wconf 86' lang='lat' dir='ltr'><strong>orationis</strong></span> <span class='ocrx_word' id='word_1_338' title='bbox 2745 2583 3016 2642; x_wconf 79' lang='lat' dir='ltr'><strong>invenies.</strong></span> 
     </span>
    </p>
   </div>
   <div class='ocr_carea' id='block_1_57' title="bbox 1979 2669 3494 2744">
    <p class='ocr_par' dir='ltr' id='par_1_57' title="bbox 1979 2669 3494 2744">
     <span class='ocr_line' id='line_1_57' title="bbox 1979 2669 3494 2744; baseline 0.001 -18"><span class='ocrx_word' id='word_1_339' title='bbox 1979 2671 2034 2727; x_wconf 87' lang='lat'><em>6.</em></span> <span class='ocrx_word' id='word_1_340' title='bbox 2063 2669 2176 2744; x_wconf 83' lang='lat'><strong>(58)</strong></span> <span class='ocrx_word' id='word_1_341' title='bbox 2232 2669 2363 2726; x_wconf 84' lang='lat' dir='ltr'><strong>item</strong></span> <span class='ocrx_word' id='word_1_342' title='bbox 2427 2671 2616 2726; x_wconf 89' lang='lat' dir='ltr'><strong>istud:</strong></span> <span class='ocrx_word' id='word_1_343' title='bbox 2670 2670 2726 2725; x_wconf 91' lang='lat' dir='ltr'><strong>Si</strong></span> <span class='ocrx_word' id='word_1_344' title='bbox 2787 2670 3075 2727; x_wconf 85' lang='lat' dir='ltr'><strong>desideras</strong></span> <span class='ocrx_word' id='word_1_345' title='bbox 3127 2687 3288 2728; x_wconf 78' lang='lat' dir='ltr'><strong>orare</strong></span> <span class='ocrx_word' id='word_1_346' title='bbox 3350 2673 3494 2729; x_wconf 86' lang='lat' dir='ltr'><strong>sicut</strong></span> 
     </span>
    </p>
   </div>
   <div class='ocr_carea' id='block_1_58' title="bbox 1912 2761 3498 2835">
    <p class='ocr_par' dir='ltr' id='par_1_58' title="bbox 1912 2761 3498 2835">
     <span class='ocr_line' id='line_1_58' title="bbox 1912 2761 3498 2835; baseline 0 -17"><span class='ocrx_word' id='word_1_347' title='bbox 1912 2770 2147 2835; x_wconf 89' lang='lat' dir='ltr'><strong>oportet,</strong></span> <span class='ocrx_word' id='word_1_348' title='bbox 2179 2779 2248 2819; x_wconf 90' lang='lat' dir='ltr'><strong>ne</strong></span> <span class='ocrx_word' id='word_1_349' title='bbox 2279 2763 2502 2818; x_wconf 86' lang='lat' dir='ltr'><strong>tristitia</strong></span> <span class='ocrx_word' id='word_1_350' title='bbox 2530 2761 2784 2818; x_wconf 77' lang='lat' dir='ltr'><strong>ati‘eceris</strong></span> <span class='ocrx_word' id='word_1_351' title='bbox 2815 2763 3060 2816; x_wconf 89' lang='lat' dir='ltr'><strong>animum</strong></span> <span class='ocrx_word' id='word_1_352' title='bbox 3091 2780 3106 2829; x_wconf 89' lang='lat'><strong>;</strong></span> <span class='ocrx_word' id='word_1_353' title='bbox 3162 2765 3407 2834; x_wconf 87' lang='lat' dir='ltr'><strong>alioquin</strong></span> <span class='ocrx_word' id='word_1_354' title='bbox 3443 2764 3498 2818; x_wconf 83' lang='lat' dir='ltr'><strong>iu</strong></span> 
     </span>
    </p>
   </div>
   <div class='ocr_carea' id='block_1_59' title="bbox 1912 2854 2356 2908">
    <p class='ocr_par' dir='ltr' id='par_1_59' title="bbox 1912 2854 2356 2908">
     <span class='ocr_line' id='line_1_59' title="bbox 1912 2854 2356 2908; baseline 0 0"><span class='ocrx_word' id='word_1_355' title='bbox 1912 2868 2114 2908; x_wconf 87' lang='lat' dir='ltr'><strong>vanum</strong></span> <span class='ocrx_word' id='word_1_356' title='bbox 2153 2854 2356 2908; x_wconf 92' lang='lat' dir='ltr'><strong>curris.</strong></span> 
     </span>
    </p>
   </div>
   <div class='ocr_carea' id='block_1_60' title="bbox 1985 2942 3490 3017">
    <p class='ocr_par' dir='ltr' id='par_1_60' title="bbox 1985 2942 3490 3017">
     <span class='ocr_line' id='line_1_60' title="bbox 1985 2942 3490 3017; baseline -0.001 -17"><span class='ocrx_word' id='word_1_357' title='bbox 1985 2946 2036 3000; x_wconf 88' lang='lat'><strong>7.</strong></span> <span class='ocrx_word' id='word_1_358' title='bbox 2075 2944 2187 3017; x_wconf 81' lang='lat'><strong>(59)</strong></span> <span class='ocrx_word' id='word_1_359' title='bbox 2218 2943 2439 3000; x_wconf 87' lang='lat' dir='ltr'><strong>Necnon</strong></span> <span class='ocrx_word' id='word_1_360' title='bbox 2475 2944 2578 2998; x_wconf 88' lang='lat' dir='ltr'><strong>hoc</strong></span> <span class='ocrx_word' id='word_1_361' title='bbox 2606 2963 2619 2999; x_wconf 94' lang='lat'><strong>:</strong></span> <span class='ocrx_word' id='word_1_362' title='bbox 2645 2942 2724 2998; x_wconf 87' lang='lat' dir='ltr'><strong>Ne</strong></span> <span class='ocrx_word' id='word_1_363' title='bbox 2757 2945 2895 3000; x_wconf 88' lang='lat' dir='ltr'><strong>velis</strong></span> <span class='ocrx_word' id='word_1_364' title='bbox 2927 2960 3016 3001; x_wconf 87' lang='lat' dir='ltr'><strong>res</strong></span> <span class='ocrx_word' id='word_1_365' title='bbox 3051 2953 3175 3000; x_wconf 86' lang='lat' dir='ltr'><strong>tuas</strong></span> <span class='ocrx_word' id='word_1_366' title='bbox 3205 2946 3281 2999; x_wconf 88' lang='lat' dir='ltr'><strong>ita</strong></span> <span class='ocrx_word' id='word_1_367' title='bbox 3315 2945 3490 2999; x_wconf 86' lang='lat' dir='ltr'><strong>admi-</strong></span> 
     </span>
    </p>
   </div>
   <div class='ocr_carea' id='block_1_61' title="bbox 218 3026 1813 3134">
    <p class='ocr_par' dir='ltr' id='par_1_61' title="bbox 218 3026 1812 3107">
     <span class='ocr_line' id='line_1_61' title="bbox 218 3026 1812 3107; baseline -0.007 -18"><span class='ocrx_word' id='word_1_368' title='bbox 218 3035 341 3107; x_wconf 83' lang='grc' dir='ltr'><strong>Θεῷ</strong></span> <span class='ocrx_word' id='word_1_369' title='bbox 371 3033 597 3106; x_wconf 76' lang='grc' dir='ltr'>ἀρέσκει</span> <span class='ocrx_word' id='word_1_370' title='bbox 639 3030 887 3101; x_wconf 74' lang='grc' dir='ltr'>γίνεσθαι</span> <span class='ocrx_word' id='word_1_371' title='bbox 914 3026 983 3082; x_wconf 82' lang='grc' dir='ltr'>τὰ</span> <span class='ocrx_word' id='word_1_372' title='bbox 1009 3027 1153 3082; x_wconf 73' lang='grc' dir='ltr'>κατὰ</span> <span class='ocrx_word' id='word_1_373' title='bbox 1197 3028 1256 3081; x_wconf 81' lang='grc' dir='ltr'>σέ</span> <span class='ocrx_word' id='word_1_374' title='bbox 1281 3044 1295 3058; x_wconf 92' lang='grc'><strong>·</strong></span> <span class='ocrx_word' id='word_1_375' title='bbox 1331 3027 1426 3082; x_wconf 74' lang='grc' dir='ltr'>καὶ</span> <span class='ocrx_word' id='word_1_376' title='bbox 1469 3026 1567 3100; x_wconf 66' lang='grc' dir='ltr'>ἐστι</span> <span class='ocrx_word' id='word_1_377' title='bbox 1609 3027 1812 3098; x_wconf 80' lang='grc' dir='ltr'><strong>ἀτάρα-</strong></span> 
     </span>
    </p>
   </div>
   <div class='ocr_carea' id='block_1_62' title="bbox 1916 3026 3575 3134">
    <p class='ocr_par' dir='ltr' id='par_1_62' title="bbox 1916 3034 3575 3106">
     <span class='ocr_line' id='line_1_62' title="bbox 1916 3034 3575 3106; baseline -0.001 -17"><span class='ocrx_word' id='word_1_378' title='bbox 1916 3035 2140 3091; x_wconf 87' lang='lat' dir='ltr'><strong>nistrari</strong></span> <span class='ocrx_word' id='word_1_379' title='bbox 2177 3035 2639 3106; x_wconf 84' lang='lat' dir='ltr'><strong>quemadmodum</strong></span> <span class='ocrx_word' id='word_1_380' title='bbox 2692 3034 2790 3088; x_wconf 87' lang='lat' dir='ltr'><strong>tibi</strong></span> <span class='ocrx_word' id='word_1_381' title='bbox 2818 3034 3059 3101; x_wconf 87' lang='lat' dir='ltr'><strong>videtur,</strong></span> <span class='ocrx_word' id='word_1_382' title='bbox 3118 3035 3215 3090; x_wconf 86' lang='lat' dir='ltr'><strong>sed</strong></span> <span class='ocrx_word' id='word_1_383' title='bbox 3273 3043 3332 3089; x_wconf 87' lang='lat' dir='ltr'><strong>ut</strong></span> <span class='ocrx_word' id='word_1_384' title='bbox 3375 3035 3491 3104; x_wconf 82' lang='lat' dir='ltr'><strong>pla-</strong></span> <span class='ocrx_word' id='word_1_385' title='bbox 3572 3085 3575 3087; x_wconf 71' lang='grc'><strong>,</strong></span> 
     </span>
    </p>
   </div>
   <div class='ocr_carea' id='block_1_63' title="bbox 219 3122 1330 3196">
    <p class='ocr_par' dir='ltr' id='par_1_63' title="bbox 219 3122 1330 3196">
     <span class='ocr_line' id='line_1_63' title="bbox 219 3122 1330 3196; baseline -0.005 -18"><span class='ocrx_word' id='word_1_386' title='bbox 219 3142 312 3196; x_wconf 86' lang='grc' dir='ltr'><strong>χος</strong></span> <span class='ocrx_word' id='word_1_387' title='bbox 339 3125 440 3178; x_wconf 78' lang='grc' dir='ltr'>καὶ</span> <span class='ocrx_word' id='word_1_388' title='bbox 467 3122 791 3194; x_wconf 80' lang='grc' dir='ltr'>εὐχάριστος</span> <span class='ocrx_word' id='word_1_389' title='bbox 819 3122 876 3176; x_wconf 83' lang='grc' dir='ltr'><strong>ὲν</strong></span> <span class='ocrx_word' id='word_1_390' title='bbox 907 3122 1184 3192; x_wconf 79' lang='grc' dir='ltr'>προσευχῇ</span> <span class='ocrx_word' id='word_1_391' title='bbox 1211 3135 1330 3173; x_wconf 87' lang='grc' dir='ltr'>σου.</span> 
     </span>
    </p>
   </div>
   <div class='ocr_carea' id='block_1_64' title="bbox 288 3297 1810 3376">
    <p class='ocr_par' dir='ltr' id='par_1_64' title="bbox 288 3297 1810 3376">
     <span class='ocr_line' id='line_1_64' title="bbox 288 3297 1810 3376; baseline -0.006 -18"><span class='ocrx_word' id='word_1_392' title='bbox 288 3312 366 3376; x_wconf 77' lang='grc' dir='ltr'><strong>η’.</strong></span> <span class='ocrx_word' id='word_1_393' title='bbox 390 3299 530 3358; x_wconf 80' lang='grc' dir='ltr'>Εἶπε</span> <span class='ocrx_word' id='word_1_394' title='bbox 560 3301 722 3356; x_wconf 79' lang='grc' dir='ltr'>πάλιν</span> <span class='ocrx_word' id='word_1_395' title='bbox 746 3318 760 3332; x_wconf 88' lang='grc'><strong>·</strong></span> <span class='ocrx_word' id='word_1_396' title='bbox 789 3299 1076 3372; x_wconf 71' lang='grc' dir='ltr'>Μακάριος</span> <span class='ocrx_word' id='word_1_397' title='bbox 1109 3301 1222 3353; x_wconf 77' lang='grc' dir='ltr'>ἐστι</span> <span class='ocrx_word' id='word_1_398' title='bbox 1257 3298 1486 3370; x_wconf 73' lang='grc' dir='ltr'>μοναχὺς</span> <span class='ocrx_word' id='word_1_399' title='bbox 1505 3337 1520 3363; x_wconf 93' lang='grc'><strong>,</strong></span> <span class='ocrx_word' id='word_1_400' title='bbox 1539 3300 1568 3353; x_wconf 92' lang='lat'><strong>6</strong></span> <span class='ocrx_word' id='word_1_401' title='bbox 1593 3297 1810 3352; x_wconf 80' lang='grc' dir='ltr'>πάντων</span> 
     </span>
    </p>
   </div>
   <div class='ocr_carea' id='block_1_65' title="bbox 219 3392 1134 3470">
    <p class='ocr_par' dir='ltr' id='par_1_65' title="bbox 219 3392 1134 3470">
     <span class='ocr_line' id='line_1_65' title="bbox 219 3392 1134 3470; baseline -0.005 -18"><span class='ocrx_word' id='word_1_402' title='bbox 219 3395 520 3470; x_wconf 70' lang='grc' dir='ltr'>περίψημα</span> <span class='ocrx_word' id='word_1_403' title='bbox 546 3393 738 3449; x_wconf 73' lang='grc' dir='ltr'>ἑαυτὸν</span> <span class='ocrx_word' id='word_1_404' title='bbox 763 3392 1134 3464; x_wconf 80' lang='grc' dir='ltr'><strong>λογιζόμενος.</strong></span> 
     </span>
    </p>
   </div>
   <div class='ocr_carea' id='block_1_66' title="bbox 287 3569 1811 3646">
    <p class='ocr_par' dir='ltr' id='par_1_66' title="bbox 287 3569 1811 3646">
     <span class='ocr_line' id='line_1_66' title="bbox 287 3569 1811 3646; baseline -0.008 -14"><span class='ocrx_word' id='word_1_405' title='bbox 287 3577 360 3633; x_wconf 82' lang='grc' dir='ltr'>θ’.</span> <span class='ocrx_word' id='word_1_406' title='bbox 402 3572 543 3630; x_wconf 82' lang='grc' dir='ltr'>Εῐπε</span> <span class='ocrx_word' id='word_1_407' title='bbox 579 3574 742 3630; x_wconf 84' lang='grc' dir='ltr'>πάλιν</span> <span class='ocrx_word' id='word_1_408' title='bbox 765 3590 780 3605; x_wconf 73' lang='grc' dir='ltr'><strong>ο</strong></span> <span class='ocrx_word' id='word_1_409' title='bbox 824 3575 1102 3646; x_wconf 76' lang='grc' dir='ltr'>’Δτρωτος</span> <span class='ocrx_word' id='word_1_410' title='bbox 1141 3570 1386 3642; x_wconf 83' lang='grc' dir='ltr'>διαμένει</span> <span class='ocrx_word' id='word_1_411' title='bbox 1441 3569 1674 3641; x_wconf 79' lang='grc' dir='ltr'>μοναχὸς</span> <span class='ocrx_word' id='word_1_412' title='bbox 1704 3569 1811 3622; x_wconf 75' lang='grc' dir='ltr'>ἀπὸ</span> 
     </span>
    </p>
   </div>
   <div class='ocr_carea' id='block_1_67' title="bbox 215 3659 1811 3739">
    <p class='ocr_par' dir='ltr' id='par_1_67' title="bbox 215 3659 1811 3739">
     <span class='ocr_line' id='line_1_67' title="bbox 215 3659 1811 3739; baseline -0.008 -15"><span class='ocrx_word' id='word_1_413' title='bbox 215 3669 329 3724; x_wconf 78' lang='grc' dir='ltr'><strong>τῶν</strong></span> <span class='ocrx_word' id='word_1_414' title='bbox 365 3666 539 3739; x_wconf 75' lang='grc' dir='ltr'>βελῶν</span> <span class='ocrx_word' id='word_1_415' title='bbox 591 3665 688 3721; x_wconf 88' lang='grc' dir='ltr'><strong>τοῦ</strong></span> <span class='ocrx_word' id='word_1_416' title='bbox 722 3664 921 3737; x_wconf 74' lang='grc' dir='ltr'>ἐχθροῦ</span> <span class='ocrx_word' id='word_1_417' title='bbox 948 3704 963 3729; x_wconf 94' lang='grc'><strong>,</strong></span> <span class='ocrx_word' id='word_1_418' title='bbox 1013 3665 1042 3718; x_wconf 95' lang='lat'><strong>6</strong></span> <span class='ocrx_word' id='word_1_419' title='bbox 1070 3662 1302 3731; x_wconf 80' lang='grc' dir='ltr'>ἀγαπῶν</span> <span class='ocrx_word' id='word_1_420' title='bbox 1358 3659 1586 3732; x_wconf 79' lang='grc' dir='ltr'>ἡσυχίαν</span> <span class='ocrx_word' id='word_1_421' title='bbox 1610 3676 1626 3692; x_wconf 79' lang='grc' dir='ltr'><strong><em>ο</em></strong></span> <span class='ocrx_word' id='word_1_422' title='bbox 1675 3661 1704 3712; x_wconf 91' lang='lat'><strong>6</strong></span> <span class='ocrx_word' id='word_1_423' title='bbox 1753 3659 1811 3713; x_wconf 79' lang='grc' dir='ltr'>δὲ</span> 
     </span>
    </p>
   </div>
   <div class='ocr_carea' id='block_1_68' title="bbox 217 3751 1808 3834">
    <p class='ocr_par' dir='ltr' id='par_1_68' title="bbox 217 3751 1808 3834">
     <span class='ocr_line' id='line_1_68' title="bbox 217 3751 1808 3834; baseline -0.008 -19"><span class='ocrx_word' id='word_1_424' title='bbox 217 3759 766 3834; x_wconf 79' lang='grc' dir='ltr'>συναναμιγνύμενος</span> <span class='ocrx_word' id='word_1_425' title='bbox 790 3756 1021 3829; x_wconf 79' lang='grc' dir='ltr'>πλήθεσι</span> <span class='ocrx_word' id='word_1_426' title='bbox 1053 3757 1297 3826; x_wconf 82' lang='grc' dir='ltr'>συνεχεῖς</span> <span class='ocrx_word' id='word_1_427' title='bbox 1328 3753 1548 3823; x_wconf 81' lang='grc' dir='ltr'>δέχεται.</span> <span class='ocrx_word' id='word_1_428' title='bbox 1575 3751 1808 3823; x_wconf 78' lang='grc' dir='ltr'><strong>πληγάς.</strong></span> 
     </span>
    </p>
   </div>
   <div class='ocr_carea' id='block_1_69' title="bbox 292 3933 1808 4009">
    <p class='ocr_par' dir='ltr' id='par_1_69' title="bbox 292 3933 1808 4009">
     <span class='ocr_line' id='line_1_69' title="bbox 292 3933 1808 4009; baseline -0.003 -15"><span class='ocrx_word' id='word_1_429' title='bbox 292 3948 350 3995; x_wconf 85' lang='grc' dir='ltr'><strong>ι’.</strong></span> <span class='ocrx_word' id='word_1_430' title='bbox 377 3933 514 3994; x_wconf 62' lang='lat' dir='ltr'><strong>Eine</strong></span> <span class='ocrx_word' id='word_1_431' title='bbox 543 3939 705 3994; x_wconf 81' lang='grc' dir='ltr'>πάλιν</span> <span class='ocrx_word' id='word_1_432' title='bbox 723 3956 738 3971; x_wconf 88' lang='grc'><strong>·</strong></span> <span class='ocrx_word' id='word_1_433' title='bbox 787 3939 844 3993; x_wconf 85' lang='grc'>’0</span> <span class='ocrx_word' id='word_1_434' title='bbox 875 3938 1062 4003; x_wconf 84' lang='grc' dir='ltr'>δοῦλος</span> <span class='ocrx_word' id='word_1_435' title='bbox 1086 3940 1115 3993; x_wconf 93' lang='lat'><strong>6</strong></span> <span class='ocrx_word' id='word_1_436' title='bbox 1135 3938 1353 4009; x_wconf 84' lang='grc' dir='ltr'>ἀμελῶν</span> <span class='ocrx_word' id='word_1_437' title='bbox 1378 3936 1488 3991; x_wconf 84' lang='grc' dir='ltr'>τῶν</span> <span class='ocrx_word' id='word_1_438' title='bbox 1517 3937 1694 4009; x_wconf 73' lang='grc' dir='ltr'>ἔργων</span> <span class='ocrx_word' id='word_1_439' title='bbox 1715 3937 1808 3991; x_wconf 82' lang='grc' dir='ltr'><strong>τοῦ</strong></span> 
     </span>
    </p>
   </div>
   <div class='ocr_carea' id='block_1_70' title="bbox 213 4028 1488 4105">
    <p class='ocr_par' dir='ltr' id='par_1_70' title="bbox 213 4028 1488 4105">
     <span class='ocr_line' id='line_1_70' title="bbox 213 4028 1488 4105; baseline 0 -19"><span class='ocrx_word' id='word_1_440' title='bbox 213 4032 419 4105; x_wconf 73' lang='grc' dir='ltr'>κυρίου</span> <span class='ocrx_word' id='word_1_441' title='bbox 444 4030 610 4085; x_wconf 79' lang='grc' dir='ltr'>αὑτοῦ</span> <span class='ocrx_word' id='word_1_442' title='bbox 638 4028 1019 4101; x_wconf 63' lang='grc' dir='ltr'><strong>ἑτοιμαξέσθω⁴</strong></span> <span class='ocrx_word' id='word_1_443' title='bbox 1033 4029 1168 4100; x_wconf 78' lang='grc' dir='ltr'>πρὸς</span> <span class='ocrx_word' id='word_1_444' title='bbox 1197 4029 1488 4100; x_wconf 67' lang='grc' dir='ltr'>μάστιγας.</span> 
     </span>
    </p>
   </div>
   <div class='ocr_carea' id='block_1_71' title="bbox 581 4141 1444 4214">
    <p class='ocr_par' dir='ltr' id='par_1_71' title="bbox 581 4141 1444 4214">
     <span class='ocr_line' id='line_1_71' title="bbox 581 4141 1444 4214; baseline -0.003 -15"><span class='ocrx_word' id='word_1_445' title='bbox 581 4145 722 4214; x_wconf 76' lang='grc' dir='ltr'>Περὶ</span> <span class='ocrx_word' id='word_1_446' title='bbox 761 4143 868 4198; x_wconf 81' lang='grc' dir='ltr'><strong>τοῦ</strong></span> <span class='ocrx_word' id='word_1_447' title='bbox 901 4141 1052 4199; x_wconf 78' lang='grc' dir='ltr'><strong>ὰόϐἆ</strong></span> <span class='ocrx_word' id='word_1_448' title='bbox 1078 4141 1444 4210; x_wconf 81' lang='grc' dir='ltr'>Νιστερώου.</span> 
     </span>
    </p>
   </div>
   <div class='ocr_carea' id='block_1_72' title="bbox 288 4255 1811 4328">
    <p class='ocr_par' dir='ltr' id='par_1_72' title="bbox 288 4255 1811 4328">
     <span class='ocr_line' id='line_1_72' title="bbox 288 4255 1811 4328; baseline -0.003 -14"><span class='ocrx_word' id='word_1_449' title='bbox 288 4266 363 4314; x_wconf 81' lang='grc' dir='ltr'><strong>α’.</strong></span> <span class='ocrx_word' id='word_1_450' title='bbox 413 4259 472 4312; x_wconf 89' lang='lat'><strong>&#39;0</strong></span> <span class='ocrx_word' id='word_1_451' title='bbox 494 4257 667 4323; x_wconf 73' lang='grc' dir='ltr'><strong>ἀδϐἄς</strong></span> <span class='ocrx_word' id='word_1_452' title='bbox 692 4255 1006 4326; x_wconf 78' lang='grc' dir='ltr'>Νιστερῶος</span> <span class='ocrx_word' id='word_1_453' title='bbox 1038 4256 1106 4289; x_wconf 68' lang='grc'><strong><em>⁸⁸⁸</em></strong></span> <span class='ocrx_word' id='word_1_454' title='bbox 1137 4257 1166 4310; x_wconf 94' lang='lat'><strong>6</strong></span> <span class='ocrx_word' id='word_1_455' title='bbox 1195 4256 1367 4327; x_wconf 77' lang='grc' dir='ltr'>μέγας</span> <span class='ocrx_word' id='word_1_456' title='bbox 1410 4256 1728 4328; x_wconf 77' lang='grc' dir='ltr'>περιεπάτει</span> <span class='ocrx_word' id='word_1_457' title='bbox 1754 4257 1811 4310; x_wconf 78' lang='grc' dir='ltr'><strong>ἐν</strong></span> 
     </span>
    </p>
   </div>
   <div class='ocr_carea' id='block_1_73' title="bbox 209 4346 1808 4422">
    <p class='ocr_par' dir='ltr' id='par_1_73' title="bbox 209 4346 1808 4422">
     <span class='ocr_line' id='line_1_73' title="bbox 209 4346 1808 4422; baseline -0.003 -19"><span class='ocrx_word' id='word_1_458' title='bbox 209 4353 282 4422; x_wconf 76' lang='grc' dir='ltr'>τῇ</span> <span class='ocrx_word' id='word_1_459' title='bbox 318 4349 522 4421; x_wconf 75' lang='grc' dir='ltr'><strong>ἐρήμῳ</strong></span> <span class='ocrx_word' id='word_1_460' title='bbox 554 4347 692 4418; x_wconf 83' lang='grc' dir='ltr'><strong>μετὰ</strong></span> <span class='ocrx_word' id='word_1_461' title='bbox 716 4346 946 4416; x_wconf 78' lang='grc' dir='ltr'>ἀδελφοῦ</span> <span class='ocrx_word' id='word_1_462' title='bbox 972 4364 1146 4412; x_wconf 88' lang='grc' dir='ltr'>τινος·</span> <span class='ocrx_word' id='word_1_463' title='bbox 1175 4346 1270 4400; x_wconf 77' lang='grc' dir='ltr'>καὶ</span> <span class='ocrx_word' id='word_1_464' title='bbox 1297 4346 1496 4410; x_wconf 83' lang='grc' dir='ltr'>ἰδόντες</span> <span class='ocrx_word' id='word_1_465' title='bbox 1519 4347 1808 4419; x_wconf 81' lang='grc' dir='ltr'>δράκοντα,</span> 
     </span>
    </p>
   </div>
   <div class='ocr_carea' id='block_1_74' title="bbox 1915 3127 3491 3199">
    <p class='ocr_par' dir='ltr' id='par_1_74' title="bbox 1915 3127 3491 3199">
     <span class='ocr_line' id='line_1_74' title="bbox 1915 3127 3491 3199; baseline -0.001 -15"><span class='ocrx_word' id='word_1_466' title='bbox 1915 3127 2094 3184; x_wconf 88' lang='lat' dir='ltr'><strong>cuerit</strong></span> <span class='ocrx_word' id='word_1_467' title='bbox 2130 3128 2280 3194; x_wconf 89' lang='lat' dir='ltr'><strong>Deo;</strong></span> <span class='ocrx_word' id='word_1_468' title='bbox 2318 3127 2542 3198; x_wconf 86' lang='lat' dir='ltr'><strong>erisque</strong></span> <span class='ocrx_word' id='word_1_469' title='bbox 2581 3127 2874 3183; x_wconf 84' lang='lat' dir='ltr'><strong>turbarum</strong></span> <span class='ocrx_word' id='word_1_470' title='bbox 2906 3141 3136 3193; x_wconf 86' lang='lat' dir='ltr'><strong>vacuus,</strong></span> <span class='ocrx_word' id='word_1_471' title='bbox 3195 3135 3250 3184; x_wconf 87' lang='lat' dir='ltr'><strong>et</strong></span> <span class='ocrx_word' id='word_1_472' title='bbox 3301 3136 3491 3199; x_wconf 76' lang='lat' dir='ltr'><strong>gratus</strong></span> 
     </span>
    </p>
   </div>
   <div class='ocr_carea' id='block_1_75' title="bbox 1913 3220 2426 3292">
    <p class='ocr_par' dir='ltr' id='par_1_75' title="bbox 1913 3220 2426 3292">
     <span class='ocr_line' id='line_1_75' title="bbox 1913 3220 2426 3292; baseline 0.002 -14"><span class='ocrx_word' id='word_1_473' title='bbox 1913 3221 1968 3278; x_wconf 88' lang='lat' dir='ltr'><strong>in</strong></span> <span class='ocrx_word' id='word_1_474' title='bbox 1998 3220 2260 3292; x_wconf 91' lang='lat' dir='ltr'><strong>precibus</strong></span> <span class='ocrx_word' id='word_1_475' title='bbox 2291 3221 2426 3279; x_wconf 86' lang='lat' dir='ltr'><strong>tuis.</strong></span> 
     </span>
    </p>
   </div>
   <div class='ocr_carea' id='block_1_76' title="bbox 1983 3312 3493 3384">
    <p class='ocr_par' dir='ltr' id='par_1_76' title="bbox 1983 3312 3493 3384">
     <span class='ocr_line' id='line_1_76' title="bbox 1983 3312 3493 3384; baseline -0.001 -17"><span class='ocrx_word' id='word_1_476' title='bbox 1983 3312 2037 3367; x_wconf 89' lang='lat'><strong>8.</strong></span> <span class='ocrx_word' id='word_1_477' title='bbox 2073 3312 2187 3384; x_wconf 83' lang='lat'><strong>(60)</strong></span> <span class='ocrx_word' id='word_1_478' title='bbox 2238 3312 2523 3370; x_wconf 85' lang='lat' dir='ltr'><strong>Sententia</strong></span> <span class='ocrx_word' id='word_1_479' title='bbox 2557 3314 2726 3371; x_wconf 88' lang='lat' dir='ltr'><strong>etiam</strong></span> <span class='ocrx_word' id='word_1_480' title='bbox 2777 3315 2928 3372; x_wconf 90' lang='lat' dir='ltr'><strong>illius</strong></span> <span class='ocrx_word' id='word_1_481' title='bbox 2987 3314 3126 3371; x_wconf 77' lang='lat' dir='ltr'><strong>fuit:</strong></span> <span class='ocrx_word' id='word_1_482' title='bbox 3173 3312 3375 3368; x_wconf 85' lang='lat' dir='ltr'><strong>Beatus</strong></span> <span class='ocrx_word' id='word_1_483' title='bbox 3407 3319 3493 3366; x_wconf 90' lang='lat' dir='ltr'><strong>est</strong></span> 
     </span>
    </p>
   </div>
   <div class='ocr_carea' id='block_1_77' title="bbox 1913 3403 3496 3478">
    <p class='ocr_par' dir='ltr' id='par_1_77' title="bbox 1913 3403 3496 3478">
     <span class='ocr_line' id='line_1_77' title="bbox 1913 3403 3496 3478; baseline 0 -21"><span class='ocrx_word' id='word_1_484' title='bbox 1913 3403 2241 3470; x_wconf 87' lang='lat' dir='ltr'><strong>monachus,</strong></span> <span class='ocrx_word' id='word_1_485' title='bbox 2272 3405 2366 3477; x_wconf 87' lang='lat' dir='ltr'><strong>qui</strong></span> <span class='ocrx_word' id='word_1_486' title='bbox 2395 3421 2454 3462; x_wconf 88' lang='lat' dir='ltr'><strong>se</strong></span> <span class='ocrx_word' id='word_1_487' title='bbox 2482 3413 2811 3462; x_wconf 90' lang='lat' dir='ltr'><strong>cunctorum</strong></span> <span class='ocrx_word' id='word_1_488' title='bbox 2842 3412 3263 3478; x_wconf 72' lang='lat' dir='ltr'><strong>purgamentum</strong></span> <span class='ocrx_word' id='word_1_489' title='bbox 3307 3404 3496 3460; x_wconf 78' lang='lat' dir='ltr'><strong>existi-</strong></span> 
     </span>
    </p>
   </div>
   <div class='ocr_carea' id='block_1_78' title="bbox 1914 3506 2170 3550">
    <p class='ocr_par' dir='ltr' id='par_1_78' title="bbox 1914 3506 2170 3550">
     <span class='ocr_line' id='line_1_78' title="bbox 1914 3506 2170 3550; baseline 0 -2"><span class='ocrx_word' id='word_1_490' title='bbox 1914 3506 2170 3550; x_wconf 82' lang='lat' dir='ltr'><strong>mavertt.</strong></span> 
     </span>
    </p>
   </div>
   <div class='ocr_carea' id='block_1_79' title="bbox 1983 3586 3539 3658">
    <p class='ocr_par' dir='ltr' id='par_1_79' title="bbox 1983 3586 3539 3658">
     <span class='ocr_line' id='line_1_79' title="bbox 1983 3586 3539 3658; baseline -0.003 -16"><span class='ocrx_word' id='word_1_491' title='bbox 1983 3587 2037 3642; x_wconf 83' lang='lat'><strong>9.</strong></span> <span class='ocrx_word' id='word_1_492' title='bbox 2073 3587 2186 3658; x_wconf 79' lang='grc'>(61)</span> <span class='ocrx_word' id='word_1_493' title='bbox 2227 3586 2372 3642; x_wconf 84' lang='lat' dir='ltr'><strong>Dixit</strong></span> <span class='ocrx_word' id='word_1_494' title='bbox 2399 3589 2602 3658; x_wconf 90' lang='lat' dir='ltr'><strong>pariter</strong></span> <span class='ocrx_word' id='word_1_495' title='bbox 2641 3605 2654 3643; x_wconf 97' lang='lat'><strong>:</strong></span> <span class='ocrx_word' id='word_1_496' title='bbox 2692 3587 3081 3644; x_wconf 85' lang='lat' dir='ltr'><strong>lnvulneratus</strong></span> <span class='ocrx_word' id='word_1_497' title='bbox 3129 3602 3161 3641; x_wconf 66' lang='grc' dir='ltr'><strong>ι</strong></span> <span class='ocrx_word' id='word_1_498' title='bbox 3207 3586 3333 3641; x_wconf 86' lang='lat' dir='ltr'><strong>telis</strong></span> <span class='ocrx_word' id='word_1_499' title='bbox 3393 3586 3493 3640; x_wconf 81' lang='lat' dir='ltr'><strong>ini-</strong></span> <span class='ocrx_word' id='word_1_500' title='bbox 3529 3588 3539 3601; x_wconf 86' lang='lat'><strong><em>‘</em></strong></span> 
     </span>
    </p>
   </div>
   <div class='ocr_carea' id='block_1_80' title="bbox 1914 3679 3493 3752">
    <p class='ocr_par' dir='ltr' id='par_1_80' title="bbox 1914 3679 3493 3752">
     <span class='ocr_line' id='line_1_80' title="bbox 1914 3679 3493 3752; baseline -0.001 -18"><span class='ocrx_word' id='word_1_501' title='bbox 1914 3679 2043 3734; x_wconf 82' lang='lat' dir='ltr'><strong>inici</strong></span> <span class='ocrx_word' id='word_1_502' title='bbox 2080 3687 2266 3734; x_wconf 88' lang='lat' dir='ltr'><strong>manet</strong></span> <span class='ocrx_word' id='word_1_503' title='bbox 2291 3681 2618 3747; x_wconf 88' lang='lat' dir='ltr'><strong>monachus,</strong></span> <span class='ocrx_word' id='word_1_504' title='bbox 2650 3681 2743 3752; x_wconf 90' lang='lat' dir='ltr'><strong>qui</strong></span> <span class='ocrx_word' id='word_1_505' title='bbox 2784 3691 2926 3736; x_wconf 88' lang='lat' dir='ltr'><strong>amat</strong></span> <span class='ocrx_word' id='word_1_506' title='bbox 2963 3681 3200 3750; x_wconf 88' lang='lat' dir='ltr'><strong>quietem</strong></span> <span class='ocrx_word' id='word_1_507' title='bbox 3230 3696 3269 3745; x_wconf 73' lang='grc' dir='ltr'>ς-</span> <span class='ocrx_word' id='word_1_508' title='bbox 3301 3687 3363 3732; x_wconf 65' lang='grc' dir='ltr'><strong>ιιι</strong></span> <span class='ocrx_word' id='word_1_509' title='bbox 3402 3679 3493 3734; x_wconf 79' lang='lat' dir='ltr'><strong>ilio</strong></span> 
     </span>
    </p>
   </div>
   <div class='ocr_carea' id='block_1_81' title="bbox 1911 3770 3483 3843">
    <p class='ocr_par' dir='ltr' id='par_1_81' title="bbox 1911 3770 3483 3843">
     <span class='ocr_line' id='line_1_81' title="bbox 1911 3770 3483 3843; baseline -0.003 -17"><span class='ocrx_word' id='word_1_510' title='bbox 1911 3773 2005 3843; x_wconf 87' lang='lat' dir='ltr'><strong>qui</strong></span> <span class='ocrx_word' id='word_1_511' title='bbox 2034 3771 2297 3828; x_wconf 86' lang='lat' dir='ltr'><strong>miscetur</strong></span> <span class='ocrx_word' id='word_1_512' title='bbox 2319 3785 2445 3826; x_wconf 92' lang='lat' dir='ltr'><strong>cum</strong></span> <span class='ocrx_word' id='word_1_513' title='bbox 2486 3772 2739 3843; x_wconf 88' lang='lat' dir='ltr'><strong>plurimis</strong></span> <span class='ocrx_word' id='word_1_514' title='bbox 2787 3770 3125 3835; x_wconf 87' lang='lat' dir='ltr'><strong>hominibus,</strong></span> <span class='ocrx_word' id='word_1_515' title='bbox 3185 3770 3483 3825; x_wconf 85' lang='lat' dir='ltr'><strong>continuas</strong></span> 
     </span>
    </p>
   </div>
   <div class='ocr_carea' id='block_1_82' title="bbox 1913 3864 2356 3936">
    <p class='ocr_par' dir='ltr' id='par_1_82' title="bbox 1913 3864 2356 3936">
     <span class='ocr_line' id='line_1_82' title="bbox 1913 3864 2356 3936; baseline 0 -17"><span class='ocrx_word' id='word_1_516' title='bbox 1913 3864 2114 3935; x_wconf 88' lang='lat' dir='ltr'><strong>accipit</strong></span> <span class='ocrx_word' id='word_1_517' title='bbox 2147 3865 2356 3936; x_wconf 76' lang='lat' dir='ltr'><strong>plagas.</strong></span> 
     </span>
    </p>
   </div>
   <div class='ocr_carea' id='block_1_83' title="bbox 1989 3953 3493 4029">
    <p class='ocr_par' dir='ltr' id='par_1_83' title="bbox 1989 3953 3493 4029">
     <span class='ocr_line' id='line_1_83' title="bbox 1989 3953 3493 4029; baseline -0.003 -17"><span class='ocrx_word' id='word_1_518' title='bbox 1989 3959 2073 4012; x_wconf 84' lang='grc'>10.</span> <span class='ocrx_word' id='word_1_519' title='bbox 2125 3957 2354 4013; x_wconf 91' lang='lat' dir='ltr'><strong>Demum</strong></span> <span class='ocrx_word' id='word_1_520' title='bbox 2411 3959 2553 4016; x_wconf 81' lang='lat' dir='ltr'><strong>dixit</strong></span> <span class='ocrx_word' id='word_1_521' title='bbox 2582 3977 2604 4029; x_wconf 4' lang='lat' dir='ltr'><strong>:p</strong></span> <span class='ocrx_word' id='word_1_522' title='bbox 2657 3957 2863 4013; x_wconf 78' lang='lat' dir='ltr'><strong>Servus</strong></span> <span class='ocrx_word' id='word_1_523' title='bbox 2915 3956 3030 4027; x_wconf 20' lang='lat' dir='ltr'><strong>qui:</strong></span> <span class='ocrx_word' id='word_1_524' title='bbox 3065 3953 3291 4026; x_wconf 74' lang='lat' dir='ltr'><strong>negligit</strong></span> <span class='ocrx_word' id='word_1_525' title='bbox 3323 3967 3493 4024; x_wconf 79' lang='lat' dir='ltr'><strong>opera</strong></span> 
     </span>
    </p>
   </div>
   <div class='ocr_carea' id='block_1_84' title="bbox 1913 4045 3062 4120">
    <p class='ocr_par' dir='ltr' id='par_1_84' title="bbox 1913 4045 3062 4120">
     <span class='ocr_line' id='line_1_84' title="bbox 1913 4045 3062 4120; baseline -0.003 -18"><span class='ocrx_word' id='word_1_526' title='bbox 1913 4045 2128 4103; x_wconf 88' lang='lat' dir='ltr'><strong>domini</strong></span> <span class='ocrx_word' id='word_1_527' title='bbox 2157 4049 2266 4113; x_wconf 88' lang='lat' dir='ltr'><strong>sui,</strong></span> <span class='ocrx_word' id='word_1_528' title='bbox 2301 4058 2526 4120; x_wconf 85' lang='lat' dir='ltr'><strong>paratus</strong></span> <span class='ocrx_word' id='word_1_529' title='bbox 2554 4048 2625 4104; x_wconf 90' lang='lat' dir='ltr'><strong>sit</strong></span> <span class='ocrx_word' id='word_1_530' title='bbox 2655 4047 2721 4102; x_wconf 88' lang='lat' dir='ltr'><strong>ad</strong></span> <span class='ocrx_word' id='word_1_531' title='bbox 2754 4047 3062 4102; x_wconf 71' lang='lat' dir='ltr'><strong>verbera&quot;.</strong></span> 
     </span>
    </p>
   </div>
   <div class='ocr_carea' id='block_1_85' title="bbox 2398 4156 3010 4214">
    <p class='ocr_par' dir='ltr' id='par_1_85' title="bbox 2398 4156 3010 4214">
     <span class='ocr_line' id='line_1_85' title="bbox 2398 4156 3010 4214; baseline -0.003 0"><span class='ocrx_word' id='word_1_532' title='bbox 2398 4160 2476 4214; x_wconf 83' lang='lat' dir='ltr'><strong>De</strong></span> <span class='ocrx_word' id='word_1_533' title='bbox 2502 4159 2690 4214; x_wconf 81' lang='lat' dir='ltr'><strong>abbate</strong></span> <span class='ocrx_word' id='word_1_534' title='bbox 2730 4156 3010 4213; x_wconf 57' lang='lat' dir='ltr'><strong>Niateroot»</strong></span> 
     </span>
    </p>
   </div>
   <div class='ocr_carea' id='block_1_86' title="bbox 1992 4246 3496 4323">
    <p class='ocr_par' dir='ltr' id='par_1_86' title="bbox 1992 4246 3496 4323">
     <span class='ocr_line' id='line_1_86' title="bbox 1992 4246 3496 4323; baseline -0.001 -19"><span class='ocrx_word' id='word_1_535' title='bbox 1992 4251 2040 4306; x_wconf 74' lang='grc' dir='ltr'>ί.</span> <span class='ocrx_word' id='word_1_536' title='bbox 2072 4250 2186 4323; x_wconf 68' lang='lat'><strong>(62)</strong></span> <span class='ocrx_word' id='word_1_537' title='bbox 2220 4251 2406 4306; x_wconf 84' lang='lat' dir='ltr'><strong>Ahhas</strong></span> <span class='ocrx_word' id='word_1_538' title='bbox 2464 4248 2756 4304; x_wconf 80' lang='lat' dir='ltr'><strong>Nisterous</strong></span> <span class='ocrx_word' id='word_1_539' title='bbox 2801 4262 3037 4319; x_wconf 71' lang='lat' dir='ltr'><strong>magnus</strong></span> <span class='ocrx_word' id='word_1_540' title='bbox 3072 4246 3358 4303; x_wconf 76' lang='lat' dir='ltr'><strong>incedebat</strong></span> <span class='ocrx_word' id='word_1_541' title='bbox 3394 4261 3496 4319; x_wconf 81' lang='lat' dir='ltr'><strong>per</strong></span> 
     </span>
    </p>
   </div>
   <div class='ocr_carea' id='block_1_87' title="bbox 1910 4339 3493 4413">
    <p class='ocr_par' dir='ltr' id='par_1_87' title="bbox 1910 4339 3493 4413">
     <span class='ocr_line' id='line_1_87' title="bbox 1910 4339 3493 4413; baseline -0.001 -15"><span class='ocrx_word' id='word_1_542' title='bbox 1910 4359 2155 4400; x_wconf 89' lang='lat' dir='ltr'><strong>eremum</strong></span> <span class='ocrx_word' id='word_1_543' title='bbox 2208 4359 2334 4397; x_wconf 88' lang='lat' dir='ltr'><strong>cum</strong></span> <span class='ocrx_word' id='word_1_544' title='bbox 2391 4339 2630 4413; x_wconf 87' lang='lat' dir='ltr'><strong>quodam</strong></span> <span class='ocrx_word' id='word_1_545' title='bbox 2687 4341 2892 4408; x_wconf 77' lang='lat' dir='ltr'><strong>fratre;</strong></span> <span class='ocrx_word' id='word_1_546' title='bbox 2951 4347 3009 4396; x_wconf 90' lang='lat' dir='ltr'><strong>et</strong></span> <span class='ocrx_word' id='word_1_547' title='bbox 3037 4340 3161 4397; x_wconf 91' lang='lat' dir='ltr'><strong>viso</strong></span> <span class='ocrx_word' id='word_1_548' title='bbox 3210 4339 3493 4404; x_wconf 82' lang='lat' dir='ltr'><strong>dracone,</strong></span> 
     </span>
    </p>
   </div>
   <div class='ocr_carea' id='block_1_88' title="bbox 212 4420 1813 4509">
    <p class='ocr_par' dir='ltr' id='par_1_88' title="bbox 212 4420 1805 4509">
     <span class='ocr_line' id='line_1_88' title="bbox 212 4420 1805 4509; baseline -0.001 -17"><span class='ocrx_word' id='word_1_549' title='bbox 212 4420 448 4508; x_wconf 60' lang='grc' dir='ltr'>ιῴυγον.</span> <span class='ocrx_word' id='word_1_550' title='bbox 498 4438 610 4491; x_wconf 76' lang='grc' dir='ltr'><strong>Καὶ</strong></span> <span class='ocrx_word' id='word_1_551' title='bbox 656 4437 805 4506; x_wconf 81' lang='grc' dir='ltr'>λέγει</span> <span class='ocrx_word' id='word_1_552' title='bbox 837 4436 986 4509; x_wconf 86' lang='grc' dir='ltr'><strong>αὑτῷ</strong></span> <span class='ocrx_word' id='word_1_553' title='bbox 1021 4440 1050 4492; x_wconf 91' lang='lat'><strong>6</strong></span> <span class='ocrx_word' id='word_1_554' title='bbox 1080 4436 1339 4506; x_wconf 71' lang='grc' dir='ltr'>ἀδελφόςο</span> <span class='ocrx_word' id='word_1_555' title='bbox 1387 4437 1498 4491; x_wconf 78' lang='grc' dir='ltr'><strong>Καὶ</strong></span> <span class='ocrx_word' id='word_1_556' title='bbox 1545 4438 1611 4490; x_wconf 79' lang='grc' dir='ltr'><strong>σὺ</strong></span> <span class='ocrx_word' id='word_1_557' title='bbox 1643 4436 1805 4509; x_wconf 73' lang='grc' dir='ltr'>φοϐῇ,</span> 
     </span>
    </p>
   </div>
   <div class='ocr_carea' id='block_1_89' title="bbox 1916 4420 3500 4509">
    <p class='ocr_par' dir='ltr' id='par_1_89' title="bbox 1919 4428 3500 4503">
     <span class='ocr_line' id='line_1_89' title="bbox 1919 4428 3500 4503; baseline -0.001 -15"><span class='ocrx_word' id='word_1_558' title='bbox 1919 4431 2200 4503; x_wconf 80' lang='lat' dir='ltr'><strong>fugerunt.</strong></span> <span class='ocrx_word' id='word_1_559' title='bbox 2230 4432 2371 4488; x_wconf 87' lang='lat' dir='ltr'><strong>Dicit</strong></span> <span class='ocrx_word' id='word_1_560' title='bbox 2395 4431 2446 4487; x_wconf 91' lang='lat' dir='ltr'><strong>ei</strong></span> <span class='ocrx_word' id='word_1_561' title='bbox 2495 4429 2698 4485; x_wconf 82' lang='lat' dir='ltr'><strong>frater:</strong></span> <span class='ocrx_word' id='word_1_562' title='bbox 2726 4429 2807 4484; x_wconf 90' lang='lat' dir='ltr'><strong>Tu</strong></span> <span class='ocrx_word' id='word_1_563' title='bbox 2839 4444 3058 4502; x_wconf 86' lang='lat' dir='ltr'><strong>quoque</strong></span> <span class='ocrx_word' id='word_1_564' title='bbox 3087 4431 3267 4493; x_wconf 90' lang='lat' dir='ltr'><strong>times,</strong></span> <span class='ocrx_word' id='word_1_565' title='bbox 3291 4428 3454 4486; x_wconf 87' lang='lat' dir='ltr'><strong>Pater</strong></span> <span class='ocrx_word' id='word_1_566' title='bbox 3473 4430 3500 4486; x_wconf 69' lang='lat'><strong>1</strong></span> 
     </span>
    </p>
   </div>
   <div class='ocr_carea' id='block_1_90' title="bbox 210 4525 1806 4598">
    <p class='ocr_par' dir='ltr' id='par_1_90' title="bbox 210 4525 1806 4598">
     <span class='ocr_line' id='line_1_90' title="bbox 210 4525 1806 4598; baseline -0.002 -16"><span class='ocrx_word' id='word_1_567' title='bbox 210 4527 448 4596; x_wconf 72' lang='grc' dir='ltr'>Πάτερς</span> <span class='ocrx_word' id='word_1_568' title='bbox 500 4526 612 4579; x_wconf 70' lang='grc' dir='ltr'><strong>Καὶ</strong></span> <span class='ocrx_word' id='word_1_569' title='bbox 647 4526 796 4595; x_wconf 78' lang='grc' dir='ltr'>λέγει</span> <span class='ocrx_word' id='word_1_570' title='bbox 851 4525 1002 4597; x_wconf 80' lang='grc' dir='ltr'>αὐτῷ</span> <span class='ocrx_word' id='word_1_571' title='bbox 1035 4527 1064 4580; x_wconf 93' lang='lat'><strong>6</strong></span> <span class='ocrx_word' id='word_1_572' title='bbox 1121 4527 1340 4598; x_wconf 80' lang='grc' dir='ltr'><strong>γέρων·</strong></span> <span class='ocrx_word' id='word_1_573' title='bbox 1379 4527 1455 4580; x_wconf 80' lang='grc' dir='ltr'>υύ</span> <span class='ocrx_word' id='word_1_574' title='bbox 1511 4525 1806 4598; x_wconf 70' lang='grc' dir='ltr'>φοϐοῦμαι,</span> 
     </span>
    </p>
   </div>
   <div class='ocr_carea' id='block_1_91' title="bbox 1919 4520 3490 4596">
    <p class='ocr_par' dir='ltr' id='par_1_91' title="bbox 1919 4520 3490 4596">
     <span class='ocr_line' id='line_1_91' title="bbox 1919 4520 3490 4596; baseline -0.004 -15"><span class='ocrx_word' id='word_1_575' title='bbox 1919 4524 2146 4596; x_wconf 79' lang='lat' dir='ltr'><strong>Excepit</strong></span> <span class='ocrx_word' id='word_1_576' title='bbox 2174 4541 2340 4582; x_wconf 79' lang='lat' dir='ltr'><strong>senex</strong></span> <span class='ocrx_word' id='word_1_577' title='bbox 2367 4545 2380 4581; x_wconf 96' lang='lat'><strong>:</strong></span> <span class='ocrx_word' id='word_1_578' title='bbox 2419 4523 2538 4580; x_wconf 87' lang='lat' dir='ltr'><strong>Non</strong></span> <span class='ocrx_word' id='word_1_579' title='bbox 2569 4524 2757 4586; x_wconf 86' lang='lat' dir='ltr'><strong>timeo,</strong></span> <span class='ocrx_word' id='word_1_580' title='bbox 2794 4522 2868 4579; x_wconf 87' lang='lat' dir='ltr'><strong>lili</strong></span> <span class='ocrx_word' id='word_1_581' title='bbox 2903 4541 2918 4590; x_wconf 87' lang='lat'><strong>;</strong></span> <span class='ocrx_word' id='word_1_582' title='bbox 2951 4522 3046 4579; x_wconf 91' lang='lat' dir='ltr'><strong>sed</strong></span> <span class='ocrx_word' id='word_1_583' title='bbox 3079 4521 3284 4592; x_wconf 79' lang='lat' dir='ltr'><strong>profuit</strong></span> <span class='ocrx_word' id='word_1_584' title='bbox 3315 4520 3450 4575; x_wconf 88' lang='lat' dir='ltr'><strong>mihi</strong></span> <span class='ocrx_word' id='word_1_585' title='bbox 3474 4560 3490 4584; x_wconf 87' lang='lat'><strong>.</strong></span> 
     </span>
    </p>
   </div>
   <div class='ocr_carea' id='block_1_92' title="bbox 208 4613 1813 4691">
    <p class='ocr_par' dir='ltr' id='par_1_92' title="bbox 208 4613 1813 4689">
     <span class='ocr_line' id='line_1_92' title="bbox 208 4613 1813 4689; baseline -0.002 -16"><span class='ocrx_word' id='word_1_586' title='bbox 208 4621 419 4673; x_wconf 74' lang='grc' dir='ltr'>τέκνον</span> <span class='ocrx_word' id='word_1_587' title='bbox 439 4634 454 4648; x_wconf 72' lang='grc'><strong><em>⁸</em></strong></span> <span class='ocrx_word' id='word_1_588' title='bbox 487 4617 626 4670; x_wconf 75' lang='grc' dir='ltr'><strong>ἀλλὰ</strong></span> <span class='ocrx_word' id='word_1_589' title='bbox 672 4617 940 4689; x_wconf 79' lang='grc' dir='ltr'>συμφέρει</span> <span class='ocrx_word' id='word_1_590' title='bbox 984 4619 1068 4672; x_wconf 85' lang='grc' dir='ltr'><strong>ὅτι</strong></span> <span class='ocrx_word' id='word_1_591' title='bbox 1099 4617 1298 4686; x_wconf 76' lang='grc' dir='ltr'>ἔφυγον</span> <span class='ocrx_word' id='word_1_592' title='bbox 1319 4660 1332 4684; x_wconf 90' lang='grc'><strong>,</strong></span> <span class='ocrx_word' id='word_1_593' title='bbox 1383 4617 1508 4671; x_wconf 73' lang='grc' dir='ltr'>ἐπεὶ</span> <span class='ocrx_word' id='word_1_594' title='bbox 1539 4619 1638 4672; x_wconf 73' lang='grc' dir='ltr'>οὐκ</span> <span class='ocrx_word' id='word_1_595' title='bbox 1668 4613 1813 4689; x_wconf 78' lang='grc' dir='ltr'>εἶχον</span> 
     </span>
    </p>
   </div>
   <div class='ocr_carea' id='block_1_93' title="bbox 1916 4613 3502 4691">
    <p class='ocr_par' dir='ltr' id='par_1_93' title="bbox 1916 4613 3502 4691">
     <span class='ocr_line' id='line_1_93' title="bbox 1916 4613 3502 4691; baseline -0.004 -19"><span class='ocrx_word' id='word_1_596' title='bbox 1916 4618 2063 4690; x_wconf 90' lang='lat' dir='ltr'><strong>quod</strong></span> <span class='ocrx_word' id='word_1_597' title='bbox 2099 4617 2365 4691; x_wconf 77' lang='lat' dir='ltr'><strong>fugerim;</strong></span> <span class='ocrx_word' id='word_1_598' title='bbox 2400 4619 2536 4674; x_wconf 85' lang='lat' dir='ltr'><strong>alias</strong></span> <span class='ocrx_word' id='word_1_599' title='bbox 2560 4632 2670 4673; x_wconf 91' lang='lat' dir='ltr'><strong>non</strong></span> <span class='ocrx_word' id='word_1_600' title='bbox 2702 4614 3014 4688; x_wconf 77' lang='lat' dir='ltr'><strong>eli‘ugissem</strong></span> <span class='ocrx_word' id='word_1_601' title='bbox 3051 4613 3307 4686; x_wconf 85' lang='lat' dir='ltr'><strong>spiritum</strong></span> <span class='ocrx_word' id='word_1_602' title='bbox 3340 4627 3502 4667; x_wconf 61' lang='lat' dir='ltr'><strong>vanas</strong></span> 
     </span>
    </p>
   </div>
   <div class='ocr_carea' id='block_1_94' title="bbox 209 4705 1314 4778">
    <p class='ocr_par' dir='ltr' id='par_1_94' title="bbox 209 4705 1314 4778">
     <span class='ocr_line' id='line_1_94' title="bbox 209 4705 1314 4778; baseline -0.002 -17"><span class='ocrx_word' id='word_1_603' title='bbox 209 4709 490 4776; x_wconf 73' lang='grc' dir='ltr'><strong>ἐκφυγεῖν</strong></span> <span class='ocrx_word' id='word_1_604' title='bbox 519 4706 582 4759; x_wconf 79' lang='grc' dir='ltr'>τὸ</span> <span class='ocrx_word' id='word_1_605' title='bbox 611 4706 830 4777; x_wconf 86' lang='grc' dir='ltr'>πνεῦμα</span> <span class='ocrx_word' id='word_1_606' title='bbox 859 4707 959 4778; x_wconf 83' lang='grc' dir='ltr'>τῆς</span> <span class='ocrx_word' id='word_1_607' title='bbox 987 4705 1314 4771; x_wconf 78' lang='grc' dir='ltr'>κενοδοξίας.</span> 
     </span>
    </p>
   </div>
   <div class='ocr_carea' id='block_1_95' title="bbox 285 4798 1816 4872">
    <p class='ocr_par' dir='ltr' id='par_1_95' title="bbox 285 4798 1816 4872">
     <span class='ocr_line' id='line_1_95' title="bbox 285 4798 1816 4872; baseline -0.002 -17"><span class='ocrx_word' id='word_1_608' title='bbox 285 4798 360 4871; x_wconf 86' lang='grc' dir='ltr'><strong>β’.</strong></span> <span class='ocrx_word' id='word_1_609' title='bbox 404 4798 658 4868; x_wconf 80' lang='grc' dir='ltr'>Ἀδελφδς</span> <span class='ocrx_word' id='word_1_610' title='bbox 676 4798 926 4871; x_wconf 73' lang='grc' dir='ltr'><strong>ἠρώτησε</strong></span> <span class='ocrx_word' id='word_1_611' title='bbox 949 4799 1203 4872; x_wconf 80' lang='grc' dir='ltr'>γέροντα,</span> <span class='ocrx_word' id='word_1_612' title='bbox 1225 4799 1398 4868; x_wconf 78' lang='grc' dir='ltr'>λέγων</span> <span class='ocrx_word' id='word_1_613' title='bbox 1419 4815 1432 4828; x_wconf 83' lang='lat'><strong><em>°</em></strong></span> <span class='ocrx_word' id='word_1_614' title='bbox 1461 4799 1620 4852; x_wconf 85' lang='grc' dir='ltr'>Ποῖον</span> <span class='ocrx_word' id='word_1_615' title='bbox 1652 4799 1816 4854; x_wconf 84' lang='grc' dir='ltr'>καλὸν</span> 
     </span>
    </p>
   </div>
   <div class='ocr_carea' id='block_1_96' title="bbox 209 4890 1815 4963">
    <p class='ocr_par' dir='ltr' id='par_1_96' title="bbox 209 4890 1815 4963">
     <span class='ocr_line' id='line_1_96' title="bbox 209 4890 1815 4963; baseline 0.012 -25"><span class='ocrx_word' id='word_1_616' title='bbox 209 4891 464 4963; x_wconf 76' lang='grc' dir='ltr'>πρᾶγμά</span> <span class='ocrx_word' id='word_1_617' title='bbox 495 4890 643 4945; x_wconf 76' lang='grc' dir='ltr'>ἐστιν</span> <span class='ocrx_word' id='word_1_618' title='bbox 665 4931 681 4957; x_wconf 91' lang='grc'><strong>,</strong></span> <span class='ocrx_word' id='word_1_619' title='bbox 717 4890 806 4944; x_wconf 85' lang='grc' dir='ltr'><strong>ἴνα</strong></span> <span class='ocrx_word' id='word_1_620' title='bbox 834 4893 1044 4962; x_wconf 78' lang='grc' dir='ltr'>ποιήσω</span> <span class='ocrx_word' id='word_1_621' title='bbox 1068 4932 1081 4955; x_wconf 94' lang='grc'><strong>,</strong></span> <span class='ocrx_word' id='word_1_622' title='bbox 1124 4891 1219 4945; x_wconf 75' lang='grc' dir='ltr'><strong>καὶ</strong></span> <span class='ocrx_word' id='word_1_623' title='bbox 1251 4891 1503 4962; x_wconf 80' lang='grc' dir='ltr'>ζήσωμαι</span> <span class='ocrx_word' id='word_1_624' title='bbox 1537 4893 1597 4945; x_wconf 76' lang='grc' dir='ltr'>ὲν</span> <span class='ocrx_word' id='word_1_625' title='bbox 1625 4891 1774 4962; x_wconf 78' lang='grc' dir='ltr'><strong>αὖτῷ</strong></span> <span class='ocrx_word' id='word_1_626' title='bbox 1799 4908 1815 4958; x_wconf 71' lang='lat'><em>3</em></span> 
     </span>
    </p>
   </div>
   <div class='ocr_carea' id='block_1_97' title="bbox 208 4976 1816 5053">
    <p class='ocr_par' dir='ltr' id='par_1_97' title="bbox 208 4976 1816 5053">
     <span class='ocr_line' id='line_1_97' title="bbox 208 4976 1816 5053; baseline 0 -17"><span class='ocrx_word' id='word_1_627' title='bbox 208 4983 332 5036; x_wconf 77' lang='grc' dir='ltr'><strong>Καὶ</strong></span> <span class='ocrx_word' id='word_1_628' title='bbox 385 4976 541 5035; x_wconf 80' lang='grc' dir='ltr'>εἶπεν</span> <span class='ocrx_word' id='word_1_629' title='bbox 588 4984 617 5034; x_wconf 89' lang='lat'><strong>6</strong></span> <span class='ocrx_word' id='word_1_630' title='bbox 661 4981 841 5053; x_wconf 87' lang='grc' dir='ltr'>γέρων</span> <span class='ocrx_word' id='word_1_631' title='bbox 865 4998 879 5013; x_wconf 71' lang='grc' dir='ltr'><strong>ο</strong></span> <span class='ocrx_word' id='word_1_632' title='bbox 917 4984 974 5035; x_wconf 88' lang='lat'><strong>&#39;0</strong></span> <span class='ocrx_word' id='word_1_633' title='bbox 1007 4981 1140 5047; x_wconf 82' lang='grc' dir='ltr'>Θεὸς</span> <span class='ocrx_word' id='word_1_634' title='bbox 1180 4979 1289 5036; x_wconf 69' lang='grc' dir='ltr'>οἶδε</span> <span class='ocrx_word' id='word_1_635' title='bbox 1341 4981 1404 5036; x_wconf 83' lang='grc' dir='ltr'>τὸ</span> <span class='ocrx_word' id='word_1_636' title='bbox 1451 4981 1634 5038; x_wconf 86' lang='grc' dir='ltr'>καλόν.</span> <span class='ocrx_word' id='word_1_637' title='bbox 1677 4982 1816 5036; x_wconf 80' lang='grc' dir='ltr'>Ἀλλ’</span> 
     </span>
    </p>
   </div>
   <div class='ocr_carea' id='block_1_98' title="bbox 207 5134 1689 5262">
    <p class='ocr_par' dir='ltr' id='par_1_98' title="bbox 207 5134 1689 5262">
     <span class='ocr_line' id='line_1_98' title="bbox 207 5134 1689 5262; baseline 0.008 -80"><span class='ocrx_word' id='word_1_638' title='bbox 207 5135 460 5262; x_wconf 45' lang='grc' dir='ltr'><strong>Πιοιέέι.</strong></span> <span class='ocrx_word' id='word_1_639' title='bbox 515 5136 843 5209; x_wconf 77' lang='grc' dir='ltr'>ἀμελοῦντα.</span> <span class='ocrx_word' id='word_1_640' title='bbox 921 5137 967 5168; x_wconf 78' lang='grc'><strong>’⁸</strong></span> <span class='ocrx_word' id='word_1_641' title='bbox 995 5136 1083 5192; x_wconf 84' lang='lat' dir='ltr'><strong>Al.</strong></span> <span class='ocrx_word' id='word_1_642' title='bbox 1135 5144 1191 5192; x_wconf 87' lang='lat' dir='ltr'><strong>et</strong></span> <span class='ocrx_word' id='word_1_643' title='bbox 1232 5134 1320 5193; x_wconf 90' lang='lat' dir='ltr'><strong>ed.</strong></span> <span class='ocrx_word' id='word_1_644' title='bbox 1367 5136 1689 5194; x_wconf 77' lang='grc' dir='ltr'>σκάνδαλον.</span> 
     </span>
    </p>
   </div>
   <div class='ocr_carea' id='block_1_99' title="bbox 285 5361 1278 5434">
    <p class='ocr_par' dir='ltr' id='par_1_99' title="bbox 285 5361 1278 5434">
     <span class='ocr_line' id='line_1_99' title="bbox 285 5361 1278 5434; baseline -0.003 -15"><span class='ocrx_word' id='word_1_645' title='bbox 285 5364 414 5434; x_wconf 69' lang='lat'><strong>(53)</strong></span> <span class='ocrx_word' id='word_1_646' title='bbox 452 5362 619 5434; x_wconf 62' lang='lat' dir='ltr'><strong>Nilus</strong></span> <span class='ocrx_word' id='word_1_647' title='bbox 639 5361 716 5416; x_wconf 87' lang='lat' dir='ltr'><strong>De</strong></span> <span class='ocrx_word' id='word_1_648' title='bbox 747 5363 1008 5430; x_wconf 80' lang='lat' dir='ltr'><strong>oratione,</strong></span> <span class='ocrx_word' id='word_1_649' title='bbox 1035 5377 1155 5434; x_wconf 85' lang='lat' dir='ltr'><strong>cap.</strong></span> <span class='ocrx_word' id='word_1_650' title='bbox 1191 5362 1278 5417; x_wconf 79' lang='grc'><strong>15.</strong></span> 
     </span>
    </p>
   </div>
   <div class='ocr_carea' id='block_1_100' title="bbox 286 5433 802 5504">
    <p class='ocr_par' dir='ltr' id='par_1_100' title="bbox 286 5433 802 5504">
     <span class='ocr_line' id='line_1_100' title="bbox 286 5433 802 5504; baseline 0.008 -20"><span class='ocrx_word' id='word_1_651' title='bbox 286 5433 414 5502; x_wconf 64' lang='lat'><strong>(56)</strong></span> <span class='ocrx_word' id='word_1_652' title='bbox 560 5447 681 5504; x_wconf 87' lang='lat' dir='ltr'><strong>cap.</strong></span> <span class='ocrx_word' id='word_1_653' title='bbox 713 5435 802 5504; x_wconf 57' lang='grc'><strong>14.</strong></span> 
     </span>
    </p>
   </div>
   <div class='ocr_carea' id='block_1_101' title="bbox 285 5502 798 5572">
    <p class='ocr_par' dir='ltr' id='par_1_101' title="bbox 285 5502 798 5572">
     <span class='ocr_line' id='line_1_101' title="bbox 285 5502 798 5572; baseline -0.012 -12"><span class='ocrx_word' id='word_1_654' title='bbox 285 5504 414 5572; x_wconf 78' lang='lat'><strong>(55)</strong></span> <span class='ocrx_word' id='word_1_655' title='bbox 447 5502 525 5572; x_wconf 90' lang='lat' dir='ltr'><strong>lb.</strong></span> <span class='ocrx_word' id='word_1_656' title='bbox 559 5502 682 5570; x_wconf 82' lang='lat' dir='ltr'><strong>cap.</strong></span> <span class='ocrx_word' id='word_1_657' title='bbox 710 5502 798 5557; x_wconf 78' lang='lat' dir='ltr'><strong>to.</strong></span> 
     </span>
    </p>
   </div>
   <div class='ocr_carea' id='block_1_102' title="bbox 285 5571 815 5644">
    <p class='ocr_par' dir='ltr' id='par_1_102' title="bbox 285 5571 815 5644">
     <span class='ocr_line' id='line_1_102' title="bbox 285 5571 815 5644; baseline -0.006 -15"><span class='ocrx_word' id='word_1_658' title='bbox 285 5571 417 5641; x_wconf 76' lang='lat'><strong>(56)</strong></span> <span class='ocrx_word' id='word_1_659' title='bbox 564 5587 689 5644; x_wconf 83' lang='lat' dir='ltr'><strong>cap.</strong></span> <span class='ocrx_word' id='word_1_660' title='bbox 716 5574 750 5644; x_wconf 13' lang='lat' dir='ltr'><strong>Vi</strong></span> <span class='ocrx_word' id='word_1_661' title='bbox 764 5573 815 5626; x_wconf 87' lang='lat'><strong>7.</strong></span> 
     </span>
    </p>
   </div>
   <div class='ocr_carea' id='block_1_103' title="bbox 284 5641 792 5712">
    <p class='ocr_par' dir='ltr' id='par_1_103' title="bbox 284 5641 792 5712">
     <span class='ocr_line' id='line_1_103' title="bbox 284 5641 792 5712; baseline -0.012 -12"><span class='ocrx_word' id='word_1_662' title='bbox 284 5644 416 5712; x_wconf 70' lang='grc' dir='ltr'>(ετ)</span> <span class='ocrx_word' id='word_1_663' title='bbox 441 5641 520 5697; x_wconf 77' lang='grc' dir='ltr'>ιι».</span> <span class='ocrx_word' id='word_1_664' title='bbox 549 5641 672 5712; x_wconf 80' lang='lat' dir='ltr'><strong>cap.</strong></span> <span class='ocrx_word' id='word_1_665' title='bbox 704 5643 792 5697; x_wconf 70' lang='grc' dir='ltr'>ιε).</span> 
     </span>
    </p>
   </div>
   <div class='ocr_carea' id='block_1_104' title="bbox 296 5712 809 5786">
    <p class='ocr_par' dir='ltr' id='par_1_104' title="bbox 296 5712 809 5786">
     <span class='ocr_line' id='line_1_104' title="bbox 296 5712 809 5786; baseline -0.004 -16"><span class='ocrx_word' id='word_1_666' title='bbox 296 5716 425 5786; x_wconf 81' lang='grc'>(58)</span> <span class='ocrx_word' id='word_1_667' title='bbox 460 5712 540 5769; x_wconf 87' lang='lat' dir='ltr'><strong>Ib.</strong></span> <span class='ocrx_word' id='word_1_668' title='bbox 574 5729 694 5784; x_wconf 80' lang='lat' dir='ltr'><strong>cap.</strong></span> <span class='ocrx_word' id='word_1_669' title='bbox 718 5714 809 5768; x_wconf 75' lang='lat'><strong>‘20.</strong></span> 
     </span>
    </p>
   </div>
   <div class='ocr_carea' id='block_1_105' title="bbox 1951 4711 2126 4766">
    <p class='ocr_par' dir='ltr' id='par_1_105' title="bbox 1951 4711 2126 4766">
     <span class='ocr_line' id='line_1_105' title="bbox 1951 4711 2126 4766; baseline 0.011 -2"><span class='ocrx_word' id='word_1_670' title='bbox 1951 4711 2126 4766; x_wconf 70' lang='lat' dir='ltr'><strong>lorize.</strong></span> 
     </span>
    </p>
   </div>
   <div class='ocr_carea' id='block_1_106' title="bbox 1915 4727 3490 4871">
    <p class='ocr_par' dir='ltr' id='par_1_106' title="bbox 1915 4727 3490 4871">
     <span class='ocr_line' id='line_1_106' title="bbox 1954 4727 2126 4766; baseline 0.012 -2"><span class='ocrx_word' id='word_1_671' title='bbox 1954 4727 2126 4766; x_wconf 77' lang='lat' dir='ltr'><strong>tortae.</strong></span> 
     </span>
     <span class='ocr_line' id='line_1_107' title="bbox 1915 4727 3490 4871; baseline -0.003 -14"><span class='ocrx_word' id='word_1_672' title='bbox 1915 4727 1944 4782; x_wconf 64' lang='lat'>8</span> <span class='ocrx_word' id='word_1_673' title='bbox 1989 4803 2045 4857; x_wconf 75' lang='lat'><strong>2.</strong></span> <span class='ocrx_word' id='word_1_674' title='bbox 2083 4801 2195 4871; x_wconf 79' lang='lat'><strong>(6&#39;5)</strong></span> <span class='ocrx_word' id='word_1_675' title='bbox 2232 4800 2424 4856; x_wconf 86' lang='lat' dir='ltr'><strong>Frater</strong></span> <span class='ocrx_word' id='word_1_676' title='bbox 2478 4800 2840 4871; x_wconf 78' lang='lat' dir='ltr'><strong>interrogavit</strong></span> <span class='ocrx_word' id='word_1_677' title='bbox 2885 4815 3094 4865; x_wconf 75' lang='lat' dir='ltr'><strong>senem,</strong></span> <span class='ocrx_word' id='word_1_678' title='bbox 3148 4799 3252 4854; x_wconf 90' lang='lat' dir='ltr'><strong>hoc</strong></span> <span class='ocrx_word' id='word_1_679' title='bbox 3287 4805 3490 4869; x_wconf 84' lang='lat' dir='ltr'><strong>pacto:</strong></span> 
     </span>
    </p>
   </div>
   <div class='ocr_carea' id='block_1_107' title="bbox 1923 4889 3494 4958">
    <p class='ocr_par' dir='ltr' id='par_1_107' title="bbox 1923 4889 3494 4958">
     <span class='ocr_line' id='line_1_108' title="bbox 1923 4889 3494 4958; baseline -0.004 -11"><span class='ocrx_word' id='word_1_680' title='bbox 1923 4891 2058 4958; x_wconf 64' lang='lat' dir='ltr'><strong>Quae</strong></span> <span class='ocrx_word' id='word_1_681' title='bbox 2084 4907 2176 4948; x_wconf 88' lang='lat' dir='ltr'><strong>res</strong></span> <span class='ocrx_word' id='word_1_682' title='bbox 2206 4891 2353 4946; x_wconf 91' lang='lat' dir='ltr'><strong>bona</strong></span> <span class='ocrx_word' id='word_1_683' title='bbox 2383 4900 2495 4955; x_wconf 83' lang='lat' dir='ltr'><strong>est,</strong></span> <span class='ocrx_word' id='word_1_684' title='bbox 2527 4899 2588 4945; x_wconf 92' lang='lat' dir='ltr'><strong>ut</strong></span> <span class='ocrx_word' id='word_1_685' title='bbox 2617 4890 2838 4955; x_wconf 78' lang='lat' dir='ltr'><strong>faciam,</strong></span> <span class='ocrx_word' id='word_1_686' title='bbox 2864 4899 2919 4945; x_wconf 89' lang='lat' dir='ltr'><strong>et</strong></span> <span class='ocrx_word' id='word_1_687' title='bbox 2959 4890 3134 4945; x_wconf 85' lang='lat' dir='ltr'><strong>vivam</strong></span> <span class='ocrx_word' id='word_1_688' title='bbox 3173 4889 3229 4943; x_wconf 94' lang='lat' dir='ltr'><strong>in</strong></span> <span class='ocrx_word' id='word_1_689' title='bbox 3263 4903 3327 4944; x_wconf 89' lang='lat' dir='ltr'><strong>ea</strong></span> <span class='ocrx_word' id='word_1_690' title='bbox 3349 4889 3374 4941; x_wconf 79' lang='lat' dir='ltr'><strong>&#39;i</strong></span> <span class='ocrx_word' id='word_1_691' title='bbox 3403 4889 3494 4941; x_wconf 81' lang='lat' dir='ltr'><strong>Ait</strong></span> 
     </span>
    </p>
   </div>
   <div class='ocr_carea' id='block_1_108' title="bbox 1923 4975 3492 5052">
    <p class='ocr_par' dir='ltr' id='par_1_108' title="bbox 1923 4975 3492 5052">
     <span class='ocr_line' id='line_1_109' title="bbox 1923 4975 3492 5052; baseline -0.006 -12"><span class='ocrx_word' id='word_1_692' title='bbox 1923 4998 2088 5040; x_wconf 80' lang='lat' dir='ltr'><strong>senex</strong></span> <span class='ocrx_word' id='word_1_693' title='bbox 2120 5001 2134 5038; x_wconf 92' lang='lat'><strong>:</strong></span> <span class='ocrx_word' id='word_1_694' title='bbox 2170 4981 2317 5038; x_wconf 89' lang='lat' dir='ltr'><strong>Deus</strong></span> <span class='ocrx_word' id='word_1_695' title='bbox 2348 4983 2500 5037; x_wconf 87' lang='lat' dir='ltr'><strong>novit</strong></span> <span class='ocrx_word' id='word_1_696' title='bbox 2529 4980 2663 5052; x_wconf 92' lang='lat' dir='ltr'><strong>quid</strong></span> <span class='ocrx_word' id='word_1_697' title='bbox 2687 4981 2892 5037; x_wconf 85' lang='lat' dir='ltr'><strong>bonum</strong></span> <span class='ocrx_word' id='word_1_698' title='bbox 2925 4979 2996 5035; x_wconf 88' lang='lat' dir='ltr'><strong>sit</strong></span> <span class='ocrx_word' id='word_1_699' title='bbox 3021 4982 3254 5035; x_wconf 82' lang='lat' dir='ltr'><strong>.Verum</strong></span> <span class='ocrx_word' id='word_1_700' title='bbox 3299 4975 3492 5031; x_wconf 81' lang='lat' dir='ltr'><strong>auditu</strong></span> 
     </span>
    </p>
   </div>
   <div class='ocr_carea' id='block_1_109' title="bbox 1789 5133 3493 5210">
    <p class='ocr_par' dir='ltr' id='par_1_109' title="bbox 1789 5133 3493 5210">
     <span class='ocr_line' id='line_1_110' title="bbox 1789 5133 3493 5210; baseline 0.006 -19"><span class='ocrx_word' id='word_1_701' title='bbox 1789 5138 1858 5171; x_wconf 78' lang='lat'><strong>&quot;‘</strong></span> <span class='ocrx_word' id='word_1_702' title='bbox 1888 5137 1974 5193; x_wconf 77' lang='lat' dir='ltr'><strong>Al.</strong></span> <span class='ocrx_word' id='word_1_703' title='bbox 2043 5136 2349 5210; x_wconf 83' lang='grc' dir='ltr'>Νιστερῶν.</span> <span class='ocrx_word' id='word_1_704' title='bbox 2426 5138 2470 5170; x_wconf 79' lang='grc'>¹¹</span> <span class='ocrx_word' id='word_1_705' title='bbox 2501 5136 2682 5194; x_wconf 63' lang='lat' dir='ltr'><strong>fCor.</strong></span> <span class='ocrx_word' id='word_1_706' title='bbox 2730 5154 2797 5202; x_wconf 66' lang='grc' dir='ltr'><strong>ν».</strong></span> <span class='ocrx_word' id='word_1_707' title='bbox 2843 5137 2932 5205; x_wconf 65' lang='grc' dir='ltr'><strong>η’,</strong></span> <span class='ocrx_word' id='word_1_708' title='bbox 2991 5136 3074 5189; x_wconf 71' lang='grc'><strong>1⁵·</strong></span> <span class='ocrx_word' id='word_1_709' title='bbox 3153 5133 3360 5190; x_wconf 67' lang='lat' dir='ltr'><strong>&quot;Luco</strong></span> <span class='ocrx_word' id='word_1_710' title='bbox 3391 5150 3493 5201; x_wconf 67' lang='grc' dir='ltr'><strong>ιη,</strong></span> 
     </span>
    </p>
   </div>
   <div class='ocr_carea' id='block_1_110' title="bbox 1989 5362 2496 5434">
    <p class='ocr_par' dir='ltr' id='par_1_110' title="bbox 1989 5362 2496 5434">
     <span class='ocr_line' id='line_1_111' title="bbox 1989 5362 2496 5434; baseline -0.006 -15"><span class='ocrx_word' id='word_1_711' title='bbox 1989 5364 2103 5434; x_wconf 87' lang='grc'>(59)</span> <span class='ocrx_word' id='word_1_712' title='bbox 2137 5362 2212 5417; x_wconf 84' lang='lat' dir='ltr'><strong>Ib.</strong></span> <span class='ocrx_word' id='word_1_713' title='bbox 2244 5377 2366 5432; x_wconf 83' lang='lat' dir='ltr'><strong>cap.</strong></span> <span class='ocrx_word' id='word_1_714' title='bbox 2405 5363 2496 5434; x_wconf 83' lang='lat'><strong>89.</strong></span> 
     </span>
    </p>
   </div>
   <div class='ocr_carea' id='block_1_111' title="bbox 1989 5433 2514 5503">
    <p class='ocr_par' dir='ltr' id='par_1_111' title="bbox 1989 5433 2514 5503">
     <span class='ocr_line' id='line_1_112' title="bbox 1989 5433 2514 5503; baseline -0.008 -15"><span class='ocrx_word' id='word_1_715' title='bbox 1989 5433 2103 5503; x_wconf 84' lang='lat'><strong>(60)</strong></span> <span class='ocrx_word' id='word_1_716' title='bbox 2128 5434 2209 5503; x_wconf 66' lang='lat' dir='ltr'><strong>ll).</strong></span> <span class='ocrx_word' id='word_1_717' title='bbox 2238 5448 2359 5503; x_wconf 84' lang='lat' dir='ltr'><strong>cap.</strong></span> <span class='ocrx_word' id='word_1_718' title='bbox 2392 5433 2483 5486; x_wconf 69' lang='lat' dir='ltr'><strong>Hi</strong></span> <span class='ocrx_word' id='word_1_719' title='bbox 2498 5469 2514 5484; x_wconf 90' lang='lat'><strong>.</strong></span> 
     </span>
    </p>
   </div>
   <div class='ocr_carea' id='block_1_112' title="bbox 1992 5497 3354 5569">
    <p class='ocr_par' dir='ltr' id='par_1_112' title="bbox 1992 5497 3354 5569">
     <span class='ocr_line' id='line_1_113' title="bbox 1992 5497 3354 5569; baseline 0.001 -12"><span class='ocrx_word' id='word_1_720' title='bbox 1992 5497 2107 5567; x_wconf 70' lang='lat' dir='ltr'><strong>(tit)</strong></span> <span class='ocrx_word' id='word_1_721' title='bbox 2145 5502 2256 5556; x_wconf 81' lang='lat' dir='ltr'><strong>Vit.</strong></span> <span class='ocrx_word' id='word_1_722' title='bbox 2299 5497 2453 5556; x_wconf 85' lang='lat' dir='ltr'><strong>Patr.</strong></span> <span class='ocrx_word' id='word_1_723' title='bbox 2486 5517 2545 5566; x_wconf 88' lang='grc' dir='ltr'><strong>ιι,</strong></span> <span class='ocrx_word' id='word_1_724' title='bbox 2571 5501 2630 5554; x_wconf 78' lang='grc' dir='ltr'>Η</span> <span class='ocrx_word' id='word_1_725' title='bbox 2657 5519 2674 5566; x_wconf 84' lang='grc'>;</span> <span class='ocrx_word' id='word_1_726' title='bbox 2699 5499 2859 5554; x_wconf 88' lang='lat' dir='ltr'><strong>Suar.</strong></span> <span class='ocrx_word' id='word_1_727' title='bbox 2898 5497 2967 5569; x_wconf 62' lang='lat' dir='ltr'><strong>ad</strong></span> <span class='ocrx_word' id='word_1_728' title='bbox 3003 5497 3119 5554; x_wconf 71' lang='lat' dir='ltr'><strong>Nil.</strong></span> <span class='ocrx_word' id='word_1_729' title='bbox 3152 5516 3202 5569; x_wconf 74' lang='grc' dir='ltr'><strong>ιι.</strong></span> <span class='ocrx_word' id='word_1_730' title='bbox 3228 5499 3354 5559; x_wconf 77' lang='grc'>656.</span> 
     </span>
    </p>
   </div>
   <div class='ocr_carea' id='block_1_113' title="bbox 1993 5567 3496 5643">
    <p class='ocr_par' dir='ltr' id='par_1_113' title="bbox 1993 5567 3496 5643">
     <span class='ocr_line' id='line_1_114' title="bbox 1993 5567 3496 5643; baseline -0.003 -16"><span class='ocrx_word' id='word_1_731' title='bbox 1993 5572 2108 5643; x_wconf 70' lang='grc'>(62)</span> <span class='ocrx_word' id='word_1_732' title='bbox 2143 5570 2554 5643; x_wconf 76' lang='lat' dir='ltr'><strong>Yit.Patr.vm,</strong></span> <span class='ocrx_word' id='word_1_733' title='bbox 2583 5571 2685 5638; x_wconf 79' lang='lat' dir='ltr'><strong>i2;</strong></span> <span class='ocrx_word' id='word_1_734' title='bbox 2715 5569 2898 5640; x_wconf 78' lang='lat' dir='ltr'><strong>xtt,5;</strong></span> <span class='ocrx_word' id='word_1_735' title='bbox 2931 5567 3253 5626; x_wconf 73' lang='lat' dir='ltr'><strong>i’iridorium</strong></span> <span class='ocrx_word' id='word_1_736' title='bbox 3274 5572 3496 5638; x_wconf 73' lang='lat' dir='ltr'><strong>lladcri,</strong></span> 
     </span>
    </p>
   </div>
   <div class='ocr_carea' id='block_1_114' title="bbox 1925 5642 2586 5787">
    <p class='ocr_par' dir='ltr' id='par_1_114' title="bbox 1925 5642 2586 5787">
     <span class='ocr_line' id='line_1_115' title="bbox 1925 5642 2223 5708; baseline -0.017 -8"><span class='ocrx_word' id='word_1_737' title='bbox 1925 5658 2008 5708; x_wconf 89' lang='grc' dir='ltr'>ιιι,</span> <span class='ocrx_word' id='word_1_738' title='bbox 2048 5642 2104 5704; x_wconf 82' lang='lat'><em>6.</em></span> <span class='ocrx_word' id='word_1_739' title='bbox 2133 5642 2223 5696; x_wconf 66' lang='lat'><strong>29.</strong></span> 
     </span>
     <span class='ocr_line' id='line_1_116' title="bbox 1999 5711 2586 5787; baseline 0.003 -20"><span class='ocrx_word' id='word_1_740' title='bbox 1999 5713 2109 5787; x_wconf 79' lang='lat'><strong>(65)</strong></span> <span class='ocrx_word' id='word_1_741' title='bbox 2151 5712 2254 5768; x_wconf 81' lang='lat' dir='ltr'><strong>Vit.</strong></span> <span class='ocrx_word' id='word_1_742' title='bbox 2286 5712 2438 5770; x_wconf 85' lang='lat' dir='ltr'><strong>Patr.</strong></span> <span class='ocrx_word' id='word_1_743' title='bbox 2474 5711 2586 5780; x_wconf 72' lang='lat'><strong>1,2.</strong></span> 
     </span>
    </p>
   </div>
  </div>
