4012 6208
265 293 354 350 315

1436 299 2046 361 APOPHTHEGMATA
2093 308 2401 368 PATRUM.

3409 332 3513 388 διι

264 403 399 459 διατι
433 401 536 456 οὐκ
576 401 801 473 εθχεσθε
833 404 925 457 καὶ
962 406 1323 478 παρακαλεῖτε
1355 409 1446 464 τὸν
1487 412 1652 480 Θεόν;
1681 415 1836 484 Λέγει

1951 417 2107 474 riam.
2143 422 2232 476 Ait
2273 423 2348 477 illi
2389 441 2558 481 senex
2594 445 2609 482 :
2649 427 2829 496 Quare
2873 449 2985 489 non
3029 435 3260 494 funditis
3304 457 3518 512 preces,

268 495 412 566 αὐτῷ
448 497 474 549 6
509 494 766 564 ἀδελιξόςν
817 496 931 548 Kat
987 497 1292 570 εὐχόμεθα,
1333 502 1428 554 καὶ
1467 502 1838 578 λιτανεύομεν,

273 590 366 643 καὶ
407 589 462 641 ού
506 586 708 658 βρέχει.
751 587 914 656 Λέγει
967 590 1116 660 αύτῷ
1157 594 1185 645 ὁ
1230 592 1440 665 γέρων.
1478 597 1701 662 Πάντως
1741 601 1842 654 οὐκ

277 679 482 750 εὔχεσθε
527 679 780 743 ὲκτενῶς.
823 679 1010 746 Θέλεις
1041 683 1097 736 δὲ
1131 685 1335 753 γνῶναι
1368 688 1450 740 ὅτι
1483 687 1655 754 οὕτως
1688 693 1838 760 ﬁeri;

280 773 374 825 Kal.
408 771 641 838 ἐξέτεινε
673 771 772 836 τὰς
809 775 995 843 χεῖρας
1047 776 1126 840 είς
1173 777 1264 830 τὸν
1307 779 1535 850 οὐρανὸν
1569 783 1626 834 ὲν
1675 799 1842 854 προσ‹⁵

280 866 413 933 ενχῇ,
446 863 542 916 καὶ
594 865 937 934 παραχρῆμα
973 865 1212 938 ἔϐρεξεν.
1255 871 1400 924 Ἰδὼν
1431 873 1487 926 δὲ
1540 875 1567 926 6
1614 875 1842 946 ἀδελφὸς

278 955 529 1026 ἐφὸήθη,
575 957 670 1010 καὶ
725 956 919 1011 ἔπεσεν
965 961 1058 1012 ἐπὶ
1092 961 1401 1032 πρόσωπον,
1434 967 1528 1019 καὶ
1573 969 1842 1038 προσεκύ-

274 1063 418 1117 νησεν
460 1048 638 1120 αὐτῷ.
687 1048 748 1103 '0
798 1049 854 1103 δὲ
907 1050 1085 1122 γέρων
1132 1053 1352 1123 ἔφυγεν.
1397 1057 1456 1110 ’0
1505 1058 1562 1110 δὲ
1614 1059 1842 1130 ἁδελφὸς

266 1137 544 1208 ἀνήγγειλε
577 1139 712 1192 πᾶσι
746 1139 808 1192 τὸ
841 1141 1081 1208 γεγονός.
1125 1144 1235 1198 Καὶ
1261 1146 1309 1198 οἱ
1349 1145 1676 1214 ἀκούσαντες
1732 1149 1843 1203 ἐδό-

265 1231 425 1295 ξασαν
466 1230 560 1284 τὸν
590 1231 746 1286 θεόν.

667 1346 810 1415 Περὶ
861 1345 968 1400 τοῦ
1006 1347 1156 1404 ἀόϐᾶ
1185 1349 1433 1407 Ξανθία.

329 1477 402 1526 α’.
441 1465 609 1524 Εἶπεν
655 1471 684 1522 6
735 1471 911 1535 ἀὸσᾶς
973 1473 1236 1539 Ξανθίαςο
1282 1475 1340 1530 ’0
1388 1465 1592 1548 λῃστὴς
1643 1478 1702 1532 ὲν
1763 1478 1841 1549 τῷ

261 1563 478 1634 azaupo}
523 1560 611 1634 ἦν,
669 1563 764 1616 καὶ
819 1563 930 1617 ἀπὸ
989 1565 1148 1634 λόγου
1201 1568 1317 1632 ἑνὸς
1363 1569 1686 1641 ἐδικαιώθη·
1747 1571 1840 1624 καὶ

271 1654 466 1719 Ἰούδας
519 1655 660 1726 μετὰ
697 1655 806 1708 τῶν
861 1655 1172 1710 ἀποστόλων
1228 1658 1703 1730 συνηριθμημένος
1749 1657 1837 1732 ἦν,

1946 522 2110 582 atque
2143 530 2174 569 a
2208 513 2320 570 Deo
2353 519 2617 586 poscitis?
2647 519 2785 578 Tum
2823 523 2993 582 frater
3029 547 3046 582 :
3079 529 3141 583 Et
3176 545 3428 600 oraums,
3464 545 3521 592 et

1945 607 2356 676 supplicamus;
2396 624 2495 666 nec
2539 612 2697 681 pluit.
2744 613 2969 686 Excepit
3009 635 3174 676 senex
3219 640 3232 678 :
3282 623 3521 682 Omnino

1944 712 2054 751 non
2084 699 2258 754 oratis
2289 700 2516 758 intente.
2541 701 2639 758 Vis
2669 713 2849 760 autem
2883 723 3218 778 cognoscere
3263 717 3408 786 quod
3443 717 3519 772 ita

1941 792 2061 846 est?
2103 791 2170 844 Et
2220 794 2465 848 extendit
2517 810 2713 852 manus
2761 797 2832 852 ad
2883 801 3081 855 coelum
3137 804 3192 857 in
3245 808 3514 863 oratione.

1942 885 2356 958 Confestimque
2399 890 2625 946 defluxit
2669 892 2876 962 pluvia.
2917 892 3075 959 Quod
3122 911 3248 950 cum
3288 897 3518 954 vidisset

1943 977 2135 1042 frater,
2166 981 2390 1036 territus
2418 990 2537 1046 est,
2572 997 2637 1038 ac
2671 984 2727 1038 in
2761 983 2957 1041 faciem
2989 987 3285 1055 prostravit
3317 1003 3400 1055 se,
3426 1005 3519 1044 ve-

1945 1085 2144 1127 nerans
2195 1087 2342 1127 eum.
2391 1074 2462 1127 At
2512 1089 2678 1130 senex
2740 1075 2898 1146 fugit.
2948 1074 3120 1132 Porro
3173 1077 3341 1132 frater
3385 1078 3518 1149 quid

1943 1164 2268 1234 contigisset
2289 1166 2564 1220 nuntiavit
2586 1167 2822 1221 cunctis.
2851 1165 2912 1218 Et
2935 1168 3028 1237 qui
3055 1168 3373 1234 audierunt,
3401 1169 3521 1240 glo-

1943 1256 2298 1312 riticaverunt
2327 1256 2521 1312 Deum.

2430 1361 2507 1418 De
2545 1363 2735 1418 abbate
2775 1364 3029 1419 Xanthia.

2015 1470 2066 1526 l.
2111 1469 2322 1524 Dictum
2353 1470 2569 1527 abbatis
2595 1471 2846 1524 Xanthia:
2872 1489 2885 1525 :
2914 1469 3078 1525 Latro
3105 1472 3161 1526 in
3188 1486 3352 1526 cruce
3375 1477 3518 1536 erat,

1940 1570 1992 1618 et
2019 1577 2115 1632 per
2139 1578 2310 1616 unum
2334 1564 2557 1618 verbum
2586 1563 2770 1633 justus
2798 1563 3025 1620 ell‘ectus
3048 1574 3166 1630 est;
3193 1564 3368 1618 ludas
3393 1579 3520 1618 cum

1942 1654 2210 1724 apostolis
2239 1656 2648 1721 recensebalur,
2679 1664 2732 1711 et
2765 1673 2872 1711 una
2902 1666 3064 1712 nocte
3093 1659 3274 1712 amisit
3301 1671 3519 1711 omnem

259 1747 350 1798 καὶ
377 1749 432 1800 ὲν
463 1747 626 1799 νυκτὶ
663 1749 761 1818 μιᾷ
805 1747 1053 1800 ἀπώλεσε
1093 1748 1270 1802 πάντα
1299 1749 1393 1803 τὸν
1439 1750 1708 1821 κάματον,
1745 1753 1836 1806 καὶ

1945 1746 2210 1808 laborem,
2236 1746 2628 1817 descenditque
2650 1763 2680 1802 e
2703 1749 2860 1804 cmlis
2884 1749 2940 1802 in
2968 1748 3262 1803 infernum.
3284 1747 3523 1802 Proinde

258 1839 462 1910 κατέϐη
506 1837 571 1903 ἐξ
609 1839 847 1909 οὐρανῶν
877 1842 956 1904 εἰς
983 1840 1137 1912 ᾅδην.
1181 1841 1272 1894 Διὸ
1313 1842 1504 1913 μηδεὶς
1541 1845 1837 1916 εύπραγῶν

259 1930 586 2001 καυχάσθω·
640 1931 833 1995 πάντες
879 1931 989 2004 γὰρ
1033 1934 1081 1985 oi
1132 1932 1452 1998 πεποιθότες
1497 1934 1582 2003 ἐφ’
1624 1935 1839 1998 ἑαυτοῖς

256 2024 474 2078 ἔπεσον.

332 2115 400 2185 β’.
441 2115 628 2185 ’Δνέὄη
657 2116 788 2168 ποτὲ
819 2117 847 2168 6
873 2113 1048 2180 ἁὸὁᾶς
1074 2114 1307 2180 Ξανθίας
1336 2115 1443 2169 ἀπὸ
1478 2117 1729 2188 Σκήτεως
1757 2117 1838 2182 είς

256 2205 602 2279 Τερενοῦθινο
647 2206 741 2258 καὶ
781 2206 917 2259 ὅπου
955 2205 1239 2271 κατέλυσε,
1281 2205 1368 2259 διὰ
1414 2207 1502 2260 τὸν
1536 2207 1703 2261 κόπον
1737 2207 1839 2278 τῆς

251 2295 538 2366 ἀσκήσεως
578 2297 818 2367 ἤνεγκαν
861 2294 1009 2365 αύτῷ
1058 2295 1238 2364 ὀλίγον
1280 2291 1441 2350 οἶνον.
1482 2297 1834 2363 Ἀκούσαντες

250 2389 306 2442 δέ
341 2406 486 2453 τινες
533 2390 775 2460 ἤνεγκαν
807 2388 959 2459 αὐτῷ
993 2389 1455 2461 δαιμονιζόμενον.
1484 2391 1596 2444 Καὶ
1632 2391 1838 2462 ἤρξατο

250 2483 278 2534 6
299 2481 510 2551 δαίμων
539 2479 800 2550 λοιδορεῖν
829 2481 919 2532 τὸν
947 2480 1206 2551 γέροντα·
1238 2480 1383 2552 Πρός
1424 2481 1515 2535 τὸν
1555 2484 1837 2553 οἰνοπότην

252 2572 437 2626 τοῦτον
471 2571 742 2642 ἡνέγκατέ
778 2589 866 2642 με.
912 2571 1022 2624 Καὶ
1050 2575 1078 2626 6
1123 2572 1224 2644 μὲν
1263 2573 1442 2646 γέρων
1491 2575 1593 2628 οὐκ
1645 2575 1838 2647 ἤθελεν

254 2663 411 2716 αὐτὸν
456 2661 746 2715 ἐκϐαλεῖν
787 2662 875 2716 διὰ
913 2662 970 2716 δὲ
1014 2663 1106 2716 τδν
1155 2663 1462 2734 ὀνειδισμὸν
1507 2665 1695 2734 ἐλεγεο
1743 2667 1840 2720 Πι-

249 2754 421 2808 στεύω
448 2753 526 2825 τῷ
566 2751 809 2825 Χριστῷ,
857 2753 940 2807 ὃτι
979 2753 1044 2806 οὐ
1091 2753 1166 2825 μὴ
1215 2754 1421 2808 τελέσω
1468 2755 1527 2808 τὸ
1576 2757 1839 2827 ποτήριον

247 2845 420 2910 τοῦτο,
454 2845 562 2908 ἕως
598 2840 658 2898 οὗ
703 2843 940 2916 ἐξέλθῃς.
981 2845 1094 2898 Καὶ
1119 2845 1194 2909 ὡς
1232 2844 1435 2917 ἧρξατο
1465 2848 1493 2900 6
1519 2846 1698 2918 γέρων
1747 2848 1840 2901 πί-

247 2952 375 2999 νειν,
406 2933 642 3005 ἔκραξεν
667 2937 696 2987 6
722 2933 953 3004 δαίμων,
972 2935 1146 3004 λέγων
1165 2951 1179 2966 ⁸
1214 2935 1406 3000 Καίεις
1428 2953 1519 3007 με,
1538 2937 1714 3000 καίεις
1749 2955 1838 3008 με.

247 3027 352 3080 Καὶ
384 3027 500 3099 πρὸ
538 3025 634 3079 τοῦ
663 3026 901 3091 τελέσαι,
949 3025 1140 3098 ἐξῆλθε
1183 3027 1272 3081 διὰ
1321 3027 1424 3098 τῆς
1473 3028 1697 3100 χάριτος
1744 3028 1839 3082 τοῦ

246 3118 511 3189 Χριστοῦ.

309 3217 380 3279 γ’.
425 3209 492 3264 ὐ
546 3212 708 3274 αὐτὸς
759 3206 936 3276 εἶπεν,
982 3212 1064 3264 ὅτι
1103 3210 1162 3264 Ὀ
1202 3209 1346 3264 κύων
1407 3213 1680 3284 κρείσσων
1737 3214 1837 3284 μού

246 3303 392 3356 ἐστι⁶
427 3302 567 3356 διότι
609 3303 706 3356 καὶ
736 3303 956 3374 ἀγάπην
985 3301 1119 3373 ἔχει,
1153 3303 1250 3355 καὶ
1279 3303 1358 3367 είς
1397 3304 1581 3374 κρίσιν
1621 3306 1721 3358 οὐκ
1751 3305 1841 3376 ἕρ-

245 3409 421 3463 χεται.

705 3493 874 3565 Ἀρχή
901 3494 995 3546 τοῦ
1028 3495 1070 3546 O
1098 3493 1390 3564 στοιχείου.

631 3607 772 3675 Περὶ
803 3607 910 3662 τοῦ
946 3606 1096 3663 ἀόϐᾶ
1139 3607 1490 3678 Ὀλυμπίου.

312 3724 384 3778 α’.
428 3716 604 3776 Εἶπεν
645 3723 674 3775 6
718 3721 894 3784 ἁδὸᾶς
933 3720 1254 3792 Ὀλύμπιος,
1303 3721 1386 3774 ὄτι
1430 3719 1655 3790 Κατέϐη
1704 3719 1831 3774 ποτὲ

247 3816 434 3886 ἱερεὺς
477 3814 587 3868 τῶν
620 3813 888 3884 Ἑλλήνων
933 3815 1014 3877 εἰς
1055 3814 1276 3884 Σκῆτιν,
1307 3811 1401 3866 καὶ
1447 3807 1610 3882 ἦλθεν
1668 3813 1748 3875 εἰς
1782 3811 1842 3864 τὸ

247 3908 462 3962 κελλίον
486 3924 614 3978 μου,
642 3907 739 3960 καὶ
769 3905 1040 3977 ἐκοιμήθη
1061 3922 1077 3938 ’
1111 3905 1206 3960 καὶ
1239 3904 1577 3974 θεασάμενος
1604 3903 1702 3974 τὴν
1728 3902 1843 3956 δια-

249 3999 435 4070 γωγὴν
483 3998 595 4051 τῶν
649 3997 917 4068 μοναχῶν,
953 3997 1102 4066 λέγει
1139 4011 1260 4067 μοι·
1295 3995 1482 4059 Οὕτως
1531 3994 1838 4063 διάγοντες,

245 4090 393 4145 οων
420 4091 681 4160 θεωρεῖτε
707 4089 857 4160 παρὰ
884 4088 958 4160 τῷ
986 4087 1103 4158 Θεῷ
1131 4088 1320 4159 ὑμῶν;
1347 4088 1460 4142 Καὶ
1491 4085 1634 4154 λέγω
1657 4084 1806 4156 αὐτῷ
1823 4101 1837 4115 ο

247 4180 399 4250 οὐχί.
435 4181 551 4234 Καὶ
586 4179 736 4248 λέγει
784 4197 874 4250 μοι
915 4181 944 4232 6
987 4178 1196 4251 ἱερεύς·
1243 4179 1394 4241 Τέως
1437 4176 1594 4248 ἡμῶν
1629 4177 1842 4247 ἱερουρ-

243 4273 496 4340 γούντων
535 4272 615 4344 τῷ
667 4267 788 4343 Θεῷ
831 4271 1010 4344 ἡμῶν,
1051 4271 1202 4326 οὐδὲν
1246 4270 1479 4342 κρύπτει
1521 4269 1615 4339 ἀφ’
1656 4268 1836 4338 ἡμῶν,

240 4364 385 4418 ἀλλὰ
432 4362 815 4416 ἀποκαλύπτει
872 4364 1006 4433 ἡμῖν
1042 4359 1114 4415 τὰ
1164 4360 1439 4432 μυστήρια
1494 4357 1693 4413 αὑτοῦ·
1741 4358 1838 4412 καὶ

1941 1852 2102 1892 nemo
2124 1838 2178 1891 in
2203 1837 2331 1891 boni
2357 1841 2541 1908 operis
2569 1838 2830 1894 felicitate
2853 1841 3209 1902 constitutas,
3233 1841 3519 1910 glorietur.

1939 1927 2145 1984 Omnes
2171 1931 2317 1984 enim
2348 1932 2438 2000 qui
2467 1930 2812 1986 conﬁderunt
2839 1931 2892 1984 in
2919 1933 3251 2004 semetipsis,
3279 1933 3523 2003 prolapsi

1938 2028 2088 2075 sunt.

2008 2113 2063 2167 2‘.
2104 2113 2368 2169 Ascendit
2396 2115 2690 2185 aliquando
2721 2117 2891 2172 abbas
2920 2118 3189 2172 Xanthias
3219 2133 3249 2172 e
3283 2116 3429 2172 Sceti
3463 2117 3521 2170 in

1940 2202 2296 2260 Terenuthim
2331 2223 2346 2260 :
2380 2221 2490 2276 quo
2518 2221 2648 2261 vero
2679 2207 2786 2262 loci
2815 2207 3128 2262 diversatus
3158 2215 3263 2270 est,
3298 2213 3521 2276 propter

1939 2297 2352 2353 exercitationis
2383 2299 2626 2353 laborem
2662 2299 2966 2353 attulerunt
2995 2299 3046 2352 ei
3077 2298 3354 2351 modicum
3382 2297 3518 2352 vini.

1940 2386 2174 2454 Quidam
2221 2399 2400 2442 autem
2448 2389 2636 2442 audito
2695 2403 2818 2443 eum
2864 2389 3080 2454 adesse,
3121 2388 3521 2442 dzemoniaeum

1941 2479 2304 2535 adduxerunt.
2353 2479 2530 2550 Cmpit
2578 2480 2792 2534 daemon
2837 2481 3172 2550 opprobrare
3221 2478 3337 2534 seni
3383 2497 3398 2534 :
3439 2477 3524 2533 Ad

1939 2572 2050 2626 vini
2077 2579 2326 2641 potorem
2353 2572 2498 2626 hunc
2522 2571 2833 2628 adduxistis
2860 2589 2967 2628 me.
3017 2572 3083 2627 Et
3107 2588 3272 2627 senex
3300 2572 3521 2642 quidem

1939 2661 2116 2716 noluit
2159 2677 2287 2716 eum
2335 2661 2570 2731 ejicere;
2622 2662 2719 2718 sed
2771 2671 2994 2733 propter
3037 2664 3524 2734 exprobrationem

1941 2753 2078 2808 dixit
2108 2770 2122 2808 :
2154 2751 2378 2807 Christo
2409 2753 2598 2818 credo,
2627 2756 2774 2824 quod
2806 2766 3097 2825 antequam
3129 2755 3392 2809 ebiberim
3427 2769 3526 2824 po-

1942 2849 2126 2903 culum
2160 2849 2294 2910 hoc,
2324 2849 2522 2903 exibis.
2555 2845 2734 2916 thue
2765 2847 2930 2914 erepit
2959 2861 3124 2900 senex
3157 2845 3374 2905 bibere.
3406 2845 3524 2898 cla-

1943 2942 2112 2996 mavit
2141 2941 2353 2996 daemon
2387 2941 2441 2994 in
2477 2941 2592 2994 lucc
2622 2939 2784 2994 verba
2822 2958 2834 2993 :
2871 2937 2998 2992 Uris
3033 2954 3139 3002 ine,
3174 2939 3289 2992 uris
3320 2953 3425 2992 me.
3459 2936 3526 2992 Et

1943 3041 2242 3104 antequam
2271 3033 2530 3087 haustum
2561 3030 2910 3100 complesset,
2940 3045 3038 3099 per
3060 3031 3291 3099 gratiam
3315 3028 3524 3084 Christi

1865 3115 1907 3173 C
1940 3141 2197 3196 egressus
2227 3134 2330 3179 est.

2011 3218 2065 3271 5.
2109 3216 2254 3272 ldem
2294 3216 2432 3271 dixit
2479 3233 2493 3269 :
2536 3213 2703 3268 Canis
2749 3213 2943 3268 melior
2999 3229 3086 3268 me
3123 3221 3208 3268 est
3245 3231 3260 3268 :
3297 3212 3425 3284 quia
3466 3219 3525 3268 et

1941 3324 2182 3364 amorem
2213 3309 2401 3374 habet,
2429 3315 2482 3363 et
2514 3309 2566 3362 in
2593 3306 2861 3377 judicium
2894 3321 3003 3360 non
3035 3306 3202 3361 venit.

2391 3489 2730 3560 Principium
2771 3489 2966 3543 littera:
3003 3487 3070 3542 Ο.

2429 3603 2504 3657 De
2541 3602 2730 3656 abbate
2773 3601 3042 3673 Olympio.

2015 3718 2064 3772 l.
2109 3715 2184 3770 Ex
2217 3715 2483 3772 relatione
2511 3715 2724 3768 abbatis
2753 3711 3009 3784 Olympii.
3043 3712 3313 3768 Sacerdos
3344 3712 3522 3782 gentl-

1941 3808 2073 3862 lium
2100 3806 2440 3862 descendens
2466 3803 2763 3875 aliquando
2791 3804 2846 3857 in
2879 3801 3105 3868 Scetim,
3133 3805 3282 3858 venit
3310 3805 3375 3858 ad
3408 3805 3522 3858 cel-

1940 3899 2046 3953 lam
2081 3914 2288 3964 meam,
2327 3898 2512 3967 ibique
2547 3894 2908 3966 pernoctavit.
2946 3891 3146 3948 Videns
3181 3903 3362 3948 autem
3399 3909 3520 3949 mo—

1941 3991 2244 4046 nachorum
2274 3987 2489 4044 vivendi
2521 3987 2810 4049 rationem,
2844 3987 2920 4038 ait
2951 3985 3084 4038 mihi
3119 4004 3132 4038 :
3166 3985 3244 4037 Ita
3273 3993 3518 4053 agentes,

1939 4083 2147 4139 nihilne
2189 4080 2515 4153 conspicitis
2556 4095 2583 4133 a
2629 4078 2739 4132 Deo
2775 4077 2997 4132 vestro?
3034 4075 3169 4130 Dico
3205 4076 3255 4131 ei
3297 4093 3312 4131 :
3351 4073 3520 4130 Nihil.

1941 4176 2157 4248 Excipit
2189 4176 2446 4233 sacerdos
2482 4193 2494 4228 :
2530 4173 2692 4228 Certe
2727 4170 2887 4225 nobis
2921 4167 3368 4225 sacrificantibus
3404 4165 3519 4222 Deo

1938 4275 2153 4333 nostro,
2184 4265 2322 4318 nihil
2351 4264 2440 4318 ille
2471 4279 2500 4316 a
2533 4261 2694 4317 nobis
2721 4259 3030 4324 abscondit,
3062 4258 3156 4314 sed
3185 4274 3283 4313 sua
3313 4265 3520 4330 myste-

1938 4358 2019 4414 ria
2054 4359 2276 4412 revelat.
2304 4355 2414 4410 Vos
2441 4370 2592 4416 vero.
2628 4361 2752 4424 post
2785 4361 2860 4406 tot
2895 4352 3133 4417 labores,
3164 4352 3402 4423 vigilias,
3435 4367 3522 4408 se-

241 4455 408 4524 ύμείς
439 4453 730 4518 τοσούτους
771 4455 974 4518 κόπους
1005 4453 1306 4516 ποιοῦντες,
1345 4451 1679 4522 ἀγρυπνίας,
1699 4452 1834 4520 ἡσυ-

1945 4451 2239 4511 cessiones,
2257 4458 2309 4503 et
2331 4447 2682 4502 austeritates
2701 4490 2715 4512 ,
2734 4444 2865 4509 ain‘,
2888 4443 3032 4498 Nihil
3059 4445 3368 4500 intuemur?
3389 4441 3520 4498 0m-

240 4547 372 4616 χξας
420 4546 518 4599 καὶ
555 4547 850 4616 ἀσκήσεις,
900 4545 1080 4615 λέγεις
1128 4546 1212 4599 ὃτι
1261 4543 1428 4598 Οὐδὲν
1481 4541 1833 4613 θεωροῦμενς

241 4639 477 4701 Πάντως
517 4633 630 4704 οὖν,
664 4640 714 4692 εἰ
761 4638 915 4691 οὐδὲν
970 4638 1260 4708 θεωρεῖτε,
1306 4635 1602 4705 λογισμοὺς
1664 4649 1834 4703 πονη-

242 4730 378 4799 ροὺς
411 4730 566 4800 ἔχετε
601 4731 682 4794 εἰς
713 4729 812 4793 τὰς
853 4729 1077 4800 καρδίας
1120 4727 1294 4797 ὑμῶν,
1343 4727 1469 4789 τοὺς
1499 4724 1832 4796 χωρίζοντας

240 4822 394 4891 ὑμᾶς
427 4823 536 4876 ἀπὸ
571 4822 666 4876 τοῦ
695 4822 830 4876 Θεοῦ
871 4823 1045 4893 ὑμῶν,
1079 4822 1173 4874 καὶ
1201 4820 1289 4874 διὰ
1319 4820 1478 4873 τοῦτο
1504 4819 1604 4872 οὐκ
1626 4819 1827 4872 ἀποκα-

238 4912 506 4967 λύπτεται
533 4915 663 4980 ὑμῖν
688 4915 758 4968 τὰ
786 4914 1059 4985 μυστήρια
1088 4911 1272 4967 αὐτοῦ.
1304 4911 1414 4965 Καὶ
1440 4910 1706 4982 ἀπῆλθον,
1738 4908 1833 4963 καὶ

237 5004 548 5076 ὰνήγγειλα
575 5009 690 5070 τοῖς
728 5006 948 5076 γέρουσι
987 5005 1056 5058 τὰ
1087 5005 1311 5076 ῥήματα
1341 5002 1434 5056 τοῦ
1471 5003 1680 5074 ἱερέως.
1720 5002 1834 5056 Καὶ

1940 4543 2072 4597 nino
2118 4539 2304 4610 igitur,
2347 4537 2394 4592 si
2442 4536 2580 4590 nihil
2624 4536 2893 4606 aspicitis,
2938 4535 3302 4604 cogitationes
3346 4535 3522 4589 malas

1939 4631 2188 4688 retinetis
2217 4632 2271 4683 in
2304 4626 2566 4683 cordibus
2594 4625 2823 4689 vestris,
2856 4640 2977 4696 qua:
3005 4640 3104 4679 vos
3134 4640 3162 4677 a
3197 4625 3304 4679 Deo
3334 4633 3520 4678 vestro

1939 4722 2272 4792 sejungunt,
2313 4728 2476 4788 atque
2517 4716 2640 4772 ideo
2677 4733 2786 4770 non
2827 4715 3031 4770 revelat
3062 4713 3218 4768 vobis
3257 4715 3520 4784 mysteria

1939 4829 2059 4868 sua.
2093 4812 2212 4866 Abii
2245 4826 2367 4882 ego,
2400 4808 2757 4876 mmtiavique
2813 4805 3040 4860 senibus
3067 4805 3226 4859 verba
3263 4803 3519 4858 sacerdo-

1938 4907 2030 4960 tis.
2061 4905 2138 4960 llli
2173 4902 2428 4958 admirati
2459 4907 2608 4965 sunt,
2637 4898 3084 4967 allirmaruntque
3111 4897 3184 4950 ita
3213 4912 3354 4959 esse,
3382 4895 3515 4964 quia

1942 4999 2173 5070 impurae
2203 4995 2567 5067 cogitationes
2599 5001 2854 5062 separant
2884 4989 3054 5044 Deum
3088 4990 3154 5043 ab
3184 4987 3426 5041 homine.

235 5097 590 5167 ἐθαύμασαν,
643 5096 739 5151 καὶ
777 5092 937 5149 εἶπαν
987 5095 1070 5148 ὅτι
1119 5093 1290 5157 οὕτως
1331 5093 1504 5147 ἐστίν.
1549 5091 1616 5146 Οἱ
1674 5092 1783 5162 γὰρ
1816 5089 2118 5163 ἀκάθαρτοι
2170 5086 2421 5157 λογισμοὶ
2463 5084 2758 5156 χωρίζουσι
2803 5082 2895 5136 τὸν
2941 5081 3072 5135 Θεὸν
3124 5080 3232 5133 ἀπὸ
3278 5077 3372 5132 τοῦ
3423 5080 3518 5130 ἁν-

235 5189 491 5262 Θρὼπου.

312 5281 385 5352 β’.
443 5283 502 5335 '0
545 5281 720 5346 ἀδϐἄς
775 5279 1070 5352 Ὀλύμπιος
1110 5281 1140 5333 6
1183 5278 1292 5333 τῶν
1351 5275 1596 5332 Κελλίων
1639 5271 1833 5328 ἐπολε-

241 5373 395 5446 μήθη
451 5373 533 5437 εἰς
580 5372 860 5443 πορνείαν.
907 5372 1018 5425 Καὶ
1067 5369 1218 5439 λέγει
1268 5367 1416 5440 αὐτῷ
1459 5368 1488 5421 6
1529 5363 1826 5434 λογισμός·

235 5468 486 5536 ’Υπαγε,
513 5464 646 5519 λάϐε
671 5467 924 5534 γυναῖκα.
954 5463 1065 5517 Καὶ
1109 5462 1347 5525 ἀναστὰς
1375 5459 1599 5532 ἐποίησε
1634 5456 1826 5528 πηλὸν,

182 5600 194 5610 .
239 5561 335 5614 καὶ
368 5556 572 5611 ἔπλασε
607 5558 858 5626 γυναῖκα,
895 5555 988 5610 καὶ
1019 5555 1168 5625 λέγει
1204 5551 1410 5622 ἐαυτῷο
1451 5551 1583 5606 Ἰδοὺ
1623 5551 1656 5622 ή
1690 5548 1827 5619 γυνή

237 5671 373 5708 σου*
411 5655 574 5726 χρεία
613 5649 706 5708 οὖν
745 5651 1072 5725 ἐργάζεσθαι
1107 5650 1304 5712 πολλὰ(
1341 5649 1427 5702 ἵνα
1465 5647 1684 5718 θρέψεις
1721 5645 1826 5698 αύ-

242 5746 350 5816 ςήν
401 5747 510 5798 Καὶ
546 5743 817 5816 ﬁrm-5.2;!)
850 5743 1054 5798 κοπιῶν
1083 5741 1268 5797 πολλὰ.
1300 5741 1408 5796 Καὶ
1446 5737 1560 5811 μεθ’
1591 5735 1824 5808 ἡμέραν,

2011 5271 2062 5324 2.
2109 5269 2292 5324 Abbas
2319 5264 2602 5335 Olympius
2643 5263 2917 5318 Celtarum
2953 5260 3305 5329 impugnatus
3331 5267 3413 5314 est
3443 5257 3513 5312 ad

1934 5360 2377 5417 fornicationem.
2404 5357 2468 5411 Et
2496 5362 2729 5410 mentem
2753 5353 2870 5422 ejus
2894 5350 3044 5405 subit
3069 5351 3329 5420 cogitatio
3357 5351 3471 5405 hazc
3496 5373 3511 5405 :

1935 5453 2111 5516 Vade,
2139 5451 2326 5520 accipe
2349 5462 2596 5502 uxorem.
2627 5445 2814 5514 Itaque
2863 5457 3094 5513 surgens
3129 5442 3301 5496 lutum
3327 5441 3513 5498 confe-

1934 5545 2040 5611 cit,
2070 5557 2134 5598 ac
2164 5539 2416 5596 formavit
2447 5537 2753 5591 mulierem.
2785 5533 3032 5604 Dicitque
3061 5534 3203 5607 apud
3239 5550 3296 5590 se
3327 5553 3341 5588 :
3374 5534 3512 5589 Ecce

1935 5652 2074 5694 uxor
2104 5642 2214 5690 tua.
2253 5632 2478 5704 Oportet
2515 5629 2679 5700 igitur
2711 5629 2939 5683 multum
2975 5629 3222 5700 operari,
3255 5643 3364 5699 quo
3395 5627 3512 5681 alas

1934 5747 2072 5788 eam.
2111 5727 2265 5786 Unde
2305 5724 2653 5798 operabatur,
2690 5721 2946 5780 laborans
2985 5722 3304 5795 plurimum.
3340 5715 3508 5776 Paulo
