4012 6208
459 266 570 325 315

1625 271 1971 327 API’ENDIX
2013 271 2104 325 AD
2142 269 2226 326 PA
2237 271 2364 326 ιω
2375 271 2565 328 DIUM.

3610 272 3713 330 316

453 387 580 451 post
619 378 817 432 iterum
863 378 1008 437 l‘acto
1049 381 1195 446 luto,
1244 383 1349 436 sibi
1400 383 1554 437 ﬁnxit
1599 383 1801 449 liliam,
1845 385 2030 456 aitque

2142 386 2294 441 πάλιν
2336 388 2570 458 ποιήσας
2600 386 2790 458 πηλὸν,
2820 385 3052 440 ἔπλασεν
3080 382 3261 456 ἰαυτῷ
3289 382 3591 456 θυγατέρα,
3619 388 3713 441 καὶ

451 469 776 524 ιηίωοευο
813 488 826 524 :
863 468 1077 541 Peperit
1118 486 1255 526 uxor
1288 483 1413 540 tua;
1453 489 1678 531 necesse
1713 475 1880 531 habes
1914 491 2030 530 am-

452 560 599 631 plius
638 562 878 630 operari,
919 571 978 616 ut
1020 562 1200 630 possis
1240 564 1454 619 nutrire
1498 579 1563 619 ac
1604 576 1787 635 tegere
1823 566 2028 637 prolem

453 660 628 709 tuazn.
658 654 834 722 Atque
862 655 934 707 ita
969 654 1203 719 faciens,
1234 658 1532 713 maceravit
1560 652 1640 713 se.
1668 657 1807 712 Tum
1840 659 1908 714 ad
1939 674 2032 714 co—

454 746 771 815 gitationem
817 763 831 799 :
873 744 989 798 Non
1036 748 1294 817 amplius,
1340 748 1541 818 inquit,
1588 750 1744 803 valeo
1790 749 2048 805 laborem'

454 835 748 891 sustinuere.
777 836 1102 907 Adjecitque
1129 857 1143 893 ε
1178 838 1235 893 Si
1268 855 1375 895 non
1404 842 1557 898 vales
1587 842 1831 896 laborem
1863 841 2030 906 ferre,

452 940 555 982 nec
583 941 809 982 uxorem
840 944 1076 999 qumras.
1108 930 1377 988 Caeterum
1409 933 1575 998 Deus,
1604 949 1838 989 cernens
1866 949 2032 989 vexa-

450 1018 655 1072 tionem
683 1017 825 1086 ejus,
858 1021 1083 1074 sustulit
1112 1023 1180 1078 ab
1211 1038 1277 1080 eo
1305 1025 1625 1081 tentationis
1656 1024 1892 1090 bellum;
1922 1025 2033 1081 sic-

451 1124 558 1179 que
586 1112 919 1181 conquievit.

958 1239 1258 1300 Dc'abbale
1295 1246 1524 1305 Orsist'o.

440 1447 445 1453 .
524 1373 580 1428 ι.
604 1373 716 1445 (69)
736 1375 1066 1436 Dixitabbas
1085 1377 1365 1439 Orsisius:
1395 1383 1560 1442 Later
1582 1389 1810 1457 crudus,
1830 1391 1885 1447 in
1909 1391 2034 1449 fun-

451 1463 767 1522 damentum
799 1470 957 1538 juxta
988 1469 1189 1527 ﬂumen
1221 1474 1444 1540 missus,
1476 1493 1586 1532 non
1619 1481 1827 1537 resistit
1861 1499 2031 1540 unum

452 1556 631 1623 diem;
668 1568 861 1616 coctus
897 1576 1060 1626 vero,
1097 1571 1358 1634 tanquam
1398 1567 1537 1637 lapis
1572 1580 1902 1639 perseverat.
1940 1571 2034 1629 Sic

451 1648 617 1704 homo
646 1652 739 1721 qui
774 1654 1048 1708 carnalem
1080 1669 1300 1711 sensum
1332 1656 1518 1724 habet,
1551 1675 1654 1716 nec
1682 1663 2034 1732 quemadmo-

2132 479 2279 548 λέγει
2333 478 2413 551 τῷ
2464 478 2713 551 λογισμῷ
2766 476 2966 533 αὐτοῦ⁹
3015 477 3239 530 Ἐτεκεν
3283 476 3317 547 ή
3372 476 3510 545 γυνή
3577 489 3708 528 σου’

2132 571 2322 642 χρείαν
2359 570 2503 642 ἔχεις
2533 571 2922 644 περισσότερον
2960 566 3320 641 ἐργάσασθαι,
3357 566 3446 621 ἵνα
3480 565 3713 638 δυνηθῇς

2132 661 2329 734 θρέψαι
2379 663 2441 717 τὸ
2491 663 2679 717 τέκνον
2731 680 2846 727 σου,
2903 661 2996 715 xai.
3056 656 3351 719 σκεπάσαι,
3384 658 3491 711 Καὶ
3540 656 3713 722 οὕτως

2131 756 2301 809 ποιῶν
2346 755 2535 827 ἔτηξεν
2568 754 2762 810 ἐαυτὸν
2790 794 2805 818 ,
2835 754 2931 807 καὶ
2978 752 3127 820 λέγει
3159 750 3236 823 τῷ
3287 748 3561 819 λογισμῷο
3599 750 3712 803 Οὐκ

2132 846 2213 900 ἔτι
2248 845 2415 917 ίσχύω
2458 845 2756 917 ὑποφέρειν
2796 845 2887 898 τὸν
2925 844 3113 897 κόπον.
3157 841 3268 896 Καὶ
3297 836 3448 894 εἶπεν
3471 857 3485 872 ’
3516 840 3577 894 El
3609 841 3715 894 οὐκ

2136 937 2339 1008 ίσχύεις
2387 937 2680 1008 ὑποφέρειν
2724 936 2816 989 τὸν
2855 935 3044 999 κόπον,
3082 932 3215 1005 μηδὲ
3257 934 3488 1002 γυναῖκα
3541 931 3712 1002 ζητή-

2134 1044 2253 1100 σῃς.
2282 1030 2391 1083 Καὶ
2422 1029 2543 1083 ίδὼν
2571 1031 2600 1084 6
2631 1027 2764 1091 Θεὸς
2795 1026 2887 1080 τὸν
2917 1027 3086 1081 κόπον
3114 1023 3303 1089 αὑτοῦ,
3326 1019 3459 1095 ἦρεν
3486 1023 3579 1081 ἀπ’
3613 1024 3713 1078 αύ-

2129 1119 2226 1173 τοῦ
2258 1120 2350 1174 τὸν
2386 1119 2638 1192 πόλεμον,
2672 1118 2768 1173 καὶ
2798 1119 3030 1188 ἀνεπάη.
3696 1116 3709 1121 “

2511 1248 2650 1317 Περὶ
2686 1248 2793 1303 τοῦ
2829 1246 2979 1304 ἁϐϐᾶ
3019 1246 3337 1315 Ὁρσισίου.

2201 1389 2270 1438 α’.
2310 1379 2476 1437 Εἶπεν
2518 1383 2547 1436 ό
2579 1380 2755 1445 ἀϐϐἄς
2784 1380 3088 1452 Ὀρσίσιος’
3128 1376 3355 1442 Πλίνθος
3395 1375 3550 1451 ὠμὴ,
3586 1375 3715 1448 βαλο

2131 1474 2333 1546 λομένη
2365 1476 2447 1539 εις
2480 1473 2729 1546 θεμέλιον
2766 1472 2933 1540 ἐγγὺς
2985 1468 3257 1542 ποταμοῦ,
3308 1469 3407 1542 οὐχ
3452 1468 3715 1540 ὑπομένει

2137 1566 2263 1637 μίαν
2302 1565 2545 1638 ἡμέραν·
2581 1564 2720 1635 ὀπτὴ
2762 1563 2841 1629 δὲ,
2890 1562 2966 1627 ὡς
3011 1560 3159 1626 λίθος
3203 1559 3473 1632 διαμένει.
3529 1560 3717 1625 Οὕτως

2133 1655 2420 1727 ἄνθρωπος
2446 1654 2713 1727 σαρκικὸνη
2733 1654 2989 1727 φρόνημα
3016 1652 3176 1724 ἔχων,
3209 1651 3303 1708 καὶ⁵
3337 1652 3413 1724 μὴ
3442 1650 3716 1723 πυρωθεὶς

451 1739 583 1796 dum
634 1740 837 1814 Joseph
889 1744 1095 1816 ignitus
1141 1757 1225 1802 est
1276 1748 1473 1805 timore
1523 1749 1653 1817 Dei,
1710 1752 2031 1809 dissolvitur

2142 1747 2276 1801 κατά
2311 1748 2402 1801 τὸν
2444 1746 2641 1818 Ἰωσὴφ
2667 1747 2747 1818 τῷ
2780 1745 2930 1819 φόϐῳ
2951 1747 2994 1778 ³⁷
3033 1747 3127 1800 τοῦ
3159 1744 3317 1810 Θεοῦ,
3357 1745 3544 1799 λύεται
3587 1761 3719 1816 προ-

450 1832 670 1899 quando
702 1834 949 1903 procedit
974 1836 1042 1890 ad
1072 1837 1383 1907 imperium.
1407 1838 1586 1894 Multae
1608 1841 1752 1895 enim
1781 1851 1910 1897 sunt
1934 1843 2032 1897 ho-

450 1934 572 1974 rum
609 1924 961 1987 tentationes,
997 1925 1139 1979 inter
1167 1926 1419 1983 homines
1452 1928 1785 1999 degentium.
1820 1931 2030 1988 Bonum

451 2021 630 2067 autem
654 2022 762 2077 est,
789 2024 848 2070 ut
872 2017 995 2086 quis
1019 2032 1359 2088 cognoscens
1385 2019 1663 2076 modulum
1689 2038 1868 2090 suum,
1891 2039 2030 2080 onus

353 2119 358 2123 ·
449 2103 792 2176 principatus
828 2106 1085 2179 refugiat.
1122 2109 1358 2166 Stabiles
1397 2127 1525 2166 vero
1581 2112 1637 2167 in
1674 2113 1778 2169 title
1810 2124 2031 2170 manent

451 2196 687 2254 immoti.
714 2197 787 2254 De
809 2200 929 2270 ipso
949 2202 1150 2272 quippe
1173 2204 1525 2260 sanctissimo
1546 2201 1783 2273 Josepho
1805 2206 1850 2259 si
1874 2209 2029 2275 quis-

394 2312 401 2315 -
451 2289 599 2359 piam
623 2290 858 2345 voluerit
890 2293 1059 2363 loqui,
1087 2302 1299 2348 asseret
1325 2308 1447 2349 eum
1478 2309 1585 2348 non
1613 2294 1895 2350 exstitisse
1921 2305 2027 2351 ter-

450 2394 666 2437 renum.
702 2382 933 2448 Quantis
974 2383 1254 2452 impetitus
1292 2392 1376 2438 est
1417 2383 1849 2450 tentationibus,
1884 2382 1939 2442 et
1972 2389 2027 2443 in

449 2473 761 2543 cujusmodi
796 2475 1048 2542 regione,
1079 2474 1171 2527 ubi
1208 2483 1340 2528 tunc
1371 2474 1633 2544 temporis
1664 2491 1772 2532 non
1801 2492 2031 2549 appare-

449 2559 543 2614 bat
575 2561 757 2616 cultus
792 2562 961 2617 divini
996 2564 1319 2632 vestigium?
1357 2562 1460 2620 Sed
1509 2565 1655 2623 Deus
1691 2576 1909 2639 patrum
1948 2571 2032 2642 ip-

451 2652 569 2707 sius
596 2667 719 2706 cum
749 2667 815 2708 eo
843 2661 991 2718 erat,
1023 2654 1332 2727 eripuitque
1366 2655 1518 2710 illum
1548 2672 1616 2711 ex
1649 2659 1903 2715 omnibus
1934 2676 2031 2716 an-

444 2743 683 2815 gustiis;
715 2752 770 2799 et
805 2761 953 2801 nunc
988 2761 1110 2801 cum
1148 2748 1395 2818 patribus
1439 2748 1558 2804 suis
1590 2747 1739 2821 degit
1773 2752 1827 2806 in
1864 2768 2030 2824 regno

452 2835 740 2891 cmlorum.
777 2838 921 2909 Ergo
966 2853 1066 2895 nos
1109 2855 1360 2910 quoque,
1401 2850 1764 2912 agnoscentes
1808 2846 2029 2901 modum

450 2937 727 2996 nostrum,
752 2929 1121 2988 decertemus.
1142 2931 1244 2988 Vix
1272 2934 1421 2990 enim
1444 2934 1528 2990 vel
1556 2934 1640 2990 sic
1666 2934 1903 3008 ell‘ugere
1932 2953 2032 3009 po-

453 3022 681 3078 terimus
712 3023 980 3093 judicium
1018 3027 1132 3081 Dei.

522 3136 580 3191 2.
616 3136 730 3207 (70)
761 3136 907 3193 Dixit
935 3138 1131 3193 iterum
1160 3156 1174 3193 :
1199 3137 1315 3195 Nisi
1344 3137 1508 3194 homo
1534 3148 1682 3196 recte
1708 3141 2032 3197 custodierit

454 3242 552 3282 cor
578 3243 760 3293 suum,
796 3238 928 3299 puto
956 3230 1104 3299 quod
1131 3245 1471 3300 quaecunque
1500 3231 1710 3288 audivit
1739 3232 2032 3290 oblivisce-

455 3330 549 3373 tur
576 3334 641 3375 ac
672 3321 930 3392 negligat;
963 3332 1125 3392 atque
1154 3324 1229 3377 ita
1259 3323 1537 3390 inimicus,
1568 3326 1748 3381 locum
1781 3328 1833 3382 in
1856 3344 1922 3383 eo
1945 3329 2033 3383 in-

456 3414 703 3475 veniens,
727 3430 850 3469 eum
878 3414 1114 3484 dejiciet.
1141 3415 1607 3482 Quemadmodum
1638 3420 1784 3474 enim
1815 3421 2035 3475 lucerna

458 3515 716 3574 apparata
760 3514 813 3559 et
856 3506 1077 3572 lucens,
1118 3508 1164 3562 si
1207 3509 1514 3580 negligatur
1552 3519 1611 3565 ut
1652 3527 1762 3567 non
1804 3512 2035 3582 accipiat

459 3598 663 3662 oleum,
700 3599 962 3667 paulatim
999 3599 1390 3672 exstinguitur,
1429 3616 1493 3656 ac
1530 3602 1790 3676 deinceps
1825 3619 2038 3675 praeva-

458 3687 572 3741 leut
603 3687 841 3743 tenebrae
873 3688 1139 3745 adversus
1169 3705 1325 3757 eam;
1356 3707 1533 3763 neque
1564 3693 1668 3748 hoc
1699 3695 1907 3763 solum;
1939 3695 2036 3751 sed

457 3778 621 3832 etiam
656 3780 943 3851 contingit,
978 3781 1197 3851 quando
1230 3798 1354 3838 mus
1387 3783 1455 3839 ad
1488 3784 1771 3840 lucernam
1807 3787 2034 3852 accedit,

457 3885 709 3940 quaerens
751 3871 1052 3927 funiculum
1099 3873 1394 3944 peredere;
1441 3887 1570 3932 ante
1609 3877 1829 3948 quidem
1871 3894 2036 3948 quam

457 3963 731 4018 exstincta
761 3962 979 4035 penitus
1004 3964 1097 4028 sit,
1126 3964 1428 4037 frigeatque
1453 3967 1655 4033 oleum,
1684 3985 1789 4023 non
1821 3977 2035 4039 potest;

459 4054 606 4124 quod
644 4055 688 4110 si
724 4056 1095 4125 conspexerit,
1131 4073 1241 4112 non
1276 4059 1441 4113 modo
1473 4060 1666 4116 abesse
1702 4060 1907 4127 lumen,
1939 4060 2036 4117 sed

458 4152 515 4201 et
546 4146 782 4201 calorem
814 4148 978 4217 ignis,
1008 4157 1140 4204 tunc
1168 4150 1457 4206 extrahere
1486 4153 1671 4208 volens
1710 4151 2035 4217 funiculum,

460 4235 739 4292 lucernam
773 4254 990 4309 quoque
1019 4241 1207 4309 dejicit
1236 4260 1249 4297 :
1280 4257 1402 4314 quae
1432 4243 1477 4298 si
1509 4250 1749 4299 testacea
1780 4244 1874 4306 sit,
1905 4258 2053 4310 con-p

464 4324 760 4396 fringitur;
789 4328 835 4381 si
862 4343 991 4383 vero
1018 4345 1167 4385 amca
1188 4369 1203 4395 ,
1235 4345 1264 4384 a
1296 4331 1690 4402 patrefamilias
1723 4333 1916 4388 iterum
1950 4332 2038 4386 in-

462 4418 698 4472 struitur
724 4435 738 4472 :
773 4434 953 4489 parem
975 4419 1029 4474 in
1062 4420 1308 4487 modum,
1339 4422 1643 4494 negligente
1672 4424 1875 4488 anima,
1906 4438 2037 4479 sen-
2071 4453 2117 4508 Ι)

464 4511 567 4566 sim
602 4511 807 4566 recedit
840 4509 1079 4583 Spiritus
1109 4526 1358 4583 sanctus,
1389 4515 1563 4571 donec
1592 4514 1661 4569 ad
1694 4516 1915 4588 plenum
1946 4516 2039 4571 illa

462 4607 848 4677 exstinguatur
874 4609 1198 4680 amittatque
1233 4610 1471 4666 calorem
1509 4625 1706 4677 suum;
1742 4618 1797 4666 et
1830 4610 1898 4666 de
1931 4625 2041 4665 caa-

462 4706 584 4754 tero
607 4698 784 4755 hostis
810 4701 1035 4756 devorat
1058 4702 1253 4756 animzc
1275 4701 1612 4756 alacritatem
1635 4719 1651 4770 ;
1678 4717 1878 4771 corpus
1900 4717 2041 4772 quo-

463 4806 572 4861 que
599 4791 778 4846 abolet
806 4791 1034 4846 malitia.
1066 4793 1132 4845 At
1159 4792 1202 4846 si
1231 4791 1395 4847 homo
1421 4793 1511 4848 ille
1537 4793 1716 4848 bonus
1768 4793 2043 4849 exstiterit

463 4884 679 4938 ratione
718 4881 947 4938 allectus
985 4898 1113 4954 erga
1155 4882 1356 4950 Deum,
1393 4884 1718 4956 simpliciter
1749 4897 1930 4941 autem
1975 4888 2042 4940 atl

465 4974 852 5046 negligentiam
897 4981 1087 5045 raptus
1129 4974 1329 5041 fuerit,
1370 4976 1546 5044 Deus,
1593 4988 1781 5049 utpote
1822 4979 2043 5036 miseri-

464 5078 614 5132 cors,
640 5051 939 5122 immittens
966 5067 1019 5121 in
1045 5083 1168 5123 eum
1199 5069 1448 5125 timorem
1477 5086 1661 5133 suum,
1687 5085 1899 5126 necnon
1926 5086 2044 5125 me-

467 5157 699 5212 moriam
742 5157 1050 5215 futurarum
1095 5173 1406 5230 poenarum,
1446 5170 1602 5232 parat
1642 5176 1737 5216 seu
1777 5160 1941 5217 ellieit
1986 5170 2044 5215 ut

468 5247 689 5319 vigilet,
738 5262 1027 5325 servetque
1072 5270 1132 5310 se
1178 5253 1235 5309 in
1288 5263 1565 5326 posterum
1618 5270 1741 5311 cum
1793 5255 2045 5311 cautione

471 5339 660 5404 multa,
699 5355 873 5411 usque
904 5343 972 5398 ad
1004 5343 1372 5401 visitationem
1409 5361 1588 5401 suam.

2137 1836 2307 1891 ελθὼν
2343 1838 2424 1902 είς
2467 1839 2664 1909 ἀρχήν.
2696 1837 2888 1890 Πολλοὶ
2919 1836 3029 1908 γὰρ
3083 1835 3192 1890 τῶν
3220 1834 3475 1890 τοιούτων
3502 1836 3551 1888 oi
3597 1851 3718 1888 πει-

2140 1930 2359 2000 ρασμοὶ,
2397 1932 2455 1983 ἐν
2487 1929 2638 2000 μέσῳ
2666 1927 2969 1999 ἀνθρώπων
3013 1927 3182 1981 όντων
3206 1928 3271 1982 ⁸⁸.
3302 1927 3478 1982 Καλὸν
3508 1926 3563 1980 δέ
3594 1940 3719 1980 τινα

2137 2021 2312 2074 είδότα
2349 2019 2419 2073 τὰ
2457 2019 2563 2073 ίδια
2604 2019 2799 2090 μέτρα,
2841 2020 3175 2089 ἀποφεύγειν
3210 2019 3270 2072 τὸ
3303 2018 3469 2092 βάρος
3496 2019 3595 2088 τῆς
3619 2018 3719 2088 ἀρ-

2135 2111 2256 2182 χῆς.
2296 2111 2358 2165 Οἱ
2410 2110 2467 2163 δὲ
2519 2110 2723 2181 ἑδραῖοι
2770 2112 2860 2180 τῇ,
2893 2110 3106 2175 πίστει,
3158 2109 3549 2181 ἀμετακίνητοί
3578 2104 3714 2162 ἐίσι.

2137 2204 2274 2274 Περὶ
2319 2203 2484 2256 αὐτοῦ
2519 2202 2627 2273 γὰρ
2660 2199 2754 2255 τοῦ
2791 2202 3096 2269 ἁγιωτάτου
3146 2201 3343 2271 Ἰωσὴφ
3382 2199 3477 2254 ἐὰν
3516 2199 3719 2272 Θελήσῃ

2135 2314 2217 2361 τις
2248 2296 2495 2363 λαλῆσαι,
2531 2295 2701 2364 λέγει,
2731 2296 2810 2349 ὅτι
2843 2296 2943 2348 οὐκ
2978 2295 3219 2364 ἐπίγειος
3250 2289 3339 2365 ἦν.
3384 2293 3535 2348 Πόσα
3573 2294 3721 2347 ἐπει-

2140 2388 2332 2461 ράσθη,
2373 2389 2465 2442 καὶ
2500 2389 2558 2441 ἐν
2609 2387 2738 2459 ποία
2771 2386 2956 2460 χώρᾳ,
2998 2387 3129 2440 ὅπου
3160 2387 3261 2440 οὐκ
3291 2381 3359 2457 ἦν
3405 2385 3528 2439 τότε
3576 2386 3720 2455 ἴχνος

2137 2479 2480 2544 θεοσεϐείαςς
2519 2477 2656 2531 Ἀλλ’
2682 2478 2707 2532 ὁ
2738 2476 2875 2539 Θεὸς
2903 2476 3012 2530 τῶν
3037 2480 3285 2550 πατέρων
3314 2476 3478 2529 αὑτοῦ
3502 2472 3569 2549 ἦν
3600 2478 3718 2548 μετ’

2137 2569 2324 2635 αὑτοῦ,
2380 2570 2473 2623 καὶ
2517 2567 2750 2635 ἐξείλετο
2792 2567 2954 2622 αὑτὸν
2999 2569 3063 2621 ἐκ
3098 2567 3291 2638 πάσης
3336 2567 3584 2637 θλίψεως,
3623 2569 3720 2622 καὶ

2137 2660 2232 2715 νῦν
2271 2663 2387 2715 ἐστι
2431 2660 2568 2732 μετὰ
2618 2659 2726 2712 τῶν
2775 2659 3028 2731 πατέρων
3078 2657 3242 2712 αὑτοῦ
3278 2660 3335 2711 ἐν
3366 2661 3431 2729 τῇ
3468 2658 3718 2730 βασιλεία

2137 2753 2245 2808 τῶν
2291 2751 2555 2823 οὐρανῶν.
2597 2751 2708 2805 Καὶ
2737 2752 2896 2822 ἡμεῖς
2927 2749 3106 2803 τοίνυν
3135 2749 3446 2817 ἐπιγνόντες
3474 2752 3544 2803 τὰ
3584 2751 3716 2804 ἑαυ-

2136 2843 2244 2898 τῶν
2293 2842 2486 2915 μέτρα,
2518 2840 2915 2912 ἀγωνισώμεθα
2934 2858 2948 2871 ο
2989 2840 3142 2913 μόλις
3174 2840 3283 2912 γὰρ
3315 2838 3458 2894 οὕτω
3488 2839 3718 2911 δυνησό-

2140 2936 2280 3008 μεθα
2316 2937 2576 3005 ἐκφυγεῖν
2607 2932 2705 3005 τὴν
2737 2933 2916 3006 κρίσιν
2942 2932 3035 2987 τοῦ
3067 2932 3222 2988 Θεοῦ.

2212 3138 2278 3210 β’.
2318 3133 2457 3192 Eine
2490 3136 2651 3191 πάλιν
2671 3153 2685 3168 ο
2720 3132 2945 3205 Νομίζω
2973 3135 3068 3189 ἐὰν
3098 3133 3173 3206 μὴ
3195 3134 3479 3205 ἄνθρωπος
3508 3130 3720 3202 φυλάξῃ

2139 3232 2238 3301 τὴν
2269 3230 2463 3285 ἐαυτοῦ
2494 3229 2718 3302 καρδίαν
2751 3227 2954 3292 καλῶς,
2985 3228 3163 3281 πάντα
3202 3229 3305 3282 ὅσα
3330 3228 3562 3298 ἤκουσεν
3599 3227 3722 3278 ἐπι-

2141 3323 2463 3378 λανθάνεται
2496 3323 2589 3377 κα)⁸
2627 3321 2848 3393 ἀμελεῖ·
2887 3320 2982 3374 καὶ
3023 3318 3196 3383 οὕτως
3235 3321 3264 3373 6
3306 3318 3500 3389 ἐχθρὸς
3536 3314 3721 3389 ἐὑρὼν

2145 3417 2201 3468 ἐν
2230 3414 2380 3485 αὑτῷ
2423 3414 2609 3479 τόπον,
2660 3413 2988 3468 καταϐάλλει
3025 3412 3205 3466 αὐτόν.
3235 3410 3444 3481 Ὥσπερ
3474 3408 3582 3481 γὰρ
3623 3407 3718 3460 λύ-

2143 3522 2268 3576 χνος
2319 3502 2639 3567 σκευασθεὶς
2686 3503 2780 3556 κα)⁵
2813 3501 3042 3571 φαίνων,
3091 3500 3186 3554 ἐὰν
3235 3498 3482 3570 ἀμεληθῇ
3534 3498 3723 3551 λαϐεῖν

2142 3592 2342 3659 ἔλαιον,
2390 3593 2512 3647 κατ’
2542 3590 2718 3660 ὀλίγον
2770 3591 3074 3653 σϐέννυται,
3126 3588 3219 3642 καὶ
3267 3586 3452 3641 λοιπὸν
3498 3586 3722 3641 ἐνδυνα-

2147 3685 2341 3756 μοῦται
2374 3684 2434 3737 τὸ
2465 3684 2656 3746 σκότος
2685 3683 2804 3735 κατ’
2834 3681 3028 3736 αὐτοῦ’
3063 3681 3125 3734 οὐ
3169 3680 3327 3750 μόνον
3351 3678 3425 3737 δέ.
3459 3678 3593 3733 ἀλλά
3628 3679 3725 3731 καὶ

2144 3777 2223 3831 ἔνι
2263 3778 2389 3830 ὅταν
2418 3776 2511 3829 καὶ
2548 3776 2654 3847 μῦς
2686 3776 2815 3849 περὶ
2856 3774 3019 3828 αὐτὸν
3073 3773 3366 3844 ἐρχόμενος
3404 3771 3499 3824 καὶ
3543 3770 3724 3840 ζητῶν

2143 3868 2204 3922 τὸ
2240 3866 2516 3938 ἐλλύχνιον
2538 3868 2898 3938 καταφαγεῖν,
2934 3864 3040 3940 πρὸ
3076 3865 3175 3934 μὲν
3194 3862 3287 3917 τοῦ
3334 3861 3623 3933 σϐεσθῆναι
3662 3861 3726 3915 τὸ

2145 3958 2341 4023 ἔλαιον,
2380 3959 2443 4012 οὐ
2475 3959 2695 4012 δύναται
2719 3960 2791 3991 ⁸¹·
2840 3957 2935 4011 ἐὰν
2977 3956 3034 4010 δὲ
3065 3955 3147 4027 ἴδῃ
3193 3957 3277 4010 ὅτι
3324 3955 3383 4008 οὐ
3421 3955 3579 4025 μόνον
3608 3953 3725 4024 φῶς

2145 4050 2244 4103 οὐκ
2279 4049 2413 4121 ἔχει,
2443 4049 2557 4103 ἀλλ’
2581 4050 2702 4104 ούδέ
2731 4049 2945 4121 θέρμην
2980 4046 3172 4119 πυρὸς,
3199 4047 3320 4099 τότε
3357 4045 3418 4099 τὸ
3451 4043 3725 4115 ἐλλύχνιον

2143 4144 2454 4199 ἀνασπάσαι
2501 4142 2690 4206 θέλων,
2722 4141 3052 4196 καταϐάλλει
3097 4141 3193 4194 καὶ
3226 4140 3332 4211 ,τὸν
3365 4138 3593 4210 λύχνονο
3631 4138 3726 4191 καὶ

2145 4232 2240 4286 ἐὰν
2273 4233 2370 4303 μέν
2480 4232 2822 4304 ὀστράκινον,
2855 4229 3223 4301 συντρίϐεταν
3268 4228 3363 4283 ἐὰν
3404 4228 3463 4282 δέ
3489 4226 3726 4299 χαλκοῦν

2145 4324 2365 4396 εὑρεθῇ,
2397 4323 2502 4377 ὑπὸ
2544 4322 2640 4377 τοῦ
2689 4322 3067 4376 οίκοδεσπότου
3122 4318 3442 4384 σκευάζεται
3487 4318 3723 4374 ἄνωθεν·

2145 4415 2318 4481 οὕτως
2348 4414 2658 4487 ἀμελούσης
2694 4413 2891 4485 ψυχῆς,
2921 4413 3045 4466 ὅσον
3080 4413 3202 4465 ὅσον
3229 4411 3275 4444 ⁸⁸
3304 4411 3367 4465 τὸ
3396 4409 3621 4480 Πνεῦμα
3665 4409 3727 4462 τὸ

2145 4507 2301 4576 ἅγιον
2331 4507 2628 4579 ὑποχωρεῖ,
2656 4506 2762 4569 ἕως
2803 4504 2984 4558 τέλεον
3020 4502 3335 4575 ἀποσϐεσθῇ
3383 4503 3483 4572 τῆς
3516 4500 3727 4572 θέρμης

2145 4599 2316 4668 αὐτῆς
2335 4615 2350 4629 ’
2381 4599 2477 4651 καὶ
2510 4598 2697 4651 λοιπὸν
2722 4599 2750 4650 6
2777 4596 2990 4668 ἐχθρὸς,
3026 4593 3358 4664 καταφαγὼν
3395 4593 3494 4665 τὴν
3525 4591 3730 4668 προθυ-

2142 4688 2274 4759 μίαν
2301 4689 2402 4759 τῆς
2429 4689 2629 4761 ψυχῆς,
2659 4689 2755 4742 καὶ
2788 4688 2850 4741 τὸ
2894 4687 3053 4758 σῶμα
3096 4685 3344 4757 ἀφανίζει
3377 4686 3561 4739 κακία.
3601 4683 3731 4738 Ἐὰν

2142 4777 2253 4855 δέᾗ
2283 4784 2488 4844 ἐκεῖνος
2517 4780 2678 4845 καλὸς
2702 4783 2766 4852 τῇ
2799 4779 3040 4834 διαθέσει
3068 4779 3206 4850 πρὸς
3233 4778 3324 4831 τὸν
3350 4777 3505 4839 Θεὸν,
3538 4772 3731 4838 ἁπλῶς

2142 4870 2198 4924 δὲ
2229 4873 2469 4944 ἡρπάγει
2498 4873 2577 4937 είς
2619 4870 2899 4941 ἀμέλειαν,
2929 4871 2959 4922 6
2995 4869 3129 4933 Θεὸς
3168 4868 3244 4933 ὡς
3278 4865 3601 4938 οἰκτίρμων,
3635 4862 3733 4935 βα·-

2142 4960 2250 5015 λὼν
2290 4963 2371 5025 εἰς
2413 4963 2575 5017 αὑτὸν
2606 4961 2697 5015 τὸν
2738 4961 2904 5031 φόϐον
2944 4960 3134 5025 αὐτοῦ,
3181 4956 3418 5014 καὶτῶν
3452 4955 3733 5010 κολάσεων

2144 5051 2241 5122 τὴν
2273 5054 2514 5125 μνήμην,
2551 5051 2961 5124 παρασκευάζει
2984 5052 3177 5123 νήφειν
3204 5049 3388 5113 αὐτὸν,
3422 5048 3517 5101 xui.
3546 5047 3736 5117 τηρεῖν

2146 5147 2335 5201 ἑαυτὸν
2381 5150 2462 5211 είς
2498 5146 2569 5200 τά
2615 5144 2927 5218 ἔμπροσθεν
2978 5143 3119 5217 μετά
3166 5140 3464 5210 ἀσφαλείας
3499 5137 3739 5210 πολλῆς,

2145 5237 2252 5301 ἓως
2276 5238 2375 5308 τῆς
2411 5234 2717 5306 ἐπισκοπῆς
2747 5232 2935 5287 αὐτοῦ.

543 5490 589 5524 ³⁷
616 5492 702 5547 Al.
723 5493 886 5565 λόγῳ.
962 5498 1008 5530 ³³
1033 5497 1117 5551 AI.
1151 5498 1311 5556 εἰσίν.
1383 5502 1427 5535 ἰ’
1450 5502 1536 5559 Al.
1569 5502 1662 5557 τοῦ
1695 5501 1871 5557 ἐλαίου
1900 5503 1961 5560 οὑ
2000 5499 2224 5559 δύναται
2248 5499 2575 5573 χρήσασθαι.
2655 5497 2702 5531 ⁸⁸
2734 5499 2820 5555 Al.
2871 5497 3013 5553 κατά
3062 5495 3274 5569 μικρόν.
3334 5548 3342 5558 ,

544 5673 658 5747 (69)
691 5672 798 5728 Vit.
829 5674 977 5727 Patr.
1015 5690 1103 5743 xv,
1139 5674 1230 5733 5|.

2225 5675 2339 5752 ‘70)
2376 5675 2481 5734 Vit.
2516 5677 2667 5733 Patr.
2699 5691 2777 5745 xl,
2811 5676 2906 5734 37.
