4012 6208
437 270 544 329 διν

1604 275 1945 333 APPENDIX
1986 272 2077 330 AD
2112 274 2532 336 PALLADIUM.

3587 281 3692 339 320

443 393 657 450 verbis:
683 393 811 457 Abi,
857 407 966 446 non
1001 392 1135 447 mihi
1168 403 1343 448 vacat.
1389 393 1458 447 At
1491 393 1568 447 illi
1601 400 2021 466 permanserunt

2142 394 2562 465 ιναγγείλαντος,
2613 399 2901 470 ἐδήλωσεν,
2943 401 3144 456 εἰπών’
3183 403 3420 471 ”Υπαγε,
3455 401 3519 455 οὐ
3569 417 3695 471 σχο-

441 485 511 540 ad
537 494 727 540 aestum
760 484 913 544 solis.
947 485 1192 541 aientes:
1225 483 1343 541 Non
1367 486 1710 552 secedemus,
1742 488 1849 542 nisi
1873 495 2022 557 post-

445 591 607 644 quam
629 575 778 646 digni
809 578 910 632 visi
945 576 1215 634 fuerimus
1243 578 1456 634 admitti
1481 593 1512 632 a
1543 594 1694 635 sene.
1735 578 1907 634 Porro
1933 595 2024 634 se-

443 682 569 732 nex,
616 683 848 723 cernens
895 668 1260 724 humilitatem
1307 685 1521 736 eorum,
1552 687 1766 727 necnon
1791 672 2013 742 patien-

443 757 614 821 tiam,
662 761 1084 829 compunctione
1139 761 1335 816 ductus
1371 763 1604 832 aperuit.
1667 760 1734 816 Et
1789 763 2022 834 ingressi

442 848 626 903 cibum
661 858 1013 928 sumpserunt
1059 866 1184 906 cum
1228 867 1312 908 eo.
1349 851 1486 907 Cum
1518 861 1698 909 autem
1728 855 2022 910 manduca-

443 947 587 1006 rent,
624 941 714 996 ille
768 941 938 996 dixit:
995 940 1232 1007 Revera,
1270 959 1377 999 non
1408 953 1537 1000 sunt
1569 961 1632 1000 ea
1665 946 1781 1002 sola
1813 962 1932 1019 qua:
1958 947 2026 1003 de

442 1031 602 1087 vobis
659 1030 864 1096 audivi,
923 1031 1020 1087 sed
1071 1033 1392 1104 centuplum
1441 1034 1702 1104 conspexi
1748 1035 1802 1090 iu
1859 1051 2026 1106 opere

444 1131 650 1182 vestro.
685 1122 760 1176 Ex
789 1123 884 1176 illa
909 1138 1037 1194 ergo
1061 1124 1150 1180 die
1179 1126 1391 1180 amicus
1413 1140 1603 1181 eorum
1646 1127 1880 1182 exstitit.

515 1214 573 1268 5.
608 1214 718 1285 (76)
757 1212 942 1269 Voluit
965 1215 1259 1286 aliquando
1289 1232 1499 1286 praases
1526 1219 1827 1288 provinciae
1877 1219 2026 1274 illius

445 1302 633 1358 videre
673 1302 925 1358 abbatem
971 1301 1320 1368 Pmmenem;
1352 1320 1454 1359 nec
1497 1304 1816 1359 admittebat
1836 1319 2023 1360 senex.

448 1397 621 1468 Igitur
677 1404 897 1466 sumpto
931 1405 1220 1466 praetextu,
1255 1399 1412 1467 quasi
1463 1397 1835 1452 facinorosum
1875 1411 2028 1450 com-

447 1488 788 1562 prehensum
826 1486 998 1542 ﬁlium
1034 1488 1244 1542 sororis
1273 1487 1416 1556 ejus,
1450 1487 1601 1542 misit
1641 1486 1695 1540 in
1725 1500 2024 1550 carcerem,

447 1582 640 1638 diceus
665 1601 680 1637 :
715 1581 774 1636 Si
805 1582 1016 1637 venerit
1037 1595 1202 1636 senex
1247 1589 1303 1634 et
1322 1581 1562 1634 oraverit
1587 1595 1686 1650 pro
1703 1596 1791 1644 eo,
1817 1595 1918 1650 ego
1944 1579 2028 1634 di-

2122 486 2290 552 λάζω.
2327 490 2391 541 Oi
2417 489 2474 542 δὲ
2501 490 2798 562 ὑπέμειναν
2830 493 2910 556 είς
2931 493 2992 546 τὸ
3015 493 3221 564 καῦμα,
3249 494 3497 562 λέγοντες
3519 509 3533 523 ·
3583 493 3703 546 Οὐκ

2123 577 2534 649 ὰναχωροῦμεν,
2567 579 2662 633 ἐὰν
2711 580 2785 652 μὴ
2829 582 3250 654 καταξιωθῶμεν
3293 583 3386 637 τοῦ
3421 581 3699 654 γέροντος.

2137 669 2196 722 Ὀ
2223 670 2279 723 δὲ
2295 670 2492 741 γέρων,
2529 671 2651 726 ίδὼν
2674 671 2771 743 τὴν
2791 675 3116 728 ταπείνωσιν
3132 675 3308 729 αὐτῶν
3329 675 3423 729 καὶ
3446 675 3546 746 τὴν
3560 675 3704 730 ὐπο-

2128 763 2317 832 μονὴν,
2353 764 2680 832 κατανυγεὶς
2705 804 2719 829 ,
2744 765 2978 848 ἀνέιρξεν
3005 767 3209 831 αὐτοῖς.
3235 768 3347 820 Καὶ
3370 766 3705 833 εἰσελθόντες

2125 854 2421 922 ἐγεύσαντο
2450 857 2566 926 μετ’
2596 855 2781 910 αὑτοῦ.
2825 857 3142 911 Ἐσθιόντων
3169 857 3225 910 δὲ
3265 858 3464 922 αὐτῶν,
3514 857 3701 926 ἔλεγε*

2139 944 2255 997 Ἐπ’
2300 945 2574 1017 ἀληθείας,
2603 947 2703 1001 οὐκ
2749 948 2857 1002 είσὶ
2888 949 3023 1019 μόνα
3050 948 3086 1003 ὃ.
3128 949 3339 1020 ἀκήκοα
3375 951 3500 1020 περὶ
3526 949 3700 1020 ὑμῶν,

2125 1035 2242 1090 ἀλλ’
2288 1039 2820 1093 ἑκατονταπλασίονα
2891 1036 3031 1094 εἶδον
3098 1042 3156 1094 ἐν
3208 1040 3284 1110 τῷ
3332 1039 3479 1111 ἔργῳ
3526 1039 3700 1112 ὑμῶν.

2140 1127 2387 1196 Ἐγένετο
2422 1129 2480 1182 δὲ
2526 1130 2708 1184 αὐτῶν
2750 1129 2905 1200 φίλος
2937 1131 3046 1184 ἀπὸ
3077 1132 3176 1202 τῆς
3213 1132 3427 1203 ἡμέρας
3467 1132 3703 1205 ἐκείνης.

2198 1223 2261 1270 ε’.
2324 1217 2583 1289 Ἠθέλησέ
2628 1237 2758 1272 ποτε
2804 1222 2832 1274 6
2878 1220 3062 1291 ἄρχων
3111 1223 3211 1292 τῆς
3271 1220 3454 1292 χώρας
3493 1221 3706 1291 ἐκείνης

2131 1309 2259 1363 ίδεῖν
2299 1309 2390 1362 τὸν
2424 1310 2598 1364 ἀόὸᾶν
2633 1312 2899 1383 Ποιμένα,
2948 1314 3044 1366 καὶ
3085 1313 3147 1366 οὐ
3189 1311 3507 1382 κατεδέχετο
3547 1315 3575 1367 6
3615 1313 3708 1381 γι.

2131 1418 2262 1473 ρων.
2314 1402 2592 1474 Προφάσει
2637 1403 2692 1457 δὲ
2737 1405 2814 1468 ὡς
2855 1403 3164 1477 κακοῦργον
3204 1405 3435 1476 κατέσχε
3473 1405 3565 1459 τὸν
3593 1406 3707 1459 υἱὸν

2127 1493 2230 1563 τῆς
2265 1495 2504 1566 ἀδελφῆς
2527 1495 2713 1561 αὑτοῦ,
2746 1499 2840 1552 καὶ
2868 1497 3059 1552 ἔϐαλεν
3093 1500 3173 1561 εἰς
3201 1498 3468 1570 φυλακὴν,
3498 1498 3668 1567 λέγων
3688 1515 3704 1530 ο

2143 1587 2269 1643 Ἐὰν
2295 1587 2421 1660 ἔλθῃ
2445 1592 2473 1642 6
2497 1589 2695 1661 γέρων,
2725 1591 2819 1644 καὶ
2842 1591 3194 1663 παρακαλέσῃ
3222 1592 3362 1664 ὑπὲρ
3387 1591 3572 1657 αὑτοῦ,
3599 1591 3710 1661 ἐγὼ

449 1676 680 1731 mittam.
721 1674 969 1728 Accessit
1003 1687 1162 1728 soror
1194 1672 1339 1740 ejus,
1373 1672 1579 1727 deflens
1619 1673 1686 1727 ad
1707 1671 1950 1740 ianuam.
1979 1674 2025 1727 Is

2142 1678 2352 1732 ἀπολύω
2390 1681 2574 1735 αὐτόν.
2604 1681 2714 1736 Kal
2756 1678 2919 1753 ἦλθεν
2955 1684 2990 1755 ἠ
3035 1682 3236 1753 ἀδελφὴ
3281 1682 3444 1736 αὐτοῦ
3491 1683 3712 1735 κλαίου-

448 1780 580 1820 vero
606 1779 714 1818 non
743 1764 893 1819 dedit
917 1779 1261 1834 responsum.
1299 1763 1480 1829 Quare
1504 1763 1699 1819 mulier
1723 1764 2027 1819 maledictis

2142 1787 2203 1822 σα
2278 1770 2416 1841 πρὸς
2456 1775 2522 1843 τῇ
2570 1772 2730 1845 θύρᾳ.
2791 1773 2850 1826 Ὀ
2910 1774 2967 1827 δὲ
3021 1774 3121 1828 οὐκ
3165 1773 3362 1827 ἔδωκεν
3407 1774 3541 1845 αὐτῇ
3575 1774 3712 1827 ἀπό-

449 1853 538 1909 his
570 1853 858 1924 appetebat
887 1866 1051 1909 eum:
1086 1851 1405 1908 Visceribus
1449 1853 1614 1907 auleis
1635 1853 1881 1922 prmdite,
1911 1855 2030 1905 mi—

448 1961 633 2002 serere
688 1946 817 2010 mei,
851 1946 979 2014 quia
1035 1945 1179 2000 hanc
1232 1960 1395 2000 unam
1443 1944 1688 1999 sobolem
1736 1944 1932 1999 habeo.
1963 1944 2031 1999 At

448 2039 543 2093 ille
574 2039 798 2093 mittens
825 2037 1196 2092 renuntiavit:
1229 2036 1454 2092 Pwmen
1481 2037 1684 2092 liberos
1705 2052 1816 2092 non
1843 2054 2031 2095 susce-

447 2130 549 2200 pit.
579 2131 759 2200 Atque
781 2129 1010 2185 recessit
1043 2128 1098 2182 in
1147 2128 1292 2182 hunc
1321 2129 1562 2183 modum.
1600 2127 1669 2185 lis
1703 2144 1834 2200 ergo
1873 2130 2030 2184 audi-

446 2223 542 2288 tis,
579 2236 782 2292 praeses
818 2219 984 2286 misit,
1022 2220 1204 2275 aiens:
1234 2219 1439 2275 Saltem
1469 2221 1636 2276 verbo
1663 2221 1853 2291 iubeat
1883 2241 1897 2290 ;
1946 2223 2031 2278 di-

447 2316 660 2370 mittam
723 2315 898 2369 illum.
955 2312 1133 2370 Senex
1192 2329 1321 2369 vero
1378 2314 1625 2370 vicissim
1669 2316 2026 2386 significavit:

447 2407 667 2478 inquire
697 2408 1001 2464 secundum
1041 2409 1221 2478 leges;
1255 2416 1310 2462 et
1358 2419 1533 2464 morte
1584 2409 1630 2464 si
1678 2408 1878 2480 dignus
1921 2417 2026 2474 est,

448 2501 737 2566 moriatur;
775 2502 821 2556 si
861 2516 969 2554 non
999 2508 1100 2564 est,
1131 2500 1215 2555 fac
1245 2507 1304 2554 ut
1338 2501 1624 2570 placuerit.

522 2591 576 2647 6.
611 2593 724 2664 (77)
755 2593 994 2664 Deliquit
1017 2593 1315 2664 aliquando
1341 2594 1509 2648 frater
1537 2594 1594 2648 in
1630 2591 1916 2658 cmnohio;
1945 2594 2034 2650 de-

449 2685 611 2756 gebat
641 2694 823 2740 autem
855 2687 924 2742 iis
974 2687 1029 2740 in
1083 2686 1220 2741 locis
1278 2686 1634 2751 anachoreta,
1679 2687 1771 2756 qui
1807 2701 1838 2740 a
1870 2687 2033 2757 longo

450 2787 693 2846 tempore
744 2791 852 2830 non
901 2784 1271 2848 processerat.
1333 2775 1570 2832 Veniens
1615 2792 1746 2848 ergo
1796 2777 2033 2832 cmnobii

451 2869 621 2924 abbas
645 2869 712 2923 ad
743 2885 951 2936 senem,
980 2870 1253 2924 nuntiavit
1282 2870 1332 2926 ei
1361 2869 1429 2925 de
1468 2869 1637 2925 fratre
1669 2872 1762 2941 qui
1790 2871 2034 2941 delique-

450 2969 555 3016 rat.
591 2963 681 3015 Ait
711 2963 836 3018 ille:
872 2963 1144 3032 Expellite
1172 2979 1323 3019 eum.
1358 2961 1628 3033 Egressus
1655 2978 1784 3016 vero
1808 2961 1975 3017 frater
2004 2977 2034 3016 e

449 3052 730 3115 coenobio,
758 3054 983 3108 intravit
1009 3054 1063 3108 in
1092 3054 1432 3125 speluncam,
1467 3053 1649 3123 ibique
1679 3053 1861 3107 ﬂebat.
1892 3054 2036 3108 Con-

450 3143 574 3212 tigit
609 3150 918 3212 opportune
951 3152 1010 3196 ut
1034 3142 1234 3198 fratres
1267 3142 1518 3197 nonnulli
1553 3141 1644 3212 qui
1671 3141 1737 3196 ad
1777 3142 2030 3197 abbatem

449 3232 758 3288 Pmmenem
778 3231 1286 3303 proﬁciscebantur,
1307 3232 1561 3287 audirent
1589 3233 1738 3286 illum
1781 3232 2030 3304 flentem;

449 3329 544 3399 qui
573 3327 806 3398 ingressi
858 3329 1187 3383 invenerunt
1243 3341 1462 3381 summo
1513 3326 1770 3383 affectum
1809 3328 2031 3394 dolore,

449 3419 771 3489 hortatique
815 3427 939 3475 sunt
975 3427 1035 3473 ut
1069 3417 1137 3472 ad
1169 3433 1355 3473 senem
1403 3427 1683 3488 pergeret;
1709 3419 1806 3475 sed
1838 3421 2032 3489 noluit,

449 3513 677 3569 dicens:
710 3511 807 3568 Hic
837 3527 940 3582 ego
982 3511 1212 3568 morior.
1247 3509 1543 3566 Venientes
1571 3527 1736 3582 porro
1775 3512 1843 3566 ad
1867 3512 2040 3568 abba-

450 3612 561 3658 tem
590 3603 901 3658 Pmmenem
961 3617 1080 3658 rem
1118 3601 1168 3657 ei
1220 3610 1605 3657 uarraveruut.
1642 3601 1736 3659 Ille
1783 3603 2038 3674 precibus

452 3692 709 3750 inductos
738 3709 804 3750 eo
833 3693 1067 3759 remisit,
1089 3695 1340 3750 dicturos
1370 3693 1526 3749 fratri
1555 3714 1570 3751 :
1598 3695 1782 3751 Abbas
1811 3694 2038 3751 Pmmen

452 3793 615 3839 vocat
665 3794 736 3840 te.
794 3785 955 3840 Venit
987 3785 1173 3841 frater.
1223 3787 1393 3853 Quem
1437 3803 1601 3843 senex
1638 3788 1870 3845 intuitus
1901 3789 2038 3844 ami-

454 3887 626 3946 ctum,
668 3881 928 3940 surrexit,
956 3881 1274 3950 complexus
1307 3889 1413 3947 est,
1460 3888 1514 3936 et
1552 3897 1677 3936 cum
1709 3896 1775 3936 eo
1808 3883 2038 3938 comiter

454 3987 642 4043 agens,
677 3975 889 4045 rogavit
923 3982 982 4027 ut
1013 3973 1196 4028 cibqu
1229 3981 1493 4028 sumeret.
1531 3973 1680 4029 Misit
1706 3982 1888 4029 autem
1938 3973 2038 4028 ab-

456 4066 557 4122 bas
592 4065 815 4122 Pmmen
852 4067 1089 4138 aliquem
1126 4065 1355 4120 fratrum
1389 4082 1614 4123 suorum
1649 4067 1714 4122 ad
1748 4067 2042 4123 anachore-

459 4166 592 4225 tam,
623 4158 715 4228 qui
757 4159 1070 4214 nuntiaret:
1106 4157 1145 4212 A
1182 4159 1370 4214 multis
1409 4160 1569 4215 annis
1603 4158 1788 4214 videre
1817 4165 1869 4213 te
1893 4157 2042 4214 desi-

457 4249 613 4311 dero,
640 4259 928 4320 postquam
948 4251 1014 4305 de
1043 4251 1208 4307 rebus
1238 4252 1346 4307 tuis
1391 4252 1611 4318 audivi;
1642 4253 1733 4307 sed
1757 4268 1824 4308 ex
1850 4253 2042 4306 ambo-

458 4355 581 4395 rum
617 4342 832 4412 pigritia
887 4359 994 4398 non
1023 4345 1306 4416 congressi
1330 4362 1544 4401 sumus.
1575 4346 1729 4401 Nunc
1752 4362 1899 4417 ergo,
1929 4345 2041 4401 Deo

2135 1879 2336 1933 κρισιν.
2402 1865 2467 1917 Ἢ
2514 1865 2572 1918 δὲ
2620 1865 2879 1936 ἐλοιδόρει
2925 1866 3120 1930 αὐτὸν,
3172 1865 3440 1936 λέγουσα·
3493 1864 3707 1920 Χαλκό-

2138 1953 2432 2024 σπλαγχνε,
2470 1955 2692 2024 ἐλέησόν
2725 1973 2814 2024 με,
2849 1958 2930 2010 ὅτι
2980 1957 3275 2027 μονογενής
3310 1958 3399 2027 μοί
3434 1959 3598 2010 ἐστιν.
3642 1956 3713 2009 Ὀ

2135 2043 2191 2096 δὲ
2225 2044 2444 2115 πέμψας
2481 2042 2634 2099 εἶπεν
2669 2049 2806 2120 αὐτῇ
2827 2065 2840 2078 ⁸
2870 2047 3080 2120 Ποιμὴν
3106 2051 3272 2103 τέκνα
3301 2049 3400 2103 οὐκ
3435 2049 3709 2118 ἐγέννησε.

2137 2137 2247 2190 Kal
2272 2137 2443 2200 οὕτως
2475 2137 2841 2210 ἀνεχώρησεν.
2888 2140 3150 2204 Ἀκούσας
3177 2141 3232 2194 δὲ
3260 2141 3462 2211 ἄρχων,
3487 2139 3700 2211 ἔπεμψε

2137 2227 2337 2296 λέγων·
2380 2228 2498 2282 Κᾶν
2540 2228 2683 2299 λόγῳ
2739 2229 2992 2304 κελεύσῃ,
3040 2231 3262 2284 ἀπολύω
3311 2231 3490 2284 αὐτόν.
3553 2232 3611 2285 '0
3656 2231 3714 2284 δέ

2136 2321 2316 2392 γέρων
2367 2320 2725 2392 ἀντεδήλωσε,
2777 2320 2986 2389 λέγων·
3051 2320 3338 2386 Ἐξετασον
3393 2322 3536 2375 κατὰ
3589 2323 3716 2386 τοὺς

2137 2410 2366 2481 νόμους’
2405 2411 2500 2464 καῖ⁵
2532 2413 2581 2464 εί
2622 2411 2770 2478 ἄξιός
2809 2412 2924 2465 ἐστι
2973 2411 3227 2476 θανάτου,
3264 2411 3614 2466 ἀποθανέτωο
3667 2417 3718 2468 εί

2137 2500 2194 2553 δὲ
2221 2501 2322 2554 οὐκ
2357 2501 2523 2565 ἔστιν,
2556 2500 2632 2565 ὡς
2666 2501 2843 2571 βούλει
2876 2500 3100 2573 ποίησον
3125 2499 3197 2558 ⁸⁸.

2213 2599 2287 2657 ς’.
2340 2593 2578 2664 Ἐσφάλη
2610 2593 2740 2646 ποτέ
2784 2593 3011 2662 ἀδελφὸς
3040 2593 3097 2645 ἐν
3134 2593 3422 2664 κοινοείῳ·
3465 2588 3533 2665 ἦν
3570 2594 3627 2647 δὲ
3658 2594 3718 2646 ἐν

2139 2687 2252 2749 τοῖς
2283 2685 2470 2748 τόποις
2504 2683 2730 2749 ἐκείνοις
2764 2685 3121 2756 ἀναχωρητής
3141 2700 3154 2714 ·
3197 2686 3292 2738 καὶ
3327 2684 3504 2756 πολλῷ
3539 2685 3717 2758 χρόνῳ

2140 2776 2202 2829 ού
2236 2774 2522 2845 προῆλθεν.
2567 2775 2766 2830 Ἐλθὼν
2795 2775 2851 2828 δὲ
2883 2775 2911 2826 6
2937 2775 3114 2839 ἀ66ᾶς
3151 2775 3246 2829 τοῦ
3285 2775 3552 2829 κοινοόίου
3581 2775 3718 2847 πρὸς

2139 2867 2232 2922 τὸν
2263 2867 2516 2939 γέροντα,
2555 2867 2877 2939 ἀνήγγειλεν
2908 2865 3057 2938 αύτῷ
3099 2867 3229 2939 περὶ
3259 2867 3353 2921 τοῦ
3404 2868 3714 2939 σφαλέντος.

2153 2960 2212 3013 Ὀ
2238 2959 2295 3014 δὲ
2327 2955 2448 3012 εἷπε
2471 2976 2484 2989 ·
2535 2958 2772 3026 Διώξατε
2807 2959 2989 3013 αὐτόν.
3031 2957 3290 3025 Ἐξελθὼν
3329 2959 3385 3013 δὲ
3418 2961 3446 3013 6
3491 2959 3719 3028 ἀδελφὸς

2143 3050 2236 3105 τοῦ
2271 3050 2560 3115 κοινοϐίου,
2609 3051 2856 3123 εἰσῆλθεν
2902 3052 2984 3114 εἰς
3027 3050 3327 3126 χαράδραν»
3363 3053 3459 3106 καὶ
3504 3053 3718 3107 ἔκλαιεν

2140 3145 2275 3198 ἐκεῖ.
2322 3142 2672 3215 Εύκαίρησαν
2714 3143 2770 3196 δὲ
2815 3142 3033 3213 ἀδελφοὶ
3067 3145 3431 3216 ἀπερχόμενοι
3466 3145 3598 3217 πρὸς
3628 3145 3720 3199 τὸν

2136 3235 2312 3289 ἀϐὁᾶν
2355 3235 2621 3306 Ποιμένα,
2659 3236 2752 3289 καὶ
2786 3235 3028 3308 ἤκουσαν
3062 3235 3229 3289 αὐτοῦ
3271 3236 3580 3301 κλαίοντος·
3627 3238 3722 3291 καὶ

2137 3327 2470 3393 εἰσελθόντες
2515 3323 2671 3401 εὗρον
2703 3328 2868 3382 αὐτὸν
2901 3329 2960 3383 ἐν
2988 3328 3208 3400 μεγάλῳ
3240 3328 3418 3399 πόνῳ’
3453 3330 3546 3382 καὶ
3572 3345 3718 3400 παρ-

2139 3421 2404 3476 εκάλεσαν
2426 3421 2587 3474 αὐτὸν
2612 3417 2742 3493 ἆραι
2758 3419 2895 3492 πρὸς
2919 3420 3009 3475 τὸν
3025 3420 3272 3493 γέροντα.
3298 3421 3408 3474 Καὶ
3421 3421 3519 3474 οὐκ
3536 3421 3720 3493 ἤθελε,

2137 3514 2313 3583 λέγων
2332 3533 2345 3546 ·
2396 3507 2523 3567 Ὧδε
2558 3512 2668 3583 ἐγὼ
2697 3513 3047 3585 ἀποθνήσκω.
3085 3512 3357 3576 Ἐλθόντες
3389 3513 3446 3566 δὲ
3472 3515 3606 3585 πρὸς
3629 3513 3722 3567 τὸν

2139 3602 2314 3658 ἀὸὅᾶν
2335 3603 2575 3673 Ποιμένα
2613 3603 2941 3674 διηγήσαντο
2966 3603 3136 3674 αὐτῷ.
3191 3605 3302 3659 Kal
3334 3605 3723 3676 παρακαλέσας

2141 3696 2358 3759 αὐτοὺς,
2378 3696 2664 3750 ἀπέστειλε
2684 3696 2857 3765 λέγων
2878 3713 2891 3726 ·
2924 3696 3128 3751 Εἴπατε
3149 3696 3318 3769 αὐτῷ,
3337 3697 3419 3750 ὅτι
3462 3697 3521 3751 ’0
3549 3696 3726 3760 ἀϐὁᾶς

2141 3785 2351 3858 Ποιμὴν
2381 3788 2550 3856 φωνεῖ
2581 3804 2660 3840 σε.
2693 3782 2862 3841 Ἦλθε
2883 3787 2939 3841 δὲ
2969 3789 3106 3861 πρὸς
3121 3789 3285 3843 αὐτὸν
3308 3791 3337 3843 6
3354 3787 3606 3857 ἀδελφός·
3631 3789 3725 3841 καὶ

2145 3877 2268 3932 ίδὼν
2285 3878 2447 3932 αὐτὸν
2479 3881 2509 3933 6
2537 3879 2715 3952 γέρων
2745 3879 3124 3952 τεθλιμμένον,
3143 3881 3383 3946 ἀναστὰς
3415 3882 3724 3952 ἠσπάσατο,

2143 3971 2237 4025 καὶ
2275 3971 2747 4042 χαριεντιζόμενος
2783 3975 2900 4044 μετ’
2933 3973 3121 4040 αὑτοῦ,
3157 3974 3500 4047 παρεκάλεσε
3522 3979 3724 4047 γεύσα-

2144 4062 2289 4116 σθαι.
2317 4061 2632 4116 Ἀπέστειλε
2646 4061 2701 4114 δὲ
2718 4064 2746 4116 6
2761 4062 2936 4126 ἀὸϐἄς
2953 4063 3160 4136 Ποιμήν
3175 4065 3283 4118 τῶν
3300 4066 3543 4137 ἀδελφῶν
3558 4068 3725 4124 αὐτοῦ

2141 4170 2268 4209 τινα
2300 4155 2435 4227 πρὸς
2456 4155 2547 4208 τὸν
2577 4155 2956 4228 ἀναχωρητὴν,
2988 4155 3162 4226 λέγων
3180 4173 3195 4188 ⁸
3231 4158 3325 4211 Ἐκ
3354 4158 3561 4214 πολλῶν
3589 4160 3728 4216 ἐτῶν

2145 4246 2452 4317 ἐπεθύμουν
2486 4264 2546 4300 σε
2583 4247 2733 4313 ίδεῖν,
2775 4247 2992 4302 ἁκούων
3032 4248 3102 4302 τὰ
3149 4250 3277 4322 περὶ
3323 4251 3440 4315 σοῦ,
3472 4252 3566 4305 καὶ
3615 4252 3726 4308 ἀπὸ

2144 4337 2404 4409 όκνηρίας
2436 4337 2760 4409 ἀμφοτέρων
2793 4338 2854 4392 οὐ
2891 4339 3253 4410 συνετύχομεν
3293 4340 3563 4413 ἀλλήλοις.
3611 4341 3728 4397 Νῦν

457 4433 695 4497 volente,
723 4435 1014 4492 occasione
1047 4437 1253 4504 oblata,
1285 4438 1524 4494 laborem
1559 4438 1771 4493 itineris
1796 4441 2032 4508 suscipe,

2143 4426 2236 4486 οῦν
2258 4430 2392 4486 Θεοῦ
2425 4430 2688 4497 θέλοντος,
2718 4432 2812 4485 καὶ⁸
2841 4433 3096 4504 ἀφορμῆς
3123 4433 3442 4505 γενομένης,
3467 4434 3728 4505 σκύλθητι

458 4540 524 4580 ac
560 4525 868 4585 videbimus
903 4543 1032 4584 nos.
1065 4527 1183 4584 Non
1217 4531 1364 4585 enim
1413 4531 1795 4600 egrediebatur
1831 4547 1861 4586 e
1903 4532 2038 4586 cella

458 4632 579 4674 sua.
620 4617 716 4673 Ille
750 4619 1001 4685 audiens,
1037 4621 1178 4690 apud
1227 4635 1324 4674 se:
1357 4617 1475 4675 Nisi
1515 4617 1658 4674 Deus
1703 4619 1820 4674 seni
1862 4621 2039 4690 inspi-

457 4717 660 4774 rasset,
698 4727 806 4766 non
837 4714 1080 4768 misisset
1119 4712 1186 4766 ad
1217 4727 1324 4766 me.
1357 4710 1628 4777 Quocirca
1663 4725 1916 4782 surgens,
1944 4727 2037 4767 ac-

457 4805 648 4860 cessit.
675 4805 922 4874 Cumque
945 4819 1005 4859 sn
1035 4809 1226 4857 mutuo
1251 4803 1358 4857 laeti
1382 4804 1735 4868 salutassent,
1759 4805 2036 4858 sederunt.

458 4893 600 4950 Tum
647 4895 717 4950 ad
769 4911 894 4950 eum
922 4895 1094 4950 abbas
1120 4893 1345 4950 Paamen
1380 4895 1528 4950 hunc
1564 4894 1803 4950 instituit
1829 4910 2040 4952 sermo-

459 5003 584 5045 nem
612 5007 626 5046 :
656 4989 774 5046 Duo
804 4989 1052 5044 homines
1082 4989 1135 5043 in
1177 4987 1414 5058 quodam
1444 4987 1566 5043 loco
1615 4987 1904 5057 degebant,
1945 4990 2038 5059 qui

461 5080 624 5135 ambo
660 5088 905 5136 mortuos
961 5079 1235 5134 habebant
1289 5077 1432 5149 apud
1487 5093 1588 5144 se;
1637 5076 1848 5133 dimisit
1896 5096 2040 5135 unus

462 5180 736 5228 mortuum
755 5189 938 5238 suum,
968 5179 1130 5243 atque
1154 5170 1290 5226 abiit
1320 5171 1389 5226 ad
1415 5170 1734 5242 plorandum
1763 5180 2038 5227 mortuum

463 5262 691 5320 alterius
739 5265 874 5336 (τε).
925 5264 1172 5320 Audiens
1231 5277 1397 5333 porro
1449 5278 1639 5326 senex,
1680 5272 2041 5334 compunctus

463 5361 550 5410 est
582 5369 647 5411 ea
677 5357 948 5425 oratione,
988 5354 1417 5426 recordatusque
1437 5362 1522 5410 est
1549 5355 1627 5410 rei
1652 5370 1815 5426 quam
1842 5354 2044 5410 fecerat

2145 4524 2252 4588 ἕως
2292 4523 2401 4577 τῶν
2443 4515 2546 4578 ὧδε
2599 4524 2693 4576 καὶ
2745 4522 3012 4594 βλέπομεν
3055 4522 3338 4596 ἀλλήλους.
3389 4519 3499 4578 Ἶῐν
3545 4525 3604 4578 δὲ
3653 4523 3728 4596 μὴ

2147 4614 2508 4686 ἐξερχόμενος
2557 4614 2622 4667 ὲκ
2672 4611 2766 4666 τοῦ
2817 4611 3027 4665 κελλίου
3080 4611 3279 4666 αὑτοῦ·
3338 4613 3432 4666 καὶ
3489 4611 3731 4680 ἀκούσας

2149 4709 2366 4779 ἔλεγεν·
2401 4709 2465 4762 Ei
2516 4707 2590 4779 μὴ
2633 4708 2662 4760 6
2709 4705 2842 4771 Θεὸς
2876 4704 3291 4776 ἐπληροφόρησε
3333 4705 3425 4758 τὸν
3472 4706 3728 4776 γέροντα,

2148 4803 2249 4854 ούκ
2292 4799 2358 4854 ἂν
2391 4798 2634 4870 ἐπεμψεν
2671 4798 2755 4850 ἐπ’
2787 4796 2909 4868 ἐμέ.
2963 4797 3072 4849 Kal
3113 4796 3352 4860 ἀναστὰς
3410 4791 3542 4867 ἦλθε
3592 4795 3731 4867 πρὸς

2150 4892 2334 4946 αὐτόν.
2407 4891 2516 4944 Kal
2581 4889 2965 4960 ἀσπασάμενοι
3035 4885 3300 4959 ἀλλήλους
3359 4884 3498 4954 μετά
3553 4887 3733 4958 χαρᾶς

2151 4985 2430 5039 ἐκάθισαν.
2485 4979 2620 5037 Εῖπε
2667 4983 2723 5036 δὲ
2777 4981 2930 5051 αὑτῷ
2961 4980 3135 5044 ἀδὸᾶς
3184 4979 3429 5049 Ποιμήνο
3482 4977 3588 5032 Δύο
3634 4977 3732 5031 ἀν-

2150 5079 2358 5151 θρωποι
2386 5073 2527 5150 ἦσαν
2557 5077 2616 5130 ἐν
2653 5075 2803 5147 τόπῳ
2829 5074 2938 5128 τινὶ
2965 5073 3032 5139 ⁵⁸,
3058 5074 3154 5128 καὶ
3178 5072 3478 5143 ἀμφότεροι
3503 5070 3734 5142 νεκροὺς

2151 5167 2330 5243 εἶχον·
2367 5170 2548 5240 ἀφῆκε
2573 5169 2631 5222 δὲ
2664 5170 2692 5222 6
2729 5161 2808 5231 εἷς
2839 5166 2932 5221 τὸν
2964 5165 3157 5238 νεκρὸν
3180 5164 3368 5230 αὐτοῦ,
3397 5164 3490 5218 καὶ
3519 5161 3734 5233 ἀπῆλθρ

2151 5259 2384 5316 κλαῦσαι
2413 5259 2506 5313 τὸν
2545 5257 2638 5312 τοῦ
2697 5257 2904 5326 ἐτέρου.
2947 5255 3209 5318 Ἀκούσας
3236 5254 3292 5307 δέ
3331 5256 3360 5307 ὁ
3391 5253 3568 5323 γέρων
3594 5267 3701 5308 κατ

2151 5353 2318 5425 ενύγη
2350 5353 2443 5405 ἐπὶ
2469 5352 2547 5423 τῷ
2571 5351 2738 5423 λόγῳ,
2766 5351 2860 5404 καὶ
2898 5347 3143 5421 ἐμνήσθη
3174 5346 3204 5400 ὂ
3250 5345 3497 5417 ἐποίησε,
3527 5351 3618 5404 καὶ
3653 5346 3700 5402 εἳ

535 5509 584 5542 ⁸⁸
619 5507 706 5562 Al.
735 5509 861 5565 add.
900 5511 930 5563 6
950 5511 1007 5564 δὲ
1036 5513 1220 5584 ἄρχων
1253 5511 1518 5580 ἀκούσας,
1546 5512 1667 5567 τότε
1697 5512 1861 5567 αὐτὸν
1885 5513 2032 5571 amet

2142 5533 2178 5574 ι.
2252 5510 2298 5545 ⁸⁸
2335 5509 2422 5566 Al.
2458 5511 2560 5565 ἑνί.

475 5650 651 5780 “(76)
693 5651 798 5706 l'it.
830 5651 984 5708 Patr.
1018 5669 1137 5718 vui,
1193 5655 1284 5720 13;
1328 5655 1526 5712 Raderi
1563 5655 1822 5725 Vindan,
1862 5672 1943 5727 lu,
1987 5657 2039 5725 6,

2225 5653 2338 5720 (77l
2368 5651 2473 5707 Vit.
2508 5650 2659 5705 Patr.
2691 5666 2764 5711 Ix,
2796 5651 2848 5702 7.

2224 5727 2334 5800 (78)
2368 5723 2588 5780 lion-01h.
2617 5723 2795 5777 Doctr.
2826 5722 2878 5776 6.
