4012 6208
277 293 383 349 εει

1425 292 2035 352 ΔΡΟΡΗΤΙΙΕΟΜΑΤΑ
2075 297 2388 354 I’ATRUM.

3439 307 3550 363 3’22

283 422 387 459 ,κεν
413 421 430 435 -
470 402 702 475 Ποιμὴν,
730 401 850 456 άνω
877 403 923 434 ⁸⁸
954 401 1033 466 είς
1056 401 1156 472 ςδν
1189 401 1414 474 οὐρανόν
1433 420 1446 432 ·
1478 402 1588 473 ἐγὼ
1620 405 1676 458 δὲ
1724 405 1874 460 κάτω

1988 417 2031 463 et
2062 409 2232 463 dixit:
2265 407 2511 474 Pmmen,
2537 424 2757 466 sursum
2782 428 3001 469 sursum
3041 414 3099 470 in
3129 415 3303 484 cmlo;
3334 432 3434 488 ego
3461 433 3562 476 ve-

291 497 447 550 κάτω
480 497 557 558 είς
601 494 698 566 τὴν
729 496 855 567 γῆν.

368 592 430 655 ζ’.
485 588 801 661 Παρέὸαλόν
867 605 997 642 ποτε
1046 587 1301 659 γέροντες
1362 587 1544 642 πολλοὶ
1591 589 1670 660 τῷ
1733 589 1877 661 esse

301 680 553 750 Ποιμὲνι·
604 679 699 732 καὶ
738 677 845 731 ίδού
877 695 960 741 τις
999 677 1108 730 τῶν
1140 675 1236 730 τοῦ
1268 677 1414 731 assa
1457 678 1720 749 Πυιμένος
1764 675 1877 750 εἶχε

301 770 536 832 παιδίον,
589 767 786 822 καὶτὸ
844 766 1132 835 πρόσωπον
1190 765 1355 820 αὑτοῦ
1413 768 1534 820 κατ’
1597 768 1878 838 ἐνέργειαν

301 862 540 934 ἐστράφη
577 860 771 914 ὀπίσω.
808 859 920 912 Καὶ
952 857 1072 911 ἰδὼν
1104 859 1132 911 ὁ
1163 857 1348 929 πατὴρ
1375 857 1542 911 αὑτοῦ
1582 859 1642 911 τὸ
1677 857 1880 928 πλῆθος

300 951 402 1004 τῶν
451 951 734 1022 Πατὲρων,
781 949 963 1004 λαϐὼν
998 950 1057 1002 τὸ
1090 949 1300 1002 παιδίον
1330 947 1434 1012 ἔξω
1465 948 1558 1002 τοῦ
1603 967 1871 1022 μοναστη·

297 1043 413 1114 ρίου
465 1042 704 1112 ἐκάθητο
756 1040 978 1093 κλαίων.
1035 1039 1347 1111 Εὐκαίρησε
1397 1039 1455 1092 δέ
1507 1057 1613 1092 τινι
1665 1041 1879 1111 γέροντι

299 1135 537 1200 ἐξελθεῖν
558 1151 571 1164 ο
599 1134 690 1187 καὶ
726 1131 850 1186 ἰδὼν
872 1131 1032 1184 αὑτὸν
1061 1126 1181 1184 εἷπε
1198 1149 1211 1162 ’
1248 1131 1312 1184 Τί
1338 1131 1566 1196 κλαίεις,
1595 1131 1878 1204 ἄνθρωπε;

304 1229 366 1282 '0
398 1229 455 1281 δέ
498 1222 618 1280 εἷπε
638 1243 653 1256 ·
685 1226 962 1294 Συγγενής
984 1226 1096 1294 είμι
1128 1222 1223 1276 τοῦ
1253 1223 1398 1278 assa
1445 1224 1741 1294 Ποιμένος·
1782 1225 1878 1278 καὶ

307 1319 420 1373 ἰδοὺ
469 1317 660 1388 συνέϐη
709 1315 786 1386 τῷ
835 1314 1034 1385 παιδίῳ
1064 1313 1239 1386 τούτῳ
1271 1315 1300 1365 ὁ
1332 1314 1639 1386 πειρασμὸς
1686 1308 1876 1379 οὗτος·

305 1413 404 1464 καὶ
437 1411 674 1471 θέλοντες
705 1407 783 1478 τῷ
814 1406 1028 1478 γέροντι
1062 1410 1450 1476 προσενεγκεῖν
1494 1407 1644 1471 αὐτὸ,
1681 1407 1879 1479 ἐφοϐἡο

312 1503 520 1574 θημενο
559 1503 616 1555 οὐ
643 1501 754 1572 γὰρ
787 1499 928 1554 θέλει
965 1499 1092 1552 ίδεῖν
1135 1501 1304 1570 ἡμᾶς.
1353 1500 1463 1552 Kal.
1489 1499 1583 1553 νῦν
1612 1499 1706 1554 ἐὰν
1737 1499 1882 1573 μάθῃ

301 1596 385 1648 ὅτι
420 1589 519 1648 ὧδέ
553 1595 688 1664 είμι,
729 1591 935 1661 πέμπει
963 1590 1057 1644 καὶ
1091 1589 1278 1644 διώκει
1308 1607 1410 1661 με’
1442 1588 1552 1659 ἐγὼ
1581 1591 1636 1645 δὲ
1671 1590 1882 1661 βλέπων

301 1688 404 1756 τὴν
419 1686 722 1758 παρουσίαν
745 1683 919 1754 ὑμῶν,
935 1682 1208 1754 ἐτόλμησα
1237 1681 1428 1735 ἐλθεῖν.
1461 1680 1546 1746 Ὠς
1563 1682 1736 1747 θέλεις
1765 1677 1879 1747 οὖν,

1977 515 2038 554 ro
2069 500 2322 554 deorsum
2357 499 2412 553 in
2446 508 2615 562 terra.

2048 591 2100 644 7.
2127 591 2240 661 (79)
2275 590 2543 647 Adieruut
2576 592 2873 664 aliquando
2915 609 3075 650 senes
3103 596 3259 651 multi
3307 597 3562 654 abbatem

1977 676 2323 747 Pmmenem;
2357 695 2480 734 cum
2523 698 2651 737 ecce
2683 683 2906 754 quidam
2939 699 3007 738 ex
3060 685 3310 742 aﬂinibus
3347 688 3561 743 abbatis

1980 768 2258 827 Poemenis
2281 773 2506 828 haberet
2537 774 2730 839 filium,
2785 775 2944 844 cujus
2975 774 3144 831 facies
3175 778 3392 833 diabolo
3445 777 3560 833 eili-

1980 863 2159 920 ciente
2187 880 2454 920 conversa
2478 876 2598 921 erat
2626 875 2950 922 retrorsum.
2985 867 3172 938 Itaque
3205 880 3358 938 pater
3391 869 3561 924 intui-

1981 963 2070 1012 tus
2100 959 2503 1014 multitudinem
2531 957 2778 1024 Patrum,
2813 967 3095 1028 assumpto
3126 961 3237 1014 tilio
3259 969 3414 1015 extra
3440 976 3559 1015 mo-

1982 1050 2278 1104 nasterium
2305 1050 2528 1106 sedebat
2559 1052 2802 1122 plorans.
2829 1051 3071 1120 Contigit
3099 1060 3279 1106 autem
3334 1059 3393 1105 ιιι
3435 1053 3560 1122 qui-

1981 1137 2105 1192 dam
2145 1153 2304 1194 senex
2336 1141 2529 1194 exiret.
2563 1138 2612 1193 Is
2646 1154 2885 1194 cernens
2918 1154 3065 1201 eum,
3101 1139 3177 1193 ait
3222 1157 3236 1195 :
3270 1138 3411 1205 Quid
3443 1140 3560 1209 plo-

1983 1243 2096 1291 ras,
2169 1229 2364 1282 homo!
2423 1227 2758 1299 Respondit:
2814 1230 3094 1298 Cognatus
3157 1244 3276 1283 sum
3351 1229 3564 1287 abbatis

1983 1319 2276 1384 I‘mmenis,
2309 1327 2472 1390 atque
2503 1336 2569 1374 en
2603 1335 2773 1389 puero
2800 1320 2927 1372 huic
2959 1320 3158 1373 accidit
3182 1320 3282 1374 ista
3311 1321 3560 1386 tentatio;

1982 1410 2227 1466 volentes
2262 1419 2442 1465 autem
2494 1412 2610 1465 seni
2643 1411 2840 1464 otl‘erre
2871 1410 3173 1465 timuimus.
3199 1408 3383 1480 Neque
3413 1412 3560 1466 enim

1953 1529 1958 1536 ο
1983 1503 2098 1557 vult
2127 1503 2310 1557 videre
2331 1518 2454 1557 nos.
2483 1503 2660 1572 Atque
2687 1517 2833 1556 nunc
2873 1503 2917 1556 si
2943 1502 3270 1572 compererit
3295 1518 3380 1556 me
3403 1505 3562 1558 ades-

1985 1611 2062 1660 se,
2096 1595 2273 1649 mittet
2295 1610 2358 1648 ac
2385 1595 2620 1664 expellet
2647 1610 2750 1650 me.
2782 1593 2893 1664 Ego
2925 1611 3051 1650 vero
3073 1595 3165 1648 ubi
3195 1595 3305 1649 vidi
3353 1594 3561 1651 adven-

1983 1692 2101 1739 tum
2151 1693 2416 1750 vestrum,
2460 1700 2628 1740 ausus
2678 1701 2799 1740 sum
2841 1687 3044 1741 venire.
3093 1684 3560 1750 Quemadmodum

298 1780 460 1842 sese,
505 1778 730 1847 ἐλέησόν
780 1793 868 1848 με,
919 1776 1012 1828 καὶ
1059 1775 1190 1828 λάὸε
1239 1773 1300 1827 τὸ
1351 1774 1560 1827 παιδίον
1602 1774 1730 1841 ἔσω,
1787 1775 1881 1829 καὶ

1988 1789 2114 1845 ergo
2172 1776 2412 1838 libuerit,
2477 1775 2637 1842 abba,
2688 1776 2796 1830 mei
2857 1777 3153 1842 miserere;
3225 1776 3561 1832 inti-educito

299 1869 534 1935 εὔξασθε
573 1870 701 1939 περὶ
747 1869 791 1899 ³⁸
833 1866 1020 1920 αὑτοῦ.
1072 1867 1184 1919 Καὶ
1227 1863 1408 1918 λαϐὼν
1447 1864 1580 1918 αὐτὸ
1623 1867 1650 1918 ὁ
1700 1865 1878 1936 γέρων

300 1961 546 2032 εἰσῆλθε,
573 1961 665 2014 καὶ
685 1960 951 2032 ἐχρήσατο
975 1955 1274 2029 φρονίμως,
1298 1956 1392 2009 καὶ¹
1419 1957 1479 2008 οὐ
1510 1957 1880 2028 προσήνεγκεν

302 2055 438 2107 αὐτὸ
471 2050 669 2114 εὐθέως
697 2050 773 2121 τῷ
803 2047 946 2119 ἀϐὁᾷ
987 2047 1234 2118 Ποιμένι,
1269 2046 1406 2100 ἀλλά
1438 2045 1745 2118 ἀρξάμενος
1771 2046 1880 2100 ἀπὸ

304 2145 416 2197 τῶν
459 2143 796 2215 μικροτέρων
853 2139 1132 2208 ἀδελφῶν,
1191 2137 1376 2207 ἐλεγεο
1426 2138 1773 2207 Σφραγίσατε
1822 2139 1881 2191 τὸ

314 2239 543 2292 παιδίον.
585 2239 827 2308 Ποιήσας
861 2235 919 2288 δὲ
950 2234 1158 2299 πάντας
1189 2234 1329 2288 κατὰ
1357 2234 1674 2288 ἀκολουθίαν
1710 2250 1882 2305 σφρα-

300 2331 454 2396 γῖσαι
478 2327 630 2391 αὐτὸ,
661 2326 887 2397 ὕστερον
922 2325 1120 2396 ἧνεγκε
1168 2322 1246 2392 τῷ
1278 2322 1422 2393 ἀὸϐᾷ
1453 2321 1696 2393 Ποιμένι.
1735 2322 1794 2375 'O
1825 2321 1882 2374 δὲ

299 2421 402 2475 οὐκ
427 2419 585 2491 ᾗθελε
626 2418 757 2472 αὐτὸ
794 2417 1012 2488 ἐγγίσαι
1045 2415 1112 2469 ⁸⁵.
1143 2416 1208 2469 Οί
1238 2415 1296 2468 δὲ
1323 2414 1667 2485 παρεκάλουν
1695 2415 1878 2478 αὑτὸν,

301 2513 586 2580 λέγοντεςο
639 2511 855 2581 Ὠσπερ
900 2509 1121 2573 πάντες,
1164 2505 1260 2560 καὶ
1309 2506 1373 2559 σὺ
1422 2505 1490 2570 ⁸⁵,
1525 2505 1726 2576 Πάτερ.
1773 2505 1882 2558 Καὶ

304 2602 584 2668 στενάξας,
629 2600 869 2665 ἀναστὰς
913 2599 1124 2666 εὔξατο,
1169 2597 1384 2665 λέγων·
1436 2595 1495 2648 ὐ
1545 2595 1696 2661 Θεὸς,
1729 2596 1881 2649 ἷασαι

302 2696 365 2748 τὸ
399 2695 623 2764 πλάσμα
663 2709 778 2756 σου,
824 2692 911 2744 ἵνα
965 2691 1039 2762 μὴ
1085 2685 1348 2759 κυριευθῇ
1399 2686 1502 2740 ὑπὸ
1540 2686 1633 2739 τοῦ
1661 2686 1878 2756 ἐχθροῦ.

303 2785 414 2840 Καὶ
454 2783 762 2855 σφραγίσας
795 2782 924 2836 αὐτὸ
991 2781 1194 2844 εὐθέως
1226 2778 1578 2850 ἐθεράπευσε,
1637 2780 1733 2830 καὶ
1774 2779 1881 2831 ἀπ-

304 2877 476 2930 έδωκε
513 2875 593 2946 τῷ
618 2875 788 2946 πατρὶ
812 2873 975 2927 αὐτοῦ
1002 2871 1173 2941 ὑγιές.

371 2965 444 3039 η’.
480 2965 717 3036 Ἀπῆλθέ
743 2981 829 3028 τις
870 2963 1094 3032 ἀδελφός
1124 2979 1253 3015 ποτε
1284 2960 1392 3015 ἀπὸ
1416 2959 1525 3012 τῶν
1561 2957 1742 3031 μερῶν
1788 2959 1881 3012 τοῦ

310 3060 455 3114 assa
475 3058 742 3129 Ποιμένος
770 3056 861 3109 ἐπὶ
899 3055 1054 3127 ξένης
1075 3071 1088 3082 ⁸
1125 3055 1216 3108 καὶ
1253 3053 1558 3124 κατήντησε
1585 3049 1722 3129 πρός
1757 3066 1880 3104 τινα

303 3127 667 3222 ἀναχωρητὴν
701 3149 815 3200 ἐκεῖ
834 3163 848 3178 ο
888 3143 956 3218 ἦν
990 3146 1098 3216 γάρ
1125 3144 1265 3215 ἔχων
1295 3144 1537 3214 ἀγάπην,
1569 3143 1663 3196 καὶ
1696 3127 1880 3196 πολλοὶ

305 3243 537 3310 ἦρχοντο
569 3238 700 3309 πρὸς
735 3237 920 3292 αὐτόν.
971 3235 1283 3306 Ἀνήγγειλε
1325 3235 1381 3287 δὲ
1426 3233 1576 3302 αὐτῷ
1601 3234 1628 3286 ὁ
1657 3231 1884 3301 ἀδελφὸς

305 3330 372 3384 τὰ
401 3330 532 3400 περὶ
559 3326 652 3380 τοῦ
683 3327 826 3381 assa
854 3327 1139 3396 Ποιμένος.
1169 3326 1279 3379 Kal
1303 3324 1542 3387 ἀκούσας
1566 3323 1664 3392 τὴν
1688 3322 1886 3395 ἀρετὴν

307 3420 472 3474 αὐτοῦ
519 3422 857 3492 ἐπεπόθησεν
905 3419 1065 3473 αὑτὸν
1123 3418 1268 3471 ἰδεῖν.
1320 3415 1766 3488 ’Λνακάμψαντος
1828 3414 1886 3467 δὲ

307 3513 401 3567 τοῦ
440 3512 670 3582 ἀδελφοῦ
722 3513 802 3576 είς
834 3510 1132 3580 Αἴγυπτον,
1172 3507 1311 3579 μετὰ
1349 3506 1540 3578 χρόνον
1587 3506 1710 3560 τινὰ
1753 3506 1886 3559 ἀνα-

311 3605 441 3668 στὲς
491 3606 523 3657 ὁ
566 3602 944 3674 ἀναχωρητὴς,
978 3597 1140 3672 ἦλθεν
1188 3598 1296 3652 ἀπὸ
1341 3598 1439 3668 τῆς
1483 3593 1638 3668 ξένης
1672 3596 1751 3658 είς
1787 3592 1886 3647 Αί-

309 3713 514 3766 γυπτον
550 3695 686 3768 πρὸς
720 3696 812 3747 τόν
847 3710 975 3746 ποτε
1011 3690 1393 3765 παραϐαλόντα
1437 3687 1586 3759 αὑτῷ
1625 3686 1885 3756 ἀδελφόν·

309 3785 376 3857 ἦν
408 3787 518 3858 γὰρ
550 3786 716 3840 εἰπὼν
749 3783 896 3854 αὑτῷ
930 3782 1033 3837 ποῦ
1071 3783 1242 3854 μένει.
1295 3779 1440 3834 Ἰδὼν
1469 3779 1525 3833 δὲ
1560 3779 1720 3833 αὐτὸν
1747 3779 1888 3831 ὲκεῖ-

313 3897 399 3943 νος
435 3877 737 3948 ἐθαύμασε,
775 3876 867 3929 καὶ
896 3874 1069 3947 ἐχάρη
1121 3873 1263 3927 λίαν.
1293 3867 1429 3925 Εῐπε
1459 3867 1574 3926 δὲδ
1600 3872 1886 3941 ἀναχωρη-

314 3971 406 4041 ei};
427 3987 442 4001 ο
478 3969 712 4038 Ποίησον
737 3967 974 4038 ἀγάπην,
1009 3962 1140 4037 ἆρόν
1177 3982 1243 4036 με
1270 3963 1405 4036 πρὸς
1430 3963 1520 4016 τὸν
1556 3962 1728 4016 ἀ66ᾶν
1763 3963 1890 4014 Ποι-

316 4061 468 4129 μένα.
506 4061 620 4112 Ka‘t
653 4057 832 4111 λαϐὼν
865 4057 1024 4110 αὐτὸν
1059 4052 1187 4128 ἦλθε
1220 4055 1354 4126 πρὸς
1378 4054 1468 4107 τὸν
1495 4054 1727 4124 γέροντα
1753 4092 1767 4116 ,
1794 4053 1889 4105 καὶ

313 4151 632 4223 ἀνήγγειλεν
666 4148 813 4220 αὑτῷ
848 4149 918 4202 τά
951 4148 1079 4219 περὶ
1112 4147 1300 4212 αὐτοῦ,
1348 4145 1543 4214 λέγων,
1593 4145 1676 4198 ὅτι
1701 4145 1889 4213 Μέγας

314 4243 598 4316 ἅνθρωπός
633 4244 768 4316 ἐστι,
802 4242 898 4295 καὶ
943 4239 1143 4312 πολλὴν
1171 4239 1390 4308 ἀγάπην
1431 4235 1590 4306 ἔχων,
1634 4235 1728 4288 καὶ
1758 4234 1890 4288 πολ-

313 4337 409 4406 λὴν
446 4353 497 4388 τι
507 4334 611 4406 μὴν
643 4335 722 4396 είς
748 4332 846 4403 τὴν
876 4331 1056 4403 χώραν
1081 4328 1267 4383 αὑτοῦ.
1315 4326 1637 4397 Ἀνήγγειλα
1660 4325 1716 4378 δὲ
1742 4323 1888 4394 αὑτῷ

314 4429 444 4498 περὶ
493 4425 609 4490 σοῦ,
659 4425 752 4478 καὶ
797 4423 1077 4494 ἐπιθυμῶν
1118 4421 1245 4475 ίδεῖν
1295 4437 1353 4474 σε
1404 4414 1588 4490 ἦλθεν.
1642 4417 1888 4481 Ἐδέξατο

316 4515 404 4571 οὖν
457 4517 619 4570 αὑτὸν
668 4515 804 4586 μετά
841 4515 1035 4585 χαρᾶς,
1072 4513 1166 4567 καὶ
1214 4510 1588 4580 ἀσπασάμενοι
1629 4507 1888 4578 ἀλλήλους

319 4608 595 4662 ἐκάθισαν.
621 4606 732 4659 Καὶ
763 4604 964 4676 ἤρξατο
989 4604 1017 4656 ὁ
1051 4600 1259 4668 ξενικὸς
1284 4599 1466 4652 λαλεῖν
1492 4598 1601 4651 ἀπὸ
1625 4597 1724 4668 τῆς
1751 4597 1890 4669 Πρα-

321 4703 443 4772 φῆς,
475 4698 611 4769 περὶ
644 4692 1028 4766 πνευματικῶν
1061 4691 1154 4746 καὶ
1203 4688 1489 4760 οὐρανίων.
1533 4687 1800 4758 Ἔστρεψε
1833 4685 1889 4739 δὲ

317 4793 344 4844 ὁ
370 4791 541 4853 ἁϐὁίς
573 4788 782 4860 Ποιμὴν
816 4786 875 4840 τὸ
899 4785 1187 4856 πρόσωπον
1219 4780 1406 4848 αὐτοῦ,
1434 4781 1531 4834 καὶ
1556 4780 1657 4833 οὐκ
1696 4778 1893 4832 ἔδωκεν

317 4881 464 4951 αὑτῷ
501 4879 810 4949 ἀπόκρισιν.
868 4875 1014 4930 Ἰδὼν
1063 4875 1120 4928 δὲ
1153 4875 1234 4927 ὅτι
1267 4873 1328 4926 οὐ
1369 4872 1519 4925 λαλεῖ
1551 4872 1667 4942 μετ’
1703 4867 1888 4936 αὐτοῦ,

318 4972 577 5044 λυπηθεὶς
611 4969 823 5040 ἐξῆλθε,
852 4968 944 5021 καὶ
971 4966 1119 5034 λέγει
1151 4964 1228 5036 τῷ
1259 4962 1472 5032 ἁδελφῷ
1501 4961 1576 5031 τῷ
1609 4963 1891 5029 ἐνέγκαντι

319 5062 476 5116 αὐτόν
499 5078 514 5092 ο
551 5060 644 5122 Εἰς
675 5058 853 5130 μάτην
885 5058 1115 5127 ἐποίησα
1140 5055 1267 5124 ὃλην
1298 5053 1396 5124 τὴν
1423 5051 1729 5120 ἀποδημίαν
1763 5049 1893 5102 ταύ-

317 5170 434 5222 την.
471 5147 677 5204 Ἦλθον
720 5147 830 5218 γάρ
879 5146 1012 5217 πρὸς
1044 5145 1136 5198 τὸν
1188 5143 1422 5214 γέροντα
1447 5156 1458 5169 ·
1501 5141 1594 5192 καὶ
1635 5139 1742 5192 ίδοὺ
1773 5139 1891 5192 οὐδὲ

317 5243 546 5307 λαλῆσαι
573 5241 715 5294 θέλει
748 5240 865 5310 μετ’
893 5237 1050 5308 ἐμοῦ.
1089 5235 1322 5306 Είσῆλθε
1351 5233 1407 5286 δὲ
1445 5235 1472 5286 ὁ
1503 5230 1729 5299 ἀδελφὸς
1759 5230 1894 5304 πρὸς

319 5331 408 5384 τὸν
439 5332 611 5384 ἀϐϐἇν
647 5331 905 5401 Ποιμένα,
949 5329 1042 5381 καὶ
1073 5328 1220 5397 λέγει
1260 5325 1438 5397 αὐτῷ’
1483 5325 1668 5387 ’Δ66ἇ,
1695 5323 1785 5377 διὰ
1831 5323 1890 5374 σὲ

317 5416 479 5490 ἦλθεν
505 5424 534 5475 ὁ
567 5425 738 5492 μέγας
771 5421 1056 5491 ἄνθρωπος
1085 5414 1257 5482 οὗτος,
1280 5418 1417 5488 ἔχων
1439 5416 1704 5486 τοσαύτην
1733 5413 1888 5481 δόξαν

385 5567 430 5599 ιι
453 5563 537 5616 Al.
571 5562 738 5616 inser.
777 5562 906 5616 ἄνω.
985 5561 1031 5593 η
1053 5560 1326 5632 Α1.ὑπέρ.

388 5701 502 5773 (79)
545 5701 654 5756 Vit.
691 5699 842 5756 Patr.
881 5719 938 5768 ιι,
973 5702 1072 5765 I0;
1103 5717 1213 5766 xlv,
1255 5703 1303 5757 I.

1980 1881 2232 1936 puerum,
2264 1876 2314 1922 et
2340 1877 2494 1923 orate
2525 1883 2624 1938 pro
2648 1868 2762 1922 illo.
2789 1868 2967 1923 Senex
3021 1883 3308 1923 assumens
3335 1883 3562 1937 puerum

1980 1958 2222 2013 intravit.
2251 1958 2423 2013 Porro
2466 1975 2600 2014 usus
2631 1967 2715 2014 est
2744 1959 3066 2029 prudentia;
3103 1976 3202 2013 nec
3231 1961 3416 2014 statim
3450 1962 3552 2014 ob-

1979 2050 2109 2104 tulit
2161 2050 2341 2104 abbati
2379 2048 2660 2114 Pcemeni;
2699 2050 2795 2104 sed
2855 2051 3126 2120 incipiens
3180 2065 3211 2104 a
3253 2050 3560 2105 minoribus

1977 2142 2261 2207 fratribus,
2317 2141 2534 2196 dicebat
2586 2158 2600 2195 :
2655 2142 2984 2212 Consignate
3033 2157 3279 2210 puerum.
3316 2140 3561 2210 Cumque

1979 2234 2201 2291 fecisset
2238 2242 2355 2288 uta
2388 2233 2604 2289 cunctis
2636 2249 2700 2289 ex
2740 2233 2932 2288 ordine
2971 2234 3411 2303 consignaretur,
3461 2233 3561 2288 de-

1979 2343 2130 2381 mum
2161 2326 2344 2381 abbati
2383 2325 2626 2380 Pmmcni
2667 2325 2865 2379 attulit.
2902 2325 2954 2380 Is
3000 2325 3222 2379 nolebat
3267 2333 3326 2379 ut
3379 2324 3449 2378 ad
3497 2338 3560 2380 se

1979 2417 2461 2489 appmpinquaret.
2505 2419 2575 2468 At
2625 2417 2703 2470 illi
2749 2417 3040 2486 rogabant,
3085 2415 3371 2471 dicentes:
3407 2415 3563 2471 Sicut

1981 2508 2186 2571 caeteri,
2212 2515 2266 2562 et
2304 2516 2383 2572 tu,
2421 2507 2598 2560 Pater.
2626 2505 2780 2560 Tunc
2803 2507 3170 2577 ingemiscens
3193 2508 3455 2573 surrexit,
3483 2515 3564 2562 at-

1980 2613 2085 2668 que
2107 2597 2180 2651 ita
2203 2605 2466 2667 precatus
2505 2604 2622 2652 est:
2665 2599 2827 2658 Deus,
2863 2611 2997 2652 sana
3023 2602 3346 2665 {creaturam
3389 2606 3562 2665 tuam,

1981 2704 2049 2744 ne
2077 2688 2147 2742 ab
2172 2687 2332 2742 hoste
2363 2689 2416 2740 in
2442 2687 2757 2742 servitutem
2781 2688 3079 2758 redigatur.
3106 2687 3170 2742 Et
3199 2704 3322 2744 cum
3355 2691 3566 2760 signas-

1981 2789 2064 2837 set
2084 2795 2231 2843 eum,
2269 2779 2419 2833 illico
2439 2778 2675 2842 curavit,
2707 2794 3014 2849 sanumque
3040 2783 3188 2850 patri
3229 2781 3490 2838 restituit.

2051 2949 2104 3004 8.
2137 2950 2257 3021 (80)
2288 2951 2596 3022 Aliquando
2641 2953 2867 3023 quidam
2925 2953 3113 3020 frater,
3152 2958 3222 3011 ab
3250 2958 3365 3012 oris
3406 2959 3565 3013 abba-

1984 3037 2056 3092 tis
2079 3038 2353 3094 I’cemenis
2381 3041 2637 3095 discessit
2680 3043 2734 3096 in
2763 3044 3106 3113 peregrinam
3154 3051 3388 3110 terram;
3425 3046 3564 3099 illic-

1987 3145 2094 3200 que
2130 3131 2277 3185 venit
2305 3129 2372 3184 ad
2400 3131 2687 3202 quemdam
2729 3135 3143 3200 anachoretam,
3183 3135 3272 3205 qui
3299 3135 3564 3190 cbaritate

1987 3223 2247 3292 praeditus
2275 3231 2413 3290 erat,
2448 3231 2502 3278 et
2534 3240 2696 3293 quem
2727 3225 2951 3279 adibant
2971 3226 3147 3280 multi.
3197 3225 3388 3281 Frater
3424 3243 3565 3282 nun—

1987 3314 2146 3368 tiavit
2186 3315 2235 3369 ei
2269 3315 2337 3369 de
2390 3315 2585 3370 abbate
2619 3314 2894 3371 Pmmene.
2955 3316 3049 3372 Ille
3095 3317 3295 3373 auditis
3328 3319 3564 3376 hominis

1986 3406 2305 3472 virtutibus,
2339 3406 2616 3462 desiderio
2649 3415 2828 3464 tactus
2855 3417 2938 3462 est
2999 3409 3216 3463 videndi
3267 3425 3416 3465 eum.
3458 3411 3565 3467 lie-

1988 3511 2146 3552 verso
2167 3497 2333 3567 igitur
2362 3497 2530 3553 fratre
2570 3499 2625 3553 in
2658 3497 2974 3569 Egyptum,
3007 3500 3171 3569 paqu
3210 3510 3334 3570 post
3369 3517 3565 3558 exsur-

1987 3604 2120 3661 gens
2141 3590 2492 3654 anachoreta,
2521 3606 2551 3646 e
2580 3591 2803 3660 regione
2831 3600 3017 3646 extera
3055 3595 3294 3661 perrexit
3322 3594 3375 3648 in
3398 3593 3569 3664 Aigy-

1989 3688 2166 3750 ptum,
2191 3681 2258 3734 ad
2281 3681 2435 3734 illum
2466 3680 2692 3736 fratrem
2722 3683 2815 3750 qui
2850 3682 3030 3750 ipsum
3056 3693 3410 3750 convenerat;
3439 3701 3564 3740 nam

1990 3769 2330 3824 indicaverat
2361 3770 2412 3824 ei
2444 3770 2535 3823 ubi
2571 3780 2840 3825 maneret.
2877 3769 3081 3825 Videns
3102 3780 3282 3826 autem
3303 3790 3428 3828 eum
3454 3775 3562 3841 ille,

1990 3860 2296 3917 demiratus
2329 3871 2432 3927 est,
2467 3869 2521 3916 et
2538 3861 2696 3916 valde
2728 3869 2812 3917 est
2873 3863 3117 3932 gavisus.
3145 3862 3289 3918 Dixit
3323 3867 3564 3920 anacho-

1990 3957 2148 4004 reta:
2180 3949 2385 4006 Exerce
2429 3950 2751 4006 cbaritatem
2775 3990 2790 4015 ,
2821 3951 2928 4005 duc
2955 3967 3039 4005 me
3067 3956 3134 4006 ad
3167 3953 3415 4008 abbatem
3442 3954 3568 4010 Ρω-

1992 4056 2230 4097 menem.
2261 4040 2447 4112 Itaque
2480 4057 2768 4097 assumens
2803 4057 2949 4104 eum,
2987 4044 3231 4110 pervenit
3263 4043 3330 4099 ad
3354 4059 3564 4103 senem.

1991 4131 2094 4186 Cui
2133 4132 2401 4186 nuntiavit
2440 4135 2559 4202 quin
2581 4131 2650 4185 ad
2675 4132 2852 4202 ipsum
2884 4132 3226 4202 spectabant,
3254 4134 3337 4188 bis
3362 4135 3564 4191 verbis:

1992 4222 2223 4294 Magnus
2278 4223 2362 4276 vir
2416 4231 2520 4290 est,
2576 4224 2842 4278 cbaritate
2870 4224 3062 4289 multa,
3100 4224 3303 4294 ingenti
3359 4224 3568 4280 bonore

1994 4315 2136 4384 apud
2169 4330 2332 4370 suos:
2367 4314 2434 4369 de
2467 4323 2518 4368 te
2553 4313 2873 4368 annuntiavi
2924 4314 2994 4376 ei,
3031 4323 3086 4368 et
3127 4315 3356 4384 cupiens
3384 4315 3569 4370 videre

1993 4415 2066 4471 te,
2093 4405 2331 4461 advenit.
2368 4405 2620 4476 Suscepit
2674 4422 2803 4477 ergo
2856 4405 3008 4459 illum
3064 4421 3190 4461 cum
3242 4408 3462 4473 laetitia;
3516 4417 3570 4462 et

1993 4505 2284 4568 postquam
2319 4511 2378 4550 se
2402 4505 2590 4550 mutuo
2615 4496 2965 4559 salutassent,
3002 4495 3390 4551 consederunt.
3414 4494 3570 4551 Tunc

1991 4589 2310 4660 peregrinus
2341 4589 2510 4657 cmpit
2541 4588 2688 4658 loqui
2719 4605 2784 4642 ex
2823 4588 3127 4657 Scriptura,
3161 4589 3229 4642 de
3259 4589 3423 4643 rebus
3451 4589 3570 4658 spi-

1990 4679 2282 4733 ritualibus
2315 4686 2368 4731 et
2403 4678 2743 4734 coelestibus.
2784 4679 2853 4732 At
2900 4679 3071 4732 abbas
3120 4677 3342 4733 Pmmen
3396 4679 3565 4732 vertit

1993 4771 2210 4836 faciem,
2245 4787 2345 4826 nec
2384 4786 2711 4840 responsum
2764 4770 3024 4825 reddidit.
3067 4768 3222 4826 Unde
3259 4771 3307 4826 is
3335 4785 3567 4825 cernens

1996 4864 2138 4935 quod
2166 4879 2272 4918 non
2299 4863 2722 4933 colloqueretur,
2758 4863 2934 4917 tristis
2967 4877 3224 4932 egressus
3246 4867 3349 4916 est.
3388 4859 3564 4914 Dixit-

1995 4971 2102 5026 que
2143 4956 2300 5011 fratri
2338 4956 2430 5026 qui
2456 4971 2580 5010 eum
2629 4955 2893 5008 duxerat:
2924 4953 3146 5008 Frustra
3179 4952 3318 5006 hanc
3351 4965 3565 5005 omnem

1993 5047 2488 5117 peregrinationem
2523 5046 2759 5114 suscepi.
2804 5043 2941 5100 Veni
2975 5058 3210 5112 namque
3245 5041 3312 5096 ad
3338 5056 3564 5110 senem;

1995 5153 2123 5194 ecce
2148 5153 2279 5193 vero
2311 5152 2490 5207 neque
2541 5152 2754 5192 mecum
2786 5134 3024 5204 colloqui
3059 5134 3192 5188 vult.
3229 5131 3418 5202 Itaque
3451 5132 3568 5186 fra-

1996 5238 2077 5286 ter
2112 5231 2396 5299 ingressus
2423 5227 2490 5282 ad
2523 5229 2774 5284 abbatem
2797 5226 3105 5282 Pammenem
3135 5243 3148 5278 :
3176 5223 3565 5293 Abba.inquit,

2003 5329 2224 5391 propter
2257 5328 2310 5374 te
2346 5320 2583 5374 accessit
2613 5335 2845 5388 magnus
2875 5317 2977 5372 iste
3003 5316 3186 5381 homo,
3218 5322 3370 5371 tanta
3395 5314 3569 5385 gloria

1997 5413 2051 5467 in
2086 5412 2207 5466 loco
2254 5425 2356 5466 suo
2388 5410 2692 5480 refulgens;
2729 5425 2901 5480 quare
2950 5425 3058 5464 non
3101 5408 3409 5466 diSSeruisti
3443 5422 3569 5463 cum

1408 5560 1456 5592 ⁸³
1478 5559 1562 5614 Al.
1591 5556 1906 5628 σφραγῖσαι.
1985 5553 2030 5584 ⁸⁵
2061 5549 2146 5604 Al.
2172 5549 2342 5604 inser.
2373 5547 2618 5619 ποίησον.

2059 5690 2168 5764 (80)
2211 5691 2320 5746 Vit.
2356 5691 2504 5746 Patr.
2543 5707 2621 5759 ιιι,
2650 5689 2787 5756 18ι;
2822 5705 2875 5752 x.
2901 5690 2990 5746 59.
