4012 6208
393 282 498 342 323

1522 271 1870 330 APPENDIX
1911 269 2005 326 AD
2045 267 2388 326 PALLADIU
2401 267 2470 323 Μ.

3539 259 3648 318 εει

395 401 498 458 eo?
529 397 752 468 Excepit
791 409 957 450 senex
985 413 998 449 :
1031 392 1126 448 ille
1158 407 1188 447 e
1220 389 1475 462 supernis
1501 399 1606 454 est,
1643 402 1697 446 et
1722 388 1967 444 emlestia

2106 388 2152 450 ig
2183 386 2273 439 τὸν
2306 386 2468 440 τόπον
2515 383 2678 438 αὑτοῦ
2700 401 2713 416 ·
2755 384 2849 438 καὶ
2885 383 3024 438 διατὶ
3060 384 3160 437 οὐκ
3207 380 3476 453 ὲλάλησας
3531 382 3655 452 μετ’

398 490 675 562 loquitur;
711 500 810 555 ego
849 499 977 539 vero
1009 500 1075 539 ex
1103 482 1471 538 inferioribus
1502 495 1647 544 sum,
1671 488 1725 535 et
1749 487 1968 534 terrena

2106 475 2272 544 0106;
2316 476 2476 545 Λέγει
2510 475 2658 546 αὐτῷ
2703 477 2731 529 0
2764 475 2976 546 γέρων·
3021 475 3190 538 Αὐτὸς
3227 473 3336 527 τῶν
3365 473 3478 528 ἄνω
3513 474 3654 536 ἐστὶ,

397 561 607 648 loquor.
648 578 704 630 Si
737 591 1042 632 sermonem
1068 575 1135 631 ad
1161 590 1246 630 me
1267 573 1551 629 habuisset
1589 571 1657 628 de
1681 571 1969 627 affectibus

2106 571 2167 624 :al
2199 569 2496 640 ἐπουράνια
2546 566 2718 631 λαλεῖ,
2769 565 2878 636 ἐγὼ
2923 565 2979 619 δὲ
3026 566 3133 620 τῶν
3176 565 3327 620 κάτω
3370 565 3504 636 εἰμὶ,
3559 561 3660 620 καὶ

397 670 588 733 animi,
619 669 666 724 ei
698 668 1125 737 respondissem.
1157 665 1312 732 Quod
1357 665 1403 719 si
1435 671 1631 734 agatur
1651 663 1717 717 de
1745 661 1977 716 caelesti-

407 765 532 827 bus,
575 777 675 829 ego
717 763 807 815 illa
842 761 1051 815 nescio.
1087 759 1356 829 Egressus
1392 758 1575 827 itaque
1601 756 1768 811 frater
1829 762 1978 810 retu-

400 854 464 908 lit
499 853 822 923 peregrino:
870 852 1048 907 Senex
1085 865 1193 904 non
1245 849 1404 903 facile
1443 849 1510 902 de
1548 845 1849 916 Scripturis
1899 844 1979 898 loc

398 942 626 1012 quitur;
662 941 755 995 sed
817 941 862 994 si
896 940 1024 1009 quis
1076 936 1349 1008 rogaverit
1374 937 1440 990 de
1474 935 1640 988 animi
1671 932 1975 992 affectibus,

401 1046 728 1101 responsum
783 1029 896 1082 dat.
950 1028 1042 1082 Ille
1090 1033 1454 1102 compunctus
1489 1039 1674 1079 senem
1720 1022 1895 1086 adiit,
1926 1028 1981 1074 et

403 1125 481 1179 ait
505 1125 592 1180 ei:
626 1122 767 1190 Quid
808 1121 1024 1185 faciam,
1085 1119 1246 1183 abba,
1301 1115 1744 1187 quandoquidem
1802 1112 1982 1167 domi-

403 1227 608 1274 nantur
650 1216 781 1270 mihi
822 1215 993 1268 animi
1029 1211 1291 1268 allectus?
1323 1209 1478 1264 Tunc
1519 1208 1695 1263 oculis
1753 1207 1806 1261 in
1858 1219 1982 1258 eum

402 1309 686 1378 conjectis,
728 1307 884 1361 betas
935 1320 1102 1361 senex
1140 1301 1293 1357 iniit:
1335 1300 1494 1355 Modo
1551 1300 1689 1354 bene
1739 1297 1982 1360 venisti;

402 1416 553 1456 nunc
584 1398 733 1469 aperi
776 1413 839 1453 os
860 1405 1015 1452 tuum
1049 1397 1116 1450 de
1140 1395 1251 1457 his,
1287 1400 1342 1446 et
1373 1390 1610 1461 implebo
1631 1388 1764 1444 illud
1801 1388 1982 1442 bonis.

405 1494 498 1548 Ille
531 1506 660 1546 vero
691 1489 985 1558 plurimmn
1037 1487 1232 1540 anima:
1261 1481 1609 1538 commodum
1649 1495 1773 1533 cum
1810 1479 1989 1547 cepis-

404 1590 508 1644 set,
537 1577 819 1648 professus
841 1583 961 1629 est:
999 1572 1164 1626 Plane
1199 1575 1314 1625 haec
1340 1580 1424 1623 est
1451 1583 1579 1622 vera
1610 1566 1719 1621 via.
1755 1564 1990 1620 Gratiis-

405 1688 512 1743 que
536 1672 646 1724 Deo
673 1669 811 1722 actis
835 1667 978 1736 quod
1004 1680 1128 1720 cum
1164 1661 1436 1733 ejusmodi
1468 1669 1660 1716 saneto
1697 1659 1990 1714 meruisset

406 1763 718 1824 convenire,
754 1774 1006 1816 reversus
1037 1764 1120 1812 est
1154 1756 1216 1810 in
1246 1755 1521 1826 regionem
1544 1766 1722 1809 suam.

492 1935 536 1992 9.
574 1935 685 2007 (8|)
723 1933 1148 2004 Comprehendit
1186 1930 1481 2001 aliquando
1535 1935 1716 1982 rector
1767 1928 1992 1996 provin-

407 2032 508 2088 cize
535 2029 825 2100 quemdam
859 2044 890 2083 e
927 2028 1046 2081 vico
1077 2026 1288 2079 abbatis
1315 2023 1620 2088 Pcemenis;
1651 2029 1705 2075 et
1724 2029 1992 2076 venerunt

407 2125 618 2189 cuncti,
667 2136 851 2176 senem
896 2127 1152 2188 rogantes
1202 2125 1259 2171 ut
1294 2117 1490 2180 abiret,
1537 2131 1771 2186 eumque
1800 2130 1830 2169 e
1869 2128 1992 2169 car-

408 2232 534 2273 cere
561 2215 857 2270 emitteret.
886 2211 1029 2264 Dixit
1057 2211 1172 2266 eis:
1209 2207 1385 2263 Sinite
1415 2223 1501 2262 me
1525 2209 1642 2262 dies
1667 2216 1800 2270 tres.
1829 2215 1992 2261 tune-

409 2324 519 2379 que
563 2306 906 2377 proticisrar.
935 2302 1123 2357 Oravit
1155 2315 1286 2370 ergo
1322 2299 1492 2354 abbas
1520 2298 1749 2354 Posmen
1787 2297 1854 2351 ad
1887 2297 1994 2350 D0-

412 2402 645 2463 minum,
680 2398 764 2451 his
794 2395 974 2449 verbis
1001 2392 1302 2455 :-Domine,
1336 2407 1404 2444 ne
1441 2390 1661 2445 dederis
1695 2390 1828 2444 mihi
1854 2390 1995 2444 hanc

410 2492 682 2562 gratiam:
725 2489 861 2541 alias
905 2501 1014 2539 non
1062 2482 1384 2553 permissuri
1407 2490 1536 2536 sunt
1568 2496 1654 2537 me
1695 2481 1885 2536 sedere
1939 2481 1994 2536 in

415 2585 518 2637 hoc
562 2582 703 2634 loco.
742 2577 897 2633 Venit
946 2592 1078 2646 ergo
1109 2590 1300 2638 senex,
1361 2574 1681 2643 rogavitque
1729 2573 1991 2644 judicent.

414 2669 520 2737 Qui
553 2669 621 2723 ad
669 2683 793 2723 eum
832 2666 979 2721 infit:
1014 2667 1120 2720 Pro
1151 2667 1364 2720 latrone
1396 2680 1581 2736 rogas,
1608 2663 1785 2719 abba?
1817 2663 1996 2719 Senex

415 2769 597 2815 autem
633 2760 856 2829 gavisus
889 2766 998 2824 est,
1040 2756 1185 2827 quod
1217 2756 1448 2826 gratiam
1491 2755 1560 2810 ab
1597 2770 1661 2810 eo
1689 2770 1796 2808 non
1838 2769 1998 2809 acce-

416 2853 609 2922 pisset.

490 2944 574 2998 10.
609 2942 979 2998 Narravcrunt
1007 2939 1250 3011 quidam,
1297 2938 1444 3008 quod
1487 2936 1782 3008 aliquando
1828 2937 1998 2991 abbas

417 3035 638 3093 Ptemen
665 3045 718 3089 et
771 3033 967 3088 fratres
1018 3033 1139 3101 ejus
1195 3032 1529 3085 conficerent
1567 3029 1841 3084 scolaces:
1895 3042 1996 3082 nec

419 3127 768 3198 procedebat,
792 3124 937 3194 quod
971 3139 1078 3178 non
1112 3123 1376 3177 haberent
1405 3120 1549 3175 unde
1577 3129 1820 3174 emerent
1856 3118 2000 3172 funi-
2027 3106 2072 3163 C

419 3218 594 3273 culos.
639 3213 704 3266 Et
752 3215 953 3282 aliquis
986 3212 1066 3266 eis
1098 3211 1301 3264 charos
1328 3223 1441 3263 rem
1495 3206 1740 3262 narravit
1783 3205 2001 3260 cuidam

419 3303 733 3366 mercatori,
772 3300 977 3354 homini
1005 3301 1114 3369 pio.
1143 3298 1411 3352 Caeterum
1447 3297 1615 3351 abbas
1649 3295 1870 3350 Pmmen
1906 3309 2004 3348 no-

422 3391 567 3446 lebat
603 3389 881 3459 quidpiam
917 3403 947 3440 a
981 3400 1256 3455 qucquam
1290 3384 1570 3453 accipere,
1607 3383 1674 3437 ad
1723 3381 2003 3437 vitandam

422 3480 683 3534 nimirum
719 3477 892 3530 turbae
942 3476 1308 3530 vexationem.
1344 3473 1531 3543 itaque
1576 3483 1870 3537 mercator,
1903 3487 2005 3526 cu-

424 3571 581 3642 piens
629 3584 767 3638 opus
821 3567 937 3622 seni
991 3567 1281 3628 conficere,
1331 3566 1619 3636 praetexuit
1651 3566 1896 3635 indigere
1948 3579 2007 3620 se

425 3659 753 3716 scolaeibns.
810 3657 877 3710 Et
905 3656 1133 3710 adduxit
1184 3661 1473 3719 camelum.
1511 3657 1874 3727 sumpsitque.
1903 3655 2008 3711 Vc-

438 3753 599 3807 niens
640 3761 820 3804 autem
873 3750 1040 3804 frater
1073 3748 1138 3802 ad
1171 3750 1419 3804 abbatem
1451 3749 1782 3814 Pcemenem,
1821 3747 2006 3802 audito

431 3842 579 3912 quod
615 3841 818 3896 fecerat
851 3848 1146 3904 mercator,
1190 3847 1248 3892 ut
1278 3840 1371 3909 qui
1419 3841 1577 3894 vellet
1610 3841 1829 3894 laudare
1856 3854 2005 3904 eum,

428 3935 582 3988 iniit:
619 3933 784 3998 Sane,
805 3933 967 3996 abba,
991 3932 1093 3987 etsi
1119 3946 1228 3986 non
1256 3931 1542 4001 indigeret,
1568 3932 1777 4001 accepit
1803 3939 2006 3991 tamen,

427 4041 539 4094 quo
592 4025 754 4079 nobis
805 4039 945 4093 opus
982 4024 1204 4077 faceret.
1249 4022 1490 4077 Audiens
1525 4038 1654 4078 vero
1689 4023 1856 4077 abbas
1884 4020 2008 4076 Ρω-

440 4130 588 4178 tnen,
629 4113 835 4182 absque
866 4112 1165 4182 indigentia
1226 4114 1550 4182 sumpsisse,
1605 4113 1742 4166 dixit
1793 4111 1946 4166 fratri
1993 4131 2005 4166 :

435 4204 636 4270 Surge,
665 4203 878 4256 conduc
903 4203 1193 4266 camclum,
1223 4209 1277 4256 et
1303 4202 1436 4256 aii'er
1470 4204 1614 4256 illos.
1644 4199 1800 4265 Quod
1826 4201 1871 4255 si
1900 4216 2010 4256 non

433 4293 710 4357 attuleris,
743 4292 966 4346 Ptemen
1007 4293 1096 4346 hic
1134 4307 1241 4346 non
1272 4294 1506 4363 amplius
1539 4293 1798 4348 residebit
1827 4293 2011 4347 vobis-

2078 663 2300 729 ἐπίγεια
2344 660 2508 714 λαλῶ.
2557 661 2619 712 Ei
2666 658 2893 728 ἐλάλησέ
2931 675 3020 730 μοι
3055 658 3183 730 περὶ
3229 655 3416 710 παθῶν
3455 655 3659 727 ψυχῆς,

2076 750 2185 819 ἐγὼ
2213 752 2279 804 ἂν
2308 747 2689 820 ἀπεκρινάμην
2721 747 2867 818 αὐτῷ
2886 764 2900 778 ο
2937 747 2985 800 εἰ
3004 746 3059 800 δὲ
3089 747 3217 816 περὶ
3250 744 3656 817 πνευματικῶν,

2083 841 2194 910 ἐγὼ
2225 840 2397 894 ταῦτα
2428 840 2528 892 οὐκ
2557 833 2694 891 οἶδα.
2743 835 3002 902 Ἐξελθὼν
3033 832 3125 890 οὖν
3159 838 3187 890 0
3227 835 3454 905 ἀδελφὸς
3507 830 3663 890 εἶπεν

2082 933 2230 1004 αὐτῷ
2251 947 2265 962 ⁶
2309 933 2367 985 Ὀ
2397 931 2575 1001 γέρων
2603 930 2663 983 οὐ
2704 929 2914 1000 ταχέως
2943 928 3050 982 ἀπὸ
3075 928 3295 999 Γραφῆς
3331 927 3483 980 λαλεῖ
3501 947 3512 957 ·
3543 922 3662 982 ἀλλ’

2082 1025 2176 1078 ἐάν
2202 1041 2286 1086 τις
2319 1021 2467 1092 αὐτῷ
2499 1020 2632 1090 λαλῇ
2680 1019 2808 1090 περὶ
2843 1018 3032 1072 παθῶν
3076 1015 3274 1088 ψυχῆς,
3308 1017 3662 1087 ἀποκρίνεται

2083 1114 2255 1186 αὐτῷ.
2295 1115 2354 1167 '0
2382 1114 2439 1167 δὲ
2493 1111 2819 1179 κατανυγεὶς
2855 1108 3070 1179 εἰσῆλθε
3117 1109 3252 1179 πρὸς
3283 1107 3373 1160 τὸν
3408 1108 3661 1179 γέροντα,

2084 1209 2179 1262 καὶ
2203 1206 2350 1275 λέγει
2384 1203 2534 1275 αὐτῷ
2554 1221 2568 1234 ο
2600 1204 2665 1256 Ti
2689 1203 2918 1274 ποιήσω,
2948 1200 3112 1266 ά66ἄ,
3135 1200 3665 1272 ὃτικατακυριεύου-

2089 1297 2140 1351 σί
2177 1315 2278 1369 μου
2337 1296 2408 1350 τά
2473 1295 2620 1366 πάθη
2663 1295 2762 1365 τῆς
2794 1293 3007 1364 ψυχῆς
3039 1294 3150 1346 Kal
3182 1293 3485 1364 προσέσχεν
3515 1291 3665 1362 αὐτῷ

2085 1391 2116 1443 0
2162 1391 2340 1461 γέρων
2374 1388 2603 1459 χαίρων,
2658 1387 2752 1441 καὶ
2797 1385 2987 1439 εἶπεν
3047 1387 3206 1456 ’Ἄρτι
3253 1385 3432 1450 καλῶς
3462 1381 3664 1457 ἦλθες*

2088 1482 2181 1537 νῦν
2231 1483 2441 1549 ἄνοιξόν
2482 1499 2576 1535 σου
2619 1481 2666 1513 ³⁸
2691 1481 2752 1533 τὸ
2784 1481 2956 1549 στόμα
2993 1479 3120 1550 περὶ
3151 1477 3376 1540 τούτων,
3407 1479 3502 1531 καὶ
3530 1477 3669 1548 πληο

2095 1573 2253 1645 ρώσω
2281 1574 2413 1628 αὐτὸ
2438 1572 2679 1642 ἀγαθῶν.
2724 1573 2782 1624 '0
2821 1571 2875 1624 δὲ
2911 1570 3082 1624 πολλὰ
3110 1570 3412 1640 ὠφεληθεὶς
3446 1569 3628 1637 ἔλεγεν
3648 1585 3664 1600 ·

2095 1666 2304 1726 Ὄντως
2330 1663 2470 1732 αὓτη
2499 1663 2646 1716 ἐστὶν
2673 1665 2706 1734 ἡ
2737 1661 2964 1733 ἀληθινὴ
3005 1661 3143 1726 ὁδός.
3179 1661 3290 1715 Kal
3331 1660 3670 1732 εὐχαριστῶν

2005 1737 2064 1795 ’Β
2090 1753 2169 1824 τῷ
2194 1754 2312 1825 Θεῷ
2336 1754 2648 1826 ἀνέκαμψεν
2680 1755 2758 1816 εἰς
2785 1755 2881 1826 τὴν
2906 1753 3039 1808 ἰδίαν
3067 1752 3250 1825 χώραν
3269 1795 3285 1820 ,
3325 1754 3407 1806 ὃτι
3445 1753 3670 1825 τοιούτῳ

2093 1845 2234 1912 ἁγίῳ
2266 1843 2578 1916 κατηξιώθη
2615 1847 2916 1915 συντυχεῖν.

2165 1937 2228 1990 θ’.
2283 1935 2586 2008 Ἐκράτησε
2633 1953 2761 1988 ποτε
2791 1937 2820 1988 ὁ
2850 1935 3032 2006 ἄρχων
3063 1935 3163 2006 τῆς
3199 1935 3380 2006 κώρπ
3421 1933 3543 1988 τινὰ
3569 1933 3674 2004 τῆς

2093 2029 2288 2100 κώμης
2313 2027 2406 2081 τοῦ
2433 2027 2576 2080 ἀϐϐᾶ
2602 2029 2696 2080 Ποι
2707 2026 2866 2098 μένος
2889 2043 2904 2058 ’
2945 2029 3038 2080 καὶ
3071 2025 3233 2100 ἦλθον
3267 2027 3465 2092 πάντες
3492 2045 3672 2100 παρα-

2093 2119 2384 2183 καλοῦντες
2416 2119 2509 2171 τὸν
2551 2119 2783 2190 γέροντα
2850 2119 3107 2173 ἀπελθεῖν
3152 2121 3248 2173 καὶ⁹
3294 2119 3541 2174 ἐκϐαλεῖν
3571 2120 3674 2173 αύ-

2095 2214 2204 2267 τόν.
2251 2213 2308 2265 ὐ
2337 2212 2393 2265 δέ
2427 2207 2578 2264 εἶπεν
2599 2229 2612 2241 ο
2656 2212 2882 2266 Ἐἁσατέ
2910 2230 2977 2283 με
3014 2214 3163 2284 τρεῖς
3190 2213 3427 2284 ἡμέρας,
3461 2214 3553 2266 καὶ
3580 2211 3675 2266 οὖ·-

2095 2322 2203 2366 τως
2251 2303 2500 2375 ἔρχομαι.
2563 2302 2770 2369 Εΰξατο
2821 2299 2913 2358 οὖν
2971 2305 2999 2358 0
3043 2303 3217 2367 assa;
3269 2303 3480 2376 Ποιμὴν
3540 2305 3676 2376 πρὸς

2098 2394 2321 2465 Κύριον,
2353 2394 2524 2462 λέγων
2546 2410 2559 2423 °
2612 2393 2806 2465 Κύριε,
2846 2395 2919 2466 μὴ
2955 2395 3063 2466 δῷς
3111 2413 3200 2466 μοι
3229 2395 3326 2466 τὴν
3355 2396 3514 2466 χάριν
3545 2396 3681 2451 ταύ-

2097 2503 2216 2556 την.
2281 2486 2434 2539 Ἐπεὶ
2483 2485 2585 2538 οὐκ
2632 2485 2848 2554 ἀιριοῦσὶ
2907 2505 2974 2558 με
3020 2488 3240 2541 καθίσαι
3289 2489 3346 2542 ἐν
3398 2489 3474 2559 τῷ
3527 2490 3681 2560 τόπῳ

2096 2577 2292 2646 τούτῳ.
2323 2571 2526 2630 Ἦλθεν
2555 2572 2646 2630 οὖν
2678 2579 2705 2630 0
2732 2576 2912 2648 γέρων
2945 2577 3276 2649 παρακαλῶν
3303 2578 3392 2632 τὸν
3417 2579 3673 2650 ἄρχοντα.

2111 2666 2169 2720 ’θ
2218 2667 2276 2719 δὲ
2325 2667 2461 2737 πρὸς
2511 2667 2672 2720 αὑτὸν
2725 2667 2860 2739 ἔφη’
2900 2668 3037 2740 Περὶ
3070 2668 3267 2741 λῃστοῦ
3311 2669 3674 2740 παρακαλεῖς,

2101 2758 2279 2822 ἀ66ἄ;
2323 2759 2381 2812 '0
2394 2759 2449 2811 δὲ
2476 2759 2654 2831 γέρων
2683 2760 2874 2832 ἐχάρη,
2901 2761 2981 2814 ὅτι
3007 2761 3105 2815 ούκ
3132 2761 3346 2826 ἐδέξατο
3363 2762 3520 2834 χάριν
3547 2762 3680 2835 παρ’

2102 2849 2287 2904 αὐτοῦ.

2179 2948 2227 2996 ι’.
2270 2942 2608 3012 Διηγήσαντό
2659 2960 2823 3008 τινες,
2877 2945 2959 2997 ὅτι
3010 2945 3139 2998 ποτὲ
3179 2946 3206 2998 0
3251 2945 3424 3009 ἀϐϐἄς
3470 2945 3683 3018 Ποιμὴν

2104 3034 2200 3086 καλ⁹
2235 3035 2284 3099 οἱ
2327 3034 2544 3104 ἀδελφοὶ
2579 3035 2743 3089 αὐτοῦ
2775 3037 3088 3106 εἰργάζοντο
3117 3039 3368 3093 σκολάκιν
3398 3040 3542 3110 (82)°
3586 3041 3683 3092 καὶ

2105 3123 2165 3176 ού
2219 3123 2542 3196 προεχῶρει,
2597 3125 2672 3194 μὴ
2726 3125 2938 3195 ἔχοντες
2986 3127 3254 3199 ἀγοράσαι
3302 3128 3535 3198 λινάρια.
3574 3127 3684 3181 Kal

2103 3233 2186 3278 τις
2231 3215 2410 3269 αὐτῶν
2465 3216 2747 3288 ἀγαπητὸς
2803 3217 3101 3290 διηγήσατό
3141 3237 3244 3273 τινι
3286 3222 3682 3292 πραγματευτῇ

2107 3307 2283 3378 πιστῷ
2327 3307 2387 3360 τὸ
2427 3309 2676 3380 πρᾶγμα.
2727 3310 2786 3363 '0
2841 3311 2897 3363 δὲ
2943 3311 3116 3375 ἀ66ἄς
3145 3311 3354 3382 ῐΙυιμὴν
3390 3313 3491 3364 οὐκ
3521 3311 3684 3383 ἤθελε

2107 3397 2404 3468 λαμϐάνειν
2451 3399 2602 3472 παρά
2646 3400 2790 3463 τινος
2817 3400 2869 3453 τί
2908 3416 3058 3464 ποτε,
3085 3400 3174 3453 διὰ
3200 3400 3296 3472 τὴν
3327 3401 3568 3472 ὄχλησιν.
3625 3401 3685 3455 '0

2111 3489 2168 3542 δέ
2211 3489 2635 3560 πραγματευτὴς
2669 3489 2836 3544 θέλων
2879 3491 3100 3562 ποιῆσαι
3152 3491 3313 3565 ἔργον
3340 3493 3418 3564 τῷ
3448 3496 3685 3564 γέροντι,

2110 3580 2503 3649 προεφασὶζετο
2523 3581 2712 3652 χρείαν
2734 3582 2876 3652 ἔχειν
2899 3583 3007 3636 τῶν
3027 3583 3348 3650 σκολακίων,
3373 3587 3464 3639 καὶ
3488 3586 3688 3656 ἦνεγκε

2108 3669 2206 3740 τὴν
2229 3671 2495 3742 κάμηλον,
2525 3672 2618 3725 καὶ
2647 3672 2837 3725 ἐλαϐεν
2865 3673 3022 3729 αὐτά.
3071 3675 3182 3729 Καὶ
3213 3675 3382 3730 ἐλθὼν
3411 3679 3438 3730 0
3459 3675 3689 3747 ἀδελφὸς

2111 3759 2248 3829 πρὸς
2290 3759 2381 3811 τὸν
2428 3759 2603 3814 άὸϐᾶν
2625 3761 2886 3832 Ποιμένα,
2939 3765 3031 3816 καὶ
3047 3763 3286 3829 ἀκούσας
3319 3765 3618 3836 ὂέποίησεν
3655 3768 3684 3819 0

2110 3851 2570 3922 πραγματευτὴς,
2621 3852 2696 3916 ὡς
2743 3852 2912 3907 θέλων
2955 3855 3234 3909 ἐπαινέσαι
3282 3855 3471 3920 αὐτὸν,
3521 3851 3683 3909 εἶπε*

2115 3942 2298 4008 Φύσει,
2324 3943 2486 4008 άῦὁᾶ,
2510 3945 2598 3996 καὶ
2626 3945 2699 4015 μὴ
2722 3943 2938 4017 χρῄζων
2968 3947 3106 4002 αὐτὰ
3132 3947 3342 4012 ἐλαϐεν,
3371 3947 3458 4001 ἴνα
3490 3949 3691 4022 ποιήσῃ

2117 4036 2248 4105 ἡμῖν
2298 4034 2477 4108 ἔργον.
2540 4035 2804 4102 Ἀκούσας
2843 4039 2899 4092 δὲ
2947 4040 2975 4092 0
3013 4039 3184 4103 assa;
3231 4039 3439 4112 Ποιμὴν
3486 4041 3568 4094 ὅτι
3610 4040 3691 4112 μὴ

2111 4123 2330 4196 χρῄζων
2357 4124 2496 4178 αὐτὰ
2520 4125 2730 4193 ἐλαϐεν,
2762 4123 2882 4182 εἷπε
2912 4129 2989 4200 τῷ
3021 4128 3234 4200 ἀδελφῷ
3257 4145 3272 4160 ο
3320 4130 3569 4195 Ἀνάστα,
3604 4127 3693 4201 με.

2115 4214 2323 4269 σθωσαι
2353 4215 2621 4288 κάμηλον,
2650 4219 2744 4272 καὶ
2775 4220 2908 4292 φέρε
2936 4221 3079 4275 αὐτά
3099 4237 3113 4251 ⁸
3137 4221 3231 4276 ἐὰν
3256 4220 3314 4275 δὲ
3335 4222 3434 4276 οὐκ
3457 4222 3692 4297 ἐνέγκῃς

2115 4306 2274 4371 αὐτὰ,
2305 4307 2514 4379 Ποιμὴν
2547 4303 2647 4362 ὦδε
2683 4311 2743 4366 οὐ
2775 4311 3066 4376 καθέζεται
3102 4313 3222 4384 μεθ’
3261 4313 3436 4383 ὑμῶν.
3477 4313 3552 4367 Οὐ
3583 4314 3693 4385 γὰρ

433 4399 584 4437 cum.
621 4379 757 4436 Nolo
786 4374 1023 4451 namque
1051 4383 1306 4451 cuiquam
1356 4381 1609 4452 injuriam
1639 4366 1850 4446 facere,
1882 4397 1998 4436 cunt

2116 4366 2286 4448 ἀδικῶ
2303 4366 2427 4450 τινα
2447 4366 2730 4468 άνθρωπον
2755 4399 2830 4472 μὴ
2860 4366 3150 4472 χρῃζοντα.
3182 4402 3267 4456 ἵνα
3299 4366 3364 4473 ξη
3374 4402 3503 4474 μίαν
3533 4366 3695 4474 miti;-

433 4489 544 4528 non
573 4473 835 4544 indigeat,
871 4481 932 4527 ut
956 4473 1216 4528 damnum
1268 4475 1523 4543 patiatur,
1586 4473 1875 4543 capiatque
1926 4474 1998 4527 lu-

2114 4501 2204 4557 σῃ,
2231 4487 2326 4539 καὶ
2350 4486 2489 4559 λάϐῃ
2517 4454 2577 4541 t0
2605 4454 2793 4562 κέρδος
2819 4454 2830 4472 Ι
3018 4454 3390 4563 Καλ-ἁτιῆλθειν

431 4579 590 4620 crum
645 4580 848 4620 meum.
885 4564 1036 4619 Abiit
1087 4565 1255 4619 frater
1306 4565 1449 4633 ejus,
1501 4572 1556 4618 et
1601 4571 1724 4632 post
1775 4564 2006 4616 multum

432 4658 639 4713 laboris
677 4658 878 4711 attulit.
911 4655 1029 4711 Nisi
1059 4658 1201 4712 enim
1248 4655 1522 4709 attulisset
1551 4693 1566 4716 ,
1598 4668 1763 4708 senex
1795 4652 2006 4707 disces-

431 4750 598 4805 sisset
627 4749 694 4805 ab
721 4749 822 4806 eis.
877 4746 949 4802 Ut
990 4763 1122 4819 ergo
1141 4747 1276 4801 vidit
1317 4746 1460 4809 illos,
1493 4747 1714 4816 gavisus
1745 4751 1850 4810 est,
1889 4752 2010 4796 tan-

431 4857 595 4912 quam
627 4841 673 4895 si
704 4840 1005 4894 invenisset
1035 4852 1291 4908 magnum
1325 4839 1668 4892 thesaurum.

505 4931 595 4986 ll.
631 4931 819 4986 Audiit
849 4929 1140 4998 aliquando
1159 4929 1445 5000 presbyter
1475 4926 1672 4982 Pelusii
1700 4926 1768 4981 de
1789 4926 2013 4997 quibus-

431 5021 556 5076 dam
593 5022 877 5088 fratribus,
910 5020 1056 5091 quod
1083 5020 1308 5074 assiduo
1353 5021 1407 5074 in
1453 5020 1589 5075 urbe
1633 5029 2006 5085 versarentur,

432 5112 700 5177 lavarent,
729 5115 1064 5185 negligerent
1102 5128 1195 5178 se;
1221 5112 1478 5182 quocirca
1522 5112 1747 5167 veniens
1781 5110 1847 5165 ad
1896 5112 2010 5166 col-

432 5200 652 5269 lectam,
689 5205 910 5259 sustulit
943 5204 1012 5259 ab
1061 5202 1130 5258 iis
1177 5203 1424 5258 habitum
1468 5201 1868 5259 monachalem.
1899 5201 2009 5256 Sed

507 5359 554 5392 ⁸⁶
585 5359 672 5414 Al.
704 5358 902 5426 άνοίξω
937 5377 1058 5432 μου.

504 5518 617 5587 (Si)
657 5517 763 5572 Vit.
805 5517 952 5573 Patr.
990 5537 1062 5582 Iv,
1097 5522 1178 5577 5‘2.

505 5589 618 5661 t8'2)
646 5587 967 5661 Σκολὰκιν,
999 5600 1052 5642 et
1085 5591 1202 5643 τῶν
1247 5594 1624 5656 σκυλακίων,
1655 5592 1816 5661 paulo
1843 5590 2009 5661 infra.

438 5660 694 5713 c.eolaces
725 5665 854 5711 sunt
889 5659 1044 5713 funes
1083 5660 1274 5715 intorti
1311 5670 1363 5716 et
1392 5663 1587 5731 cerati,
1624 5659 1691 5716 ad
1724 5676 1883 5717 usum
1928 5660 2008 5714 fa-

2113 4575 2280 4629 αύτοῦ
2318 4578 2456 4647 μετὰ
2491 4578 2690 4632 πολλοῦ
2721 4581 2912 4645 κόπου,
2961 4581 3058 4635 καὶ
3086 4583 3317 4654 ἥνεγκεν
3348 4583 3520 4638 αὐτά·
3556 4584 3606 4635 εἰ
3637 4582 3696 4635 δὲ

2117 4665 2214 4737 μὴ,
2263 4669 2292 4720 0
2338 4667 2516 4739 γέρων
2561 4670 2657 4724 ἀπ’
2708 4671 2887 4724 αὐτῶν
2938 4672 3222 4744 ἀνεχώρει.
3275 4675 3364 4738 Ὠς
3406 4671 3502 4729 οὖν
3555 4669 3697 4727 εἶδεν

2114 4756 2277 4822 αὐτὰ,
2314 4759 2510 4831 ἐχάρη,
2542 4761 2676 4814 ὡσεὶ
2707 4762 2880 4832 μέγαν
2911 4762 3087 4835 εὑρὼν
3124 4765 3412 4837 θησαυρόν.

2191 4933 2280 4989 ια’.
2327 4937 2565 4992 Ἤκουσέ
2609 4957 2740 4994 ποτε
2786 4943 2815 4995 0
2849 4943 3220 5016 πρεσϐύτερος
3258 4945 3353 5000 τοῦ
3394 4945 3698 5016 Πηλουσίου

2121 5026 2247 5098 περί
2279 5044 2441 5082 τινων
2471 5030 2736 5100 ἀδελφῶν,
2766 5033 2847 5087 ὅτι
2873 5034 3112 5106 συνεχῶς
3141 5039 3220 5102 εις
3246 5037 3345 5110 τὴν
3384 5037 3538 5092 πόλιν
3565 5038 3699 5101 εἰσὶ,

2117 5119 2212 5172 καὶ
2232 5119 2500 5184 λούονται,
2542 5123 2636 5176 καὶ
2663 5125 2953 5196 ἀμελοῦσιν
2991 5129 3230 5183 ἐαυτῶνο
3283 5129 3378 5183 καὶ
3415 5127 3588 5182 ἐλθὼν
3618 5130 3701 5192 εἰς
3785 5147 3790 5152 '

2115 5206 2215 5278 τὴν
2246 5209 2487 5279 σύναξιν,
2526 5208 2660 5286 ἦρεν
2708 5207 2802 5268 ἁτὲ
2833 5217 3015 5273 αὐτῶν
3060 5219 3121 5273 τὸ
3159 5219 3365 5290 σχῆμα.
3411 5219 3520 5272 Καὶ
3561 5219 3702 5289 μετὰ

2121 5519 2201 5573 eis
2225 5529 2277 5574 et
2307 5519 2571 5590 candela},
2603 5535 2700 5576 seu
2741 5521 2947 5578 funalia
2978 5533 3032 5579 et
3060 5533 3202 5583 cerei
3236 5527 3468 5585 furiales.
3495 5530 3699 5590 Obser-

2122 5597 2305 5644 vatum
2338 5589 2440 5644 fuit
2472 5606 2502 5644 a
2525 5593 2807 5650 veteribus
2832 5604 2882 5650 et
2908 5597 3330 5657 recentioribus.
3560 5589 3563 5590 ⁷
3708 5605 3712 5608 ’
