4036 6202
491 293 594 348 5‘27

1634 293 1982 352 APPENDIX
2022 295 2116 350 AD
2155 291 2573 353 PALLADIUM.

3647 294 3756 351 338

559 417 647 473 ﬁt).
691 413 1010 487 (9|)Abhas
1042 411 1216 468 lsaias
1269 409 1627 480 interrogavit
1654 410 1905 466 abbatem
1945 410 2068 465 Ρω-

2243 417 2312 465 κ¹.
2359 381 2723 482 Ἦρὼτησενό
2747 406 2919 471 ἀεὸᾶς
2954 407 3183 472 Ἡσαΐας
3202 407 3292 461 τὸν
3316 407 3488 462 ἀεόἄν
3515 406 3760 478 “mysi-aa

490 525 702 567 menem
739 509 805 562 de
825 503 1066 560 sordidis
1093 503 1541 574 cogitationibus.
1578 501 1642 554 Et
1666 501 1948 570 respondit
1976 501 2061 556 ei:

491 599 957 670 Quemadmodum
994 595 1049 650 in
1084 608 1249 664 capsa
1288 594 1447 664 plena
1474 592 1836 656 vestimentis,
1863 591 1908 646 si
1943 590 2068 660 quis

491 693 774 761 reliquerit
801 705 886 753 ea,
918 696 1167 756 tempore
1198 686 1499 755 putrefiunt
1531 703 1546 738 :
1581 685 1656 738 ita
1687 683 1742 736 in
1777 683 2068 754 cogitatio-

491 781 692 843 nibus;
727 778 770 831 si
807 793 902 830 eas
932 790 1164 846 corpore
1215 790 1325 828 non
1360 774 1606 829 exsecuti
1641 774 1930 838 fuerimus,
1975 787 2071 843 per

491 877 707 935 tempus
730 865 1017 918 abolentur
1044 875 1138 916 aut
1164 869 1508 932 putrescunt.

560 955 652 1010 21.
696 955 806 1024 (92)
847 953 1211 1023 luterroganti
1257 951 1444 1006 abbati
1484 950 1722 1022 Josepho
1769 950 1836 1004 de
1883 948 2070 1003 eadem

492 1047 812 1118 qua‘stione,
861 1045 1145 1115 respondit
1197 1043 1370 1098 abbas
1422 1043 1644 1097 Poemen
1672 1061 1686 1096 :
1715 1039 2077 1107 Quemadmo-

493 1138 624 1192 dum
665 1139 709 1193 si
739 1141 862 1206 quis
886 1145 1195 1206 serpentem
1224 1151 1350 1190 cum
1383 1136 1601 1204 scorpio
1624 1134 1837 1188 miserit
1867 1133 1921 1186 iu
1953 1146 2072 1194 vas,

494 1227 738 1297 illudque
791 1227 1106 1290 occluserit,
1155 1228 1382 1279 omnino
1421 1234 1545 1293 post
1591 1222 1814 1292 aliquod
1860 1229 2076 1289 tempus

494 1319 840 1372 morientur:
873 1319 954 1372 sic
986 1325 1040 1371 et
1079 1331 1260 1386 prava:
1309 1315 1669 1386 cogitationes
1700 1329 1822 1382 quae
1865 1327 1931 1366 ex
1963 1311 2078 1364 da:-

496 1426 719 1464 mouum
769 1409 1034 1464 instinctu
1083 1407 1374 1481 pullulant,
1430 1423 1528 1478 per
1581 1407 1923 1461 tolerantiam
1983 1405 2079 1460 dc-

496 1503 708 1555 liciunt.

565 1597 656 1648 Ἠ.
700 1595 816 1664 (95)
847 1592 1040 1649 Frater
1071 1594 1222 1647 venit
1257 1593 1324 1647 ad
1360 1591 1612 1646 abbatem
1658 1588 1992 1652 Pmmenem,
2025 1595 2080 1641 et
2155 1563 2160 1568 6

497 1688 574 1740 ait
601 1688 689 1742 ei:
723 1686 859 1742 Sero
901 1699 1094 1756 agrum
1124 1700 1329 1750 meum,
1367 1693 1533 1753 atque
1570 1699 1634 1736 ex
1673 1696 1737 1736 eo
1773 1679 1915 1734 facio
1949 1694 2078 1749 aga-

497 1796 625 1850 pen.
677 1779 980 1847 Rcspondit
1028 1778 1105 1832 illi
1152 1793 1318 1832 senex
1357 1775 1570 1830 :Recte
1619 1773 1776 1828 facis.
1825 1772 1891 1825 Et
1941 1770 2078 1824 abiit
2111 1786 2150 1840 Β

498 1887 624 1924 cum
667 1872 976 1935 alacritate,
1020 1871 1285 1938 auxitque
1319 1869 1722 1938 eleemosynam
1766 1878 1944 1920 suam.
1977 1861 2082 1915 Ab-

499 1961 599 2015 bas
638 1968 822 2014 autem
863 1959 1047 2021 Anub,
1099 1958 1289 2011 audito
1330 1971 1606 2020 sermone,
1651 1953 1769 2008 infit
1801 1953 1868 2006 ad
1913 1952 2082 2006 abba-

500 2058 610 2102 tem
647 2047 960 2103 Pmmenem
992 2065 1005 2100 :
1032 2045 1149 2100 Non
1182 2047 1344 2100 times
1383 2045 1575 2106 Deum,
1618 2043 1712 2112 qui
1753 2042 1830 2096 ita
1863 2042 2083 2096 locutus

501 2141 581 2194 sis
610 2139 805 2193 fratri?
829 2139 1004 2192 Senex
1029 2153 1162 2192 vero
1191 2137 1379 2191 tacuit.
1401 2135 1533 2190 Post
1561 2135 1701 2208 duos
1724 2141 1907 2188 autem
1939 2132 2081 2198 dies,

501 2235 787 2290 arcessivit
825 2233 995 2288 abbas
1044 2233 1268 2288 l’mmeu
1320 2231 1564 2294 fratrem,
1605 2229 1766 2298 eique
1811 2227 1944 2280 dicit
1994 2242 2088 2278 au-

502 2327 687 2382 diente
728 2327 926 2382 abbate
954 2325 1152 2379 Anub:
1184 2322 1327 2390 Quid
1359 2322 1490 2376 mihi
1524 2321 1845 2390 prolocutus
1883 2332 1945 2372 es
1974 2317 2084 2370 alio

502 2419 628 2474 die?
654 2420 914 2489 quoniam
964 2432 1122 2472 mens
1168 2430 1288 2470 mea
1342 2414 1472 2467 alibi
1508 2420 1646 2467 erat.
1689 2409 1827 2464 Tum
1870 2409 2078 2465 frater:

505 2509 647 2574 Dixi,
678 2526 707 2563 a
753 2525 838 2563 me
871 2508 1133 2563 seminari
1175 2520 1367 2576 agrum
1410 2519 1615 2566 meum,
1649 2517 1714 2558 ex
1753 2517 1930 2572 eoque
1964 2501 2083 2555 dari

503 2602 925 2670 eleemosynam.
959 2598 1183 2668 Excepit
1228 2598 1396 2651 abbas
1428 2593 1650 2649 l‘aamen
1683 2593 1988 2648 :Putabam
2032 2602 2086 2648 te

505 2694 747 2749 locutum
777 2693 844 2745 de
886 2690 1056 2745 fratre
1103 2700 1220 2753 tuo,
1269 2691 1362 2760 qui
1410 2688 1464 2742 in
1502 2689 1706 2744 sacculo
1739 2687 1894 2742 vivit.
1927 2686 2086 2753 Quod

506 2787 552 2841 si
587 2795 644 2838 tu
677 2800 736 2840 es
767 2785 858 2853 qui
887 2784 992 2838 hoc
1023 2799 1162 2853 opus
1203 2782 1358 2845 facis,
1392 2798 1502 2835 nun
1535 2791 1621 2836 est
1655 2781 1758 2835 hoc
1805 2779 2082 2834 monachi.

506 2877 558 2933 Is
586 2892 714 2931 veru
741 2876 993 2938 audiens,
1037 2874 1401 2929 contristatus
1425 2880 1530 2935 est,
1561 2882 1726 2942 atque
1758 2871 1872 2925 haec
1901 2870 2087 2941 profu-

504 2970 585 3024 dit
614 2969 775 3024 verba
811 2988 824 3022 ε
861 2966 1080 3021 Nullum
1123 2964 1270 3019 aliud
1322 2980 1459 3035 opus
1495 2964 1645 3030 novi,
1684 2963 1788 3016 nisi
1825 2963 1951 3025 huc,
1988 2976 2089 3017 nec

2170 505 2299 575 περὶ
2325 502 2432 557 τῶν
2459 501 2718 573 ῥυπαρῶν
2755 500 3050 570 λογισμῶν.
3089 500 3200 554 Καὶ
3231 500 3383 569 λέγει
3428 499 3578 570 αὐτῷ
3607 501 3636 552 6
3660 501 3762 554 ἀο-

2171 594 2270 657 σᾶς
2308 595 2548 666 Ποιμήν·
2596 594 2806 664 Ὠσπερ
2848 593 3114 663 κάμπτρα
3161 593 3334 663 μεστὴ
3380 591 3633 661 ἱματίων,
3666 593 3758 645 καὶ

2172 685 2267 738 ἐὰν
2308 687 2418 755 ἀφῇ
2459 683 2602 737 αὐτά
2637 700 2742 745 τις,
2773 681 2850 752 τῷ
2888 682 3066 752 χρόνῳ
3120 683 3385 750 σήπονται
3408 696 3420 708 .
3455 680 3630 744 οὕτως
3664 681 3760 734 καὶ

2171 779 2220 829 οἰ
2245 775 2527 846 λογισμοί·
2569 773 2662 827 ὲάν
2699 773 2773 844 μὴ
2814 774 3128 843 ποιήσωμεν
3170 772 3368 835 αὐτοὺς
3403 773 3757 843 σωματικῶς,

2173 868 2251 940 τῷ
2277 868 2453 940 χρόνῳ
2483 865 2831 936 ἀφανίζονται
2855 866 2973 935 ἢτοι
3006 866 3294 935 σήπονται.

2246 968 2348 1015 κα’.
2393 959 2756 1031 Ἦρὼτησενό
2779 959 2954 1021 ἀδὸᾶς
2991 957 3189 1029 Ἰωσὴφ
3229 957 3321 1010 τὸν
3360 957 3524 1011 αὑτὸν
3559 958 3722 1028 λόγον
3743 973 3760 990 ⁸

2176 1055 2270 1108 καὶ
2320 1048 2472 1106 εἶπεν
2516 1050 2665 1122 αὐτῷ
2712 1054 2741 1104 6
2779 1051 2954 1114 esea;
2995 1051 3247 1120 Ποιμήνο
3283 1049 3492 1121 Ὥσπερ
3535 1050 3630 1103 ἐάν
3674 1067 3764 1114 τις

2176 1143 2299 1214 ὅφιν
2328 1143 2424 1196 καὶ
2459 1141 2716 1213 σκορπίον
2737 1140 2873 1212 βάλῃ
2901 1142 2980 1203 είς
3006 1142 3247 1208 ἀγγεῖον,
3275 1140 3368 1193 καὶ
3396 1140 3596 1213 φράξῃ,
3626 1142 3763 1195 πάν-

2177 1251 2285 1296 τως
2310 1232 2390 1302 τῷ
2414 1233 2588 1304 χρόνῳ
2621 1231 3083 1302 ἀποθνήσκουσιν·
3118 1231 3292 1296 οὕτως
3329 1233 3422 1285 καὶ
3447 1233 3497 1283 οἱ
3531 1233 3763 1303 πονηροὶ

2178 1323 2468 1395 λογισμοὶ,
2491 1323 2599 1376 ἀπὸ
2639 1323 2749 1377 τῶν
2775 1323 3046 1394 δαιμόνων
3079 1321 3489 1393 βλαστάνοντες,
3535 1323 3626 1376 διὰ
3659 1325 3762 1395 τῆς

2182 1417 2459 1488 ὑπομονῆς
2487 1415 2740 1470 ὲκλείπου
2749 1432 2847 1468 σιν.

2253 1593 2358 1664 κβί.
2400 1591 2655 1660 ’Λδελφὸς
2684 1587 2816 1662 ἦλθε
2857 1590 2990 1662 πρὸς
3031 1589 3122 1643 τὸν
3154 1589 3328 1644 ἀὸδᾶν
3362 1590 3624 1662 Ποιμένα,
3667 1593 3764 1646 καὶ

2182 1687 2330 1757 λέγει
2359 1685 2539 1756 αὐτῷ’
2571 1683 2789 1754 Σπείρω
2828 1681 2920 1736 τὸν
2942 1683 3107 1754 ἀγρόν
3139 1700 3264 1754 μου,
3299 1684 3392 1736 καὶ
3423 1683 3563 1736 ποιῶ
3587 1684 3647 1750 ἐξ
3665 1687 3764 1738 αὖ·

2179 1780 2276 1833 τοῦ
2301 1779 2543 1847 ἀγάπην.
2596 1775 2760 1844 Λέγει
2803 1774 2954 1845 αὑτῴ
3000 1777 3028 1828 6
3070 1775 3279 1846 γέρωνο
3320 1774 3514 1839 Καλῶς
3567 1779 3762 1839 ποιεῖς.

2183 1871 2294 1926 Kal
2337 1868 2546 1938 ἀπῆλθε
2611 1867 2745 1938 μετά
2801 1865 3132 1936 προθυμίας,
3192 1866 3287 1919 καὶ
3331 1866 3639 1938 προσέθηκε
3693 1869 3762 1938 τῇ

2183 1962 2390 2034 ἀγάπῃ.
2424 1961 2534 2014 Καὶ
2571 1959 2802 2030 ἤκουσεν
2831 1959 2860 2010 ό
2889 1957 3064 2021 ἀϐϐᾶς
3104 1958 3294 2011 Ἀνοὺὸ
3326 1958 3417 2012 τὸν
3461 1957 3641 2028 λόγον,
3668 1959 3768 2013 καὶ

2185 2054 2330 2121 λέγει
2365 2052 2442 2122 τῷ
2483 2051 2627 2121 ἀόόᾷ
2657 2050 2915 2120 Ποιμένιο
2958 2049 3032 2102 Οὐ
3085 2049 3223 2120 φοϐῇ
3269 2049 3363 2102 τὸν
3407 2049 3560 2114 Θεὸν,
3591 2049 3766 2114 οὕτως

2185 2145 2423 2214 λαλήσας
2447 2142 2523 2212 τῷ
2555 2139 2802 2211 ἀδελφῷς
2841 2141 2951 2193 Kal
3001 2139 3309 2211 ἐσιώπησεν
3345 2143 3373 2195 ό
3409 2140 3608 2213 γέρων.
3655 2143 3768 2194 Καὶ

2189 2235 2328 2306 μετά
2360 2234 2451 2287 δύο
2481 2233 2697 2305 ἡμέρας
2736 2231 2980 2303 ἐπεμψεν
3013 2233 3042 2285 6
3082 2232 3257 2296 ἀϐὁᾶς
3297 2233 3510 2303 Ποιμὴν
3551 2233 3644 2286 ἐπὶ
3675 2232 3768 2284 τὸν

2185 2324 2433 2392 ἀδελφὸν,
2458 2324 2549 2378 καὶ
2579 2323 2726 2391 λέγει
2750 2323 2899 2394 αὐτῷ
2920 2322 3209 2386 ἀκούοντος
3235 2322 3330 2376 τοῦ
3359 2323 3503 2376 ἀ66ᾶ
3537 2323 3732 2376 Ἀνούὸ
3751 2339 3768 2355 ο

2187 2417 2253 2470 Τί
2301 2411 2454 2480 εἶπές
2505 2433 2597 2486 μοι
2629 2419 2696 2486 τῇ
2725 2415 2892 2488 illa;
2929 2417 3008 2470 ὅτι
3047 2419 3074 2470 ὁ
3115 2416 3240 2480 νοῦς
3277 2434 3376 2488 μου
3409 2417 3644 2487 ἀλλαχοῦ
3677 2413 3771 2489 ἦν.

2187 2508 2348 2577 Λέγει
2376 2507 2525 2578 αὐτῷ
2547 2509 2575 2560 6
2599 2507 2826 2578 ἀδελφός
2847 2523 2858 2536 ·
2895 2503 3082 2574 Εἶπον,
3119 2509 3200 2561 ὅτι
3230 2509 3441 2578 σπείρω
3475 2509 3568 2562 τὸν
3600 2510 3774 2579 ἀγρόν

2193 2614 2315 2670 μου,
2348 2599 2438 2651 καὶ
2463 2597 2601 2652 ποιῶ
2647 2597 2706 2662 ἐξ
2747 2597 2912 2652 αὑτοῦ
2942 2599 3184 2670 ἀγάπην.
3240 2599 3350 2653 Kal
3383 2595 3533 2653 εἶπεν
3563 2601 3716 2672 αὐτῷ
3743 2603 3774 2654 6

2190 2690 2366 2755 ἀῦϐᾶς
2399 2690 2648 2760 Ποιμήνο
2691 2688 2972 2761 Ἐνόμιζον
2998 2691 3080 2744 ὅτι
3124 2691 3256 2763 περὶ
3285 2691 3379 2746 τοῦ
3414 2691 3645 2760 ἀδελφοῦ
3671 2709 3770 2746 σου

2189 2781 2281 2836 τοῦ
2315 2783 2517 2854 κόσμου
2545 2785 2586 2815 ⁶¹
2610 2782 2906 2854 ὲλοίλειςιςας⁸
2943 2783 3071 2837 εἰδὲ
3106 2785 3169 2838 σὺ
3195 2780 3246 2838 εἴ
3272 2787 3300 2838 6
3327 2784 3496 2838 ποιῶν
3521 2785 3580 2838 τὲ
3609 2787 3772 2857 ἔργον

2190 2875 2367 2940 τοῦτο,
2403 2875 2502 2928 οὐκ
2536 2874 2650 2928 ἔστι
2678 2873 2838 2928 τοῦτο
2881 2875 3137 2946 μοναχοῦ.
3183 2876 3240 2929 Ὀ
3270 2875 3327 2928 δὲ
3366 2876 3605 2940 ἀκούσας
3649 2876 3776 2929 ἐλυ-

2192 2964 2362 3035 πὴθη,
2391 2963 2595 3032 λέγων·
2635 2963 2796 3017 Ἀλλο
2839 2963 2999 3035 ἔργον
3041 2965 3190 3018 οὐδὲν
3224 2961 3359 3030 οἶδα,
3396 2967 3444 3018 εί
3477 2965 3553 3036 μὴ
3587 2965 3770 3032 τοῦτο,

507 3077 729 3133 possum
754 3077 862 3116 non
897 3061 1166 3116 seminare
1193 3072 1383 3128 agrum
1412 3071 1612 3110 meum.
1641 3053 1934 3122 Postquam
1957 3067 2087 3123 ergo

2193 3055 2287 3108 καὶ
2307 3055 2365 3107 οὐ
2389 3053 2622 3125 δύναμαι
2653 3053 2728 3126 μὴ
2759 3054 3004 3124 σπείρειν
3037 3054 3127 3109 τὸν
3165 3055 3334 3127 ἀγρόν
3363 3073 3487 3126 μου.
3511 3055 3642 3109 Ὅτε
3674 3052 3771 3110 οὖν

507 3155 880 3214 discessisset.
917 3151 1228 3206 iucurvavit
1260 3165 1322 3204 se
1371 3163 1558 3203 coram
1607 3145 1866 3200 Ptemene
1901 3144 2084 3209 Anub,

2190 3144 2555 3219 ἀνεχώρησεν,
2597 3146 2787 3200 ἔϐαλεν
2813 3145 3006 3217 αῦτῴό
3035 3146 3210 3210 assa;
3251 3147 3440 3201 Ἀνοῦὸ
3463 3147 3775 3218 μετάνοιαν,

507 3247 662 3300 aiens
708 3264 722 3298 :
769 3247 997 3312 Ignosce
1043 3243 1194 3298 mihi.
1248 3241 1386 3294 Tum
1442 3240 1615 3294 abbas
1665 3237 1887 3292 Puemen
1934 3235 2088 3307 :Ego

507 3351 746 3407 quoque,
783 3335 980 3403 inquit,
1013 3347 1042 3386 a
1071 3333 1340 3402 principio
1369 3346 1630 3386 noveram
1669 3345 1777 3383 non
1799 3343 1923 3384 esse
1947 3343 2088 3399 opus

508 3429 801 3491 niouachi;
852 3425 946 3480 sed
999 3423 1300 3480 secundum
1352 3430 1587 3478 mentem
1641 3422 1790 3477 illius
1839 3437 2088 3492 pronun-

509 3519 662 3583 tiavi,
687 3518 921 3586 dedique
945 3517 1049 3586 ipsi
1072 3515 1437 3579 alacritatem,
1463 3513 1529 3567 ad
1557 3512 1846 3568 charitatis
1867 3527 2095 3582 proces-

509 3628 653 3666 sum.
710 3609 869 3665 Nunc
927 3624 1058 3664 vero
1104 3607 1282 3662 tristis
1325 3606 1495 3675 abiit;
1547 3617 1712 3676 atque
1751 3605 1948 3661 iterum
1986 3604 2091 3660 hoc

509 3705 687 3773 ipsum
723 3700 908 3754 faciet.
1655 3689 1684 3695 ’
1701 3690 1740 3696 ”“
1804 3688 1858 3696 b

579 3794 671 3848 23.
717 3793 828 3862 (94)
851 3791 994 3846 Dixit
1011 3789 1181 3844 abbas
1203 3787 1426 3843 Pmmen
1448 3807 1462 3842 :
1485 3787 1543 3842 Si
1570 3787 1880 3858 peccaverit
1903 3787 2087 3853 homo,

509 3893 565 3941 et
587 3885 868 3954 negaverit
893 3899 951 3938 se
977 3895 1259 3952 peccasse,
1291 3895 1360 3934 ne
1381 3863 1913 3949 redargueris'eum;
1951 3879 2090 3935 alias

507 3977 791 4035 exscindis
817 3977 1059 4032 studium
1097 3973 1296 4044 ipsius.
1325 3971 1484 4039 Quod
1522 3972 1568 4028 si
1596 3972 1802 4027 dixeris
1836 3972 1886 4026 ei
1921 3991 1934 4028 :
1968 3970 2089 4026 Noli

510 4072 755 4126 animum
785 4067 1149 4140 despondere,
1181 4067 1367 4129 frater,
1409 4065 1504 4120 sed
1535 4079 1669 4119 cave
1698 4064 1754 4118 in
1783 4071 2089 4135 posterum,

509 4164 719 4218 excitas
743 4163 983 4216 animam
1019 4161 1170 4217 illius
1203 4159 1270 4215 ad
1297 4157 1702 4229 paenitentiam.

580 4332 673 4384 24.
716 4331 828 4402 (95)
859 4332 1058 4386 lterum
1080 4334 1220 4388 dixit
1255 4351 1268 4388 :
1299 4333 1447 4389 Bona
1475 4349 1564 4390 res
1593 4341 1679 4390 est
1711 4334 2048 4405 experientia
2076 4352 2090 4390 :

514 4425 631 4495 ipsa
663 4425 807 4478 enim
833 4424 997 4478 docet
1029 4426 1306 4480 hominem
1340 4426 1590 4494 probum.

582 4516 672 4571 25.
719 4515 831 4586 (96)
856 4514 999 4568 Dixit
1031 4517 1226 4570 iterum
1256 4535 1268 4569 ε
1296 4517 1472 4572 Ηοιιιο
1509 4518 1601 4586 qui
1633 4515 1815 4582 docet,
1845 4532 1946 4572 nec
1970 4533 2094 4588 qua:

511 4609 668 4664 ducet
703 4607 862 4672 facit,
913 4608 1111 4662 similis
1157 4617 1243 4662 est
1272 4606 1431 4670 fonti,
1464 4609 1592 4678 quia
1645 4610 1859 4664 cunctis
1904 4618 2088 4678 potum

513 4699 627 4762 dat,
663 4706 890 4752 cunctos
925 4697 1121 4760 abluit,
1153 4697 1395 4766 seipsum
1425 4711 1554 4750 vero
1589 4713 1698 4750 non
1727 4706 1909 4768 potest
1934 4714 2096 4752 mun-

512 4789 642 4842 dum
677 4797 958 4856 praestare.

579 4879 673 4935 ‘26.
712 4879 826 4951 (97)
859 4877 1188 4932 Prmteriens
1209 4877 1506 4946 aliquando
1535 4879 1709 4935 abbas
1740 4877 1964 4933 Pmmen
1999 4893 2096 4947 per

513 4969 834 5042 [Em-ptum,
869 4971 1156 5040 conspexit
1196 4971 1480 5026 mulierem
1511 4971 1794 5028 sedentem
1827 4973 1883 5027 in
1915 4973 2096 5042 sepul-

511 5084 628 5130 ero,
661 5078 714 5120 et
747 5065 1052 5135 plorantem
1085 5079 1290 5119 amare.
1326 5063 1482 5121 Unde
1527 5066 1664 5120 dixit
1700 5085 1712 5121 :
1747 5066 1857 5122 Etsi
1894 5075 2095 5122 cuncta

477 5160 701 5283 )‘Inundi
741 5159 907 5229 hujus
942 5158 1344 5214 oblectamenta
1393 5159 1737 5224 advenerim,
1784 5175 1892 5214 non
1926 5159 2098 5215 dedu-

597 5315 637 5344 ⁶¹
668 5315 752 5367 Al.
787 5312 1090 5385 κοσμικοῦ.
1161 5313 1204 5385 ξ’
1233 5311 1332 5385 Al.
1350 5314 1515 5366 ποιεῖ.

501 5381 605 5434 καὶ
641 5386 790 5436 πᾶσα
819 5381 1129 5456 ἀκαθαρσία
1165 5383 1224 5436 ἐν
1276 5383 1414 5458 αὐτῇ
1462 5386 1662 5437 κεῖται.

585 5495 696 5563 (9i)
737 5495 840 5549 vn.
873 5498 1022 5552 Patr.
1060 5516 1118 5563 x,
1155 5499 1244 5554 ιε.

583 5564 693 5631 (9ἓὶ)
740 5564 844 5618 Vit.
880 5565 1031 5620 Patr.
1074 5585 1128 5632 ι,
1157 5569 1246 5624 45.

584 5637 693 5705 (97:)
730 5634 834 5705 γξι.
869 5632 1022 5705 ζιαιν.
1054 5652 1106 5697 ς,
1135 5637 1228 5689 46.

584 5702 693 5775 (si)
732 5704 834 5760 vn.
867 5702 1016 5758 Patr.
1049 5720 1102 5768 ι,
1136 5706 1223 5760 ιδ.

1617 5313 1660 5344 ⁸³
1694 5312 1781 5368 Al.
1811 5312 2082 5384 δοκιμώτε
2091 5330 2205 5385 ρον.

2191 3236 2398 3307 λέγων·
2445 3237 2805 3310 Συγχώρησόν
2851 3255 2964 3309 μοι.
3026 3238 3138 3292 Καὶ
3183 3238 3332 3307 λέγει
3363 3241 3392 3292 6
3429 3239 3601 3302 άὸὄᾶς
3645 3238 3779 3293 [let-

2195 3331 2300 3401 μήν
2322 3347 2336 3361 ο
2371 3329 2542 3398 Κάγὼ
2571 3330 2628 3397 ἐξ
2657 3330 2833 3401 ἀρχῆς
2869 3330 3016 3401 ᾔδειν
3045 3330 3126 3384 ὅτι
3165 3331 3265 3384 οὐκ
3310 3329 3457 3384 ἔστιν
3483 3331 3642 3402 ἔργον
3674 3335 3778 3402 μδ-

2191 3421 2385 3492 ναχοῦ·
2425 3421 2560 3475 ἀλλὰ
2597 3423 2734 3493 πρὸς
2766 3423 2856 3476 τὸν
2895 3420 3156 3493 λογισμὸν
3187 3423 3352 3476 αὐτοῦ
3387 3422 3646 3494 ἐλάλησα,
3681 3425 3780 3478 καὶ

2191 3515 2371 3570 ἔδωκα
2400 3516 2550 3586 αὑτῷ
2589 3515 2897 3588 προθυμίαν
2935 3518 3017 3580 είς
3045 3515 3143 3588 τὴν
3172 3517 3457 3588 προκοπὴν
3505 3518 3602 3587 τῆς
3635 3517 3778 3586 ἀγά-

2193 3627 2320 3680 πης.
2369 3608 2483 3662 Νῦν
2515 3609 2571 3662 δὲ
2603 3609 2811 3680 ἀπῆλθε
2836 3608 3195 3681 λυπούμενος,
3229 3610 3323 3663 καὶ
3357 3609 3516 3663 πάλιν
3546 3608 3606 3662 τὸ
3639 3609 3778 3663 αὐτὸ

2193 3701 2355 3751 ποιεῖ.

2261 3790 2368 3858 κγ’.
2411 3783 2579 3844 Εἶπεν
2611 3791 2639 3844 6
2678 3789 2852 3852 ἀδσᾶς
2891 3789 3140 3861 Ποιμήνο
3191 3790 3317 3846 Ἐὰν
3359 3791 3655 3867 ἁμαρτήσῃ
3682 3794 3780 3848 άν-

2194 3879 2430 3953 θρωπος,
2486 3881 2580 3934 κα)⁵
2627 3881 2958 3952 ἀρνήσηται,
2999 3881 3194 3950 λέγων,
3244 3883 3358 3954 Οὐχ
3404 3884 3672 3956 ἥμαρτον,
3698 3887 3776 3956 μὴ

2193 3969 2417 4043 ἐλέγξῃς
2445 3972 2605 4026 αὐτόν
2624 3989 2637 4003 ·
2667 3975 2714 4025 εἰ
2740 3973 2797 4027 δὲ
2825 3975 2988 4044 μήγε,
3011 3973 3302 4039 ὲκκόπτεις
3326 3975 3489 4028 αὐτοῦ
3515 3975 3613 4046 τὴν
3642 3993 3780 4048 προ-

2193 4063 2411 4133 θυμίαν.
2455 4063 2579 4117 Ἐάν
2602 4063 2660 4118 δὲ
2684 4065 2842 4137 εἴπῃς
2864 4065 3013 4136 αὐτῷ
3031 4081 3045 4098 ⁸
3078 4067 3171 4138 Μὴ
3210 4067 3523 4140 ἀθυμήσῃς,
3551 4066 3774 4137 ἀδελφὲ,
3848 4092 3858 4100 ο

2193 4153 2332 4207 ἀλλά
2350 4153 2585 4223 φύλαξαι
2605 4153 2698 4208 τοῦ
2720 4154 2930 4222 λοιποῦ,
2965 4155 3253 4227 διεγείρεις
3283 4156 3445 4210 αὑτοῦ
3475 4157 3571 4230 τὴν
3597 4158 3777 4230 ψυχὴν

2195 4245 2332 4317 πρὸς
2358 4246 2669 4317 μετάνοιαν,

2267 4337 2363 4392 κδ’.
2396 4333 2531 4392 Εἷπε
2573 4338 2733 4392 πάλιν
2754 4355 2767 4367 ·
2805 4339 2960 4411 Καλὴ
2994 4342 3028 4411 ἡ
3058 4343 3259 4411 πεῖραν
3289 4339 3434 4411 αῦτη
3478 4339 3588 4412 γὰρ
3623 4339 3778 4396 διδά-

2203 4445 2322 4482 σκει
2343 4430 2387 4461 ⁸³
2416 4428 2508 4482 τὸν
2531 4428 2814 4502 ἄνθρωπον
2842 4431 3063 4502 δόκιμον
3086 4432 3152 4484 ⁸⁸.

2271 4519 2368 4574 κε’.
2447 4517 2582 4572 Εἷπε
2657 4522 2848 4576 πάλιν·
2927 4523 3248 4594 Ἀνθρωπος
3316 4523 3615 4587 διδάσκων,
3699 4523 3779 4595 μὴ

2201 4611 2369 4663 ποιῶν
2400 4610 2456 4664 δὲ
2481 4610 2515 4664 ὃ.
2534 4610 2796 4680 διδάσκει,
2829 4611 3014 4684 ὅμοιός
3041 4615 3156 4666 ἐστι
3179 4615 3358 4685 κρήνῃ
3378 4629 3392 4644 ο
3439 4615 3521 4667 ὅτι
3565 4615 3780 4678 πάντας

2201 4701 2409 4766 ποτίζει
2464 4702 2558 4755 καὶ
2608 4702 2816 4769 πλύνει,
2877 4704 3074 4776 ἑαυτὴν
3123 4704 3179 4756 δὲ
3228 4705 3288 4757 οὐ
3337 4703 3562 4757 δύναται
3605 4703 3780 4759 καθα-

2204 4792 2354 4865 ρίσαι
2379 4795 2442 4847 ⁸⁸.

2275 4891 2386 4950 κςα
2422 4885 2834 4958 Παρερχόμενός
2871 4905 3000 4941 ποτε
3041 4889 3070 4940 6
3109 4887 3283 4952 ἁϐΰᾶς
3323 4889 3536 4959 Ιῐοιμὴν
3569 4888 3649 4950 εἰς
3677 4888 3781 4959 τὴν

2203 4976 2496 5045 Αἴγυπτον,
2524 4972 2628 5031 εἶδε
2658 4981 2890 5046 γυναῖκα
2915 4980 2972 5030 ὲν
2999 4980 3247 5050 μνημείῳ
3271 4979 3660 5050 καθεζομένην,
3689 4981 3781 5033 καὶ

2205 5069 2495 5122 κλαίουσαν
2542 5068 2772 5138 πικρῶς.
2812 5070 2922 5123 Kal
2961 5070 3138 5138 λέγει·
3199 5070 3326 5124 Ἐὰν
3359 5070 3555 5122 ἔλθωσι
3600 5069 3782 5123 πάντα

2203 5159 2271 5212 τὰ
2302 5158 2514 5230 τερπνά
2541 5160 2634 5213 τοῦ
2664 5160 2868 5232 κόσμου
2894 5160 3106 5226 τούτου,
3154 5162 3214 5214 οὐ
3271 5161 3346 5232 μὴ
3398 5161 3784 5231 μεταστήσωσι

2317 5313 2362 5347 ⁸⁸
2393 5313 2477 5368 Al.
2510 5314 2635 5369 add.
2680 5314 2814 5368 ἀλλά
2849 5316 3029 5386 πάσης
3075 5317 3351 5388 ῥυπαρίας
3398 5313 3785 5387 πεπλήρωται,

2273 5497 2385 5565 (95)
2425 5496 2532 5551 vn.
2573 5497 2726 5553 Patr.
2764 5515 2816 5562 x,
2842 5501 2926 5565 49,

2274 5568 2387 5634 (96)
2427 5567 2530 5622 Vit.
2567 5567 2720 5622 Patr.
2743 5585 2799 5633 Χ,
2827 5569 2914 5625 50.

2277 5637 2390 5709 (97)
2442 5638 2546 5694 l'it.
2575 5639 2731 5694 l’atr.
2773 5655 2854 5707 ιιι,
2893 5639 2980 5695 10.
