4012 6208
199 253 272 312 539

1317 281 1927 342 APOPHTHEGMATA
1966 287 2270 348 PATRUM.

3283 282 3387 345 330

190 396 272 465 τὴν
295 391 464 463 ψυχὴν
521 391 728 463 ταύτης
771 392 878 448 ἀπὸ
921 392 1014 449 τοῦ
1063 396 1306 462 πένθους.
1363 400 1548 464 Οὕτως
1584 402 1677 454 καὶ
1703 403 1730 455 6

1841 412 1954 460 cent
1985 406 2106 475 ejus
2155 407 2389 460 animam
2431 419 2458 456 a
2498 403 2668 457 luctu.
2729 402 2820 458 Sic
2859 403 3023 459 etiam
3089 401 3390 457 monachus

193 485 403 557 μηναχδς
452 485 659 554 ὀφείλει
721 487 1010 552 διαπαντὸς
1084 491 1144 547 τὸ
1210 491 1404 556 πένθος
1461 493 1606 565 ἐχειν
1673 495 1730 548 ἐν

191 577 374 648 ἐαυτῷ.

265 670 350 734 κζ’.
382 667 507 723 Eia:
553 669 739 736 πάλιν,
760 669 842 722 ὃτι
874 667 1061 723 Ἔστιν
1090 671 1375 745 ἄνθρωπος
1404 673 1576 728 δοκῶν
1606 693 1732 729 σιῶν⁸

205 765 323 834 πᾷν.
370 763 456 816 καὶ
512 765 548 833 ἡ
608 760 804 832 καρδία
855 762 1019 817 αὐτοῦ
1070 766 1384 838 κατακρίνει
1434 767 1652 832 ἄλλους’
1703 770 1732 821 6

209 855 404 918 τοιοῦτος
433 855 670 909 πάντοτε
699 853 868 909 λαλεῖ.
906 857 1016 909 Kal
1055 856 1200 910 ἐστιν
1235 856 1412 922 ἄλλος,
1443 858 1551 913 ἀπὸ
1587 857 1730 930 πρωῒ

212 951 297 1011 Et»;
320 947 543 1018 ἑσπέρας
577 946 773 1010 λαλῶν,
823 947 918 1001 καὶ
955 949 1164 1019 σιωπὴν
1207 953 1424 1021 κρατεῖ·
1457 951 1731 1004 τουτέστιν

218 1040 271 1092 ὅτι
292 1039 426 1101 ἐκτὸς
457 1035 726 1107 ὠφελείας
756 1037 904 1091 οὐδὲν
935 1037 1103 1092 λαλεῖ.

258 1139 343 1200 κη’.
386 1129 639 1199 ’Δδελφός
674 1147 760 1193 τις
783 1125 911 1201 ἦλθε
957 1129 1092 1202 πρὸς
1131 1132 1221 1187 τὸν
1259 1133 1432 1188 ἀὸσᾶν
1471 1136 1728 1207 Ποιμένα,

213 1222 435 1291 xei-lerat
462 1222 638 1294 αὐτῷ·
688 1223 876 1286 Ἀϐὁᾶ,
903 1223 1126 1290 πολλοὺς
1157 1224 1445 1296 λογισμοὺς
1467 1227 1596 1297 ἔχω,
1638 1231 1732 1284 καὶ

202 1314 456 1369 κινδυνεύω
483 1317 580 1368 ἀπ’
601 1314 800 1368 αὐτῶν.
841 1317 948 1369 Καὶ
967 1315 1185 1388 ἐκφέρει
1212 1317 1370 1371 αὐτὸν
1391 1320 1419 1372 6
1447 1320 1622 1391 γέρων
1653 1322 1733 1385 είς

197 1406 271 1460 τὸν
291 1406 438 1478 ἀέρα,
461 1409 554 1461 καὶ
579 1407 728 1474 λέγει
765 1407 911 1478 αὐτῷ
929 1422 943 1436 ⁸
970 1408 1255 1463 Ἀπλωσον
1275 1410 1366 1463 τὸν
1391 1410 1590 1465 κόλπον
1615 1429 1729 1475 σου,

194 1499 277 1552 καὶ
308 1499 565 1569 κρατησον
585 1500 710 1562 τοὺς
736 1499 988 1569 ἀνέμους.
1025 1499 1082 1553 Ὀ
1106 1498 1162 1553 δέ
1184 1498 1333 1554 εἶπεν
1351 1519 1366 1532 ο
1402 1503 1474 1556 Οὐ
1498 1501 1731 1574 δύναμαι

193 1591 334 1643 τοῦτο
365 1592 595 1660 ποιῆσαι.
651 1591 764 1644 Kal
814 1590 958 1660 λέγει
994 1592 1142 1663 αὐτῷ
1183 1595 1211 1647 6
1245 1593 1448 1664 γέρων⁶
1484 1596 1546 1648 Εἰ
1576 1595 1733 1649 τοῦτο

193 1683 244 1734 οὗ
267 1682 479 1735 δύνασαι
525 1682 770 1752 ποιῆσαι,
819 1683 938 1736 οὐδὲ
981 1685 1105 1746 τοὺς
1157 1683 1446 1754 λογισμοὺς
1507 1685 1730 1741 δύνασαι

1839 499 2043 552 luctum
2075 498 2235 554 debet
2265 512 2479 567 semper
2506 497 2560 551 in
2589 497 2882 567 semetipso
2914 497 3133 552 habere.

1903 672 1994 730 27.
2038 674 2151 747 (99)
2190 674 2333 731 Dixit
2370 682 2665 746 prmterca:
2701 673 2795 730 Est
2829 674 2994 727 homo
3030 673 3122 742 qui
3173 672 3392 727 videtur

1838 777 2038 829 tacere,
2085 775 2140 820 et
2197 781 2293 820 cor
2337 768 2457 835 ejus
2511 765 2836 820 condemnat
2882 764 3050 831 alios;
3092 765 3138 819 is
3178 779 3392 834 semper

1836 859 2096 928 loquitur.
2128 857 2222 913 Est
2257 858 2397 913 alius
2423 857 2514 927 qui
2550 871 2580 910 a
2611 871 2769 911 mane
2799 855 2867 910 ad
2904 868 3184 925 vesperam
3219 855 3393 924 loqui.

1837 959 1948 1013 tur,
1980 960 2044 1004 ac
2073 951 2348 1005 silentium
2390 957 2570 1013 tenet;
2607 949 2711 1004 hoc
2737 957 2842 1012 est,
2867 957 3023 1004 extra
3058 962 3216 1002 usum
3260 946 3392 1000 nihil

1837 1042 2169 1112 pronuntiat.

1905 1134 1995 1189 28.
2041 1135 2119 1202 (l)
2155 1130 2344 1188 Frater
2391 1131 2539 1187 venit
2573 1131 2639 1186 ad
2683 1131 2930 1186 abbatem
2969 1127 3300 1190 Pmmenem.
3342 1137 3394 1182 et

1839 1227 1962 1281 ait:
1997 1226 2167 1291 Abba,
2211 1225 2383 1280 variis
2455 1223 2878 1294 cogitationibus
2931 1221 3167 1291 agitatus
3213 1235 3278 1276 ex
3332 1220 3397 1274 iis

1839 1317 2143 1388 periclitor.
2188 1317 2362 1372 Senex
2400 1315 2582 1371 educit
2607 1314 2899 1378 hominem,
2947 1321 3001 1366 ct
3028 1313 3133 1367 sub
3161 1313 3252 1367 dio
3283 1314 3397 1366 col‘

1840 1408 2004 1473 local,
2039 1407 2299 1478 jubetque
2323 1415 2380 1462 ut
2409 1421 2656 1476 expanso
2689 1406 2811 1460 sinu
2837 1405 3069 1459 retineat
3094 1411 3302 1458 ventos.
3329 1403 3398 1454 Αι

1840 1501 1927 1555 ille
1968 1500 2250 1569 respondit
2285 1517 2296 1552 :
2327 1497 2443 1552 Non
2485 1513 2704 1568 possum
2739 1500 2845 1550 hoc
2887 1495 3085 1550 facere.
3119 1491 3256 1547 Tum
3305 1509 3395 1548 se~

1839 1609 1944 1648 nex
1977 1611 1990 1646 :
2019 1593 2076 1646 Si
2110 1592 2211 1646 hoc
2241 1591 2420 1647 facere
2445 1592 2660 1662 nequis,
2689 1605 2788 1645 nec
2817 1598 2970 1659 potes
3011 1588 3290 1658 impedire,
3331 1600 3397 1642 ne

1841 1684 2073 1739 subeant
2127 1685 2521 1756 cogitationes:
2551 1685 2642 1739 sed
2683 1683 2916 1738 otiicium
2957 1689 3109 1734 tuum
3152 1687 3256 1744 est,
3290 1679 3398 1734 illis

194 1775 412 1830 κωλῦσαι
447 1778 625 1832 ἐλθεῖν
651 1793 662 1806 ·
706 1777 838 1829 ἀλλὰ
887 1777 976 1830 σόν
1024 1779 1136 1831 ἐστι
1185 1778 1244 1830 τὸ
1295 1779 1602 1850 ἀντιστῆναι
1629 1782 1730 1834 αὐ-

1841 1774 2122 1830 obsistere.

193 1871 308 1931 vlg.

250 1963 350 2018 κθ⁹.
379 1958 546 2015 Εἶπεν
595 1964 623 2014 6
662 1961 823 2024 ἁεὸἂς
864 1961 1096 2032 Ποιμὴν,
1152 1963 1233 2015 ὃτι
1264 1961 1390 2015 Ἐάν
1438 1963 1542 2014 εἰσι
1586 1965 1731 2032 τρεῖς

189 2054 488 2118 ἑπιτοαυτὺ,
519 2055 608 2107 καὶ
638 2056 665 2107 6
696 2049 774 2117 εἷς
818 2053 916 2125 μὲν
954 2055 1211 2124 ἡσυχάζει
1253 2054 1458 2120 καλῶς,
1487 2057 1514 2106 ὁ
1555 2054 1612 2108 δὲ
1653 2051 1732 2118 εἷς

189 2146 425 2199 ἀσθενῶν
494 2147 580 2200 καὶ
633 2145 965 2217 εὐχαριστῶν
988 2187 1003 2211 ,
1039 2150 1068 2200 6
1120 2145 1177 2200 δὲ
1247 2143 1399 2209 ἄλλος
1475 2145 1735 2216 ὑπηρετεῖ

191 2237 328 2308 μετὰ
373 2237 600 2309 καθαροῦ
651 2237 948 2309 λογισμοῦ·
997 2241 1042 2292 οἱ
1100 2241 1246 2310 τρεῖς
1298 2239 1426 2308 μιᾶς
1475 2238 1734 2318 ἐργασίας

191 2346 328 2384 εισιν.

248 2422 305 2473 λ’.
335 2417 463 2474 Εἶπε
494 2423 681 2476 πάλιν·
716 2423 1028 2494 Γέγραπται
1047 2440 1062 2456 ·
1095 2425 1196 2476 “Or
1220 2426 1445 2492 τρόπον
1466 2419 1742 2478 ἐπιποθεῖ

192 2517 220 2578 ὴ
261 2516 482 2584 alapae
528 2515 629 2568 ἐπὶ
685 2517 792 2582 τὰς
844 2517 1038 2586 πηγὰς
1088 2515 1205 2569 τῶν
1243 2515 1496 2579 ὑδάτων,
1550 2517 1736 2580 οὕτως

190 2608 437 2662 ἐπιποθεῖ
461 2607 500 2674 ἡ
535 2607 706 2677 ψυχή
741 2625 860 2676 μου
906 2607 1054 2674 πρὸς
1091 2608 1185 2670 σὲ,
1230 2610 1264 2660 ό
1307 2607 1468 2672 Θεός.
1518 2606 1733 2675 Ἐπειδὴ

193 2701 232 2749 αἱ
257 2699 434 2768 ἔλαφοι
459 2701 519 2752 ὲν
548 2702 616 2770 τῇ
649 2700 843 2770 ἐρήμῳ
877 2699 1046 2752 πολλὰ
1074 2699 1457 2752 καταπίνουσιν
1497 2697 1732 2767 ὲρπετά”

194 2793 265 2845 καὶ
305 2791 382 2854 ὡς
417 2791 708 2845 κατακαίει
751 2791 919 2856 αὑτὰς
962 2793 990 2844 6
1036 2790 1132 2856 ἰὸς,
1178 2789 1532 2859 ἐπιθυμοῦσιν
1564 2787 1736 2840 ἐλθεῖν

196 2885 265 2936 ἐπὶ
302 2884 373 2936 τὰ
420 2884 624 2939 ῦὸαταο
668 2883 915 2937 πίνουσαι
960 2883 1016 2936 δὲ
1061 2881 1460 2952 καταψύχουσιν
1494 2879 1600 2933 ἀπὸ
1641 2877 1734 2931 τοῦ

201 2976 258 3030 ἰοῦ
276 2977 383 3030 τῶν
416 2977 663 3050 ἑρπετῶν
705 2993 717 3005 ·
753 2974 922 3038 οὕτως
952 2975 1043 3028 κα)⁸
1071 2976 1118 3028 οἱ
1155 2975 1395 3044 μοναχοὶ,
1436 2975 1494 3026 ἐν
1514 2974 1579 3042 τῇ
1611 2970 1738 3041 ἐρή-

201 3087 262 3139 μῳ
286 3071 665 3141 καθεζόμενοι.
701 3069 941 3123 καίονται
971 3067 1079 3121 ἀπὸ
1110 3066 1203 3120 τοῦ
1237 3067 1315 3119 ἰοῦ
1356 3065 1464 3118 τῶν
1488 3061 1737 3134 πονηρῶν

1905 1954 1994 2009 29.
2038 1953 2112 2023 (‘2)
2155 1953 2298 2006 Dixit
2322 1952 2488 2006 abbas
2531 1945 2748 2005 Pmmen
2774 1967 2786 2004 :
2813 1949 2870 2003 Si
2896 1959 3004 2003 tres
3025 1949 3397 2010 convenerint,

1839 2061 2072 2116 quorum
2097 2059 2238 2098 unus
2265 2044 2399 2098 bene
2423 2043 2585 2095 vitam
2607 2043 2844 2111 quietam
2869 2041 3050 2100 ducat,
3073 2039 3210 2094 alter
3228 2054 3399 2108 agro-

1842 2149 1918 2195 tet
1946 2138 2262 2210 gratiasque
2284 2143 2406 2207 agat
2433 2136 2487 2189 in
2520 2135 2730 2195 morbo,
2763 2135 2956 2187 tertius
2984 2134 3252 2186 ministret
3275 2147 3398 2186 cum

1841 2243 1977 2300 pura
2023 2227 2379 2298 cogitatione;
2431 2223 2524 2282 isti
2560 2232 2674 2280 tres
2737 2222 2887 2292 paris
2931 2237 2993 2275 ac
3036 2220 3197 2276 veluti
3238 2221 3400 2273 unius

1839 2329 1969 2376 sunt
1999 2319 2334 2390 operationis
2365 2328 2420 2372 et
2449 2317 2684 2370 virtutis.

1909 2411 1998 2466 30.
2043 2412 2117 2481 ('5)
2155 2411 2353 2466 Iterum
2376 2409 2551 2463 dixit:
2581 2404 2857 2476 Scriptum
2890 2412 2976 2460 est
3004 2418 3020 2457 :
3045 2400 3401 2470 Quemadmo-

1840 2505 1968 2557 dum
1998 2503 2459 2558 desideraturam
2487 2499 2556 2553 ad
2587 2499 2754 2568 fontes
2785 2512 3065 2566 aquarum,
3096 2496 3173 2548 ita
3195 2492 3402 2548 deside‘

1841 2607 1924 2651 rat
1947 2597 2126 2649 anima
2161 2608 2273 2648 mea
2315 2593 2383 2646 ad
2409 2603 2478 2655 te,
2515 2591 2657 2646 Deus
2676 2592 2742 2646 ⁶⁹.
2771 2586 3217 2657 Quandoquidem
3257 2587 3402 2642 cervi

1841 2692 1898 2745 in
1931 2688 2225 2744 solitudine
2253 2686 2453 2740 multos
2481 2683 2788 2755 deglutiunt
2825 2688 3140 2750 serpentes;
3166 2693 3405 2748 cumque

1841 2779 2114 2835 comburit
2144 2792 2240 2832 eos
2263 2791 2547 2833 venenum,
2571 2774 2884 2829 desiderant
2904 2773 2969 2825 ad
2988 2785 3160 2839 aquas
3181 2769 3401 2833 venire;

1843 2878 2128 2940 postquam
2177 2880 2304 2920 vero
2350 2865 2605 2927 biberint,
2636 2863 2834 2933 frigent
2883 2879 2914 2915 a
2962 2869 3274 2930 serpentum
3305 2873 3401 2912 ve-

1842 2976 2020 3018 neno:
2064 2962 2134 3012 ita
2165 2967 2218 3013 et
2261 2957 2532 3017 monachi,
2566 2956 2618 3009 in
2647 2970 2828 3009 eremo
2867 2953 3142 3013 sedentes,
3172 2959 3404 3004 uruntur

1843 3070 1872 3107 a
1902 3067 2111 3109 veneno
2146 3051 2410 3103 malorum
2443 3048 2770 3106 daemonum,
2803 3061 2866 3100 ac
2905 3042 3219 3100 desiderant
3261 3040 3402 3096 Sab-

196 3133 460 3234 iatpévwv',
493 3133 601 3218 ’καὶ
641 3162 958 3217 ἐπιποθοῦσι
991 3161 1052 3214 τὸ
1087 3159 1361 3214 Σάϐϐατον
1386 3160 1479 3212 καὶ
1507 3157 1604 3228 τὴν
1632 3133 1736 3211 Κυ-

1841 3147 2020 3201 batum
2054 3151 2218 3213 atque
2269 3141 2623 3203 Dominicam,
2672 3155 2779 3208 quo
2819 3139 3075 3193 accedant
3117 3136 3182 3190 ad
3222 3133 3403 3191 fontes

199 3257 385 3328 ριακὴν.
413 3255 553 3310 ῶστε
576 3256 747 3309 ἐλθεῖν
767 3255 858 3308 ἐπὶ
877 3253 975 3317 τὰς
1006 3252 1186 3322 πηγὰς
1206 3251 1314 3304 τῶν
1338 3249 1564 3310 ὑδάτων,
1595 3264 1742 3300 τουτ-

196 3345 336 3408 lmv,
379 3347 473 3398 ἐπὶ
513 3346 576 3398 τὸ
617 3345 774 3415 σῶμα
828 3343 920 3396 καὶ
975 3338 1112 3413 αἷμα
1157 3341 1250 3395 τοῦ
1291 3340 1496 3412 Κυρίου
1541 3340 1606 3404 ⁸⁸,
1656 3339 1742 3392 ἵνα

197 3437 576 3508 ιαθαρισθῶσιν
606 3435 712 3490 ἀπὸ
733 3435 1058 3506 πικρότητος
1078 3434 1170 3488 τοῦ
1202 3432 1459 3503 πονηροῦ.

249 3530 345 3582 λα’.
387 3526 698 3599 Ἠρὼτησεν
743 3527 772 3579 6
809 3525 982 3588 ἁϐϐἄς
1042 3523 1238 3595 Ἰωσὴφ
1283 3522 1372 3574 τὸν
1413 3520 1586 3575 ἀδὸᾶν
1614 3521 1740 3574 Ποιο

196 3623 334 3691 μένα,
363 3620 478 3677 πῶς⁹
510 3619 617 3691 χρὴ
650 3616 949 3690 νηστεύειν.
985 3615 1148 3684 Λέγει
1176 3613 1324 3685 αὑτῷ
1357 3614 1386 3666 6
1409 3612 1583 3674 ἀ66ἆς
1615 3613 1742 3665 Ποι-

198 3716 324 3783 μήν’
368 3710 510 3776 Ἐγὼ
567 3709 706 3764 θέλω
748 3710 840 3762 τὸν
881 3707 1130 3761 ἐσθίοντα
1182 3704 1304 3759 καθ’
1350 3705 1561 3774 ἡμέραν
1593 3704 1742 3774 παρὰ

201 3804 371 3875 μικρὸν
400 3804 624 3865 ἐσθίειν,
660 3801 743 3855 ἵνα
793 3800 867 3872 μὴ
913 3797 1261 3872 χορτὰζηται.
1313 3795 1476 3862 Λέγει
1527 3793 1674 3864 αὑτῷ
1715 3794 1744 3846 6

203 3897 349 3960 6665;
404 3899 632 3966 Ἰωσήφ·
689 3896 817 3948 Ὅτε
863 3889 930 3965 ἧς
975 3891 1262 3962 νεώτερος,
1313 3887 1413 3941 οὐκ
1454 3887 1743 3957 ἐνήστευες

203 3990 284 4042 δυο
300 3993 398 4054 δύο,
431 3991 611 4052 assa;
644 3987 750 4042 Kal
781 3984 931 4040 εἶπεν
964 3988 992 4038 6
1012 3985 1191 4054 γέρων
1216 3999 1232 4014 ·
1257 3981 1420 4034 Φύσει
1447 3979 1540 4033 καὶ
1570 3980 1740 4049 τρεῖς,

213 4081 302 4132 καὶ
317 4083 562 4153 τέσσαρας
610 4081 679 4143 ⁸⁸,
737 4079 831 4132 καὶ
885 4076 1172 4147 ἑϐδομάδα.
1221 4074 1329 4126 Kal
1365 4071 1534 4125 ταῦτα
1567 4070 1743 4123 πάντα

210 4168 500 4240 ἐδοκίμασαν
563 4170 615 4222 οἱ
686 4169 960 4239 Πατέρες,
1023 4165 1099 4227 ὡς
1148 4161 1389 4216 δυνατοίο
1443 4159 1538 4214 καὶ
1587 4154 1744 4230 εὗρον

205 4264 282 4314 ὅτι
312 4265 344 4292 ⁶⁷
371 4263 491 4317 καθ’
529 4261 744 4332 ἡμέραν
777 4258 996 4320 ἐσθίειν,
1051 4254 1203 4326 παρὰ
1259 4251 1452 4323 μικρὸν
1505 4250 1597 4304 δέ·
1649 4250 1744 4303 καὶ

203 4355 503 4422 παρέδωκαν
560 4353 686 4422 ἡμῖν
763 4349 854 4419 τὴν
901 4346 1185 4420 βασιλικὴν
1225 4345 1360 4405 ὁδὸν,
1405 4345 1487 4397 ὅτι
1535 4341 1745 4412 ἐλαφρά

202 4448 351 4500 ἐστιν.

262 4540 352 4609 λβ⁶.
381 4540 600 4606 Ἔλεγον
648 4537 777 4608 περὶ
820 4533 910 4588 τοῦ
971 4532 1113 4587 assa
1163 4531 1445 4601 Ποιμένος,
1490 4531 1570 4583 ὃτι
1617 4530 1743 4582 ὅταν

197 4631 414 4699 ἦμελλεν
445 4632 522 4692 εἰς
549 4628 761 4692 σύναξιν
779 4627 949 4681 ἐλθεῖν
966 4627 1030 4689 ⁸⁸,
1047 4624 1278 4696 ἐκάθητο
1300 4622 1420 4677 κατ’
1453 4621 1586 4676 ἰδίαν
1609 4620 1740 4692 (98),

197 4721 476 4792 διακρίνων
506 4722 623 4784 τοὺς
647 4719 938 4790 λογισμοὺς
981 4715 1165 4780 αὐτοῦ,
1207 4714 1338 4768 ὡσεὶ
1383 4714 1530 4784 ῶραν
1576 4712 1738 4783 μίαν·

199 4815 281 4866 καί
301 4812 471 4876 οὕτως
490 4813 767 4884 ἐξήρχετο.

271 4905 350 4976 ἐτ’.
393 4906 638 4976 Ἀδελφὸς
662 4903 916 4976 ἠρώτησε
942 4901 1032 4954 τὸν
1054 4899 1226 4954 ἁὸὁᾶν
1254 4898 1512 4968 Ποιμένα,
1539 4896 1742 4966 λέγων’

1776 4497 1821 4556 D
1847 4465 1916 4517 qu

1843 3253 2129 3309 aquarum,
2161 3233 2212 3289 id
2244 3242 2326 3289 est
2360 3231 2426 3286 ad
2477 3247 2675 3300 corpus
2720 3231 2775 3284 el
2803 3230 3122 3300 Sanguinem
3155 3226 3402 3291 Domini,

1843 3339 1903 3384 ut
1934 3337 2236 3401 purgentur
2267 3342 2295 3379 a
2329 3325 2456 3379 mali
2497 3322 2881 3378 amaritudine.

1918 3529 2007 3584 51.
2043 3527 2116 3597 (xi)
2150 3527 2332 3582 Abbas
2363 3524 2564 3593 Joscph
2613 3521 2967 3592 interrogavit
2997 3521 3245 3576 abbatem
3284 3515 3404 3574 Ρω-

1846 3635 2077 3678 menem,
2137 3619 2410 3686 quoiuodo
2437 3616 2792 3684 ieiunandum
2828 3625 2988 3667 esset.
3035 3614 3131 3666 (lui
3178 3627 3403 3682 respon-

1843 3712 1922 3766 dit
1962 3711 2042 3766 sic
2073 3726 2086 3763 :
2115 3709 2226 3778 Ego
2259 3709 2381 3760 volo
2431 3716 2487 3759 ut
2530 3708 2655 3775 quis
2695 3705 2939 3774 quotidie
2980 3703 3253 3766 comedat,
3307 3702 3402 3758 sed

1843 3819 2035 3876 parum
2063 3843 2078 3865 .
2127 3817 2194 3856 ne
2238 3807 2534 3854 saturetur.
2575 3798 2662 3852 Ait
2707 3797 2874 3853 abbas
2913 3794 3407 3866 Josepszuando

1843 3911 1968 3951 eras
2011 3895 2266 3965 juvenis.
2324 3909 2504 3948 nonne
2575 3894 2699 3946 cibo
2745 3889 3056 3942 abstinebas
3119 3902 3214 3957 per
3266 3887 3404 3941 duos

1843 3988 1983 4050 dies,
2023 3987 2195 4041 abba?
2225 3982 2448 4054 Excepit
2477 3999 2641 4039 senex
2674 4000 2685 4037 :
2724 3980 2925 4034 Revera
2963 3980 3122 4034 etiam
3164 3994 3260 4048 per
3293 3987 3404 4031 tres

1844 4091 1898 4134 et
1949 4087 2218 4150 quatuor,
2266 4085 2545 4146 totamque
2598 4070 3007 4127 bebdomadem.
3068 4069 3238 4139 Atque
3290 4066 3405 4123 [πως

1845 4171 2026 4224 omnia
2074 4169 2440 4238 probaverunt
2485 4165 2695 4228 Patres,
2742 4171 2801 4216 ut
2837 4170 3083 4232 potentes
3112 4161 3164 4214 in
3203 4160 3407 4214 virtute

1846 4262 2132 4326 homines;
2169 4259 2264 4315 scd
2297 4260 2618 4313 invenerunt
2648 4253 2994 4326 praestantius
3016 4267 3138 4307 esse
3157 4250 3405 4320 quotidie

1846 4370 2038 4426 parum
2076 4353 2437 4415 manducare;
2479 4358 2642 4417 atque
2677 4347 2837 4402 nobis
2887 4344 3230 4399 tradiderunt
3262 4341 3404 4396 viam

1922 4462 1967 4501 se
1993 4446 2136 4514 regia
2166 4453 2270 4504 est.
2303 4445 2430 4512 quia
2463 4444 2615 4496 levis.

1921 4538 2009 4592 59..
2056 4538 2132 4605 (5)
2161 4537 2392 4592 Aiebant
2421 4535 2488 4590 de
2536 4534 2730 4588 abbate
2782 4525 3052 4589 Pmmene,
3094 4526 3238 4596 quod
3283 4539 3406 4580 cum

1849 4631 1914 4686 ad
1959 4629 2207 4701 synaxim
2236 4635 2498 4682 venturus
2523 4630 2689 4687 esset,
2722 4621 2944 4677 sedebat
2975 4631 3242 4676 seorsum,
3279 4615 3399 4670 dis-

1848 4736 2079 4777 cernens
2121 4721 2479 4791 cogitationes
2518 4732 2644 4774 suas
2667 4755 2682 4781 ,
2722 4715 2852 4769 hora
2895 4711 3114 4767 circiter
3151 4723 3288 4774 una;
3334 4716 3408 4761 at-

1853 4827 1958 4882 que
1986 4813 2059 4866 ita
2087 4809 2486 4882 egrediebatur.

1923 4901 2012 4956 33.
2049 4901 2126 4972 (6)
2167 4900 2358 4955 Frater
2402 4900 2742 4964 interrogans
2787 4892 3035 4948 abbatem
3077 4886 3405 4948 Pmmenem,

268 5129 407 5184 “AI.
441 5129 568 5184 add.
626 5128 785 5230 ’ξιμῶν
822 5127 996 5202 Ἰησοῦ
1022 5120 1280 5253 Χριστοῦ.
1351 5121 1397 5152 ⁸⁸
1433 5119 1592 5174 Deest
1623 5120 1716 5174 καὶ

268 5198 523 5253 ἔργεσθαι.
611 5199 633 5230 ⁸
701 5199 844 5253 Psal.
893 5215 980 5253 ιιι
1009 5239 1025 5253 .
1068 5206 1120 5252 ’.

1841 5135 2018 5192 ’σαρας
2058 5120 2113 5174 in
2149 5119 2218 5173 al.
2298 5113 2341 5148 °'
2369 5117 2454 5171 Al.
2484 5118 2650 5172 inser.
2684 5112 2848 5168 καλόν
2887 5113 3035 5163 ἐστιν
3075 5104 3157 5160 τό.
3235 5103 3282 5136 ⁸⁸
3314 5103 3402 5160 ΑΙ.

210 5198 523 5270 ιξὲρχεσθαι.
611 5198 844 5254 ’σῬεοι.
883 5198 980 5256 ἰιι
1009 5239 1025 5262 ,

270 5425 367 5497 (98)
384 5425 674 5495 Ἐκάθητο
696 5426 820 5480 κατ’
844 5425 1016 5479 ιδίαν.
1036 5422 1260 5493 Corrige
1272 5419 1577 5497 Pelagium;
1599 5415 1746 5497 sede:

217 5487 285 5548 bat
312 5487 454 5564 prius
484 5487 744 5562 seorsum,
790 5511 884 5551 seu
921 5497 1100 5565 potius
1152 5487 1224 5548 ei
1250 5491 1374 5548 cod.
1409 5487 1743 5544 'Fossatensi

218 5567 393 5623 sedebat
413 5569 642 5635 primum
677 5583 908 5621 seorsum
920 5606 932 5617 .

271 5639 368 5708 (99)
403 5639 506 5692 Vit.
531 5637 683 5692 Patr.
719 5653 772 5698 x,
802 5637 888 5708 5i.

273 5705 360 5779 ιη’
383 5710 484 5763 ta.
522 5709 673 5762 Patr.
720 5723 774 5768 χ,
799 5705 885 5761 55.

502 5803 768 5861 PATBOL.
795 5799 912 5860 Gn.
948 5798 1133 5860 LXV.

1918 5409 1996 5478 (2)
2037 5405 2141 5460 Vit.
2174 5404 2329 5478 Patr.
2364 5421 2418 5466 x,
2461 5401 2570 5478 52;
2589 5415 2784 5478 _xxxv1.
2823 5398 2876 5452 Ι.

1941 5472 1995 5548 3)
2032 5477 2134 5548 Vit.
2172 5475 2327 5548 Ijatr.
2363 5488 2520 5548 “tu,
2555 5472 2638 5548 IZ.

1940 5529 1993 5618 λ)
2034 5529 2141 5618 Vit.
2174 5545 2328 5618 ξων.
2367 5559 2422 5607 x,
2455 5529 2561 5618 ;
2589 5537 2787 5618 Regula
2811 5535 2978 5618 $9553.
3000 5529 3246 5618 (ξιιμ-’ξι

1919 5599 1998 5689 (ἐ)
2043 5599 2149 5689 Yit.
2177 5615 2328 5689 Patr.
2369 5599 2576 5689 xi._‘§2;
2608 5599 2738 5680 Αρρ.
2764 5625 2819 5682 p.
2849 5605 3006 5669 1004,
3036 5599 3092 5658 ηῖ
3122 5599 3215 5659 '53.

1922 5682 1997 5760 (6)
2039 5688 2139 5741 Vit.
2164 5684 2315 5739 Patr.
2345 5701 2401 5750 χ,
2433 5682 2522 5738 56.
