4012 6208
557 260 659 325 331

1681 257 2018 314 APPENDIX
2062 257 2153 312 AI"
2193 257 2611 315 PALLADIUM.

3677 259 3787 317 5’52

560 386 741 440 dixit:
774 383 976 438 Relicta
1005 381 1135 436 mihi
1177 389 1260 437 est
1297 380 1622 447 limrcditas;
1661 379 1788 449 quid
1825 377 2022 432 faciam
2059 393 2123 432 ex

2236 377 2570 448 Κατελείφθη
2602 395 2692 448 μοι
2715 377 3072 448 κληρονομία·
3109 377 3162 430 τί
3202 378 3409 446 ποιήσω
3450 377 3650 447 αὑτὴνς
3685 379 3790 432 Λέ-

565 477 667 533 ea?
693 476 779 529 Ait
803 476 876 527 illi
914 489 1077 528 senex
1111 493 1123 527 :
1156 473 1278 535 Abi,
1311 483 1366 528 et
1391 481 1512 543 post
1550 480 1661 526 tres
1694 470 1810 524 dies
1852 469 1999 531 veni,
2036 484 2123 523 re-

568 581 939 636 sponsumque
990 543 1376 618 I‘eresJRediit
1419 563 1602 632 igitur,
1654 560 1796 614 sicut
1845 557 2127 612 deﬁnierat

568 675 753 713 senex.
806 658 907 723 Qui
956 656 1036 712 sic
1063 658 1296 725 Llocutus
1330 663 1411 708 est
1443 656 1491 708 ei
1527 672 1540 708 :
1571 653 1708 718 Quid
1743 653 1840 706 tibi
1880 652 2127 705 dicturus

568 767 711 810 sum.
732 750 928 804 frater?
951 749 1006 803 Si
1025 749 1243 803 dixero:
1272 747 1416 800 Ail‘er
1433 745 1498 799 ad
1516 746 1830 811 ecclesiam;
1851 745 1957 797 illic
1977 759 2131 810 pran-

568 844 657 898 dia
673 844 878 896 faciunt
905 852 958 896 et
983 841 1253 895 convivia.
1288 838 1343 892 Si
1375 839 1562 893 dixero
1595 856 1607 891 :
1641 837 1712 890 Da
1741 847 1966 907 cognato
1999 845 2126 899 tuo;

571 933 872 988 mercedem
903 948 1010 988 non
1043 932 1293 1000 recipies.
1349 930 1409 984 Si
1452 943 1629 984 autem
1665 930 2126 998 pronuntiavero:

573 1024 842 1080 Distribue
885 1025 938 1078 in
986 1037 1280 1092 pauperes;
1335 1020 1514 1074 facere
1553 1021 1811 1090 negliges.
1860 1015 2131 1087 Quidquid

569 1134 700 1187 ergo
735 1117 1019 1187 placuerit,
1051 1116 1216 1170 facito
1242 1154 1257 1178 ,
1294 1129 1393 1184 ego
1434 1115 1604 1182 culpa:
1639 1111 1811 1166 aliinis
1850 1127 1955 1165 non
1988 1124 2129 1164 sum.

641 1209 730 1264 54.
773 1209 848 1278 (7)
879 1207 1233 1277 Interrogavit
1265 1221 1388 1261 eum
1438 1205 1576 1258 alius
1615 1204 1804 1268 frater,
1847 1203 1978 1272 quid
2027 1202 2131 1257 sibi

571 1303 736 1358 vellet
776 1299 906 1355 illud
937 1320 950 1355 :
988 1299 1070 1353 Ne
1096 1299 1283 1353 reddas
1314 1298 1512 1351 malum
1540 1314 1634 1364 pro
1667 1295 1808 1349 malo
1832 1297 1900 1350 ⁷ο.
1937 1297 2023 1348 Ait
2048 1309 2135 1349 se-

581 1406 686 1446 nex
717 1409 731 1444 :
767 1389 865 1444 Hic
911 1389 1137 1444 aITectus
1170 1397 1407 1457 quatuor
1437 1388 1596 1442 liabet
1638 1385 1864 1440 modos:
1901 1385 2131 1454 primum

573 1496 604 1535 ε
629 1481 832 1543 corde;
864 1481 1164 1535 secundum
1195 1496 1257 1534 ex
1285 1489 1543 1549 aspectu;
1578 1479 1793 1532 tertium
1823 1477 1888 1532 de
1915 1478 2132 1546 lingua;

563 1585 830 1645 quartum
861 1589 988 1627 vero
1017 1581 1123 1636 est,
1171 1589 1281 1626 non
1316 1571 1494 1625 facere
1522 1571 1724 1624 malum
1758 1585 1857 1638 pro
1885 1570 2045 1622 malo.
2077 1566 2133 1622 Si

564 1667 820 1738 potueris
858 1665 1126 1720 mundare
1174 1681 1269 1718 cor
1308 1673 1484 1726 tuum,
1539 1679 1646 1716 non
1674 1663 1821 1718 venit
1868 1661 1934 1716 ad
1978 1676 2136 1730 aspc-

574 1769 721 1814 ctum
750 1776 764 1826 ;
797 1758 943 1828 quod
973 1757 1018 1812 si
1049 1757 1102 1810 in
1138 1765 1491 1825 conspectum
1527 1755 1756 1818 venerit,
1796 1770 1925 1807 cave
1957 1769 2024 1808 ne
2058 1754 2135 1806 lu-
2168 1743 2206 1797 Β

573 1853 796 1921 quaris;
833 1851 876 1906 si
903 1865 1028 1904 vero
1058 1849 1222 1904 etiam
1254 1848 1469 1902 locutus
1500 1847 1689 1910 fueris,
1715 1848 1824 1899 cito
1852 1842 2130 1906 abscinde,

573 1951 632 1996 ιιι
665 1959 774 1998 non
804 1942 972 1996 facias
1003 1942 1203 1995 malum
1237 1955 1336 2009 pro
1375 1940 1539 1995 malo.

643 2033 731 2088 ⁸55.
777 2034 852 2102 (8)
888 2032 1034 2085 Dixit
1063 2033 1235 2085 abbas
1265 2030 1489 2085 Ptemen
1521 2049 1533 2084 :
1567 2028 1875 2086 Custodire.
1919 2027 2022 2082 sibi
2053 2039 2137 2079 at-

571 2124 818 2185 tendere,
865 2132 916 2178 et
957 2122 1234 2188 discretio,
1283 2121 1364 2175 ha:
1412 2130 1523 2178 tres
1577 2124 1810 2175 virtutes
1842 2119 1939 2173 via:
1969 2119 2136 2172 duces

571 2224 700 2274 sunt
731 2217 944 2271 animae.

641 2309 729 2362 56.
773 2308 850 2377 (9)
885 2308 1028 2360 Dixit
1075 2307 1272 2361 iterum
1305 2322 1320 2358 :
1352 2303 1630 2372 Projiecre
1683 2318 1742 2356 se
1783 2316 1965 2355 coram
2007 2299 2135 2362 Deo,

573 2401 813 2470 seipsum
868 2415 976 2453 non
1031 2398 1233 2457 metiri.
1287 2398 1500 2449 mittere
1545 2403 1692 2447 retro
1729 2393 2000 2462 propriam
2042 2408 2138 2445 vo-

573 2491 858 2549 luntatem,
892 2494 1022 2543 sunt
1051 2488 1414 2542 instrumenta
1442 2484 1659 2538 animai.

647 2581 737 2634 57.
787 2579 899 2649 (IO)
935 2577 1080 2631 Dixit
1125 2592 1382 2647 quoque:
1417 2563 1608 2630 Omnis
1641 2573 1864 2634 laboris,
1899 2573 2136 2642 quicun-

572 2683 680 2740 que
709 2669 1086 2739 supervenerit
1120 2668 1239 2734 tibi,
1277 2668 1503 2721 victoria
1537 2673 1642 2730 est,
1669 2671 1873 2719 tacere.

643 2761 732 2815 58.
776 2761 976 2814 Iterum
1017 2760 1195 2814 dixit:
1227 2758 1573 2813 Abominatio
1605 2766 1687 2811 est
1747 2757 1978 2811 Domino
2019 2773 2138 2814 om-

573 2853 660 2908 nis
690 2854 990 2922 corporalis
1024 2852 1258 2922 requies.

643 2946 732 3002 39.
774 2945 887 3016 (II)
927 2945 1074 2997 Dixit
1109 2945 1290 2998 adhuc
1318 2965 1330 2999 :
1358 2943 1581 2999 lnluctu
1615 2943 1725 2998 duo
1755 2951 1916 2998 sunt:
1941 2959 2125 3014 opera-

574 3046 682 3099 tur,
717 3047 770 3090 et
791 3036 1049 3091 custodit.

642 3127 732 3182 40.
776 3127 888 3198 (12)
924 3127 1125 3182 lterum
1169 3125 1349 3180 dixit:
1385 3125 1438 3180 Si
1500 3137 1552 3180 te
1602 3126 1834 3182 subierit
1877 3125 2134 3196 cogitatio

548 3219 641 3275 'de
671 3222 832 3274 rebus
860 3220 1078 3288 corpori
1126 3220 1477 3282 necessariis,
1512 3219 1788 3288 semelque
1829 3218 2134 3272 constitue-

573 3315 685 3377 ris;
719 3328 1017 3383 rursusque
1061 3314 1302 3368 secundo
1348 3313 1598 3375 subierit,
1648 3328 1710 3365 ac
1744 3321 1798 3365 tu
1844 3311 2135 3365 constitue-

573 3403 684 3468 ris;
737 3404 783 3458 si
837 3404 997 3458 tertio
1043 3403 1294 3466 subierit,
1338 3404 1446 3456 noli
1493 3405 1543 3457 ei
1590 3404 1902 3468 attendere;
1957 3404 2133 3457 otiosa

549 3497 714 3550 "enim
740 3503 842 3552 est.

646 3586 736 3640 41.
778 3586 891 3657 (15)
934 3585 1132 3640 Iterum
1187 3604 1202 3641 :
1247 3585 1439 3641 Frater
1485 3585 1838 3655 interrogavit
1886 3585 2133 3639 abbatem

571 3681 828 3738 Arionium
861 3699 874 3734 :
909 3680 1051 3747 Quid
1103 3689 1189 3734 est
1242 3681 1396 3734 nihili
1461 3695 1519 3733 se
1571 3681 1789 3734 facere?
1839 3677 2136 3748 Respondit

571 3790 737 3829 senex
771 3790 784 3827 :
817 3772 951 3827 Esse
984 3780 1037 3828 te
1065 3770 1206 3825 infra
1253 3773 1504 3825 animalia
1547 3773 1754 3824 ratione
1785 3772 2048 3835 carentia,
2081 3778 2136 3826 et

573 3881 736 3922 nosse
756 3866 902 3935 quod
931 3865 1022 3919 illa
1047 3865 1488 3918 condeinnationi
1513 3867 1743 3918 obnoxia
1794 3881 1898 3917 non
1933 3866 2062 3918 sint.

642 3958 733 4014 42.
773 3958 899 4014 Item
940 3977 952 4012 :
983 3957 1038 4010 Si
1077 3957 1397 4012 recordatus
1444 3957 1606 4010 fuerit
1644 3959 1802 4010 homo
1834 3957 1961 4010 dicti
1989 3958 2134 4026 quod

572 4053 627 4107 in
658 4051 944 4121 Scriptura
987 4050 1186 4120 legitur
1217 4070 1228 4104 :
1265 4049 1344 4102 Ex
1389 4052 1554 4102 verbis
1602 4053 1702 4102 tuis
1723 4049 2132 4119 justiﬁcaberis,

571 4158 619 4200 et
679 4163 741 4200 ex
791 4145 958 4200 verbis
1017 4147 1120 4199 tuis
1173 4144 1706 4211 condenmabcris”;
1752 4146 1911 4214 eliget
1955 4145 2136 4214 potius

574 4247 772 4291 tacere.

642 4330 733 4383 45.
775 4329 887 4400 (14)
921 4329 1066 4385 Dixit
1110 4342 1367 4403 prieterea
1425 4352 1437 4388 :
1485 4331 1700 4385 Initium
1753 4331 2018 4384 malorum
2054 4338 2138 4384 est

562 4417 877 4483 distractio.

642 4510 736 4564 Η.
778 4511 890 4585 (I5)
943 4512 1008 4566 Et
1064 4515 1165 4569 hoc
1217 4516 1423 4575 retulit,
1472 4515 1616 4584 quod
1674 4515 1842 4568 abbas
1893 4513 2138 4568 Isidorus

573 4600 801 4658 Sceteos
846 4607 1129 4676 presbyter
1189 4608 1262 4660 ita
1299 4607 1590 4675 aliquando
1633 4605 1699 4660 ad
1734 4605 2134 4660 multitudinem

578 4694 739 4748 verba
774 4693 962 4750 fecerit
992 4715 1004 4750 :
1037 4696 1275 4760 Fratres,
1326 4713 1504 4751 nonne
1545 4705 1764 4765 propter
1813 4695 2050 4749 laborem
2081 4696 2135 4748 in

578 4783 725 4838 hunc
758 4785 935 4839 locum
969 4788 1253 4841 venimus?
1303 4786 1455 4842 Nunc
1483 4802 1612 4842 vero
1650 4802 1758 4839 non
1789 4785 2026 4852 amplius
2055 4785 2134 4838 Ia-

573 4877 758 4930 borem
789 4875 972 4931 habet.
1006 4876 1114 4947 Ego
1141 4878 1304 4946 igitur
1338 4886 1596 4947 apparata
1625 4893 1744 4931 mea
1776 4875 1970 4930 melote
1999 4875 2134 4928 abeo

567 4965 638 5018 ad
673 4967 850 5020 locum
881 4968 938 5022 in
980 4983 1089 5038 quo
1136 4968 1286 5022 labor
1316 4977 1422 5034 est,
1463 4969 1679 5039 illicque
1734 4967 2005 5022 inveniam
2045 4980 2134 5021 re-

572 5072 772 5123 quiem.

643 5127 733 5181 i5.
774 5127 887 5198 (16)
926 5129 1115 5184 Frater
1140 5129 1276 5185 dixit
1311 5130 1494 5185 abbati
1528 5129 1772 5186 Pmmeni
1803 5147 1818 5185 :
1855 5127 1912 5184 Si
1948 5129 2134 5185 videro

2230 490 2313 540 γει
2345 471 2492 542 αὐτῷ
2514 474 2542 524 ὁ
2572 471 2772 542 γέρων·
2813 469 3065 532 Ἀπελθε,
3109 471 3202 524 καὶ
3238 472 3373 541 μετὰ
3401 474 3547 542 τρεῖς
3578 471 3792 542 ἡμέρας

2232 563 2370 628 ἐλθὲ,
2407 565 2500 616 καὶ
2526 563 2668 632 λέγω
2708 579 2810 615 σοι.
2847 558 3018 614 Ἦλθε
3053 562 3129 625 δὲ,
3177 563 3352 627 καθὼς
3390 563 3583 635 ὥρισεν
3619 564 3790 636 αὐτῷ.

2231 658 2336 710 Καὶ
2374 651 2524 708 εἶπεν
2549 657 2578 708 ὁ
2607 654 2782 726 γέρων
2802 672 2813 684 ⁸
2857 654 2920 706 Τί
2954 654 3060 724 ἔχω
3098 673 3176 708 σοι
3209 658 3398 719 εἰπεῖν,
3421 653 3634 725 ἀδελφές
3667 655 3790 710 Ἐὰν

2230 749 2368 802 εἴπω
2395 765 2496 811 σοι,
2531 747 2629 810 Δὸς
2650 746 2790 799 αὐτὰ
2819 747 2898 810 εἰς
2923 748 3236 817 ἐκκλησίαν,
3271 752 3388 802 ἐκεῖ
3417 750 3791 822 ἀριστοποιοῦ-

2233 859 2334 895 σιν.
2353 840 2476 894 Ἐὰν
2491 840 2629 894 εἴπω
2658 857 2760 902 σοι,
2777 840 2874 901 Δὸς
2894 839 3030 892 αὐτὰ
3053 844 3301 909 συγγενεῖ
3322 859 3434 906 σου,
3450 842 3548 894 οὐκ
3571 842 3684 895 ἐστι
3710 859 3790 896 σοι

2236 934 2442 1006 μισθός.
2483 933 2607 987 Ἐὰν
2637 933 2693 986 δὲ
2722 932 2860 986 εἴπω
2885 949 2986 995 σοι,
3013 934 3109 998 Δὸς
3134 933 3273 986 αὑτά
3306 937 3554 1004 πτωχοῖς,
3599 935 3796 1004 ἀμερι-

2237 1032 2407 1100 μνεῖς.
2427 1026 2493 1082 Εἴ
2510 1045 2564 1080 τι
2587 1022 2677 1080 οὖν
2701 1026 2890 1091 θέλεις,
2906 1027 3144 1095 ποίησον·
3161 1024 3268 1094 ἐγὼ
3294 1029 3523 1098 πρᾶγμα
3539 1027 3635 1080 οὐκ
3663 1026 3794 1097 ἔχω.

2303 1208 2394 1261 λδ’.
2449 1207 2756 1278 Ἦρώτησεν
2801 1207 2961 1260 αὑτὸν
3001 1206 3158 1270 ἄλλος
3203 1206 3445 1275 ἀδελφὸς,
3486 1205 3686 1274 λέγων’
3727 1205 3799 1260 Τί

2235 1303 2369 1364 ἐστι,
2420 1301 2516 1370 Μὴ
2573 1299 2905 1368 ἀποδώσεις
2959 1299 3150 1354 κακὸν
3189 1299 3322 1354 ἀντὶ
3369 1298 3594 1362 κακοῦ,’
3630 1299 3797 1368 Λέγει

2235 1393 2381 1464 αὑτῴ
2409 1397 2438 1448 ὁ
2463 1394 2637 1464 γέρων
2657 1412 2670 1424 θ
2720 1393 2792 1446 Τὸ
2839 1392 3008 1456 πάθος
3045 1392 3201 1446 τοῦτο
3237 1391 3506 1462 τέσσαρας
3539 1390 3647 1460 ἔχει
3671 1390 3796 1460 τρόο

2236 1502 2398 1548 πους’
2429 1477 2643 1556 πρῶτον
2671 1486 2776 1538 ἀπὸ
2800 1484 3040 1556 καρδίας,
3067 1483 3316 1554 δεύτερον
3333 1483 3439 1536 ἀπὸ
3459 1483 3652 1552 ὅψεως,
3677 1483 3796 1553 τρί-

2235 1595 2324 1631 τον
2359 1577 2628 1646 γλώσσης,
2673 1577 2929 1648 τέταρτόν
2973 1578 3109 1637 ἐστι,
3149 1576 3209 1628 τὸ
3249 1576 3322 1647 μὴ
3362 1576 3583 1644 ποιῆσαι
3626 1576 3793 1628 κακὸν

2236 1669 2361 1721 ἀντὶ
2403 1668 2592 1721 κακοῦ.
2641 1667 2765 1720 Ἐὰν
2816 1667 3038 1721 δύνασαι
3087 1666 3376 1738 καθαρίσαι
3425 1667 3521 1737 τὴν
3568 1667 3794 1737 καρδίαν

2238 1778 2352 1822 σου,
2397 1762 2495 1814 οὐκ
2545 1761 2758 1830 ἔρχεται
2796 1763 2876 1820 εἰς
2913 1761 3009 1831 τὴν
3038 1759 3157 1829 ὄψιν
3183 1776 3196 1790 ο
3227 1760 3320 1813 ἐὰν
3347 1759 3401 1812 δὲ
3428 1758 3550 1832 ἔλθῃ
3582 1762 3661 1822 εἰς
3700 1759 3795 1828 τὴν

2237 1853 2380 1923 ὄψιν,
2415 1853 2680 1922 φυλάττου
2722 1853 2784 1905 τὸ
2823 1853 2895 1924 μὴ
2938 1853 3109 1907 λαλεῖν
3133 1868 3147 1882 °
3185 1852 3279 1906 ἐὰν
3321 1852 3377 1904 δὲ
3417 1853 3508 1904 καὶ
3537 1851 3791 1923 λαλήσῃς,

2236 1947 2372 2015 ταχὺ
2407 1944 2567 2014 κόψον
2595 1944 2686 1996 τοῦ
2718 1943 2791 2014 μὴ
2824 1947 3042 2014 ποιῆσαι
3069 1944 3235 1996 κακὸν
3273 1943 3391 1997 ἀντὶ
3431 1943 3618 1996 κακοῦ.

2308 2037 2398 2090 λε’.
2442 2035 2603 2089 Εἶπεν
2629 2039 2656 2088 ὁ
2689 2037 2861 2099 ἁϐὄᾶς
2891 2037 3118 2106 Ποιμὴν,
3149 2038 3228 2088 ὅτι
3265 2035 3336 2088 Τὸ
3371 2035 3674 2105 φυλάσσειν,
3699 2035 3793 2087 καὶ

2238 2129 2412 2199 ἐαυτῷ
2451 2129 2754 2199 προσέχειν,
2800 2130 2892 2181 καὶ
2936 2131 2968 2197 ἡ
3014 2128 3303 2198 διάκρισις,
3347 2129 3402 2179 αἱ
3445 2131 3592 2199 τρεῖς
3641 2122 3794 2181 αὗται

2240 2222 2430 2293 ἀρεταὶ
2454 2223 2633 2292 ὁδηγοί
2681 2224 2784 2274 εἰσι
2812 2222 2908 2292 τῆς
2937 2221 3134 2291 ψυχῆς.

2309 2314 2413 2379 λς’.
2448 2312 2579 2368 Εἶπε
2624 2315 2806 2380 πάλιν,
2830 2316 2910 2367 ὅτι
2942 2316 3013 2367 Τὸ
3043 2314 3193 2384 ῥίψαι
3223 2314 3411 2368 ἑαυτὸν
3450 2313 3678 2366 ἐνώπιον
3706 2312 3798 2366 τοῦ

2237 2405 2392 2471 Θεοῦ,
2445 2406 2540 2459 καὶ
2588 2406 2648 2458 τὸ
2691 2407 2763 2476 μὴ
2813 2405 3003 2458 ἑαυτὸν
3056 2409 3292 2477 μετρεῖν.
3351 2407 3444 2459 καὶ
3483 2405 3544 2458 τὸ
3589 2405 3802 2475 βάλλειν

2238 2499 2411 2552 ὀπίσω
2446 2499 2508 2552 τὸ
2545 2499 2675 2554 ἴδιον
2703 2499 2928 2569 θέλημα,
2961 2499 3217 2570 ἐργαλεῖά
3244 2501 3349 2552 εἰσι
3369 2499 3468 2570 τῆς
3494 2499 3692 2570 ψυχῆς.

2313 2591 2413 2655 λζ’,
2456 2588 2594 2645 Εἷπε
2625 2592 2786 2645 πάλιν
2807 2609 2819 2621 ·
2864 2593 2977 2656 Πᾶς
3006 2593 3169 2656 κόπος
3201 2592 3258 2656 ὃς
3297 2591 3363 2646 ἂν
3387 2593 3587 2666 ἐπέλθῃ
3628 2609 3730 2659 σοι,
3765 2594 3801 2664 ἠ

2238 2683 2362 2754 νίκη
2396 2684 2560 2737 αὑτοῦ
2587 2686 2703 2738 ἐστι
2735 2687 2965 2757 σιωπᾷν.

2307 2777 2407 2848 λη’.
2437 2774 2569 2830 Eius
2599 2777 2760 2831 πάλιν
2779 2792 2795 2808 ⁸
2823 2779 3104 2850 Βδέλυγμα
3132 2782 3245 2833 ἐστι
3273 2779 3461 2850 Κυρίῳ
3511 2782 3657 2834 πᾶσα
3685 2794 3795 2833 σω-

2243 2867 2440 2940 ματικὴ
2471 2869 2794 2932 ἀνάπαυσις.

2309 2959 2403 3012 λΘ’.
2438 2955 2574 3013 Εἷπε
2607 2959 2768 3012 πάλιν
2788 2978 2801 2990 ·
2837 2959 2908 3014 Τὸ
2941 2961 3136 3026 πένθος
3165 2962 3382 3017 διπλοῦν
3419 2964 3598 3016 ἐστιν’
3630 2961 3794 3035 ἐργά-

2238 3052 2405 3116 ζεται,
2437 3052 2529 3103 καὶ
2562 3051 2840 3120 φυλάσσει.

2309 3150 2382 3214 μ’.
2418 3138 2553 3196 Εἷπε
2607 3143 2801 3196 πάλιν·
2876 3145 3004 3198 Ἐάν
3054 3145 3182 3220 ἔλθῃ
3242 3164 3322 3200 σοι
3367 3147 3621 3217 λογισμὸς
3670 3146 3799 3218 περὶ

2235 3236 2341 3287 τῶν
2391 3236 2702 3304 ἀναγκαίων
2751 3235 2844 3288 τοῦ
2905 3236 3152 3306 σώματος
3210 3240 3429 3309 χρειῶν,
3485 3241 3570 3294 καὶ
3617 3239 3806 3294 διατά-

2237 3327 2332 3398 ξῃς
2371 3328 2536 3393 ἅπαξ,
2579 3328 2671 3380 καὶ
2709 3329 2869 3382 πάλιν
2911 3330 3163 3402 δεύτερον
3203 3331 3331 3403 ἔλθῃ
3376 3333 3470 3385 καὶ
3515 3329 3802 3405 διατάξῃς·

2235 3419 2300 3470 τὸ
2336 3420 2517 3490 τρίτον
2549 3420 2644 3474 ἐὰν
2688 3421 2838 3492 ἔλθῃ,
2875 3421 2946 3492 μὴ
2982 3423 3224 3495 πρόσχῃς
3273 3424 3454 3494 αὐτῷ·
3496 3425 3663 3496 ἀργὸς
3691 3424 3804 3496 γάρ

2235 3527 2371 3567 εστι.

2309 3601 2415 3671 μα’.
2455 3597 2588 3656 Eius
2628 3604 2808 3667 πάλιν,
2839 3605 2920 3658 ὅτι
2952 3605 3199 3674 Ἀδελφὸς
3221 3605 3470 3676 ἠρώτησε
3497 3606 3587 3658 τὸν
3625 3604 3805 3658 ἁὸὁᾶν

2248 3693 2515 3756 Ἀλὼνιον,
2549 3694 2722 3762 λέγων
2747 3711 2761 3724 ·
2796 3697 2860 3748 Τί
2909 3697 3055 3748 ἐστιν
3086 3697 3455 3762 ἐξουδὲνωσιςς
3492 3698 3599 3750 Καὶ
3653 3692 3803 3750 εἶπεν

2235 3787 2264 3838 ὁ
2286 3786 2462 3857 γέρων
2483 3804 2496 3817 ο
2527 3788 2600 3840 Τὸ
2627 3783 2762 3841 εἷναί
2801 3805 2861 3840 σε
2901 3789 3155 3842 ὑποκάτω
3189 3790 3296 3842 τῶν
3340 3790 3566 3858 ἀλόγων,
3601 3792 3693 3843 καὶ
3719 3793 3797 3843 εἰ·

2235 3878 2380 3930 ὃέναι
2406 3879 2486 3931 ὅτι
2515 3880 2562 3910 ⁷³
2585 3880 2928 3950 ἁκατάκριτά
2966 3883 3124 3936 εἰσιν.

2311 3968 2417 4039 μβκ
2449 3965 2582 4022 Εἷπε
2612 3970 2793 4033 πάλιν,
2832 3973 2914 4025 ὅτι
2963 3972 3090 4026 Ἐάν
3131 3972 3340 4043 μνησθῇ
3382 3970 3666 4042 ἄνθρωπος
3708 3973 3802 4028 τοῦ

2237 4063 2620 4131 γεγραμμένου
2675 4063 2860 4132 ῥητοῦ,
2909 4065 2990 4117 ὅτι
3039 4065 3133 4118 Ἐκ
3179 4063 3294 4118 τῶν
3330 4067 3527 4132 λόγων
3570 4081 3687 4119 σου
3719 4064 3803 4117 δι-

2238 4151 2566 4220 καιωθήσῃ.
2586 4152 2682 4205 καὶ
2705 4153 2772 4205 ἐκ
2795 4152 2911 4205 τῶν
2932 4157 3127 4224 λόγων
3147 4169 3264 4207 σου
3286 4152 3795 4220 καταδικασθήσῃ,

2239 4244 2474 4316 αἱρεῖται
2516 4244 2713 4314 μᾶλλον
2733 4244 2792 4296 τὸ
2817 4247 3040 4316 σιωπᾷν.

2313 4342 2422 4404 μγ’.
2467 4331 2600 4388 Εἷπε
2651 4335 2849 4389 ’πάλιν⁹
2925 4336 3090 4408 Ἀρχὴ
3135 4337 3318 4390 κακῶν
3368 4339 3516 4390 ἐστιν
3569 4340 3598 4390 ὁ
3647 4352 3798 4406 περί·

2171 4428 2214 4481 D
2243 4427 2510 4498 σπασμός.

2313 4519 2413 4589 μδ’.
2444 4515 2577 4572 Εἷπε
2612 4519 2790 4584 πάλιν,
2823 4521 2904 4572 ὅτι
2935 4522 2962 4572 ὁ
2982 4519 3156 4584 assa;
3204 4521 3472 4592 Ἰσίδωρος
3501 4523 3528 4574 ὁ
3563 4519 3801 4588 πρεσϐύ-

2236 4629 2390 4683 τερος
2419 4613 2518 4682 τῆς
2558 4613 2807 4684 Σκήτεως
2851 4613 3078 4682 ὲλάλησέ
3119 4632 3246 4668 ποτε
3307 4613 3382 4684 τῷ
3414 4612 3545 4684 λαῷ,
3592 4612 3799 4680 λέγων’

2249 4704 2512 4774 Ἀδελφοὶ,
2551 4705 2670 4775 οὐχὶ
2699 4706 2882 4757 ἕνεκεν
2927 4706 3095 4758 κόπου
3133 4707 3366 4776 ἤλθομεν
3411 4707 3490 4768 εἰς
3518 4706 3607 4758 τὸν
3640 4705 3804 4757 τόπον

2239 4795 2458 4863 τοῦτον;
2507 4799 2614 4850 Καὶ
2662 4797 2756 4849 νῦν
2825 4799 2924 4852 οὐκ
2971 4799 3051 4852 ἔτι
3095 4799 3205 4870 ἔχει
3258 4799 3444 4852 κόπον.
3513 4796 3650 4866 Ἐγὼ
3708 4792 3804 4849 οὖν

2243 4888 2512 4950 σκευάσας
2537 4888 2636 4958 τὴν
2662 4889 2918 4960 μηλωτήν
2945 4906 3044 4959 μου
3093 4890 3399 4960 ἀπέρχομαι
3421 4890 3552 4943 ὅπου
3570 4886 3685 4942 ἐστὶ
3708 4888 3804 4939 κό-

2242 4997 2361 5044 πος,
2387 4982 2480 5034 καὶ
2505 4982 2621 5034 ἐκεῖ
2651 4981 2888 5049 εὑρίσκω
2915 4982 3236 5036 ἀνάπαυσιν.

2315 5137 2414 5202 με’.
2472 5130 2722 5200 Ἀδελφὸς
2761 5126 2882 5184 εἷπε
2914 5131 2991 5203 τῷ
3033 5133 3176 5204 άσὸᾷ
3206 5132 3464 5204 Ποιμένι·
3518 5130 3642 5186 Ἐὰν
3676 5128 3803 5183 θεά-

675 5269 720 5300 ⁷⁰
749 5268 769 5322 1
800 5268 992 5326 Tbess.
1023 5270 1193 5336 v,15;
1224 5269 1416 5328 lPetr.
1458 5288 1539 5341 ιιι,
1569 5271 1620 5326 9.
1701 5272 1745 5307 τι
1794 5269 1982 5326 Matth.
2035 5285 2132 5338 xtl,

2236 5271 2268 5326 l.
2343 5271 2390 5303 "
2419 5269 2504 5326 Al.
2533 5269 2703 5325 inser.
2757 5273 2960 5326 ἐκεῖνα.

670 5425 722 5491 7)
760 5424 865 5480 Vit.
899 5429 1046 5483 Patr.
1078 5446 1230 5492 xvttt,
1266 5429 1354 5483 I8.

667 5496 721 5563 8)
762 5495 868 5550 Vit.
903 5498 1052 5552 Patr.
1087 5517 1124 5564 I,
1162 5499 1243 5553 I2.

649 5568 728 5636 (9)
762 5565 867 5636 Vit.
893 5567 1046 5621 Patr.
1082 5585 1168 5630 xv,
1201 5570 1286 5625 34.

672 5633 757 5702 10)
792 5633 896 5690 Vit.
921 5636 1073 5689 Patr.
1102 5653 1212 5700 xvr,
1236 5640 1289 5692 9.

672 5640 757 5702 10)
793 5640 896 5690 Vit.
921 5640 1073 5689 Patr.
1102 5653 1212 5700 XVI,
1236 5640 1289 5692 9.

644 5640 756 5778 iii)
793 5704 888 5761 Vit.
923 5705 1079 5760 Patr.
1099 5720 1180 5772 ιιι,
1212 5707 1299 5760 12.

2314 5422 2428 5496 (t2)
2473 5422 2516 5496 Υ
2541 5434 2579 5479 ι.
2605 5424 2761 5496 Patr.
2787 5441 2842 5490 χ,
2873 5423 2962 5496 57.

2341 5435 2428 5562 ςξς
2476 5435 2579 5550 ὗεῖῖ
2605 5435 2761 5548 ἵὲξξῖ
2787 5435 2999 5559 ἒιῗέιὲς.

2342 5563 2428 5637 tt)
2471 5564 2572 5637 va.
2606 5565 2763 5622 Patr.
2795 5582 2868 5631 XI,
2900 5565 2988 5637 η.

2343 5633 2429 5704 15)
2471 5635 2576 5690 Vit.
2613 5637 2765 5690 Patr.
2794 5653 2889 5695 vn.
2930 5635 3017 5692 14.

2344 5702 2430 5778 I6)
2468 5704 2571 5760 Vit.
2605 5704 2758 5761 Patr.
2789 5722 2844 5772 ι,
2869 5706 2958 5762 58.
