4036 6202
233 220 321 280 333

1377 198 1979 261 APOPHTHEGMATA
2014 195 2322 255 PATRL'M.

3336 188 3442 246 5M

232 353 400 411 υωμαι
448 334 702 408 πρᾶγμα,
753 331 925 395 Θιλιις
976 329 1115 385 εἴπω
1157 328 1319 393 αὐτὸς
1368 330 1529 398 Λέγει
1576 326 1780 399 αὐτῷδ

1906 340 2016 387 cm,
2045 322 2205 393 iubes
2246 331 2305 375 ut
2350 334 2466 374 eam
2503 316 2766 373 efferant?
2804 317 2893 371 Ait
2932 316 3006 370 llli
3054 329 3217 370 senex
3253 312 3444 368 :Scri-

236 430 433 504 γέρων·
477 426 791 497 Γέγραπται
814 440 827 453 °
878 424 977 489 Ὃς
1023 421 1132 476 ἐὰν
1169 421 1557 488 ἀποκρίνηται
1598 419 1787 486 λόγον

240 525 375 593 πρὶν
395 518 668 581 ἀκοῦσαι,
710 516 1026 587 ἀφροσύνη
1056 514 1217 581 αὐτῷ
1251 512 1382 569 ἐόντι
1408 514 1506 567 καὶ
1534 511 1783 577 ὄνειδος.

255 618 370 671 Ἐὰν
393 610 764 684 ἑπερωτηῦᾔς,
793 608 943 663 εἰπέο
988 607 1037 659 εί
1072 606 1129 659 δὲ
1159 606 1255 676 μὴ,
1287 603 1486 658 σιώπα.

309 701 415 776 pg’.
454 699 732 773 Ἠρώτησέ
784 715 867 761 τις
912 695 1135 766 ἀδελφὸς
1179 694 1271 749 τὸν
1317 693 1491 749 ἀδῦἄν
1525 692 1786 763 Ποιμένα,

248 800 435 868 λέγων’
480 794 713 849 Δύναται
755 789 1041 862 ἄνθρωπος
1093 786 1405 843 πεποιθέναι
1442 787 1535 840 ἐπὶ
1577 788 1645 857 τῇ
1694 786 1790 858 μιᾷ

252 890 452 963 πράξεις
489 887 603 942 Καὶ
619 882 770 939 εἶπεν
802 880 999 951 αὑτῷὀ
1028 880 1222 951 γέρων,
1245 881 1371 934 ὅτιό
1402 877 1576 941 ἀϐὃᾶς
1612 877 1791 931 Ἰωάν-

254 1001 329 1056 νης
349 986 375 1037 6
405 980 642 1043 Κολοὸὀς
666 975 839 1037 εἶπεν,
879 975 960 1028 ὃτι
1002 972 1143 1041 Ἐγὼ
1187 972 1325 1026 Θέλω
1353 970 1671 1043 μεταλαϐεῖν
1705 988 1791 1041 μι-

250 1079 358 1147 κρὸν
376 1092 431 1128 τι
458 1075 525 1126 ὲιι
554 1070 744 1127 πασῶν
767 1068 876 1122 τῶν
904 1065 1132 1138 ἀρετῶν.

303 1167 406 1239 με’.
424 1162 562 1220 Eius
591 1164 754 1218 πάλιν
778 1165 806 1215 ὁ
837 1161 1034 1231 γέρων,
1059 1157 1381 1227 ὅτιάδελφδς
1415 1156 1669 1228 ἠρώτησε
1701 1156 1793 1208 τὸν

242 1259 402 1314 ὰὸὁᾶν
434 1254 663 1328 Παμὸὼ,
698 1256 746 1308 εί
791 1254 953 1308 καλὸν
1004 1253 1243 1306 ἐπαινεῖν
1276 1250 1366 1305 τὸν
1406 1249 1633 1317 πλησίον
1652 1265 1665 1279 ·
1701 1247 1795 1303 καὶ

242 1346 388 1405 εἶπεν
421 1348 567 1420 αὐτῷ
590 1364 605 1377 °
635 1345 817 1400 Καλὸν
840 1343 1038 1416 μᾶλλόν
1073 1345 1189 1398 ἐστι
1217 1343 1279 1396 τὸ
1301 1343 1530 1411 σιωπᾷν.

313 1538 425 1604 μη’.
458 1526 587 1584 Εἶπε
620 1528 781 1582 πάλιν
809 1527 838 1579 6
862 1524 1037 1589 ἅδϐἄς
1065 1522 1293 1595 Ποιμὴν,
1324 1523 1404 1575 ὅτι
1448 1519 1573 1574 Ἐὰν
1599 1522 1797 1594 ποιήςῃ

243 1626 518 1698 ἄνθρωπος
539 1621 719 1677 καινὸν
733 1618 958 1691 οὐρανὸν
980 1616 1073 1670 καὶ
1088 1615 1274 1686 καινὴν
1289 1615 1410 1685 γῆν,
1433 1614 1492 1666 οὐ
1519 1613 1734 1667 δύναται
1750 1613 1797 1645 ⁷³

243 1717 629 1790 ἁμεριμνῆσαι.

312 1808 421 1882 μθ’.
460 1805 601 1860 Eius
634 1803 812 1865 πάλιν,
839 1802 921 1854 ὃτι
959 1799 1017 1854 Ὀ
1059 1798 1342 1872 ἄνθρωπος
1377 1796 1552 1851 δέεται
1577 1797 1676 1867 τῆς
1703 1811 1804 1851 τα-

244 1896 671 1971 πεινοφροσύνης
694 1896 743 1927 ⁷⁵
772 1894 858 1948 xui.
887 1891 979 1946 τοῦ
1000 1891 1164 1962 φόϐου
1183 1891 1277 1945 τοῦ
1312 1890 1469 1951 Θεοῦ,
1494 1888 1682 1961 ὥσπερ
1703 1889 1802 1960 τῆς

244 1991 415 2063 πνοῆς
444 1985 872 2062 ὲκπορευομὲνης
900 1986 964 2039 ὲκ
985 1984 1086 2053 τῆς
1113 1982 1257 2055 ῥινὸς
1283 1980 1468 2037 αὐτοῦ.

316 2089 383 2138 ν’.
436 2080 678 2151 ’.ἁδελφὸς
708 2078 955 2152 ἠρώτησε
986 2077 1075 2131 τὸν
1113 2076 1285 2131 ἀόδᾶν
1308 2076 1569 2148 Ιιοιμένα,
1594 2074 1798 2145 λέγων’

251 2174 318 2229 Τί
337 2176 574 2247 ποιήσως
595 2172 749 2240 Λέγει
785 2170 931 2241 αὐτῷ
948 2171 978 2222 6
997 2168 1173 2241 γέρων
1195 2188 1209 2201 ο
1245 2168 1494 2240 Ἀϐραὰμ
1512 2169 1602 2222 ὅτε
1624 2166 1805 2237 εἰσῆλ-

244 2268 337 2322 θεν
358 2268 442 2330 είς
469 2265 562 2337 τὴν
590 2265 691 2336 γῆν
719 2264 818 2337 τῆς
859 2261 1206 2331 ἐπαγγελίας,
1244 2264 1507 2333 μνημεῖον
1534 2261 1804 2331 ἠγόρασεν

244 2356 441 2429 ἑαυτῷ,
486 2334 578 2410 καὶ
629 2334 716 2408 διὰ
748 2334 842 2408 τοῦ
886 2353 1058 2422 τάφου
1098 2352 1500 2425 ἐκληρονόμησε
1536 2351 1637 2422 τὴν
1677 2349 1801 2420 γῆν.

242 2446 405 2519 Λέγει
418 2449 449 2501 6
465 2445 693 2514 ἁδελφός
710 2460 725 2476 ν
742 2444 805 2497 Τί
829 2445 944 2496 ἐστι
965 2441 1131 2511 τάφος
1150 2458 1165 2507 ;
1186 2442 1348 2511 Λέγει
1368 2440 1519 2511 αὐτῷ
1546 2441 1575 2493 6
1595 2438 1772 2511 γέρων
1785 2455 1812 2477 '-

243 2538 417 2605 Τόπος
433 2536 602 2591 κλαυθ
611 2536 712 2610 μοῦ
734 2537 829 2591 καὶ
852 2534 1102 2600 πένθους.

306 2720 414 2769 να⁸.
463 2712 715 2783 ’Δδελφδς
751 2707 871 2766 εἶπε
898 2711 976 2784 τῷ
1014 2711 1157 2784 ὰόϐᾅ
1181 2710 1441 2784 Ποιμένι·
1471 2710 1600 2765 Ἐὰν
1623 2710 1700 2764 δῶ
1731 2709 1810 2782 τῷ

244 2802 460 2875 ἁδελφῷ
499 2820 601 2874 μου
647 2802 840 2873 μικρὸν
873 2803 1055 2874 ἄρτον,
1092 2802 1125 2874 ἢ
1168 2799 1353 2873 ἔτερόν
1376 2818 1449 2863 τι,
1478 2802 1527 2855 οί
1561 2799 1811 2871 δαίμονες

248 2897 568 2967 μολύνουσιν
594 2894 732 2949 αὐτὰ
747 2895 814 2959 ⁷⁸,
833 2894 907 2958 ὼς
927 2894 1067 2949 κατὰ
1082 2894 1565 2968 ἀνθρωπαρεσκίαν
1590 2893 1811 2965 γινόμε-

1888 426 2036 489 ptum
2078 421 2162 470 est
2195 433 2208 468 :
2243 414 2345 480 Qui
2383 410 2707 479 responderit
2744 409 2954 464 verbum
2994 409 3302 478 priusquam
3343 419 3447 459 att-

1887 511 1999 563 "diat
2018 525 2035 566 ε
2064 508 2297 563 stultitia
2321 506 2369 559 ei
2394 515 2467 560 est
2501 512 2550 557 et
2583 502 2917 572 opp'obrinm
2957 500 3025 553 "’.
3056 498 3111 553 Si
3132 513 3262 568 ergo
3286 497 3450 551 inter.

1887 609 2106 672 rogatus
2147 598 2335 659 fueris.
2366 594 2584 666 profer;
2617 595 2701 649 sin
2723 594 2924 654 minus.
2957 601 3094 648 tace.

1956 692 2049 748 46.
2092 690 2280 745 Frater
2305 688 2504 760 aliquis
2535 694 2888 757 percontatus
2915 694 3001 741 est
3037 685 3285 740 abbatem
3321 682 3450 738 Pas-

1888 800 2099 841 menem
2127 783 2421 838 :Potestne
2474 781 2636 835 homo
2668 778 2943 834 conlidere
2977 777 3030 832 in
3060 792 3170 833 una
3199 778 3439 831 actione.

1894 876 2197 948 ReSpondit
2235 888 2422 939 senex,
2462 873 2677 928 abbatis
2697 870 2926 927 Joannis
2956 868 3110 925 Curti
3146 884 3451 924 sermonem

1890 969 2171 1024 exstitisse
2207 986 2221 1021 :
2255 965 2367 1036 Ego
2404 965 2565 1036 cupio
2589 979 2657 1020 ex
2698 964 2953 1018 omnibus
2990 960 3283 1016 virtutibus
3316 973 3454 1012 non-

1891 1060 2024 1115 nihil
2055 1074 2358 1114 assumere.

1959 1152 2048 1207 Π.
2090 1152 2265 1207 Etiam
2310 1152 2555 1207 narravit
2589 1164 2777 1210 senex.
2809 1146 2965 1225 quod
3002 1146 3171 1202 frater
3213 1148 3455 1201 interro-

1891 1244 2099 1316 garet-it
2138 1243 2387 1298 abbatem
2416 1240 2641 1302 Pambo,
2685 1249 2865 1294 utrum
2902 1238 3103 1292 bonum
3157 1246 3302 1292 esset
3340 1236 3459 1290 Isn-

1892 1336 2022 1390 dare
2086 1334 2396 1406 proximum
2425 1372 2441 1397 ,
2483 1340 2540 1388 et
2592 1331 2685 1387 ille
2726 1327 3107 1401 reSpoudcrit:
3146 1329 3336 1385 Melius
3372 1338 3459 1384 est

1894 1436 2097 1484 tacere.

1961 1519 2051 1574 68.
2094 1518 2209 1590 (l7)
2236 1516 2378 1573 Dixit
2408 1518 2603 1572 iterum
2626 1514 2797 1571 abbas
2816 1513 3041 1569 Pmmen
3072 1532 3086 1569 :
3117 1512 3267 1569 Licet
3294 1512 3458 1567 homo

1894 1608 2211 1682 produxerit
2242 1624 2443 1664 novum
2459 1606 2655 1665 caelum
2682 1615 2738 1661 et
2757 1620 2950 1662 novam
2976 1612 3198 1668 terram,
3231 1619 3339 1658 non
3369 1619 3460 1676 po-

1824 1693 1866 1750 Β
1895 1708 1999 1757 test
2018 1701 2169 1755 curis
2198 1714 2407 1755 carere.

1963 1789 2054 1845 49.
2084 1788 2194 1860 (l8)
2233 1790 2473 1844 Rursum
2506 1787 2680 1844 dixit:
2723 1784 2895 1842 Homo
2928 1786 3133 1859 indiget
3157 1785 3465 1840 humilitate

1899 1895 1965 1936 ac
2008 1880 2101 1935 Dei
2143 1881 2359 1945 timore,
2406 1878 2861 1950 quemadmodum
2901 1878 3028 1934 flatu
3061 1879 3153 1949 qui
3182 1893 3211 1934 e
3241 1878 3464 1935 naribus

1899 1972 2019 2042 ejus
2049 1971 2247 2040 prodit.

1971 2062 2061 2118 50.
2092 2061 2205 2133 (l9)
2240 2060 2432 2118 Frater
2460 2060 2815 2132 interrogavit
2846 2061 3097 2118 abbatem
3129 2061 3463 2120 Pmmenem.

1902 2153 2033 2226 quid
2069 2152 2243 2208 facere
2298 2135 2537 2208 deberet.
2572 2151 2663 2206 Ait
2692 2153 2767 2206 illi
2797 2168 2997 2208 senex:
3038 2150 3268 2219 Quando
3295 2151 3469 2207 Abrae

1904 2245 2029 2299 ham
2062 2243 2340 2314 ingressus
2385 2251 2471 2298 est
2526 2243 2581 2297 in
2642 2250 2842 2299 terram
2899 2241 3301 2311 promissionis.
3365 2240 3470 2295 sibi

1904 2336 2037 2392 emit
2062 2344 2501 2395 monumentum,
2559 2349 2623 2391 ac
2655 2350 2751 2405 per
2800 2335 3110 2405 sepulcrum
3145 2343 3346 2389 terram
3380 2347 3474 2388 ac-

1905 2429 2049 2500 cepit
2108 2430 2161 2484 in
2223 2428 2612 2483 hareditatem.
2677 2431 2848 2497 lingat
2917 2428 3126 2483 frater:
3194 2426 3335 2494 Quid
3389 2436 3475 2484 est

1907 2520 2261 2591 sepulcrum?
2319 2520 2497 2576 Senex
2564 2521 2855 2592 respondet
2902 2540 2915 2574 :
2963 2520 3141 2576 Locns
3197 2521 3356 2578 ﬂetus
3421 2532 3477 2578 et

1909 2614 2108 2667 luctus.

1979 2704 2079 2760 5|.
2110 2703 2223 2775 (20)
2244 2702 2434 2760 Frater
2461 2703 2600 2759 dixit
2636 2704 2820 2760 abbati
2864 2704 3148 2763 Ptemeni:
3181 2705 3239 2762 Si
3266 2707 3468 2763 dedero

1912 2795 2068 2851 fratri
2103 2811 2222 2852 meo
2257 2812 2446 2865 parum
2480 2795 2656 2867 panis.
2693 2805 2789 2851 ant
2816 2797 2962 2852 aliud
2990 2798 3141 2869 quid,
3205 2799 3481 2856 dzemones

1912 2890 2165 2961 polluunt
2196 2889 2350 2949 illud.
2382 2891 2538 2961 qttasi
2580 2890 2647 2945 ad
2681 2891 3003 2961 placendum
3054 2890 3367 2947 hominibus
3401 2893 3481 2945 fa-

245 2987 398 3044 ve".
453 2986 620 3056 Λέγει
653 2986 800 3057 αὐτῷ
836 2991 864 3040 6
911 2987 1087 3058 γέρων
1112 3004 1124 3017 ·
1157 2987 1220 3040 Ei
1257 2988 1353 3040 καὶ
1392 2986 1533 3041 κατὰ
1565 2984 1806 3058 ἄνθρωπε

1915 2992 2062 3039 ctum
2094 2982 2272 3039 fuerit.
2302 2984 2390 3036 Ait
2424 2982 2473 3038 ei
2504 2998 2665 3039 senex
2694 3001 2708 3037 :
2771 2982 2920 3038 Licet
2951 2982 3131 3037 studio
3167 2983 3481 3039 hominibus

249 3081 522 3153 ιρεσκίαν
552 3079 780 3160 γίνεται,
806 3078 921 3133 ἀλλ’
948 3081 1107 3150 ἡμεῖς
1134 3078 1233 3150 τὴν
1268 3078 1455 3150 χρείαν
1488 3075 1744 3148 δώσωμεν
1767 3078 1806 3110 ⁷⁸⁸

1917 3075 2165 3147 placendi
2195 3075 2307 3136 fiat,
2336 3090 2436 3131 nos
2475 3085 2651 3131 tamen
2682 3075 2945 3131 fratribus
2988 3076 3181 3132 demus
3210 3092 3332 3147 qua:
3375 3076 3483 3132 illis

242 3169 315 3241 τῷ
340 3163 586 3238 ἀδελφῷ.
616 3164 748 3222 Εἷπε
780 3168 836 3221 δὲ
874 3168 1021 3239 αὐτῷ
1052 3169 1147 3222 κα)¹
1184 3167 1498 3241 παραϐολὴν
1528 3168 1806 3238 τοιαύτην⁴

1918 3167 2228 3224 necessaria
2264 3177 2412 3223 sunt.
2450 3166 2661 3236 Adiecit
2689 3182 2907 3239 quoque
2952 3168 3090 3225 hanc
3124 3170 3436 3237 parabolam
3465 3188 3481 3224 :

246 3261 340 3317 Δύο
368 3260 660 3341 ᾄνθρωποι
679 3256 819 3333 ἦσαν
850 3260 1087 3332 γεωργοὶ
1108 3263 1166 3313 ὲν
1192 3259 1344 3312 πόλει
1380 3258 1653 3323 οἰκοῦντες
1685 3262 1806 3331 μιᾷ·

1919 3260 2037 3315 Duo
2093 3261 2342 3333 agricolae
2376 3262 2429 3315 in
2460 3262 2646 3317 eadem
2677 3264 2896 3319 civitate
2934 3263 3291 3319 habitabant:
3341 3279 3485 3319 unus

247 3355 333 3410 καὶ
357 3357 391 3410 6
426 3347 515 3417 εἷς
540 3352 640 3423 μὲν
662 3350 721 3418 ἐξ
750 3351 927 3405 αὐτῶν
976 3351 1203 3422 σπείρας
1232 3350 1452 3422 εποίησε
1492 3349 1663 3420 μικρὰ
1687 3350 1806 3404 ἀκά-

1918 3370 1985 3408 ex
2041 3354 2110 3409 iis
2168 3353 2473 3415 seminavit.
2527 3356 2820 3425 rettulitque
2900 3371 3070 3425 pauca
3123 3364 3178 3412 et
3233 3357 3484 3427 impura;

248 3444 459 3519 θαρτα’
490 3447 519 3498 6
541 3445 596 3499 δὲ
637 3444 811 3507 ἄλλος,
854 3442 1132 3515 ἀμελήσας
1168 3441 1262 3496 τοῦ
1297 3445 1534 3514 σπεῖραι,
1570 3441 1806 3513 ὲποίησεη

1922 3446 2055 3500 alter
2081 3461 2202 3499 eum
2236 3461 2418 3500 serere
2455 3446 2800 3515 neglexisset.
2827 3447 2961 3502 nihil
2993 3448 3216 3502 omnino
3245 3448 3483 3519 collegit.

244 3532 375 3599 ὅλως
406 3531 570 3587 οὐδέν
588 3548 603 3561 “
632 3529 790 3601 λιμοῦ
806 3529 852 3561 ⁷⁸
882 3529 1196 3600 γενομένου.
1226 3528 1308 3593 τίς
1334 3529 1399 3582 ἐκ
1427 3526 1535 3581 τῶν
1555 3526 1649 3580 δύο
1679 3527 1806 3611 εὑρίε

1922 3537 2107 3607 Itaque
2133 3536 2181 3591 si
2214 3537 2505 3605 contigerit
2534 3537 2724 3602 fames,
2756 3540 2882 3609 quis
2905 3555 2970 3594 ex
3004 3540 3219 3594 duobus
3251 3540 3488 3599 inveniet

249 3640 362 3679 σκει
406 3622 578 3695 ζῆσαι
606 3638 622 3684 ;
669 3618 963 3692 Ἀπεκρίθη
1009 3620 1039 3672 6
1070 3618 1295 3687 ἀδελφός
1324 3636 1338 3649 ·
1364 3618 1440 3676 ,ὐ
1473 3618 1704 3689 ποιήσας
1755 3617 1806 3671 τὲ

1922 3628 2066 3683 unde
2110 3628 2294 3683 vivat?
2349 3627 2645 3698 Respondit
2702 3632 2905 3686 frater:
2947 3632 3046 3697 Qui
3092 3647 3261 3701 pauca
3311 3632 3398 3686 illa
3433 3640 3487 3687 et

245 3714 402 3785 ὀλίγα
453 3713 550 3767 καὶ
585 3711 889 3782 ἀκάθαρτα.
922 3710 1085 3779 Λέγει
1115 3710 1266 3782 αὐτῷ
1304 3712 1333 3765 6
1380 3711 1557 3782 γέρων
1578 3726 1593 3741 ·
1637 3708 1823 3774 Οὕτως

250 3802 338 3860 οὖν
372 3806 480 3861 καὶ
506 3806 701 3875 ἡμεῖς,
737 3803 1050 3875 σπείρωμεν
1098 3803 1276 3873 ὀλίγα,
1309 3804 1358 3857 εἰ
1390 3804 1484 3857 καὶ
1517 3802 1822 3875 ἀκάθαρτα,

252 3897 335 3953 ἶνα
364 3897 448 3969 μὴ
475 3895 554 3965 τῷ
574 3893 717 3966 λιμῷ
753 3894 1128 3966 ἀποθάνωμεν.

324 3991 422 4061 νβ’.
462 3981 633 4042 Εἶπεν
665 3986 824 4041 πάλιν
854 3990 883 4040 6
917 3986 1092 4048 eaea;
1122 3987 1352 4058 Ποιμὴν,
1387 3986 1468 4040 ὃτι
1500 3983 1651 4040 εἶπεν
1680 3989 1708 4041 6
1728 3985 1827 4039 ἀΰ-

265 4080 362 4145 63,;
388 4081 715 4152 ’Δμμωνᾶς,
749 4080 832 4134 ὅτι
880 4081 1030 4134 Ποιεῖ
1062 4079 1345 4150 ἄνθρωπος
1375 4080 1494 4134 ὅλον
1525 4080 1614 4133 τὸν
1639 4080 1828 4151 χρόνον

254 4174 418 4229 αὐτοῦ
442 4172 729 4245 βαστάζων
761 4172 968 4245 ἀξίνην,
985 4173 1078 4227 καὶ
1101 4173 1198 4245 οὐχ
1223 4172 1464 4245 εὑρίσκει
1483 4175 1829 4242 κατενεγκεῖν

1925 3720 2133 3791 impura
2165 3720 2420 3776 confecit.
2456 3720 2592 3777 Tum
2627 3739 2790 3779 senex
2822 3742 2834 3778 :
2869 3722 2994 3778 Pari
3041 3725 3204 3793 igitur
3246 3725 3407 3779 modo
3436 3735 3489 3779 et

1926 3823 2046 3870 nos.
2078 3806 2409 3864 seminentus
2447 3825 2640 3880 pauca,
2668 3814 2918 3884 quamvis
2966 3813 3268 3880 immunda,
3317 3830 3385 3869 ne
3417 3815 3489 3869 fa-

1927 3919 2010 3958 tue
2041 3919 2345 3973 pereamus.

1995 3995 2081 4050 52.
2116 3995 2228 4066 (2i)
2263 3994 2436 4049 Etiam
2464 3996 2646 4050 retulit
2683 3995 2854 4050 abbas
2888 3994 3108 4052 Pmmen
3141 3996 3286 4052 hunc
3321 3997 3487 4053 abba-

1926 4088 1996 4143 tis
2024 4088 2303 4145 Ammoua:
2349 4104 2696 4144 sermonem:
2749 4087 2977 4156 Quidam
3021 4105 3120 4161 per
3152 4099 3326 4145 tctnm
3369 4092 3491 4147 vita

1928 4189 2141 4249 tempus
2172 4179 2409 4235 securim
2441 4187 2643 4251 pot-tat,
2679 4196 2780 4236 nec
2828 4181 3038 4237 invenit
3085 4182 3307 4238 modum
3351 4181 3492 4253 deji-

251 4263 312 4317 τὸ
333 4265 580 4335 δένδρον.
614 4264 769 4316 Ἔστι
801 4263 856 4316 δὲ
883 4261 1040 4326 ἄλλος
1068 4260 1330 4333 ἔμπειρος
1350 4262 1442 4315 τοῦ
1478 4262 1719 4327 κόπτειν,
1736 4279 1806 4315 κα

1929 4271 2132 4328 cienda-
2167 4273 2400 4329 arboris.
2447 4271 2545 4328 Est
2585 4288 2714 4328 vero
2758 4274 2921 4335 alius.
2976 4274 3198 4330 secandi
3255 4273 3489 4345 peritus.

249 4357 358 4412 ἀπὸ
394 4358 600 4426 ὀλίγων
621 4355 918 4429 καταφέρει
948 4355 1008 4409 τὸ
1031 4355 1263 4427 δένδρον.
1295 4355 1485 4424 Ἔλεγε
1511 4355 1567 4409 δὲ
1594 4355 1693 4428 τὴν
1713 4354 1802 4422 ἀξί

1930 4362 2018 4434 qui
2053 4365 2243 4433 paucis
2278 4364 2476 4420 ictibus
2506 4365 2803 4435 prosternit
2850 4365 3121 4423 arborem.
3171 4366 3366 4423 Aiebat
3392 4383 3492 4422 au-

249 4466 351 4523 νην
379 4444 530 4503 εἶναι
557 4448 655 4520 τὴν
672 4447 961 4519 διάκρισιν.

320 4540 438 4611 vf.
483 4540 729 4609 ’Δδελφὸς
753 4540 1005 4613 ἠρώτησε
1025 4541 1116 4596 τὸν
1143 4541 1316 4597 ἁὸὃᾶν
1346 4544 1790 4616 Ποιμένα,λὲγων
1813 4563 1829 4578 ι

1932 4464 2061 4515 tem.
2102 4455 2338 4509 securim
2367 4468 2491 4511 esse
2513 4454 2924 4512 discretionem.

2001 4547 2093 4603 55.
2123 4546 2237 4618 (22)
2266 4545 2459 4603 Frater
2494 4556 2845 4619 percontatus
2873 4556 2959 4603 est
2999 4547 3247 4603 abbatem
3279 4545 3494 4601 Preme-

245 4635 388 4697 Πῶς
419 4631 621 4701 ὀφείλει
665 4632 944 4706 ἄνθρωπος
987 4635 1438 4702 πολιτεύσασθαι;
1480 4637 1638 4707 Λέγει
1685 4638 1806 4707 αὐτῷ

1932 4656 2081 4707 nem,
2116 4639 2306 4696 dicens
2335 4658 2349 4694 :
2382 4639 2556 4707 Quem
2590 4641 2644 4695 in
2676 4641 2896 4697 modum
2929 4640 3092 4697 debet
3120 4639 3283 4694 homo
3323 4640 3494 4696 vitam

242 4730 274 4783 6
312 4724 510 4796 γέρων
542 4740 557 4757 ·
593 4725 830 4801 Ὀρῶμεν
857 4728 947 4782 τὸν
990 4728 1208 4801 Δανιὴλ,
1249 4730 1332 4783 ὅτι
1357 4729 1455 4799 οὐχ
1486 4728 1681 4802 εὑρέθη
1710 4727 1828 4784 κατ’

247 4817 432 4872 αὑτοῦ
454 4819 776 4892 κατηγορία,
807 4822 856 4874 εί
886 4820 960 4894 μὴ
985 4823 1041 4876 ἐν
1077 4824 1195 4886 ταῖς
1236 4821 1591 4894 λειτουργίαις
1622 4820 1826 4893 Κυρίου

246 4907 365 4963 τοῦ
397 4907 539 4962 Θεοῦ
566 4911 749 4966 αὐτοῦ.
1162 4931 1172 4943 ·

322 5001 430 5058 νῦν.
469 4996 639 5057 Εἶπεν
665 5005 696 5057 6
728 5002 901 5066 ἀὸϐἄς
925 5003 1151 5075 (Imp-liv,
1176 5004 1258 5058 ὃτι
1279 5002 1353 5056 T6
1371 5001 1582 5074 θέλημα
1605 5002 1698 5057 τοῦ
1729 5003 1828 5058 ἀν·

322 5184 380 5218 ’³
399 5182 488 5239 Al.
511 5182 738 5255 ὀφείλει.
847 5184 1002 5255 "_Al.
1041 5184 1208 5241 inser.
1235 5182 1324 5237 διὰ
1346 5184 1563 5249 παντός.

252 5253 299 5288 ⁷⁸
330 5255 429 5310 ΔΙ.
479 5253 590 5310 ins.
634 5254 712 5308 δέ.
806 5255 854 5287 τ’
890 5253 1053 5310 Prov.
1093 5269 1248 5318 xvnt,
1286 5255 1376 5311 15.

327 5431 455 5505 (ιῖ)
476 5431 545 5505 lg.
574 5430 800 5505 Doroth.
834 5431 1013 5505 Doctr.
1038 5432 1098 5497 ἕ,
1121 5442 1167 5486 et
1197 5429 1294 5502 Ep.
1327 5431 1380 5486 8.

326 5501 455 5574 (18)
484 5502 590 5574 Yit.
609 5501 766 5574 Ratr.
792 5519 883 5566 xv,
914 5502 1002 5557 52.

329 5571 459 5647 (εξ)
492 5572 594 5647 fit.
620 5571 777 5647 P_atr.
808 5589 889 5638 ιιι,
914 5575 999 5647 15.

335 5642 458 5714 βυ)
510 5643 614 5699 Vit.
651 5643 805 5697 Patr.
836 5659 953 5707 xnt,
981 5643 1031 5697 6.

1657 5186 1704 5217 "
1732 5187 1819 5241 Al.
1857 5186 2007 5244 αὑτό.
2101 5191 2151 5223 ’⁸
2182 5192 2267 5247 Al.
2297 5192 2601 5264 γινόμενον.

1938 4729 2266 4786 instituere?
2295 4728 2363 4784 Et
2387 4729 2454 4784 ad
2486 4744 2610 4786 eum
2640 4745 2834 4787 senex:
2861 4730 3151 4786 Cernimus
3182 4727 3493 4795 Danielem;

1935 4836 2047 4876 non
2083 4823 2268 4893 potuit
2294 4821 2524 4879 lnveniri
2551 4831 2743 4879 contra
2774 4824 2922 4879 illum
2953 4822 3252 4884 accusatio,
3303 4822 3407 4877 nisi
3436 4821 3494 4877 in

1935 4913 2088 4968 cultu
2118 4930 2281 4984 quem
2321 4915 2614 4971 exhibebat
2641 4914 2870 4971 Domino
2903 4915 3014 4971 Deo
3047 4931 3166 4972 suo.

2006 5004 2094 5059 54.
2126 5006 2240 5077 (25)
2273 5006 2422 5062 Dixit
2452 5007 2621 5065 abbas
2658 5006 2913 5066 Pcemen:
2936 5008 3200 5065 Voluntas
3258 5006 3491 5062 hominis

2745 5194 2789 5225 "
2822 5195 2906 5249 Al.
2943 5192 3183 5265 δώσομεν
3220 5200 3273 5249 et
3297 5191 3499 5264 δῶμεν.

2018 5427 2130 5496 (21)
2171 5428 2275 5483 Vit.
2309 5427 2456 5482 Patr.
2489 5446 2543 5491 x.
2574 5427 2661 5486 59.

2015 5499 2129 5568 (.22)
2170 5498 2275 5553 Vit.
2303 5498 2453 5555 Patr.
2492 5516 2530 5563 ι,
2564 5500 2650 5554 15.

2015 5567 2128 5638 (95)
2179 5567 2284 5624 Vit.
2334 5569 2482 5623 Patr.
2537 5586 2588 5633 κ,
2646 5569 2750 5638 60;

2799 5568 3026 5628 Doroth.
3090 5571 3274 5628 Doctr.
3318 5570 3393 5642 ὃς
3438 5568 3502 5632 8'.

1932 5639 2164 5695 Ammois
2230 5656 2285 5693 ιι.
2317 5642 2371 5695 ι.
