4012 6208
540 259 651 318 $35

1713 258 2055 315 APPENDIX
2074 259 2184 314 'AD
2219 258 2642 319 PALLADIUM.

3658 258 3766 327 sse

544 389 735 430 murus
770 381 854 428 est
902 386 1087 427 aeneus
1142 371 1282 429 inter
1318 373 1492 444 ipsum
1552 389 1616 429 ac
1653 374 1849 439 Deum,
1891 392 2086 433 necnor

2207 379 2425 449 θρώπου
2463 381 2641 452 τεῖχός
2670 382 2782 434 ἐστι
2811 383 3042 451 χαλκοῦν
3071 384 3340 456 ἁναμέσον
3364 384 3526 439 αὐτοῦ
3560 386 3769 442 καὶτοῦ

540 477 692 538 petra
726 465 1109 537 repercutiens.
1143 464 1275 519 Cum
1308 467 1470 534 igitur
1517 482 1635 522 eam
1703 468 1867 523 homo
1902 468 2097 525 dereli-

542 560 746 629 querit,
781 558 900 627 ipse
964 558 1126 611 etiam
1178 558 1357 614 dicet:
1406 558 1471 613 In
1523 560 1627 614 [leo
1661 577 1772 614 meo
1837 572 2101 632 transgre-

530 650 672 704 diar
741 667 949 704 murum
971 650 1039 705 ⁸ο.
1119 650 1305 723 Itaque
1382 655 1428 708 si
1503 654 1719 723 justitia
1781 660 2099 712 convenerit

542 756 666 793 eum
700 740 1001 802 voluntate,
1034 740 1241 795 laborat
1266 742 1452 797 homo.
1878 754 1885 761 ’

609 833 700 887 55.
737 834 847 905 (24)
881 832 1094 888 Relatio
1120 834 1363 903 ejusdem
1390 852 1404 889 :
1450 832 1775 889 Sedentibus
1805 835 2099 905 aliquando

525 924 767 979 “senibus
798 934 850 978 et
880 924 1355 986 manducantibus.
1387 925 1566 980 stabat
1617 924 1684 979 ad
1732 926 2095 982 ministerium

539 1018 707 1070 abbas
769 1015 1032 1079 Alonius,
1091 1031 1251 1085 quem
1304 1015 1547 1072 videntes
1586 1016 1960 1073 laudaverunt.
2006 1017 2100 1071 l'le

541 1124 666 1163 vero
691 1108 824 1163 nihil
858 1109 1074 1178 penitus
1102 1108 1397 1178 respondit.
1433 1109 1599 1177 Igitur
1622 1110 1923 1165 nonnullus
1953 1124 2100 1165 seor-

538 1216 658 1254 sum
692 1199 831 1254 dixit
855 1201 906 1255 ei
935 1218 948 1252 :
982 1200 1163 1266 Quare
1195 1216 1302 1254 non
1355 1201 1686 1271 respondisti
1732 1202 1957 1257 senibus
2003 1201 2097 1271 qui

537 1301 590 1349 te
619 1293 954 1348 laudabant?
989 1293 1213 1364 Excepit
1241 1294 1411 1349 abbas
1462 1293 1694 1349 Alonius
1727 1311 1741 1347 :
1800 1291 1858 1348 Si
1891 1294 1969 1350 eis
2000 1293 2095 1349 de-

535 1386 739 1441 dissem
770 1401 1117 1456 responsum,
1152 1387 1306 1442 visus
1340 1401 1518 1442 essem
1560 1387 1751 1442 laudes
1784 1387 2092 1442 admittere.

603 1477 692 1534 56.
731 1476 843 1550 (25)
876 1477 1019 1532 Dixit
1046 1478 1239 1533 iterum
1268 1498 1280 1532 :
1320 1477 1579 1533 Homines
1608 1479 1834 1549 perfecti
1881 1486 2010 1533 sunt
2040 1480 2093 1532 in

534 1568 768 1640 loquela,
797 1569 1009 1623 minimi
1050 1570 1104 1624 in
1141 1569 1477 1640 operatione.

602 1659 692 1714 57.
728 1659 839 1729 (26)
872 1660 1054 1715 Abbas
1081 1658 1302 1715 Pcemen
1344 1661 1514 1714 dixit:
1553 1660 1707 1715 Sicut
1759 1659 1944 1715 fumus
1990 1675 2089 1715 ex-

531 1749 683 1817 pellit
713 1764 865 1818 apes,
897 1757 1136 1818 tuncque
1157 1748 1358 1819 opiﬁcii
1386 1765 1574 1804 earum
1597 1751 1805 1805 tollitur
1827 1749 2092 1806 dulcedo:

2204 470 2365 536 θεοῦ,
2394 472 2487 525 καὶ
2535 472 2709 543 πέτρα
2753 473 3118 545 ἀντιδέρουσα.
3163 476 3285 529 Ἐὰν
3332 471 3423 529 οὖν
3469 477 3770 549 καταλείψῃ

2204 562 2335 616 αὐτὸ
2377 562 2674 632 ἄνθρωπος,
2716 564 2862 632 λέγει
2904 567 2996 619 καὶ
3032 568 3212 631 αὐτὸς,
3247 570 3345 623 Ἐν
3380 569 3459 634 τῷ
3500 569 3620 635 Θεῷ
3643 586 3770 638 μου

2203 654 2612 724 ὑπερϐήσομαι
2639 656 2854 726 τεῖχος.
2894 659 3019 712 Ἐὰν
3042 654 3132 712 οὖν
3157 659 3216 713 τὸ
3237 661 3506 732 δικαίωμα
3542 664 3765 739 συνέλθῃ

2203 747 2280 817 τῷ
2308 747 2591 819 θελήματι,
2627 749 2823 820 κάμνει
2843 751 2871 803 6
2892 751 3195 822 ἄνθρωπος.

2273 836 2365 890 νε⁰.
2406 833 2544 892 Eine
2575 839 2756 903 πάλιν,
2785 841 2867 894 ὅτι
2904 841 3297 912 Καθεζομένων
3324 842 3453 896 ποτέ
3499 846 3767 916 γερόντων

2204 930 2297 982 καὶ
2322 929 2629 993 ἐσθιόντων,
2664 932 2848 986 ἵστατο
2895 933 3179 1005 ὑπηρετῶν
3197 936 3226 986 6
3255 935 3425 998 ἀϐὗᾶς
3470 935 3717 1004 ’Λλώνιος
3747 955 3766 970 ⁸

2205 1020 2297 1073 καὶ
2351 1020 2548 1085 ἰδόντες
2589 1023 2751 1076 αὑτὸν
2795 1023 3085 1096 ἐπῄνεσαν.
3121 1025 3178 1079 ’0
3210 1025 3267 1079 δὲ
3318 1027 3380 1079 τὸ
3426 1026 3638 1082 σύνολον
3665 1029 3767 1084 οὐκ

2204 1112 2495 1184 ἀπεκρίθη.
2527 1114 2689 1183 Λέγει
2738 1111 2830 1168 οὖν
2859 1116 3006 1187 αὐτῷ
3035 1135 3117 1181 τις
3146 1117 3267 1171 κατ’
3293 1118 3426 1171 ἰδίαν
3449 1135 3462 1148 ’
3486 1121 3634 1175 Διατί
3663 1122 3767 1177 οὐκ

2203 1201 2504 1274 ἀπεκρίθης
2530 1206 2643 1268 τοῖς
2666 1205 2916 1277 γέρουσιν
2952 1207 3228 1261 ἐπαινοῦσί
3256 1225 3315 1260 σε
3338 1225 3353 1273 ;
3380 1209 3537 1277 Λέγει
3563 1211 3709 1281 αὐτῷ
3730 1211 3762 1265 6

2203 1293 2375 1357 ἀϐϐἄς
2418 1294 2697 1359 Ἀλώνιος·
2729 1298 2791 1350 El
2812 1299 3112 1371 ἀπεκρίθην
3145 1300 3346 1367 αὐτοῖς,
3379 1302 3760 1374 εὐρίσκομαι⁸¹

2201 1384 2274 1448 ὡς
2307 1385 2734 1458 καταδεξάμενος
2769 1390 2858 1443 τὸν
2880 1390 3118 1446 ἔπαινον.

2272 1482 2380 1541 νς’.
2422 1472 2554 1531 Eine
2575 1479 2754 1545 πάλιν,
2777 1482 2857 1534 ὅτι
2887 1484 2949 1535 Oi
2973 1483 3245 1555 ἅνθρωποι
3264 1485 3322 1536 ἐν
3357 1484 3435 1556 τῷ
3460 1486 3651 1559 τελείῳ
3669 1487 3764 1541 λα-

2202 1566 2371 1632 λοῦσι,
2405 1570 2498 1622 καὶ
2520 1571 2576 1623 ἐν
2601 1570 2677 1642 τῷ
2702 1572 2962 1644 ἐλαχίστῳ
2987 1572 3323 1645 ἐργάζονται.

2268 1659 2367 1723 νς.
2406 1657 2571 1714 Εἶπεν
2602 1664 2630 1716 6
2660 1663 2832 1728 ἀεϐᾶς
2867 1665 3096 1737 Ποιμὴν,
3124 1669 3206 1721 ὅτι
3241 1669 3447 1742 Ὠσπερ
3484 1672 3514 1723 6
3561 1670 3760 1734 καπνὸς

2193 1752 2443 1807 ἐκδιώκει
2480 1755 2577 1819 τὰς
2602 1757 2861 1827 μελίσσας
2880 1799 2894 1822 ,
2927 1760 3020 1813 καὶ
3046 1760 3169 1814 τότε
3210 1762 3418 1833 αἴρεται
3462 1763 3564 1834 τῆς
3593 1767 3759 1836 ἐργα-

533 1838 608 1893 ita
633 1846 687 1894 et
717 1840 1022 1910 corporalis
1044 1841 1201 1910 quies
1225 1840 1476 1896 timorem
1508 1839 1599 1895 Dei
1626 1840 1774 1911 ejicit
1799 1857 1865 1897 ex
1887 1843 2086 1908 anima,

2198 1843 2318 1907 σίας
2337 1845 2514 1899 αὐτῶν
2543 1848 2575 1917 ἡ
2607 1847 2879 1920 γλυκύτης
2905 1868 2918 1881 ·
2953 1849 3123 1914 οὕτως
3148 1853 3241 1906 καὶ
3270 1855 3302 1923 ἡ
3335 1858 3615 1926 σωματικὴ
3631 1856 3759 1909 (ivd-

526 1940 894 2003 eunctamque
931 1932 1053 2003 ejus
1088 1933 1459 2002 operationem
1492 1933 1763 1989 dissolvit.

601 2106 690 2162 58.
738 2106 852 2175 (27)
904 2105 1095 2162 Frater
1156 2104 1413 2160 convenit
1476 2104 1725 2160 abbatem
1780 2102 2091 2173 Pmmenem

522 2198 769 2254 secunda
817 2197 1261 2269 Quadragesimae
1313 2196 1691 2264 hebdomada;
1728 2212 1962 2267 eumque
1999 2197 2094 2252 de-

528 2289 756 2345 texisset
791 2290 1024 2360 cogitata
1062 2304 1183 2354 sua,
1221 2298 1276 2345 et
1307 2288 1550 2359 requiem
1602 2288 1922 2352 invenisset,
1971 2288 2088 2344 ait:

527 2379 672 2439 Pone
717 2380 923 2436 detinui
955 2396 1040 2436 me
1088 2397 1165 2436 ne
1187 2382 1294 2436 buc
1322 2380 1562 2435 venirem
1610 2378 1791 2434 hodie.
1841 2378 1988 2434 Dixit
2039 2381 2090 2434 ei

526 2488 727 2530 senex:
781 2473 939 2528 Cur?
986 2472 1052 2527 Et
1099 2472 1303 2528 frater:
1352 2471 1618 2542 Reputavi
1671 2487 1803 2526 num
1867 2482 2091 2545 propter

526 2564 1007 2635 Quadragesimam
1051 2563 1184 2618 mihi
1219 2578 1327 2619 non
1361 2564 1685 2633 aperiretur.
1724 2561 1879 2620 Tune
1920 2565 2090 2622 abbas

527 2655 756 2712 Poemen
796 2675 809 2711 :
851 2656 982 2721 Nos,
1045 2656 1242 2727 inquit,
1296 2673 1405 2711 non
1458 2655 1749 2713 didicimus
1784 2659 1983 2713 ostium
2018 2659 2087 2713 li-

525 2765 722 2819 gneum
761 2750 1035 2815 claudere,
1064 2748 1161 2805 sed
1183 2750 1365 2820 potius
1395 2749 1591 2821 lingua:
1624 2748 1872 2819 januam.

592 2929 678 2985 59.
711 2928 823 3000 (‘28)
850 2926 1058 2983 Monuit
1090 2929 1254 2983 etiam
1296 2927 1463 2983 abbas
1515 2925 1737 2984 Ptemeu
1764 2946 1779 2982 :
1812 2927 2088 3000 Fugienda

523 3032 653 3104 sunt
684 3036 967 3092 corporea.
1002 3018 1232 3087 Quando
1261 3021 1406 3075 enim
1439 3021 1602 3077 homo
1640 3036 1811 3092 prope
1835 3029 1920 3078 est
1963 3038 2088 3089 eor-

523 3112 763 3183 poralem
819 3111 1306 3181 impugnationem,
1369 3111 1708 3166 assimilatur
1763 3111 1877 3165 viro
1928 3113 2082 3180 juxta

522 3206 698 3259 lacum
740 3204 1226 3274 profundissimam
1250 3203 1436 3268 stanti,
1462 3218 1621 3273 quem
1654 3204 1909 3259 inimicus
1939 3205 2080 3274 ejus,

521 3312 847 3375 quacunque
911 3296 1046 3351 hora
1094 3296 1271 3350 visum
1307 3292 1502 3359 fuerit,
1544 3294 1701 3350 facile
1748 3294 1968 3366 dejiciet
2019 3312 2083 3352 ac

524 3395 825 3466 immerget.
861 3391 1017 3460 Quod
1048 3392 1097 3448 si
1125 3408 1154 3446 a
1177 3391 1455 3461 corporeis
1478 3392 1643 3447 rebus
1673 3390 1861 3461 procul
1895 3388 2079 3453 fuerit,

522 3486 714 3542 similis
743 3493 827 3542 est
860 3488 978 3540 viro
1004 3484 1099 3556 qui
1132 3484 1291 3554 longe
1339 3485 1498 3540 abest
1531 3499 1561 3539 a
1590 3484 1710 3537 lacu
1737 3501 1753 3551 ;
1785 3492 1845 3537 ut
1888 3498 2083 3553 quam-

520 3580 603 3633 vis
637 3579 862 3634 traxerit
894 3594 1016 3634 eum
1054 3579 1231 3636 hostis
1266 3578 1333 3632 ad
1368 3578 1752 3647 praecipitium,
1785 3577 1913 3632 dum
1963 3587 2080 3631 tra-

521 3668 601 3723 bit
632 3684 695 3724 ac
726 3672 833 3724 vim
867 3670 1050 3737 infert,
1077 3669 1221 3725 Deus
1256 3669 1437 3724 mittat
1475 3670 1524 3725 ei
1559 3669 1845 3724 auxilium.

590 3761 679 3818 60.
722 3762 832 3834 (29)
895 3763 1038 3818 Dixit
1083 3743 1321 3821 iterum:
1385 3761 1718 3832 Paupertas,
1764 3761 2077 3827 tribulatio,

521 3854 792 3925 angustia,
820 3852 1114 3924 jejunium,
1177 3854 1294 3909 haec
1345 3864 1474 3908 sunt
1503 3855 1625 3908 vitae
1683 3853 1942 3908 solitaria:
1996 3852 2080 3905 in-

518 3954 842 4004 strumenta.
876 3945 1151 4015 Scriptum
1180 3955 1261 4001 est
1291 3947 1438 4001 enim
1466 3965 1483 4000 :
1525 3944 1584 4000 Si
1642 3946 1839 4015 fuerint
1886 3955 1987 4000 tres
2024 3944 2081 3998 hi

521 4038 642 4100 viri,
672 4036 809 4101 Noe,
844 4037 946 4092 Job
987 4047 1037 4093 et
1063 4036 1274 4103 Daniel,
1315 4037 1426 4091 vivo
1452 4052 1564 4107 ego,
1584 4036 1711 4090 dicit
1737 4036 1990 4091 Dominus
2008 4037 2075 4089 ".

520 4130 632 4201 .‘Joe
663 4147 951 4202 personam
1002 4146 1067 4186 ac
1101 4130 1325 4203 figuram
1378 4130 1518 4201 gerit
1566 4129 1896 4185 voluntaria:
1946 4143 2079 4198 pau-

520 4224 792 4294 pertatis;
830 4222 954 4285 Job,
991 4223 1250 4289 laboris;
1309 4222 1534 4285 Daniel,
1596 4222 1963 4278 discretionis.
2022 4220 2081 4274 Si

520 4330 651 4386 ergo
679 4316 732 4370 hi.
764 4322 875 4372 tres
906 4325 1061 4372 actus
1092 4317 1148 4370 in
1183 4316 1404 4371 homine
1434 4315 1770 4379 exstiterint,
1819 4314 2080 4370 Dominus

522 4406 728 4460 habitat
760 4407 814 4461 in
848 4421 932 4460 eo.

2196 1952 2395 2000 παυσις
2415 1938 2664 1993 ἐκδιώκει
2696 1940 2789 1994 τὸν
2820 1942 2982 2011 φόϐον
3012 1943 3107 1996 τοῦ
3150 1944 3284 1998 Θεοῦ
3312 1946 3423 1999 ἀπὸ
3445 1946 3542 2016 τῆς
3560 1946 3754 2017 ψυχῆς,

2197 2026 2289 2080 καὶ
2312 2028 2533 2082 ἀπολύει
2567 2032 2738 2101 αὐτῆς
2781 2034 2961 2086 πᾶσαν
2989 2033 3087 2104 τὴν
3117 2034 3163 2066 ⁸³
3195 2036 3481 2106 ἐργασίαν.

2265 2128 2364 2190 νη’.
2418 2122 2665 2192 ’Λδελφὸς
2695 2126 2970 2196 παρέϐαλε
3013 2128 3091 2198 τῷ
3122 2128 3265 2200 ἀϐὁᾷ
3309 2131 3534 2196 Ποιμὲνι
3561 2131 3641 2194 εἰς
3663 2131 3757 2195 τὰς

2190 2209 2282 2264 δύο
2316 2212 2612 2284 ὲὸδομάεας
2638 2220 2738 2286 τῆς
2758 2219 3227 2290 Τεσσαρακοστῆς,
3258 2223 3349 2275 καὶ
3385 2222 3611 2288 ἐξειπὼν
3637 2224 3759 2286 τοὺς

2190 2301 2481 2375 λογισμοὺς
2526 2308 2711 2374 αὑτοῦ,
2755 2310 2848 2364 καὶ
2891 2310 3067 2381 τυχὼν
3100 2313 3473 2377 ἀναπαύσεως,
3495 2313 3643 2382 λέγει
3665 2314 3761 2368 αύ-

2189 2394 2295 2467 τῷ’
2322 2396 2477 2469 Παρὰ
2520 2398 2692 2472 βραχὺ
2724 2402 3058 2473 κατεσχέθην
3091 2385 3490 2476 παραγενέσθαι
3532 2398 3637 2459 ὦδε
3662 2406 3763 2477 σή-

2193 2504 2377 2559 μερον.
2417 2490 2579 2559 Λέγει
2616 2492 2764 2563 αὐτῷ
2793 2496 2823 2548 6
2855 2495 3033 2565 γέρων
3060 2511 3076 2527 ⁸
3117 2496 3306 2561 Aturi;
3341 2497 3502 2565 Λέγει
3533 2499 3563 2550 6
3606 2497 3763 2551 ἀδελ-

2190 2580 2286 2649 φός
2308 2598 2321 2611 ·
2348 2579 2512 2636 Εἶπον
2560 2584 2628 2648 ⁸⁸,
2676 2586 2885 2655 μήποτε
2918 2586 3007 2639 διὰ
3050 2585 3148 2658 τὴν
3181 2588 3632 2660 Τεσσαρακοστὴν
3660 2588 3762 2645 οὐκ

2188 2672 2459 2740 ἀνοίγεταί
2488 2692 2596 2746 μοι.
2639 2677 2801 2745 Λέγει
2846 2678 2992 2749 αὐτῷ
3013 2681 3042 2733 6
3065 2680 3239 2746 ἀῦὄᾶς
3277 2684 3487 2755 Ποιμήν
3516 2701 3530 2715 υ
3570 2684 3759 2757 Ἡμεῖς

2188 2764 2286 2817 οὐκ
2306 2765 2581 2836 ἐμάθομεν
2615 2767 2816 2821 κλείειν
2850 2771 2947 2840 τὴν
2979 2769 3194 2844 ξυλίνην
3233 2772 3421 2845 θύραν,
3458 2774 3595 2829 ἀλλὰ
3621 2776 3755 2848 μᾶλα

2188 2852 2278 2908 λον
2300 2858 2399 2927 τὴν
2433 2858 2533 2927 τῆς
2563 2857 2812 2929 γλώσσης
2833 2861 3020 2932 θύραν.

2256 2949 2353 3003 νθ’.
2384 2946 2516 3005 Εἶπε
2560 2952 2721 3006 πάλιν
2761 2956 2789 3006 6
2815 2954 2989 3018 ἀϐϐᾶς
3038 2959 3272 3028 Ποιμήν·
3298 2959 3523 3029 Φεύγειν
3564 2961 3646 3015 δεῖ
3685 2961 3756 3016 τὰ

2189 3043 2490 3111 σωματικά.
2512 3044 2679 3098 Ὅταν
2707 3045 2814 3116 γὰρ
2840 3042 2893 3099 εἴ
2910 3048 3041 3117 (31‘)
3066 3050 3158 3103 ἄνθ
3166 3067 3345 3122 ρωπος
3360 3053 3524 3121 ἐγγὺς
3542 3053 3635 3106 τοῦ
3654 3071 3757 3106 σω-

2110 3162 2154 3218 C
2189 3134 2415 3203 ματικοῢ
2448 3135 2705 3207 πολέμου,
2740 3138 2913 3193 ἔοικεν
2943 3140 3097 3211 ἀνδρὶ
3130 3143 3379 3214 στήκοντι
3411 3143 3594 3199 ἐπάνω
3622 3144 3756 3200 λάκ-

2191 3240 2283 3278 κου
2314 3225 2609 3295 βαθυτάτου
2629 3246 2642 3259 ο
2677 3231 2771 3283 καὶ
2793 3230 2913 3284 οἵαν
2944 3232 2990 3285 δ’
3028 3232 3093 3307 ἂν
3134 3234 3283 3307 ὥραν
3313 3236 3436 3308 δόξῃ
3464 3238 3539 3309 τῷ
3578 3238 3757 3310 ἐχθρῷ

2184 3318 2368 3380 αὐτοῦ,
2400 3318 2634 3384 εὐκόλως
2659 3321 2819 3375 αὐτὸν
2858 3322 3039 3394 ῥίπτει
3067 3324 3235 3381 κάτω.
3282 3328 3405 3381 Ἐὰν
3430 3329 3486 3383 δὲ
3518 3348 3758 3401 σωματι-

2182 3406 2294 3461 κῶν
2328 3408 2541 3479 μακρὶν
2578 3406 2635 3484 ᾗ,
2669 3410 2843 3465 ἔοικεν
2889 3413 3045 3485 ἀνδρὶ
3093 3417 3310 3488 μακρὰν
3352 3419 3611 3490 ἀπέχοντι
3657 3420 3754 3475 τοῦ

2181 3500 2402 3560 λάκκου,
2440 3502 2527 3555 ἵνα
2560 3503 2661 3558 κᾶν
2686 3504 2816 3576 ἕλκῃ
2848 3506 3008 3560 αὐτὸν
3031 3508 3060 3561 6
3084 3509 3275 3579 ἐχθρὸς
3301 3510 3479 3580 βαλεῖν
3508 3513 3672 3576 κάτω,
3696 3516 3755 3567 ἐν

2180 3593 2291 3664 ὅσῳ
2327 3594 2489 3648 αὐτὸν
2509 3595 2657 3649 ἕλκει
2677 3597 2771 3652 καὶ
2802 3597 3068 3668 βιάζεται,
3096 3603 3123 3654 6
3147 3601 3278 3668 Θεὸς
3311 3603 3623 3660 ἀποστέλλει
3652 3606 3755 3660 αύ-

2181 3685 2260 3757 τῷ
2298 3686 2570 3758 βοήθειαν.

2249 3775 2313 3844 ξ’.
2354 3773 2490 3831 Εἷπε
2535 3778 2721 3833 πάλινσ
2752 3781 2817 3835 Ἦ
2848 3782 3006 3836 πενία
3051 3785 3147 3837 καὶ
3185 3786 3218 3856 ἡ
3250 3785 3426 3856 θλίψις
3456 3789 3549 3842 καὶ
3578 3790 3610 3850 ἠ
3639 3805 3754 3844 στερ

2179 3869 2416 3941 νοχωρία
2441 3872 2536 3924 καὶ
2570 3874 2603 3942 ἡ
2646 3873 2885 3944 νηστεία,
2911 3875 3086 3930 ταῦτά
3123 3879 3227 3931 εἱσι
3259 3878 3327 3933 τὰ
3372 3881 3625 3950 ἐργαλεῖα
3655 3883 3751 3936 τοῦ

2128 4023 2137 4030 ε
2184 3959 2449 4029 μονήρους
2498 3958 2637 4029 βίου.
2679 3962 2985 4036 Γέγραπται
3037 3965 3168 4036 γὰρ,
3216 3968 3299 4022 ὅτι
3340 3968 3474 4023 Ἐὰν
3502 3965 3656 4025 ὦσιν
3696 3976 3754 4029 οι

2180 4050 2338 4119 τρεῖς
2371 4047 2535 4107 οὗτοι
2582 4052 2813 4121 ἄνδρες,
2859 4055 3022 4123 Νῶε,
3073 4057 3210 4113 Ἰὼϐ
3247 4060 3348 4115 καί
3400 4062 3646 4131 Δανιὴλ,
3677 4064 3752 4127 GI»

2178 4142 2311 4214 ἐγὼ,
2338 4142 2500 4213 λέγει
2538 4145 2772 4213 Κύριος.
2794 4146 2916 4201 Νῶε
2952 4148 3241 4220 πρόσωπόν
3292 4153 3408 4205 ἐστι
3442 4153 3539 4226 τῆς
3575 4155 3745 4227 dam;-

2182 4234 2438 4307 μοσύνης,
2482 4234 2602 4289 Ἰὼϐ
2624 4236 2790 4291 δέτοῦ
2832 4240 3018 4304 πόνου,
3052 4240 3147 4295 καὶ
3178 4243 3374 4314 Δανιὴλ
3406 4245 3503 4314 τῆς
3535 4246 3743 4317 διακρί-

2179 4343 2334 4391 σεως.
2374 4326 2499 4380 Ἐὰν
2530 4324 2623 4381 οὖν
2668 4322 2801 4383 ὦσιν
2837 4332 2892 4384 αἱ
2930 4335 3079 4404 τρεῖς
3118 4325 3275 4387 αὗται
3321 4335 3548 4408 πράξεις
3588 4338 3739 4411 ἐντῷ

2176 4415 2466 4488 ἀνθρώπῳ,
2496 4418 2525 4470 6
2552 4416 2752 4489 Κύριος
2772 4421 2912 4475 οἰκεῖ
2935 4423 2994 4475 ἐν
3030 4421 3197 4495 αὐτῷ.

589 4482 679 4555 (il.
711 4498 823 4570 (30)
846 4496 1052 4553 Retulit
1090 4497 1261 4554 abbas
1291 4495 1492 4569 Josepb
1517 4516 1531 4552 :
1558 4496 1885 4554 Sedenlibus
1919 4499 2077 4554 nobis

2250 4482 2350 4574 56'.
2377 4482 2598 4578 ΙἸζλεγεν
2668 4482 2841 4577 6665.;
2879 4513 3099 4585 Ἰωσὴφ,
3119 4483 3201 4569 ὅτι
3227 4516 3381 4588 Καθη
3391 4518 3564 4584 μένων
3590 4517 3744 4590 ἡμῶν

516 4608 640 4647 cum
655 4592 851 4647 abbate
873 4590 1146 4656 Ptentene,
1164 4604 1358 4645 nomen
1380 4589 1591 4643 abbatis
1612 4589 1881 4661 Agathoni
1905 4592 2075 4648 dedit.

520 4684 764 4740 Dicimus
800 4684 890 4738 ei:
930 4680 1129 4737 Junior
1173 4689 1280 4746 est,
1333 4695 1504 4750 quare
1539 4695 1663 4736 eum
1704 4697 1865 4739 vocas
1913 4685 2080 4741 abba-

521 4775 672 4831 tem?
704 4772 1005 4844 Respondit
1039 4774 1209 4829 abbas
1241 4770 1459 4827 l’mmen
1488 4788 1504 4826 :
1538 4769 1675 4837 Quia
1710 4788 1774 4830 os
1807 4776 1925 4846 ejus
1951 4776 2080 4834 fecit

516 4881 642 4923 eum
666 4865 920 4925 abbatem
952 4866 1234 4936 appellari.

584 5046 673 5103 62.
705 5043 819 5119 (3i)
856 5041 1015 5100 Venit
1045 5042 1339 5114 aliquando
1370 5045 1438 5100 ad
1466 5047 1721 5104 abbatem
1763 5046 2072 5107 Pormenem

521 5137 709 5203 frater,
742 5149 795 5194 et
831 5138 906 5191 ait
944 5137 1019 5191 illi
1052 5153 1067 5189 :
1109 5134 1248 5203 Quid
1282 5152 1460 5208 agam,
1491 5139 1670 5206 Pater,
1709 5142 1839 5211 quia
1878 5157 1911 5196 a
1958 5143 2071 5200 for-

2183 4599 2323 4670 μετὰ
2348 4599 2441 4653 τοῦ
2470 4600 2615 4655 ἀὸσᾶ
2647 4603 2925 4675 Ποιμένος,
2963 4605 3211 4678 ὠνόμασε
3251 4610 3341 4662 τὸν
3372 4610 3543 4665 ἁὸϐἄν
3586 4612 3746 4680 Ἀγά-

2181 4688 2343 4744 θωνα.
2390 4691 2501 4746 Καὶ
2541 4692 2772 4764 λέγομεν
2804 4696 2952 4768 αύτῷ
2976 4713 2989 4727 ·
3012 4697 3294 4771 Νεώτερός
3316 4702 3453 4765 ἐστι,
3477 4703 3570 4756 καὶ
3604 4702 3745 4757 διατί

2181 4780 2364 4843 καλεῖς
2408 4782 2569 4837 αὑτὸν
2624 4783 2835 4849 ἁδϐἄνς
2876 4787 2985 4840 Καὶ
3025 4783 3176 4842 εἶπεν
3212 4790 3244 4842 6
3284 4781 3457 4853 ἁϐὅᾶς
3496 4791 3743 4865 Ποιμήν·

2186 4868 2310 4925 Ὅτι
2345 4873 2407 4925 τὸ
2450 4873 2623 4944 στόμα
2663 4875 2827 4930 αὐτοῦ
2857 4878 3112 4951 ἐποίησεν
3153 4881 3313 4935 αὐτὸν
3342 4882 3621 4939 καλεῖσθαι
3648 4885 3747 4939 ἀϐ-

2180 4961 2303 5019 σᾶν.

2249 5054 2349 5127 ξβί.
2383 5052 2555 5113 Ἧλθέ
2582 5077 2709 5114 ποτε
2748 5060 2971 5132 ἀδελφὸς
3008 5065 3145 5137 πρὸς
3164 5065 3255 5121 τὸν
3286 5068 3456 5125 ἀεδᾶν
3481 5071 3744 5142 Ποιμένα,

2178 5148 2273 5203 καὶ
2294 5148 2438 5218 λέγει
2465 5150 2613 5222 αύτῷ
2632 5165 2648 5180 °
2678 5152 2744 5207 Τί
2767 5156 2998 5225 ποιήσω,
3023 5158 3224 5235 Πάτερ,
3245 5161 3327 5216 ὃτι
3357 5162 3608 5235 θλίϐομαι
3634 5164 3749 5220 ἀπὸ

589 5290 635 5325 ⁸⁸
675 5272 817 5349 Psal.
841 5306 973 5350 xvu.
1000 5295 1089 5351 50.
1165 5294 1208 5327 ἰ
1239 5292 1432 5351 Ezech.
1462 5311 1574 5360 xlv,
1602 5295 1692 5363 N,
1717 5296 1808 5355 20.
1881 5297 1929 5332 "
1957 5297 2046 5355 ΔΙ.
2079 5319 2086 5334 ι

2187 5303 2446 5375 ιισκόμην.
2519 5306 2565 5338 ⁸³
2585 5308 2930 5385 ΑΙ.ἀγαθήν.
3037 5314 3197 5370 “Al.
3250 5315 3533 5374 ὑπέλαϐον.

611 5425 702 5495 24)
736 5425 841 5497 Yit.
872 5426 1027 5486 Patr.
1055 5447 1146 5497 xv,
1180 5430 1285 5497 '59;
1316 5431 1539 5488 Doroth.
1573 5432 1757 5488 Doctr.
1781 5432 1834 5490 5.

612 5496 704 5562 25)
736 5495 839 5551 Vit.
870 5498 1021 5554 Patr.
1049 5495 1164 5564 vui,
1196 5495 1282 5557 14.
1666 5523 1671 5532 ‘

593 5564 706 5635 (26)
739 5564 843 5635 Vit.
876 5566 1025 5635 Patr.
1050 5587 1123 5634 tv,
1146 5572 1235 5627 52.

592 5606 706 5703 257$
737 5606 843 5690 ἱνὲἱῖ
867 5606 1025 5691 ὶὴἰὶἓξ
1050 5606 1253 5705 Ξιῖἶιῖἒ.

510 5766 527 5784 ,
592 5706 703 5777 (εδ)
736 5704 839 5761 γει.
866 5704 1021 5761 Patr.
1047 5723 1100 5772 ι,
1134 5704 1187 5774 ι,
1220 5711 1305 5776 ιε,
1338 5712 1572 5770 Misce“.
1605 5713 1767 5770 Voss.
1789 5714 2001 5785 p.132.

2251 5440 2365 5512 (29)
2394 5441 2513 5512 Ῐὶι.
2534 5442 2687 5512 Patr.
2716 5461 2755 5511 1.
2781 5447 2870 5507 ﬂ.

2249 5508 2360 5653 £50)
2392 5511 2496 5595 Va.
2518 5511 2670 5571 Patr.
2702 5508 2793 5581 x'v.
2829 5520 2918 5577 to.
2984 5508 3009 5535 ‘

2272 5581 2373 5653 51)
2396 5582 2502 5639 νει.
2529 5584 2682 5645 Patr.
2708 5603 2741 5643 v
2789 5588 2823 5644 9

2272 5581 2373 5653 51),
2396 5582 2502 5639 Vir.
2529 5584 2682 5645 Patr.
2708 5603 2741 5643 v
2789 5588 2823 5644 9

2250 5652 2387 5725 (51‘)
2419 5653 2559 5727 Lege
2590 5660 2647 5729 ῇ.
