4036 6202
235 303 334 357 537

1403 305 2000 370 APOPHTHEGMATA
2040 317 2344 376 PATRUM.

3357 321 3461 379 53.8

226 419 333 490 τῆς
380 416 639 488 πορνείας
663 433 676 445 ·
715 418 808 472 καὶ
856 418 963 473 ἰδοὺ
1010 419 1249 491 ἀπῆλθον
1292 424 1428 495 πρὸς
1470 425 1642 481 ἀσϐᾶν
1688 429 1803 484 Ἰδι-

1916 432 2186 488 nicatioue
2216 434 2422 505 amigor
2447 451 2463 501 ;
2497 442 2552 492 et
2578 449 2708 492 ecce
2734 437 2943 507 perrexi
2973 436 3041 492 ad
3094 439 3341 495 abbatem
3370 440 3465 494 lbi-

231 514 468 571 στίωνα,
491 509 583 562 καὶ
607 508 756 576 λέγει
789 527 898 580 μοι·
932 511 1043 566 οὐκ
1063 512 1291 583 ὀφείλεις
1312 516 1468 569 ἐᾶσαι
1486 518 1652 591 αὐτὴν
1684 539 1809 594 χρο-

234 598 415 663 νίζειν
448 600 538 652 ἐπὶ
584 599 665 654 σέ.
695 599 859 667 Λέγει
892 601 1039 672 αύτῷ
1068 605 1096 655 6
1122 604 1294 665 assa;
1324 607 1533 681 Ποιμήν
1562 625 1578 642 ·
1613 612 1809 680 Ἀὅὸἄς

256 691 533 758 ’κισ-τίων,
565 694 623 745 al
661 692 886 762 πράξεις
921 694 1081 747 αὐτοῦ
1120 695 1230 750 ἄνω
1254 698 1299 730 ⁸⁸
1329 700 1467 770 μετὰ
1504 702 1613 756 τῶν
1640 706 1805 775 ἀγγέσ

244 783 355 836 λων
397 784 523 847 εἰσὶ,
554 784 649 837 καὶ
695 783 945 838 λανθάνει
991 786 1150 840 αὐτὸν
1190 788 1271 843 ὅτι
1300 790 1410 859 ἐγὼ
1433 794 1612 847 καὶσὺ
1650 797 1707 848 ἐν
1740 799 1806 869 τῇ

249 876 465 948 πορνείᾳ
511 875 701 945 ἐσμέν.
750 876 875 929 Ἐὰν
913 881 1162 953 κρατήσῃ
1199 884 1430 954 μοναχὸς
1474 886 1570 957 τὴν
1603 889 1808 943 κοιλίαν

252 969 341 1019 καὶ
363 965 453 1037 τὴν
476 965 752 1036 γλῶσσαν,
781 967 874 1020 καὶ
894 967 989 1039 τὴν
1010 968 1291 1040 ξενιτείαν,
1314 972 1525 1047 θάρσει,
1547 978 1645 1033 οὐκ
1667 981 1808 1034 ἀπο-

251 1059 475 1128 θνήσκει.

305 1149 403 1218 εγ.
449 1146 616 1203 Εἶπεν
642 1151 673 1203 6
691 1149 866 1214 ἀσὸἄς
901 1152 1111 1225 Ποιμήν
1134 1170 1147 1183 ·
1172 1155 1390 1223 Δίδαξον
1417 1161 1479 1215 τὸ
1507 1162 1679 1235 στόμα
1712 1181 1806 1218 σου

238 1241 415 1295 λαλεῖν
448 1242 481 1295 ἆ
506 1241 618 1312 ἔχει
648 1244 682 1314 ἡ
727 1243 925 1314 καρδία
952 1261 1064 1299 σου.

297 1333 396 1400 ξδ’.
434 1334 745 1407 Ἦρὼτησεν
765 1336 990 1405 ἁδελφὸς
1009 1338 1102 1391 τὸν
1122 1340 1294 1397 ἀ66ᾶν
1319 1344 1578 1414 Ποιμένα,
1600 1346 1771 1417 λέγων
1787 1363 1804 1378 °

240 1425 377 1478 Ἐὰν
396 1425 489 1479 ῖδω
520 1430 766 1497 πταῖσμα
784 1428 877 1480 τοῦ
906 1429 1136 1501 ἀδελφοῦ
1176 1452 1301 1504 μου,
1341 1435 1502 1489 καλόν
1526 1440 1641 1493 ἐστι
1678 1457 1803 1494 σκε-

228 1515 416 1568 πάσαι
439 1515 563 1569 αὑτό
586 1533 600 1582 ;
623 1515 789 1584 Λέγει
826 1516 971 1588 αύτῷ
1000 1520 1028 1571 6
1047 1519 1223 1592 γέρων
1245 1539 1261 1552 ο
1279 1523 1410 1575 Οῖαν
1431 1523 1578 1596 ὤραν
1602 1527 1805 1581 σκεπά-

228 1623 403 1678 σομεν
424 1607 586 1660 τὸτοῦ
608 1606 839 1678 ἀδελφοῦ
866 1609 1019 1680 ήμῶν
1047 1613 1309 1683 πταῖσμα.
1347 1615 1438 1668 καὶ
1471 1617 1499 1668 6
1522 1616 1654 1681 Θεὸς
1681 1634 1806 1671 σκε-

228 1700 394 1764 πάζει
439 1700 501 1753 τὸ
542 1702 848 1772 ἡμέτερον·
881 1703 975 1757 καὶ
1019 1699 1139 1778 ἐνῇ
1181 1705 1300 1777 ὥρᾳ
1340 1708 1668 1781 ἐκφαίνομεν
1709 1710 1801 1765 τοῦ

225 1789 481 1859 ἀδελφοῦ,
519 1792 615 1844 καὶ
638 1792 668 1843 6
694 1792 821 1856 Θεὸς
854 1794 1101 1862 ἐκφαίνει
1131 1797 1191 1849 τὸ
1223 1798 1505 1869 ἡμέτερον.

295 1880 395 1947 ξεν.
432 1878 573 1934 Εἷπε
608 1883 768 1936 πάλιν
787 1884 1003 1949 ὁάῦὅᾶς
1030 1887 1258 1958 Ποιμήν,
1286 1890 1366 1942 ὅτι
1404 1888 1678 1962 Ἦρώτήσε
1711 1890 1805 1947 τὸν

224 1969 409 2024 ἀδϐᾶν
452 1973 679 2027 Παῖσιόν
717 1976 795 2039 τίς
837 1994 986 2035 ποτε.
1020 1979 1192 2048 λέγων
1216 1998 1229 2011 ·
1269 1981 1332 2033 Τί
1363 1980 1571 2054 ποιήσω
1612 1986 1677 2055 τῇ
1703 1983 1804 2053 ψυ-

223 2065 300 2134 χῇ
332 2080 464 2132 μου,
486 2065 568 2118 ὅτι
592 2067 900 2138 ἀναισθητεῖ
918 2071 1011 2124 καὶ
1039 2070 1099 2124 ού
1131 2071 1373 2142 φοΰεῖται
1396 2074 1488 2128 τὸν
1503 2074 1632 2128 Θεόν
1656 2095 1669 2141 ;
1695 2078 1804 2131 Καὶ

221 2153 387 2224 λέγει
408 2156 553 2229 αὐτῷ
578 2175 593 2191 ο
619 2159 866 2224 ’Δπελθε,
889 2161 1176 2235 κολλήθητι
1197 2163 1466 2238 ἀνθρώπῳ
1490 2168 1801 2242 φοϐουμένῳ

221 2244 326 2297 τὸν
364 2246 495 2300 Θεόν
516 2266 530 2280 ο
564 2250 655 2303 καὶ
690 2254 748 2304 ἐν
778 2251 855 2322 τῷ
897 2254 1135 2324 ἐγγίζειν
1184 2256 1398 2328 ἐκείνῳ,
1430 2258 1664 2313 διδάσκει
1709 2263 1802 2315 καὶ

224 2337 283 2388 σὲ
307 2338 359 2370 ⁸⁸
383 2340 663 2408 φοϐεῖσθαι
701 2344 791 2397 τὸν
820 2345 971 2398 Θεόν.

302 2432 416 2500 Eg’.
455 2429 593 2487 Εἷπε
620 2435 803 2499 πάλιν,
829 2435 910 2490 ὅτι
938 2437 1063 2491 Ἐὰν
1089 2437 1182 2491 δύο
1214 2441 1513 2513 πράγματα
1548 2444 1745 2517 νικήσῃ
1768 2444 1799 2497 6

226 2529 487 2601 μοναχὺς,
505 2526 722 2581 δύναται
749 2528 1023 2601 ἐλεύθερος
1043 2530 1291 2598 γενέσθαι
1326 2534 1432 2586 ἀπὸ
1454 2533 1545 2587 τοῦ
1570 2536 1795 2606 κόσμου.

225 2620 333 2673 Καὶ
380 2614 537 2671 εἶπεν
568 2620 596 2671 6
634 2617 860 2687 ἁδελφός
891 2634 903 2647 ⁸
948 2620 1082 2673 Ποῖα
1112 2620 1320 2687 ταῦτας
1366 2625 1474 2678 Καὶ
1511 2622 1652 2678 εἷπε*
1689 2627 1802 2699 Τὴν

227 2711 498 2783 σαρκικὴν
522 2711 850 2774 ἀνάπαυσιν,
875 2711 968 2764 κα)⁸
988 2712 1083 2783 τὴν
1110 2713 1433 2781 κενοδοξίαν.

288 2801 389 2871 εἴ.
422 2804 486 2856 Ἦ
492 2802 736 2874 ρώτησεν
761 2804 1029 2876 Ἀϐραὰμ,
1046 2808 1074 2860 6
1094 2805 1188 2861 τοῦ
1209 2807 1351 2862 ἁ66ἄ
1374 2809 1692 2877 Ἀγάθωνος,
1710 2812 1801 2866 τὸν

226 2897 396 2952 ὕϐᾶν
431 2898 698 2967 Ποιμένα,
742 2897 912 2965 λέγων
935 2915 948 2928 ⁸
978 2899 1101 2964 Πῶς
1138 2901 1187 2953 οί
1233 2901 1482 2973 δαίμονες
1508 2903 1801 2976 πολεμοῦσί

229 3007 293 3061 με
316 3007 335 3051 ;
363 2990 485 3042 Καὶ
508 2984 659 3042 εἶπεν
678 2990 825 3060 αὐτῷ
853 2991 880 3043 6
903 2989 1074 3055 ἀ66ἄς
1114 2992 1323 3064 Ποιμήν
1347 3009 1359 3021 ·
1388 2994 1454 3047 Σὲ
1478 2995 1802 3066 πολεμοῦσιν

223 3083 270 3134 oi
290 3081 581 3153 δαίμονες;
608 3082 683 3135 Ού
705 3081 997 3152 πολεμοῦσι
1029 3082 1145 3154 μεθ’
1167 3084 1340 3156 ήμῶν,
1364 3087 1447 3156 ἐφ’
1471 3087 1592 3141 ὅσον
1616 3090 1682 3142 τὰ
1709 3089 1798 3143 θε-

225 3170 445 3241 λήματα
492 3170 653 3241 ήμῶν
727 3171 1010 3245 ποιοῦμεν.
1044 3173 1126 3227 Τὰ
1172 3174 1280 3248 γὰρ
1326 3174 1602 3248 θελήματα
1648 3181 1801 3251 ήμῶν

225 3264 481 3334 δαίμονες
502 3263 759 3332 γεγόνασι
781 3282 794 3295 ο
822 3267 915 3319 καὶ
938 3266 1089 3321 αύτοί
1112 3267 1248 3320 εἰσιν
1268 3268 1316 3319 oi
1339 3268 1606 3335 θλίϐοντες
1632 3272 1798 3343 ἡμᾶς,

227 3356 305 3409 Eva.
333 3355 721 3428 πληρώσωμεν
754 3358 909 3413 αὐτά.
936 3359 995 3411 El
1028 3359 1083 3411 δὲ
1115 3357 1285 3422 θέλεις
1324 3360 1449 3413 ἰδεῖν
1476 3361 1613 3432 μετὰ
1641 3362 1801 3418 τίνων

226 3450 576 3520 ἐπολέμησαν
622 3450 671 3501 oi
721 3448 971 3522 δαίμονες
995 3467 1006 3477 °
1031 3450 1170 3522 μετὰ
1214 3451 1523 3516 Μωῡσέως,
1561 3454 1652 3507 καὶ
1695 3455 1801 3510 τῶν

224 3544 425 3612 ὁμοίων
461 3541 650 3597 αὑτοῦ.

292 3634 395 3704 ξη’.
437 3630 609 3687 Εἶπεν
636 3636 665 3688 ὁ
698 3634 869 3699 άὸϐἆς
906 3635 1138 3708 Ποιμήν,
1175 3637 1256 3691 ὅτι
1287 3637 1502 3709 Ταύτην
1526 3640 1622 3712 τὴν
1648 3642 1800 3696 πολι-

226 3726 371 3779 τεέαν
408 3725 615 3779 ἔδωκεν
645 3728 672 3779 6
704 3726 834 3788 Θεὸς
871 3726 949 3797 τῷ
987 3727 1223 3800 Ἰσραὴλ,
1254 3727 1314 3781 τὸ
1354 3729 1652 3801 ἀπέχεσθαι
1695 3733 1802 3788 τῶν

231 3816 376 3888 παρὰ
404 3815 577 3886 φύσιν
600 3833 613 3847 ·
648 3818 916 3885 τουτέστι,
938 3817 1128 3889 ὀργῆς,
1153 3819 1247 3873 καὶ
1277 3819 1469 3890 θυμοῦ,
1492 3823 1586 3876 καὶ
1615 3822 1799 3895 ζήλου,

231 3909 320 3961 καὶ
350 3910 573 3981 μίσους,
616 3910 712 3964 καὶ
747 3911 1069 3976 καταλαλιᾶς
1099 3911 1240 3965 κατὰ
1268 3912 1361 3965 τοῦ
1406 3914 1632 3983 ἀδελφοῦ
1656 3935 1669 3945 ·
1709 3917 1803 3971 καὶ

233 3998 299 4051 τὰ
325 4000 490 4053 λοιπά
513 4001 611 4071 τῆς
640 4000 1010 4073 παλαιότητος.

310 4090 397 4154 ἔθ’.
428 4091 746 4164 ’Ῑιρώτησεν
772 4093 997 4164 ἀδελφὸς
1019 4095 1109 4147 τὸν
1136 4095 1307 4150 άϐὃᾶν
1330 4097 1586 4168 Ποιμένα,
1607 4096 1800 4166 λέγων·

236 4182 366 4239 Εἰπέ
393 4203 488 4258 μοι
517 4186 691 4259 ῥῆμα.
716 4187 823 4241 Καὶ
859 4186 1004 4257 λέγει
1046 4188 1212 4261 αὐτῷ,
1239 4191 1320 4243 ὅτι
1345 4191 1407 4243 οι
1438 4189 1678 4262 Πατὲρες
1702 4191 1803 4261 τὴν

232 4277 401 4349 ἀρχὴν
422 4276 521 4331 τοῦ
560 4277 880 4349 πράγματος
921 4280 985 4352 ἣν
1013 4280 1215 4345 ἔθεντο,
1241 4281 1434 4345 πένθος
1463 4280 1596 4335 ἐστί.
1640 4281 1803 4350 Λέγει

232 4373 393 4426 πάλιν
415 4375 445 4426 6
466 4372 694 4440 ἁδελφός
717 4386 732 4400 ·
760 4372 894 4427 Είπέ
935 4390 1024 4444 μοι
1052 4372 1179 4428 ἄλλο
1220 4374 1386 4447 ῥῆμα.
1427 4373 1803 4445 Ἀποκρίνεται

1911 526 2161 591 stionem,
2195 528 2287 597 qui
2321 528 2458 583 dixit
2492 528 2658 583 mihi:
2694 526 2812 583 Non
2839 528 3004 585 debes
3053 536 3372 600 permittere
3406 540 3463 586 ut

1911 616 1966 669 in
2000 625 2050 671 te
2081 632 2286 671 moram
2321 618 2502 672 faciat.
2538 617 2837 689 Respondit
2870 620 3037 675 abbas
3065 620 3282 675 Pmm’eu
3310 640 3322 675 :
3354 623 3464 675 Ab—

1911 708 2051 764 batis
2080 707 2355 765 lbistionis
2386 710 2630 766 actiones
2660 727 2881 767 sursum
2914 721 3042 767 sunt
3075 728 3196 766 cum
3233 714 3459 784 angelis,

1909 802 2144 871 latetque
2177 817 2323 865 eum,
2360 803 2505 871 quod
2540 820 2641 875 ego
2676 820 2740 859 ac
2771 813 2829 858 tu
2880 804 2935 858 in
2984 804 3339 859 fornicatione
3367 822 3462 860 su-

1908 907 2047 947 mus.
2079 892 2135 946 Si
2181 895 2418 949 tenuerit
2473 896 2773 951 monachus
2821 904 3065 951 ventrem
3116 903 3171 949 et
3206 896 3462 966 linguam,

1905 992 1960 1037 et
1983 987 2253 1057 peregrini
2278 987 2467 1053 vitam,
2507 987 2739 1053 confide,
2771 1002 2880 1042 non
2911 989 3190 1041 morietur.

1975 1162 2066 1218 65.
2103 1163 2213 1234 (52)
2267 1161 2476 1218 Dictum
2511 1171 2594 1219 est
2629 1178 2698 1219 an
2723 1165 2918 1219 abbate
2965 1164 3250 1220 Pmmene:
3288 1163 3464 1221 Edoce

1906 1273 1969 1313 os
1997 1266 2144 1312 tuum
2188 1257 2334 1328 loqui
2364 1274 2484 1328 qua:
2513 1258 2677 1314 corde
2705 1259 2871 1329 geris.

1975 1349 2062 1404 64.
2095 1349 2207 1419 (33)
2233 1349 2591 1421 Interrogavit
2621 1350 2789 1406 frater
2820 1352 3066 1406 abbatem
3106 1349 3416 1405 Pmmen‘em
3443 1367 3460 1406 :

1908 1438 1986 1502 Si,
2024 1440 2219 1509 inquit,
2252 1440 2438 1495 videro
2466 1440 2722 1495 delictum
2763 1440 2948 1497 fratris
2998 1443 3124 1506 mei,
3187 1441 3465 1498 bonuutne

1904 1540 2008 1595 est,
2043 1540 2101 1585 ut
2128 1532 2376 1603 obtegam
2407 1533 2586 1588 illud?
2633 1531 2930 1603 Respondit
2985 1550 3146 1588 senex
3175 1554 3188 1590 :
3240 1534 3464 1601 Quoties

1905 1620 2199 1677 texerimus
2226 1621 2409 1678 fratris
2442 1623 2616 1678 nostri
2658 1633 2959 1694 peccatum,
3012 1634 3065 1680 et
3124 1624 3262 1680 Deus
3326 1635 3465 1697 teget

1907 1719 2189 1780 nostrum;
2226 1730 2332 1783 qua
2366 1731 2493 1770 vero
2520 1717 2652 1771 hora
2690 1715 2875 1772 fratris
2907 1718 3115 1786 lapsum
3157 1720 3465 1776 manifesta-

1835 1786 1876 1841 Β
1905 1806 2162 1869 verimus,
2198 1806 2343 1863 Deus
2379 1818 2624 1864 nostrum
2659 1810 3008 1866 manifestum
3045 1813 3223 1868 fat-iet.

1973 1896 2062 1950 65.
2095 1898 2206 1969 (56)
2238 1898 2489 1954 Narratio
2515 1916 2735 1972 quoque
2769 1903 2982 1959 abbatis
3025 1904 3294 1961 Premeuis
3320 1905 3419 1960 fuit
3446 1925 3460 1960 :

1902 1985 2108 2055 Aliquis
2146 1988 2496 2059 interrogavit
2561 1992 2852 2062 aliquando
2913 1996 3161 2049 abbatem
3221 1994 3460 2051 Paisium

1902 2078 1981 2132 sic
2005 2096 2018 2132 :
2046 2076 2182 2144 Quid
2219 2077 2412 2133 faciam
2450 2083 2647 2137 anima:
2680 2100 2834 2147 meae,
2873 2087 3018 2156 quod
3067 2103 3229 2142 sensu
3295 2089 3461 2143 desti-

1903 2178 2014 2224 tuta
2041 2179 2144 2233 est,
2174 2186 2274 2225 nec
2301 2171 2467 2227 Deum
2498 2173 2697 2230 timet?
2728 2175 3026 2247 Respondit
3053 2199 3065 2233 :
3094 2179 3215 2241 Abi,
3248 2180 3464 2236 adlttere

1902 2262 2107 2316 bontiui
2143 2263 2351 2317 timenti
2400 2262 2565 2319 Deum
2595 2283 2610 2333 ;
2653 2273 2708 2321 et
2748 2267 2888 2322 inter
2921 2269 3461 2339 appropinquandum

1900 2353 1972 2416 ei,
2000 2353 2216 2408 docebit
2247 2356 2411 2409 etiam
2444 2365 2516 2419 te,
2548 2364 2607 2410 ut
2647 2357 2812 2412 Deum
2849 2359 3061 2413 timeas.

1972 2443 2059 2499 66.
2089 2445 2202 2518 (55)
2238 2444 2381 2500 Dixit
2445 2446 2682 2503 iterum:
2728 2445 2786 2501 Si
2829 2463 2915 2502 res
2975 2448 3112 2503 duas
3163 2446 3462 2503 monachus

1901 2534 2184 2598 devicerit,
2220 2535 2417 2606 poterit
2460 2536 2598 2590 liber
2632 2552 2662 2590 a
2702 2538 2904 2591 mundo
2934 2539 3069 2592 fieri.
3111 2537 3461 2607 Interrogavit

1902 2623 2103 2681 frater:
2136 2626 2283 2692 Quas
2317 2628 2437 2683 illas
2460 2627 2484 2681 ?
2505 2626 2843 2700 Respondit:
2870 2627 3152 2685 Carnalem
3193 2629 3459 2701 requiem,

1900 2727 1953 2773 et
1979 2719 2192 2774 inanem
2225 2721 2477 2790 gloriam.

1970 2808 2058 2860 67.
2101 2807 2213 2879 ('56)
2239 2808 2533 2875 Abraham,
2569 2810 2659 2863 ille
2692 2810 2908 2865 abbatis
2937 2810 3257 2880 Agathonis,
3293 2812 3462 2866 abba-

1902 2905 2008 2953 tem
2045 2898 2351 2955 Pmmeuem
2394 2900 2787 2970 interrogavit:
2840 2900 2942 2967 Qui
2997 2901 3054 2954 fit
3086 2912 3144 2955 ut
3186 2903 3462 2956 daemones

1902 2993 2221 3064 impuguent
2254 2994 2381 3049 me?
2423 2993 2513 3047 Ait
2557 2994 2633 3047 illi
2659 2994 2828 3049 abbas
2858 2993 3117 3049 Pwmcn:
3152 2993 3227 3049 Te
3282 2993 3459 3065 impu-

1902 3090 2069 3153 gnant
2098 3082 2413 3139 daemones?
2434 3081 2550 3139 Non
2585 3085 2868 3138 decertant
2902 3083 3187 3138 nobiscum
3217 3083 3460 3154 quandiu

1905 3173 2210 3228 voluntates
2251 3183 2468 3231 nostras
2511 3175 2760 3231 facimus.
2804 3174 3120 3231 Voluntates
3168 3176 3312 3231 enim
3360 3190 3458 3230 no-

1902 3273 2029 3319 stra:
2072 3265 2126 3319 in
2183 3266 2454 3323 daemones
2500 3266 2834 3335 evaserunt;
2874 3276 2927 3323 et
2975 3269 3027 3322 Ιιί
3069 3276 3197 3324 sunt
3226 3268 3317 3339 qui
3359 3281 3461 3323 nus

1902 3366 2175 3426 preuumt,
2212 3367 2271 3411 ut
2304 3358 2678 3429 compleanius
2711 3371 2829 3413 eas.
2868 3357 3021 3425 Quod
3056 3357 3102 3413 si
3130 3359 3286 3428 cupis
3318 3358 3461 3411 scire

1901 3464 2023 3502 cum
2055 3450 2252 3519 quibus
2272 3450 2496 3521 przeliati
2518 3449 2719 3506 fuerint
2751 3450 3062 3517 daemones;
3090 3464 3213 3504 cum
3238 3447 3442 3518 Moyse.

1903 3556 1965 3595 ac
1998 3543 2048 3597 ei
2076 3543 2371 3599 similibus.

1972 3634 2059 3690 68.
2093 3634 2236 3690 Dixit
2267 3637 2433 3691 abbas
2463 3634 2681 3689 Pmmen
2712 3652 2726 3689 :
2769 3632 2920 3687 Hauc
2960 3631 3174 3687 vivendi
3227 3630 3459 3685 formam

1902 3723 2158 3783 lsraelitis
2195 3727 2526 3798 praescripsit
2566 3726 2731 3788 Deus,
2783 3731 2843 3779 ut
2877 3725 3209 3778 abstinerent
3261 3722 3330 3775 ab
3390 3722 3461 3778 iis

1902 3833 2020 3890 quae
2044 3826 2230 3875 contra
2257 3827 2503 3873 naturam
2536 3826 2691 3880 sunt;
2712 3817 2815 3877 hoc
2843 3824 2925 3870 est
2954 3814 3021 3868 ab
3048 3816 3148 3879 ira,
3190 3811 3460 3868 excande-

1903 3907 2133 3971 scentia,
2157 3906 2380 3971 invidia,
2412 3905 2560 3968 odio,
2595 3905 2931 3959 detractione
2955 3918 3084 3973 erga
3113 3903 3332 3957 fratrem
3359 3920 3375 3968 ;
3402 3909 3459 3956 et

1903 4009 2093 4056 ciete-ra
2129 4014 2247 4069 quae
2268 3999 2332 4052 ad
2365 4006 2597 4052 veterem
2633 3997 2801 4066 legem
2842 3993 3133 4064 pertinent.

1973 4093 2062 4148 69.
2096 4091 2339 4163 Rogatus
2369 4091 2537 4144 abbas
2572 4088 2794 4143 Pazmen
2838 4101 2871 4140 a
2918 4084 3107 4151 fratre,
3149 4093 3208 4139 ut
3254 4084 3458 4140 diceret

1901 4185 1950 4239 ei
1978 4183 2220 4246 verbum,
2256 4182 2329 4235 ita
2381 4181 2597 4235 locutus
2650 4186 2769 4233 est:
2817 4176 3147 4247 Principium
3192 4174 3268 4230 rei
3312 4172 3457 4243 quod

1902 4275 2091 4331 Patres
2123 4279 2448 4344 posuerunt,
2496 4278 2582 4326 est
2614 4271 2813 4325 luctus.
2840 4267 3055 4323 lterum
3105 4267 3270 4321 frater
3307 4264 3461 4336 petiit

1903 4366 2048 4419 aliud
2076 4364 2318 4418 verbum.
2352 4360 2649 4431 Respondit
2681 4375 2876 4416 senex:
2903 4358 3006 4413 Pro
3037 4358 3246 4413 viribus
3265 4371 3459 4412 exerce

228 4467 254 4516 ὁ
277 4464 464 4534 γέρων
490 4480 504 4493 ο
540 4463 703 4516 Ὅσον
728 4463 858 4535 δύνῃ
880 4462 1111 4535 ἐργάζου
1134 4464 1471 4538 ὲργὸχειρον,
1506 4465 1591 4518 ἵνα
1629 4466 1687 4533 ἐξ
1711 4466 1801 4519 αύ-

1905 4463 1956 4511 te
1979 4458 2032 4508 in
2060 4469 2223 4524 opere
2253 4459 2611 4518 manuum,ut
2634 4467 2698 4506 ex
2720 4466 2784 4505 eo
2810 4450 2978 4504 facias
3003 4447 3453 4503 misericordiam.

227 4553 322 4607 τοῦ
366 4554 598 4625 ποιήσῃς
646 4553 808 4617 ἔλεος.
839 4553 1148 4626 Γέγραπται
1185 4554 1314 4627 γὰρ,
1347 4557 1427 4609 ὅτι
1463 4555 1797 4628 ἐλεημοσύνη

1909 4546 2184 4616 Scriptum
2220 4552 2303 4599 est
2333 4543 2473 4598 enim
2510 4541 2657 4612 quod
2700 4542 3036 4612 eleemosyua
3070 4550 3123 4594 et
3160 4539 3291 4593 fides
3331 4552 3458 4607 pur-

225 4644 327 4696 καὶ
355 4641 541 4705 πίστις
563 4642 909 4715 καθαίρουσιν
937 4642 1209 4714 ἁμαρτίας
1252 4643 1381 4714 (57).
1416 4643 1576 4710 Λέγει
1598 4644 1626 4695 6
1647 4642 1799 4697 ἀδελ-

226 4737 335 4802 φός
358 4751 373 4765 ⁸
401 4732 469 4787 Τί
522 4736 634 4789 ἐστι
683 4737 898 4803 πίστις;
947 4736 1107 4805 Λέγει
1141 4736 1170 4790 6
1202 4734 1377 4806 γέρων
1399 4753 1413 4767 ο
1461 4733 1647 4798 Πίστις
1686 4733 1800 4787 ἐστὶ

228 4829 289 4882 τὸ
316 4830 382 4882 ὲν
419 4827 883 4902 ταπεινοφροσύνῃ
913 4828 1120 4897 διάγειν
1141 4867 1153 4891 ,
1188 4828 1281 4881 καὶ
1313 4829 1484 4880 ποιεῖν
1511 4825 1675 4890 ἔλεος.

301 4927 365 4975 α.
420 4919 669 4989 ’Λδελφδς
711 4918 960 4992 ἠρώτησε
995 4919 1086 4973 τὸν
1108 4918 1279 4973 ἀ66ᾶν
1317 4917 1575 4988 Ποιμένα,
1606 4917 1797 4984 λέγων,

231 5012 317 5066 ὅτι
359 5011 485 5067 Ἐὰν
518 5012 613 5066 ἴδω
649 5010 879 5067 ἀδελφὸν
936 5012 1065 5084 περὶ
1097 5005 1158 5065 οὗ
1187 5010 1391 5082 ήκουσα
1427 5012 1706 5080 πταῖσμα,
1737 5010 1797 5062 οὐ

1905 4647 2030 4712 gent
2073 4643 2290 4708 peccata
2308 4636 2373 4691 ⁸⁷.
2418 4636 2507 4690 Ait
2548 4638 2753 4690 frater:
2796 4633 2934 4701 Quid
2979 4640 3064 4687 est
3117 4631 3290 4686 fides?
3320 4628 3458 4684 Tum

1909 4747 2112 4787 senex:
2143 4728 2304 4786 Fides
2349 4736 2452 4796 est,
2487 4728 2538 4782 in
2586 4726 2889 4782 humilitate
2941 4725 3139 4787 vivere,
3174 4732 3227 4778 et
3276 4721 3461 4776 facere

1910 4824 2357 4879 misericordiam.

1979 4916 2066 4971 70.
2097 4916 2207 4987 (58)
2238 4913 2427 4969 Frater
2453 4913 2805 4985 interrogavit
2855 4911 3101 4967 abbatem
3152 4909 3454 4964 Pcemenem

1905 5009 2006 5064 hac
2030 5010 2315 5064 oratione:
2367 5005 2422 5061 Si
2454 5006 2641 5063 videro
2676 5006 2919 5072 fratrem,
2973 5005 3041 5059 de
3096 5002 3251 5072 cujus
3305 5001 3457 5063 lapsu

303 5165 354 5198 ⁸⁸
379 5165 466 5221 Al.
500 5166 672 5220 inser.
702 5167 783 5230 είς
816 5166 905 5218 τὸν
929 5164 1174 5236 οὐρανόν.
1248 5164 1294 5195 ’⁸⁸
1328 5163 1413 5217 Al.
1444 5162 1668 5236 διδάσκῃ
1696 5162 1789 5217 καὶ

1975 5160 2035 5195 ⁸⁷⁴
2057 5161 2214 5217 Prov.
2243 5177 2334 5224 xv,
2353 5160 2461 5225 .27.

332 5284 427 5351 32)
460 5282 569 5336 Vit.
590 5282 745 5338 Patr.
787 5298 866 5348 ιιι,
894 5281 1062 5337 l85et
1095 5296 1215 5348 vm,
1245 5281 1319 5336 ιι.

333 5354 423 5423 55)
456 5353 564 5408 Vit.
592 5352 750 5407 Patr.
780 5370 861 5412 ιιι,
890 5353 948 5423 6.

312 5420 428 5491 ('64)
459 5423 567 5477 Vit.
604 5423 754 5478 Patr.
788 5440 866 5487 xi,
900 5422 1007 5490 25;
1045 5421 1266 5477 Dorotb.
1300 5420 1451 5476 Dart.
1482 5420 1533 5476 4.

313 5494 428 5563 (35)
465 5494 569 5547 Vit.
609 5494 759 5548 Patr.
787 5509 825 5558 ι,
863 5493 961 5559 15;
998 5508 1150 5555 xxvi,
1183 5493 1236 5547 5.

334 5563 427 5634 36)
465 5564 569 5620 Vit.
612 5564 766 5618 Patr.
805 5581 853 5627 v,
880 5563 979 5631 62;
1018 5564 1212 5626 xxv,5.
1379 5624 1415 5634 μ,

334 5574 405 5619 56
468 5574 569 5620 Vit.
612 5574 766 5618 Patr.
805 5581 853 5627 v,
880 5574 979 5631 ὅτίς
1018 5574 1212 5626 xxv,5.

312 5574 427 5705 157;
449 5635 855 5705 Ἑλενιυιοσύνη
872 5634 969 5688 καὶ
986 5635 1188 5705 πίστις
1215 5624 1800 5705 ιιαθαίρουσιν-άμαρ.

252 5701 417 5771 trag;
451 5701 631 5759 Prov;
677 5721 763 5766 xv,
807 5704 912 5759 27:
960 5701 1375 5773 Ἐλεημοσύναις
1407 5701 1498 5773 καί
1557 5702 1800 5757 πίστεσιν

407 5498 428 5706 ξ

256 5775 711 5848 ἁποκαθαίρονται
740 5775 1019 5847 ἁμαρτίαι.
1042 5771 1212 5841 Quem
1247 5774 1421 5828 locum
1457 5771 1504 5827 si
1543 5774 1797 5829 memoria
1846 5810 1847 5813 η

1907 5280 2269 5335 retinuissent
2297 5275 2553 5331 Saviliani
2586 5278 2938 5343 interpretes,
2964 5288 3069 5326 non
3102 5271 3237 5343 adeo
3272 5288 3331 5326 se
3350 5273 3455 5327 mi-

1907 5366 2039 5420 sere,
2061 5350 2358 5420 jactassent
2383 5347 2434 5398 iu
2465 5347 2584 5401 istis
2603 5356 2651 5420 _t.
2684 5342 2770 5420 Vl,
2816 5344 3017 5420 μηδιιι,
3047 5343 3082 5395 l.
3113 5342 3228 5420 46:
3271 5342 3459 5420 Ἐλςη-

1949 5413 2139 5474 οσύναι
2171 5419 2265 5474 καὶ
2292 5417 2479 5472 πίσται
2509 5416 2671 5471 εἰσίν·
2727 5414 3148 5485 ἐκκαθαίρονται
3174 5413 3458 5485 ἁμαρτίαι.

1949 5490 2129 5545 cilicet
2158 5488 2337 5558 statim
2369 5485 2765 5558 intellexissent
2784 5484 3131 5539 scribendum
3151 5484 3471 5558 εειε,ἑλεη-,

1910 5559 2169 5631 μοσύναις
2203 5557 2313 5631 καί,
2328 5555 2592 5631 πίστεσιν.

1976 5630 2086 5700 (58)
2111 5626 2450 5700 Hyrcanum
2478 5625 2710 5700 Patruini
2741 5622 3146 5700 per__Vossjum,
3172 5632 3294 5697 post
3332 5623 3468 5700 _G_re—

1905 5694 2116 5828 goriu‘m
2160 5697 2451 5754 Thaumat.
2501 5712 2554 5768 p.
2620 5694 2757 5769 t33:
2825 5694 2930 5754 Vit.
2990 5694 3146 5752 Patr.
3174 5694 3266 5759 ἰιι,
3324 5694 3471 5764 Nu,

1905 5786 2017 5828 xvi.
2090 5811 2104 5826 .

1905 5786 2017 5839 xvr,
2050 5786 2104 5828 ιι.
