4036 6202
551 350 656 405 3'59

1708 343 2049 403 APPENDIX
2082 342 2173 398 AD
2209 343 2622 401 PALLADIUM.

3673 316 3793 398 3.20-

551 467 797 527 audiero,
829 465 956 519 nolo
991 463 1338 520 introducere
1384 480 1507 519 eum
1541 463 1594 517 in
1651 463 1843 518 cellam
1887 477 2061 518 meam
2094 479 2110 529 ;

2216 451 2353 515 θέλω
2399 461 2728 530 εἰσενεγκεῖν
2761 459 2921 514 αὑτὸν
2955 462 3033 524 εἰς
3077 460 3137 514 τὸ
3177 461 3385 514 κελλῐον
3422 478 3522 531 μου
3554 478 3567 492 ·
3599 462 3690 513 ἐὰν
3724 462 3783 515 δὲ

553 558 645 613 sed
686 557 733 613 si
768 556 954 612 videro
978 557 1180 612 bonum
1215 555 1458 621 fratrem,
1514 571 1639 610 cum
1691 571 1755 610 co
1792 556 1945 610 laetus
1988 570 2106 625 ago.

554 648 693 701 Dicit
720 650 767 703 ei
802 663 963 702 senex
992 666 1006 703 :
1035 647 1091 701 Si
1126 647 1268 703 bono
1305 646 1457 701 fratri
1490 647 1615 702 boni
1662 663 1850 717 parum
1881 646 2106 710 feceris,

549 740 771 809 duplum
807 739 971 794 facito
1018 738 1214 805 alteri;
1246 748 1330 794 est
1372 740 1515 794 enim
1570 738 1864 793 infirmus.
1893 738 2111 794 Scilicet

549 840 667 886 erat
698 831 917 901 quidam
952 831 1005 885 in
1043 831 1295 887 caenobio
1340 832 1558 887 nomine
1602 829 1922 886 Timotheus
1978 845 2112 885 ana-

553 925 812 986 choreta;
868 933 923 978 et
976 925 1183 979 audivit
1237 924 1473 978 emnobii
1529 924 1855 995 praepositus
1911 922 2109 975 famam

551 1015 781 1084 alicujus
812 1014 996 1070 fratris
1023 1014 1090 1069 de
1123 1015 1442 1073 tentatione.
1467 1029 1530 1068 ac
1566 1014 1634 1068 de
1669 1029 1735 1069 eo
1766 1017 2111 1083 percontatus

548 1116 632 1164 cst
668 1108 1006 1164 Timotheum
1028 1146 1043 1172 ,
1100 1107 1192 1178 qui
1227 1107 1515 1162 consilium
1537 1106 1687 1162 dedit
1726 1114 1786 1162 ut
1817 1105 2112 1176 expelleret

550 1197 794 1256 fratrem.
821 1198 955 1254 Cum
994 1214 1125 1270 ergo
1144 1200 1417 1268 eiecisset,
1452 1197 1681 1254 tentatio
1722 1197 1907 1252 fratris
1945 1211 2109 1266 supra

550 1287 895 1343 Timotheum
931 1288 1106 1358 posita
1125 1298 1227 1349 est,
1254 1288 1390 1342 adeo
1414 1295 1472 1341 ut
1503 1286 1920 1359 periclitaretur.
1941 1284 2111 1339 Flevit

549 1395 679 1450 ergo
717 1378 1035 1436 Timotheus
1063 1395 1246 1434 coram
1276 1378 1406 1444 Deo,
1433 1378 1653 1436 dicens:
1685 1378 1931 1443 Peccavi,
1960 1378 2113 1448 igno-

549 1487 641 1526 sce
672 1471 827 1526 mibi.
887 1471 953 1526 Et
999 1470 1178 1527 delata
1236 1473 1300 1527 ad
1334 1488 1457 1527 cum
1520 1480 1605 1527 est
1641 1470 1905 1541 ejusmodi
1958 1484 2108 1524 vox:

548 1561 856 1628 Timotliee,
888 1581 957 1621 ne
982 1566 1263 1622 existimes
1294 1583 1380 1622 me
1431 1565 1503 1624 ob
1543 1566 1702 1620 aliam
1747 1580 1963 1621 causam
2007 1566 2110 1620 ista

548 1657 645 1712 tibi
674 1656 889 1715 fecisse.
926 1674 1088 1729 quam
1121 1660 1247 1729 quia
1283 1658 1581 1730 despexisti
1611 1658 1833 1714 fratrem
1867 1664 2020 1712 tuum
2055 1657 2110 1712 in

549 1760 792 1818 tempore
821 1751 1139 1806 tentationis
1177 1766 1306 1807 suae.

2215 555 2308 609 ἴδω
2335 553 2518 619 καλὸν,
2546 554 2722 627 χαίρω
2761 555 2877 625 μετ’
2902 554 3087 608 αὐτοῦ.
3111 556 3275 623 Λέγει
3304 554 3455 624 αὐτῷ
3509 557 3538 608 ὁ
3565 555 3745 625 γέρων
3763 573 3776 585 -

2211 649 2275 703 Ei
2311 651 2481 713 ποιεῖς
2513 647 2590 719 τῷ
2631 647 2780 719 καλῷ
2823 647 3034 720 ἀδελφῷ
3071 649 3262 719 μικρὸν
3302 648 3534 717 ἀγαθον,
3560 647 3779 702 διπλοῦν

2213 739 2435 811 ποίησον
2470 741 2588 811 μετ’
2624 739 2855 795 ἐκείνου.
2890 735 3057 802 Οὗτος
3094 739 3201 811 γάρ
3252 739 3398 791 ἐστιν
3444 740 3473 791 6
3516 738 3778 794 ἀσθενῶν.

2209 827 2317 886 Ἦν
2338 832 2446 902 γάρ
2472 849 2556 895 τις
2580 831 2637 883 ἐν
2666 829 2911 902 κοινοϐἰῳ
2944 830 3164 901 ὀνόματι
3195 828 3457 900 Τιμόθεος
3491 832 3782 901 ἀναγωρη-

2211 925 2344 992 τῆς·
2384 923 2478 976 καὶ
2522 923 2754 994 ἤκουσεν
2802 922 2829 974 6
2877 921 3175 992 ἡγούμενος
3228 922 3414 991 φήμην
3463 920 3588 992 περῖ
3634 937 3783 982 τινος

2193 1014 2440 1090 ,ἀδελφοῦ
2469 1015 2598 1084 περὶ
2629 1013 2956 1084 πειρασμοῦ,
3000 1012 3095 1066 καὶ¹
3123 1010 3443 1083 ἐπηρώτησε
3488 1011 3576 1064 τὸν
3609 1011 3780 1082 Τιμό-

2211 1105 2331 1159 θεον
2365 1104 2494 1175 περὶ
2524 1102 2685 1156 αὑτοῦ
2706 1118 2721 1134 ·
2751 1104 2843 1157 καὶ
2883 1101 3297 1156 συνεϐούλευσεν
3333 1100 3501 1173 αὐτῷ,
3530 1101 3780 1154 ἐκϐαλεῖν

2209 1196 2299 1251 τὸν
2320 1197 2563 1266 ἀδελφόν.
2591 1197 2716 1250 Ὅτε
2740 1191 2832 1249 οὖν
2865 1194 3116 1262 ἐξέϐαλεν
3144 1193 3326 1254 αὑτὸν,
3355 1193 3511 1262 ἐτέθη
3535 1193 3563 1244 6
3588 1209 3781 1265 πειρα-

2212 1288 2348 1359 σμὸς
2377 1287 2472 1341 τοῦ
2502 1287 2730 1357 ἀδελφοῦ
2760 1287 2943 1341 ἐπάνω
2972 1286 3066 1341 τοῦ
3112 1283 3397 1355 Τιμοθέου,
3425 1285 3529 1348 ἕως
3551 1280 3613 1339 οὗ
3645 1286 3781 1339 ἐκιν-

2209 1378 2478 1433 δύνευσεν.
2511 1378 2767 1432 Ἔκλαιεν
2797 1374 2890 1432 οῦν
2913 1380 2941 1432 6
2971 1377 3231 1449 Τιμόθεος
3255 1377 3480 1430 ἐνώπιον
3497 1376 3591 1430 τοῦ
3617 1376 3773 1443 θεοῦ,

2210 1470 2380 1540 λέγων
2402 1488 2415 1502 ο
2446 1470 2795 1543 Ἠμάρτηκα,
2830 1467 3178 1553 συγχώρησὸν
3213 1486 3322 1540 μοι.
3349 1468 3458 1522 Καὶ
3482 1463 3647 1541 ἦλθεν
3678 1468 3775 1521 αὑ-

2209 1560 2287 1634 τῷ
2334 1560 2484 1631 φωνὴ
2528 1560 2791 1629 λέγουσαο
2822 1559 3071 1628 Τιμόθεε,
3118 1560 3192 1631 μὴ
3242 1559 3466 1631 νομίσῃς
3488 1558 3570 1612 ὅτι
3603 1557 3778 1612 ταῦτα

2210 1653 2443 1724 εποίησά
2498 1671 2580 1707 σοι
2615 1653 2683 1707 δι’
2710 1652 2838 1708 ἀλλο
2865 1669 2918 1706 τι
2941 1693 2954 1715 ,
2982 1652 3015 1722 ἢ
3043 1653 3123 1705 ὅτι
3153 1652 3402 1723 παρεῖδες
3429 1651 3520 1704 τὸν
3555 1650 3780 1719 ἀδελφόν

2213 1762 2307 1798 σου
2336 1748 2393 1797 ὲν
2414 1744 2588 1817 καιρῷ
2619 1744 2712 1798 τοῦ
2734 1742 3041 1815 πειρασμοῦ
3066 1742 3252 1796 αὐτοῦ.

618 1840 706 1895 71.
739 1840 850 1911 (59)
880 1838 1025 1896 Dixit
1062 1841 1231 1896 abbas
1261 1840 1515 1896 Pcemen:
1553 1840 1844 1911 Propterea
1877 1848 1957 1893 tot
1987 1847 2108 1893 tan-

2279 1838 2376 1885 οα’.
2410 1827 2573 1886 Εἶπεν
2598 1832 2626 1883 6
2656 1832 2830 1896 ἀϐϐᾶς
2856 1833 3083 1903 Ποιμὴν,
3113 1833 3193 1885 ὅτι
3213 1831 3311 1883 Διά
3341 1830 3498 1884 τοῦτο
3516 1832 3568 1883 ὲν
3588 1831 3776 1885 τοσοῦ-

547 1931 730 2003 tisque
759 1931 1112 2001 suhjacemus
1144 1931 1558 1995 tentationibus,
1596 1931 1725 2003 quia
1762 1931 1981 1985 nomina
2012 1945 2112 1984 no-

547 2032 662 2079 stra
687 2030 740 2078 et
774 2024 1021 2079 ordinem
1052 2040 1158 2080 non
1206 2039 1524 2081 servamus:
1559 2023 2013 2092 quemadmodum
2058 2029 2113 2076 et

549 2116 836 2188 Scriptura
865 2117 1045 2174 docet.
1082 2116 1277 2173 Nonne
1326 2118 1606 2172 cernimus
1650 2116 1930 2170 mulierem
1964 2115 2111 2169 illam

546 2208 935 2277 Chanautcam,
964 2226 1084 2281 quae
1118 2210 1339 2265 admisit
1366 2224 1562 2263 nomen
1591 2224 1749 2264 suum
1776 2226 1791 2273 ;
1823 2219 1877 2263 et
1920 2207 2111 2262 Salva-

547 2310 638 2357 tor
679 2303 865 2374 requie
917 2304 1062 2377 illam
1119 2302 1343 2358 donavit
1360 2301 1452 2355 "2
1489 2299 1703 2356 Rursus
1746 2301 1814 2355 de
1862 2300 2113 2370 Abigaea;

549 2395 677 2470 quia
703 2395 841 2451 dixit
874 2393 1063 2448 Davidi
1090 2414 1105 2449 :
1132 2394 1199 2449 In
1231 2411 1311 2449 me
1336 2402 1414 2447 est
1431 2400 1699 2461 peccatum
1718 2393 1764 2424 "
1787 2409 1802 2457 ;
1834 2391 2115 2448 exaudivit

550 2501 693 2547 eant,
720 2484 911 2541 dilexit
941 2500 1083 2539 eam.
1121 2486 1340 2556 Abigam
1368 2500 1654 2554 personam
1686 2484 1851 2538 sumit
1883 2484 2075 2537 animae
2095 2522 2112 2547 ,

553 2576 721 2634 David
760 2575 1095 2631 Divinitatis.
1147 2574 1203 2630 Si
1260 2591 1391 2646 ergo
1445 2575 1628 2629 anima
1680 2590 1739 2629 se
1773 2574 2116 2630 accusaverit

551 2685 734 2724 coram
768 2667 1014 2731 Domino,
1047 2667 1221 2737 diligit
1251 2683 1369 2722 eam
1403 2666 1684 2722 Dominus.

626 2761 714 2816 72.
744 2759 856 2831 (40)
890 2758 1186 2814 Trausibat
1223 2758 1520 2830 aliquando
1550 2758 1720 2813 abbas
1746 2755 1965 2814 Ptemen
1990 2772 2113 2812 cum

553 2851 749 2908 abbate
775 2847 1013 2905 Anubin
1042 2849 1290 2920 partibus
1332 2847 1499 2904 Diolci
1527 2864 1542 2911 ;
1568 2857 1622 2903 et
1653 2846 1934 2903 venientes
1964 2848 2114 2902 circa

554 2944 830 3014 sepulcra,
882 2942 1230 3013 conspiciunt
1264 2942 1543 2997 mulierem
1579 2940 1818 3011 graviter
1855 2940 2113 3011 plangen-

556 3048 690 3104 tem,
726 3046 784 3092 et
813 3036 1031 3095 flentem
1060 3050 1287 3102 amare;
1321 3044 1483 3106 atque
1537 3042 1744 3089 stantes
1801 3031 2116 3088 considera-

554 3129 686 3187 bant
715 3144 857 3185 eam.
888 3128 1120 3184 Paulum
1160 3142 1290 3182 vero
1329 3125 1626 3198 progressi,
1657 3122 1870 3177 cuidam
1923 3138 2117 3177 occur-

556 3229 785 3282 rerum;
836 3234 999 3289 quem
1057 3219 1410 3287 interrogavit
1467 3216 1635 3271 abbas
1692 3213 1937 3278 Pwmen,
1987 3213 2117 3284 quid

557 3309 784 3366 haberet
816 3325 878 3363 ea
913 3309 1129 3373 mulier,
1152 3306 1297 3377 quod
1316 3323 1501 3362 amare
1528 3307 1787 3377 ploraret.
1818 3303 2119 3375 Respondit

556 3401 686 3457 ille:
728 3401 866 3467 Quia
892 3409 1144 3457 mortuus
1168 3408 1250 3453 est
1281 3399 1510 3456 maritus
1548 3398 1668 3469 ejus
1690 3439 1706 3465 ,
1738 3408 1792 3454 et
1847 3398 2010 3463 illius,
2065 3405 2120 3453 et

557 3493 749 3548 frater.
783 3492 937 3548 Tunc
966 3491 1248 3562 excipiens
1279 3490 1448 3546 abbas
1492 3489 1710 3546 Ptetnen
1761 3490 1898 3545 dixit
1938 3491 2118 3545 abbati

555 3581 885 3643 AttubzAio
921 3582 1043 3649 tibi,
1089 3582 1195 3638 nisi
1245 3582 1407 3636 homo
1436 3590 1662 3635 cunctas
1692 3581 1875 3635 carnis
1928 3580 2121 3634 volun-

558 3686 702 3735 tates
741 3687 988 3735 mortuas
1036 3678 1359 3742 reddiderit,
1405 3680 1656 3747 huncque
1702 3674 2002 3732 obtinuerit
2038 3677 2121 3730 lu-

559 3778 727 3834 ctum,
756 3784 862 3824 non
896 3778 1076 3841 potest
1109 3768 1224 3824 fieri
1258 3769 1581 3825 monachus.
1610 3765 1747 3825 Tota
1776 3769 1921 3831 enim
1956 3768 2121 3840 hujus

561 3859 809 3918 mulieris
837 3861 948 3915 vita
980 3868 1036 3917 et
1063 3876 1218 3917 mens
1251 3862 1306 3915 in
1329 3863 1480 3915 luctu
1506 3867 1610 3915 est.

630 3952 717 4009 75.
750 3953 860 4023 (41)
890 3952 1034 4008 Dixit
1061 3955 1231 4011 abbas
1260 3952 1480 4009 Ptemen
1509 3971 1522 4008 :
1555 3951 1633 4008 Ne
1660 3952 1902 4011 metiaris
1931 3960 2123 4010 temet-

561 4046 764 4116 ipsum,
796 4047 892 4103 sed
931 4045 1150 4104 adiuero
1180 4048 1384 4102 homini
1416 4048 1576 4119 cujus
1603 4046 1953 4102 conversatio
1978 4046 2122 4102 bona

560 4144 665 4192 est.

633 4228 719 4284 τι.
768 4227 898 4283 Item
962 4230 1171 4295 retulit,
1225 4231 1369 4301 quod
1421 4231 1467 4287 si
1518 4229 1645 4301 quis
1683 4229 1849 4285 frater
1902 4228 2125 4285 adiisset

563 4319 814 4378 abbatem
842 4317 1111 4388 Joannem
1131 4331 1373 4391 curtum,
1405 4322 1651 4378 tradebat
1682 4323 1730 4377 ei
1766 4322 1853 4377 ille
1890 4321 2125 4376 charita-

565 4424 696 4476 tem,
738 4411 807 4467 de
856 4428 970 4482 qua
1019 4412 1538 4485 apud‘;Apostolutti
1587 4413 1818 4485 legitur:
1875 4413 2123 4468 Charitas

563 4504 766 4560 vatiam
790 4514 889 4570 est,
923 4501 1146 4573 benigna
1167 4516 1247 4559 est
1274 4506 1343 4559 ὀ.

634 4598 725 4656 75.
748 4594 960 4658 Retulit
986 4601 1182 4656 iterum
1216 4599 1363 4655 circa
1396 4598 1642 4655 abbatem
1667 4597 1891 4662 Pambo,
1922 4600 2126 4656 dixisse

564 4692 634 4749 de
663 4707 731 4748 eo
767 4691 1016 4750 abbatem
1051 4692 1390 4748 Antonium:
1424 4691 1526 4746 Per
1558 4692 1808 4749 timorem
1851 4692 1949 4747 Dei
1997 4691 2125 4750 effe-

567 4786 644 4841 cit
671 4792 726 4838 ut
758 4783 995 4856 Spiritus
1020 4781 1112 4838 Dei
1139 4784 1193 4838 in
1221 4798 1286 4838 eo
1314 4782 1603 4838 habitaret.

639 4878 726 4933 76.
754 4878 867 4947 (42)
914 4876 1171 4935 Narravit
1196 4898 1228 4935 ιι
1274 4878 1526 4934 Patribus
1557 4877 1777 4948 quidam
1828 4877 1896 4932 de
1929 4877 2124 4932 abbate

570 4976 821 5032 Ptnntene
844 4980 899 5027 et
926 4970 1188 5027 fratribus
1226 4972 1366 5042 ejus,
1404 4971 1551 5042 quod
1575 4971 1629 5026 in
1661 4969 1897 5042 δείξῃ)ιο
1926 4971 2130 5025 habita-

569 5072 726 5127 bant,
768 5073 824 5119 et
876 5072 1052 5119 mater
1111 5078 1301 5119 eormn
1366 5063 1690 5119 desiderans
1746 5061 1932 5119 videre
1980 5062 2123 5125 illos.

568 5168 914 5225 nequaquam
949 5164 1181 5226 poterat.
1216 5156 1540 5213 Observavit
1577 5165 1755 5211 autem
1785 5171 1911 5211 cum
1961 5153 2126 5226 proli--

565 5247 909 5302 ciseerentur
944 5249 1009 5303 ad
1047 5249 1360 5314 ecclesiam,
1393 5257 1448 5304 et
1475 5248 1720 5305 occurrit
1755 5248 1858 5305 eis.
1898 5246 1981 5303 illi
2043 5246 2125 5302 vi-

2209 1938 2322 1986 τοις
2350 1923 2671 1992 πειρασμοῖς
2691 1920 2937 1992 κείμεθα,
2951 1921 3032 1973 ὅτι
3047 1921 3114 1973 τὰ
3129 1919 3365 1990 ὀνόματα
3388 1919 3541 1991 ἡμῶν
3566 1921 3658 1973 καὶ
3674 1921 3779 1991 τὴν

2208 2012 2360 2078 τάξιν
2381 2013 2440 2065 οὐ
2467 2013 2806 2083 φυλάσσομεν
2829 2053 2844 2076 ,
2873 2010 3052 2077 καθὼς
3083 2011 3175 2065 καὶ¹
3202 2013 3236 2083 ἡ
3269 2010 3456 2083 Γραφὴ
3474 2011 3637 2080 λέγει.
3663 2011 3781 2083 Οὐχ

2207 2106 2422 2176 ὁρῶμεν
2447 2105 2542 2176 τὴν
2563 2107 2793 2173 γυναῖκα
2810 2104 2908 2176 τὴν
2924 2104 3250 2169 Χαναναίαν,
3266 2103 3364 2173 τὴν
3381 2102 3781 2173 ὑποδεξαμένην

2209 2198 2271 2252 τὸ
2293 2198 2462 2268 ὄνομα
2486 2198 2675 2269 αὐτῆς,
2699 2197 2780 2250 ὅτι
2802 2196 3105 2251 ἀνέπαυσεν
3126 2196 3293 2268 αὐτὴν
3315 2198 3344 2250 6
3365 2196 3552 2267 Σωτήρ
3572 2212 3586 2260 ;
3611 2196 3782 2249 Πάλιν

2223 2290 2535 2361 Ἀϐιγαῑαν,
2579 2291 2661 2344 ὅτι
2703 2285 2822 2342 εἶπε
2864 2288 2942 2360 τῷ
2978 2290 3162 2354 Δαϐὶδ,
3205 2290 3287 2343 ὅτι
3336 2290 3432 2343 Ἐν
3454 2289 3584 2358 ἐμοι
3612 2289 3785 2342 ἐστιν

2210 2386 2250 2455 ἡ
2284 2385 2566 2455 ἁμαρτία,
2613 2382 2710 2436 καὶ
2751 2381 2978 2453 ἤκουσεν
3010 2383 3196 2454 αὐτῆς,
3227 2383 3321 2436 καὶ
3361 2381 3644 2451 ἠγάπησεν
3686 2380 3785 2433 αὒ-

2209 2483 2326 2549 την.
2368 2476 2615 2545 Ἀϐιγαῖα
2654 2478 2943 2550 πρόσωπον
2989 2475 3250 2545 λαμϐάνει
3303 2473 3402 2546 τῆς
3442 2473 3652 2544 ψυχῆς,
3688 2474 3786 2526 καὶ

2210 2569 2372 2623 Δαϐὶδ
2399 2570 2498 2641 τῆς
2538 2569 2819 2640 Θεὸτητος.
2859 2570 2983 2622 Ἐὰν
3011 2564 3161 2639 οὖνὴ
3206 2568 3353 2639 ψυχὴ
3396 2567 3591 2638 ἑαυτὴν
3641 2566 3787 2639 μέμ-

2210 2659 2379 2733 ψηται
2407 2660 2633 2716 ἐνώπιον
2670 2663 2894 2733 Κυρίου,
2931 2662 3117 2732 ἀγαπᾷ
3146 2660 3316 2731 αὐτὴν
3341 2662 3371 2713 6
3392 2659 3614 2731 Κύριος.

2281 2755 2380 2827 οβ’.
2404 2756 2720 2830 Παρήρχετό
2741 2773 2866 2810 ποτε
2900 2757 2929 2809 6
2957 2754 3129 2816 ἀϐϐἀς
3155 2756 3247 2807 [Ιοι
3257 2756 3362 2826 μὴν
3392 2755 3527 2826 μετὰ
3548 2752 3644 2807 τοῦ
3671 2752 3772 2806 5:6-

2215 2854 2285 2909 ϐᾶ
2340 2853 2529 2908 Ἀνοὺϐ
2582 2855 2660 2917 εἰς
2690 2853 2758 2907 τὰ
2804 2852 2942 2925 μέρη
2970 2852 3068 2924 τῆς
3103 2850 3322 2905 Διόλκου
3356 2868 3373 2883 ο
3407 2851 3501 2903 καὶ
3537 2848 3784 2915 ἐλθόντες

2215 2947 2342 3018 περὶ
2384 2946 2452 2999 τὰ
2494 2948 2731 3017 μνημεῖα
2792 2944 3056 3016 θεωροῦσι
3093 2946 3324 3014 γυναῖκα
3355 2942 3543 3007 δεινῶς
3583 2959 3781 2996 κοπτο-

2220 3036 2388 3107 μένην
2424 3036 2518 3088 καὶ
2544 3034 2831 3089 κλαίουσαν
2852 3034 3062 3105 πικρῶς
3079 3052 3094 3066 ⁸
3115 3034 3212 3088 καὶ
3246 3033 3469 3097 στάντες
3494 3033 3785 3087 κατενόουν

2217 3128 2405 3199 αὑτήν.
2450 3128 2660 3197 Μικρὸν
2708 3126 2764 3180 δὲ
2801 3126 3099 3198 προϐάντες
3138 3125 3476 3197 συνήπησάν
3509 3141 3650 3177 τινι·
3688 3126 3785 3177 καὶ

2216 3220 2497 3290 ἠρώτησεν
2528 3219 2689 3272 αὐτὸν
2727 3221 2755 3272 6
2782 3218 2955 3281 ἀϐϐᾶς
2989 3219 3199 3289 Ποιμὴν
3218 3259 3232 3281 ,
3263 3217 3436 3288 λέγων
3466 3234 3479 3247 ·
3509 3216 3573 3269 Τί
3609 3216 3722 3287 ἔχει
3748 3218 3787 3289 ἡ

2217 3312 2352 3383 γυνὴ
2376 3311 2534 3384 αῦτη,
2562 3314 2642 3366 ὅτι
2670 3311 2877 3383 πικρῶς
2903 3312 3114 3377 κλαίει;
3143 3313 3252 3365 Καὶ
3288 3311 3434 3379 λέγει
3463 3309 3632 3381 αὐτῷ·
3654 3310 3789 3365 Ὀτι

2218 3404 2481 3459 ἀπέθανεν
2510 3405 2678 3476 αὐτῆς
2712 3406 2741 3458 6
2778 3404 2916 3477 ἀνὴρ
2936 3406 3030 3459 καὶ
3049 3407 3077 3458 6
3098 3403 3210 3468 υἱὸς
3230 3404 3324 3457 καὶ
3349 3405 3378 3457 6
3405 3402 3650 3473 ἀδελφός.
3674 3404 3789 3458 Καὶ

2218 3496 2535 3568 ἀποκριθεὶς
2568 3499 2598 3550 6
2624 3496 2796 3561 ἀϐϐᾶς
2831 3494 3059 3567 Ποιμὴν,
3088 3495 3235 3565 λέγει
3263 3495 3342 3566 τῷ
3381 3494 3524 3566 ἁϐϐᾷ
3560 3492 3752 3547 Ἀνοιίϐ
3774 3512 3790 3524 ο

2219 3590 2375 3659 Λέγω
2408 3606 2511 3652 σοι,
2532 3590 2613 3643 ὅτι
2630 3588 2910 3660 ἄνθρωπος
2935 3589 3029 3643 ἐὰν
3057 3589 3130 3660 μὴ
3154 3586 3401 3660 νεκρὼσῃ
3422 3586 3490 3640 τὰ
3509 3585 3633 3657 θελή
3642 3603 3794 3656 ματα

2217 3685 2318 3755 τῆς
2343 3683 2545 3758 σαρκὸς
2567 3682 2767 3745 πάντα,
2800 3682 2895 3735 καὶ
2930 3683 3197 3753 κτήσηται
3222 3680 3282 3734 τὸ
3302 3678 3494 3744 πένθος
3518 3677 3695 3743 τοῦτο,
3725 3680 3792 3732 οὐ

2219 3776 2437 3830 δύναται
2465 3775 2717 3846 γενέσθαι
2742 3774 2989 3845 μοναχός.
3011 3774 3171 3838 Ὂλος
3196 3773 3303 3846 γὰρ
3321 3775 3351 3827 6
3374 3772 3485 3843 βίος
3503 3773 3675 3844 αὐτῆς
3695 3772 3794 3827 καὶ

2219 3871 2249 3923 6
2279 3868 2403 3932 νοῦς
2446 3870 2527 3932 εἰς
2552 3868 2614 3921 τὸ
2644 3867 2835 3931 πένθος
2870 3867 3031 3920 ἐστίν.

2226 3976 2237 3983 ·
2290 3960 2389 4031 ογ’.
2421 3956 2587 4014 Εἶπεν
2620 3962 2649 4014 6
2696 3959 2870 4024 ἀϐϐᾶς
2903 3959 3112 4028 Ποιμήν
3136 3978 3151 3991 ο
3178 3958 3270 4031 Μὴ
3315 3958 3501 4031 μέτρει
3542 3957 3788 4025 σεαυτὸν,

2223 4053 2359 4108 ἀλλά
2391 4053 2681 4125 κολλήθητι
2698 4053 2775 4125 τῷ
2804 4053 2983 4118 καλῶς
3012 4050 3485 4123 ἀναστρεφομένῳ.

2293 4233 2382 4290 66'.
2413 4230 2545 4286 Εἷπε
2571 4231 2749 4296 πάλιν,
2782 4233 2863 4286 ὅτι
2886 4230 2979 4286 ἐὰν
3006 4230 3308 4303 παρέϐαλεν
3338 4229 3564 4300 ἀδελφὸς
3591 4228 3667 4300 τῷ
3692 4227 3788 4283 ἀϐ-

2228 4325 2299 4398 ϐᾷ
2332 4325 2552 4397 Ἰωάννῃ
2582 4323 2661 4396 τῷ
2699 4322 2925 4394 κολοϐῷ,
2954 4321 3228 4395 παρεδίδει
3270 4322 3418 4394 αὐτῷ
3444 4322 3542 4393 τὴν
3573 4320 3787 4389 ἀγάπην

2224 4420 2324 4490 τὴν
2348 4420 2404 4475 ὲν
2424 4417 2501 4488 τῷ
2532 4416 2852 4488 Ἀποστόλιιν
2889 4417 2962 4469 Ἦ
3016 4413 3215 4486 ἀγάπη
3238 4412 3615 4485 μακροθυμεῖ’
3644 4426 3790 4481 m'

2154 4516 2200 4572 D
2227 4515 2524 4571 στεύεται.

2300 4606 2392 4661 υε’.
2423 4601 2559 4659 Eine
2604 4602 2764 4657 πάλιν
2806 4601 2895 4655 διὰ
2929 4601 3021 4653 τὸν
3064 4599 3237 4653 ἀϐϐᾶν
3282 4596 3510 4668 Παμϐὼ,
3543 4597 3625 4649 ὅτι
3674 4588 3796 4649 εἶπε

2230 4699 2360 4771 napi.
2388 4694 2551 4758 αὑτοῦ
2583 4696 2613 4747 6
2639 4693 2811 4757 ἀϐϐἄς
2851 4689 3152 4755 Ἃντὼνιος,
3179 4690 3260 4743 ὅτι
3302 4690 3366 4742 ἐκ
3390 4687 3484 4740 τοῦ
3516 4685 3800 4755 φοϐεῖσθαι

2228 4784 2319 4839 τὸν
2347 4783 2478 4838 Θεὸν
2505 4782 2725 4852 ἐποίησε
2748 4781 2810 4834 τὸ
2837 4779 3058 4850 Πνεῦμα
3083 4778 3175 4832 τοῦ
3190 4776 3324 4831 Θεοῦ
3354 4779 3516 4831 οἰκεῖν
3548 4778 3607 4830 ἐν
3628 4774 3798 4847 αὐτῷ.

2298 4882 2407 4942 ος⁹,
2442 4872 2749 4947 Διηγήσατό
2796 4889 2878 4934 τις
2905 4871 3011 4926 τῶν
3056 4870 3314 4940 Πατὲρων
3360 4867 3483 4938 περὶ
3526 4866 3619 4921 τοῦ
3654 4865 3802 4920 ἀϐϐᾶ

2227 4968 2491 5040 Ποιμὲνος
2521 4966 2613 5020 καὶ
2637 4964 2744 5018 τῶν
2785 4963 3028 5034 ἀδελφῶν
3060 4961 3258 5025 αὐτοῦ,
3285 4962 3368 5014 ὃτι
3393 4959 3567 5031 ᾤκουν
3606 4960 3665 5011 ἐν
3707 4958 3801 5012 Δί-

2226 5062 2417 5132 γύπτῳ
2442 5059 2551 5128 (45)
2567 5075 2581 5090 ο
2608 5060 2701 5112 καὶ
2723 5055 3109 5127 ἐπιθυμοῦσαή
3131 5059 3312 5127 μήτηρ
3340 5054 3516 5108 αὐτῶν
3539 5052 3669 5106 ἰδεῖν
3698 5051 3767 5103 αὐ
3783 5079 3799 5090 ο

2224 5156 2352 5218 τοὺς
2412 5153 2513 5209 οὐκ
2552 5148 2803 5220 ἠδύνατο.
2867 5148 3296 5219 Παρετηρήσατο
3326 5145 3382 5199 δὲ
3407 5141 3802 5215 ἀπερχομένων

2227 5245 2407 5299 αὐτῶν
2439 5245 2519 5306 εἰς
2558 5239 2887 5311 ἐκκλησίαν,
2914 5239 3007 5293 καὶ
3045 5239 3356 5311 ἀπήντησεν
3396 5238 3597 5300 αὐτοῖς.
3641 5235 3706 5289 Οἱ
3742 5231 3803 5288 δὲ

634 5407 683 5439 ⁵⁸
720 5403 911 5462 Matth.
952 5424 1041 5473 xv,
1091 5409 1180 5465 27.
1263 5408 1358 5465 ⁸⁵1
1408 5408 1537 5483 Reg.
1581 5426 1707 5477 xxv,
1734 5409 1826 5465 26.
1886 5409 1948 5481 ,νο
1976 5407 2145 5464 lCor.
2181 5423 2302 5474 xm,
2337 5406 2389 5460 6.

784 5564 1083 5642 facetiari.
1121 5568 1282 5626 Voss.
1313 5589 1364 5642 p.
1393 5570 1512 5632 HS,

664 5634 757 5704 ιθ)
792 5636 897 5694 Vit.
929 5636 1082 5696 Patr.
1111 5654 1190 5704 ιιι,
1222 5642 1306 5694 ll.

667 5705 756 5771 ιι)
793 5706 897 5764 Vit.
930 5705 1080 5760 Patr.
1112 5724 1199 5771 xv,
1221 5708 1311 5763 35.

646 5775 756 5851 (62)
794 5776 898 5833 Vit.
924 5775 1079 5833 Patr.
1105 5795 1180 5844 tv,
1208 5778 1297 5833 35.

2311 5565 2426 5635 (45)
2455 5567 2579 5639 fon
2602 5564 2800 5631 ᾤκουν
2822 5566 2892 5639 ἐν
2910 5561 3368 5639 Αλγῡπτψᾼψ
3400 5560 3636 5639 [latroni
3673 5555 3800 5628 quia

2241 5625 2349 5762 ρεοὶι
2362 5625 2468 5763 ἱζνὶ
2490 5625 2788 5694 habitarent
2819 5637 2872 5693 in
2909 5625 3162 5707 Ερωτιοξ
3213 5631 3274 5688 Et
3316 5633 3392 5690 ita
3428 5630 3564 5688 liber
3594 5625 3799 5687 Fossa-

2298 5722 2361 5762 ns
2415 5746 2428 5763 .
