4036 6202
229 310 321 365 ω

1378 312 1990 372 APOPHTHEGMA’I‘A
2028 314 2337 372 PATRUM.

3366 310 3469 365 διε

226 424 553 496 θεασάμενοι
588 424 778 497 αὐτὴν,
807 424 1163 499 ὑπέστρεψαν,
1192 430 1287 483 καὶ
1308 429 1559 486 ἔκλεισαν
1588 433 1683 506 τὴν
1713 433 1806 488 θύ-

1913 436 2099 492 dentes
2129 450 2272 499 eam,
2296 434 2500 491 reversi
2531 443 2681 500 sunt,
2705 434 3131 506 clauseruntque
3147 433 3370 504 januam
3401 434 3468 486 ad

238 535 344 589 ραν
368 518 447 579 εὶς
487 515 543 569 τὸ
579 520 872 588 πρόσωπον
909 519 1097 591 αὐτῆς.
1136 522 1201 575 Ἡ
1236 522 1296 576 δὲ
1341 524 1477 595 πρὸς
1508 526 1608 596 τὴν
1637 526 1808 599 θύραν

238 609 436 679 ἐκραζέ
472 607 737 663 κλαίουσα
788 611 924 680 μετὰ
963 612 1143 666 οἴκτου
1175 613 1390 677 πολλοῦ,
1414 617 1507 670 καὶ
1532 617 1765 686 λέγουσα
1787 633 1803 648 ⁸

246 700 369 754 “iam
387 701 543 768 ὑμᾶς,
576 698 745 752 τέκνα
778 717 880 770 μου
925 701 1274 774 ἠγαπημένα.
1319 706 1583 770 ’Δκούσας
1612 707 1668 762 δὲ
1713 710 1808 762 αὖ·

246 791 376 860 τῆςὸ
394 791 565 854 ἁσῦᾶς
601 791 795 845 Ἀνοὺϐ.
822 793 1035 863 εἰσῆλθε
1068 795 1203 864 πρὸς
1221 794 1313 849 τὸν
1343 796 1514 852 ἁὸϐᾶν
1545 799 1805 870 Ποιμένα,

249 884 405 951 λέγων
424 900 438 913 ·
462 883 527 937 Τί
555 886 872 956 ποιήσωμεν
904 889 970 958 τῇ
987 888 1166 957 γραῖδι
1192 889 1362 961 ταύτῃ
1387 890 1642 965 κλαιούσῃ
1674 894 1809 964 πρὸς

250 979 339 1050 τὴν
369 978 560 1049 θύρανς
581 980 689 1034 Καὶ
720 979 930 1033 ἔνδοθεν
958 981 1109 1047 στὰς,
1140 983 1371 1054 ἤκουσεν
1396 986 1566 1057 αὐτῆς
1595 986 1811 1039 κλαιού-

254 1088 335 1140 σης
359 1071 500 1141 μετὰ
528 1071 713 1125 οῑκτου
765 1072 962 1127 πολλοῦ
983 1091 998 1106 ·
1027 1076 1120 1129 καὶ
1159 1072 1312 1130 εἶπεν
1339 1079 1476 1150 αὐτῇ
1493 1096 1507 1109 ·
1539 1079 1605 1132 Τί
1639 1078 1811 1144 οὕτως

248 1163 474 1233 κράζεις,
506 1164 692 1235 γραῦς
730 1165 796 1218 Ἦ
837 1165 893 1219 δὲ
942 1166 1042 1235 τῆς
1088 1169 1271 1240 φωνῆς
1307 1170 1472 1223 αὐτοῦ
1531 1173 1809 1225 ἀκούσασα

239 1256 411 1327 πολλῷ
469 1257 673 1327 μᾶλλον
715 1258 1019 1330 ἐκραύγαζε
1042 1299 1057 1321 ,
1103 1259 1362 1317 κλαίουσα
1403 1262 1496 1316 καὶ
1539 1262 1769 1331 λέγουσα
1794 1280 1806 1292 ·

236 1347 385 1401 Θέλω
414 1350 557 1421 ὑμᾶς
594 1350 746 1413 ἰδεῖν,
774 1350 943 1405 τέκνα
994 1369 1116 1422 μου.
1155 1353 1220 1406 Τί
1251 1354 1362 1425 γάρ
1393 1356 1542 1408 ἐστιν
1582 1354 1678 1409 ἐὰν
1718 1355 1814 1409 ἴδω

236 1440 422 1509 ὑμᾶς
460 1440 531 1512 μὴ
570 1441 670 1495 οὐκ
701 1443 819 1513 εἰμὶ
851 1444 1031 1515 μήτηρ
1057 1444 1237 1514 ὑμῶν;
1270 1445 1344 1517 μὴ
1379 1447 1478 1500 οὐκ
1521 1447 1628 1518 ἐγὼ
1669 1447 1813 1516 ὑμᾶς

234 1531 514 1602 ἐθήλασας
545 1534 639 1604 ὅλη
681 1535 797 1605 εἰμὶ
847 1535 1007 1589 πολιὰ
1037 1535 1170 1606 (44).
1218 1537 1517 1592 ’Δκούσασα
1576 1537 1683 1609 γὰρ
1714 1538 1813 1608 τῆς

237 1623 428 1693 φωνῆς
468 1642 558 1678 σου
593 1625 1100 1697 ἑταρὰχθην.Λέγει
1128 1630 1263 1700 αὐτῇ
1284 1632 1312 1682 ὁ
1334 1630 1538 1700 γέρωνο
1563 1623 1689 1683 Ὧδε
1723 1628 1813 1681 0&-

235 1711 349 1776 λεις
389 1713 531 1783 ἡμᾶς
563 1715 764 1785 ἱδείν,ἣ
794 1717 877 1778 εις
908 1715 998 1769 τὸν
1022 1719 1139 1771 ἐκεῖ
1169 1719 1408 1788 κόσμονς
1437 1719 1597 1787 Λέγει
1622 1718 1771 1789 αύτῷ
1792 1735 1807 1749 ⁸

1906 547 1968 587 os
1995 531 2137 602 ejus.
2167 533 2236 586 At
2266 530 2383 602 ipsa
2410 531 2477 587 ad
2517 531 2720 585 ostium
2750 530 3044 594 clamabat,
3083 530 3471 588 miserabiliter

1908 625 2154 695 plorans,
2182 639 2246 679 ac
2268 624 2498 679 dicens:
2541 621 2760 678 Videam
2793 639 2912 686 vos.
2962 622 3058 678 filii
3112 627 3216 679 mei
3262 624 3468 679 dilecti.

1908 715 2025 783 Qua
2051 715 2260 778 audita,
2296 715 2526 771 intravit
2552 716 2720 772 abbas
2753 715 2917 770 Anub
2961 715 3030 769 ad
3064 716 3311 770 abbatem
3342 713 3468 769 Pu:-

1908 823 2144 868 menem,
2167 807 2386 877 aitque:
2421 807 2560 872 Quid
2588 807 2853 862 faciemus
2882 807 3009 860 anui
3050 805 3178 860 huic
3207 806 3273 858 ad
3326 805 3469 859 fores

1909 900 2275 971 lacrymanti?
2304 901 2473 970 Igitur
2501 908 2655 955 stans
2684 899 2857 965 intus,
2883 897 3090 953 audivit
3122 913 3242 952 eam
3272 897 3470 951 misere

1909 993 2199 1062 ejulantem
2224 1037 2239 1059 ,
2279 993 2523 1062 dixitque
2556 1008 2572 1047 :
2616 991 2798 1059 Quare
2833 991 2907 1046 ita
2967 992 3193 1053 clamas,
3241 988 3475 1042 mulier?

1909 1084 2028 1151 Illa,
2066 1084 2246 1156 agnita
2285 1085 2456 1154 ipsius
2479 1098 2632 1151 voce,
2650 1084 2821 1137 multo
2847 1083 3020 1153 magis
3047 1080 3472 1145 vociferabatur,

1909 1178 2046 1234 flens
2081 1192 2144 1232 ac
2184 1179 2481 1248 inquiens:
2517 1177 2652 1231 Volo
2691 1175 2878 1231 videre
2906 1192 3026 1240 vos,
3056 1174 3151 1229 lilii
3178 1172 3310 1229 mei.
3333 1171 3471 1238 Quid

1908 1271 2054 1326 enim
2092 1279 2177 1325 est
2206 1273 2250 1327 si
2276 1270 2656 1341 conspexero?
2680 1267 2869 1325 Nonne
2900 1284 3019 1324 sum
3052 1276 3225 1322 mater
3258 1268 3478 1321 vestra?

1910 1359 2100 1416 Nonne
2125 1376 2226 1430 ego
2257 1361 2454 1415 lactavi
2489 1360 2627 1415 vos?
2662 1357 2799 1413 Tota
2856 1374 2979 1414 sum
3026 1372 3186 1411 cana.
3230 1355 3477 1426 Cumque

1910 1455 2127 1524 percepi
2182 1469 2370 1508 vocem
2440 1460 2624 1516 tuam,
2692 1451 3019 1505 conturbata
3051 1464 3193 1502 sum.
3253 1446 3478 1517 Excepit

1912 1560 2077 1599 senex
2107 1563 2118 1597 :
2166 1543 2263 1600 llic
2296 1544 2477 1599 videre
2514 1559 2613 1599 nos
2643 1543 2749 1607 vis,
2783 1558 2850 1596 an
2880 1542 2934 1595 in
2962 1540 3054 1593 illo
3093 1539 3340 1594 saaculo?
3373 1536 3479 1593 Re-

1913 1635 2172 1707 spondit:
2201 1634 2258 1690 Si
2292 1652 2401 1691 non
2429 1635 2618 1691 videro
2649 1651 2748 1690 vos
2781 1635 2890 1697 hic,
2920 1632 3253 1703 aspiciamne
3288 1631 3345 1685 in
3381 1630 3477 1684 illo

1914 1728 2157 1783 szeculo?
2204 1726 2261 1781 Si
2321 1727 2419 1781 tibi
2477 1727 2585 1780 vim
2651 1725 2923 1789 intuleris,
2964 1733 3023 1778 ut
3073 1738 3175 1778 nos
3221 1722 3308 1776 hic
3366 1735 3479 1779 non

246 1804 376 1858 Ἐὰν
403 1805 479 1877 μὴ
502 1807 600 1860 ἴδω
630 1809 772 1877 ὑμᾶς
806 1803 929 1869 ὧδε,
956 1810 1135 1879 βλέπω
1167 1812 1310 1882 ὑμᾶς
1338 1815 1417 1874 εἰς
1444 1813 1535 1867 τὸν
1580 1815 1697 1866 ἐκεῖ
1722 1813 1809 1865 κό-

1913 1835 2127 1881 cernas,
2169 1820 2277 1875 illic
2309 1817 2633 1874 intueberis.
2674 1817 2941 1872 Discessit
2977 1831 3108 1886 ergo
3154 1815 3305 1878 laeta.
3352 1829 3484 1869 cum

237 1912 423 1966 σμον;
469 1898 635 1966 Λέγει
671 1900 800 1971 αὐτῇ
835 1917 847 1931 ·
892 1902 1017 1956 Ἐὰν
1066 1903 1299 1974 σεαυτὴν
1344 1904 1505 1977 βιάσῃ
1560 1906 1633 1975 μὴ
1683 1905 1809 1959 ἰδεῖν

234 1986 389 2057 mea;
434 1979 568 2050 ὧδε,
593 1988 722 2059 ὁρᾷς
763 1991 907 2058 ἡμᾶς
949 1991 1089 2047 ἐκεῖ.
1118 1991 1350 2063 ’Δπῆλθε
1391 1988 1483 2046 οὖν
1520 1994 1809 2064 χαίρουσα,

234 2078 340 2131 καὶ.
378 2077 637 2147 λέγουσα·
675 2082 736 2134 Ei
775 2082 910 2148 ὅλως
937 2084 1047 2156 ὁρῶ
1081 2084 1223 2156 ὑμᾶς
1267 2087 1403 2151 ἐκεῖ,
1440 2089 1503 2143 οὐ
1546 2087 1682 2141 θέλω
1710 2082 1812 2143 ὧδε

241 2170 395 2239 ὑμᾶς
420 2170 565 2227 ἰδεῖν.

308 2260 405 2323 οξ.
446 2260 690 2331 ’.ἁδελφὸς
744 2262 996 2337 ἠρώτησε
1048 2265 1142 2319 τὸν
1191 2267 1366 2321 ἀὸσᾶν
1416 2270 1678 2340 Ποιμὲνα,
1721 2270 1812 2325 λέ-

233 2368 383 2418 γωνο
421 2352 502 2407 Τὰ
546 2355 724 2426 ὑψηλὰ
754 2356 810 2410 τι
850 2358 1003 2422 Em;
1037 2359 1198 2428 Λέγει
1246 2359 1396 2430 αὐτῷ
1424 2362 1456 2414 ὁ
1493 2363 1703 2432 γέρων·
1739 2364 1813 2417 Τὸ

233 2446 529 2517 δικαίωμα.

301 2546 404 2610 011'.
443 2535 648 2594 Ἦλθόν
698 2544 828 2597 ποτέ
858 2562 1004 2609 τινες
1045 2547 1308 2618 αἶρετικοὶ
1359 2548 1494 2619 πρὸς
1521 2548 1612 2602 τὸν
1639 2550 1814 2603 ἀϐὅᾶν

238 2632 501 2701 Ποιμένα.
533 2635 628 2687 καὶ
657 2636 888 2707 ἤρξαντο
913 2639 1238 2693 καταλαλεῖν
1263 2640 1357 2693 τοῦ
1386 2642 1814 2712 ἀρχιεπισκόπου

238 2723 670 2796 ’Δλεξανδρεεας,
711 2728 788 2792 ὡς
831 2730 913 2783 ὅτι
947 2731 1095 2803 παρὰ
1143 2732 1527 2804 πρεσϐυτέρων
1565 2732 1679 2803 ἔχει
1717 2736 1816 2805 τὴν

237 2819 598 2890 χειροτονίαν.
654 2821 714 2873 Ὀ
754 2820 810 2875 δὲ
850 2823 1030 2894 γέρων
1101 2826 1383 2896 σιωπήσας
1431 2824 1677 2894 ὲφώνησε
1725 2825 1818 2879 τὴν

240 2909 471 2981 ἀδελφὸν
503 2912 687 2977 αὑτοῦ,
714 2915 806 2968 καὶ
833 2910 982 2968 εἴπεο
1012 2915 1263 2988 Παράοες
1284 2917 1384 2990 τὴν
1403 2918 1701 2989 τράπεζαν,
1725 2919 1819 2973 καὶ

243 3002 470 3070 ποίησον
494 3004 675 3069 αὐτοῖς
708 3006 753 3037 ⁸⁸
799 3011 1012 3076 φαγεῖν,
1059 3009 1153 3064 καὶ
1191 3010 1405 3081 πέμψον
1451 3012 1648 3076 αὐτοὺς
1700 3013 1820 3084 μετ’

242 3095 491 3166 εἰρήνης.

303 3148 614 3243 οθκῖἰῖπεν
639 3190 669 3242 ὁ
711 3191 884 3254 ἁσδᾶς
923 3193 1154 3265 Ποιμὴν,
1179 3193 1262 3247 ὃτι
1295 3191 1520 3262 ἁδελφὸς
1558 3194 1820 3248 συνοικῶν
1845 3148 1894 3210 c

241 3280 495 3351 ἁδελφοῖς
542 3282 792 3355 ἠρώτησε
815 3283 905 3337 τὸν
926 3283 1098 3340 ἁϐὄᾶν
1122 3285 1429 3357 Βισαρῑωνα
1449 3302 1463 3317 ·
1488 3285 1554 3338 Τί
1574 3287 1821 3358 Minoe);

256 3371 307 3425 Ὁ
355 3373 421 3426 δὲ
476 3372 654 3445 γέρων
702 3370 855 3429 εἷπεν
887 3376 1064 3449 αὐτῷ·
1100 3377 1307 3443 Σιώπα,
1357 3380 1451 3433 καὶ
1488 3379 1562 3451 μὴ
1617 3383 1821 3454 μετρῇς

241 3464 460 3520 ἑαυτόν.

303 3565 383 3612 π’.
422 3553 562 3612 Eine
598 3559 787 3613 πάλινθ
820 3561 913 3625 Εἰς
940 3561 999 3615 ὃν
1038 3564 1070 3633 ὴ
1103 3563 1296 3635 καρδία
1329 3581 1422 3619 σου
1459 3566 1520 3619 ού
1551 3565 1822 3639 πληροφο⁴

242 3653 444 3719 ρεῖται.
480 3651 554 3720 μὴ
585 3651 828 3725 πρόσχῃς
856 3651 1026 3725 τούτῳ
1047 3658 1112 3726 τῇ
1144 3656 1341 3728 καρδίᾳ
1372 3673 1479 3711 σου.

307 3738 429 3795 παῖ.
483 3734 619 3794 Eine
673 3742 832 3796 πάλιν
855 3784 871 3808 ,
924 3744 1005 3797 ὅτι
1055 3744 1182 3798 Ἐὰν
1233 3746 1460 3799 σεαυτὸν
1523 3747 1820 3823 εύτελὶσῃς,

242 3832 382 3899 ἕξεις
417 3826 748 3899 ἀνάπαυσιν,
788 3838 868 3900 εἰς
897 3833 1006 3892 οἷον
1028 3836 1073 3890 δ’
1104 3838 1171 3892 ἂν
1201 3838 1364 3892 τόπον
1394 3840 1644 3913 καθίσῃς.

311 3924 426 3997 πβν.
457 3922 597 3980 Eine
632 3927 812 3993 πάλιν,
859 3928 939 3983 ὅτι
979 3929 1162 3998 ἔλεγεν
1194 3933 1223 3984 ὁ
1259 3930 1433 3997 ἀϐϐᾶς
1477 3934 1691 4006 Σισόης,
1739 3935 1824 3989 ὅτι

251 4018 440 4073 Ἔστιν
469 4020 726 4093 αἰσχύνη,
757 4022 986 4090 ἀφοϐίας
1019 4021 1216 4097 ἔχουσα
1246 4026 1541 4097 ἁμαρτίαν.

320 4204 425 4266 πγ⁹.
463 4193 602 4251 Eine
653 4198 815 4252 πάλιν
846 4199 927 4253 ὅτι
954 4200 1014 4255 τὸ
1052 4201 1280 4272 θέλημα,
1312 4201 1406 4254 καὶ
1435 4202 1467 4270 ἡ
1498 4200 1820 4264 ἀνάπαυσις,

247 4290 335 4342 καὶ
365 4291 400 4361 ἡ
433 4287 644 4342 τούτων
673 4289 944 4363 συνήθεια,
980 4292 1305 4347 καταϐάλλει
1327 4292 1420 4345 τὸν
1447 4292 1750 4364 ἄνθρωπον.

309 4381 422 4435 πδν.
462 4376 601 4433 Eine
636 4380 823 4435 πάλιν·
872 4383 996 4437 Ἐὰν
1033 4381 1100 4457 ᾖς
1129 4384 1478 4456 σιωπητικὺς,
1512 4383 1653 4450 ἕξεις
1693 4384 1825 4438 ἀνά-

244 4490 451 4527 παυσιν
489 4475 549 4526 ὲν
571 4475 728 4527 παντὶ
753 4474 903 4547 τόπῳ
932 4470 992 4529 οὗ
1019 4475 1113 4531 ἐὰν
1136 4478 1373 4551 οἰκήσῃς.

322 4656 432 4704 πέ.
473 4645 606 4703 Eius
632 4651 796 4705 πάλιν
823 4652 953 4725 περὶ
979 4652 1073 4707 τοῦ
1102 4652 1247 4706 ἀϋσᾶ
1272 4652 1446 4725 Πίωρ,
1476 4654 1555 4708 ὅτι
1588 4654 1823 4725 ἑκάστης

240 4742 474 4815 ⁴ὴμέρας
499 4741 655 4796 ἐτίθει
688 4744 880 4817 ἀρχήν.

319 4839 446 4901 πςθ.
482 4835 730 4905 ’Δδελιρὸς
750 4836 1003 4908 ἠρώτησε
1019 4837 1110 4890 τὸν
1132 4836 1306 4892 άϐὖᾶν
1329 4838 1586 4909 Ποιμένα,
1615 4839 1787 4909 λέγων
1807 4856 1821 4870 ·

252 4930 381 4983 Ἐὰν
408 4928 693 5001 προληφθῇ
737 4929 1018 5001 ἄνθρωπος
1046 4929 1103 4983 ἐν
1134 4947 1242 4985 τινι
1273 4930 1702 5006 παραπτώματι,
1729 4934 1826 4986 καὶ

249 5021 577 5093 ἐπιστρέψῃ.
633 5024 995 5093 συγχωρεῖ-ται
1030 5024 1180 5095 παρὰ
1231 5023 1383 5096 Θεῷ;
1419 5026 1562 5097 Ἔφη
1613 5024 1764 5096 αὺτῷ
1799 5027 1828 5079 ὀ

248 5116 456 5187 γέρων⁸
506 5115 649 5169 Ἀλλ’
692 5117 722 5168 ὁ
771 5115 1149 5189 ἐντειλάμενος
1181 5118 1316 5183 Θεὸς
1358 5122 1471 5184 τοῖς
1521 5117 1829 5190 ἀνθρώποις

251 5209 411 5263 τοῦτο
441 5211 634 5274 ποιεῖν,
665 5209 785 5279 οὐχὶ
816 5208 1016 5279 μᾶλλον
1045 5210 1207 5274 αὐτὸς
1230 5213 1469 5285 ποιήσεις
1496 5210 1831 5265 Ἐνετείλατο

254 5303 361 5375 γὰρ
378 5302 459 5373 τῷ
474 5303 668 5374 Πέτρῳ
692 5301 880 5370 λέγων’
902 5301 1058 5369 Ἕως
1072 5302 1578 5375 ἑϐδομηκοντάκις
1597 5301 1826 5358 ἐπτὰ⁹¹.

1911 1912 1998 1967 his
2028 1912 2250 1967 verbis:
2282 1912 2339 1967 Si
2373 1913 2601 1968 omnino
2638 1912 2750 1966 illic
2777 1918 3142 1980 conspectura
3175 1923 3320 1975 sum,
3349 1907 3483 1962 nolo

1910 2006 2001 2062 hic
2035 2007 2223 2063 videre
2247 2021 2365 2062 vos.

1983 2269 2070 2322 77.
2111 2266 2304 2321 Frater
2335 2273 2684 2337 percontatus
2713 2272 2798 2319 est
2831 2262 3080 2317 abbatem
3116 2259 3430 2314 Pmmeuem
3461 2274 3477 2311 :

1911 2361 2016 2417 Per
2046 2361 2152 2416 alta
2175 2358 2308 2431 quid
2337 2357 2699 2431 intelligitur?
2729 2353 3031 2427 Respondit
3056 2354 3106 2410 ei
3135 2368 3301 2408 senex
3332 2370 3347 2407 :
3379 2349 3474 2407 Ju-

1914 2450 2086 2506 stitia.

1988 2537 2075 2592 78.
2118 2537 2231 2609 (45)
2264 2534 2543 2592 Venerunt
2568 2534 2865 2604 aliquando
2893 2530 3132 2587 hzeretici
3159 2526 3385 2600 quidam
3415 2528 3482 2582 ad

1918 2629 2167 2684 abbatem
2198 2629 2507 2684 Puemenem
2526 2668 2542 2692 ,
2574 2634 2968 2697 coeperuntque
2995 2624 3145 2693 loqui
3179 2634 3373 2678 contra
3402 2636 3488 2676 ar-

1915 2721 2324 2790 chiepiscopum
2353 2720 2712 2783 Alexandriae,
2738 2719 2891 2790 quasi
2918 2734 2944 2771 a
2971 2717 3305 2788 presbyteris
3337 2730 3487 2772 acce-

1920 2813 2091 2879 pisset
2117 2812 2539 2867 ordinationem.
2578 2810 2756 2865 Senex
2787 2825 2919 2866 vero
2950 2825 3071 2864 cum
3106 2810 3172 2864 ad
3201 2808 3304 2864 ista
3337 2817 3484 2863 tace-

1920 2911 2024 2964 ret,
2063 2903 2275 2956 vocavit
2309 2901 2533 2956 fratrem
2567 2916 2725 2956 suum
2755 2908 2809 2955 et
2839 2900 2977 2955 dixit
3009 2919 3022 2954 :
3053 2903 3277 2968 Appone
3333 2914 3483 2954 men-

1921 3011 2058 3062 sam,
2093 3003 2148 3050 et
2172 2994 2259 3050 fac
2287 3004 2345 3050 ut
2374 2994 2724 3059 manducent,
2756 2993 2948 3062 sicque
2976 2992 3186 3046 dimitte
3212 2991 3335 3045 illos
3355 3006 3482 3046 cum

1923 3105 2079 3160 pace.

1993 3183 2084 3237 79.
2124 3180 2329 3237 Retulit
2352 3181 2520 3239 abbas
2548 3182 2797 3240 Ptemen,
2836 3176 2979 3248 quod
3017 3174 3186 3229 frater
3217 3188 3343 3228 cum
3376 3172 3488 3230 fra-

1922 3274 2100 3329 tribus
2120 3273 2394 3335 habitans,
2412 3270 2826 3340 interrogaverit
2844 3268 3094 3324 abbatem
3113 3264 3490 3326 Besarionem.

1921 3365 2051 3435 quid
2080 3364 2386 3420 faciendum
2416 3363 2520 3418 sibi
2550 3370 2729 3427 esset;
2774 3376 2940 3415 senex
2962 3367 3143 3414 autem
3172 3357 3370 3413 dixerit
3394 3356 3442 3411 ei
3471 3374 3485 3410 :

1923 3458 2093 3520 Tace,
2124 3471 2186 3510 ac
2219 3472 2288 3510 ne
2335 3437 2579 3510 metiaris
2602 3453 2854 3524 teipsum.

1995 3548 2083 3603 80.
2130 3547 2275 3602 Dixit
2309 3547 2503 3603 iterum
2536 3545 2649 3601 :De
2694 3561 2805 3615 quo
2863 3561 2961 3601 cor
2993 3554 3147 3599 tuum
3182 3544 3337 3616 plene
3383 3543 3486 3600 sibi

1922 3657 2031 3697 non
2060 3640 2369 3711 persuadet,
2403 3655 2472 3693 ne
2503 3639 2551 3693 ei
2585 3639 2835 3694 attendas
2869 3637 3036 3692 corde
3063 3647 3176 3692 tuo.

1992 3734 2082 3789 8|.
2122 3731 2333 3788 Rursus
2372 3730 2551 3785 dixit:
2587 3727 2645 3783 Si
2680 3729 2912 3797 teipsum
2959 3727 3340 3798 vilipenderis,
3393 3728 3490 3781 ha-

1923 3826 2077 3881 bebis
2104 3825 2371 3893 requiem,
2403 3836 2730 3891 quocunque
2762 3821 2812 3872 in
2844 3821 2969 3874 loco
2993 3820 3207 3875 sedeas.

1994 3916 2085 3973 εξ.
2125 3914 2331 3971 Retulit
2373 3913 2553 3968 adhuc
2599 3913 2812 3968 abbatis
2858 3911 3034 3967 Sisois
3081 3908 3284 3964 dictum
3341 3908 3485 3963 hoc:

1925 4008 2021 4066 Est
2049 4009 2244 4080 pudor,
2280 4006 2373 4077 qui
2421 4005 2588 4061 habet
2629 4012 2911 4076 peccatum
2952 4003 3099 4058 illius
3147 3999 3490 4057 conﬁdentia:

1924 4117 2031 4175 qua
2062 4116 2314 4157 caremus
2344 4101 2560 4155 timore.

1998 4195 2085 4250 85.
2128 4194 2332 4248 lterum
2367 4192 2524 4257 dixit,
2559 4192 2705 4263 quod
2737 4191 3007 4257 voluntas,
3050 4198 3105 4245 et
3142 4187 3377 4261 requies,
3409 4196 3490 4245 at-

1925 4304 2032 4358 que
2062 4288 2116 4340 in
2159 4287 2225 4341 iis
2253 4283 2620 4347 consuetudo,
2653 4283 2914 4351 dejiciant
2954 4281 3250 4336 hominem.

1994 4381 2084 4436 84.
2128 4377 2281 4432 Hanc
2307 4392 2524 4449 quoque
2557 4375 2785 4448 protulit
2807 4374 3132 4430 sententiam
3163 4392 3179 4430 :
3210 4372 3269 4428 Si
3303 4382 3492 4430 tenue-

1854 4491 1900 4550 υ
1927 4475 2004 4529 ris
2039 4472 2344 4536 silentium,
2370 4469 2596 4525 habebis
2640 4467 2902 4539 requiem,
2933 4481 3260 4538 quocunque
3286 4468 3338 4521 in
3372 4467 3493 4521 loco

1927 4567 2106 4622 habita
2116 4564 2276 4621 veris.

1996 4658 2085 4713 85.
2138 4655 2309 4709 Etiam
2358 4652 2600 4709 narravit
2650 4651 2715 4706 de
2773 4650 2971 4719 abbate
3017 4649 3180 4712 Pior,
3230 4649 3377 4719 quod
3423 4650 3489 4703 ad

1926 4763 2370 4820 unumquemque
2398 4749 2543 4803 diem
2578 4751 2805 4818 poneret
2837 4741 3186 4813 principium.

1996 4844 2090 4898 86.
2132 4842 2325 4898 Frater
2364 4838 2719 4910 interrogavit
2763 4835 3011 4890 abbatem
3041 4832 3372 4899 Pcemenem,
3407 4832 3493 4885 his

1928 4931 2110 4986 verbis
2149 4949 2163 4984 :
2195 4930 2253 4984 Si
2304 4929 2471 4984 homo
2504 4933 2919 4999 praeoccupatus
2962 4924 3129 4979 fuerit
3169 4924 3221 4977 in
3254 4922 3489 4992 quodam

1926 5031 2184 5093 peccato,
2231 5029 2287 5076 et
2333 5020 2663 5076 converterit
2717 5034 2798 5082 se,
2846 5018 3076 5072 veniane
3123 5015 3417 5073 donabitur
3462 5031 3492 5069 a

1926 5113 2074 5169 Deo?
2100 5114 2191 5167 Ait
2214 5114 2290 5168 illi
2321 5129 2490 5169 senex
2517 5130 2530 5165 :
2561 5113 2852 5167 Enimvero
2875 5109 3018 5165 Deus
3052 5110 3144 5180 qui
3181 5109 3285 5162 hoc
3313 5107 3495 5163 facere

1929 5206 2183 5279 prazcepit
2247 5206 2592 5268 hominibus,
2650 5218 2833 5259 nonne
2884 5201 3056 5270 magis
3115 5203 3231 5270 ipse
3296 5200 3500 5257 faciet?

1928 5297 2111 5354 Edixit
2138 5299 2283 5355 enim
2318 5297 2521 5354 Petro:
2556 5296 2725 5367 Usque
2757 5294 3053 5364 septuagiu
3081 5293 3272 5359 septies
3292 5294 3362 5349 ’³.

324 5480 365 5512 ’ί
399 5481 486 5537 Al.
517 5481 727 5544 αὐτούς.
812 5483 855 5515 η
891 5482 972 5536 Al.
1011 5480 1137 5536 add.
1175 5480 1310 5551 ἄφες
1339 5479 1417 5551 τῷ
1445 5478 1659 5551 ἀδελφῷ
1688 5497 1799 5535 σου.
1876 5478 1926 5511 οι
1958 5448 2148 5531 ualui.
2185 5490 2343 5538 xvm,
2374 5472 2477 5540 22.,

326 5632 609 5702 (45)”011;
638 5631 755 5702 εἰμὶ
796 5631 995 5688 uolui.
1016 5629 1184 5702 Clare
1208 5630 1458 5702 Pelagius
1490 5647 1505 5685 :
1538 5629 1668 5702 Tota
1702 5646 1818 5702 sunt

260 5703 364 5767 iam
391 5700 540 5759 canis
559 5700 731 5772 plena.
761 5702 863 5758 Sed
896 5701 1025 5772 quid
1043 5703 1154 5756 sint
1177 5701 1278 5760 ista
1304 5700 1502 5764 Rullni,
1525 5700 1651 5757 lam
1678 5700 1821 5755 omni

264 5790 531 5830 morarum
560 5771 929 5829 contractione
986 5771 1176 5844 repleta
1226 5789 1363 5836 sum,
1401 5773 1559 5844 plane
1609 5773 1814 5839 nescio,

1927 5628 2032 5684 nisi
2059 5627 2180 5681 loco
2203 5639 2474 5678 morarum
2499 5620 2843 5696 permittatur
2870 5621 3001 5696 mihi
3031 5637 3295 5696 reponere
3326 5639 3493 5696 ruga:

1928 5714 2065 5758 rum.
2090 5710 2403 5767 quanquam
2434 5694 2606 5767 code!
2633 5690 2980 5767 Corbei’ens'ts
3005 5690 3373 5756 nib'il.mutat.

1995 5764 2366 5841 (45)'Appénd.
2395 5782 2446 5839 p.
2474 5764 2630 5832 i005,
2656 5781 2712 5820 n.
2754 5765 2838 5825 l0.
