4036 6202
564 295 668 357 5&5

1720 301 2059 365 APPENDIX
2097 301 2190 357 AD
2228 303 2641 364 ΡΑιιΑοιυιι.

3670 311 3785 368 344

631 415 717 469 37.
760 413 948 469 Frater
993 414 1305 471 sciscitatus
1348 431 1432 473 es;
1481 424 1730 473 Imiazem
1780 416 2106 479 Premenem,

2280 417 2388 483 πζν.
2429 420 2679 492 ’Δδελφδς
2702 418 2951 492 ἠρώτησε
2978 419 3068 474 τὸν
3092 419 3263 475 ἀϐϐᾶν
3286 421 3544 491 Ποιμένα,
3571 423 3748 494 λέγων
3764 442 3783 460 °

535 506 748 564 “dicens
779 526 792 560 :
835 506 1116 563 Bonumne
1164 515 1250 563 est
1296 506 1490 562 orare?
1522 506 1832 577 ﬂetulitque
1864 507 1912 563 ei
1949 522 2114 564 senex

562 598 883 656 Sententiam
939 597 1097 654 istam
1142 598 1353 654 abbatis
1400 600 1621 654 Antonii
1668 600 1839 656 :Hatc
1896 615 1997 656 vox
2048 615 2114 656 ex

561 706 793 761 persona
809 689 1016 748 Domini
1036 691 1212 762 prodit
1234 710 1248 746 :
1274 691 1645 748 Exhortamini
1657 693 1905 763 populum
1921 710 2112 761 meum,

560 781 685 839 dicit
708 781 983 848 Dominus,
1011 783 1363 840 “hortamini
1379 785 1447 839 ⁵⁸.

630 874 720 930 88.
761 873 950 930 Frater
975 874 1056 932 sic
1085 874 1438 943 interrogavit
1469 876 1718 932 abbatem
1756 873 2063 930 Pmiuenem
2095 893 2110 929 :

560 964 813 1023 Potestne
837 966 999 1021 homo
1034 968 1267 1024 retinere
1299 983 1393 1023 seu
1427 969 1701 1025 custodire
1733 968 1987 1025 universa
2018 982 2113 1022 co-

560 1057 749 1128 gitata,
784 1073 883 1113 nec
906 1060 1075 1114 ullum
1107 1076 1172 1115 ex
1199 1061 1267 1117 iis
1298 1060 1509 1116 tradere
1536 1059 1794 1115 inimico?
1815 1057 2115 1130 Respondit

559 1164 722 1209 senex
753 1166 768 1204 :
800 1148 894 1205 Est
917 1150 1010 1220 qui
1039 1151 1272 1220 accipiat
1301 1149 1509 1212 decem,
1541 1164 1606 1203 ac
1626 1164 1792 1203 unum
1827 1148 1937 1203 det.

628 1238 720 1296 89.
760 1238 906 1295 lden-
939 1241 1108 1295 frater
1135 1240 1381 1296 eamdem
1424 1242 1779 1310 quaestionem
1807 1238 2006 1295 detulit
2044 1237 2113 1292 ad

556 1330 808 1389 abbatem
847 1329 1079 1388 Sisoem.
1128 1330 1195 1385 Et
1234 1332 1310 1387 ait
1355 1331 1433 1387 illi
1464 1350 1478 1387 :
1508 1331 1666 1387 Certe
1708 1339 1814 1397 est...
1851 1329 1945 1402 qui
1977 1329 2115 1384 nihil

556 1423 698 1479 hosti
734 1423 988 1493 praebeat.

625 1514 715 1569 90.
758 1514 868 1585 (46)
901 1514 1139 1587 Degebat
1168 1518 1224 1571 in
1253 1524 1437 1572 monte
1469 1515 1746 1572 Athlibeos
1773 1528 1979 1586 magna?
2005 1514 2116 1570 viro

554 1605 690 1664 tutis
734 1606 955 1676 quidam
1007 1611 1252 1671 eremlta,
1299 1608 1355 1663 in
1402 1623 1563 1677 quem
1622 1608 1901 1663 irruerunt
1942 1607 2113 1665 latro-

554 1714 654 1755 nes
687 1714 897 1754 :senex
928 1714 1052 1754 vero
1079 1700 1354 1765 clamavit,
1397 1710 1448 1756 et
1469 1699 1756 1756 audientes
1788 1699 1948 1755 vicini
1992 1699 2113 1768 ejus

555 1790 1084 1860 cornprehemleruut
1118 1790 1291 1857 fures,
1333 1791 1712 1861 miseruntque
1750 1791 1986 1862 praesidi,
2020 1790 2114 1860 qui

550 1882 612 1936 in
643 1896 919 1938 carcerem
951 1898 1045 1939 eos
1068 1881 1322 1952 coniecit.
1347 1880 1418 1936 At
1457 1881 1652 1940 fratres
1681 1883 1905 1938 tristitia
1936 1881 2114 1936 allecti

556 1981 705 2041 σιιιιι,
754 1973 1120 2046 dixeruntque
1164 1973 1438 2045 :PrOpter
1489 1991 1590 2031 nos
1632 1975 1815 2031 traditi
1876 1974 2113 2029 fuerunt.

557 2063 853 2135 Sui-gentes
893 2066 1059 2136 igitur
1103 2076 1462 2136 perrexerunt
1502 2067 1572 2122 ad
1618 2068 1866 2122 abbatem
1903 2067 2115 2121 Poeme-

554 2172 702 2223 nem,
737 2173 958 2229 remque
989 2160 1037 2215 ei
1071 2160 1414 2216 nuntiarunt.
1446 2160 1631 2233 Itaque
1665 2160 1887 2230 scripsit
1933 2161 1994 2214 ad
2030 2174 2117 2215 sec

549 2265 700 2316 nem,
724 2251 776 2305 iu
803 2251 916 2306 haec
944 2253 1107 2309 verba
1138 2272 1153 2313 :
1186 2254 1444 2324 ltecogita
1475 2255 1702 2325 primam
1733 2251 2113 2322 proditionem,

554 2344 702 2401 unde
747 2346 1060 2415 contigerit,
1103 2355 1342 2415 tuncque
1393 2362 1590 2403 cernes
1637 2344 1958 2401 secundam.
1999 2343 2115 2400 Nisi

554 2437 699 2498 enim
721 2437 876 2507 prius
911 2437 1158 2507 proditus
1180 2436 1380 2493 fuisses
1404 2439 1544 2491 intra
1575 2446 1648 2500 te,
1680 2450 1786 2489 non
1819 2434 2114 2490 secundam

555 2529 917 2598 proditionem
938 2529 1329 2586 commisisses.
1351 2530 1464 2592 Ille,
1489 2538 1741 2599 percepta
1764 2528 1975 2582 abbatis
1994 2526 2116 2583 Pce-

554 2623 728 2683 menis
762 2622 1017 2692 epistola,
1066 2621 1207 2695 (erat
1245 2632 1424 2678 autem
1468 2624 1521 2677 in
1554 2631 1663 2676 tota
1706 2623 1929 2693 regione
1969 2621 2116 2676 cele—

556 2713 693 2775 bris,
733 2729 835 2769 nec
879 2714 1061 2770 exibat
1106 2732 1137 2769 e
1182 2715 1320 2769 cella
1373 2719 1494 2779 sua)
1542 2728 1844 2785 exsurgens
1875 2713 2023 2768 venit
2063 2713 2116 2766 in

556 2806 769 2872 urbem,
808 2805 1051 2862 latrones
1093 2808 1282 2863 eduxit
1324 2822 1356 2861 e
1389 2821 1632 2870 carcere,
1682 2819 1886 2876 eosque
1931 2820 2120 2875 propa-

554 2897 660 2961 lam
700 2897 971 2954 liberavit.

623 2989 711 3045 9l.
754 2989 865 3060 (47)
897 2987 1041 3043 Dixit
1072 2988 1241 3045 abbas
1268 2987 1485 3067 Emmen
1514 3007 1529 3045 :
1563 2986 1861 3042 Monachus
1894 3002 2003 3040 non
2033 2993 2117 3040 est

2215 511 2395 567 Καλὸν
2439 512 2500 566 τὸ
2532 510 2959 584 προσεύχεσθαις
3005 512 3167 581 Λέγει
3203 511 3352 584 αὺτῴ
3391 515 3421 567 ὁ
3465 513 3663 587 γέρων,
3696 516 3779 574 ὁτι

2215 599 2367 659 εἶπεν
2394 607 2422 659 ό
2445 605 2618 670 ἀϐϐᾶς
2640 603 2937 677 Ἀντώνιος,
2955 606 3038 659 ὅτι
3064 606 3125 658 Ἦ
3154 606 3304 675 φωνὴ
3329 604 3467 676 αὕτη
3491 607 3778 680 ἑκπορεὺερ

2213 715 2303 753 ται
2355 700 2420 753 ὲκ
2476 697 2766 771 προσώπου
2811 697 3037 769 Κυρίου,
3088 697 3341 766 λέγουσω
3374 701 3779 765 Παρακαὶεῖτε

2212 793 2321 845 τὸν
2345 791 2498 845 λαόν
2524 807 2661 859 μου,
2694 788 2854 860 λέγει
2885 789 3117 857 Κύριος,
3150 789 3562 857 παρακαλεῖτε.

2284 883 2395 956 mf.
2421 883 2673 951 Ἀδελφδς
2699 882 2948 956 ἠρώτησε
2971 882 3060 936 τὸν
3083 882 3256 938 ἁϐϐᾶν
3287 883 3549 954 Ποιμένα,
3570 883 3777 955 λέγων’

2213 974 2445 1029 Δύναται
2475 973 2758 1046 ἄνθρωπος
2796 974 3083 1043 κατασχεῖν
3119 973 3274 1035 ὅλους
3300 972 3426 1035 τοὺς
3461 972 3782 1044 λογισμοὺς,

2213 1068 2309 1123 καὶ
2340 1065 2542 1138 μηδένα
2574 1063 2633 1130 ἐξ
2660 1064 2835 1118 αὐτῶν
2859 1063 3056 1118 διδόναι
3082 1063 3160 1135 τῷ
3189 1063 3369 1135 ἐχθρῷ
3391 1082 3407 1129 ;
3434 1066 3544 1120 Καὶ
3576 1060 3728 1119 εἶπεν
3744 1069 3781 1121 ὁ

2213 1160 2390 1231 γέρων
2415 1175 2428 1189 ·
2465 1160 2650 1211 Ἔστιν
2676 1157 2706 1210 ό
2731 1157 3019 1229 λαμϐάνων
3042 1157 3196 1217 δέκα.
3233 1157 3326 1210 καὶ
3361 1156 3519 1211 διδῶν
3553 1158 3670 1215 ἕνα.

2284 1250 2393 1305 πθ⁹.
2430 1251 2486 1304 'U
2511 1251 2673 1314 αὐτὸς
2692 1248 2918 1320 ἁδελφὸς
2943 1249 3031 1303 τὸν
3051 1248 3212 1303 αὑτὸν
3232 1248 3386 1317 λόγον
3408 1249 3662 1320 ἠρώτησε
3689 1251 3780 1305 τὸν

2214 1344 2386 1405 ἀϐϐἆν
2411 1344 2625 1416 Σισόην.
2659 1343 2769 1398 Καὶ
2802 1343 2949 1412 λέγει
2990 1340 3171 1413 αὐτῷ·
3196 1341 3361 1396 Φύσει
3387 1342 3470 1397 ὅτι
3511 1343 3680 1407 ἐστὶν,
3720 1343 3783 1406 δς

2213 1437 2364 1492 οὐδὲν
2391 1435 2620 1508 παρέχει
2647 1435 2726 1507 τῷ
2756 1433 2955 1506 ἐχθρῷ.

2285 1536 2354 1598 Lf.
2385 1526 2492 1583 Ἦν
2519 1545 2604 1592 τις
2631 1529 2804 1599 μέγας
2823 1528 3134 1599 ἠσυχαστὴς
3157 1529 3215 1581 ὲν
3236 1527 3314 1599 τῷ
3344 1528 3461 1600 ὄρει
3487 1530 3587 1599 τῆς
3606 1528 3781 1582 non-

2215 1622 2353 1688 ϐεως
2372 1639 2385 1653 °
2416 1624 2510 1678 καὶ
2536 1619 2698 1694 ἦλθον
2731 1621 2914 1677 ἐπάνω
2937 1621 3099 1675 αὐτοῦ
3123 1620 3347 1692 λῃσταί·
3377 1622 3470 1675 καὶ
3499 1622 3726 1694 ἔκραξεν
3751 1624 3783 1679 ὸ

2216 1717 2427 1788 γέρων·
2474 1716 2568 1768 καὶ
2619 1712 2951 1777 ἀκούσαντες
2990 1714 3039 1767 oi
3073 1714 3313 1783 γείτονες
3346 1712 3511 1768 αὐτοῦ
3547 1713 3782 1769 ἐπίασαν

2213 1807 2341 1871 τοὺς
2374 1804 2597 1880 λῃστὰς,
2649 1805 2743 1859 καὶ
2787 1802 3034 1875 ἔπεμψαν
3069 1804 3267 1868 αὐτοὺς
3292 1803 3373 1876 τῷ
3402 1806 3655 1875 ἡγεμόνι,
3687 1807 3781 1860 καὶ

2216 1898 2406 1954 ἔϐαλεν
2426 1898 2506 1961 εἰς
2535 1896 2800 1968 φυλακήν.
2831 1897 2939 1950 Kal.
2967 1895 3310 1967 ἐλυπήθησαν
3341 1897 3392 1950 οἱ
3422 1896 3657 1967 ἀδελφοὶ,
3687 1898 3779 1952 λέ-

2215 2007 2422 2060 γοντες,
2452 1990 2532 2044 ὅτι
2570 1989 2645 2043 Δι’
2681 1989 2825 2058 ἡμᾶς
2867 1987 3261 2059 παρεδόθησαν.
3296 1987 3407 2042 Kal.
3453 1989 3781 2053 ἀναστάντες

2215 2080 2453 2152 ἀπῆλθον
2487 2079 2621 2151 πρὸς
2669 2077 2759 2132 τὸν
2801 2075 2973 2132 essay
3014 2077 3274 2149 Ποιμένα,
3313 2078 3409 2132 καὶ
3456 2080 3781 2151 ἀνήγγειλαν

2215 2172 2365 2243 αὑτῷ
2395 2171 2457 2224 τὺ
2487 2172 2737 2239 πρᾶγμα.
2769 2168 2879 2222 Καὶ
2915 2167 3118 2240 ἔγραψε
3147 2169 3282 2242 πρὸς
3304 2169 3394 2223 τὸν
3421 2169 3670 2241 γέροντα,
3695 2170 3785 2225 λέ-

2216 2282 2327 2332 γων
2347 2282 2360 2295 ο
2385 2264 2667 2331 Ἐννόησον
2688 2260 2785 2333 τὴν
2809 2260 3029 2333 πρώτην
3055 2262 3344 2333 προδοσίαν
3372 2264 3536 2318 πόθεν
3563 2265 3783 2334 γέγονε,

2216 2357 2313 2411 καὶ
2338 2356 2457 2409 τότε
2488 2354 2705 2424 βλέπεις
2729 2355 2826 2426 τὴν
2851 2354 3128 2427 δευτέραν.
3158 2355 3221 2407 Εἰ
3250 2354 3328 2425 μὴ
3354 2354 3463 2426 γὰρ
3488 2354 3786 2427 προεδόθης

2216 2449 2478 2521 πρότερον
2507 2448 2572 2500 ἐκ
2608 2446 2716 2499 τῶν
2751 2445 2972 2509 ἔσωθεν,
3002 2446 3102 2499 οὐκ
3131 2446 3195 2498 ἂν
3245 2445 3338 2517 τὴν
3365 2446 3624 2516 δευτέραν
3653 2465 3788 2519 προ-

2213 2541 2398 2596 δοσίαν
2452 2539 2735 2611 ἐποίησας.
2788 2528 3054 2605 ’Ἀκούσας
3106 2539 3163 2594 δὲ
3201 2539 3300 2609 τὴν
3348 2539 3637 2612 ἐπιστολὴν
3691 2539 3791 2595 τοῦ

2216 2632 2363 2688 ἀϐϐᾱ
2384 2632 2648 2703 Ποιμένος
2692 2627 2778 2703 (ἦν
2798 2631 2854 2685 δὲ
2881 2632 3180 2701 ὀνομαστὸς
3208 2635 3289 2697 εἰς
3307 2633 3435 2702 ὅλην
3454 2634 3553 2703 τὴν
3581 2632 3789 2705 χώραν,

2216 2727 2313 2779 καὶ
2339 2725 2414 2797 μὴ
2447 2723 2797 2795 ἐξερχόμενος
2825 2724 2889 2776 ὲκ
2926 2722 3018 2776 τοῦ
3060 2722 3269 2776 κελλίου
3300 2723 3511 2792 αὑτοῦ),
3547 2724 3790 2789 ἀναστὰς

2214 2812 2379 2887 ἦλθεν
2407 2815 2489 2879 εἰς
2514 2814 2614 2885 τὴν
2645 2813 2818 2874 πόλιν,
2847 2814 2940 2867 καὶ
2962 2813 3185 2879 ἐξέϐαλε
3210 2814 3339 2876 τοὺς
3365 2812 3572 2885 λῃστὰς
3598 2814 3661 2867 ὲκ
3683 2815 3789 2885 τῆς

2217 2905 2483 2975 φυλακῆς,
2510 2904 2603 2958 καὶ
2633 2902 2865 2974 δημοσίᾳ⁸
2893 2900 3262 2972 ¹Ιξλευθέρωσεν
3293 2899 3517 2964 αὐτούς.

2286 2995 2392 3063 ια’.
2431 2990 2594 3047 Εἶπεν
2637 2995 2666 3046 ὀ
2717 2990 2889 3056 ἁϐϐἄς
2939 2991 3176 3062 Ποιμήν·
3213 2992 3327 3044 Οὐκ
3379 2989 3501 3045 εστι
3555 2989 3788 3059 μοναχὸς

553 3082 839 3151 querulus,
895 3083 1198 3139 monachus
1251 3098 1357 3136 non
1407 3082 1535 3136 facit
1589 3080 2000 3137 retributionem
2062 3080 2117 3131 in

2222 3084 2619 3156 μεμψίμοιρος·
2644 3083 2743 3135 οὐκ
2768 3080 2882 3134 ἔστι
2917 3078 3149 3151 μοναχὸς
3192 3078 3360 3133 ποιῶν
3394 3076 3738 3147 ἁνταπόεομα
3765 3093 3779 3105 ’

554 3176 738 3241 malo;
777 3176 1078 3231 monachus
1105 3192 1213 3234 non
1247 3183 1331 3230 est
1364 3173 1684 3239 iracundus.

622 3268 712 3323 92.
756 3267 961 3335 Senum
996 3266 1245 3321 nonnulli
1278 3264 1345 3319 ad
1375 3265 1626 3321 abbatem
1653 3261 1960 3318 Pmmenem
2001 3275 2120 3332 pro.

555 3360 683 3420 fecti
742 3359 1001 3416 dixerunt
1041 3359 1141 3414 ei:
1192 3356 1547 3427 Principisne,
1610 3363 1670 3412 ut
1732 3355 1781 3412 si
1824 3354 2120 3411 viderimus

556 3453 755 3511 fratres
803 3451 858 3506 in
914 3465 1075 3507 sacro
1132 3448 1320 3505 Ofﬁcio
1375 3449 1756 3512 dormitantes,
1804 3447 2121 3503 vellicemus

554 3558 672 3610 eos,
703 3557 813 3614 quo
842 3542 1150 3599 excitentur
1170 3541 1236 3597 ad
1261 3540 1546 3612 vigiliam?
1568 3541 1659 3596 llle
1690 3556 1816 3596 vero
1845 3540 1923 3594 ait
1952 3540 2117 3611 ipsis:

558 3634 669 3708 Ego
713 3636 959 3708 profecto
1019 3651 1142 3690 cum
1184 3633 1407 3691 fratrem
1464 3635 1845 3690 dormitantem
1906 3635 2123 3705 conspi-

556 3729 665 3793 cio,
686 3736 857 3798 caput
888 3728 1010 3799 ejus
1045 3744 1190 3799 pono
1220 3743 1385 3803 super
1416 3744 1591 3799 genua
1623 3744 1763 3791 mea,
1798 3729 1957 3800 eique
1993 3745 2124 3785 mn-

556 3820 684 3875 cilio
716 3820 983 3890 requiem.

627 3914 712 3970 95.
762 3912 874 3984 (48)
907 3911 1215 3969 Narrabant
1245 3914 1311 3967 de
1333 3914 1567 3982 quodam
1605 3912 1792 3980 fratre,
1821 3913 1964 3985 quod
2002 3921 2121 3969 ten-

557 4008 822 4062 tationem
873 4004 1227 4076 blasphemia:
1281 4013 1590 4075 pateretur,
1650 4019 1716 4059 ac
1776 4006 2124 4061 erubesceret

558 4100 741 4156 dicere
769 4118 783 4155 :
824 4099 913 4154 ubi
947 4112 1078 4154 vero
1105 4097 1350 4154 audisset
1382 4098 1559 4168 magni
1588 4097 1766 4153 meriti
1797 4111 1957 4153 senes
1978 4112 2121 4163 esse,

556 4191 842 4253 accederet
875 4190 944 4244 ad
973 4205 1089 4256 eos,
1123 4200 1183 4244 ut
1207 4190 1618 4258 manifestaret;
1648 4189 1744 4245 sed
1777 4204 1900 4245 eum
1931 4204 2125 4259 perve-

558 4286 753 4343 nisset,
788 4297 896 4337 non
921 4282 1146 4338 auderet
1172 4299 1283 4353 pra:
1313 4285 1517 4353 pudore
1545 4282 1813 4339 confiteri.
1839 4281 1992 4353 Saepe
2026 4281 2125 4354 igi-

559 4385 650 4429 tur
705 4383 760 4429 et
818 4374 1067 4429 abbatem
1126 4374 1437 4432 Prrmenem
1492 4375 1647 4431 adiit.
1708 4374 1885 4431 Senex
1941 4383 2124 4429 autem

2218 3177 2319 3229 οὐκ
2349 3175 2464 3231 ἐστι
2497 3172 2725 3244 μοναχὸς
2752 3170 2986 3244 ὀργίλος.

2289 3266 2392 3338 ιιβν.
2427 3263 2739 3336 Παρέϐαλόν
2758 3279 2898 3327 τινες
2922 3261 3029 3319 τῶν
3043 3262 3312 3332 γερόντων
3336 3259 3469 3331 πρὸς
3491 3257 3581 3313 τὸν
3613 3256 3779 3313 ἁϐϐᾶν

2218 3359 2478 3430 Ποιμένα,
2510 3355 2606 3410 καὶ
2647 3351 2799 3408 εἷπον
2845 3352 2991 3424 αὑτῷ
3010 3372 3022 3385 ·
3053 3352 3261 3419 Θέλεις,
3292 3352 3386 3404 ἐὰν
3429 3350 3629 3420 ἴδωμεν
3658 3350 3790 3413 τοὺς

2220 3450 2478 3519 ἀδελφοὺς
2510 3445 2869 3511 νυστάζοντας
2897 3448 2977 3510 εἰς
3008 3445 3106 3517 τὴν
3134 3442 3377 3509 σύναξιν,
3414 3439 3659 3511 νύξωμεν
3691 3440 3793 3493 aia-

2218 3543 2364 3608 τοὺς,
2399 3543 2486 3595 ἵνα
2515 3539 2862 3613 γρηγορῶσιν
2898 3541 2978 3602 εἰς
3009 3538 3107 3609 τὴν
3138 3536 3481 3608 atypus-rvi“;
3525 3533 3584 3586 '0
3616 3533 3673 3588 δὲ
3698 3532 3795 3585 λέ-

2220 3652 2304 3707 γει
2332 3635 2512 3698 αὐτοῖς
2534 3652 2548 3666 ·
2583 3632 2726 3703 Ἐγὼ
2770 3632 2906 3695 τέως
2933 3630 3027 3685 ἐὰν
3055 3629 3150 3684 ἴδω
3194 3627 3285 3681 τὸν
3328 3626 3554 3696 ἀδελφὸν
3587 3625 3794 3681 νυστά-

2221 3727 2404 3793 ζοντα,
2438 3726 2570 3781 τιθῶ
2605 3726 2704 3798 τὴν
2738 3722 2978 3795 κεφαλὴν
3011 3723 3175 3779 αὑτοῦ
3202 3721 3295 3778 ἐπὶ
3327 3720 3397 3774 τὰ
3424 3719 3629 3791 γόνατά
3665 3736 3793 3789 μου,

2222 3822 2314 3878 καὶ
2349 3820 2611 3876 ἀναπαύω
2647 3818 2824 3873 αὐτόν.

2291 3914 2398 3983 ιιγῑ
2443 3912 2667 3981 Ἔλεγον
2692 3910 2804 3984 (49)
2838 3909 2965 3981 περί
3010 3924 3153 3972 τινος
3199 3905 3448 3977 ἀδελφοῦ,
3480 3905 3564 3961 ὅτι
3602 3904 3796 3959 ἐπολε-

2227 4007 2371 4080 μήθη
2397 4010 2479 4071 εἰς
2499 4004 2863 4077 βλασφημίαν,
2896 4003 2991 4058 καί
3014 4003 3277 4075 ᾐσχύνετο
3302 4002 3473 4054 εἰπεῖν
3489 4017 3503 4030 ·
3539 4000 3636 4053 καὶ
3658 3999 3793 4053 ὅπου

2223 4100 2386 4172 ἤκουε
2433 4097 2701 4171 μεγάλους
2751 4097 3033 4168 γέροντας,
3084 4093 3354 4167 παρέϐαλε
3403 4092 3604 4154 αὐτοῖς.
3653 4091 3795 4145 ὥστε

2223 4190 2542 4261 ἀναγγεῖλαι
2561 4205 2575 4222 ’
2607 4189 2701 4242 καὶ
2742 4188 2817 4252 ὡς
2848 4185 3097 4257 ἔφθανεν,
3132 4184 3396 4259 ᾐσχύνετο
3441 4182 3787 4254 ὁμολογῆσαι.

2226 4284 2490 4348 Πολλάκις
2519 4277 2613 4337 οὖν
2657 4278 2932 4351 παρέϐαλε
2968 4277 3063 4333 καὶ
3093 4277 3170 4347 τῷ
3211 4275 3352 4350 ἁϐϐᾷ
3396 4274 3638 4347 Ποιμένι.
3680 4271 3789 4325 Καὶ

2225 4377 2449 4432 ἔϐλεπεν
2484 4374 2646 4430 αὐτὸν
2671 4374 2701 4427 ό
2727 4371 2906 4445 γέρων
2952 4371 3143 4443 ἔχοντα
3184 4370 3497 4442 λογισμοὺς,
3537 4368 3626 4422 καί
3667 4365 3791 4419 ἔλυ-

559 4464 1030 4521 animadvertebst
1073 4482 1198 4521 eum
1244 4466 1671 4532 cogitationibus
1711 4467 1916 4532 vexari,
1946 4475 2000 4522 et
2042 4464 2119 4520 af-

2229 4470 2398 4524 πεῖτο.
2436 4465 2529 4519 τοῦ
2574 4464 2802 4533 ἀδελφοῦ
2843 4465 2918 4535 μὴ
2961 4462 3404 4531 ἀναγγέλλοντας.
3437 4461 3528 4516 Ἐν
3575 4458 3669 4529 μιᾷ
3694 4452 3793 4510 οὗν

559 4559 845 4631 lligebatnr
883 4556 1029 4629 quod
1070 4556 1241 4613 frater
1272 4574 1618 4629 nequaquam
1649 4560 1978 4617 declararet.
2025 4558 2128 4614 Ita-

559 4663 667 4721 que
706 4648 945 4720 quodam
988 4646 1078 4702 die
1121 4645 1401 4702 deducens
1437 4647 1612 4710 illum,
1651 4646 1812 4712 Ecce,
1862 4647 2059 4717 inquit,
2097 4661 2128 4702 a

560 4752 713 4797 tanto
743 4749 984 4813 tempore
1007 4739 1114 4795 huc
1138 4739 1320 4810 pergis
1350 4739 1689 4795 indicaturus
1725 4740 1855 4794 mihi
1891 4740 2128 4810 cogitata

557 4845 675 4899 tua,
707 4844 761 4890 et
789 4850 914 4889 cum
955 4833 1106 4900 ades,
1151 4847 1259 4888 non
1308 4833 1393 4887 vis
1422 4828 1609 4899 .ell‘ari,
1643 4831 1738 4889 sed
1771 4832 2126 4901 quemadmo-

558 4928 688 4983 dum
714 4937 872 4982 antea
901 4925 1113 4982 recedis
1139 4939 1264 4980 cum
1295 4925 1384 4990 iis,
1426 4924 1644 4981 anxius.
1677 4922 1943 4995 Eloquere
1971 4925 2125 4989 mihi.

559 5018 657 5079 tili,
688 5018 948 5089 quidnam
985 5016 1081 5075 tibi
1124 5017 1217 5072 sit.
1262 5016 1566 5088 Respondit
1604 5015 1695 5072 ille
1728 5033 1742 5070 :
1774 5014 1835 5070 In
1872 5016 2127 5088 blasphe-

560 5106 725 5161 miam
771 5118 1104 5175 pravumque
1155 5105 1223 5160 de
1260 5104 1371 5161 Deo
1411 5104 1724 5175 opinionem
1772 5105 2002 5175 impellit
2040 5123 2126 5164 me

558 5195 794 5260 daemon,
817 5204 872 5251 et
892 5197 1091 5254 rubore
1113 5196 1356 5257 sull‘usus
1392 5197 1675 5266 hucusque
1695 5196 1864 5252 tacui.
1879 5196 2126 5270 Cumque

561 5305 675 5345 rem
700 5290 749 5347 ei
791 5302 1092 5362 narrasset,
1127 5293 1276 5353 illico
1302 5293 1479 5357 sensit
1507 5294 1887 5357 levamentum.
1929 5293 2019 5358 Ait
2047 5296 2126 5351 illi

632 5445 680 5478 “
716 5447 821 5502 lsa.
858 5465 944 5510 η,
981 5454 1029 5514 1.

555 5632 561 5639 ·
630 5610 742 5683 (ῌξ)
780 5611 889 5664 Vit.
923 5609 1078 5683 Ρᾳιν.
1108 5629 1190 5683 ιιι,
1228 5614 1335 5676 83;
1382 5612 1619 5683 Vit-idm.
1647 5612 1849 5676 Baderi
1878 5629 1957 5683 tu,
1984 5611 2040 5678 ϐ,
2068 5613 2121 5670 8.

633 5679 1006 5750 (‘7)Append.
1042 5697 1094 5751 ρ.
1134 5681 1273 5738 1005
1318 5699 1374 5738 n.
1406 5681 1491 5739 82.

635 5751 750 5827 (68)
786 5751 886 5807 Vit.
917 5751 1070 5806 Patr.
1107 5767 1185 5816 ιιι,
1223 5752 1310 5807 57.

2229 4560 2337 4614 τῶν
2374 4558 2614 4630 ἡμερῶν.
2657 4556 2995 4629 προπέμπων
3033 4555 3197 4607 αὐτὸν
3226 4553 3409 4618 ἔλεγεν
3447 4550 3595 4621 αὐτῷ
3616 4566 3631 4580 ·
3659 4548 3794 4602 Ἰδοὺ

2229 4650 2483 4706 τοσοῦτον
2511 4652 2698 4723 χρόνον
2725 4651 2860 4723 ἔρχῃ
2896 4643 2997 4703 ὧδε
3025 4646 3163 4718 ἔχων
3190 4646 3479 4718 λογισμοὺς
3506 4643 3601 4698 τοῦ
3633 4643 3799 4711 ἀναγ-

2229 4741 2403 4812 γεῖλαί
2458 4759 2569 4813 μοι.
2604 4740 2699 4796 καὶ
2732 4740 2857 4794 ὅταν
2887 4739 3022 4813 ἔρχῃ
3060 4739 3121 4794 οὐ
3153 4737 3325 4801 θέλεις
3360 4735 3556 4798 αὐτοὺς
3602 4734 3800 4799 εἰπεῖν,

2228 4832 2368 4893 ἀλλὰ
2398 4834 2539 4887 κατὰ
2588 4831 2733 4898 ἅπαξ
2765 4832 2996 4900 ὑπάγεις
3044 4828 3354 4900 θλιϐόμενος
3395 4826 3535 4898 ἔχων
3579 4823 3799 4887 αὐτούς.

2230 4924 2367 4982 Εἰπέ
2400 4941 2490 4995 μοι
2529 4920 2644 4988 οὖν,
2693 4923 2899 4986 τέκνον,
2932 4922 2985 4976 τι
3012 4922 3159 4975 ἐστιν
3186 4921 3216 4978 ὃ
3253 4921 3419 4992 ἔχεις.
3461 4918 3523 4975 ’0
3554 4918 3611 4973 δὲ
3646 4913 3803 4971 εἶπεν

2230 5015 2380 5086 αὐτῷ
2400 5032 2413 5046 ·
2448 5015 2572 5069 Ὅτι
2604 5015 2684 5079 εἰς
2717 5012 3062 5086 βλασφημίαν
3089 5011 3224 5067 Θεοῦ
3260 5013 3487 5082 πολεμεῖ
3531 5027 3597 5082 με
3630 5011 3660 5063 ὁ
3686 5008 3804 5063 δαί-

2234 5125 2370 5180 μων,
2409 5109 2506 5161 καὶ
2532 5108 2844 5179 ᾐσχυνόμην
2872 5108 3064 5162 εἰπεῖν.
3092 5104 3203 5160 Καὶ
3228 5102 3625 5177 διηγησάμενος
3654 5099 3805 5171 αὐτῷ

2229 5204 2291 5258 τὸ
2320 5204 2574 5275 πρᾶγμα,
2610 5201 2812 5266 εὐθέως
2862 5201 3182 5274 ἐλαφρύνθη.
3241 5201 3352 5254 Καὶ
3400 5193 3555 5252 εἶπεν
3596 5195 3748 5268 αὐτῷ
3772 5197 3804 5248 δ

2229 5296 2437 5368 γέρων·
2466 5295 2557 5367 Μὴ
2586 5294 2791 5359 θλίϐου,
2839 5293 3059 5352 τέκνονο
3088 5293 3202 5350 ἀλλ’
3230 5292 3357 5347 ὅταν
3399 5290 3625 5363 ἔρχηται
3654 5288 3686 5342 ό
3712 5286 3802 5342 λο-

2304 5609 2414 5680 (49)
2454 5588 2731 5679 Ἔλεγον.
2762 5609 2876 5665 Hoc
2912 5606 3320 5680 Apophthegma,
3352 5613 3413 5660 ut
3446 5616 3500 5680 et
3528 5603 3637 5658 alia
3665 5618 3805 5680 non-

2233 5673 2408 5809 gurba.
2436 5673 3033 5804 velnt‘paraphrastice
3068 5673 3382 5735 cnarratum
3414 5676 3598 5732 videre
3626 5679 3715 5732 est
3743 5673 3800 5731 in

2277 5767 2308 5807 ο
2368 5762 2472 5809 ert.
2506 5766 2628 5807 cor.
