4036 6202
222 275 331 335 845

1378 271 1991 333 ΑΡΟΡΗΤΙΙΕΟΙΙᾹΤΛ
2023 270 2334 329 PATRUM.

3357 266 3461 323 306

222 389 424 462 τίδιὰ
448 379 624 450 οὗτος·
649 384 805 455 λέγε·
840 383 984 454 Ἐγὼ
1020 386 1251 458 πρᾶγμα
1276 388 1375 442 οὐκ
1408 388 1545 460 ἔχω’
1646 390 1809 461 βλασ.

1915 410 2072 452 senex
2106 411 2122 448 :
2154 389 2276 454 Fili,
2316 404 2385 443 ne
2414 397 2467 445 te
2498 388 2732 461 alligas;
2767 388 2861 444 sed
2897 387 3115 459 quoties
3143 386 3366 440 subierit
3401 402 3462 441 ea

227 485 414 552 φημία
436 495 526 532 σου
556 477 748 531 ἐπάνω
788 493 905 537 σου.
933 476 1162 533 Σατανᾶ.
1184 479 1352 533 Τοῦτο
1371 481 1475 553 γὰρ
1491 482 1554 535 τὸ
1574 485 1803 555 πρᾶγμα

232 578 298 629 οὐ
324 573 460 627 θέλει
488 573 520 642 ἠ
558 571 706 641 ψυχή
756 584 891 640 μου.
923 569 1039 623 Πᾶν
1069 570 1125 623 δὲ
1169 573 1398 645 πρᾶγμα
1439 573 1469 626 ὃ
1500 573 1561 627 οὐ
1597 574 1741 629 Θέλει
1769 578 1803 647 ή

237 665 395 736 ψυχὴ,
427 662 795 734 ὁλιγοχρόνιὸν
834 663 988 733 ἐστι.
1016 662 1124 715 Καὶ
1152 661 1506 735 θεραπευθεὶς
1526 667 1554 720 0
1583 666 1806 737 ἀδελφὸς

245 758 494 829 ἀπῆλθεν.

311 941 398 1007 ἥδ’.
422 938 744 1011 Ἦρώτησεν
765 938 992 1007 ἀδελφὸς
1017 939 1108 992 τὸν
1130 937 1301 992 ἁϐδᾶν
1323 940 1580 1009 Ποιμὲνα.
1606 940 1803 1009 λέγων’

256 1031 380 1104 Ὁρῶ
414 1031 675 1103 ἐμαυτὸν,
701 1029 785 1084 ὅτι
808 1031 942 1084 ὅπου
968 1030 1011 1082 δ’
1044 1028 1110 1083 ἂν
1130 1030 1368 1096 ἀπέλθω,
1391 1031 1628 1103 εὑρίσκω
1656 1032 1807 1085 ἀντί-

242 1127 409 1197 ληψιν.
443 1126 611 1194 Λέγει
656 1122 806 1195 αὐτῷ
836 1126 865 1177 0
893 1122 1091 1194 γέρων,
1133 1123 1214 1176 ὃτι
1241 1125 1351 1177 Καὶ
1375 1124 1425 1177 οἱ
1463 1123 1600 1195 μετὰ
1619 1127 1806 1195 χεῖρας

237 1219 444 1289 ἔχοντες
458 1216 521 1270 τὸ
538 1215 690 1285 ξίφος
706 1215 890 1285 ἔχουσι
908 1215 998 1267 τὸν
1011 1212 1143 1266 Θεὸν
1161 1211 1413 1268 ἐλεοῦντα
1432 1214 1628 1277 αὐτοὺς
1650 1214 1708 1266 ἐν
1728 1212 1807 1284 τῷ

235 1311 465 1383 παρόντι
509 1307 709 1380 καιρῷ.
744 1306 874 1362 Ἐὰν
904 1303 998 1359 οὖν
1033 1299 1182 1376 ὦμεν
1212 1305 1465 1378 ἀνδρεῖοι,
1514 1308 1654 1359 ποιεί
1689 1305 1808 1376 μεθ’

232 1402 395 1474 ἡμῶν
423 1402 485 1455 τδ
511 1402 657 1464 ἔλεος
682 1397 868 1453 αὐτοῦ.

307 1498 413 1560 κε’.
457 1488 617 1545 Εἶπεν
661 1493 691 1544 0
739 1489 915 1552 ἀόδᾶς
956 1488 1189 1559 Ποιμὴν,
1227 1489 1308 1542 ὅτι
1350 1489 1474 1542 Ἐὰν
1522 1487 1806 1560 ἄνθρωπος

232 1585 426 1639 ἑαυτὸν
456 1584 760 1655 μέμψηται,
794 1583 1051 1652 καρτερεῖ
1080 1580 1374 1651 πανταχοῦ.

301 1683 416 1745 ἦς’.
452 1672 587 1731 Εἶπε
633 1675 817 1737 πάλιν,
861 1674 943 1729 ὅτι
988 1673 1173 1740 ἔλεγεν
1208 1675 1236 1726 0
1276 1672 1449 1735 ἁὸϐᾶς
1493 1672 1803 1742 Ἀμμωνᾶει

1909 483 2187 555 cogitatio,
2219 482 2351 537 dic:
2386 479 2497 552 Ego
2535 482 2589 534 in
2612 495 2779 537 causa
2826 481 2939 535 sive
2966 480 3124 549 culpa
3164 493 3272 532 non
3310 493 3464 543 sum;

1910 575 2243 646 blasphemia
2294 584 2382 629 tua
2425 588 2587 645 super
2635 581 2688 629 te
2728 572 2821 637 sit,
2855 571 3073 625 Sataua.
3125 569 3275 624 Hanc
3321 572 3465 625 enim

1908 682 2023 722 rem
2051 681 2160 721 non
2196 666 2308 720 vult
2335 664 2514 719 anima
2550 679 2689 719 mea.
2727 661 3000 732 Quidquid
3032 676 3194 731 porro
3221 677 3324 715 non
3353 661 3469 715 vult

1911 761 2116 820 anima.
2148 758 2317 812 breve
2344 764 2560 827 tempus
2590 756 2786 833 ‘durat.
2826 756 3003 826 Atque
3049 753 3254 808 medela
3302 752 3467 806 animi

1910 857 2162 920 suscepta
2190 846 2356 903 frater
2381 847 2657 902 discessit.

1983 938 2071 993 94.
2113 938 2474 1007 Interrogavit
2503 936 2668 991 lrater
2693 936 2941 990 abbatem
2978 934 3308 994 Premenem.
3345 948 3471 986 orae

1910 1033 2059 1088 tione
2094 1033 2194 1086 hac
2223 1050 2238 1086 :
2271 1031 2444 1086 Video
2486 1030 2630 1101 quod
2671 1045 3000 1100 quocunque
3043 1043 3353 1099 perrexero,
3383 1029 3471 1080 inv

1911 1125 2124 1180 veniam
2172 1124 2501 1180 subsidium.
2535 1123 2625 1178 Ait
2654 1124 2731 1177 illi
2765 1138 2930 1178 senex
2964 1139 2980 1177 :
3012 1122 3115 1189 Qui
3143 1137 3252 1192 prae
3297 1122 3470 1176 mani—

1910 1216 2014 1271 bus
2043 1214 2281 1286 gladium
2310 1222 2512 1280 tenent,
2544 1212 2708 1269 Deum
2760 1215 3000 1269 sentiunt
3044 1214 3472 1269 misericorditer

1912 1309 2252 1378 adjuvantem
2285 1324 2380 1364 eos
2412 1308 2465 1363 in
2492 1313 2744 1378 praesenti
2780 1316 3041 1377 tempore.
3073 1308 3131 1362 Si
3153 1324 3283 1379 ergo
3304 1307 3472 1363 fortes

1910 1402 2304 1463 exstiterimus,
2328 1401 2487 1455 nobis
2523 1400 2952 1456 misericordiam
2985 1415 3140 1455 suam
3174 1400 3467 1455 exhibebit.

1980 1493 2069 1548 95.
2113 1493 2225 1563 (50)
2259 1492 2404 1545 Dixit
2442 1492 2611 1546 abbas
2633 1491 2873 1554 Ptemeu,
2913 1490 3057 1561 qunti
3096 1492 3141 1546 si
3179 1491 3338 1546 homo
3384 1508 3473 1547 se-

1913 1584 2088 1656 ipsum
2119 1585 2444 1655 culpaverit,
2486 1585 2684 1654 ubique
2714 1586 3106 1654 perduraturus
3134 1592 3239 1639 est.

1981 1672 2070 1726 96.
2113 1670 2315 1727 Retulit
2339 1675 2530 1727 iterum
2554 1673 2756 1727 dictum
2788 1673 2891 1728 hoc
2918 1673 3129 1729 abbatis
3154 1675 3469 1731 Ammonae:

227 1772 308 1825 ὅτι
340 1769 534 1822 Ἔστιν
561 1767 844 1838 ἄνθρωπος
871 1765 931 1828 ὃς
965 1766 1107 1817 ποιεῖ
1136 1764 1326 1818 ἑκατὸν
1349 1763 1443 1833 ἐτη
1477 1764 1536 1815 ὲν
1559 1760 1637 1831 τῷ
1688 1759 1809 1814 κελ-

1918 1759 2012 1815 Est
2062 1765 2222 1815 homo
2259 1764 2353 1832 qui
2397 1773 2614 1816 centum
2659 1777 2834 1817 annos
2874 1764 2929 1817 in
2968 1763 3104 1817 cella
3141 1774 3471 1834 perseverat,

230 1862 357 1933 λίῳ,
387 1860 492 1914 καὶ.
512 1860 578 1913 οὐ
612 1857 863 1930 μανθάνει
882 1856 999 1921 πῶς
1020 1856 1102 1909 δεῖ
1128 1858 1186 1909 ὲν
1222 1855 1414 1926 κελλίῳ
1441 1854 1680 1908 καθίσαι.

300 1952 416 2020 ac.
444 1948 611 2004 Εἶπεν
630 1952 659 2003 0
682 1949 846 2014 ἀσϐἄς
872 1950 1103 2021 Ποιμὴν,
1134 1950 1214 2002 ὅτι
1251 1947 1375 2002 Ἐὰν
1399 1946 1579 2018 φθάσῃ
1602 1945 1698 1999 ἄνθ
1708 1961 1814 2016 ρω-

230 2059 342 2107 πος
376 2044 460 2106 είς
494 2042 556 2095 τὺ
585 2040 743 2114 ῥητὸν
766 2041 861 2095 τοῦ
891 2039 1327 2103 ’Δποστόλου,τδ,
1353 2039 1557 2092 Πάντα
1586 2035 1815 2103 καθαρὰ

235 2135 373 2201 τοῖς
402 2133 677 2203 καθαροῖς
694 2150 710 2163 ⁸
738 2134 841 2204 ὁρᾷ
866 2133 1055 2187 ἑαυτὸν
1084 2133 1342 2188 ἐλάττονα
1370 2130 1551 2200 πάσης
1569 2127 1671 2197 τῆς
1703 2125 1816 2179 κτί-

235 2243 399 2291 σεως.
432 2226 591 2295 Λέγει
612 2229 642 2279 0
670 2225 902 2296 ἀδελφός
921 2243 935 2257 ο
968 2225 1092 2289 Πῶς
1119 2215 1357 2295 δύναμαι
1395 2222 1632 2294 ἐμαυτὸν
1655 2221 1814 2275 ἐλάτ-

232 2337 365 2373 τονα
391 2319 487 2372 τοῦ
514 2319 720 2389 φονέως
763 2317 1043 2390 ἡγεῖσθαις
1074 2316 1238 2386 Λέγει
1277 2318 1305 2369 0
1331 2315 1534 2386 γέρων,
1569 2315 1651 2367 ὅτι
1684 2313 1813 2367 Ἐὰν

235 2411 422 2484 φθάσῃ
453 2411 742 2483 ἄνθρωπος
777 2412 856 2473 είς
876 2411 940 2464 τὸ
968 2411 1117 2482 ῥῆμα
1152 2409 1327 2471 τοῦτο,
1357 2409 1453 2462 καὶ
1485 2406 1571 2479 ἴδῃ
1598 2404 1813 2477 ἄνθρω-

235 2522 338 2560 πον
393 2505 711 2573 φονεύοντα,
772 2504 942 2572 λέγει,
1005 2505 1087 2557 ὃτι
1129 2503 1343 2572 Ταύτην
1391 2501 1492 2572 τὴν
1540 2498 1814 2570 ἁμαρτίαν

235 2595 466 2668 ἐποίησε
511 2596 679 2668 μόνην
706 2588 886 2660 οὗτος,
920 2593 1031 2665 ἐγὼ
1076 2594 1137 2648 δὲ
1163 2594 1373 2664 φονεύω
1417 2592 1537 2648 καθ’
1578 2592 1816 2663 ἑκάστην

235 2690 474 2761 ἡμέραν.

309 2780 420 2855 ιιηῖ
471 2778 786 2852 Ἦρώτησεν
812 2781 845 2833 0
883 2776 1107 2847 ἁδελφὸς
1135 2778 1196 2831 τὸ
1232 2776 1364 2831 αὐτὸ
1408 2775 1557 2847 ῥῆμα
1590 2775 1680 2829 τὸν
1711 2773 1813 2827 ἁσ-

239 2873 341 2927 εᾶν
381 2871 597 2941 ’Δνοὺ6,
625 2870 813 2936 ὼςότι
833 2866 985 2923 εἶπεν
1011 2869 1040 2921 0
1071 2868 1244 2931 066d;
1270 2868 1501 2938 Ποιμήν.
1535 2866 1643 2918 Καὶ
1665 2864 1816 2934 λέγει

239 2964 391 3039 αὐτῷ
416 2963 642 3027 ὀάὃΰᾶς
682 2962 891 3027 ’Λνοὺ6,
932 2963 1011 3016 ὃτι
1052 2961 1177 3015 Ἐὰν
1204 2960 1383 3035 φθάσῃ
1424 2958 1708 3029 ἄνθρωπος
1736 2958 1817 3022 είς

239 3059 300 3114 sb
328 3058 486 3130 ῥῆμα
510 3054 689 3120 τοῦτο,
724 3055 819 3109 καὶ
852 3054 935 3125 ἴδῃ
965 3053 1032 3107 τὰ
1063 3053 1416 3125 ὑστερήματα
1441 3050 1537 3105 τοῦ
1582 3048 1815 3120 ἀδελφοῦ

1910 1869 2011 1908 nec
2036 1852 2197 1908 discit
2220 1870 2327 1922 quo
2359 1862 2519 1924 pacto
2551 1856 2605 1906 in
2636 1856 2768 1909 cella
2805 1855 3154 1910 residendutn
3190 1856 3280 1910 sit.

1981 1942 2070 1998 97.
2112 1945 2223 2015 (51)
2253 1945 2396 1999 Dixit
2424 1942 2593 2001 abbas
2619 1946 2837 2002 Pmrnen
2872 1967 2886 2002 :
2924 1947 2982 2002 Si
3006 1949 3166 2002 ltotno
3196 1949 3476 2018 pertigerit

1910 2033 1977 2088 ad
1998 2033 2237 2103 Apostoli
2272 2034 2490 2090 effatum
2515 2037 2615 2089 hoc
2643 2053 2658 2091 :
2686 2036 2878 2091 Omnia
2920 2039 3117 2091 munda
3161 2040 3369 2091 mamlis
3389 2039 3472 2102 ⁹⁸;

1911 2126 2282 2197 deprehendet
2326 2142 2386 2184 se
2427 2128 2576 2182 omni
2624 2137 2874 2183 creatura
2911 2130 3173 2184 minorem
3208 2145 3347 2184 esse.
3388 2129 3475 2182 Ait

1911 2217 2077 2274 frater
2116 2237 2133 2275 :
2177 2219 2461 2286 Quomodo
2516 2235 2737 2290 possum
2780 2236 2863 2274 me
2912 2221 3148 2290 pejorem
3201 2220 3475 2275 homicida

1910 2310 2273 2367 existimare?
2305 2310 2371 2366 Et
2395 2328 2563 2368 senex
2591 2331 2607 2368 :
2638 2310 2717 2375 Si.
2751 2313 2948 2382 inquit,
2982 2313 3288 2382 pervenerit
3312 2313 3476 2369 horno

1917 2404 1985 2459 ad
2013 2405 2296 2474 praelatum
2330 2405 2579 2469 verbum,
2610 2413 2664 2460 et
2692 2407 3039 2476 conspexerit
3071 2406 3341 2462 hominem
3376 2421 3477 2461 caa-

1910 2497 2033 2552 dem
2070 2496 2267 2560 facere,
2298 2498 2485 2555 dicet:
2522 2497 2636 2554 Hoc
2666 2500 2841 2554 solum
2879 2510 3160 2569 peccatum
3191 2499 3294 2554 iste
3329 2514 3481 2554 coni-

1912 2591 2095 2658 misit;
2117 2607 2219 2663 ego
2251 2608 2379 2648 vero
2403 2595 2651 2664 quotidie
2678 2606 2909 2651 mortem
2940 2596 3135 2653 infero.

1983 2767 2073 2824 98.
2123 2766 2484 2839 Interrogavit
2509 2772 2677 2824 frater
2715 2770 2963 2826 abbatem
3000 2773 3162 2826 Anub
3189 2773 3258 2827 de
3289 2774 3476 2827 eodem

1913 2861 2062 2917 dicto
2094 2861 2360 2931 Apostoli,
2392 2863 2636 2919 referens
2678 2864 2809 2933 quid
2861 2864 3032 2918 abbas
3077 2863 3297 2919 Ptemen
3349 2881 3477 2934 pru-

1913 2953 2242 3010 nuntiasset.
2279 2952 2330 3008 Is
2375 2969 2544 3009 vero:
2576 2955 2633 3009 Si
2674 2956 2934 3027 attigerit,
2975 2957 3168 3025 inquit,
3216 2956 3377 3010 homo
3409 2957 3478 3011 ad

1914 3060 2220 3101 sermonem
2247 3046 2421 3112 illum,
2448 3055 2501 3101 ct
2533 3045 2728 3101 viderit
2750 3049 2939 3118 culpas
2972 3049 3153 3103 fratris
3180 3051 3286 3114 sui,
3318 3048 3480 3104 eﬂicit

240 3149 430 3211 αὐτοῦ,
462 3150 610 3201 ποιεῖ
636 3146 736 3218 τὴν
767 3144 1110 3215 δικαιοσύνην
1137 3143 1302 3197 αὐτοῦ
1329 3145 1614 3197 καταπιεῖν
1654 3142 1810 3196 αὑτά.

1920 3145 1978 3192 ut
2009 3138 2219 3203 justitia
2244 3154 2342 3193 sua
2370 3152 2466 3193 eas
2498 3137 2744 3194 devoret.
2779 3137 3009 3212 Rogavit
3042 3140 3209 3196 frater
3242 3160 3255 3196 :
3290 3140 3479 3209 Qualis

242 3245 405 3314 Λέγει
434 3240 587 3312 αὐτῷ
612 3242 643 3293 0
681 3238 907 3309 ἀδελφός
925 3252 940 3267 ’
967 3237 1102 3303 Ποία
1138 3236 1285 3290 ἐστὶν
1322 3237 1356 3308 ἡ
1380 3234 1689 3306 δικαιοσύνη
1717 3234 1816 3288 αὐ-

239 3335 372 3401 τοῦ;
411 3331 712 3404 Ἀπεκρίθη
738 3331 770 3384 0
801 3330 1004 3400 γέρων·
1038 3328 1154 3382 Ἵνα
1194 3327 1422 3381 πάντοτε
1451 3325 1816 3398 rumpiae-q-

242 3445 329 3482 ται
358 3425 574 3481 ἑαυτὸν.

306 3518 417 3587 τηου.
464 3515 718 3585 ’Λδελφὸς
748 3509 868 3567 εἷπε
895 3512 974 3584 τῷ
1001 3512 1145 3585 ἀϐὀᾷ
1176 3511 1423 3582 Ποιμένι,
1447 3511 1528 3564 ὅτι
1563 3509 1688 3564 Ἐὰν
1715 3528 1820 3563 πα-

245 3611 474 3684 ραπέσω
494 3610 554 3662 ὲν
584 3606 787 3677 οἰκτρῷ
816 3604 1245 3677 παραπτώματι,
1275 3602 1549 3657 κατεσθίει
1577 3618 1642 3673 με
1668 3602 1698 3653 0
1733 3601 1819 3655 1o-

241 3703 444 3775 γισμός
471 3719 597 3774 μου,
639 3700 731 3754 καὶ
756 3700 1072 3771 κατηγορεῖ,
1100 3698 1254 3751 Διατί
1286 3697 1627 3769 παρέπεσεςς
1659 3695 1819 3764 Λέγει

243 3796 391 3869 αὐτῷ
408 3798 439 3850 ὁ
467 3794 677 3868 γέρων·
718 3793 807 3845 Ἐν
893 3791 1012 3864 ὥρᾳ
1035 3791 1328 3845 ὑποπίπτει
1350 3789 1633 3861 ἄνθρωπος
1658 3788 1820 3858 σφάλ-

250 3905 401 3961 ματι,
437 3886 536 3941 καὶ
569 3883 719 3958 εἴπῃ,
751 3884 1054 3954 ’Πμαρτον.
1084 3880 1335 3952 παραυτά
1359 3880 1656 3934 πέπαυται.

319 3986 383 4052 ρ’.
428 3977 689 4047 Ἀδελφὸς
722 3974 973 4047 ἠρώτησε
991 3974 1082 4028 τὸν
1109 3972 1282 4026 ἀόὁᾶν
1322 3971 1582 4042 Ποιμένα,
1606 3970 1781 4040 λέγων
1801 3985 1817 3999 ·

253 4073 395 4125 Ausi
424 4069 677 4124 πείθουσι
703 4068 804 4139 τὴν
823 4068 999 4138 ψυχήν
1030 4083 1128 4137 μου
1154 4067 1201 4118 οἱ
1224 4064 1492 4135 δαίμονες,
1520 4059 1658 4116 εἶναι
1687 4063 1822 4134 μετὰ

245 4165 337 4220 τοῦ
370 4160 796 4235 ὑπερϐαίνοντός
837 4175 926 4230 με,
945 4213 951 4217 ,
973 4159 1064 4213 καὶ
1106 4156 1318 4212 ποιοῦσί
1364 4173 1431 4227 με
1468 4154 1820 4223 ὲξουδενῶσαι

244 4258 331 4310 τὸν
363 4253 635 4309 ἐλάττονά
670 4267 806 4323 μους
849 4250 1010 4319 Λέγει
1045 4248 1195 4320 αὐτῴ
1222 4251 1251 4303 0
1293 4248 1503 4319 γέρων·
1537 4247 1637 4302 Διὰ
1667 4247 1823 4301 τοῦτο

245 4344 399 4403 εἶπεν
422 4348 451 4399 0
488 4344 830 4407 ’Λπόστολος,
858 4344 938 4396 ὅτι
978 4340 1319 4412 Ἑνμεγὰλῃ
1347 4340 1503 4407 obtqu
1521 4341 1631 4394 οὐκ
1651 4339 1824 4394 ἐστιν

240 4441 443 4512 μόνον
463 4437 655 4506 σκεύη
681 4433 878 4505 χρυσᾶ
902 4434 998 4488 καὶ
1019 4430 1264 4503 ἀργυρᾶ.
1289 4430 1448 4486 ἀλλὰ
1479 4432 1576 4485 καί
1611 4432 1823 4495 ξύλινα

1915 3239 1998 3284 est
2047 3228 2257 3299 justitia
2308 3230 2489 3286 illius?
2537 3230 2840 3304 Respondit
2888 3249 3051 3290 senex
3093 3252 3108 3289 :
3156 3231 3223 3289 Ut
3268 3249 3484 3305 semper

1914 3322 2277 3392 reprehendat
2305 3338 2386 3378 se.

1986 3519 2076 3575 99.
2116 3520 2228 3592 (52)
2258 3519 2452 3577 Frater
2484 3522 2624 3577 dixit
2670 3523 2852 3578 abbati
2887 3522 3130 3578 Pmmeui
3176 3543 3191 3581 -.
3226 3523 3284 3578 Si
3337 3524 3483 3579 ceci-

1917 3611 2048 3668 dero
2080 3612 2132 3668 in
2178 3614 2493 3671 miserabile
2532 3629 2843 3685 peccatum,
2877 3632 2962 3671 me
2990 3632 3145 3672 mens
3188 3618 3480 3681 remordet,

1917 3712 1970 3757 et
2004 3712 2249 3770 accusat,
2278 3720 2448 3773 quare
2473 3706 2758 3776 prolapsus
2786 3705 3004 3760 fuerim.
3036 3708 3123 3760 Ait
3165 3706 3240 3759 illi
3280 3723 3479 3780 senex:

1917 3795 2034 3863 Qua
2053 3796 2183 3851 hora
2213 3798 2372 3852 homo
2395 3800 2487 3868 qui
2513 3799 2710 3853 delicto
2737 3800 3050 3864 succubuit,
3079 3800 3480 3869 pronuntiarit:

1918 3888 2167 3955 Peccavi,
2197 3888 2480 3945 confestim
2521 3891 2679 3945 linem
2707 3891 2866 3946 habet
2897 3900 3198 3962 peccatum.

1992 3982 2115 4038 100.
2157 3980 2343 4037 Frater
2371 3997 2435 4037 ex
2459 3983 2656 4039 abbate
2683 3982 2940 4039 Pmmene
2974 3990 3326 4053 percontatus
3358 3991 3477 4037 est:

1920 4074 2101 4141 Quare
2140 4075 2415 4132 dannoncs
2451 4079 2780 4148 persuadent
2829 4078 3023 4131 anima:
3069 4092 3221 4141 mete,
3263 4085 3321 4130 ut
3358 4092 3483 4131 cum

1921 4181 1986 4221 eo
2013 4166 2108 4236 qui
2151 4183 2235 4223 me
2259 4167 2671 4238 supergreditur
2700 4182 3016 4232 converser,
3047 4166 3398 4237 elliciuntque
3429 4176 3486 4220 ut

1921 4257 2248 4329 vilipendam
2307 4276 2430 4316 eum
2474 4262 2567 4330 qui
2612 4276 2697 4315 tne
2740 4268 2824 4317 est
2877 4260 3141 4315 inferior?
3189 4262 3487 4330 Respondit

1922 4366 2086 4407 senex
2112 4369 2125 4404 :
2156 4349 2279 4407 Ideo
2312 4351 2450 4407 dixit
2483 4352 2776 4423 Apostolus
2803 4372 2817 4408 :
2849 4352 2914 4407 In
2973 4370 3164 4423 magna
3201 4353 3356 4407 domo
3385 4371 3488 4407 non

1921 4442 2095 4498 solum
2132 4453 2253 4497 sunt
2280 4459 2406 4498 vasa
2436 4461 2599 4499 aurea
2627 4454 2677 4500 et
2724 4455 2992 4517 argentea,
3027 4445 3115 4499 sed
3149 4457 3197 4498 et
3239 4446 3409 4515 lignea
3438 4456 3486 4498 et

243 4538 347 4589 καὶ
392 4529 739 4597 ὀστράκινα.
803 4529 945 4583 Ἐὰν
980 4523 1093 4582 οὖν
1123 4524 1421 4594 ἐκκαθάρῃ
1469 4541 1560 4592 τις
1610 4523 1815 4579 ἑαυτὸν

1924 4535 2131 4606 ﬁctilia.
2171 4535 2229 4592 Si
2269 4538 2387 4609 quis
2433 4554 2560 4607 ergo
2611 4538 2972 4605 emundaverit
3028 4555 3083 4592 se
3121 4537 3186 4590 ab
3234 4539 3488 4591 omnibus

242 4626 370 4683 ἀπὸ
417 4623 632 4679 πάντων
671 4623 917 4686 τούτων,
948 4620 1116 4676 ἔσται
1144 4619 1364 4685 σκεῦος
1391 4621 1478 4685 είς
1499 4616 1697 4688 τιμὴν,
1730 4617 1815 4672 εὗε

1925 4628 2067 4690 istis,
2094 4628 2197 4682 erit
2237 4644 2329 4683 vas
2363 4630 2418 4683 in
2443 4630 2691 4686 honorem
2711 4632 2840 4686 utile
2868 4630 3115 4697 Domino,
3143 4639 3392 4699 paratum
3419 4627 3488 4681 ad

244 4730 531 4790 χρηστον
564 4713 638 4779 τῷ
661 4714 952 4781 Δεσπότῃ,
993 4709 1434 4781 ἡτοιμασμένον
1462 4711 1551 4776 είς
1579 4708 1701 4765 πᾶν
1730 4709 1815 4777 ἄρα

1924 4736 2075 4776 omne
2102 4736 2231 4790 opus
2264 4722 2457 4776 bonum
2480 4723 2546 4774 ’⁸.

246 4824 360 4878 τον
384 4804 632 4876 ἀγαθόν.

331 4905 436 4971 ρα’.
474 4897 727 4967 Ἀδελφδς
751 4895 1000 4969 ἠρώτησε
1022 4895 1115 4949 τὸν
1139 4893 1314 4948 ἀσϐᾶν
1337 4892 1599 4964 Ποιμένα,
1622 4892 1824 4962 λέγων’

249 4992 379 5056 Πῶς
422 4990 524 5044 οὐκ
553 4989 785 5061 ἀφίεμαι
815 4987 1096 5060 ἐλεύθερος
1125 4984 1378 5056 γενέσθαι
1426 4985 1565 5057 μετὰ
1599 4986 1708 5039 τῶν
1736 5001 1828 5055 γε·-

252 5084 460 5158 ρόντων
488 5082 549 5137 ὲν
591 5083 705 5144 τοῖς
736 5081 1014 5152 λογισμοῖς
1039 5094 1172 5149 pou;
1198 5078 1363 5147 Λέγει
1392 5076 1540 5149 αὐτῷ
1560 5079 1590 5132 0
1628 5077 1827 5149 γέρων,

2003 4897 2123 4953 101.
2165 4900 2277 4971 (53)
2307 4900 2500 4958 Frater
2549 4911 2897 4981 percontatus
2934 4914 3019 4960 est
3068 4902 3314 4957 abbatem
3366 4899 3491 4956 Ρω-

1932 5003 2141 5044 menem
2171 4992 2273 5046 hoc
2303 4994 2468 5048 modo
2501 5012 2515 5048 :
2544 4994 2724 5060 Quare
2760 5011 2867 5049 non
2902 4996 3185 5067 permittor
3215 4995 3380 5048 libere
3413 4995 3488 5046 In-

1930 5084 2023 5152 qui
2050 5098 2173 5138 cum
2214 5087 2441 5142 senibus
2465 5087 2532 5143 de
2575 5087 2997 5158 cogitationibus
3030 5086 3206 5142 meis?
3235 5086 3298 5139 Et
3324 5101 3489 5141 senex

249 5175 333 5230 ὅτι
363 5171 523 5230 εἶπεν
557 5177 587 5228 0
611 5172 784 5237 assa;
826 5173 1077 5242 Ἰωάννης
1105 5172 1134 5225 0
1162 5169 1418 5236 K01060;,
1439 5170 1521 5224 ὅτι
1551 5169 1625 5224 00
1650 5169 1815 5241 χαίρει

1933 5175 2120 5230 retulit
2167 5178 2217 5233 ei
2283 5180 2608 5234 sententiam
2671 5178 2887 5234 abbatis
2933 5175 3161 5231 Joannis
3188 5175 3339 5229 Curti
3381 5193 3394 5229 :
3430 5174 3488 5230 ln

251 5268 340 5325 tr.’
357 5267 538 5324 οὐδενὶ
555 5267 727 5331 οὕτως
750 5270 778 5321 0
803 5265 1016 5338 ἐχθρὸς,
1050 5262 1126 5327 ὡς
1154 5261 1246 5316 ἐπὶ
1273 5265 1388 5327 τοῖς
1410 5262 1486 5335 μὴ
1513 5261 1828 5333 ἐκφαίνουσι

250 5360 376 5425 τοὺς
415 5357 712 5429 λογισμοὺς
746 5355 950 5412 αὐτῶν.

324 5472 372 5504 ’⁸
396 5466 509 5525 Tit.
544 5486 582 5534 ι.
614 5469 703 5529 15.
779 5470 825 5503 ’⁸
849 5469 892 5525 ll
922 5470 1065 5526 Tim.
1099 5487 1159 5537 ιι,
1192 5469 1283 5537 10,
1317 5471 1408 5525 2f.

318 5590 435 5659 {50)
479 5588 589 5643 Vit.
616 5586 773 5659 Patr.
799 5603 880 5653 ιη,
917 5588 1053 5655 H8;
1080 5587 1305 5645 Doroth.
1343 5586 1494 5643 Doct.
1535 5589 1586 5643 7.

320 5657 437 5732 (5|)
477 5659 587 5732 Vit.
617 5657 776 5732 Patr.
803 5675 886 5732 tt},
918 5660 1040 5732 151.

324 5728 438 5802 (52)
468 5730 599 5800 App.
631 5743 685 5801 p.
725 5728 882 5797 l000,
905 5746 959 5785 η.
980 5730 1031 5785 5.

1935 5266 2086 5322 nullo
2127 5269 2198 5322 ita
2232 5269 2469 5339 gaudere
2511 5270 2817 5335 inimicum,
2850 5282 2915 5324 ac
2957 5268 3011 5322 in
3064 5267 3134 5322 iis
3167 5267 3262 5339 qui
3299 5267 3494 5324 nolunt

1936 5358 2285 5417 manifestare
2316 5362 2551 5433 cogitata
2578 5378 2690 5418 sua.

1920 5586 2100 5715 l7(7525)
2134 5582 2438 5645 Hiscellsn.
2478 5585 2632 5647 Voss.
2658 5606 2709 5663 p.
2734 5589 2863 5659 45%,
2900 5591 3036 5660 155;
3083 5589 3188 5647 Vit.
3216 5588 3374 5648 Patr.
3400 5603 3487 5659 ut,
