4020 6202
246 287 349 345 ’653

1383 287 1988 347 ΔΡΟΡΗἹἮΕΕΜᾹΤΑ
2024 289 2333 350 PATRUM.

3366 302 3473 357 εει

253 400 424 466 δεξιάν
474 416 569 453 σου
632 403 810 473 χεῖρα,
863 402 958 459 καὶ
1011 402 1269 476 ὀργισθῇς
1319 404 1487 475 αὐτῷ,
1546 407 1666 477 είκῆ
1720 407 1799 479 ὀρ-

1916 405 2159 461 dextram
2210 422 2429 461 manum
2482 409 2884 478 amputaverit;
2932 418 3109 467 tamen
3175 414 3221 469 si
3275 415 3356 470 ira
3414 418 3474 473 in

256 492 396 565 γίζῃ·
442 493 533 545 ἑὰν
587 490 645 546 δὲ
694 491 901 566 χωρίζῃ
952 511 1011 548 σε
1057 495 1163 549 ὰπὸ
1193 494 1286 549 τοῦ
1321 495 1477 561 Θεοῦ,
1506 497 1626 552 τότε
1669 498 1813 574 ὁργίσ

262 584 406 655 σθητι
428 584 489 635 ιο.

328 676 440 747 ριθ¹.
484 674 735 745 Ἀδελφὸς
764 674 1013 749 ἠρώτησε
1035 679 1124 733 τὸν
1146 679 1318 734 ἀὸὁᾶν
1339 682 1595 753 Ποιμὲνα,
1617 680 1809 751 λέγων’

265 769 320 822 Τί
346 768 546 841 ποιήσω
581 772 701 834 ταῖς
730 770 1026 842 ἁμαρτίαις
1048 790 1179 843 μους
1212 773 1373 844 Λέγει
1396 774 1541 846 αὐτῷ
1562 777 1589 828 6
1613 776 1809 848 γέρων,

263 866 331 917 ὅτι
359 862 414 917 Ὀ
453 862 623 916 θέλων
662 861 1037 934 λυτρώσασθαι
1077 865 1371 938 ἁμαρτίας,
1414 866 1675 939 κλαυθμῷ
1717 869 1811 922 λυ-

263 955 459 1029 τροῦται
490 956 678 1020 αὐτάς·
706 956 801 1009 καὶ
828 957 857 1009 6
880 954 1048 1010 θέλων
1076 959 1376 1029 κτήσασθαι
1402 959 1622 1031 ἀρετὰς,
1649 960 1813 1015 κλαυ-

261 1048 360 1120 θμῷ
396 1050 597 1102 κτᾶται
632 1049 819 1113 αὐτάς.
870 1048 942 1102 T6
983 1049 1091 1124 γάρ
1120 1050 1326 1105 κλαίειν
1364 1052 1510 1106 ἐστὶν
1537 1053 1570 1124 ἢ
1602 1052 1716 1116 ὁδὸς
1744 1053 1811 1123 ἣν

257 1140 554 1213 παρέδωκεν
591 1141 720 1211 ἡμῖν
749 1142 782 1213 ἡ
809 1142 848 1194 Γ
855 1141 1018 1213 ραφὴ,
1046 1142 1140 1196 καὶ
1165 1144 1212 1196 οἱ
1251 1144 1489 1214 Πατέρες
1516 1145 1692 1216 ἡμῶν,
1723 1146 1810 1199 λέ-

251 1248 443 1302 γοντεςο
488 1231 795 1285 κλαύσατε.
831 1232 999 1304 ’Ἄλλη
1045 1234 1153 1305 γὰρ
1192 1233 1310 1298 ὁδὸς
1336 1236 1435 1289 οὐκ
1459 1234 1626 1298 ἔστιν,
1656 1237 1705 1289 εί
1736 1237 1809 1307 μὴ

250 1325 399 1397 αὕτη.

318 1425 415 1490 ρκ’.
457 1417 769 1491 Ἠρὼτησεν
826 1415 1052 1486 ἀδελφὸς
1095 1416 1187 1470 τὸν
1225 1417 1397 1472 ἀϐϐἄν
1450 1418 1709 1490 Ποιμὲνα·
1746 1413 1810 1473 Τί

250 1513 362 1566 ἐστι
400 1512 647 1584 μετάνοια
674 1511 774 1581 τῆς
810 1508 1112 1582 ἁμαρτίας;
1138 1510 1246 1563 Καὶ
1272 1505 1425 1563 εἶπεν
1456 1512 1484 1563 6
1507 1511 1706 1579 γέρων·
1736 1509 1810 1563 T6

253 1604 322 1674 μὴ
358 1605 450 1659 τοῦ
480 1604 664 1658 λοιποῦ
695 1605 868 1655 ποιεῖν
899 1602 1091 1673 αὑτήν.
1120 1601 1217 1655 Διά
1246 1600 1402 1655 τοῦτο
1432 1602 1541 1675 γάρ
1577 1601 1809 1675 ἐκλήθη-

249 1714 343 1751 σαν
366 1697 584 1768 ἄμωμοι
611 1697 660 1749 οἱ
689 1694 906 1759 δίκαιοι,
932 1694 1013 1747 ὅτι
1048 1694 1333 1747 κατέλιπον
1374 1693 1473 1759 τὰς
1512 1695 1803 1768 ἁμαρτίας,

245 1791 333 1845 καὶ
361 1790 561 1843 δίκαιοι
585 1788 853 1859 ἐγένοντο.

310 1892 450 1960 ρκαν.
489 1882 632 1940 Eis-.2
675 1883 849 1946 πάλιν,
891 1883 973 1937 ὅτι
1009 1885 1042 1956 ἡ
1089 1882 1319 1955 πονηρία
1352 1882 1459 1936 τῶν
1504 1881 1799 1955 ἀνθρώπων

244 1977 466 2032 θπισθὲν
496 1978 643 2030 ἐστιν
668 1976 837 2030 αὐτῶν
865 1975 1239 2049 κεκρυμμένη.

319 2069 454 2141 ρκβξ
498 2068 740 2138 Ἀδελφὸς
780 2067 1030 2140 ἠρώτησε
1084 2069 1174 2122 τὸν
1217 2066 1389 2123 ἀϐδᾶν
1433 2069 1690 2139 Ποιμένω
1735 2068 1800 2121 Τί

248 2163 456 2233 ποιήσω
473 2164 590 2224 ταῖς
612 2163 868 2233 ταραχαῖς
892 2159 1114 2224 ταύταις
1141 2161 1260 2224 ταῖς
1284 2160 1674 2233 ταραττούσαις
1697 2178 1761 2231 με
1783 2177 1798 2225 ;

240 2251 401 2320 Λέγει
425 2250 568 2321 αὐτῷ
586 2252 613 2303 6
638 2251 837 2322 γέρων·
870 2248 1206 2320 κλαύσωμεν
1230 2249 1457 2304 ἐνώπιον
1482 2250 1580 2321 τῆς
1602 2251 1802 2320 ἀγαθό-

237 2360 397 2412 τητος
420 2342 511 2398 τοῦ
538 2342 669 2396 Θεοῦ
696 2344 753 2395 ἐν
774 2343 938 2396 παντὶ
959 2343 1111 2414 κόπῳ
1133 2342 1310 2415 ἡμῶν,
1327 2344 1432 2408 ἕως
1447 2345 1658 2416 ποιήσει
1681 2343 1799 2416 μεθ’

236 2435 389 2507 ἡμῶν
414 2436 473 2488 τὸ
498 2435 642 2500 ἔλεος
667 2434 854 2489 αὐτοῦ.

301 2526 442 2599 ρκγῖ
474 2527 642 2581 Πάλιν
668 2524 951 2599 ⁴ίιριὶιτησιεν
973 2527 1135 2580 αὑτὸν
1163 2527 1192 2580 6
1212 2527 1436 2599 ἁδελφός
1462 2546 1476 2562 ο
1501 2529 1567 2582 Τί
1588 2530 1799 2601 ποιήσω

232 2621 347 2681 ταῖς
406 2617 659 2689 ἀκερδέσι
708 2634 808 2688 μου
864 2617 1067 2688 φιλίαις
1124 2617 1189 2683 ἃς
1242 2618 1378 2691 Exte;
1417 2619 1475 2673 Ὀ
1511 2620 1568 2674 δὲ
1615 2617 1791 2674 εἶπενο

237 2710 421 2764 Ἔστιν
447 2710 733 2782 ἄνθρωπος
758 2711 967 2783 ρέγχων
995 2714 1077 2775 είς
1102 2711 1161 2765 τὸ
1190 2711 1497 2775 ἀποθανεῖν,
1520 2712 1613 2765 καὶ
1634 2729 1801 2783 προσ-

233 2801 365 2872 έχων
409 2800 613 2870 φιλίαις
646 2800 741 2854 τοῦ
778 2800 993 2875 κόσμοιι
1019 2800 1229 2856 τούτου.
1260 2801 1350 2873 Μὴ
1396 2800 1643 2873 ἐγγίσῃς,
1665 2801 1797 2873 μηδὲ

233 2891 334 2962 ἆψῃ
371 2891 571 2943 αὐτῶν·
597 2892 689 2944 καὶ
711 2892 803 2960 ἀφ’
834 2891 1043 2944 ἑαυτῶν
1073 2890 1497 2964 ἀλλοτριοῦνται.

295 2982 433 3053 ρκδη
476 2981 726 3053 Ἀδελφδς
769 2981 1019 3055 ἠρώτησε
1070 2983 1162 3036 τὸν
1207 2983 1381 3039 ἀϐὁᾶν
1421 2981 1678 3054 Ποιμένα,
1708 2981 1798 3036 λέ-

230 3084 336 3143 γων
357 3092 372 3105 ·
412 3075 642 3129 Δύναται
689 3075 974 3146 ἄνθρωπος
999 3071 1139 3131 εἶναι
1179 3076 1400 3148 νεκρός;
1434 3076 1595 3145 Λέγει
1627 3073 1794 3145 αὐτῷ,

230 3167 306 3222 δτι
334 3169 461 3223 Ἐὰν
492 3170 670 3241 φθάσῃ
700 3170 780 3233 είς
799 3169 896 3242 τὴν
929 3170 1222 3242 ἁμαρτίαν,
1255 3170 1459 3240 γίνεται
1490 3168 1792 3224 ἀποθανών·

229 3261 322 3315 ἐὰν
365 3261 425 3315 δὲ
470 3260 654 3336 φθάσῃ
706 3261 787 3324 είς
834 3260 896 3314 τὸ
930 3259 1151 3330 ἀγαθὸν,
1185 3259 1407 3331 ζήσεται
1450 3263 1544 3316 καὶ
1582 3262 1794 3331 ποιήσει

228 3353 376 3408 αὐτὸ.

296 3444 433 3518 ρκε’.
472 3440 640 3499 Εἶπεν
666 3447 694 3501 6
728 3445 900 3509 ά66ᾶς
920 3446 1150 3516 Ποιμὴν,
1181 3446 1262 3499 ὅτι
1289 3441 1439 3500 εἶπεν
1474 3448 1499 3500 6
1533 3447 1794 3518 μακάριος

226 3537 393 3599 άδὸάς
418 3535 718 3600 Ἀντώνιος,
742 3535 822 3590 δτι
848 3535 914 3589 Ἦ
943 3535 1151 3606 μεγάλη
1178 3535 1465 3590 δυναστεία
1483 3536 1575 3590 τοῦ
1594 3535 1798 3608 ἀνθρὼ-

224 3645 322 3683 που
370 3631 540 3691 ἐστὶν,
573 3628 659 3684 ἵνα
705 3629 890 3683 ἐπάνω
934 3628 1099 3682 αὐτοῦ
1140 3628 1279 3703 βάλῃ
1306 3629 1367 3683 τὸ
1403 3630 1532 3684 ίδιον
1572 3630 1793 3703 σφάλμα

226 3718 450 3774 ἐνώπιον
504 3719 729 3791 Κυρίου,
788 3719 884 3774 καὶ
943 3720 1289 3795 προσδοκήσῃ
1343 3722 1644 3794 πειρασμὸν
1690 3723 1794 3787 ἓως

227 3815 457 3885 ἐσχάτης
478 3810 779 3881 ἀναπνοῆς.
1314 3886 1319 3893 .
1340 3828 1343 3831 λ

292 3907 444 3973 ρκς¹.
482 3898 768 3972 Ἦρωτήθη
807 3901 836 3954 6
874 3899 1048 3964 ἀόϐᾶς
1077 3899 1308 3972 Ποιμὴν,
1334 3900 1415 3955 ὅτι
1452 3902 1534 3966 είς
1555 3899 1673 3955 τίνα
1702 3900 1793 3973 ἔρα

228 4010 371 4062 χεται
417 3993 446 4046 6
491 3991 649 4060 λόγος
684 3992 713 4044 6
738 3990 1140 4063 γεγραμμένος,
1182 3992 1263 4044 ὅτι
1307 3990 1405 4063 Μὴ
1428 3993 1793 4062 φροντίσητε

231 4084 355 4152 περὶ
383 4083 489 4155 τῆς
520 4083 749 4152 αὔριον.
787 4083 947 4152 Λέγει
970 4082 1118 4154 αὐτῷ
1144 4084 1173 4137 6
1199 4082 1399 4154 γέρωνδ
1426 4074 1570 4155 Πρός
1591 4085 1793 4159 ἄνθρω-

228 4190 328 4227 πον
349 4175 469 4229 ὄντα
506 4176 567 4227 ἐν
593 4172 885 4244 πειρασμῷ
919 4173 1013 4227 καὶ
1044 4172 1407 4246 ὀλιγωροῦντα
1448 4176 1672 4248 ἐρρήθη.
1706 4177 1789 4231 ἵνα

225 4263 301 4337 μὴ
324 4266 605 4338 φροντίσῃ.
644 4264 837 4333 λέγων,
870 4264 1041 4319 Πόσον
1060 4265 1251 4338 χρόνον
1280 4265 1388 4338 ἔχω
1418 4267 1477 4319 ἐν
1497 4266 1575 4338 τῷ
1599 4286 1686 4321 πει
1695 4285 1791 4340 ρα-

223 4358 342 4430 σμῷ
360 4358 572 4428 votivo);
599 4356 737 4411 ἀλλὰ
761 4356 959 4427 μᾶλλον
986 4357 1287 4429 λογίσηται,
1318 4358 1491 4428 λέγων
1509 4358 1628 4413 καθ’
1661 4360 1789 4414 ἑκά-

223 4463 370 4518 στην,
400 4447 462 4501 τὸ
490 4445 749 4519 σήμερον.

291 4544 427 4616 ρκξ.
477 4538 613 4597 Eine
662 4543 845 4609 πάλιν,
894 4545 977 4599 ὃτι
1032 4544 1107 4598 Τὸ
1157 4542 1363 4608 διδάξαι
1414 4544 1504 4597 τὸν
1560 4545 1783 4617 πλησίον

220 4634 548 4704 ὑγιαίνοντός
571 4635 686 4693 ἐστι
735 4637 828 4690 καὶ
854 4636 1116 4699 ἀπαθοῦς·
1148 4637 1267 4689 ἐπεὶ
1286 4636 1369 4699 τίς
1395 4637 1552 4709 χρεία
1579 4638 1780 4693 οἰκοδο-

224 4726 395 4798 μῆσαί
443 4743 559 4780 τινα
593 4726 751 4782 ἄλλον
807 4728 1008 4794 οἰκίαν,
1046 4728 1139 4781 καὶ
1179 4729 1281 4799 τὴν
1317 4728 1451 4781 ἰδίαν
1494 4730 1785 4803 καταστρέ-

221 4823 315 4888 ψαι
341 4818 413 4886 ¹¹;

293 4918 424 4982 ρκη¹.
456 4912 626 4967 Πάλιν
657 4907 831 4978 εἶπεν,
855 4912 939 4965 ὅτι
966 4912 1059 4977 Τίς
1085 4914 1244 4984 χρεία
1271 4912 1525 4967 ἀπελθεῖν
1557 4931 1679 4968 τινα
1700 4914 1782 4979 είς

226 5002 426 5073 τέχνην,
464 5004 560 5057 καὶ
593 5003 667 5076 μὴ
691 5004 882 5075 μαθεῖν
906 5005 1109 5076 αὑτήν;

289 5094 419 5162 916’.
457 5090 592 5149 Εἶπε
637 5094 822 5162 πάλιν,
854 5096 938 5151 ’ότι
975 5096 1056 5152 Τὰ
1093 5098 1410 5171 ὑπέρμετρα
1443 5098 1619 5153 πάντα
1667 5097 1774 5152 τῶν

227 5180 475 5257 δαιμόνων
501 5185 662 5243 είσίν.

290 5276 379 5351 ρλ’.
400 5274 535 5333 Eine
559 5279 743 5348 πάλιν,
764 5282 889 5336 Ὀτι
918 5283 1046 5338 ὅταν
1076 5283 1241 5357 μέλλῃ
1268 5283 1552 5356 ἄνθρωπος
1577 5281 1770 5337 οἰκοδο-

1914 513 2036 554 eum
2075 503 2379 554 concitatus
2418 499 2617 564 fueris,
2662 510 2862 558 temere
2919 505 3191 562 irasceris.
3243 506 3467 568 Sedulii

1914 601 1965 647 te
1994 607 2024 646 a
2055 591 2163 648 Deo
2195 607 2452 663 separare
2489 593 2738 661 voluerit,
2768 605 2894 651 tunc
2925 599 3181 656 irascere.

1985 684 2106 741 H9.
2161 685 2270 756 (65)
2324 683 2520 742 Frater
2563 689 2914 758 qumstionem
2966 695 3246 763 proposuit
3291 694 3474 752 abbati

1913 778 2195 844 Pmmeni,
2246 781 2376 852 quid
2436 782 2637 838 faceret
2690 784 2928 853 peccatis
2978 787 3114 841 suis.
3173 787 3344 843 Senex
3399 790 3470 845 ita

1913 872 2125 928 loculus
2174 880 2258 928 est
2313 873 2362 927 ei
2394 892 2408 927 :
2439 871 2541 939 Qui
2591 874 2707 927 vult
2757 874 3023 929 redimere
3054 887 3305 946 peccata,
3346 877 3471 931 lletu

1912 963 2175 1027 redimet;
2208 971 2260 1019 et
2281 965 2374 1033 qui
2409 965 2525 1017 vult
2547 966 2829 1033 acquirere
2860 965 3106 1027 virtutes,
3138 965 3261 1021 ﬂetu
3287 970 3474 1037 aequi-

1914 1062 2012 1108 ret.
2049 1052 2185 1108 Nam
2228 1053 2356 1109 ﬂere
2379 1056 2462 1110 via
2496 1067 2577 1112 est
2603 1071 2763 1126 quam
2793 1058 3015 1113 tradidit
3043 1061 3198 1113 nobis
3230 1060 3474 1129 Scriptu-

1910 1160 2007 1209 ra,
2049 1161 2258 1200 net-non
2313 1146 2501 1202 Patres
2558 1148 2766 1213 nostri,
2813 1149 3047 1203 dicendo
3079 1168 3092 1203 :
3128 1151 3296 1206 Flete.
3358 1153 3472 1208 Alia

1908 1242 2109 1311 quippe
2130 1242 2214 1296 via
2243 1257 2352 1295 non
2378 1250 2482 1307 est,
2516 1253 2712 1310 praeter
2741 1243 2924 1295 istam.

1980 1413 2105 1469 120.
2150 1415 2259 1486 (66)
2295 1417 2649 1472 Percontatus
2683 1425 2767 1471 est
2802 1417 2970 1471 frater
3011 1432 3074 1472 ex
3121 1417 3316 1471 abbate
3351 1416 3469 1472 Ρωο

1907 1519 2099 1560 mene:
2125 1505 2262 1573 Quid
2299 1518 2382 1562 est
2413 1510 2727 1580 paenitentia
2761 1510 2829 1565 de
2864 1511 3123 1579 ρεσπιιοῖ
3152 1509 3324 1566 Senex
3353 1513 3426 1564 ait
3453 1532 3466 1566 :

1906 1593 2024 1648 Non
2050 1598 2282 1666 amplius
2322 1596 2452 1653 illud
2496 1611 2826 1670 perpetrare.
2873 1603 3163 1674 Propterea
3203 1607 3346 1660 enim
3374 1608 3468 1676 qui

1901 1689 2035 1759 justi
2071 1691 2287 1748 fuerunt
2322 1697 2492 1749 vorati
2520 1706 2649 1751 sunt
2691 1698 3042 1763 itnmaculati,
3077 1700 3204 1771 quia
3236 1702 3469 1773 relique-

1835 1780 1875 1835 B
1904 1791 2033 1837 runt
2068 1796 2308 1854 peccata.
2329 1788 2573 1858 justique
2599 1788 2773 1844 eﬂ‘eeti
2805 1800 2954 1848 sunt.

1973 1877 2096 1931 121.
2139 1878 2279 1933 Dixit
2328 1880 2557 1944 iterum,
2605 1881 2885 1938 hominum
2935 1882 3197 1939 malitiam
3244 1899 3274 1940 a
3316 1893 3465 1955 tergo

1899 1982 2087 2022 eorum
2116 1985 2239 2025 esse
2274 1971 2666 2028 absconditam.

1972 2058 2094 2112 122.
2121 2060 2232 2129 (67)
2255 2058 2446 2114 Frater
2471 2065 2815 2134 interrogavit
2841 2064 3093 2122 abbatem
3116 2067 3462 2125 Pmmenem:

1900 2151 2039 2219 Quid
2075 2154 2264 2208 faciam
2304 2157 2807 2225 perturbationibus
2837 2159 2923 2214 his
2953 2175 3075 2230 qua:
3104 2176 3191 2216 me
3229 2160 3467 2216 vexant?

1899 2245 1988 2298 Ait
2032 2245 2108 2297 illi
2160 2262 2322 2301 senex
2362 2266 2375 2302 :
2412 2246 2695 2304 Ploremus
2744 2265 2928 2304 coram
2983 2252 3229 2308 bonitate
3281 2252 3373 2308 Dei
3407 2255 3463 2309 in

1899 2337 2046 2391 omni
2082 2338 2266 2393 labore
2284 2347 2491 2404 nostro,
2524 2340 2700 2397 donec
2732 2358 2859 2413 erga
2896 2358 2998 2399 nos
3030 2344 3329 2400 ostenderit
3358 2346 3461 2399 tui—

1900 2430 2253 2485 sericordiam
2287 2448 2461 2486 suam.

1973 2522 2094 2575 1'25.
2137 2522 2333 2577 lterum
2377 2525 2447 2579 ab
2477 2540 2544 2580 eo
2584 2535 2934 2595 percontatus
2975 2536 3059 2585 est
3086 2528 3252 2585 frater
3281 2550 3295 2584 :
3321 2528 3464 2598 Quid

1901 2611 2142 2669 facturus
2188 2630 2309 2669 smn
2345 2615 2627 2673 inutilibus
2673 2618 2959 2676 desideriis
3000 2622 3198 2692 quibus
3238 2621 3463 2678 teneor?

1899 2702 2088 2760 Dixit:
2128 2706 2219 2762 Est
2273 2708 2456 2773 homo,
2513 2712 2604 2780 qui
2662 2713 3009 2769 rhonchissat
3069 2714 3136 2769 ad
3194 2725 3460 2782 mortem,

1900 2797 2236 2868 attenditque
2271 2799 2434 2870 hujus
2476 2804 2657 2856 saeculi
2692 2804 3001 2860 desideriis.
3040 2805 3118 2862 Ne
3166 2809 3458 2878 appropim

1903 2893 2157 2959 quaveris
2179 2892 2244 2945 ad
2274 2907 2357 2956 ea,
2391 2908 2457 2948 ne
2488 2894 2764 2964 tetigeris;
2797 2904 2850 2951 et
2881 2897 3134 2953 set-edent
3158 2909 3370 2968 sponte.

1976 2982 2090 3036 l2t.
2154 2982 2338 3039 Frater
2399 2985 2751 3056 interrOgavit
2809 2989 3057 3043 abbatem
3113 2989 3458 3055 Pmmenem,

1900 3073 1999 3126 hoc
2056 3089 2346 3130 sermone:
2381 3073 2631 3130 Potestne
2682 3074 2844 3129 homo
2886 3091 3007 3131 esse
3056 3077 3339 3132 mortuus?
3370 3077 3461 3131 Ait

1899 3165 1973 3218 illi
2001 3179 2016 3217 :
2046 3164 2099 3218 Si
2131 3165 2409 3219 devenerit
2443 3167 2508 3219 ad
2558 3178 2837 3237 peccatmn
2858 3209 2874 3234 ,
2909 3170 3187 3242 (moritur;
3230 3169 3277 3224 si
3328 3184 3459 3225 vero

1897 3257 2200 3324 pervenerit
2221 3257 2285 3310 ad
2322 3258 2539 3323 bonum,
2574 3260 2735 3320 vivet,
2769 3260 3006 3330 illudque
3033 3261 3372 3332 opcrabitur.

1966 3435 2087 3489 125.
2131 3434 2242 3508 (68)
2281 3435 2487 3491 Retulit
2518 3437 2690 3494 abbas
2720 3437 2961 3504 Pmmen,
2992 3439 3196 3495 dictum
3227 3440 3394 3497 fuisse
3427 3456 3458 3495 a

1895 3526 2049 3581 beato
2072 3527 2266 3583 abbate
2286 3528 2546 3595 Antonio,
2573 3532 2717 3600 quod
2746 3548 2935 3603 magna
2961 3531 3194 3587 hominis
3215 3543 3459 3604 potestas

1892 3620 1982 3683 sit,
2014 3628 2074 3674 ut
2104 3636 2269 3688 super
2307 3637 2367 3675 se
2404 3624 2581 3676 mittat
2625 3636 2906 3692 peccatum
2940 3640 3098 3680 suum
3127 3642 3310 3680 coram
3347 3623 3457 3681 Do-

1893 3711 2060 3776 mino,
2092 3722 2477 3782 exspectetque
2510 3716 2862 3770 teutationem
2898 3732 3073 3771 usuue
3106 3715 3173 3770 ad
3204 3717 3455 3773 ultimum
3552 3788 3561 3800 .

1891 3803 2138 3861 halitum.

1961 3896 2083 3951 126.
2143 3896 2256 3968 (69)
2313 3896 2681 3968 interrogatus
2728 3907 2815 3955 est
2867 3899 3032 3955 abbas
3080 3898 3340 3961 Ptemcn.
3395 3902 3451 3955 in

1887 4002 2046 4058 quem
2087 3987 2401 4043 conveniret
2447 3989 2670 4042 verbum
2723 3987 3016 4061 Scriptura:
3052 4007 3066 4045 :
3114 3984 3294 4045 Νᾱιίιε
3339 4005 3455 4045 esse

1888 4080 2107 4137 solliciti
2140 4081 2204 4135 de
2238 4082 2470 4135 crastino
2501 4082 2564 4136 ”.
2612 4081 2909 4151 Respondit
2947 4098 3109 4137 senex
3141 4101 3154 4136 :
3185 4086 3451 4154 Competit

1889 4173 2096 4228 homini
2127 4174 2179 4227 in
2212 4177 2507 4229 tentatioue
2541 4175 2739 4243 posito,
2772 4189 2836 4228 ac
2868 4174 3159 4235 deﬁcienti.
3201 4191 3268 4230 ne
3303 4176 3453 4232 solli-

1887 4267 2027 4321 citus
2071 4266 2174 4327 sit,
2220 4265 2409 4320 dicens
2439 4283 2452 4317 ε
2483 4264 2697 4332 Quanto
2733 4275 2975 4336 tempore
3019 4267 3118 4320 hac
3154 4269 3452 4323 tentatione

1885 4360 2164 4413 vexandus
2208 4356 2363 4412 sum?
2406 4358 2501 4411 sed
2551 4358 2733 4428 potius
2777 4359 3074 4426 existimet,
3117 4361 3453 4431 singulisque

1815 4491 1859 4546 υ
1885 4451 2079 4505 diebus
2103 4449 2269 4513 dicat,
2303 4449 2479 4506 hodie.

1957 4541 2077 4596 127.
2120 4542 2230 4611 (70)
2298 4540 2440 4596 Dixit
2469 4544 2664 4597 iterum
2697 4561 2709 4596 :
2743 4540 2947 4597 Docere
2978 4544 3309 4611 proximum,
3362 4560 3448 4597 res

1885 4644 1968 4689 est
1999 4633 2236 4690 hominis
2278 4636 2397 4690 sani
2440 4651 2504 4690 ac
2551 4636 2959 4705 perturbatione
2988 4638 3246 4691 carentis.
3297 4637 3448 4691 Alio-

1885 4729 2016 4798 quin
2049 4744 2168 4798 qua:
2199 4728 2424 4793 utilitas,
2458 4730 2503 4784 si
2536 4730 2660 4800 quis
2691 4729 2920 4785 mdilicet
2951 4729 3175 4784 alterius
3204 4729 3447 4794 domum,

1887 4835 2039 4876 suam
2063 4835 2192 4874 vero
2227 4821 2473 4876 evertat?

1958 4913 2080 4970 128.
2119 4911 2334 4970 Rursus
2370 4915 2507 4969 dixit
2545 4932 2561 4970 :
2607 4911 2738 4982 Quae
2790 4915 2999 4971 utilitas
3039 4914 3117 4970 ire
3157 4913 3444 4986 quemdam

1883 5004 1948 5060 ad
1981 5013 2172 5070 artem,
2206 5020 2304 5059 nec
2341 5020 2459 5059 eam
2490 5004 2749 5061 discere?

1952 5096 2074 5151 1‘29.
2120 5096 2259 5151 Dixit
2307 5103 2569 5167 praeterea
2596 5115 2610 5150 :
2642 5096 2853 5152 Cuncta
2878 5112 2998 5167 quae
3027 5094 3246 5151 modum
3278 5108 3443 5152 exce-

1878 5190 2033 5255 dunt,
2059 5190 2364 5245 daemonum
2394 5198 2539 5246 sunt.

1945 5281 2069 5339 150.
2109 5282 2221 5337 Hoc
2262 5281 2426 5339 etiam
2474 5282 2793 5353 prolocutus
2832 5289 2964 5339 est:
3005 5277 3181 5336 Homo
3220 5277 3450 5341 domum.

287 5439 328 5474 ¹⁹
353 5440 437 5499 AI.
460 5442 586 5500 add.
623 5443 889 5518 σφοδρῶς.
959 5446 1002 5478 ¹¹
1033 5446 1117 5502 Al.
1154 5446 1472 5503 καταλῦσαι.
1552 5447 1594 5478 ¹’
1627 5445 1788 5501 Matth

1903 5486 1915 5510 ,
1950 5447 2057 5511 ὄις
2091 5444 2316 5500 Doroth.
2356 5447 2516 5515 epist.
2550 5460 2589 5513 ι,
2621 5445 2672 5501 7.

303 5597 390 5671 65)
413 5596 647 5671 ἔξεεείί.
680 5598 844 5655 Voss.
875 5617 931 5671 p.
964 5601 1086 5657 I32.

305 5668 386 5740 (ξῧ)
422 5668 540 5740 Ϊίιο
566 5668 724 5740 Ραέἴο
755 5668 936 5730 IIII”
965 5691 981 5740 ;
1014 5671 1240 5729 Hisce".
1268 5669 1429 5728 Voss.
1464 5673 1541 5725 Ib.

306 5737 387 5811 67)
412 5738 619 5798 Niceti.
649 5738 808 5796 Voss.
845 5741 918 5797 Ib.

1948 5600 2063 5669 (68)
2092 5600 2149 5654 S.
2183 5602 2238 5655 in
2267 5603 2462 5657 Anton.
2486 5618 2544 5657 ιι.
2578 5603 2631 5657 4.

1947 5671 2061 5743 (69)
2101 5671 2205 5743 Yt't.
2244 5670 2393 5726 Patr.
2436 5689 2508 5728 Iv.
2542 5673 2596 5728 9.

1946 5741 2060 5811 (70)
2095 5742 2153 5797 L.
2181 5743 2432 5800 Dorothei
2465 5743 2705 5800 Institut.
2741 5741 2828 5801 17.
