4036 6202
483 254 592 313 555

1624 255 1962 313 APPENDIX
2002 261 2093 315 AD
2131 256 2542 317 PALLADIUM.

3589 247 3698 302 556

482 377 879 437 aliﬁeaturus,
916 371 1095 426 ’multa
1138 373 1446 430 necessaria
1493 374 1726 445 colligit,
1759 390 1869 444 quo
1911 389 2039 444 pos-

2171 375 2312 442 ιῆσαι
2342 369 2509 430 οἷκον.
2549 370 2744 433 πολλὰς
2773 369 2815 398 ¹⁶
2843 367 3027 440 χρείας
3055 369 3294 438 συνάγει.
3325 366 3471 427 ὅπως
3505 361 3702 446 δυνηθῇ

485 474 557 525 sit
610 484 727 524 eam
773 469 1012 536 erigere;
1066 480 1129 519 ac
1177 469 1356 522 varias
1413 483 1596 522 rerum
1644 469 1856 537 species
1907 483 2041 522 con-

486 569 692 632 gregat.
731 559 802 612 Ita
826 565 879 613 et
909 573 1028 621 nos,
1054 573 1246 628 parum
1280 574 1561 615 sumamus
1581 575 1611 614 e
1639 561 1851 616 cunctis
1878 561 2048 614 virtu-

486 656 651 707 tibus.

557 743 680 797 151.
733 741 1081 812 Rogaverunt
1138 741 1358 811 quidam
1406 759 1435 798 e
1490 743 1742 800 Patribus
1798 746 2047 802 abbatem

488 834 814 896 Pminenem,
845 832 1090 887 dicentes
1126 856 1137 888 :
1174 832 1290 899 Qua
1327 834 1539 890 ratione
1576 837 1743 891 abbas
1773 837 2052 892 Nisterous

487 926 622 980 adeo
677 926 926 979 toleravit
981 925 1306 995 discipulum
1364 929 1570 981 suum?
1627 928 1924 998 Respondit
1974 931 2053 984 eis

488 1018 655 1071 abbas
704 1015 924 1070 Pmmen
971 1034 984 1068 :
1035 1016 1091 1070 Si
1147 1033 1246 1088 ego
1295 1017 1555 1078 fuissem.
1609 1022 1770 1076 etiam
1821 1023 2052 1076 cervical

491 1109 792 1177 posuissem
839 1108 940 1161 sub
988 1108 1107 1176 ejus
1152 1118 1332 1177 caput.
1385 1110 1472 1163 Ait
1518 1112 1590 1164 illi
1641 1113 1808 1165 abbas
1851 1113 2050 1165 Anub:

494 1199 554 1250 Et.
582 1199 706 1267 quid
742 1197 972 1252 dixisses
1014 1197 1159 1252 Deo?
1187 1197 1409 1269 Excepit
1450 1200 1615 1254 abbas
1645 1200 1865 1256 Pmmeu
1898 1219 1911 1254 :
1942 1201 2057 1254 Uti-

490 1303 595 1355 que
628 1286 862 1340 dicerem
902 1305 915 1340 :
956 1287 1070 1340 Tua
1103 1303 1204 1341 vox
1239 1298 1321 1342 cst
1355 1305 1368 1341 ε
1405 1288 1551 1357 Ejice
1583 1292 1810 1357 primum
1859 1289 2055 1343 trabem

492 1379 555 1430 de
604 1378 754 1431 oculo
808 1387 933 1440 tuo,
986 1386 1034 1430 et
1079 1387 1200 1430 tunc
1243 1378 1439 1433 videbis
1471 1381 1658 1449 ejicere
1699 1380 1956 1448 festucam
1995 1379 2058 1433 de

493 1470 641 1522 oculo
676 1470 862 1537 fratris
900 1472 974 1523 tui
1010 1471 1072 1522 ¹³.

566 1561 687 1615 152.
731 1559 944 1615 Dictum
999 1562 1097 1616 fuit
1146 1565 1213 1618 ab
1258 1563 1454 1618 abbate
1504 1563 1755 1619 Poemene
1789 1582 1802 1618 :
1837 1565 2059 1618 Esuries

495 1663 548 1709 et
569 1655 885 1708 dormitatio
918 1669 1027 1708 non
1061 1657 1302 1710 siverunt
1333 1671 1430 1709 nos
1469 1656 1649 1710 videre
1680 1659 1887 1709 minuta
1925 1658 2055 1709 haec.

568 1830 692 1885 155.
735 1829 882 1884 Dixit
916 1831 1110 1886 iterum
1136 1849 1151 1886 :
1177 1830 1329 1886 Multi
1361 1841 1608 1902 potentes
1636 1831 1871 1893 fuerunt.
1906 1833 2062 1902 pauci

498 1937 625 1976 vero
653 1933 1010 1992 provocantes
1039 1923 1103 1976 ¹’·.

570 2016 696 2071 134.
739 2016 851 2086 (τι)
896 2016 1105 2072 Rursus
1152 2017 1317 2073 dixit.
1366 2016 1525 2071 editis
1574 2016 2065 2087 gemitibuszUni-

499 2123 670 2162 versa:
698 2113 931 2164 virtutes
964 2111 1016 2163 in
1041 2111 1262 2164 domum
1294 2109 1435 2162 hanc
1468 2109 1724 2180 ingressa:
1750 2119 1898 2172 sunt,
1932 2125 2065 2180 prm-

500 2207 585 2253 ter
632 2215 792 2253 unam
820 2240 834 2264 ,
875 2202 990 2255 sine
1017 2217 1124 2272 qua
1173 2210 1350 2256 tamen
1378 2216 1518 2268 aegre
1548 2203 1710 2254 stabit
1752 2202 1925 2258 homo.
1963 2200 2066 2256 Pe-

501 2293 706 2347 tierunt
734 2293 896 2361 igitur
923 2295 989 2346 ab
1012 2310 1098 2357 eo,
1135 2309 1381 2364 quianam
1417 2293 1505 2346 illa
1528 2300 1693 2347 esset.
1720 2283 1785 2344 Et
1814 2292 1928 2345 infit
1953 2312 1966 2343 :
1999 2291 2066 2346 Ut

503 2384 665 2438 homo
699 2385 934 2453 seipsum
969 2383 1345 2454 reprehendat.

576 2475 696 2529 155.
740 2475 886 2529 Dixit
913 2492 1054 2544 saepe
1086 2477 1250 2528 abbas
1283 2475 1524 2534 Ptemcn.
1555 2475 1701 2546 quod
1738 2477 1840 2529 alia
1872 2491 1928 2531 re
1959 2491 2066 2529 non

506 2565 828 2634 indigemus,
861 2566 964 2620 nisi
1003 2575 1181 2621 mente
1221 2567 1490 2636 vigilanti.

576 2653 699 2709 156.
755 2656 967 2726 Aliquis
1018 2673 1048 2711 e
1100 2657 1353 2712 Patribus
1405 2658 1759 2730 interrogavit
1817 2661 2069 2715 abbatem

506 2741 815 2799 Pmmenem
852 2763 864 2800 :
900 2745 1160 2812 Quisnam
1208 2755 1292 2801 est
1338 2749 1430 2818 qui
1471 2749 1604 2803 dicit
1635 2769 1646 2804 :
1683 2749 1951 2820 Particeps
1977 2769 2070 2822 ego

511 2851 629 2889 sum
677 2838 909 2890 omnium
954 2839 1247 2892 timentium
1287 2850 1335 2894 te
1364 2842 1445 2894 ”?
1483 2841 1546 2894 Et
1570 2845 2028 2914 respondilseuex
2054 2885 2069 2910 ,

506 2943 628 2984 esse
657 2927 925 2999 Spiritum
961 2941 1228 2989 sanctum.

2145 465 2337 534 στῆσαι
2369 463 2459 516 τὸν
2491 459 2657 526 οἷκον,
2691 463 2784 515 καὶ
2825 462 3054 533 διάφορα
3095 460 3150 514 δὲ
3188 459 3301 528 εἴδη
3327 457 3569 525 συνάγει.
3598 455 3710 507 0‘6-

2142 574 2250 621 τως
2295 557 2390 610 καὶ
2437 557 2614 627 ἡμεῖς,
2653 554 2905 624 λάϐωμεν
2944 553 3079 624 πρὸς
3127 550 3318 623 μικρὸν
3359 548 3467 603 ἀπὸ
3521 545 3712 600 πασῶν

2143 649 2252 701 τῶν
2286 646 2518 720 ἀρετῶν.
2968 656 2970 659 ’

2218 737 2352 809 ρλα’.
2396 735 2710 807 Ἦρὼτησάν
2761 752 2904 797 τινες
2946 732 3054 786 τῶν
3104 731 3361 802 Πατὲρων
3403 731 3491 782 τὸν
3539 725 3713 781 ἀδὸᾶν

2146 831 2405 901 Ποιμένα,
2457 828 2723 896 λέγοντες·
2783 827 2906 890 Πῶς
2953 826 3126 889 οὕτως
3164 825 3418 893 ἠνέσχετο
3464 824 3493 874 6
3541 820 3714 883 6665.;

2149 921 2454 992 Νισθερῶος
2481 919 2574 972 τοῦ
2607 918 2845 990 μαθητοῦ
2869 919 3031 972 αὐτοῦ
3057 935 3070 978 ;
3102 916 3263 983 Λέγει
3286 915 3469 976 αὐτοῖς
3498 916 3525 964 6
3545 912 3717 975 ἀϐὁᾶς

2152 1013 2383 1083 Ποιμήν·
2418 1013 2482 1063 Εἰ
2533 1010 2643 1078 ἐγὼ
2681 1010 2848 1079 ἥμην,
2883 1009 2976 1060 καὶ
3016 1008 3076 1059 τὸ
3117 1005 3466 1077 κερϐικάριον
3509 1003 3717 1057 ἐτίθουν

2155 1104 2288 1174 πρὸς
2323 1101 2560 1172 κεφαλὴν
2602 1100 2785 1153 αὐτοῦ.
2817 1099 2976 1166 Λέγει
3019 1097 3168 1168 αὐτῷ
3209 1097 3236 1147 6
3285 1096 3456 1160 ἀ66ἄς
3506 1092 3712 1146 ’Ᾱνούσο

2155 1192 2263 1246 Καὶ
2287 1192 2338 1244 τί
2367 1192 2549 1259 ἔλεγες
2575 1190 2654 1259 τῷ
2683 1188 2832 1257 Qui);
2871 1188 3030 1256 Λέγει
3064 1189 3091 1240 6
3113 1185 3285 1248 6166i;
3318 1187 3550 1256 Ποιμήν·
3579 1185 3718 1255 Ἐρῶ

2154 1280 2268 1349 οὖν,
2303 1285 2382 1336 ὅτι
2418 1286 2489 1336 Σὺ
2530 1277 2708 1344 εἴπας·
2745 1282 2994 1333 Ἔκϐαλε
3031 1278 3263 1346 πρῶτον
3305 1277 3417 1345 τὴν
3444 1275 3627 1331 δοκὸν
3651 1277 3719 1329 ἐκ

2155 1376 2261 1430 τοῦ
2284 1375 2591 1445 ὀφθαλμοῦ
2625 1391 2760 1436 σου,
2793 1372 2888 1426 καὶ
2920 1372 3049 1423 τότε
3072 1367 3412 1437 διαϐλέψεις
3445 1367 3720 1422 ἐκϐαλεῖν

2158 1465 2225 1518 τὸ
2253 1464 2479 1533 κάρφος
2499 1465 2566 1517 ἐκ
2592 1464 2695 1518 τοῦ
2728 1460 3031 1531 ὀφθαλμοῦ
3061 1459 3167 1513 τοῦ
3199 1458 3464 1526 ἀδελφοῦ
3498 1475 3633 1512 σου.

2234 1558 2365 1629 ρλβ’.
2414 1553 2579 1608 Εἶπεν
2623 1557 2651 1608 6
2699 1554 2869 1616 esse;
2929 1552 3154 1621 Ποιμήν·
3221 1551 3284 1602 Ἠ
3344 1553 3502 1604 πεῖνα
3549 1552 3642 1602 καὶ
3693 1552 3723 1603 6

2161 1647 2468 1719 νυσταγμὸς
2511 1649 2610 1701 οὐκ
2660 1648 2868 1717 ἀφῆκεν
2923 1645 3067 1716 ἡμᾶς
3125 1643 3250 1696 ἰδεῖν
3300 1642 3470 1696 ταῦτα
3524 1643 3588 1696 τὰ
3636 1643 3724 1696 εὐ-

2096 1726 2138 1779 B
2163 1742 2314 1811 τελῆ.

2235 1822 2365 1910 ρλγ’.
2408 1832 2538 1890 Εἷπε
2583 1835 2739 1890 πάλιν
2759 1852 2772 1864 ·
2810 1834 2999 1888 Πολλοὶ
3027 1833 3271 1904 ἐγένοντο
3300 1829 3528 1884 δυνατοὶ.
3552 1830 3718 1897 ὀλίγοι

2162 1931 2220 1984 δὲ
2243 1933 2285 1964 ¹⁷
2319 1950 2393 1984 πα
2403 1929 2733 2001 ροξῦναντες.

2238 2022 2360 2094 ρλδ’.
2396 2017 2527 2074 Eine
2549 2019 2727 2084 πάλιν,
2762 2018 2898 2090 μετὰ
2933 2017 3244 2087 στεναγμῶν
3270 2015 3378 2087 (72)
3401 2032 3414 2044 ·
3456 2016 3630 2068 Πᾶσαι
3669 2016 3724 2067 αἱ

2163 2114 2354 2184 ἀρεταὶ
2380 2113 2459 2175 εις
2486 2112 2575 2164 τὸν
2603 2107 2748 2164 οἷκον
2771 2109 2956 2162 τοῦτον
2982 2107 3246 2178 εἰσῆλθον,
3277 2107 3427 2179 παρὰ
3453 2108 3581 2176 μίαν
3611 2110 3728 2176 ἁρε-

2165 2205 2262 2273 τήν
2282 2220 2295 2234 ·
2327 2204 2419 2256 xui.
2447 2202 2600 2265 ἐκτὸς
2627 2202 2793 2270 αὐτῆς
2816 2201 2966 2271 κόπῳ
2989 2201 3198 2252 ἵσταται
3229 2199 3528 2271 ἄνθρωπος.
3567 2196 3730 2269 Ἡρώ-

2164 2313 2333 2367 τησαν
2357 2291 2448 2349 οὖν
2481 2295 2640 2349 αὑτὸν
2664 2295 2746 2358 τίς
2763 2294 3011 2348 ET:th
3039 2287 3191 2345 εἶπεν
3211 2308 3224 2322 ·
3253 2292 3367 2344 Ἲνα
3393 2294 3421 2344 6
3448 2291 3730 2362 ἅνθρωπος

2170 2387 2446 2460 μέμψηται
2473 2386 2686 2441 ἑαυτόν.

2239 2478 2365 2550 ρλε’.
2403 2478 2594 2546 ’Ἔλεγε
2623 2477 2880 2542 πολλάκις
2907 2479 2936 2530 6
2959 2477 3129 2541 ἀϐὁᾶς
3159 2475 3390 2548 Ποιμὴν,
3413 2477 3494 2529 ὅτι
3523 2475 3597 2529 Οὐ
3623 2473 3737 2528 δεό-

2171 2567 2312 2640 μεθὰ
2333 2586 2496 2632 τινος.
2535 2570 2584 2621 εἱ
2616 2569 2690 2639 μὴ
2721 2569 2993 2640 νηφούσης
3011 2568 3268 2632 διανοίας.

2241 2657 2382 2732 ρλς’.
2428 2659 2704 2731 Ἠρώτησέ
2737 2676 2818 2722 τις
2850 2658 2956 2711 τῶν
2993 2658 3248 2729 Πατέρων
3281 2656 3370 2710 τὸν
3395 2656 3566 2709 ἀὸϐἄν
3605 2655 3734 2709 Ποι-

2184 2754 2338 2825 μένα,
2381 2752 2552 2821 λέγων
2574 2770 2588 2784 ·
2622 2753 2714 2815 Τίς
2744 2754 2889 2805 ἐστιν
2923 2753 2950 2804 ὁ
2981 2750 3172 2820 λέγων,
3199 2749 3461 2819 Μέτοχος
3483 2747 3596 2818 ἐγώ
3621 2750 3734 2818 ειμι

2171 2845 2410 2899 πάντων
2425 2844 2543 2898 τῶν
2557 2843 2936 2913 φοϐουμένων
2951 2859 3023 2896 σε
3040 2859 3059 2906 ;
3079 2844 3188 2896 Καὶ
3213 2839 3365 2896 εἶπεν
3391 2845 3419 2896 6
3442 2841 3637 2913 γέρων·
3662 2841 3734 2893 'l‘6

2172 2933 2395 3003 Πνεῦμα
2424 2933 2483 2985 τὸ
2507 2933 2660 3000 ἅγιόν
2684 2935 2828 2986 ἐστιν
2852 2935 2880 2985 6
2913 2933 3104 3001 λέγων.

580 3043 701 3098 157.
745 3043 925 3100 Abbas
958 3044 1175 3100 Pmmen
1219 3049 1570 3110 memoravit.
1600 3049 1745 3118 quod
1795 3049 1961 3106 frater
1989 3049 2068 3104 sic

2244 3047 2371 3119 ρλζν.
2406 3043 2570 3100 Εἶπεν
2601 3049 2628 3100 6
2657 3046 2828 3111 ἁὸϐἄς
2849 3048 3075 3117 Ποιμὴν,
3103 3047 3184 3100 ὃτι
3209 3046 3490 3118 ἠρώτησεν
3513 3045 3739 3115 ἀδελφὸς

510 3138 922 3206 interrogaverit
951 3138 1198 3194 abbatem
1235 3139 1511 3195 Simonem
1541 3159 1553 3193 :
1587 3143 1641 3194 Si
1693 3157 1724 3195 e
1775 3143 1906 3195 cella
1952 3158 2069 3196 mea

510 3244 762 3299 egressus
796 3229 983 3292 fuero,
1015 3246 1077 3285 ac
1109 3232 1364 3287 invenero
1401 3235 1621 3288 fratrem
1657 3249 1834 3288 meum
1868 3234 2071 3290 distra-

511 3327 680 3377 ctum,
713 3334 812 3383 ego
851 3334 1064 3388 quoque
1103 3337 1224 3375 cum
1266 3337 1330 3375 eo
1362 3323 1677 3388 distrahor;
1724 3332 1778 3378 et
1809 3325 2069 3379 ridentem

513 3408 559 3462 si
591 3409 872 3468 invenero,
904 3408 1065 3462 etiam
1099 3424 1221 3463 cum
1272 3411 1363 3464 illo
1410 3412 1592 3472 rideo;
1633 3428 1864 3482 cumque
1906 3413 2074 3467 intra-

511 3511 644 3553 vero
684 3497 737 3550 in
781 3497 970 3552 cellam
1020 3515 1192 3554 meam
1215 3539 1230 3560 .
1265 3515 1372 3554 non
1405 3501 1558 3556 sinor
1590 3503 1643 3556 in
1679 3504 1862 3573 quiete
1894 3518 2072 3573 agere.

515 3587 581 3642 Et
611 3589 810 3643 dixerit
835 3591 883 3644 ei
913 3604 1074 3644 senex
1113 3607 1126 3644 :
1163 3590 1278 3654 Vis,
1310 3608 1432 3646 cum
1468 3609 1720 3664 egressus
1751 3609 1781 3650 e
1813 3595 1948 3648 cella
1983 3603 2076 3649 tua

515 3681 786 3750 repercris
818 3681 1093 3743 ridentes.
1134 3692 1188 3736 tu
1221 3683 1382 3737 etiam
1437 3677 1646 3748 ridere;
1675 3694 1729 3740 et
1773 3687 2074 3757 loquentes,

519 3782 572 3827 tu
607 3775 809 3842 pariter
840 3774 1275 3844 loqui;cumque
1295 3775 1584 3830 intraveris
1617 3777 1668 3831 in
1687 3779 1877 3833 cellam
1907 3787 2072 3842 tuam,

517 3875 570 3921 te
619 3865 778 3920 talem
822 3866 1065 3922 invenire
1115 3867 1293 3936 qualis
1347 3869 1512 3923 eras?
1545 3870 1635 3923 Ait
1694 3869 1862 3926 frater
1905 3889 1918 3924 :
1970 3869 2074 3925 Sed

518 3957 686 4029 quid?
725 3957 1020 4028 Respondit
1071 3975 1236 4014 senex
1272 3978 1284 4013 :
1325 3961 1475 4016 Intus
1531 3977 1686 4016 serva
1737 3963 2078 4030 custodiam;

518 4058 672 4104 extra
705 4065 862 4105 serva
895 4050 1218 4106 custodiam.

594 4217 714 4272 158.
758 4218 835 4273 Ex
853 4236 949 4275 ore
976 4223 1190 4278 abbatis
1217 4223 1454 4283 Danielis
1475 4246 1490 4282 :
1512 4226 1767 4284 Venimus
1789 4229 2080 4299 aliquando

522 4308 586 4360 ad
612 4309 856 4363 abbatem
883 4310 1211 4379 Pmmenem,
1234 4319 1506 4388 simulque
1527 4321 1706 4376 cibum
1726 4323 2078 4393 sumpsimus.

2171 3137 2262 3191 τὸν
2301 3136 2473 3190 ἀὸὅᾶν
2515 3137 2752 3207 Σίμωνα,
2789 3135 2981 3205 λέγων,
3024 3137 3105 3189 ὅτι
3157 3136 3280 3189 Ἐὰν
3321 3135 3519 3200 ἐξέλθω
3558 3137 3622 3189 ὲκ
3645 3135 3740 3189 τοῦ

2171 3227 2382 3280 κελλίου
2425 3243 2547 3296 μου,
2583 3227 2676 3280 καὶ
2707 3225 2850 3297 εὕρω
2880 3227 2968 3279 τὸν
3004 3225 3227 3294 ἀδελφόν
3258 3243 3357 3296 μου
3388 3225 3743 3297 περισπώμε-

2173 3334 2282 3377 νον,
2331 3313 2484 3383 κάγὼ
2532 3315 2884 3387 περισπῶμαι
2945 3315 3062 3385 μετ’
3091 3314 3275 3368 αὑτοῦ·
3323 3315 3417 3368 καὶ
3463 3315 3558 3368 ἐὰν
3593 3314 3740 3386 εὕρω

2173 3409 2333 3463 αὐτὸν
2367 3409 2645 3476 γελῶντα,
2714 3407 2866 3478 κάγὼ
2916 3408 3054 3477 γελῶ
3119 3409 3232 3480 μετ’
3276 3407 3459 3462 αὑτοῦ·
3503 3408 3595 3462 ἐὰν
3649 3404 3747 3464 οὖν

2174 3502 2396 3556 εἰσέλθω
2425 3505 2504 3566 εἰς
2547 3502 2606 3554 τὸ
2639 3501 2846 3555 κελλίον
2883 3519 3004 3573 μου,
3041 3503 3139 3555 οὐκ
3171 3502 3399 3573 ἁφίεμαι
3437 3495 3746 3555 ἀνάπαυσιν

2175 3594 2335 3666 ἔχειν.
2357 3596 2518 3664 Λέγει
2541 3593 2690 3665 αὐτῷ
2712 3596 2740 3647 6
2764 3594 2968 3666 γέρων·
2985 3592 3187 3660 Θέλεις,
3214 3595 3304 3646 ἐὰν
3325 3591 3540 3663 ἐξέλθῃς
3563 3594 3626 3645 ὲκ
3649 3590 3748 3644 τοῦ

2175 3686 2384 3740 κελλίου
2421 3705 2535 3750 σου,
2578 3688 2672 3742 καὶ
2700 3687 2864 3759 εὕρῃς
2886 3687 3011 3749 τοὺς
3037 3685 3330 3752 γελῶντας,
3358 3685 3450 3738 καὶ
3480 3687 3542 3738 σὺ
3584 3684 3748 3752 γελά-

2178 3796 2284 3834 σαι·
2319 3780 2412 3832 καὶ
2441 3780 2566 3842 τοὺς
2598 3778 2909 3840 λαλοῦντας,
2937 3778 3030 3831 καὶ
3059 3779 3123 3832 σὺ
3162 3777 3408 3848 λαλῆσαι·
3441 3777 3534 3830 καὶ
3572 3776 3748 3830 εἰσὲλο

2178 3865 2275 3936 θῃς
2322 3867 2401 3929 εἰς
2433 3866 2494 3918 τὸ
2535 3866 2740 3919 κελλίον
2785 3883 2900 3930 σου,
2935 3867 3029 3920 καὶ
3075 3865 3237 3938 εὕρῃς
3295 3867 3478 3920 ἑαυτὸν
3523 3866 3600 3929 ὡς
3639 3863 3746 3939 ἧςς

2177 3957 2337 4026 Λέγει
2371 3960 2399 4010 6
2432 3957 2676 4026 ἀδελφός·
2719 3957 2880 4011 Ἀλλὰ
2921 3958 3004 4023 τί;
3055 3960 3164 4012 Καὶ
3221 3957 3538 4030 ἀποκριθεὶς
3584 3961 3613 4011 6
3658 3961 3750 4029 γέ-

2183 4067 2288 4120 ρων
2335 4046 2506 4103 εἶπεν·
2533 4053 2691 4104 "Eam
2739 4053 2892 4124 τήρει
2939 4053 3206 4125 φυλακὴν,
3244 4053 3349 4120 ἔξω
3391 4055 3545 4124 τήρει
3580 4055 3751 4124 φυλαο

2179 4141 2302 4211 κήν.

2251 4231 2385 4303 ρλη’.
2422 4232 2642 4300 Ἔλεγεν
2690 4235 2718 4286 6
2761 4234 2934 4299 assa;
2977 4235 3190 4306 Δανιὴλ,
3235 4237 3316 4289 ὅτι
3362 4237 3742 4308 Παρεὸάλομέν

2183 4342 2310 4378 ποτε
2356 4323 2434 4395 τῷ
2481 4325 2623 4396 ἁ66ᾷ
2663 4326 2906 4397 Ποιμένι,
2954 4328 3047 4380 καί
3086 4327 3428 4400 ὲγευσάμεθα
3450 4330 3599 4400 ὁμοῦ.
3629 4329 3743 4381 Καὶ

522 4399 714 4454 Postea
732 4402 807 4454 ait
838 4404 996 4458 nobis
1025 4423 1038 4458 :
1067 4405 1161 4469 Ite,
1191 4407 1411 4477 fratres,
1447 4428 1635 4481 parum
1663 4414 1862 4482 quietis
1882 4415 2072 4485 capite.

2186 4417 2321 4485 μετὰ
2347 4415 2408 4468 τὸ
2429 4415 2724 4484 γεύσασθαι
2747 4417 2902 4488 ὁμοῦ,
2926 4418 3072 4488 λέγει
3096 4421 3227 4489 ἡμῖν
3248 4438 3261 4450 ·
3306 4399 3588 4488 Ὑπάγετε.
3611 4418 3746 4472 ἀνα-

520 4491 692 4563 lgitur
723 4492 917 4550 fratres
957 4497 1204 4553 abierunt
1238 4503 1480 4558 cubitum
1515 4503 1582 4558 ad
1628 4507 1898 4561 modicum
1945 4517 2083 4562 tem-

522 4600 659 4654 pus;
699 4601 800 4656 ego
853 4597 1029 4644 autem
1085 4595 1380 4660 permansi,
1437 4605 1494 4649 ut
1539 4601 1769 4653 seorsim
1807 4600 2082 4670 colloque-

522 4688 630 4730 rer.
672 4676 800 4731 Dein
845 4694 1146 4749 exsurgens
1178 4681 1298 4736 veni
1337 4685 1388 4736 in
1423 4687 1611 4740 cellam
1661 4688 1800 4756 ejus.
1851 4687 1920 4742 Ut
1954 4705 2081 4758 ergo

417 4768 423 4771 ’
524 4767 902 4823 animadvertit
942 4787 1026 4824 me
1057 4771 1122 4825 ad
1169 4773 1344 4842 ipsum
1377 4777 1666 4838 accedere,
1705 4778 1990 4832 collocavit
2023 4795 2081 4834 se

523 4857 680 4926 quasi
739 4855 1021 4914 dormiret.
1073 4860 1197 4917 Haec
1245 4864 1386 4917 enim
1438 4873 1556 4919 erat
1605 4868 1751 4921 senis
1803 4872 2079 4938 operatio,

524 4957 718 5004 cuncta
751 4950 803 5004 in
830 4953 1042 5007 occulto
1073 4952 1269 5010 facere.

597 5046 718 5097 139.
759 5043 1019 5098 Monitum
1065 5045 1277 5101 abbatis
1307 5046 1616 5106 Pmmenis:
1649 5051 1706 5106 Si
1747 5053 1944 5108 videris
1969 5072 2084 5125 spe-

599 5234 645 5256 "
675 5233 860 5282 Matth.
895 5246 991 5296 vn,
1024 5231 1075 5285 5.
1152 5232 1196 5264 ”
1221 5232 1381 5290 Hebr.
1408 5253 1460 5301 χ,
1493 5237 1582 5291 24.
1660 5239 1703 5270 ¹¹
1739 5238 1881 5294 Psal.
1907 5255 2096 5306 cxviit,
2120 5242 2206 5297 65.

601 5423 713 5498 (Et)
756 5423 858 5498 ﬁt.
895 5427 1047 5483 Patr.
1076 5448 1209 5496 xxii,
1246 5433 1316 5498 Ως
1347 5432 1570 5489 Doroth.
1607 5435 1790 5491 Dactr.
1822 5438 1874 5491 7.

602 5492 1151 5578 (72)_E7ft§_§_{i115
1196 5492 1345 5578 μετᾶ
1375 5508 1749 5578 στεναγμῶν.
1795 5507 1910 5562 Duo
1960 5508 2085 5564 libri

531 5565 769 5651 QPIPCEL
875 5565 1049 5651 666d;
1105 5565 1334 5651 Ποίμὴν,
1376 5578 1524 5651 ’ποι-ὲ
1544 5565 1886 5651 -ἶαθήμενος
1951 5579 2088 5651 μετὰ

535 5597 769 5646 υυιυειιο
812 5597 839 5616 υ
877 5597 1046 5631 “Uvas
1105 5597 1334 5644 ιωιμην,
1394 5597 1524 5630 ποτε
1581 5597 1718 5651 καυη
1769 5597 1886 5643 ενος
1951 5597 2086 5651 μετα

535 5636 794 5706 ἁδελφων,
829 5634 1077 5702 ἐστέναξε
1105 5643 1245 5708 μέγα
1264 5663 1276 5675 -
1307 5647 1398 5697 καὶ
1431 5648 1607 5701 αὐτῶν
1647 5597 1964 5721 πυθομένων
1988 5651 2086 5718 τὴν

2185 4507 2422 4561 παύεσθε
2458 4509 2672 4581 μικρὸν,
2706 4510 2942 4580 ἀδελφοί.
2990 4512 3257 4582 Ἀπῆλθον
3297 4509 3391 4566 οὖν
3432 4515 3482 4566 οἱ
3532 4512 3749 4580 ἀδελφοὶ

2189 4600 2378 4672 μικρὸν
2421 4602 2748 4673 ἀναπαῆναι,
2795 4603 2950 4673 κάγὼ
2989 4605 3296 4678 παρέμεινα
3340 4605 3566 4676 λαλῆσαι
3601 4604 3751 4672 αὐτῷ

2187 4690 2324 4745 κατὰ
2353 4693 2537 4762 μόνας.
2568 4694 2664 4747 καὶ
2690 4695 2928 4759 ἀναστὰς
2953 4691 3113 4767 ἦλθον
3132 4698 3210 4760 εἰς
3231 4697 3328 4767 τὴν
3350 4697 3543 4750 κέλλαν
3563 4696 3750 4751 αὑτοῦ.

2198 4787 2285 4851 Ὠς
2308 4784 2397 4840 οὖν
2421 4784 2527 4841 εἶδέ
2561 4806 2626 4859 με
2653 4789 2943 4861 ἐρχόμενον
2970 4792 3105 4862 πρὸς
3135 4792 3314 4857 αὑτὸν,
3345 4791 3537 4864 ἔθηκεν
3560 4791 3755 4845 ἑαυτὸν

2186 4878 2260 4941 ὡς
2295 4877 2652 4948 κοιμώμενον.
2688 4880 2833 4952 Αὐτὴ
2868 4880 2976 4952 γὰρ
3007 4877 3075 4952 ἦν
3113 4882 3147 4953 ἡ
3181 4881 3410 4955 ἐργασία
3446 4881 3540 4936 τοῦ
3565 4884 3758 4954 γέρον-

2186 4987 2296 5032 τος,
2329 4969 2505 5024 πάντα
2534 4972 2591 5022 ἐν
2615 4971 2843 5044 κρυπτῷ
2876 4977 3070 5034 ποιεῖν.

2262 5060 2388 5132 ρλϐ’.
2424 5058 2588 5116 Εἶπεν
2631 5066 2658 5117 ὁ
2693 5064 2866 5129 ἀὸὁᾶς
2895 5067 3124 5138 Ποιμήν·
3177 5066 3304 5122 Ἐὰν
3341 5068 3457 5144 ἴδῃς
3481 5067 3758 5139 θεάματα,

2287 5242 2331 5274 ιι
2362 5243 2445 5299 Al.
2498 5244 2694 5308 δλσς.ιτ
2733 5245 2812 5300 Al.
2852 5247 3016 5302 inser.
3061 5248 3156 5320 μή.

2190 5437 2388 5515 αζῖζαν,
2422 5440 2618 5515 Πᾶσαι,
2655 5441 2931 5515 imoimo!
2953 5443 3161 5515 aperui.
3199 5444 3542 5515 συνήχθησαν
3584 5445 3642 5495 ἐν
3687 5447 3755 5515 τῇ

2192 5462 2388 5503 αιτιαν,
2423 5462 2618 5503 uacat,
2655 5462 2841 5509 φησιν,
2873 5462 2931 5498 αι
2970 5462 3161 5508 αρεται
3199 5462 3330 5511 συνη
3371 5462 3542 5512 υησαν
3584 5462 3642 5495 εν
3687 5462 3755 5515 τῃ

2192 5508 2355 5588 item;
2381 5509 2552 5588 ταῦςεῃ
2571 5513 2739 5588 χωρὶς
2767 5514 2917 5588 μιᾶς,
2948 5510 3032 5588 ἦς.
3046 5462 3412 5588 χωρὶςᾼοῦδεᾶς
3431 5515 3628 5588 bibe-tat.
3664 5514 3757 5566 τὸν

2194 5577 2416 5701 Κόόριον·
2453 5577 2605 5648 ἐλεγέ
2634 5577 2692 5634 δὲ
2729 5577 2933 5655 ταύτὴν
2971 5577 3144 5648 mat;
3189 5583 3252 5637 τὸ
3296 5577 3498 5638 ἑαυτὸν
3541 5589 3756 5655 usage-

2195 5665 2226 5699 σ
2262 5667 2336 5704 αι.
