4036 6202
261 208 371 268 357

1386 205 1997 267 APOPHTHEGMATA
2034 206 2349 266 PATRUM.

260 330 349 381 καὶ
377 325 551 389 ἀκοὰς
576 322 837 398 ἀκούσῃς.
877 324 951 397 μὴ
970 324 1158 397 διηγοῦ
1184 326 1321 381 αὐτὰ
1345 327 1424 400 τῷ
1452 328 1677 400 πλησίον
1710 345 1824 382 cou-

1936 327 2168 392 ctacula,
2200 336 2253 383 et
2279 326 2518 384 audieris
2548 342 2848 392 sermones,
2881 328 2989 385 noli
3025 341 3282 385 enarrare
3312 334 3488 395 prosi.

262 416 531 490 ἀνατροπὴ
557 417 668 489 γάρ
690 418 805 471 ἔστι
835 418 1087 490 πολέμου.

334 516 442 582 pp}.
469 503 605 564 Εῐπε
635 508 819 563 πάλιν·
848 509 922 562 Τὸ
946 509 1160 579 πρῶτον
1197 509 1334 580 φύγε
1363 510 1529 578 ἅπαξ,
1564 511 1626 565 τὸ
1647 510 1828 566 δεύτε-

271 619 356 676 ρον
386 601 541 671 φύγε,
573 602 635 655 16
656 600 858 672 τρίτον,
893 600 1053 669 γενοῦ
1078 604 1337 672 ρομφαῖα.

336 693 477 765 pud.
512 690 646 748 Εἷπε
671 693 835 748 πάλιν
855 696 883 747 6
908 693 1081 758 ἀϐὗᾶς
1104 695 1316 766 Ποιμὴν
1341 695 1420 767 τῷ
1448 696 1590 769 ἁόὄᾷ
1619 698 1824 752 Ἰσαάκ·

274 787 529 857 Κοὺφισον
563 787 728 859 μέρος
759 789 857 858 τῆς
884 786 1230 859 δικαιοσύνης
1261 805 1375 852 σου,
1412 790 1504 843 καὶ
1533 791 1670 855 ἔξεις
1695 792 1822 844 ἀνά-

274 896 453 935 muco:
482 878 584 943 τὰς
610 879 798 948 ὀλίγας
827 879 1040 950 ἡμέρας
1068 895 1180 932 σου.

329 970 472 1043 ρμβ’.
520 971 770 1040 Ἀδελφὸς
819 971 1092 1045 παρὲὁαλε
1140 970 1218 1043 τῷ
1256 972 1397 1044 ἀῦϐᾷ
1441 974 1681 1043 Ποιμένι·
1734 975 1826 1027 καὶ

269 1064 746 1134 συγκαθεζομένων
772 1065 953 1128 τινῶν,
988 1063 1218 1136 ἐπῄνεσὲ
1238 1082 1357 1118 τινα
1387 1064 1628 1134 ἀδελφὸν.
1655 1066 1729 1131 ὡς
1747 1068 1825 1120 ὅτι

266 1153 622 1226 μισοπόνηρος
653 1155 791 1209 ἐστι.
833 1154 993 1221 Λέγει
1035 1155 1063 1207 6
1104 1152 1273 1217 ἁὸσᾶς
1312 1155 1521 1227 Ποιμὴν
1551 1155 1627 1226 τῷ
1666 1158 1827 1227 λαλή-

264 1263 428 1302 σαντι·
458 1247 568 1299 Καὶ
610 1244 663 1297 τί
702 1247 818 1299 ἐστι
848 1244 1243 1317 μισοπονηρία;
1283 1245 1504 1317 Ἐξέστη
1533 1247 1588 1300 δὲ
1622 1247 1650 1300 6
1683 1247 1830 1302 ἀδελ-

263 1339 377 1408 φὸς.
402 1340 495 1392 καὶ
516 1340 614 1409 οὐχ
639 1333 796 1410 εὗρεν
828 1338 1208 1411 ἀποκριθῆναι·
1238 1338 1473 1403 ἀναστὰς
1492 1339 1547 1392 δὲ
1577 1340 1827 1412 μετενόη-

265 1448 322 1484 σε
348 1430 426 1501 τῷ
444 1430 675 1502 γέροντι,
707 1430 901 1497 λέγων·
930 1430 1063 1484 Εἰπέ
1092 1448 1180 1502 μοι
1213 1431 1266 1483 τί
1289 1433 1402 1484 ἐστι
1432 1434 1823 1504 μισοπονηρία;

265 1520 404 1592 Ἔφη
438 1524 465 1574 6
495 1521 690 1592 γέρων·
713 1520 1090 1591 Μισοπονηρέα
1125 1520 1261 1593 αῦτη
1300 1522 1467 1584 ἐστὶν,
1510 1522 1564 1575 εἴ
1606 1541 1685 1587 τις
1731 1524 1827 1587 τὰς

262 1612 527 1685 ἁμαρτίας
549 1611 714 1665 αὑτοῦ
746 1610 996 1683 ἐμίσησε,
1025 1613 1115 1665 καὶ
1144 1612 1234 1665 τὸν
1265 1612 1488 1683 πλησίον
1522 1613 1684 1667 αὑτοῦ
1719 1613 1825 1667 ἐδι-

263 1701 492 1757 καίωσεν
504 1738 519 1751 .

332 1892 487 1956 ρμγ’.
530 1883 777 1952 Ἀδελφὸς
805 1883 1138 1955 παραόαὶὼν
1170 1884 1248 1957 τῷ
1283 1884 1429 1958 ἀϐϐᾷ
1462 1886 1703 1959 Ποιμένι,
1741 1886 1822 1940 λέ-

259 1991 350 2047 γιι
372 1974 543 2046 αὐτῷ·
580 1976 645 2029 Τί
677 1977 905 2046 ποιήσω;
934 1975 1096 2044 Λέγει
1125 1975 1271 2047 αὐτῷ
1314 1977 1341 2028 6
1371 1977 1567 2047 γέρων·
1589 1978 1825 2047 Ὕπαγε,

266 2068 567 2140 πλησίασον
591 2067 722 2137 μετὰ
741 2067 1125 2144 τοῦθλὲγοντος,
1154 2068 1218 2121 Ti
1249 2068 1385 2124 θέλω
1405 2069 1547 2139 ὲγὼ;
1577 2070 1669 2123 καὶ
1689 2070 1829 2137 ἕξεις

262 2158 589 2212 ἀνάπαυσιν.

330 2253 471 2324 ρμδπ
499 2253 802 2322 Διηγήσατο
833 2256 861 2307 6
911 2254 1084 2319 ἀϐὂᾶς
1129 2254 1344 2325 Ἰωσὴφ,
1391 2257 1470 2310 ὅτι
1496 2251 1644 2309 εἶπεν
1678 2257 1704 2308 6
1737 2254 1833 2309 ἀδ-

256 2344 356 2408 66;
402 2344 604 2407 Ἰσαὰκ,
667 2345 751 2398 ὅτι
810 2345 1122 2418 Ἐχαθήμην
1182 2348 1313 2401 ποτὲ
1364 2347 1499 2418 πρὸς
1542 2348 1631 2399 τὸν
1661 2347 1831 2400 ἀὸὅᾶν

261 2436 524 2507 Ποιμένα⁸
552 2436 647 2489 καὶ
677 2431 816 2489 εἶδον
842 2438 1003 2490 αὐτὸν
1041 2439 1098 2491 ἐν
1125 2438 1379 2492 ἐκστάσει
1405 2438 1714 2508 γενόμενονο
1740 2438 1834 2490 καὶ

258 2529 445 2600 ἐπειδὴ
492 2524 637 2599 εἶχον
671 2530 808 2603 πρὸς
841 2531 1003 2585 αὑτὸν
1036 2530 1238 2603 πολλὴν
1272 2529 1579 2603 παρρησίαν
1599 2570 1613 2593 ,
1648 2529 1834 2583 ἔϐαλον

256 2620 406 2693 σὺτῷ
439 2622 748 2692 μετάνοιαν,
782 2624 875 2677 καὶ
896 2622 1244 2695 παρεκάλεσα
1270 2623 1452 2687 αὑτὸν,
1482 2622 1676 2690 λέγων·
1699 2621 1835 2675 Εἱπὲ

256 2730 362 2785 μοι,
394 2714 502 2768 ποῦ
531 2710 632 2786 ἦςς
688 2716 745 2768 ’0
781 2715 837 2768 δὲ
875 2714 1238 2784 ἀναγκασθεὶς
1285 2710 1455 2768 εἶπεν·
1496 2715 1555 2768 'U
1593 2714 1722 2785 ἐμὸς
1751 2715 1836 2768 λο-

254 2807 459 2880 γισμὸς
492 2849 507 2873 ,
529 2808 661 2861 ὅπου
689 2809 723 2881 ἡ
773 2807 901 2877 ἁγία
932 2809 1176 2880 Μαρίαὴ
1205 2807 1464 2872 Θεοτοκος
1492 2808 1709 2879 ἕστηκε.
1744 2808 1837 2861 καὶ

256 2900 476 2956 ἔκλαιεν
498 2902 591 2955 ἐπὶ
619 2902 713 2955 τοῦ
744 2900 976 2971 σταυροῦ
1008 2902 1101 2955 τοῦ
1145 2901 1416 2974 Σωτῆρος
1454 2902 1547 2955 καὶ
1571 2901 1679 2971 ἐγὼ
1706 2901 1834 2972 ἤθε-

254 2993 342 3048 λον
370 2993 616 3048 πάντοτε
643 2993 815 3058 οὕτως
838 2993 1066 3049 κλαίειν.

318 3174 473 3247 ρμέ.
514 3173 764 3243 Ἀδελφὸς
786 3172 1035 3245 ἠρώτησε
1064 3172 1155 3226 τὸν
1181 3171 1353 3226 ἀὸὗᾶν
1368 3170 1833 3243 Ποιμένα,λέγων’

252 3266 315 3322 Τί
336 3267 567 3338 ποιήσω
606 3265 684 3336 τῷ
714 3265 868 3339 βάρει
903 3265 1077 3336 τούτῳ
1127 3263 1203 3336 τῷ
1234 3264 1509 3335 συνέχοντί
1542 3280 1643 3335 με;
1677 3263 1837 3331 Λέγει

249 3359 402 3431 αὐτῷ
438 3360 468 3411 6
506 3357 705 3426 γέοων,
734 3358 815 3411 ὅτι
845 3357 925 3410 Τὰ
963 3355 1134 3427 μικρὰ
1172 3356 1330 3409 πλοῖα
1366 3357 1460 3409 καὶ
1509 3355 1578 3409 τὰ
1631 3354 1841 3426 μεγάλα

250 3450 447 3524 ἔχουσι
500 3448 699 3514 ζώνας,
733 3449 819 3502 ἵνα
841 3448 906 3502 ἂν
941 3448 1014 3520 μὴ
1119 3447 1345 3520 εῦφορος
1387 3448 1606 3518 ἄνεμος,
1639 3446 1841 3518 βάλωσι

249 3549 313 3603 τὸ
333 3545 641 3618 παρόλκιον
666 3544 758 3599 καὶ
788 3544 887 3607 τὰς
930 3541 1105 3607 ζώνας
1130 3544 1210 3607 εἰς
1234 3541 1299 3595 τὰ
1330 3541 1496 3612 στήθη
1519 3540 1717 3604 αὐτῶν,
1750 3542 1844 3595 καὶ

254 3636 378 3691 κατ’
437 3634 620 3704 ὀλίγον
644 3632 844 3688 ἕλκωσι
876 3633 937 3687 τὸ
969 3633 1150 3687 πλοῖον
1178 3633 1281 3696 ἕως
1329 3624 1389 3684 οὗ
1417 3634 1446 3686 6
1475 3632 1606 3695 Θεὸς
1652 3631 1844 3706 πέμψῃ

252 3728 348 3782 τὸν
383 3727 620 3798 ἄνεμον·
656 3725 754 3780 ἐὰν
779 3725 836 3779 δὲ
886 3725 1131 3797 μάθωσιν
1149 3725 1230 3778 ὄτι
1258 3724 1451 3794 ἄνσστη
1478 3724 1693 3793 γνόφος,
1724 3723 1844 3777 τότε

255 3820 319 3890 δὴ
348 3816 576 3892 ὁρμῶσι
624 3817 718 3871 καὶ
772 3816 1022 3888 βάλλουσι
1056 3817 1361 3883 πάσσαλον,
1392 3817 1478 3870 ἵνα
1522 3816 1595 3888 μὴ
1634 3816 1843 3888 ρἑϐη-

255 3929 349 3966 ται
382 3912 455 3966 ⁸³.
1434 3962 1437 3967 ι
1470 3940 1481 3953 ι

339 3999 492 4073 ρμς’.
540 4000 796 4070 Ἀδελφὸς
828 4000 1079 4073 ἠρώτησε
1127 4001 1417 4056 τὸννὰϐῦᾶν
1468 4002 1706 4074 Ποιμένα
1758 4000 1846 4055 διὰ

262 4095 366 4158 τὰς
392 4095 500 4147 τῶν
517 4095 793 4163 λογισμῶν
818 4097 921 4166 ὲπη
932 4095 1098 4167 ρείας.
1130 4095 1239 4148 Καὶ
1256 4094 1404 4165 λέγει
1429 4095 1576 4166 αὐτῷ
1596 4098 1624 4148 6
1643 4096 1842 4166 γέρων

262 4186 443 4242 Τοῦτο
469 4186 532 4241 τὸ
572 4188 803 4259 πρᾶγμα
849 4186 1023 4241 ἔοικεν
1081 4188 1235 4261 ἀνδρὶ
1277 4187 1459 4260 ἔχοντι
1486 4188 1596 4259 πῦρ
1626 4187 1682 4253 ἐξ
1715 4188 1848 4239 εὐω-

257 4279 476 4354 νύμων,
534 4280 631 4333 καὶ
679 4279 930 4351 κρατῆρα
971 4278 1161 4342 ὕδατος
1214 4281 1277 4333 ὲκ
1330 4279 1538 4347 δεξιῶν.
1582 4278 1710 4332 Ἐὰν
1754 4274 1846 4331 οὖν

1930 437 2020 476 nio
2056 427 2170 477 tuo.
2210 419 2303 477 Est
2329 421 2472 475 enim
2504 422 2696 477 bellica
2730 423 3030 479 subversio.

1999 511 2122 567 MO.
2166 511 2280 583 (75)
2321 511 2466 566 Dixit
2513 514 2720 567 etiam:
2756 515 2937 569 Primo
2986 513 3110 582 fuge
3155 513 3353 576 semel,
3402 528 3488 567 se—

1886 648 1889 651 λ
1928 604 2107 659 eundo
2134 605 2276 674 fuge,
2310 604 2473 659 tertio
2498 605 2710 659 elliccrc
2733 605 2881 660 velut
2912 606 3243 674 rhompnaza.

2000 697 2124 752 Ml.
2191 695 2334 751 Dixit
2386 698 2580 752 iterum
2636 699 2803 752 abbas
2854 695 3073 750 Pmmeu
3126 701 3191 749 ad
3243 696 3491 750 alibitem

1927 787 2172 842 lsaacum
2203 807 2216 841 :
2247 785 2442 843 Levem
2475 787 2638 842 redde
2663 788 2890 857 justitia:
2925 797 3029 840 tuae
3065 798 3290 857 partem,
3323 796 3377 842 et
3401 789 3491 840 ha-

1928 880 2080 935 bebis
2112 881 2353 950 requiem
2386 883 2439 935 in
2474 882 2664 951 paucis
2689 880 2882 934 diebus
2909 888 3039 933 tu.s.

1996 969 2121 1024 162.
2174 971 2289 1041 (74)
2338 969 2527 1025 Frater
2574 971 2813 1025 visitavit
2857 971 3106 1024 abbatem
3152 968 3494 1034 Pmiiicncm,

1928 1068 2092 1132 atque
2119 1078 2225 1117 una
2262 1062 2576 1118 sedentibus
2612 1064 2909 1127 nonnullis,
2945 1064 3183 1117 laudavit
3207 1065 3496 1133 quemdam

1929 1151 2176 1217 fratrem,
2206 1155 2363 1224 quasi
2392 1154 2483 1224 qui
2513 1166 2657 1208 esset
2688 1158 2952 1210 malorum
2982 1172 3130 1210 osor.
3164 1155 3301 1210 Dicit
3328 1154 3498 1208 abbas

1927 1238 2149 1296 Pmmen
2177 1242 2226 1298 ei
2258 1243 2351 1312 qui
2384 1242 2436 1297 id
2466 1248 2676 1298 locutus
2712 1246 2927 1299 fuerat:
2960 1245 3022 1298 Et
3055 1245 3184 1315 quid
3215 1255 3297 1300 est
3330 1247 3499 1299 malo-

1929 1348 2047 1387 rum
2079 1334 2306 1388 odium?
2337 1336 2405 1388 At
2440 1334 2607 1390 frater
2644 1339 2957 1408 obstupuit,
2992 1354 3090 1393 nec
3128 1340 3330 1391 invenit
3370 1337 3498 1407 quid

1930 1427 2283 1495 responderet
2312 1445 2324 1479 :
2359 1427 2499 1482 unde
2527 1444 2754 1497 surgens
2788 1430 2906 1484 seni
2942 1446 3001 1483 se
3064 1430 3367 1494 inclinaVit,
3411 1448 3501 1500 pe-

1929 1528 2047 1574 tens
2104 1519 2325 1573 doceret
2374 1535 2498 1574 eum
2551 1522 2681 1591 quid
2749 1534 2897 1576 esset
2958 1522 3142 1576 odium
3208 1524 3497 1577 malorum.

1932 1607 2154 1676 Excepit
2200 1624 2363 1662 senex
2393 1626 2407 1662 :
2433 1608 2546 1662 Hoc
2584 1621 2665 1664 est
2700 1612 2965 1664 malorum
3017 1611 3237 1675 odium,
3274 1613 3319 1668 si
3377 1613 3500 1684 quis

1860 1702 1899 1757 Β
1931 1709 2147 1769 peccata
2182 1716 2280 1756 sua
2311 1702 2506 1761 oderit.
2541 1705 2957 1775 proximumque
2981 1720 3138 1760 suum
3164 1705 3372 1775 justum
3402 1721 3503 1778 pu-

1930 1794 2144 1843 taverit.

2001 1881 2123 1936 145.
2159 1882 2350 1938 Frater
2393 1885 2483 1954 qui
2533 1894 2837 1941 accesserat
2865 1886 2930 1940 ad
2979 1872 3232 1943 abbatem
3282 1885 3495 1943 Preme.

1930 1989 2074 2034 nem.
2107 1975 2181 2027 ait
2211 1975 2286 2028 illi
2320 1994 2332 2030 :
2362 1975 2499 2041 Quid
2536 1977 2767 2031 faciam?
2799 1978 2971 2033 Senex
3010 1981 3074 2033 ad
3109 1996 3231 2034 eum
3276 1996 3290 2033 :
3329 1977 3499 2043 Vade,

1935 2066 2172 2137 adjunge
2202 2076 2252 2121 te
2303 2067 2507 2121 homini
2544 2067 2740 2124 dicenti
2774 2089 2786 2123 :
2825 2069 2960 2136 Quid
3013 2088 3107 2140 rgo
3146 2071 3306 2125 volo?
3335 2079 3389 2126 et
3418 2086 3500 2126 re-

1930 2159 2110 2227 quiem
2140 2158 2512 2227 consequeris.

2003 2249 2126 2303 141.
2179 2248 2431 2303 Narravit
2477 2251 2643 2305 abbas
2699 2249 2924 2321 Joseph,
2974 2251 3184 2307 dixisse
3236 2252 3491 2309 abbatem

1933 2340 2085 2396 Isaac
2117 2361 2130 2396 :
2164 2341 2429 2398 Sedebam
2470 2344 2768 2413 aliquando
2802 2346 2944 2415 apud
2982 2346 3234 2401 abbatem
3286 2346 3499 2402 Preme-

1934 2449 2094 2499 nem,
2151 2442 2204 2489 et
2256 2437 2514 2506 conspexi
2561 2439 2611 2490 in
2648 2440 2909 2492 exstasim
2949 2446 3196 2509 raptum;
3246 2441 3506 2510 quodque

1936 2527 2105 2579 multa
2138 2534 2323 2581 uterer
2364 2542 2493 2598 erga
2532 2528 2682 2583 illum
2725 2530 2980 2601 loquendi
3016 2531 3288 2593 libertate.
3318 2537 3509 2587 incur-

1935 2618 2055 2669 vavi
2079 2632 2164 2671 me
2183 2632 2368 2671 coram
2400 2618 2540 2688 ipso,
2567 2634 2629 2673 ac
2656 2619 2984 2690 deprecatus
3016 2638 3137 2679 sum
3169 2624 3254 2678 his
3283 2625 3463 2679 verbis
3489 2641 3504 2677 :

1936 2707 2114 2762 Effare
2144 2709 2299 2773 mihi,
2328 2710 2421 2763 ubi
2451 2711 2613 2766 eras?
2645 2713 2735 2766 llle
2764 2728 2892 2768 vero
2923 2723 3149 2769 coactus
3180 2717 3463 2786 respondit
3489 2734 3503 2769 :

1937 2798 2089 2854 Mens
2125 2813 2244 2853 mea
2298 2799 2351 2853 in
2407 2814 2474 2854 eo
2526 2801 2645 2855 loco
2695 2803 3035 2869 versabatur,
3087 2805 3141 2858 in
3177 2820 3287 2874 quo
3318 2816 3508 2860 sancta

1935 2889 2106 2947 Maria
2144 2888 2237 2945 Dei
2287 2891 2525 2961 genitrix
2576 2893 2754 2954 stetit,
2808 2894 3029 2964 plorans
3078 2896 3234 2965 juxta
3281 2912 3503 2952 crucem

1942 2982 2279 3048 Salvatoris;
2324 2991 2487 3055 atque
2537 3000 2637 3056 ego
2691 3000 2948 3055 cuperem
2993 3002 3214 3058 semper
3250 3003 3315 3043 eo
3346 2987 3509 3043 modo

1941 3074 2091 3129 ﬂere.

2014 3169 2137 3222 145.
2180 3167 2372 3224 Frater
2418 3170 2631 3242 rogavit
2677 3172 2925 3228 abbatem
2963 3173 3277 3229 Pmuienem
3312 3191 3326 3228 :
3362 3172 3507 3241 Quid

1946 3260 2139 3317 faciam
2182 3267 2335 3319 oneri
2370 3266 2499 3320 huic
2530 3267 2671 3336 quod
2707 3283 2791 3320 me
2835 3268 3180 3338 comprimit?
3214 3266 3513 3338 Respondit

1943 3356 1990 3408 ei
2026 3370 2225 3409 senex:
2264 3355 2448 3411 Parvae
2470 3373 2645 3412 naves
2682 3365 2735 3412 et
2770 3372 2976 3428 magna:
3010 3361 3164 3413 zonis
3232 3359 3513 3415 instructae

1944 3458 2092 3511 sunt,
2125 3456 2181 3501 ut
2215 3449 2261 3504 si
2301 3458 2500 3505 ventus
2540 3450 2816 3505 secundus
2853 3453 3107 3519 defuerit,
3151 3459 3335 3507 nauta:
3380 3454 3508 3506 mit-

1945 3546 2063 3591 tant
2099 3539 2282 3594 funem
2331 3550 2455 3596 cum
2487 3543 2723 3611 cingulis
2771 3546 2824 3596 in
2854 3553 3074 3612 pectora
3113 3560 3235 3610 sua,
3274 3553 3330 3601 et
3379 3561 3515 3615 pau-

1947 3630 2098 3683 latim
2127 3647 2319 3686 navem
2353 3633 2592 3700 trahant,
2627 3633 2800 3688 donec
2834 3632 2975 3689 Deus
3012 3646 3228 3690 ventum
3257 3638 3466 3693 miserit
3494 3656 3508 3693 :

1950 3723 2096 3794 quod
2131 3725 2175 3780 si
2210 3725 2579 3794 compererint
2611 3727 2989 3781 exsurrrxisse
3030 3729 3340 3799 caliginem.
3382 3738 3514 3783 tunc

1946 3818 2247 3888 appellunt,
2283 3828 2337 3872 et
2366 3820 2627 3889 paxillum
2657 3821 2848 3890 ligunt,
2882 3835 2949 3875 ne
2977 3823 3130 3875 navis
3161 3829 3404 3892 vagetur.

2026 3994 2145 4051 M6.
2173 3995 2285 4067 (75)
2318 3994 2512 4052 Frater
2543 4005 2893 4068 percontatus
2928 4008 3011 4054 est
3038 4000 3285 4054 abbatem
3313 4001 3516 4057 Poeme-

1950 4101 2070 4140 nem
2098 4086 2165 4139 de
2178 4086 2575 4157 cogitationum
2600 4086 3059 4143 infestationibus.
3085 4088 3174 4143 Ait
3206 4090 3284 4144 illi
3309 4107 3513 4147 senex:

1951 4177 2076 4232 llaec
2131 4193 2219 4233 res
2250 4178 2447 4233 similis
2476 4187 2560 4234 est
2596 4179 2800 4234 homini
2835 4181 2931 4251 qui
2966 4182 3127 4237 habet
3161 4182 3341 4251 ignem
3379 4200 3407 4238 a
3442 4187 3519 4240 si-

1953 4271 2158 4335 nistris,
2205 4277 2257 4326 et
2305 4280 2572 4328 craterem
2622 4288 2776 4345 aquze
2819 4291 2849 4329 a
2888 4275 3114 4331 dextris.
3159 4274 3216 4331 Si
3265 4294 3397 4349 ergo
3425 4294 3517 4336 ae-

260 4374 417 4444 ἁφθῇ
445 4372 510 4425 16
559 4370 691 4442 πῦρ,
719 4371 861 4444 λάϐῃ
913 4372 977 4425 ἐκ
1025 4370 1117 4424 τοῦ
1162 4373 1432 4443 κρατῆρος
1476 4372 1535 4425 16
1564 4370 1727 4442 ὕδωρ,
1753 4370 1836 4424 κα)

1951 4380 2153 4420 census
2195 4366 2361 4420 fuerit
2412 4366 2574 4438 ignis.
2608 4368 2838 4438 accipiet
2877 4383 2905 4422 e
2949 4380 3160 4424 cratere
3202 4385 3423 4440 aquam,
3456 4388 3519 4427 ac

260 4465 459 4537 σϐέσῃ
503 4464 652 4518 αὑτό.
699 4463 772 4517 Τὸ
795 4464 906 4535 πῦρ
942 4466 1086 4518 ἐστιν
1116 4466 1144 4518 6
1174 4465 1371 4536 σπόρος
1418 4465 1512 4518 τοῦ
1544 4463 1759 4536 ἐχθροῦ·
1789 4463 1836 4517 τί

1953 4457 2262 4530 exstinguet
2296 4459 2471 4513 illum.
2508 4459 2648 4530 Ignis
2676 4467 2760 4514 est
2814 4459 3075 4516 sementis
3103 4461 3349 4527 inimici;
3378 4478 3517 4533 aqua

255 4557 323 4614 δὲ
345 4555 522 4628 ὕδωρ,
553 4554 612 4609 16
645 4556 795 4627 ῥίψαι
823 4558 1012 4610 ἑαυτὸν
1039 4556 1266 4610 ἐνώπιον
1294 4556 1387 4610 τοῦ
1412 4556 1567 4610 Θεοῦ.

346 4645 499 4720 ρμζ’.
546 4645 789 4717 ’Λδελφὸς
819 4646 1069 4719 ἠρώτησε
1098 4647 1187 4700 τὸν
1243 4647 1416 4702 ἀὸὁᾶν
1457 4647 1714 4719 Ποιμένα,
1763 4647 1851 4701 λέ-

1951 4565 2105 4615 vero,
2135 4560 2414 4621 prostrare
2441 4568 2499 4608 se
2534 4554 2588 4607 in
2613 4561 2912 4623 conspectu
2946 4551 3062 4607 Dei.

2029 4642 2149 4698 M7.
2188 4643 2299 4716 (76)
2334 4642 2527 4699 Frater
2556 4645 2865 4700 sciscitatus
2892 4653 2975 4698 est
3016 4643 3269 4699 abbatem
3305 4644 3519 4700 Preme-

258 4752 428 4807 γων·
474 4734 686 4789 Βέλτιόν
736 4737 853 4789 ἐστι
898 4736 957 4789 τὸ
999 4735 1226 4807 λαλῆσαι
1260 4736 1293 4808 ἦ
1331 4738 1639 4808 σιωπῆσαι;
1689 4737 1836 4807 Λέγει

1956 4750 2103 4799 nem,
2133 4744 2487 4807 przestaretne
2516 4737 2662 4808 loqui
2696 4752 2858 4807 quam
2892 4745 3095 4792 tacere.
3134 4734 3201 4788 Et
3231 4750 3399 4790 senex
3432 4750 3521 4788 re—

265 4821 470 4894 αῠτῷό
497 4821 791 4895 γέρων,ὃτι
818 4823 877 4876 '0
903 4822 1078 4876 λαλῶν
1106 4823 1195 4878 διὰ
1220 4824 1309 4877 τὸν
1325 4823 1456 4879 Θεὸν
1483 4823 1660 4887 καλῶς
1686 4826 1848 4891 ποιεῖ,

262 4915 369 4971 καὶ
387 4916 421 4969 6
446 4916 664 4969 σιωπῶν
700 4916 789 4970 διὰ
817 4915 909 4970 τὸν
940 4916 1093 4982 Θεὸν,
1128 4916 1346 4988 ὁμοίως.

323 5014 500 5080 ,ρμη’.
550 5008 805 5079 Ἀδελφὸς
824 5008 1075 5083 ἠρώτησε
1122 5009 1209 5063 τὸν
1240 5009 1412 5064 ἀϐΰᾶν
1445 5009 1717 5080 Ποιμένα,
1766 5007 1854 5062 λέ-

263 5114 411 5169 γωνο
459 5097 586 5161 Πῶς
614 5097 834 5153 δύναται
882 5098 1167 5172 ἄνθρωπος
1198 5102 1453 5169 ἐκφυγεῖν
1496 5099 1573 5172 τῷ
1603 5101 1647 5133 ¹⁹
1671 5099 1855 5166 κακῶς

1953 4830 2176 4900 spondit
2210 4852 2221 4886 :
2254 4829 2357 4897 Qui
2399 4842 2619 4903 propter
2652 4829 2820 4885 Deum
2869 4831 3130 4900 loquitur,
3165 4837 3313 4885 recte
3358 4826 3517 4890 iacit;

1951 4922 2070 4992 pari
2097 4923 2259 4978 modo
2281 4924 2445 4979 etiam
2474 4925 2564 4994 qui
2598 4931 2741 4978 tacet
2770 4929 2994 4993 pr0pter
3027 4922 3216 4978 Deum.

2026 5011 2149 5068 148.
2189 5013 2301 5085 (77)
2344 5012 2534 5069 Frater
2585 5014 2837 5084 qumsivit
2886 5015 2955 5068 ab
2985 5014 3182 5068 abbate
3223 5009 3519 5065 Pmniene:

1954 5104 2240 5172 Quomodo
2281 5115 2458 5179 potest
2496 5108 2658 5161 homo
2698 5105 2937 5178 effugere
2965 5122 3037 5162 ne
3086 5106 3230 5160 male
3262 5105 3522 5175 loquatur

269 5190 454 5243 εἰπεῖν
484 5187 567 5260 τῷ
592 5189 852 5261 πλησίονς
885 5191 1047 5262 Λέγει
1075 5190 1226 5263 αὐτῷ
1252 5193 1281 5245 6
1317 5189 1512 5264 γέρωνο
1544 5192 1732 5264 Ἡμεῖς
1762 5194 1836 5247 κα¹

1957 5197 2024 5252 de
2062 5198 2355 5268 proximo?
2384 5197 2529 5254 Dicit
2566 5200 2615 5253 ei
2646 5213 2811 5254 senex
2843 5217 2857 5253 :
2888 5197 3000 5253 Nos
3035 5206 3091 5253 et
3125 5197 3321 5253 fratres
3344 5194 3523 5253 nostri

263 5284 317 5336 οι
340 5280 569 5352 ἀδελφοὶ
600 5282 779 5354 ἡμῶν,
804 5283 898 5337 δύο
926 5283 1133 5349 εἰκόνες
1170 5282 1356 5355 ἐσμέν·
1391 5283 1459 5356 ἣν
1486 5282 1530 5337 δ’
1564 5284 1629 5338 ἂν
1659 5284 1836 5357 ὤραν‹

1957 5290 2078 5346 duae
2113 5291 2380 5362 imagines
2413 5307 2635 5358 sumus;
2665 5306 2994 5363 quacunque
3024 5305 3151 5346 vero
3194 5290 3328 5346 hora
3360 5290 3524 5348 homo

348 5397 398 5431 "
419 5397 507 5452 Al.
544 5396 671 5455 add.
695 5398 971 5464 πάσσαλος
1006 5399 1064 5453 δέ
1084 5400 1198 5454 ἐστι
1236 5398 1295 5455 τὸ
1329 5400 1517 5454 ἑαυτὸν
1560 5398 1889 5473 μέμφεσθαι.
1966 5401 2009 5434 ⁸³
2041 5401 2128 5456 ΔΙ.
2177 5403 2256 5458 16.

342 5511 468 5595 ‘13.!
501 5512 637 5595 ere
656 5528 715 5595 ρ·
744 5511 890 5595 ξιοοι
918 5512 1085 5595 "-3?-

346 5580 473 5654 (ἶᾷ)
513 5580 619 5654 Υἱὲ.
646 5580 807 5654 Patr.
844 5599 925 5647 Ill,
965 5584 1086 5640 152.

354 5650 479 5721 (75)
512 5653 619 5710 Vit.
650 5652 805 5709 Patr.
830 5670 909 5720 ut.
925 5654 1051 5710 209.

2030 5515 2143 5591 (ξιξ)
2174 5514 2400 5591 ἢζξδεεμ.
2436 5519 2593 5574 Voss.
2623 5520 2826 5591 p.134.

2027 5584 2143 5658 (77)
2186 5588 2287 5644 Vit.
2325 5588 2483 5646 Patr.
2517 5584 2756 5656 "1,155.
2793 5587 3023 5648 Hisce“.
3066 5588 3226 5651 Voss.
3263 5584 3349 5649 ib.
