4020 6196
497 276 601 332 ῖείζδ

1627 268 1970 328 APPENDIX
2009 270 2103 327 AD
2136 265 2556 326 PALLADIUM.

3611 257 3720 316 ὅδε)

495 392 598 448 sibi
640 388 952 451 attenderit,
982 400 1048 443 ac
1083 384 1424 457 redarguerit
1454 399 1535 450 se,
1571 385 1878 441 invenietur
1908 382 2051 455 apud

2167 381 2436 456 Ξνθρωπος
2461 378 2638 449 ἑαυτῷ
2678 376 2912 449 προσέχῃ
2943 376 3036 431 καὶ
3066 375 3363 448 μέμψηται,
3411 373 3724 444 εὑρίσκεται

496 498 620 539 eum
652 488 815 542 frater
836 479 958 549 ejus
983 478 1352 544 honorabilis;
1381 484 1437 531 at
1461 476 1683 547 quando
1708 476 1813 532 sibi
1838 474 2055 531 videtur

500 577 813 646 praeclarus,
852 572 1062 627 invenit
1109 570 1330 625 fratrem
1367 584 1529 625 suum
1570 585 1794 640 pravum
1830 569 1885 623 in
1919 584 2054 624 con-

497 674 685 738 spectu
719 680 842 731 suo.
1513 667 1521 672 ·

567 779 691 836 149.
732 777 927 834 Frater
955 784 1310 848 percontatus
1343 781 1427 831 est
1468 790 1532 831 ex
1576 774 1770 829 abbate
1802 772 2058 830 Pmmene

496 870 565 927 de
592 870 844 941 segnitie.
881 867 950 921 Et
982 867 1121 923 dixit
1150 866 1230 922 illi
1267 880 1432 922 senex
1461 884 1476 924 :
1510 863 1780 935 Segnities
1817 873 1928 920 stat
1959 880 2056 920 su-

501 981 595 1035 per
623 963 771 1018 omni
811 961 1104 1033 principio,
1134 974 1236 1015 nec
1276 958 1432 1030 pejus
1463 957 1554 1012 illa
1585 967 1671 1013 est
1705 956 1932 1022 vitium;
1962 955 2059 1011 sed

496 1057 544 1110 si
571 1054 852 1126 agnoverit
880 1068 1001 1109 eam
1021 1053 1208 1119 homo,
1238 1051 1382 1122 quod
1408 1050 1526 1121 ipsa
1555 1048 1648 1115 sit,
1676 1049 1947 1105 obtinebit
1973 1063 2060 1103 re—

503 1162 699 1217 quiem.

576 1260 697 1315 150.
739 1259 884 1314 Dixit
901 1259 1072 1314 abbas
1087 1256 1308 1312 Ptemen
1325 1274 1337 1309 :
1363 1253 1499 1309 Tres
1510 1267 1804 1324 corporeas
1818 1251 2060 1311 actiones

499 1350 957 1421 deprehendimus
1001 1350 1054 1403 in
1098 1348 1292 1403 abbate
1323 1346 1529 1401 Pambo
1563 1362 1578 1402 :
1611 1344 1881 1415 jejunium
1920 1358 2061 1415 quo-

499 1444 763 1498 tidianum
792 1458 966 1513 usque
985 1442 1053 1496 ad
1077 1455 1378 1511 vesperam,
1427 1438 1701 1495 silentium
1725 1445 1779 1492 et
1810 1449 2058 1507 magnam

499 1548 756 1588 manuum
791 1533 1185 1602 operationem.

572 1647 693 1701 151.
728 1644 902 1699 Etiam
936 1644 1124 1699 retulit
1156 1642 1486 1699 sententiam
1532 1641 1745 1696 abbatis
1774 1640 2009 1694 Theona:
2043 1658 2057 1694 :

501 1738 657 1794 Licet
710 1739 836 1809 quis
880 1738 1138 1792 virtutem
1190 1734 1526 1805 acquisierit.
1592 1734 1732 1788 Deus
1783 1746 1893 1788 non
1956 1732 2061 1799 ipsi

502 1831 603 1885 soli
650 1831 852 1900 praebet
897 1829 1148 1898 gratiam.
1202 1825 1363 1881 Novit
1408 1826 1551 1881 enim
1586 1823 1729 1894 quod
1773 1828 1881 1877 non
1925 1822 2064 1878 foret

503 1923 675 1977 fidelis
706 1924 759 1976 in
806 1936 908 1977 suo
938 1920 1146 1976 labore.
1181 1918 1287 1974 Sed
1316 1919 1361 1991 si
1393 1918 1696 1987 perrexerit
1721 1917 1785 1972 ad
1823 1915 2064 1971 sodalem

500 2028 660 2067 suum
679 2052 692 2070 .
732 2020 862 2065 tunc
896 2018 1179 2080 permanet
1200 2006 1341 2078 apud
1368 2023 1515 2063 eum.

573 2102 696 2156 152.
736 2101 923 2157 Frater
952 2101 1304 2172 interrogavit
1327 2100 1576 2154 abbatem
1606 2095 1916 2153 Ptemeuem
1949 2096 2063 2151 sie:

501 2194 638 2250 Volo
670 2196 877 2249 intrare
908 2194 961 2247 in
994 2193 1327 2253 thtobium,
1353 2190 1570 2260 illicque
1593 2204 1895 2244 remanere.
1930 2187 2069 2241 Dicit

499 2289 548 2341 ci
602 2302 812 2342 Senex:
855 2285 909 2340 Si
970 2286 1249 2341 desideras
1295 2286 1477 2338 vivere
1535 2283 1589 2335 in
1638 2281 1923 2345 emnobio,
1959 2279 2064 2334 nisi

501 2380 771 2449 anjeceris
815 2392 1004 2432 curam
1049 2376 1231 2430 omnis
1279 2373 1561 2441 colloquii,
1621 2372 1910 2441 omnisque
1964 2373 2066 2436 rei,

504 2486 610 2524 non
638 2469 841 2540 poteris
871 2476 928 2520 ut
961 2464 1287 2519 emnobitam
1326 2461 1483 2516 decet
1503 2461 1738 2531 Operari.
1765 2459 1885 2514 Non
1920 2460 2064 2515 enim

504 2562 583 2615 vel
613 2562 774 2614 unius
801 2567 1011 2612 tantum
1048 2554 1296 2609 baucalis
1324 2552 1581 2608 dominus
1610 2568 1693 2608 es.

574 2651 699 2706 155.
725 2650 836 2720 (78)
852 2647 1042 2703 Frater
1059 2646 1374 2703 sciscitatus
1391 2654 1475 2700 est
1492 2661 1559 2700 ex
1574 2645 1769 2701 abbate
1788 2642 2065 2711 Pteiuene,

502 2743 630 2813 quid
661 2740 837 2797 facere
857 2742 1096 2796 deberet.
1125 2738 1461 2808 Respondit:
1489 2739 1765 2808 Scriptum
1788 2749 1873 2795 est
1896 2757 1911 2791 :
1931 2739 2070 2805 Quo-

504 2835 648 2885 niam
680 2831 1010 2900 iniquitatem
1041 2845 1210 2883 meam
1241 2844 1333 2899 ego
1370 2827 1716 2892 annuntiabo,
1751 2839 1798 2883 et
1826 2824 2067 2898 cogitabo

503 2942 598 2998 pro
630 2935 837 2985 peccato
861 2941 970 2978 meo
988 2926 1055 2978 ¹⁰.

581 3019 702 3072 154.
747 3017 860 3090 (79)
890 3018 1072 3073 Abbas
1096 3013 1319 3071 Pmmen
1356 3014 1493 3070 dixit
1520 3032 1536 3070 :
1567 3013 1722 3082 Quod
1755 3021 1968 3085 spectat
1999 3012 2068 3067 ad

2156 476 2369 547 ἔντιμος
2419 474 2547 546 παρ’
2576 471 2725 543 αύτῷ
2775 474 2804 525 6
2835 471 3059 540 ἁδελφὸς
3101 468 3283 525 αὐτοῦ·
3337 468 3428 521 ὅτε
3455 466 3512 521 δὲ
3544 465 3725 542 ἑαυτῷ

2157 568 2404 637 φαίνεται
2432 566 2613 631 καλὸς,
2664 564 2904 636 εὑρίσκει
2958 562 3049 617 τὸν
3097 561 3317 632 ἀδελφὸν
3338 558 3505 615 αὐτοῦ
3554 563 3726 617 κακὸν

2157 658 2388 713 ἐνώπιον
2422 658 2607 713 αὐτοῦ.

2229 772 2370 845 ρμθ’.
2416 769 2661 841 Ἀδελφὺς
2688 768 2939 842 ἠρώτησε
2990 768 3081 822 τὸν
3123 765 3298 820 ἀσσᾶν
3346 762 3583 834 Ποιμένα
3636 760 3727 815 διὰ

2157 863 2255 936 τὴν
2281 863 2527 935 ἀκηδίαν.
2563 863 2672 916 Καὶ
2696 862 2840 930 λέγει
2864 859 3010 931 αὐτῷ
3036 861 3066 913 6
3092 858 3288 930 γέρων,
3320 857 3400 909 ὅτι
3436 856 3498 908 Ἢ
3526 853 3728 926 ἀκηδεα

2162 956 2349 1027 στήκει
2378 956 2469 1008 ἐπὶ
2520 954 2664 1026 πάσῃ
2705 954 2869 1026 ἀρχῇ,
2926 952 3020 1006 καὶ
3051 951 3150 1005 οὐκ
3194 948 3309 1003 ἐστι
3335 950 3512 1018 χεῖρον
3559 945 3731 1016 αὐτῆς

2158 1046 2351 1111 πάθοςο
2386 1045 2498 1100 ἀλλ’
2529 1046 2624 1100 ἐὰν
2654 1044 2897 1118 γνωρίσῃ
2922 1042 3090 1116 αὐτὴν
3116 1045 3145 1096 ὁ
3170 1039 3566 1113 ἄνθρωποςιδτι
3585 1038 3726 1108 αὕτη

2158 1139 2328 1203 ἐστὶν,
2362 1137 2713 1193 ἀναπαύεται.

2230 1256 2327 1322 ρν¹.
2356 1248 2521 1305 Εἶπεν
2551 1249 2580 1302 ὁ
2618 1248 2788 1313 ἀὸϐἄς
2808 1247 3017 1320 Ποιμὴν
3036 1288 3050 1313 ,
3095 1247 3177 1302 ὅτι
3205 1248 3363 1319 Τρεῖς
3415 1250 3731 1318 σωματικὰς

2141 1335 2386 1413 ⁸’πράξεις
2432 1342 2611 1414 ἴδομεν
2656 1339 2750 1395 τοῦ
2794 1340 2937 1394 eaea
2974 1340 3201 1411 Παμὸυῖν
3237 1339 3449 1393 ἀσιτίαν
3489 1338 3592 1402 ἕως
3632 1339 3731 1408 ὀψὲ

2160 1433 2282 1486 καθ’
2309 1433 2545 1503 ἑκάστην
2576 1432 2805 1505 ἡμέραν,
2843 1434 2936 1487 καὶ
2986 1432 3214 1504 σιωπὴν,
3246 1431 3341 1485 καὶ
3382 1430 3523 1502 μέγα
3570 1431 3731 1502 ἐργό-

2160 1543 2360 1597 χειρον.

2229 1643 2365 1709 ρνα¹.
2398 1632 2527 1690 Eia:
2551 1635 2731 1702 πάλιν,
2772 1637 2853 1689 ὅτι
2890 1633 3071 1704 ἔλεγεν
3104 1633 3133 1687 6
3163 1633 3337 1698 ἀϐὄᾱίς
3360 1633 3594 1698 Θεωνᾶς,
3646 1634 3730 1688 ὅτι

2096 1781 2137 1837 Β
2163 1729 2281 1785 Κᾶν
2312 1728 2550 1813 κερδήσῃ
2581 1744 2663 1790 τις
2711 1727 2931 1797 ἀρετὴν,
2970 1728 2999 1779 6
3039 1725 3169 1788 Θεὸς
3227 1724 3288 1778 ού
3322 1723 3545 1795 παρέχει
3583 1731 3730 1795 μόνῳ

2165 1823 2315 1894 αύτῷ
2346 1824 2444 1894 τὴν
2465 1823 2644 1893 χάρινο
2675 1817 2781 1874 οἶδε
2809 1823 2919 1892 γὰρ
2942 1822 3021 1873 ὅτι
3052 1820 3151 1873 οὐκ
3177 1813 3244 1890 ἦν
3272 1818 3463 1882 πιστὸς
3483 1815 3574 1871 τοῦ
3596 1816 3724 1872 ἰδίου

2166 1913 2433 1985 καμάτου·
2482 1912 2595 1966 ἀλλ’
2627 1912 2721 1965 ἐὰν
2760 1911 2966 1983 ἀπέλθῃ
2998 1910 3133 1983 πρὸς
3172 1910 3263 1963 τὸν
3288 1911 3500 1981 ἑταῖρον
3542 1908 3725 1972 αὑτοῦ,

2163 2006 2286 2060 τότε
2316 2004 2619 2076 παραμένει
2653 2003 2818 2074 αὐτῷ.

2240 2097 2358 2168 ρνβε
2379 2090 2621 2165 Ἀδελφὸς
2652 2094 2904 2168 ἠρώτησε
2935 2094 3025 2148 τὸν
3054 2094 3225 2148 ἁὸὁᾶν
3251 2093 3510 2165 Ποιμένα,
3536 2093 3725 2162 λέγων*

2165 2188 2313 2242 Θέλω
2340 2190 2420 2253 εἰς
2470 2188 2733 2242 κοινόὸιον
2791 2186 3086 2250 εἰσελθεῖν,
3134 2187 3227 2241 καὶ
3271 2186 3510 2256 οἰκῆσαι.
3573 2185 3735 2255 Λέγει

2165 2281 2313 2351 αὐτῷ
2346 2283 2374 2335 6
2408 2281 2603 2352 γέρων
2656 2281 2719 2335 Εἰ
2748 2280 2920 2344 Θέλεις
2953 2281 3032 2345 είς
3084 2279 3346 2334 κωνόὸιον
3376 2278 3655 2341 εἰσελθεῖν,
3680 2277 3731 2331 εί

2170 2374 2244 2445 μὴ
2274 2374 2657 2445 ἀμεριμνήσῃς
2692 2373 2797 2425 ἀπὸ
2845 2373 3023 2443 πάσης
3068 2372 3353 2444 συντυχίας
3395 2372 3489 2426 καὶ
3538 2371 3738 2434 aravit;

2168 2464 2509 2536 πράγματος,
2534 2465 2595 2517 οὐ
2620 2463 2840 2518 δύνασαι
2877 2462 3139 2517 κοινόϐιον
3161 2460 3228 2495 ’θ’
3250 2463 3603 2534 ἐργάσασθαιο
3640 2460 3741 2517 τοῦ

2166 2558 2274 2629 γὰρ
2300 2557 2590 2628 βαυκαλίου
2623 2556 2782 2627 μόνου
2808 2556 2965 2628 μόνον
2988 2556 3088 2610 οὐκ
3113 2555 3256 2627 ἔχεις
3281 2554 3547 2622 ἐξουσίαν.

2241 2656 2373 2722 ρνγ¹.
2401 2646 2652 2718 Ἀδελιρὺς
2685 2647 2932 2720 ἠρώτησε
2956 2650 3049 2703 τὸν
3071 2650 3243 2704 ἀόὅᾶν
3256 2647 3513 2718 Ποιμένα,
3540 2645 3732 2714 λέγων·

2167 2742 2230 2795 Τί
2264 2744 2506 2814 ποιήσω;
2544 2741 2652 2796 Καὶ
2703 2738 2855 2796 εἶπεν
2879 2758 2896 2774 ο
2932 2741 3243 2812 Γέγραπται
3264 2780 3278 2802 ,
3329 2740 3411 2794 ὃτι
3451 2738 3570 2804 Τὴν
3596 2738 3737 2792 ἀνο-

2164 2834 2312 2904 μίαν
2320 2852 2438 2904 μου
2459 2834 2572 2905 ἐγὼ
2590 2831 2916 2904 ἀναγγελεῖ),
2946 2832 3043 2887 καὶ
3059 2831 3400 2902 μεριμνήσει)
3427 2828 3579 2898 ὑπὲρ
3625 2825 3740 2896 τῆς

2170 2927 2455 2997 ἁμαρτίας
2477 2944 2616 2995 μου.

2246 3020 2368 3092 ρνδ’.
2414 3015 2577 3072 Εἶπεν
2600 3021 2628 3073 6
2650 3019 2823 3083 ἀϐϐᾶς
2845 3019 3075 3091 Ποιμήν·
3100 3017 3210 3089 Τῆς
3238 3015 3487 3088 πορνείας
3524 3013 3617 3068 καὶ
3639 3011 3743 3084 τῆς

507 3109 1390 3166 fornicationemetdetractionem
1410 3149 1426 3174 ,
1446 3124 1554 3164 non
1571 3118 1785 3179 oportet
1815 3119 1874 3163 ut
1903 3108 2066 3163 homo

2169 3109 2504 3173 καταλαλιᾶς
2525 3110 2587 3162 ού
2619 3109 2736 3164 δέον
2767 3110 2913 3163 ἐστὶν
2954 3109 3235 3181 ἄνθρωπον
3267 3109 3329 3161 τὸ
3374 3106 3590 3161 σύνολον
3615 3105 3743 3160 οὐδὲ

508 3203 782 3257 ullatenus
816 3203 898 3257 vel
946 3202 1201 3271 loquatur
1237 3201 1306 3256 de
1342 3201 1555 3256 duabus
1593 3202 1716 3256 istis
1751 3199 2069 3254 tentationi-

509 3296 635 3353 bus.
675 3309 774 3348 nec
801 3296 1024 3347 omnino
1065 3293 1204 3346 intra
1240 3308 1299 3347 se
1337 3295 1557 3363 cogitet.
1593 3290 1727 3347 Nam
1761 3292 1806 3348 si
1845 3308 1938 3348 eas
1974 3309 2068 3347 vo-

508 3386 672 3441 luerit
699 3385 1046 3454 aliquatenus
1076 3383 1391 3439 discernere
1421 3386 1474 3439 in
1509 3384 1674 3457 corde
1708 3401 1828 3450 suo,
1853 3386 2056 3440 emolu-

508 3486 747 3534 mentum
790 3494 897 3533 non
926 3478 1125 3548 capiet,
1159 3476 1253 3533 sed
1291 3478 1380 3532 ubi
1409 3493 1537 3550 erga
1568 3478 1690 3535 illas
1726 3477 1979 3534 ferociter
2010 3494 2070 3535 se

506 3571 757 3643 gesserit,
791 3570 1013 3626 habebit
1045 3571 1306 3643 requiem.

581 3661 702 3716 155.
728 3660 958 3717 Abbatis
978 3660 1250 3717 Ptemeuis
1275 3664 1472 3717 fratres
1497 3662 1756 3718 dixerunt
1783 3664 1834 3720 ei
1860 3680 1873 3718 :
1904 3664 2073 3721 Abea-

507 3768 630 3808 mus
654 3770 684 3807 e
708 3756 828 3806 loco
863 3754 1000 3818 isto;
1036 3768 1137 3809 nos
1159 3754 1302 3809 enim
1338 3753 1715 3821 interturliaut
1744 3758 2069 3812 monasteria

505 3862 628 3916 quae
657 3846 745 3901 hic
773 3855 921 3911 sunt,
950 3855 1003 3900 et
1027 3846 1305 3916 perdimus
1328 3846 1542 3904 animas
1566 3859 1801 3904 nostras.
1830 3849 1908 3904 Ad
1935 3849 2069 3913 hare,

505 3955 635 3996 ecce
680 3940 916 3994 infantes
953 3938 1266 4009 vagientes,
1328 3955 1435 3993 non
1493 3940 1684 3996 sinunt
1730 3956 1833 3997 nos
1892 3941 2073 4012 quiete

509 4046 685 4099 agere.
727 4028 991 4100 Reposuit
1019 4032 1099 4084 eis
1131 4030 1301 4087 abbas
1351 4030 1575 4088 Pmmen
1611 4050 1625 4086 :
1660 4031 1886 4104 Propter
1910 4049 2074 4090 voces

509 4121 822 4191 angelorum
848 4121 1015 4175 vultis
1041 4121 1166 4176 hinc
1201 4122 1479 4177 recedere.

582 4293 705 4347 156.
744 4291 1106 4364 Interrogavit
1148 4296 1321 4351 abbas
1356 4296 1609 4354 Bitimius
1654 4301 1905 4357 abbatem
1952 4300 2076 4357 Poe-

512 4397 745 4444 menem,
776 4383 878 4436 hoc
903 4383 1048 4437 dicto
1085 4403 1097 4438 :
1134 4385 1192 4440 Si
1237 4387 1360 4456 quis
1408 4388 1662 4445 habuerit
1693 4391 1956 4448 adversus
1993 4410 2077 4450 me

2169 3200 2398 3271 λαλῆσαι
2446 3201 2571 3265 τοὺς
2599 3200 2692 3254 δύο
2724 3200 3017 3273 λογισμοὺς
3064 3197 3305 3264 τούτους,
3334 3198 3456 3251 οὐδὲ.
3497 3197 3631 3260 ὅλως
3656 3197 3745 3250 ἐν-

2169 3294 2359 3363 νοῆσαι
2393 3296 2460 3365 τῇ
2490 3293 2708 3365 καρδίᾳ.
2768 3294 2891 3347 Ἐάν
2927 3309 2986 3345 τε
3024 3290 3133 3361 γὰρ
3159 3289 3287 3363 θέλῃ
3310 3287 3446 3352 ὅλως
3470 3287 3750 3359 διακρῖναι

2168 3387 2305 3442 αὐτὰ
2361 3387 2421 3440 ἐν
2469 3389 2535 3458 τῇ
2595 3385 2792 3459 καρδίᾳ
2850 3384 3013 3439 αὑτοῦ
3044 3424 3059 3447 ,
3106 3383 3207 3438 οὐκ
3260 3383 3566 3453 ὠφελεῖται·
3625 3381 3747 3437 ἀλλ’

2171 3481 2482 3553 ἁγριανθεὶς
2505 3480 2598 3534 ἀπ’
2621 3480 2798 3534 αὐτῶν
2829 3479 2941 3546 ἕξει
2968 3478 3293 3533 ἀνάπαυσιν.

2247 3664 2371 3730 ρνε’.
2403 3657 2624 3726 Ἔλεγον
2660 3657 2711 3710 οἱ
2741 3656 2958 3728 αδελφοί
2995 3655 3088 3709 τοῦ
3113 3654 3256 3709 assa
3280 3652 3541 3725 Ποιμένος
3566 3650 3744 3723 αὐτῷ·

2186 3750 2528 3821 Ἀπέλθωμεν
2561 3752 2624 3804 ἐκ
2644 3749 2741 3840 τοῦ
2792 3751 2959 3804 τόπου
3006 3750 3214 3805 τούτου·
3270 3747 3485 3820 ὀχλοῦσι
3527 3746 3639 3818 γὰρ
3670 3745 3744 3799 τὰ

2177 3841 2506 3913 μοναστήρια
2554 3841 2645 3894 τοῦ
2684 3843 2848 3895 τόπου
2887 3841 3078 3896 τούτου
3124 3845 3274 3913 ἡμῖν,
3310 3843 3402 3896 καὶ
3433 3840 3742 3914 ἁπόλλυμεν

2173 3932 2273 3997 τὰς
2307 3932 2484 4004 ψυχὰς
2528 3933 2703 4003 ἡμῶν·
2741 3932 2849 3987 ἰδοὺ
2883 3934 2975 3988 καὶ
3015 3934 3084 3988 τὰ
3134 3934 3318 3988 παιδία
3360 3933 3616 3988 κλαξοντα
3646 3937 3744 3989 οὐκ

2175 4023 2424 4092 ἀφίουσιν
2455 4023 2601 4094 ἡμᾶς
2626 4024 2912 4095 ἡσυχάσαι.
2946 4025 3106 4094 Λέγει
3136 4026 3316 4089 αὐτοῖς
3346 4027 3375 4078 6
3400 4024 3575 4089 ἀϐϐᾱς
3625 4027 3747 4080 Ποι-

2179 4116 2308 4185 μήψ
2343 4114 2439 4168 Διὰ
2489 4114 2588 4180 τὰς
2620 4116 2800 4185 φωνὰς
2835 4116 2944 4170 τῶν
2972 4118 3216 4186 ἀγγέλων
3247 4118 3427 4171 θέλετε
3456 4118 3744 4189 ἀναχωρῆ-

2180 4222 2270 4260 σαι
2308 4205 2479 4261 ἔνθεν.

2253 4306 2390 4370 ρνς·’.
2434 4298 2740 4371 Ἦρώτησεν
2770 4303 2798 4354 6
2826 4301 2996 4364 ἀϐὃᾶς
3019 4302 3259 4373 Βιτίμιος
3296 4303 3386 4355 τὸν
3418 4301 3589 4357 ἀόὁᾶν
3613 4302 3733 4355 Ποι·

2184 4392 2337 4461 μένα,
2379 4391 2569 4462 λέγων·
2602 4391 2729 4446 Ἐάν
2757 4412 2839 4457 τις
2866 4395 2961 4467 ἔχῃ
2994 4395 3129 4467 πρὸς
3155 4396 3255 4467 ἐμὲ
3284 4392 3483 4467 λύπην,
3515 4396 3601 4450 καὶ
3643 4410 3737 4464 με·

514 4475 867 4538 simultatem,
911 4486 963 4530 et
989 4475 1057 4530 ab
1095 4492 1160 4531 eo
1193 4480 1404 4533 veniam
1454 4484 1679 4551 supplex
1723 4485 1948 4554 petiero,
1986 4488 2066 4543 ille

2177 4486 2425 4555 τανοήσω
2480 4484 2647 4556 αὐτῷ,
2704 4486 2901 4561 καὶμὴ
2938 4487 3151 4559 πεισθῇ,
3186 4488 3239 4541 τί
3289 4490 3530 4560 ποιήσιος
3581 4486 3742 4557 Λέγει

514 4580 642 4620 vero
685 4564 825 4620 flecti
874 4567 1134 4630 noluerit,
1178 4570 1307 4638 quid
1351 4579 1573 4625 acturus
1599 4576 2066 4647 sum?Respondil

2178 4576 2324 4647 αὐτῷ
2351 4580 2379 4631 6
2412 4578 2609 4650 γέρων·
2654 4579 2797 4635 Λάϐε
2828 4579 2965 4651 μετὰ
3000 4580 3093 4634 σοῦ
3123 4580 3313 4645 ἄλλους
3339 4579 3434 4634 δύο
3466 4580 3740 4650 ἀδελφοὺς.

515 4671 679 4712 senex
715 4676 727 4711 :
758 4654 923 4713 Sume
967 4664 1146 4711 tecum
1188 4658 1327 4713 alios
1373 4660 1512 4715 duos
1568 4660 1788 4733 fratres,
1835 4682 1898 4721 ac
1943 4668 1991 4722 ei
2031 4678 2066 4724 tt

2180 4670 2271 4721 καὶ
2307 4669 2634 4740 μετανέησον
2689 4671 2853 4742 αὐτῷ.
2881 4673 2989 4725 Καὶ
3017 4672 3113 4727 ἐὰν
3143 4673 3219 4744 μὴ
3248 4673 3466 4747 πεισθῇ.
3498 4672 3629 4729 λάϐε
3655 4672 3747 4729 ἄλο

515 4748 794 4804 humiliter
834 4748 1113 4804 submitte.
1161 4748 1316 4816 Quod
1367 4752 1410 4806 si
1440 4768 1545 4808 non
1573 4752 1737 4811 fuerit
1763 4773 2076 4827 persuasus,

515 4851 737 4893 assume
770 4838 905 4892 alios
927 4837 1187 4908 quinque.
1223 4839 1280 4894 Si
1312 4856 1443 4896 vero
1465 4843 1546 4898 sic
1574 4860 1789 4915 quoque
1814 4853 2076 4910 reuuerit.

516 4931 623 4987 duc
659 4929 1056 5002 presbyterum.
1103 4931 1280 5002 Atque
1319 4934 1365 4988 si
1400 4940 1533 4990 tunc
1584 4937 1747 4992 etiam
1795 4941 2075 5007 restiterit,

518 5031 575 5076 tu
608 5021 869 5092 deinceps
897 5037 1090 5078 secure
1132 5039 1227 5078 ora
1274 5023 1468 5092 Deum,
1506 5035 1563 5081 ut
1603 5028 1707 5100 ipsi
1749 5031 1802 5086 in
1837 5034 2076 5088 animum

517 5112 761 5177 inducat,
787 5122 956 5185 tuque
986 5126 1170 5172 careto
1200 5118 1587 5177 sollicitudine.

591 5202 712 5258 l57.
752 5204 898 5261 Dixit
927 5208 1098 5265 abbas
1136 5207 1361 5267 Pmmen
1387 5230 1401 5267 :
1430 5210 1635 5270 Docere
1665 5217 1993 5287 proximum,
2024 5229 2078 5277 et

515 5307 766 5363 arguere.
794 5296 996 5352 similia
1026 5306 1174 5354 sunt.

590 5382 714 5439 158.
750 5385 890 5441 Dixit
939 5390 1134 5445 iterum
1174 5410 1189 5445 :
1221 5388 1299 5447 Ne
1344 5392 1413 5448 ad
1453 5393 1705 5453 eﬂectum
1753 5399 2072 5471 perduxeris

587 5538 631 5570 “
657 5537 800 5599 Psal.
837 5556 1046 5612 xxxvii,
1102 5546 1191 5605 19.
1262 5547 1332 5580 ’θ’
1358 5548 1446 5605 Al.
1470 5548 1540 5607 τὰ
1560 5552 1653 5609 τοῦ
1682 5553 1972 5611 κοινοδίου.

592 5692 704 5768 (78)
728 5694 960 5764 Append.
995 5713 1049 5767 p.
1094 5699 1249 5768 1004,
1273 5717 1329 5757 n.
1363 5703 1454 5761 15.

2179 4761 2303 4825 λους
2332 4762 2511 4815 πέντε.
2580 4762 2703 4815 Ἐὰν
2735 4763 2793 4817 δὲ
2835 4764 2927 4818 καὶ
2957 4765 3165 4829 τούτοις
3221 4767 3295 4838 μὴ
3351 4765 3548 4838 πεισθῇ
3573 4806 3589 4828 ,
3620 4766 3749 4822 λάες

2189 4854 2567 4927 πρεσϐύτερον.
2615 4853 2741 4909 Ἐὰν
2771 4856 2827 4910 δὲ
2858 4858 2950 4912 καὶ
2987 4857 3160 4924 οὕτως
3193 4861 3268 4933 μὴ
3292 4860 3512 4932 πεισθῇ,
3547 4859 3753 4930 ample

2183 4962 2292 5014 χως
2322 4944 2505 5000 λοιπὸν
2533 4943 2682 5012 εὖξαι
2730 4948 2807 5020 τῷ
2851 4949 3001 5021 Θεῷ,
3034 4952 3120 5006 ἵνα
3152 4951 3313 5018 αὐτὸς
3361 4952 3757 5025 πληροφορήςῃ

2184 5034 2364 5101 αὐτὸν,
2398 5037 2490 5090 καὶ
2513 5038 2913 5114 ἁμεριμνήσῃς.

2198 5285 2214 5292 _
2254 5215 2384 5288 ρνξ’.
2402 5213 2568 5273 Εἶπεν
2582 5222 2610 5275 6
2632 5221 2805 5287 ἁὸσᾶς
2825 5223 3056 5297 Ποιμήν,
3074 5224 3157 5280 ὅτι
3176 5225 3250 5280 T6
3272 5226 3477 5296 διδάξαι
3502 5227 3595 5282 τὸν
3621 5227 3757 5297 πλη.

2184 5308 2318 5375 σίον,
2347 5310 2531 5381 ὅμοιόν
2556 5312 2671 5366 ἐστι
2694 5314 2784 5368 τοῦ
2817 5315 3055 5386 ἐλέγξαι.
3222 5326 3223 5329 “

2252 5408 2385 5473 ρνη’.
2420 5399 2555 5457 Εἷπε
2606 5405 2786 5461 πάλινο
2843 5407 2936 5482 Μὴ
2970 5409 3263 5485 πληρώσῃς
3302 5412 3363 5466 τὺ
3406 5412 3616 5486 θέλημά
3639 5429 3751 5469 σου.

2263 5707 2375 5782 (79)
2401 5713 2532 5781 App.
2571 5727 2623 5781 p.
2650 5710 2811 5778 ίοοε,
2838 5725 2894 5765 n.
2921 5712 2984 5778 '5;
3015 5704 3082 5761 In
3113 5707 3377 5779 Ephrem,
3410 5727 3465 5782 ρ.
3505 5716 3634 5771 ὖὸἳ.
