4020 6196
238 279 332 336 act

1363 277 1776 334 APOPIITIIEG
1788 276 1975 330 MATA
2017 277 2247 334 PATRU
2259 281 2320 334 λι.

3376 299 3480 351 ὅῦῧ

251 395 562 461 Ἀναγκαῖον
605 391 660 444 δέ
703 393 814 444 ἐστι
867 391 1064 461 μᾶλλον
1119 391 1450 444 ταπεινῶσαι
1495 391 1687 444 ἑαυτὸν
1736 387 1810 458 τῷ

1918 389 2252 443 voluntatem
2285 399 2432 445 tuam
2472 411 2483 445 :
2515 398 2884 452 necessarium
2930 402 3110 470 potius
3154 411 3258 467 est,
3290 415 3348 461 ut
3377 409 3483 461 hu—

242 485 446 555 ἀδελφῷ
476 501 590 536 σου.

317 577 434 650 ρνθθ.
478 573 726 642 ’Λδελφὸς
749 574 999 645 ἠρώτησε
1018 574 1104 626 τὸν
1123 573 1294 627 ἀὸὂᾶν
1325 575 1583 643 Ιῐοιμένα,
1615 573 1807 640 λέγων’

249 667 403 741 Εὗρον
431 667 593 720 τόπον
648 666 840 736 ἔχοντα
872 667 1047 718 πᾶσαν
1073 664 1375 717 ἀνάπαυσιν
1404 665 1512 716 τῶν
1545 662 1806 731 ἀδελφῶν·

250 762 416 822 Θέλεις
447 756 660 826 οἰκήσω
703 757 852 819 ὲκεῖ;
904 756 996 808 καὶ
1043 751 1195 807 εἶπεν
1241 757 1269 807 6
1305 755 1501 824 γέρων·
1540 754 1710 805 Ὅπου
1749 751 1809 803 οὐ

254 853 488 924 βλάπτεις
507 849 598 901 τὸν
623 847 847 915 ἀδελφόν
879 863 995 910 σου,
1024 849 1142 900 ἐκεῖ
1183 849 1384 916 μεῖνον.

311 942 397 1012 ρξ’.
429 936 596 993 Εἶπεν
624 941 652 992 6
677 937 854 1001 ἀ66ἄς
887 939 1117 1008 Ποιμήψ
1148 937 1230 990 Τὰ
1272 938 1398 1008 τρία
1437 936 1608 990 ταῦτα
1637 938 1810 1006 κεφά-

250 1035 359 1088 λαιά
385 1035 502 1085 ἐστι
541 1032 808 1103 χρήσιμαο
840 1029 900 1082 τὸ
931 1029 1211 1098 φοϐεῖσθαι
1242 1031 1330 1082 τὸν
1366 1029 1587 1100 Κύριον,
1620 1030 1714 1081 καὶ
1753 1030 1811 1080 τὸ

248 1124 488 1189 εὔξασθαι
518 1125 586 1185 ²¹,
618 1123 711 1175 καὶ
743 1122 804 1174 τὸ
830 1122 1048 1191 ποιῆσαι
1087 1120 1290 1187 ἀγαθὸν
1316 1118 1392 1189 τῷ
1427 1121 1669 1190 πλησίον.

309 1215 440 1287 ρξσὰ
467 1213 719 1282 ’Δδελφδς
753 1209 873 1266 εἷπε
922 1211 1000 1282 τῷ
1051 1211 1196 1281 ἀ66ᾷ
1233 1212 1484 1282 Ποιμένιο
1534 1211 1606 1263 Τὸ
1655 1210 1812 1282 σῶμα

247 1325 338 1378 μου
370 1304 719 1375 ἐξησθένησε,
768 1306 862 1356 καὶ
889 1304 958 1356 τὰ
991 1302 1137 1374 πάθη
1171 1321 1273 1373 μου
1309 1304 1410 1356 οὐκ
1443 1301 1807 1367 ὲξασθενοῦσι.

246 1399 395 1467 Λέγει
431 1395 580 1466 αὐτῷ
611 1397 640 1448 6
691 1395 888 1466 γέρων⁶
940 1392 1296 1456 ’Λκανθώδεις
1346 1393 1586 1464 ρουσίδες
1612 1393 1717 1445 eici
1743 1392 1810 1445 τὰ

246 1491 403 1561 πάθη.

311 1583 443 1656 ρξδν.
478 1579 732 1648 Ἀδελφὺς
779 1577 1030 1649 ἠρώτησε
1063 1579 1156 1631 τὸν
1198 1577 1372 1631 ἀϐὁᾶν
1413 1578 1670 1647 Ποιμένα,
1723 1575 1809 1628 λέ-

1915 479 2096 534 milem
2123 490 2175 534 te
2213 482 2470 537 exhibeas
2505 499 2632 553 erga
2663 487 2880 544 fratrem
2911 499 3087 547 tuum.

1985 571 2105 628 1'59.
2145 571 2335 627 Frater
2381 578 2667 645 requisivit
2712 597 2778 634 ex
2829 582 3022 639 abbate
3074 585 3352 654 Pcemene,
3401 589 3486 643 di-

1912 678 2044 718 cens
2075 683 2086 716 :
2111 664 2291 719 Inveni
2325 668 2502 720 locum
2526 672 2671 724 omni
2700 671 2928 728 fratrum
2951 678 3134 746 quiete
3160 681 3480 749 praeditum;

1912 755 2068 811 visne
2119 767 2175 810 ut
2213 760 2325 816 illic
2375 762 2650 817 habitem?
2682 764 2748 818 Et
2800 765 2936 820 dixit
2984 770 3320 828 senex:Ubi
3368 787 3480 828 non

1911 851 2170 905 noeueris
2196 851 2348 906 fratri
2379 865 2494 919 tuo,
2532 857 2601 911 ibi
2632 872 2809 913 mane.

1986 941 2106 994 160.
2140 943 2252 1013 (85)
2297 943 2439 998 Dixit
2469 946 2638 1001 abbas
2679 947 2900 1004 Paemen
2931 967 2944 1004 :
2980 949 3108 1005 Tria
3138 952 3252 1008 haec
3279 956 3480 1024 capita,

1914 1034 2076 1136 utilia,
2108 1043 2265 1102 sunt;
2314 1037 2501 1090 timere
2547 1037 2858 1103 Dominum,
2894 1046 3128 1112 precari,
3161 1047 3484 1105 benefacere

1912 1140 2182 1193 proxnmo.

1984 1217 2102 1270 161.
2147 1217 2338 1271 Frater
2364 1219 2501 1273 dixit
2531 1221 2712 1276 abbati
2735 1221 2975 1278 Poemeni
3004 1245 3016 1280 :
3065 1226 3279 1299 Corpus
3302 1244 3484 1286 meum

1913 1310 2085 1363 evasit
2107 1309 2304 1375 debile,
2333 1326 2387 1366 et
2428 1311 2656 1368 affectus
2698 1316 2802 1369 mei
2847 1332 2955 1370 non
2983 1318 3364 1377 debilitantur.
3395 1323 3486 1376 Ait

1915 1396 1991 1448 illi
2015 1412 2180 1451 senex
2207 1418 2219 1452 :
2252 1398 2491 1455 Adet-tus
2517 1410 2645 1455 sunt
2673 1405 2874 1473 spinea:
2903 1421 3067 1476 ruga.

1990 1574 2114 1628 162.
2159 1574 2350 1630 Frater
2391 1581 2644 1647 quasswit
2674 1581 2740 1636 de
2782 1582 2976 1638 abbate
3007 1581 3262 1639 Ptemene
3298 1605 3310 1639 :
3342 1584 3482 1651 Quid

245 1693 367 1744 γωνο
393 1674 454 1727 Τί
472 1672 716 1742 ποιήσω;
746 1669 904 1737 Λέγει
931 1667 1081 1738 αὐτῷ
1125 1670 1154 1720 6
1191 1669 1390 1738 γέρων·
1431 1669 1596 1720 Ὅταν
1625 1668 1654 1719 6
1680 1666 1810 1730 Θεὸς

1921 1665 2149 1720 faciam?
2189 1667 2276 1720 Ait
2306 1668 2382 1720 illi
2432 1684 2597 1724 senex
2630 1670 2804 1724 :Cum
2854 1672 2996 1727 Detts
3029 1673 3328 1729 visitaverit
3359 1689 3482 1740 nos,

245 1733 628 1836 έπισκέπτηται
673 1733 842 1834 ἡμᾶς,
871 1761 1015 1824 τίνος
1049 1733 1243 1831 ἔχομεν
1265 1733 1277 1738 '
1300 1760 1614 1830 φροντίσαι;
1649 1760 1810 1828 Λέγει

1917 1758 1980 1813 de
2023 1773 2261 1828 quonam
2299 1775 2446 1815 curae
2486 1763 2646 1818 nobis
2675 1778 2799 1818 esse
2819 1764 3014 1826 debet?
3042 1764 3344 1836 Respondit
3370 1763 3482 1821 fra-

243 1860 384 1930 αὐτῷ
411 1863 438 1914 6
469 1857 713 1926 ἀδελφός·
750 1855 870 1908 Τῶν
927 1853 1209 1926 ἁμαρτιῶν
1254 1853 1431 1923 ήμῶν.
1463 1853 1624 1920 Λέγει
1667 1848 1761 1906 οὖν
1782 1855 1811 1904 6

242 1952 436 2022 γέρωνο
464 1947 804 2018 Εἰσέλθωμεν
836 1948 919 2009 εἰς
965 1945 1027 1998 τὸ
1087 1945 1296 1998 κελλίον
1323 1947 1502 2016 ήμῶν,
1549 1945 1643 2000 καὶ
1681 1945 1811 1999 καθ-

247 2043 454 2104 ίσαντες
494 2038 946 2111 μνημονεύσωμεν
969 2037 1079 2089 τῶν
1117 2036 1398 2108 ἁμαρτιῶν
1447 2035 1624 2106 ήμῶν,
1659 2037 1751 2088 καὶ
1782 2037 1810 2087 6

245 2133 447 2202 Κύριος
476 2131 786 2201 συνέρχεται
819 2131 949 2199 ἡμῖν
979 2131 1036 2181 ὲν
1072 2131 1226 2181 πᾶσι.

317 2223 446 2293 ρξγ’.
491 2221 737 2289 Ἀδελφὸς
784 2221 1006 2286 ὑπάγων
1054 2220 1132 2279 είς
1177 2217 1275 2288 τὴν
1305 2217 1510 2287 ἀγορὰν
1556 2215 1809 2288 ⁴ιἰριῖδτησε

242 2315 329 2368 τὸν
348 2313 516 2367 ἀόὁᾶν
541 2312 798 2382 Ποιμένα·
832 2311 895 2364 Τί
925 2311 1097 2372 θέλεις
1127 2311 1366 2380 ποιήσω;
1417 2309 1577 2376 Λέγει
1613 2307 1764 2379 αὐτῷ
1783 2311 1810 2360 6

241 2407 427 2478 γέρων
451 2404 610 2458 Γενοῦ
646 2403 797 2474 φίλος
819 2402 909 2455 τοῦ
950 2402 1143 2456 ἑαυτὸν
1184 2400 1524 2471 βιαζομένου,
1553 2400 1647 2453 καὶ
1673 2398 1810 2468 μετά

241 2502 589 2564 ἀναπαύσεως
614 2500 811 2561 πωλεῖς
844 2497 913 2548 τὰ
945 2495 1114 2565 σκεύη
1145 2511 1259 2547 σου.

307 2594 427 2664 ρξδκ
472 2589 642 2648 Εἶπεν
693 2591 722 2642 6
758 2589 930 2652 ἀὸϐἄς
963 2588 1195 2658 Ποιμήν·
1255 2581 1470 2647 Δίδαξον
1517 2583 1576 2635 τὸ
1633 2584 1808 2655 στόμα

243 2702 325 2738 σου
353 2685 532 2738 λαλεῖν
566 2684 603 2738 ἃ
627 2683 738 2753 ἔχει
765 2685 798 2754 ή
827 2680 1020 2752 καρδία
1052 2695 1166 2732 σου.

304 2777 430 2850 ρξε’.
481 2773 766 2848 Ἦρωτήθη
796 2776 824 2826 6
863 2772 1036 2835 ἁϐὀᾶς
1074 2770 1284 2840 Ποιμὴν
1314 2769 1441 2838 περὶ
1493 2767 1805 2838 μολυσμῶν

241 2871 324 2924 καὶ
346 2868 644 2940 ἀπεκρίθη,
691 2869 773 2921 ὅτι
812 2865 938 2919 Ἐὰν
987 2869 1270 2939 στήσωμεν
1311 2866 1370 2918 τὸ
1407 2864 1709 2936 πρακτικὸν
1742 2865 1808 2926 ",

241 2960 326 3013 καὶ
350 2961 614 3032 νήψωμεν
652 2957 945 3028 ἐπιμελῶς,
1006 2957 1105 3027 οὐχ
1131 2957 1435 3027 εὑρήσομεν
1489 2957 1546 3008 ὲν
1600 2955 1812 3016 ἑαυτοῖς

243 3051 535 3124 μολυσμόν.
1717 3046 1728 3055 ’

304 3145 443 3216 ρξς’.
463 3139 629 3197 Εἶπεν
648 3144 676 3200 6
703 3141 876 3204 ἀόϐἇς
901 3141 1135 3211 Ποιμὴν,
1165 3141 1245 3192 ὅτι
1276 3139 1382 3192 ἀπὸ
1396 3139 1588 3208 τρίτης
1617 3139 1808 3206 γενεᾶς

237 3237 327 3306 τῆς
387 3237 667 3306 Σκήτεως,
731 3235 825 3288 καὶ
855 3233 949 3286 τοῦ
981 3232 1125 3285 ἀὸὅᾶ
1158 3230 1461 3292 Μωῦσέως,
1495 3231 1595 3282 οὐκ
1646 3225 1807 3298 ἦλθον

239 3329 308 3381 ἔτι
338 3332 385 3382 οἱ
427 3328 654 3397 ἀδελφοὶ
686 3329 764 3389 είς
799 3325 1104 3395 προκοπήν.

305 3421 430 3492 ρξξ.
467 3416 602 3472 Εἷπε
633 3418 811 3473 πάλιν·
850 3416 1167 3487 Ἀνθρωπος
1196 3414 1290 3467 ἐὰν
1316 3415 1413 3484 τὴν
1467 3413 1616 3476 τάξιν
1645 3410 1806 3464 αὑτοῦ

237 3513 495 3583 φυλάττῃ.
525 3513 583 3564 οὐ
613 3513 962 3584 ταράσσεται.

303 3605 436 3676 ρξην.
474 3604 724 3673 ’Λδελφδς
776 3602 1026 3673 ἠρώτησε
1065 3600 1154 3652 τὸν
1181 3598 1355 3652 ἀ66ἇν
1407 3598 1671 3666 Ποιμένα,
1725 3595 1810 3647 λέ-

236 3707 356 3756 γων·
388 3691 519 3753 Πῶς
544 3691 624 3744 δεῖ
657 3708 724 3761 με
753 3689 973 3744 καθίσαι
998 3691 1055 3742 ὲν
1079 3687 1156 3758 τῷ
1186 3687 1417 3758 κελλίῳ;
1451 3686 1615 3754 Λέγει
1637 3684 1805 3754 αὐτῷ’

235 3782 302 3834 Τδ
332 3785 388 3837 ὲν
419 3782 506 3852 τῷ
539 3781 734 3851 κελλίῳ
759 3782 1000 3841 καθίσαι,
1024 3781 1085 3834 τὸ
1123 3780 1375 3850 φανερὸν,
1420 3777 1576 3830 τοῦτό
1604 3778 1718 3829 ἐστι
1749 3776 1810 3828 τὸ

236 3873 562 3944 ἐργόχειρον,
591 3874 684 3926 καὶ
717 3873 778 3925 τὸ
830 3872 1160 3943 μονοσιτίσαι
1194 3870 1326 3942 (80),
1360 3870 1456 3922 xui
1482 3867 1543 3922 τὸ
1573 3869 1807 3939 σιωπᾷν,

237 3965 322 4016 καὶ
375 3965 406 4035 ή
443 3964 664 4034 μελέτη⁶
709 3963 770 4016 τὸ
822 3964 878 4017 δὲ
907 3965 965 4015 ἐν
1008 3961 1236 4034 κρυπτῷ
1275 3961 1604 4033 προκόπτειν
1635 3962 1713 4023 είς
1749 3959 1810 4012 τὸ

237 4055 433 4109 κελλίον
472 4057 607 4120 ἐστὶ,
659 4056 720 4108 τὸ
759 4054 1066 4125 βασανίζειν
1109 4054 1223 4126 (81)
1251 4053 1345 4124 τὴν
1371 4051 1564 4107 ἑαυτοῦ
1603 4051 1808 4122 μέμψιν

237 4150 288 4201 ἐν
315 4149 480 4202 παντὶ
508 4149 657 4219 τόπῳ
681 4149 817 4202 ὅπου
849 4147 943 4202 ἐὰν
985 4148 1226 4220 ἀπέρχῃ,
1262 4147 1355 4199 καὶ
1397 4145 1505 4198 τῶν
1537 4145 1809 4210 συνάξεων

233 4237 326 4300 τὰς
349 4239 500 4310 ῶρας
535 4239 630 4292 καὶ
658 4239 765 4292 τῶν
794 4240 1050 4310 κρυπτῶν
1078 4241 1153 4310 μή
1183 4240 1422 4310 ἀμελεῖν.
1476 4239 1599 4293 Ἐὰν
1628 4240 1685 4292 δὲ
1715 4239 1808 4292 καὶ

236 4329 408 4400 συμϐῇ
441 4330 632 4400 καιρὸν
660 4331 898 4401 ἀργῆσαι
923 4331 1015 4384 τοῦ
1064 4331 1378 4403 ὲργοχείρου
1409 4348 1524 4395 σου,
1553 4329 1808 4383 εἰσελθὼν

233 4421 306 4482 εἰς
456 4399 671 4486 σῦὖαξιν
698 4399 986 4492 ἀταράχως
1010 4399 1336 4478 ὲπιῠτέλενσον.
1355 4423 1428 4476 T6
1448 4423 1504 4476 δὲ
1525 4423 1677 4486 τέλος
1695 4423 1810 4476 τού·
1842 4399 1887 4453 D

240 4523 356 4572 των,
389 4510 634 4562 συνοδίαν
670 4512 839 4582 καλὴν
867 4514 1086 4583 κτῆσαι,
1136 4515 1374 4586 ἀπόσχου
1405 4514 1460 4566 δὲ
1498 4515 1606 4568 ἀπὸ
1633 4515 1807 4585 κακῆς

237 4600 478 4663 συνοδίας
509 4602 638 4672 (δε).

302 4778 464 4832 "Al.
521 4779 645 4834 add.
687 4779 1068 4844 ἀδιαλείπτως.
1142 4781 1299 4834 “Al.
1363 4783 1486 4837 add.
1559 4783 1728 4853 ήμῶν.

299 4933 414 5000 (80)
458 4934 874 4988 Μονοσιτίσαι.
922 4933 1082 4988 Malui
1133 4950 1256 4989 cum
1299 4933 1520 5005 Pelagio
1559 4937 1812 5003 accipere

233 5004 292 5055 ile
312 5019 417 5075 un_a
442 5020 536 5074 per
557 5005 806 5075 singulos
831 5005 946 5059 dies
970 5007 1326 5068 comestione,
1343 5004 1650 5075 quamcum
1676 5005 1813 5057 Mar-

234 5075 342 5143 lino
370 5073 648 5129 Dumiensi
677 5074 743 5128 de
789 5075 1030 5129 solitario
1063 5083 1282 5143 sumpto
1313 5073 1458 5130 cibo.
1498 5073 1810 5129 Germanus

233 5142 332 5194 (ΞΡ.
353 5145 406 5196 in
432 5143 1018 5215 primam‘jeju‘niorum
1043 5142 1389 5215 Dominieam
1427 5145 1686 5215 appellat,
1714 5161 1809 5213 μο-

237 5215 498 5282 νοφαγίαν
526 5213 891 5276 ἀσπάζεσθαι.
914 5215 979 5285 rln
1020 5213 1272 5285 [fistoria
1320 5213 1677 5285 Pach’ytneris
1707 5215 1803 5269 lib.

237 5297 326 5347 xu,
361 5299 486 5352 cap.
512 5285 574 5337 21
605 5300 616 5334 :
647 5284 990 5353 μοναφαγίαν
1012 5282 1078 5336 δι’
1112 5283 1265 5354 ἔτους
1305 5282 1764 5354 ὲξακρὶόούμενος
1788 5324 1804 5348 ,

234 5361 283 5424 et
328 5369 456 5424 cap.
496 5354 587 5414 25,
632 5354 713 5424 1b.
747 5369 842 5408 xm
877 5370 890 5406 :
927 5353 1261 5424 μονοφαγίαν
1307 5355 1428 5406 κατ’
1476 5353 1701 5418 ὲννάτας
1736 5353 1804 5406 δι’

235 5421 635 5488 ἐτουξάσκεῖν.
682 5421 1005 5494 Quanquam
1062 5427 1358 5494 μονοσιτεῖν
1387 5427 1802 5494 ειίμονοφαγεῖν

237 5502 519 5564 utramque
580 5494 816 5548 habeant
864 5493 1407 5564 ’signilicationem,
1449 5493 1554 5564 Sed
1646 5511 1802 5563 μονο-

241 5567 374 5618 σιτία
402 5561 672 5635 praacepta
707 5565 762 5616 ib
795 5561 1163 5633 cella,’magis
1211 5563 1439 5632 respicit
1468 5561 1535 5615 ad
1567 5561 1800 5632 primam

239 5637 526 5690 notionem.

303 5706 414 5775 (81)
458 5703 825 5764 Βασανίζειν.
863 5703 942 5756 lta
979 5701 1251 5758 Martinus
1291 5701 1625 5757 Dumiensis.
1669 5702 1801 5754 Nam

511 5800 778 5858 Parum.
814 5799 926 5858 (in.
967 5799 1149 5859 LXV.

1911 1859 1996 1904 ter
2029 1869 2042 1904 :
2078 1851 2152 1906 De
2188 1855 2426 1922 peccatis
2475 1857 2698 1911 nostris.
2745 1854 2931 1926 itaque
2977 1873 3141 1913 senex
3169 1879 3182 1913 :
3207 1860 3481 1930 Ingredia-

1913 1958 2055 2000 mur.
2095 1943 2292 2012 inquit,
2321 1946 2373 1998 in
2411 1947 2600 2000 cellam
2634 1957 2901 2013 nostram,
2928 1957 2982 2003 et
3009 1949 3267 2006 sedentes
3294 1951 3484 2006 memi-

1913 2038 2532 2107 nerimus'peccatorum
2571 2053 2908 2105 nosuorum,
2947 2051 3188 2113 tuncque
3219 2043 3482 2098 Dominus

1915 2132 1966 2182 in
1994 2132 2211 2185 cunctis
2235 2142 2526 2186 concurret
2554 2134 2858 2188 nobiscum.

1982 2225 2105 2277 165.
2151 2224 2262 2294 (84)
2319 2222 2504 2277 Frater
2547 2239 2780 2294 pergens
2821 2225 2886 2277 ad
2935 2232 3257 2286 mercatum,
3310 2226 3480 2280 inter-

1912 2315 2124 2384 rogavit
2146 2315 2394 2370 abbatem
2420 2314 2751 2379 Poemenem,
2779 2316 2911 2386 quid
2937 2316 3039 2386 ipsi
3064 2315 3280 2370 consilii
3306 2315 3480 2371 daret.

1914 2403 2090 2458 Senex
2133 2411 2312 2459 autem
2359 2405 2640 2475 respondit
2669 2406 2716 2459 ei
2753 2423 2766 2460 :
2795 2405 2924 2460 Esto
2969 2407 3176 2461 amicus
3209 2408 3356 2462 illius
3387 2411 3480 2477 qui

1913 2496 2008 2551 tibi
2041 2497 2145 2548 vim
2172 2497 2443 2563 intulerit;
2479 2505 2531 2552 et
2553 2512 2677 2552 cum
2702 2499 2886 2568 quiete
2913 2498 3117 2554 vendes
3140 2514 3270 2553 vasa
3299 2510 3410 2553 tua.

1989 2587 2107 2642 161.
2149 2587 2293 2642 Dixit
2335 2589 2502 2642 abbas
2543 2589 2762 2644 l‘cemen
2802 2609 2814 2643 :
2852 2589 2992 2645 Doce
3033 2606 3095 2647 os
3128 2600 3279 2646 tuum
3339 2594 3482 2663 loqui
3511 2571 3530 2584 ί

1911 2695 2040 2748 quae
2064 2680 2236 2733 sentis
2267 2680 2319 2733 in
2349 2680 2510 2734 corde
2539 2687 2656 2734 tuo.

1983 2768 2104 2823 165.
2151 2767 2266 2838 (85)
2313 2769 2678 2836 Interrogatus
2718 2770 2786 2824 de
2833 2772 3259 2842 inquinamentis
3315 2774 3485 2829 abbas

1912 2861 2156 2927 Pmmen,
2187 2860 2468 2933 respondit
2501 2881 2511 2914 :
2546 2861 2602 2915 Si
2639 2879 2740 2918 nos
2772 2866 2983 2921 activos
3011 2868 3482 2933 constituerimus,

1911 2965 1965 3010 et
1997 2956 2284 3026 diligenter
2326 2955 2757 3024 vigilaverimus,
2801 2973 2906 3010 non
2940 2961 3274 3027 reperiemus
3303 2960 3484 3030 inqui-

1839 3071 1880 3126 ρ
1915 3058 2229 3105 namentum
2255 3050 2312 3104 in
2335 3049 2512 3104 nobis.

1985 3142 2106 3197 166.
2154 3141 2299 3196 Dixit
2316 3143 2486 3196 abbas
2508 3139 2728 3196 Pazmen
2757 3159 2770 3195 :
2799 3142 2843 3194 Α
2867 3143 3024 3196 tertia
3049 3152 3209 3199 aetate
3233 3143 3483 3212 Sceteos,

1911 3246 1965 3290 et
1997 3243 2121 3305 post
2147 3234 2397 3289 abbatem
2431 3233 2689 3304 Moysem,
2728 3249 2836 3287 non
2868 3235 3103 3304 amplius
3139 3235 3335 3292 fratres
3358 3252 3485 3304 pro-

1911 3343 2154 3397 gressum
2187 3326 2386 3381 fecere.

1984 3418 2105 3471 167.
2147 3417 2260 3487 (86)
2292 3417 2506 3473 Rursus
2556 3417 2693 3471 dixit
2728 3438 2739 3470 :
2771 3416 2829 3472 Si
2855 3418 3017 3472 homo
3049 3419 3294 3473 ordinem
3327 3435 3485 3474 suum

1911 3511 2262 3575 custodierit,
2293 3525 2633 3581 nequaquam
2664 3510 3104 3565 eonturbabitur.

1983 3605 2106 3659 168.
2149 3605 2261 3673 (87)
2290 3603 2485 3659 Frater
2510 3604 2589 3658 sic
2613 3604 2970 3673 interrogavit
2999 3605 3248 3659 abbatem
3273 3604 3487 3660 Preme-

1912 3712 2034 3750 nem
2067 3714 2078 3747 :
2112 3693 2232 3760 Quo
2263 3693 2425 3747 modo
2458 3699 2671 3762 oportet
2700 3708 2783 3747 me
2819 3694 3010 3749 sedere
3047 3695 3100 3747 in
3141 3694 3313 3749 cella?
3343 3693 3485 3749 Dicit

1911 3790 1960 3844 ei
1997 3805 2011 3842 :
2039 3786 2242 3841 Sedere
2269 3786 2324 3838 in
2360 3785 2518 3848 cella,
2550 3784 2695 3854 quod
2721 3793 2935 3849 spectat
2968 3784 3032 3838 ad
3063 3800 3356 3855 apparens,
3380 3785 3484 3839 huc

1910 3887 2018 3940 est,
2055 3877 2271 3947 operari
2315 3876 2589 3942 manibus,
2629 3875 2796 3929 semel
2839 3875 2894 3928 in
2933 3875 3020 3928 die
3064 3874 3369 3938 comedere,
3399 3882 3484 3927 ta-

1911 3989 2056 4034 cere,
2085 3970 2370 4035 meditari;
2405 3977 2460 4022 at
2492 3968 2744 4023 occultus
2775 3981 3064 4037 processus
3100 3967 3155 4021 in
3191 3965 3350 4025 cella,
3379 3973 3480 4026 est.

1910 4073 2240 4135 extorquere
2263 4062 2539 4132 querelam
2565 4061 2643 4115 tui
2665 4061 2720 4114 in
2745 4074 3070 4130 quocunque
3090 4059 3212 4113 loco
3233 4058 3298 4112 ad
3321 4073 3482 4127 quem

1910 4160 2251 4231 perrexeris;
2299 4173 2406 4212 non
2459 4155 2731 4225 negligere
2781 4153 2945 4207 horas
2994 4149 3174 4215 officii,
3219 4165 3322 4205 nec
3363 4165 3486 4220 qua:

1911 4252 2231 4307 abscondita
2263 4256 2410 4305 sunt.
2443 4247 2598 4314 Quod
2625 4248 2670 4301 si
2701 4245 2995 4316 contigerit
3018 4251 3078 4298 ut
3101 4252 3317 4314 tempus
3341 4245 3483 4300 otio-

1915 4357 2035 4398 sum
2082 4340 2285 4395 habeas
2329 4340 2398 4393 ab
2441 4354 2604 4409 opere
2651 4353 2935 4402 manuum,
2966 4337 3247 4408 ingressus
3280 4338 3340 4390 in
3368 4337 3487 4391 col-

1915 4432 2134 4492 lectam,
2174 4430 2292 4484 sine
2334 4427 2744 4492 perturbatione
2786 4443 3002 4497 perage.
3055 4425 3260 4479 Horum
3305 4439 3484 4482 autem

1915 4533 2158 4573 summa:
2195 4517 2518 4574 comitatum
2569 4514 2929 4570 fraternitatis
2966 4515 3170 4569 bonum
3218 4514 3483 4578 obtineto,

1915 4610 2128 4664 abstine
2157 4624 2286 4663 vero
2317 4628 2345 4662 a
2385 4608 2528 4662 malo
2560 4622 2882 4677 congressu.

1916 4936 2083 4989 vertit
2115 4945 2347 4988 arctare.
2376 4935 2443 4987 At
2480 4933 2751 5004 Pelagius
2788 4934 3206 5004 interpretando
3241 4940 3484 5002 portare,

1913 5005 2153 5059 ostendit
2173 5022 2230 5059 se
2249 5006 2447 5074 legisse
2469 5003 2777 5073 βαστάζειν.
2802 5004 2912 5058 Nec
2930 5003 2992 5058 ea
3019 5005 3185 5074 lectio,
3205 5005 3483 5074 contemni

1911 5076 2094 5135 debet,
2131 5075 2266 5128 fulta
2297 5072 2817 5129 etiam’auetoritate
2860 5075 3051 5141 optimi
3092 5073 3211 5127 cod.
3238 5072 3481 5126 Colbert.

1981 5145 2093 5266 $89.)
2129 5145 2432 5212 ’Λπόσχου
2449 5143 2517 5196 δὲ
2533 5144 2648 5196 ἀπὸ
2677 5141 2866 5210 κακῆς
2886 5141 3483 5208 συνοδίας.ρυοεὶι·οει

2014 5215 2206 5266 lartini
2237 5215 2493 5266 versione
2525 5213 2809 5266 leuendum
2831 5255 2847 5266 .
2899 5212 3344 5266 conversationem
3391 5213 3483 5266 bo-

1910 5214 1964 5268 in
1989 5212 2206 5268 Martini
2237 5215 2493 5269 versione
2525 5213 2847 5283 legendum,
2899 5212 3344 5267 conversationem
3391 5213 3484 5266 bo-

1907 5301 2029 5338 nam
2048 5286 2290 5346 retinere,
2317 5301 2346 5335 a
2371 5284 2512 5336 mala
2541 5281 2657 5335 véro
2684 5281 2938 5337 recedere.

1975 5354 2088 5422 (83)
2132 5353 2434 5406 Miscellan.
2469 5352 2627 5406 Voss.
2669 5369 2720 5422 p.
2762 5351 2865 5406 152
2889 5369 2902 5415 ;
2929 5351 3153 5406 Doroth.
3178 5352 3360 5406 Doctr.
3396 5355 3484 5412 18.

1976 5425 2089 5491 (84)
2133 5423 2368 5491 Append.
2402 5439 2453 5492 p.
2485 5423 2642 5483 1002,
2675 5440 2729 5477 η.
2773 5423 2828 5478 5.

1975 5493 2088 5562 (85)
2140 5492 2243 5562 γίι.
2284 5493 2431 5545 Patr.
2478 5507 2555 5551 xt,
2592 5495 2683 5545 21.

1997 5561 2085 5629 86)
2141 5560 2241 5615 Vit.
2277 5562 2429 5615 Patr.
2461 5579 2552 5625 xv,
2581 5563 2668 5616 58.

1996 5631 2087 5706 87)
2136 5630 2240 5706 Vit.
2269 5631 2428 5706 Patr:
2471 5648 2523 5698 χ,
2562 5633 2669 5700 6ι1;
2702 5635 2936 5703 Append.
2983 5652 3038 5706 p.
3076 5637 3234 5701 1005,
3290 5653 3343 5690 η.
3369 5637 3488 5706 21;

1905 5701 2128 5754 Doroth.
2168 5701 2352 5759 Doctr.
2388 5703 2441 5756 7.

3173 5795 3242 5850 l2
