4020 6196
245 253 366 310 365

1386 242 1999 299 A'POI’HTIIEGMATA
2036 239 2344 297 PATRUM.

3415 244 3517 297 56η

335 360 479 434 ρος’.
514 354 650 411 Εἷπε
698 354 879 408 πάλιν·
920 352 1234 423 Ἄνθρωπος
1266 352 1403 425 ἔχων
1434 355 1645 409 παιδίον
1684 372 1856 408 συνοι-

2032 351 2157 407 176.
2194 349 2591 405 Dixititerum:
2627 348 2800 403 Homo
2828 349 2919 419 qui
2943 348 3107 405 habet
3132 364 3364 420 puerum
3399 365 3530 405 cm:-

250 453 421 514 awt'w,
453 451 551 507 καὶ
569 446 962 521 ἐνεργούμενος
979 446 1062 507 είς
1084 443 1215 503 αὐτὸ
1252 446 1331 508 εἰς
1366 439 1477 503 οἷον
1518 445 1563 498 δ’
1595 445 1660 499 ἂν
1683 444 1853 507 πάθος

254 544 363 597 τοῦ
404 539 634 596 παλαιοῦ
667 536 982 609 ἀνθρώπου,
1014 534 1106 589 καὶ
1131 536 1291 590 πάλιν
1326 537 1546 607 κατέχει
1568 537 1700 590 αὐτὸ
1733 536 1854 607 μεθ’

262 632 487 696 ἑαυτοῦ,
542 629 727 701 ὅμοιός
784 630 933 681 ἐστιν
981 629 1011 681 6
1062 626 1299 690 τοιοῦτος
1344 626 1616 698 ἀνθρώπῳ
1675 627 1853 698 ἔχοντι

264 725 441 797 ἀγρὸν
467 722 575 776 ὑπὸ
598 720 901 790 σκωλήκων
926 718 1387 790 βιϐρωσκόμενον.

343 814 475 891 ρος.
505 811 644 870 Είπε
672 812 854 873 πάλιν·
901 812 963 864 Ἥ
1000 811 1236 882 πονηρία
1264 810 1363 881 τὴν
1414 809 1675 882 πονηρίαν
1699 809 1858 863 066a—

272 910 393 982 μῶς
415 910 651 978 ἀναιρεῖ·
686 905 801 960 ἀλλ’
832 903 928 958 ἐάν
951 903 1038 966 τίς
1072 920 1153 982 σεΔ
1177 906 1540 975 κακοποιήσῃ,
1574 901 1861 972 εὐποίησω

270 980 441 1070 αὐτῷ,
476 999 565 1053 ἶνα
585 997 675 1052 διὰ
704 996 806 1068 τῆς
832 980 1190 1063 ἀγαθοποιίας
1221 993 1416 1067 ἀνέλῃς
1458 994 1556 1064 τὴν
1576 993 1857 1064 πονηρίαν.

345 1098 481 1164 ροην.
508 1086 646 1144 Εἶπε
672 1088 854 1152 πάλιν,
894 1089 976 1142 ὅτι
1026 1086 1191 1142 Δαϐὶδ
1223 1086 1308 1138 ὅτε
1338 1085 1483 1155 μετὰ,
1524 1084 1618 1138 τοῦ
1645 1085 1861 1147 λέοντος

270 1182 560 1246 συνέϐαλε,
592 1179 688 1234 τοῦ
725 1178 1022 1252 λαρυγγίου
1045 1177 1210 1238 αὑτοῦ
1251 1177 1515 1249 κατέσχεν
1553 1177 1735 1239 αὑτὸν,
1771 1178 1865 1230 καὶ

267 1273 478 1337 εὐθέως
504 1272 826 1327 ἀπέκτεινεν
858 1270 1040 1325 αὐτόν.
1073 1270 1199 1325 Ἐὰν
1224 1266 1317 1323 οὖν
1366 1269 1462 1324 καὶ
1502 1271 1663 1339 ἡμεῖς
1693 1268 1861 1322 κατά-

266 1381 498 1434 σχωμεν
524 1362 619 1417 τοῦ
646 1362 946 1433 λαρυγγίου
999 1361 1216 1430 καὶτῆς
1251 1359 1456 1423 κοιλίας
1498 1359 1729 1422 ἑαυτῶν,
1787 1377 1865 1417 vt-

268 1455 467 1525 κῶμεν
494 1453 580 1507 διὰ
598 1453 693 1509 τοῦ
730 1453 866 1506 Θεοῦ
895 1452 986 1506 τὸν
1016 1452 1253 1523 ἀόρατον
1282 1452 1489 1505 λέοντα.

352 1546 485 1618 ροθ’.
526 1544 776 1613 Ἀδελφδς
795 1543 1045 1616 ἠρώτησε
1067 1544 1159 1598 τὸν
1178 1542 1353 1597 ἀὸὁᾶν
1375 1543 1637 1614 Ποιμένα,
1666 1542 1861 1608 λέγων·

269 1639 347 1695 Τί
370 1638 601 1709 ποιήσω,
624 1637 707 1695 ὅτι
733 1635 951 1707 ἔρχεταί
975 1653 1064 1705 μοι
1095 1634 1293 1705 eum;
1318 1636 1413 1691 καὶ
1438 1634 1729 1705 κινοῦμαι;
1754 1635 1864 1686 Kal.

270 1726 435 1782 εἶπεν
461 1730 491 1781 6
525 1727 726 1798 γέρων,
761 1726 896 1797 ὃτιὴ
928 1724 1019 1795 βία
1051 1728 1195 1781 ποιεῖ
1230 1725 1475 1787 καὶτοὺς
1508 1724 1734 1795 μικροὺς
1770 1723 1862 1777 καὶ

272 1823 409 1884 τοὺς
442 1819 714 1890 μεγάλους
747 1817 1054 1889 κινηθῆναι.
1455 1840 1467 1850 ·
1560 1820 1575 1827 ’

362 1909 716 1980 ρπ¹.Ἕλεγον
749 1908 876 1982 περὶ
902 1909 998 1965 τοῦ
1036 1908 1182 1965 ἀϐὄᾶ
1210 1908 1496 1979 Ποιμένος,
1526 1910 1608 1963 ὅτι
1635 1908 1872 1979 ἐκάθητο

277 2004 369 2065 είς
393 2001 598 2073 Σκῆτιν
626 2000 761 2071 μετὰ
785 2000 876 2054 δύο
901 2001 1146 2071 ἀδελφῶν
1166 2001 1355 2061 αὑτοῦ·
1379 2003 1473 2055 καὶ
1498 2003 1527 2054 6
1550 2002 1872 2073 μικρότερος

280 2092 507 2146 ἔθλιὸεν
537 2091 749 2155 αὐτούς.
793 2092 904 2145 Καὶ
935 2091 1083 2160 λέγει
1125 2091 1203 2162 τῷ
1243 2091 1387 2163 ἄλλῳ
1418 2091 1651 2163 ἀδελφῷ·
1689 2094 1875 2165 Παρα-

277 2183 411 2240 λύει
444 2184 591 2254 ἡμᾶς
623 2186 652 2237 6
687 2184 1013 2257 μικρότερος
1044 2177 1219 2248 οὗτος·
1262 2184 1500 2255 ἐγείρου,
1536 2184 1760 2255 ἄγωμεν
1791 2183 1875 2236 εν-

280 2275 405 2327 Θεν.
442 2273 553 2327 Καὶ
582 2273 888 2338 ἐξελθόντες
918 2274 1137 2343 ἀφῆκαν
1159 2274 1341 2332 αὐτόν.
1391 2275 1479 2339 Ὠς
1507 2270 1602 2328 οὖν
1627 2272 1766 2328 εἶδεν
1792 2275 1874 2328 ὅτι

282 2366 601 2437 ἑχρόνισαν,
639 2360 779 2422 εἶδεν
806 2364 1005 2428 αὐτοὺς
1040 2365 1259 2437 μακρὰν
1290 2365 1614 2436 ἀπέχοντας,
1645 2368 1738 2419 καὶ
1774 2366 1875 2437 ἦρ-

286 2457 421 2529 Eata
457 2457 676 2527 τρέχειν
714 2456 891 2509 ὀπίσω
921 2455 1123 2519 αὐτῶν,
1158 2456 1397 2527 κράζων.
1437 2458 1601 2527 Λέγει
1638 2461 1666 2512 6
1705 2458 1878 2521 esse;

286 2549 522 2619 Ποιμήν·
541 2548 831 2618 Μείνωμεν
850 2546 941 2601 τὸν
962 2546 1207 2615 ἀδελφὺν,
1226 2548 1311 2600 ὄτι
1332 2549 1517 2619 κοπιᾷ.
1536 2549 1623 2613 Ὠς
1637 2544 1729 2604 οὖν
1747 2544 1878 2620 ἦλθε

290 2640 434 2711 πρὸς
456 2640 674 2704 αὐτοὺς,
706 2638 866 2693 ἔϐαλε
897 2640 1204 2711 μετάνοιαν,
1240 2638 1434 2707 λέγων·
1475 2640 1587 2695 Ποῦ
1617 2642 1878 2711 ὑπάγετε,

291 2735 393 2789 καὶ
420 2734 608 2803 ἀφίετέ
644 2750 710 2804 με
745 2733 935 2805 μόνον;
962 2732 1123 2801 Λέγει
1156 2733 1307 2803 αὐτῷ
1336 2735 1364 2786 6
1392 2732 1588 2805 γέρων·
1625 2733 1748 2789 Ὀτι
1779 2734 1884 2787 θλί-

293 2826 412 2889 ϐεις
453 2827 615 2896 ἡμᾶς,
647 2824 736 2878 διὰ
766 2824 924 2883 τοῦτο
958 2826 1113 2895 ἡμεῖς
1143 2823 1554 2895 ἁναχωροῦμεν.
1595 2825 1757 2893 Λέγει
1785 2825 1884 2877 αὐ-

294 2920 412 2981 τοῖς
434 2916 589 2987 (Μ’)ι
619 2918 747 2982 Na‘t,
777 2918 889 2980 val,
929 2917 1066 2971 ὅπου
1099 2915 1305 2982 θέλετε,
1336 2918 1558 2988 ἄγωμεν
1584 2917 1742 2988 ὁμοῦ.
1775 2918 1884 2970 Καὶ

299 3007 431 3064 ὔδὼν
474 3010 502 3061 6
546 3009 725 3079 γέρων
770 3008 870 3080 τὴν
908 3008 1144 3063 ἀκακίαν
1176 3010 1364 3073 αὐτοῦ,
1395 3009 1544 3079 λέγει
1569 3010 1648 3080 τῷ
1672 3010 1885 3080 ἀδελφῷ

299 3100 470 3155 αὐτοῦ
488 3115 502 3130 ⁸
541 3102 1013 3175 ’Δναστρέψωμεν,
1050 3101 1266 3171 ἀδελφέ·
1292 3103 1354 3159 οὐ
1383 3103 1492 3176 γὰρ
1522 3103 1691 3160 θέλων
1717 3105 1887 3158 ταῦτα

1956 444 2326 504 tubernalem.
2354 456 2383 495 a
2409 455 2520 511 quo
2548 441 2827 495 inducitur
2854 440 2918 494 ad
2946 440 3246 511 quemlibet
3270 441 3530 497 affectum

1958 535 2160 591 veteris
2191 534 2451 597 hominis,
2491 547 2593 587 nec
2623 532 2806 587 minus
2836 547 2961 587 eum
3009 532 3209 586 retinet
3235 547 3455 595 secum,
3488 533 3534 584 is

1960 627 2124 681 homo
2159 625 2360 681 similis
2404 634 2491 680 est
2537 623 2841 696 possidenti
2887 638 3075 693 agrum
3107 638 3269 695 quem
3320 637 3534 679 vermes

1959 718 2244 773 devorant.

2035 809 2158 863 177.
2198 807 2313 878 (95)
2368 805 2545 860 Etiam
2588 805 2765 860 dixit:
2794 804 2995 859 Malitia
3039 816 3385 874 nequaquam
3415 816 3535 857 ma-

1963 904 2133 961 litiam
2168 901 2340 966 tollit;
2390 900 2484 955 sed
2516 899 2563 954 si
2612 899 2738 968 quis
2787 898 2885 952 tibi
2935 897 3077 952 male
3133 896 3347 959 fecerit,
3400 896 3537 953 bene

1962 995 2132 1052 facito
2160 994 2234 1054 ei.
2268 1000 2328 1046 ut
2357 1007 2453 1063 per
2473 992 2675 1045 bonum
2713 989 2913 1045 factum
2936 990 3192 1044 destruas
3214 987 3501 1042 malitiam.

2035 1087 2160 1143 I78.
2202 1085 2344 1143 Dixit
2384 1085 2598 1138 adhuc:
2648 1081 2816 1135 David
2857 1080 3079 1152 quando
3109 1096 3234 1135 cum
3262 1082 3420 1135 leone
3439 1094 3541 1149 pu-

1965 1194 2125 1251 gnam
2161 1177 2461 1238 commisit,
2505 1192 2568 1237 ex
2604 1182 2825 1245 gutture
2860 1175 3035 1229 tenuit
3065 1189 3214 1237 eum,
3246 1173 3544 1242 statimque

1966 1269 2244 1325 occidit".
2275 1266 2332 1323 Si
2366 1283 2497 1339 ergo
2528 1282 2631 1321 nos
2655 1281 2873 1336 quoque
2905 1265 3245 1321 tenuerimus
3274 1272 3465 1336 guttur
3490 1272 3544 1323 et

1967 1371 2211 1417 ventrem
2241 1369 2492 1415 nostrum
2512 1401 2527 1425 ,
2557 1359 2858 1413 auxiliante
2894 1359 3022 1420 Deo,
3054 1357 3387 1411 invisibilem
3431 1357 3543 1411 lem

1968 1470 2091 1510 nem
2122 1454 2431 1509 vincemus.
2750 1439 2758 1447 ’

2039 1547 2163 1601 179.
2206 1544 2400 1601 Frater
2430 1545 2684 1616 poposcit
2740 1544 2809 1599 ab
2843 1542 3037 1597 abbate
3076 1539 3369 1605 Ptemene:
3404 1537 3543 1605 Quid

1973 1639 2190 1699 faciam,
2224 1637 2352 1707 quia
2384 1636 2518 1690 mihi
2563 1635 2837 1705 contingit
2885 1633 3155 1697 molestia,
3201 1639 3257 1685 et
3299 1645 3548 1685 comma-

1899 1777 1940 1831 Β
1971 1733 2135 1788 vcor?
2171 1729 2474 1801 Respondit
2524 1745 2723 1786 senex:
2761 1728 2855 1785 Vis
2905 1726 3095 1791 efficit,
3130 1733 3191 1778 ut
3233 1740 3356 1785 cum
3393 1722 3547 1795 parvi

1971 1835 2080 1877 llIIll
2112 1823 2293 1892 magni
2322 1829 2663 1875 moveantur.

2045 1915 2166 1970 180.
2201 1912 2534 1968 Referebant
2569 1913 2675 1968 hoc
2713 1913 2781 1969 de
2819 1912 3016 1970 abbate
3062 1911 3351 1966 Pri-mene:
3391 1910 3551 1965 Resi-

1973 2008 2136 2061 dente
2170 2021 2235 2061 eo
2260 2008 2313 2059 in
2339 2004 2483 2060 Sceti
2514 2022 2637 2060 cum
2663 2007 2881 2060 duobus
2907 2006 3168 2060 fratribus
3203 2004 3338 2065 suis,
3368 2004 3555 2073 jnuior

1975 2099 2245 2169 aﬂligebat
2280 2113 2396 2153 eos.
2442 2096 2716 2163 Quocirca
2771 2096 2994 2152 Pmmen
3030 2098 3102 2151 ita
3154 2098 3429 2151 allocutus
3473 2105 3557 2151 est

1977 2192 2208 2246 alterum
2243 2188 2503 2244 fratrem:
2554 2187 2791 2243 Euervat
2831 2188 3137 2257 avertitque
3169 2202 3271 2243 nos
3305 2172 3553 2241 istena-

1978 2288 2036 2335 tu
2078 2281 2290 2347 minor;
2324 2295 2511 2351 surge,
2549 2280 2812 2335 abeamus
2846 2278 2995 2333 hinc.
3028 2274 3199 2349 Igitur
3236 2278 3442 2350 egressi
3472 2293 3559 2334 re-

1981 2372 2266 2441 liquerunt
2308 2386 2458 2427 eum.
2517 2367 2588 2424 Ut
2621 2379 2800 2425 autem
2856 2369 2990 2425 vidit
3054 2369 3194 2439 quod
3258 2371 3560 2439 tardarent,

1981 2466 2379 2537 conspexitquc
2421 2473 2611 2535 postea
2664 2467 2823 2536 longe
2853 2464 3102 2527 dissitos.
3145 2465 3312 2535 cmpit
3336 2480 3560 2521 currere

1981 2565 2109 2626 post
2144 2558 2269 2612 illos
2314 2572 2438 2611 cum
2487 2558 2749 2612 clamore.
2794 2555 2936 2611 Dicit
2963 2557 3133 2611 abbas
3165 2555 3389 2613 Premen
3419 2577 3431 2611 :
3459 2556 3564 2612 Ex.

1983 2655 2293 2719 spectemus
2347 2648 2596 2710 fratrem,
2658 2650 2785 2719 quia
2852 2649 3200 2719 defatigatur.
3271 2649 3564 2721 Postquam

1983 2755 2114 2811 ergo
2164 2754 2259 2794 eos
2297 2741 2497 2809 attigit,
2550 2738 2823 2793 submisse
2875 2740 3170 2793 salutavit:
3210 2738 3331 2805 Quo
3382 2741 3565 2805 abitis,

1986 2832 2262 2901 inquiens,
2287 2845 2351 2882 ac
2386 2846 2471 2883 me
2515 2829 2826 2898 relinquitis
2849 2830 3060 2884 solum?
3078 2830 3381 2901 Respondit
3405 2832 3454 2886 ei
3490 2847 3567 2885 see

1986 2936 2122 2975 nex:
2159 2917 2429 2984 Quoniam
2477 2934 2645 2973 vexas
2695 2934 2819 2978 nos.
2867 2918 2989 2973 ideo
3043 2920 3372 2975 recedimus.
3430 2919 3565 2975 Tum

1989 3012 2080 3067 ille
2119 3009 2187 3064 ad
2228 3024 2323 3065 eos
2345 3025 2363 3062 :
2392 3007 2505 3070 Nae,
2536 3024 2638 3072 nm,
2680 3023 3013 3081 quocunque
3039 3010 3344 3073 volueritis,
3378 3026 3566 3066 eamus

1998 3101 2180 3158 simul.
2212 3100 2277 3155 Et
2315 3115 2506 3165 senex,
2540 3107 2837 3170 conspecta
2864 3101 2985 3170 ejus
3012 3100 3384 3171 simplicitate,
3416 3101 3568 3159 fratri

299 3197 472 3259 ποιεῖ,
496 3194 612 3247 ἀλλ’
638 3196 667 3248 6
687 3194 929 3259 διάϐολός
958 3197 1106 3251 ὲστιν
1130 3197 1159 3249 6
1183 3196 1357 3256 ταῦτα
1386 3197 1554 3250 ποιῶν
1584 3195 1752 3267 αὐτῷ.
1780 3198 1882 3251 Kal

1994 3209 2096 3250 suo
2133 3193 2240 3248 ait:
2274 3192 2654 3256 Revertamur,
2687 3192 2888 3247 frater:
2929 3208 3037 3248 non
3074 3196 3217 3249 enim
3250 3202 3445 3265 sponte
3470 3210 3566 3251 sua

301 3284 744 3356 ἀναστρέψαντες
773 3279 936 3357 ἦλθον
974 3286 1055 3348 είς
1085 3284 1176 3339 τὸν
1209 3285 1375 3343 τόπον
1404 3285 1606 3340 αὐτῶν.

383 3469 528 3532 pm’.
574 3460 884 3533 Ἦρώτησεν
910 3460 1210 3533 ἡγούμενος
1238 3461 1351 3532 (92)
1379 3460 1647 3520 κοινοϐίου
1673 3460 1764 3513 τὸν
1791 3460 1892 3514 ἀδ-

302 3558 413 3613 6ᾶν
460 3554 722 3627 Ποιμένα,
770 3555 964 3624 λέγων·
1015 3554 1139 3619 Πῶς
1177 3554 1413 3625 δύναμαι
1457 3553 1762 3627 κτήσασθαι
1804 3554 1895 3609 τὸν

306 3647 478 3719 φόϐον
505 3646 601 3700 τοῦ
634 3647 808 3713 Θεοῦ;
850 3647 1013 3715 Λέγει
1048 3646 1198 3718 αὐτῷ
1234 3648 1264 3700 6
1298 3646 1474 3709 ὰόὃᾶς
1505 3646 1737 3716 Ποιμήν·
1770 3645 1896 3708 Πῶς

306 3741 589 3810 δυνάμεθα
625 3740 931 3809 κτήσασθαι
955 3737 1120 3809 φόϐον
1147 3738 1303 3800 Θεοῦ,
1338 3738 1540 3792 ἔσωθεν
1560 3738 1775 3809 ἔχοντες
1797 3755 1898 3807 γα-

312 3830 477 3901 στρία
514 3829 736 3901 τυρίων,
769 3830 864 3883 καὶ
886 3829 1127 3899 κεράμια
1160 3828 1427 3900 ταρίχων;

350 3904 357 3923 ’
389 3922 533 3993 ρπ6’.
569 3921 820 3990 Ἀδελφὸς
845 3919 1094 3992 ἠρώτησε
1114 3919 1205 3973 τὸν
1223 3919 1395 3973 ἀϐἥᾶν
1420 3920 1680 3989 Ποιμένα,
1703 3919 1896 3987 λέγων·

327 4014 518 4078 Ἀϐδᾶ,
559 4014 652 4068 δύο
677 4013 955 4085 ἄνθρωποι
988 4010 1149 4085 ἦσαν,
1182 4008 1263 4076 εἷς
1299 4012 1530 4082 μοναχὸς
1568 4013 1661 4065 καὶ
1699 4007 1776 4075 εἷς
1802 4002 1902 4065 ’κο-

317 4106 536 4179 σμιχός.
571 4106 632 4159 ’0
660 4106 894 4176 μοναχδς
915 4104 1199 4173 ἐλογίσατο
1220 4104 1318 4173 ὀψὲ
1344 4104 1428 4157 ίνα
1448 4105 1508 4158 τὸ
1525 4105 1574 4136 ³⁵
1601 4103 1747 4175 πρωῒ
1769 4104 1901 4176 ῥίψῃ

315 4195 381 4249 τὸ
424 4194 630 4266 σχῆμα,
671 4195 766 4251 καὶ
808 4197 836 4248 6
881 4194 1143 4265 κοσμικὺς
1174 4193 1455 4262 ἐλογίσατο
1483 4195 1529 4229 ’⁸
1563 4193 1648 4248 ἵνα
1678 4194 1902 4264 γένηται

320 4288 578 4358 μοναχός·
608 4288 905 4358 ἀμφότεροι
938 4286 996 4340 δὲ
1026 4286 1293 4341 ἀπέθανον
1317 4287 1384 4356 τῇ
1418 4285 1573 4338 νυκτὶ
1610 4285 1814 4357 ἐκείνῃ·
1850 4285 1902 4338 τί

317 4375 433 4448 ἄρα
451 4376 724 4444 λογίζεται
748 4377 963 4442 αὐτοῖςς
1000 4376 1109 4430 Kal.
1141 4372 1290 4430 εἶπεν
1312 4377 1340 4429 6
1357 4373 1553 4446 γέρων·
1593 4375 1650 4428 '0
1673 4375 1904 4445 μοναχὺς

317 4466 564 4523 ἀπέθανε
593 4466 848 4537 μοναχδς,
882 4466 975 4520 καὶ
1005 4468 1034 4520 6
1057 4466 1321 4536 κοσμικδς
1350 4465 1587 4519 ἀπέθανε
1615 4465 1897 4535 κοσμικός·

316 4561 381 4612 ἐν
415 4552 464 4626 ᾧ
491 4557 599 4627 γὰρ
620 4557 941 4629 εὑρέθησαν,
981 4556 1244 4625 ἀπῆλθον.

400 4656 549 4722 ρπγ’.
584 4650 807 4719 Ἔλεγεν
836 4653 865 4704 6
894 4649 1069 4714 ἁὸϐᾶς
1104 4650 1354 4720 Ἰωάννης
1382 4650 1449 4711 ’⁸.
1483 4650 1566 4703 ὅτι
1596 4648 1905 4720 Παρεὸάλο-

324 4744 430 4816 μέν
460 4758 585 4795 ποτε
615 4742 721 4795 ἀπὸ
743 4742 945 4814 Συρίας
964 4742 1042 4814 τῷ
1078 4741 1221 4812 ἀὸὁᾷ
1243 4741 1489 4810 Ποιμὲνι,
1520 4741 1614 4793 καὶ
1639 4740 1905 4810 ἠθέλομεν

321 4834 490 4889 αὐτὸν
517 4833 790 4905 ἐρωτῆσαι
824 4834 953 4905 περὶ
978 4834 1077 4903 τῆς
1106 4832 1476 4903 σκληρότητος
1516 4831 1614 4901 τῆς
1655 4830 1901 4902 καρδίας·

321 4927 351 4978 6
382 4923 443 4976 δὲ
464 4924 640 4992 γέρων
664 4922 764 4976 οὐκ
794 4922 910 4993 ᾔδει
953 4921 1271 4991 Ἑλληνιστὶ,
1295 4919 1418 4976 οὐδὲ
1453 4922 1482 4973 6
1508 4920 1778 4990 ἑρμηνεὺς
1814 4919 1908 4972 εὑ-

323 5013 686 5085 καίρησενίτ.
750 5011 897 5067 Ἰδὼν
935 5012 992 5068 δὲ
1040 5014 1189 5083 ἡμᾶς
1230 5010 1584 5081 θλιϐομένους
1632 5012 1661 5063 6
1707 5009 1905 5082 γέρων,

400 5169 455 5200 οι
483 5170 535 5200 ΔΙ
590 5173 656 5200 -J‘.

400 5170 455 5200 “
473 5170 558 5226 Al.
589 5173 687 5244 τῷ.
763 5174 808 5205 ’⁸
842 5172 927 5227 AI.
960 5183 1124 5239 praep.
1158 5170 1277 5236 ὀψέ.
1353 5170 1400 5198 ³⁸³
1432 5170 1515 5220 ΑΙ.

331 5243 547 5311 ἅραμεν
575 5253 628 5297 et
656 5242 917 5315 εὕραμεν.
993 5239 1040 5270 ’⁸
1073 5237 1247 5308 IReg.
1276 5251 1411 5299 xvu,
1449 5235 1539 5291 '55.

403 5383 544 5449 (91')
588 5381 759 5450 Λέγει
790 5381 1014 5446 αὐτοῖς.
1053 5378 1351 5450 Sequentia
1392 5377 1664 5450 usquead
1693 5372 1907 5450 λῆμμα.

334 5468 385 5524 n.
428 5451 465 5504 8
488 5444 567 5521 τῷ
586 5444 720 5524 ΔΘεῷ
748 5444 1056 5515 διαωντὸς,
1084 5444 1291 5504 contuli
1313 5463 1437 5502 cum
1470 5444 1659 5502 codice
1686 5444 1911 5497 Colb'er-

334 5523 457 5576 tino
485 5520 709 5590 optimae
735 5530 893 5576 notae.

409 5583 540 5668 (9‘2)-
565 5595 903 5664 Ἡρὼτησεν
921 5593 1272 5661 ἡγούμενος.
1296 5587 1497 5643 Aberat
1514 5585 1618 5639 hoc
1640 5583 1920 5653 Apollinia-

330 5704 460 5766 gnta
494 5703 525 5746 ει
563 5701 668 5744 ms.
717 5683 886 5760 Regio
927 5681 1086 5741 2466.
1137 5680 1322 5752 Itaque
1361 5677 1665 5754 appositum
1709 5674 1809 5735 fuit
1854 5689 1918 5732 cx

1931 4594 1984 4653 D

763 5174 808 5205 ’⁸
842 5172 927 5227 AI.
960 5183 1141 5239 praep:
1158 5167 1277 5236 ὀψέ.
1353 5166 1400 5198 ³⁸
1432 5165 1516 5239 δι’.
1571 5164 1694 5220 add.
1732 5167 1760 5218 ὁ
1791 5164 1878 5228 ὲξο

1984 5165 2087 5229 θεὶς
2137 5168 2242 5221 ὑπὸ
2272 5168 2589 5238 Μαρκιανοῦ
2641 5167 2736 5222 τοῦ
2796 5169 3077 5239 βασιλέως.

1997 3285 2125 3339 facit
2152 3290 2285 3349 lucc,
2321 3284 2417 3341 sed
2441 3284 2696 3341 diabolus
2718 3292 2804 3340 est
2838 3288 2931 3358 qui
2968 3287 3048 3341 illi
3079 3287 3341 3358 suggerit.
3376 3285 3573 3345 Rever-

1996 3376 2042 3430 si
2074 3391 2206 3446 ergo
2231 3383 2497 3431 venerunt
2521 3376 2574 3429 in
2604 3376 2783 3430 locum
2822 3392 3003 3433 Suum.

2069 3467 2191 3521 181.
2228 3466 2591 3539 Interrogavit
2652 3470 2890 3524 cmnobii
2944 3470 3271 3540 praepositus
3325 3469 3573 3530 abbatem

2000 3554 2313 3611 Pmmenem
2348 3574 2362 3610 ;
2395 3556 2683 3623 Quomodo
2735 3573 2957 3628 possum
3023 3560 3274 3614 obtinere
3321 3560 3572 3615 timorem

2001 3643 2132 3699 Dei?
2166 3643 2467 3713 ReSpondit
2497 3647 2667 3702 abbas
2711 3648 2961 3703 Pmmen:
2995 3647 3114 3714 Qua
3147 3649 3357 3706 ratione
3383 3665 3577 3720 possuv

2002 3752 2125 3791 mus
2169 3737 2452 3806 possidere
2496 3741 2746 3794 timorem
2809 3739 2924 3806 Dei,
2977 3741 3071 3810 qui
3127 3741 3277 3798 intus
3311 3742 3576 3798 habemus

2004 3837 2222 3884 ventres
2249 3843 2557 3895 caseorum,
2600 3838 2653 3885 et
2678 3830 2824 3887 dolia
2859 3832 3317 3888 salsamentorum
3341 3833 3366 3885 ?

2075 3917 2199 3974 182.
2240 3917 2433 3974 Frater
2458 3922 2817 3990 quaestionem
2842 3922 3129 3993 proposuit
3157 3921 3340 3977 abbati
3365 3921 3579 3977 Parme-

2007 4009 2084 4073 ni,
2119 4009 2344 4064 dicens:
2383 4009 2558 4076 Abba,
2584 4011 2694 4066 duo
2724 4011 2973 4065 homines
3000 4020 3177 4076 erant,
3209 4028 3353 4069 unus
3383 4027 3576 4067 mona-

2006 4100 2167 4161 chus,
2198 4098 2336 4154 alter
2364 4100 2666 4155 saacularis.
2713 4099 3014 4155 Monachus
3045 4115 3269 4170 vespere
3314 4101 3575 4160 decrevit.

2008 4193 2254 4250 habitum
2286 4195 2534 4264 proximo
2559 4209 2719 4248 mane
2749 4193 3021 4262 ahjicere;
3058 4193 3340 4250 saecularis
3371 4195 3585 4251 consti-

2009 4284 2134 4347 tuit,
2168 4283 2283 4339 fieri
2325 4284 2663 4339 monachus:
2694 4284 2857 4339 ambo
2892 4292 3071 4339 autem
3105 4293 3265 4340 nocte
3308 4285 3399 4345 illa
3444 4301 3587 4340 mor-

2010 4377 2089 4429 tui
2114 4375 2411 4443 sunt.Quid
2436 4377 2780 4447 reputabitur
2794 4378 2875 4433 eis
2891 4378 2916 4430 ?
2936 4376 3236 4447 Respondit
3253 4394 3419 4434 senex
3445 4377 3582 4448 (96):

2008 4468 2311 4524 Monachus
2340 4476 2591 4524 mortuus
2608 4477 2691 4524 est
2716 4469 3038 4535 monachus,
3062 4477 3115 4524 et
3143 4469 3423 4525 szecularis
3446 4469 3584 4523 obiit

2009 4560 2311 4618 saecularis.
2344 4559 2402 4614 In
2426 4574 2536 4630 quo
2564 4560 2709 4615 enim
2740 4560 2949 4615 inventi
2976 4566 3128 4623 sunt,
3168 4559 3438 4615 abierunt.

2084 4649 2205 4705 185.
2228 4648 2342 4721 (95)
2359 4648 2563 4705 Retulit
2580 4649 2749 4706 abbas
2760 4649 3000 4705 Joannes
3020 4665 3035 4705 :
3054 4649 3363 4719 Aliquando
3384 4664 3414 4704 e
3428 4648 3584 4719 Syria

2012 4740 2361 4810 perreximus
2395 4740 2462 4796 ad
2493 4740 2743 4797 abbatem
2772 4740 3104 4807 Poemenem,
3137 4741 3384 4796 volentes
3414 4741 3583 4795 inter-
3623 4750 3629 4760 '

2014 4847 2210 4902 rogare
2236 4847 2362 4887 eum
2395 4831 2465 4888 de
2496 4833 2698 4887 duritia
2727 4833 2912 4888 cordis
2950 4851 2964 4888 :
3013 4848 3177 4888 senex
3229 4847 3358 4888 vero
3400 4830 3585 4887 Graece

2014 4924 2316 4984 nesciebat.
2346 4940 2447 4979 nec
2467 4925 2738 4994 interpres
2760 4923 3015 4981 inventus
3048 4935 3148 4980 est.
3183 4922 3369 4994 Itaque
3398 4922 3586 4978 videns

2014 5027 2115 5067 nos
2148 5012 2398 5079 afflictos,
2430 5017 2598 5084 cmpit
2636 5016 2818 5086 lingua
2866 5013 3054 5070 Graeca
3100 5015 3269 5083 loqui,
3306 5014 3581 5084 dixitque:

3154 5168 3200 5200 "
3225 5167 3312 5221 Al.
3346 5169 3591 5241 ἑρμηνέα

2025 5358 2344 5418 Colbertiau
2373 5365 2564 5419 codice
2607 5368 2663 5416 et
2691 5358 2862 5430 Regio
2896 5355 3057 5413 1787.

2087 5441 2200 5508 (95)
2244 5440 2347 5493 Vit.
2388 5439 2536 5494 Patr.
2570 5458 2623 5504 χ,
2667 5443 2766 5506 55;
2800 5443 3019 5497 Doroth.
3053 5440 3233 5498 Dbctr.
3262 5446 3350 5507 10.

2090 5511 2197 5577 (94)
2239 5509 2383 5563 Infra
2417 5511 2469 5563 in
2504 5508 2656 5565 Sisoe
2686 5529 2736 5565 n.
2770 5510 2859 5566 58.

2092 5579 2203 5649 (95)
2257 5579 2359 5634 Vit.
2397 5579 2547 5633 Patr.
2580 5596 2736 5646 xvm,
2767 5582 2865 5648 16;
2896 5597 2991 5647 vn,
3024 5599 3176 5651 nix.
3210 5584 3261 5649 1.
