  <div class='ocr_page' id='page_1' title='image "/cluster/home/n/w/nwhite01/storage/ocr_20150623/65/hvd.32044073501967/189.png"; bbox 0 0 4020 6196; ppageno 0'>
   <div class='ocr_carea' id='block_1_1' title="bbox 470 278 579 334">
    <p class='ocr_par' dir='ltr' id='par_1_1' title="bbox 470 278 579 334">
     <span class='ocr_line' id='line_1_1' title="bbox 470 278 579 334; baseline -0.018 0"><span class='ocrx_word' id='word_1_1' title='bbox 470 278 579 334; x_wconf 63' lang='grc'><strong>567</strong></span> 
     </span>
    </p>
   </div>
   <div class='ocr_carea' id='block_1_2' title="bbox 1610 269 2552 329">
    <p class='ocr_par' dir='ltr' id='par_1_2' title="bbox 1610 269 2552 329">
     <span class='ocr_line' id='line_1_2' title="bbox 1610 269 2552 329; baseline 0 -2"><span class='ocrx_word' id='word_1_2' title='bbox 1610 272 1961 328; x_wconf 75' lang='grc' dir='ltr'><strong>ΑΡΡΕΝΒΙΧ</strong></span> <span class='ocrx_word' id='word_1_3' title='bbox 2002 269 2090 323; x_wconf 83' lang='lat' dir='ltr'><strong>AD</strong></span> <span class='ocrx_word' id='word_1_4' title='bbox 2124 269 2347 326; x_wconf 79' lang='lat' dir='ltr'><strong>PALLA</strong></span> <span class='ocrx_word' id='word_1_5' title='bbox 2361 269 2471 329; x_wconf 83' lang='grc' dir='ltr'><strong>οιυ</strong></span> <span class='ocrx_word' id='word_1_6' title='bbox 2483 271 2552 327; x_wconf 84' lang='grc' dir='ltr'>Μ.</span> 
     </span>
    </p>
   </div>
   <div class='ocr_carea' id='block_1_3' title="bbox 3624 274 3734 331">
    <p class='ocr_par' dir='ltr' id='par_1_3' title="bbox 3624 274 3734 331">
     <span class='ocr_line' id='line_1_3' title="bbox 3624 274 3734 331; baseline 0.018 -2"><span class='ocrx_word' id='word_1_7' title='bbox 3624 274 3734 331; x_wconf 72' lang='lat'><strong>508</strong></span> 
     </span>
    </p>
   </div>
   <div class='ocr_carea' id='block_1_4' title="bbox 472 383 2046 464">
    <p class='ocr_par' dir='ltr' id='par_1_4' title="bbox 472 385 2043 464">
     <span class='ocr_line' id='line_1_4' title="bbox 472 385 2043 464; baseline -0.008 -15"><span class='ocrx_word' id='word_1_8' title='bbox 472 395 639 464; x_wconf 70' lang='lat' dir='ltr'><strong>Aqua:</strong></span> <span class='ocrx_word' id='word_1_9' title='bbox 656 399 849 446; x_wconf 88' lang='lat' dir='ltr'><strong>natura</strong></span> <span class='ocrx_word' id='word_1_10' title='bbox 872 388 1053 445; x_wconf 79' lang='lat' dir='ltr'><strong>mollis</strong></span> <span class='ocrx_word' id='word_1_11' title='bbox 1079 394 1184 449; x_wconf 85' lang='lat' dir='ltr'><strong>est.</strong></span> <span class='ocrx_word' id='word_1_12' title='bbox 1209 385 1407 456; x_wconf 79' lang='lat' dir='ltr'><strong>lapidis</strong></span> <span class='ocrx_word' id='word_1_13' title='bbox 1436 394 1615 441; x_wconf 88' lang='lat' dir='ltr'><strong>autem</strong></span> <span class='ocrx_word' id='word_1_14' title='bbox 1649 387 1784 442; x_wconf 89' lang='lat' dir='ltr'><strong>dura</strong></span> <span class='ocrx_word' id='word_1_15' title='bbox 1812 408 1824 441; x_wconf 87' lang='lat'><strong>:</strong></span> <span class='ocrx_word' id='word_1_16' title='bbox 1856 400 2043 442; x_wconf 88' lang='lat' dir='ltr'><strong>verum</strong></span> 
     </span>
    </p>
   </div>
   <div class='ocr_carea' id='block_1_5' title="bbox 2154 383 3736 464">
    <p class='ocr_par' dir='ltr' id='par_1_5' title="bbox 2154 383 3736 457">
     <span class='ocr_line' id='line_1_5' title="bbox 2154 383 3736 457; baseline -0.001 -17"><span class='ocrx_word' id='word_1_17' title='bbox 2154 385 2348 454; x_wconf 65' lang='grc' dir='ltr'>ἤρξατο</span> <span class='ocrx_word' id='word_1_18' title='bbox 2387 386 2566 439; x_wconf 80' lang='grc' dir='ltr'>λαλεῖν</span> <span class='ocrx_word' id='word_1_19' title='bbox 2611 386 2678 456; x_wconf 81' lang='grc' dir='ltr'><strong>τῇ</strong></span> <span class='ocrx_word' id='word_1_20' title='bbox 2725 383 2985 455; x_wconf 74' lang='grc' dir='ltr'>Ἑλληνίδι</span> <span class='ocrx_word' id='word_1_21' title='bbox 3031 387 3205 457; x_wconf 76' lang='grc' dir='ltr'>φωνῇ,</span> <span class='ocrx_word' id='word_1_22' title='bbox 3232 383 3426 452; x_wconf 83' lang='grc' dir='ltr'>λέγων’</span> <span class='ocrx_word' id='word_1_23' title='bbox 3466 383 3530 437; x_wconf 85' lang='grc' dir='ltr'><strong>Ἦ</strong></span> <span class='ocrx_word' id='word_1_24' title='bbox 3566 383 3736 453; x_wconf 80' lang='grc' dir='ltr'>φύσις</span> 
     </span>
    </p>
   </div>
   <div class='ocr_carea' id='block_1_6' title="bbox 470 476 2047 551">
    <p class='ocr_par' dir='ltr' id='par_1_6' title="bbox 470 476 2047 551">
     <span class='ocr_line' id='line_1_6' title="bbox 470 476 2047 551; baseline -0.008 -11"><span class='ocrx_word' id='word_1_25' title='bbox 470 482 698 540; x_wconf 88' lang='lat' dir='ltr'><strong>baucale</strong></span> <span class='ocrx_word' id='word_1_26' title='bbox 730 480 877 551; x_wconf 89' lang='lat' dir='ltr'><strong>quod</strong></span> <span class='ocrx_word' id='word_1_27' title='bbox 922 493 1248 550; x_wconf 87' lang='lat' dir='ltr'><strong>suspensum</strong></span> <span class='ocrx_word' id='word_1_28' title='bbox 1288 488 1371 533; x_wconf 91' lang='lat' dir='ltr'><strong>est</strong></span> <span class='ocrx_word' id='word_1_29' title='bbox 1419 492 1584 547; x_wconf 81' lang='lat' dir='ltr'><strong>supra</strong></span> <span class='ocrx_word' id='word_1_30' title='bbox 1620 477 1875 547; x_wconf 75' lang='lat' dir='ltr'><strong>lapidein,</strong></span> <span class='ocrx_word' id='word_1_31' title='bbox 1929 476 2047 530; x_wconf 88' lang='lat' dir='ltr'><strong>stil-</strong></span> 
     </span>
    </p>
   </div>
   <div class='ocr_carea' id='block_1_7' title="bbox 473 566 2047 645">
    <p class='ocr_par' dir='ltr' id='par_1_7' title="bbox 473 566 2047 645">
     <span class='ocr_line' id='line_1_7' title="bbox 473 566 2047 645; baseline -0.007 -15"><span class='ocrx_word' id='word_1_32' title='bbox 473 574 636 630; x_wconf 89' lang='lat' dir='ltr'><strong>lando</strong></span> <span class='ocrx_word' id='word_1_33' title='bbox 683 572 948 645; x_wconf 77' lang='lat' dir='ltr'><strong>paulatim</strong></span> <span class='ocrx_word' id='word_1_34' title='bbox 995 586 1120 627; x_wconf 90' lang='lat' dir='ltr'><strong>eum</strong></span> <span class='ocrx_word' id='word_1_35' title='bbox 1178 569 1341 624; x_wconf 91' lang='lat' dir='ltr'><strong>forat.</strong></span> <span class='ocrx_word' id='word_1_36' title='bbox 1388 568 1464 623; x_wconf 90' lang='lat' dir='ltr'><strong>Ita</strong></span> <span class='ocrx_word' id='word_1_37' title='bbox 1497 569 1664 623; x_wconf 87' lang='lat' dir='ltr'><strong>etiam</strong></span> <span class='ocrx_word' id='word_1_38' title='bbox 1732 566 1826 621; x_wconf 86' lang='lat' dir='ltr'><strong>Dei</strong></span> <span class='ocrx_word' id='word_1_39' title='bbox 1866 580 2047 621; x_wconf 91' lang='lat' dir='ltr'><strong>sermo</strong></span> 
     </span>
    </p>
   </div>
   <div class='ocr_carea' id='block_1_8' title="bbox 470 660 2045 728">
    <p class='ocr_par' dir='ltr' id='par_1_8' title="bbox 470 660 2045 728">
     <span class='ocr_line' id='line_1_8' title="bbox 470 660 2045 728; baseline -0.006 -8"><span class='ocrx_word' id='word_1_40' title='bbox 470 666 656 721; x_wconf 83' lang='lat' dir='ltr'><strong>mollis</strong></span> <span class='ocrx_word' id='word_1_41' title='bbox 687 674 792 728; x_wconf 91' lang='lat' dir='ltr'><strong>est,</strong></span> <span class='ocrx_word' id='word_1_42' title='bbox 846 679 943 718; x_wconf 89' lang='lat' dir='ltr'><strong>cor</strong></span> <span class='ocrx_word' id='word_1_43' title='bbox 975 678 1106 717; x_wconf 85' lang='lat' dir='ltr'><strong>vero</strong></span> <span class='ocrx_word' id='word_1_44' title='bbox 1148 671 1421 727; x_wconf 87' lang='lat' dir='ltr'><strong>nostrum,</strong></span> <span class='ocrx_word' id='word_1_45' title='bbox 1447 660 1679 726; x_wconf 87' lang='lat' dir='ltr'><strong>durum;</strong></span> <span class='ocrx_word' id='word_1_46' title='bbox 1711 667 1892 713; x_wconf 91' lang='lat' dir='ltr'><strong>tamen</strong></span> <span class='ocrx_word' id='word_1_47' title='bbox 1921 673 2045 712; x_wconf 90' lang='lat' dir='ltr'><strong>cum</strong></span> 
     </span>
    </p>
   </div>
   <div class='ocr_carea' id='block_1_9' title="bbox 471 746 2049 824">
    <p class='ocr_par' dir='ltr' id='par_1_9' title="bbox 471 746 2049 824">
     <span class='ocr_line' id='line_1_9' title="bbox 471 746 2049 824; baseline -0.006 -14"><span class='ocrx_word' id='word_1_48' title='bbox 471 756 639 810; x_wconf 90' lang='lat' dir='ltr'><strong>homo</strong></span> <span class='ocrx_word' id='word_1_49' title='bbox 673 756 994 824; x_wconf 85' lang='lat' dir='ltr'><strong>frequenter</strong></span> <span class='ocrx_word' id='word_1_50' title='bbox 1028 751 1266 807; x_wconf 87' lang='lat' dir='ltr'><strong>audierit</strong></span> <span class='ocrx_word' id='word_1_51' title='bbox 1317 763 1627 806; x_wconf 85' lang='lat' dir='ltr'><strong>sermonem</strong></span> <span class='ocrx_word' id='word_1_52' title='bbox 1657 748 1773 815; x_wconf 88' lang='lat' dir='ltr'><strong>Dei,</strong></span> <span class='ocrx_word' id='word_1_53' title='bbox 1805 746 2049 818; x_wconf 91' lang='lat' dir='ltr'><strong>aperitur</strong></span> 
     </span>
    </p>
   </div>
   <div class='ocr_carea' id='block_1_10' title="bbox 468 844 1237 917">
    <p class='ocr_par' dir='ltr' id='par_1_10' title="bbox 468 844 1237 917">
     <span class='ocr_line' id='line_1_10' title="bbox 468 844 1237 917; baseline -0.005 -16"><span class='ocrx_word' id='word_1_54' title='bbox 468 864 567 902; x_wconf 82' lang='lat' dir='ltr'><strong>cor</strong></span> <span class='ocrx_word' id='word_1_55' title='bbox 600 849 720 917; x_wconf 88' lang='lat' dir='ltr'><strong>ejus</strong></span> <span class='ocrx_word' id='word_1_56' title='bbox 744 855 803 901; x_wconf 85' lang='grc' dir='ltr'><strong>ιιι</strong></span> <span class='ocrx_word' id='word_1_57' title='bbox 831 845 999 900; x_wconf 89' lang='lat' dir='ltr'><strong>Deum</strong></span> <span class='ocrx_word' id='word_1_58' title='bbox 1028 844 1237 899; x_wconf 89' lang='lat' dir='ltr'><strong>timeat.</strong></span> 
     </span>
    </p>
   </div>
   <div class='ocr_carea' id='block_1_11' title="bbox 536 1013 2049 1090">
    <p class='ocr_par' dir='ltr' id='par_1_11' title="bbox 536 1013 2049 1090">
     <span class='ocr_line' id='line_1_11' title="bbox 536 1013 2049 1090; baseline -0.005 -17"><span class='ocrx_word' id='word_1_59' title='bbox 536 1021 657 1075; x_wconf 69' lang='lat' dir='ltr'><strong>18L</strong></span> <span class='ocrx_word' id='word_1_60' title='bbox 667 1022 779 1090; x_wconf 88' lang='lat'><strong>(96)</strong></span> <span class='ocrx_word' id='word_1_61' title='bbox 798 1018 978 1074; x_wconf 89' lang='lat' dir='ltr'><strong>Abbas</strong></span> <span class='ocrx_word' id='word_1_62' title='bbox 999 1016 1150 1072; x_wconf 88' lang='lat' dir='ltr'><strong>Isaac</strong></span> <span class='ocrx_word' id='word_1_63' title='bbox 1173 1014 1428 1071; x_wconf 82' lang='lat' dir='ltr'><strong>convenit</strong></span> <span class='ocrx_word' id='word_1_64' title='bbox 1444 1015 1689 1071; x_wconf 83' lang='lat' dir='ltr'><strong>abbatem</strong></span> <span class='ocrx_word' id='word_1_65' title='bbox 1702 1013 2012 1070; x_wconf 75' lang='lat' dir='ltr'><strong>Pmmenem</strong></span> <span class='ocrx_word' id='word_1_66' title='bbox 2032 1031 2049 1081; x_wconf 89' lang='lat'><strong>;</strong></span> 
     </span>
    </p>
   </div>
   <div class='ocr_carea' id='block_1_12' title="bbox 472 1107 2047 1182">
    <p class='ocr_par' dir='ltr' id='par_1_12' title="bbox 472 1107 2047 1182">
     <span class='ocr_line' id='line_1_12' title="bbox 472 1107 2047 1182; baseline -0.005 -15"><span class='ocrx_word' id='word_1_67' title='bbox 472 1128 633 1182; x_wconf 85' lang='lat' dir='ltr'><strong>quem</strong></span> <span class='ocrx_word' id='word_1_68' title='bbox 661 1126 895 1165; x_wconf 88' lang='lat' dir='ltr'><strong>cernens</strong></span> <span class='ocrx_word' id='word_1_69' title='bbox 923 1124 1115 1180; x_wconf 88' lang='lat' dir='ltr'><strong>parum</strong></span> <span class='ocrx_word' id='word_1_70' title='bbox 1150 1122 1304 1179; x_wconf 70' lang='lat' dir='ltr'><strong>aqua}</strong></span> <span class='ocrx_word' id='word_1_71' title='bbox 1346 1107 1561 1163; x_wconf 88' lang='lat' dir='ltr'><strong>mittere</strong></span> <span class='ocrx_word' id='word_1_72' title='bbox 1590 1109 1644 1161; x_wconf 90' lang='lat' dir='ltr'><strong>in</strong></span> <span class='ocrx_word' id='word_1_73' title='bbox 1690 1107 1857 1176; x_wconf 84' lang='lat' dir='ltr'><strong>pedes</strong></span> <span class='ocrx_word' id='word_1_74' title='bbox 1893 1119 2047 1168; x_wconf 86' lang='lat' dir='ltr'><strong>suos,</strong></span> 
     </span>
    </p>
   </div>
   <div class='ocr_carea' id='block_1_13' title="bbox 474 1198 2046 1276">
    <p class='ocr_par' dir='ltr' id='par_1_13' title="bbox 474 1198 2046 1276">
     <span class='ocr_line' id='line_1_13' title="bbox 474 1198 2046 1276; baseline -0.008 -15"><span class='ocrx_word' id='word_1_75' title='bbox 474 1205 621 1276; x_wconf 87' lang='lat' dir='ltr'><strong>quod</strong></span> <span class='ocrx_word' id='word_1_76' title='bbox 659 1204 885 1259; x_wconf 84' lang='lat' dir='ltr'><strong>haberet</strong></span> <span class='ocrx_word' id='word_1_77' title='bbox 920 1216 1048 1273; x_wconf 86' lang='lat' dir='ltr'><strong>erga</strong></span> <span class='ocrx_word' id='word_1_78' title='bbox 1082 1216 1205 1255; x_wconf 89' lang='lat' dir='ltr'><strong>eum</strong></span> <span class='ocrx_word' id='word_1_79' title='bbox 1238 1200 1493 1269; x_wconf 88' lang='lat' dir='ltr'><strong>loquendi</strong></span> <span class='ocrx_word' id='word_1_80' title='bbox 1530 1200 1853 1262; x_wconf 85' lang='lat' dir='ltr'><strong>libertatem,</strong></span> <span class='ocrx_word' id='word_1_81' title='bbox 1881 1198 2046 1253; x_wconf 84' lang='lat' dir='ltr'><strong>dixit:</strong></span> 
     </span>
    </p>
   </div>
   <div class='ocr_carea' id='block_1_14' title="bbox 468 1291 2050 1364">
    <p class='ocr_par' dir='ltr' id='par_1_14' title="bbox 468 1291 2050 1364">
     <span class='ocr_line' id='line_1_14' title="bbox 468 1291 2050 1364; baseline -0.006 -12"><span class='ocrx_word' id='word_1_82' title='bbox 468 1298 593 1364; x_wconf 82' lang='lat' dir='ltr'><strong>Quo</strong></span> <span class='ocrx_word' id='word_1_83' title='bbox 653 1295 816 1350; x_wconf 90' lang='lat' dir='ltr'><strong>modo</strong></span> <span class='ocrx_word' id='word_1_84' title='bbox 854 1292 1076 1364; x_wconf 87' lang='lat' dir='ltr'><strong>quidam</strong></span> <span class='ocrx_word' id='word_1_85' title='bbox 1128 1291 1213 1347; x_wconf 89' lang='lat' dir='ltr'><strong>usi</strong></span> <span class='ocrx_word' id='word_1_86' title='bbox 1256 1301 1385 1347; x_wconf 91' lang='lat' dir='ltr'><strong>sunt</strong></span> <span class='ocrx_word' id='word_1_87' title='bbox 1429 1292 1735 1354; x_wconf 85' lang='lat' dir='ltr'><strong>severitate,</strong></span> <span class='ocrx_word' id='word_1_88' title='bbox 1767 1291 1902 1345; x_wconf 88' lang='lat' dir='ltr'><strong>dure</strong></span> <span class='ocrx_word' id='word_1_89' title='bbox 1933 1296 2050 1343; x_wconf 90' lang='lat' dir='ltr'><strong>tra-</strong></span> 
     </span>
    </p>
   </div>
   <div class='ocr_carea' id='block_1_15' title="bbox 473 1378 2046 1455">
    <p class='ocr_par' dir='ltr' id='par_1_15' title="bbox 473 1378 2046 1455">
     <span class='ocr_line' id='line_1_15' title="bbox 473 1378 2046 1455; baseline -0.005 -13"><span class='ocrx_word' id='word_1_90' title='bbox 473 1394 688 1442; x_wconf 87' lang='lat' dir='ltr'><strong>ctantes</strong></span> <span class='ocrx_word' id='word_1_91' title='bbox 742 1400 944 1455; x_wconf 88' lang='lat' dir='ltr'><strong>corpus</strong></span> <span class='ocrx_word' id='word_1_92' title='bbox 979 1382 1176 1439; x_wconf 85' lang='lat' dir='ltr'><strong>suum?</strong></span> <span class='ocrx_word' id='word_1_93' title='bbox 1223 1381 1289 1435; x_wconf 88' lang='lat' dir='ltr'><strong>Et</strong></span> <span class='ocrx_word' id='word_1_94' title='bbox 1325 1381 1401 1435; x_wconf 88' lang='lat' dir='ltr'><strong>ait</strong></span> <span class='ocrx_word' id='word_1_95' title='bbox 1448 1381 1525 1435; x_wconf 87' lang='lat' dir='ltr'><strong>illi</strong></span> <span class='ocrx_word' id='word_1_96' title='bbox 1568 1380 1736 1435; x_wconf 86' lang='lat' dir='ltr'><strong>abbas</strong></span> <span class='ocrx_word' id='word_1_97' title='bbox 1792 1378 2046 1435; x_wconf 74' lang='lat' dir='ltr'><strong>Pmmen:</strong></span> 
     </span>
    </p>
   </div>
   <div class='ocr_carea' id='block_1_16' title="bbox 472 1472 2047 1543">
    <p class='ocr_par' dir='ltr' id='par_1_16' title="bbox 472 1472 2047 1543">
     <span class='ocr_line' id='line_1_16' title="bbox 472 1472 2047 1543; baseline -0.004 -11"><span class='ocrx_word' id='word_1_98' title='bbox 472 1477 584 1535; x_wconf 86' lang='lat' dir='ltr'><strong>Nos</strong></span> <span class='ocrx_word' id='word_1_99' title='bbox 615 1492 726 1533; x_wconf 87' lang='lat' dir='ltr'><strong>non</strong></span> <span class='ocrx_word' id='word_1_100' title='bbox 752 1476 929 1532; x_wconf 87' lang='lat' dir='ltr'><strong>edocti</strong></span> <span class='ocrx_word' id='word_1_101' title='bbox 966 1489 1158 1530; x_wconf 87' lang='lat' dir='ltr'><strong>sumus</strong></span> <span class='ocrx_word' id='word_1_102' title='bbox 1202 1472 1455 1543; x_wconf 88' lang='lat' dir='ltr'><strong>corporis</strong></span> <span class='ocrx_word' id='word_1_103' title='bbox 1498 1472 1876 1527; x_wconf 80' lang='lat' dir='ltr'><strong>interfectores</strong></span> <span class='ocrx_word' id='word_1_104' title='bbox 1905 1486 2047 1535; x_wconf 89' lang='lat' dir='ltr'><strong>esse,</strong></span> 
     </span>
    </p>
   </div>
   <div class='ocr_carea' id='block_1_17' title="bbox 473 1569 910 1627">
    <p class='ocr_par' dir='ltr' id='par_1_17' title="bbox 473 1569 910 1627">
     <span class='ocr_line' id='line_1_17' title="bbox 473 1569 910 1627; baseline -0.007 -1"><span class='ocrx_word' id='word_1_105' title='bbox 473 1569 567 1627; x_wconf 85' lang='lat' dir='ltr'><strong>sed</strong></span> <span class='ocrx_word' id='word_1_106' title='bbox 594 1569 910 1625; x_wconf 76' lang='lat' dir='ltr'><strong>affectuum.</strong></span> 
     </span>
    </p>
   </div>
   <div class='ocr_carea' id='block_1_18' title="bbox 545 1654 2048 1732">
    <p class='ocr_par' dir='ltr' id='par_1_18' title="bbox 545 1654 2048 1732">
     <span class='ocr_line' id='line_1_18' title="bbox 545 1654 2048 1732; baseline -0.008 -14"><span class='ocrx_word' id='word_1_107' title='bbox 545 1664 667 1718; x_wconf 76' lang='grc'><strong>185.</strong></span> <span class='ocrx_word' id='word_1_108' title='bbox 725 1660 836 1732; x_wconf 85' lang='lat'><strong>(97)</strong></span> <span class='ocrx_word' id='word_1_109' title='bbox 872 1659 1017 1713; x_wconf 75' lang='lat' dir='ltr'><strong>Dixit</strong></span> <span class='ocrx_word' id='word_1_110' title='bbox 1061 1657 1291 1713; x_wconf 90' lang='lat' dir='ltr'><strong>iterum:</strong></span> <span class='ocrx_word' id='word_1_111' title='bbox 1333 1654 1461 1709; x_wconf 82' lang='lat' dir='ltr'><strong>Tria</strong></span> <span class='ocrx_word' id='word_1_112' title='bbox 1502 1654 1617 1709; x_wconf 63' lang='lat' dir='ltr'><strong>haec</strong></span> <span class='ocrx_word' id='word_1_113' title='bbox 1663 1668 1770 1707; x_wconf 91' lang='lat' dir='ltr'><strong>non</strong></span> <span class='ocrx_word' id='word_1_114' title='bbox 1826 1667 2048 1722; x_wconf 89' lang='lat' dir='ltr'><strong>possum</strong></span> 
     </span>
    </p>
   </div>
   <div class='ocr_carea' id='block_1_19' title="bbox 470 1753 2049 1818">
    <p class='ocr_par' dir='ltr' id='par_1_19' title="bbox 470 1753 2049 1818">
     <span class='ocr_line' id='line_1_19' title="bbox 470 1753 2049 1818; baseline -0.007 -8"><span class='ocrx_word' id='word_1_115' title='bbox 470 1769 747 1818; x_wconf 83' lang='lat' dir='ltr'><strong>amovere,</strong></span> <span class='ocrx_word' id='word_1_116' title='bbox 797 1766 1005 1814; x_wconf 85' lang='lat' dir='ltr'><strong>escam,</strong></span> <span class='ocrx_word' id='word_1_117' title='bbox 1059 1757 1307 1814; x_wconf 86' lang='lat' dir='ltr'><strong>vestem,</strong></span> <span class='ocrx_word' id='word_1_118' title='bbox 1359 1762 1644 1803; x_wconf 88' lang='lat' dir='ltr'><strong>somnum:</strong></span> <span class='ocrx_word' id='word_1_119' title='bbox 1694 1753 1932 1800; x_wconf 88' lang='lat' dir='ltr'><strong>attamen</strong></span> <span class='ocrx_word' id='word_1_120' title='bbox 1984 1760 2049 1801; x_wconf 84' lang='lat' dir='ltr'><strong>ex</strong></span> 
     </span>
    </p>
   </div>
   <div class='ocr_carea' id='block_1_20' title="bbox 474 1854 1254 1917">
    <p class='ocr_par' dir='ltr' id='par_1_20' title="bbox 474 1854 1254 1917">
     <span class='ocr_line' id='line_1_20' title="bbox 474 1854 1254 1917; baseline -0.009 -17"><span class='ocrx_word' id='word_1_121' title='bbox 474 1854 631 1917; x_wconf 87' lang='lat' dir='ltr'><strong>parte</strong></span> <span class='ocrx_word' id='word_1_122' title='bbox 653 1858 903 1899; x_wconf 83' lang='lat' dir='ltr'><strong>amovere</strong></span> <span class='ocrx_word' id='word_1_123' title='bbox 938 1855 1254 1911; x_wconf 88' lang='lat' dir='ltr'><strong>possumus.</strong></span> 
     </span>
    </p>
   </div>
   <div class='ocr_carea' id='block_1_21' title="bbox 546 1925 2051 2000">
    <p class='ocr_par' dir='ltr' id='par_1_21' title="bbox 546 1925 2051 2000">
     <span class='ocr_line' id='line_1_21' title="bbox 546 1925 2051 2000; baseline -0.006 -10"><span class='ocrx_word' id='word_1_124' title='bbox 546 1935 670 1990; x_wconf 76' lang='grc'>186.</span> <span class='ocrx_word' id='word_1_125' title='bbox 715 1932 912 1988; x_wconf 86' lang='lat' dir='ltr'><strong>Frater</strong></span> <span class='ocrx_word' id='word_1_126' title='bbox 956 1929 1313 2000; x_wconf 80' lang='lat' dir='ltr'><strong>interrogavit</strong></span> <span class='ocrx_word' id='word_1_127' title='bbox 1344 1928 1595 1983; x_wconf 88' lang='lat' dir='ltr'><strong>abbatem</strong></span> <span class='ocrx_word' id='word_1_128' title='bbox 1625 1926 1936 1981; x_wconf 76' lang='lat' dir='ltr'><strong>Pmmenem</strong></span> <span class='ocrx_word' id='word_1_129' title='bbox 1964 1925 2051 1981; x_wconf 89' lang='lat' dir='ltr'><strong>his</strong></span> 
     </span>
    </p>
   </div>
   <div class='ocr_carea' id='block_1_22' title="bbox 474 2016 2051 2087">
    <p class='ocr_par' dir='ltr' id='par_1_22' title="bbox 474 2016 2051 2087">
     <span class='ocr_line' id='line_1_22' title="bbox 474 2016 2051 2087; baseline -0.006 -7"><span class='ocrx_word' id='word_1_130' title='bbox 474 2027 687 2081; x_wconf 83' lang='lat' dir='ltr'><strong>verbis:</strong></span> <span class='ocrx_word' id='word_1_131' title='bbox 716 2024 884 2079; x_wconf 80' lang='lat' dir='ltr'><strong>Multa</strong></span> <span class='ocrx_word' id='word_1_132' title='bbox 913 2023 1061 2078; x_wconf 88' lang='lat' dir='ltr'><strong>olera</strong></span> <span class='ocrx_word' id='word_1_133' title='bbox 1091 2021 1382 2076; x_wconf 87' lang='lat' dir='ltr'><strong>manduco.</strong></span> <span class='ocrx_word' id='word_1_134' title='bbox 1423 2020 1514 2073; x_wconf 80' lang='lat' dir='ltr'><strong>Ait</strong></span> <span class='ocrx_word' id='word_1_135' title='bbox 1544 2033 1740 2074; x_wconf 80' lang='lat' dir='ltr'><strong>senex:</strong></span> <span class='ocrx_word' id='word_1_136' title='bbox 1776 2016 1896 2071; x_wconf 86' lang='lat' dir='ltr'><strong>Non</strong></span> <span class='ocrx_word' id='word_1_137' title='bbox 1921 2031 2051 2087; x_wconf 85' lang='lat' dir='ltr'><strong>pro-</strong></span> 
     </span>
    </p>
   </div>
   <div class='ocr_carea' id='block_1_23' title="bbox 474 2107 2051 2183">
    <p class='ocr_par' dir='ltr' id='par_1_23' title="bbox 474 2107 2051 2183">
     <span class='ocr_line' id='line_1_23' title="bbox 474 2107 2051 2183; baseline -0.007 -11"><span class='ocrx_word' id='word_1_138' title='bbox 474 2118 597 2173; x_wconf 86' lang='lat' dir='ltr'><strong>dest</strong></span> <span class='ocrx_word' id='word_1_139' title='bbox 633 2117 770 2182; x_wconf 88' lang='lat' dir='ltr'><strong>tibi;</strong></span> <span class='ocrx_word' id='word_1_140' title='bbox 806 2114 903 2170; x_wconf 87' lang='lat' dir='ltr'><strong>sed</strong></span> <span class='ocrx_word' id='word_1_141' title='bbox 955 2112 1180 2168; x_wconf 86' lang='lat' dir='ltr'><strong>comede</strong></span> <span class='ocrx_word' id='word_1_142' title='bbox 1218 2126 1411 2183; x_wconf 88' lang='lat' dir='ltr'><strong>panem</strong></span> <span class='ocrx_word' id='word_1_143' title='bbox 1459 2118 1637 2174; x_wconf 88' lang='lat' dir='ltr'><strong>tuum,</strong></span> <span class='ocrx_word' id='word_1_144' title='bbox 1683 2123 1807 2164; x_wconf 91' lang='lat' dir='ltr'><strong>cum</strong></span> <span class='ocrx_word' id='word_1_145' title='bbox 1859 2107 2051 2177; x_wconf 84' lang='lat' dir='ltr'><strong>paucis</strong></span> 
     </span>
    </p>
   </div>
   <div class='ocr_carea' id='block_1_24' title="bbox 476 2198 2053 2274">
    <p class='ocr_par' dir='ltr' id='par_1_24' title="bbox 476 2198 2053 2274">
     <span class='ocr_line' id='line_1_24' title="bbox 476 2198 2053 2274; baseline -0.004 -13"><span class='ocrx_word' id='word_1_146' title='bbox 476 2208 755 2273; x_wconf 88' lang='lat' dir='ltr'><strong>oleribus;</strong></span> <span class='ocrx_word' id='word_1_147' title='bbox 778 2214 831 2261; x_wconf 90' lang='lat' dir='ltr'><strong>et</strong></span> <span class='ocrx_word' id='word_1_148' title='bbox 856 2219 926 2259; x_wconf 92' lang='lat' dir='ltr'><strong>ne</strong></span> <span class='ocrx_word' id='word_1_149' title='bbox 954 2210 1179 2274; x_wconf 89' lang='lat' dir='ltr'><strong>propter</strong></span> <span class='ocrx_word' id='word_1_150' title='bbox 1229 2201 1588 2259; x_wconf 86' lang='lat' dir='ltr'><strong>necessitates</strong></span> <span class='ocrx_word' id='word_1_151' title='bbox 1618 2200 1822 2256; x_wconf 89' lang='lat' dir='ltr'><strong>abieris</strong></span> <span class='ocrx_word' id='word_1_152' title='bbox 1860 2198 1928 2255; x_wconf 90' lang='lat' dir='ltr'><strong>ad</strong></span> <span class='ocrx_word' id='word_1_153' title='bbox 1958 2213 2053 2270; x_wconf 88' lang='lat' dir='ltr'><strong>pa-</strong></span> 
     </span>
    </p>
   </div>
   <div class='ocr_carea' id='block_1_25' title="bbox 474 2292 957 2349">
    <p class='ocr_par' dir='ltr' id='par_1_25' title="bbox 474 2292 957 2349">
     <span class='ocr_line' id='line_1_25' title="bbox 474 2292 957 2349; baseline -0.006 -1"><span class='ocrx_word' id='word_1_154' title='bbox 474 2305 685 2349; x_wconf 86' lang='lat' dir='ltr'><strong>ternam</strong></span> <span class='ocrx_word' id='word_1_155' title='bbox 712 2292 957 2346; x_wconf 91' lang='lat' dir='ltr'><strong>domum.</strong></span> 
     </span>
    </p>
   </div>
   <div class='ocr_carea' id='block_1_26' title="bbox 545 2375 2052 2446">
    <p class='ocr_par' dir='ltr' id='par_1_26' title="bbox 545 2375 2052 2446">
     <span class='ocr_line' id='line_1_26' title="bbox 545 2375 2052 2446; baseline -0.005 -7"><span class='ocrx_word' id='word_1_156' title='bbox 545 2384 668 2439; x_wconf 82' lang='grc'>187.</span> <span class='ocrx_word' id='word_1_157' title='bbox 706 2382 1034 2437; x_wconf 77' lang='lat' dir='ltr'><strong>Rel‘erebant</strong></span> <span class='ocrx_word' id='word_1_158' title='bbox 1063 2379 1133 2436; x_wconf 90' lang='lat' dir='ltr'><strong>de</strong></span> <span class='ocrx_word' id='word_1_159' title='bbox 1175 2379 1371 2435; x_wconf 87' lang='lat' dir='ltr'><strong>abbate</strong></span> <span class='ocrx_word' id='word_1_160' title='bbox 1397 2376 1676 2440; x_wconf 71' lang='lat' dir='ltr'><strong>Pmmene,</strong></span> <span class='ocrx_word' id='word_1_161' title='bbox 1699 2375 1847 2446; x_wconf 84' lang='lat' dir='ltr'><strong>quod</strong></span> <span class='ocrx_word' id='word_1_162' title='bbox 1879 2376 1926 2431; x_wconf 89' lang='lat' dir='ltr'><strong>si</strong></span> <span class='ocrx_word' id='word_1_163' title='bbox 1965 2391 2052 2431; x_wconf 89' lang='lat' dir='ltr'><strong>se-</strong></span> 
     </span>
    </p>
   </div>
   <div class='ocr_carea' id='block_1_27' title="bbox 474 2468 2048 2538">
    <p class='ocr_par' dir='ltr' id='par_1_27' title="bbox 474 2468 2048 2538">
     <span class='ocr_line' id='line_1_27' title="bbox 474 2468 2048 2538; baseline -0.003 -11"><span class='ocrx_word' id='word_1_164' title='bbox 474 2477 667 2531; x_wconf 84' lang='lat' dir='ltr'><strong>derent</strong></span> <span class='ocrx_word' id='word_1_165' title='bbox 701 2488 861 2529; x_wconf 89' lang='lat' dir='ltr'><strong>senes</strong></span> <span class='ocrx_word' id='word_1_166' title='bbox 884 2487 1071 2527; x_wconf 89' lang='lat' dir='ltr'><strong>coram</strong></span> <span class='ocrx_word' id='word_1_167' title='bbox 1096 2485 1183 2535; x_wconf 90' lang='lat' dir='ltr'><strong>eo,</strong></span> <span class='ocrx_word' id='word_1_168' title='bbox 1208 2478 1263 2525; x_wconf 92' lang='lat' dir='ltr'><strong>et</strong></span> <span class='ocrx_word' id='word_1_169' title='bbox 1291 2470 1653 2538; x_wconf 90' lang='lat' dir='ltr'><strong>loquerentur</strong></span> <span class='ocrx_word' id='word_1_170' title='bbox 1686 2468 1754 2523; x_wconf 88' lang='lat' dir='ltr'><strong>de</strong></span> <span class='ocrx_word' id='word_1_171' title='bbox 1786 2468 2048 2533; x_wconf 80' lang='lat' dir='ltr'><strong>senibus;</strong></span> 
     </span>
    </p>
   </div>
   <div class='ocr_carea' id='block_1_28' title="bbox 477 2558 2048 2623">
    <p class='ocr_par' dir='ltr' id='par_1_28' title="bbox 477 2558 2048 2623">
     <span class='ocr_line' id='line_1_28' title="bbox 477 2558 2048 2623; baseline -0.003 -2"><span class='ocrx_word' id='word_1_172' title='bbox 477 2567 521 2621; x_wconf 89' lang='lat' dir='ltr'><strong>si</strong></span> <span class='ocrx_word' id='word_1_173' title='bbox 570 2565 921 2619; x_wconf 85' lang='lat' dir='ltr'><strong>nominarent</strong></span> <span class='ocrx_word' id='word_1_174' title='bbox 980 2561 1229 2616; x_wconf 87' lang='lat' dir='ltr'><strong>abbatem</strong></span> <span class='ocrx_word' id='word_1_175' title='bbox 1285 2558 1530 2623; x_wconf 81' lang='lat' dir='ltr'><strong>Sisoem,</strong></span> <span class='ocrx_word' id='word_1_176' title='bbox 1578 2559 1761 2615; x_wconf 89' lang='lat' dir='ltr'><strong>dicere</strong></span> <span class='ocrx_word' id='word_1_177' title='bbox 1813 2562 2048 2616; x_wconf 89' lang='lat' dir='ltr'><strong>soleret:</strong></span> 
     </span>
    </p>
   </div>
   <div class='ocr_carea' id='block_1_29' title="bbox 478 2651 2050 2725">
    <p class='ocr_par' dir='ltr' id='par_1_29' title="bbox 478 2651 2050 2725">
     <span class='ocr_line' id='line_1_29' title="bbox 478 2651 2050 2725; baseline -0.001 -13"><span class='ocrx_word' id='word_1_178' title='bbox 478 2658 643 2712; x_wconf 78' lang='lat' dir='ltr'><strong>Missa</strong></span> <span class='ocrx_word' id='word_1_179' title='bbox 666 2655 826 2710; x_wconf 88' lang='lat' dir='ltr'><strong>facite</strong></span> <span class='ocrx_word' id='word_1_180' title='bbox 849 2669 970 2725; x_wconf 73' lang='lat' dir='ltr'><strong>quae</strong></span> <span class='ocrx_word' id='word_1_181' title='bbox 999 2653 1068 2708; x_wconf 83' lang='lat' dir='ltr'><strong>ad</strong></span> <span class='ocrx_word' id='word_1_182' title='bbox 1088 2652 1339 2709; x_wconf 89' lang='lat' dir='ltr'><strong>abbatem</strong></span> <span class='ocrx_word' id='word_1_183' title='bbox 1392 2651 1603 2708; x_wconf 91' lang='lat' dir='ltr'><strong>Sisoem</strong></span> <span class='ocrx_word' id='word_1_184' title='bbox 1635 2662 1914 2725; x_wconf 90' lang='lat' dir='ltr'><strong>spectant;</strong></span> <span class='ocrx_word' id='word_1_185' title='bbox 1940 2670 2050 2710; x_wconf 89' lang='lat' dir='ltr'><strong>non</strong></span> 
     </span>
    </p>
   </div>
   <div class='ocr_carea' id='block_1_30' title="bbox 474 2746 2051 2819">
    <p class='ocr_par' dir='ltr' id='par_1_30' title="bbox 474 2746 2051 2819">
     <span class='ocr_line' id='line_1_30' title="bbox 474 2746 2051 2819; baseline -0.002 -13"><span class='ocrx_word' id='word_1_186' title='bbox 474 2751 620 2806; x_wconf 76' lang='lat' dir='ltr'><strong>enim</strong></span> <span class='ocrx_word' id='word_1_187' title='bbox 654 2748 723 2804; x_wconf 91' lang='lat' dir='ltr'><strong>ad</strong></span> <span class='ocrx_word' id='word_1_188' title='bbox 752 2762 1070 2804; x_wconf 85' lang='lat' dir='ltr'><strong>mensuram</strong></span> <span class='ocrx_word' id='word_1_189' title='bbox 1105 2746 1440 2801; x_wconf 88' lang='lat' dir='ltr'><strong>narrationis</strong></span> <span class='ocrx_word' id='word_1_190' title='bbox 1484 2747 1672 2802; x_wconf 86' lang='lat' dir='ltr'><strong>venire</strong></span> <span class='ocrx_word' id='word_1_191' title='bbox 1697 2755 1935 2819; x_wconf 89' lang='lat' dir='ltr'><strong>possunt</strong></span> <span class='ocrx_word' id='word_1_192' title='bbox 1960 2763 2051 2803; x_wconf 88' lang='lat' dir='ltr'><strong>res</strong></span> 
     </span>
    </p>
   </div>
   <div class='ocr_carea' id='block_1_31' title="bbox 473 2843 614 2913">
    <p class='ocr_par' dir='ltr' id='par_1_31' title="bbox 473 2843 614 2913">
     <span class='ocr_line' id='line_1_31' title="bbox 473 2843 614 2913; baseline -0.014 -16"><span class='ocrx_word' id='word_1_193' title='bbox 473 2843 614 2913; x_wconf 79' lang='lat' dir='ltr'><strong>ejus.</strong></span> 
     </span>
    </p>
   </div>
   <div class='ocr_carea' id='block_1_32' title="bbox 996 2926 1539 2983">
    <p class='ocr_par' dir='ltr' id='par_1_32' title="bbox 996 2926 1539 2983">
     <span class='ocr_line' id='line_1_32' title="bbox 996 2926 1539 2983; baseline 0.002 -3"><span class='ocrx_word' id='word_1_194' title='bbox 996 2927 1071 2982; x_wconf 88' lang='lat' dir='ltr'><strong>De</strong></span> <span class='ocrx_word' id='word_1_195' title='bbox 1100 2926 1289 2983; x_wconf 83' lang='lat' dir='ltr'><strong>abbate</strong></span> <span class='ocrx_word' id='word_1_196' title='bbox 1313 2927 1539 2983; x_wconf 87' lang='lat' dir='ltr'><strong>Pambo.</strong></span> 
     </span>
    </p>
   </div>
   <div class='ocr_carea' id='block_1_33' title="bbox 534 3040 2050 3112">
    <p class='ocr_par' dir='ltr' id='par_1_33' title="bbox 534 3040 2050 3112">
     <span class='ocr_line' id='line_1_33' title="bbox 534 3040 2050 3112; baseline 0.001 -17"><span class='ocrx_word' id='word_1_197' title='bbox 534 3042 597 3097; x_wconf 74' lang='lat'><strong>.1.</strong></span> <span class='ocrx_word' id='word_1_198' title='bbox 631 3040 865 3108; x_wconf 85' lang='lat' dir='ltr'><strong>Quidam</strong></span> <span class='ocrx_word' id='word_1_199' title='bbox 915 3047 1034 3096; x_wconf 90' lang='lat' dir='ltr'><strong>erat</strong></span> <span class='ocrx_word' id='word_1_200' title='bbox 1091 3040 1312 3097; x_wconf 88' lang='lat' dir='ltr'><strong>nomine</strong></span> <span class='ocrx_word' id='word_1_201' title='bbox 1363 3040 1533 3096; x_wconf 87' lang='lat' dir='ltr'><strong>abbas</strong></span> <span class='ocrx_word' id='word_1_202' title='bbox 1579 3040 1810 3107; x_wconf 85' lang='lat' dir='ltr'><strong>Pambo;</strong></span> <span class='ocrx_word' id='word_1_203' title='bbox 1845 3040 1913 3097; x_wconf 90' lang='lat' dir='ltr'><strong>de</strong></span> <span class='ocrx_word' id='word_1_204' title='bbox 1942 3057 2050 3112; x_wconf 89' lang='lat' dir='ltr'><strong>quo</strong></span> 
     </span>
    </p>
   </div>
   <div class='ocr_carea' id='block_1_34' title="bbox 2152 474 3735 547">
    <p class='ocr_par' dir='ltr' id='par_1_34' title="bbox 2152 474 3735 547">
     <span class='ocr_line' id='line_1_34' title="bbox 2152 474 3735 547; baseline 0.001 -19"><span class='ocrx_word' id='word_1_205' title='bbox 2152 476 2246 529; x_wconf 76' lang='grc' dir='ltr'>τοῦ</span> <span class='ocrx_word' id='word_1_206' title='bbox 2287 476 2477 539; x_wconf 78' lang='grc' dir='ltr'>ὓδατος</span> <span class='ocrx_word' id='word_1_207' title='bbox 2507 477 2687 547; x_wconf 80' lang='grc' dir='ltr'>ἁπαλὴ</span> <span class='ocrx_word' id='word_1_208' title='bbox 2734 478 2900 541; x_wconf 89' lang='grc' dir='ltr'>ἐστιν,</span> <span class='ocrx_word' id='word_1_209' title='bbox 2934 478 2968 546; x_wconf 79' lang='grc' dir='ltr'><strong>ἡ</strong></span> <span class='ocrx_word' id='word_1_210' title='bbox 3001 476 3057 529; x_wconf 83' lang='grc' dir='ltr'><strong>δέ</strong></span> <span class='ocrx_word' id='word_1_211' title='bbox 3089 474 3185 529; x_wconf 80' lang='grc' dir='ltr'>τοῦ</span> <span class='ocrx_word' id='word_1_212' title='bbox 3228 475 3376 529; x_wconf 85' lang='grc' dir='ltr'>λίθου</span> <span class='ocrx_word' id='word_1_213' title='bbox 3409 475 3643 547; x_wconf 82' lang='grc' dir='ltr'>σκληρά’</span> <span class='ocrx_word' id='word_1_214' title='bbox 3673 477 3735 529; x_wconf 87' lang='grc' dir='ltr'><strong>τὸ</strong></span> 
     </span>
    </p>
   </div>
   <div class='ocr_carea' id='block_1_35' title="bbox 2148 566 3730 641">
    <p class='ocr_par' dir='ltr' id='par_1_35' title="bbox 2148 566 3730 641">
     <span class='ocr_line' id='line_1_35' title="bbox 2148 566 3730 641; baseline -0.001 -20"><span class='ocrx_word' id='word_1_215' title='bbox 2148 568 2204 622; x_wconf 82' lang='grc' dir='ltr'>δὲ</span> <span class='ocrx_word' id='word_1_216' title='bbox 2239 568 2528 639; x_wconf 86' lang='grc' dir='ltr'>βαυκάλιον</span> <span class='ocrx_word' id='word_1_217' title='bbox 2570 571 2753 624; x_wconf 86' lang='grc' dir='ltr'>ἐπάνω</span> <span class='ocrx_word' id='word_1_218' title='bbox 2792 568 3138 641; x_wconf 77' lang='grc' dir='ltr'><strong>κρεμάμενον</strong></span> <span class='ocrx_word' id='word_1_219' title='bbox 3180 568 3273 621; x_wconf 78' lang='grc' dir='ltr'><strong>τοῦ</strong></span> <span class='ocrx_word' id='word_1_220' title='bbox 3317 566 3490 635; x_wconf 79' lang='grc' dir='ltr'>λίθου,</span> <span class='ocrx_word' id='word_1_221' title='bbox 3537 566 3730 631; x_wconf 80' lang='grc' dir='ltr'>στάζον</span> 
     </span>
    </p>
   </div>
   <div class='ocr_carea' id='block_1_36' title="bbox 2149 654 3731 730">
    <p class='ocr_par' dir='ltr' id='par_1_36' title="bbox 2149 654 3731 730">
     <span class='ocr_line' id='line_1_36' title="bbox 2149 654 3731 730; baseline -0.001 -19"><span class='ocrx_word' id='word_1_222' title='bbox 2149 658 2344 723; x_wconf 73' lang='grc' dir='ltr'>στάζον</span> <span class='ocrx_word' id='word_1_223' title='bbox 2382 661 2540 730; x_wconf 81' lang='grc' dir='ltr'>τιτρᾷ</span> <span class='ocrx_word' id='word_1_224' title='bbox 2577 659 2669 713; x_wconf 89' lang='grc' dir='ltr'><strong>τὸν</strong></span> <span class='ocrx_word' id='word_1_225' title='bbox 2702 658 2868 712; x_wconf 90' lang='grc' dir='ltr'>λίθον.</span> <span class='ocrx_word' id='word_1_226' title='bbox 2905 658 3093 721; x_wconf 76' lang='grc' dir='ltr'>Οὕτως</span> <span class='ocrx_word' id='word_1_227' title='bbox 3119 659 3214 710; x_wconf 74' lang='grc' dir='ltr'>καὶ</span> <span class='ocrx_word' id='word_1_228' title='bbox 3238 659 3268 710; x_wconf 89' lang='lat'><strong>6</strong></span> <span class='ocrx_word' id='word_1_229' title='bbox 3291 656 3449 724; x_wconf 85' lang='grc' dir='ltr'><strong>λόγος</strong></span> <span class='ocrx_word' id='word_1_230' title='bbox 3474 655 3570 709; x_wconf 75' lang='grc' dir='ltr'>τοῦ</span> <span class='ocrx_word' id='word_1_231' title='bbox 3593 654 3731 710; x_wconf 83' lang='grc' dir='ltr'><strong>Θεοῦ</strong></span> 
     </span>
    </p>
   </div>
   <div class='ocr_carea' id='block_1_37' title="bbox 2146 748 3731 823">
    <p class='ocr_par' dir='ltr' id='par_1_37' title="bbox 2146 748 3731 823">
     <span class='ocr_line' id='line_1_37' title="bbox 2146 748 3731 823; baseline -0.002 -19"><span class='ocrx_word' id='word_1_232' title='bbox 2146 750 2353 813; x_wconf 82' lang='grc' dir='ltr'>ἁπαλός</span> <span class='ocrx_word' id='word_1_233' title='bbox 2381 752 2549 817; x_wconf 82' lang='grc' dir='ltr'>ἐστιν,</span> <span class='ocrx_word' id='word_1_234' title='bbox 2588 751 2622 822; x_wconf 77' lang='grc' dir='ltr'>ἡ</span> <span class='ocrx_word' id='word_1_235' title='bbox 2655 749 2712 803; x_wconf 86' lang='grc' dir='ltr'>δὲ</span> <span class='ocrx_word' id='word_1_236' title='bbox 2741 750 2939 823; x_wconf 81' lang='grc' dir='ltr'><strong>καρδία</strong></span> <span class='ocrx_word' id='word_1_237' title='bbox 2972 748 3131 820; x_wconf 79' lang='grc' dir='ltr'>ἡμῶν</span> <span class='ocrx_word' id='word_1_238' title='bbox 3168 748 3398 820; x_wconf 84' lang='grc' dir='ltr'>σκληρά·</span> <span class='ocrx_word' id='word_1_239' title='bbox 3425 748 3642 802; x_wconf 86' lang='grc' dir='ltr'>ἁκούων</span> <span class='ocrx_word' id='word_1_240' title='bbox 3673 748 3731 802; x_wconf 73' lang='grc' dir='ltr'>δὲ</span> 
     </span>
    </p>
   </div>
   <div class='ocr_carea' id='block_1_38' title="bbox 2145 837 3732 912">
    <p class='ocr_par' dir='ltr' id='par_1_38' title="bbox 2145 837 3732 912">
     <span class='ocr_line' id='line_1_38' title="bbox 2145 837 3732 912; baseline -0.001 -19"><span class='ocrx_word' id='word_1_241' title='bbox 2145 842 2177 893; x_wconf 91' lang='lat'><strong>6</strong></span> <span class='ocrx_word' id='word_1_242' title='bbox 2196 839 2481 912; x_wconf 78' lang='grc' dir='ltr'>ἄνθρωπος</span> <span class='ocrx_word' id='word_1_243' title='bbox 2504 840 2763 903; x_wconf 83' lang='grc' dir='ltr'>πολλάκις</span> <span class='ocrx_word' id='word_1_244' title='bbox 2785 840 2875 892; x_wconf 91' lang='grc' dir='ltr'><strong>τὸν</strong></span> <span class='ocrx_word' id='word_1_245' title='bbox 2886 840 3058 908; x_wconf 77' lang='grc' dir='ltr'>’λόγον</span> <span class='ocrx_word' id='word_1_246' title='bbox 3084 837 3178 891; x_wconf 81' lang='grc' dir='ltr'>τοῦ</span> <span class='ocrx_word' id='word_1_247' title='bbox 3204 837 3360 903; x_wconf 82' lang='grc' dir='ltr'><strong>Θεοῦ,</strong></span> <span class='ocrx_word' id='word_1_248' title='bbox 3390 837 3666 907; x_wconf 85' lang='grc' dir='ltr'>ἀνοίγεται</span> <span class='ocrx_word' id='word_1_249' title='bbox 3694 841 3732 910; x_wconf 73' lang='grc' dir='ltr'><strong>ἡ</strong></span> 
     </span>
    </p>
   </div>
   <div class='ocr_carea' id='block_1_39' title="bbox 2148 928 3264 1003">
    <p class='ocr_par' dir='ltr' id='par_1_39' title="bbox 2148 928 3264 1003">
     <span class='ocr_line' id='line_1_39' title="bbox 2148 928 3264 1003; baseline -0.001 -19"><span class='ocrx_word' id='word_1_250' title='bbox 2148 932 2345 1003; x_wconf 79' lang='grc' dir='ltr'>καρδία</span> <span class='ocrx_word' id='word_1_251' title='bbox 2369 931 2535 985; x_wconf 77' lang='grc' dir='ltr'>αὐτοῦ</span> <span class='ocrx_word' id='word_1_252' title='bbox 2566 931 2659 985; x_wconf 82' lang='grc' dir='ltr'><strong>τοῦ</strong></span> <span class='ocrx_word' id='word_1_253' title='bbox 2685 930 2969 1000; x_wconf 79' lang='grc' dir='ltr'>φοὸεῖσθαι</span> <span class='ocrx_word' id='word_1_254' title='bbox 2995 929 3087 984; x_wconf 89' lang='grc' dir='ltr'><strong>τὸν</strong></span> <span class='ocrx_word' id='word_1_255' title='bbox 3109 928 3264 983; x_wconf 85' lang='grc' dir='ltr'>Θεόν.</span> 
     </span>
    </p>
   </div>
   <div class='ocr_carea' id='block_1_40' title="bbox 2222 1020 3732 1095">
    <p class='ocr_par' dir='ltr' id='par_1_40' title="bbox 2222 1020 3732 1095">
     <span class='ocr_line' id='line_1_40' title="bbox 2222 1020 3732 1095; baseline -0.001 -18"><span class='ocrx_word' id='word_1_256' title='bbox 2222 1025 2360 1095; x_wconf 88' lang='grc' dir='ltr'>ρπδ¹.</span> <span class='ocrx_word' id='word_1_257' title='bbox 2393 1022 2708 1095; x_wconf 79' lang='grc' dir='ltr'>Παρέόαλεν</span> <span class='ocrx_word' id='word_1_258' title='bbox 2732 1026 2759 1076; x_wconf 93' lang='lat'><strong>6</strong></span> <span class='ocrx_word' id='word_1_259' title='bbox 2788 1022 2960 1086; x_wconf 75' lang='grc' dir='ltr'><strong>ἁϐὃᾶς</strong></span> <span class='ocrx_word' id='word_1_260' title='bbox 2997 1021 3185 1075; x_wconf 78' lang='grc' dir='ltr'>Ἰσαὰκ</span> <span class='ocrx_word' id='word_1_261' title='bbox 3208 1022 3290 1093; x_wconf 82' lang='grc' dir='ltr'>τῷ</span> <span class='ocrx_word' id='word_1_262' title='bbox 3311 1020 3455 1092; x_wconf 76' lang='grc' dir='ltr'>άϐδᾷ</span> <span class='ocrx_word' id='word_1_263' title='bbox 3483 1021 3732 1093; x_wconf 82' lang='grc' dir='ltr'><strong>ῐΙοιμένι⁸</strong></span> 
     </span>
    </p>
   </div>
   <div class='ocr_carea' id='block_1_41' title="bbox 2150 1111 3739 1184">
    <p class='ocr_par' dir='ltr' id='par_1_41' title="bbox 2150 1111 3739 1184">
     <span class='ocr_line' id='line_1_41' title="bbox 2150 1111 3739 1184; baseline -0.004 -14"><span class='ocrx_word' id='word_1_264' title='bbox 2150 1116 2245 1170; x_wconf 78' lang='grc' dir='ltr'>καὶ</span> <span class='ocrx_word' id='word_1_265' title='bbox 2269 1114 2391 1169; x_wconf 75' lang='grc' dir='ltr'>ἰδὼν</span> <span class='ocrx_word' id='word_1_266' title='bbox 2419 1115 2582 1167; x_wconf 79' lang='grc' dir='ltr'>αὐτὸν</span> <span class='ocrx_word' id='word_1_267' title='bbox 2609 1113 2871 1184; x_wconf 85' lang='grc' dir='ltr'><strong>βάλλοντα</strong></span> <span class='ocrx_word' id='word_1_268' title='bbox 2905 1113 3099 1184; x_wconf 87' lang='grc' dir='ltr'>μικρὸν</span> <span class='ocrx_word' id='word_1_269' title='bbox 3131 1112 3275 1184; x_wconf 79' lang='grc' dir='ltr'>ὓδωρ</span> <span class='ocrx_word' id='word_1_270' title='bbox 3303 1113 3384 1176; x_wconf 86' lang='grc' dir='ltr'><strong>είς</strong></span> <span class='ocrx_word' id='word_1_271' title='bbox 3410 1113 3539 1175; x_wconf 83' lang='grc' dir='ltr'>τοὺς</span> <span class='ocrx_word' id='word_1_272' title='bbox 3567 1111 3739 1174; x_wconf 81' lang='grc' dir='ltr'>πόδας</span> 
     </span>
    </p>
   </div>
   <div class='ocr_carea' id='block_1_42' title="bbox 2151 1199 3733 1276">
    <p class='ocr_par' dir='ltr' id='par_1_42' title="bbox 2151 1199 3733 1276">
     <span class='ocr_line' id='line_1_42' title="bbox 2151 1199 3733 1276; baseline -0.003 -17"><span class='ocrx_word' id='word_1_273' title='bbox 2151 1205 2317 1260; x_wconf 75' lang='grc' dir='ltr'>αὐτοῦ</span> <span class='ocrx_word' id='word_1_274' title='bbox 2340 1206 2415 1270; x_wconf 86' lang='grc' dir='ltr'><strong>ὡς</strong></span> <span class='ocrx_word' id='word_1_275' title='bbox 2439 1207 2484 1238; x_wconf 75' lang='grc'><strong>’⁸</strong></span> <span class='ocrx_word' id='word_1_276' title='bbox 2510 1204 2649 1276; x_wconf 82' lang='grc' dir='ltr'>έχων</span> <span class='ocrx_word' id='word_1_277' title='bbox 2681 1204 2819 1276; x_wconf 86' lang='grc' dir='ltr'>πρὸς</span> <span class='ocrx_word' id='word_1_278' title='bbox 2844 1204 3006 1257; x_wconf 85' lang='grc' dir='ltr'>αὑτὸν</span> <span class='ocrx_word' id='word_1_279' title='bbox 3032 1203 3363 1276; x_wconf 72' lang='grc' dir='ltr'>παρρησίαν,</span> <span class='ocrx_word' id='word_1_280' title='bbox 3388 1199 3539 1255; x_wconf 80' lang='grc' dir='ltr'>εἶπεν</span> <span class='ocrx_word' id='word_1_281' title='bbox 3561 1202 3733 1273; x_wconf 76' lang='grc' dir='ltr'>αὐτῷ’</span> 
     </span>
    </p>
   </div>
   <div class='ocr_carea' id='block_1_43' title="bbox 2152 1293 3739 1369">
    <p class='ocr_par' dir='ltr' id='par_1_43' title="bbox 2152 1293 3739 1369">
     <span class='ocr_line' id='line_1_43' title="bbox 2152 1293 3739 1369; baseline -0.005 -17"><span class='ocrx_word' id='word_1_282' title='bbox 2152 1298 2276 1363; x_wconf 82' lang='grc' dir='ltr'><strong>Πῶς</strong></span> <span class='ocrx_word' id='word_1_283' title='bbox 2302 1316 2446 1362; x_wconf 84' lang='grc' dir='ltr'>τινες</span> <span class='ocrx_word' id='word_1_284' title='bbox 2474 1299 2855 1369; x_wconf 76' lang='grc' dir='ltr'>ἐχρήσαντοτῇ</span> <span class='ocrx_word' id='word_1_285' title='bbox 2876 1296 3148 1367; x_wconf 70' lang='grc' dir='ltr'>ἀποτομία</span> <span class='ocrx_word' id='word_1_286' title='bbox 3171 1295 3304 1365; x_wconf 87' lang='grc'><strong>(99),</strong></span> <span class='ocrx_word' id='word_1_287' title='bbox 3341 1293 3739 1365; x_wconf 85' lang='grc' dir='ltr'>σκληραγωγή-</span> 
     </span>
    </p>
   </div>
   <div class='ocr_carea' id='block_1_44' title="bbox 2153 1382 3739 1460">
    <p class='ocr_par' dir='ltr' id='par_1_44' title="bbox 2153 1382 3739 1460">
     <span class='ocr_line' id='line_1_44' title="bbox 2153 1382 3739 1460; baseline -0.005 -17"><span class='ocrx_word' id='word_1_288' title='bbox 2153 1407 2345 1446; x_wconf 75' lang='grc' dir='ltr'>σαντες</span> <span class='ocrx_word' id='word_1_289' title='bbox 2383 1389 2444 1442; x_wconf 88' lang='grc' dir='ltr'><strong>τὸ</strong></span> <span class='ocrx_word' id='word_1_290' title='bbox 2482 1389 2643 1460; x_wconf 85' lang='grc' dir='ltr'>σῶμα</span> <span class='ocrx_word' id='word_1_291' title='bbox 2687 1389 2897 1456; x_wconf 79' lang='grc' dir='ltr'>αύτῶν;</span> <span class='ocrx_word' id='word_1_292' title='bbox 2947 1389 3057 1442; x_wconf 71' lang='grc' dir='ltr'><strong>Καὶ</strong></span> <span class='ocrx_word' id='word_1_293' title='bbox 3094 1388 3244 1456; x_wconf 84' lang='grc' dir='ltr'>λέγει</span> <span class='ocrx_word' id='word_1_294' title='bbox 3299 1385 3447 1456; x_wconf 84' lang='grc' dir='ltr'><strong>αὐτῷ</strong></span> <span class='ocrx_word' id='word_1_295' title='bbox 3493 1387 3522 1438; x_wconf 91' lang='lat'><strong>6</strong></span> <span class='ocrx_word' id='word_1_296' title='bbox 3560 1382 3739 1447; x_wconf 81' lang='grc' dir='ltr'><strong>ἀὸὁᾶς</strong></span> 
     </span>
    </p>
   </div>
   <div class='ocr_carea' id='block_1_45' title="bbox 2152 1476 3733 1553">
    <p class='ocr_par' dir='ltr' id='par_1_45' title="bbox 2152 1476 3733 1553">
     <span class='ocr_line' id='line_1_45' title="bbox 2152 1476 3733 1553; baseline -0.003 -19"><span class='ocrx_word' id='word_1_297' title='bbox 2152 1482 2385 1553; x_wconf 58' lang='grc' dir='ltr'>Ποιμήν</span> <span class='ocrx_word' id='word_1_298' title='bbox 2425 1481 2619 1551; x_wconf 80' lang='grc' dir='ltr'>Ἡμεῖς</span> <span class='ocrx_word' id='word_1_299' title='bbox 2652 1481 2752 1534; x_wconf 78' lang='grc' dir='ltr'>οὐκ</span> <span class='ocrx_word' id='word_1_300' title='bbox 2815 1479 3170 1551; x_wconf 78' lang='grc' dir='ltr'>ἐδιδάχθημεν</span> <span class='ocrx_word' id='word_1_301' title='bbox 3196 1478 3273 1547; x_wconf 86' lang='lat' dir='ltr'><strong>(l)</strong></span> <span class='ocrx_word' id='word_1_302' title='bbox 3311 1476 3733 1549; x_wconf 82' lang='grc' dir='ltr'>σωματοκτόνοι,</span> 
     </span>
    </p>
   </div>
   <div class='ocr_carea' id='block_1_46' title="bbox 2153 1573 2661 1629">
    <p class='ocr_par' dir='ltr' id='par_1_46' title="bbox 2153 1573 2661 1629">
     <span class='ocr_line' id='line_1_46' title="bbox 2153 1573 2661 1629; baseline -0.002 -2"><span class='ocrx_word' id='word_1_303' title='bbox 2153 1573 2287 1629; x_wconf 78' lang='grc' dir='ltr'><strong>ἀλλὰ</strong></span> <span class='ocrx_word' id='word_1_304' title='bbox 2316 1573 2661 1628; x_wconf 86' lang='grc' dir='ltr'>παθοκτόνοι.</span> 
     </span>
    </p>
   </div>
   <div class='ocr_carea' id='block_1_47' title="bbox 2227 1659 3729 1737">
    <p class='ocr_par' dir='ltr' id='par_1_47' title="bbox 2227 1659 3729 1737">
     <span class='ocr_line' id='line_1_47' title="bbox 2227 1659 3729 1737; baseline -0.005 -18"><span class='ocrx_word' id='word_1_305' title='bbox 2227 1672 2366 1737; x_wconf 87' lang='grc' dir='ltr'>ρπε’.</span> <span class='ocrx_word' id='word_1_306' title='bbox 2395 1661 2560 1718; x_wconf 74' lang='grc' dir='ltr'>Εἶπεν</span> <span class='ocrx_word' id='word_1_307' title='bbox 2588 1664 2769 1719; x_wconf 81' lang='grc' dir='ltr'><strong>πάλιν⁹</strong></span> <span class='ocrx_word' id='word_1_308' title='bbox 2799 1662 2881 1718; x_wconf 83' lang='grc' dir='ltr'><strong>Τὰ</strong></span> <span class='ocrx_word' id='word_1_309' title='bbox 2909 1662 3257 1735; x_wconf 84' lang='grc' dir='ltr'>τραύματα⁸⁰</span> <span class='ocrx_word' id='word_1_310' title='bbox 3283 1661 3344 1716; x_wconf 82' lang='grc' dir='ltr'><strong>ού</strong></span> <span class='ocrx_word' id='word_1_311' title='bbox 3369 1660 3605 1732; x_wconf 86' lang='grc' dir='ltr'>δύναμαι</span> <span class='ocrx_word' id='word_1_312' title='bbox 3636 1659 3729 1712; x_wconf 91' lang='grc' dir='ltr'>κό-</span> 
     </span>
    </p>
   </div>
   <div class='ocr_carea' id='block_1_48' title="bbox 2151 1750 3734 1826">
    <p class='ocr_par' dir='ltr' id='par_1_48' title="bbox 2151 1750 3734 1826">
     <span class='ocr_line' id='line_1_48' title="bbox 2151 1750 3734 1826; baseline -0.001 -20"><span class='ocrx_word' id='word_1_313' title='bbox 2151 1753 2273 1823; x_wconf 77' lang='grc' dir='ltr'>ψαι,</span> <span class='ocrx_word' id='word_1_314' title='bbox 2301 1753 2401 1826; x_wconf 80' lang='grc' dir='ltr'>τὴν</span> <span class='ocrx_word' id='word_1_315' title='bbox 2432 1753 2656 1826; x_wconf 83' lang='grc' dir='ltr'>βρῶσιν,</span> <span class='ocrx_word' id='word_1_316' title='bbox 2683 1754 2747 1807; x_wconf 83' lang='grc' dir='ltr'><strong>τὸ</strong></span> <span class='ocrx_word' id='word_1_317' title='bbox 2772 1754 2997 1826; x_wconf 76' lang='grc' dir='ltr'>ἔνδυμα,</span> <span class='ocrx_word' id='word_1_318' title='bbox 3036 1753 3132 1806; x_wconf 80' lang='grc' dir='ltr'>καὶ</span> <span class='ocrx_word' id='word_1_319' title='bbox 3171 1756 3263 1806; x_wconf 86' lang='grc' dir='ltr'><strong>τὸν</strong></span> <span class='ocrx_word' id='word_1_320' title='bbox 3295 1752 3481 1805; x_wconf 73' lang='grc' dir='ltr'>ὕπνον·</span> <span class='ocrx_word' id='word_1_321' title='bbox 3521 1750 3634 1806; x_wconf 85' lang='grc' dir='ltr'>ἀλλ’</span> <span class='ocrx_word' id='word_1_322' title='bbox 3668 1752 3734 1804; x_wconf 88' lang='grc' dir='ltr'><strong>ἐκ</strong></span> 
     </span>
    </p>
   </div>
   <div class='ocr_carea' id='block_1_49' title="bbox 2085 1809 2872 1917">
    <p class='ocr_par' dir='ltr' id='par_1_49' title="bbox 2085 1809 2872 1917">
     <span class='ocr_line' id='line_1_49' title="bbox 2085 1809 2872 1917; baseline 0.003 -20"><span class='ocrx_word' id='word_1_323' title='bbox 2085 1809 2126 1863; x_wconf 76' lang='grc' dir='ltr'><strong>Β</strong></span> <span class='ocrx_word' id='word_1_324' title='bbox 2158 1809 2657 1917; x_wconf 42' lang='grc' dir='ltr'>μέρουςιδύνιάμεθα</span> <span class='ocrx_word' id='word_1_325' title='bbox 2690 1846 2872 1916; x_wconf 75' lang='grc' dir='ltr'>κόψαι.</span> 
     </span>
    </p>
   </div>
   <div class='ocr_carea' id='block_1_50' title="bbox 2227 1932 3731 2011">
    <p class='ocr_par' dir='ltr' id='par_1_50' title="bbox 2227 1932 3731 2011">
     <span class='ocr_line' id='line_1_50' title="bbox 2227 1932 3731 2011; baseline -0.003 -21"><span class='ocrx_word' id='word_1_326' title='bbox 2227 1945 2380 2009; x_wconf 76' lang='grc' dir='ltr'>ρπς¹.</span> <span class='ocrx_word' id='word_1_327' title='bbox 2436 1937 2749 2011; x_wconf 86' lang='grc' dir='ltr'>Ἦρώτησεν</span> <span class='ocrx_word' id='word_1_328' title='bbox 2786 1936 3014 2007; x_wconf 79' lang='grc' dir='ltr'>ἀδελφὸς</span> <span class='ocrx_word' id='word_1_329' title='bbox 3039 1937 3131 1990; x_wconf 83' lang='grc' dir='ltr'><strong>τὸν</strong></span> <span class='ocrx_word' id='word_1_330' title='bbox 3158 1936 3333 1990; x_wconf 78' lang='grc' dir='ltr'>ἀὸὁᾶν</span> <span class='ocrx_word' id='word_1_331' title='bbox 3356 1934 3616 2005; x_wconf 85' lang='grc' dir='ltr'>Ποιμένα,</span> <span class='ocrx_word' id='word_1_332' title='bbox 3640 1932 3731 1986; x_wconf 83' lang='grc' dir='ltr'><strong>λέ-</strong></span> 
     </span>
    </p>
   </div>
   <div class='ocr_carea' id='block_1_51' title="bbox 2153 2027 3735 2099">
    <p class='ocr_par' dir='ltr' id='par_1_51' title="bbox 2153 2027 3735 2099">
     <span class='ocr_line' id='line_1_51' title="bbox 2153 2027 3735 2099; baseline -0.004 -16"><span class='ocrx_word' id='word_1_333' title='bbox 2153 2046 2285 2097; x_wconf 89' lang='grc' dir='ltr'>γων,</span> <span class='ocrx_word' id='word_1_334' title='bbox 2308 2030 2389 2083; x_wconf 84' lang='grc' dir='ltr'>ὅτι</span> <span class='ocrx_word' id='word_1_335' title='bbox 2416 2028 2595 2082; x_wconf 85' lang='grc' dir='ltr'>Πολλὰ</span> <span class='ocrx_word' id='word_1_336' title='bbox 2620 2028 2829 2099; x_wconf 89' lang='grc' dir='ltr'>λάχανα</span> <span class='ocrx_word' id='word_1_337' title='bbox 2848 2028 3034 2082; x_wconf 85' lang='grc' dir='ltr'>ἐσθίω.</span> <span class='ocrx_word' id='word_1_338' title='bbox 3053 2027 3196 2098; x_wconf 81' lang='grc' dir='ltr'><strong>Ἔφη</strong></span> <span class='ocrx_word' id='word_1_339' title='bbox 3223 2030 3252 2081; x_wconf 90' lang='lat'><strong>6</strong></span> <span class='ocrx_word' id='word_1_340' title='bbox 3272 2027 3472 2099; x_wconf 87' lang='grc' dir='ltr'>γέρων·</span> <span class='ocrx_word' id='word_1_341' title='bbox 3503 2027 3577 2079; x_wconf 78' lang='grc' dir='ltr'><strong>οὐ</strong></span> <span class='ocrx_word' id='word_1_342' title='bbox 3602 2041 3735 2095; x_wconf 86' lang='grc' dir='ltr'>συμ-</span> 
     </span>
    </p>
   </div>
   <div class='ocr_carea' id='block_1_52' title="bbox 2154 2118 3734 2196">
    <p class='ocr_par' dir='ltr' id='par_1_52' title="bbox 2154 2118 3734 2196">
     <span class='ocr_line' id='line_1_52' title="bbox 2154 2118 3734 2196; baseline -0.002 -21"><span class='ocrx_word' id='word_1_343' title='bbox 2154 2123 2309 2196; x_wconf 82' lang='grc' dir='ltr'>φέρει</span> <span class='ocrx_word' id='word_1_344' title='bbox 2343 2138 2447 2176; x_wconf 87' lang='grc' dir='ltr'>σοι·</span> <span class='ocrx_word' id='word_1_345' title='bbox 2483 2121 2620 2176; x_wconf 85' lang='grc' dir='ltr'><strong>ἀλλὰ</strong></span> <span class='ocrx_word' id='word_1_346' title='bbox 2657 2122 2796 2192; x_wconf 84' lang='grc' dir='ltr'>φάγε</span> <span class='ocrx_word' id='word_1_347' title='bbox 2841 2121 2932 2174; x_wconf 89' lang='grc' dir='ltr'><strong>τὸν</strong></span> <span class='ocrx_word' id='word_1_348' title='bbox 2966 2120 3130 2192; x_wconf 80' lang='grc' dir='ltr'>ἄρτον</span> <span class='ocrx_word' id='word_1_349' title='bbox 3168 2137 3284 2185; x_wconf 88' lang='grc' dir='ltr'>σου,</span> <span class='ocrx_word' id='word_1_350' title='bbox 3317 2120 3411 2174; x_wconf 80' lang='grc' dir='ltr'>καὶ</span> <span class='ocrx_word' id='word_1_351' title='bbox 3445 2118 3615 2190; x_wconf 80' lang='grc' dir='ltr'>μικρὰ</span> <span class='ocrx_word' id='word_1_352' title='bbox 3638 2118 3734 2172; x_wconf 86' lang='grc' dir='ltr'><strong>λά-</strong></span> 
     </span>
    </p>
   </div>
   <div class='ocr_carea' id='block_1_53' title="bbox 2152 2212 3735 2287">
    <p class='ocr_par' dir='ltr' id='par_1_53' title="bbox 2152 2212 3735 2287">
     <span class='ocr_line' id='line_1_53' title="bbox 2152 2212 3735 2287; baseline -0.003 -18"><span class='ocrx_word' id='word_1_353' title='bbox 2152 2231 2312 2285; x_wconf 82' lang='grc' dir='ltr'>χανα,</span> <span class='ocrx_word' id='word_1_354' title='bbox 2353 2215 2448 2268; x_wconf 78' lang='grc' dir='ltr'>καὶ</span> <span class='ocrx_word' id='word_1_355' title='bbox 2492 2215 2566 2287; x_wconf 80' lang='grc' dir='ltr'>μὴ</span> <span class='ocrx_word' id='word_1_356' title='bbox 2608 2214 2848 2286; x_wconf 82' lang='grc' dir='ltr'><strong>ἀπέλθῃς</strong></span> <span class='ocrx_word' id='word_1_357' title='bbox 2891 2215 2971 2277; x_wconf 83' lang='grc' dir='ltr'><strong>εἱς</strong></span> <span class='ocrx_word' id='word_1_358' title='bbox 3017 2212 3087 2267; x_wconf 81' lang='grc' dir='ltr'><strong>τὰ</strong></span> <span class='ocrx_word' id='word_1_359' title='bbox 3130 2213 3373 2285; x_wconf 87' lang='grc' dir='ltr'>πατρικά</span> <span class='ocrx_word' id='word_1_360' title='bbox 3415 2229 3509 2265; x_wconf 81' lang='grc' dir='ltr'><strong>σου</strong></span> <span class='ocrx_word' id='word_1_361' title='bbox 3549 2212 3735 2266; x_wconf 72' lang='grc' dir='ltr'>ἕνεκεν</span> 
     </span>
    </p>
   </div>
   <div class='ocr_carea' id='block_1_54' title="bbox 2152 2320 2370 2375">
    <p class='ocr_par' dir='ltr' id='par_1_54' title="bbox 2152 2320 2370 2375">
     <span class='ocr_line' id='line_1_54' title="bbox 2152 2320 2370 2375; baseline -0.009 -18"><span class='ocrx_word' id='word_1_362' title='bbox 2152 2320 2370 2375; x_wconf 87' lang='grc' dir='ltr'>χρειων.</span> 
     </span>
    </p>
   </div>
   <div class='ocr_carea' id='block_1_55' title="bbox 2228 2390 3740 2468">
    <p class='ocr_par' dir='ltr' id='par_1_55' title="bbox 2228 2390 3740 2468">
     <span class='ocr_line' id='line_1_55' title="bbox 2228 2390 3740 2468; baseline -0.003 -19"><span class='ocrx_word' id='word_1_363' title='bbox 2228 2395 2371 2468; x_wconf 66' lang='grc' dir='ltr'>ρπξ.</span> <span class='ocrx_word' id='word_1_364' title='bbox 2392 2395 2620 2464; x_wconf 87' lang='grc' dir='ltr'>Ἔλεγον</span> <span class='ocrx_word' id='word_1_365' title='bbox 2647 2395 2774 2467; x_wconf 77' lang='grc' dir='ltr'>περὶ</span> <span class='ocrx_word' id='word_1_366' title='bbox 2800 2393 2896 2449; x_wconf 79' lang='grc' dir='ltr'><strong>τοῦ</strong></span> <span class='ocrx_word' id='word_1_367' title='bbox 2916 2393 3062 2448; x_wconf 80' lang='grc' dir='ltr'><strong>άϐὂᾶ</strong></span> <span class='ocrx_word' id='word_1_368' title='bbox 3080 2394 3365 2465; x_wconf 81' lang='grc' dir='ltr'>Ποιμένος,</span> <span class='ocrx_word' id='word_1_369' title='bbox 3394 2394 3477 2447; x_wconf 87' lang='grc' dir='ltr'><strong>δτι</strong></span> <span class='ocrx_word' id='word_1_370' title='bbox 3497 2395 3547 2446; x_wconf 84' lang='grc' dir='ltr'><strong>εί</strong></span> <span class='ocrx_word' id='word_1_371' title='bbox 3569 2390 3740 2446; x_wconf 80' lang='grc' dir='ltr'>ἐκάθ-</span> 
     </span>
    </p>
   </div>
   <div class='ocr_carea' id='block_1_56' title="bbox 2154 2486 3742 2561">
    <p class='ocr_par' dir='ltr' id='par_1_56' title="bbox 2154 2486 3742 2561">
     <span class='ocr_line' id='line_1_56' title="bbox 2154 2486 3742 2561; baseline 0.001 -20"><span class='ocrx_word' id='word_1_372' title='bbox 2154 2490 2282 2561; x_wconf 86' lang='grc' dir='ltr'>ηντό</span> <span class='ocrx_word' id='word_1_373' title='bbox 2314 2506 2459 2550; x_wconf 84' lang='grc' dir='ltr'>τινες</span> <span class='ocrx_word' id='word_1_374' title='bbox 2492 2488 2747 2559; x_wconf 85' lang='grc' dir='ltr'>γέροντες</span> <span class='ocrx_word' id='word_1_375' title='bbox 2792 2488 3104 2560; x_wconf 74' lang='grc' dir='ltr'>ἔμπροσθεν</span> <span class='ocrx_word' id='word_1_376' title='bbox 3145 2486 3310 2541; x_wconf 79' lang='grc' dir='ltr'>αὑτοῦ</span> <span class='ocrx_word' id='word_1_377' title='bbox 3332 2527 3345 2549; x_wconf 91' lang='grc'><strong>,</strong></span> <span class='ocrx_word' id='word_1_378' title='bbox 3382 2486 3477 2540; x_wconf 72' lang='grc' dir='ltr'>καὶ</span> <span class='ocrx_word' id='word_1_379' title='bbox 3509 2486 3742 2543; x_wconf 77' lang='grc' dir='ltr'><strong>ἐλάλουν</strong></span> 
     </span>
    </p>
   </div>
   <div class='ocr_carea' id='block_1_57' title="bbox 2155 2579 3738 2654">
    <p class='ocr_par' dir='ltr' id='par_1_57' title="bbox 2155 2579 3738 2654">
     <span class='ocr_line' id='line_1_57' title="bbox 2155 2579 3738 2654; baseline -0.001 -19"><span class='ocrx_word' id='word_1_380' title='bbox 2155 2582 2283 2654; x_wconf 75' lang='grc' dir='ltr'>περὶ</span> <span class='ocrx_word' id='word_1_381' title='bbox 2310 2581 2603 2652; x_wconf 81' lang='grc' dir='ltr'>γερόντων,</span> <span class='ocrx_word' id='word_1_382' title='bbox 2637 2581 2731 2635; x_wconf 73' lang='grc' dir='ltr'>καὶ</span> <span class='ocrx_word' id='word_1_383' title='bbox 2775 2583 2824 2634; x_wconf 87' lang='grc' dir='ltr'><strong>εί</strong></span> <span class='ocrx_word' id='word_1_384' title='bbox 2858 2580 3142 2651; x_wconf 76' lang='grc' dir='ltr'>ὠνόμαζον</span> <span class='ocrx_word' id='word_1_385' title='bbox 3184 2580 3275 2633; x_wconf 93' lang='grc' dir='ltr'><strong>τὸν</strong></span> <span class='ocrx_word' id='word_1_386' title='bbox 3308 2579 3481 2634; x_wconf 76' lang='grc' dir='ltr'>άϐϐἄν</span> <span class='ocrx_word' id='word_1_387' title='bbox 3516 2579 3738 2650; x_wconf 82' lang='grc' dir='ltr'>Σισόην,</span> 
     </span>
    </p>
   </div>
   <div class='ocr_carea' id='block_1_58' title="bbox 2154 2671 3741 2745">
    <p class='ocr_par' dir='ltr' id='par_1_58' title="bbox 2154 2671 3741 2745">
     <span class='ocr_line' id='line_1_58' title="bbox 2154 2671 3741 2745; baseline -0.001 -19"><span class='ocrx_word' id='word_1_388' title='bbox 2154 2673 2360 2743; x_wconf 74' lang='grc' dir='ltr'>ἔλεγεν·</span> <span class='ocrx_word' id='word_1_389' title='bbox 2395 2674 2598 2743; x_wconf 81' lang='grc' dir='ltr'>Ἀφετε</span> <span class='ocrx_word' id='word_1_390' title='bbox 2635 2673 2704 2726; x_wconf 82' lang='grc' dir='ltr'><strong>τά</strong></span> <span class='ocrx_word' id='word_1_391' title='bbox 2732 2673 2861 2744; x_wconf 79' lang='grc' dir='ltr'>περὶ</span> <span class='ocrx_word' id='word_1_392' title='bbox 2887 2672 2982 2725; x_wconf 80' lang='grc' dir='ltr'><strong>τοῦ</strong></span> <span class='ocrx_word' id='word_1_393' title='bbox 3017 2671 3161 2726; x_wconf 78' lang='grc' dir='ltr'><strong>ἀὸὄᾶ</strong></span> <span class='ocrx_word' id='word_1_394' title='bbox 3192 2671 3377 2741; x_wconf 85' lang='grc' dir='ltr'>Σισόη·</span> <span class='ocrx_word' id='word_1_395' title='bbox 3406 2671 3466 2724; x_wconf 84' lang='grc' dir='ltr'>ού</span> <span class='ocrx_word' id='word_1_396' title='bbox 3498 2671 3607 2742; x_wconf 77' lang='grc' dir='ltr'><strong>γὰρ</strong></span> <span class='ocrx_word' id='word_1_397' title='bbox 3644 2671 3741 2745; x_wconf 76' lang='grc' dir='ltr'><strong>ερ-</strong></span> 
     </span>
    </p>
   </div>
   <div class='ocr_carea' id='block_1_59' title="bbox 2154 2764 3489 2838">
    <p class='ocr_par' dir='ltr' id='par_1_59' title="bbox 2154 2764 3489 2838">
     <span class='ocr_line' id='line_1_59' title="bbox 2154 2764 3489 2838; baseline 0.001 -19"><span class='ocrx_word' id='word_1_398' title='bbox 2154 2784 2304 2837; x_wconf 80' lang='grc' dir='ltr'>χεται</span> <span class='ocrx_word' id='word_1_399' title='bbox 2333 2770 2413 2831; x_wconf 84' lang='grc' dir='ltr'>είς</span> <span class='ocrx_word' id='word_1_400' title='bbox 2448 2766 2645 2838; x_wconf 82' lang='grc' dir='ltr'>μέτρον</span> <span class='ocrx_word' id='word_1_401' title='bbox 2678 2767 3018 2838; x_wconf 74' lang='grc' dir='ltr'>διηγήματος</span> <span class='ocrx_word' id='word_1_402' title='bbox 3052 2766 3120 2820; x_wconf 84' lang='grc' dir='ltr'>τὰ</span> <span class='ocrx_word' id='word_1_403' title='bbox 3150 2766 3279 2838; x_wconf 84' lang='grc' dir='ltr'>περὶ</span> <span class='ocrx_word' id='word_1_404' title='bbox 3304 2764 3489 2821; x_wconf 78' lang='grc' dir='ltr'>αὐτοῦ.</span> 
     </span>
    </p>
   </div>
   <div class='ocr_carea' id='block_1_60' title="bbox 2576 2919 3305 2990">
    <p class='ocr_par' dir='ltr' id='par_1_60' title="bbox 2576 2919 3305 2990">
     <span class='ocr_line' id='line_1_60' title="bbox 2576 2919 3305 2990; baseline 0.001 -17"><span class='ocrx_word' id='word_1_405' title='bbox 2576 2920 2715 2989; x_wconf 80' lang='grc' dir='ltr'>Περὶ</span> <span class='ocrx_word' id='word_1_406' title='bbox 2749 2919 2859 2974; x_wconf 85' lang='grc' dir='ltr'>τοῦ</span> <span class='ocrx_word' id='word_1_407' title='bbox 2891 2919 3043 2976; x_wconf 78' lang='grc' dir='ltr'><strong>ἀϐσᾶ</strong></span> <span class='ocrx_word' id='word_1_408' title='bbox 3070 2920 3305 2990; x_wconf 76' lang='grc' dir='ltr'><strong>Παμὸώ.</strong></span> 
     </span>
    </p>
   </div>
   <div class='ocr_carea' id='block_1_61' title="bbox 2222 3030 3740 3111">
    <p class='ocr_par' dir='ltr' id='par_1_61' title="bbox 2222 3030 3740 3111">
     <span class='ocr_line' id='line_1_61' title="bbox 2222 3030 3740 3111; baseline 0.003 -24"><span class='ocrx_word' id='word_1_409' title='bbox 2222 3041 2290 3088; x_wconf 88' lang='grc' dir='ltr'><strong>α’.</strong></span> <span class='ocrx_word' id='word_1_410' title='bbox 2319 3030 2429 3087; x_wconf 82' lang='grc' dir='ltr'>Ἦν</span> <span class='ocrx_word' id='word_1_411' title='bbox 2450 3051 2534 3098; x_wconf 87' lang='grc' dir='ltr'><strong>τις</strong></span> <span class='ocrx_word' id='word_1_412' title='bbox 2563 3033 2856 3104; x_wconf 87' lang='grc' dir='ltr'>λεγόμενος</span> <span class='ocrx_word' id='word_1_413' title='bbox 2883 3033 3059 3098; x_wconf 78' lang='grc' dir='ltr'><strong>άὸσᾶς</strong></span> <span class='ocrx_word' id='word_1_414' title='bbox 3087 3035 3319 3106; x_wconf 76' lang='grc' dir='ltr'>Παμϐὼ,</span> <span class='ocrx_word' id='word_1_415' title='bbox 3342 3037 3587 3111; x_wconf 74' lang='grc' dir='ltr'>καὶπερὶ</span> <span class='ocrx_word' id='word_1_416' title='bbox 3611 3037 3740 3092; x_wconf 86' lang='grc' dir='ltr'>τού-</span> 
     </span>
    </p>
   </div>
   <div class='ocr_carea' id='block_1_62' title="bbox 452 3125 2046 3202">
    <p class='ocr_par' dir='ltr' id='par_1_62' title="bbox 452 3126 2046 3202">
     <span class='ocr_line' id='line_1_62' title="bbox 452 3126 2046 3202; baseline 0.001 -19"><span class='ocrx_word' id='word_1_417' title='bbox 452 3136 674 3197; x_wconf 76' lang='lat' dir='ltr'><strong>.fertur,</strong></span> <span class='ocrx_word' id='word_1_418' title='bbox 710 3147 808 3202; x_wconf 89' lang='lat' dir='ltr'><strong>per</strong></span> <span class='ocrx_word' id='word_1_419' title='bbox 833 3138 945 3188; x_wconf 85' lang='lat' dir='ltr'><strong>tres</strong></span> <span class='ocrx_word' id='word_1_420' title='bbox 970 3144 1145 3185; x_wconf 86' lang='lat' dir='ltr'><strong>annos</strong></span> <span class='ocrx_word' id='word_1_421' title='bbox 1177 3131 1423 3201; x_wconf 80' lang='lat' dir='ltr'><strong>integros</strong></span> <span class='ocrx_word' id='word_1_422' title='bbox 1450 3126 1602 3184; x_wconf 86' lang='lat' dir='ltr'><strong>illum</strong></span> <span class='ocrx_word' id='word_1_423' title='bbox 1628 3131 1934 3187; x_wconf 90' lang='lat' dir='ltr'><strong>orationem</strong></span> <span class='ocrx_word' id='word_1_424' title='bbox 1965 3133 2046 3185; x_wconf 86' lang='lat' dir='ltr'><strong>fu-</strong></span> 
     </span>
    </p>
   </div>
   <div class='ocr_carea' id='block_1_63' title="bbox 2154 3125 3739 3202">
    <p class='ocr_par' dir='ltr' id='par_1_63' title="bbox 2154 3125 3739 3201">
     <span class='ocr_line' id='line_1_63' title="bbox 2154 3125 3739 3201; baseline 0.005 -24"><span class='ocrx_word' id='word_1_425' title='bbox 2154 3142 2245 3178; x_wconf 86' lang='grc' dir='ltr'><strong>του</strong></span> <span class='ocrx_word' id='word_1_426' title='bbox 2288 3126 2527 3194; x_wconf 85' lang='grc' dir='ltr'>λέγεται,</span> <span class='ocrx_word' id='word_1_427' title='bbox 2570 3127 2652 3180; x_wconf 81' lang='grc' dir='ltr'>ὅτι</span> <span class='ocrx_word' id='word_1_428' title='bbox 2697 3126 2826 3195; x_wconf 87' lang='grc' dir='ltr'>τρία</span> <span class='ocrx_word' id='word_1_429' title='bbox 2876 3125 2970 3198; x_wconf 80' lang='grc' dir='ltr'><strong>ἔτη</strong></span> <span class='ocrx_word' id='word_1_430' title='bbox 3014 3126 3228 3197; x_wconf 77' lang='grc' dir='ltr'>ἔμεινεν</span> <span class='ocrx_word' id='word_1_431' title='bbox 3273 3129 3594 3201; x_wconf 77' lang='grc' dir='ltr'>αἰτούμενος</span> <span class='ocrx_word' id='word_1_432' title='bbox 3640 3132 3739 3185; x_wconf 83' lang='grc' dir='ltr'><strong>τὸν</strong></span> 
     </span>
    </p>
   </div>
   <div class='ocr_carea' id='block_1_64' title="bbox 476 3218 2048 3291">
    <p class='ocr_par' dir='ltr' id='par_1_64' title="bbox 476 3218 2048 3291">
     <span class='ocr_line' id='line_1_64' title="bbox 476 3218 2048 3291; baseline 0 -12"><span class='ocrx_word' id='word_1_433' title='bbox 476 3224 625 3279; x_wconf 90' lang='lat' dir='ltr'><strong>disse</strong></span> <span class='ocrx_word' id='word_1_434' title='bbox 669 3222 736 3276; x_wconf 90' lang='lat' dir='ltr'><strong>ad</strong></span> <span class='ocrx_word' id='word_1_435' title='bbox 791 3220 981 3286; x_wconf 78' lang='lat' dir='ltr'><strong>Deum,</strong></span> <span class='ocrx_word' id='word_1_436' title='bbox 1017 3235 1083 3275; x_wconf 84' lang='lat' dir='ltr'><strong>ac</strong></span> <span class='ocrx_word' id='word_1_437' title='bbox 1126 3221 1370 3277; x_wconf 81' lang='lat' dir='ltr'><strong>dixisse:</strong></span> <span class='ocrx_word' id='word_1_438' title='bbox 1408 3218 1487 3276; x_wconf 84' lang='lat' dir='ltr'><strong>Ne</strong></span> <span class='ocrx_word' id='word_1_439' title='bbox 1513 3221 1646 3275; x_wconf 89' lang='lat' dir='ltr'><strong>mihi</strong></span> <span class='ocrx_word' id='word_1_440' title='bbox 1686 3223 1914 3291; x_wconf 78' lang='lat' dir='ltr'><strong>gloriam</strong></span> <span class='ocrx_word' id='word_1_441' title='bbox 1949 3223 2048 3279; x_wconf 68' lang='grc' dir='ltr'><strong>(ἰοσ-</strong></span> 
     </span>
    </p>
   </div>
   <div class='ocr_carea' id='block_1_65' title="bbox 472 3309 2050 3384">
    <p class='ocr_par' dir='ltr' id='par_1_65' title="bbox 472 3309 2050 3384">
     <span class='ocr_line' id='line_1_65' title="bbox 472 3309 2050 3384; baseline 0.001 -17"><span class='ocrx_word' id='word_1_442' title='bbox 472 3313 623 3370; x_wconf 89' lang='lat' dir='ltr'><strong>deris</strong></span> <span class='ocrx_word' id='word_1_443' title='bbox 652 3313 707 3365; x_wconf 92' lang='lat' dir='ltr'><strong>in</strong></span> <span class='ocrx_word' id='word_1_444' title='bbox 742 3319 911 3365; x_wconf 85' lang='lat' dir='ltr'><strong>terra.</strong></span> <span class='ocrx_word' id='word_1_445' title='bbox 948 3310 1019 3363; x_wconf 84' lang='lat' dir='ltr'><strong>At</strong></span> <span class='ocrx_word' id='word_1_446' title='bbox 1055 3309 1201 3367; x_wconf 85' lang='lat' dir='ltr'><strong>Deus</strong></span> <span class='ocrx_word' id='word_1_447' title='bbox 1244 3311 1326 3365; x_wconf 89' lang='lat' dir='ltr'><strong>sic</strong></span> <span class='ocrx_word' id='word_1_448' title='bbox 1355 3326 1481 3365; x_wconf 90' lang='lat' dir='ltr'><strong>cum</strong></span> <span class='ocrx_word' id='word_1_449' title='bbox 1523 3312 1694 3384; x_wconf 77' lang='lat' dir='ltr'><strong>gloria</strong></span> <span class='ocrx_word' id='word_1_450' title='bbox 1740 3312 1942 3381; x_wconf 76' lang='lat' dir='ltr'><strong>aﬂ‘ecit,</strong></span> <span class='ocrx_word' id='word_1_451' title='bbox 1988 3322 2050 3369; x_wconf 92' lang='lat' dir='ltr'><strong>ut</strong></span> 
     </span>
    </p>
   </div>
   <div class='ocr_carea' id='block_1_66' title="bbox 476 3400 2048 3477">
    <p class='ocr_par' dir='ltr' id='par_1_66' title="bbox 476 3400 2048 3477">
     <span class='ocr_line' id='line_1_66' title="bbox 476 3400 2048 3477; baseline 0.001 -19"><span class='ocrx_word' id='word_1_452' title='bbox 476 3418 635 3459; x_wconf 87' lang='lat' dir='ltr'><strong>nemo</strong></span> <span class='ocrx_word' id='word_1_453' title='bbox 655 3411 843 3473; x_wconf 88' lang='lat' dir='ltr'><strong>posset</strong></span> <span class='ocrx_word' id='word_1_454' title='bbox 872 3402 929 3455; x_wconf 91' lang='lat' dir='ltr'><strong>in</strong></span> <span class='ocrx_word' id='word_1_455' title='bbox 954 3400 1148 3457; x_wconf 83' lang='lat' dir='ltr'><strong>faciem</strong></span> <span class='ocrx_word' id='word_1_456' title='bbox 1163 3401 1524 3472; x_wconf 86' lang='lat' dir='ltr'><strong>ejusintueri,</strong></span> <span class='ocrx_word' id='word_1_457' title='bbox 1550 3418 1661 3473; x_wconf 67' lang='lat' dir='ltr'><strong>prae</strong></span> <span class='ocrx_word' id='word_1_458' title='bbox 1686 3405 1859 3473; x_wconf 77' lang='lat' dir='ltr'><strong>gloria</strong></span> <span class='ocrx_word' id='word_1_459' title='bbox 1883 3420 2048 3477; x_wconf 90' lang='lat' dir='ltr'><strong>quam</strong></span> 
     </span>
    </p>
   </div>
   <div class='ocr_carea' id='block_1_67' title="bbox 468 3493 952 3565">
    <p class='ocr_par' dir='ltr' id='par_1_67' title="bbox 468 3493 952 3565">
     <span class='ocr_line' id='line_1_67' title="bbox 468 3493 952 3565; baseline -0.008 -15"><span class='ocrx_word' id='word_1_460' title='bbox 468 3512 569 3552; x_wconf 86' lang='lat' dir='ltr'><strong>ore</strong></span> <span class='ocrx_word' id='word_1_461' title='bbox 606 3493 952 3565; x_wconf 64' lang='lat' dir='ltr'><strong>praeferebat.</strong></span> 
     </span>
    </p>
   </div>
   <div class='ocr_carea' id='block_1_68' title="bbox 530 3586 2049 3661">
    <p class='ocr_par' dir='ltr' id='par_1_68' title="bbox 530 3586 2049 3661">
     <span class='ocr_line' id='line_1_68' title="bbox 530 3586 2049 3661; baseline 0.004 -22"><span class='ocrx_word' id='word_1_462' title='bbox 530 3588 596 3642; x_wconf 75' lang='grc'><strong>,2.</strong></span> <span class='ocrx_word' id='word_1_463' title='bbox 631 3587 743 3661; x_wconf 76' lang='lat'><strong>(98)</strong></span> <span class='ocrx_word' id='word_1_464' title='bbox 779 3586 1065 3644; x_wconf 81' lang='lat' dir='ltr'><strong>Venerunt</strong></span> <span class='ocrx_word' id='word_1_465' title='bbox 1094 3587 1393 3658; x_wconf 88' lang='lat' dir='ltr'><strong>aliquando</strong></span> <span class='ocrx_word' id='word_1_466' title='bbox 1419 3588 1529 3644; x_wconf 89' lang='lat' dir='ltr'><strong>duo</strong></span> <span class='ocrx_word' id='word_1_467' title='bbox 1554 3588 1753 3645; x_wconf 86' lang='lat' dir='ltr'><strong>fratres</strong></span> <span class='ocrx_word' id='word_1_468' title='bbox 1781 3590 1849 3645; x_wconf 88' lang='lat' dir='ltr'><strong>ad</strong></span> <span class='ocrx_word' id='word_1_469' title='bbox 1880 3590 2049 3645; x_wconf 83' lang='lat' dir='ltr'><strong>abba-</strong></span> 
     </span>
    </p>
   </div>
   <div class='ocr_carea' id='block_1_69' title="bbox 474 3678 2045 3750">
    <p class='ocr_par' dir='ltr' id='par_1_69' title="bbox 474 3678 2045 3750">
     <span class='ocr_line' id='line_1_69' title="bbox 474 3678 2045 3750; baseline -0.001 -14"><span class='ocrx_word' id='word_1_470' title='bbox 474 3690 583 3736; x_wconf 91' lang='lat' dir='ltr'><strong>tem</strong></span> <span class='ocrx_word' id='word_1_471' title='bbox 614 3679 855 3748; x_wconf 83' lang='lat' dir='ltr'><strong>Pambo;</strong></span> <span class='ocrx_word' id='word_1_472' title='bbox 886 3690 939 3735; x_wconf 91' lang='lat' dir='ltr'><strong>et</strong></span> <span class='ocrx_word' id='word_1_473' title='bbox 985 3678 1341 3750; x_wconf 74' lang='lat' dir='ltr'><strong>interrogavit</strong></span> <span class='ocrx_word' id='word_1_474' title='bbox 1372 3694 1499 3735; x_wconf 89' lang='lat' dir='ltr'><strong>eum</strong></span> <span class='ocrx_word' id='word_1_475' title='bbox 1531 3696 1677 3735; x_wconf 85' lang='lat' dir='ltr'><strong>unus</strong></span> <span class='ocrx_word' id='word_1_476' title='bbox 1709 3681 1791 3735; x_wconf 92' lang='lat' dir='ltr'><strong>sic</strong></span> <span class='ocrx_word' id='word_1_477' title='bbox 1823 3698 1838 3736; x_wconf 91' lang='lat'><strong>:</strong></span> <span class='ocrx_word' id='word_1_478' title='bbox 1869 3680 2045 3745; x_wconf 80' lang='lat' dir='ltr'><strong>Abba,</strong></span> 
     </span>
    </p>
   </div>
   <div class='ocr_carea' id='block_1_70' title="bbox 472 3768 2049 3842">
    <p class='ocr_par' dir='ltr' id='par_1_70' title="bbox 472 3768 2049 3842">
     <span class='ocr_line' id='line_1_70' title="bbox 472 3768 2049 3842; baseline -0.001 -15"><span class='ocrx_word' id='word_1_479' title='bbox 472 3786 573 3841; x_wconf 88' lang='lat' dir='ltr'><strong>ego</strong></span> <span class='ocrx_word' id='word_1_480' title='bbox 611 3786 711 3842; x_wconf 90' lang='lat' dir='ltr'><strong>per</strong></span> <span class='ocrx_word' id='word_1_481' title='bbox 745 3770 911 3826; x_wconf 87' lang='lat' dir='ltr'><strong>bidua</strong></span> <span class='ocrx_word' id='word_1_482' title='bbox 938 3770 1150 3841; x_wconf 85' lang='lat' dir='ltr'><strong>jejuno,</strong></span> <span class='ocrx_word' id='word_1_483' title='bbox 1183 3776 1237 3825; x_wconf 89' lang='lat' dir='ltr'><strong>et</strong></span> <span class='ocrx_word' id='word_1_484' title='bbox 1262 3768 1401 3825; x_wconf 88' lang='lat' dir='ltr'><strong>duos</strong></span> <span class='ocrx_word' id='word_1_485' title='bbox 1432 3785 1601 3841; x_wconf 90' lang='lat' dir='ltr'><strong>panes</strong></span> <span class='ocrx_word' id='word_1_486' title='bbox 1636 3770 1899 3838; x_wconf 85' lang='lat' dir='ltr'><strong>comedo;</strong></span> <span class='ocrx_word' id='word_1_487' title='bbox 1931 3786 2049 3827; x_wconf 88' lang='lat' dir='ltr'><strong>ser—</strong></span> 
     </span>
    </p>
   </div>
   <div class='ocr_carea' id='block_1_71' title="bbox 473 3860 2049 3933">
    <p class='ocr_par' dir='ltr' id='par_1_71' title="bbox 473 3860 2049 3933">
     <span class='ocr_line' id='line_1_71' title="bbox 473 3860 2049 3933; baseline -0.001 -16"><span class='ocrx_word' id='word_1_488' title='bbox 473 3878 612 3917; x_wconf 82' lang='lat' dir='ltr'><strong>vone</strong></span> <span class='ocrx_word' id='word_1_489' title='bbox 660 3862 899 3916; x_wconf 91' lang='lat' dir='ltr'><strong>animam</strong></span> <span class='ocrx_word' id='word_1_490' title='bbox 959 3875 1157 3923; x_wconf 90' lang='lat' dir='ltr'><strong>meam,</strong></span> <span class='ocrx_word' id='word_1_491' title='bbox 1211 3874 1282 3915; x_wconf 89' lang='lat' dir='ltr'><strong>an</strong></span> <span class='ocrx_word' id='word_1_492' title='bbox 1329 3860 1599 3917; x_wconf 86' lang='lat' dir='ltr'><strong>seducor?</strong></span> <span class='ocrx_word' id='word_1_493' title='bbox 1648 3862 1801 3917; x_wconf 83' lang='lat' dir='ltr'><strong>Alter</strong></span> <span class='ocrx_word' id='word_1_494' title='bbox 1829 3876 2049 3933; x_wconf 88' lang='lat' dir='ltr'><strong>quoque</strong></span> 
     </span>
    </p>
   </div>
   <div class='ocr_carea' id='block_1_72' title="bbox 470 3952 2048 4024">
    <p class='ocr_par' dir='ltr' id='par_1_72' title="bbox 470 3952 2048 4024">
     <span class='ocr_line' id='line_1_72' title="bbox 470 3952 2048 4024; baseline -0.001 -14"><span class='ocrx_word' id='word_1_495' title='bbox 470 3955 641 4010; x_wconf 78' lang='lat' dir='ltr'><strong>dixit:</strong></span> <span class='ocrx_word' id='word_1_496' title='bbox 673 3955 848 4019; x_wconf 85' lang='lat' dir='ltr'><strong>Abba,</strong></span> <span class='ocrx_word' id='word_1_497' title='bbox 883 3967 984 4024; x_wconf 87' lang='lat' dir='ltr'><strong>ego</strong></span> <span class='ocrx_word' id='word_1_498' title='bbox 1011 3952 1079 4008; x_wconf 86' lang='lat' dir='ltr'><strong>de</strong></span> <span class='ocrx_word' id='word_1_499' title='bbox 1099 3967 1265 4022; x_wconf 87' lang='lat' dir='ltr'><strong>opere</strong></span> <span class='ocrx_word' id='word_1_500' title='bbox 1294 3967 1555 4008; x_wconf 84' lang='lat' dir='ltr'><strong>manuum</strong></span> <span class='ocrx_word' id='word_1_501' title='bbox 1603 3967 1851 4008; x_wconf 90' lang='lat' dir='ltr'><strong>mearum</strong></span> <span class='ocrx_word' id='word_1_502' title='bbox 1898 3954 2048 4009; x_wconf 84' lang='lat' dir='ltr'><strong>exci-</strong></span> 
     </span>
    </p>
   </div>
   <div class='ocr_carea' id='block_1_73' title="bbox 458 4043 2049 4117">
    <p class='ocr_par' dir='ltr' id='par_1_73' title="bbox 458 4043 2049 4117">
     <span class='ocr_line' id='line_1_73' title="bbox 458 4043 2049 4117; baseline 0.001 -18"><span class='ocrx_word' id='word_1_503' title='bbox 458 4048 562 4117; x_wconf 86' lang='lat' dir='ltr'><strong>.pio</strong></span> <span class='ocrx_word' id='word_1_504' title='bbox 590 4046 729 4101; x_wconf 90' lang='lat' dir='ltr'><strong>duas</strong></span> <span class='ocrx_word' id='word_1_505' title='bbox 760 4045 991 4116; x_wconf 86' lang='lat' dir='ltr'><strong>siliquas</strong></span> <span class='ocrx_word' id='word_1_506' title='bbox 1024 4043 1289 4114; x_wconf 76' lang='lat' dir='ltr'><strong>Quotidie,</strong></span> <span class='ocrx_word' id='word_1_507' title='bbox 1320 4059 1385 4099; x_wconf 88' lang='lat' dir='ltr'><strong>ac</strong></span> <span class='ocrx_word' id='word_1_508' title='bbox 1416 4045 1625 4101; x_wconf 88' lang='lat' dir='ltr'><strong>retineo</strong></span> <span class='ocrx_word' id='word_1_509' title='bbox 1653 4059 1827 4115; x_wconf 89' lang='lat' dir='ltr'><strong>pauca</strong></span> <span class='ocrx_word' id='word_1_510' title='bbox 1856 4046 1924 4100; x_wconf 91' lang='lat' dir='ltr'><strong>ad</strong></span> <span class='ocrx_word' id='word_1_511' title='bbox 1952 4045 2049 4100; x_wconf 86' lang='lat' dir='ltr'><strong>ali-</strong></span> 
     </span>
    </p>
   </div>
   <div class='ocr_carea' id='block_1_74' title="bbox 473 4134 2044 4205">
    <p class='ocr_par' dir='ltr' id='par_1_74' title="bbox 473 4134 2044 4205">
     <span class='ocr_line' id='line_1_74' title="bbox 473 4134 2044 4205; baseline 0 -15"><span class='ocrx_word' id='word_1_512' title='bbox 473 4145 737 4200; x_wconf 88' lang='lat' dir='ltr'><strong>mentum,</strong></span> <span class='ocrx_word' id='word_1_513' title='bbox 760 4136 969 4205; x_wconf 90' lang='lat' dir='ltr'><strong>reliqua</strong></span> <span class='ocrx_word' id='word_1_514' title='bbox 996 4134 1051 4188; x_wconf 95' lang='lat' dir='ltr'><strong>in</strong></span> <span class='ocrx_word' id='word_1_515' title='bbox 1072 4135 1475 4205; x_wconf 83' lang='lat' dir='ltr'><strong>eleemosynam</strong></span> <span class='ocrx_word' id='word_1_516' title='bbox 1497 4134 1597 4199; x_wconf 87' lang='lat' dir='ltr'><strong>do;</strong></span> <span class='ocrx_word' id='word_1_517' title='bbox 1646 4134 1903 4190; x_wconf 86' lang='lat' dir='ltr'><strong>salvusne</strong></span> <span class='ocrx_word' id='word_1_518' title='bbox 1927 4150 2044 4201; x_wconf 88' lang='lat' dir='ltr'><strong>ero,</strong></span> 
     </span>
    </p>
   </div>
   <div class='ocr_carea' id='block_1_75' title="bbox 472 4226 2045 4299">
    <p class='ocr_par' dir='ltr' id='par_1_75' title="bbox 472 4226 2045 4299">
     <span class='ocr_line' id='line_1_75' title="bbox 472 4226 2045 4299; baseline 0.001 -18"><span class='ocrx_word' id='word_1_519' title='bbox 472 4227 762 4296; x_wconf 26' lang='lat' dir='ltr'><strong>vel‘peribo</strong></span> <span class='ocrx_word' id='word_1_520' title='bbox 776 4226 1056 4297; x_wconf 87' lang='lat' dir='ltr'><strong>?Cumque</strong></span> <span class='ocrx_word' id='word_1_521' title='bbox 1077 4226 1373 4297; x_wconf 86' lang='lat' dir='ltr'><strong>plurimum</strong></span> <span class='ocrx_word' id='word_1_522' title='bbox 1389 4234 1643 4284; x_wconf 88' lang='lat' dir='ltr'><strong>orassent</strong></span> <span class='ocrx_word' id='word_1_523' title='bbox 1657 4242 1803 4294; x_wconf 84' lang='lat' dir='ltr'><strong>eum,</strong></span> <span class='ocrx_word' id='word_1_524' title='bbox 1820 4242 2045 4299; x_wconf 88' lang='lat' dir='ltr'><strong>respon-</strong></span> 
     </span>
    </p>
   </div>
   <div class='ocr_carea' id='block_1_76' title="bbox 472 4310 2045 4388">
    <p class='ocr_par' dir='ltr' id='par_1_76' title="bbox 472 4310 2045 4388">
     <span class='ocr_line' id='line_1_76' title="bbox 472 4310 2045 4388; baseline 0.001 -16"><span class='ocrx_word' id='word_1_525' title='bbox 472 4333 597 4373; x_wconf 83' lang='lat' dir='ltr'><strong>sum</strong></span> <span class='ocrx_word' id='word_1_526' title='bbox 625 4333 735 4371; x_wconf 87' lang='lat' dir='ltr'><strong>non</strong></span> <span class='ocrx_word' id='word_1_527' title='bbox 760 4317 930 4372; x_wconf 90' lang='lat' dir='ltr'><strong>dedit.</strong></span> <span class='ocrx_word' id='word_1_528' title='bbox 961 4316 1092 4372; x_wconf 87' lang='lat' dir='ltr'><strong>Post</strong></span> <span class='ocrx_word' id='word_1_529' title='bbox 1120 4310 1358 4388; x_wconf 76' lang='lat' dir='ltr'><strong>quatuor</strong></span> <span class='ocrx_word' id='word_1_530' title='bbox 1393 4327 1575 4374; x_wconf 87' lang='lat' dir='ltr'><strong>autem</strong></span> <span class='ocrx_word' id='word_1_531' title='bbox 1600 4318 1719 4375; x_wconf 88' lang='lat' dir='ltr'><strong>dies</strong></span> <span class='ocrx_word' id='word_1_532' title='bbox 1748 4319 2045 4376; x_wconf 82' lang='lat' dir='ltr'><strong>discessuri</strong></span> 
     </span>
    </p>
   </div>
   <div class='ocr_carea' id='block_1_77' title="bbox 460 4409 2043 4474">
    <p class='ocr_par' dir='ltr' id='par_1_77' title="bbox 460 4409 2043 4474">
     <span class='ocr_line' id='line_1_77' title="bbox 460 4409 2043 4474; baseline -0.001 -9"><span class='ocrx_word' id='word_1_533' title='bbox 460 4423 599 4465; x_wconf 44' lang='lat' dir='ltr'><strong>.cum</strong></span> <span class='ocrx_word' id='word_1_534' title='bbox 635 4416 843 4474; x_wconf 84' lang='lat' dir='ltr'><strong>essent,</strong></span> <span class='ocrx_word' id='word_1_535' title='bbox 871 4409 1235 4465; x_wconf 87' lang='lat' dir='ltr'><strong>hortabantur</strong></span> <span class='ocrx_word' id='word_1_536' title='bbox 1264 4423 1359 4464; x_wconf 89' lang='lat' dir='ltr'><strong>eos</strong></span> <span class='ocrx_word' id='word_1_537' title='bbox 1390 4411 1598 4474; x_wconf 86' lang='lat' dir='ltr'><strong>clerici,</strong></span> <span class='ocrx_word' id='word_1_538' title='bbox 1627 4411 1730 4465; x_wconf 87' lang='lat' dir='ltr'><strong>hoc</strong></span> <span class='ocrx_word' id='word_1_539' title='bbox 1756 4426 2043 4467; x_wconf 87' lang='lat' dir='ltr'><strong>sermone:</strong></span> 
     </span>
    </p>
   </div>
   <div class='ocr_carea' id='block_1_78' title="bbox 2150 3217 3740 3293">
    <p class='ocr_par' dir='ltr' id='par_1_78' title="bbox 2150 3217 3740 3293">
     <span class='ocr_line' id='line_1_78' title="bbox 2150 3217 3740 3293; baseline 0.003 -22"><span class='ocrx_word' id='word_1_540' title='bbox 2150 3219 2301 3281; x_wconf 81' lang='grc' dir='ltr'>Θεὸν,</span> <span class='ocrx_word' id='word_1_541' title='bbox 2335 3218 2429 3272; x_wconf 74' lang='grc' dir='ltr'>καὶ</span> <span class='ocrx_word' id='word_1_542' title='bbox 2458 3218 2649 3286; x_wconf 88' lang='grc' dir='ltr'>λέγων·</span> <span class='ocrx_word' id='word_1_543' title='bbox 2688 3217 2781 3289; x_wconf 81' lang='grc' dir='ltr'><strong>Μὴ</strong></span> <span class='ocrx_word' id='word_1_544' title='bbox 2822 3217 3053 3290; x_wconf 82' lang='grc' dir='ltr'><strong>δοξάσῃς</strong></span> <span class='ocrx_word' id='word_1_545' title='bbox 3089 3235 3157 3289; x_wconf 89' lang='grc' dir='ltr'><strong>με</strong></span> <span class='ocrx_word' id='word_1_546' title='bbox 3204 3221 3298 3273; x_wconf 79' lang='grc' dir='ltr'>ἐπὶ</span> <span class='ocrx_word' id='word_1_547' title='bbox 3338 3225 3439 3293; x_wconf 76' lang='grc' dir='ltr'><strong>τῆς</strong></span> <span class='ocrx_word' id='word_1_548' title='bbox 3469 3224 3590 3293; x_wconf 78' lang='grc' dir='ltr'>γῆς.</span> <span class='ocrx_word' id='word_1_549' title='bbox 3622 3223 3740 3276; x_wconf 70' lang='grc' dir='ltr'><strong>Καὶ</strong></span> 
     </span>
    </p>
   </div>
   <div class='ocr_carea' id='block_1_79' title="bbox 2149 3309 3739 3383">
    <p class='ocr_par' dir='ltr' id='par_1_79' title="bbox 2149 3309 3739 3383">
     <span class='ocr_line' id='line_1_79' title="bbox 2149 3309 3739 3383; baseline 0.004 -20"><span class='ocrx_word' id='word_1_550' title='bbox 2149 3310 2322 3373; x_wconf 76' lang='grc' dir='ltr'>οὔτως</span> <span class='ocrx_word' id='word_1_551' title='bbox 2350 3309 2600 3375; x_wconf 80' lang='grc' dir='ltr'>ἐδόξασεν</span> <span class='ocrx_word' id='word_1_552' title='bbox 2625 3310 2788 3363; x_wconf 82' lang='grc' dir='ltr'>αὐτὸν</span> <span class='ocrx_word' id='word_1_553' title='bbox 2816 3311 2844 3363; x_wconf 97' lang='lat'><strong>6</strong></span> <span class='ocrx_word' id='word_1_554' title='bbox 2869 3310 3023 3373; x_wconf 80' lang='grc' dir='ltr'>θεὸς,</span> <span class='ocrx_word' id='word_1_555' title='bbox 3051 3310 3193 3364; x_wconf 78' lang='grc' dir='ltr'>ὥστε</span> <span class='ocrx_word' id='word_1_556' title='bbox 3224 3312 3298 3383; x_wconf 86' lang='grc' dir='ltr'>μὴ</span> <span class='ocrx_word' id='word_1_557' title='bbox 3327 3313 3589 3368; x_wconf 87' lang='grc' dir='ltr'>δύνασθαί</span> <span class='ocrx_word' id='word_1_558' title='bbox 3610 3331 3739 3370; x_wconf 72' lang='grc' dir='ltr'>τινα</span> 
     </span>
    </p>
   </div>
   <div class='ocr_carea' id='block_1_80' title="bbox 2150 3401 3740 3478">
    <p class='ocr_par' dir='ltr' id='par_1_80' title="bbox 2150 3401 3740 3478">
     <span class='ocr_line' id='line_1_80' title="bbox 2150 3401 3740 3478; baseline -0.004 -22"><span class='ocrx_word' id='word_1_559' title='bbox 2150 3404 2393 3456; x_wconf 83' lang='grc' dir='ltr'>ἀτενίσαι</span> <span class='ocrx_word' id='word_1_560' title='bbox 2428 3404 2509 3466; x_wconf 81' lang='grc' dir='ltr'><strong>εἰς</strong></span> <span class='ocrx_word' id='word_1_561' title='bbox 2530 3402 2593 3455; x_wconf 91' lang='grc' dir='ltr'><strong>τὸ</strong></span> <span class='ocrx_word' id='word_1_562' title='bbox 2627 3402 2918 3474; x_wconf 86' lang='grc' dir='ltr'>πρόσωπον</span> <span class='ocrx_word' id='word_1_563' title='bbox 2946 3401 3134 3466; x_wconf 81' lang='grc' dir='ltr'>αὑτοῦ,</span> <span class='ocrx_word' id='word_1_564' title='bbox 3160 3404 3225 3456; x_wconf 87' lang='grc' dir='ltr'><strong>ἐκ</strong></span> <span class='ocrx_word' id='word_1_565' title='bbox 3254 3404 3354 3475; x_wconf 84' lang='grc' dir='ltr'><strong>τῆς</strong></span> <span class='ocrx_word' id='word_1_566' title='bbox 3380 3405 3539 3478; x_wconf 84' lang='grc' dir='ltr'>δόξης</span> <span class='ocrx_word' id='word_1_567' title='bbox 3561 3401 3630 3477; x_wconf 77' lang='grc' dir='ltr'>ἧς</span> <span class='ocrx_word' id='word_1_568' title='bbox 3655 3402 3740 3460; x_wconf 73' lang='grc' dir='ltr'><strong>εἷ-</strong></span> 
     </span>
    </p>
   </div>
   <div class='ocr_carea' id='block_1_81' title="bbox 2149 3492 2885 3565">
    <p class='ocr_par' dir='ltr' id='par_1_81' title="bbox 2149 3492 2885 3565">
     <span class='ocr_line' id='line_1_81' title="bbox 2149 3492 2885 3565; baseline 0.001 -19"><span class='ocrx_word' id='word_1_569' title='bbox 2149 3511 2243 3564; x_wconf 90' lang='grc' dir='ltr'><strong>χεν</strong></span> <span class='ocrx_word' id='word_1_570' title='bbox 2271 3494 2331 3548; x_wconf 94' lang='grc' dir='ltr'><strong>τὸ</strong></span> <span class='ocrx_word' id='word_1_571' title='bbox 2364 3494 2658 3565; x_wconf 86' lang='grc' dir='ltr'>πρόσωπον</span> <span class='ocrx_word' id='word_1_572' title='bbox 2697 3492 2885 3547; x_wconf 82' lang='grc' dir='ltr'>αὐτοῦ.</span> 
     </span>
    </p>
   </div>
   <div class='ocr_carea' id='block_1_82' title="bbox 2222 3584 3705 3659">
    <p class='ocr_par' dir='ltr' id='par_1_82' title="bbox 2222 3584 3705 3659">
     <span class='ocr_line' id='line_1_82' title="bbox 2222 3584 3705 3659; baseline -0.001 -16"><span class='ocrx_word' id='word_1_573' title='bbox 2222 3589 2286 3659; x_wconf 85' lang='grc' dir='ltr'>β’.</span> <span class='ocrx_word' id='word_1_574' title='bbox 2323 3584 2525 3642; x_wconf 88' lang='grc' dir='ltr'>Ἧλθόν</span> <span class='ocrx_word' id='word_1_575' title='bbox 2562 3604 2692 3640; x_wconf 84' lang='grc' dir='ltr'>ποτε</span> <span class='ocrx_word' id='word_1_576' title='bbox 2731 3586 2950 3656; x_wconf 76' lang='grc' dir='ltr'>ἀδελφοὶ</span> <span class='ocrx_word' id='word_1_577' title='bbox 2977 3586 3019 3619; x_wconf 83' lang='grc'><strong>³¹</strong></span> <span class='ocrx_word' id='word_1_578' title='bbox 3057 3587 3194 3659; x_wconf 87' lang='grc' dir='ltr'>πρὸς</span> <span class='ocrx_word' id='word_1_579' title='bbox 3230 3589 3323 3642; x_wconf 85' lang='grc' dir='ltr'><strong>τὸν</strong></span> <span class='ocrx_word' id='word_1_580' title='bbox 3362 3588 3536 3644; x_wconf 79' lang='grc' dir='ltr'>άδϐἄν</span> <span class='ocrx_word' id='word_1_581' title='bbox 3576 3590 3705 3659; x_wconf 87' lang='grc' dir='ltr'>Παμ</span> 
     </span>
    </p>
   </div>
   <div class='ocr_carea' id='block_1_83' title="bbox 2149 3674 3740 3751">
    <p class='ocr_par' dir='ltr' id='par_1_83' title="bbox 2149 3674 3740 3751">
     <span class='ocr_line' id='line_1_83' title="bbox 2149 3674 3740 3751; baseline 0.001 -18"><span class='ocrx_word' id='word_1_582' title='bbox 2149 3678 2252 3743; x_wconf 80' lang='grc' dir='ltr'><strong>σὼ,</strong></span> <span class='ocrx_word' id='word_1_583' title='bbox 2292 3680 2388 3732; x_wconf 80' lang='grc' dir='ltr'>καὶ</span> <span class='ocrx_word' id='word_1_584' title='bbox 2426 3678 2711 3750; x_wconf 79' lang='grc' dir='ltr'>ἠρώτησεν</span> <span class='ocrx_word' id='word_1_585' title='bbox 2744 3678 2906 3732; x_wconf 83' lang='grc' dir='ltr'>αὑτὸν</span> <span class='ocrx_word' id='word_1_586' title='bbox 2943 3681 2972 3732; x_wconf 94' lang='lat'><strong>6</strong></span> <span class='ocrx_word' id='word_1_587' title='bbox 3001 3674 3103 3744; x_wconf 75' lang='grc' dir='ltr'>εἷς,</span> <span class='ocrx_word' id='word_1_588' title='bbox 3142 3679 3340 3748; x_wconf 87' lang='grc' dir='ltr'>λέγων·</span> <span class='ocrx_word' id='word_1_589' title='bbox 3392 3679 3592 3751; x_wconf 76' lang='grc' dir='ltr'><strong>Ἀ66ἄ,</strong></span> <span class='ocrx_word' id='word_1_590' title='bbox 3621 3682 3740 3748; x_wconf 76' lang='grc' dir='ltr'><strong>ἐγω</strong></span> 
     </span>
    </p>
   </div>
   <div class='ocr_carea' id='block_1_84' title="bbox 2148 3766 3736 3842">
    <p class='ocr_par' dir='ltr' id='par_1_84' title="bbox 2148 3766 3736 3842">
     <span class='ocr_line' id='line_1_84' title="bbox 2148 3766 3736 3842; baseline 0.003 -22"><span class='ocrx_word' id='word_1_591' title='bbox 2148 3767 2240 3821; x_wconf 90' lang='grc' dir='ltr'><strong>δύο</strong></span> <span class='ocrx_word' id='word_1_592' title='bbox 2280 3766 2374 3821; x_wconf 89' lang='grc' dir='ltr'><strong>δύο</strong></span> <span class='ocrx_word' id='word_1_593' title='bbox 2421 3766 2686 3837; x_wconf 85' lang='grc' dir='ltr'>νηστεύω,</span> <span class='ocrx_word' id='word_1_594' title='bbox 2742 3767 2836 3821; x_wconf 75' lang='grc' dir='ltr'><strong>καὶ</strong></span> <span class='ocrx_word' id='word_1_595' title='bbox 2878 3766 3072 3837; x_wconf 78' lang='grc' dir='ltr'>ζεῦγος</span> <span class='ocrx_word' id='word_1_596' title='bbox 3116 3769 3348 3840; x_wconf 75' lang='grc' dir='ltr'>ψωμίων</span> <span class='ocrx_word' id='word_1_597' title='bbox 3401 3769 3585 3824; x_wconf 88' lang='grc' dir='ltr'>ἐσθίω·</span> <span class='ocrx_word' id='word_1_598' title='bbox 3621 3766 3736 3842; x_wconf 81' lang='grc' dir='ltr'>ἄρα</span> 
     </span>
    </p>
   </div>
   <div class='ocr_carea' id='block_1_85' title="bbox 2151 3856 3736 3929">
    <p class='ocr_par' dir='ltr' id='par_1_85' title="bbox 2151 3856 3736 3929">
     <span class='ocr_line' id='line_1_85' title="bbox 2151 3856 3736 3929; baseline 0.004 -20"><span class='ocrx_word' id='word_1_599' title='bbox 2151 3857 2308 3922; x_wconf 77' lang='grc' dir='ltr'>σώζω</span> <span class='ocrx_word' id='word_1_600' title='bbox 2332 3858 2431 3927; x_wconf 77' lang='grc' dir='ltr'>τὴν</span> <span class='ocrx_word' id='word_1_601' title='bbox 2459 3858 2638 3929; x_wconf 82' lang='grc' dir='ltr'>ψυχήν</span> <span class='ocrx_word' id='word_1_602' title='bbox 2672 3874 2799 3928; x_wconf 90' lang='grc' dir='ltr'>μου,</span> <span class='ocrx_word' id='word_1_603' title='bbox 2830 3858 2862 3928; x_wconf 81' lang='grc' dir='ltr'>ἢ</span> <span class='ocrx_word' id='word_1_604' title='bbox 2891 3859 3221 3929; x_wconf 83' lang='grc' dir='ltr'>πλανῶμαι;</span> <span class='ocrx_word' id='word_1_605' title='bbox 3250 3856 3421 3914; x_wconf 81' lang='grc' dir='ltr'>Εἶπεν</span> <span class='ocrx_word' id='word_1_606' title='bbox 3440 3861 3498 3914; x_wconf 81' lang='grc' dir='ltr'>δὲ</span> <span class='ocrx_word' id='word_1_607' title='bbox 3523 3861 3618 3915; x_wconf 81' lang='grc' dir='ltr'>καὶ</span> <span class='ocrx_word' id='word_1_608' title='bbox 3641 3862 3736 3916; x_wconf 75' lang='grc' dir='ltr'><strong>ἆλ-</strong></span> 
     </span>
    </p>
   </div>
   <div class='ocr_carea' id='block_1_86' title="bbox 2149 3948 3733 4026">
    <p class='ocr_par' dir='ltr' id='par_1_86' title="bbox 2149 3948 3733 4026">
     <span class='ocr_line' id='line_1_86' title="bbox 2149 3948 3733 4026; baseline 0.003 -23"><span class='ocrx_word' id='word_1_609' title='bbox 2149 3949 2258 4012; x_wconf 85' lang='grc' dir='ltr'><strong>λος·</strong></span> <span class='ocrx_word' id='word_1_610' title='bbox 2302 3949 2487 4010; x_wconf 82' lang='grc' dir='ltr'><strong>Ἀ66ἄ,</strong></span> <span class='ocrx_word' id='word_1_611' title='bbox 2516 3948 2627 4017; x_wconf 82' lang='grc' dir='ltr'>ἐγὼ</span> <span class='ocrx_word' id='word_1_612' title='bbox 2652 3950 2906 4004; x_wconf 84' lang='grc' dir='ltr'>καταλύω</span> <span class='ocrx_word' id='word_1_613' title='bbox 2930 3953 2994 4003; x_wconf 88' lang='grc' dir='ltr'><strong>ἐκ</strong></span> <span class='ocrx_word' id='word_1_614' title='bbox 3022 3951 3117 4005; x_wconf 79' lang='grc' dir='ltr'>τοῦ</span> <span class='ocrx_word' id='word_1_615' title='bbox 3156 3953 3472 4026; x_wconf 87' lang='grc' dir='ltr'>ἐργοχείρου</span> <span class='ocrx_word' id='word_1_616' title='bbox 3512 3971 3613 4023; x_wconf 92' lang='grc' dir='ltr'><strong>μου</strong></span> <span class='ocrx_word' id='word_1_617' title='bbox 3638 3954 3733 4009; x_wconf 89' lang='grc' dir='ltr'><strong>δύο</strong></span> 
     </span>
    </p>
   </div>
   <div class='ocr_carea' id='block_1_87' title="bbox 2149 4042 3730 4118">
    <p class='ocr_par' dir='ltr' id='par_1_87' title="bbox 2149 4042 3730 4118">
     <span class='ocr_line' id='line_1_87' title="bbox 2149 4042 3730 4118; baseline 0.003 -23"><span class='ocrx_word' id='word_1_618' title='bbox 2149 4043 2382 4112; x_wconf 85' lang='grc' dir='ltr'>κεράτια</span> <span class='ocrx_word' id='word_1_619' title='bbox 2402 4042 2523 4096; x_wconf 79' lang='grc' dir='ltr'>καθ’</span> <span class='ocrx_word' id='word_1_620' title='bbox 2556 4042 2789 4113; x_wconf 74' lang='grc' dir='ltr'>ἡμέραν,</span> <span class='ocrx_word' id='word_1_621' title='bbox 2821 4044 2913 4097; x_wconf 80' lang='grc' dir='ltr'>καὶ</span> <span class='ocrx_word' id='word_1_622' title='bbox 2940 4044 3128 4116; x_wconf 86' lang='grc' dir='ltr'>κρατῶ</span> <span class='ocrx_word' id='word_1_623' title='bbox 3154 4046 3325 4117; x_wconf 83' lang='grc' dir='ltr'>μικρὰ</span> <span class='ocrx_word' id='word_1_624' title='bbox 3356 4045 3444 4098; x_wconf 83' lang='grc' dir='ltr'><strong>διὰ</strong></span> <span class='ocrx_word' id='word_1_625' title='bbox 3477 4046 3574 4116; x_wconf 77' lang='grc' dir='ltr'>τὴν</span> <span class='ocrx_word' id='word_1_626' title='bbox 3607 4064 3730 4118; x_wconf 79' lang='grc' dir='ltr'>τρο-</span> 
     </span>
    </p>
   </div>
   <div class='ocr_carea' id='block_1_88' title="bbox 2149 4132 3723 4208">
    <p class='ocr_par' dir='ltr' id='par_1_88' title="bbox 2149 4132 3723 4208">
     <span class='ocr_line' id='line_1_88' title="bbox 2149 4132 3723 4208; baseline 0.003 -22"><span class='ocrx_word' id='word_1_627' title='bbox 2149 4133 2276 4205; x_wconf 81' lang='grc' dir='ltr'>φὴν,</span> <span class='ocrx_word' id='word_1_628' title='bbox 2304 4133 2374 4186; x_wconf 84' lang='grc' dir='ltr'>τὰ</span> <span class='ocrx_word' id='word_1_629' title='bbox 2411 4134 2467 4188; x_wconf 87' lang='grc' dir='ltr'>δὲ</span> <span class='ocrx_word' id='word_1_630' title='bbox 2497 4133 2632 4188; x_wconf 83' lang='grc' dir='ltr'>άλλα</span> <span class='ocrx_word' id='word_1_631' title='bbox 2668 4135 2747 4197; x_wconf 82' lang='grc' dir='ltr'>είς</span> <span class='ocrx_word' id='word_1_632' title='bbox 2780 4134 3002 4207; x_wconf 76' lang='grc' dir='ltr'>ἀγάπην</span> <span class='ocrx_word' id='word_1_633' title='bbox 3032 4135 3244 4206; x_wconf 74' lang='grc' dir='ltr'>δίδωμιο</span> <span class='ocrx_word' id='word_1_634' title='bbox 3274 4132 3386 4207; x_wconf 82' lang='grc' dir='ltr'>ἆρα</span> <span class='ocrx_word' id='word_1_635' title='bbox 3417 4136 3660 4208; x_wconf 80' lang='grc' dir='ltr'>σώζομαι</span> <span class='ocrx_word' id='word_1_636' title='bbox 3692 4139 3723 4208; x_wconf 74' lang='grc' dir='ltr'>ἢ</span> 
     </span>
    </p>
   </div>
   <div class='ocr_carea' id='block_1_89' title="bbox 2148 4226 3727 4299">
    <p class='ocr_par' dir='ltr' id='par_1_89' title="bbox 2148 4226 3727 4299">
     <span class='ocr_line' id='line_1_89' title="bbox 2148 4226 3727 4299; baseline 0.003 -20"><span class='ocrx_word' id='word_1_637' title='bbox 2148 4226 2437 4298; x_wconf 82' lang='grc' dir='ltr'>ἀπόλωμαι</span> <span class='ocrx_word' id='word_1_638' title='bbox 2457 4244 2471 4293; x_wconf 89' lang='grc'><strong>;</strong></span> <span class='ocrx_word' id='word_1_639' title='bbox 2497 4227 2674 4281; x_wconf 81' lang='grc' dir='ltr'>Πολλὰ</span> <span class='ocrx_word' id='word_1_640' title='bbox 2697 4228 2755 4281; x_wconf 81' lang='grc' dir='ltr'>δὲ</span> <span class='ocrx_word' id='word_1_641' title='bbox 2783 4228 3247 4299; x_wconf 84' lang='grc' dir='ltr'>παρακαλούντων</span> <span class='ocrx_word' id='word_1_642' title='bbox 3269 4230 3469 4296; x_wconf 81' lang='grc' dir='ltr'>αὐτῶν,</span> <span class='ocrx_word' id='word_1_643' title='bbox 3491 4231 3589 4283; x_wconf 78' lang='grc' dir='ltr'><strong>οὐκ</strong></span> <span class='ocrx_word' id='word_1_644' title='bbox 3607 4231 3727 4284; x_wconf 78' lang='grc' dir='ltr'>ἔδω-</span> 
     </span>
    </p>
   </div>
   <div class='ocr_carea' id='block_1_90' title="bbox 2147 4319 3722 4394">
    <p class='ocr_par' dir='ltr' id='par_1_90' title="bbox 2147 4319 3722 4394">
     <span class='ocr_line' id='line_1_90' title="bbox 2147 4319 3722 4394; baseline 0.002 -22"><span class='ocrx_word' id='word_1_645' title='bbox 2147 4336 2242 4373; x_wconf 85' lang='grc' dir='ltr'><strong>κεν</strong></span> <span class='ocrx_word' id='word_1_646' title='bbox 2283 4319 2597 4390; x_wconf 85' lang='grc' dir='ltr'>ἀπόκρισιν.</span> <span class='ocrx_word' id='word_1_647' title='bbox 2643 4321 2797 4375; x_wconf 86' lang='grc' dir='ltr'>Μετὰ</span> <span class='ocrx_word' id='word_1_648' title='bbox 2848 4320 2905 4374; x_wconf 84' lang='grc' dir='ltr'>δὲ</span> <span class='ocrx_word' id='word_1_649' title='bbox 2952 4323 3219 4393; x_wconf 87' lang='grc' dir='ltr'>τέσσαρας</span> <span class='ocrx_word' id='word_1_650' title='bbox 3257 4323 3474 4394; x_wconf 80' lang='grc' dir='ltr'>ἡμέρας</span> <span class='ocrx_word' id='word_1_651' title='bbox 3514 4324 3722 4393; x_wconf 79' lang='grc' dir='ltr'>ἔχουσιν</span> 
     </span>
    </p>
   </div>
   <div class='ocr_carea' id='block_1_91' title="bbox 2149 4411 3725 4487">
    <p class='ocr_par' dir='ltr' id='par_1_91' title="bbox 2149 4411 3725 4487">
     <span class='ocr_line' id='line_1_91' title="bbox 2149 4411 3725 4487; baseline 0.003 -24"><span class='ocrx_word' id='word_1_652' title='bbox 2149 4412 2523 4483; x_wconf 80' lang='grc' dir='ltr'>ἀναχωρῆσαι,</span> <span class='ocrx_word' id='word_1_653' title='bbox 2556 4413 2651 4466; x_wconf 80' lang='grc' dir='ltr'>καὶ</span> <span class='ocrx_word' id='word_1_654' title='bbox 2679 4411 3024 4484; x_wconf 83' lang='grc' dir='ltr'>παρεκάλουν</span> <span class='ocrx_word' id='word_1_655' title='bbox 3051 4414 3249 4476; x_wconf 78' lang='grc' dir='ltr'>αὐτοὺς</span> <span class='ocrx_word' id='word_1_656' title='bbox 3276 4416 3326 4467; x_wconf 90' lang='grc' dir='ltr'>οἱ</span> <span class='ocrx_word' id='word_1_657' title='bbox 3353 4415 3618 4487; x_wconf 77' lang='grc' dir='ltr'>κληρικοὶ,</span> <span class='ocrx_word' id='word_1_658' title='bbox 3642 4413 3725 4467; x_wconf 82' lang='grc' dir='ltr'><strong>λέ-</strong></span> 
     </span>
    </p>
   </div>
   <div class='ocr_carea' id='block_1_92' title="bbox 468 4499 2046 4580">
    <p class='ocr_par' dir='ltr' id='par_1_92' title="bbox 468 4499 2046 4571">
     <span class='ocr_line' id='line_1_92' title="bbox 468 4499 2046 4571; baseline 0.001 -15"><span class='ocrx_word' id='word_1_659' title='bbox 468 4499 655 4556; x_wconf 76' lang='lat' dir='ltr'><strong>Nolite</strong></span> <span class='ocrx_word' id='word_1_660' title='bbox 702 4501 1044 4565; x_wconf 84' lang='lat' dir='ltr'><strong>contristari.</strong></span> <span class='ocrx_word' id='word_1_661' title='bbox 1082 4500 1317 4567; x_wconf 89' lang='lat' dir='ltr'><strong>fratres;</strong></span> <span class='ocrx_word' id='word_1_662' title='bbox 1376 4500 1520 4557; x_wconf 90' lang='lat' dir='ltr'><strong>Deus</strong></span> <span class='ocrx_word' id='word_1_663' title='bbox 1578 4502 1736 4557; x_wconf 75' lang='lat' dir='ltr'><strong>vobis</strong></span> <span class='ocrx_word' id='word_1_664' title='bbox 1783 4502 2046 4571; x_wconf 66' lang='lat' dir='ltr'><strong>praebebit</strong></span> 
     </span>
    </p>
   </div>
   <div class='ocr_carea' id='block_1_93' title="bbox 2154 4499 3725 4580">
    <p class='ocr_par' dir='ltr' id='par_1_93' title="bbox 2154 4502 3725 4580">
     <span class='ocr_line' id='line_1_93' title="bbox 2154 4502 3725 4580; baseline 0.004 -25"><span class='ocrx_word' id='word_1_665' title='bbox 2154 4519 2361 4570; x_wconf 71' lang='grc' dir='ltr'>γοντεςο</span> <span class='ocrx_word' id='word_1_666' title='bbox 2393 4502 2485 4574; x_wconf 84' lang='grc' dir='ltr'><strong>Μὴ</strong></span> <span class='ocrx_word' id='word_1_667' title='bbox 2519 4503 2761 4575; x_wconf 77' lang='grc' dir='ltr'>θλιόῆτε,</span> <span class='ocrx_word' id='word_1_668' title='bbox 2808 4503 3045 4573; x_wconf 86' lang='grc' dir='ltr'>ἀδελφοί·</span> <span class='ocrx_word' id='word_1_669' title='bbox 3080 4505 3108 4557; x_wconf 93' lang='lat'><strong>6</strong></span> <span class='ocrx_word' id='word_1_670' title='bbox 3147 4505 3281 4570; x_wconf 79' lang='grc' dir='ltr'>Θεὸς</span> <span class='ocrx_word' id='word_1_671' title='bbox 3323 4508 3549 4580; x_wconf 86' lang='grc' dir='ltr'>παρέχει</span> <span class='ocrx_word' id='word_1_672' title='bbox 3597 4509 3725 4579; x_wconf 76' lang='grc' dir='ltr'>ὑμῖν</span> 
     </span>
    </p>
   </div>
   <div class='ocr_carea' id='block_1_94' title="bbox 474 4592 2044 4659">
    <p class='ocr_par' dir='ltr' id='par_1_94' title="bbox 474 4592 2044 4659">
     <span class='ocr_line' id='line_1_94' title="bbox 474 4592 2044 4659; baseline 0.003 -12"><span class='ocrx_word' id='word_1_673' title='bbox 474 4594 811 4649; x_wconf 81' lang='lat' dir='ltr'><strong>mercedem:</strong></span> <span class='ocrx_word' id='word_1_674' title='bbox 845 4593 962 4649; x_wconf 83' lang='lat' dir='ltr'><strong>haec</strong></span> <span class='ocrx_word' id='word_1_675' title='bbox 1001 4602 1088 4649; x_wconf 87' lang='lat' dir='ltr'><strong>est</strong></span> <span class='ocrx_word' id='word_1_676' title='bbox 1135 4595 1282 4649; x_wconf 89' lang='lat' dir='ltr'><strong>senis</strong></span> <span class='ocrx_word' id='word_1_677' title='bbox 1329 4592 1700 4659; x_wconf 86' lang='lat' dir='ltr'><strong>consuetudo;</strong></span> <span class='ocrx_word' id='word_1_678' title='bbox 1737 4608 1846 4649; x_wconf 82' lang='lat' dir='ltr'><strong>non</strong></span> <span class='ocrx_word' id='word_1_679' title='bbox 1884 4594 2044 4651; x_wconf 89' lang='lat' dir='ltr'><strong>facile</strong></span> 
     </span>
    </p>
   </div>
   <div class='ocr_carea' id='block_1_95' title="bbox 471 4683 2045 4757">
    <p class='ocr_par' dir='ltr' id='par_1_95' title="bbox 471 4683 2045 4757">
     <span class='ocr_line' id='line_1_95' title="bbox 471 4683 2045 4757; baseline 0 -17"><span class='ocrx_word' id='word_1_680' title='bbox 471 4686 735 4757; x_wconf 87' lang='lat' dir='ltr'><strong>loquitur,</strong></span> <span class='ocrx_word' id='word_1_681' title='bbox 767 4686 875 4742; x_wconf 91' lang='lat' dir='ltr'><strong>nisi</strong></span> <span class='ocrx_word' id='word_1_682' title='bbox 909 4685 1053 4741; x_wconf 78' lang='lat' dir='ltr'><strong>Deus</strong></span> <span class='ocrx_word' id='word_1_683' title='bbox 1079 4686 1129 4740; x_wconf 89' lang='lat' dir='ltr'><strong>ei</strong></span> <span class='ocrx_word' id='word_1_684' title='bbox 1172 4685 1544 4755; x_wconf 89' lang='lat' dir='ltr'><strong>inspiraverit.</strong></span> <span class='ocrx_word' id='word_1_685' title='bbox 1593 4683 1939 4742; x_wconf 83' lang='lat' dir='ltr'><strong>Intraverunt</strong></span> <span class='ocrx_word' id='word_1_686' title='bbox 1956 4702 2045 4741; x_wconf 81' lang='lat' dir='ltr'><strong>er-</strong></span> 
     </span>
    </p>
   </div>
   <div class='ocr_carea' id='block_1_96' title="bbox 470 4775 2041 4849">
    <p class='ocr_par' dir='ltr' id='par_1_96' title="bbox 470 4775 2041 4849">
     <span class='ocr_line' id='line_1_96' title="bbox 470 4775 2041 4849; baseline 0.001 -17"><span class='ocrx_word' id='word_1_687' title='bbox 470 4793 539 4849; x_wconf 83' lang='lat' dir='ltr'><strong>go</strong></span> <span class='ocrx_word' id='word_1_688' title='bbox 569 4776 637 4831; x_wconf 89' lang='lat' dir='ltr'><strong>ad</strong></span> <span class='ocrx_word' id='word_1_689' title='bbox 659 4792 867 4842; x_wconf 89' lang='lat' dir='ltr'><strong>senem,</strong></span> <span class='ocrx_word' id='word_1_690' title='bbox 894 4775 1263 4845; x_wconf 83' lang='lat' dir='ltr'><strong>dixeruntque</strong></span> <span class='ocrx_word' id='word_1_691' title='bbox 1287 4777 1337 4829; x_wconf 90' lang='lat' dir='ltr'><strong>ei</strong></span> <span class='ocrx_word' id='word_1_692' title='bbox 1363 4795 1376 4830; x_wconf 90' lang='lat'><strong>:</strong></span> <span class='ocrx_word' id='word_1_693' title='bbox 1408 4775 1582 4839; x_wconf 83' lang='lat' dir='ltr'><strong>Abba,</strong></span> <span class='ocrx_word' id='word_1_694' title='bbox 1612 4790 1708 4830; x_wconf 90' lang='lat' dir='ltr'><strong>ora</strong></span> <span class='ocrx_word' id='word_1_695' title='bbox 1738 4792 1836 4846; x_wconf 90' lang='lat' dir='ltr'><strong>pro</strong></span> <span class='ocrx_word' id='word_1_696' title='bbox 1862 4776 2041 4833; x_wconf 89' lang='lat' dir='ltr'><strong>nobis.</strong></span> 
     </span>
    </p>
   </div>
   <div class='ocr_carea' id='block_1_97' title="bbox 469 4865 2041 4936">
    <p class='ocr_par' dir='ltr' id='par_1_97' title="bbox 469 4865 2041 4936">
     <span class='ocr_line' id='line_1_97' title="bbox 469 4865 2041 4936; baseline 0 -12"><span class='ocrx_word' id='word_1_697' title='bbox 469 4871 588 4925; x_wconf 73' lang='lat' dir='ltr'><strong>Ait:</strong></span> <span class='ocrx_word' id='word_1_698' title='bbox 630 4870 794 4923; x_wconf 78' lang='lat' dir='ltr'><strong>Abire</strong></span> <span class='ocrx_word' id='word_1_699' title='bbox 841 4867 1040 4922; x_wconf 85' lang='lat' dir='ltr'><strong>vultis?</strong></span> <span class='ocrx_word' id='word_1_700' title='bbox 1084 4866 1440 4936; x_wconf 77' lang='lat' dir='ltr'><strong>Respondent</strong></span> <span class='ocrx_word' id='word_1_701' title='bbox 1476 4885 1488 4921; x_wconf 90' lang='lat'><strong>:</strong></span> <span class='ocrx_word' id='word_1_702' title='bbox 1549 4865 1748 4922; x_wconf 88' lang='lat' dir='ltr'><strong>Etiam.</strong></span> <span class='ocrx_word' id='word_1_703' title='bbox 1783 4866 1850 4922; x_wconf 88' lang='lat' dir='ltr'><strong>Et</strong></span> <span class='ocrx_word' id='word_1_704' title='bbox 1883 4883 2041 4924; x_wconf 89' lang='lat' dir='ltr'><strong>assu-</strong></span> 
     </span>
    </p>
   </div>
   <div class='ocr_carea' id='block_1_98' title="bbox 472 4956 2037 5029">
    <p class='ocr_par' dir='ltr' id='par_1_98' title="bbox 472 4956 2037 5029">
     <span class='ocr_line' id='line_1_98' title="bbox 472 4956 2037 5029; baseline 0.001 -15"><span class='ocrx_word' id='word_1_705' title='bbox 472 4975 625 5023; x_wconf 79' lang='lat' dir='ltr'><strong>mens</strong></span> <span class='ocrx_word' id='word_1_706' title='bbox 648 4972 813 5028; x_wconf 88' lang='lat' dir='ltr'><strong>opera</strong></span> <span class='ocrx_word' id='word_1_707' title='bbox 833 4971 1024 5013; x_wconf 89' lang='lat' dir='ltr'><strong>eorum</strong></span> <span class='ocrx_word' id='word_1_708' title='bbox 1055 4956 1109 5010; x_wconf 91' lang='lat' dir='ltr'><strong>in</strong></span> <span class='ocrx_word' id='word_1_709' title='bbox 1142 4957 1347 5028; x_wconf 89' lang='lat' dir='ltr'><strong>seipso,</strong></span> <span class='ocrx_word' id='word_1_710' title='bbox 1384 4957 1745 5029; x_wconf 80' lang='lat' dir='ltr'><strong>scribensque</strong></span> <span class='ocrx_word' id='word_1_711' title='bbox 1774 4959 1829 5014; x_wconf 91' lang='lat' dir='ltr'><strong>in</strong></span> <span class='ocrx_word' id='word_1_712' title='bbox 1871 4970 2037 5027; x_wconf 88' lang='lat' dir='ltr'><strong>terra,</strong></span> 
     </span>
    </p>
   </div>
   <div class='ocr_carea' id='block_1_99' title="bbox 463 5047 2043 5122">
    <p class='ocr_par' dir='ltr' id='par_1_99' title="bbox 463 5047 2043 5122">
     <span class='ocr_line' id='line_1_99' title="bbox 463 5047 2043 5122; baseline 0.001 -17"><span class='ocrx_word' id='word_1_713' title='bbox 463 5052 635 5106; x_wconf 77' lang='lat' dir='ltr'><strong>dixit:</strong></span> <span class='ocrx_word' id='word_1_714' title='bbox 656 5049 875 5105; x_wconf 77' lang='lat' dir='ltr'><strong>Pambo</strong></span> <span class='ocrx_word' id='word_1_715' title='bbox 931 5064 1027 5120; x_wconf 85' lang='lat' dir='ltr'><strong>per</strong></span> <span class='ocrx_word' id='word_1_716' title='bbox 1049 5047 1216 5103; x_wconf 77' lang='lat' dir='ltr'><strong>bidua</strong></span> <span class='ocrx_word' id='word_1_717' title='bbox 1244 5049 1478 5119; x_wconf 86' lang='lat' dir='ltr'><strong>jejunat,</strong></span> <span class='ocrx_word' id='word_1_718' title='bbox 1510 5061 1564 5105; x_wconf 92' lang='lat' dir='ltr'><strong>et</strong></span> <span class='ocrx_word' id='word_1_719' title='bbox 1584 5051 1725 5105; x_wconf 92' lang='lat' dir='ltr'><strong>duos</strong></span> <span class='ocrx_word' id='word_1_720' title='bbox 1748 5066 1921 5122; x_wconf 85' lang='lat' dir='ltr'><strong>panes</strong></span> <span class='ocrx_word' id='word_1_721' title='bbox 1955 5066 2043 5107; x_wconf 82' lang='lat' dir='ltr'><strong>co-</strong></span> 
     </span>
    </p>
   </div>
   <div class='ocr_carea' id='block_1_100' title="bbox 471 5138 2039 5208">
    <p class='ocr_par' dir='ltr' id='par_1_100' title="bbox 471 5138 2039 5208">
     <span class='ocr_line' id='line_1_100' title="bbox 471 5138 2039 5208; baseline 0.002 -12"><span class='ocrx_word' id='word_1_722' title='bbox 471 5141 672 5208; x_wconf 85' lang='lat' dir='ltr'><strong>medit;</strong></span> <span class='ocrx_word' id='word_1_723' title='bbox 719 5151 874 5197; x_wconf 84' lang='lat' dir='ltr'><strong>estne</strong></span> <span class='ocrx_word' id='word_1_724' title='bbox 897 5140 951 5193; x_wconf 91' lang='lat' dir='ltr'><strong>in</strong></span> <span class='ocrx_word' id='word_1_725' title='bbox 981 5139 1086 5194; x_wconf 89' lang='lat' dir='ltr'><strong>hoc</strong></span> <span class='ocrx_word' id='word_1_726' title='bbox 1117 5140 1453 5194; x_wconf 86' lang='lat' dir='ltr'><strong>monachus?</strong></span> <span class='ocrx_word' id='word_1_727' title='bbox 1482 5138 1621 5195; x_wconf 83' lang='lat' dir='ltr'><strong>Non.</strong></span> <span class='ocrx_word' id='word_1_728' title='bbox 1671 5142 1800 5198; x_wconf 88' lang='lat' dir='ltr'><strong>Item</strong></span> <span class='ocrx_word' id='word_1_729' title='bbox 1832 5141 2039 5199; x_wconf 86' lang='lat' dir='ltr'><strong>Pambo</strong></span> 
     </span>
    </p>
   </div>
   <div class='ocr_carea' id='block_1_101' title="bbox 539 5291 1553 5366">
    <p class='ocr_par' dir='ltr' id='par_1_101' title="bbox 539 5291 1553 5366">
     <span class='ocr_line' id='line_1_101' title="bbox 539 5291 1553 5366; baseline 0.004 -20"><span class='ocrx_word' id='word_1_730' title='bbox 539 5296 584 5327; x_wconf 80' lang='lat'>”</span> <span class='ocrx_word' id='word_1_731' title='bbox 614 5295 696 5348; x_wconf 78' lang='lat' dir='ltr'><strong>Al.</strong></span> <span class='ocrx_word' id='word_1_732' title='bbox 722 5298 816 5349; x_wconf 71' lang='grc' dir='ltr'>καὶ</span> <span class='ocrx_word' id='word_1_733' title='bbox 840 5295 936 5359; x_wconf 82' lang='grc' dir='ltr'><strong>ὡς.</strong></span> <span class='ocrx_word' id='word_1_734' title='bbox 1015 5293 1059 5326; x_wconf 83' lang='grc'><strong>³⁸</strong></span> <span class='ocrx_word' id='word_1_735' title='bbox 1090 5291 1149 5348; x_wconf 81' lang='lat' dir='ltr'><strong>F.</strong></span> <span class='ocrx_word' id='word_1_736' title='bbox 1192 5294 1316 5366; x_wconf 81' lang='grc' dir='ltr'>τρία</span> <span class='ocrx_word' id='word_1_737' title='bbox 1362 5294 1553 5350; x_wconf 78' lang='grc' dir='ltr'>ταῦτα.</span> 
     </span>
    </p>
   </div>
   <div class='ocr_carea' id='block_1_102' title="bbox 543 5409 1456 5483">
    <p class='ocr_par' dir='ltr' id='par_1_102' title="bbox 543 5409 1456 5483">
     <span class='ocr_line' id='line_1_102' title="bbox 543 5409 1456 5483; baseline 0.003 -19"><span class='ocrx_word' id='word_1_738' title='bbox 543 5410 651 5483; x_wconf 77' lang='grc'><strong>(96)</strong></span> <span class='ocrx_word' id='word_1_739' title='bbox 701 5409 817 5483; x_wconf 50' lang='grc' dir='ltr'>γει.</span> <span class='ocrx_word' id='word_1_740' title='bbox 836 5409 1068 5483; x_wconf 81' lang='lat' dir='ltr'><strong>Patr.p.</strong></span> <span class='ocrx_word' id='word_1_741' title='bbox 1115 5414 1272 5475; x_wconf 74' lang='lat'><strong>1000,</strong></span> <span class='ocrx_word' id='word_1_742' title='bbox 1315 5431 1367 5467; x_wconf 86' lang='grc' dir='ltr'>η.</span> <span class='ocrx_word' id='word_1_743' title='bbox 1404 5416 1456 5468; x_wconf 72' lang='grc'>4.</span> 
     </span>
    </p>
   </div>
   <div class='ocr_carea' id='block_1_103' title="bbox 543 5481 1525 5548">
    <p class='ocr_par' dir='ltr' id='par_1_103' title="bbox 543 5481 1525 5548">
     <span class='ocr_line' id='line_1_103' title="bbox 543 5481 1525 5548; baseline 0 -12"><span class='ocrx_word' id='word_1_744' title='bbox 543 5482 653 5548; x_wconf 78' lang='lat'><strong>(97)</strong></span> <span class='ocrx_word' id='word_1_745' title='bbox 696 5482 755 5532; x_wconf 84' lang='lat' dir='ltr'><strong>L.</strong></span> <span class='ocrx_word' id='word_1_746' title='bbox 791 5481 948 5536; x_wconf 79' lang='lat' dir='ltr'><strong>Joan.</strong></span> <span class='ocrx_word' id='word_1_747' title='bbox 975 5481 1163 5537; x_wconf 78' lang='lat' dir='ltr'><strong>Geom.</strong></span> <span class='ocrx_word' id='word_1_748' title='bbox 1201 5484 1402 5537; x_wconf 76' lang='lat' dir='ltr'><strong>Parad.</strong></span> <span class='ocrx_word' id='word_1_749' title='bbox 1434 5486 1525 5539; x_wconf 70' lang='lat'><strong>20.</strong></span> 
     </span>
    </p>
   </div>
   <div class='ocr_carea' id='block_1_104' title="bbox 545 5549 1188 5611">
    <p class='ocr_par' dir='ltr' id='par_1_104' title="bbox 545 5549 1188 5611">
     <span class='ocr_line' id='line_1_104' title="bbox 545 5549 1188 5611; baseline 0.009 -10"><span class='ocrx_word' id='word_1_750' title='bbox 545 5552 656 5611; x_wconf 76' lang='grc'><strong>(98)</strong></span> <span class='ocrx_word' id='word_1_751' title='bbox 710 5549 810 5602; x_wconf 77' lang='lat' dir='ltr'><strong>Vit.</strong></span> <span class='ocrx_word' id='word_1_752' title='bbox 839 5551 986 5605; x_wconf 86' lang='lat' dir='ltr'><strong>Patr.</strong></span> <span class='ocrx_word' id='word_1_753' title='bbox 1014 5570 1068 5609; x_wconf 74' lang='grc' dir='ltr'><strong>χ.</strong></span> <span class='ocrx_word' id='word_1_754' title='bbox 1102 5555 1188 5607; x_wconf 83' lang='grc'><strong>65.</strong></span> 
     </span>
    </p>
   </div>
   <div class='ocr_carea' id='block_1_105' title="bbox 541 5619 2028 5700">
    <p class='ocr_par' dir='ltr' id='par_1_105' title="bbox 541 5619 2028 5700">
     <span class='ocr_line' id='line_1_105' title="bbox 541 5619 2028 5700; baseline 0.004 -27"><span class='ocrx_word' id='word_1_755' title='bbox 541 5620 649 5690; x_wconf 75' lang='lat'><strong>(99)</strong></span> <span class='ocrx_word' id='word_1_756' title='bbox 700 5619 1069 5700; x_wconf 56' lang='grc' dir='ltr'>Ἔχρήοξατςζο</span> <span class='ocrx_word' id='word_1_757' title='bbox 1098 5622 1509 5700; x_wconf 43' lang='grc' dir='ltr'><strong>τιῇ-άετοτοεμίᾳἷ</strong></span> <span class='ocrx_word' id='word_1_758' title='bbox 1549 5624 1604 5678; x_wconf 87' lang='lat' dir='ltr'><strong>In</strong></span> <span class='ocrx_word' id='word_1_759' title='bbox 1652 5626 2028 5700; x_wconf 67' lang='lat' dir='ltr'><strong>antiqtla_ver-</strong></span> 
     </span>
    </p>
   </div>
   <div class='ocr_carea' id='block_1_106' title="bbox 2149 4594 3723 4669">
    <p class='ocr_par' dir='ltr' id='par_1_106' title="bbox 2149 4594 3723 4669">
     <span class='ocr_line' id='line_1_106' title="bbox 2149 4594 3723 4669; baseline 0.006 -23"><span class='ocrx_word' id='word_1_760' title='bbox 2149 4595 2240 4647; x_wconf 90' lang='grc' dir='ltr'><strong>τὸν</strong></span> <span class='ocrx_word' id='word_1_761' title='bbox 2267 4594 2477 4664; x_wconf 86' lang='grc' dir='ltr'>μισθόν·</span> <span class='ocrx_word' id='word_1_762' title='bbox 2501 4594 2675 4659; x_wconf 75' lang='grc' dir='ltr'>οὕτως</span> <span class='ocrx_word' id='word_1_763' title='bbox 2710 4596 2858 4650; x_wconf 78' lang='grc' dir='ltr'>ἐστὶν</span> <span class='ocrx_word' id='word_1_764' title='bbox 2893 4598 2926 4668; x_wconf 79' lang='grc' dir='ltr'>ἡ</span> <span class='ocrx_word' id='word_1_765' title='bbox 2958 4596 3216 4669; x_wconf 85' lang='grc' dir='ltr'>συνήθεια</span> <span class='ocrx_word' id='word_1_766' title='bbox 3243 4598 3336 4651; x_wconf 83' lang='grc' dir='ltr'>τοῦ</span> <span class='ocrx_word' id='word_1_767' title='bbox 3360 4600 3632 4669; x_wconf 76' lang='grc' dir='ltr'>γέροντοςο</span> <span class='ocrx_word' id='word_1_768' title='bbox 3664 4601 3723 4655; x_wconf 84' lang='grc' dir='ltr'>ού</span> 
     </span>
    </p>
   </div>
   <div class='ocr_carea' id='block_1_107' title="bbox 2147 4686 3723 4761">
    <p class='ocr_par' dir='ltr' id='par_1_107' title="bbox 2147 4686 3723 4761">
     <span class='ocr_line' id='line_1_107' title="bbox 2147 4686 3723 4761; baseline 0.006 -22"><span class='ocrx_word' id='word_1_769' title='bbox 2147 4686 2355 4755; x_wconf 89' lang='grc' dir='ltr'>ταχέως</span> <span class='ocrx_word' id='word_1_770' title='bbox 2388 4687 2562 4755; x_wconf 82' lang='grc' dir='ltr'>λαλεῖ,</span> <span class='ocrx_word' id='word_1_771' title='bbox 2613 4687 2708 4741; x_wconf 80' lang='grc' dir='ltr'>ἐὰν</span> <span class='ocrx_word' id='word_1_772' title='bbox 2746 4688 2821 4759; x_wconf 83' lang='grc' dir='ltr'>μὴ</span> <span class='ocrx_word' id='word_1_773' title='bbox 2851 4688 3241 4761; x_wconf 81' lang='grc' dir='ltr'>πληροφορήσῃ</span> <span class='ocrx_word' id='word_1_774' title='bbox 3288 4691 3451 4744; x_wconf 76' lang='grc' dir='ltr'>αὑτὸν</span> <span class='ocrx_word' id='word_1_775' title='bbox 3497 4694 3526 4746; x_wconf 93' lang='lat'><strong>6</strong></span> <span class='ocrx_word' id='word_1_776' title='bbox 3568 4693 3723 4757; x_wconf 84' lang='grc' dir='ltr'>Θεός.</span> 
     </span>
    </p>
   </div>
   <div class='ocr_carea' id='block_1_108' title="bbox 2149 4775 3723 4852">
    <p class='ocr_par' dir='ltr' id='par_1_108' title="bbox 2149 4775 3723 4852">
     <span class='ocr_line' id='line_1_108' title="bbox 2149 4775 3723 4852; baseline 0.004 -23"><span class='ocrx_word' id='word_1_777' title='bbox 2149 4776 2411 4847; x_wconf 83' lang='grc' dir='ltr'>Είοῆλθον</span> <span class='ocrx_word' id='word_1_778' title='bbox 2461 4775 2554 4832; x_wconf 83' lang='grc' dir='ltr'>οὖν</span> <span class='ocrx_word' id='word_1_779' title='bbox 2605 4778 2741 4849; x_wconf 82' lang='grc' dir='ltr'>πρὸς</span> <span class='ocrx_word' id='word_1_780' title='bbox 2779 4777 2870 4831; x_wconf 89' lang='grc' dir='ltr'><strong>τὸν</strong></span> <span class='ocrx_word' id='word_1_781' title='bbox 2908 4779 3169 4849; x_wconf 81' lang='grc' dir='ltr'>γέροντα,</span> <span class='ocrx_word' id='word_1_782' title='bbox 3215 4780 3309 4832; x_wconf 79' lang='grc' dir='ltr'>καὶ</span> <span class='ocrx_word' id='word_1_783' title='bbox 3356 4777 3511 4834; x_wconf 84' lang='grc' dir='ltr'>εἷπον</span> <span class='ocrx_word' id='word_1_784' title='bbox 3553 4782 3723 4852; x_wconf 75' lang='grc' dir='ltr'>αὐτῷ’</span> 
     </span>
    </p>
   </div>
   <div class='ocr_carea' id='block_1_109' title="bbox 2160 4865 3726 4941">
    <p class='ocr_par' dir='ltr' id='par_1_109' title="bbox 2160 4865 3726 4941">
     <span class='ocr_line' id='line_1_109' title="bbox 2160 4865 3726 4941; baseline 0.003 -20"><span class='ocrx_word' id='word_1_785' title='bbox 2160 4868 2347 4933; x_wconf 75' lang='grc' dir='ltr'>Ἀ66ᾶ,</span> <span class='ocrx_word' id='word_1_786' title='bbox 2384 4865 2538 4935; x_wconf 80' lang='grc' dir='ltr'>εὖξαι</span> <span class='ocrx_word' id='word_1_787' title='bbox 2582 4869 2723 4941; x_wconf 83' lang='grc' dir='ltr'>ὑπὲρ</span> <span class='ocrx_word' id='word_1_788' title='bbox 2764 4869 2945 4941; x_wconf 81' lang='grc' dir='ltr'>ἡμῶν.</span> <span class='ocrx_word' id='word_1_789' title='bbox 2986 4870 3148 4938; x_wconf 85' lang='grc' dir='ltr'>Λέγει</span> <span class='ocrx_word' id='word_1_790' title='bbox 3192 4871 3395 4934; x_wconf 84' lang='grc' dir='ltr'>αὐτοῖς·</span> <span class='ocrx_word' id='word_1_791' title='bbox 3447 4872 3726 4927; x_wconf 77' lang='grc' dir='ltr'>’Δπελθεῖν</span> 
     </span>
    </p>
   </div>
   <div class='ocr_carea' id='block_1_110' title="bbox 2148 4960 3728 5035">
    <p class='ocr_par' dir='ltr' id='par_1_110' title="bbox 2148 4960 3728 5035">
     <span class='ocr_line' id='line_1_110' title="bbox 2148 4960 3728 5035; baseline 0.001 -20"><span class='ocrx_word' id='word_1_792' title='bbox 2148 4961 2361 5028; x_wconf 80' lang='grc' dir='ltr'>θέλετε;</span> <span class='ocrx_word' id='word_1_793' title='bbox 2406 4963 2668 5030; x_wconf 69' lang='grc' dir='ltr'>Λέγουσι*</span> <span class='ocrx_word' id='word_1_794' title='bbox 2716 4961 2846 5014; x_wconf 83' lang='grc' dir='ltr'>Ναί.</span> <span class='ocrx_word' id='word_1_795' title='bbox 2889 4960 3001 5015; x_wconf 76' lang='grc' dir='ltr'><strong>Καὶ</strong></span> <span class='ocrx_word' id='word_1_796' title='bbox 3033 4961 3317 5017; x_wconf 79' lang='grc' dir='ltr'>άναλαὸὼν</span> <span class='ocrx_word' id='word_1_797' title='bbox 3362 4963 3462 5027; x_wconf 83' lang='grc' dir='ltr'>τὰς</span> <span class='ocrx_word' id='word_1_798' title='bbox 3498 4964 3728 5035; x_wconf 77' lang='grc' dir='ltr'>πράξεις</span> 
     </span>
    </p>
   </div>
   <div class='ocr_carea' id='block_1_111' title="bbox 2144 5053 3730 5127">
    <p class='ocr_par' dir='ltr' id='par_1_111' title="bbox 2144 5053 3730 5127">
     <span class='ocr_line' id='line_1_111' title="bbox 2144 5053 3730 5127; baseline 0.001 -19"><span class='ocrx_word' id='word_1_799' title='bbox 2144 5055 2325 5109; x_wconf 84' lang='grc' dir='ltr'>αὐτῶν</span> <span class='ocrx_word' id='word_1_800' title='bbox 2347 5056 2404 5108; x_wconf 86' lang='grc' dir='ltr'>ὲν</span> <span class='ocrx_word' id='word_1_801' title='bbox 2431 5054 2630 5125; x_wconf 82' lang='grc' dir='ltr'>ἐαυτῷ,</span> <span class='ocrx_word' id='word_1_802' title='bbox 2656 5054 2883 5127; x_wconf 86' lang='grc' dir='ltr'>γράφων</span> <span class='ocrx_word' id='word_1_803' title='bbox 2914 5053 3007 5106; x_wconf 80' lang='grc' dir='ltr'><strong>ἐπὶ</strong></span> <span class='ocrx_word' id='word_1_804' title='bbox 3044 5054 3143 5125; x_wconf 83' lang='grc' dir='ltr'>τὴν</span> <span class='ocrx_word' id='word_1_805' title='bbox 3168 5055 3297 5126; x_wconf 85' lang='grc' dir='ltr'>γῆν,</span> <span class='ocrx_word' id='word_1_806' title='bbox 3325 5055 3530 5125; x_wconf 72' lang='grc' dir='ltr'>ἐλεγεψ</span> <span class='ocrx_word' id='word_1_807' title='bbox 3568 5057 3730 5127; x_wconf 86' lang='grc' dir='ltr'>Παμ-</span> 
     </span>
    </p>
   </div>
   <div class='ocr_carea' id='block_1_112' title="bbox 2146 5144 3724 5219">
    <p class='ocr_par' dir='ltr' id='par_1_112' title="bbox 2146 5144 3724 5219">
     <span class='ocr_line' id='line_1_112' title="bbox 2146 5144 3724 5219; baseline 0.001 -21"><span class='ocrx_word' id='word_1_808' title='bbox 2146 5145 2225 5199; x_wconf 79' lang='grc' dir='ltr'><strong>ϐὼ</strong></span> <span class='ocrx_word' id='word_1_809' title='bbox 2281 5145 2373 5199; x_wconf 88' lang='grc' dir='ltr'><strong>δύο</strong></span> <span class='ocrx_word' id='word_1_810' title='bbox 2404 5146 2496 5199; x_wconf 87' lang='grc' dir='ltr'><strong>δύο</strong></span> <span class='ocrx_word' id='word_1_811' title='bbox 2535 5144 2833 5218; x_wconf 79' lang='grc' dir='ltr'>νηστεύων,</span> <span class='ocrx_word' id='word_1_812' title='bbox 2877 5144 2971 5198; x_wconf 60' lang='grc' dir='ltr'><strong>καὶ⁵</strong></span> <span class='ocrx_word' id='word_1_813' title='bbox 3006 5144 3202 5216; x_wconf 82' lang='grc' dir='ltr'>ζεῦγος</span> <span class='ocrx_word' id='word_1_814' title='bbox 3235 5147 3430 5203; x_wconf 87' lang='grc' dir='ltr'>ἐσθίων</span> <span class='ocrx_word' id='word_1_815' title='bbox 3465 5148 3724 5219; x_wconf 75' lang='grc' dir='ltr'>ψωμίωνο</span> 
     </span>
    </p>
   </div>
   <div class='ocr_carea' id='block_1_113' title="bbox 1656 5297 2168 5353">
    <p class='ocr_par' dir='ltr' id='par_1_113' title="bbox 1656 5297 2168 5353">
     <span class='ocr_line' id='line_1_113' title="bbox 1656 5297 2168 5353; baseline 0.006 -6"><span class='ocrx_word' id='word_1_816' title='bbox 1656 5297 1693 5328; x_wconf 78' lang='grc'><strong>³·</strong></span> <span class='ocrx_word' id='word_1_817' title='bbox 1728 5299 1811 5350; x_wconf 75' lang='lat' dir='ltr'><strong>Al.</strong></span> <span class='ocrx_word' id='word_1_818' title='bbox 1841 5299 2005 5353; x_wconf 85' lang='lat' dir='ltr'><strong>inser.</strong></span> <span class='ocrx_word' id='word_1_819' title='bbox 2056 5299 2168 5352; x_wconf 89' lang='grc' dir='ltr'>δύο.</span> 
     </span>
    </p>
   </div>
   <div class='ocr_carea' id='block_1_114' title="bbox 2042 5398 3040 5481">
    <p class='ocr_par' dir='ltr' id='par_1_114' title="bbox 2042 5398 3040 5481">
     <span class='ocr_line' id='line_1_114' title="bbox 2042 5398 3040 5481; baseline 0.007 -12"><span class='ocrx_word' id='word_1_820' title='bbox 2042 5476 2045 5477; x_wconf 22' lang='grc' dir='ltr'><strong>ν</strong></span> <span class='ocrx_word' id='word_1_821' title='bbox 2071 5432 2075 5437; x_wconf 68' lang='grc'><strong>’</strong></span> <span class='ocrx_word' id='word_1_822' title='bbox 2141 5398 2538 5481; x_wconf 70' lang='grc' dir='ltr'><strong>ἱηάὶεονειὶοηέ,</strong></span> <span class='ocrx_word' id='word_1_823' title='bbox 2572 5426 2666 5473; x_wconf 87' lang='lat' dir='ltr'><strong>aut</strong></span> <span class='ocrx_word' id='word_1_824' title='bbox 2686 5418 3040 5476; x_wconf 79' lang='lat' dir='ltr'><strong>districtione.</strong></span> 
     </span>
    </p>
   </div>
   <div class='ocr_carea' id='block_1_115' title="bbox 2220 5487 3722 5570">
    <p class='ocr_par' dir='ltr' id='par_1_115' title="bbox 2220 5487 3722 5570">
     <span class='ocr_line' id='line_1_115' title="bbox 2220 5487 3722 5570; baseline 0.005 -31"><span class='ocrx_word' id='word_1_825' title='bbox 2220 5487 2324 5570; x_wconf 46' lang='grc' dir='ltr'><strong>(Ι).</strong></span> <span class='ocrx_word' id='word_1_826' title='bbox 2346 5487 2794 5570; x_wconf 52' lang='grc' dir='ltr'>ξΕδιδάχθημεν,</span> <span class='ocrx_word' id='word_1_827' title='bbox 2829 5489 3075 5570; x_wconf 68' lang='lat' dir='ltr'><strong>Magnam</strong></span> <span class='ocrx_word' id='word_1_828' title='bbox 3111 5491 3381 5570; x_wconf 65' lang='lat' dir='ltr'><strong>lacunam</strong></span> <span class='ocrx_word' id='word_1_829' title='bbox 3429 5491 3587 5570; x_wconf 77' lang='lat' dir='ltr'><strong>Regii</strong></span> <span class='ocrx_word' id='word_1_830' title='bbox 3626 5506 3722 5547; x_wconf 88' lang='lat' dir='ltr'><strong>co-</strong></span> 
     </span>
    </p>
   </div>
   <div class='ocr_carea' id='block_1_116' title="bbox 2139 5555 3719 5630">
    <p class='ocr_par' dir='ltr' id='par_1_116' title="bbox 2139 5555 3719 5630">
     <span class='ocr_line' id='line_1_116' title="bbox 2139 5555 3719 5630; baseline 0.005 -23"><span class='ocrx_word' id='word_1_831' title='bbox 2139 5555 2278 5611; x_wconf 89' lang='lat' dir='ltr'><strong>dicis</strong></span> <span class='ocrx_word' id='word_1_832' title='bbox 2312 5555 2588 5630; x_wconf 84' lang='lat' dir='ltr'><strong>biclaceri</strong></span> <span class='ocrx_word' id='word_1_833' title='bbox 2613 5555 2879 5630; x_wconf 84' lang='lat' dir='ltr'><strong>complevi</strong></span> <span class='ocrx_word' id='word_1_834' title='bbox 2911 5555 3006 5630; x_wconf 77' lang='lat' dir='ltr'><strong>per</strong></span> <span class='ocrx_word' id='word_1_835' title='bbox 3028 5560 3429 5625; x_wconf 87' lang='lat' dir='ltr'><strong>Colbertinum,</strong></span> <span class='ocrx_word' id='word_1_836' title='bbox 3457 5555 3719 5615; x_wconf 67' lang='lat' dir='ltr'><strong>nimirum</strong></span> 
     </span>
    </p>
   </div>
   <div class='ocr_carea' id='block_1_117' title="bbox 2134 5628 3719 5702">
    <p class='ocr_par' dir='ltr' id='par_1_117' title="bbox 2134 5628 3719 5702">
     <span class='ocr_line' id='line_1_117' title="bbox 2134 5628 3719 5702; baseline 0.004 -23"><span class='ocrx_word' id='word_1_837' title='bbox 2134 5640 2312 5702; x_wconf 74' lang='lat' dir='ltr'><strong>usque</strong></span> <span class='ocrx_word' id='word_1_838' title='bbox 2350 5628 2418 5682; x_wconf 90' lang='lat' dir='ltr'><strong>ad</strong></span> <span class='ocrx_word' id='word_1_839' title='bbox 2445 5630 2659 5684; x_wconf 87' lang='lat' dir='ltr'><strong>initium</strong></span> <span class='ocrx_word' id='word_1_840' title='bbox 2696 5628 2821 5701; x_wconf 75' lang='lat' dir='ltr'><strong>cap.</strong></span> <span class='ocrx_word' id='word_1_841' title='bbox 2856 5628 2944 5698; x_wconf 71' lang='lat' dir='ltr'><strong>ll,</strong></span> <span class='ocrx_word' id='word_1_842' title='bbox 2972 5629 3047 5687; x_wconf 84' lang='lat' dir='ltr'><strong>De</strong></span> <span class='ocrx_word' id='word_1_843' title='bbox 3095 5631 3328 5699; x_wconf 80' lang='lat' dir='ltr'><strong>Pambo,</strong></span> <span class='ocrx_word' id='word_1_844' title='bbox 3365 5633 3531 5689; x_wconf 87' lang='lat' dir='ltr'><strong>verbo</strong></span> <span class='ocrx_word' id='word_1_845' title='bbox 3568 5631 3719 5702; x_wconf 75' lang='grc' dir='ltr'>ὀφεί-</span> 
     </span>
    </p>
   </div>
   <div class='ocr_carea' id='block_1_118' title="bbox 471 5690 2342 5765">
    <p class='ocr_par' dir='ltr' id='par_1_118' title="bbox 471 5690 2342 5765">
     <span class='ocr_line' id='line_1_118' title="bbox 471 5690 2342 5765; baseline 0.002 -16"><span class='ocrx_word' id='word_1_846' title='bbox 471 5692 644 5756; x_wconf 85' lang='lat' dir='ltr'><strong>sione,</strong></span> <span class='ocrx_word' id='word_1_847' title='bbox 694 5690 777 5744; x_wconf 77' lang='lat' dir='ltr'><strong>usi</strong></span> <span class='ocrx_word' id='word_1_848' title='bbox 806 5697 927 5744; x_wconf 77' lang='lat' dir='ltr'><strong>sunt</strong></span> <span class='ocrx_word' id='word_1_849' title='bbox 970 5690 1299 5746; x_wconf 74' lang='lat' dir='ltr'><strong>discretione.</strong></span> <span class='ocrx_word' id='word_1_850' title='bbox 1357 5695 1460 5747; x_wconf 79' lang='lat' dir='ltr'><strong>Sed</strong></span> <span class='ocrx_word' id='word_1_851' title='bbox 1494 5690 2030 5765; x_wconf 49' lang='lat' dir='ltr'><strong>legendum&#39;videtur</strong></span> <span class='ocrx_word' id='word_1_852' title='bbox 2140 5690 2342 5753; x_wconf 75' lang='grc' dir='ltr'>λούσιν.</span> 
     </span>
    </p>
   </div>
  </div>
