4020 6202
233 335 316 394 569
1320 329 1781 391 APOPHTHECM

1889 333 1929 386 A
1970 328 2281 385 PATleM.
2307 320 2310 323 ⁷

3329 311 3437 366 570

234 452 324 527 ἄρα
362 455 419 506 ἐν
464 451 640 522 τούτῳ
690 452 897 519 γ’νεται
940 454 1198 523 μοναχίῖς;
1235 456 1389 525 Οὐχί,
1429 458 1538 510 Kal
1564 453 1780 526 Παμὸὼ

1888 458 2141 523 operatur
2166 452 2221 505 in
2248 449 2336 505 die
2366 447 2431 502 ad
2452 447 2590 502 duas
2615 446 2864 516 siliquas,
2886 461 3090 517 easque
3114 445 3206 500 dat
3231 444 3283 499 in
3309 450 3451 501 elec-

236 544 495 618 ἐργάζεται
525 543 618 595 δύο
640 542 910 614 κεραειίων
933 543 994 609 ³³,
1020 542 1113 598 καὶ
1138 544 1348 600 δίδωσιν
1369 546 1506 611 αὐτὰ
1530 548 1773 618 ἀγάπην.

239 634 329 708 ἄρα
359 638 410 688 ἐν
441 634 614 704 τούτῳ
656 634 863 703 γίνεται
900 637 1161 706 μοναχός;
1196 637 1366 692 οῠπω.
1399 635 1565 692 Εἶπεν
1594 639 1651 693 δὲ
1684 640 1778 691 καὶ

243 728 408 789 αὐτοῖς’
446 724 623 778 Καλαὶ
661 726 760 795 μὲν
795 726 850 778 αί
891 724 1137 796 πράξεις’
1182 726 1273 781 ἐὰν
1314 728 1370 781 δὲ
1403 729 1645 801 φυλάξῃς
1680 729 1777 800 τὴν

246 818 509 889 συνείδησιν
549 818 657 871 ἀπὸ
690 818 787 872 τοῦ
824 819 1052 888 πλησίον
1097 836 1212 884 σου,
1257 821 1431 885 οὕτως
1463 821 1632 893 σώζῃ.
1671 824 1779 877 Καὶ

247 908 711 982 πληροφορηθέντες
736 909 976 981 ἀπῆλθον
1005 912 1143 981 μετά
1163 914 1356 984 χαρᾶς.

296 1003 350 1071 γ’.
379 1000 693 1071 Παρέὸαλόν
726 1017 856 1054 ποτε
887 1001 1149 1073 τέσσαρες
1181 1003 1484 1074 Σκητιῶται
1509 1004 1586 1075 τῷ
1612 1005 1779 1075 μεγά-

241 1094 298 1163 λῳ
318 1091 538 1164 Παμὸὼ,
565 1091 862 1164 φοροῦντες
887 1090 1152 1164 δέρματα,
1185 1095 1280 1148 καὶ
1304 1095 1624 1167 ἀνήγγειλεν
1651 1098 1781 1151 ἐκα-

242 1200 336 1246 στος
352 1184 445 1254 τὴν
469 1184 671 1253 ἀρετὴν
704 1182 794 1236 τοῦ
811 1184 1029 1255 ἑταίρου
1051 1185 1216 1239 αὐτοῦ
1242 1187 1307 1231 ³³.
1330 1187 1390 1241 '0
1416 1188 1514 1258 μὲν
1545 1184 1625 1253 εἷς
1655 1190 1780 1260 ἐνή-

238 1287 393 1325 στευεν
431 1271 621 1326 πολλάο
655 1274 685 1325 6
720 1271 977 1343 δεύτερος
1001 1274 1265 1345 ἀκτήμων
1295 1270 1383 1346 ἦν’
1417 1278 1511 1330 καὶ
1540 1279 1569 1330 6
1600 1278 1779 1349 τρίτος

237 1365 474 1435 ἐκτήσατο
522 1363 727 1434 πολλὴν
767 1364 1007 1435 ἀγάπην·
1055 1364 1274 1433 λέγουσι
1318 1369 1412 1420 καὶ
1435 1368 1482 1399 ³⁵
1514 1368 1644 1439 περὶ
1684 1367 1777 1421 τοῦ

235 1455 489 1525 τετάρτου,
507 1455 589 1508 ὅτι
610 1454 783 1508 εἴκοσι
805 1455 900 1507 δύο
925 1454 1022 1525 ἐτη
1049 1456 1161 1526 ἔχει
1186 1458 1244 1510 ἐν
1269 1458 1481 1530 ὑπακοῇ
1504 1460 1776 1531 γέροντος.

244 1545 515 1614 Ἀπεκρίθη
561 1546 740 1608 αὐτοῖς
780 1548 808 1598 6
852 1545 1028 1610 ἀὸὁᾶς
1072 1547 1307 1618 Παμὸώ·
1344 1549 1502 1617 Λέγω
1549 1549 1698 1619 ὑμῖν,
1743 1553 1776 1621 ἡ

233 1635 380 1706 ἁρετὴ
416 1638 605 1690 τούτου
639 1637 839 1708 μείζων
871 1640 1040 1693 ἐστίν.
1083 1639 1358 1703 Ἕκαστος
1394 1640 1504 1711 γὰρ
1532 1640 1684 1710 ὑμῶν
1712 1642 1779 1711 ἣν

233 1727 407 1798 ἀρετὴν
437 1730 725 1800 ἐκτήσατο,
765 1731 1031 1801 θελήματι
1063 1730 1225 1784 αὐτοῦ
1266 1731 1589 1802 ἐκράτησεν·
1624 1727 1779 1797 οὗτος

1880 557 2199 615 mosynam;
2264 556 2333 595 an
2389 540 2444 593 in
2502 538 2604 592 hoc
2663 537 2966 593 monachus
3029 538 3119 592 ﬁt?
3173 536 3448 591 Nondum.

1877 636 2122 706 Adiecit:
2150 633 2298 687 Bona
2331 631 2548 701 quidem
2574 637 2702 685 sunt
2730 645 2791 685 ea
2827 645 3022 700 opera;
3055 631 3146 684 sed
3177 629 3223 684 si
3259 637 3451 685 custo-

1878 729 2047 784 dieris
2076 725 2469 782 conscientiam
2499 738 2627 795 erga
2657 723 2988 792 proximum,
3016 721 3087 775 ita
3121 721 3444 775 servaberis.

1880 819 1981 882 llli,
2020 826 2212 887 utpote
2238 814 2442 886 quibus
2473 813 2674 868 factum
2709 822 2854 868 esset
2888 814 3045 877 satis,
3077 813 3449 866 discesserunt

1879 922 2003 962 cum
2037 906 2256 977 gaudio.

1950 999 2004 1052 5.
2037 997 2113 1068 (5)
2150 996 2522 1053 Accesserunt
2551 1002 2788 1066 quatuor
2820 992 3075 1050 Seetiota’:
3100 995 3168 1049 ad
3194 1010 3449 1065 magnum

1880 1089 2104 1154 Pambo,
2136 1089 2315 1144 induti
2361 1088 2624 1159 pellibus;
2661 1095 2717 1141 et
2765 1087 3027 1142 indicavit
3071 1088 3453 1158 unusquisque

1880 1180 2137 1235 virtutem
2173 1180 2309 1235 socii
2359 1178 2467 1234 sui.
2500 1176 2653 1234 Unus
2686 1178 2907 1248 quidem
2955 1178 3241 1248 jejunabat
3284 1180 3455 1250 pluri-

1879 1286 2062 1337 mum;
2119 1270 2397 1326 secundus
2446 1269 2586 1322 nihil
2638 1267 2978 1339 possidebat;
3029 1271 3226 1325 tertius
3281 1271 3452 1324 multa

1880 1363 2148 1419 charitate
2176 1372 2293 1418 erat
2320 1352 2603 1433 praeditus.
2637 1361 2806 1416 Aiunt
2838 1368 3019 1415 autem
3049 1362 3116 1417 de
3141 1370 3361 1431 quarto,
3384 1363 3454 1417 ab

1881 1454 2041 1509 annis
2062 1452 2255 1522 viginti
2285 1453 2503 1507 duobus
2536 1452 2589 1506 in
2623 1451 2931 1506 obedientia
2961 1451 3108 1506 senis
3137 1451 3451 1520 persistere.

1882 1544 2182 1616 Respondit
2209 1545 2290 1601 eis
2318 1544 2487 1600 abbas
2523 1542 2759 1598 Pambo:
2796 1542 2929 1595 Dico
2973 1543 3151 1607 vobis,
3189 1543 3453 1612 postremi

1882 1636 2045 1707 hujus
2085 1636 2262 1691 virtus
2308 1634 2484 1705 major
2526 1642 2633 1690 est.
2693 1632 2949 1690 Vestrum
2992 1634 3140 1691 enim
3195 1632 3448 1702 quisque,

1881 1742 2043 1798 quam
2076 1727 2334 1783 virtutem
2368 1726 2601 1789 obtinet,
2652 1725 2931 1780 voluntate
2965 1739 3063 1779 sua
3113 1730 3453 1777 consecutus

230 1818 278 1871 δὲ
301 1819 356 1871 τὸ
378 1819 589 1891 θέλημα
611 1820 775 1875 αὑτοῦ
802 1821 995 1891 κόψας,
1036 1822 1196 1876 ἄλλου
1228 1825 1372 1875 ποιεῖ
1394 1822 1625 1891 θέλημα.
1658 1824 1777 1876 Τοι-

1888 1827 1997 1885 cst;
2043 1818 2132 1873 hic
2167 1832 2297 1873 vero
2342 1817 2590 1872 abscissa
2625 1817 2847 1886 propria
2892 1816 3195 1880 voluntate,
3226 1814 3454 1868 alterius

230 1909 483 1982 οὗτοιγὰρ
510 1913 717 1984 ἄνδρες,
755 1914 1082 1985 ὀμολογηταί
1122 1916 1280 1980 εἰσιν,
1316 1914 1409 1968 ἐὰν
1437 1917 1515 1977 είς
1541 1915 1600 1967 τὸ
1627 1915 1778 1979 τέλος

234 2004 542 2073 φυλάξωσιν.

292 2199 351 2253 δ’.
394 2199 566 2264 Ὀσίας
614 2203 835 2273 μνήμης
898 2202 1213 2268 Ἀθανάσιος
1262 2205 1291 2256 6
1349 2204 1781 2275 ἀρχιεπίσκοπος

239 2287 621 2360 Ἀλεξανδρείας
673 2292 1042 2363 παρεκάλεσεν
1099 2292 1188 2346 τὸν
1244 2293 1417 2347 ἀδϐᾶν
1470 2292 1681 2365 Παμϐὼ
1702 2294 1779 2366 (2)

231 2379 487 2434 κατελθεῖν
529 2383 596 2434 ἐκ
640 2383 739 2454 τῆς
775 2384 987 2455 ἐρήμου
1039 2384 1132 2437 ἐπὶ
1179 2383 1279 2455 τὴν
1350 2383 1779 2456 Ἀλεξάνδρειαν.

233 2471 500 2527 Κατελθὼν
526 2473 605 2539 δὲ,
643 2476 738 2528 καὶ
775 2474 899 2529 ἰδὼν
924 2478 1042 2530 ἐκεῖ
1065 2478 1297 2545 γυναῖκα
1320 2475 1632 2549 θεατρικὴν,
1663 2477 1783 2531 σύν-

229 2560 405 2634 δικρυς
435 2565 679 2634 ἐγένετο.
712 2566 833 2620 Τῶν
869 2567 925 2620 δὲ
960 2567 1226 2622 συνόντων
1261 2567 1601 2639 πυθομένων,
1637 2568 1780 2622 διατί

229 2657 523 2729 ἐδάκρυσεν
551 2658 656 2712 Δύο
679 2677 768 2729 με,
797 2659 925 2731 ἔφη,
950 2660 1259 2731 κεκίνηκενο
1281 2661 1338 2714 ἓν
1361 2661 1483 2732 μὲν,
1514 2661 1781 2733 ήέκείνης

228 2748 468 2805 ἀπώλειαο
514 2752 703 2822 ἕτερον
741 2752 815 2816 δὲ,
866 2753 948 2806 ὅτι
992 2752 1054 2806 ού
1096 2752 1354 2823 τοιαύτην
1396 2753 1631 2824 σπουδὴν
1672 2753 1781 2824 ἔχω

228 2840 341 2909 πρὸς
361 2841 420 2895 τὸ
437 2844 643 2913 ἀρέσαι
676 2843 754 2915 τῷ
780 2844 919 2915 Θεῷ,
948 2845 1072 2899 ὅσον
1100 2844 1238 2915 αὕτη
1262 2845 1349 2898 ἴνα
1376 2844 1550 2918 ἀρέσῃ
1569 2844 1773 2916 ἀνθρὼ-

227 2948 330 2994 ποις
353 2934 626 3005 αἰσχροῖς.

281 3030 335 3078 ε’.
371 3019 547 3078 Εἶπεν
571 3027 601 3078 6
624 3023 797 3087 ἀϐϐἄς
832 3024 1063 3095 Παμὸὼ,
1111 3026 1193 3079 ὅτι
1228 3028 1326 3080 Διὰ
1362 3027 1452 3080 τὸν
1486 3026 1644 3092 Θεὸν,
1687 3028 1780 3096 ἀφ’

1879 1910 2147 1964 voluntati
2182 1909 2538 1978 obtemperat.
2574 1908 2736 1964 Tales
2777 1908 2980 1979 quippe
3013 1906 3137 1972 viri,
3173 1905 3456 1960 confesso-

1880 2015 1969 2056 res
2014 2007 2166 2063 sunt,
2200 2000 2248 2056 si
2282 2016 2458 2070 usque
2506 2002 2570 2055 ad
2618 2000 2778 2054 tinem
2813 1996 3127 2069 huiusmodi
3156 1997 3455 2052 observan-

1880 2092 2015 2147 tiam
2043 2093 2346 2148 tenuerint.

1948 2207 2001 2261 4.
2044 2206 2120 2278 (4)
2145 2206 2360 2261 Sancta;
2388 2206 2665 2261 memoriae
2681 2204 3018 2259 Athanasius
3049 2201 3466 2256 Alexandrinus-

1880 2298 2327 2369 archiepiscopus
2367 2296 2579 2368 rogavit
2605 2296 2854 2351 abbatem
2887 2293 3114 2359 Pambo,
3143 2301 3203 2347 ut
3235 2293 3301 2349 de
3332 2308 3452 2347 ere-

1880 2403 1969 2443 mo
1999 2388 2356 2444 descenderet
2384 2387 2792 2443 Alexandriam.
2826 2384 2878 2442 ls
2900 2401 3023 2442 cum
3050 2385 3450 2449 descendisset,

1882 2479 2114 2535 intuitus
2145 2480 2260 2534 illic
2309 2480 2598 2536 mulierem
2633 2478 2982 2544 theatrieam,
3025 2478 3451 2549 collacrymavit.

1881 2571 2130 2641 Cumque
2182 2572 2613 2641 interrogassent
2651 2571 2742 2641 qui
2768 2571 3020 2635 aderant,
3056 2586 3155 2625 cur
3185 2570 3455 2641 lacryma-

1880 2664 1970 2712 tus
2025 2657 2268 2713 fuisset:
2325 2659 2463 2725 Duo,
2506 2658 2706 2729 inquit,
2757 2675 2842 2714 me
2890 2660 3222 2730 adegerunt;
3262 2675 3451 2720 unum,

1881 2748 2114 2819 perditio
2135 2749 2414 2815 mulieris;
2450 2750 2706 2814 alterum,
2738 2752 2865 2820 quia
2893 2760 3107 2805 tantum
3135 2768 3242 2805 non
3280 2751 3453 2805 haben

1883 2841 2123 2896 studium
2149 2842 2397 2913 placendi
2426 2840 2557 2906 Deo,
2593 2850 2860 2912 quantum
2895 2842 3009 2896 lucc
3046 2849 3103 2895 ut
3139 2842 3459 2896 hominibus

1881 2934 2134 3004 turpibus
2157 2934 2387 3004 placeat.

1954 3025 2008 3079 5.
2047 3022 2342 3080 Proiessus
2370 3033 2454 3080 est
2485 3024 2656 3081 abbas
2702 3023 2941 3079 Pambo:
2992 3023 3181 3080 Gratia
3229 3023 3345 3090 Dei,
3390 3041 3458 3079 ex

224 3106 276 3166 οὗ
293 3116 673 3187 ἀπεταξάμην,
690 3117 753 3168 οὐ
770 3117 1146 3188 μετεμελήθην
1166 3118 1259 3170 ἐπὶ
1285 3117 1427 3190 λόγῳ
1449 3111 1493 3187 ᾧ
1520 3118 1777 3190 ἐλάλησα.

1888 3130 1996 3185 quo
2024 3117 2332 3172 renuntiavi
2372 3118 2593 3183 saeculo,
2634 3131 2741 3172 non
2779 3116 3034 3188 paenituit
3065 3132 3148 3171 me
3180 3117 3469 3173 sermonis

284 3316 349 3374 ς’.
397 3306 578 3364 Εἶπεν
620 3307 799 3374 πάλιν,
841 3307 923 3361 ὅτι
965 3307 1208 3362 τοιοῦτον
1249 3310 1278 3361 6
1322 3308 1552 3379 μοναχὸς
1581 3308 1783 3379 ὀφείλει

222 3404 387 3473 φορεῖ.»
426 3403 674 3475 ἱμάτιον,
714 3403 854 3457 ὥστε
893 3402 1109 3474 βάλλειν
1147 3402 1280 3456 αὐτὸ
1311 3400 1415 3466 ἐξω
1444 3401 1539 3455 τοῦ
1567 3402 1782 3456 κελλίου

221 3493 366 3549 αὐτοῦ
393 3496 490 3550 ἐπὶ
521 3496 671 3567 τρεῖς
694 3496 928 3567 ἡμέρας,
954 3494 1046 3548 καὶ
1073 3493 1261 3565 μηδεὶς
1288 3493 1427 3566 λάϐῃ
1455 3494 1616 3552 αὐτό.

279 3606 339 3671 ζ’.
377 3608 636 3678 Ἐγένετό
663 3625 793 3661 ποτε
824 3609 915 3661 τὸν
950 3606 1125 3661 ἀϐσᾶν
1164 3606 1373 3678 Παμὸὼ
1411 3606 1614 3661 ὁδεύειν
1645 3606 1785 3678 μετὰ

218 3695 446 3766 ἀδελφῶν
471 3700 561 3761 είς
587 3697 656 3751 τὰ
682 3698 823 3769 μέρη
852 3699 951 3768 τῆς
976 3695 1273 3765 Αἰγύπτου·
1306 3696 1399 3750 καὶ
1437 3694 1558 3749 ἰδὼν
1584 3713 1783 3767 κοσμι-

221 3790 335 3853 mit;
369 3789 740 3861 καθημένους,
778 3789 926 3858 λέγει
960 3789 1165 3851 αὐτοῖς·
1219 3787 1573 3851 Ἀναστάντες
1602 3788 1784 3842 ἀσπά-

223 3880 371 3934 σασθε
400 3883 537 3945 τοὺς
569 3883 838 3952 μοναχοὺς
858 3921 874 3948 ,
910 3881 998 3935 ἵνα
1032 3879 1376 3950 εὐλογηθῆτε·
1413 3878 1651 3951 συνεχῶς
1676 3879 1785 3951 γὰρ

218 3969 286 4040 τῷ
313 3970 429 4043 Θεῷ
453 3969 705 4036 λαλοῦσι,
741 3971 836 4026 καὶ
870 3971 939 4025 τὰ
971 3970 1213 4041 στόματα
1245 3969 1423 4025 αὐτῶν
1451 3971 1583 4039 ἅγιά
1615 3972 1782 4024 ἐστιν.

277 4179 342 4242 η’.
380 4174 734 4244 Διηγήσαντο
762 4173 890 4243 περὶ
920 4171 1013 4226 τοῦ
1038 4172 1184 4226 ἀδεᾶ
1211 4172 1439 4244 Παμδὼ,
1481 4173 1563 4227 ὅτι
1599 4173 1786 4256 τελευ-

218 4262 333 4328 τῶν,
381 4268 506 4320 κατ’
554 4266 724 4336 αὐτὴν
756 4266 854 4337 τὴν
886 4264 1034 4337 ὥραν
1070 4264 1164 4318 τοῦ
1198 4264 1450 4331 θανάτου,
1495 4260 1646 4318 εἶπεν
1674 4267 1786 4328 τοῖς

214 4358 557 4429 παρεστῶσιν
585 4356 735 4427 αὐτῷ
765 4357 941 4424 ἁγίοις
973 4354 1248 4427 ἀνδράσιν,
1282 4357 1361 4410 ὅτι
1397 4356 1513 4427 Ἀφ’
1543 4351 1604 4411 οὗ
1624 4352 1786 4428 ἦλθον

1886 3220 2047 3276 quem
2085 3206 2428 3275 protulerim.

1954 3317 2008 3371 6.
2039 3315 2117 3389 (5)
2165 3315 2313 3370 Dixit
2371 3317 2607 3371 iterum:
2662 3315 2942 3385 Ejusmodi
2994 3330 3196 3373 vestem
3246 3330 3465 3387 gestare

1884 3409 2045 3465 debet
2071 3408 2396 3471 monachus,
2422 3416 2481 3461 ut
2509 3411 2556 3463 si
2595 3407 2885 3477 projecerit
2913 3424 3034 3464 eam
3059 3423 3211 3466 extra
3244 3412 3458 3475 cellam,

1885 3515 1983 3570 per
2007 3508 2117 3556 tres
2146 3500 2285 3567 dies,
2320 3515 2480 3556 nemo
2505 3500 2684 3554 tollat.

1957 3612 2009 3665 7.
2046 3611 2120 3681 (6)
2156 3612 2397 3683 Contigit
2441 3612 2760 3682 aliquando,
2816 3623 2875 3668 ut
2902 3614 3071 3668 abbas
3107 3613 3312 3667 Pambo
3333 3630 3459 3669 cum

1885 3701 2149 3757 fratribus
2179 3702 2285 3758 iter
2322 3703 2528 3757 laceret
2554 3703 2607 3757 in
2643 3705 2894 3773 partibus
2928 3702 3179 3775 Egypti;
3224 3719 3462 3775 cumque

1883 3793 2114 3849 vidisset
2149 3795 2445 3851 saeculares
2484 3795 2631 3851 viros
2673 3797 2948 3861 sedentes,
2989 3797 3124 3851 dixit
3178 3797 3296 3853 eis:
3327 3795 3462 3850 Sur-

1884 3886 2017 3958 gite,
2043 3887 2344 3945 monachos
2380 3888 2634 3951 salutate,
2670 3896 2729 3943 ut
2766 3887 3163 3944 benedicamini
3197 3907 3209 3942 :
3241 3888 3462 3944 assidue

1884 3976 2032 4032 enim
2058 3992 2183 4032 cum
2216 3975 2327 4032 Deo
2352 3977 2672 4047 loquuntur,
2703 3985 2867 4048 atque
2902 3992 3000 4032 ora
3051 3991 3240 4031 eorum
3267 3985 3461 4031 sancta

1886 4076 2035 4125 sunt.

1956 4183 2008 4238 8.
2056 4183 2132 4254 (7)
2188 4182 2558 4239 Narraverunt
2580 4180 2648 4237 de
2675 4181 2869 4237 abbate
2905 4181 3130 4245 Pambo,
3162 4184 3309 4253 quod
3344 4199 3462 4238 mo-

1887 4276 2056 4339 riens,
2091 4276 2210 4345 ipsa
2233 4277 2425 4330 mortis
2456 4275 2591 4330 hora
2631 4273 2832 4329 dixerit
2874 4275 3221 4331 adstantibus
3254 4277 3463 4333 sanctis

1887 4365 2054 4421 viris:
2084 4364 2163 4420 Ex
2188 4379 2298 4434 quo
2327 4372 2571 4434 tempore
2611 4364 2735 4418 veni
2765 4364 2820 4416 in
2852 4363 2997 4417 Inlue
3037 4364 3354 4421 solitudinis
3385 4366 3465 4420 lo-

209 4448 284 4512 είς
314 4449 408 4502 τὸν
425 4450 600 4503 τόπον
620 4449 807 4502 τοῦτον
830 4449 927 4520 τῆς
949 4449 1175 4521 ἐρήμου,
1205 4449 1297 4502 καὶ
1327 4447 1653 4520 ᾠκοδόμησά
1684 4465 1781 4519 μου

1891 4473 2041 4521 cum,
2071 4471 2358 4526 meamque
2383 4455 2576 4510 cellam
2619 4456 2889 4517 exstruxi,
2922 4470 2986 4509 ac
3019 4455 3255 4509 habitavi
3290 4456 3343 4510 in
3374 4472 3460 4520 ea,

210 4542 299 4614 τὴν
325 4542 554 4604 κέλλαν,
588 4541 681 4594 καὶ
724 4542 920 4611 οἶκησα
965 4542 1022 4595 ἐν
1063 4541 1221 4612 αὑτῇ,
1260 4540 1416 4604 ἐκτὸς
1447 4540 1555 4593 τῶν
1586 4540 1784 4611 χειρῶν

214 4652 306 4701 μου
343 4636 407 4688 οὐ
456 4633 746 4704 μέμνημαι
786 4635 949 4704 ἄρτον
990 4633 1199 4702 φαγὼν,
1239 4632 1361 4686 οὐδὲ
1401 4633 1783 4704 μεταμεμέλη-

211 4743 300 4794 μαι
337 4726 437 4779 ἐπὶ
478 4725 625 4797 λόγῳ
659 4719 706 4793 ᾧ
737 4724 992 4797 ἐλάλησα,
1034 4725 1140 4789 ἕως
1175 4726 1274 4796 τῆς
1312 4725 1436 4799 ἄρτι
1473 4726 1642 4798 ὥρας.
1675 4729 1789 4780 Καὶ

208 4816 372 4883 οὕτως
403 4818 727 4889 ἀπέρχομαι
757 4818 895 4890 πρὸς
925 4818 1017 4870 τὸν
1043 4818 1195 4883 Θεὸν,
1221 4818 1298 4882 ὡς
1320 4818 1456 4890 μηδὲ
1481 4818 1788 4891 ἀρξάμενος

202 4908 314 4979 Θεῷ
340 4910 642 4964 δουλεύειν.

267 4999 332 5055 θ’.
367 5001 551 5055 Τοῦτο
585 5001 643 5055 δὲ
681 4996 825 5073 εἶχεν
865 5001 1003 5073 ὑπὲρ
1046 5001 1294 5066 πολλοὺς,
1334 5002 1416 5054 ὅτι
1446 5002 1495 5054 εί
1527 5002 1786 5072 ἠρωτήθη

201 5086 349 5159 λόγον
365 5095 648 5165 γραφικὸν
670 5094 704 5165 ἢ
727 5095 1111 5165 πνευματικὸν,
1133 5096 1235 5148 οὐκ
1252 5092 1586 5165 ἀπεκρίνατο
1603 5094 1785 5159 εὐθὺς,

1890 4564 2002 4604 non
2022 4546 2244 4602 memini
2269 4562 2355 4601 me
2403 4546 2692 4601 comedere
2739 4561 2931 4616 panem
2973 4545 3081 4599 nisi
3118 4544 3304 4599 labore
3349 4562 3465 4599 ma-

1890 4655 2059 4696 nuum
2090 4653 2332 4693 mearum
2358 4644 2611 4707 partum;
2646 4651 2746 4691 nec
2786 4652 2872 4692 me
2901 4635 3157 4705 pamituit
3192 4636 3465 4690 sermonis

1888 4747 2048 4803 quem
2076 4732 2292 4786 locutus
2324 4730 2539 4793 fuerim,
2585 4744 2760 4799 usque
2805 4728 2860 4781 in
2910 4727 3051 4781 hanc
3103 4726 3312 4780 horam.
3371 4726 3462 4779 Sic

1890 4831 2077 4879 tamen
2104 4821 2422 4893 proﬁciscor
2458 4819 2527 4873 ad
2554 4818 2721 4873 Deum
2746 4858 2761 4883 ,
2814 4818 3088 4888 quomodo
3117 4816 3209 4886 qui
3237 4830 3336 4871 nec
3362 4816 3461 4870 ini-

1887 4915 2023 4968 tium
2058 4911 2275 4966 fecerim
2298 4910 2409 4965 Deo
2429 4911 2725 4966 serviendi.

1964 5004 2017 5058 9.
2066 5000 2142 5073 (8)
2180 5001 2295 5056 Hoc
2323 5010 2503 5056 autem
2545 5001 2735 5055 habuit
2769 5014 2934 5069 supra
2982 4997 3209 5060 multos,
3242 4995 3385 5065 quod
3416 4995 3460 5049 si

1892 5096 2264 5165 interrogatus
2317 5094 2514 5150 fuisset
2566 5107 2874 5148 sermonem
2931 5106 2997 5146 ex
3044 5089 3325 5159 Scriptura
3382 5090 3463 5143 vel

270 5251 313 5282 ³¹
336 5253 426 5308 Al.
460 5254 713 5324 κεράτια.
782 5252 827 5285 ³⁸
857 5253 942 5307 Al.
973 5251 1066 5305 τοῦ
1095 5251 1281 5323 ἐτέρου
1331 5252 1625 5317 πολιτείαν,
1659 5251 1735 5325 μὴ
1772 5252 2033 5324 παρόντος
2087 5251 2273 5306 αὐτοῦ.
2351 5252 2396 5284 ³³
2429 5252 2512 5306 ΑΙ.
2544 5251 2619 5305 δέ.

270 5406 342 5476 (Ξ)
388 5410 513 5461 Τὸν
535 5405 723 5461 ἁόὄᾶν
746 5406 977 5475 ιΙαμόώ.
999 5406 1190 5462 Simile
1208 5407 1371 5462 habet
1392 5406 1630 5463 Joannes
1648 5407 1786 5463 Geo-

212 5486 365 5547 tuetra
407 5479 484 5533 de
533 5476 846 5547 carinone;
882 5485 978 5530 aut
1019 5486 1078 5532 ut
1135 5478 1362 5547 corrigit
1399 5477 1667 5534 Meursius
1717 5477 1785 5530 ad

217 5542 878 5618 Pdttadium,_Cronione;
924 5562 1022 5602 seu
1054 5546 1198 5618 quod
1244 5542 1457 5603 minore
1484 5548 1786 5604 mutatione

216 5623 481 5670 constaret
493 5656 507 5680 ,
538 5614 791 5676 Carione.

272 5686 341 5753 (ὅ)
389 5684 510 5740 νει.
544 5682 697 5739 Patr.
731 5700 844 5753 xiv,
872 5686 928 5740 7.
1562 5710 1579 5719 κ

275 5752 344 5815 t4)
395 5754 512 5809 Vit.
548 5752 698 5808 Patr.
741 5752 837 5821 ut,
871 5757 965 5826 l-i;
1009 5757 1164 5814 Joan.
1200 5757 1387 5815 Geom.
1434 5756 1639 5810 Parad.
1679 5757 1791 5825 51-,

1887 5407 2146 5462 Socrates
2173 5420 2246 5471 tv,
2280 5406 2371 5459 23.

1957 5476 2034 5548 (5)
2075 5476 2263 5548 Supra
2287 5473 2860 5548 lsaaciCell._Ap_oph.
2901 5472 3002 5548 u_lt.

1957 5539 2032 5610 (ὕ)
2086 5539 2188 5599 νιὶ.
2226 5543 2380 5598 Patr.
2419 5559 2554 5604 xvn,
2590 5544 2646 5597 11
2672 5562 2686 5609 ;
2717 5539 2875 5599 Joan.
2907 5541 3096 5600 Geom.
3128 5540 3329 5596 Parad.
3368 5539 3484 5598 83....

1955 5612 2030 5683 (7)
2081 5614 2186 5669 Vit.
2216 5614 2373 5668 Patr.
2406 5630 2442 5677 ι,
2470 5612 2566 5679 16;
2605 5629 2724 5683 vut,
2758 5614 2843 5669 10.

1953 5682 2030 5756 (8)
2084 5684 2185 5740 Vit.
2226 5684 2380 5739 Patr.
2418 5698 2534 5751 VIII,
2567 5682 2648 5739 10.
