4020 6196
543 289 604 350 Ἠ
1317 371 1334 386 λ
1639 292 1984 362 APPENDIX
2022 308 2112 361 AD
2151 303 2564 368 PALLADIUM.

505 416 830 484 spiritalem,
865 432 972 472 non
1005 418 1366 487 responderet
1401 421 1570 490 illico,
1601 424 1696 480 sed
1733 424 2078 494 profiteretur

2198 431 2290 482 ὶλλ’
2321 430 2505 500 ἔλεγεν
2537 433 2610 502 μὴ
2644 432 2835 485 εἰδέναι
2865 433 2956 486 τὸν
2985 433 3162 503 λόγον·
3205 438 3300 494 καὶ
3335 436 3760 516 ὲπ[ερωτηθε“ις]

505 523 532 560 a
574 522 633 561 se
669 507 721 561 id
760 507 1021 577 ignorari.
1063 508 1217 576 Quod
1261 511 1307 566 si
1341 513 1600 570 ulteriore
1652 517 2080 587 interrogatione

505 606 810 667 urgeretur,
847 616 954 653 non
986 600 1147 655 dabat
1176 618 1524 673 responsum.

575 689 664 743 10.
705 688 850 742 Dixit
876 691 1046 745 abbas
1069 690 1306 749 Pambo:
1342 694 1398 750 Si
1433 712 1528 752 cor
1560 697 1759 766 habes,
1789 709 1945 769 potes
1974 700 2082 756 sal-

502 787 604 833 νας
637 780 772 834 fieri.

574 870 662 925 Η.
694 869 1058 944 Interrogavit
1087 877 1372 950 presbyter
1407 878 1622 937 Nitriaa:
1653 880 1941 946 Quomodo
1988 880 2082 937 de-

502 962 631 1014 bent
654 961 852 1019 fratres
884 964 1112 1035 degere?
1142 967 1223 1021 illi
1279 985 1406 1024 vero
1457 971 1718 1026 dixerunt
1750 971 1848 1027 :ln
1885 987 2080 1043 magna

478 1055 914 1168 ,exercitatione,
969 1067 1024 1112 et
1074 1070 1357 1117 servantes
1413 1063 1807 1118 conscientiam
1864 1079 2017 1120 suam
2050 1080 2080 1117 a

503 1159 778 1212 prommo.
1882 1157 1886 1161 ‘

539 1234 657 1294 ΛΞ.
687 1236 948 1294 Dicebant
978 1242 1044 1295 de
1075 1240 1270 1296 abbate
1296 1240 1529 1296 Pambo:
1567 1241 1721 1298 Sicut
1757 1243 1970 1314 Moyses
1991 1259 2083 1298 ac-

503 1326 646 1394 cepit
670 1329 958 1400 imaginem
982 1331 1168 1400 gloria:
1195 1331 1248 1384 in
1275 1331 1483 1387 Adamo
1527 1333 1874 1404 refulgentis,
1907 1349 2082 1404 quan-

503 1414 574 1469 do
603 1414 768 1475 facies
787 1421 906 1489 ejus
935 1423 1170 1492 gloriosa
1201 1423 1413 1478 reddita
1460 1433 1544 1481 est
1570 1425 1647 1482 "z
1678 1426 1750 1480 ita
1779 1433 1832 1480 et
1864 1427 2080 1481 abbatis

501 1507 707 1564 Pambo
743 1512 913 1568 facies
941 1516 1088 1570 velut
1136 1513 1318 1586 fulgur
1357 1517 1658 1582 relucebat,
1698 1528 1926 1588 eratque.
1957 1528 2080 1572 tan-

503 1614 667 1669 quam
697 1616 789 1656 rex
841 1603 1038 1660 sedens
1087 1621 1250 1675 super
1295 1606 1548 1660 thronum
1600 1621 1782 1661 suum.
1826 1605 2080 1674 Ejusdem

2183 520 2385 584 πλεῖον,
2412 523 2510 574 οὐκ
2538 522 2706 574 ὲδίδου
2736 523 3044 594 ἀπόκρισιν.

2255 703 2305 751 ι’.
2349 692 2515 751 Εἶπεν
2549 699 2576 750 6
2615 699 2788 763 ὰϐϐᾶς
2838 701 3066 771 Παμϐώ·
3102 703 3164 755 Ei
3200 703 3344 774 ἔχεις
3383 705 3612 776 καρδίαν
3669 709 3760 761 δύ-

2182 805 2340 841 νασαι
2365 789 2620 860 σωθῆναι.
2916 845 2920 849 .

2255 886 2340 932 ια’.
2397 878 2704 950 Ἦρώτησεν
2726 884 2754 934 6
2776 884 3149 954 πρεσϐύτερος
3167 887 3268 955 τῆς
3299 887 3580 958 Νιτρείας,
3612 891 3763 954 ὅπως

2181 971 2482 1040 ὀφείλουσιν
2511 973 2560 1025 οἱ
2608 973 2826 1043 ἀδελφοὶ
2864 976 3092 1045 διάγειν.
3127 980 3190 1031 Οἱ
3223 978 3278 1031 δὲ
3314 975 3494 1034 εἶπαν·
3543 983 3629 1034 Ἑν
3662 1001 3765 1052 με-

2181 1061 2321 1134 γάλῃ
2349 1063 2599 1134 ἀσκήσει,
2631 1064 2727 1117 καὶ
2755 1067 3048 1137 τηροῦντες
3078 1068 3176 1140 τὴν
3205 1071 3507 1142 συνείδησιν
3533 1073 3638 1126 ἀπὸ
3664 1075 3762 1127 τοῦ

2182 1152 2426 1220 πλησίον.

2261 1245 2345 1297 ιϐ’.
2388 1246 2611 1316 Ἔλεγον
2645 1248 2772 1318 περὶ
2800 1249 2896 1302 τοῦ
2926 1247 3072 1303 άϐϐἄ
3101 1240 3333 1321 Παμσὼ,
3379 1254 3461 1307 ὅτι
3495 1253 3571 1317 ὡς
3599 1255 3763 1309 ἔλαϐε

2182 1335 2421 1405 Μωϋσῆς
2441 1339 2540 1408 τὴν
2561 1339 2742 1392 εἰκόνα
2763 1341 2862 1410 τῆς
2885 1341 3042 1410 δόξης
3083 1341 3271 1407 Ἀδὰμ..
3303 1344 3390 1396 ὅτε
3411 1341 3671 1415 ἐδοξάσθη
3699 1347 3764 1399 τὸ

2182 1427 2473 1497 πρόσωπον
2517 1429 2705 1483 αὑτοῦ·
2751 1429 2922 1495 οὕτως
2966 1433 3060 1486 καὶ
3104 1433 3198 1487 τοῦ
3241 1434 3386 1488 ἀϐϐᾶ
3430 1435 3641 1506 Παμϐὼ
3683 1439 3760 1502 ὡς

2183 1520 2436 1589 ἀστραπὴ
2468 1519 2679 1592 ἔλαμπε
2719 1523 2780 1575 τὸ
2825 1525 3136 1594 πρόσωπον,
3181 1527 3273 1577 καὶ
3306 1521 3373 1596 ἦν
3403 1526 3477 1589 ὡς
3510 1526 3756 1596 βασιλεὺς

2184 1611 2494 1682 καθήμενος
2514 1613 2607 1666 ἐπὶ
2627 1612 2719 1666 τοῦ
2747 1614 2938 1683 θρόνου
2962 1616 3147 1671 αὑτοῦ.
3171 1616 3282 1683 Τῆς
3303 1617 3476 1688 αὐτῆς
3500 1621 3760 1690 ἐργασίας

505 1694 839 1761 operationis
890 1696 1100 1752 exstitit
1139 1697 1310 1752 abbas
1353 1697 1629 1762 Silvanus,
1673 1713 1886 1753 necnon
1913 1697 2082 1752 abbas

2198 1697 2250 1772 ἣν
2283 1703 2379 1754 καὶ
2409 1706 2436 1756 6
2472 1703 2644 1767 άϐϐἄς
2673 1704 2978 1770 Σιλουανὸς,
3009 1708 3103 1760 καὶ
3130 1709 3158 1760 6
3183 1708 3356 1772 ἁϐϐἄς
3387 1709 3598 1782 Σισόης.

508 1781 715 1840 Sisoes.

575 1860 665 1931 15.
705 1877 938 1932 Aiebant
973 1878 1040 1933 de
1087 1879 1284 1934 abbate
1329 1877 1553 1942 Pambo,
1604 1880 1749 1949 quod
1805 1891 2082 1947 nunquam

505 1967 688 2024 vultus
707 1967 828 2038 ejus
862 1968 1137 2024 subrisum
1174 1969 1501 2022 ostenderet.
1533 1967 1776 2034 Quadam
1813 1983 1944 2037 ergo
1972 1966 2082 2029 die,

506 2074 630 2111 cum
660 2060 860 2114 vellent
896 2059 1173 2115 daemones
1199 2059 1416 2114 efficere
1447 2070 1501 2114 ut
1533 2059 1752 2122 rideret,
1782 2059 2084 2130 ligaverunt

507 2152 646 2204 alain
680 2152 744 2205 ad
773 2153 998 2221 lignum,
1024 2154 1445 2223 portabantque.
1479 2153 1742 2208 facientes
1768 2154 2080 2213 tumultum,

507 2258 572 2297 ac
607 2244 879 2299 dicentes:
910 2245 1048 2308 Alle,
1079 2246 1205 2298 alle.
1237 2245 1385 2310 Quos
1411 2259 1642 2299 cernens
1673 2245 1840 2297 abbas
1856 2241 2080 2305 Pambo,

505 2333 650 2387 risit.
709 2332 988 2387 Daemones
1039 2347 1169 2387 vero
1225 2340 1511 2400 cmperunt
1574 2330 1910 2401 tripudiare:
1946 2329 2082 2394 Vah,

507 2423 634 2484 vah,
670 2425 1000 2493 inquientes,
1026 2422 1231 2478 Pambo
1270 2425 1413 2477 risit.
1445 2424 1513 2475 At
1543 2424 1632 2477 ille
1665 2423 1946 2493 respondit
1968 2426 2080 2478 eis:

506 2505 623 2563 Non
676 2510 793 2568 risi,
841 2509 934 2562 sed
974 2508 1142 2562 derisi
1206 2509 1630 2564 imbecillitatem
1679 2519 1940 2578 vestram,
1991 2513 2084 2581 qui

507 2615 670 2652 unam
704 2599 842 2652 alam
874 2605 951 2652 tot
982 2607 1208 2654 numero
1239 2601 1488 2670 portetis.

579 2690 664 2744 M.
713 2689 944 2761 Rogavit
977 2691 1146 2746 abbas
1177 2690 1497 2747 Theodorus
1528 2692 1876 2748 Pltermensis
1921 2694 2086 2748 abba—

473 2791 616 2836 'tem
668 2779 908 2836 Pambo:
951 2782 1144 2837 Profer
1183 2785 1312 2838 mihi
1367 2785 1614 2840 verbum.
1660 2787 1736 2838 Ac
1770 2800 1913 2854 argre
1950 2785 2085 2840 dixit

510 2871 622 2925 illi:
691 2869 995 2937 Theodore,
1056 2873 1182 2937 abi;
1236 2873 1669 2928 misericordiam
1715 2888 1909 2928 exerce
1959 2888 2084 2943 crga

509 2976 722 3018 omnes.
757 2962 1133 3019 Misericordia
1171 2965 1314 3019 enim
1355 2965 1561 3019 invenit
1611 2964 1860 3018 fiduciam
1901 2978 2083 3017 coram

510 3043 640 3110 Deo.

1055 3159 1134 3221 De
1165 3169 1350 3221 abbate
1383 3167 1550 3222 Pisto.

582 3282 660 3352 (9)
699 3281 954 3336 Narratio
1005 3281 1164 3343 Pisti,
1211 3282 1266 3334 in
1321 3282 1433 3335 lucc
1474 3282 1671 3336 verba:
1712 3281 1962 3338 Adiimus
2004 3299 2090 3339 sc-

511 3382 659 3446 ptem
707 3373 1052 3427 anachoreta:
1098 3371 1350 3427 abbatem
1399 3373 1612 3427 Sisoem
1639 3373 1973 3430 habitantem
2033 3377 2088 3430 in

511 3464 809 3534 Clysmate,
837 3471 891 3518 et
913 3463 1228 3532 rogavimus
1264 3479 1388 3518 eum
1432 3470 1488 3518 ut
1525 3464 1686 3521 nobis
1721 3466 1942 3535 aliquod
1974 3482 2092 3522 ver-

512 3552 643 3610 bum
707 3553 996 3624 proferret.
1052 3553 1342 3626 Dixitque:
1389 3555 1657 3627 Ignoscite
1703 3558 1872 3624 mihi;
1930 3560 2092 3615 homo

512 3661 635 3702 sum
668 3646 836 3700 idiota
857 3689 870 3713 ,
901 3645 997 3701 sed
1030 3647 1152 3701 veni
1195 3646 1489 3718 aliquando
1540 3647 1607 3703 ad
1639 3648 1890 3704 abbatem
1930 3648 2004 3706 0r
2040 3659 2093 3705 et

515 3741 769 3795 abbatem
796 3740 1008 3806 At’lire;
1047 3741 1299 3797 infirmus
1354 3749 1534 3796 autem
1570 3749 1686 3796 erat
1717 3742 1885 3798 abbas
1911 3743 1986 3798 0r
2025 3744 2093 3798 ab

517 3832 824 3887 octodecim
876 3834 1070 3899 annis;
1098 3833 1435 3903 supplexque
1477 3834 1544 3886 ab
1587 3834 1653 3889 iis
1695 3835 1824 3903 petii
1863 3845 1922 3889 ut
1962 3836 2094 3889 mihi

516 3924 721 3994 aliquid
749 3924 1010 3978 dicerent.
1047 3923 1185 3978 Tum
1219 3925 1296 3977 ait
1319 3924 1488 3978 abbas
1516 3925 1616 3977 0r:
1665 3923 1806 3989 Quid
1843 3924 1937 3979 tibi
1968 3940 2095 3994 pro-

523 4015 668 4085 loqui
711 4014 914 4069 habeo?
942 4013 1064 4076 Abi,
1098 4013 1244 4084 quod
1298 4014 1477 4068 cernis
1526 4012 1711 4067 facito.
1770 4013 1913 4069 Deus
1949 4014 2095 4070 illius

519 4116 625 4168 est,
660 4106 751 4172 qui
780 4105 1001 4159 sibimet
1030 4103 1286 4172 injurialn
1324 4111 1416 4156 aut
1451 4105 1555 4157 vim
1583 4103 1638 4156 in
1665 4104 1921 4159 omnibus
1942 4104 2094 4160 facit.

519 4195 692 4248 Porro
720 4195 888 4248 abbas
925 4194 1000 4248 Or
1024 4203 1076 4248 et
1101 4195 1268 4248 abbas
1283 4193 1451 4249 Athre
1481 4211 1589 4250 non
1619 4203 1777 4251 erant
1808 4213 1876 4252 ex
1905 4198 2094 4253 eadem

522 4285 781 4355 regione;
817 4284 914 4337 sed
944 4300 1139 4356 magna
1188 4287 1328 4341 inter
1373 4296 1664 4358 utrumque
1719 4290 1933 4344 exstitit
1960 4306 2096 4344 con-

2253 1877 2341 1941 ιγ’.
2381 1869 2604 1938 Ἔλεγον
2633 1870 2761 1940 περὶ
2788 1868 2880 1921 τοῦ
2923 1865 3067 1920 άϐϐᾶ
3106 1865 3336 1935 Παμϐὼ,
3371 1864 3453 1917 ὅτι
3499 1865 3754 1918 οὐδέποτε

2184 1963 2392 2033 ἐμειδία
2424 1961 2484 2013 τὸ
2526 1960 2814 2028 πρόσωπον
2846 1957 3028 2012 αύτοῦ.
3080 1958 3223 2018 Μιᾶς
3264 1951 3356 2008 οὖν
3385 1954 3492 2006 τῶν
3533 1953 3756 2024 ἡμερῶν

2188 2054 2430 2115 θέλοντες
2445 2053 2493 2104 οἱ
2510 2052 2756 2119 δαίμονες
2773 2047 2994 2123 ποι-ἧσαι
3015 2047 3174 2101 αὑτὸν
3203 2046 3452 2114 γελάσαι,
3469 2045 3659 2115 ἔδησαν
3676 2047 3760 2106 είς

2186 2146 2340 2212 ξύλον
2367 2143 2584 2212 πτερὸν,
2612 2141 2706 2194 καὶ
2735 2139 3053 2203 ἐϐάσταζον,
3087 2138 3313 2208 θόρυϐον
3345 2135 3640 2197 ποιοῦντες,
3664 2135 3760 2187 καὶ

2184 2237 2432 2304 λέγοντες
2456 2251 2467 2264 ·
2506 2232 2685 2302 Ἀλλὴ,
2704 2232 2837 2302 άλλή
2865 2229 2998 2298 (10).
3041 2228 3185 2283 Ἰδὼν
3226 2229 3281 2281 δὲ
3307 2229 3500 2289 αὐτοὺς
3529 2228 3558 2276 6
3585 2226 3762 2289 6665.;

2186 2328 2396 2401 Παμϐὼ
2423 2327 2699 2394 ἐγέλασεν.
2739 2326 2799 2376 Οἱ
2838 2324 2892 2376 δὲ
2934 2324 3187 2393 δαίμονες
3225 2321 3460 2392 ἤρξαντο
3489 2320 3761 2392 χορεύειν,

2187 2425 2460 2492 λέγοντες·
2493 2419 2627 2480 Οὐὰ,
2661 2417 2780 2482 ούὰ,
2820 2416 3030 2485 Παμϐὼ
3057 2417 3374 2487 γεγέλακεν·
3406 2418 3434 2468 ὁ
3457 2416 3511 2468 δέ
3544 2418 3776 2483 ἀποκρι-

2192 2515 2304 2576 θεὶς
2319 2508 2470 2565 εἶπεν
2488 2510 2670 2570 αὐτοῖς
2691 2523 2702 2536 ·
2731 2509 2842 2561 Οὐκ
2859 2508 3112 2575 ἐγέλασα,
3138 2508 3274 2562 ἀλλὰ
3304 2507 3648 2575 κατεγέλασα
3670 2505 3777 2575 τὴν

2193 2601 2501 2671 ἀδυναμίαν
2533 2599 2706 2671 ὑμῶν,
2741 2600 2824 2652 ὅτι
2855 2599 3096 2652 τοσοῦτοι
3124 2601 3183 2652 τὸ
3208 2600 3405 2670 πτερὸν
3441 2594 3773 2670 βαστάζεεε.

2261 2690 2340 2743 ιδ’.
2395 2689 2706 2760 Ἠρώτησεν
2739 2690 2766 2741 6
2801 2688 2975 2752 ἀϐϐᾶς
3003 2687 3276 2758 Θεόδωρος
3300 2687 3412 2754 (ll)
3445 2688 3474 2740 6
3504 2686 3600 2756 τῆς
3626 2682 3771 2753 disp.

2191 2801 2296 2853 μης
2333 2783 2423 2836 τὸν
2459 2782 2632 2835 ἁϐϐἄν
2671 2781 2901 2852 Παμϐώο
2944 2781 3080 2833 Εἰπέ
3137 2797 3226 2850 μοι
3273 2780 3442 2850 ῥῆμα.
3478 2778 3590 2830 Καὶ
3624 2778 3775 2846 μετὰ

2189 2875 2385 2927 πολλοῦ
2419 2877 2590 2928 κόπου
2615 2871 2765 2928 εἶπεν
2793 2873 2962 2944 αὐτῷ’
2991 2873 3258 2943 Θεόδωρε,
3290 2872 3486 2939 ὕπαγε,
3522 2869 3582 2922 τὸ
3613 2867 3774 2931 ἔλεός

2191 2982 2283 3017 σου
2315 2966 2403 3035 ἔχε
2435 2967 2524 3018 ἐπὶ
2549 2966 2781 3028 πάντας*
2826 2967 2888 3018 τὸ
2926 2965 3034 3036 γὰρ
3077 2964 3225 3027 ἔλεος
3265 2959 3420 3034 εὗρεν
3455 2961 3777 3033 παρρησίαν

2113 3093 2156 3148 C
2189 3056 2418 3111 ἐνώπιον
2450 3058 2543 3110 τοῦ
2569 3057 2722 3110 Θεοῦ.

2602 3170 2742 3237 Περὶ
2776 3169 2880 3223 τοῦ
2909 3168 3057 3224 ἀϐϐᾶ
3091 3167 3337 3222 Πιστοῦ.

2256 3280 2563 3350 Διηγήσατο
2591 3281 2619 3331 6
2646 3279 2819 3343 ἁϐϐᾶς
2838 3281 2880 3311 ³⁸
2899 3280 3119 3342 Πιστὸς,
3150 3278 3346 3346 λέγων,
3376 3276 3460 3330 ὅτι
3501 3273 3783 3345 Ἀπήλθο-

2193 3388 2290 3441 μεν
2311 3369 2450 3422 ἑπτὰ
2479 3370 2831 3439 άναχωρηταὶ
2853 3370 2986 3441 πρὸς
3015 3369 3104 3421 τὸν
3129 3367 3303 3421 άϐϐἄν
3333 3366 3526 3436 Σισόην
3552 3363 3784 3417 οἰκοῦν-

2187 3480 2258 3517 τα
2291 3463 2348 3514 ὲν
2380 3462 2457 3532 τῷ
2492 3461 2779 3531 Κλύσματι
2801 3462 2867 3525 ⁸⁷,
2911 3459 3358 3532 παρακαλοῦντες
3400 3457 3560 3511 αὑτὸν
3590 3457 3786 3510 εἰπεῖν

2192 3557 2321 3626 ἡμῖν
2350 3555 2529 3624 λόγον.
2564 3556 2674 3608 Καὶ
2699 3550 2843 3607 εἴπεο
2869 3553 3269 3626 Συγχωρήσατέ
3295 3567 3405 3623 μοι,
3441 3548 3654 3618 ἰδιώτης
3680 3547 3788 3601 ᾰν-
3896 3535 3904 3541 ’

2193 3646 2410 3714 θρωπός
2453 3647 2586 3715 εἰμι’
2631 3643 2769 3698 ἀλλὰ
2803 3643 3106 3714 παρέϐαλον
3152 3642 3288 3711 πρὸς
3323 3641 3412 3694 τὸν
3443 3638 3615 3693 ἁϐϐᾶν
3644 3638 3786 3708 Ὧρ,

2193 3738 2287 3790 καὶ
2320 3737 2410 3791 τὸν
2438 3737 2610 3790 άϐϐἄν
2651 3737 2828 3808 Ἀθρέ·
2864 3733 2930 3808 ἦν
2959 3737 3016 3789 δὲ
3049 3738 3105 3789 ὲν
3130 3732 3381 3804 ἀσθενείᾳ
3411 3734 3439 3785 6
3468 3730 3642 3794 άϐϐᾶς
3669 3731 3787 3802 Ὧρ

2193 3831 2324 3885 δέκα
2350 3833 2444 3884 καὶ
2473 3830 2618 3884 ὀκτὼ
2653 3829 2767 3900 ἔτη·
2795 3831 2887 3883 καὶ
2923 3827 3115 3883 ἔϐαλον
3149 3829 3331 3890 αὐτοῖς
3359 3826 3668 3897 μετάνοιαν,
3695 3826 3789 3875 εξ·-

2195 3928 2316 3979 πεῖν
2349 3942 2439 3994 μοι
2462 3923 2636 3992 λόγον.
2675 3923 2779 3974 Καὶ
2806 3918 2954 3975 εἶπεν
2977 3924 3004 3974 6
3027 3920 3200 3981 άϐϐἆς
3225 3921 3346 3990 Ὤρ·
3379 3919 3441 3971 Τί
3467 3917 3575 3987 ἔχω
3598 3917 3788 3968 εἰπεῖν

2198 4032 2309 4080 σοι;
2342 4013 2565 4080 ἄπελθε,
2592 4015 2686 4068 καὶ
2717 4014 2745 4066 ὃ
2765 4013 2807 4045 ³⁸
2837 4012 3057 4083 βλέπεις
3085 4011 3328 4080 ποίησον.
3375 4010 3432 4062 ὐ
3468 4005 3600 4069 Θεὸς
3626 4007 3783 4059 ὲκεί-

2195 4125 2286 4161 νου
2319 4107 2456 4172 ἐστὶ,
2489 4106 2583 4160 τοῦ
2620 4105 3094 4167 πλεονεκτοῦντος,
3127 4105 3245 4174 ἤτοι
3279 4101 3619 4172 βιαζομένους
3645 4101 3787 4151 ἐαυ-

2197 4198 2287 4251 τὸν
2323 4200 2400 4260 είς
2430 4197 2626 4251 πάντα.
2651 4199 2764 4251 υύκ
2781 4192 2918 4267 ἦσαν
2941 4196 2998 4248 δὲ
3025 4196 3132 4249 ἀπὸ
3163 4196 3288 4265 μιᾶς
3318 4193 3528 4265 empta;
3550 4193 3577 4243 6
3598 4189 3788 4250 άϐϐᾶς

2204 4289 2323 4357 Ὢρ,
2361 4288 2452 4340 καὶ
2498 4290 2526 4339 6
2559 4286 2730 4349 ὰϐϐᾶς
2775 4285 2952 4355 Ἀθρέο
2991 4285 3206 4353 ἐγένετο
3233 4285 3288 4336 δὲ
3331 4282 3539 4353 μεγάλη
3580 4279 3778 4348 εξρήνη

3655 315 3764 382 372
3873 372 3884 382 .

522 4375 732 4440 cordia,
765 4375 938 4428 donec
961 4391 991 4428 e
1021 4392 1250 4446 corpore
1278 4379 1615 4435 recederent.
1652 4379 1779 4434 Erat
1807 4383 1950 4436 cnim
1979 4391 2086 4437 tum

2204 4378 2404 4447 μεταξὺ
2448 4377 2646 4441 αὐτῶν,
2698 4377 2802 4440 ἕως
2837 4375 3056 4446 ἐξῆλθον
3090 4375 3196 4427 ἀπὸ
3229 4374 3320 4427 τοῦ
3360 4373 3624 4443 σώματος.
3661 4365 3784 4421 Ἦν

523 4482 717 4538 magna
747 4466 1059 4527 obedientia
1095 4443 1308 4523 abbatis
1343 4472 1529 4537 Atbre,
1565 4480 1679 4527 tum
1713 4475 1883 4529 multa
1910 4477 2086 4530 humi-

2201 4443 2310 4540 γὰρ
2344 4469 2552 4539 μεγάλη
2583 4469 2616 4539 ὴ
2654 4468 2866 4539 ὑπακοὴ
2896 4443 2990 4519 ’έοῦ
3018 4466 3160 4520 άϐϐἅ
3201 4465 3382 4536 ’Λθρὲ,
3414 4456 3508 4517 καὶ
3537 4459 3706 4529 πολλὴ
3737 4462 3786 4531 ἠ

525 4557 650 4616 litas
683 4559 898 4614 abbatis
925 4558 1019 4614 Or.
1059 4559 1270 4616 Paucos
1305 4577 1435 4617 vero
1483 4563 1601 4618 dies
1630 4567 1804 4619 mansi
1840 4567 1969 4630 illic,
2007 4568 2086 4621 in-

2201 4558 2665 4631 ταπεινοφροσύνη
2705 4558 2798 4610 τοῦ
2833 4557 2976 4610 ἁϐϐᾶ
3018 4559 3141 4627 Ὠρ.
3189 4557 3450 4625 Ἐποίησα
3477 4553 3534 4606 δὲ
3570 4551 3793 4624 μικρὰς

523 4653 801 4723 vestigans
830 4665 945 4707 eos.
974 4650 1037 4706 Et
1069 4652 1177 4705 vidi
1209 4652 1415 4722 grande
1447 4655 1769 4708 miraculum
1801 4658 1945 4726 quod
1971 4658 2086 4713 fecit

2202 4652 2415 4722 ἡμέρας
2459 4652 2594 4722 πρὸς
2640 4651 2857 4714 αὐτοὺς,
2893 4650 3185 4720 ἀνιχνεύων
3220 4648 3436 4711 αύτούς·
3493 4647 3588 4700 καὶ
3637 4639 3798 4696 εἶδον

527 4745 697 4800 abbas
730 4743 918 4799 Athrc.
947 4743 1143 4798 Attulit
1166 4745 1245 4798 eis
1273 4743 1569 4799 nonnullus
1607 4762 1834 4814 parvum
1869 4751 2086 4817 piscem,

2207 4743 2349 4813 μέγα
2389 4742 2572 4813 θαῦμα
2616 4742 2643 4794 ὃ
2688 4741 2938 4814 ἐποίησεν
2987 4744 3015 4794 6
3062 4741 3232 4804 άϐϐἄς
3290 4738 3469 4810 Ἀθρέ.
3505 4739 3800 4804 Ἥνεγκεν

525 4833 806 4902 voluitque
859 4831 1013 4886 illum
1057 4847 1156 4901 pro
1203 4846 1332 4886 sene
1368 4845 1632 4900 apparare
1665 4832 1834 4887 abbas
1890 4834 2086 4900 Athre;

2202 4835 2383 4896 αὐτοῖς
2411 4851 2492 4896 τις
2532 4833 2726 4904 μικρὸν
2751 4832 2994 4904 ὀψάριον,
3026 4834 3120 4886 καὶ
3149 4832 3427 4903 ἠϐουλήθη
3456 4830 3588 4883 αὐτὸ
3620 4829 3804 4897 ποιῆ-

526 4925 744 4982 tenebat
795 4932 974 4977 autem
1017 4923 1274 4983 cultrum,
1311 4927 1364 4974 et
1410 4921 1680 4975 incidebat
1711 4922 1937 4990 piscem,
1970 4939 2086 4977 cum

2206 4941 2294 4977 σαι
2327 4927 2354 4977 6
2382 4923 2553 4988 ἁϐϐᾶς
2594 4923 2753 4996 Ἀθρὲ
2786 4924 2865 4994 τῷ
2888 4924 3123 4992 γέροντι·
3157 4921 3268 4994 εἶχε
3293 4925 3348 4976 δὲ
3372 4922 3468 4992 τὴν
3501 4920 3810 4990 μάχαιραν

525 5015 742 5072 vocavit
769 5030 893 5069 eum
919 5013 1086 5068 abbas
1115 5011 1190 5067 0r
1211 5031 1224 5066 :
1245 5013 1290 5065 is
1319 5012 1540 5080 reliquit
1563 5013 1798 5065 cultrum
1836 5013 1888 5067 in
1919 5017 2086 5068 medic

2206 5016 2419 5068 κόπτων
2445 5016 2505 5067 τὸ
2529 5015 2772 5085 ὀψάριονο
2789 5016 2880 5068 καὶ
2898 5016 3151 5069 ἐκάλεσεν
3169 5015 3328 5067 αὑτὸν
3354 5016 3382 5066 6
3396 5011 3571 5074 άϐϐᾶς
3588 5011 3694 5081 Ὠρ
3713 5010 3806 5042 ³⁹ο

527 5108 717 5172 piscis,
744 5123 845 5161 nec
874 5106 1143 5174 reliquum
1181 5105 1427 5160 abscidit.
1474 5101 1699 5158 Miratus
1723 5119 1821 5174 ego
1849 5122 2086 5176 magnan‘

2207 5107 2299 5160 καὶ
2323 5107 2501 5177 ἀφῆκε
2534 5107 2632 5178 τὴν
2665 5109 2939 5178 μάχαιραν
2974 5107 3134 5177 μέσον
3161 5105 3254 5158 τοῦ
3283 5104 3531 5176 ὀψαρίου,
3559 5102 3656 5155 καὶ
3682 5103 3816 5155 οὒκ

530 5194 767 5250 hominis
805 5195 1191 5256 obedientiam,
1231 5193 1375 5262 quod
1409 5207 1515 5246 non
1566 5193 1797 5247 dixerit:
1833 5193 2086 5264 Exspecta

2209 5198 2368 5268 ἔκοψε
2397 5198 2456 5250 τὸ
2484 5198 2783 5251 ἐπίλοιπον.
2817 5201 2925 5252 Καὶ
2969 5199 3253 5268 ἐθαύμασα
3285 5196 3382 5268 τὴν
3413 5195 3656 5266 μεγάλην
3683 5193 3820 5246 ὑπ·-

529 5282 704 5338 ‹Ιοιιεο
749 5286 1033 5342 inciderint
1080 5287 1306 5355 piscem,
1356 5287 1729 5356 interrogavi:
1767 5284 1870 5340 Ubi
1907 5293 2086 5339 nactus

2209 5287 2376 5358 ακοὴν
2398 5289 2583 5352 αὐτοῦ,
2606 5290 2738 5342 διότι
2753 5291 2853 5343 οὐκ
2874 5287 3012 5342 εἴπεο
3042 5289 3482 5360 Μακροθύμησον
3502 5288 3608 5348 ἓως
3634 5285 3823 5354 κόψω

602 5419 648 5494 ³Α⁸
680 5420 856 5494 ΑΕκυᾱ.
901 5443 1086 5490 xxxuv,
1128 5425 1217 5481 9.9.
1296 5426 1720 5494 ³⁶Α1.ὰδελφόςο

547 5487 728 5562 ’Λθρὲ,
797 5494 974 5563 Ἀθρὲ.

608 5582 682 5650 (9‘)
733 5579 837 5634 vn.
872 5581 1021 5634 Patr.
1054 5601 1140 5645 xv,
1170 5587 1259 5641 45.

1800 5424 1840 5456 ³⁷
1872 5427 1955 5483 Al.
1991 5430 2055 5497 τῇ

2200 5447 2242 5497 ῳ
2273 5427 2363 5481 τοῦ
2397 5427 2736 5498 Κλύσματος.
2817 5429 2860 5460 ³⁸
2885 5427 2969 5480 Al.
2996 5428 3047 5479 εἴ
3073 5443 3143 5480 τι.
3225 5425 3268 5458 ⁸⁵
3295 5427 3377 5478 Al.
3423 5423 3546 5477 add.
3579 5424 3814 5492 λέγων,

2281 5590 2392 5657 (11)
2433 5588 2772 5658 Ἠρώτησεν
2796 5593 2827 5642 ό
2853 5587 3035 5653 ἀϐϐᾶς
3067 5588 3399 5658 Θεόδωρος.
3421 5585 3532 5640 Hoc
3562 5600 3843 5655 quoque

610 5650 966 5732 (192‘,Axv}ﬂ"
996 5653 1186 5732 «11.115.
1209 5654 1265 5707 Si
1299 5659 1595 5732 mutaveris
1617 5666 1922 5732 accentum,
1941 5657 2103 5732 ac_l_e-
2209 5650 2383 5730 capite
2405 5650 2612 5715 auctior
2643 5650 2726 5714 est
2781 5660 2899 5726 cgio
2929 5650 3276 5713 (Jolbertinus
3306 5650 3492 5712 codex.

541 5729 636 5796 gas
669 5722 826 5794 ἄλλῃ·
867 5722 1019 5792 ἄλλῃ.
1055 5736 1150 5789 pro
1173 5722 1450 5777 incondita
1474 5742 1619 5789 voce,
1647 5728 1751 5780 erit
1781 5729 1936 5793 Alio;
1969 5728 2097 5784 alio.
