4020 6202
248 297 357 359 τρῖὸ

1384 304 2000 363 APOPHTHEGMATA
2040 308 2352 367 PATRUH.
3407 317 3514 373 5·ἔὶ

244 417 314 471 τὸ
336 415 587 488 ὀψάριον.
630 409 797 471 Εἶπον
834 416 892 472 δέ
924 419 1003 491 τῷ
1034 420 1178 493 ἀὸὃᾷ
1216 420 1394 493 Ἀθρέ·
1420 421 1532 476 Ποῦ
1562 417 1717 496 εὗρες
1737 426 1837 498 τὴν

1946 442 1999 481 es
2032 434 2237 482 tantam
2284 426 2695 483 obedientiam?
2727 430 2815 483 Ait
2867 431 3034 486 mihi:
3066 428 3185 486 Non
3245 441 3332 489 est
3378 448 3518 497 mea,

245 509 503 581 ὑπακοὴν
529 510 768 582 ταύτηνς
796 512 907 564 Kal
933 507 1057 566 εἶπέ
1090 530 1202 584 μοι·
1235 515 1349 567 Οὐκ
1377 514 1526 569 ἐστιν
1549 516 1677 588 ἐμὴ,
1707 518 1840 572 ἀλλὰ

252 602 355 655 τοῦ
384 602 631 675 γέροντός
657 604 797 659 ἐστι.
822 605 935 659 Kal
956 605 1118 660 ἔλαθέ
1145 622 1212 677 με
1241 607 1436 676 λέγων·
1460 609 1654 680 Δεῦρο.
1676 611 1839 681 βλέπε

257 689 359 763 τὴν
385 691 627 764 ὑπακοὴν
647 693 835 747 αὐτοῦ.
851 695 963 748 Kal
982 695 1160 767 ἥψησε
1173 696 1235 750 τὸ
1248 697 1295 731 ⁸⁸
1308 698 1556 772 ὀψάριον,
1582 702 1673 754 καὶ
1693 702 1839 771 ἠφά-

261 801 403 838 νισεν
433 784 567 838 αὐτό
608 784 799 852 θέλων,
849 785 945 841 καὶ
994 786 1276 860 παρέθηκε
1318 789 1399 861 τῷ
1443 791 1679 863 γέροντι.
1730 794 1839 846 Kal

258 874 425 944 ἔφαγε
453 876 622 947 μηδὲν
647 876 908 947 λαλήσας.
951 878 1061 930 Kal
1090 872 1243 932 εἶπεν
1277 880 1447 953 αὐτῷ·
1487 882 1668 936 Καλόν
1699 885 1835 948 ἐστι,

263 966 446 1036 γέρως
482 967 594 1021 Kal
616 966 913 1040 ἀπεκρίθη·
950 968 1128 1022 Καλόν
1154 971 1270 1023 ἐστι
1293 972 1456 1026 πάνυ.
1480 972 1638 1027 Μετὰ
1667 973 1839 1028 ταῦτα

260 1061 483 1132 ἤνεγκεν
500 1062 653 1133 αὐτῷ
678 1063 874 1135 μικρὸν
903 1062 1068 1118 καλὸν
1089 1064 1315 1137 σφόδρα,
1336 1067 1435 1122 καὶ
1458 1063 1634 1123 εἶπεν·
1672 1069 1838 1139 Ἠφά-

256 1169 374 1206 ma
402 1153 553 1217 αὐτὸ,
585 1155 769 1226 γέρον.
795 1156 907 1209 Kal
932 1156 1232 1229 ἀπεκρίθη,
1260 1156 1454 1227 λέγων·
1483 1159 1614 1225 Nal,
1640 1161 1835 1231 ἠφάνιο

255 1260 353 1307 σας
385 1244 517 1299 αὐτὸ
548 1247 769 1317 μικρόν.
801 1247 912 1303 Kal
944 1243 1069 1303 εἶπέ
1091 1252 1232 1323 μοιό
1259 1252 1436 1316 ἀόσᾶς
1478 1252 1652 1326 ’Δθρέ·
1682 1252 1835 1318 Εἶδες

250 1336 331 1390 ὅτι
362 1337 396 1408 ἡ
426 1338 640 1410 ὑπακοὴ
658 1338 754 1392 τοῦ
780 1338 1033 1411 γέροντός
1052 1343 1200 1409 ἐστι;
1230 1344 1340 1397 Kal
1368 1344 1595 1415 ἐξῆλθον
1623 1345 1721 1417 ait”
1738 1347 1835 1400 αὐ-

249 1426 383 1490 τῶν,
415 1428 509 1481 καὶ
530 1427 584 1481 ετ
598 1447 649 1482 τι
679 1424 837 1493 εἶδον,
854 1431 1144 1502 ἐποιησα⁵¹
1172 1431 1269 1504 τὴν
1291 1433 1522 1504 δύναμιν
1547 1450 1649 1504 μου
1674 1434 1838 1504 φυλά-

248 1514 363 1579 ξαι.
389 1514 573 1572 Ταῦτα
600 1513 718 1571 εἷπε
743 1521 858 1583 τοῖς
881 1519 1133 1590 ἀδελφοῖς
1153 1523 1183 1575 6
1206 1522 1386 1587 ἀὸσᾶς
1415 1524 1631 1596 Σισόης.
1659 1520 1755 1589 Εἷς
1777 1525 1834 1579 δὲ

248 1607 310 1672 ἐξ
324 1607 489 1678 ήμῶν
508 1609 881 1681 παρεκάλεσεν
901 1612 1085 1678 αὐτὸν,
1110 1612 1304 1683 λέγων·
1329 1615 1562 1687 Ποίησον
1587 1618 1829 1690 ἀγάπην,

247 1697 372 1752 εἰπὲ
393 1699 528 1770 ἡμῖν
557 1701 654 1753 καὶ
688 1701 850 1765 αὐτὸς
890 1702 985 1756 Eva
1016 1703 1194 1774 λόγον.
1243 1706 1353 1759 Kal
1384 1702 1560 1761 εἶπεν·
1611 1708 1671 1762 '0
1700 1725 1832 1761 κατ-

1943 518 2091 572 senis
2130 524 2234 573 est.
2280 518 2704 589 Assumpsitqne
2749 536 2856 585 me,
2898 519 3058 587 Veni,
3090 522 3364 593 inquiens,
3399 524 3524 579 vide

1939 606 2307 662 obedientiam
2337 608 2510 663 illius.
2535 606 2697 663 Coxit
2729 609 2914 680 itaque
2948 612 3175 680 piscem,
3228 627 3292 666 ac
3338 613 3522 669 dedita

1939 710 2105 765 opera
2134 696 2368 760 vitiavit,
2395 698 2763 768 apposuitque
2791 699 2929 753 seni.
2955 698 3057 764 Qui
3087 700 3342 768 comedit,
3372 702 3523 755 locu—

1940 795 2031 844 tus
2063 787 2221 842 nihil.
2251 787 2398 843 Dixit
2435 790 2522 845 ei:
2556 789 2743 844 Bonus
2776 800 2880 857 est,
2922 791 3127 846 senex?
3176 791 3519 863 Respondit:

1939 876 2209 950 Optimus.
2244 879 2442 936 Postea
2471 883 2520 938 ei
2554 883 2738 938 attulit
2767 883 3045 937 modicum
3079 883 3186 939 cibi
3220 886 3356 938 scite
3381 900 3518 954 pra:-

1937 972 2148 1041 parati,
2189 972 2728 1044 dixitque:Corrupi
2766 973 2892 1039 hoc,
2939 988 3135 1031 senex.
3187 972 3519 1043 Respondit:

1936 1061 2131 1128 Etiam,
2189 1079 2479 1135 parumper
2532 1067 2850 1137 corrupisti.
2902 1064 3054 1120 'l‘unc
3114 1067 3180 1120 ad
3228 1081 3313 1121 me
3352 1066 3521 1120 abbas

1938 1154 2133 1208 Athre:
2169 1153 2383 1218 Vidisti,
2412 1156 2779 1211 obedientiam
2806 1157 2955 1211 senis
2979 1158 3146 1212 esse?
3182 1158 3248 1210 Et
3278 1158 3417 1212 exivi
3454 1159 3522 1210 ah

1939 1247 2038 1310 iis,
2074 1262 2303 1317 quaeque
2332 1248 2597 1313 videram,
2627 1263 2725 1319 pro
2749 1249 2890 1303 virili
2921 1263 3041 1303 mea
3069 1248 3366 1304 custodivi.
3396 1247 3523 1304 Hac

1934 1339 2257 1409 prolocutus
2296 1347 2379 1394 est
2412 1338 2677 1395 fratribus
2706 1339 2877 1395 abbas
2910 1337 3121 1396 Sisoes.
3159 1338 3310 1395 Unus
3340 1350 3520 1394 autem

1935 1447 1966 1484 e
2002 1429 2163 1485 nobis
2208 1431 2416 1501 rogavit
2472 1445 2618 1495 eum,
2655 1439 2714 1483 ut
2770 1430 2976 1487 faceret
3030 1446 3168 1500 opus
3211 1431 3521 1492 eharitatis,

1936 1522 2052 1592 ipse
2084 1522 2247 1576 etiam
2288 1521 2509 1592 aliquod
2557 1521 2782 1576 verbum
2830 1522 2991 1577 nobis
3037 1520 3328 1592 proferret.
3366 1521 3523 1577 Unde

1935 1615 2016 1670 sic
2069 1614 2285 1668 locutus
2336 1621 2458 1668 est:
2494 1610 2598 1678 Qui
2652 1611 2947 1682 plurimum
2995 1612 3241 1668 scientia:
3292 1613 3518 1676 obtinet,

1933 1720 2152 1759 onmem
2193 1704 2411 1775 perlicit
2453 1703 2819 1774 Scripturam.
2848 1703 3069 1761 Rursus
3097 1713 3347 1760 nostrum
3379 1706 3520 1758 alius

244 1787 390 1859 έχων
417 1788 477 1841 τὸ
518 1789 827 1860 ἀψήφιστον
874 1792 933 1844 ἐν
978 1791 1199 1861 γνώσει,
1243 1795 1482 1849 ἐπιτελεῖ
1526 1797 1706 1851 πᾶσαν
1735 1796 1833 1868 τὴν

1946 1801 2294 1865 percontatus
2341 1802 2467 1851 est:
2521 1793 2665 1861 Quid
2728 1805 2811 1850 est
2874 1796 3262 1867 peregrinatio,
3324 1795 3521 1850 Pater?

243 1877 493 1950 Γραφήν.
528 1879 701 1958 Πάλιν
743 1879 931 1953 ἐτερος
961 1882 1024 1950 ἐξ
1062 1882 1217 1955 ἡμῶν
1248 1881 1401 1939 εἶπεν
1429 1886 1599 1958 αὐτῷ·
1627 1887 1693 1940 Τί
1718 1889 1834 1941 ἐστι

242 1968 484 2035 intrata
506 1966 639 2040 (1‘2),
663 1970 873 2042 Πάτερς
898 1972 1011 2028 Kal
1031 1969 1173 2029 εἷπε·
1202 1975 1412 2042 Σιώπα,
1438 1976 1532 2030 καὶ
1556 1977 1698 2031 εἰπέ·
1719 1976 1835 2033 Οὐκ

241 2060 362 2133 εχω
407 2065 656 2136 πρᾶγμα,
701 2066 757 2118 ἐν
803 2067 968 2120 παντὶ
1000 2067 1152 2139 τόπῳ
1181 2068 1314 2122 ὅπου
1345 2064 1441 2123 ἐὰν
1466 2069 1703 2143 ἀπέρχῃ·
1742 2071 1835 2123 καὶ

241 2152 399 2224 αὕτη
426 2155 570 2209 ἐστὶν
595 2159 627 2228 ἡ
660 2155 915 2221 ξενιτεία.

700 2265 842 2333 Περὶ
872 2265 979 2319 τοῦ
1015 2266 1168 2323 ἀόὅᾶ
1192 2269 1372 2337 Πίωρ.

314 2380 388 2427 a'.
440 2375 499 2430 '0
532 2377 804 2450 μακάριος
850 2379 1005 2451 Πίωρ
1034 2382 1413 2453 ἐργασάμενος
1454 2385 1537 2448 εἰς
1583 2384 1645 2438 τδ
1678 2385 1835 2458 θέρος

245 2462 398 2536 παρά
436 2483 563 2530 τινι,
595 2469 982 2541 ὑπεμίμνησκε
1025 2471 1212 2527 λαόεῖν
1258 2474 1351 2528 τὸν
1408 2473 1628 2542 μισθόν·
1656 2475 1748 2531 τοῦ
1778 2477 1835 2531 δέ

244 2556 645 2630 ὑπερθεμένου,
675 2563 756 2626 εἰς
778 2563 880 2635 τὴν
902 2564 1070 2636 μονὴν
1095 2566 1388 2638 ἐπανῆλθε.
1407 2568 1576 2624 Πάλιν
1603 2568 1695 2623 τοῦ
1714 2586 1835 2624 και-

241 2647 339 2718 ροῦ
366 2648 717 2717 καλέσαντος,
745 2654 965 2727 θερίσας
998 2656 1128 2728 παρ’
1150 2657 1320 2731 αὐτῷ,
1348 2660 1444 2714 καὶ
1472 2660 1612 2731 μετὰ
1638 2660 1838 2731 προθυ-

248 2740 376 2811 μίας
423 2744 825 2814 ἐργασάμενος,
852 2748 1005 2802 οὐδὲν
1046 2749 1257 2803 ἐκείνου
1310 2750 1704 2822 παρασχόντος,
1732 2752 1832 2805 ἐπ-

245 2833 478 2906 ανῆλθεν
502 2838 604 2900 ῗείς
652 2838 753 2910 τὴν
801 2841 970 2914 μονὴν
1012 2841 1201 2897 αὐτοῦ.
1234 2841 1343 2897 Τοῦ
1382 2843 1438 2897 δέ
1475 2842 1658 2914 τρίτου
1699 2861 1835 2915 συμ-

245 2922 626 2998 πληρωθέντος
659 2927 832 2995 ἐτους,
867 2932 965 3003 τὴν
991 2932 1195 3005 συνήθη
1239 2933 1503 3005 ἐργασίαν
1531 2932 1763 2999 τελέσας
1808 2938 1837 2989 6

241 3017 448 3089 γέρων,
478 3021 794 3094 ἀνεχώρησε
848 3025 1014 3097 μηδὲν
1057 3025 1312 3096 εἰληφώς.
1349 3029 1460 3081 Kal
1499 3025 1594 3082 τοῦ
1629 3029 1837 3099 Κυρίου

1932 1886 2282 1957 Responsum
2314 1887 2499 1943 dedit:
2534 1887 2699 1955 Tace,
2732 1896 2786 1945 et
2823 1888 2879 1942 in
2916 1889 3065 1944 omni
3096 1889 3238 1953 loco,
3270 1888 3322 1943 in
3356 1904 3516 1958 quem

1937 1978 2247 2041 adveneris,
2290 1980 2490 2036 dicito:
2529 1979 2677 2035 Nihil
2722 1980 2897 2036 habeo
2942 1981 3178 2051 negotii;
3209 1991 3371 2051 atque
3405 1981 3517 2034 haec

1934 2082 2021 2133 est
2043 2076 2436 2148 peregrinatio.

2494 2273 2567 2327 De
2590 2272 2777 2327 abbate
2814 2270 2963 2326 Pior.

2009 2386 2060 2442 l.
2104 2385 2300 2440 Beatus
2335 2382 2464 2440 Pior
2499 2385 2590 2440 ubi
2636 2384 2779 2454 apud
2804 2384 3037 2455 aliquem
3071 2383 3125 2438 in
3175 2397 3354 2438 messe
3382 2397 3516 2452 0pc-

1935 2493 2051 2535 ratn
2088 2484 2384 2543 aavasset,
2413 2473 2834 2532 commonefecit
2881 2476 2949 2530 de
3002 2474 3322 2544 accipienda
3368 2487 3517 2527 mer-

1935 2571 2111 2627 cede:
2141 2578 2308 2642 atque
2333 2570 2430 2625 illo
2461 2568 2767 2634 dill'erente,
2802 2568 2962 2626 rediit
2999 2569 3052 2621 in
3101 2564 3526 2621 monasterium-

1937 2665 2155 2721 Rursus
2181 2671 2431 2735 tempore
2462 2662 2785 2728 advocante,
2813 2659 3045 2717 messnit
3067 2657 3213 2731 apud
3242 2657 3519 2719 eumdem,

1936 2765 1991 2814 et
2022 2757 2281 2812 alacriter
2312 2755 2367 2809 in
2391 2768 2531 2824 opus
2554 2753 2839 2815 incubuit,
2874 2766 3110 2821 cumque
3135 2751 3183 2806 is
3220 2750 3354 2805 nihil
3381 2764 3517 2819 prae—

1938 2852 2110 2913 beret,
2137 2863 2393 2905 reversus
2433 2856 2519 2903 est
2563 2846 2622 2900 in
2668 2843 3062 2900 monasterium
3113 2857 3297 2896 suum.
3333 2840 3518 2893 Tertio

1938 2941 2143 3012 pariter
2195 2938 2468 3009 completo
2521 2950 2688 2998 anno,
2740 2934 2962 2989 solitum
3029 2946 3168 3002 opus
3227 2938 3517 3001 postquam

1938 3031 2186 3103 perfecit,
2228 3029 2496 3093 recessit,
2530 3042 2656 3083 cum
2689 3025 2825 3081 nihil
2864 3023 3187 3092 accepisset.
3231 3021 3298 3072 At
3336 3016 3520 3101 Domi-

243 3108 542 3175 ἐτάσαντος
596 3111 687 3165 τὸν
724 3114 933 3169 ἐκείνου
968 3110 1137 3181 οἷκον,
1174 3117 1571 3189 ἐπιφερόμενος
1610 3118 1703 3172 τὸν
1749 3136 1836 3189 μι-

1946 3138 2045 3179 nus
2084 3121 2424 3193 prosperavit
2474 3121 2697 3175 domum
2766 3114 3028 3171 hominis.
3078 3111 3235 3166 Unde
3283 3107 3517 3164 afl‘ereus

238 3200 393 3268 σθδν,
438 3203 521 3266 εἰς
567 3202 638 3258 τὰ
685 3208 1021 3279 μοναστήρια
1055 3208 1287 3279 περιῆγε
1320 3207 1500 3280 ζητῶν
1540 3209 1633 3263 τὸν
1654 3210 1830 3280 ἆγιον.

240 3293 350 3345 Kal
390 3293 548 3364 μόλις
571 3294 745 3367 εὑρὼν
778 3298 961 3365 αὑτὸν,
996 3298 1305 3370 προσέπεσε
1353 3302 1470 3365 τοῖς
1520 3303 1679 3356 ποσὶν
1733 3302 1836 3356 αὖ·

240 3383 364 3438 τοῦ·
404 3385 506 3439 καὶ
531 3387 813 3453 ἀποδιδοὺς
840 3389 1101 3459 ἔφασκεν,
1136 3391 1219 3443 ὅτι
1255 3391 1409 3463 Ἐμοὶ
1441 3395 1470 3447 6
1502 3393 1708 3465 Κύριος
1729 3396 1836 3449 ἀπ·

1938 3216 2266 3279 mercedem,
2323 3228 2421 3285 per
2470 3208 2806 3267 monasteria
2862 3204 3152 3268 circuibat,
3222 3197 3517 3273 quaerendo
3588 3228 3595 3235 κ

1937 3317 2210 3365 sanctum.
2241 3305 2362 3373 Quo
2392 3307 2482 3360 vix
2516 3306 2739 3360 invento
2764 3338 2781 3367 ,
2813 3298 3047 3370 procidit
3082 3296 3149 3353 ad
3178 3296 3344 3367 pedes
3375 3292 3517 3364 ejus,

1936 3399 2242 3457 mercedem
2289 3399 2486 3465 solvit,
2535 3395 2827 3466 dixitque:
2874 3389 3004 3445 Mihi
3040 3388 3307 3445 Dominus
3350 3385 3519 3456 largi-

234 3475 470 3531 έδωκεν.
486 3477 548 3531 Ὀ
569 3477 624 3532 δὲ
646 3479 943 3552 ἐπέτρεψεν
968 3482 1116 3555 αὑτῷ
1147 3488 1448 3556 παρασχεῖν
1468 3486 1611 3541 αὐτὰ
1636 3489 1716 3551 εἰς
1737 3487 1836 3557 τὴν

1946 3498 2027 3547 tus
2047 3499 2150 3548 est.
2192 3488 2288 3545 llle
2315 3502 2445 3544 vero
2497 3486 2777 3542 mandavit
2827 3491 2888 3539 ut
2934 3482 3172 3539 traderet
3202 3474 3521 3552 presbytero

241 3566 549 3638 ἐκκλησίαν
578 3568 657 3641 τῷ
688 3572 1066 3645 πρεσϐυτέρῳ.

313 3659 384 3730 β’.
442 3661 502 3715 ’0
548 3661 721 3725 esse;
760 3664 912 3737 Πίωρ
962 3668 1281 3740 περιπατῶν
1316 3667 1490 3739 ἤσθιε.
1521 3669 1837 3742 Πυθομένου

239 3753 297 3805 δέ
328 3768 504 3816 τινος,
538 3755 689 3809 Διατί
715 3753 891 3819 οὕτως
916 3757 1152 3825 ἐσθίεις;
1185 3760 1259 3813 Οὐ
1296 3759 1580 3832 βούλομαι,
1607 3760 1736 3833 ἐφη,
1761 3761 1838 3826 ώς

242 3842 396 3916 ἔργῳ
421 3844 503 3917 τῷ
520 3841 777 3918 βρώματι
807 3850 1271 3922 χρήσασθαι,λὰλλ’
1291 3851 1365 3917 ὡς
1392 3852 1674 3926 παρέργῳ.
1697 3854 1839 3926 Πρὸς

243 3935 439 4008 ἕτερον
470 3936 530 3989 δὲ
558 3940 684 4010 περὶ
719 3940 911 3996 τούτου
939 3944 1298 4014 ἐρωτήσαντα
1322 3945 1689 4017 ἁπεκρίνατο·
1718 3946 1839 4000 Ἵνα

244 4027 386 4097 μηδὲ
422 4027 483 4081 ἐν
512 4028 593 4098 τῷ
617 4029 840 4096 ἐσθίειν,
859 4034 1045 4103 φησὶν,
1074 4033 1266 4105 ἡδονῆς
1296 4036 1614 4107 σωματικῆς
1642 4035 1838 4091 αἰσθά-

248 4135 412 4189 νηται
439 4121 474 4190 ῆ
501 4118 649 4192 ψυχή
681 4139 802 4192 μου.

314 4218 388 4279 γ’.
444 4211 697 4279 Ἐγένετο
741 4229 871 4266 ποτε
919 4214 1197 4289 συνέδριον
1229 4217 1287 4269 ἐν
1318 4217 1517 4288 Σκήτει
1547 4218 1674 4288 περὶ
1704 4233 1841 4284 σφα-

244 4297 436 4364 λέντος
464 4300 696 4371 ἀδελφοῦ
717 4319 731 4331 ο
759 4303 856 4357 καὶ
888 4302 1110 4358 ἐλάλουν
1141 4307 1189 4359 οἱ
1216 4306 1461 4378 Πατέρες
1486 4323 1499 4337 ⁸
1534 4308 1563 4360 6
1588 4307 1645 4361 δὲ
1668 4306 1841 4371 ὰὸὄᾶς

245 4393 405 4466 Πίωρ
441 4392 685 4449 ἐσιώπα·
724 4396 949 4469 ὕστερον
983 4399 1038 4453 δὲ
1066 4401 1304 4466 ἀναστὰς
1355 4401 1568 4472 ἐξῆλθε,
1603 4403 1696 4455 καὶ
1743 4402 1841 4456 λα-

1938 3583 1992 3637 in
2028 3581 2284 3637 ecclesia.
3517 3622 3523 3627 .

2004 3672 2059 3726 ἓ.
2106 3670 2219 3743 (l3)
2262 3670 2443 3726 Abbas
2494 3667 2624 3723 Pior
2672 3664 3003 3721 ambulando
3054 3662 3392 3717 comedebat.
3457 3658 3522 3710 lit

1939 3766 2307 3834 interregante
2338 3760 2574 3833 quodam
2604 3771 2775 3830 quare
2813 3756 2894 3814 sic
2934 3754 3328 3810 manducaret:
3363 3750 3518 3810 Nolo,

1940 3855 2134 3925 inquit,
2176 3862 2437 3924 tanquam
2464 3864 2631 3922 opere
2668 3848 2792 3905 cibo
2829 3847 2931 3913 uti,
2968 3845 3063 3903 sed
3095 3853 3355 3914 tanquam
3393 3857 3523 3911 0pc-

1942 3948 2018 4002 ris
2048 3945 2362 4000 corollario.
2399 3942 2479 3996 Ad
2506 3941 2675 3995 alium
2699 3953 2829 3995 vero
2856 3936 3045 3992 eadem
3080 3935 3149 3990 de
3188 3949 3247 3988 re
3289 3947 3520 4004 percon-

1938 4047 2167 4100 tantem,
2209 4032 2534 4104 respondit:
2569 4028 2641 4084 Ut
2687 4043 2756 4084 ne
2805 4026 3026 4098 quidem
3074 4025 3129 4079 in
3185 4022 3523 4078 conicdendo

1941 4143 2258 4198 corpoream
2290 4126 2617 4193 voluptatem
2654 4119 2856 4177 sentiat
2886 4118 3066 4172 anima
3100 4132 3239 4171 mea.

2004 4220 2061 4274 5.
2105 4218 2217 4290 (Μ)
2270 4214 2470 4270 Factus
2501 4222 2584 4269 est
2632 4211 2931 4281 aliquando
2958 4216 3262 4263 conventus
3287 4207 3340 4260 in
3377 4205 3522 4259 Secti

1941 4313 2011 4367 ob
2044 4310 2268 4364 fratrem
2305 4305 2399 4377 qui
2426 4310 2747 4376 peccaverat
2777 4321 2789 4356 :
2827 4308 2883 4356 et
2905 4300 3269 4370 loquebantur
3300 4297 3521 4352 Pati-cs:

1944 4404 2111 4459 abbas
2174 4410 2353 4455 autem
2395 4397 2525 4453 Pior
2573 4396 2820 4461 tacebat;
2878 4404 3063 4464 postea
3117 4407 3245 4449 vero
3295 4408 3525 4464 surgens

238 4484 365 4537 δὼν
420 4485 644 4553 σάκκον,
672 4488 958 4560 ἐπλήρωσε
996 4491 1248 4562 ψάμμου,
1282 4493 1377 4544 xal
1425 4492 1722 4546 ἐϐάστασεν
1764 4494 1837 4554 εἰς

1947 4506 2204 4562 egressus
2261 4496 2365 4555 est,
2434 4487 2673 4559 sumpsit
2735 4501 2982 4551 saccum,
3036 4500 3202 4540 arena
3260 4484 3524 4555 implevit,

241 4578 341 4630 τὸν
356 4571 515 4648 ὦμον
538 4579 721 4632 αὑτοῦ·
743 4582 837 4634 xal
859 4580 1039 4635 λαϐὼν
1052 4581 1097 4614 δ’
1112 4584 1193 4647 εἰς
1212 4582 1445 4652 μαλάκιν
1463 4584 1505 4615 ⁵³
1522 4583 1718 4655 μικρὸν
1738 4581 1840 4653 τῆς

243 4670 513 4742 ψάμμου,
544 4671 841 4732 ἐϐάστασεν
881 4674 1211 4747 ἐμπροσθεν.
1230 4672 1631 4747 Ἐπερωτηθεὶξ
1652 4674 1710 4728 δὲ
1737 4672 1841 4727 ὑπὸ

244 4767 361 4819 τῶν
395 4765 676 4836 Πατέρων,
708 4766 760 4821 τί
788 4767 853 4821 ἄν
879 4767 964 4836 εἴη
999 4768 1157 4822 τοῦτο
1180 4809 1194 4833 ,
1232 4768 1412 4839 λέγει·
1445 4763 1609 4833 Οὗτος
1641 4770 1671 4822 6
1711 4767 1844 4822 σάκ-

248 4874 349 4920 κος
374 4858 405 4910 6
427 4856 567 4928 ἔχων
594 4857 691 4929 τῂν
720 4858 919 4930 πολλὴν
952 4859 1177 4933 ψάμμον
1203 4861 1270 4915 τὰ
1301 4861 1412 4933 ἐμά
1434 4862 1553 4915 ἐστι
1588 4861 1845 4933 πλημμεο

245 4949 497 5019 λήματα,
525 4950 607 5002 ὅτι
629 4949 802 5004 πολλά
828 4953 944 5005 ἐστι
965 4968 980 4984 ·
1008 4954 1103 5007 καὶ
1136 4953 1323 5024 ἀφῆκα
1353 4953 1493 5006 αὐτὰ
1516 4953 1691 5007 ὀπίσω
1717 4971 1842 5023 μου,

247 5038 346 5092 τοῦ
400 5040 476 5111 μὴ
525 5042 756 5112 πονῆσαι
808 5042 937 5115 περὶ
984 5044 1164 5099 αὐτῶν
1189 5046 1282 5099 καὶ
1307 5043 1575 5098 κλαῦσαι·
1608 5044 1703 5098 καὶ
1733 5043 1841 5097 ἰδοὺ

247 5130 427 5185 ταῦτα
459 5130 531 5186 τὰ
568 5134 740 5207 μικρὰ
764 5135 859 5189 τοῦ
884 5136 1119 5205 ἀδελφοῦ
1151 5155 1252 5209 μου
1285 5135 1598 5210 ἔμπροσθέν
1629 5136 1732 5209 μού
1767 5138 1843 5190 εἱ-

255 5240 333 5287 σι,
367 5226 464 5280 καὶ
488 5227 570 5291 εἰς
594 5226 734 5281 αὐτὰ
764 5227 1040 5300 ἀδολεσχῶ
1086 5230 1288 5303 κρίνων
1330 5230 1513 5284 αὐτόν.
1547 5230 1622 5283 Οὐ
1657 5227 1763 5299 χρὴ
1788 5228 1844 5281 δὲ

331 5389 383 5422 ⁸·
412 5388 501 5444 Al.
552 5387 720 5444 inser.
761 5389 975 5461 μικρόν.
1030 5389 1095 5435 .“
1123 5388 1205 5442 Al.
1240 5388 1581 5445 insenxaca.
1661 5387 1706 5419 θ’
1738 5388 1822 5440 Al.
1849 5385 2046 5457 βαλών.

331 5524 449 5592 (1‘2)
493 5525 555 5596 Tt
586 5524 717 5596 ἐστι
740 5524 1015 5588 tiaras/ct.
1070 5525 1162 5580 Sic
1194 5526 1419 5580 ellertur
1450 5524 1843 5596 Apophtltegma

262 5597 455 5667 in_nis.
491 5593 660 5667 Regio
690 5595 842 5667 932‘:
870 5596 1181 5667 ῘΗρωτήθη
1219 5597 1429 5667 γέρων·
1459 5597 1523 5667 Τί
1553 5593 1669 5650 ἐστι
1707 5593 1845 5661 ξενι-

260 5664 420 5738 τείας
451 5664 549 5738 καὶ
568 5664 721 5738 εἶπεν
745 5682 770 5738 Ἀ
787 5664 973 5718 Σιώπα
995 5666 1113 5718 ’καὶ
1135 5664 1564 5738 εἰπέίυὺκέχω
1586 5668 1839 5738 πρᾶγμα·

269 5735 371 5789 καὶ
394 5733 551 5787 τοῦτο
583 5734 725 5787 ποίει
757 5735 814 5786 ἐν
865 5739 1025 5788 παντὶ
1060 5736 1237 5806 καιρῷ
1266 5736 1360 5789 καὶ
1394 5733 1542 5807 τόπίρ
1575 5733 1669 5789 καὶ
1703 5733 1844 5806 πρά-

1950 4584 2310 4654 portabatque
2340 4596 2504 4652 super
2536 4580 2826 4635 humerum
2877 4593 3035 4634 suum
3072 4598 3082 4628 :
3119 4576 3341 4632 mittens
3390 4593 3527 4645 quo—

1948 4690 2054 4744 que
2080 4673 2133 4727 in
2174 4673 2489 4744 sportellam
2528 4688 2720 4743 parum
2767 4685 2967 4736 arenae,
3015 4668 3238 4740 gerebat
3281 4676 3406 4722 ante
3446 4684 3523 4722 se.

1952 4765 2324 4835 Interrogatus
2372 4772 2553 4817 autem
2608 4777 2637 4815 a
2695 4761 2989 4822 Patribus,
3022 4758 3150 4829 quid
3208 4757 3313 4812 hoc
3358 4765 3524 4819 esset,

1950 4856 2136 4911 dixit:
2172 4855 2380 4919 Saccus
2426 4854 2532 4910 iste
2566 4854 2657 4925 qui
2709 4853 2955 4908 continet
3004 4865 3226 4905 arenam
3279 4848 3525 4909 multam,

1951 4964 2070 5003 mea
2109 4953 2238 5003 sunt
2273 4954 2519 5017 peccata,
2553 4944 2812 5015 quoniam
2854 4944 3024 4998 multa
3049 4949 3199 5007 sunt,
3249 4947 3302 4996 et
3343 4937 3527 4994 dimisi

1951 5056 2014 5095 ea
2049 5056 2077 5093 a
2109 5048 2259 5109 tergo
2293 5052 2435 5100 meo,
2488 5054 2557 5092 ne
2591 5038 2803 5093 doleam
2840 5036 2907 5092 de
2947 5035 3056 5090 illis
3089 5049 3154 5088 ac
3186 5034 3424 5105 plorem;
3460 5047 3526 5085 cn

1953 5147 2083 5185 vero
2110 5144 2277 5201 parva
2318 5129 2431 5184 haec
2456 5127 2644 5184 fratris
2669 5130 2795 5191 mei,
2821 5135 2948 5181 ante
2975 5141 3060 5180 me
3096 5132 3246 5190 sunt,
3284 5124 3527 5193 atquein

1953 5224 2021 5279 iis
2051 5238 2135 5276 me
2165 5235 2432 5283 exerceo,
2476 5221 2731 5290 judicans
2778 5233 2925 5274 eum.
2958 5216 3075 5270 Non
3113 5222 3322 5285 oportet
3368 5230 3531 5285 porro

2126 5385 2170 5415 “
2204 5384 2287 5436 Al.
2322 5382 2605 5452 μαλάκιον.

1948 5541 2118 5594 γματι
2138 5540 2149 5553 ν
2179 5522 2274 5594 καὶ
2297 5519 2435 5594 agn-11
2467 5519 2670 5594 ἐστὶν-η
2701 5516 2905 5594 ἀληθὴς
2934 5515 3186 5594 ξὲενιτεεαἶ

2017 5594 2129 5661 (15)
2180 5591 2287 5645 Vit.
2316 5584 2470 5661 Patr.
2506 5604 2579 5651 Iv,
2611 5584 2896 5653 5mm.
2935 5585 3125 5643 Geom.
3167 5585 3371 5641 Parad.
3423 5584 3490 5640 50
3506 5600 3540 5651 ς,

1951 5660 2211 5716 Socrates
2242 5676 2319 5726 tv,
2342 5660 2434 5714 25.

2023 5733 2133 5804 (16)
2182 5721 2478 5785 νὶι.Ῥαιι·.
2510 5745 2586 5797 ix,
2615 5734 2647 5787 9
2672 5746 2686 5795 ;
2714 5728 2870 5786 Joan.
2907 5729 3096 5786 Geom.
3129 5726 3326 5782 Parad.
3363 5721 3469 5776 66.-
