4020 6196
516 265 623 321 375

1679 273 2021 332 ΑΡΡΕΝΙΗΧ
2061 294 2073 331 λ

2188 279 2271 334 PA
2280 281 2410 337 LLA
2420 282 2528 338 DlU
2538 283 2611 337 Μ.
3667 287 3770 344 3'76

513 386 588 438 ita
619 383 831 450 facere,
865 384 963 440 sed
996 383 1182 456 potius
1217 400 1340 441 mea
1375 393 1501 441 ante
1528 402 1613 443 me
1642 398 1856 459 gestare
1884 432 1898 454 ,
1929 408 1989 447 ac
2019 394 2073 449 de

2187 396 2357 462 οὕτως
2403 401 2608 460 ποιεῖν,
2654 397 2789 452 ἀλλά
2836 398 3031 469 μᾶλλον
3072 399 3140 453 τὰ
3174 399 3285 471 ἐμὰ
3313 400 3627 473 ἔμπροσθέν
3670 418 3770 472 μου

511 477 647 546 ipsis
683 491 901 541 curare,
933 491 1147 533 necnon
1190 475 1357 533 Deum
1405 480 1615 547 precari
1661 491 1721 535 ut
1764 483 1894 538 mihi
1939 488 2093 556 igno-

511 576 650 622 scat.
675 566 831 622 Tunc
876 576 1164 638 surgentes
1214 565 1402 626 Patres
1424 610 1437 634 ,
1469 570 1727 628 dixerunt
1761 594 1773 629 :
1812 573 1949 632 Vere
1978 577 2090 633 haec

506 667 595 714 est
626 657 714 714 via
747 659 965 716 salutis.

994 772 1068 827 De
1099 773 1287 830 abbate
1308 774 1609 847 Pityrione.

586 882 697 951 (l5)
739 881 883 936 Dixit
929 885 1098 942 abbas
1141 885 1351 959 Pityrio
1397 888 1701 961 discipulus
1731 895 1943 951 abbatis
1975 894 2087 949 An-

512 974 667 1040 tonii,
723 976 868 1045 quod
923 977 1017 1046 qui
1081 979 1197 1033 vult
1246 982 1519 1051 expellere
1577 982 1873 1053 daemones,
1935 989 2088 1059 prius

511 1065 676 1118 animi
706 1066 925 1123 morbos
973 1069 1246 1138 subjicict.
1288 1070 1667 1145 Quodcunque
1711 1077 1857 1133 enim
1897 1079 2086 1134 vitium

512 1158 852 1225 superaverit
880 1159 1036 1229 quis,
1068 1161 1230 1232 bujus
1259 1173 1315 1219 et
1348 1164 1652 1223 dtemonem
1682 1170 1923 1240 expellit.
1969 1170 2085 1238 Irae,

511 1246 708 1315 inquit,
748 1248 1042 1318 adjunctus
1073 1262 1158 1307 est
1188 1254 1437 1311 daemon:
1483 1258 1529 1312 si
1574 1258 1710 1313 iram
1751 1264 2085 1327 coercueris,

509 1338 716 1404 ejectus
747 1348 831 1396 est
858 1340 1003 1397 illius
1036 1342 1267 1399 daemon.
1322 1345 1583 1403 Similiter
1612 1349 1679 1404 de
1699 1351 1931 1423 singulis
1966 1354 2087 1409 aliis

510 1429 1037 1496 perturbationibus.

959 1542 1037 1597 De
1076 1544 1265 1600 abbate
1312 1544 1637 1603 Pistamone.

582 1648 693 1724 (16)
730 1651 1093 1726 Interrogavit
1135 1659 1357 1728 quidam
1396 1660 1565 1716 frater
1608 1663 1856 1719 abbatem
1908 1665 2084 1721 Pista-

2190 488 2453 556 ἐνεγκεῖν,
2483 491 2577 542 καὶ
2621 489 2801 542 αὐτῶν
2843 491 3146 561 φροντίσαι,
3179 493 3272 545 καὶ
3299 493 3649 564 παρακαλεῖν
3678 495 3765 548 τὸν

2190 579 2321 632 Θεὸν
2363 580 2711 653 συγχωρῆσαί
2745 599 2853 653 μοι.
2889 583 2999 636 Καὶ
3030 583 3421 649 ἀναστάντες⁴¹⁵
3447 585 3498 638 oi
3528 586 3765 659 Πατέρες

2190 664 2373 722 εἷπον·
2407 672 2612 733 Ὄντως
2641 669 2778 742 αὕτη
2804 672 2950 724 ἐστὶν
2979 674 3013 743 ὴ
3046 672 3163 761 οδδς
3194 672 3294 742 τῆς
3326 678 3626 746 σωτηρίας.

2539 782 2679 851 Περὶ
2712 780 2818 835 τοῦ
2854 781 3004 839 ἀϐὄᾶ
3033 784 3413 852 Πιτυρίωνος.

2264 892 2485 960 Ἔλεγεν
2527 895 2555 946 6
2605 894 2778 959 ἀϐὁᾶς
2824 896 3095 967 Πιτυρίων
3125 899 3154 951 6
3189 897 3436 969 μαθητὴς
3480 897 3573 952 τοῦ
3619 897 3770 953 assa

2202 983 2485 1038 Ἀντωνίου
2508 1025 2523 1047 ,
2567 986 2649 1040 ὅτι
2691 989 2719 1040 6
2771 986 3092 1057 βουλόμενος
3135 988 3461 1043 ἀπελαύνειν
3506 990 3771 1060 δαίμονας

2190 1077 2459 1149 πρότερον
2483 1078 2553 1132 τά
2598 1078 2745 1149 πάθη
2782 1077 3107 1133 δουλώσεται
3128 1095 3143 1110 °
3174 1080 3288 1133 οἵου
3327 1079 3436 1151 γὰρ
3464 1079 3529 1134 ἂν
3557 1081 3772 1145 πάθους

2190 1170 2541 1241 περιγένηταί
2568 1186 2671 1233 τις,
2702 1170 2890 1224 τούτου
2921 1173 3016 1224 καὶ
3050 1172 3144 1225 τὸν
3181 1171 3410 1242 δαίμονα
3446 1173 3767 1228 ἀπελαύνει.

2190 1255 2424 1309 Ἕπεται
2445 1297 2460 1322 ,
2482 1258 2636 1328 φησὶ,
2660 1258 2870 1328 δαίμων
2889 1261 2957 1330 τῇ
2977 1260 3114 1330 ὀργῇ
3140 1276 3153 1291 ·
3187 1259 3282 1312 ἐὰν
3314 1259 3415 1331 τῆς
3443 1261 3613 1333 ὀργῆς
3632 1279 3772 1334 κρα-

2187 1348 2376 1420 τήσῃς,
2407 1347 2742 1418 ἀπελήλαται
2787 1353 2992 1420 ταύτης
3046 1355 3074 1404 6
3130 1351 3362 1421 δαίμων.
3398 1354 3630 1423 Ὁμοίως
3668 1356 3768 1411 καὶ

2188 1439 2314 1508 περὶ
2336 1438 2562 1491 ἑκάστου
2594 1437 2818 1501 πάθους.

2539 1551 2675 1618 Περὶ
2704 1550 2810 1604 τοῦ
2830 1552 2980 1609 ἀϐὄᾶ
3002 1553 3407 1624 Πιστάμωνος.

2269 1658 2547 1730 ’Πρώτησέ
2582 1677 2667 1724 τις
2711 1661 2935 1731 ἀδελφὸς
2969 1663 3060 1718 τὸν
3094 1663 3267 1719 ἀῦϐᾶν
3292 1666 3647 1735 Πιστάμωνα,
3671 1668 3764 1723 16-

510 1756 728 1800 monem
756 1765 768 1799 :
797 1746 941 1814 Quid
971 1764 1147 1820 agam,
1179 1753 1306 1823 quia
1334 1757 1600 1825 angustiis
1630 1772 1828 1827 urgeor
1861 1757 1915 1812 in
1948 1774 2073 1813 ven-

2182 1772 2292 1824 γων
2317 1772 2330 1787 ·
2359 1755 2425 1807 Τί
2460 1755 2690 1826 ποιήσω,
2712 1756 2795 1809 ὅτι
2825 1756 3078 1828 θλίϐομαι
3105 1759 3185 1822 εἰς
3216 1759 3277 1811 τὸ
3313 1760 3565 1830 πωλῆσαι
3587 1760 3651 1814 τὸ
3672 1763 3765 1834 ἐρ-

509 1834 688 1891 dendo
724 1853 889 1913 opere
931 1855 1191 1896 manuum
1228 1848 1512 1899 mearum?
1542 1848 1840 1916 Respondit
1870 1864 2035 1904 senex
2065 1869 2077 1903 :

511 1920 687 1983 Etiam
717 1931 886 1987 abbas
919 1934 1105 1989 Sisoes
1149 1944 1204 1990 et
1242 1936 1441 2007 reliqui
1484 1938 1789 1992 vendebant
1816 1956 1937 2011 qua:
1977 1941 2078 2011 ipsi

507 2020 876 2077 confecerant.
930 2023 988 2078 In
1027 2025 1129 2080 hoc
1165 2027 1327 2081 noxia
1364 2044 1472 2083 non
1499 2039 1601 2084 est.
1642 2029 1748 2085 Sed
1782 2046 1906 2085 cum
1952 2047 2075 2087 ven-

505 2109 612 2173 dis,
653 2114 822 2168 semel
851 2112 1037 2183 profer
1063 2116 1212 2171 vasis
1243 2119 1474 2186 pretium
1500 2136 1515 2185 ;
1543 2118 1738 2174 deinde
1767 2122 1812 2176 si
1844 2122 2080 2178 volueris

504 2199 711 2269 aliquid
767 2203 923 2271 pretii
980 2204 1248 2270 minuere,
1304 2208 1361 2261 in
1402 2216 1492 2263 tua
1531 2218 1801 2279 potestate
1852 2219 1955 2267 est.
2002 2214 2077 2268 lta

504 2302 637 2343 sane
685 2289 931 2347 invenies
979 2296 1245 2365 requiem.
1292 2295 1492 2352 lterum
1537 2301 1748 2370 rogavit
1782 2301 1986 2358 frater:
2022 2302 2079 2358 Si

506 2377 750 2434 habuero
794 2381 1199 2454 undecunque,
1264 2388 1408 2456 quod
1470 2391 1601 2445 mihi
1654 2393 1913 2461 sulliciat,
1951 2412 2081 2453 sua-

501 2466 669 2521 desne
696 2476 756 2521 ut
784 2469 851 2524 de
882 2469 1071 2525 labore
1098 2488 1357 2529 manuum
1387 2477 1520 2530 mibi
1563 2494 1708 2535 cura;
1729 2482 1831 2536 sit?
1856 2482 2079 2556 Excepit

502 2570 706 2610 senex:
741 2556 1106 2623 Quanttrmvis
1147 2563 1386 2629 habeas,
1431 2583 1501 2622 ne
1538 2570 1897 2643 dereliqueris
1940 2590 2078 2645 Opus

504 2655 702 2701 tuum:
746 2664 843 2718 pro
874 2651 1082 2709 viribus
1128 2654 1254 2723 fac;
1300 2658 1565 2716 duntaxat
1604 2663 1810 2735 absque
1854 2676 2078 2723 contur-

505 2737 736 2796 batione.

562 2836 571 2845 ’
928 2853 1005 2907 De
1028 2846 1214 2911 abbate
1237 2858 1395 2914 Petro
1425 2859 1657 2921 l‘ionita.

574 2963 626 3014 ι.
670 2959 779 3033 (17)
821 2964 1082 3022 Dicebant
1104 2968 1173 3024 de
1203 2971 1397 3028 abbate
1440 2973 1600 3031 Petro
1628 2976 1839 3034 Pionita
1877 2982 1930 3036 in
1956 2982 2076 3039 Cel-

2183 1843 2429 1914 γὸχειρόν
2458 1861 2594 1914 μους
2630 1844 2741 1900 Καὶ
2788 1846 3109 1919 ἀποκριθεὶς
3147 1850 3177 1901 6
3229 1849 3427 1921 γέρων,
3465 1847 3638 1919 εἶπεν,
3680 1854 3764 1908 ὅτι

2181 1934 2290 1987 Καὶ
2311 1936 2340 1987 6
2367 1934 2541 1999 ἀὸϐἄς
2567 1936 2759 2006 Σισόης
2800 1938 2896 1991 καὶ
2934 1939 2983 1991 οἱ
3025 1939 3202 1992 λοιποὶ
3242 1939 3487 1995 ἐπώλουν
3510 1944 3572 1997 τὸ
3600 1944 3764 2014 ὲργόο

2180 2040 2358 2095 χειρον
2389 2024 2568 2078 αὐτῶν
2593 2042 2605 2055 ’
2641 2025 2801 2079 τοῦτο
2826 2028 2927 2081 οὐκ
2954 2027 3072 2082 ἐστι
3096 2028 3318 2099 βλάϐος·
3345 2030 3461 2084 ἀλλ’
3485 2032 3614 2086 ὅταν
3641 2050 3763 2086 πω·

2180 2116 2297 2186 λῇς,
2336 2116 2456 2169 είπὲ
2489 2116 2636 2182 ἅπαξ
2668 2116 2767 2189 τὴν
2792 2118 2957 2191 τιμὴν
2990 2119 3086 2173 τοῦ
3134 2121 3394 2187 σκεύους*
3429 2122 3613 2178 λοιπὸν
3661 2125 3763 2181 ἐὰν

2181 2198 2339 2273 θέλῃς
2371 2203 2565 2274 μικρὸν
2593 2205 2804 2275 ἀφῆσαι
2837 2206 2938 2277 τῆς
2963 2209 3150 2281 τιμῆς,
3192 2212 3249 2263 ἐν
3283 2211 3373 2265 σοί
3405 2214 3568 2267 ἐστιν.
3608 2212 3765 2269 Οὕτω

2182 2290 2247 2345 ἂν
2271 2292 2523 2365 εὑρήσεις
2559 2294 2889 2351 ἀνάπαυσιν.
2916 2296 3086 2353 Πάλιν
3111 2296 3267 2354 εἶπεν
3288 2302 3435 2372 αὐτῷ
3458 2304 3487 2355 6
3512 2303 3756 2373 ἀδελφός·

2191 2382 2316 2437 Ἐὰν
2349 2383 2457 2455 ἐχω
2489 2386 2590 2457 τὴν
2634 2388 2822 2458 χρείαν
2871 2407 2972 2459 μου
3017 2390 3139 2443 ὅθεν
3185 2391 3405 2463 δήποτε,
3455 2392 3634 2457 θέλεις
3675 2394 3772 2450 ἵνα

2180 2476 2452 2546 φροντίσω
2475 2478 2822 2550 ὲργὸχειρον;
2848 2483 2958 2535 Καὶ
2987 2483 3307 2554 ἀποκριθεὶς
3334 2487 3363 2538 6
3384 2486 3561 2558 γέρων
3583 2481 3769 2540 εἶπεν·

2191 2565 2318 2620 Ἐἀν
2358 2566 2492 2638 ἔχῃς
2520 2569 2643 2623 ὅσον
2684 2569 2905 2640 δήποτε,
2938 2571 3014 2643 μὴ
3059 2573 3397 2647 καταλείψῃς
3429 2575 3490 2627 τὸ
3520 2576 3773 2646 ὲργόχει-

2182 2656 2274 2726 ρὸν
2302 2673 2423 2710 σουσ
2453 2659 2578 2711 ὅσον
2602 2659 2829 2714 δύνασαι
2853 2663 3097 2733 ποίησον,
3126 2664 3284 2734 μόνον
3315 2664 3390 2736 μὴ
3422 2666 3561 2736 μετά
3589 2684 3771 2738 ταρα-

2178 2748 2300 2818 χῆς-

2387 2862 2525 2931 Περὶ
2550 2864 2656 2918 τοῦ
2684 2864 2832 2922 ἁόὄᾶ
2857 2866 3083 2936 Πέτρου
3114 2869 3217 2924 τοῦ
3245 2871 3547 2926 Πιονίτου.

2244 2982 2312 3029 a'.
2360 2977 2586 3047 Ἔλεγον
2635 2981 2764 3051 περὶ
2809 2980 2902 3034 τοῦ
2953 2982 3099 3036 ἀδὸἄ
3148 2984 3357 3056 Πέτρου
3382 2986 3477 3039 τοῦ
3512 2986 3771 3041 Πιονίτου

501 3056 591 3120 lis,
621 3057 768 3126 quod
796 3059 984 3114 vinum
1009 3077 1118 3117 non
1148 3062 1379 3119 biberet.
1399 3064 1692 3138 Postquam
1717 3085 1849 3142 ergo
1873 3075 2072 3138 senuit,

2180 3067 2256 3131 εἰς
2279 3067 2349 3121 τά
2378 3069 2606 3138 Κελλία,
2634 3071 2715 3124 ὅτι
2752 3068 2895 3126 οἶνον
2935 3073 3033 3127 οὐκ
3064 3073 3405 3130 ἔπινεν.”οτε
3433 3074 3527 3132 οὖν
3557 3080 3772 3152 ἐγήρα-

501 3145 698 3204 fratres
714 3148 1018 3206 miscebant
1040 3168 1231 3222 parum
1249 3156 1358 3210 vini
1380 3172 1503 3212 cum
1521 3175 1684 3228 aqua,
1706 3164 2078 3235 rogabantque

500 3245 561 3291 ut
599 3254 725 3293 eum
759 3251 1019 3297 sumeret.
1063 3242 1157 3299 Ille
1191 3245 1409 3302 dicebat
1445 3268 1457 3302 :
1497 3248 1714 3307 Credite
1748 3254 1902 3317 mihi,
1936 3257 2077 3312 velut

496 3328 781 3385 conditum
810 3331 969 3387 duco.
1015 3334 1192 3405 Atque
1229 3336 1494 3407 judicavit
1534 3356 1594 3395 se
1626 3341 1680 3395 in
1723 3343 1848 3398 vino
1878 3346 2070 3403 diluto.

565 3506 622 3561 2.
674 3505 787 3579 (18)
830 3505 1025 3564 Frater
1081 3510 1221 3564 dixit
1268 3512 1450 3568 abbati
1499 3515 1676 3583 Petro,
1734 3519 1812 3573 illi
1864 3519 2074 3579 abbatis

495 3599 600 3655 Lot
643 3599 952 3672 discipulo:
1000 3601 1231 3669 Quando
1264 3621 1385 3661 sum
1419 3608 1475 3663 in
1521 3610 1694 3678 cella,
1736 3627 1854 3669 mea
1890 3616 2071 3672 anima

495 3705 623 3744 cum
652 3705 787 3761 pace
836 3693 980 3762 agit;
1012 3693 1060 3748 si
1103 3701 1284 3749 autem
1317 3695 1380 3750 ad
1422 3712 1509 3753 me
1554 3702 1848 3757 accesserit
1882 3703 2069 3771 frater,

483 3791 550 3837 ὀι
586 3783 876 3852 protulerit
908 3793 1190 3842 Sermones
1223 3786 1291 3842 de
1320 3791 1565 3846 externis
1601 3791 1787 3856 rebus,
1821 3795 2072 3852 turbatur

494 3873 678 3928 anima
710 3889 849 3930 mea.
883 3874 949 3929 Et
998 3875 1166 3932 abbas
1212 3877 1405 3935 Petrus
1437 3882 1621 3937 retulit
1647 3885 1694 3937 ei
1723 3885 1929 3940 dictum
1966 3887 2071 3942 hoc

493 3964 708 4022 abbatis
734 3964 873 4022 Lot:
906 3965 1088 4024 Clavis
1135 3977 1226 4025 tua
1275 3973 1450 4042 aperit
1487 3973 1712 4043 januam
1754 3991 1950 4030 meam.
1982 3977 2071 4033 Ait

492 4058 611 4112 seni
641 4056 847 4114 frater:
884 4058 1027 4125 Quid
1057 4062 1161 4116 sibi
1188 4063 1304 4117 vult
1334 4063 1448 4119 haec
1482 4066 1621 4119 vox?
1650 4064 1955 4136 Respondit
1983 4084 2064 4125 se-

493 4162 597 4202 nex
629 4165 645 4202 :
678 4147 735 4202 Si
794 4151 920 4219 quis
954 4153 1164 4207 venerit
1216 4153 1284 4208 ad
1338 4164 1408 4219 te,
1459 4155 1597 4212 dicis
1653 4157 1741 4212 ei:
1784 4157 2068 4224 Quomodo

491 4236 591 4291 tibi
635 4240 758 4292 est?
793 4239 949 4295 Unde
989 4245 1184 4299 venis?
1238 4245 1523 4311 Quomodo
1572 4248 1773 4306 habent
1830 4251 2069 4309 fratres?

2179 3175 2292 3221 σεν,
2339 3161 2558 3215 ἐποίουν
2586 3163 2636 3215 οἱ
2663 3162 2883 3232 ἀδελφοὶ
2923 3165 3119 3236 μικρὸν
3158 3168 3636 3239 συγκεραστὸνδν,
3666 3171 3772 3224 καὶ

2179 3250 2520 3319 παρεκάλουν
2554 3251 2717 3306 αὐτὸν
2749 3255 2799 3306 oi
2833 3254 3054 3325 ἀδελφοὶ
3102 3256 3380 3322 δέξασθαι.
3418 3260 3531 3314 Καὶ
3573 3261 3729 3331 ἔλεγε
3749 3280 3766 3295 ·

2177 3341 2440 3412 Θαρσεῖτέ
2471 3361 2583 3415 μοι,
2612 3345 2695 3398 ὅτι
2725 3345 2801 3410 ὡς
2826 3346 3065 3400 κονδίτον
3094 3349 3226 3403 αὐτὸ
3251 3350 3378 3421 ἔχω.
3408 3352 3517 3405 Ka't
3544 3351 3772 3424 ἔκρινεν

2177 3436 2369 3491 ἑαυτὸν
2398 3440 2478 3502 εἰς
2510 3439 2573 3493 τὸ
2604 3441 2971 3512 συγκεραστόν
2984 3441 3049 3496 ⁸⁸.

2247 3529 2313 3598 β’.
2369 3529 2624 3599 Ἀδελφδς
2675 3529 2796 3586 εἷπε
2847 3532 2924 3604 τῷ
2969 3533 3112 3605 ἀὸϐᾷ
3149 3536 3342 3609 Πέτρῳ
3372 3538 3452 3609 τῷ
3488 3539 3583 3593 τοῦ
3614 3540 3770 3595 ἀϐσᾶ

2174 3620 2316 3682 Λὼτ.
2365 3622 2446 3674 ὅτι
2487 3622 2655 3676 Ὅταν
2683 3623 2800 3692 είμὶ
2834 3625 2892 3677 ἐν
2932 3624 3012 3695 τῷ
3046 3626 3242 3696 κελλίῳ
3289 3645 3415 3698 μου,
3465 3632 3522 3683 ὲν
3566 3633 3768 3704 εἰρήνῃ

2173 3713 2373 3784 ἐστὶνὴ
2401 3713 2544 3784 ψυχή
2573 3731 2674 3784 μου
2692 3729 2705 3742 ·
2736 3714 2831 3767 ὲάν
2853 3715 2909 3768 δὲ
2934 3716 3160 3786 ἀδελφὸς
3189 3720 3485 3793 παραϐάλῃ
3519 3739 3634 3793 μοι,
3665 3726 3768 3777 καὶ

2171 3805 2298 3867 τοὺς
2340 3803 2533 3873 λόγους
2579 3805 2688 3860 τῶν
2733 3805 2839 3871 ἔξω
2866 3808 2995 3882 εἴπῃ
3030 3826 3142 3880 μοι,
3176 3812 3510 3884 ταράσσεται
3539 3815 3573 3884 ή
3606 3814 3762 3886 ψυχή

2175 3912 2298 3966 μου.
2325 3895 2489 3965 Λέγει
2524 3895 2553 3948 6
2577 3896 2752 3961 ἀὸὁᾶς
2783 3898 3012 3970 Πέτρος,
3036 3900 3118 3954 ὅτι
3146 3901 3334 3972 ἔλεγεν
3355 3906 3384 3957 6
3412 3904 3588 3968 ἀϐὄᾶς
3607 3906 3757 3959 Λώτ·

2170 3984 2244 4037 Τὸ
2275 3984 2504 4039 κλειδίον
2535 4001 2627 4038 σου
2656 3987 2863 4057 ἀνοίγει
2884 3988 2981 4059 τὴν
3011 3988 3184 4062 θύραν
3220 4010 3343 4062 μου.
3365 3994 3527 4063 Λέγει
3550 3995 3579 4047 6
3604 3995 3762 4050 ἀδελ-

2170 4075 2268 4142 φὸς
2298 4074 2376 4145 τῷ
2412 4075 2628 4147 γέροντι
2650 4092 2665 4107 ο
2701 4076 2766 4129 Τί
2794 4078 2912 4131 ὲττι
2938 4079 2998 4131 τὸ
3030 4080 3181 4152 ῥῆμα
3204 4081 3362 4137 τοῦτο
3382 4100 3396 4148 ;
3419 4083 3584 4152 Λέγει
3607 4087 3638 4140 6
3667 4085 3760 4153 γέ-

2172 4182 2314 4237 ρων·
2366 4167 2491 4221 Ἐάν
2531 4168 2616 4231 τίς
2662 4185 2745 4221 σοι
2793 4170 3108 4243 παραϐάλῃ,
3157 4172 3336 4241 λέγεις
3392 4174 3575 4243 αὐτῷ·
3632 4177 3758 4240 Πῶς

2167 4255 2345 4327 ἕχεις;
2383 4256 2554 4310 Πόθεν
2589 4253 2782 4328 ἦλθεςς
2812 4259 2937 4325 Πῶς
2963 4260 3176 4331 ἔχουσιν
3201 4264 3250 4316 oi
3284 4263 3535 4334 ἀδελφοῖς
3576 4266 3753 4336 Προσ-

492 4324 870 4394 Susceperunt
926 4341 997 4398 te,
1035 4335 1116 4389 vel
1167 4336 1314 4391 non?
1356 4336 1421 4392 Et
1453 4349 1583 4396 tunc
1632 4343 1813 4412 aperis
1866 4344 2066 4399 ostium

2180 4324 2427 4402 ελάϐοντό
2463 4366 2541 4412 σε,
2578 4324 2623 4420 ἢ-
2641 4348 2700 4402 οὔ
2724 4368 2737 4415 ;
2781 4353 2890 4405 Καὶ
3069 4354 3308 4423 ἀνοίγεις
3332 4324 3440 4427 τὴν.
3460 4324 3749 4428 θύραντοῦ

490 4411 699 4481 fratris,
733 4424 896 4488 atque
928 4419 1086 4477 audis
1115 4440 1235 4494 qua:
1273 4443 1381 4482 non
1413 4431 1650 4499 placent.
1666 4410 1825 4489 'Dicit
1857 4436 1907 4491 ei
1936 4457 1947 4489 :
1986 4438 2066 4492 Ita

2180 4440 2428 4510 ἅδελφοῦ,
2464 4410 2559 4495 καὶ
2590 4410 2809 4507 ἀκούεις
2842 4444 2877 4499 ἃ
2901 4446 2961 4498 οὐ
2991 4410 3400 4516 θέλειςίΛέγειΙ
3426 4410 3578 4520 αύτῷ
3597 4467 3609 4481 ·
3640 4449 3751 4504 Ob-

486 4511 593 4561 est.
624 4505 767 4571 Quid
799 4522 929 4580 ergo
964 4510 1127 4569 faciet
1158 4516 1341 4582 homo,
1376 4535 1501 4574 cum
1546 4522 1717 4579 frater
1749 4530 2064 4584 convenerit

486 4597 650 4652 eum?
674 4596 852 4656 Senex
885 4604 1099 4673 excepit
1130 4624 1142 4658 :
1176 4604 1381 4662 Luctus
1415 4611 1639 4666 omnino
1659 4613 1906 4669 doctrina
1939 4628 2057 4671 est:

486 4689 580 4745 ubi
614 4704 745 4746 vero
773 4707 880 4748 non
913 4704 998 4749 est
1027 4695 1227 4764 luctus,
1261 4698 1376 4753 ﬁeri
1413 4714 1519 4753 non
1559 4712 1735 4771 potest
1762 4707 1836 4760 uti
1871 4723 2063 4764 cavea-

484 4797 629 4838 mus.
665 4778 801 4836 Tum
848 4783 1047 4839 frater:
1074 4785 1233 4856 Cum,
1266 4789 1462 4859 inquit,
1493 4793 1546 4846 in
1568 4796 1702 4850 cella
1741 4814 1859 4852 mea
1883 4797 2058 4863 fuero,

488 4888 697 4930 mecum
724 4883 810 4931 est
850 4877 1064 4945 luctus;
1094 4880 1187 4935 sed
1223 4882 1263 4935 si
1300 4880 1500 4952 aliquis
1532 4901 1618 4941 me
1641 4886 1853 4955 adierit,
1891 4897 1985 4944 aut
2013 4892 2059 4946 si

481 4966 669 5022 exiero
698 4982 730 5021 e
769 4967 939 5036 cella,
974 4968 1180 5025 luctum
1232 4988 1340 5029 non
1389 4975 1628 5031 invenio.
1668 4976 1804 5032 Tum
1841 4996 2004 5036 senex
2043 5003 2054 5037 :

482 5054 734 5115 Nondum
767 5061 864 5117 tibi
909 5065 1182 5136 mancipio
1231 5076 1346 5131 est,
1391 5066 1485 5123 sed
1527 5070 1692 5125 veluti
1738 5088 1857 5125 usu.
1907 5072 2057 5128 Scri-

484 5152 635 5214 ptum
669 5151 815 5206 enim
859 5164 941 5209 est
973 5154 1027 5208 in
1060 5155 1177 5226 lege
1205 5175 1216 5210 :
1251 5156 1475 5223 Quando
1515 5159 1822 5230 acquisieris
1850 5179 2057 5219 servum

2168 4548 2272 4595 τως
2314 4530 2456 4602 ἔχει.
2482 4533 2546 4585 Τί
2586 4529 2679 4587 οὖν
2714 4537 2925 4606 ποιήσει
2955 4535 3260 4608 ἄνθρωπος,
3296 4540 3391 4593 ἐὰν
3439 4539 3568 4613 ἔλθῃ
3613 4540 3749 4611 πρὸς

2166 4620 2328 4675 αὑτὸν
2356 4621 2616 4691 ἀδελφός;
2660 4625 2823 4693 Λέγει
2861 4628 2889 4679 6
2928 4626 3138 4697 γέρων·
3179 4629 3252 4681 Τὸ
3280 4629 3477 4694 πένθος
3507 4631 3627 4684 ὅλον
3669 4632 3752 4685 δι-

2164 4714 2299 4783 δαχή
2327 4715 2474 4767 ἐστιν
2505 4713 2613 4785 (l9)
2637 4732 2650 4746 ·
2679 4716 2811 4769 ὅπου
2840 4715 2895 4769 δὲ
2927 4719 3026 4771 ούκ
3052 4718 3167 4773 ἔστι
3198 4721 3414 4785 πένθος,
3442 4722 3503 4775 ού
3526 4722 3752 4778 δυνατὸν

2167 4803 2523 4873 φυλάξασθαι.
2550 4807 2712 4875 Λέγει
2737 4809 2767 4860 6
2786 4808 3014 4878 ἀδελφός
3035 4826 3049 4839 ’
3079 4811 3248 4868 Ὅταν
3275 4815 3331 4868 ἐν
3355 4813 3433 4885 τῷ
3463 4814 3660 4885 κελλίῳ
3681 4809 3749 4877 ὦ,

2170 4897 2288 4965 μετ’
2317 4895 2452 4966 ἐμοῦ
2485 4898 2600 4951 ἐστι
2643 4898 2705 4951 τὸ
2745 4899 2940 4964 πένθος
2960 4919 2973 4931 ·
3006 4903 3101 4956 ὲάν
3125 4903 3182 4956 δὲ
3209 4903 3335 4976 ἔλθῃ
3367 4923 3451 4969 τις
3486 4906 3623 4977 πρὸς
3656 4907 3746 4977 μὲ,

2166 4984 2198 5055 ἢ
2239 4985 2438 5051 ἐξέλθω
2469 4989 2532 5041 ἐκ
2568 4988 2663 5041 τοῦ
2689 4988 2920 5057 κελλὶου,
2950 4994 3048 5063 ούχ
3078 4994 3319 5066 εὑρίσκω
3347 4998 3499 5051 αὑτό.
3530 4999 3697 5067 Λέγει
3721 5003 3750 5054 6

2165 5076 2368 5147 γέρωψ
2398 5079 2619 5133 Οὐδέπω
2666 5098 2746 5134 σοι
2769 5083 3038 5155 ὑπετάγη,
3063 5086 3176 5139 ἀλλ’
3196 5088 3269 5154 ὡς
3294 5090 3352 5141 ὲν
3388 5091 3582 5161 χρήσει
3608 5093 3743 5146 ἐστί.

2164 5167 2476 5240 Γέγραπται
2509 5170 2615 5243 γὰρ
2652 5176 2708 5225 ἐν
2741 5172 2816 5244 τῷ
2842 5176 3010 5246 νόμῳ,
3041 5177 3121 5232 ὅτι
3155 5178 3342 5234 ’Ὅταν
3376 5182 3574 5252 κτήσῃ
3611 5183 3745 5238 παῖ-

554 5300 600 5332 “
624 5302 711 5358 Al.
749 5307 1096 5374 ἀκούσαντες.
1172 5310 1239 5344 ’δι’
1281 5314 1361 5368 Al.
1418 5318 1817 5387 συγκερασμόν.
1896 5319 1940 5350 ³⁸
1966 5321 2048 5376 Al.
2085 5322 2176 5374 τὸν
2230 5326 2629 5396 συγκερασμόν.
2718 5316 2726 5328 ’

859 5463 1013 5535 ξων.
1042 5483 1102 5528 ιι,
1138 5469 1237 5535 15;
1280 5469 1434 5527 Joan.
1478 5471 1664 5529 Gcom.
1691 5473 1894 5531 Parad.
1936 5477 2018 5533 l7.

715 5526 823 5597 Yt't.
863 5531 1017 5586 Patr.
1053 5524 1126 5597 vi,
1162 5524 1246 5591 Μ’.

551 5594 662 5664 (17)
714 5595 817 5665 Vit.
851 5600 1005 5654 Patr.
1031 5594 1223 5665 ιγξὸἒί.

556 5665 669 5735 (18)
715 5664 824 5722 Vit.
862 5667 1016 5723 Patr.
1053 5688 1126 5735 χι,
1165 5677 1254 5729 26.

2239 5478 2361 5560 (illi
2397 5481 2707 5560 Triaria-(ioc
2739 5485 2877 5539 ὅλον
2922 5487 3137 5560 διδαχή
3182 5489 3369 5543 ἐστιν.
3404 5490 3736 5560 Interpreta-

2167 5548 2243 5600 tio
2275 5547 2499 5621 Pelagii,
2536 5552 2599 5605 In
2624 5547 2769 5607 luctu
2797 5559 3009 5611 omnino
3047 5547 3292 5613 [Tostrina
3317 5570 3415 5613 est.
3450 5562 3518 5614 At
3552 5547 3738 5615 Marti-

2167 5634 2276 5697 nus
2310 5619 2639 5697 Dinnicnsis,
2664 5624 2805 5697 quia
2826 5626 2960 5678 ὅλων
2984 5629 3249 5697 scriptum
3284 5631 3585 5697 invenerat,
3612 5634 3736 5687 red-

2168 5686 2326 5754 didit,
2363 5690 2609 5747 Omnium
2639 5686 2882 5748 ddctrina
2921 5686 3219 5754 lucinam.
