4020 6196
320 242 443 327 επ

326 484 443 539 ἔτει
473 485 904 557 ἐξαποστελεῒς
945 495 1134 548 αὐτὸν
1163 499 1499 570 ἐλεύθερον.
1518 506 1659 560 Ἐὰν
1688 509 1757 563 δὲ

324 574 484 641 αὑτῷ
513 578 791 645 γυναῖκα,
824 582 923 636 καί
973 586 1239 658 γεννήσῃ
1276 593 1483 669 παιδία
1530 598 1601 651 ἐν
1629 598 1705 668 τῇ
1748 574 1905 672 οὶκίᾷ

326 682 462 765 crop,
496 669 595 722 καί
631 671 720 740 μὴ
760 674 996 765 θελήσῃ
1029 678 1495 749 ἀποδιδράσκειν
1530 688 1629 745 διὰ
1649 691 1767 761 τὴν
1802 669 1905 765 γυί-

324 757 501 812 γαῖκα
536 760 652 853 xul-
666 762 739 816 τὰ
773 764 1003 831 παιδία,
1034 771 1359 841 προσάξεις
1388 777 1577 833 αὐτὸν
1608 757 1759 850 πρός
1788 757 1905 853 ἑὴν

326 845 513 911 θύραν
544 846 655 901 τοῦ
681 849 876 915 οἴκου,
911 853 1011 907 καί
1040 858 1368 928 τρυπήσεις
1397 866 1585 921 αὐτοῦ
1616 869 1680 923 τὸ
1727 871 1905 926 ὠτίον

324 934 399 1001 τῷ
420 937 667 1006 datatim,
701 942 800 995 καὶ
840 942 1012 999 ἔσται
1056 962 1153 1000 σοι
1184 949 1406 1020 δοῦλος
1440 959 1527 1023 είς
1561 958 1669 1013 τὸν
1695 961 1899 1018 αἰῶνα.

322 1025 485 1095 Λέγει
517 1028 546 1080 6
576 1028 835 1100 ἁδελφόςο
867 1032 932 1085 Τί
960 1034 1076 1088 ὲστι
1098 1036 1158 1090 τὸ
1183 1040 1333 1111 ῥῆμα
1357 1044 1549 1112 τοῦτο;
1575 1049 1736 1118 Λέγει
1756 1053 1786 1104 6
1811 1054 1903 1122 γέ·

320 1134 430 1213 ρων
445 1135 458 1149 ·
473 1120 618 1213 -Ἑὰν
646 1123 801 1213 κάμῃ
821 1123 1108 1197 ἄνθρωπος
1132 1132 1212 1194 είς
1236 1135 1466 1205 πρᾶγμα
1487 1139 1630 1193 κατὰ
1647 1120 1898 1213 δύναμιν,

315 1206 434 1259 οἷαν
462 1207 613 1280 ὥραν
642 1211 871 1283 ζητήσει
904 1215 1037 1269 αὐτὸ
1068 1218 1149 1282 εἰς
1178 1221 1368 1291 χρείαν
1383 1225 1451 1288 ⁸⁸,
1482 1228 1706 1300 εὑρήσει
1745 1206 1898 1287 αθτό,

315 1300 480 1367 Λέγει
504 1301 655 1372 αὐτῷ
673 1319 689 1334 ο
718 1304 951 1377 Ποίησον
973 1309 1193 1381 ἀγάπην
1214 1328 1230 1342 ·
1260 1316 1380 1368 είπέ
1411 1334 1502 1386 μοι
1529 1319 1589 1372 τὸ
1614 1321 1766 1392 ῥῆμα
1784 1324 1902 1377 τοῦ-

316 1407 397 1443 το.
427 1391 589 1461 Λέγει
620 1396 649 1447 6
676 1396 859 1466 γέρων
881 1414 894 1429 ·
925 1396 1062 1453 Οὐδὲ
1092 1402 1245 1467 νόθος
1288 1407 1403 1470 υίὸς
1446 1391 1750 1481 παραμένει
1792 1417 1899 1469 τιν)⁵

316 1482 607 1551 δουλεύων,
635 1487 748 1540 ἀλλ’
782 1491 810 1541 6
842 1491 1179 1578 γεννῴμενος
1201 1497 1316 1561 υίὸς
1343 1499 1442 1553 οὐκ
1475 1503 1540 1573 ἐᾷ
1570 1503 1664 1558 τὸν
1688 1508 1898 1578 πατέρα

315 1590 512 1629 αυτοῦ.

389 1673 457 1732 γ’.
505 1667 730 1741 Ἔλεγον
756 1671 885 1741 περὶ
922 1671 1017 1725 τοῦ
1050 1674 1196 1730 ἀσσᾶ
1243 1678 1453 1752 Πέτρου
1493 1684 1586 1737 καὶ
1624 1685 1719 1739 τοῦ
1752 1688 1897 1743 ἁῦδᾶ

1460 294 2068 362 APOPIITIIEGMATA
2104 306 2415 370 PATRUM.

319 392 402 496 δα
439 393 726 496 Ἐἶθ’-ραῖον,
752 396 822 461 ἐξ
847 399 953 496 ἔτη
983 400 1301 462 δουλεύσει
1326 427 1424 465 σοι
1442 429 1456 444 ·
1484 415 1565 480 τῷ
1588 416 1654 469 δὲ
1682 419 1909 491 ἑϐδόμῳ
1937 433 1980 487 Α
2014 427 2315 496 Ηεὸνανιιηι,
2365 450 2457 488 sex
2505 452 2669 492 annos

3468 336 3575 394 378

2721 443 2906 496 seri-iet
2961 443 3086 506 tibi;
3135 448 3358 515 septimo
3402 461 3580 507 autem

2008 537 2146 575 anno
2176 523 2411 580 dimittes
2442 543 2560 581 eum
2596 528 2837 585 liberum.
2889 532 2950 589 Si
2980 552 3095 591 vero
3137 538 3344 595 dederis
3373 543 3422 595 ei
3454 557 3577 595 uxo-

2007 627 2135 676 rem,
2165 624 2215 667 et
2264 618 2498 685 genuerit
2538 617 2730 674 liberos
2779 622 2833 675 iu
2875 624 3030 679 domo
3063 638 3183 691 tua,
3224 647 3317 685 nec
3358 632 3579 687 voluerit

2006 703 2150 757 abire
2168 715 2377 774 propter
2409 723 2627 764 uxorem
2655 721 2706 763 et
2741 712 2956 779 liberos,
2989 717 3216 773 adduces
3245 737 3361 774 eum
3389 723 3458 776 ad
3488 741 3576 778 οε-

2007 793 2136 847 tium
2159 795 2368 864 domus,
2401 809 2451 852 et
2477 802 2772 870 per/orabis
2796 805 2909 873 ejus
2939 809 3239 863 auriculam
3273 814 3496 880 subula,
3525 825 3576 868 et

2003 884 2103 936 erit
2132 882 2226 937 tibi
2252 902 2431 941 servus
2462 889 2515 941 in
2564 892 2821 947 secutum
2858 894 2927 948 ι’,
2968 893 3144 968 Rogat
3184 896 3350 953 frater
3380 918 3394 954 :
3436 900 3575 966 Quid

2003 980 2089 1028 est
2119 974 2224 1029 hoc
2249 976 2438 1031 verbi?
2460 977 2806 1050 Responsum
2841 983 2993 1039 dedit
3014 999 3181 1041 senex
3216 1006 3229 1041 :
3269 985 3327 1040 Si
3360 989 3577 1045 labora-

2002 1066 2139 1120 verit
2168 1066 2333 1122 homo
2366 1085 2468 1140 pro
2490 1070 2701 1129 viribus
2737 1074 2793 1128 in
2826 1090 2883 1131 re
2921 1076 3125 1147 aliqua,
3155 1078 3370 1149 quoties
3395 1083 3576 1150 requi«

2002 1155 2158 1211 sierit
2184 1172 2305 1212 eam
2329 1159 2399 1214 ad
2433 1176 2615 1227 usum,
2657 1164 2915 1221 inveniet.
2949 1165 3192 1238 Subjecit
3216 1168 3386 1224 frater
3423 1189 3436 1225 :
3468 1170 3576 1225 Fac

2001 1248 2562 1316 cbaritatem,enarra
2593 1256 2727 1309 mihi
2749 1272 3056 1314 sermonem
3089 1261 3253 1316 hunc.
3283 1261 3351 1316 Et
3374 1278 3569 1318 senex:

1997 1340 2185 1412 Neque
2214 1345 2437 1413 spurius
2468 1346 2614 1402 illius
2644 1359 2927 1418 permanet
2958 1352 3014 1406 in
3050 1355 3349 1422 servitute;
3384 1356 3480 1412 sed
3510 1358 3564 1410 li-

2004 1435 2107 1490 lius
2137 1448 2297 1491 verus
2327 1451 2438 1491 non
2464 1438 2726 1510 relinquit
2751 1449 2956 1511 patrem
2980 1458 3160 1499 suum.

2068 1692 2123 1748 5.
2162 1692 2498 1752 Referebant
2536 1698 2605 1754 de
2662 1700 2859 1757 abbate
2888 1698 3050 1758 Petro
3099 1714 3153 1760 et
3199 1706 3394 1764 abbate
3444 1707 3568 1778 Epi-

327 1757 632 1828 Ἑπιμάχου
658 1798 673 1821 ,
730 1762 812 1814 ὅτι
886 1770 1249 1838 συμφωνηταὶ
1322 1766 1463 1842 ἦσαν
1530 1777 1611 1840 είς
1650 1778 1887 1834 Ῥαῖθοῦ.

1999 1783 2217 1848 macbo,
2246 1786 2392 1855 quod
2427 1797 2613 1845 essent
2641 1792 2858 1847 sodales
2884 1757 2948 1847 in
2968 1757 3571 1853 Rhai—tbulﬁfloinede‘n.

327 1848 650 1905 Ἐσθιόντων
675 1852 731 1905 δὲ
754 1853 934 1907 αὐτῶν
963 1856 1021 1908 ὲν
1045 1860 1111 1928 τῇ
1142 1860 1430 1935 ἐκκλησίᾳ,
1478 1865 1770 1924 ἐϐιάσαντο
1800 1873 1897 1925 αὑ-

311 1940 443 2002 τοὺς
472 1939 649 1995 ὲλθεῖν
668 1943 746 2005 είς
770 1942 867 2013 τὴν
890 1944 1167 2015 τράπεζαν
1192 1950 1301 2005 τῶν
1326 1955 1623 2025 γερόντων.
1656 1960 1769 2014 Kal
1794 1979 1895 2032 με-

313 2031 386 2085 τὰ
413 2032 613 2086 πολλοῦ
638 2034 800 2089 κόπου
827 2037 1067 2109 ἀπῆλθεν
1091 2042 1120 2094 6
1142 2042 1315 2108 6666.;
1342 2048 1551 2119 Πέτρος
1581 2052 1761 2122 μόνος.
1782 2031 1894 2112 Kal

312 2121 394 2185 ὡς
422 2123 739 2196 ἀνέστησαν,
779 2127 926 2197 λέγει
958 2131 1107 2203 αὐτῷ
1131 2136 1160 2188 6
1189 2134 1363 2201 666a;
1400 2139 1700 2214 Ἐπίμαχος
1722 2161 1738 2179 ο
1769 2147 1896 2213 Πῶς

311 2212 618 2284 ἐτόλμησας
648 2216 901 2272 ἀπελθεῖν
926 2221 1006 2285 είς
1032 2221 1129 2292 τὴν
1156 2224 1435 2295 τράπεζαν
1453 2229 1562 2284 τῶν
1585 2212 1891 2305 γερόντωνξ

322 2304 383 2358 '0
418 2305 476 2358 δὲ
500 2307 776 2381 ἀπεκρίθη
796 2328 808 2340 ·
840 2312 902 2365 Εί
931 2313 1163 2370 ἐκάθισα
1194 2317 1315 2387 μεθ’
1346 2320 1521 2390 ὑμῶν,
1556 2323 1633 2389 ὡς
1659 2326 1892 2400 γέροντα

306 2398 355 2448 οἱ
390 2396 614 2468 ἀδελφοὶ
641 2401 875 2472 ἡμελλον
923 2406 1328 2478 προτρέπεσθαί
1363 2430 1431 2483 με
1460 2415 1705 2486 εὐλογεῖν
1730 2396 1893 2494 πρῶ·-

304 2507 416 2552 τον,
448 2492 545 2544 καὶ
573 2490 650 2556 ὡς
682 2494 884 2563 μείζων
910 2496 1064 2567 ὑμῶν
1095 2495 1239 2570 εἶχον
1272 2498 1408 2558 εἶναι
1427 2523 1440 2537 ο
1480 2507 1575 2561 νῦν
1603 2506 1695 2566 οὖν
1722 2490 1893 2567 ἀπελ-

300 2579 416 2639 θὼν
446 2582 617 2651 ἐγγὺς
662 2584 771 2637 τῶν
804 2586 1085 2661 Πατέρων,
1121 2594 1441 2668 μικρότερος
1469 2599 1687 2657 πάντων
1719 2605 1887 2678 ήμην,

304 2673 402 2726 καὶ
429 2677 809 2750 ταπεινότερος
834 2679 912 2751 τῷ
942 2680 1209 2755 λογισμῷ.
1691 2761 1695 2765 ,

374 2765 440 2820 δ’.
487 2762 655 2822 Εἶπεν
683 2771 711 2822 6
745 2770 919 2837 666:1;
950 2772 1177 2846 Πέτρος,
1216 2778 1298 2831 ὅτι
1331 2780 1406 2834 Οὐ
1448 2782 1529 2836 δεῖ
1567 2762 1890 2857 ἐπαίρεσθαι

299 2859 435 2913 ὅταν
460 2860 489 2913 6
520 2861 725 2933 Κύριος
763 2865 960 2938 ποιήσῃ
999 2884 1054 2920 τι
1095 2868 1163 2921 δι’
1185 2870 1363 2940 ήμῶν,
1400 2873 1533 2930 ἀλλὰ
1573 2877 1771 2948 μᾶλλον
1798 2882 1890 2935 εὐ-

298 2953 586 3019 χαριστεῖν
627 2953 709 3005 ὅτι
755 2953 1173 3028 κατηξιώθημεν
1211 2962 1621 3036 προκληθῆναι
1670 2968 1762 3022 ὑπ’
1790 2972 1890 3025 αὐ-

296 3039 420 3130 τος).
454 3042 620 3097 Τοῦτο
652 3044 698 3097 δ’
724 3046 816 3098 ἐπὶ
849 3046 1030 3119 πάσης
1052 3049 1254 3121 ἀρετῆς
1276 3051 1428 3123 ἔλεγε
1465 3058 1764 3130 συμφέρειν
1798 3061 1887 3116 λο-

294 3128 576 3199 γὶζεσθαι.

643 3227 781 3294 Περὶ
810 3228 916 3282 τοῦ
954 3229 1106 3285 ἁϐϐᾶ
1136 3234 1534 3302 Παφνουτίου.

368 3344 444 3391 α’.
490 3333 657 3391 Εἶπεν
681 3339 708 3390 6
739 3339 914 3404 666d;
946 3343 1304 3412 Παφνούτιος,
1328 3349 1411 3402 ὅτι
1443 3351 1706 3408 Διοδεύων
1735 3357 1793 3409 ὲν
1817 3359 1882 3428 τῇ

291 3427 428 3499 ὁδῷ,
471 3428 664 3497 γέγονέ
691 3447 758 3500 με
784 3432 1237 3507 ἀποπλανηθῆναι
1273 3441 1384 3495 ἀπὸ
1420 3441 1638 3514 δρόσου,
1672 3446 1766 3499 καὶ
1791 3427 1884 3501 eo;

295 3520 527 3592 ρεθῆναι
576 3520 799 3593 πλησίον
848 3524 1059 3598 κώμης.
1101 3531 1211 3585 Καὶ
1254 3529 1393 3588 εἶδόν
1445 3553 1599 3602 τινας
1631 3539 1884 3610 ὁμιλοῦν-

2001 1872 2149 1929 tibus
2201 1884 2382 1931 autem
2416 1876 2527 1933 illis
2574 1877 2631 1933 in
2678 1882 2933 1949 ecclesia,
2959 1884 3339 1954 compulerunt
3388 1902 3483 1942 eos
3512 1896 3571 1943 ut

1997 1964 2247 2019 Venirent
2266 1966 2333 2021 ad
2368 1982 2613 2024 mensam
2634 1987 2851 2027 senum.
2879 1972 3156 2045 Egreque
3185 1977 3454 2035 adductus
3476 1980 3571 2035 ab-

1995 2053 2095 2110 bas
2132 2055 2323 2112 Petrus
2362 2059 2460 2113 ivit
2494 2061 2666 2117 solus.
2701 2060 2770 2115 Ut
2798 2074 2977 2119 autem
3021 2077 3399 2132 surrexerunt,
3436 2070 3571 2125 dicit

1995 2146 2044 2201 ei
2078 2146 2251 2203 abbas
2282 2147 2646 2219 Epimachus:
2681 2151 2798 2219 Qua
2821 2154 3036 2211 ratione
3062 2171 3230 2213 ausus
3246 2174 3306 2214 es
3331 2160 3480 2215 abire
3501 2162 3567 2214 ad

1997 2253 2243 2293 mensam
2279 2242 2515 2295 senum?
2547 2241 2854 2314 Respondit
2882 2246 3013 2301 ille:
3048 2245 3106 2302 Si
3141 2248 3422 2304 vobiscum
3481 2267 3567 2307 sc-

1995 2326 2218 2392 dissem,
2260 2328 2406 2384 velut
2437 2345 2621 2386 senem
2673 2331 2869 2389 fratres
2905 2334 3108 2390 hortati
3153 2352 3239 2393 me
3278 2346 3461 2395 essent
3509 2350 3567 2395 ut

1993 2417 2204 2487 primus
2234 2417 2651 2488 benedicerem,
2684 2432 2741 2478 et
2775 2431 3036 2495 tanquam
3071 2426 3246 2496 major
3281 2428 3434 2484 vobis
3472 2430 3567 2486 Ιιειο

1996 2510 2146 2566 bitus
2194 2510 2465 2568 fuissem:
2504 2513 2617 2583 jam
2661 2529 2791 2570 vero
2837 2515 3116 2586 profectus
3157 2518 3314 2588 juxta
3358 2518 3565 2587 Patres,

1991 2602 2238 2656 omnium
2283 2601 2363 2659 fui
2401 2605 2683 2667 minimus.
2734 2621 2799 2663 ac
2853 2617 3037 2666 mente
3092 2609 3352 2667 humilior
3389 2612 3568 2671 factus

1994 2706 2139 2746 sum.

2062 2785 2116 2841 4.
2157 2784 2305 2840 Dixit
2328 2787 2499 2844 abbas
2526 2787 2757 2846 Petrus:
2788 2790 2909 2846 Non
2948 2798 3161 2861 oportet
3193 2795 3401 2859 extolli,
3442 2809 3565 2851 cum

1993 2877 2138 2936 Deus
2191 2879 2399 2951 aliquid
2440 2896 2536 2951 per
2586 2897 2711 2938 nos
2746 2882 2968 2950 fecerit,
3015 2884 3111 2939 sed
3153 2886 3335 2953 potius
3363 2889 3567 2955 gratias

1992 2984 2154 3042 agere
2189 2972 2334 3041 quod
2375 2972 2523 3043 digni
2575 2972 2702 3028 facti
2747 2973 3011 3032 fuerimus
3034 2976 3127 3046 qui
3154 2990 3473 3032 vocaremur
3496 2982 3565 3033 ab

1992 3079 2078 3121 eo.
2120 3065 2390 3132 Addebat,
2426 3066 2686 3137 expedire
2729 3073 2789 3121 ut
2820 3066 2874 3121 in
2905 3067 3052 3122 omni
3085 3068 3286 3123 virtute
3312 3067 3444 3122 illud
3479 3084 3566 3124 re-

1912 3143 1954 3198 ο
1987 3170 2260 3229 putemus.

2449 3246 2523 3302 De
2559 3247 2750 3304 abbate
2786 3247 3107 3318 Paphnutio.

2057 3363 2105 3416 1.
2147 3362 2403 3417 Narravrt
2437 3361 2606 3417 abbas
2638 3361 3014 3433 Paphnutius:
3059 3360 3166 3417 Per
3193 3362 3335 3417 viam
3372 3369 3556 3420 trans~

1986 3449 2126 3516 iens,
2168 3455 2396 3527 contigit
2438 3462 2496 3508 ut
2535 3455 2846 3510 aberrarem
2915 3455 2986 3509 ob
3026 3469 3228 3520 rorem,
3284 3469 3348 3509 ac
3386 3469 3554 3526 prope

1984 3542 2166 3597 vicum
2186 3557 2386 3599 essem.
2407 3542 2523 3599 Illic
2545 3545 2655 3600 vidi
2677 3544 2940 3615 quosdam
2975 3546 3208 3615 turpiter
3223 3552 3446 3617 agentes
3470 3561 3485 3612 ;
3509 3552 3562 3600 et

292 3631 395 3678 τας
411 3614 459 3646 ⁸⁷
480 3613 729 3686 ἀλλήλοις
747 3632 763 3650 ·
788 3618 881 3671 καὶ
902 3619 1136 3693 ἐστάθην
1159 3623 1412 3701 δεόμενος
1434 3629 1689 3700 περὶτῶν
1709 3633 1885 3706 ἁμαρ-

1992 3632 2110 3689 steti
2143 3634 2403 3703 oravique
2428 3649 2528 3704 pro
2553 3613 2797 3703 peccatis
2828 3635 2989 3694 meis.
3026 3613 3170 3689 Ecce
3218 3613 3442 3704 angelus
3464 3634 3558 3689 de-

291 3705 429 3759 τιῶν
472 3722 595 3775 μου.
628 3707 738 3760 Kal
786 3708 895 3762 ἰδοὺ
938 3711 1171 3782 ἄγγελος
1199 3711 1362 3787 ἦλθεν
1394 3719 1533 3790 ἔχων
1579 3705 1878 3793 ῥομφαίαν,

1986 3725 2198 3782 scendit
2231 3735 2423 3781 tenens
2478 3725 2758 3791 frameam,
2795 3727 2981 3796 aitque
3039 3727 3212 3780 mihi:
3262 3725 3560 3796 l‘apbnuti,

290 3797 391 3851 καὶ
437 3795 589 3866 λέγει
638 3814 728 3867 μοι
748 3817 760 3829 ·
799 3800 1123 3871 Παφνούτιε,
1152 3807 1356 3873 πάντες
1383 3814 1432 3864 oi
1456 3813 1732 3886 κρίνοντες
1759 3819 1883 3883 τοὺς

1992 3833 2177 3874 omnes
2204 3815 2298 3887 qui
2325 3816 2573 3885 judicant
2615 3815 2815 3873 fratres
2847 3795 3015 3882 suos,
3060 3816 3165 3870 hac
3200 3795 3405 3872 framea
3436 3832 3561 3886 pcr-

289 3885 564 3954 ἀδελφοὺς
591 3887 791 3953 αὐτῶν,
818 3891 876 3943 ὲν
915 3892 1088 3966 ταύτῃ
1134 3898 1200 3966 τῇ
1249 3900 1489 3973 ῥομφαίᾳ
1516 3904 1840 3960 ἀπολοῦνται
1865 3924 1877 3936 ·

291 3978 360 4032 σὺ
388 3977 449 4032 δὲ
474 3979 558 4031 ὅτι
584 3978 685 4032 οὐκ
716 3978 958 4052 ἔκρινας,
993 3985 1108 4039 ἀλλ’
1131 3988 1501 4056 ἐταπείνωσας
1556 3995 1749 4049 ἑαυτὸν
1796 3999 1882 4050 ὲν-

292 4071 470 4123 ὡπιον
514 4069 610 4123 τοῦ
654 4071 811 4134 Θεοῦ,
842 4074 918 4137 ὼς
958 4077 1023 4130 σὺ
1074 4078 1175 4149 τὴν
1206 4080 1480 4152 ἁμαρτίαν
1523 4087 1772 4155 ποιήσας,
1794 4087 1881 4142 διὰ

293 4160 455 4215 τοῦτο
480 4161 544 4215 τὸ
576 4161 748 4233 ὄνομά
774 4181 868 4218 σου
901 4168 1276 4240 ἐγγέγραπται
1305 4174 1365 4228 ὲν
1392 4173 1557 4246 βίϐλῳ
1583 4173 1819 4241 ζώντων.

365 4250 436 4321 β’.
485 4251 711 4322 Ἔλεγον
750 4258 879 4326 περὶ
909 4256 1004 4311 τοῦ
1033 4260 1177 4315 ἁ66ᾶ
1206 4263 1559 4334 Παφνουτίου,
1586 4269 1669 4322 ὅτι
1697 4270 1758 4322 οὐ
1785 4289 1881 4325 τα-

290 4341 436 4409 χέως
470 4339 653 4395 ἔπινεν
681 4339 843 4399 οἶνον.
861 4346 1089 4403 Ὀδεύων
1115 4349 1172 4403 δέ
1206 4368 1336 4406 ποτε
1366 4355 1561 4428 εὑρέθη
1585 4359 1769 4413 ἐπάνω
1788 4378 1880 4415 κο-

1986 3910 2171 3975 ibunt;
2212 3907 2337 3980 quia
2367 3922 2497 3962 vero
2527 3907 2936 3977 nonjudicasti,
2967 3908 3061 3963 sed
3093 3907 3353 3963 humilem
3390 3916 3444 3962 te
3470 3923 3559 3962 cx-

1985 3998 2211 4054 liibuisti
2239 4012 2424 4051 coram
2474 3996 2583 4052 Deo
2608 4035 2624 4060 ,
2665 3996 2824 4066 quasi
2868 3996 2985 4067 ipse
3021 3996 3280 4051 delictum
3331 3998 3558 4051 commi-

1983 4092 2175 4157 sisses,
2221 4090 2345 4146 ideo
2395 4104 2594 4145 nomen
2638 4096 2792 4143 tuum
2845 4088 3173 4158 inscriptum
3206 4095 3292 4143 est
3331 4088 3388 4143 in
3420 4087 3559 4143 libro

1981 4189 2517 4343 νιξηῖἓθῗλὶεδαηι
2548 4271 2618 4327 de
2655 4270 2853 4327 abbate
2896 4270 3226 4342 Paphnutio,
3275 4270 3422 4343 quod
3450 4286 3557 4326 non

1985 4361 2141 4418 facile
2168 4362 2377 4418 biberet
2415 4361 2624 4420 vinum.
2650 4362 2959 4433 Aliquando
2989 4370 3171 4418 autem
3204 4361 3260 4416 in
3294 4363 3379 4442 via
3410 4360 3561 4416 ince-

288 4430 551 4500 ληγίου⁴⁸
576 4430 804 4503 λῃστῶν,
831 4438 925 4490 καὶ
951 4432 1108 4509 εὗρεν
1140 4441 1334 4507 αὐτοὺς
1366 4447 1621 4512 πίνοντας
1651 4446 1794 4505 οἶνον
1809 4452 1873 4507 ⁸³.

1992 4454 2135 4518 dens,
2170 4453 2365 4509 incidit
2409 4453 2464 4508 in
2513 4430 2786 4511 latronum
2835 4454 3197 4524 manipulum,
3245 4434 3560 4525 invenitque

302 4521 605 4611 Ἐγνώριζε
645 4524 700 4578 δὲ
752 4529 912 4582 αὐτὸν
944 4533 973 4584 6
1001 4532 1354 4607 ἀρχιλῃστὴς,
1404 4539 1499 4593 καὶ
1536 4540 1651 4611 ᾔδει
1692 4544 1774 4598 ὅτι
1815 4547 1875 4599 οὐ

290 4614 441 4667 πίνει
466 4608 629 4668 οἶνον.
662 4616 771 4690 Kal
793 4617 1013 4690 θεωρῶν
1034 4622 1196 4676 αὑτὸν
1216 4624 1325 4677 ἀπὸ
1351 4608 1586 4697 μεγάλοι)
1606 4631 1652 4662 ⁵⁸
1681 4632 1873 4698 κόπου,

286 4705 521 4777 ἑγέμισε
572 4711 828 4781 ποτήριον
879 4713 1043 4781 οἴνου,
1081 4716 1233 4769 xal“
1269 4717 1330 4771 τὸ
1364 4717 1516 4789 ξίφος
1553 4724 1612 4776 ἐν
1639 4728 1702 4797 τῇ
1733 4730 1878 4799 χειρὶ

286 4796 483 4860 αὑτοῦ,
510 4799 605 4851 καὶ
648 4799 796 4869 λέγει
823 4802 900 4873 τῷ
930 4805 1177 4877 γέροντι’
1224 4810 1348 4863 Ἐὰν
1380 4812 1454 4884 μὴ
1482 4815 1632 4886 πίῃς,
1668 4796 1877 4886 φονεύνω

289 4905 371 4941 σε.
405 4887 575 4952 Γνοὺς
603 4888 660 4942 δὲ
685 4891 713 4944 6
742 4891 919 4963 γέρων
942 4895 1027 4948 ὅτι
1051 4898 1269 4969 ἐντολὴν
1289 4900 1426 4955 Θεοῦ
1456 4902 1600 4957 θέλει
1630 4907 1873 4977 ποιῆσαι,

289 4978 619 5049 βουλόμενος
666 4980 827 5034 αὐτὸν
879 4985 1159 5056 κερδῆσαι,
1188 4988 1347 5043 ἔλαϐε
1403 4994 1495 5046 καὶ
1544 4992 1791 5050 ἔπιεν.⁹0
1821 4998 1877 5051 δὲ

287 5068 625 5141 ἀρχιλῃστὴς
682 5072 1006 5145 μετενόησεν
1056 5079 1223 5149 αὐτῷ,
1255 5081 1465 5150 λέγων’
1515 5085 1876 5158 Συγχὼρησόν

290 5179 406 5231 μοι,
438 5161 603 5247 ἀὸὄᾶ,
636 5163 718 5216 ὅτι
764 5164 958 5236 ἔθλιψά
989 5186 1067 5224 σε.
1106 5173 1216 5225 Kal
1248 5173 1392 5243 λέγει
1441 5180 1469 5231 6
1519 5179 1727 5248 γέρων·
1781 5182 1877 5233 Πι-

288 5257 468 5309 στεύω
494 5255 572 5326 τῷ
598 5255 737 5327 Θεῷ,
764 5258 844 5312 ὅτι
871 5261 958 5316 διὰ
992 5263 1051 5317 τὸ
1090 5268 1347 5338 ποτήριον
1378 5270 1535 5324 τοῦτο
1566 5275 1708 5325 ποιεῖ
1737 5274 1875 5343 μετὰ

289 5346 387 5401 σοῦ
426 5348 575 5412 ἕλεος
603 5349 697 5401 καὶ
743 5351 800 5404 ἐν
844 5354 919 5424 τῷ
949 5356 1041 5409 νῦν
1072 5360 1164 5412 καὶ
1200 5363 1257 5413 ἐν
1298 5362 1374 5432 τῷ
1409 5363 1652 5433 μέλλοντι
1695 5367 1873 5421 αἰῶνι.

1984 4560 2080 4601 eos
2112 4545 2295 4600 vinum
2334 4545 2606 4603 bibentes.
2636 4544 2811 4601 Porro
2844 4545 3208 4617 cognoscebat
3238 4561 3362 4601 eum
3391 4546 3559 4599 Iatro-

1983 4652 2112 4690 num
2138 4637 2271 4701 dux,
2312 4637 2629 4708 sciebatque
2656 4636 2802 4708 quod
2832 4651 2941 4691 non
2980 4635 3193 4691 biberet
3217 4635 3423 4689 vinum.
3466 4632 3559 4688 Vi-

1983 4729 2118 4787 dens
2168 4745 2298 4803 ergo
2339 4729 2497 4786 valde
2556 4732 2787 4793 fessum,
2837 4728 3062 4784 calicem
3113 4726 3244 4781 vino
3290 4724 3554 4794 implevit,

1984 4833 2313 4894 sumptoque
2352 4825 2407 4878 in
2438 4838 2661 4877 manum
2701 4836 2866 4886 ense,
2891 4820 2967 4875 ait
2993 4818 3109 4875 seni
3143 4838 3155 4873 :
3187 4816 3301 4873 Nisi
3328 4816 3554 4878 biberis.

1984 4915 2177 4969 occido
2212 4922 2285 4971 te.
2319 4915 2389 4968 At
2416 4930 2579 4969 senex
2604 4952 2621 4978 ,
2659 4914 2752 4984 qui
2799 4920 3006 4976 nosset,
3040 4928 3105 4967 ex
3152 4910 3408 4965 mandato
3462 4907 3553 4963 Dei

1985 5006 2121 5061 velle
2167 5023 2289 5061 eum
2345 5005 2544 5069 facere,
2611 5006 2839 5076 cupiens
2870 5005 3075 5059 lucrari
3119 5002 3433 5063 hominem,
3466 5015 3555 5053 ac-

1981 5101 2124 5167 cepit
2153 5107 2206 5153 et
2233 5097 2388 5153 bibit.
2417 5097 2572 5153 Tunc
2606 5099 2878 5152 latronum
2914 5097 3170 5167 princeps
3194 5092 3476 5148 inclinavit
3496 5107 3557 5147 se

1982 5190 2280 5254 humiliter,
2309 5191 2533 5246 dicens:
2573 5190 2797 5260 Ignosce
2837 5188 2991 5253 mihi,
3029 5187 3191 5251 abba,
3236 5186 3282 5240 si
3308 5193 3360 5239 te
3389 5184 3555 5238 mole-

1982 5280 2084 5335 stia
2114 5280 2408 5336 aliecerim.
2452 5280 2539 5334 Ait
2570 5295 2731 5335 senex
2763 5298 2775 5333 :
2810 5277 3038 5333 Confido
3079 5278 3135 5331 in
3174 5276 3342 5332 Deum
3365 5275 3554 5346 ,quod

1983 5379 2203 5439 propter
2234 5370 2457 5424 calicem
2502 5371 2645 5424 hunc
2696 5368 2943 5424 facturus
2986 5368 3057 5422 sit
3098 5367 3195 5422 tibi
3247 5366 3555 5423 misericor-

364 5510 526 5592 “‘_Al.
552 5512 938 5592 addxéauroﬁ.
968 5519 1185 5592 __"_Al._
1237 5518 1698 5592 inseruaicxpdig.
1776 5522 1818 5552 ⁸⁸
1849 5524 1887 5576 Α

1992 5522 2295 5592 κολληγίου.
2374 5522 2417 5555 ⁸⁹
2448 5525 2615 5582 Abest
2668 5524 2810 5581 οἶνον
2863 5527 2927 5583 ab
2978 5528 3047 5582 al.
3127 5531 3171 5565 ‘°
3190 5528 3275 5586 ΑΙ.
3336 5526 3552 5583 πολλοῦ.

300 5567 343 5598 ⁹¹
363 5578 451 5633 Al.
492 5581 659 5637 inser.
690 5567 938 5638 tasov’."
966 5588 1012 5620 η
1042 5567 1212 5645 Εἰῖέι.
1238 5567 1372 5653 ’ἱξῇ
1393 5567 1617 5654 εξίιΐὲς,
1647 5574 1699 5643 6-

371 5698 483 5768 (20)
536 5698 641 5755 Vit.
673 5702 824 5757 Patr.
860 5721 990 5769 xvn,
1025 5707 1110 5762 ιε.
