4020 6196
454 303 559 363 579

1583 303 1926 362 APPENDIX
1966 307 2056 361 Al)
2097 307 2513 365 PALLADIUM.

3603 313 3706 370 580

451 421 595 476 diam
634 427 687 473 et
721 418 773 471 in
805 417 908 471 hoc
936 425 990 472 et
1013 416 1067 470 in
1099 416 1280 472 futuro
1320 420 1539 476 saculo.
1576 420 1716 476 Dicit
1745 423 2018 478 latronum

2132 427 2284 495 Λέγει
2314 430 2342 480 6
2371 426 2700 499 ἀρχιλῃστὴς
2720 441 2731 453 ο
2762 422 3008 478 Πιστεύω
3063 424 3138 496 τῷ
3165 425 3302 498 θεῷ,
3331 427 3413 480 ὅτι
3463 427 3571 481 ἀπὸ
3612 429 3706 483 τοῦ

455 513 660 580 primus
687 526 701 564 :
727 507 952 563 Confido
985 508 1038 561 in
1078 507 1206 571 Deo,
1236 509 1379 579 quod
1413 512 1481 564 ab
1525 511 1631 565 isto
1665 521 1910 582 tempore
1935 532 2031 570 ne-

460 601 588 652 mini
633 600 832 652 malum
881 600 1128 656 facturus
1187 601 1312 656 sim.
1363 601 1426 656 Et
1469 603 1712 658 lucratus
1741 616 1826 661 est
1864 624 2030 663 senex

456 700 633 743 totum
679 691 950 744 latronum
982 690 1292 761 collegium,
1334 693 1659 749 dimittendo
1697 706 1918 766 pr0pter
1937 697 2030 753 Do-

457 783 662 836 minum
697 783 1027 836 voluntatem
1069 799 1244 837 suam.

525 876 576 930 5.
623 874 824 927 Retulit
875 873 1047 928 abbas
1092 872 1335 938 Paemen,
1382 874 1589 932 dixisse
1635 877 1883 933 abbatem
1938 879 2030 932 Pa-

454 964 740 1033 phnutinm
771 981 782 1016 :
819 962 1049 1017 Cunctis
1079 963 1270 1020 diebus
1304 967 1426 1020 vita:
1457 981 1670 1031 senum,
1717 968 1800 1022 bis
1841 969 2027 1040 singu-

453 1057 520 1110 lis
575 1055 856 1109 mensibus
908 1055 1020 1109 adii
1070 1069 1188 1120 eos,
1247 1055 1476 1110 dissitus
1522 1058 1700 1126 spatio
1741 1059 2024 1114 duodecim

454 1147 792 1210 milliarium,
829 1155 883 1202 et
903 1147 1169 1216 quidquid
1202 1149 1569 1217 cogitaveram
1599 1151 1904 1216 aperiebam
1925 1153 2025 1216 eis,

453 1254 554 1296 nec
614 1239 910 1308 quidquam
947 1237 1094 1291 aliud
1145 1239 1566 1307 respondebant,
1621 1251 1817 1310 praeter
1871 1243 2022 1298 hoc:

455 1331 537 1386 Ad
565 1344 948 1402 quemcunque
981 1330 1156 1384 locum
1186 1332 1519 1401 perrexeris,
1558 1347 1625 1387 ne
1654 1335 1896 1390 metiaris
1938 1345 2024 1402 te;

450 1437 516 1477 ac
549 1424 604 1477 in
637 1423 819 1492 quiete
858 1420 1040 1490 deges.

517 1515 572 1570 4.
613 1515 672 1569 ln
705 1513 850 1568 Sceti
888 1512 1118 1581 degebat
1149 1527 1274 1567 cum
1322 1513 1519 1568 abbate
1562 1513 1871 1584 Paphnutio
1904 1517 2026 1586 qni-

448 1605 579 1658 dam
614 1602 804 1668 frater,
841 1603 935 1672 qui
963 1603 1386 1672 impugnabatur
1415 1603 1481 1656 ad
1505 1605 1942 1669 forniCationem,
1971 1617 2025 1661 et

449 1695 670 1750 dicebat
699 1712 712 1748 :
744 1692 1006 1758 Quamvis
1034 1693 1222 1748 decem
1252 1709 1452 1749 uxores
1479 1711 1762 1765 accepero,
1800 1714 1905 1752 non
1932 1715 2024 1752 ex-

2132 518 2226 572 νῦν
2247 521 2308 571 ού
2339 520 2412 589 μὴ
2445 517 2793 588 κακοποιήσω
2833 517 2974 570 τινά.
3007 518 3118 570 Kal.
3153 517 3444 588 ἐκέρδησεν
3473 521 3502 572 6
3527 519 3707 590 γέρων

2129 610 2248 663 ὅλον
2273 611 2365 663 τὸν
2390 610 2640 680 κολήγιον
2656 609 2724 676 ⁸³,
2755 609 2914 677 ἀφεὶς
2964 607 3025 660 τὸ
3070 606 3277 679 θέλημα
3303 608 3469 662 αὑτοῦ
3496 610 3584 664 δια
3615 610 3707 664 τὸν

2131 702 2334 773 Κύριον
2350 702 2416 753 ⁸⁸.

2198 882 2266 943 γ’.
2308 871 2473 928 Εἶπεν
2501 876 2529 928 6
2561 873 2731 937 ἀϐϐἄς
2760 872 2995 942 Ποιμὴν,
3025 872 3107 924 ὅτι
3135 870 3319 939 ἔλεγεν
3345 873 3373 924 6
3399 869 3572 934 ἀϐϐᾶς
3593 874 3708 926 Πα-

2127 967 2402 1038 φνούτιοςο
2436 968 2527 1030 Et;
2560 966 2740 1031 πάσας
2783 965 2886 1028 τὰς
2930 964 3142 1035 ἡμέρας
3169 963 3270 1033 τῆς
3311 961 3456 1035 ζωῆς
3477 964 3584 1017 τῶν
3613 981 3707 1033 γε-

2130 1058 2352 1130 ρόντων,
2385 1057 2465 1120 δίς
2514 1057 2605 1110 τὸν
2642 1057 2784 1127 μῆνα
2837 1053 3142 1125 παρέϐαλον
3190 1053 3392 1117 αὐτοῖς,
3429 1053 3566 1123 ἔχων
3609 1055 3702 1106 ἀπ’

2127 1149 2302 1203 αὐτῶν
2325 1151 2386 1202 τὸ
2403 1150 2676 1220 διάστημα
2705 1149 2857 1219 μίλια
2880 1148 3109 1214 δώδεκα,
3127 1147 3221 1200 καὶ
3247 1146 3424 1200 πάντα
3446 1147 3708 1216 λογισμὸν

2127 1241 2310 1310 ἔλεγον
2337 1243 2540 1304 αὐτοῖς.
2569 1242 2663 1294 καὶ
2687 1241 2839 1295 οὐδέν
2879 1257 2970 1310 μοι
2995 1240 3181 1311 ἕτερον
3215 1237 3419 1306 ἔλεγον,
3463 1237 3495 1308 ἢ
3523 1236 3703 1301 τοῦτο,

2125 1333 2207 1386 ὅτι
2241 1333 2334 1396 El:
2365 1333 2422 1387 6v
2458 1333 2523 1386 ἂν
2545 1332 2709 1386 τόπον
2730 1331 2993 1405 ἀπέλθῃς,
3029 1331 3104 1402 μὴ
3141 1331 3360 1402 μετρεῖς
3384 1327 3595 1391 ἑαυτὸν,
3614 1330 3706 1382 καὶ

2125 1423 2224 1496 ἔσῃ
2247 1423 2682 1492 ἀναπαύόμενος.

2195 1515 2257 1568 δ’.
2297 1510 2408 1567 Ἦν
2438 1531 2522 1577 τις
2550 1511 2778 1582 ἀδελφὸς
2807 1513 2885 1576 είς
2915 1511 3111 1581 Σκῆτιν
3148 1509 3284 1580 μετά
3304 1507 3398 1562 τοῦ
3421 1507 3566 1562 ἀϐϐᾶ
3589 1508 3701 1561 Πα-

2127 1605 2398 1676 φνουτίου,
2429 1606 2524 1658 καὶ
2561 1602 2882 1674 ἐπολεμεῖτο
2921 1602 2999 1666 εἰς
3039 1600 3316 1672 πορνείαν,
3349 1600 3444 1654 καὶ
3485 1599 3700 1668 ἔλεγεν·

2140 1696 2266 1749 Ἐὰν
2298 1695 2447 1748 λάϐω
2485 1695 2616 1748 δέκα
2646 1696 2928 1762 γυναῖκας,
2962 1693 3024 1744 οὐ
3064 1689 3256 1762 πληρῶ
3281 1689 3378 1760 τὴν
3409 1687 3712 1758 ἐπιθυμίαν

449 1787 610 1856 plebo
666 1785 1021 1855 cupiditatem
1075 1800 1272 1840 meam.
1307 1786 1482 1842 Senex
1525 1803 1654 1842 vero
1703 1789 2023 1843 hortabatur

2132 1806 2250 1858 μου.
2269 1787 2325 1842 Ὀ
2357 1787 2414 1840 δὲ
2444 1787 2623 1858 γέρων
2656 1784 2952 1855 παρεκάλει
2981 1783 3154 1851 λέγων
3173 1797 3189 1813 ο
3217 1780 3328 1852 Μὴ,
3356 1781 3575 1833 τέκνονο
3605 1780 3704 1832 πύ-

449 1878 532 1931 his
564 1879 746 1931 verbis
775 1891 789 1930 :
831 1875 1220 1946 Nequaquam,
1259 1877 1374 1943 fili;
1424 1877 1762 1950 impugnatio
1801 1888 1885 1934 est
1914 1881 2024 1934 da:-

447 1983 692 2023 monum.
735 1969 802 2022 At
831 1969 920 2023 ille
957 1969 1133 2023 noluit
1167 1969 1579 2039 obtemperare,
1612 1971 1705 2026 sed
1749 1971 2025 2041 profectus

444 2064 532 2114 est
566 2057 619 2111 in
649 2057 941 2128 xl'lgyptum
969 2100 984 2123 ,
1033 2058 1122 2111 ubi
1167 2058 1320 2112 duxit
1352 2075 1597 2113 uxorem.
1638 2058 1767 2115 Post
1806 2061 2025 2131 aliquod

447 2156 664 2218 tempus
697 2149 928 2219 contigit
952 2157 1008 2202 ut
1035 2165 1200 2204 senex
1238 2150 1292 2204 in
1323 2150 1619 2222 Egyptum
1654 2154 1977 2209 ascenderet
2006 2171 2022 2209 :

447 2240 557 2296 illic
594 2240 818 2296 offendit
859 2257 982 2296 eum
1040 2251 1348 2312 portantem
1405 2245 1679 2314 sportulas
1715 2251 1984 2300 testarum
2007 2286 2023 2312 ,

446 2345 546 2384 nec
576 2331 815 2400 agnovit,
855 2330 952 2385 sed
1010 2333 1126 2400 ipse
1158 2333 1235 2386 ait
1275 2333 1433 2386 seni:
1497 2332 1607 2402 Ego
1665 2349 1786 2387 sum
1824 2335 1915 2390 ille
1946 2335 2022 2390 di-

446 2420 692 2490 scipulus
733 2430 878 2476 tuus.
933 2421 1110 2476 Senex
1162 2433 1343 2476 autem
1391 2423 1626 2477 intuitus
1669 2439 1793 2478 eum
1828 2425 1882 2480 in
1935 2427 2026 2483 illa

445 2511 780 2578 dejectione.
830 2512 976 2566 ﬂevit
1032 2512 1278 2582 dixitque
1329 2530 1344 2567 :
1409 2513 1697 2580 Quomodo
1766 2516 2024 2573 dimisisti

447 2601 708 2656 honorem
770 2601 945 2666 illum,
1010 2613 1063 2657 et
1108 2604 1306 2659 venisti
1355 2605 1423 2660 ad
1477 2605 2024 2664 dehonestamentum

447 2693 584 2747 hoc?
607 2691 809 2747 Verum
845 2695 1180 2764 accepistine
1210 2695 1396 2750 decem
1423 2699 1659 2754 uxores?
1683 2698 1775 2754 llle
1798 2701 2026 2771 ingemio

447 2799 631 2848 scens,
683 2784 1010 2855 respondit:
1064 2784 1206 2840 Sane
1247 2787 1463 2842 unicam
1495 2788 1646 2853 duxi,
1684 2800 1735 2846 et
1767 2792 2024 2845 aerumnis

445 2871 731 2945 conficior,
786 2889 899 2943 quo
948 2889 1087 2944 pane
1125 2877 1294 2929 illam
1323 2892 1568 2946 pascam.
1606 2879 1759 2934 Tune
1793 2881 1859 2934 ad
1899 2897 2023 2935 eum

447 2976 650 3017 senex:
684 2963 978 3018 Revertere
1000 2964 1309 3020 nobiscum.
1352 2966 1573 3035 Excepit
1601 2987 1616 3022 :
1652 2967 1816 3024 Estne
1847 2971 2023 3040 pinni—

445 3058 634 3112 tentiae
665 3057 841 3124 locus,
870 3058 1050 3113 abba?
1078 3059 1193 3124 Est,
1227 3060 1422 3131 inquit.
1456 3061 1681 3118 Relictis
1703 3079 1830 3134 ergo
1854 3064 2030 3118 omni-

447 3152 550 3204 bus
587 3157 811 3203 secutus
871 3156 956 3203 est
993 3164 1115 3202 eum
1137 3165 1152 3215 ;
1176 3157 1232 3204 et
1265 3148 1467 3204 Seetim
1501 3151 1802 3222 ingressns,
1837 3154 1905 3207 ab
1934 3169 2030 3208 ex-

450 3240 753 3310 perimento
794 3242 970 3297 evasit
1001 3243 1209 3312 probus
1245 3243 1570 3298 monachus.

519 3331 574 3388 5.
627 3329 873 3386 Fratrem
925 3332 979 3386 in
1031 3332 1327 3389 solitudine
1355 3333 1651 3390 Thebaidis
1685 3350 2031 3390 commoran-

445 3429 558 3476 tem
589 3421 756 3476 subiit
785 3421 889 3475 ista
919 3423 1214 3492 cogitatio:
1253 3422 1392 3489 Quid
1429 3425 1586 3482 sedes
1617 3426 2031 3483 infructuosus?

447 3512 648 3583 Surge,
713 3512 802 3568 abi
867 3513 935 3567 ad
989 3518 1419 3585 monasterium,
1453 3519 1528 3574 ibi
1579 3518 1814 3574 fructum
1866 3521 2026 3578 feres.

450 3601 640 3673 Itaque
671 3617 926 3674 surgens,
958 3606 1109 3659 venit
1160 3609 1226 3661 ad
1268 3609 1519 3662 abbatem
1551 3609 1941 3680 Paphnutium,
1976 3622 2030 3668 et

447 3693 748 3748 declaravit
791 3695 842 3749 ei
893 3697 1302 3767 cogitationem.
1344 3699 1554 3756 Monuit
1587 3717 1751 3758 senex
1789 3723 1800 3757 :
1850 3702 2027 3770 Redi,

445 3783 576 3840 sede
605 3784 658 3838 in
691 3785 827 3840 cella
857 3793 986 3852 tua;
1021 3787 1106 3843 fac
1128 3804 1291 3842 unam
1317 3792 1622 3846 orationem
1652 3808 1832 3858 mane,
1863 3811 2028 3850 unam

447 3873 686 3943 vesperi,
741 3889 905 3928 unam
953 3885 1156 3942 noctu;
1198 3891 1324 3932 cum
1371 3881 1660 3945 esurieris,
1720 3884 2027 3953 manduca;

443 3977 573 4018 cum
627 3965 866 4026 sitieris,
913 3965 1070 4033 bibe;
1126 3981 1251 4021 cum
1297 3984 1491 4025 somno
1542 3980 1783 4030 tentatus
1836 3975 2026 4041 fueris,

449 4056 659 4120 dormi;
709 4070 774 4110 ac
805 4072 1031 4112 remane
1077 4058 1131 4112 in
1179 4074 1398 4127 eremo;
1445 4078 1545 4118 nec
1589 4065 1905 4134 c0gitationi
1950 4067 2028 4122 illi

450 4145 797 4212 obscquaris.
839 4145 1088 4201 Accessit
1129 4149 1294 4203 etiam
1349 4151 1414 4205 ad
1456 4153 1708 4210 abbatem
1742 4155 2026 4223 Joannem,

453 4234 898 4304 renuntiavitque
953 4238 1001 4290 ei
1049 4239 1214 4293 verba
1271 4240 1482 4297 abbatis
1526 4243 1837 4316 Paphnutii.
1889 4247 2029 4303 Dicit

452 4323 626 4378 abbas
679 4322 962 4382 Joannes:
1021 4327 1099 4384 Ne
1155 4334 1384 4388 omnino
1432 4338 1738 4394 orationem
1792 4342 2024 4409 feceris;

455 4508 633 4563 hatem
675 4508 1006 4577 Arsenium;
1041 4513 1128 4565 cui
1183 4525 1384 4569 cuncta
1427 4516 1788 4577 denuntiavit.
1821 4523 1911 4577 Ait
1951 4525 2029 4578 illi

455 4614 618 4654 senex
652 4619 666 4655 :
702 4599 869 4664 Tene,
907 4601 1261 4662 sicutPatres
1279 4607 1586 4664 docuerunt
1609 4619 1684 4667 te.
1719 4611 2027 4670 Nihilenim

450 4693 693 4762 amplius
743 4694 840 4749 tibi
881 4711 1105 4765 possum
1153 4698 1358 4755 dicere.
1390 4699 1484 4754 lllc
1528 4703 1684 4771 plene
1732 4721 2029 4776 persuasus

446 4783 736 4839 abscessit.

961 4899 1034 4954 De
1067 4899 1256 4955 abbate
1291 4900 1486 4956 Paulo.

523 5011 622 5079 (2i
649 5010 667 5079 )
703 5008 952 5065 Narravit
984 5013 1181 5081 aliquis
1211 5030 1241 5068 e
1285 5013 1539 5069 Patribns
1571 5016 1637 5069 de
1671 5020 1906 5086 quodam
1935 5022 2029 5075 ab-

451 5099 576 5154 bate
631 5099 832 5165 Paulo,
904 5104 1049 5172 quod
1099 5113 1243 5158 esset
1293 5122 1358 5159 ex
1413 5105 1761 5163 inferioribus
1811 5109 2028 5183 Egypti

451 5192 741 5258 partibus,
799 5195 1071 5250 habitaret
1120 5212 1251 5250 vero
1297 5198 1349 5251 in
1400 5197 1710 5267 Thebaide;
1773 5204 2030 5274 quodque

451 5285 710 5339 manibus
743 5288 1174 5357 apprehenderet
1207 5299 1477 5356 cerastas,
1512 5295 1779 5362 scorpios,
1806 5312 2030 5366 serpen-

450 5380 556 5434 tes,
609 5373 924 5446 mediosque
977 5378 1304 5436 difﬁnderet.
1366 5379 1535 5452 Igitur
1592 5381 1788 5439 fratres
1837 5385 2025 5440 humili

2125 1879 2289 1950 λεμός
2331 1881 2450 1932 ἐστι
2483 1877 2590 1949 τῶν
2635 1875 2924 1947 δαιμόνων.
2972 1875 3082 1929 Kal.
3128 1873 3230 1926 οὐκ
3272 1872 3536 1942 ἐπείσθη·
3570 1871 3707 1925 ἀλλά

2127 1967 2368 2039 ἀπῆλθεν
2399 1969 2480 2030 εἰς
2511 1966 2806 2035 Αἴγυπτον,
2839 1965 2932 2018 καὶ
2971 1961 3130 2017 ἔλαϐε
3159 1964 3410 2031 γυναῖκα.
3462 1961 3614 2014 Μετὰ
3647 1960 3706 2013 δέ

2126 2056 2316 2126 χρόνον
2361 2055 2576 2123 ἐγένετο
2621 2053 2884 2124 ἀναϐῆναι
2918 2053 3008 2106 τὸν
3033 2052 3265 2124 γέροντα
3300 2053 3380 2114 εἰς
3409 2050 3706 2119 Αἴγυπτον,

2127 2150 2221 2202 καὶ
2251 2147 2562 2217 ἀπαντῆσαι
2590 2147 2752 2200 αὐτὸν
2794 2145 3133 2216 βαστάζοντα
3161 2144 3418 2214 σπυρίδια
3435 2145 3481 2175 ⁸⁸
3511 2143 3706 2214 ὀπράφ

2126 2255 2271 2293 κων·
2319 2241 2347 2292 6
2389 2238 2445 2290 δὲ
2491 2235 2670 2308 γέρων
2699 2237 2798 2289 ούκ
2827 2235 3120 2306 ἐγνώρισεν
3168 2234 3362 2289 αὐτόν’
3391 2234 3508 2289 ἀλλ’
3543 2235 3709 2298 αὐτὸς

2126 2329 2272 2398 λέγει
2299 2327 2474 2399 αὐτῷ·
2517 2327 2658 2396 Ἐγώ
2687 2329 2804 2398 εἰμι
2852 2328 2881 2380 6
2930 2327 3078 2380 δεῖνα
3108 2329 3135 2380 6
3165 2325 3411 2397 μαθητής
3441 2342 3556 2380 σου.
3596 2324 3712 2378 Kal.

2129 2423 2251 2477 ίδὼν
2293 2421 2454 2476 αὐτὸν
2503 2422 2532 2474 6
2577 2420 2757 2491 γέρων
2795 2423 2853 2474 ἐν
2897 2420 2962 2491 τῇ
2997 2420 3189 2490 ἀτιμίᾳ
3221 2419 3422 2490 ἐκείνη,
3453 2417 3711 2482 ἐκλαυσε,

2126 2493 2407 2568 κατεῖπε·
2438 2511 2562 2576 Πῶς
2597 2511 2816 2582 ἀφῆκας
2845 2510 2942 2581 τὴν
2973 2510 3139 2581 τιμὴν
3161 2509 3398 2580 ἐκείνην,
3422 2510 3515 2562 καὶ
3545 2505 3714 2580 ἦλθες

2126 2608 2207 2670 είς
2239 2605 2337 2677 τὴν
2357 2604 2580 2674 ἀτιμίαν
2604 2603 2808 2675 ταύτην
2830 2621 2844 2668 ;
2873 2603 3011 2675 πλὴν
3035 2603 3224 2666 ἔλαϐες
3247 2602 3345 2665 τὰς
3370 2602 3498 2654 δέκα
3523 2603 3714 2670 γυναῖ-

2126 2716 2255 2763 κας;
2293 2699 2402 2751 Kal
2437 2697 2698 2761 στενάξας
2731 2693 2881 2750 εἷπε·
2908 2696 3070 2748 Φύσει
3103 2693 3230 2766 μίαν
3263 2693 3470 2756 ἔλαϐον,
3495 2694 3588 2745 καὶ
3608 2710 3711 2746 τα-

2125 2790 2387 2862 λαιπωρῶ
2413 2791 2530 2854 πῶς
2560 2790 2730 2860 αὐτὴν
2748 2789 3005 2861 χορτάσω.
3030 2788 3212 2858 ἄρτον.
3244 2786 3354 2839 Kal.
3379 2785 3527 2853 λέγει
3560 2783 3714 2854 αύτῷ

2125 2884 2154 2935 6
2188 2883 2397 2955 γέρων·
2446 2882 2615 2953 Δεῦρο
2661 2881 2823 2934 πάλιν
2855 2879 2970 2950 μεθ’
3000 2879 3176 2949 ἡμῶν.
3199 2877 3309 2930 Kal.
3360 2872 3540 2930 εἶπεν·
3587 2875 3720 2929 Ἐνι

2130 2978 2407 3048 μετάνοια,
2443 2975 2619 3040 ἀ66ἅ;
2663 2975 2726 3028 '0
2753 2973 2810 3027 δὲ
2843 2969 2994 3026 εἶπεν
3015 2990 3028 3002 '
3061 2973 3198 3024 Ἔνι.
3243 2971 3353 3023 Kal.
3382 2967 3720 3038 καταλείψας

2130 3070 2329 3130 πάντα,
2358 3066 2724 3138 ἠκολούθησεν
2755 3064 2918 3118 αὐτόν
2937 3080 2951 3094 ο
2978 3063 3072 3117 καὶ
3104 3061 3359 3115 εἰσελθὼν
3386 3063 3466 3124 είς
3487 3059 3716 3130 Σκῆτιν,

2131 3159 2237 3213 ἀπὸ
2265 3160 2362 3230 τῆς
2396 3158 2590 3229 πείρας
2623 3157 2814 3227 γέγονε
2840 3156 3061 3227 δόκιμος
3099 3153 3351 3227 μοναχός.

2201 3335 2263 3392 ε’.
2315 3332 2554 3404 Ἀδελφῷ
2585 3335 2642 3386 ἐν
2664 3336 2729 3405 τῇ
2763 3332 2958 3404 ἐρήμῳ
2988 3331 3281 3402 καθημένῳ
3305 3329 3404 3401 τῆς
3424 3326 3718 3398 Θηϐαΐδος,

2127 3423 2291 3499 ἦλθεν
2350 3426 2498 3495 αύτῷ
2543 3424 2821 3496 λογισμὸς,
2869 3424 3078 3493 λέγων⁹
3130 3424 3195 3476 Ti
3237 3421 3380 3495 κάθῃ
3423 3423 3726 3493 ἄκαρποςς,

2130 3522 2358 3585 ἀνάστα,
2392 3519 2568 3586 ὕπαγε
2618 3521 2698 3582 εἰς
2732 3517 3019 3580 κοινόϐιον,
3071 3517 3166 3570 καὶ
3205 3519 3320 3569 ἐκεῖ
3353 3517 3525 3578 ποιεῖς
3572 3531 3727 3581 acap-

2131 3613 2252 3668 πὸν.
2287 3615 2396 3667 Kal
2437 3613 2676 3675 ἀναστὰς
2702 3608 2831 3684 ἦλθε
2867 3611 3003 3682 πρὸς
3038 3610 3130 3663 τὸν
3155 3608 3330 3663 άϐϐᾶν
3353 3607 3722 3677 Παφνούτιον,

2131 3704 2225 3758 καὶ
2256 3705 2577 3776 ἀνήγγειλεν
2605 3703 2752 3775 αύτῷ
2797 3704 2888 3756 τὸν
2926 3701 3208 3772 λογισμόν.
3239 3701 3349 3753 Kal.
3385 3699 3532 3766 λέγει
3564 3699 3725 3766 αὑτῷ

2128 3796 2392 3868 ὁγέρων·
2429 3797 2674 3864 ”Υπαγε,
2723 3795 2890 3849 κάθου
2945 3795 3025 3856 είς
3072 3792 3132 3846 τὸ
3185 3791 3394 3846 κελλίον
3451 3805 3580 3843 σου’
3620 3790 3722 3843 καὶ

2129 3889 2272 3941 ποίει
2310 3887 2436 3952 μίαν
2465 3888 2630 3958 εὐχὴν
2661 3885 2824 3957 πρωῒ,
2855 3886 2949 3938 καὶ
2977 3884 3104 3956 μίαν
3130 3883 3390 3953 ἑσπέρας,
3438 3881 3534 3933 καὶ
3585 3880 3723 3951 μίαν

2127 3978 2228 4046 τὴν
2253 3977 2450 4032 νύκτα·
2499 3978 2592 4030 καὶ
2620 3978 2748 4030 ὅταν
2778 3976 2989 4046 πεινᾷς,
3021 3973 3186 4042 φάγε,
3223 3971 3320 4025 καὶ
3358 3971 3486 4023 ὅταν
3529 3968 3717 4038 διψᾷς.

2129 4070 2242 4134 πίε,
2270 4071 2361 4122 καὶ
2407 4069 2534 4121 ὅταν
2579 4067 2869 4138 νυστάξῃς,
2903 4064 3080 4137 κοιμῶ
3105 4081 3116 4094 ·
3150 4063 3244 4117 καὶ
3286 4062 3412 4132 μένε
3442 4063 3521 4123 εἰς
3551 4060 3720 4129 γῆν¹⁸

2129 4161 2364 4232 ἔρημον
2400 4159 2493 4211 καὶ
2534 4157 2608 4228 μὴ
2639 4157 2866 4227 πεισθῇς
2894 4151 3237 4226 αύτῷΪΗλθε
3267 4153 3320 4208 δὲ
3346 4152 3440 4206 καὶ
3465 4151 3601 4221 πρὸς
3623 4151 3717 4203 τὸν

2128 4250 2302 4304 άϐϐᾶν
2349 4249 2622 4317 Ἰωάννην,
2652 4248 2746 4300 καὶ
2773 4245 3062 4316 ἀνήγγειλε
3092 4245 3161 4298 τὰ
3191 4244 3414 4313 ῥήματα
3451 4236 3544 4293 τοῦ
3571 4240 3714 4292 ἀϐϐά

2129 4340 2489 4410 Παιρνουτίου.
2525 4340 2634 4392 Kal.
2662 4338 2810 4406 λέγει
2833 4340 2862 4390 6
2887 4337 3060 4400 ἀϐϐἄς
3109 4335 3363 4404 Ἰωάννης
3382 4350 3396 4365 ο
3429 4333 3520 4402 Μὴ
3561 4333 3712 4398 ποιή-

339 4419 342 4424 ’
450 4416 721 4469 duntaxat
763 4418 892 4472 sede
929 4418 982 4472 in
1011 4419 1154 4492 ‘cella
1186 4429 1302 4475 tua.
1333 4423 1469 4492 Tum
1512 4442 1743 4499 surgens
1772 4431 1905 4488 adiit
1931 4435 2026 4489 ab-

2133 4450 2229 4505 σῃς
2256 4433 2392 4496 ὅλως
2427 4431 2611 4502 εὐχὴν,
2642 4431 2798 4501 μόνον
2825 4430 2992 4484 κάθου
3021 4430 3101 4490 είς
3123 4427 3182 4480 τὸ
3211 4426 3420 4480 κελλίον
3456 4441 3571 4477 σου.
3600 4421 3710 4473 Kal.

2128 4524 2365 4586 ἀναστὰς
2393 4519 2526 4594 ἦλθε
2557 4521 2692 4592 πρὸς
2731 4521 2820 4574 τὸν
2862 4519 3036 4575 ἀϐϐᾶν
3080 4515 3374 4589 Ἀρσένιον,
3416 4516 3512 4569 καὶ
3541 4512 3708 4582 ἀνήγ-

2128 4615 2308 4684 γειλεν
2340 4614 2489 4684 αὐτῷ
2522 4614 2722 4668 πάντα.
2754 4613 2865 4666 Ka‘.
2898 4613 3045 4680 λέγει
3087 4609 3236 4680 αὐτῷ
3265 4611 3294 4662 6
3319 4607 3496 4679 γέρων
3516 4623 3530 4636 ·
3567 4602 3712 4674 Κρά-

2127 4725 2210 4760 τει
2239 4706 2313 4769 ὡς
2337 4708 2386 4758 οἱ
2418 4705 2658 4776 Πατέρες
2691 4721 2772 4758 σοι
2799 4700 2988 4758 εἶπανθ
3026 4700 3207 4753 πλεῖον
3233 4698 3342 4769 γὰρ
3373 4697 3597 4757 τούτων,
3616 4693 3714 4747 οὐκ

2131 4801 2240 4870 ἔχω
2275 4801 2356 4853 σοί
2395 4817 2446 4852 τι
2483 4802 2675 4854 εἰπεῖν.
2715 4801 2825 4854 Kal.
2851 4795 3291 4870 πληροφορηθεὶς
3323 4791 3586 4862 ἀπῆλθεν.

2543 4913 2681 4981 Περὶ
2709 4912 2815 4967 τοῦ
2849 4911 2997 4967 ἀϐϐᾶ
3032 4911 3293 4966 Παύλου.

2207 5024 2510 5096 Διηγήσατό
2535 5043 2619 5089 τις
2652 5027 2758 5079 τῶν
2789 5026 3047 5097 Πατέρων
3078 5023 3203 5096 περί
3234 5039 3376 5085 τινος
3403 5019 3548 5073 ὰϐϐά
3570 5016 3706 5070 Παύ-

2136 5120 2250 5180 λου,
2294 5121 2376 5172 ὅτι
2417 5115 2484 5190 ἦν
2523 5121 2586 5172 ἐκ
2628 5120 2737 5173 τῶν
2780 5120 2928 5174 κάτω
2975 5117 3156 5190 μερῶν
3186 5118 3230 5148 ⁸⁷
3265 5116 3363 5185 τῆς
3414 5109 3713 5180 Αἰγύπτου,

2136 5208 2299 5260 οἰκῶν
2322 5207 2378 5260 δὲ
2415 5209 2471 5260 ἐν
2506 5208 2758 5278 Θηϐαΐδιο
2805 5211 2886 5262 ὅτι
2926 5203 3079 5270 οὗτος
3112 5205 3332 5274 ἐκράτει
3377 5203 3497 5263 ταῖς
3527 5199 3717 5269 χερσὶν

2135 5299 2299 5351 αὑτοῦ
2318 5300 2441 5363 τοὺς
2456 5301 2728 5370 κεράστας
2745 5299 2790 5332 ⁵⁸
2813 5299 3046 5361 καὶτοὺς
3067 5297 3238 5364 ὄφεις,
3265 5294 3356 5348 καὶ
3379 5287 3590 5361 ἔσχιζεν
3615 5287 3711 5339 αύ-

2133 5390 2259 5453 τοῦς
2293 5391 2509 5460 μέσους.
2539 5392 2650 5444 Kal.
2681 5391 2869 5444 ἔϐαλον
2893 5389 3041 5460 αύτῷ
3071 5391 3119 5442 οἱ
3145 5386 3366 5456 ἀδελφοὶ
3400 5381 3713 5454 μετάνοιαν,

607 5527 690 5614 ΑᾼῙ·
725 5527 1026 5613 ’τωρ-ἤϊξαν.
1083 5536 1128 5566 ⁵⁵
1155 5536 1238 5588 ΑΙ.
1272 5535 1424 5589 Θεόν.
1503 5537 1548 5567 ⁸⁵
1592 5538 1675 5594 Al.
1707 5540 1957 5610 σπυρῖδα.
2038 5541 2333 5613 “AL-cry.
2413 5546 2456 5577 ⁸⁷
2490 5544 2575 5600 AI.
2615 5546 2671 5598 ἐν
2717 5547 2828 5608 τοῖς
2879 5555 2929 5599 et
2967 5543 3179 5614 μέρεσι.
3255 5540 3302 5572 ⁸⁸
3336 5539 3417 5592 ΑΙ.
3463 5537 3567 5590 ius.
3616 5530 3710 5585 καὶ

452 5597 582 5658 τοὺς
630 5597 940 5666 σκορπίους.

532 5707 643 5775 till)
703 5703 804 5759 γει.
845 5707 992 5758 I’ulr.
1029 5724 1086 5762 ιι.
1118 5709 1198 5762 ll.
