4020 6196
314 310 417 370 881

1457 313 1776 376 APOPHTH
1786 316 1868 381 EG
1881 326 2066 380 HATA
2106 329 2240 382 PAT
2252 329 2418 385 RUM.

3470 339 3579 395 583

314 433 603 501 λέγοντες·
651 431 790 487 Είπὲ
848 435 979 504 ἡμῖν
1023 436 1182 490 ποίαν
1220 440 1480 510 ἐργασίαν
1508 443 1791 512 ἐποίησας,
1821 445 1888 498 ἴνε

2013 449 2149 503 facta
2181 452 2529 516 salutatione,
2563 461 2878 518 oraverunt,
2906 453 3112 511 dicerct
3150 459 3216 513 iis
3259 474 3422 528 quam
3445 476 3581 530 Ope-

318 526 489 598 λάσῃς
529 526 631 594 τὴν
688 525 848 594 χάριν
874 526 1093 598 ταύτην.
1145 529 1202 582 Ὀ
1232 530 1286 583 δὲ
1315 531 1446 602 ἔφη·
1499 534 1898 607 Συγχωρήσατέ

325 635 433 688 μοι,
471 616 712 686 Πατέρες
737 630 752 645 “
788 617 885 670 ἐάν
915 636 997 681 τις
1023 622 1291 691 κτήσηται
1321 622 1692 696 καθαρότητα,
1725 627 1901 681 πάντα

321 711 682 763 ὑποτάσσεται
711 709 882 780 αὐτῷ,
903 711 978 774 ὡς
990 711 1067 780 τῷ
1096 713 1263 783 Ἀδὰμ.
1284 716 1373 768 ὅτε
1403 711 1470 786 ἦν
1485 719 1542 770 ὲν
1567 718 1898 790 παραδείσῳ,

320 799 444 868 πρὶν
461 797 496 868 ἢ
523 797 842 868 παραϐῆναι
869 799 969 869 τὴν
987 801 1225 856 ἐντολήν.

492 989 636 1058 Περὶ
672 991 781 1045 τοῦ
815 990 967 1046 ἀϐὄᾶ
1007 995 1251 1049 Παύλου
1278 996 1384 1050 τοῦ
1409 999 1718 1068 κοσμίτου.

385 1109 453 1156 α’.
503 1104 563 1155 Ἱ)
592 1103 769 1166 ἀδῦἄς
799 1103 1013 1166 Παῦλος
1059 1107 1087 1157 6
1129 1108 1395 1179 κοσμίτης
1435 1113 1530 1165 καλ⁸
1575 1113 1837 1184 Τιμόθεος
1867 1119 1904 1169 6

312 1193 540 1262 ἀδελφὸς
573 1195 741 1248 αὑτοῦ
780 1192 1104 1258 ἐκαθέζοντο
1142 1199 1199 1249 ὲν
1223 1201 1287 1269 τῇ
1317 1201 1515 1272 Σκήτει
1543 1219 1555 1231 ·
1587 1206 1680 1257 καὶ
1710 1205 1901 1260 πολλαι

312 1287 423 1356 χῶς
452 1287 498 1318 ³’
522 1287 733 1354 ἐγίνετο
768 1285 972 1357 μεταξὺ
1002 1289 1184 1342 αὐτῶν
1218 1291 1514 1361 ἀντιλογία.
1549 1295 1711 1363 Λέγει
1741 1299 1768 1350 6
1795 1297 1895 1350 ἀϐ-

308 1375 413 1439 6ἆς
438 1375 649 1438 Παῦλος
668 1392 682 1406 ·
713 1377 860 1439 Ἕως
883 1377 1013 1430 πότε
1046 1377 1283 1448 μένομεν
1310 1379 1516 1445 οῦτως;
1558 1383 1719 1452 Λέγει
1751 1387 1897 1457 αὐτῷ

308 1469 338 1520 6
367 1455 542 1532 ἀϐϐᾶς
572 1467 868 1538 Τιμόθεοςθ
910 1469 1143 1540 Ποίησον
1187 1470 1439 1540 ἀγάπην⁸
1479 1473 1606 1526 ὅταν
1653 1455 1897 1547 ἔρχωμαι

307 1559 500 1612 ἐπάνω
556 1577 672 1624 σου,
737 1559 1005 1629 βάσταξόν
1062 1579 1163 1633 με·
1233 1564 1324 1617 καὶ
1361 1565 1489 1617 ὅταν
1533 1565 1664 1638 ἔρχῃ
1708 1571 1801 1622 καὶ
1831 1572 1894 1624 σὺ

308 1650 494 1704 ὲπὰνω
517 1667 640 1721 μου,
658 1651 912 1720 βαστάζω
941 1670 998 1704 σε
1027 1652 1201 1722 κάγώ.
1234 1655 1345 1708 Καὶ
1374 1658 1700 1727 ποιήσαντες
1725 1659 1895 1725 οὕτως

307 1743 631 1814 ἀνεπάησαν
663 1743 763 1806 τὰς
795 1743 1110 1807 ἐπιλοίπους
1139 1745 1318 1798 αὐτῶν
1353 1748 1583 1819 ἡμέρας.

382 1835 445 1904 β’.
486 1836 544 1888 '0
565 1835 723 1898 αὐτὸς
741 1835 915 1899 ἀϐδᾶς
933 1837 1143 1902 Παῦλος
1164 1839 1256 1892 καὶ
1279 1840 1538 1911 Τιμόθεος
1562 1845 1816 1912 κοσμῖται
1847 1845 1891 1875 ⁸⁸

305 1923 451 1998 ἦσαν
473 1928 529 1979 ὲν
560 1929 627 1998 τῇ
655 1928 873 1995 Σκήτει,
906 1929 1000 1980 καὶ
1033 1928 1301 1999 ὠχλοῦντο
1345 1931 1450 1983 ὑπὸ
1483 1932 1590 1983 τῶν
1628 1932 1888 2001 ἀδελφῶν,

309 2019 427 2072 Καὶ
454 2018 604 2086 λέγει
640 2019 668 2069 6
713 2018 974 2089 Τιμόθεος
1012 2020 1089 2090 τῷ
1116 2021 1326 2091 ἀδελφῷ
1347 2021 1508 2074 αὑτοῦ
1532 2041 1544 2053 ο
1575 2023 1638 2076 Τί
1670 2024 1892 2095 θέλομεν

310 2108 414 2180 τὴν
437 2109 630 2180 τέχνην
656 2109 885 2181 ταύτην;
918 2111 1018 2163 οὐκ
1045 2112 1318 2182 ὰφιόμεθα
1341 2114 1612 2183 ἡσυχάσαι
1643 2115 1770 2186 ὅλην
1795 2115 1891 2188 τὴν

311 2202 543 2271 ἡμέραν.
572 2201 678 2254 Καὶ
698 2200 1016 2272 ἀποκριθεὶς
1044 2205 1072 2255 6
1103 2202 1275 2266 ἀόϐᾶς
1299 2205 1511 2270 Παῦλος
1534 2201 1686 2260 εἶπεν
1720 2208 1886 2278 αὐτῷ·

319 2292 508 2362 Ἃρκεί
532 2295 661 2365 ἡμῖν
685 2296 719 2366 ἡ
740 2296 940 2365 ἡσυχία
974 2295 1073 2366 τῆς
1102 2295 1293 2360 νυκτὸς
1314 2336 1328 2360 ,
1364 2295 1458 2350 ἐὰν
1494 2300 1637 2370 νήφῃ
1665 2299 1821 2370 ἡμῶν
1856 2301 1888 2369 ἡ

306 2386 538 2440 διάνοια.

481 2498 622 2566 Περὶ
668 2499 775 2552 τοῦ
813 2497 961 2554 ἀϐϐᾶ
991 2501 1240 2553 Παύλου
1281 2501 1389 2554 τοῦ
1421 2500 1710 2570 μεγάλου.

371 2620 444 2668 α’.
467 2608 635 2665 Εἶπεν
683 2613 712 2664 6
746 2611 920 2675 άὸὃᾶς
952 2611 1163 2675 Παῦλος
1191 2616 1220 2666 6
1249 2614 1424 2684 μέγας
1452 2616 1480 2666 6
1514 2614 1778 2684 Γαλάτης,
1806 2615 1888 2667 ὃτι

272 2701 556 2774 ςΜοναχδς
584 2702 723 2773 ἔχων
753 2703 956 2773 μικρὰς
994 2705 1183 2775 χρείας
1209 2707 1267 2757 ὲν
1288 2708 1354 2776 τῇ
1391 2706 1555 2776 κέλλῃ
1581 2705 1769 2769 αὐτοῦ,
1793 2706 1888 2758 καὶ

299 2797 662 2869 ἐξερχόμενος
703 2797 1016 2867 φροντίσαι,
1067 2795 1176 2849 ἀπὸ
1212 2796 1480 2867 δαιμόνων
1521 2797 1842 2866 χλευάζεται
1868 2814 1882 2829 ο

301 2891 402 2943 καὶ
427 2890 536 2960 γὰρ
573 2887 729 2956 κάγὼ
757 2889 887 2941 αὐτὸ
921 2888 1140 2941 ἔπαθον.

373 3069 439 3136 β’.
466 3060 636 3119 Εἶπεν
657 3067 685 3118 6
711 3064 888 3130 άὸὄᾶς
927 3065 1138 3131 Παῦλος
1162 3083 1175 3097 ·
1218 3068 1311 3132 Εἰς
1351 3067 1610 3139 βόρϐορον
1633 3071 1749 3140 εἰμι
1773 3069 1885 3141 (22)

298 3157 832 3228 καταποντιζόμενος
864 3157 970 3221 ἕως
994 3158 1268 3230 τραχήλου
1287 3201 1302 3225 ,
1338 3161 1432 3212 καὶ
1463 3160 1635 3214 κλαίω
1679 3159 1887 3232 ἐμπρο-

298 3250 431 3304 σθεν
455 3249 550 3303 τοῦ
579 3249 738 3317 Θεοῦ,
763 3249 938 3318 λέγων
959 3265 973 3280 ο
1017 3250 1266 3320 Ἐλέησόν
1296 3269 1383 3322 με.

377 3350 448 3412 γ’.
485 3343 711 3411 Ἔλεγον
735 3343 866 3414 περὶ
878 3342 973 3396 τοῦ
995 3342 1140 3396 ὰὸὅᾶ
1169 3342 1406 3404 Παύλου,
1435 3343 1516 3396 ὅτι
1544 3343 1768 3414 ἐποίησε
1787 3344 1889 3414 τὴν

297 3435 759 3508 Τεσσαρακοων
780 3437 860 3497 εἰς
887 3435 1047 3506 ματὶν
1079 3435 1253 3504 φακοῦ
1281 3436 1373 3488 καὶ
1399 3435 1648 3504 λαγύνιον
1675 3435 1884 3500 ὓδατος·

298 3527 400 3580 καὶ
429 3527 511 3589 εἰς
539 3525 597 3578 ἓν
633 3525 916 3595 μαλάκιον,
939 3526 1072 3578 αὐτὸ
1099 3525 1316 3580 πλέκων
1351 3526 1444 3578 καὶ
1471 3526 1748 3593 ἀναλύων,
1784 3527 1888 3591 ἕως

294 3620 403 3692 τῆς
434 3618 631 3691 ἑορτῆς
653 3617 1120 3688 ὲγκεκλεισμένος.

531 3732 668 3799 Περὶ
711 3731 817 3784 τοῦ
839 3727 988 3784 ἀϐὄᾶ
1025 3731 1271 3784 Παύλου
1301 3729 1409 3783 τοῦ
1437 3731 1656 3785 ἁπλοῦ.

385 3845 447 3900 ’0
477 3848 742 3916 μακάριος
790 3841 963 3906 ἀϐὗᾶς
1015 3841 1224 3907 Παῦλος
1259 3845 1286 3895 6
1318 3843 1520 3907 ἁπλοῦς
1548 3847 1576 3898 6
1603 3844 1696 3899 τοῦ
1732 3847 1885 3915 ἁγίου

312 3937 603 3992 Ἀντωνίου
632 3935 902 4008 μαθητὴς,
927 3935 1227 4005 διηγήσατο
1244 3937 1356 3999 τοῖς
1379 3936 1620 4008 Πατράσι
1657 3939 1886 4008 πρᾶγμα

298 4028 578 4082 τοιοῦτον·
634 4028 716 4081 ὅτι
770 4026 901 4079 ποτὲ
957 4027 1397 4098 παραγενόμενος
1433 4030 1490 4081 ὲν
1540 4030 1886 4100 μοναστηρίῳ

299 4118 652 4186 ἐπισκέψεως
691 4116 880 4169 ἕνεκεν
947 4117 1043 4169 καὶ
1097 4117 1364 4185 ὠφελείας
1412 4118 1570 4188 χάριν
1617 4117 1882 4187 ἀδελφῶν,

302 4211 444 4280 μετά
499 4210 596 4282 τὴν
625 4209 761 4280 πρὸς
805 4209 1064 4281 ἀλλήλους
1116 4209 1294 4262 αὐτῶν
1334 4210 1541 4281 συνήθη
1567 4209 1881 4277 διάλεκτον,

297 4306 532 4358 εἴσεισιν
582 4307 639 4357 ἐν
686 4308 750 4375 τῇ
792 4303 924 4376 ἁγίᾳ
950 4302 1045 4356 τοῦ
1084 4302 1218 4356 Θεοῦ
1257 4303 1527 4374 ἐκκλησίᾳ
1548 4305 1648 4375 τὴν
1679 4304 1881 4376 συνήθη

297 4398 528 4462 σύναξιν
570 4399 900 4452 ἐπιτελέσαι.
944 4397 1001 4450 Ὀ
1051 4396 1108 4449 δὲ
1153 4397 1422 4468 μακάριος
1466 4395 1700 4461 Παῦλος,
1728 4398 1880 4467 φησὶ,

296 4491 607 4563 προσέσχεν
637 4492 852 4561 ἑκάστῳ
880 4490 987 4543 τῶν
1008 4490 1286 4543 εἰσιόντων
1312 4491 1392 4552 είς
1423 4489 1523 4558 τὴν
1550 4489 1844 4560 ἐκκλησίαν
1863 4531 1878 4556 ,
1915 4474 1960 4529 Ῑ)

293 4584 465 4655 ὁποίᾳ
489 4585 596 4654 ἄρα
625 4584 769 4655 ψυχῇ
825 4583 1060 4636 εἰσίασιν
1101 4585 1182 4646 είς
1209 4583 1308 4655 τὴν
1333 4582 1551 4646 σύναξιν
1581 4601 1593 4613 ·
1623 4579 1736 4653 εἶχε
1771 4584 1881 4654 γὰρ

297 4675 394 4732 καὶ
414 4675 618 4747 ταύτην
632 4675 728 4746 τὴν
747 4676 906 4746 χάριν
942 4677 1092 4746 παρά
1121 4674 1327 4746 Κυρίου
1363 4675 1403 4706 ⁸¹
1437 4674 1682 4728 δοθεῖσαν
1711 4676 1878 4741 αὐτῷ,

293 4769 439 4823 ὥστε
459 4767 592 4839 όρᾷν
627 4768 855 4820 ἕκαστον
881 4769 1058 4832 ὁποῖός
1090 4769 1206 4820 ἐστι
1229 4770 1294 4838 τῇ
1315 4767 1482 4839 ψυχῇ,
1502 4768 1692 4838 ὥσπερ
1720 4771 1880 4839 ἡμεῖς

296 4860 573 4929 βλέπομεν
599 4859 842 4930 ἀλλήλων
863 4861 931 4913 τὰ
947 4861 1234 4931 πρόσωπα.
1269 4861 1494 4914 Πάντων
1522 4859 1578 4912 δὲ
1603 4861 1879 4914 εἰσιόντων

292 4951 529 5021 λαμπρᾷ
572 4954 642 5022 τῇ
689 4950 808 5020 ὄψει
860 4953 954 5004 καὶ
995 4949 1206 5022 φαιδρῷ
1248 4949 1326 5020 τῷ
1366 4948 1666 5021 προσώπῳ,
1696 4948 1786 5004 τόν
1821 4967 1883 5020 τε.⁴

293 5042 528 5096 ἑκάστου
556 5041 787 5110 ἄγγελον
845 5041 1102 5113 χαίροντα
1129 5042 1215 5094 ἐπ’
1248 5039 1397 5110 αὐτῷ
1425 5043 1468 5072 ⁸⁸
1494 5057 1506 5070 ο
1543 5041 1659 5105 ἕνα,
1694 5042 1878 5110 φησὶν,

293 5135 396 5205 όρᾷ
429 5133 637 5204 μέλανα
670 5136 764 5187 καὶ
809 5133 1019 5204 ζοφώδη
1051 5133 1172 5187 ὅλον
1217 5135 1277 5187 τὸ
1322 5134 1500 5205 σῶμα,
1545 5135 1805 5206 δαίμονας
1825 5135 1882 5188 δὲ

293 5228 426 5297 παρ’
459 5225 754 5297 έκατέρᾳ⁶³
780 5225 968 5278 τοῦτον
987 5225 1310 5296 συνέχοντας
1329 5226 1422 5280 καὶ
1439 5225 1698 5288 ἕλκοντας
1719 5225 1880 5281 αὑτὸν

365 5383 412 5418 ’θ
446 5383 533 5437 Al.
567 5384 855 5455 διαφόρως.
934 5384 979 5416 ⁸⁸
1003 5384 1088 5439 Al.
1121 5384 1412 5454 κοσμῆται.

367 5540 481 5664 (22)
521 5543 628 5603 Εἰς
675 5542 975 5622 βόρϐορόν
1014 5545 1129 5610 εἰμι
1153 5582 1166 5604 ,
1200 5549 1304 5595 etc.
1350 5539 1462 5595 Hoc
1485 5540 1870 5622 Apophthegnta

296 5609 375 5664 Co
401 5611 651 5664 bertinus
679 5611 814 5664 liber
839 5613 1080 5664 assianat
1109 5611 1276 5664 Paulo
1323 5610 1600 5664 Ᾱῐανυῑιο.
1656 5628 1746 5664 aut
1784 5611 1870 5663 hic

343 5610 651 5665 olbertinus
679 5611 814 5665 liber
839 5613 1080 5682 assignat
1109 5611 1276 5666 Paulo
1323 5610 1600 5682 tEgyptio,
1656 5612 1746 5681 qui
1784 5611 1870 5663 hic

300 5677 591 5735 Paulorum
619 5681 825 5748 primus
855 5677 1090 5748 ponitur.

374 5752 489 5821 (23)
547 5750 650 5803 Vit.
691 5752 840 5804 Patr.
885 5765 964 5814 Ill,
997 5752 1080 5803 79.

1488 5383 1530 5414 ⁸¹
1562 5383 1648 5437 ΑΙ.
1678 5381 1770 5435 τοῦ
1806 5382 1963 5435 Θεοῦ.
2041 5385 2084 5415 δ’
2114 5385 2196 5437 Al.
2229 5385 2286 5435 ἐν
2313 5386 2512 5447 αὐτοῖς.

2007 543 2272 595 rationem
2304 541 2543 610 fecisset,
2574 551 2631 597 ut
2657 545 2920 614 ejusmodi
2955 550 3182 616 gratiam
3209 565 3575 621 consequere-6

2005 640 2113 686 tur.
2145 633 2240 687 ille
2268 635 2586 702 respondit:
2619 634 2893 705 ignoscite
2929 641 3082 704 mihi,
3119 640 3335 709 Patres;
3376 643 3422 699 si
3453 646 3579 713 quis

2003 727 2298 780 obtinuerit
2328 729 2638 798 puritatem,
2672 737 2870 784 cuncta
2893 733 2942 785 ei
2968 732 3359 802 subjicientur;
3391 751 3578 806 quem.

2003 813 2296 867 admodum
2321 815 2530 869 Adamo
2553 832 2676 869 cum
2703 827 2848 873 esset
2865 821 2918 874 in
2939 823 3216 890 paradiso,
3254 826 3573 895 priusquam

2002 906 2481 976 transgrederetur
2511 910 2846 965 mandatum.

2385 1017 2456 1071 De
2489 1019 2680 1073 abbate
2711 1021 2884 1075 Paulo
2919 1034 3170 1076 cosmeta.

2072 1125 2122 1178 1.
2157 1127 2342 1182 Abbas
2390 1126 2590 1185 Paulus
2627 1142 2888 1193 cosmeta,
2937 1140 2988 1186 et
3029 1133 3348 1191 Timotheus
3400 1136 3571 1194 frater

1998 1217 2140 1286 ejus,
2179 1218 2494 1274 residebant
2524 1222 2580 1276 in
2610 1220 2780 1277 Sceti.
2820 1223 2898 1278 Ac
2934 1241 3076 1296 saepe
3119 1228 3263 1281 inter
3301 1243 3397 1283 eos
3425 1231 3574 1285 orie-

1998 1309 2158 1363 batur
2183 1313 2491 1366 contentio-
2529 1312 2669 1368 Dicit
2713 1315 2882 1371 abbas
2914 1316 3153 1373 Paulus:
3176 1319 3472 1390 Quousque
3499 1321 3573 1375 ita

1997 1402 2505 1470 perseverabimus?
2558 1405 2649 1456 Ait
2701 1405 2776 1458 illi
2830 1407 2997 1462 abbas
3046 1411 3364 1470 Timotheus
3405 1432 3419 1468 :
3464 1413 3573 1470 Fac

1996 1505 2132 1560 opus
2166 1491 2478 1559 charitatis;
2539 1508 2661 1546 cum
2715 1495 2807 1548 tibi
2863 1498 3127 1554 molestus
3173 1501 3349 1567 fuero,
3389 1503 3572 1570 perfer

1995 1594 2118 1646 me;
2153 1581 2508 1650 vicissimque
2551 1583 2769 1651 quando
2807 1591 2862 1637 tu
2895 1585 3025 1639 mihi
3063 1587 3232 1646 fueris
3273 1592 3569 1654 molestus.

1995 1673 2157 1726 etiam
2189 1683 2239 1728 te
2270 1675 2571 1730 sustinebo.
2610 1676 2786 1745 Atque
2825 1677 2904 1731 sic
2944 1690 3186 1749 agentes,
3217 1682 3401 1752 quiete
3440 1698 3569 1752 per-

1995 1773 2224 1833 egerunt
2260 1765 2504 1834 reliquos
2527 1767 2645 1822 dies
2678 1783 2828 1823 suos.

2063 1857 2118 1910 2.
2160 1856 2304 1912 idem
2353 1858 2522 1914 abbas
2557 1859 2782 1924 Paulus,
2827 1868 2881 1914 et
2928 1862 3248 1919 Timotheus
3313 1875 3570 1922 cosmetae

1993 1955 2151 2002 erant
2175 1948 2228 2001 in
2268 1946 2438 2013 Sceti,
2476 1959 2527 2004 et
2555 1966 2584 2003 a
2617 1949 2882 2005 fratribus
2925 1953 3308 2008 turbabantur.
3340 1957 3429 2008 Ait
3469 1955 3566 2010 Ti-

1993 2039 2244 2094 motheus
2294 2040 2444 2093 fratri
2485 2056 2588 2095 suo
2625 2061 2636 2095 :
2684 2043 2797 2097 Cur
2839 2044 2979 2098 hanc
3013 2055 3182 2099 artem
3233 2047 3570 2101 retinemus?

1992 2130 2094 2187 Per
2125 2141 2296 2186 totum
2336 2132 2479 2187 diem
2519 2149 2626 2188 non
2671 2135 2905 2189 sinimur
2935 2136 2988 2188 in
3021 2137 3207 2206 quiete
3241 2153 3422 2208 agere.
3458 2139 3566 2192 Re-

1991 2224 2208 2294 spondit
2239 2225 2289 2279 ei
2335 2225 2504 2280 abbas
2536 2224 2740 2280 Paulus
2773 2244 2785 2280 :
2821 2224 3030 2280 Sufficit
3067 2227 3222 2283 nobis
3266 2229 3446 2284 noctis
3483 2245 3568 2284 τοι

1991 2311 2168 2380 quies,
2204 2311 2363 2364 modo
2391 2326 2544 2367 mens
2570 2322 2760 2367 nostra
2793 2313 2996 2385 vigilet.

2415 2503 2490 2557 De
2518 2505 2707 2559 abbate
2730 2505 2904 2562 Paulo
2931 2525 3141 2578 magno.

2064 2617 2114 2669 1.
2148 2615 2290 2687 (25)
2323 2615 2471 2671 Dixit
2513 2618 2684 2673 abbas
2713 2619 2936 2689 Paulus,
2972 2638 3201 2694 magnus
3234 2624 3326 2680 ille
3365 2633 3420 2681 et
3459 2623 3566 2681 Ga»

1989 2706 2452 2763 latazhlonachus
2494 2711 2586 2779 qui
2619 2711 2676 2766 in
2707 2714 2840 2768 cella
2879 2730 2976 2770 sua
3020 2715 3183 2770 habet
3225 2733 3389 2786 parva
3421 2734 3564 2788 qua:-

1987 2799 2113 2854 dam
2151 2799 2463 2864 commoda,
2510 2809 2673 2872 atque
2703 2805 3017 2874 egreditur,
3051 2814 3110 2860 ut
3141 2821 3330 2862 eorum
3377 2824 3564 2863 curam

1987 2903 2157 2964 gerat,
2202 2890 2446 2946 illuditur
2478 2906 2509 2946 a
2541 2893 2904 2951 daemonibus.
2951 2897 3003 2951 Id
3037 2897 3180 2952 enim
3229 2899 3361 2952 mihi
3398 2901 3560 2954 etiam

1987 2983 2240 3052 contigit.

2055 3073 2112 3126 2.
2149 3072 2294 3127 Dixit
2321 3074 2490 3130 abbas
2519 3074 2718 3131 Paulus
2743 3093 2758 3130 :
2785 3075 2846 3130 ln
2878 3075 2989 3129 luto
3017 3076 3312 3132 immersus
3340 3093 3460 3132 sum
3492 3081 3561 3132 ad

1989 3165 2190 3219 collum
2223 3180 2416 3236 usque,
2448 3175 2502 3222 et
2548 3167 2703 3238 ploro
2744 3183 2929 3222 coram
2967 3168 3096 3235 Deo,
3136 3169 3369 3224 dicens:
3401 3168 3565 3226 Mise-

1988 3272 2111 3312 rere
2132 3257 2260 3310 mei.

2059 3349 2112 3403 3.
2147 3348 2282 3418 (24)
2323 3350 2556 3405 Aiebant
2590 3351 2658 3406 de
2689 3351 2885 3406 abbate
2923 3349 3110 3416 Paulo,
3142 3351 3288 3421 quod
3321 3352 3563 3423 peregis-

1989 3447 2071 3493 set
2107 3439 2579 3510 quadragesimam
2605 3456 2730 3496 cum
2770 3441 3011 3496 sextario
3045 3442 3209 3496 lentis
3232 3449 3285 3497 et
3310 3441 3562 3512 lagenula

1989 3545 2172 3599 aquae,
2211 3545 2426 3586 necnon
2475 3547 2600 3586 cum
2632 3548 2737 3586 una
2771 3533 3040 3603 sportula,
3083 3547 3245 3602 quam
3295 3533 3564 3603 plectebat

1988 3631 2037 3675 et
2068 3619 2424 3686 dissolvebat,
2456 3638 2630 3691 usque
2664 3623 2732 3677 ad
2765 3623 2962 3678 festum
2993 3623 3261 3681 inclusus.

2380 3737 2458 3788 De
2484 3735 2672 3790 abbate
2704 3735 2877 3788 Paulo
2907 3735 3164 3803 simplice.

2059 3850 2198 3922 (25)
2223 3850 2421 3905 Beatus
2455 3849 2625 3903 abbas
2654 3847 2856 3903 Paulus
2889 3848 3141 3919 simplex,
3182 3853 3358 3905 sancti
3387 3853 3559 3908 Anto-

1987 3945 2063 3998 nii
2108 3943 2428 4013 discipulus,
2473 3939 2725 3996 Patribus
2760 3941 3003 3994 narravit
3035 3941 3351 4011 hujusmodi
3399 3958 3512 3997 rem
3544 3963 3557 3999 :

1985 4032 2069 4086 Ad
2114 4033 2508 4086 monasterium
2559 4045 2683 4084 cum
2743 4031 3072 4102 perrexisset
3119 4031 3442 4100 aliquando.
3492 4033 3559 4088 ad

1985 4123 2291 4181 visitaudos
2321 4132 2374 4179 et
2403 4123 2774 4177 emolumento
2819 4120 3131 4178 alliciendos
3176 4121 3374 4178 fratres
3401 4143 3413 4177 :
3435 4131 3560 4195 post

1985 4226 2306 4272 consuetum
2354 4215 2708 4285 colloquium,
2753 4213 2989 4284 ingressi
3043 4220 3174 4268 sunt
3217 4213 3272 4267 in
3307 4224 3555 4269 sanctam

1988 4309 2080 4367 Dei
2143 4309 2464 4369 ecclesiam,
2515 4315 2574 4360 ut
2618 4307 2834 4362 solitam
2896 4305 3144 4376 synaxim
3197 4305 3557 4364 celebrarent.

1986 4402 2185 4460 Beatus
2213 4417 2340 4457 vero
2369 4401 2571 4457 Paulus
2631 4400 2926 4471 unicuique
2954 4400 3278 4455 intrantium
3310 4401 3365 4454 in
3389 4401 3562 4454 eccle-

1989 4494 2125 4551 siam
2157 4492 2490 4558 attendebat,
2520 4491 2668 4562 quali
2695 4492 2906 4547 scilicet
2931 4493 3110 4546 anima
3144 4491 3562 4562 ingrederentur

1989 4588 2056 4642 ad
2090 4586 2371 4642 collectam
2399 4585 2624 4640 :habuit
2651 4585 2796 4641 enim
2826 4585 2969 4639 hanc
2997 4585 3228 4654 gratiam
3263 4601 3293 4638 a
3319 4583 3430 4639 Deo
3454 4583 3560 4639 sibi

1988 4693 2334 4741 concessam,
2366 4685 2424 4731 ut
2454 4687 2700 4733 cerneret
2725 4678 2902 4747 qualis
2925 4678 3158 4746 quisque
3185 4685 3331 4731 esset
3357 4675 3557 4738 anima,

1987 4771 2130 4824 sicut
2171 4786 2270 4825 nos
2309 4770 2678 4839 conspicimus
2714 4770 2850 4824 alter
2888 4771 3115 4825 alterius
3150 4767 3369 4822 faciem.
3421 4765 3558 4821 Cum

1987 4877 2115 4933 ergo
2165 4863 2350 4916 cuncti
2397 4863 2684 4918 introirent
2732 4862 3030 4932 splendidis
3078 4861 3287 4926 oculis,
3347 4872 3558 4914 necnon

1987 4953 2136 5007 clara
2174 4954 2330 5016 facie,
2376 4956 2674 5009 comitante
2721 4969 3163 5023 unumquemque
3197 4950 3389 5022 angelo
3420 4964 3556 5011 suo.

1987 5060 2160 5114 eoque
2207 5061 2370 5115 super
2415 5047 2565 5099 illum
2615 5047 2737 5100 laeto
2775 5063 2786 5098 :
2832 5061 3020 5108 unum,
3058 5043 3254 5113 inquit,
3287 5042 3423 5095 vidit
3472 5043 3558 5095 ni-

1985 5151 2165 5206 grum,
2203 5146 2313 5190 toto
2352 5152 2579 5206 corpore
2618 5138 2986 5195 tenebrosum.
3019 5134 3293 5188 daemones
3324 5147 3452 5188 vero
3493 5131 3558 5185 ad

1986 5237 2278 5298 utrumque
2325 5230 2497 5290 latus,
2551 5238 2797 5284 tenentes
2837 5245 2996 5289 eum,
3035 5227 3315 5282 trahentes
3355 5226 3421 5281 ad
3459 5241 3517 5281 se
3546 5267 3559 5289 ,

2592 5386 2635 5416 ⁸³
2657 5387 2741 5439 Al.
2769 5386 3030 5454 ἐκατέρου
3049 5391 3100 5439 et
3120 5384 3360 5455 ἑκάτερα
3388 5386 3552 5458 μέρη.

2051 5540 2160 5608 (ἓί)
2213 5539 2316 5592 Vit.
2350 5539 2505 5593 Patr.
2536 5557 2618 5596 ιιι.
2653 5542 2752 5606 7‘2;
2781 5541 3034 5598 Moschus
3065 5558 3115 5597 c.
3151 5543 3269 5598 161.

2052 5610 2163 5733 (ῗὲἱ)
2215 5610 2317 5664 Vit.
2361 5609 2508 5665 Patr.
2565 5629 2732 5679 xvtu,
2770 5614 2872 5680 ‘20;
2927 5612 3172 5670 Andreas
3221 5616 3274 5667 in
3329 5613 3555 5681 Aposal.

1978 5696 2026 5733 C.
2063 5696 2150 5734 ιιό.
