4020 6196
387 285 494 341 38ὖ

1511 282 1851 338 APPENDIX
1896 284 1986 338 AD
2027 285 2366 345 PALLADIU
2378 287 2447 343 Μ.

3531 288 3638 344 ’534

389 397 688 467 capistrum
716 395 768 448 in
792 409 984 449 nasum
1013 394 1132 462 ejus
1163 392 1472 461 mittentes;
1505 403 1753 449 sanctum
1776 403 1958 451 autem

2080 399 2200 469 τρὸς
2215 400 2457 462 ἑαυτοὺς,
2479 395 2739 467 φορϐειὰν·
2753 395 2847 449 ἐπὶ
2869 395 2966 469 τήν
2994 399 3114 468 ρῖνα
3141 397 3304 454 αὑτοῦ
3322 396 3638 466 βάλλοντας·

391 490 566 559 ipsius
590 488 842 557 angelum
866 501 895 538 a
918 486 1074 556 longe
1097 493 1436 554 sequentem,
1466 486 1699 552 tristem,
1722 487 1963 543 demisso

391 581 562 633 vultu.
611 577 763 632 Unde
819 578 1021 632 Paulus
1065 577 1118 630 in
1166 577 1433 648 laerymas
1483 579 1754 649 prorupit,
1798 594 1963 634 manu

393 680 583 741 pectus
619 669 836 732 tutudit,
890 669 1216 738 setlebatque
1265 675 1391 723 ante
1423 670 1716 724 ecclesiam
1742 709 1756 730 ,
1802 671 1965 724 vehe-

395 773 604 817 menter
655 761 857 816 dellens
905 777 1026 814 eum
1078 761 1169 830 qui
1223 761 1279 814 in
1314 761 1421 816 isto
1466 769 1615 816 statu
1667 762 1773 830 ipsi
1812 762 1965 817 visus

396 854 590 907 fuerat.
626 851 704 904 llli
747 866 875 906 vero
907 851 1088 904 intuiti
1119 851 1356 905 hominis
1397 853 1734 922 inopinatam
1787 854 1962 908 actio-

396 961 541 1008 nem,
567 945 801 998 subitam
836 944 1210 1008 mutationem,
1245 947 1656 1000 conversionem
1687 945 1754 1000 ad
1780 947 1963 1018 lacry-

398 1054 514 1092 mas
545 1045 599 1092 et
637 1038 876 1102 luctum,
913 1037 1345 1106 interrogabant,
1387 1040 1730 1109 orabantque
1764 1046 1822 1093 ut
1849 1041 1965 1094 elo-

397 1138 657 1200 queretur
687 1145 857 1199 quare
885 1131 1144 1198 ploraret,
1182 1131 1337 1184 veriti
1381 1131 1638 1185 nimirum
1670 1147 1738 1186 ne
1775 1147 1968 1201 quam-

398 1221 540 1290 piam
571 1220 624 1273 in
650 1219 862 1273 cunctis
894 1219 1111 1286 culpam
1145 1234 1467 1287 agnoscens,
1496 1221 1571 1273 ita
1593 1227 1794 1290 ageret.
1829 1219 1970 1274 Hor-

400 1311 657 1365 tabantur
698 1310 858 1364 etiam
903 1317 961 1363 ut
1003 1308 1071 1362 ad
1104 1311 1579 1380 congregationem
1621 1325 1748 1363 eum
1779 1310 1848 1365 iis
1882 1311 1968 1364 in-

398 1401 732 1471 grederetur.
788 1400 990 1456 Paulus
1054 1409 1233 1456 autem
1297 1403 1364 1456 iis
1416 1402 1690 1471 repulsis,
1748 1402 1970 1457 sedebat

400 1501 575 1555 extra,
625 1492 858 1545 summis
906 1491 1158 1546 lamentis
1206 1506 1544 1562 prosequens
1586 1507 1710 1546 eum
1759 1493 1854 1562 qui
1890 1493 1971 1548 sic

402 1582 503 1650 ipsi
540 1589 882 1651 apparuerat.
909 1580 1026 1635 Non
1055 1582 1225 1635 multo
1249 1589 1394 1652 post,
1418 1583 1645 1637 dimisso
1673 1590 1966 1650 conventu,

401 1673 614 1727 cunctis
645 1671 994 1746 exeuntibus,
1028 1671 1222 1726 iterum
1249 1688 1692 1743 unumquemque
1722 1675 1970 1730 conside-

401 1759 557 1814 rabat
584 1760 802 1823 Paulus,
841 1762 933 1830 qui
961 1769 1186 1830 cuperet
1231 1777 1562 1832 cognoscere
1592 1765 1782 1833 quales
1815 1780 1970 1835 egre-

401 1852 692 1915 derentur;
721 1862 774 1906 et
799 1852 944 1907 videt
977 1853 1128 1906 illum
1151 1852 1351 1918 virum,
1375 1853 1532 1922 cujus
1565 1860 1735 1908 totum
1769 1870 1971 1925 corpus

402 1943 554 2012 prius
598 1944 808 2013 nigrum
855 1943 1029 1998 fuerat
1073 1954 1235 2013 atque
1274 1945 1662 2008 tenebrosum,
1707 1945 1857 2000 exire
1904 1947 1972 2001 ab

401 2033 629 2088 ecclesia
655 2036 801 2089 claro
822 2036 992 2098 vultu,
1016 2050 1246 2106 corpore
1267 2035 1519 2101 candido,
1543 2035 1819 2092 daemones
1843 2051 1973 2092 vero

402 2126 593 2194 procul
635 2127 810 2195 sequi,
851 2133 905 2179 at
939 2134 1188 2181 sanctum
1219 2127 1468 2197 angelum
1507 2127 1671 2197 juxta
1697 2127 1972 2190 comitari,

401 2223 458 2269 et
487 2216 726 2286 gaudere
775 2217 1064 2286 plurimum
1105 2232 1270 2286 super
1317 2232 1401 2272 eo.
1442 2215 1597 2271 'l‘unc
1630 2216 1835 2272 Paulus
1864 2233 1976 2288 prae

405 2307 588 2363 lietitia
621 2307 846 2371 exsiliit,
877 2308 1257 2378 clamabatque
1315 2307 1644 2363 benedicens
1688 2307 1884 2373 Deum,
1919 2309 1978 2363 in

406 2398 522 2452 haec
545 2397 741 2452 verba:
767 2395 811 2453 Ο
844 2396 1173 2451 ineffabilem
1203 2395 1299 2450 Dei
1335 2395 1629 2450 bonitatem
1661 2403 1825 2465 atque
1846 2409 1978 2466 erga

407 2488 658 2542 homines
714 2487 988 2540 amorem!
1041 2486 1282 2540 Currens
1343 2499 1507 2555 porro
1568 2484 1979 2556 ascendensque

407 2594 572 2648 super
618 2578 782 2632 altum
828 2578 1080 2648 gradum,
1133 2593 1328 2649 magna
1376 2593 1508 2632 voce
1557 2578 1975 2648 pronuntiavit:

410 2671 602 2726 Venite
631 2685 694 2725 ac
722 2670 898 2726 videte
927 2684 1092 2740 opera
1118 2669 1236 2733 Dei,
1262 2685 1427 2740 quam
1460 2668 1724 2724 terribilia
1762 2670 1892 2736 sint,
1926 2677 1982 2725 et

407 2764 558 2818 omni
585 2762 949 2817 admiratione
971 2761 1134 2833 digna
1164 2761 1233 2814 ⁸³.
1265 2759 1480 2824 Venite,
1514 2760 1697 2816 videte
1725 2775 1848 2815 eum
1884 2761 1978 2831 qui

410 2854 525 2908 vult
553 2868 742 2909 omnes
767 2853 1012 2907 homines
1047 2851 1234 2907 salvos
1261 2851 1396 2916 ﬁeri,
1441 2859 1496 2904 et
1541 2850 1607 2905 ad
1645 2850 1978 2921 agnitionem

410 2945 651 3001 veritatis
687 2944 872 3000 venire
905 2943 972 2998 “.
1026 2941 1241 3007 Venite,
1295 2941 1606 3007 adoremus,
1645 2949 1698 2996 et
1732 2943 1981 3011 procida-

2063 491 2155 543 τόν
2209 508 2270 544 τε
2318 491 2472 559 ἆγιον
2501 489 2730 557 ἄγγελον
2761 488 2926 542 αὑτοῦ
2970 490 3076 542 ἀπὸ
3108 491 3378 561 μακρόθεν
3408 492 3644 546 ἀκολου-

2065 581 2259 635 θοῦντα
2291 582 2608 654 σκυθρωπὸν
2628 583 2721 635 καὶ
2743 581 2981 652 κατηφῆ.
3020 581 3078 634 '0
3107 581 3164 634 δέ
3199 581 3405 644 Παῦλος
3438 581 3644 654 δακρύ-

2066 692 2185 739 σας,
2216 675 2308 729 καὶ
2331 678 2395 746 τῇ
2426 675 2570 746 χειρί
2590 674 2651 727 τὸ
2673 673 2869 743 στῆθος
2887 672 3092 744 πλήξας
3115 674 3188 737 ⁶⁸,
3219 674 3512 737 ἐκαθέζετο
3535 674 3646 744 πρὸ

2065 767 2165 835 τῆς
2215 766 2536 837 ἐκκλησίας,
2590 766 3022 837 άποκλαιόμενος
3070 765 3274 836 σφόδρα
3328 765 3419 818 τὸν
3469 766 3647 830 οὕτως

2066 855 2295 934 ὀφθέντα
2349 836 2517 928 αὐτῷ.
2566 836 2629 911 όί
2661 857 2718 910 δέ
2750 855 3074 927 θεασάμενοι
3111 856 3171 909 τὸ
3211 856 3514 926 παράδοξον
3544 857 3646 910 τοῦ

2067 949 2277 1019 ἀνδρὸς,
2301 951 2398 1020 τήν
2417 967 2476 1002 τε
2498 949 2675 1013 ὀξεῖαν
2702 949 2866 1003 αὑτοῦ
2898 937 3238 1019 μεταὸολὴνί
3255 948 3388 1019 πρὸς
3433 949 3646 1019 δάκρυα

2067 1037 2163 1090 καὶ
2191 1038 2385 1103 πένθος
2409 1040 2728 1109 κινήσαντα,
2755 1037 2982 1109 ἠρώτων
3011 1038 3175 1090 αὑτὸν
3198 1037 3643 1107 παρακαλοῦντες

2069 1128 2128 1180 τὸ
2161 1128 2300 1182 διατί
2325 1129 2500 1186 κλαίει
2525 1132 2721 1194 εἰπεῖν,
2757 1128 3069 1199 νομίζοντες
3107 1128 3237 1198 μήτι
3270 1127 3314 1157 ⁸³
3339 1127 3647 1193 καταγνοὺς

2071 1218 2321 1272 ἁπάντων
2366 1220 2526 1273 τοῦτο
2554 1223 2729 1273 ποιεῖδ
2776 1220 3120 1290 παρεκάλουν
3148 1237 3207 1271 τε
3246 1218 3406 1271 αὑτὸν
3437 1219 3528 1272 καὶ
3567 1221 3649 1281 εἰς

2068 1310 2165 1380 τήν
2222 1311 2440 1375 σύναξιν
2499 1312 2595 1364 σὺν
2653 1311 2837 1374 αὐτοῖς
2890 1309 3141 1380 εἰσιέναι.
3207 1309 3265 1362 '0
3313 1310 3371 1362 δέ
3431 1309 3646 1373 Παῦλος

2070 1402 2500 1470 ἀποσεισάμενος
2567 1401 2762 1464 αὐτοὺς
2816 1379 3205 1463 η’ἐκαθέζετο
3251 1398 3391 1464 ἐξω,
3446 1397 3649 1452 ἀποδυ-

2073 1493 2298 1564 ρόμενος
2357 1492 2499 1545 πάνυ
2559 1492 2649 1544 τὸν
2706 1491 2878 1555 οὕτως
2918 1491 3152 1561 ὀφθέντα
3202 1490 3368 1560 αὐτῷ.
3421 1490 3551 1542 Μετ’
3585 1491 3646 1542 οὑ

2072 1584 2205 1636 πολὺ
2259 1583 2316 1636 δέ
2364 1585 2463 1653 τῆς
2519 1581 2790 1647 συνάξεως
2833 1581 3196 1653 ἀπολυθείσης
3223 1623 3235 1647 ,
3285 1581 3379 1634 καὶ
3431 1581 3647 1634 πάντων

2071 1673 2340 1740 ἐξιόντων,
2364 1674 2523 1728 πάλιν
2544 1673 2946 1744 κατεμάνθανεν
2970 1675 2997 1726 6
3018 1672 3228 1736 Παῦλος
3249 1673 3498 1737 ἕκαστον,
3527 1672 3649 1740 βου-

2072 1765 2295 1834 λόμενος
2314 1765 2360 1796 ⁷⁸
2388 1763 2591 1830 γνῶναι
2630 1757 2731 1816 οἷοι
2765 1761 3100 1834 ἐξέρχονταιο
3134 1764 3226 1816 καὶ
3255 1763 3354 1832 ὁρᾷ
3370 1761 3460 1812 τὸν
3481 1760 3648 1830 ἄνδρα

2073 1857 2299 1920 ἐκεῖνον,
2325 1857 2418 1908 τὸν
2455 1855 2622 1926 μέλαν
2646 1856 2740 1907 καὶ
2775 1854 3011 1922 ζοφῶδες
3034 1853 3226 1922 ἔχοντα
3267 1852 3328 1904 τό
3375 1854 3502 1923 πρὶν
3531 1852 3649 1904 ὅλον

2073 1949 2132 2001 τὸ
2166 1947 2345 2019 σῶμα,
2370 1947 2720 2019 ἐξερχόμενον
2735 1948 2840 1999 άπὸ
2860 1947 2954 2017 τῆς
2983 1946 3278 2017 ἐκκλησίας
3300 1945 3550 2016 λαμπρὸν
3571 1945 3646 2014 τῷ

2073 2037 2367 2109 προσώπῳ,
2395 2038 2582 2091 λευκὸν
2609 2037 2684 2108 τῷ
2716 2035 2956 2108 σώματι,
2981 2038 3073 2089 καὶ
3107 2037 3231 2100 τοὺς
3256 2036 3513 2106 δαίμονας
3543 2053 3648 2106 μα-

2073 2130 2212 2200 κράν
2235 2147 2336 2182 που
2386 2130 2433 2162 ⁷³
2471 2128 2931 2193 ἀκολουθοῦντας,
2976 2128 3068 2180 τόν
3108 2145 3166 2180 τε
3222 2128 3376 2196 ἅγιον
3421 2126 3650 2196 ἄγγελον

2075 2222 2238 2289 ἐγγὺς
2264 2220 2426 2273 αὑτοῦ
2461 2219 2838 2291 παρεπόμενον
2859 2219 2907 2250 ⁷⁸
2941 2219 3037 2273 καὶ
3092 2220 3349 2290 χαίροντα
3375 2218 3460 2272 ἐπ’
3499 2218 3650 2288 αὑτῴ

2079 2313 2301 2383 σφόδρα.
2335 2312 2394 2364 '0
2419 2311 2475 2364 δέ
2514 2310 2726 2374 Παῦλος
2749 2311 3102 2381 ἀναπηδήσας
3127 2312 3262 2383 μετὰ
3291 2313 3484 2381 χαρᾶς,
3523 2311 3652 2364 ἐϐόα

2076 2403 2313 2472 εὐλογῶν
2356 2403 2449 2456 τὸν
2499 2402 2652 2466 Θεὸν,
2689 2403 2784 2456 καὶ
2829 2402 3040 2470 λέγων’
3082 2404 3146 2455 Ὢ
3175 2403 3273 2474 τῆς
3317 2404 3524 2470 άφάτου
3556 2401 3650 2455 τοῦ

2077 2493 2210 2548 Θεοῦ
2237 2493 2639 2565 φιλανθρωπίας
2656 2494 2745 2546 καὶ
2763 2491 3093 2562 άγαθότητος
3107 2494 3127 2526 τ
3139 2493 3183 2545 ’ί
3217 2491 3449 2562 Δραμὼν
3470 2491 3526 2543 δὲ
3560 2492 3656 2545 καὶ

2078 2586 2283 2651 ἀναϐάς
2319 2587 2411 2639 ἐπὶ
2433 2586 2642 2657 βαθμοῦ
2689 2583 2917 2654 ὑψηλοῦ,
2945 2582 3158 2654 μεγάλῃ
3183 2585 3250 2654 τῇ
3277 2585 3428 2652 φωνῇ
3455 2583 3608 2650 ἔλεγε
3638 2599 3652 2610 °

2079 2674 2243 2728 Δεῦτε
2281 2675 2374 2729 καὶ
2411 2675 2550 2728 ἰδετε
2601 2675 2670 2727 τὰ
2702 2672 2837 2744 ἔργα
2869 2671 2963 2724 τοῦ
3012 2671 3168 2736 Θεοῦ,
3211 2673 3286 2735 ὡς
3329 2672 3535 2743 φοϐερὰ
3561 2672 3656 2726 καὶ

2081 2767 2260 2834 πάσης
2284 2765 2601 2836 ἐκπλήξεως
2641 2764 2788 2828 ἄξια.
2826 2764 2990 2818 Δεῦτε
3021 2765 3114 2818 καὶ
3151 2764 3288 2817 ἴδετε
3317 2763 3408 2818 τὸν
3436 2763 3659 2817 θέλοντα

2083 2859 2290 2921 πάντας
2310 2857 2628 2929 ἀνθρώπους
2669 2857 2929 2930 σωθῆναι,
2959 2857 3053 2910 καὶ
3088 2859 3167 2920 εἰς
3199 2856 3492 2924 ἐπίγνωσιν
3519 2855 3652 2927 ἀληι

2085 2953 2235 3016 θείας
2255 2952 2449 3006 ἐλθεῖν.
2486 2950 2652 3004 Δεῦτε
2687 2951 3154 3023 προσκυνήσωμεν
3199 2949 3293 3003 καὶ
3335 2948 3658 3020 προσπέσω-

411 3053 536 3092 nius
563 3037 612 3092 ei
638 3037 682 3068 ⁸⁵
713 3049 776 3090 ac
809 3035 1097 3090 dicamus:
1123 3032 1204 3088 Tu
1235 3035 1386 3088 solus
1422 3041 1576 3103 potes
1607 3031 1822 3088 auferre
1857 3050 1980 3103 pec-

2089 3059 2188 3113 μεν
2205 3040 2376 3111 αὐτῷ,
2397 3041 2493 3093 καὶ
2510 3041 2754 3110 εἴπωμεν
2775 3057 2788 3069 ·
2820 3039 2892 3091 Σὺ
2913 3040 3072 3110 μόνος
3087 3037 3314 3090 δύνασαι
3343 3038 3592 3108 ἀφαιρεῖν
3610 3039 3661 3069 ⁷⁸

407 3137 551 3184 cata.
589 3132 770 3197 Itaque
802 3131 1202 3181 concurrerunt
1230 3125 1415 3178 cuncti
1451 3138 1702 3193 propere,
1736 3124 1982 3180 volentes

412 3220 604 3275 audire
652 3235 771 3286 quae
837 3217 1126 3286 proferret.
1185 3215 1649 3286 Congregatisque
1697 3215 1981 3279 omnibus,

415 3308 655 3363 narravit
684 3306 884 3359 Paulus
919 3321 1038 3376 qua:
1059 3303 1269 3358 viderat
1295 3313 1584 3373 antequam
1612 3303 1985 3373 ingrederetur

415 3401 470 3454 in
509 3397 827 3459 ecclesiam,
869 3406 922 3452 et
976 3411 1098 3467 quae
1135 3404 1324 3465 postea
1358 3397 1578 3452 iterum.
1618 3394 1840 3451 Necnon
1885 3413 1985 3466 po-

417 3492 636 3547 stulavit
681 3491 749 3544 ab
795 3490 887 3544 illo
924 3489 1073 3554 viro,
1109 3495 1166 3542 ut
1195 3503 1416 3542 causam
1469 3487 1719 3552 efferret,
1766 3497 1987 3559 propter

415 3599 579 3655 quam
608 3583 658 3638 ei
689 3591 892 3636 tantam
938 3580 1349 3636 conversionem
1382 3579 1672 3650 derepente
1704 3579 1846 3637 Deus
1876 3582 1984 3634 lar-

418 3677 558 3746 gitus
593 3673 806 3730 fuisset.
856 3672 948 3729 Ille
993 3687 1122 3728 vero
1158 3671 1538 3728 manifestatus
1583 3687 1614 3726 a
1656 3672 1849 3737 Paulo,
1887 3687 1986 3726 au-

418 3769 603 3823 dacter
635 3781 819 3822 coram
850 3766 1103 3822 omnibus
1136 3767 1413 3821 enarravit
1449 3776 1644 3821 cuncta
1679 3765 1745 3821 ad
1774 3781 1834 3821 se
1862 3783 1989 3837 spe-

418 3861 644 3915 ctantia.
676 3859 807 3932 Ego,
849 3859 1046 3930 inquit,
1084 3859 1247 3913 homo
1293 3867 1548 3929 peccator
1579 3874 1722 3922 sum,
1760 3860 1988 3915 amulto

419 3961 663 4024 tempore
684 3953 965 4023 hucusque
992 3951 1049 4005 in
1076 3949 1533 4006 fornicationibus
1565 3952 1872 4017 volutatus;
1903 3968 1990 4007 ve-

419 4060 540 4101 rum
567 4062 712 4101 nunc
754 4045 1035 4117 ingressus
1064 4045 1120 4099 in
1146 4050 1392 4098 sanctam
1431 4043 1522 4098 Dei
1553 4044 1863 4109 ecclesiam,
1901 4060 1990 4098 au-

419 4134 532 4191 divi
570 4136 856 4191 lectionem
904 4135 1076 4190 sancti
1122 4133 1402 4205 propheta:
1453 4133 1628 4198 Isaias,
1678 4132 1790 4188 imo
1816 4134 1988 4205 magis

419 4229 686 4298 loquelam
721 4227 814 4282 Dei
845 4242 940 4296 per
971 4226 1148 4296 ipsum
1183 4245 1197 4281 :
1231 4224 1530 4291 Lavamini,
1579 4224 1762 4279 mundi
1788 4235 1986 4290 estote,

421 4320 624 4388 auferte
653 4317 884 4371 malitias
909 4326 1104 4371 vestras
1127 4333 1191 4370 ea:
1220 4316 1466 4370 cordibus
1489 4318 1694 4382 vestris,
1728 4316 1794 4370 ab
1824 4317 1989 4372 oculis

2086 3133 2376 3204 ἁμαρτίας.
2409 3132 2739 3201 Συνέτρεχον
2763 3129 2820 3182 δὲ
2853 3131 3052 3193 πάντες
3085 3129 3223 3200 μετὰ
3258 3129 3512 3199 σπουδῆς,
3549 3129 3663 3182 τῶν

2083 3224 2389 3295 λεγομένων
2453 3222 2681 3277 ἀκοῦσαι
2746 3223 3074 3293 βουλόμενοι.
3132 3223 3244 3275 Καὶ
3292 3221 3662 3275 συνελθόντων

2085 3316 2327 3380 πάντων,
2378 3315 2618 3384 διηγεῖτο
2646 3315 2674 3366 6
2707 3313 2918 3378 Παῦλος
2971 3314 3040 3366 τὰ
3067 3313 3332 3384 ὁραθέντα
3371 3312 3518 3382 αὺτῷ
3554 3315 3664 3385 πρὸ

2085 3409 2184 3478 τῆς
2217 3406 2421 3460 εἰσόδου
2471 3405 2572 3475 τῆς
2619 3404 2915 3475 ἐκκλησίας
2935 3446 2950 3469 ,
2985 3406 3076 3458 καὶ
3106 3405 3243 3475 μετά
3269 3405 3443 3459 ταῦτα
3477 3405 3663 3466 πάλιν,

2087 3496 2181 3549 καὶ
2207 3496 2358 3566 ἠξίου
2381 3495 2471 3549 τὸν
2493 3495 2664 3566 ἄνδρα
2690 3497 2896 3549 ἐκεῖνον
2930 3495 3108 3564 λέγειν
3136 3497 3234 3566 τὴν
3267 3497 3469 3562 αἰτίαν,
3497 3497 3564 3550 δι’
3595 3499 3665 3569 ἢν

2087 3586 2235 3658 αὑτῷ
2293 3588 2392 3659 τὴν
2446 3587 2713 3658 τοσαύτην
2773 3587 3075 3658 μεταϐολὴν
3124 3588 3402 3656 αἰφνιδίως
3449 3592 3478 3642 6
3530 3588 3666 3652 Θεὸς

2088 3679 2394 3750 ἐχαρίσατο.
2429 3679 2485 3731 '0
2503 3679 2559 3732 δὲ
2583 3678 2678 3732 ἄνθ
2688 3695 2866 3749 ρωπος
2884 3677 3160 3748 ἐλεγχθεὶς
3189 3679 3293 3732 ὑπὸ
3318 3679 3412 3732 τοῦ
3425 3679 3663 3745 Παύλου,

2088 3771 2320 3824 ἐνώπιον
2359 3771 2574 3824 πάντων
2603 3769 2985 3832 ἀνυποστόλως
3026 3769 3266 3840 διηγεῖτο
3288 3771 3358 3825 τὰ
3387 3772 3507 3824 καθ’
3535 3773 3665 3825 ἐαυ-

2089 3863 2204 3926 τὸν,
2242 3861 2441 3929 λέγων·
2487 3859 2627 3929 Ἐγὼ
2657 3860 2939 3931 ἄνθρωπός
2973 3863 3086 3931 εἰμι
3131 3862 3479 3932 ἁμαρτωλὸς,
3507 3864 3662 3932 φησὶ,

2091 3955 2186 4009 καὶ
2209 3955 2273 4006 ἐκ
2303 3951 2496 4006 πολλοῦ
2536 3950 2630 4003 τοῦ
2681 3951 2874 4021 χρόνου
2908 3951 3188 4021 πορνείαις
3238 3951 3472 4017 συνέζων
3505 3954 3666 4025 μέχρι

2089 4047 2181 4102 τοῦ
2211 4047 2306 4100 νῦν
2325 4061 2338 4074 ⁸
2381 4043 2707 4098 εἰσελθὼνδέ
2728 4043 2824 4097 νῦν
2848 4045 2905 4098 ἐν
2931 4046 2996 4115 τῇ
3024 4045 3156 4114 ἁγίᾳ
3189 4043 3282 4096 τοῦ
3307 4044 3440 4098 Θεοῦ
3466 4045 3664 4116 ἐκκλη-

2094 4138 2203 4208 σίᾳ,
2233 4137 2442 4206 ἥκουσα
2475 4133 2568 4186 τοῦ
2614 4135 2771 4201 ἁγίου
2811 4134 3090 4205 προφήτου
3128 4133 3352 4186 Ἡσαΐου
3405 4134 3662 4202 ἀναγινωο

2095 4224 2378 4296 σκομένου,
2411 4222 2610 4295 μᾶλλον
2638 4223 2695 4274 δέ
2711 4223 2804 4276 τοῦ
2829 4222 2965 4276 Θεοῦ
2988 4221 3275 4284 λαλοῦντος
3301 4222 3366 4276 δι’
3401 4223 3561 4277 αὐτοῦ
3574 4223 3618 4254 ⁷⁷
3645 4241 3656 4252 ·

2094 4319 2431 4381 Λούσασθε,
2484 4315 2727 4382 καθαροὶ
2775 4311 3041 4382 γένεσθε,
3073 4314 3324 4382 ἀφέλετε
3361 4315 3466 4380 τὰς
3487 4328 3661 4381 πονη-

421 4413 587 4475 meis;
621 4410 804 4463 discite
834 4409 1003 4478 facere
1030 4408 1240 4464 bonum.
1280 4408 1346 4462 Et
1377 4411 1422 4462 si
1451 4409 1647 4477 fuerint
1671 4419 1884 4476 peccata
1911 4426 1980 4464 vel

2089 4411 2225 4480 ριάς
2251 4407 2416 4478 ὑμῶν
2442 4406 2560 4461 ἀπὸ
2579 4405 2625 4437 ⁷⁸
2655 4404 2774 4459 τῶν
2798 4403 3054 4473 καρδιῶν
3075 4405 3120 4436 ⁷⁹
3159 4403 3344 4473 ὑμῶν’
3381 4405 3660 4459 ἀπέναντι

422 4514 540 4558 strd
576 4501 729 4573 quasi
769 4501 1117 4571 plueniceum,
1160 4501 1296 4553 sicut
1327 4501 1493 4553 nivem
1532 4500 1808 4554 dealbabo.
1847 4500 1913 4554 Et
1950 4519 1980 4554 ες

2093 4500 2209 4554 τῶν
2242 4497 2563 4568 ὀφθαλμῶν
2577 4515 2718 4567 μου,
2736 4497 2952 4566 μάθετε
2975 4497 3166 4552 καλὸν
3199 4496 3412 4551 ποιεῖν.
3439 4496 3664 4552 Καίἐὰν

424 4595 692 4650 volueritis
723 4604 771 4648 et
802 4592 1076 4647 audieritis
1111 4609 1211 4657 me,
1246 4592 1382 4646 bona
1412 4602 1563 4646 terra:
1604 4592 1883 4647 comedetis
1924 4593 1991 4645 “.

423 4688 534 4759 Ego
565 4703 711 4752 vero,
765 4693 1053 4748 scortator,
1093 4685 1160 4738 ad
1193 4699 1498 4739 sermonem
1533 4685 1807 4754 propheta:
1839 4700 1990 4738 com-

424 4789 660 4852 punctus
686 4780 889 4841 anima,
931 4777 1291 4848 ingemiscens
1338 4775 1478 4829 intra
1513 4783 1747 4830 mentem
1778 4791 1951 4829 meam
1974 4818 1988 4841 ,

423 4877 533 4930 dixi
563 4874 631 4930 ad
672 4873 838 4928 Deum
868 4893 880 4927 :
906 4871 988 4925 Tu
1026 4870 1188 4934 Deus,
1231 4872 1324 4941 qui
1357 4869 1550 4924 venisti
1593 4869 1644 4922 in
1688 4867 1990 4933 mundum,

424 4976 738 5037 peccatores
769 4964 948 5019 salvos
976 4962 1152 5018 facere
1179 4963 1242 5028 ⁸⁷,
1277 4976 1398 5032 quae
1427 4959 1587 5013 modo
1627 4975 1722 5029 per
1761 4959 1992 5029 prephe-

425 5073 534 5114 tam
567 5071 716 5114 tuum
751 5056 1074 5128 promisisti,
1113 5071 1176 5111 ea
1201 5055 1255 5109 in
1288 5069 1373 5109 me
1406 5052 1567 5108 etiam
1607 5051 1837 5120 eomple,
1864 5066 1994 5119 pec-

2089 4587 2238 4646 ὦσιν
2266 4593 2324 4644 al
2345 4591 2619 4659 ἁμαρτίαι
2659 4589 2825 4656 ὑμῶν
2865 4590 2945 4654 ὡς
2981 4589 3334 4658 φοινικοῦν,
3376 4591 3457 4654 ὡς
3494 4589 3666 4659 χιόνα

2090 4680 2384 4737 λευκανῶ.
2427 4683 2532 4735 Καὶ
2571 4683 2680 4735 ἐὰν
2730 4681 2944 4749 θέλητε
2980 4683 3496 4750 καὶεῐσακούσητέ
3525 4700 3664 4752 μου,

2091 4771 2163 4825 τὰ
2189 4771 2379 4840 ἀγαθὰ
2413 4769 2524 4838 τῆς
2556 4770 2668 4839 γῆς
2693 4770 2976 4840 φάγεσθε.
3006 4772 3145 4840 Ἐγὼ
3167 4772 3243 4838 δέ,
3271 4774 3456 4844 φησὶν,
3480 4775 3507 4826 6
3537 4774 3670 4844 πόρ-

2091 4881 2198 4928 νος,
2267 4862 2360 4915 ἐπὶ
2415 4861 2491 4932 τῷ
2544 4861 2687 4932 λόγῳ
2742 4863 2836 4915 τοῦ
2894 4864 3171 4934 προφήτου
3219 4865 3542 4932 κατανυγεὶς
3571 4865 3670 4936 τὴν

2090 4955 2287 5026 ψυχὴν,
2325 4955 2420 5008 καὶ
2475 4953 2735 5019 στενάξας
2766 4956 2822 5006 ἐν
2858 4958 2922 5025 τῇ
2955 4955 3162 5026 διανοίᾳ
3204 4973 3327 5027 μου,
3357 4952 3507 5010 εἷπον
3536 4956 3669 5027 πρὸς
3697 4935 3712 4946 ’

2091 5047 2182 5099 τὸν
2235 5047 2390 5108 Θεὸν,
2445 5047 2527 5098 ὅτι
2555 5047 2626 5098 Σὺ
2666 5049 2694 5098 6
2737 5047 2890 5107 Θεὸς,
2942 5049 2970 5098 6
3021 5047 3190 5099 ἐλθὼν
3233 5049 3313 5112 εἰς
3337 5048 3428 5100 τὸν
3469 5048 3666 5116 κόσμον

424 5159 605 5206 eatore
638 5166 700 5205 ac
737 5150 977 5219 indigno.
1013 5147 1151 5202 Ecce
1194 5147 1363 5212 enim,
1407 5161 1436 5200 a
1462 5144 1713 5214 praesenti
1747 5151 1980 5211 tempore

2095 5138 2452 5209 ἁμαρτωλοὺς
2506 5137 2698 5196 σῶσαι,
2753 5137 2787 5190 ἃ
2851 5136 2944 5190 νῦν
2999 5137 3087 5190 διὰ
3123 5138 3218 5190 τοῦ
3263 5139 3539 5210 προφήτου
3575 5155 3669 5190 σου

427 5241 582 5296 [idem
624 5257 796 5296 meam
842 5241 1042 5310 obligo,
1083 5239 1398 5300 constituo,
1443 5252 1509 5290 ex
1541 5235 1703 5290 corde
1738 5234 1980 5303 profitcm

2096 5230 2428 5300 ἐπηγγείλω,
2489 5229 2660 5281 ταῦτα
2693 5230 2740 5260 ⁸ο
2792 5231 2887 5281 καὶ
2947 5230 3026 5291 εἰς
3084 5231 3185 5299 ἐμὲ
3243 5230 3529 5301 πλήρωσον
3579 5229 3671 5281 τὸν

497 5423 541 5452 ⁸³
568 5421 710 5475 Psal.
756 5437 879 5486 XLV,
919 5423 970 5476 9.
1050 5421 1140 5474 "‘l
1188 5418 1326 5473 Tim.
1359 5434 1418 5482 ιι,
1446 5419 1498 5472 4.
1573 5418 1616 5448 ⁶⁵
1645 5416 1787 5472 Psal.
1829 5431 1975 5476 “mw,
2024 5414 2074 5486 6.

425 5492 614 5545 πολλά.
694 5491 756 5561 ⁸³7
777 5491 878 5561 Al.
903 5494 1076 5561 εἰπεῖν
1123 5491 1179 5543 τὸ
1200 5489 1458 5561 *ὁραθένζ
1487 5488 1735 5561 δεδιότεςΔ
1768 5487 1859 5561 μή.
1937 5487 1996 5561 ⁷3.
2135 5487 2260 5561 add.
2292 5487 2385 5561 καί
2417 5487 2714 5561 άπαγορευε

431 5561 541 5639 καί..
605 5563 662 5639 _'"
699 5560 781 5639 el.
807 5559 966 5639 εἰδὼς
1028 5563 1150 5639 μὲν-
1171 5549 1284 5639 οἶοί
1328 5559 1589 5639 εἰσῇλθον,
1612 5549 1894 5639 ‘§031:_8e-'
1951 5555 1980 5580 ⁷η

2080 5549 2275 5635 Ιςπολύ.
2347 5552 2392 5582 ⁷⁸
2418 5550 2501 5639 ΔΙ.
2543 5549 2644 5604 ius.
2683 5549 2864 5639 ἰλαρργ
2899 5564 2955 5631 τε

2155 5413 2200 5442 ⁸⁵
2229 5413 2331 5467 lsa.
2383 5426 2420 5472 l,
2466 5407 2650 5465 16-19.
2731 5409 2772 5440 ⁸⁷
2817 5407 2834 5465 l
2871 5407 3012 5462 Tim.
3043 5425 3081 5469 ι,
3121 5408 3202 5462 15.
3279 5407 3324 5477 ξ’
3366 5407 3448 5459 Al.
3497 5408 3670 5477 τύψας

1849 5528 1859 5537 ⁸
1937 5486 1980 5515 70

2087 5522 2098 5534 .
2135 5481 2260 5550 add.
2292 5482 2385 5533 καὶ
2417 5478 2801 5550 ἀπαγορεύσας
2823 5479 3014 5550 τοῦτο.
3078 5479 3131 5550 7'”
3169 5477 3259 5550 Al.
3283 5476 3388 5532 ins.
3450 5476 3673 5550 attendi};

3006 5549 3098 5618 καὶ
3133 5547 3429 5618 πρόθυμον.
3459 5569 3462 5572 ’
3508 5548 3555 5618 7f
3586 5547 3672 5618 Al

430 5631 554 5685 add.
597 5631 643 5684 ὦ
677 5630 781 5698 τῶν
806 5615 964 5681 θείων
992 5615 1153 5682 αῦτοῦ
1185 5615 1502 5698 οἰκτιρμῶν,
1542 5615 1750 5694 καῖτῆς
1790 5625 2029 5698 ἀμέτρου
2053 5619 2214 5698 αῦτοῦ
2251 5620 2634 5691 χρηστότητος.
2713 5615 2871 5672 "Al.
2903 5617 3138 5687 ἀφιέναι.
3179 5615 3260 5649 ’⁷⁷
3297 5615 3380 5672 Al'.
3417 5619 3474 5671 ἐν
3498 5615 3668 5687 αὐτῷ.

430 5702 476 5732 ⁷⁸
507 5702 590 5759 ΔΙ.
613 5695 892 5760 ἀπέναντι.
970 5699 1012 5729 ⁷⁵⁸
1047 5691 1378 5765 Α1.ψυχῶν.’
1429 5697 1473 5727 ⁸ο
1505 5697 1586 5749 Al.
1622 5691 1784 5750 inscr.
1818 5691 1980 5764 ἔργοις

2100 5691 2263 5760 ἔργῳ·
