  <div class='ocr_page' id='page_1' title='image "/cluster/home/n/w/nwhite01/storage/ocr_20150623/65/hvd.32044073501967/198.png"; bbox 0 0 4020 6196; ppageno 0'>
   <div class='ocr_carea' id='block_1_1' title="bbox 348 246 464 305">
    <p class='ocr_par' dir='ltr' id='par_1_1' title="bbox 348 246 464 305">
     <span class='ocr_line' id='line_1_1' title="bbox 348 246 464 305; baseline -0.017 1"><span class='ocrx_word' id='word_1_1' title='bbox 348 246 464 305; x_wconf 79' lang='lat'><strong>385</strong></span> 
     </span>
    </p>
   </div>
   <div class='ocr_carea' id='block_1_2' title="bbox 1488 242 2440 303">
    <p class='ocr_par' dir='ltr' id='par_1_2' title="bbox 1488 242 2440 303">
     <span class='ocr_line' id='line_1_2' title="bbox 1488 242 2440 303; baseline -0.001 -4"><span class='ocrx_word' id='word_1_2' title='bbox 1488 244 1801 303; x_wconf 81' lang='lat' dir='ltr'><strong>APOPHTH</strong></span> <span class='ocrx_word' id='word_1_3' title='bbox 1815 242 2096 300; x_wconf 77' lang='lat' dir='ltr'><strong>EGMATA</strong></span> <span class='ocrx_word' id='word_1_4' title='bbox 2134 244 2440 301; x_wconf 75' lang='lat' dir='ltr'><strong>PATRUM.</strong></span> 
     </span>
    </p>
   </div>
   <div class='ocr_carea' id='block_1_3' title="bbox 3501 253 3608 314">
    <p class='ocr_par' dir='ltr' id='par_1_3' title="bbox 3501 253 3608 314">
     <span class='ocr_line' id='line_1_3' title="bbox 3501 253 3608 314; baseline 0.047 -5"><span class='ocrx_word' id='word_1_5' title='bbox 3501 253 3608 314; x_wconf 77' lang='lat'><strong>386</strong></span> 
     </span>
    </p>
   </div>
   <div class='ocr_carea' id='block_1_4' title="bbox 348 359 1938 441">
    <p class='ocr_par' dir='ltr' id='par_1_4' title="bbox 348 359 1935 441">
     <span class='ocr_line' id='line_1_4' title="bbox 348 359 1935 441; baseline -0.007 -17"><span class='ocrx_word' id='word_1_6' title='bbox 348 362 686 441; x_wconf 74' lang='grc' dir='ltr'><strong>ἁμαρτωλὸν</strong></span> <span class='ocrx_word' id='word_1_7' title='bbox 735 363 830 416; x_wconf 81' lang='grc' dir='ltr'>καὶ</span> <span class='ocrx_word' id='word_1_8' title='bbox 887 362 1127 427; x_wconf 79' lang='grc' dir='ltr'>ἀνάξιον.</span> <span class='ocrx_word' id='word_1_9' title='bbox 1167 363 1296 417; x_wconf 79' lang='grc' dir='ltr'>Ἰδοὺ</span> <span class='ocrx_word' id='word_1_10' title='bbox 1330 362 1439 435; x_wconf 82' lang='grc' dir='ltr'>γὰρ</span> <span class='ocrx_word' id='word_1_11' title='bbox 1463 364 1573 416; x_wconf 85' lang='grc' dir='ltr'><strong>ἀπὸ</strong></span> <span class='ocrx_word' id='word_1_12' title='bbox 1601 361 1697 414; x_wconf 85' lang='grc' dir='ltr'>τοῦ</span> <span class='ocrx_word' id='word_1_13' title='bbox 1735 359 1831 415; x_wconf 90' lang='grc' dir='ltr'>νῦν</span> <span class='ocrx_word' id='word_1_14' title='bbox 1856 361 1935 414; x_wconf 84' lang='grc' dir='ltr'>δί-</span> 
     </span>
    </p>
   </div>
   <div class='ocr_carea' id='block_1_5' title="bbox 2038 359 3608 441">
    <p class='ocr_par' dir='ltr' id='par_1_5' title="bbox 2039 361 3608 439">
     <span class='ocr_line' id='line_1_5' title="bbox 2039 361 3608 439; baseline 0.004 -24"><span class='ocrx_word' id='word_1_15' title='bbox 2039 369 2091 415; x_wconf 90' lang='lat' dir='ltr'><strong>et</strong></span> <span class='ocrx_word' id='word_1_16' title='bbox 2122 362 2381 431; x_wconf 88' lang='lat' dir='ltr'><strong>promitto</strong></span> <span class='ocrx_word' id='word_1_17' title='bbox 2411 361 2528 426; x_wconf 85' lang='lat' dir='ltr'><strong>tibi,</strong></span> <span class='ocrx_word' id='word_1_18' title='bbox 2564 362 2707 433; x_wconf 90' lang='lat' dir='ltr'><strong>quod</strong></span> <span class='ocrx_word' id='word_1_19' title='bbox 2739 362 2965 433; x_wconf 78' lang='lat' dir='ltr'><strong>posthac</strong></span> <span class='ocrx_word' id='word_1_20' title='bbox 3005 365 3140 420; x_wconf 86' lang='lat' dir='ltr'><strong>nihil</strong></span> <span class='ocrx_word' id='word_1_21' title='bbox 3175 368 3304 421; x_wconf 89' lang='lat' dir='ltr'><strong>mali</strong></span> <span class='ocrx_word' id='word_1_22' title='bbox 3331 375 3608 439; x_wconf 54' lang='lat' dir='ltr'><strong>perpetrato</strong></span> 
     </span>
    </p>
   </div>
   <div class='ocr_carea' id='block_1_6' title="bbox 348 452 1939 528">
    <p class='ocr_par' dir='ltr' id='par_1_6' title="bbox 348 452 1939 528">
     <span class='ocr_line' id='line_1_6' title="bbox 348 452 1939 528; baseline -0.003 -18"><span class='ocrx_word' id='word_1_23' title='bbox 348 457 498 528; x_wconf 84' lang='grc' dir='ltr'>δωμί</span> <span class='ocrx_word' id='word_1_24' title='bbox 560 472 643 509; x_wconf 90' lang='grc' dir='ltr'><strong>σοι</strong></span> <span class='ocrx_word' id='word_1_25' title='bbox 683 453 866 522; x_wconf 87' lang='grc' dir='ltr'>λόγον,</span> <span class='ocrx_word' id='word_1_26' title='bbox 934 454 1301 525; x_wconf 86' lang='grc' dir='ltr'>συντάσσομαι</span> <span class='ocrx_word' id='word_1_27' title='bbox 1339 454 1426 518; x_wconf 84' lang='grc' dir='ltr'>δὲ,</span> <span class='ocrx_word' id='word_1_28' title='bbox 1472 453 1567 506; x_wconf 82' lang='grc' dir='ltr'><strong>καί.</strong></span> <span class='ocrx_word' id='word_1_29' title='bbox 1602 455 1668 507; x_wconf 81' lang='grc' dir='ltr'><strong>ἐκ</strong></span> <span class='ocrx_word' id='word_1_30' title='bbox 1709 452 1939 523; x_wconf 82' lang='grc' dir='ltr'><strong>καρδίας</strong></span> 
     </span>
    </p>
   </div>
   <div class='ocr_carea' id='block_1_7' title="bbox 355 544 1940 620">
    <p class='ocr_par' dir='ltr' id='par_1_7' title="bbox 355 544 1940 620">
     <span class='ocr_line' id='line_1_7' title="bbox 355 544 1940 620; baseline -0.005 -15"><span class='ocrx_word' id='word_1_31' title='bbox 355 546 791 620; x_wconf 75' lang='grc' dir='ltr'><strong>ἐξομολογοῦμαί</strong></span> <span class='ocrx_word' id='word_1_32' title='bbox 820 563 923 609; x_wconf 91' lang='grc' dir='ltr'>σοι,</span> <span class='ocrx_word' id='word_1_33' title='bbox 962 548 1043 601; x_wconf 82' lang='grc' dir='ltr'><strong>ὅτι</strong></span> <span class='ocrx_word' id='word_1_34' title='bbox 1068 547 1128 600; x_wconf 85' lang='grc' dir='ltr'><strong>ού</strong></span> <span class='ocrx_word' id='word_1_35' title='bbox 1173 547 1248 618; x_wconf 87' lang='grc' dir='ltr'>μὴ</span> <span class='ocrx_word' id='word_1_36' title='bbox 1278 544 1470 617; x_wconf 81' lang='grc' dir='ltr'>πράξω</span> <span class='ocrx_word' id='word_1_37' title='bbox 1507 545 1586 598; x_wconf 79' lang='grc' dir='ltr'>ἔτι</span> <span class='ocrx_word' id='word_1_38' title='bbox 1616 563 1667 598; x_wconf 90' lang='grc' dir='ltr'><strong>τι</strong></span> <span class='ocrx_word' id='word_1_39' title='bbox 1696 545 1806 599; x_wconf 90' lang='grc' dir='ltr'><strong>τῶν</strong></span> <span class='ocrx_word' id='word_1_40' title='bbox 1842 562 1940 598; x_wconf 92' lang='grc' dir='ltr'>κα-</span> 
     </span>
    </p>
   </div>
   <div class='ocr_carea' id='block_1_8' title="bbox 356 636 1938 710">
    <p class='ocr_par' dir='ltr' id='par_1_8' title="bbox 356 636 1938 710">
     <span class='ocr_line' id='line_1_8' title="bbox 356 636 1938 710; baseline -0.005 -15"><span class='ocrx_word' id='word_1_41' title='bbox 356 640 474 695; x_wconf 86' lang='grc' dir='ltr'><strong>κῶν</strong></span> <span class='ocrx_word' id='word_1_42' title='bbox 508 641 551 672; x_wconf 84' lang='grc'>⁸¹</span> <span class='ocrx_word' id='word_1_43' title='bbox 573 657 587 670; x_wconf 75' lang='grc' dir='ltr'><strong>ο</strong></span> <span class='ocrx_word' id='word_1_44' title='bbox 631 638 770 693; x_wconf 80' lang='grc' dir='ltr'>ἀλλὰ</span> <span class='ocrx_word' id='word_1_45' title='bbox 830 639 1210 710; x_wconf 83' lang='grc' dir='ltr'>ἀποτάσσομαι</span> <span class='ocrx_word' id='word_1_46' title='bbox 1262 640 1440 693; x_wconf 80' lang='grc' dir='ltr'>πᾶσαν</span> <span class='ocrx_word' id='word_1_47' title='bbox 1495 637 1838 709; x_wconf 81' lang='grc' dir='ltr'><strong>παρανομίαν</strong></span> <span class='ocrx_word' id='word_1_48' title='bbox 1870 636 1938 699; x_wconf 71' lang='grc' dir='ltr'>δ’,</span> 
     </span>
    </p>
   </div>
   <div class='ocr_carea' id='block_1_9' title="bbox 358 726 1937 799">
    <p class='ocr_par' dir='ltr' id='par_1_9' title="bbox 358 726 1937 799">
     <span class='ocr_line' id='line_1_9' title="bbox 358 726 1937 799; baseline -0.002 -16"><span class='ocrx_word' id='word_1_49' title='bbox 358 730 456 783; x_wconf 80' lang='grc' dir='ltr'><strong>καί</strong></span> <span class='ocrx_word' id='word_1_50' title='bbox 486 726 763 782; x_wconf 75' lang='grc' dir='ltr'><strong>δουλεύσω</strong></span> <span class='ocrx_word' id='word_1_51' title='bbox 794 744 876 780; x_wconf 91' lang='grc' dir='ltr'><strong>σοι</strong></span> <span class='ocrx_word' id='word_1_52' title='bbox 906 728 1014 780; x_wconf 83' lang='grc' dir='ltr'><strong>ἀπὸ</strong></span> <span class='ocrx_word' id='word_1_53' title='bbox 1040 727 1135 780; x_wconf 90' lang='grc' dir='ltr'><strong>τοῦ</strong></span> <span class='ocrx_word' id='word_1_54' title='bbox 1166 728 1260 781; x_wconf 91' lang='grc' dir='ltr'>νῦν</span> <span class='ocrx_word' id='word_1_55' title='bbox 1288 729 1345 782; x_wconf 81' lang='grc' dir='ltr'><strong>ἐν</strong></span> <span class='ocrx_word' id='word_1_56' title='bbox 1374 728 1589 799; x_wconf 78' lang='grc' dir='ltr'>καθαρᾷ</span> <span class='ocrx_word' id='word_1_57' title='bbox 1620 727 1937 798; x_wconf 84' lang='grc' dir='ltr'><strong>συνειδήσει.</strong></span> 
     </span>
    </p>
   </div>
   <div class='ocr_carea' id='block_1_10' title="bbox 358 812 1938 891">
    <p class='ocr_par' dir='ltr' id='par_1_10' title="bbox 358 812 1938 891">
     <span class='ocr_line' id='line_1_10' title="bbox 358 812 1938 891; baseline -0.002 -18"><span class='ocrx_word' id='word_1_58' title='bbox 358 822 629 891; x_wconf 79' lang='grc' dir='ltr'><strong>Σήμερον,</strong></span> <span class='ocrx_word' id='word_1_59' title='bbox 663 812 709 871; x_wconf 83' lang='grc' dir='ltr'><strong>ὦ</strong></span> <span class='ocrx_word' id='word_1_60' title='bbox 741 818 1010 882; x_wconf 83' lang='grc' dir='ltr'><strong>Δέσποτα,</strong></span> <span class='ocrx_word' id='word_1_61' title='bbox 1044 818 1139 872; x_wconf 86' lang='grc' dir='ltr'><strong>καί</strong></span> <span class='ocrx_word' id='word_1_62' title='bbox 1164 820 1228 871; x_wconf 81' lang='grc' dir='ltr'>ἐκ</span> <span class='ocrx_word' id='word_1_63' title='bbox 1245 817 1507 890; x_wconf 83' lang='grc' dir='ltr'>τῆςῶρας</span> <span class='ocrx_word' id='word_1_64' title='bbox 1544 817 1767 889; x_wconf 83' lang='grc' dir='ltr'><strong>ταύτης,</strong></span> <span class='ocrx_word' id='word_1_65' title='bbox 1792 817 1938 882; x_wconf 80' lang='grc' dir='ltr'><strong>δέξαι</strong></span> 
     </span>
    </p>
   </div>
   <div class='ocr_carea' id='block_1_11' title="bbox 359 908 1935 981">
    <p class='ocr_par' dir='ltr' id='par_1_11' title="bbox 359 908 1935 981">
     <span class='ocr_line' id='line_1_11' title="bbox 359 908 1935 981; baseline -0.002 -18"><span class='ocrx_word' id='word_1_66' title='bbox 359 929 428 981; x_wconf 90' lang='grc' dir='ltr'><strong>με</strong></span> <span class='ocrx_word' id='word_1_67' title='bbox 467 916 855 981; x_wconf 80' lang='grc' dir='ltr'>μετανοοῦντα,</span> <span class='ocrx_word' id='word_1_68' title='bbox 913 910 1008 962; x_wconf 75' lang='grc' dir='ltr'>καὶ</span> <span class='ocrx_word' id='word_1_69' title='bbox 1036 909 1449 980; x_wconf 85' lang='grc' dir='ltr'>προσπίπτοντά</span> <span class='ocrx_word' id='word_1_70' title='bbox 1478 927 1581 975; x_wconf 91' lang='grc' dir='ltr'>σοι,</span> <span class='ocrx_word' id='word_1_71' title='bbox 1612 910 1707 964; x_wconf 83' lang='grc' dir='ltr'><strong>καί</strong></span> <span class='ocrx_word' id='word_1_72' title='bbox 1741 908 1935 979; x_wconf 84' lang='grc' dir='ltr'>ἀπεχό-</span> 
     </span>
    </p>
   </div>
   <div class='ocr_carea' id='block_1_12' title="bbox 357 1001 1937 1073">
    <p class='ocr_par' dir='ltr' id='par_1_12' title="bbox 357 1001 1937 1073">
     <span class='ocr_line' id='line_1_12' title="bbox 357 1001 1937 1073; baseline -0.001 -17"><span class='ocrx_word' id='word_1_73' title='bbox 357 1020 522 1073; x_wconf 84' lang='grc' dir='ltr'>μενον</span> <span class='ocrx_word' id='word_1_74' title='bbox 550 1002 646 1056; x_wconf 86' lang='grc' dir='ltr'>τοῦ</span> <span class='ocrx_word' id='word_1_75' title='bbox 700 1001 888 1055; x_wconf 87' lang='grc' dir='ltr'>λοιποῦ</span> <span class='ocrx_word' id='word_1_76' title='bbox 942 1001 1120 1072; x_wconf 84' lang='grc' dir='ltr'><strong>πάσης</strong></span> <span class='ocrx_word' id='word_1_77' title='bbox 1169 1003 1464 1073; x_wconf 86' lang='grc' dir='ltr'>ἁμαρτίας.</span> <span class='ocrx_word' id='word_1_78' title='bbox 1517 1002 1641 1056; x_wconf 79' lang='grc' dir='ltr'><strong>Ἐπὶ</strong></span> <span class='ocrx_word' id='word_1_79' title='bbox 1678 1002 1937 1065; x_wconf 83' lang='grc' dir='ltr'><strong>ταύταις,</strong></span> 
     </span>
    </p>
   </div>
   <div class='ocr_carea' id='block_1_13' title="bbox 354 1092 1936 1166">
    <p class='ocr_par' dir='ltr' id='par_1_13' title="bbox 354 1092 1936 1166">
     <span class='ocr_line' id='line_1_13' title="bbox 354 1092 1936 1166; baseline -0.001 -19"><span class='ocrx_word' id='word_1_80' title='bbox 354 1096 517 1166; x_wconf 82' lang='grc' dir='ltr'>φησί,</span> <span class='ocrx_word' id='word_1_81' title='bbox 551 1096 672 1156; x_wconf 79' lang='grc' dir='ltr'>ταῖς</span> <span class='ocrx_word' id='word_1_82' title='bbox 723 1093 1015 1164; x_wconf 82' lang='grc' dir='ltr'>συνθήκαις</span> <span class='ocrx_word' id='word_1_83' title='bbox 1060 1092 1284 1162; x_wconf 76' lang='grc' dir='ltr'><strong>ἐξῆλθον</strong></span> <span class='ocrx_word' id='word_1_84' title='bbox 1333 1093 1442 1147; x_wconf 83' lang='grc' dir='ltr'><strong>ἀπὸ</strong></span> <span class='ocrx_word' id='word_1_85' title='bbox 1489 1093 1591 1165; x_wconf 87' lang='grc' dir='ltr'>τῆς</span> <span class='ocrx_word' id='word_1_86' title='bbox 1624 1093 1936 1163; x_wconf 83' lang='grc' dir='ltr'>ἐκκλησίας,</span> 
     </span>
    </p>
   </div>
   <div class='ocr_carea' id='block_1_14' title="bbox 353 1184 1938 1257">
    <p class='ocr_par' dir='ltr' id='par_1_14' title="bbox 353 1184 1938 1257">
     <span class='ocr_line' id='line_1_14' title="bbox 353 1184 1938 1257; baseline -0.001 -18"><span class='ocrx_word' id='word_1_87' title='bbox 353 1186 555 1256; x_wconf 89' lang='grc' dir='ltr'>κρίνας</span> <span class='ocrx_word' id='word_1_88' title='bbox 593 1186 654 1238; x_wconf 85' lang='grc' dir='ltr'><strong>ἐν</strong></span> <span class='ocrx_word' id='word_1_89' title='bbox 695 1187 761 1255; x_wconf 81' lang='grc' dir='ltr'>τῇ</span> <span class='ocrx_word' id='word_1_90' title='bbox 819 1184 1059 1254; x_wconf 76' lang='grc' dir='ltr'><strong>ἐμαυτοῦ</strong></span> <span class='ocrx_word' id='word_1_91' title='bbox 1107 1184 1277 1256; x_wconf 74' lang='grc' dir='ltr'>ψυχῇ,</span> <span class='ocrx_word' id='word_1_92' title='bbox 1314 1185 1510 1256; x_wconf 83' lang='grc' dir='ltr'><strong>μηκέτι</strong></span> <span class='ocrx_word' id='word_1_93' title='bbox 1544 1187 1709 1257; x_wconf 86' lang='grc' dir='ltr'>μηδὲν</span> <span class='ocrx_word' id='word_1_94' title='bbox 1738 1185 1938 1255; x_wconf 87' lang='grc' dir='ltr'>φαῦλον</span> 
     </span>
    </p>
   </div>
   <div class='ocr_carea' id='block_1_15' title="bbox 356 1272 1937 1349">
    <p class='ocr_par' dir='ltr' id='par_1_15' title="bbox 356 1272 1937 1349">
     <span class='ocr_line' id='line_1_15' title="bbox 356 1272 1937 1349; baseline -0.002 -19"><span class='ocrx_word' id='word_1_95' title='bbox 356 1276 567 1349; x_wconf 80' lang='grc' dir='ltr'>πρᾶξαι</span> <span class='ocrx_word' id='word_1_96' title='bbox 595 1274 916 1329; x_wconf 77' lang='grc' dir='ltr'>ἀπέναντι⁸³</span> <span class='ocrx_word' id='word_1_97' title='bbox 942 1272 1037 1327; x_wconf 91' lang='grc' dir='ltr'>τοῦ</span> <span class='ocrx_word' id='word_1_98' title='bbox 1060 1274 1219 1329; x_wconf 85' lang='grc' dir='ltr'><strong>Θεοῦ.</strong></span> <span class='ocrx_word' id='word_1_99' title='bbox 1260 1274 1616 1340; x_wconf 82' lang='grc' dir='ltr'><strong>Ἀκούσαντες</strong></span> <span class='ocrx_word' id='word_1_100' title='bbox 1648 1275 1707 1328; x_wconf 84' lang='grc' dir='ltr'>δὲ</span> <span class='ocrx_word' id='word_1_101' title='bbox 1736 1275 1937 1337; x_wconf 84' lang='grc' dir='ltr'>πάντες</span> 
     </span>
    </p>
   </div>
   <div class='ocr_carea' id='block_1_16' title="bbox 352 1365 1937 1437">
    <p class='ocr_par' dir='ltr' id='par_1_16' title="bbox 352 1365 1937 1437">
     <span class='ocr_line' id='line_1_16' title="bbox 352 1365 1937 1437; baseline 0.001 -17"><span class='ocrx_word' id='word_1_102' title='bbox 352 1367 601 1421; x_wconf 78' lang='grc' dir='ltr'>ἀνεϐόων</span> <span class='ocrx_word' id='word_1_103' title='bbox 626 1367 724 1437; x_wconf 81' lang='grc' dir='ltr'><strong>μιᾷ</strong></span> <span class='ocrx_word' id='word_1_104' title='bbox 752 1368 905 1437; x_wconf 79' lang='grc' dir='ltr'>φωνῇ</span> <span class='ocrx_word' id='word_1_105' title='bbox 965 1365 1103 1437; x_wconf 83' lang='grc' dir='ltr'>πρὸς</span> <span class='ocrx_word' id='word_1_106' title='bbox 1126 1365 1217 1419; x_wconf 80' lang='grc' dir='ltr'>τὸν</span> <span class='ocrx_word' id='word_1_107' title='bbox 1242 1366 1404 1421; x_wconf 81' lang='grc' dir='ltr'>Θεόν’</span> <span class='ocrx_word' id='word_1_108' title='bbox 1440 1367 1539 1432; x_wconf 79' lang='grc' dir='ltr'>Ὠς</span> <span class='ocrx_word' id='word_1_109' title='bbox 1567 1367 1937 1437; x_wconf 71' lang='grc' dir='ltr'>ἐμεγαλύνθη</span> 
     </span>
    </p>
   </div>
   <div class='ocr_carea' id='block_1_17' title="bbox 352 1458 1935 1528">
    <p class='ocr_par' dir='ltr' id='par_1_17' title="bbox 352 1458 1935 1528">
     <span class='ocr_line' id='line_1_17' title="bbox 352 1458 1935 1528; baseline 0.001 -16"><span class='ocrx_word' id='word_1_110' title='bbox 352 1461 434 1513; x_wconf 81' lang='grc' dir='ltr'>τὰ</span> <span class='ocrx_word' id='word_1_111' title='bbox 467 1459 613 1527; x_wconf 71' lang='grc' dir='ltr'>ἔργα</span> <span class='ocrx_word' id='word_1_112' title='bbox 642 1474 775 1521; x_wconf 85' lang='grc' dir='ltr'>σου,</span> <span class='ocrx_word' id='word_1_113' title='bbox 812 1458 1031 1526; x_wconf 64' lang='grc' dir='ltr'>Κύριε]</span> <span class='ocrx_word' id='word_1_114' title='bbox 1064 1458 1259 1513; x_wconf 81' lang='grc' dir='ltr'>πάντα</span> <span class='ocrx_word' id='word_1_115' title='bbox 1304 1459 1581 1528; x_wconf 75' lang='grc' dir='ltr'><strong>ἑνονοφίᾳ</strong></span> <span class='ocrx_word' id='word_1_116' title='bbox 1624 1458 1935 1527; x_wconf 82' lang='grc' dir='ltr'>ἐποίησας.</span> 
     </span>
    </p>
   </div>
   <div class='ocr_carea' id='block_1_18' title="bbox 354 1540 1938 1620">
    <p class='ocr_par' dir='ltr' id='par_1_18' title="bbox 354 1540 1938 1620">
     <span class='ocr_line' id='line_1_18' title="bbox 354 1540 1938 1620; baseline 0.001 -19"><span class='ocrx_word' id='word_1_117' title='bbox 354 1549 727 1612; x_wconf 81' lang='grc' dir='ltr'>Γινώσκοντες</span> <span class='ocrx_word' id='word_1_118' title='bbox 775 1548 975 1613; x_wconf 83' lang='grc' dir='ltr'>τοίνυν,</span> <span class='ocrx_word' id='word_1_119' title='bbox 1029 1540 1075 1599; x_wconf 83' lang='grc' dir='ltr'>ὧ</span> <span class='ocrx_word' id='word_1_120' title='bbox 1134 1550 1476 1620; x_wconf 79' lang='grc' dir='ltr'>Χριστιανοὶ,</span> <span class='ocrx_word' id='word_1_121' title='bbox 1532 1552 1598 1603; x_wconf 82' lang='grc' dir='ltr'><strong>ἐκ</strong></span> <span class='ocrx_word' id='word_1_122' title='bbox 1636 1549 1746 1603; x_wconf 87' lang='grc' dir='ltr'><strong>τῶν</strong></span> <span class='ocrx_word' id='word_1_123' title='bbox 1777 1549 1938 1604; x_wconf 86' lang='grc' dir='ltr'>θείων</span> 
     </span>
    </p>
   </div>
   <div class='ocr_carea' id='block_1_19' title="bbox 355 1636 1937 1711">
    <p class='ocr_par' dir='ltr' id='par_1_19' title="bbox 355 1636 1937 1711">
     <span class='ocr_line' id='line_1_19' title="bbox 355 1636 1937 1711; baseline 0.003 -20"><span class='ocrx_word' id='word_1_124' title='bbox 355 1638 613 1711; x_wconf 84' lang='grc' dir='ltr'>Γραφῶν,</span> <span class='ocrx_word' id='word_1_125' title='bbox 647 1638 742 1690; x_wconf 78' lang='grc' dir='ltr'><strong>καὶ</strong></span> <span class='ocrx_word' id='word_1_126' title='bbox 766 1639 830 1691; x_wconf 80' lang='grc' dir='ltr'><strong>ἐκ</strong></span> <span class='ocrx_word' id='word_1_127' title='bbox 866 1636 975 1690; x_wconf 87' lang='grc' dir='ltr'><strong>τῶν</strong></span> <span class='ocrx_word' id='word_1_128' title='bbox 1004 1639 1173 1706; x_wconf 77' lang='grc' dir='ltr'>ἁγίων</span> <span class='ocrx_word' id='word_1_129' title='bbox 1217 1638 1633 1708; x_wconf 79' lang='grc' dir='ltr'>ἀποκαλύψεων,</span> <span class='ocrx_word' id='word_1_130' title='bbox 1663 1640 1795 1711; x_wconf 83' lang='grc' dir='ltr'>ὅσην</span> <span class='ocrx_word' id='word_1_131' title='bbox 1826 1639 1937 1711; x_wconf 77' lang='grc' dir='ltr'>ἔχει</span> 
     </span>
    </p>
   </div>
   <div class='ocr_carea' id='block_1_20' title="bbox 352 1727 1938 1803">
    <p class='ocr_par' dir='ltr' id='par_1_20' title="bbox 352 1727 1938 1803">
     <span class='ocr_line' id='line_1_20' title="bbox 352 1727 1938 1803; baseline 0.001 -20"><span class='ocrx_word' id='word_1_132' title='bbox 352 1732 384 1783; x_wconf 85' lang='grc' dir='ltr'><strong>ό</strong></span> <span class='ocrx_word' id='word_1_133' title='bbox 420 1727 556 1792; x_wconf 76' lang='grc' dir='ltr'>Θεὸς</span> <span class='ocrx_word' id='word_1_134' title='bbox 602 1727 919 1798; x_wconf 85' lang='grc' dir='ltr'>ἀγαθότητα</span> <span class='ocrx_word' id='word_1_135' title='bbox 962 1729 1091 1800; x_wconf 86' lang='grc' dir='ltr'><strong>περί</strong></span> <span class='ocrx_word' id='word_1_136' title='bbox 1125 1729 1175 1762; x_wconf 68' lang='grc'>⁸⁸</span> <span class='ocrx_word' id='word_1_137' title='bbox 1200 1730 1329 1794; x_wconf 82' lang='grc' dir='ltr'>τοὺς</span> <span class='ocrx_word' id='word_1_138' title='bbox 1375 1732 1456 1794; x_wconf 84' lang='grc' dir='ltr'><strong>εἰς</strong></span> <span class='ocrx_word' id='word_1_139' title='bbox 1485 1731 1645 1784; x_wconf 80' lang='grc' dir='ltr'>αὐτὸν</span> <span class='ocrx_word' id='word_1_140' title='bbox 1700 1731 1938 1803; x_wconf 85' lang='grc' dir='ltr'>γνησίως</span> 
     </span>
    </p>
   </div>
   <div class='ocr_carea' id='block_1_21' title="bbox 354 1820 1939 1893">
    <p class='ocr_par' dir='ltr' id='par_1_21' title="bbox 354 1820 1939 1893">
     <span class='ocr_line' id='line_1_21' title="bbox 354 1820 1939 1893; baseline -0.001 -17"><span class='ocrx_word' id='word_1_141' title='bbox 354 1820 824 1890; x_wconf 83' lang='grc' dir='ltr'>καταφεύγοντας,</span> <span class='ocrx_word' id='word_1_142' title='bbox 846 1821 940 1874; x_wconf 86' lang='grc' dir='ltr'><strong>καί</strong></span> <span class='ocrx_word' id='word_1_143' title='bbox 964 1821 1055 1876; x_wconf 84' lang='grc' dir='ltr'>διὰ</span> <span class='ocrx_word' id='word_1_144' title='bbox 1075 1821 1363 1890; x_wconf 87' lang='grc' dir='ltr'>μετανοίας</span> <span class='ocrx_word' id='word_1_145' title='bbox 1377 1821 1446 1874; x_wconf 86' lang='grc' dir='ltr'>τὰ</span> <span class='ocrx_word' id='word_1_146' title='bbox 1466 1820 1731 1893; x_wconf 86' lang='grc' dir='ltr'>πρότερον</span> <span class='ocrx_word' id='word_1_147' title='bbox 1756 1821 1939 1885; x_wconf 83' lang='grc' dir='ltr'>αὐτοῖς</span> 
     </span>
    </p>
   </div>
   <div class='ocr_carea' id='block_1_22' title="bbox 353 1911 1936 1985">
    <p class='ocr_par' dir='ltr' id='par_1_22' title="bbox 353 1911 1936 1985">
     <span class='ocr_line' id='line_1_22' title="bbox 353 1911 1936 1985; baseline -0.001 -19"><span class='ocrx_word' id='word_1_148' title='bbox 353 1914 705 1984; x_wconf 76' lang='grc' dir='ltr'>ἐπταισμένα</span> <span class='ocrx_word' id='word_1_149' title='bbox 752 1911 1163 1985; x_wconf 81' lang='grc' dir='ltr'>διορθουμένους</span> <span class='ocrx_word' id='word_1_150' title='bbox 1197 1912 1333 1984; x_wconf 69' lang='grc'>(26),</span> <span class='ocrx_word' id='word_1_151' title='bbox 1376 1912 1473 1966; x_wconf 80' lang='grc' dir='ltr'><strong>καί</strong></span> <span class='ocrx_word' id='word_1_152' title='bbox 1518 1913 1601 1967; x_wconf 87' lang='grc' dir='ltr'>ὅτι</span> <span class='ocrx_word' id='word_1_153' title='bbox 1647 1912 1936 1968; x_wconf 83' lang='grc' dir='ltr'>ἀποδίδωσι</span> 
     </span>
    </p>
   </div>
   <div class='ocr_carea' id='block_1_23' title="bbox 355 2004 1938 2077">
    <p class='ocr_par' dir='ltr' id='par_1_23' title="bbox 355 2004 1938 2077">
     <span class='ocr_line' id='line_1_23' title="bbox 355 2004 1938 2077; baseline -0.001 -18"><span class='ocrx_word' id='word_1_154' title='bbox 355 2007 529 2061; x_wconf 75' lang='grc' dir='ltr'>πάλιν</span> <span class='ocrx_word' id='word_1_155' title='bbox 559 2007 627 2060; x_wconf 75' lang='grc' dir='ltr'>τὰ</span> <span class='ocrx_word' id='word_1_156' title='bbox 657 2006 1036 2077; x_wconf 76' lang='grc' dir='ltr'>ἐπηγγελμένα</span> <span class='ocrx_word' id='word_1_157' title='bbox 1094 2004 1297 2073; x_wconf 81' lang='grc' dir='ltr'>ἀγαθὰ,</span> <span class='ocrx_word' id='word_1_158' title='bbox 1344 2005 1445 2058; x_wconf 83' lang='grc' dir='ltr'><strong>οὐκ</strong></span> <span class='ocrx_word' id='word_1_159' title='bbox 1482 2004 1938 2076; x_wconf 75' lang='grc' dir='ltr'>εἰσπραττόμενος</span> 
     </span>
    </p>
   </div>
   <div class='ocr_carea' id='block_1_24' title="bbox 324 2096 1939 2171">
    <p class='ocr_par' dir='ltr' id='par_1_24' title="bbox 324 2096 1939 2171">
     <span class='ocr_line' id='line_1_24' title="bbox 324 2096 1939 2171; baseline -0.004 -16"><span class='ocrx_word' id='word_1_160' title='bbox 324 2100 522 2163; x_wconf 82' lang='grc' dir='ltr'>,δίκας</span> <span class='ocrx_word' id='word_1_161' title='bbox 561 2098 695 2170; x_wconf 81' lang='grc' dir='ltr'>ὑπὲρ</span> <span class='ocrx_word' id='word_1_162' title='bbox 724 2098 830 2152; x_wconf 88' lang='grc' dir='ltr'><strong>τῶν</strong></span> <span class='ocrx_word' id='word_1_163' title='bbox 869 2098 1150 2171; x_wconf 85' lang='grc' dir='ltr'>προτέρων</span> <span class='ocrx_word' id='word_1_164' title='bbox 1178 2097 1481 2168; x_wconf 84' lang='grc' dir='ltr'>ἁμαρτιῶν,</span> <span class='ocrx_word' id='word_1_165' title='bbox 1519 2097 1595 2168; x_wconf 81' lang='grc' dir='ltr'>μὴ</span> <span class='ocrx_word' id='word_1_166' title='bbox 1621 2096 1939 2150; x_wconf 84' lang='grc' dir='ltr'>ἀπελπίσω-</span> 
     </span>
    </p>
   </div>
   <div class='ocr_carea' id='block_1_25' title="bbox 359 2187 1935 2260">
    <p class='ocr_par' dir='ltr' id='par_1_25' title="bbox 359 2187 1935 2260">
     <span class='ocr_line' id='line_1_25' title="bbox 359 2187 1935 2260; baseline -0.002 -17"><span class='ocrx_word' id='word_1_167' title='bbox 359 2208 466 2260; x_wconf 88' lang='grc' dir='ltr'><strong>μεν</strong></span> <span class='ocrx_word' id='word_1_168' title='bbox 496 2190 595 2260; x_wconf 81' lang='grc' dir='ltr'>τῆς</span> <span class='ocrx_word' id='word_1_169' title='bbox 616 2188 823 2244; x_wconf 81' lang='grc' dir='ltr'>ἑαυτῶν</span> <span class='ocrx_word' id='word_1_170' title='bbox 869 2189 1165 2260; x_wconf 83' lang='grc' dir='ltr'>σωτηρίας.</span> <span class='ocrx_word' id='word_1_171' title='bbox 1205 2189 1417 2258; x_wconf 80' lang='grc' dir='ltr'>Ὠσπερ</span> <span class='ocrx_word' id='word_1_172' title='bbox 1447 2187 1558 2260; x_wconf 78' lang='grc' dir='ltr'><strong>γὰρ</strong></span> <span class='ocrx_word' id='word_1_173' title='bbox 1585 2189 1673 2242; x_wconf 84' lang='grc' dir='ltr'>διὰ</span> <span class='ocrx_word' id='word_1_174' title='bbox 1715 2189 1935 2242; x_wconf 82' lang='grc' dir='ltr'>Ἦσαῖου</span> 
     </span>
    </p>
   </div>
   <div class='ocr_carea' id='block_1_26' title="bbox 352 2278 1938 2352">
    <p class='ocr_par' dir='ltr' id='par_1_26' title="bbox 352 2278 1938 2352">
     <span class='ocr_line' id='line_1_26' title="bbox 352 2278 1938 2352; baseline 0 -20"><span class='ocrx_word' id='word_1_175' title='bbox 352 2279 451 2333; x_wconf 89' lang='grc' dir='ltr'>τοῦ</span> <span class='ocrx_word' id='word_1_176' title='bbox 482 2281 760 2352; x_wconf 82' lang='grc' dir='ltr'>προφήτου</span> <span class='ocrx_word' id='word_1_177' title='bbox 782 2279 1169 2351; x_wconf 82' lang='grc' dir='ltr'>ἐπηγγείλατο,</span> <span class='ocrx_word' id='word_1_178' title='bbox 1192 2280 1318 2343; x_wconf 84' lang='grc' dir='ltr'>τοὺς</span> <span class='ocrx_word' id='word_1_179' title='bbox 1344 2280 1402 2332; x_wconf 80' lang='grc' dir='ltr'><strong>ἐν</strong></span> <span class='ocrx_word' id='word_1_180' title='bbox 1429 2279 1724 2351; x_wconf 85' lang='grc' dir='ltr'>ἁμαρτίαις</span> <span class='ocrx_word' id='word_1_181' title='bbox 1750 2278 1938 2350; x_wconf 79' lang='grc' dir='ltr'>βεσορ-</span> 
     </span>
    </p>
   </div>
   <div class='ocr_carea' id='block_1_27' title="bbox 355 2370 1936 2446">
    <p class='ocr_par' dir='ltr' id='par_1_27' title="bbox 355 2370 1936 2446">
     <span class='ocr_line' id='line_1_27' title="bbox 355 2370 1936 2446; baseline -0.001 -21"><span class='ocrx_word' id='word_1_182' title='bbox 355 2372 702 2446; x_wconf 76' lang='grc' dir='ltr'>ὁορωμὲνους</span> <span class='ocrx_word' id='word_1_183' title='bbox 730 2371 972 2435; x_wconf 82' lang='grc' dir='ltr'>πλύνειν,</span> <span class='ocrx_word' id='word_1_184' title='bbox 1004 2371 1097 2425; x_wconf 76' lang='grc' dir='ltr'>καὶ</span> <span class='ocrx_word' id='word_1_185' title='bbox 1116 2371 1191 2434; x_wconf 83' lang='grc' dir='ltr'>ὡς</span> <span class='ocrx_word' id='word_1_186' title='bbox 1225 2371 1371 2442; x_wconf 73' lang='grc' dir='ltr'>ἔριον</span> <span class='ocrx_word' id='word_1_187' title='bbox 1393 2371 1488 2425; x_wconf 78' lang='grc' dir='ltr'>καὶ</span> <span class='ocrx_word' id='word_1_188' title='bbox 1516 2371 1592 2434; x_wconf 83' lang='grc' dir='ltr'>ὡς</span> <span class='ocrx_word' id='word_1_189' title='bbox 1631 2371 1785 2440; x_wconf 89' lang='grc' dir='ltr'>χιόνα</span> <span class='ocrx_word' id='word_1_190' title='bbox 1811 2370 1936 2423; x_wconf 86' lang='grc' dir='ltr'>λευ-</span> 
     </span>
    </p>
   </div>
   <div class='ocr_carea' id='block_1_28' title="bbox 292 2462 1933 2534">
    <p class='ocr_par' dir='ltr' id='par_1_28' title="bbox 292 2462 1933 2534">
     <span class='ocr_line' id='line_1_28' title="bbox 292 2462 1933 2534; baseline -0.002 -16"><span class='ocrx_word' id='word_1_191' title='bbox 292 2477 300 2483; x_wconf 86' lang='lat'><strong><em>‘</em></strong></span> <span class='ocrx_word' id='word_1_192' title='bbox 354 2465 585 2528; x_wconf 82' lang='grc' dir='ltr'>καίνειν,</span> <span class='ocrx_word' id='word_1_193' title='bbox 622 2463 850 2517; x_wconf 74' lang='grc' dir='ltr'>καὶτῶν</span> <span class='ocrx_word' id='word_1_194' title='bbox 889 2462 1111 2531; x_wconf 81' lang='grc' dir='ltr'>ἀγαθῶν</span> <span class='ocrx_word' id='word_1_195' title='bbox 1154 2464 1253 2533; x_wconf 82' lang='grc' dir='ltr'>τῆς</span> <span class='ocrx_word' id='word_1_196' title='bbox 1284 2462 1612 2533; x_wconf 75' lang='grc' dir='ltr'>ἐπουρανίου</span> <span class='ocrx_word' id='word_1_197' title='bbox 1661 2462 1933 2534; x_wconf 86' lang='grc' dir='ltr'>Ἰερουσα-</span> 
     </span>
    </p>
   </div>
   <div class='ocr_carea' id='block_1_29' title="bbox 353 2551 1935 2628">
    <p class='ocr_par' dir='ltr' id='par_1_29' title="bbox 353 2551 1935 2628">
     <span class='ocr_line' id='line_1_29' title="bbox 353 2551 1935 2628; baseline -0.001 -19"><span class='ocrx_word' id='word_1_198' title='bbox 353 2556 470 2628; x_wconf 80' lang='grc' dir='ltr'>λὴμ</span> <span class='ocrx_word' id='word_1_199' title='bbox 511 2555 697 2621; x_wconf 81' lang='grc' dir='ltr'>ἀξιοῦν</span> <span class='ocrx_word' id='word_1_200' title='bbox 720 2572 735 2586; x_wconf 65' lang='grc'><strong>⁸</strong></span> <span class='ocrx_word' id='word_1_201' title='bbox 773 2554 947 2620; x_wconf 75' lang='grc' dir='ltr'>οὕτως</span> <span class='ocrx_word' id='word_1_202' title='bbox 997 2551 1155 2619; x_wconf 83' lang='grc' dir='ltr'>αὖθις</span> <span class='ocrx_word' id='word_1_203' title='bbox 1196 2554 1284 2606; x_wconf 82' lang='grc' dir='ltr'><strong>διὰ</strong></span> <span class='ocrx_word' id='word_1_204' title='bbox 1338 2553 1431 2607; x_wconf 90' lang='grc' dir='ltr'>τοῦ</span> <span class='ocrx_word' id='word_1_205' title='bbox 1466 2555 1623 2624; x_wconf 82' lang='grc' dir='ltr'>ἁγίου</span> <span class='ocrx_word' id='word_1_206' title='bbox 1657 2554 1935 2624; x_wconf 85' lang='grc' dir='ltr'>προφήτου</span> 
     </span>
    </p>
   </div>
   <div class='ocr_carea' id='block_1_30' title="bbox 367 2644 1931 2719">
    <p class='ocr_par' dir='ltr' id='par_1_30' title="bbox 367 2644 1931 2719">
     <span class='ocr_line' id='line_1_30' title="bbox 367 2644 1931 2719; baseline -0.002 -18"><span class='ocrx_word' id='word_1_207' title='bbox 367 2646 649 2719; x_wconf 73' lang='grc' dir='ltr'>Ἰεζεκιὴλ,</span> <span class='ocrx_word' id='word_1_208' title='bbox 670 2646 792 2718; x_wconf 85' lang='grc' dir='ltr'>μεθ’</span> <span class='ocrx_word' id='word_1_209' title='bbox 806 2647 968 2718; x_wconf 83' lang='grc' dir='ltr'>ὅρκου</span> <span class='ocrx_word' id='word_1_210' title='bbox 984 2647 1130 2717; x_wconf 82' lang='grc' dir='ltr'>ἡμᾶς</span> <span class='ocrx_word' id='word_1_211' title='bbox 1154 2646 1488 2719; x_wconf 88' lang='grc' dir='ltr'>πληροφορεῖ</span> <span class='ocrx_word' id='word_1_212' title='bbox 1514 2645 1589 2717; x_wconf 82' lang='grc' dir='ltr'>μὴ</span> <span class='ocrx_word' id='word_1_213' title='bbox 1610 2644 1897 2698; x_wconf 80' lang='grc' dir='ltr'>ἀπολλύειν</span> <span class='ocrx_word' id='word_1_214' title='bbox 1916 2661 1931 2676; x_wconf 79' lang='grc'><strong>’</strong></span> 
     </span>
    </p>
   </div>
   <div class='ocr_carea' id='block_1_31' title="bbox 355 2734 1936 2808">
    <p class='ocr_par' dir='ltr' id='par_1_31' title="bbox 355 2734 1936 2808">
     <span class='ocr_line' id='line_1_31' title="bbox 355 2734 1936 2808; baseline -0.002 -17"><span class='ocrx_word' id='word_1_215' title='bbox 355 2735 451 2791; x_wconf 79' lang='grc' dir='ltr'>Ζῶ</span> <span class='ocrx_word' id='word_1_216' title='bbox 486 2736 618 2808; x_wconf 85' lang='grc' dir='ltr'>γὰρ,</span> <span class='ocrx_word' id='word_1_217' title='bbox 651 2738 807 2807; x_wconf 79' lang='grc' dir='ltr'>φησὶ,</span> <span class='ocrx_word' id='word_1_218' title='bbox 832 2735 994 2804; x_wconf 70' lang='grc' dir='ltr'>λέγει</span> <span class='ocrx_word' id='word_1_219' title='bbox 1024 2736 1261 2803; x_wconf 87' lang='grc' dir='ltr'>Κύριος,</span> <span class='ocrx_word' id='word_1_220' title='bbox 1295 2735 1386 2789; x_wconf 82' lang='grc' dir='ltr'>ὅτι</span> <span class='ocrx_word' id='word_1_221' title='bbox 1407 2736 1482 2789; x_wconf 87' lang='grc' dir='ltr'><strong>οὐ</strong></span> <span class='ocrx_word' id='word_1_222' title='bbox 1507 2735 1809 2804; x_wconf 74' lang='grc' dir='ltr'>βούλομαι</span> <span class='ocrx_word' id='word_1_223' title='bbox 1828 2734 1936 2787; x_wconf 79' lang='grc' dir='ltr'><strong>τὸν</strong></span> 
     </span>
    </p>
   </div>
   <div class='ocr_carea' id='block_1_32' title="bbox 356 2823 1936 2895">
    <p class='ocr_par' dir='ltr' id='par_1_32' title="bbox 356 2823 1936 2895">
     <span class='ocr_line' id='line_1_32' title="bbox 356 2823 1936 2895; baseline -0.003 -14"><span class='ocrx_word' id='word_1_224' title='bbox 356 2825 620 2881; x_wconf 73' lang='grc' dir='ltr'>θάνατον</span> <span class='ocrx_word' id='word_1_225' title='bbox 656 2825 765 2880; x_wconf 82' lang='grc' dir='ltr'>τοῦ</span> <span class='ocrx_word' id='word_1_226' title='bbox 820 2823 1198 2895; x_wconf 79' lang='grc' dir='ltr'>ἀμαρτωλοῦ,</span> <span class='ocrx_word' id='word_1_227' title='bbox 1229 2824 1310 2890; x_wconf 84' lang='grc' dir='ltr'><strong>ὡς</strong></span> <span class='ocrx_word' id='word_1_228' title='bbox 1341 2824 1409 2878; x_wconf 82' lang='grc' dir='ltr'>τὸ</span> <span class='ocrx_word' id='word_1_229' title='bbox 1444 2823 1803 2893; x_wconf 74' lang='grc' dir='ltr'>ἐπιστρέψαι</span> <span class='ocrx_word' id='word_1_230' title='bbox 1836 2823 1936 2878; x_wconf 79' lang='grc' dir='ltr'><strong>καί</strong></span> 
     </span>
    </p>
   </div>
   <div class='ocr_carea' id='block_1_33' title="bbox 355 2913 705 2988">
    <p class='ocr_par' dir='ltr' id='par_1_33' title="bbox 355 2913 705 2988">
     <span class='ocr_line' id='line_1_33' title="bbox 355 2913 705 2988; baseline -0.003 -16"><span class='ocrx_word' id='word_1_231' title='bbox 355 2913 467 2988; x_wconf 69' lang='grc' dir='ltr'><strong>(ἦν</strong></span> <span class='ocrx_word' id='word_1_232' title='bbox 494 2917 705 2972; x_wconf 76' lang='grc' dir='ltr'>αὐτόν.</span> 
     </span>
    </p>
   </div>
   <div class='ocr_carea' id='block_1_34' title="bbox 532 3027 1755 3100">
    <p class='ocr_par' dir='ltr' id='par_1_34' title="bbox 532 3027 1755 3100">
     <span class='ocr_line' id='line_1_34' title="bbox 532 3027 1755 3100; baseline 0.001 -16"><span class='ocrx_word' id='word_1_233' title='bbox 532 3031 676 3100; x_wconf 79' lang='grc' dir='ltr'>Περὶ</span> <span class='ocrx_word' id='word_1_234' title='bbox 708 3030 817 3085; x_wconf 86' lang='grc' dir='ltr'>τοῦ</span> <span class='ocrx_word' id='word_1_235' title='bbox 861 3028 1012 3086; x_wconf 79' lang='grc' dir='ltr'><strong>ἁϐϐἇ</strong></span> <span class='ocrx_word' id='word_1_236' title='bbox 1048 3029 1276 3098; x_wconf 83' lang='grc' dir='ltr'>Πέτρου</span> <span class='ocrx_word' id='word_1_237' title='bbox 1308 3031 1415 3088; x_wconf 82' lang='grc' dir='ltr'>τοῦ</span> <span class='ocrx_word' id='word_1_238' title='bbox 1446 3027 1567 3084; x_wconf 76' lang='grc' dir='ltr'>τῶν</span> <span class='ocrx_word' id='word_1_239' title='bbox 1593 3028 1755 3085; x_wconf 79' lang='grc' dir='ltr'>Δίου.</span> 
     </span>
    </p>
   </div>
   <div class='ocr_carea' id='block_1_35' title="bbox 428 3140 1938 3215">
    <p class='ocr_par' dir='ltr' id='par_1_35' title="bbox 428 3140 1938 3215">
     <span class='ocr_line' id='line_1_35' title="bbox 428 3140 1938 3215; baseline 0 -20"><span class='ocrx_word' id='word_1_240' title='bbox 428 3141 640 3215; x_wconf 78' lang='grc' dir='ltr'>Πέτρος</span> <span class='ocrx_word' id='word_1_241' title='bbox 681 3143 711 3196; x_wconf 90' lang='grc' dir='ltr'><strong>ό</strong></span> <span class='ocrx_word' id='word_1_242' title='bbox 751 3140 860 3195; x_wconf 85' lang='grc' dir='ltr'><strong>τῶν</strong></span> <span class='ocrx_word' id='word_1_243' title='bbox 900 3142 1024 3195; x_wconf 87' lang='grc' dir='ltr'>Δίου</span> <span class='ocrx_word' id='word_1_244' title='bbox 1068 3141 1458 3213; x_wconf 81' lang='grc' dir='ltr'>πρεσὸύτερος,</span> <span class='ocrx_word' id='word_1_245' title='bbox 1516 3141 1702 3196; x_wconf 86' lang='grc' dir='ltr'>εῐποτε</span> <span class='ocrx_word' id='word_1_246' title='bbox 1739 3140 1938 3214; x_wconf 77' lang='grc' dir='ltr'>ηὔχετο</span> 
     </span>
    </p>
   </div>
   <div class='ocr_carea' id='block_1_36' title="bbox 361 3232 1937 3305">
    <p class='ocr_par' dir='ltr' id='par_1_36' title="bbox 361 3232 1937 3305">
     <span class='ocr_line' id='line_1_36' title="bbox 361 3232 1937 3305; baseline -0.001 -17"><span class='ocrx_word' id='word_1_247' title='bbox 361 3235 502 3305; x_wconf 84' lang='grc' dir='ltr'>μετά</span> <span class='ocrx_word' id='word_1_248' title='bbox 550 3251 734 3298; x_wconf 89' lang='grc' dir='ltr'>τινων,</span> <span class='ocrx_word' id='word_1_249' title='bbox 786 3233 973 3305; x_wconf 79' lang='grc' dir='ltr'>ἐπειδὴ</span> <span class='ocrx_word' id='word_1_250' title='bbox 1010 3233 1098 3287; x_wconf 80' lang='grc' dir='ltr'><strong>διὰ</strong></span> <span class='ocrx_word' id='word_1_251' title='bbox 1141 3233 1238 3305; x_wconf 79' lang='grc' dir='ltr'>τὴν</span> <span class='ocrx_word' id='word_1_252' title='bbox 1294 3232 1591 3305; x_wconf 75' lang='grc' dir='ltr'>ἱερωσύνην</span> <span class='ocrx_word' id='word_1_253' title='bbox 1628 3233 1937 3305; x_wconf 76' lang='grc' dir='ltr'>ἔμπροσθεν</span> 
     </span>
    </p>
   </div>
   <div class='ocr_carea' id='block_1_37' title="bbox 358 3323 1938 3396">
    <p class='ocr_par' dir='ltr' id='par_1_37' title="bbox 358 3323 1938 3396">
     <span class='ocr_line' id='line_1_37' title="bbox 358 3323 1938 3396; baseline -0.003 -16"><span class='ocrx_word' id='word_1_254' title='bbox 358 3325 615 3380; x_wconf 73' lang='grc' dir='ltr'>ἵστασθαι</span> <span class='ocrx_word' id='word_1_255' title='bbox 665 3323 1003 3395; x_wconf 74' lang='grc' dir='ltr'>ἠναγκάζετο</span> <span class='ocrx_word' id='word_1_256' title='bbox 1026 3363 1043 3388; x_wconf 92' lang='grc'><strong>,</strong></span> <span class='ocrx_word' id='word_1_257' title='bbox 1110 3326 1176 3395; x_wconf 83' lang='grc' dir='ltr'><strong>τῇ</strong></span> <span class='ocrx_word' id='word_1_258' title='bbox 1227 3323 1694 3396; x_wconf 81' lang='grc' dir='ltr'>ταπεινοφροσύνῃ</span> <span class='ocrx_word' id='word_1_259' title='bbox 1746 3323 1938 3378; x_wconf 80' lang='grc' dir='ltr'>ἑαυτὸν</span> 
     </span>
    </p>
   </div>
   <div class='ocr_carea' id='block_1_38' title="bbox 354 3413 1941 3486">
    <p class='ocr_par' dir='ltr' id='par_1_38' title="bbox 354 3413 1941 3486">
     <span class='ocr_line' id='line_1_38' title="bbox 354 3413 1941 3486; baseline -0.002 -16"><span class='ocrx_word' id='word_1_260' title='bbox 354 3418 536 3471; x_wconf 82' lang='grc' dir='ltr'>ὀπίσω</span> <span class='ocrx_word' id='word_1_261' title='bbox 556 3417 680 3470; x_wconf 81' lang='grc' dir='ltr'>ῐστα</span> <span class='ocrx_word' id='word_1_262' title='bbox 706 3413 1213 3486; x_wconf 81' lang='grc' dir='ltr'>ἐξομολογούμενος·</span> <span class='ocrx_word' id='word_1_263' title='bbox 1238 3416 1312 3479; x_wconf 84' lang='grc' dir='ltr'>ὡς</span> <span class='ocrx_word' id='word_1_264' title='bbox 1331 3418 1409 3478; x_wconf 83' lang='grc' dir='ltr'><strong>εἰς</strong></span> <span class='ocrx_word' id='word_1_265' title='bbox 1424 3416 1518 3469; x_wconf 79' lang='grc' dir='ltr'>τὸν</span> <span class='ocrx_word' id='word_1_266' title='bbox 1536 3415 1648 3486; x_wconf 89' lang='grc' dir='ltr'>βίον</span> <span class='ocrx_word' id='word_1_267' title='bbox 1678 3413 1771 3469; x_wconf 89' lang='grc' dir='ltr'>τοῦ</span> <span class='ocrx_word' id='word_1_268' title='bbox 1795 3414 1941 3468; x_wconf 76' lang='grc' dir='ltr'><strong>ἀόϐᾱ</strong></span> 
     </span>
    </p>
   </div>
   <div class='ocr_carea' id='block_1_39' title="bbox 370 3504 1935 3580">
    <p class='ocr_par' dir='ltr' id='par_1_39' title="bbox 370 3504 1935 3580">
     <span class='ocr_line' id='line_1_39' title="bbox 370 3504 1935 3580; baseline -0.001 -18"><span class='ocrx_word' id='word_1_269' title='bbox 370 3508 661 3563; x_wconf 78' lang='grc' dir='ltr'>Ἀντωνίου</span> <span class='ocrx_word' id='word_1_270' title='bbox 685 3506 1013 3580; x_wconf 82' lang='grc' dir='ltr'>γέγραπται.</span> <span class='ocrx_word' id='word_1_271' title='bbox 1043 3507 1213 3560; x_wconf 89' lang='grc' dir='ltr'>Τοῦτο</span> <span class='ocrx_word' id='word_1_272' title='bbox 1248 3506 1442 3571; x_wconf 79' lang='grc' dir='ltr'>ἐποίει,</span> <span class='ocrx_word' id='word_1_273' title='bbox 1479 3506 1683 3577; x_wconf 73' lang='grc' dir='ltr'>μηδένα</span> <span class='ocrx_word' id='word_1_274' title='bbox 1729 3504 1935 3560; x_wconf 87' lang='grc' dir='ltr'>λυπῶν.</span> 
     </span>
    </p>
   </div>
   <div class='ocr_carea' id='block_1_40' title="bbox 812 3614 1494 3690">
    <p class='ocr_par' dir='ltr' id='par_1_40' title="bbox 812 3614 1494 3690">
     <span class='ocr_line' id='line_1_40' title="bbox 812 3614 1494 3690; baseline -0.001 -19"><span class='ocrx_word' id='word_1_275' title='bbox 812 3617 980 3690; x_wconf 79' lang='grc' dir='ltr'><strong>Ἀρχὴ</strong></span> <span class='ocrx_word' id='word_1_276' title='bbox 1007 3615 1102 3670; x_wconf 88' lang='grc' dir='ltr'>τοῦ</span> <span class='ocrx_word' id='word_1_277' title='bbox 1128 3614 1169 3669; x_wconf 88' lang='grc' dir='ltr'>Ρ</span> <span class='ocrx_word' id='word_1_278' title='bbox 1205 3615 1494 3686; x_wconf 85' lang='grc' dir='ltr'>στοιχείου.</span> 
     </span>
    </p>
   </div>
   <div class='ocr_carea' id='block_1_41' title="bbox 677 3723 1621 3795">
    <p class='ocr_par' dir='ltr' id='par_1_41' title="bbox 677 3723 1621 3795">
     <span class='ocr_line' id='line_1_41' title="bbox 677 3723 1621 3795; baseline -0.003 -15"><span class='ocrx_word' id='word_1_279' title='bbox 677 3726 821 3795; x_wconf 75' lang='grc' dir='ltr'>Περὶ</span> <span class='ocrx_word' id='word_1_280' title='bbox 843 3725 951 3780; x_wconf 85' lang='grc' dir='ltr'>τοῦ</span> <span class='ocrx_word' id='word_1_281' title='bbox 979 3724 1127 3781; x_wconf 77' lang='grc' dir='ltr'><strong>ἀὸὄᾶ</strong></span> <span class='ocrx_word' id='word_1_282' title='bbox 1164 3723 1271 3779; x_wconf 82' lang='grc' dir='ltr'>τοῦ</span> <span class='ocrx_word' id='word_1_283' title='bbox 1315 3724 1621 3793; x_wconf 82' lang='grc' dir='ltr'>Ῥωμαίου.</span> 
     </span>
    </p>
   </div>
   <div class='ocr_carea' id='block_1_42' title="bbox 427 3832 1942 3911">
    <p class='ocr_par' dir='ltr' id='par_1_42' title="bbox 427 3832 1942 3911">
     <span class='ocr_line' id='line_1_42' title="bbox 427 3832 1942 3911; baseline -0.005 -18"><span class='ocrx_word' id='word_1_284' title='bbox 427 3845 500 3895; x_wconf 82' lang='grc' dir='ltr'>α’.</span> <span class='ocrx_word' id='word_1_285' title='bbox 527 3832 697 3894; x_wconf 82' lang='grc' dir='ltr'>Ἧλθέ</span> <span class='ocrx_word' id='word_1_286' title='bbox 724 3856 854 3893; x_wconf 89' lang='grc' dir='ltr'>ποτε</span> <span class='ocrx_word' id='word_1_287' title='bbox 902 3838 1134 3911; x_wconf 81' lang='grc' dir='ltr'>μοναχός</span> <span class='ocrx_word' id='word_1_288' title='bbox 1160 3855 1245 3901; x_wconf 92' lang='grc' dir='ltr'><strong>τις</strong></span> <span class='ocrx_word' id='word_1_289' title='bbox 1291 3836 1556 3907; x_wconf 84' lang='grc' dir='ltr'>Ῥωμαῖος</span> <span class='ocrx_word' id='word_1_290' title='bbox 1581 3834 1648 3898; x_wconf 80' lang='grc'><strong>⁸⁸,</strong></span> <span class='ocrx_word' id='word_1_291' title='bbox 1672 3833 1767 3887; x_wconf 83' lang='grc' dir='ltr'>καὶ</span> <span class='ocrx_word' id='word_1_292' title='bbox 1797 3832 1942 3904; x_wconf 79' lang='grc' dir='ltr'>ᾠκη-</span> 
     </span>
    </p>
   </div>
   <div class='ocr_carea' id='block_1_43' title="bbox 360 3920 1941 4001">
    <p class='ocr_par' dir='ltr' id='par_1_43' title="bbox 360 3920 1941 4001">
     <span class='ocr_line' id='line_1_43' title="bbox 360 3920 1941 4001; baseline -0.006 -16"><span class='ocrx_word' id='word_1_293' title='bbox 360 3948 458 3985; x_wconf 82' lang='grc' dir='ltr'><strong>σεν</strong></span> <span class='ocrx_word' id='word_1_294' title='bbox 496 3932 554 3983; x_wconf 83' lang='grc' dir='ltr'><strong>ἐν</strong></span> <span class='ocrx_word' id='word_1_295' title='bbox 591 3931 787 4001; x_wconf 85' lang='grc' dir='ltr'>Σκήτει</span> <span class='ocrx_word' id='word_1_296' title='bbox 821 3929 1118 4000; x_wconf 86' lang='grc' dir='ltr'>ἐγγύτερον</span> <span class='ocrx_word' id='word_1_297' title='bbox 1139 3928 1239 3998; x_wconf 86' lang='grc' dir='ltr'>τῆς</span> <span class='ocrx_word' id='word_1_298' title='bbox 1258 3926 1587 3997; x_wconf 87' lang='grc' dir='ltr'>ἐκκλησίας·</span> <span class='ocrx_word' id='word_1_299' title='bbox 1617 3920 1731 3995; x_wconf 78' lang='grc' dir='ltr'>εἶχε</span> <span class='ocrx_word' id='word_1_300' title='bbox 1764 3924 1820 3977; x_wconf 84' lang='grc' dir='ltr'>δὲ</span> <span class='ocrx_word' id='word_1_301' title='bbox 1847 3923 1941 3976; x_wconf 76' lang='grc' dir='ltr'><strong>καὶ</strong></span> 
     </span>
    </p>
   </div>
   <div class='ocr_carea' id='block_1_44' title="bbox 360 4012 1943 4093">
    <p class='ocr_par' dir='ltr' id='par_1_44' title="bbox 360 4012 1943 4093">
     <span class='ocr_line' id='line_1_44' title="bbox 360 4012 1943 4093; baseline -0.008 -16"><span class='ocrx_word' id='word_1_302' title='bbox 360 4024 457 4078; x_wconf 79' lang='grc' dir='ltr'><strong>ἐνα</strong></span> <span class='ocrx_word' id='word_1_303' title='bbox 487 4021 673 4076; x_wconf 78' lang='grc' dir='ltr'>δοῦλον</span> <span class='ocrx_word' id='word_1_304' title='bbox 699 4021 1074 4093; x_wconf 81' lang='grc' dir='ltr'>ὑπηρετοῦντα</span> <span class='ocrx_word' id='word_1_305' title='bbox 1103 4020 1272 4091; x_wconf 78' lang='grc' dir='ltr'>αὐτῷ.</span> <span class='ocrx_word' id='word_1_306' title='bbox 1322 4017 1468 4072; x_wconf 85' lang='grc' dir='ltr'>Ἰδὼν</span> <span class='ocrx_word' id='word_1_307' title='bbox 1497 4017 1611 4071; x_wconf 65' lang='grc' dir='ltr'>δὲηό</span> <span class='ocrx_word' id='word_1_308' title='bbox 1644 4012 1943 4085; x_wconf 67' lang='grc' dir='ltr'><strong>πρεσόύειτε⁴</strong></span> 
     </span>
    </p>
   </div>
   <div class='ocr_carea' id='block_1_45' title="bbox 364 4106 1940 4187">
    <p class='ocr_par' dir='ltr' id='par_1_45' title="bbox 364 4106 1940 4187">
     <span class='ocr_line' id='line_1_45' title="bbox 364 4106 1940 4187; baseline -0.006 -20"><span class='ocrx_word' id='word_1_309' title='bbox 364 4131 459 4187; x_wconf 87' lang='grc' dir='ltr'><strong>ρος</strong></span> <span class='ocrx_word' id='word_1_310' title='bbox 484 4113 581 4184; x_wconf 78' lang='grc' dir='ltr'>τὴν</span> <span class='ocrx_word' id='word_1_311' title='bbox 625 4112 907 4166; x_wconf 79' lang='grc' dir='ltr'>ἀσθένειαν</span> <span class='ocrx_word' id='word_1_312' title='bbox 946 4110 1134 4177; x_wconf 85' lang='grc' dir='ltr'>αὑτοῦ,</span> <span class='ocrx_word' id='word_1_313' title='bbox 1170 4112 1266 4165; x_wconf 73' lang='grc' dir='ltr'><strong>καί⁵</strong></span> <span class='ocrx_word' id='word_1_314' title='bbox 1302 4108 1487 4181; x_wconf 86' lang='grc' dir='ltr'>μαθὼν</span> <span class='ocrx_word' id='word_1_315' title='bbox 1519 4109 1584 4161; x_wconf 83' lang='grc' dir='ltr'><strong>ἐκ</strong></span> <span class='ocrx_word' id='word_1_316' title='bbox 1617 4106 1775 4169; x_wconf 91' lang='grc' dir='ltr'>ποίας</span> <span class='ocrx_word' id='word_1_317' title='bbox 1808 4107 1940 4158; x_wconf 87' lang='grc' dir='ltr'>ἀνα-</span> 
     </span>
    </p>
   </div>
   <div class='ocr_carea' id='block_1_46' title="bbox 363 4193 1940 4272">
    <p class='ocr_par' dir='ltr' id='par_1_46' title="bbox 363 4193 1940 4272">
     <span class='ocr_line' id='line_1_46' title="bbox 363 4193 1940 4272; baseline -0.007 -15"><span class='ocrx_word' id='word_1_318' title='bbox 363 4202 618 4267; x_wconf 72' lang='grc' dir='ltr'>παύσεώς</span> <span class='ocrx_word' id='word_1_319' title='bbox 643 4204 810 4268; x_wconf 80' lang='grc' dir='ltr'>ἐστιν,</span> <span class='ocrx_word' id='word_1_320' title='bbox 836 4202 887 4255; x_wconf 81' lang='grc' dir='ltr'>ετ</span> <span class='ocrx_word' id='word_1_321' title='bbox 924 4218 976 4254; x_wconf 89' lang='grc' dir='ltr'><strong>τι</strong></span> <span class='ocrx_word' id='word_1_322' title='bbox 1010 4201 1060 4233; x_wconf 76' lang='grc'><strong>⁸⁸</strong></span> <span class='ocrx_word' id='word_1_323' title='bbox 1088 4200 1357 4272; x_wconf 81' lang='grc' dir='ltr'>ᾠκονόμει</span> <span class='ocrx_word' id='word_1_324' title='bbox 1390 4198 1485 4251; x_wconf 72' lang='grc' dir='ltr'>καὶ</span> <span class='ocrx_word' id='word_1_325' title='bbox 1512 4198 1711 4268; x_wconf 80' lang='grc' dir='ltr'>ήρχετο</span> <span class='ocrx_word' id='word_1_326' title='bbox 1739 4196 1819 4258; x_wconf 88' lang='grc' dir='ltr'><strong>εἰς</strong></span> <span class='ocrx_word' id='word_1_327' title='bbox 1841 4193 1940 4265; x_wconf 84' lang='grc' dir='ltr'>τὴν</span> 
     </span>
    </p>
   </div>
   <div class='ocr_carea' id='block_1_47' title="bbox 2041 456 3608 529">
    <p class='ocr_par' dir='ltr' id='par_1_47' title="bbox 2041 456 3608 529">
     <span class='ocr_line' id='line_1_47' title="bbox 2041 456 3608 529; baseline 0.004 -24"><span class='ocrx_word' id='word_1_328' title='bbox 2041 462 2197 508; x_wconf 86' lang='lat' dir='ltr'><strong>turus</strong></span> <span class='ocrx_word' id='word_1_329' title='bbox 2239 470 2393 521; x_wconf 84' lang='lat' dir='ltr'><strong>sum;</strong></span> <span class='ocrx_word' id='word_1_330' title='bbox 2428 456 2521 509; x_wconf 89' lang='lat' dir='ltr'><strong>sed</strong></span> <span class='ocrx_word' id='word_1_331' title='bbox 2554 456 2807 511; x_wconf 86' lang='lat' dir='ltr'><strong>renuntio</strong></span> <span class='ocrx_word' id='word_1_332' title='bbox 2840 459 2988 512; x_wconf 92' lang='lat' dir='ltr'><strong>omni</strong></span> <span class='ocrx_word' id='word_1_333' title='bbox 3030 460 3337 529; x_wconf 75' lang='lat' dir='ltr'><strong>iniquitati;</strong></span> <span class='ocrx_word' id='word_1_334' title='bbox 3371 458 3608 516; x_wconf 84' lang='lat' dir='ltr'><strong>serviam</strong></span> 
     </span>
    </p>
   </div>
   <div class='ocr_carea' id='block_1_48' title="bbox 2039 544 3607 616">
    <p class='ocr_par' dir='ltr' id='par_1_48' title="bbox 2039 544 3607 616">
     <span class='ocr_line' id='line_1_48' title="bbox 2039 544 3607 616; baseline 0.003 -18"><span class='ocrx_word' id='word_1_335' title='bbox 2039 545 2139 599; x_wconf 87' lang='lat' dir='ltr'><strong>tibi</strong></span> <span class='ocrx_word' id='word_1_336' title='bbox 2161 544 2272 614; x_wconf 89' lang='lat' dir='ltr'><strong>jam</strong></span> <span class='ocrx_word' id='word_1_337' title='bbox 2295 545 2419 600; x_wconf 91' lang='lat' dir='ltr'><strong>inde</strong></span> <span class='ocrx_word' id='word_1_338' title='bbox 2444 560 2567 599; x_wconf 89' lang='lat' dir='ltr'><strong>cum</strong></span> <span class='ocrx_word' id='word_1_339' title='bbox 2591 562 2727 616; x_wconf 89' lang='lat' dir='ltr'><strong>pura</strong></span> <span class='ocrx_word' id='word_1_340' title='bbox 2749 548 3101 602; x_wconf 83' lang='lat' dir='ltr'><strong>conscientia.</strong></span> <span class='ocrx_word' id='word_1_341' title='bbox 3138 548 3329 612; x_wconf 90' lang='lat' dir='ltr'><strong>Hodie,</strong></span> <span class='ocrx_word' id='word_1_342' title='bbox 3354 547 3607 613; x_wconf 91' lang='lat' dir='ltr'><strong>Domine,</strong></span> 
     </span>
    </p>
   </div>
   <div class='ocr_carea' id='block_1_49' title="bbox 2040 637 3611 709">
    <p class='ocr_par' dir='ltr' id='par_1_49' title="bbox 2040 637 3611 709">
     <span class='ocr_line' id='line_1_49' title="bbox 2040 637 3611 709; baseline 0.004 -21"><span class='ocrx_word' id='word_1_343' title='bbox 2040 643 2202 705; x_wconf 88' lang='lat' dir='ltr'><strong>atque</strong></span> <span class='ocrx_word' id='word_1_344' title='bbox 2236 652 2302 691; x_wconf 83' lang='lat' dir='ltr'><strong>ex</strong></span> <span class='ocrx_word' id='word_1_345' title='bbox 2348 637 2448 691; x_wconf 89' lang='lat' dir='ltr'><strong>hac</strong></span> <span class='ocrx_word' id='word_1_346' title='bbox 2486 637 2643 706; x_wconf 89' lang='lat' dir='ltr'><strong>hora,</strong></span> <span class='ocrx_word' id='word_1_347' title='bbox 2690 639 2907 709; x_wconf 80' lang='lat' dir='ltr'><strong>suscipe</strong></span> <span class='ocrx_word' id='word_1_348' title='bbox 2944 654 3030 694; x_wconf 85' lang='lat' dir='ltr'><strong>me</strong></span> <span class='ocrx_word' id='word_1_349' title='bbox 3070 640 3441 708; x_wconf 74' lang='lat' dir='ltr'><strong>pmnitentem,</strong></span> <span class='ocrx_word' id='word_1_350' title='bbox 3485 655 3611 709; x_wconf 91' lang='lat' dir='ltr'><strong>pro-</strong></span> 
     </span>
    </p>
   </div>
   <div class='ocr_carea' id='block_1_50' title="bbox 2040 730 3610 801">
    <p class='ocr_par' dir='ltr' id='par_1_50' title="bbox 2040 730 3610 801">
     <span class='ocr_line' id='line_1_50' title="bbox 2040 730 3610 801; baseline 0.001 -18"><span class='ocrx_word' id='word_1_351' title='bbox 2040 737 2267 783; x_wconf 73' lang='lat' dir='ltr'><strong>stratam</strong></span> <span class='ocrx_word' id='word_1_352' title='bbox 2302 744 2485 783; x_wconf 90' lang='lat' dir='ltr'><strong>coram</strong></span> <span class='ocrx_word' id='word_1_353' title='bbox 2518 739 2589 794; x_wconf 89' lang='lat' dir='ltr'><strong>te,</strong></span> <span class='ocrx_word' id='word_1_354' title='bbox 2620 730 2713 801; x_wconf 87' lang='lat' dir='ltr'><strong>qui</strong></span> <span class='ocrx_word' id='word_1_355' title='bbox 2745 731 3004 800; x_wconf 86' lang='lat' dir='ltr'><strong>deinceps</strong></span> <span class='ocrx_word' id='word_1_356' title='bbox 3034 732 3384 785; x_wconf 86' lang='lat' dir='ltr'><strong>abstenturus</strong></span> <span class='ocrx_word' id='word_1_357' title='bbox 3413 731 3515 786; x_wconf 90' lang='lat' dir='ltr'><strong>sim</strong></span> <span class='ocrx_word' id='word_1_358' title='bbox 3541 731 3610 784; x_wconf 90' lang='lat' dir='ltr'><strong>ab</strong></span> 
     </span>
    </p>
   </div>
   <div class='ocr_carea' id='block_1_51' title="bbox 2040 819 3610 891">
    <p class='ocr_par' dir='ltr' id='par_1_51' title="bbox 2040 819 3610 891">
     <span class='ocr_line' id='line_1_51' title="bbox 2040 819 3610 891; baseline 0.001 -17"><span class='ocrx_word' id='word_1_359' title='bbox 2040 821 2187 874; x_wconf 91' lang='lat' dir='ltr'><strong>omni</strong></span> <span class='ocrx_word' id='word_1_360' title='bbox 2229 819 2448 875; x_wconf 91' lang='lat' dir='ltr'><strong>delicto.</strong></span> <span class='ocrx_word' id='word_1_361' title='bbox 2481 820 2618 875; x_wconf 89' lang='lat' dir='ltr'><strong>Cum</strong></span> <span class='ocrx_word' id='word_1_362' title='bbox 2658 822 2766 885; x_wconf 89' lang='lat' dir='ltr'><strong>his,</strong></span> <span class='ocrx_word' id='word_1_363' title='bbox 2797 822 2997 891; x_wconf 87' lang='lat' dir='ltr'><strong>inquit,</strong></span> <span class='ocrx_word' id='word_1_364' title='bbox 3028 822 3316 891; x_wconf 87' lang='lat' dir='ltr'><strong>promissis</strong></span> <span class='ocrx_word' id='word_1_365' title='bbox 3352 838 3610 891; x_wconf 82' lang='lat' dir='ltr'><strong>egressus</strong></span> 
     </span>
    </p>
   </div>
   <div class='ocr_carea' id='block_1_52' title="bbox 2039 914 3609 978">
    <p class='ocr_par' dir='ltr' id='par_1_52' title="bbox 2039 914 3609 978">
     <span class='ocr_line' id='line_1_52' title="bbox 2039 914 3609 978; baseline 0 -9"><span class='ocrx_word' id='word_1_366' title='bbox 2039 929 2160 969; x_wconf 90' lang='lat' dir='ltr'><strong>sum</strong></span> <span class='ocrx_word' id='word_1_367' title='bbox 2194 914 2263 968; x_wconf 88' lang='lat' dir='ltr'><strong>ab</strong></span> <span class='ocrx_word' id='word_1_368' title='bbox 2292 914 2547 978; x_wconf 88' lang='lat' dir='ltr'><strong>ecclesia,</strong></span> <span class='ocrx_word' id='word_1_369' title='bbox 2585 915 2887 969; x_wconf 86' lang='lat' dir='ltr'><strong>decernens</strong></span> <span class='ocrx_word' id='word_1_370' title='bbox 2920 914 3104 969; x_wconf 90' lang='lat' dir='ltr'><strong>animo</strong></span> <span class='ocrx_word' id='word_1_371' title='bbox 3136 928 3295 978; x_wconf 91' lang='lat' dir='ltr'><strong>meo,</strong></span> <span class='ocrx_word' id='word_1_372' title='bbox 3340 930 3446 969; x_wconf 91' lang='lat' dir='ltr'><strong>non</strong></span> <span class='ocrx_word' id='word_1_373' title='bbox 3489 931 3609 969; x_wconf 90' lang='lat' dir='ltr'><strong>am-</strong></span> 
     </span>
    </p>
   </div>
   <div class='ocr_carea' id='block_1_53' title="bbox 2040 1004 3609 1076">
    <p class='ocr_par' dir='ltr' id='par_1_53' title="bbox 2040 1004 3609 1076">
     <span class='ocr_line' id='line_1_53' title="bbox 2040 1004 3609 1076; baseline 0.001 -19"><span class='ocrx_word' id='word_1_374' title='bbox 2040 1005 2184 1075; x_wconf 89' lang='lat' dir='ltr'><strong>plius</strong></span> <span class='ocrx_word' id='word_1_375' title='bbox 2222 1005 2503 1076; x_wconf 85' lang='lat' dir='ltr'><strong>quidpiam</strong></span> <span class='ocrx_word' id='word_1_376' title='bbox 2543 1006 2670 1059; x_wconf 91' lang='lat' dir='ltr'><strong>mali</strong></span> <span class='ocrx_word' id='word_1_377' title='bbox 2710 1007 3054 1060; x_wconf 86' lang='lat' dir='ltr'><strong>committere</strong></span> <span class='ocrx_word' id='word_1_378' title='bbox 3078 1006 3131 1059; x_wconf 93' lang='lat' dir='ltr'><strong>in</strong></span> <span class='ocrx_word' id='word_1_379' title='bbox 3160 1014 3462 1075; x_wconf 87' lang='lat' dir='ltr'><strong>conspectu</strong></span> <span class='ocrx_word' id='word_1_380' title='bbox 3490 1004 3609 1060; x_wconf 89' lang='lat' dir='ltr'><strong>Dei.</strong></span> 
     </span>
    </p>
   </div>
   <div class='ocr_carea' id='block_1_54' title="bbox 2040 1095 3612 1162">
    <p class='ocr_par' dir='ltr' id='par_1_54' title="bbox 2040 1095 3612 1162">
     <span class='ocr_line' id='line_1_54' title="bbox 2040 1095 3612 1162; baseline -0.001 -11"><span class='ocrx_word' id='word_1_381' title='bbox 2040 1096 2171 1162; x_wconf 70' lang='lat' dir='ltr'><strong>Quae</strong></span> <span class='ocrx_word' id='word_1_382' title='bbox 2203 1112 2326 1151; x_wconf 93' lang='lat' dir='ltr'><strong>cum</strong></span> <span class='ocrx_word' id='word_1_383' title='bbox 2363 1096 2668 1153; x_wconf 89' lang='lat' dir='ltr'><strong>audiissent</strong></span> <span class='ocrx_word' id='word_1_384' title='bbox 2702 1096 2909 1160; x_wconf 88' lang='lat' dir='ltr'><strong>cuncti,</strong></span> <span class='ocrx_word' id='word_1_385' title='bbox 2954 1110 3058 1149; x_wconf 89' lang='lat' dir='ltr'><strong>una</strong></span> <span class='ocrx_word' id='word_1_386' title='bbox 3100 1110 3236 1149; x_wconf 88' lang='lat' dir='ltr'><strong>voce</strong></span> <span class='ocrx_word' id='word_1_387' title='bbox 3269 1095 3612 1150; x_wconf 81' lang='lat' dir='ltr'><strong>exclamave—</strong></span> 
     </span>
    </p>
   </div>
   <div class='ocr_carea' id='block_1_55' title="bbox 2039 1188 3607 1259">
    <p class='ocr_par' dir='ltr' id='par_1_55' title="bbox 2039 1188 3607 1259">
     <span class='ocr_line' id='line_1_55' title="bbox 2039 1188 3607 1259; baseline -0.002 -15"><span class='ocrx_word' id='word_1_388' title='bbox 2039 1197 2169 1244; x_wconf 85' lang='lat' dir='ltr'><strong>runt</strong></span> <span class='ocrx_word' id='word_1_389' title='bbox 2206 1189 2272 1243; x_wconf 90' lang='lat' dir='ltr'><strong>ad</strong></span> <span class='ocrx_word' id='word_1_390' title='bbox 2303 1188 2507 1244; x_wconf 87' lang='lat' dir='ltr'><strong>Deum:</strong></span> <span class='ocrx_word' id='word_1_391' title='bbox 2536 1188 2707 1256; x_wconf 85' lang='lat' dir='ltr'><strong>Quam</strong></span> <span class='ocrx_word' id='word_1_392' title='bbox 2736 1190 3081 1259; x_wconf 76' lang='lat' dir='ltr'><strong>magniﬁcam</strong></span> <span class='ocrx_word' id='word_1_393' title='bbox 3124 1197 3246 1243; x_wconf 83' lang='lat' dir='ltr'><strong>sunt</strong></span> <span class='ocrx_word' id='word_1_394' title='bbox 3279 1203 3436 1256; x_wconf 82' lang='lat' dir='ltr'><strong>opera</strong></span> <span class='ocrx_word' id='word_1_395' title='bbox 3479 1197 3607 1251; x_wconf 79' lang='lat' dir='ltr'><strong>tua,</strong></span> 
     </span>
    </p>
   </div>
   <div class='ocr_carea' id='block_1_56' title="bbox 2038 1279 3612 1351">
    <p class='ocr_par' dir='ltr' id='par_1_56' title="bbox 2038 1279 3612 1351">
     <span class='ocr_line' id='line_1_56' title="bbox 2038 1279 3612 1351; baseline -0.001 -17"><span class='ocrx_word' id='word_1_396' title='bbox 2038 1280 2300 1335; x_wconf 78' lang='lat' dir='ltr'><strong>Domine!</strong></span> <span class='ocrx_word' id='word_1_397' title='bbox 2346 1279 2539 1336; x_wconf 88' lang='lat' dir='ltr'><strong>Omnia</strong></span> <span class='ocrx_word' id='word_1_398' title='bbox 2586 1281 2642 1335; x_wconf 92' lang='lat' dir='ltr'><strong>in</strong></span> <span class='ocrx_word' id='word_1_399' title='bbox 2688 1281 2950 1351; x_wconf 80' lang='lat' dir='ltr'><strong>sapientia</strong></span> <span class='ocrx_word' id='word_1_400' title='bbox 2999 1281 3171 1349; x_wconf 78' lang='lat' dir='ltr'><strong>fecisti</strong></span> <span class='ocrx_word' id='word_1_401' title='bbox 3215 1280 3283 1333; x_wconf 80' lang='grc'><strong>⁸⁷.</strong></span> <span class='ocrx_word' id='word_1_402' title='bbox 3327 1279 3519 1350; x_wconf 82' lang='lat' dir='ltr'><strong>Igitur,</strong></span> <span class='ocrx_word' id='word_1_403' title='bbox 3577 1293 3612 1333; x_wconf 87' lang='grc' dir='ltr'><strong>ο</strong></span> 
     </span>
    </p>
   </div>
   <div class='ocr_carea' id='block_1_57' title="bbox 2037 1370 3613 1444">
    <p class='ocr_par' dir='ltr' id='par_1_57' title="bbox 2037 1370 3613 1444">
     <span class='ocr_line' id='line_1_57' title="bbox 2037 1370 3613 1444; baseline -0.001 -16"><span class='ocrx_word' id='word_1_404' title='bbox 2037 1372 2355 1444; x_wconf 84' lang='lat' dir='ltr'><strong>Christiani,</strong></span> <span class='ocrx_word' id='word_1_405' title='bbox 2384 1380 2777 1443; x_wconf 72' lang='lat' dir='ltr'><strong>cognoscentes</strong></span> <span class='ocrx_word' id='word_1_406' title='bbox 2799 1389 2829 1429; x_wconf 91' lang='lat' dir='ltr'><strong>e</strong></span> <span class='ocrx_word' id='word_1_407' title='bbox 2850 1373 3051 1427; x_wconf 79' lang='lat' dir='ltr'><strong>divinis</strong></span> <span class='ocrx_word' id='word_1_408' title='bbox 3074 1370 3375 1443; x_wconf 88' lang='lat' dir='ltr'><strong>Scripturis</strong></span> <span class='ocrx_word' id='word_1_409' title='bbox 3407 1371 3613 1428; x_wconf 88' lang='lat' dir='ltr'><strong>sacris-</strong></span> 
     </span>
    </p>
   </div>
   <div class='ocr_carea' id='block_1_58' title="bbox 2038 1461 3609 1535">
    <p class='ocr_par' dir='ltr' id='par_1_58' title="bbox 2038 1461 3609 1535">
     <span class='ocr_line' id='line_1_58' title="bbox 2038 1461 3609 1535; baseline -0.004 -16"><span class='ocrx_word' id='word_1_410' title='bbox 2038 1478 2145 1533; x_wconf 88' lang='lat' dir='ltr'><strong>que</strong></span> <span class='ocrx_word' id='word_1_411' title='bbox 2178 1463 2635 1530; x_wconf 89' lang='lat' dir='ltr'><strong>revelationibus,</strong></span> <span class='ocrx_word' id='word_1_412' title='bbox 2678 1472 2937 1535; x_wconf 88' lang='lat' dir='ltr'><strong>quantam</strong></span> <span class='ocrx_word' id='word_1_413' title='bbox 2972 1463 3116 1518; x_wconf 90' lang='lat' dir='ltr'><strong>Deus</strong></span> <span class='ocrx_word' id='word_1_414' title='bbox 3158 1462 3354 1517; x_wconf 89' lang='lat' dir='ltr'><strong>habeat</strong></span> <span class='ocrx_word' id='word_1_415' title='bbox 3389 1461 3609 1516; x_wconf 85' lang='lat' dir='ltr'><strong>bonita-</strong></span> 
     </span>
    </p>
   </div>
   <div class='ocr_carea' id='block_1_59' title="bbox 2040 1553 3612 1627">
    <p class='ocr_par' dir='ltr' id='par_1_59' title="bbox 2040 1553 3612 1627">
     <span class='ocr_line' id='line_1_59' title="bbox 2040 1553 3612 1627; baseline -0.002 -18"><span class='ocrx_word' id='word_1_416' title='bbox 2040 1564 2146 1612; x_wconf 87' lang='lat' dir='ltr'><strong>tem</strong></span> <span class='ocrx_word' id='word_1_417' title='bbox 2180 1568 2309 1626; x_wconf 80' lang='lat' dir='ltr'><strong>erga</strong></span> <span class='ocrx_word' id='word_1_418' title='bbox 2344 1571 2443 1612; x_wconf 91' lang='lat' dir='ltr'><strong>eos</strong></span> <span class='ocrx_word' id='word_1_419' title='bbox 2473 1556 2569 1626; x_wconf 89' lang='lat' dir='ltr'><strong>qui</strong></span> <span class='ocrx_word' id='word_1_420' title='bbox 2605 1556 2672 1611; x_wconf 88' lang='lat' dir='ltr'><strong>ad</strong></span> <span class='ocrx_word' id='word_1_421' title='bbox 2716 1557 2895 1627; x_wconf 89' lang='lat' dir='ltr'><strong>ipsum</strong></span> <span class='ocrx_word' id='word_1_422' title='bbox 2934 1556 3149 1611; x_wconf 85' lang='lat' dir='ltr'><strong>sincere</strong></span> <span class='ocrx_word' id='word_1_423' title='bbox 3181 1553 3525 1625; x_wconf 78' lang='lat' dir='ltr'><strong>confugiunt,</strong></span> <span class='ocrx_word' id='word_1_424' title='bbox 3556 1560 3612 1609; x_wconf 90' lang='lat' dir='ltr'><strong>et</strong></span> 
     </span>
    </p>
   </div>
   <div class='ocr_carea' id='block_1_60' title="bbox 2040 1641 3611 1717">
    <p class='ocr_par' dir='ltr' id='par_1_60' title="bbox 2040 1641 3611 1717">
     <span class='ocr_line' id='line_1_60' title="bbox 2040 1641 3611 1717; baseline -0.003 -17"><span class='ocrx_word' id='word_1_425' title='bbox 2040 1660 2071 1700; x_wconf 90' lang='lat' dir='ltr'><strong>a</strong></span> <span class='ocrx_word' id='word_1_426' title='bbox 2108 1645 2383 1717; x_wconf 87' lang='lat' dir='ltr'><strong>prioribus</strong></span> <span class='ocrx_word' id='word_1_427' title='bbox 2427 1645 2670 1716; x_wconf 89' lang='lat' dir='ltr'><strong>peccatis</strong></span> <span class='ocrx_word' id='word_1_428' title='bbox 2713 1646 2829 1702; x_wconf 91' lang='lat' dir='ltr'><strong>suis</strong></span> <span class='ocrx_word' id='word_1_429' title='bbox 2869 1643 3162 1701; x_wconf 88' lang='lat' dir='ltr'><strong>emendant</strong></span> <span class='ocrx_word' id='word_1_430' title='bbox 3194 1657 3253 1698; x_wconf 90' lang='lat' dir='ltr'><strong>se</strong></span> <span class='ocrx_word' id='word_1_431' title='bbox 3296 1659 3393 1713; x_wconf 90' lang='lat' dir='ltr'><strong>per</strong></span> <span class='ocrx_word' id='word_1_432' title='bbox 3432 1641 3611 1712; x_wconf 63' lang='lat' dir='ltr'><strong>paeni-</strong></span> 
     </span>
    </p>
   </div>
   <div class='ocr_carea' id='block_1_61' title="bbox 2043 1735 3610 1810">
    <p class='ocr_par' dir='ltr' id='par_1_61' title="bbox 2043 1735 3610 1810">
     <span class='ocr_line' id='line_1_61' title="bbox 2043 1735 3610 1810; baseline -0.004 -17"><span class='ocrx_word' id='word_1_433' title='bbox 2043 1739 2300 1803; x_wconf 88' lang='lat' dir='ltr'><strong>tentiam;</strong></span> <span class='ocrx_word' id='word_1_434' title='bbox 2334 1738 2592 1810; x_wconf 91' lang='lat' dir='ltr'><strong>quodque</strong></span> <span class='ocrx_word' id='word_1_435' title='bbox 2623 1738 2816 1794; x_wconf 88' lang='lat' dir='ltr'><strong>reddat</strong></span> <span class='ocrx_word' id='word_1_436' title='bbox 2848 1738 3045 1792; x_wconf 89' lang='lat' dir='ltr'><strong>iterum</strong></span> <span class='ocrx_word' id='word_1_437' title='bbox 3079 1738 3220 1792; x_wconf 91' lang='lat' dir='ltr'><strong>bona</strong></span> <span class='ocrx_word' id='word_1_438' title='bbox 3253 1735 3610 1806; x_wconf 88' lang='lat' dir='ltr'><strong>repromissa,</strong></span> 
     </span>
    </p>
   </div>
   <div class='ocr_carea' id='block_1_62' title="bbox 2040 1826 3613 1902">
    <p class='ocr_par' dir='ltr' id='par_1_62' title="bbox 2040 1826 3613 1902">
     <span class='ocr_line' id='line_1_62' title="bbox 2040 1826 3613 1902; baseline -0.003 -16"><span class='ocrx_word' id='word_1_439' title='bbox 2040 1846 2141 1889; x_wconf 88' lang='lat' dir='ltr'><strong>nec</strong></span> <span class='ocrx_word' id='word_1_440' title='bbox 2166 1832 2349 1902; x_wconf 77' lang='lat' dir='ltr'><strong>exigat</strong></span> <span class='ocrx_word' id='word_1_441' title='bbox 2378 1845 2573 1902; x_wconf 76' lang='lat' dir='ltr'><strong>pmnas</strong></span> <span class='ocrx_word' id='word_1_442' title='bbox 2605 1846 2702 1902; x_wconf 90' lang='lat' dir='ltr'><strong>pro</strong></span> <span class='ocrx_word' id='word_1_443' title='bbox 2734 1830 3115 1901; x_wconf 89' lang='lat' dir='ltr'><strong>superioribus</strong></span> <span class='ocrx_word' id='word_1_444' title='bbox 3142 1828 3389 1895; x_wconf 85' lang='lat' dir='ltr'><strong>delictis;</strong></span> <span class='ocrx_word' id='word_1_445' title='bbox 3422 1842 3491 1882; x_wconf 93' lang='lat' dir='ltr'><strong>ne</strong></span> <span class='ocrx_word' id='word_1_446' title='bbox 3517 1826 3613 1882; x_wconf 90' lang='lat' dir='ltr'><strong>de-</strong></span> 
     </span>
    </p>
   </div>
   <div class='ocr_carea' id='block_1_63' title="bbox 2038 1916 3610 1993">
    <p class='ocr_par' dir='ltr' id='par_1_63' title="bbox 2038 1916 3610 1993">
     <span class='ocr_line' id='line_1_63' title="bbox 2038 1916 3610 1993; baseline -0.005 -15"><span class='ocrx_word' id='word_1_447' title='bbox 2038 1937 2324 1993; x_wconf 87' lang='lat' dir='ltr'><strong>speremus</strong></span> <span class='ocrx_word' id='word_1_448' title='bbox 2366 1921 2433 1976; x_wconf 87' lang='lat' dir='ltr'><strong>de</strong></span> <span class='ocrx_word' id='word_1_449' title='bbox 2473 1928 2667 1978; x_wconf 90' lang='lat' dir='ltr'><strong>nostra</strong></span> <span class='ocrx_word' id='word_1_450' title='bbox 2698 1921 2891 1975; x_wconf 89' lang='lat' dir='ltr'><strong>salute.</strong></span> <span class='ocrx_word' id='word_1_451' title='bbox 2940 1920 3093 1974; x_wconf 86' lang='lat' dir='ltr'><strong>Sicut</strong></span> <span class='ocrx_word' id='word_1_452' title='bbox 3123 1919 3269 1974; x_wconf 89' lang='lat' dir='ltr'><strong>enim</strong></span> <span class='ocrx_word' id='word_1_453' title='bbox 3293 1934 3391 1990; x_wconf 91' lang='lat' dir='ltr'><strong>per</strong></span> <span class='ocrx_word' id='word_1_454' title='bbox 3415 1916 3610 1973; x_wconf 82' lang='lat' dir='ltr'><strong>Isaiam</strong></span> 
     </span>
    </p>
   </div>
   <div class='ocr_carea' id='block_1_64' title="bbox 2039 2011 3610 2083">
    <p class='ocr_par' dir='ltr' id='par_1_64' title="bbox 2039 2011 3610 2083">
     <span class='ocr_line' id='line_1_64' title="bbox 2039 2011 3610 2083; baseline -0.005 -13"><span class='ocrx_word' id='word_1_455' title='bbox 2039 2012 2355 2083; x_wconf 84' lang='lat' dir='ltr'><strong>prophetam</strong></span> <span class='ocrx_word' id='word_1_456' title='bbox 2388 2012 2667 2082; x_wconf 90' lang='lat' dir='ltr'><strong>pollicitus</strong></span> <span class='ocrx_word' id='word_1_457' title='bbox 2701 2018 2808 2072; x_wconf 90' lang='lat' dir='ltr'><strong>est,</strong></span> <span class='ocrx_word' id='word_1_458' title='bbox 2835 2011 3142 2064; x_wconf 83' lang='lat' dir='ltr'><strong>lavaturum</strong></span> <span class='ocrx_word' id='word_1_459' title='bbox 3173 2026 3234 2067; x_wconf 90' lang='lat' dir='ltr'><strong>se</strong></span> <span class='ocrx_word' id='word_1_460' title='bbox 3260 2017 3610 2079; x_wconf 83' lang='lat' dir='ltr'><strong>peccatorum</strong></span> 
     </span>
    </p>
   </div>
   <div class='ocr_carea' id='block_1_65' title="bbox 2037 2099 3612 2165">
    <p class='ocr_par' dir='ltr' id='par_1_65' title="bbox 2037 2099 3612 2165">
     <span class='ocr_line' id='line_1_65' title="bbox 2037 2099 3612 2165; baseline -0.001 -10"><span class='ocrx_word' id='word_1_461' title='bbox 2037 2100 2153 2155; x_wconf 90' lang='lat' dir='ltr'><strong>luto</strong></span> <span class='ocrx_word' id='word_1_462' title='bbox 2183 2102 2493 2165; x_wconf 89' lang='lat' dir='ltr'><strong>immersos,</strong></span> <span class='ocrx_word' id='word_1_463' title='bbox 2525 2108 2579 2156; x_wconf 92' lang='lat' dir='ltr'><strong>et</strong></span> <span class='ocrx_word' id='word_1_464' title='bbox 2606 2100 2754 2156; x_wconf 90' lang='lat' dir='ltr'><strong>velut</strong></span> <span class='ocrx_word' id='word_1_465' title='bbox 2785 2101 2964 2154; x_wconf 88' lang='lat' dir='ltr'><strong>lanam</strong></span> <span class='ocrx_word' id='word_1_466' title='bbox 3007 2115 3070 2154; x_wconf 89' lang='lat' dir='ltr'><strong>ac</strong></span> <span class='ocrx_word' id='word_1_467' title='bbox 3103 2100 3282 2154; x_wconf 85' lang='lat' dir='ltr'><strong>nivem</strong></span> <span class='ocrx_word' id='word_1_468' title='bbox 3329 2099 3612 2154; x_wconf 88' lang='lat' dir='ltr'><strong>dealbatu-</strong></span> 
     </span>
    </p>
   </div>
   <div class='ocr_carea' id='block_1_66' title="bbox 2035 2188 3611 2263">
    <p class='ocr_par' dir='ltr' id='par_1_66' title="bbox 2035 2188 3611 2263">
     <span class='ocr_line' id='line_1_66' title="bbox 2035 2188 3611 2263; baseline -0.003 -15"><span class='ocrx_word' id='word_1_469' title='bbox 2035 2208 2182 2259; x_wconf 88' lang='lat' dir='ltr'><strong>rum,</strong></span> <span class='ocrx_word' id='word_1_470' title='bbox 2228 2194 2469 2263; x_wconf 90' lang='lat' dir='ltr'><strong>itemque</strong></span> <span class='ocrx_word' id='word_1_471' title='bbox 2501 2191 2662 2248; x_wconf 89' lang='lat' dir='ltr'><strong>bonis</strong></span> <span class='ocrx_word' id='word_1_472' title='bbox 2705 2191 2949 2247; x_wconf 65' lang='lat' dir='ltr'><strong>caelestis</strong></span> <span class='ocrx_word' id='word_1_473' title='bbox 2991 2188 3332 2246; x_wconf 85' lang='lat' dir='ltr'><strong>Hierusalem</strong></span> <span class='ocrx_word' id='word_1_474' title='bbox 3379 2190 3611 2246; x_wconf 81' lang='lat' dir='ltr'><strong>donatu-</strong></span> 
     </span>
    </p>
   </div>
   <div class='ocr_carea' id='block_1_67' title="bbox 2038 2276 3611 2353">
    <p class='ocr_par' dir='ltr' id='par_1_67' title="bbox 2038 2276 3611 2353">
     <span class='ocr_line' id='line_1_67' title="bbox 2038 2276 3611 2353; baseline -0.001 -15"><span class='ocrx_word' id='word_1_475' title='bbox 2038 2298 2159 2338; x_wconf 92' lang='lat' dir='ltr'><strong>rum</strong></span> <span class='ocrx_word' id='word_1_476' title='bbox 2202 2283 2249 2315; x_wconf 81' lang='grc'>⁸⁸</span> <span class='ocrx_word' id='word_1_477' title='bbox 2279 2302 2292 2339; x_wconf 88' lang='lat'><strong>:</strong></span> <span class='ocrx_word' id='word_1_478' title='bbox 2326 2284 2399 2337; x_wconf 91' lang='lat' dir='ltr'><strong>ita</strong></span> <span class='ocrx_word' id='word_1_479' title='bbox 2432 2297 2626 2338; x_wconf 90' lang='lat' dir='ltr'><strong>rursus</strong></span> <span class='ocrx_word' id='word_1_480' title='bbox 2669 2276 2766 2353; x_wconf 65' lang='lat' dir='ltr'><strong>per</strong></span> <span class='ocrx_word' id='word_1_481' title='bbox 2811 2290 3062 2337; x_wconf 86' lang='lat' dir='ltr'><strong>sanctum</strong></span> <span class='ocrx_word' id='word_1_482' title='bbox 3114 2282 3434 2353; x_wconf 87' lang='lat' dir='ltr'><strong>prophetam</strong></span> <span class='ocrx_word' id='word_1_483' title='bbox 3475 2280 3611 2336; x_wconf 86' lang='lat' dir='ltr'><strong>Eze-</strong></span> 
     </span>
    </p>
   </div>
   <div class='ocr_carea' id='block_1_68' title="bbox 2034 2370 3610 2442">
    <p class='ocr_par' dir='ltr' id='par_1_68' title="bbox 2034 2370 3610 2442">
     <span class='ocr_line' id='line_1_68' title="bbox 2034 2370 3610 2442; baseline -0.002 -15"><span class='ocrx_word' id='word_1_484' title='bbox 2034 2371 2292 2436; x_wconf 87' lang='lat' dir='ltr'><strong>chielem,</strong></span> <span class='ocrx_word' id='word_1_485' title='bbox 2314 2386 2438 2426; x_wconf 90' lang='lat' dir='ltr'><strong>cum</strong></span> <span class='ocrx_word' id='word_1_486' title='bbox 2458 2370 2817 2441; x_wconf 87' lang='lat' dir='ltr'><strong>jurejurando</strong></span> <span class='ocrx_word' id='word_1_487' title='bbox 2840 2373 3000 2427; x_wconf 91' lang='lat' dir='ltr'><strong>nobis</strong></span> <span class='ocrx_word' id='word_1_488' title='bbox 3028 2372 3242 2442; x_wconf 84' lang='lat' dir='ltr'><strong>plenam</strong></span> <span class='ocrx_word' id='word_1_489' title='bbox 3273 2371 3433 2425; x_wconf 85' lang='lat' dir='ltr'><strong>ﬁdem</strong></span> <span class='ocrx_word' id='word_1_490' title='bbox 3457 2371 3610 2431; x_wconf 83' lang='lat' dir='ltr'><strong>lacit.</strong></span> 
     </span>
    </p>
   </div>
   <div class='ocr_carea' id='block_1_69' title="bbox 2035 2460 3610 2534">
    <p class='ocr_par' dir='ltr' id='par_1_69' title="bbox 2035 2460 3610 2534">
     <span class='ocr_line' id='line_1_69' title="bbox 2035 2460 3610 2534; baseline -0.004 -13"><span class='ocrx_word' id='word_1_491' title='bbox 2035 2479 2097 2521; x_wconf 86' lang='lat' dir='ltr'><strong>se</strong></span> <span class='ocrx_word' id='word_1_492' title='bbox 2128 2479 2239 2518; x_wconf 90' lang='lat' dir='ltr'><strong>non</strong></span> <span class='ocrx_word' id='word_1_493' title='bbox 2265 2463 2606 2534; x_wconf 88' lang='lat' dir='ltr'><strong>perditurum</strong></span> <span class='ocrx_word' id='word_1_494' title='bbox 2634 2479 2749 2519; x_wconf 89' lang='lat' dir='ltr'><strong>eos.</strong></span> <span class='ocrx_word' id='word_1_495' title='bbox 2783 2464 2872 2518; x_wconf 84' lang='lat' dir='ltr'><strong>Ait</strong></span> <span class='ocrx_word' id='word_1_496' title='bbox 2907 2465 3110 2534; x_wconf 86' lang='lat' dir='ltr'><strong>quippe</strong></span> <span class='ocrx_word' id='word_1_497' title='bbox 3138 2482 3151 2518; x_wconf 90' lang='lat'>:</span> <span class='ocrx_word' id='word_1_498' title='bbox 3195 2465 3315 2516; x_wconf 77' lang='lat' dir='ltr'><strong>Vivo</strong></span> <span class='ocrx_word' id='word_1_499' title='bbox 3344 2477 3459 2532; x_wconf 88' lang='lat' dir='ltr'><strong>ego,</strong></span> <span class='ocrx_word' id='word_1_500' title='bbox 3479 2460 3610 2515; x_wconf 83' lang='lat' dir='ltr'><strong>dicit</strong></span> 
     </span>
    </p>
   </div>
   <div class='ocr_carea' id='block_1_70' title="bbox 2035 2553 3612 2624">
    <p class='ocr_par' dir='ltr' id='par_1_70' title="bbox 2035 2553 3612 2624">
     <span class='ocr_line' id='line_1_70' title="bbox 2035 2553 3612 2624; baseline -0.004 -15"><span class='ocrx_word' id='word_1_501' title='bbox 2035 2554 2316 2618; x_wconf 70' lang='lat' dir='ltr'><strong>Dominus,</strong></span> <span class='ocrx_word' id='word_1_502' title='bbox 2338 2555 2463 2624; x_wconf 82' lang='lat' dir='ltr'><strong>quia</strong></span> <span class='ocrx_word' id='word_1_503' title='bbox 2487 2554 2608 2609; x_wconf 85' lang='lat' dir='ltr'><strong>nolo</strong></span> <span class='ocrx_word' id='word_1_504' title='bbox 2625 2565 2843 2608; x_wconf 86' lang='lat' dir='ltr'><strong>mortem</strong></span> <span class='ocrx_word' id='word_1_505' title='bbox 2865 2555 3174 2624; x_wconf 73' lang='lat' dir='ltr'><strong>peccatoris,</strong></span> <span class='ocrx_word' id='word_1_506' title='bbox 3195 2568 3353 2623; x_wconf 86' lang='lat' dir='ltr'><strong>quam</strong></span> <span class='ocrx_word' id='word_1_507' title='bbox 3380 2553 3612 2607; x_wconf 73' lang='lat' dir='ltr'><strong>converti</strong></span> 
     </span>
    </p>
   </div>
   <div class='ocr_carea' id='block_1_71' title="bbox 2034 2637 2596 2716">
    <p class='ocr_par' dir='ltr' id='par_1_71' title="bbox 2034 2637 2596 2716">
     <span class='ocr_line' id='line_1_71' title="bbox 2034 2637 2596 2716; baseline -0.002 -15"><span class='ocrx_word' id='word_1_508' title='bbox 2034 2637 2305 2716; x_wconf 46' lang='lat' dir='ltr'><strong>ipsum,“</strong></span> <span class='ocrx_word' id='word_1_509' title='bbox 2330 2648 2495 2701; x_wconf 79' lang='lat' dir='ltr'><strong>vivere</strong></span> <span class='ocrx_word' id='word_1_510' title='bbox 2526 2646 2596 2700; x_wconf 85' lang='lat'><strong>&quot;.</strong></span> 
     </span>
    </p>
   </div>
   <div class='ocr_carea' id='block_1_72' title="bbox 2507 2927 3141 2985">
    <p class='ocr_par' dir='ltr' id='par_1_72' title="bbox 2507 2927 3141 2985">
     <span class='ocr_line' id='line_1_72' title="bbox 2507 2927 3141 2985; baseline -0.003 -1"><span class='ocrx_word' id='word_1_511' title='bbox 2507 2928 2583 2984; x_wconf 84' lang='lat' dir='ltr'><strong>De</strong></span> <span class='ocrx_word' id='word_1_512' title='bbox 2611 2928 2799 2985; x_wconf 83' lang='lat' dir='ltr'><strong>abbate</strong></span> <span class='ocrx_word' id='word_1_513' title='bbox 2831 2928 2992 2984; x_wconf 87' lang='lat' dir='ltr'><strong>Petro</strong></span> <span class='ocrx_word' id='word_1_514' title='bbox 3026 2927 3141 2982; x_wconf 86' lang='lat' dir='ltr'><strong>Dii.</strong></span> 
     </span>
    </p>
   </div>
   <div class='ocr_carea' id='block_1_73' title="bbox 1957 3020 3608 3096">
    <p class='ocr_par' dir='ltr' id='par_1_73' title="bbox 1957 3020 3608 3096">
     <span class='ocr_line' id='line_1_73' title="bbox 1957 3020 3608 3096; baseline -0.001 -14"><span class='ocrx_word' id='word_1_515' title='bbox 1957 3035 2000 3094; x_wconf 77' lang='grc' dir='ltr'>ο</span> <span class='ocrx_word' id='word_1_516' title='bbox 2104 3026 2300 3084; x_wconf 89' lang='lat' dir='ltr'><strong>Petrus</strong></span> <span class='ocrx_word' id='word_1_517' title='bbox 2330 3024 2414 3081; x_wconf 90' lang='lat' dir='ltr'><strong>Dii</strong></span> <span class='ocrx_word' id='word_1_518' title='bbox 2449 3025 2756 3096; x_wconf 86' lang='lat' dir='ltr'><strong>presbyter,</strong></span> <span class='ocrx_word' id='word_1_519' title='bbox 2786 3024 2835 3080; x_wconf 91' lang='lat' dir='ltr'><strong>si</strong></span> <span class='ocrx_word' id='word_1_520' title='bbox 2872 3021 3095 3094; x_wconf 86' lang='lat' dir='ltr'><strong>quando</strong></span> <span class='ocrx_word' id='word_1_521' title='bbox 3134 3021 3279 3076; x_wconf 90' lang='lat' dir='ltr'><strong>inter</strong></span> <span class='ocrx_word' id='word_1_522' title='bbox 3308 3020 3446 3077; x_wconf 82' lang='lat' dir='ltr'><strong>alios</strong></span> <span class='ocrx_word' id='word_1_523' title='bbox 3476 3037 3608 3093; x_wconf 87' lang='lat' dir='ltr'><strong>pre-</strong></span> 
     </span>
    </p>
   </div>
   <div class='ocr_carea' id='block_1_74' title="bbox 2039 3114 3612 3185">
    <p class='ocr_par' dir='ltr' id='par_1_74' title="bbox 2039 3114 3612 3185">
     <span class='ocr_line' id='line_1_74' title="bbox 2039 3114 3612 3185; baseline -0.002 -12"><span class='ocrx_word' id='word_1_524' title='bbox 2039 3118 2287 3185; x_wconf 83' lang='lat' dir='ltr'><strong>cabatur,</strong></span> <span class='ocrx_word' id='word_1_525' title='bbox 2317 3131 2443 3171; x_wconf 93' lang='lat' dir='ltr'><strong>cum</strong></span> <span class='ocrx_word' id='word_1_526' title='bbox 2470 3116 2542 3171; x_wconf 91' lang='lat' dir='ltr'><strong>ob</strong></span> <span class='ocrx_word' id='word_1_527' title='bbox 2569 3114 2935 3173; x_wconf 89' lang='lat' dir='ltr'><strong>sacerdotium</strong></span> <span class='ocrx_word' id='word_1_528' title='bbox 2969 3121 3096 3169; x_wconf 90' lang='lat' dir='ltr'><strong>ante</strong></span> <span class='ocrx_word' id='word_1_529' title='bbox 3138 3127 3234 3169; x_wconf 91' lang='lat' dir='ltr'><strong>eos</strong></span> <span class='ocrx_word' id='word_1_530' title='bbox 3276 3119 3421 3168; x_wconf 87' lang='lat' dir='ltr'><strong>stare</strong></span> <span class='ocrx_word' id='word_1_531' title='bbox 3460 3129 3612 3170; x_wconf 88' lang='lat' dir='ltr'><strong>com-</strong></span> 
     </span>
    </p>
   </div>
   <div class='ocr_carea' id='block_1_75' title="bbox 2037 3207 3610 3282">
    <p class='ocr_par' dir='ltr' id='par_1_75' title="bbox 2037 3207 3610 3282">
     <span class='ocr_line' id='line_1_75' title="bbox 2037 3207 3610 3282; baseline -0.003 -16"><span class='ocrx_word' id='word_1_532' title='bbox 2037 3212 2351 3282; x_wconf 88' lang='lat' dir='ltr'><strong>pelleretur,</strong></span> <span class='ocrx_word' id='word_1_533' title='bbox 2395 3225 2493 3282; x_wconf 91' lang='lat' dir='ltr'><strong>per</strong></span> <span class='ocrx_word' id='word_1_534' title='bbox 2534 3208 2896 3264; x_wconf 88' lang='lat' dir='ltr'><strong>humilitatem</strong></span> <span class='ocrx_word' id='word_1_535' title='bbox 2939 3207 3183 3276; x_wconf 87' lang='lat' dir='ltr'><strong>seipsum</strong></span> <span class='ocrx_word' id='word_1_536' title='bbox 3215 3214 3364 3262; x_wconf 90' lang='lat' dir='ltr'><strong>retro</strong></span> <span class='ocrx_word' id='word_1_537' title='bbox 3396 3207 3610 3263; x_wconf 88' lang='lat' dir='ltr'><strong>consti-</strong></span> 
     </span>
    </p>
   </div>
   <div class='ocr_carea' id='block_1_76' title="bbox 2039 3298 3609 3370">
    <p class='ocr_par' dir='ltr' id='par_1_76' title="bbox 2039 3298 3609 3370">
     <span class='ocr_line' id='line_1_76' title="bbox 2039 3298 3609 3370; baseline -0.002 -12"><span class='ocrx_word' id='word_1_538' title='bbox 2039 3304 2266 3368; x_wconf 86' lang='lat' dir='ltr'><strong>tuebat,</strong></span> <span class='ocrx_word' id='word_1_539' title='bbox 2315 3302 2721 3358; x_wconf 78' lang='lat' dir='ltr'><strong>confessionem</strong></span> <span class='ocrx_word' id='word_1_540' title='bbox 2767 3298 3006 3367; x_wconf 81' lang='lat' dir='ltr'><strong>faciens;</strong></span> <span class='ocrx_word' id='word_1_541' title='bbox 3045 3299 3508 3370; x_wconf 85' lang='lat' dir='ltr'><strong>quemadmodum</strong></span> <span class='ocrx_word' id='word_1_542' title='bbox 3554 3301 3609 3355; x_wconf 87' lang='lat' dir='ltr'><strong>in</strong></span> 
     </span>
    </p>
   </div>
   <div class='ocr_carea' id='block_1_77' title="bbox 2038 3389 3609 3463">
    <p class='ocr_par' dir='ltr' id='par_1_77' title="bbox 2038 3389 3609 3463">
     <span class='ocr_line' id='line_1_77' title="bbox 2038 3389 3609 3463; baseline -0.003 -12"><span class='ocrx_word' id='word_1_543' title='bbox 2038 3398 2148 3451; x_wconf 85' lang='lat' dir='ltr'><strong>vita</strong></span> <span class='ocrx_word' id='word_1_544' title='bbox 2181 3395 2395 3450; x_wconf 86' lang='lat' dir='ltr'><strong>abbatis</strong></span> <span class='ocrx_word' id='word_1_545' title='bbox 2437 3395 2658 3449; x_wconf 83' lang='lat' dir='ltr'><strong>Antonii</strong></span> <span class='ocrx_word' id='word_1_546' title='bbox 2703 3393 2975 3463; x_wconf 89' lang='lat' dir='ltr'><strong>scriptum</strong></span> <span class='ocrx_word' id='word_1_547' title='bbox 3018 3399 3121 3448; x_wconf 91' lang='lat' dir='ltr'><strong>est.</strong></span> <span class='ocrx_word' id='word_1_548' title='bbox 3169 3389 3284 3446; x_wconf 83' lang='lat' dir='ltr'><strong>Hoc</strong></span> <span class='ocrx_word' id='word_1_549' title='bbox 3332 3390 3609 3456; x_wconf 80' lang='lat' dir='ltr'><strong>faciebat,</strong></span> 
     </span>
    </p>
   </div>
   <div class='ocr_carea' id='block_1_78' title="bbox 2038 3488 2712 3543">
    <p class='ocr_par' dir='ltr' id='par_1_78' title="bbox 2038 3488 2712 3543">
     <span class='ocr_line' id='line_1_78' title="bbox 2038 3488 2712 3543; baseline 0 0"><span class='ocrx_word' id='word_1_550' title='bbox 2038 3488 2378 3543; x_wconf 88' lang='lat' dir='ltr'><strong>contristans</strong></span> <span class='ocrx_word' id='word_1_551' title='bbox 2407 3490 2680 3542; x_wconf 85' lang='lat' dir='ltr'><strong>neminem</strong></span> <span class='ocrx_word' id='word_1_552' title='bbox 2696 3527 2712 3543; x_wconf 94' lang='lat'><strong>.</strong></span> 
     </span>
    </p>
   </div>
   <div class='ocr_carea' id='block_1_79' title="bbox 2486 3593 3141 3664">
    <p class='ocr_par' dir='ltr' id='par_1_79' title="bbox 2486 3593 3141 3664">
     <span class='ocr_line' id='line_1_79' title="bbox 2486 3593 3141 3664; baseline -0.008 -14"><span class='ocrx_word' id='word_1_553' title='bbox 2486 3595 2823 3664; x_wconf 90' lang='lat' dir='ltr'><strong>Principium</strong></span> <span class='ocrx_word' id='word_1_554' title='bbox 2860 3594 3051 3648; x_wconf 67' lang='lat' dir='ltr'><strong>litterae</strong></span> <span class='ocrx_word' id='word_1_555' title='bbox 3080 3593 3141 3646; x_wconf 88' lang='lat' dir='ltr'><strong>P.</strong></span> 
     </span>
    </p>
   </div>
   <div class='ocr_carea' id='block_1_80' title="bbox 2424 3703 3220 3773">
    <p class='ocr_par' dir='ltr' id='par_1_80' title="bbox 2424 3703 3220 3773">
     <span class='ocr_line' id='line_1_80' title="bbox 2424 3703 3220 3773; baseline -0.006 -11"><span class='ocrx_word' id='word_1_556' title='bbox 2424 3706 2504 3762; x_wconf 88' lang='lat' dir='ltr'><strong>De</strong></span> <span class='ocrx_word' id='word_1_557' title='bbox 2537 3706 2722 3761; x_wconf 81' lang='lat' dir='ltr'><strong>abbate</strong></span> <span class='ocrx_word' id='word_1_558' title='bbox 2749 3705 2929 3773; x_wconf 76' lang='lat' dir='ltr'><strong>Patria</strong></span> <span class='ocrx_word' id='word_1_559' title='bbox 2965 3703 3220 3759; x_wconf 85' lang='lat' dir='ltr'><strong>Romano.</strong></span> 
     </span>
    </p>
   </div>
   <div class='ocr_carea' id='block_1_81' title="bbox 2118 3808 3609 3888">
    <p class='ocr_par' dir='ltr' id='par_1_81' title="bbox 2118 3808 3609 3888">
     <span class='ocr_line' id='line_1_81' title="bbox 2118 3808 3609 3888; baseline -0.007 -14"><span class='ocrx_word' id='word_1_560' title='bbox 2118 3821 2162 3874; x_wconf 87' lang='grc' dir='ltr'>Ι.</span> <span class='ocrx_word' id='word_1_561' title='bbox 2199 3818 2338 3888; x_wconf 73' lang='grc'>(27)</span> <span class='ocrx_word' id='word_1_562' title='bbox 2370 3815 2534 3872; x_wconf 79' lang='lat' dir='ltr'><strong>Venit</strong></span> <span class='ocrx_word' id='word_1_563' title='bbox 2571 3815 2869 3887; x_wconf 87' lang='lat' dir='ltr'><strong>aliquando</strong></span> <span class='ocrx_word' id='word_1_564' title='bbox 2903 3812 3207 3870; x_wconf 82' lang='lat' dir='ltr'><strong>monachus</strong></span> <span class='ocrx_word' id='word_1_565' title='bbox 3234 3811 3455 3881; x_wconf 86' lang='lat' dir='ltr'><strong>quidam</strong></span> <span class='ocrx_word' id='word_1_566' title='bbox 3502 3808 3609 3865; x_wconf 76' lang='lat' dir='ltr'><strong>Ro-</strong></span> 
     </span>
    </p>
   </div>
   <div class='ocr_carea' id='block_1_82' title="bbox 2042 3900 3610 3975">
    <p class='ocr_par' dir='ltr' id='par_1_82' title="bbox 2042 3900 3610 3975">
     <span class='ocr_line' id='line_1_82' title="bbox 2042 3900 3610 3975; baseline -0.009 -9"><span class='ocrx_word' id='word_1_567' title='bbox 2042 3924 2258 3975; x_wconf 89' lang='lat' dir='ltr'><strong>manus,</strong></span> <span class='ocrx_word' id='word_1_568' title='bbox 2289 3917 2344 3965; x_wconf 91' lang='lat' dir='ltr'><strong>et</strong></span> <span class='ocrx_word' id='word_1_569' title='bbox 2372 3907 2641 3963; x_wconf 80' lang='lat' dir='ltr'><strong>habitavit</strong></span> <span class='ocrx_word' id='word_1_570' title='bbox 2678 3907 2735 3961; x_wconf 90' lang='lat' dir='ltr'><strong>in</strong></span> <span class='ocrx_word' id='word_1_571' title='bbox 2773 3904 2919 3961; x_wconf 90' lang='lat' dir='ltr'><strong>Sceti</strong></span> <span class='ocrx_word' id='word_1_572' title='bbox 2949 3905 3108 3974; x_wconf 80' lang='lat' dir='ltr'><strong>juxta</strong></span> <span class='ocrx_word' id='word_1_573' title='bbox 3145 3900 3475 3966; x_wconf 86' lang='lat' dir='ltr'><strong>ecclesiam;</strong></span> <span class='ocrx_word' id='word_1_574' title='bbox 3510 3900 3610 3953; x_wconf 81' lang='lat' dir='ltr'><strong>ba-</strong></span> 
     </span>
    </p>
   </div>
   <div class='ocr_carea' id='block_1_83' title="bbox 2039 3988 3612 4071">
    <p class='ocr_par' dir='ltr' id='par_1_83' title="bbox 2039 3988 3612 4071">
     <span class='ocr_line' id='line_1_83' title="bbox 2039 3988 3612 4071; baseline -0.006 -15"><span class='ocrx_word' id='word_1_575' title='bbox 2039 4002 2159 4056; x_wconf 87' lang='lat' dir='ltr'><strong>buit</strong></span> <span class='ocrx_word' id='word_1_576' title='bbox 2206 4015 2425 4071; x_wconf 89' lang='lat' dir='ltr'><strong>quoque</strong></span> <span class='ocrx_word' id='word_1_577' title='bbox 2471 4013 2688 4054; x_wconf 87' lang='lat' dir='ltr'><strong>servum</strong></span> <span class='ocrx_word' id='word_1_578' title='bbox 2732 3998 2825 4067; x_wconf 90' lang='lat' dir='ltr'><strong>qui</strong></span> <span class='ocrx_word' id='word_1_579' title='bbox 2876 3995 2927 4051; x_wconf 92' lang='lat' dir='ltr'><strong>ei</strong></span> <span class='ocrx_word' id='word_1_580' title='bbox 2981 3993 3347 4049; x_wconf 87' lang='lat' dir='ltr'><strong>ministrabat.</strong></span> <span class='ocrx_word' id='word_1_581' title='bbox 3403 3988 3612 4046; x_wconf 80' lang='lat' dir='ltr'><strong>Videns</strong></span> 
     </span>
    </p>
   </div>
   <div class='ocr_carea' id='block_1_84' title="bbox 2040 4082 3612 4164">
    <p class='ocr_par' dir='ltr' id='par_1_84' title="bbox 2040 4082 3612 4164">
     <span class='ocr_line' id='line_1_84' title="bbox 2040 4082 3612 4164; baseline -0.008 -16"><span class='ocrx_word' id='word_1_582' title='bbox 2040 4103 2225 4150; x_wconf 86' lang='lat' dir='ltr'><strong>autem</strong></span> <span class='ocrx_word' id='word_1_583' title='bbox 2267 4093 2553 4164; x_wconf 84' lang='lat' dir='ltr'><strong>presbyter</strong></span> <span class='ocrx_word' id='word_1_584' title='bbox 2585 4089 2954 4145; x_wconf 83' lang='lat' dir='ltr'><strong>inﬁrmitatem</strong></span> <span class='ocrx_word' id='word_1_585' title='bbox 2986 4086 3126 4156; x_wconf 87' lang='lat' dir='ltr'><strong>ejus,</strong></span> <span class='ocrx_word' id='word_1_586' title='bbox 3164 4099 3287 4139; x_wconf 90' lang='lat' dir='ltr'><strong>cum</strong></span> <span class='ocrx_word' id='word_1_587' title='bbox 3326 4082 3612 4138; x_wconf 87' lang='lat' dir='ltr'><strong>didicisset</strong></span> 
     </span>
    </p>
   </div>
   <div class='ocr_carea' id='block_1_85' title="bbox 2042 4177 3614 4259">
    <p class='ocr_par' dir='ltr' id='par_1_85' title="bbox 2042 4177 3614 4259">
     <span class='ocr_line' id='line_1_85' title="bbox 2042 4177 3614 4259; baseline -0.008 -17"><span class='ocrx_word' id='word_1_588' title='bbox 2042 4202 2203 4259; x_wconf 88' lang='lat' dir='ltr'><strong>quam</strong></span> <span class='ocrx_word' id='word_1_589' title='bbox 2238 4183 2522 4257; x_wconf 88' lang='lat' dir='ltr'><strong>splendide</strong></span> <span class='ocrx_word' id='word_1_590' title='bbox 2548 4183 2776 4238; x_wconf 78' lang='lat' dir='ltr'><strong>vixisset</strong></span> <span class='ocrx_word' id='word_1_591' title='bbox 2818 4180 2970 4245; x_wconf 91' lang='lat' dir='ltr'><strong>olim,</strong></span> <span class='ocrx_word' id='word_1_592' title='bbox 3010 4177 3273 4248; x_wconf 89' lang='lat' dir='ltr'><strong>quidquid</strong></span> <span class='ocrx_word' id='word_1_593' title='bbox 3303 4177 3614 4247; x_wconf 88' lang='lat' dir='ltr'><strong>conquisie-</strong></span> 
     </span>
    </p>
   </div>
   <div class='ocr_carea' id='block_1_86' title="bbox 359 4271 1938 4367">
    <p class='ocr_par' dir='ltr' id='par_1_86' title="bbox 359 4285 1938 4367">
     <span class='ocr_line' id='line_1_86' title="bbox 359 4285 1938 4367; baseline -0.009 -15"><span class='ocrx_word' id='word_1_594' title='bbox 359 4295 678 4367; x_wconf 84' lang='grc' dir='ltr'>ἐκκλησίαν,</span> <span class='ocrx_word' id='word_1_595' title='bbox 711 4295 955 4366; x_wconf 78' lang='grc' dir='ltr'>ἔπεμπεν</span> <span class='ocrx_word' id='word_1_596' title='bbox 985 4293 1154 4364; x_wconf 77' lang='grc' dir='ltr'>αὐτῷ.</span> <span class='ocrx_word' id='word_1_597' title='bbox 1191 4293 1301 4346; x_wconf 73' lang='grc' dir='ltr'><strong>Καὶ</strong></span> <span class='ocrx_word' id='word_1_598' title='bbox 1341 4290 1577 4360; x_wconf 87' lang='grc' dir='ltr'>ποιήσας</span> <span class='ocrx_word' id='word_1_599' title='bbox 1605 4285 1938 4340; x_wconf 83' lang='grc' dir='ltr'>εἰκοσιπέντε</span> 
     </span>
    </p>
   </div>
   <div class='ocr_carea' id='block_1_87' title="bbox 2038 4271 3611 4367">
    <p class='ocr_par' dir='ltr' id='par_1_87' title="bbox 2040 4271 3611 4345">
     <span class='ocr_line' id='line_1_87' title="bbox 2040 4271 3611 4345; baseline -0.005 -10"><span class='ocrx_word' id='word_1_600' title='bbox 2040 4291 2145 4345; x_wconf 91' lang='lat' dir='ltr'><strong>rat,</strong></span> <span class='ocrx_word' id='word_1_601' title='bbox 2186 4287 2279 4333; x_wconf 91' lang='lat' dir='ltr'><strong>aut</strong></span> <span class='ocrx_word' id='word_1_602' title='bbox 2306 4277 2372 4332; x_wconf 93' lang='lat' dir='ltr'><strong>ad</strong></span> <span class='ocrx_word' id='word_1_603' title='bbox 2407 4276 2700 4332; x_wconf 86' lang='lat' dir='ltr'><strong>ecclesiam</strong></span> <span class='ocrx_word' id='word_1_604' title='bbox 2744 4275 2986 4329; x_wconf 85' lang='lat' dir='ltr'><strong>delatum</strong></span> <span class='ocrx_word' id='word_1_605' title='bbox 3022 4271 3225 4335; x_wconf 79' lang='lat' dir='ltr'><strong>fuerat,</strong></span> <span class='ocrx_word' id='word_1_606' title='bbox 3260 4272 3511 4327; x_wconf 90' lang='lat' dir='ltr'><strong>mittebat</strong></span> <span class='ocrx_word' id='word_1_607' title='bbox 3540 4273 3611 4327; x_wconf 88' lang='lat' dir='ltr'><strong>ei.</strong></span> 
     </span>
    </p>
   </div>
   <div class='ocr_carea' id='block_1_88' title="bbox 359 4362 1938 4459">
    <p class='ocr_par' dir='ltr' id='par_1_88' title="bbox 359 4362 1938 4459">
     <span class='ocr_line' id='line_1_88' title="bbox 359 4362 1938 4459; baseline -0.008 -17"><span class='ocrx_word' id='word_1_608' title='bbox 359 4389 464 4459; x_wconf 76' lang='grc' dir='ltr'><strong>ἔτη</strong></span> <span class='ocrx_word' id='word_1_609' title='bbox 522 4362 580 4441; x_wconf 76' lang='grc' dir='ltr'><strong>ἐν</strong></span> <span class='ocrx_word' id='word_1_610' title='bbox 634 4362 829 4457; x_wconf 83' lang='grc' dir='ltr'>Σκήτεί</span> <span class='ocrx_word' id='word_1_611' title='bbox 852 4427 867 4451; x_wconf 93' lang='grc'><strong>,</strong></span> <span class='ocrx_word' id='word_1_612' title='bbox 915 4362 1116 4455; x_wconf 75' lang='grc' dir='ltr'>γέγονε</span> <span class='ocrx_word' id='word_1_613' title='bbox 1146 4383 1452 4455; x_wconf 85' lang='grc' dir='ltr'>διορατικὺς</span> <span class='ocrx_word' id='word_1_614' title='bbox 1497 4380 1590 4434; x_wconf 78' lang='grc' dir='ltr'><strong>καὶ</strong></span> <span class='ocrx_word' id='word_1_615' title='bbox 1624 4378 1938 4449; x_wconf 81' lang='grc' dir='ltr'>ὀνομαστός.</span> 
     </span>
    </p>
   </div>
   <div class='ocr_carea' id='block_1_89' title="bbox 2038 4362 3619 4459">
    <p class='ocr_par' dir='ltr' id='par_1_89' title="bbox 2044 4362 3619 4446">
     <span class='ocr_line' id='line_1_89' title="bbox 2044 4362 3619 4446; baseline -0.008 -17"><span class='ocrx_word' id='word_1_616' title='bbox 2044 4374 2097 4429; x_wconf 84' lang='lat' dir='ltr'><strong>Is</strong></span> <span class='ocrx_word' id='word_1_617' title='bbox 2117 4387 2213 4446; x_wconf 85' lang='lat' dir='ltr'><strong>per</strong></span> <span class='ocrx_word' id='word_1_618' title='bbox 2230 4385 2405 4426; x_wconf 87' lang='lat' dir='ltr'><strong>annos</strong></span> <span class='ocrx_word' id='word_1_619' title='bbox 2428 4368 2621 4440; x_wconf 76' lang='lat' dir='ltr'><strong>viginti</strong></span> <span class='ocrx_word' id='word_1_620' title='bbox 2639 4369 2879 4439; x_wconf 87' lang='lat' dir='ltr'><strong>quinque</strong></span> <span class='ocrx_word' id='word_1_621' title='bbox 2904 4366 3105 4421; x_wconf 86' lang='lat' dir='ltr'><strong>mansit</strong></span> <span class='ocrx_word' id='word_1_622' title='bbox 3123 4364 3178 4417; x_wconf 91' lang='lat' dir='ltr'><strong>in</strong></span> <span class='ocrx_word' id='word_1_623' title='bbox 3197 4362 3366 4430; x_wconf 90' lang='lat' dir='ltr'><strong>Sceti,</strong></span> <span class='ocrx_word' id='word_1_624' title='bbox 3387 4362 3619 4418; x_wconf 54' lang='lat' dir='ltr'><strong>exstitit</strong></span> 
     </span>
    </p>
   </div>
   <div class='ocr_carea' id='block_1_90' title="bbox 371 4469 1940 4547">
    <p class='ocr_par' dir='ltr' id='par_1_90' title="bbox 371 4469 1940 4547">
     <span class='ocr_line' id='line_1_90' title="bbox 371 4469 1940 4547; baseline -0.008 -12"><span class='ocrx_word' id='word_1_625' title='bbox 371 4479 645 4541; x_wconf 84' lang='grc' dir='ltr'>’Δκούσας</span> <span class='ocrx_word' id='word_1_626' title='bbox 668 4479 723 4531; x_wconf 84' lang='grc' dir='ltr'>δέ</span> <span class='ocrx_word' id='word_1_627' title='bbox 752 4495 836 4542; x_wconf 88' lang='grc' dir='ltr'><strong>τις</strong></span> <span class='ocrx_word' id='word_1_628' title='bbox 854 4476 963 4531; x_wconf 90' lang='grc' dir='ltr'><strong>τῶν</strong></span> <span class='ocrx_word' id='word_1_629' title='bbox 990 4475 1241 4547; x_wconf 86' lang='grc' dir='ltr'>μεγάλων</span> <span class='ocrx_word' id='word_1_630' title='bbox 1267 4474 1578 4543; x_wconf 78' lang='grc' dir='ltr'>Αἰγυπτίων</span> <span class='ocrx_word' id='word_1_631' title='bbox 1604 4472 1732 4543; x_wconf 76' lang='grc' dir='ltr'>περὶ</span> <span class='ocrx_word' id='word_1_632' title='bbox 1753 4469 1940 4537; x_wconf 76' lang='grc' dir='ltr'>αὑτοῦ,</span> 
     </span>
    </p>
   </div>
   <div class='ocr_carea' id='block_1_91' title="bbox 356 4559 1943 4646">
    <p class='ocr_par' dir='ltr' id='par_1_91' title="bbox 356 4559 1943 4646">
     <span class='ocr_line' id='line_1_91' title="bbox 356 4559 1943 4646; baseline -0.009 -20"><span class='ocrx_word' id='word_1_633' title='bbox 356 4559 531 4646; x_wconf 76' lang='grc' dir='ltr'>ἦλθεν</span> <span class='ocrx_word' id='word_1_634' title='bbox 566 4571 692 4624; x_wconf 83' lang='grc' dir='ltr'>ίδεῑν</span> <span class='ocrx_word' id='word_1_635' title='bbox 720 4568 903 4633; x_wconf 83' lang='grc' dir='ltr'>αὐτὸν,</span> <span class='ocrx_word' id='word_1_636' title='bbox 938 4565 1250 4638; x_wconf 87' lang='grc' dir='ltr'>προσδοκῶν</span> <span class='ocrx_word' id='word_1_637' title='bbox 1291 4563 1611 4635; x_wconf 83' lang='grc' dir='ltr'>σωματικήν</span> <span class='ocrx_word' id='word_1_638' title='bbox 1640 4577 1761 4614; x_wconf 90' lang='grc' dir='ltr'>τινα</span> <span class='ocrx_word' id='word_1_639' title='bbox 1794 4559 1943 4615; x_wconf 88' lang='grc' dir='ltr'>πολι-</span> 
     </span>
    </p>
   </div>
   <div class='ocr_carea' id='block_1_92' title="bbox 354 4650 1943 4731">
    <p class='ocr_par' dir='ltr' id='par_1_92' title="bbox 354 4650 1943 4731">
     <span class='ocr_line' id='line_1_92' title="bbox 354 4650 1943 4731; baseline -0.011 -10"><span class='ocrx_word' id='word_1_640' title='bbox 354 4664 517 4721; x_wconf 85' lang='grc' dir='ltr'>τείαν</span> <span class='ocrx_word' id='word_1_641' title='bbox 573 4660 964 4731; x_wconf 82' lang='grc' dir='ltr'>περισσοτέραν</span> <span class='ocrx_word' id='word_1_642' title='bbox 1017 4658 1199 4729; x_wconf 83' lang='grc' dir='ltr'>εὑρεῖν</span> <span class='ocrx_word' id='word_1_643' title='bbox 1236 4658 1296 4709; x_wconf 85' lang='grc' dir='ltr'><strong>ἐν</strong></span> <span class='ocrx_word' id='word_1_644' title='bbox 1348 4653 1515 4725; x_wconf 81' lang='grc' dir='ltr'>αὐτῷ.</span> <span class='ocrx_word' id='word_1_645' title='bbox 1576 4650 1845 4706; x_wconf 84' lang='grc' dir='ltr'>Εἰσελθὼν</span> <span class='ocrx_word' id='word_1_646' title='bbox 1884 4650 1943 4704; x_wconf 82' lang='grc' dir='ltr'>δὲ</span> 
     </span>
    </p>
   </div>
   <div class='ocr_carea' id='block_1_93' title="bbox 357 4743 1938 4829">
    <p class='ocr_par' dir='ltr' id='par_1_93' title="bbox 357 4743 1938 4829">
     <span class='ocr_line' id='line_1_93' title="bbox 357 4743 1938 4829; baseline -0.009 -20"><span class='ocrx_word' id='word_1_647' title='bbox 357 4754 653 4829; x_wconf 58' lang='grc' dir='ltr'>ἠσπάσατο</span> <span class='ocrx_word' id='word_1_648' title='bbox 691 4753 881 4806; x_wconf 84' lang='grc' dir='ltr'>αὐτόν·</span> <span class='ocrx_word' id='word_1_649' title='bbox 938 4751 1034 4803; x_wconf 72' lang='grc' dir='ltr'>καὶ</span> <span class='ocrx_word' id='word_1_650' title='bbox 1077 4750 1403 4820; x_wconf 86' lang='grc' dir='ltr'>ποιήσαντες</span> <span class='ocrx_word' id='word_1_651' title='bbox 1454 4745 1618 4816; x_wconf 84' lang='grc' dir='ltr'>εὐχὴν</span> <span class='ocrx_word' id='word_1_652' title='bbox 1657 4743 1938 4798; x_wconf 83' lang='grc' dir='ltr'>ἐκάθισαν.</span> 
     </span>
    </p>
   </div>
   <div class='ocr_carea' id='block_1_94' title="bbox 358 4833 1941 4907">
    <p class='ocr_par' dir='ltr' id='par_1_94' title="bbox 358 4833 1941 4907">
     <span class='ocr_line' id='line_1_94' title="bbox 358 4833 1941 4907; baseline -0.006 -12"><span class='ocrx_word' id='word_1_653' title='bbox 358 4841 565 4895; x_wconf 58' lang='lat' dir='ltr'><strong>Eun-si</strong></span> <span class='ocrx_word' id='word_1_654' title='bbox 601 4839 657 4893; x_wconf 82' lang='grc' dir='ltr'>δὲ</span> <span class='ocrx_word' id='word_1_655' title='bbox 709 4840 872 4893; x_wconf 79' lang='grc' dir='ltr'>αὑτὸν</span> <span class='ocrx_word' id='word_1_656' title='bbox 900 4838 930 4890; x_wconf 88' lang='grc' dir='ltr'><strong>ό</strong></span> <span class='ocrx_word' id='word_1_657' title='bbox 958 4836 1252 4906; x_wconf 75' lang='grc' dir='ltr'>Αἰγύπτιος</span> <span class='ocrx_word' id='word_1_658' title='bbox 1294 4833 1561 4907; x_wconf 85' lang='grc' dir='ltr'>φοροῦντα</span> <span class='ocrx_word' id='word_1_659' title='bbox 1598 4833 1786 4904; x_wconf 77' lang='grc' dir='ltr'>ἱμάτια</span> <span class='ocrx_word' id='word_1_660' title='bbox 1810 4847 1941 4901; x_wconf 80' lang='grc' dir='ltr'>τρυ-</span> 
     </span>
    </p>
   </div>
   <div class='ocr_carea' id='block_1_95' title="bbox 362 4923 1939 5005">
    <p class='ocr_par' dir='ltr' id='par_1_95' title="bbox 362 4923 1939 5005">
     <span class='ocr_line' id='line_1_95' title="bbox 362 4923 1939 5005; baseline -0.008 -18"><span class='ocrx_word' id='word_1_661' title='bbox 362 4932 532 5005; x_wconf 82' lang='grc' dir='ltr'>φερὰ,</span> <span class='ocrx_word' id='word_1_662' title='bbox 562 4932 657 4986; x_wconf 72' lang='grc' dir='ltr'>καὶ</span> <span class='ocrx_word' id='word_1_663' title='bbox 682 4929 974 5002; x_wconf 81' lang='grc' dir='ltr'>χαράδριον</span> <span class='ocrx_word' id='word_1_664' title='bbox 992 4928 1105 5001; x_wconf 73' lang='lat'><strong>(28)</strong></span> <span class='ocrx_word' id='word_1_665' title='bbox 1135 4927 1231 4981; x_wconf 77' lang='grc' dir='ltr'><strong>καὶ</strong></span> <span class='ocrx_word' id='word_1_666' title='bbox 1257 4926 1433 4999; x_wconf 81' lang='grc' dir='ltr'>δέρμα</span> <span class='ocrx_word' id='word_1_667' title='bbox 1464 4926 1722 4979; x_wconf 78' lang='grc' dir='ltr'>ὑποκάτω</span> <span class='ocrx_word' id='word_1_668' title='bbox 1750 4923 1939 4991; x_wconf 82' lang='grc' dir='ltr'>αὐτοῦ,</span> 
     </span>
    </p>
   </div>
   <div class='ocr_carea' id='block_1_96' title="bbox 2046 4455 3617 4537">
    <p class='ocr_par' dir='ltr' id='par_1_96' title="bbox 2046 4455 3617 4537">
     <span class='ocr_line' id='line_1_96' title="bbox 2046 4455 3617 4537; baseline -0.008 -16"><span class='ocrx_word' id='word_1_669' title='bbox 2046 4482 2153 4537; x_wconf 90' lang='lat' dir='ltr'><strong>que</strong></span> <span class='ocrx_word' id='word_1_670' title='bbox 2194 4463 2546 4536; x_wconf 78' lang='lat' dir='ltr'><strong>dignoscendi</strong></span> <span class='ocrx_word' id='word_1_671' title='bbox 2579 4461 2755 4533; x_wconf 82' lang='lat' dir='ltr'><strong>gratia</strong></span> <span class='ocrx_word' id='word_1_672' title='bbox 2803 4458 3097 4530; x_wconf 68' lang='lat' dir='ltr'><strong>praeditus,</strong></span> <span class='ocrx_word' id='word_1_673' title='bbox 3135 4470 3347 4512; x_wconf 89' lang='lat' dir='ltr'><strong>necnon</strong></span> <span class='ocrx_word' id='word_1_674' title='bbox 3397 4455 3617 4508; x_wconf 88' lang='lat' dir='ltr'><strong>nomine</strong></span> 
     </span>
    </p>
   </div>
   <div class='ocr_carea' id='block_1_97' title="bbox 2047 4546 3614 4621">
    <p class='ocr_par' dir='ltr' id='par_1_97' title="bbox 2047 4546 3614 4621">
     <span class='ocr_line' id='line_1_97' title="bbox 2047 4546 3614 4621; baseline -0.012 -7"><span class='ocrx_word' id='word_1_675' title='bbox 2047 4559 2302 4614; x_wconf 86' lang='lat' dir='ltr'><strong>celebris.</strong></span> <span class='ocrx_word' id='word_1_676' title='bbox 2338 4555 2509 4610; x_wconf 88' lang='lat' dir='ltr'><strong>Porro</strong></span> <span class='ocrx_word' id='word_1_677' title='bbox 2534 4553 2833 4610; x_wconf 89' lang='lat' dir='ltr'><strong>nonnullus</strong></span> <span class='ocrx_word' id='word_1_678' title='bbox 2861 4563 3179 4621; x_wconf 79' lang='lat' dir='ltr'><strong>magnorum</strong></span> <span class='ocrx_word' id='word_1_679' title='bbox 3208 4546 3614 4616; x_wconf 65' lang='lat' dir='ltr'><strong>Egyptiorutn,</strong></span> 
     </span>
    </p>
   </div>
   <div class='ocr_carea' id='block_1_98' title="bbox 2049 4636 3616 4710">
    <p class='ocr_par' dir='ltr' id='par_1_98' title="bbox 2049 4636 3616 4710">
     <span class='ocr_line' id='line_1_98' title="bbox 2049 4636 3616 4710; baseline -0.011 -5"><span class='ocrx_word' id='word_1_680' title='bbox 2049 4651 2278 4705; x_wconf 87' lang='lat' dir='ltr'><strong>audiens</strong></span> <span class='ocrx_word' id='word_1_681' title='bbox 2312 4649 2379 4704; x_wconf 91' lang='lat' dir='ltr'><strong>de</strong></span> <span class='ocrx_word' id='word_1_682' title='bbox 2419 4647 2536 4710; x_wconf 90' lang='lat' dir='ltr'><strong>illo,</strong></span> <span class='ocrx_word' id='word_1_683' title='bbox 2584 4645 2818 4700; x_wconf 81' lang='lat' dir='ltr'><strong>accessit</strong></span> <span class='ocrx_word' id='word_1_684' title='bbox 2850 4650 2909 4697; x_wconf 91' lang='lat' dir='ltr'><strong>ut</strong></span> <span class='ocrx_word' id='word_1_685' title='bbox 2938 4642 3176 4701; x_wconf 84' lang='lat' dir='ltr'><strong>videret,</strong></span> <span class='ocrx_word' id='word_1_686' title='bbox 3210 4638 3501 4692; x_wconf 88' lang='lat' dir='ltr'><strong>arbitratus</strong></span> <span class='ocrx_word' id='word_1_687' title='bbox 3532 4636 3616 4689; x_wconf 81' lang='lat' dir='ltr'><strong>in-</strong></span> 
     </span>
    </p>
   </div>
   <div class='ocr_carea' id='block_1_99' title="bbox 2047 4726 3616 4803">
    <p class='ocr_par' dir='ltr' id='par_1_99' title="bbox 2047 4726 3616 4803">
     <span class='ocr_line' id='line_1_99' title="bbox 2047 4726 3616 4803; baseline -0.008 -9"><span class='ocrx_word' id='word_1_688' title='bbox 2047 4748 2339 4794; x_wconf 84' lang='lat' dir='ltr'><strong>venturum</strong></span> <span class='ocrx_word' id='word_1_689' title='bbox 2370 4753 2430 4793; x_wconf 91' lang='lat' dir='ltr'><strong>se</strong></span> <span class='ocrx_word' id='word_1_690' title='bbox 2460 4737 2515 4791; x_wconf 94' lang='lat' dir='ltr'><strong>in</strong></span> <span class='ocrx_word' id='word_1_691' title='bbox 2536 4735 2759 4790; x_wconf 87' lang='lat' dir='ltr'><strong>homine</strong></span> <span class='ocrx_word' id='word_1_692' title='bbox 2788 4746 3103 4803; x_wconf 89' lang='lat' dir='ltr'><strong>corpoream</strong></span> <span class='ocrx_word' id='word_1_693' title='bbox 3134 4730 3375 4799; x_wconf 86' lang='lat' dir='ltr'><strong>aliquam</strong></span> <span class='ocrx_word' id='word_1_694' title='bbox 3399 4726 3616 4783; x_wconf 79' lang='lat' dir='ltr'><strong>vivendi</strong></span> 
     </span>
    </p>
   </div>
   <div class='ocr_carea' id='block_1_100' title="bbox 2047 4818 3619 4893">
    <p class='ocr_par' dir='ltr' id='par_1_100' title="bbox 2047 4818 3619 4893">
     <span class='ocr_line' id='line_1_100' title="bbox 2047 4818 3619 4893; baseline -0.008 -9"><span class='ocrx_word' id='word_1_695' title='bbox 2047 4830 2309 4885; x_wconf 90' lang='lat' dir='ltr'><strong>rationem</strong></span> <span class='ocrx_word' id='word_1_696' title='bbox 2348 4824 2862 4883; x_wconf 76' lang='lat' dir='ltr'><strong>extraordinariam.</strong></span> <span class='ocrx_word' id='word_1_697' title='bbox 2900 4821 3085 4893; x_wconf 81' lang='lat' dir='ltr'><strong>itaque</strong></span> <span class='ocrx_word' id='word_1_698' title='bbox 3120 4822 3419 4891; x_wconf 75' lang='lat' dir='ltr'><strong>ingressus,</strong></span> <span class='ocrx_word' id='word_1_699' title='bbox 3472 4818 3619 4874; x_wconf 82' lang='lat' dir='ltr'><strong>salu-</strong></span> 
     </span>
    </p>
   </div>
   <div class='ocr_carea' id='block_1_101' title="bbox 2046 4907 3619 4988">
    <p class='ocr_par' dir='ltr' id='par_1_101' title="bbox 2046 4907 3619 4988">
     <span class='ocr_line' id='line_1_101' title="bbox 2046 4907 3619 4988; baseline -0.008 -12"><span class='ocrx_word' id='word_1_700' title='bbox 2046 4922 2183 4976; x_wconf 89' lang='lat' dir='ltr'><strong>tavit</strong></span> <span class='ocrx_word' id='word_1_701' title='bbox 2229 4935 2389 4985; x_wconf 89' lang='lat' dir='ltr'><strong>eum,</strong></span> <span class='ocrx_word' id='word_1_702' title='bbox 2445 4918 2696 4988; x_wconf 81' lang='lat' dir='ltr'><strong>factaque</strong></span> <span class='ocrx_word' id='word_1_703' title='bbox 2747 4929 2940 4987; x_wconf 89' lang='lat' dir='ltr'><strong>prece,</strong></span> <span class='ocrx_word' id='word_1_704' title='bbox 2991 4912 3379 4968; x_wconf 86' lang='lat' dir='ltr'><strong>consederunt.</strong></span> <span class='ocrx_word' id='word_1_705' title='bbox 3428 4907 3619 4963; x_wconf 83' lang='lat' dir='ltr'><strong>Cernit</strong></span> 
     </span>
    </p>
   </div>
   <div class='ocr_carea' id='block_1_102' title="bbox 438 5060 1938 5149">
    <p class='ocr_par' dir='ltr' id='par_1_102' title="bbox 438 5076 1935 5149">
     <span class='ocr_line' id='line_1_102' title="bbox 438 5076 1935 5149; baseline -0.006 -10"><span class='ocrx_word' id='word_1_706' title='bbox 438 5088 485 5119; x_wconf 85' lang='grc'><strong>⁸¹</strong></span> <span class='ocrx_word' id='word_1_707' title='bbox 512 5084 644 5149; x_wconf 84' lang='lat' dir='ltr'><strong>Pro,</strong></span> <span class='ocrx_word' id='word_1_708' title='bbox 685 5101 740 5138; x_wconf 90' lang='grc' dir='ltr'><strong>τι</strong></span> <span class='ocrx_word' id='word_1_709' title='bbox 797 5083 906 5136; x_wconf 88' lang='grc' dir='ltr'><strong>τῶν</strong></span> <span class='ocrx_word' id='word_1_710' title='bbox 962 5081 1167 5145; x_wconf 87' lang='grc' dir='ltr'>κακῶν,</span> <span class='ocrx_word' id='word_1_711' title='bbox 1218 5082 1290 5135; x_wconf 89' lang='lat' dir='ltr'><strong>al.</strong></span> <span class='ocrx_word' id='word_1_712' title='bbox 1338 5078 1575 5133; x_wconf 91' lang='grc' dir='ltr'>τοιοῦτον</span> <span class='ocrx_word' id='word_1_713' title='bbox 1622 5078 1829 5149; x_wconf 29' lang='grc' dir='ltr'>κακόν,</span> <span class='ocrx_word' id='word_1_714' title='bbox 1888 5076 1935 5108; x_wconf 81' lang='lat'><strong>&quot;</strong></span> 
     </span>
    </p>
   </div>
   <div class='ocr_carea' id='block_1_103' title="bbox 2038 5060 3617 5149">
    <p class='ocr_par' dir='ltr' id='par_1_103' title="bbox 2038 5060 3617 5149">
     <span class='ocr_line' id='line_1_103' title="bbox 2038 5060 3617 5149; baseline -0.01 -20"><span class='ocrx_word' id='word_1_715' title='bbox 2038 5070 2611 5149; x_wconf 53' lang='lat' dir='ltr'><strong>._ndon“napavopia_.</strong></span> <span class='ocrx_word' id='word_1_716' title='bbox 2656 5068 2851 5149; x_wconf 30' lang='grc' dir='ltr'><strong>,λυ-ΑΙ.</strong></span> <span class='ocrx_word' id='word_1_717' title='bbox 2875 5066 3079 5149; x_wconf 44' lang='lat' dir='ltr'><strong>“inger:</strong></span> <span class='ocrx_word' id='word_1_718' title='bbox 3132 5061 3249 5149; x_wconf 32' lang='grc' dir='ltr'>’τῶν</span> <span class='ocrx_word' id='word_1_719' title='bbox 3268 5060 3617 5149; x_wconf 41' lang='lat' dir='ltr'><strong>acpbe-latim.</strong></span> 
     </span>
    </p>
   </div>
   <div class='ocr_carea' id='block_1_104' title="bbox 364 5151 1266 5226">
    <p class='ocr_par' dir='ltr' id='par_1_104' title="bbox 364 5151 1266 5226">
     <span class='ocr_line' id='line_1_104' title="bbox 364 5151 1266 5226; baseline -0.006 -16"><span class='ocrx_word' id='word_1_720' title='bbox 364 5156 412 5189; x_wconf 72' lang='lat'><strong>&quot;’</strong></span> <span class='ocrx_word' id='word_1_721' title='bbox 434 5160 522 5210; x_wconf 81' lang='lat' dir='ltr'><strong>Al.</strong></span> <span class='ocrx_word' id='word_1_722' title='bbox 554 5154 711 5226; x_wconf 86' lang='grc' dir='ltr'>πρός.</span> <span class='ocrx_word' id='word_1_723' title='bbox 742 5224 753 5226; x_wconf 74' lang='lat'><strong><em>_</em></strong></span> <span class='ocrx_word' id='word_1_724' title='bbox 782 5153 965 5226; x_wconf 77' lang='lat' dir='ltr'><strong>&quot;&#39;_Al._</strong></span> <span class='ocrx_word' id='word_1_725' title='bbox 990 5154 1163 5207; x_wconf 86' lang='lat' dir='ltr'><strong>inser.</strong></span> <span class='ocrx_word' id='word_1_726' title='bbox 1198 5151 1266 5226; x_wconf 60' lang='grc' dir='ltr'><strong>με</strong></span> 
     </span>
    </p>
   </div>
   <div class='ocr_carea' id='block_1_105' title="bbox 365 5217 1825 5290">
    <p class='ocr_par' dir='ltr' id='par_1_105' title="bbox 365 5217 1825 5290">
     <span class='ocr_line' id='line_1_105' title="bbox 365 5217 1825 5290; baseline -0.009 -8"><span class='ocrx_word' id='word_1_727' title='bbox 365 5243 523 5290; x_wconf 71' lang='lat' dir='ltr'><strong>mn,</strong></span> <span class='ocrx_word' id='word_1_728' title='bbox 570 5217 684 5279; x_wconf 48' lang='lat' dir='ltr'><strong>19f</strong></span> <span class='ocrx_word' id='word_1_729' title='bbox 737 5224 781 5258; x_wconf 82' lang='lat'><strong>&quot;</strong></span> <span class='ocrx_word' id='word_1_730' title='bbox 808 5222 1009 5278; x_wconf 85' lang='lat' dir='ltr'><strong>Ezech.</strong></span> <span class='ocrx_word' id='word_1_731' title='bbox 1046 5217 1322 5287; x_wconf 62' lang='grc' dir='ltr'>χνιιιζὸἓ,</span> <span class='ocrx_word' id='word_1_732' title='bbox 1363 5217 1472 5284; x_wconf 74' lang='lat'><strong>23;</strong></span> <span class='ocrx_word' id='word_1_733' title='bbox 1505 5217 1695 5284; x_wconf 61' lang='lat' dir='ltr'><strong>xixut,</strong></span> <span class='ocrx_word' id='word_1_734' title='bbox 1740 5217 1825 5270; x_wconf 81' lang='grc' dir='ltr'>Η.</span> 
     </span>
    </p>
   </div>
   <div class='ocr_carea' id='block_1_106' title="bbox 439 5368 1944 5453">
    <p class='ocr_par' dir='ltr' id='par_1_106' title="bbox 439 5368 1944 5453">
     <span class='ocr_line' id='line_1_106' title="bbox 439 5368 1944 5453; baseline -0.009 -17"><span class='ocrx_word' id='word_1_735' title='bbox 439 5382 555 5453; x_wconf 75' lang='lat'><strong>(&#39;26)</strong></span> <span class='ocrx_word' id='word_1_736' title='bbox 600 5379 748 5453; x_wconf 74' lang='grc' dir='ltr'>Τοὺς</span> <span class='ocrx_word' id='word_1_737' title='bbox 774 5378 873 5453; x_wconf 67' lang='grc' dir='ltr'>διὰ</span> <span class='ocrx_word' id='word_1_738' title='bbox 919 5377 1242 5453; x_wconf 63' lang='grc' dir='ltr'>μετανοίας</span> <span class='ocrx_word' id='word_1_739' title='bbox 1270 5374 1358 5453; x_wconf 40' lang='grc' dir='ltr'><strong>’τὰ</strong></span> <span class='ocrx_word' id='word_1_740' title='bbox 1409 5374 1706 5453; x_wconf 43' lang='grc' dir='ltr'>πρότερον.</span> <span class='ocrx_word' id='word_1_741' title='bbox 1738 5368 1944 5453; x_wconf 63' lang='grc' dir='ltr'>αύτοῖς</span> 
     </span>
    </p>
   </div>
   <div class='ocr_carea' id='block_1_107' title="bbox 366 5443 1945 5518">
    <p class='ocr_par' dir='ltr' id='par_1_107' title="bbox 366 5443 1945 5518">
     <span class='ocr_line' id='line_1_107' title="bbox 366 5443 1945 5518; baseline -0.011 -9"><span class='ocrx_word' id='word_1_742' title='bbox 366 5443 740 5518; x_wconf 61' lang='grc' dir='ltr'>ἐπταισμένά</span> <span class='ocrx_word' id='word_1_743' title='bbox 770 5443 1249 5516; x_wconf 68' lang='grc' dir='ltr'>διοιιθσυμένους.</span> <span class='ocrx_word' id='word_1_744' title='bbox 1270 5445 1383 5499; x_wconf 86' lang='lat' dir='ltr'><strong>Hoc</strong></span> <span class='ocrx_word' id='word_1_745' title='bbox 1402 5456 1504 5506; x_wconf 87' lang='lat' dir='ltr'><strong>est,</strong></span> <span class='ocrx_word' id='word_1_746' title='bbox 1530 5444 1747 5511; x_wconf 65' lang='lat' dir='ltr'><strong>Pelagio</strong></span> <span class='ocrx_word' id='word_1_747' title='bbox 1778 5443 1945 5518; x_wconf 83' lang='lat' dir='ltr'><strong>inter-</strong></span> 
     </span>
    </p>
   </div>
   <div class='ocr_carea' id='block_1_108' title="bbox 1268 5131 1938 5219">
    <p class='ocr_par' dir='ltr' id='par_1_108' title="bbox 1268 5131 1938 5219">
     <span class='ocr_line' id='line_1_108' title="bbox 1268 5131 1938 5219; baseline -0.007 -15"><span class='ocrx_word' id='word_1_748' title='bbox 1268 5131 1391 5218; x_wconf 48' lang='grc' dir='ltr'><strong>ὴαξ</strong></span> <span class='ocrx_word' id='word_1_749' title='bbox 1407 5131 1708 5219; x_wconf 75' lang='grc' dir='ltr'>γενόμενος</span> <span class='ocrx_word' id='word_1_750' title='bbox 1737 5147 1832 5219; x_wconf 73' lang='grc' dir='ltr'>τοῦ</span> <span class='ocrx_word' id='word_1_751' title='bbox 1874 5163 1938 5200; x_wconf 84' lang='grc' dir='ltr'><strong>πο</strong></span> 
     </span>
    </p>
   </div>
   <div class='ocr_carea' id='block_1_109' title="bbox 2038 5131 3620 5219">
    <p class='ocr_par' dir='ltr' id='par_1_109' title="bbox 2038 5131 3620 5200">
     <span class='ocr_line' id='line_1_109' title="bbox 2038 5131 3620 5200; baseline -0.007 -2"><span class='ocrx_word' id='word_1_752' title='bbox 2038 5146 2157 5199; x_wconf 77' lang='grc' dir='ltr'>ιίου.</span> <span class='ocrx_word' id='word_1_753' title='bbox 2206 5131 2286 5175; x_wconf 80' lang='grc'><strong>”⁸⁸</strong></span> <span class='ocrx_word' id='word_1_754' title='bbox 2320 5131 2407 5195; x_wconf 62' lang='grc' dir='ltr'><strong>ᾸΙ.</strong></span> <span class='ocrx_word' id='word_1_755' title='bbox 2435 5131 2540 5196; x_wconf 76' lang='lat' dir='ltr'><strong>ins.</strong></span> <span class='ocrx_word' id='word_1_756' title='bbox 2567 5131 2609 5192; x_wconf 88' lang='grc' dir='ltr'><strong>’ὁ</strong></span> <span class='ocrx_word' id='word_1_757' title='bbox 2651 5138 2801 5200; x_wconf 80' lang='grc' dir='ltr'>Θεός.</span> <span class='ocrx_word' id='word_1_758' title='bbox 2875 5137 2920 5169; x_wconf 85' lang='grc'>⁸⁷</span> <span class='ocrx_word' id='word_1_759' title='bbox 2952 5134 3218 5190; x_wconf 85' lang='lat' dir='ltr'><strong>Psal.cnt</strong></span> <span class='ocrx_word' id='word_1_760' title='bbox 3268 5131 3359 5187; x_wconf 72' lang='grc'><strong>24.</strong></span> <span class='ocrx_word' id='word_1_761' title='bbox 3432 5131 3479 5164; x_wconf 82' lang='grc'><strong>⁸⁸</strong></span> <span class='ocrx_word' id='word_1_762' title='bbox 3515 5131 3620 5187; x_wconf 87' lang='lat' dir='ltr'><strong>lsa.</strong></span> 
     </span>
    </p>
   </div>
   <div class='ocr_carea' id='block_1_110' title="bbox 2123 5354 3625 5435">
    <p class='ocr_par' dir='ltr' id='par_1_110' title="bbox 2123 5354 3625 5435">
     <span class='ocr_line' id='line_1_110' title="bbox 2123 5354 3625 5435; baseline -0.006 -15"><span class='ocrx_word' id='word_1_763' title='bbox 2123 5365 2233 5435; x_wconf 81' lang='lat'><strong>(‘28)</strong></span> <span class='ocrx_word' id='word_1_764' title='bbox 2275 5361 2633 5435; x_wconf 66' lang='lat' dir='ltr'><strong>Xapdé‘ptor.</strong></span> <span class='ocrx_word' id='word_1_765' title='bbox 2653 5359 2828 5435; x_wconf 69' lang='lat' dir='ltr'><strong>vertit</strong></span> <span class='ocrx_word' id='word_1_766' title='bbox 2851 5358 3100 5435; x_wconf 79' lang='lat' dir='ltr'><strong>Pelagius</strong></span> <span class='ocrx_word' id='word_1_767' title='bbox 3126 5357 3182 5411; x_wconf 90' lang='lat' dir='ltr'><strong>in</strong></span> <span class='ocrx_word' id='word_1_768' title='bbox 3208 5356 3366 5435; x_wconf 67' lang='lat' dir='ltr'><strong>libris</strong></span> <span class='ocrx_word' id='word_1_769' title='bbox 3392 5354 3625 5435; x_wconf 55' lang='lat' dir='ltr'><strong>impres-v</strong></span> 
     </span>
    </p>
   </div>
   <div class='ocr_carea' id='block_1_111' title="bbox 2051 5426 3623 5499">
    <p class='ocr_par' dir='ltr' id='par_1_111' title="bbox 2051 5426 3623 5499">
     <span class='ocr_line' id='line_1_111' title="bbox 2051 5426 3623 5499; baseline -0.008 -6"><span class='ocrx_word' id='word_1_770' title='bbox 2051 5426 2266 5499; x_wconf 48' lang='lat' dir='ltr'><strong>sis‘hic,</strong></span> <span class='ocrx_word' id='word_1_771' title='bbox 2300 5426 2522 5487; x_wconf 67' lang='lat' dir='ltr'><strong>manant</strong></span> <span class='ocrx_word' id='word_1_772' title='bbox 2554 5432 2637 5485; x_wconf 87' lang='lat' dir='ltr'><strong>vel</strong></span> <span class='ocrx_word' id='word_1_773' title='bbox 2674 5431 2866 5484; x_wconf 85' lang='lat' dir='ltr'><strong>budam</strong></span> <span class='ocrx_word' id='word_1_774' title='bbox 2895 5430 2957 5484; x_wconf 86' lang='lat' dir='ltr'><strong>de</strong></span> <span class='ocrx_word' id='word_1_775' title='bbox 2986 5426 3216 5499; x_wconf 74' lang='lat' dir='ltr'><strong>papyro.</strong></span> <span class='ocrx_word' id='word_1_776' title='bbox 3242 5426 3347 5481; x_wconf 88' lang='lat' dir='ltr'><strong>Sed</strong></span> <span class='ocrx_word' id='word_1_777' title='bbox 3366 5428 3623 5499; x_wconf 77' lang='lat' dir='ltr'><strong>antiquus</strong></span> 
     </span>
    </p>
   </div>
   <div class='ocr_carea' id='block_1_112' title="bbox 371 5495 3634 5593">
    <p class='ocr_par' dir='ltr' id='par_1_112' title="bbox 371 5495 3634 5593">
     <span class='ocr_line' id='line_1_112' title="bbox 371 5495 3634 5593; baseline -0.008 -16"><span class='ocrx_word' id='word_1_778' title='bbox 371 5495 887 5593; x_wconf 53' lang='grc' dir='ltr'><strong>ᾗῖέιῖιῖιξὶῐίάᾶἶ</strong></span> <span class='ocrx_word' id='word_1_779' title='bbox 904 5495 1732 5593; x_wconf 41' lang='lat' dir='ltr'><strong>&#39;ﬁTﬁlzhiiehiiain&#39;&quot;singultim</strong></span> <span class='ocrx_word' id='word_1_780' title='bbox 1761 5512 1945 5593; x_wconf 63' lang='lat' dir='ltr'><strong>priora</strong></span> <span class='ocrx_word' id='word_1_781' title='bbox 2051 5508 2221 5561; x_wconf 81' lang='lat' dir='ltr'><strong>codex</strong></span> <span class='ocrx_word' id='word_1_782' title='bbox 2244 5495 2577 5593; x_wconf 40' lang='lat' dir='ltr'><strong>(monasterii</strong></span> <span class='ocrx_word' id='word_1_783' title='bbox 2607 5500 2957 5593; x_wconf 61' lang='lat' dir='ltr'><strong>Qorbeiensis</strong></span> <span class='ocrx_word' id='word_1_784' title='bbox 2977 5495 3409 5593; x_wconf 38' lang='lat' dir='ltr'><strong>habetzbyrsam</strong></span> <span class='ocrx_word' id='word_1_785' title='bbox 3444 5495 3508 5550; x_wconf 81' lang='lat' dir='ltr'><strong>de</strong></span> <span class='ocrx_word' id='word_1_786' title='bbox 3530 5512 3634 5564; x_wconf 87' lang='lat' dir='ltr'><strong>pa-</strong></span> 
     </span>
    </p>
   </div>
   <div class='ocr_carea' id='block_1_113' title="bbox 371 5580 1941 5653">
    <p class='ocr_par' dir='ltr' id='par_1_113' title="bbox 371 5580 1941 5653">
     <span class='ocr_line' id='line_1_113' title="bbox 371 5580 1941 5653; baseline -0.011 0"><span class='ocrx_word' id='word_1_787' title='bbox 371 5580 587 5653; x_wconf 60' lang='lat' dir='ltr'><strong>;Ieticta.</strong></span> <span class='ocrx_word' id='word_1_788' title='bbox 612 5580 862 5642; x_wconf 65' lang='lat' dir='ltr'><strong>Protlive</strong></span> <span class='ocrx_word' id='word_1_789' title='bbox 892 5580 995 5640; x_wconf 79' lang='lat' dir='ltr'><strong>fuit</strong></span> <span class='ocrx_word' id='word_1_790' title='bbox 1019 5580 1300 5641; x_wconf 76' lang='lat' dir='ltr'><strong>emendant</strong></span> <span class='ocrx_word' id='word_1_791' title='bbox 1324 5592 1533 5641; x_wconf 87' lang='lat' dir='ltr'><strong>vertere</strong></span> <span class='ocrx_word' id='word_1_792' title='bbox 1556 5583 1610 5637; x_wconf 90' lang='lat' dir='ltr'><strong>in</strong></span> <span class='ocrx_word' id='word_1_793' title='bbox 1635 5580 1941 5637; x_wconf 84' lang='lat' dir='ltr'><strong>emundant.</strong></span> 
     </span>
    </p>
   </div>
   <div class='ocr_carea' id='block_1_114' title="bbox 449 5656 1122 5731">
    <p class='ocr_par' dir='ltr' id='par_1_114' title="bbox 449 5656 1122 5731">
     <span class='ocr_line' id='line_1_114' title="bbox 449 5656 1122 5731; baseline -0.01 -15"><span class='ocrx_word' id='word_1_794' title='bbox 449 5664 556 5731; x_wconf 54' lang='lat'><strong>{‘27)</strong></span> <span class='ocrx_word' id='word_1_795' title='bbox 608 5658 712 5710; x_wconf 61' lang='lat' dir='ltr'><strong>Vit.</strong></span> <span class='ocrx_word' id='word_1_796' title='bbox 754 5656 903 5716; x_wconf 83' lang='lat' dir='ltr'><strong>Patr,</strong></span> <span class='ocrx_word' id='word_1_797' title='bbox 943 5673 997 5715; x_wconf 77' lang='grc' dir='ltr'>χ,</span> <span class='ocrx_word' id='word_1_798' title='bbox 1033 5658 1122 5711; x_wconf 77' lang='lat'><strong>76.</strong></span> 
     </span>
    </p>
   </div>
   <div class='ocr_carea' id='block_1_115' title="bbox 2049 5571 3466 5647">
    <p class='ocr_par' dir='ltr' id='par_1_115' title="bbox 2049 5571 3466 5647">
     <span class='ocr_line' id='line_1_115' title="bbox 2049 5571 3466 5647; baseline -0.009 -17"><span class='ocrx_word' id='word_1_799' title='bbox 2049 5592 2199 5647; x_wconf 83' lang='lat' dir='ltr'><strong>pyra.</strong></span> <span class='ocrx_word' id='word_1_800' title='bbox 2244 5574 2662 5631; x_wconf 84' lang='lat' dir='ltr'><strong>Suessionensis</strong></span> <span class='ocrx_word' id='word_1_801' title='bbox 2695 5580 2899 5635; x_wconf 83' lang='lat' dir='ltr'><strong>autem,</strong></span> <span class='ocrx_word' id='word_1_802' title='bbox 2932 5571 3123 5624; x_wconf 83' lang='lat' dir='ltr'><strong>bttdam</strong></span> <span class='ocrx_word' id='word_1_803' title='bbox 3159 5573 3221 5623; x_wconf 79' lang='lat' dir='ltr'><strong>de</strong></span> <span class='ocrx_word' id='word_1_804' title='bbox 3248 5582 3466 5639; x_wconf 72' lang='lat' dir='ltr'><strong>papyro.</strong></span> 
     </span>
    </p>
   </div>
  </div>
