4020 6196
397 295 496 354 587

1509 273 1843 332 APPENDIX
1886 273 1978 327 AD
2010 267 2429 326 I’ALLADIUM.

3546 255 3656 312 πει

399 402 689 476 Egyptius
736 399 886 453 illum
921 391 1172 448 delicatis
1199 389 1445 446 vestibus
1485 388 1757 450 indutum,
1807 397 1970 458 atque
2001 444 2002 449 η

2103 387 2167 439 .al
2197 380 2632 456 προσκεφάλαιον
2660 377 2880 448 μικρόν·
2915 377 3108 447 ἔχοντα
3132 376 3188 430 δὲ
3217 375 3313 429 καὶ
3340 374 3470 437 τοὺς
3485 373 3659 434 πόδας

400 508 622 550 mattam
655 507 716 544 ac
747 489 937 559 pellem
977 484 1084 538 sub
1126 499 1210 547 eo,
1257 481 1383 535 item
1425 495 1650 551 parvum
1690 479 1968 548 pulvinar;

405 587 470 639 ad
519 585 631 636 haec
676 579 878 633 nitidos
920 576 1124 630 habere
1158 572 1324 643 pedes
1371 588 1494 626 cum
1551 570 1832 624 sandaliis.
1879 569 1974 624 llis

401 672 561 734 visis,
591 667 912 722 scandalum
950 678 1147 734 passus
1176 669 1280 722 est,
1316 659 1459 730 quod
1490 676 1554 713 eo
1589 659 1693 711 laci
1722 675 1827 712 non
1852 659 1975 712 talis

405 772 556 818 esset
595 759 788 831 agendi
825 757 984 822 ratio,
1019 755 1113 810 sed
1143 755 1327 825 potius
1360 755 1481 806 vita:
1511 753 1764 806 durities.
1799 752 1976 806 Senex

404 861 605 914 autem,
642 858 829 919 utpote
864 847 1197 917 perspicacia
1222 845 1480 905 donatus,
1510 844 1775 896 intellexit
1803 843 1975 911 ipsum

404 944 669 996 oITensum
699 983 713 1005 ,
754 942 936 1008 aitque
986 938 1240 991 ministro
1289 952 1428 989 suo:
1473 934 1579 989 Fac
1631 936 1787 988 nobis
1838 935 1980 987 hunc

404 1037 546 1089 diem
589 1033 806 1091 festum,
845 1037 1068 1098 propter
1112 1029 1387 1081 abbatem.
1423 1026 1545 1080 Erat
1582 1042 1746 1096 porro
1776 1026 1850 1079 illi
1889 1042 1982 1095 pa-

405 1142 525 1180 rum
575 1124 770 1186 oleris;
823 1130 873 1174 et
918 1120 1107 1182 coxit,
1163 1134 1398 1186 cumque
1445 1127 1656 1188 tempus
1707 1117 1980 1180 venisset,

406 1221 713 1283 surgentes,
747 1209 1121 1264 comederunt.
1160 1205 1360 1258 llabuit
1387 1205 1551 1258 etiam
1585 1219 1752 1258 senex
1787 1216 1981 1272 parum

407 1305 516 1358 viui
560 1311 780 1372 propter
815 1298 1186 1354 inﬁrmitatem
1243 1312 1442 1362 suam;
1499 1294 1645 1366 quod
1707 1294 1980 1350 biberunt.

411 1395 586 1466 thue
617 1407 844 1462 vespera
891 1390 1132 1453 advenit,
1175 1389 1480 1444 recitarunt
1509 1386 1798 1441 duodecim
1840 1385 1985 1455 psal-

407 1502 546 1548 mos,
572 1496 759 1556 postea
785 1485 967 1538 ierunt
987 1482 1255 1536 cubitum.
1288 1480 1412 1534 Pari
1437 1479 1598 1533 modo
1623 1489 1804 1532 noctu.
1831 1477 1986 1531 Mane

411 1591 538 1631 vero
570 1591 802 1645 surgens
831 1574 1146 1645 Egyptius,
1190 1572 1321 1626 dicit
1347 1571 1394 1626 ei
1425 1589 1438 1624 :
1466 1567 1574 1625 Ora
1605 1585 1703 1638 pro
1739 1583 1844 1622 me.
1885 1570 1986 1620 At-

409 1686 514 1739 que
545 1670 698 1728 exiit,
744 1668 889 1722 nulla
924 1673 1177 1736 percepta
1210 1665 1464 1718 utilitate.
1501 1661 1772 1716 Caeterum
1814 1675 1989 1731 pauco

411 1737 534 1828 post
566 1760 713 1812 illius
743 1757 1048 1812 discessum
1084 1763 1350 1824 tempore,
1395 1768 1564 1807 senex
1609 1751 1706 1822 qui
1751 1751 1909 1805 vellet
1939 1749 1989 1804 ei
2023 1737 2062 1792 Β

413 1867 537 1905 esse
576 1850 748 1912 utilis,
787 1848 1013 1903 mittens
1065 1846 1343 1900 revocavit
1385 1860 1530 1899 eum.
1591 1842 1654 1896 Et
1703 1852 1990 1912 postquam

412 1941 688 2004 rediisset,
719 1941 914 1994 iterum
950 1939 1192 2007 suscepit
1217 1937 1368 1990 illum
1399 1937 1586 1998 laetus;
1623 1942 1733 1987 tum
1767 1933 1995 1986 interro-

411 2032 591 2098 gavit,
631 2031 734 2084 hoc
777 2037 935 2100 pacto
967 2049 978 2083 :
1009 2028 1178 2098 Cujus
1222 2028 1461 2098 regionis
1503 2026 1606 2082 es?
1645 2023 1990 2094 Respondit:

415 2123 704 2193 Egyptius
735 2137 878 2178 sum.
921 2121 1088 2189 Cujus
1119 2135 1244 2174 vero
1288 2119 1477 2174 urbis?
1517 2119 1648 2173 llIe:
1682 2116 1794 2188 Ego
1838 2116 1996 2186 plane

414 2232 476 2268 ex
515 2215 651 2268 urbe
694 2229 803 2267 non
851 2229 992 2266 sum.
1040 2210 1270 2281 Rogavit
1311 2209 1644 2275 :Quodnam
1692 2217 1810 2262 erat
1857 2221 1996 2276 opus

417 2314 567 2358 tuum
619 2304 674 2358 in
725 2313 818 2357 tuo
867 2303 1031 2362 vico?
1067 2302 1331 2372 Excepit:
1375 2301 1536 2355 Eram
1590 2307 1800 2354 custos.
1859 2299 1993 2352 Ait:

418 2393 646 2448 Ubinam
678 2393 1024 2448 dormiebas?
1056 2391 1183 2446 Ille:
1213 2389 1267 2445 In
1301 2404 1453 2458 agro.
1489 2387 1764 2451 Habuisti,
1794 2387 1994 2456 inquit,

417 2492 649 2539 stratum
691 2484 795 2539 sub
838 2483 926 2537 te?
974 2481 1316 2551 Responsum
1363 2479 1555 2533 dedit:
1598 2478 1838 2541 Scilicet,
1883 2479 1996 2532 ruri

419 2572 720 2643 stragulum
787 2571 1093 2640 posuissem
1167 2570 1270 2623 sub
1344 2568 1466 2622 me?
1522 2567 1624 2623 Sed
1692 2567 1999 2636 quomodo?

422 2664 599 2718 Humi.
656 2663 852 2716 Iterum
884 2661 1165 2715 Romanus
1207 2659 1598 2728 interrogavit:
1631 2657 1695 2710 Et
1723 2671 1832 2726 quo
1878 2664 1999 2710 ute-

423 2755 570 2810 baris
601 2754 725 2807 cibo
753 2753 805 2806 in
841 2767 991 2823 agro,
1028 2759 1121 2804 aut
1152 2750 1295 2820 quod
1329 2753 1512 2803 vinum
1546 2749 1808 2803 bibebas?
1836 2748 2002 2818 Egy-

420 2844 566 2914 ptius
617 2857 810 2895 rursus
858 2839 1174 2908 respondit:
1207 2838 1375 2894 Estne
1415 2838 1574 2892 cibus
1617 2837 1700 2892 vel
1751 2845 1911 2906 potus
1947 2838 1999 2893 in

423 2932 586 3000 agro?
609 2929 922 2983 Romanus:
950 2927 1052 2983 Sed
1081 2928 1354 2999 quomodo
1404 2926 1664 2980 vivebas?
1692 2925 1998 2995 Egyptius:

427 3022 816 3077 Handucabam
849 3036 1040 3091 panem
1073 3021 1303 3084 siccum,
1342 3033 1580 3088 cumque
1620 3025 1864 3087 poteram
1894 3017 2003 3071 salo

424 3113 658 3169 sainenti
719 3129 952 3183 parum,
1016 3113 1265 3168 bibebam
1319 3119 1500 3166 autem
1556 3125 1774 3177 aquam.
1825 3109 1997 3163 Senex
2032 3097 2072 3147 (ἶ

428 3203 708 3257 Romanus
735 3220 747 3255 :
774 3201 1001 3270 Magnus
1033 3202 1204 3256 labor.
1240 3201 1408 3256 Estne
1446 3215 1575 3255 vero
1610 3200 1664 3253 in
1702 3215 1840 3270 pago
1886 3199 2004 3253 bal-

426 3309 610 3357 neum,
641 3300 697 3347 ut
731 3293 1020 3346 lavemini?
1053 3292 1338 3363 Egyptius
1365 3312 1377 3346 :
1405 3292 1786 3362 Nequaquam,
1829 3291 1925 3347 sed
1953 3293 2004 3344 in

428 3387 614 3450 Iluvio,
647 3385 868 3454 quando
904 3385 1058 3441 libet.
1094 3384 1387 3454 Postquam
1419 3401 1548 3456 ergo
1587 3386 1798 3454 excepit
1844 3402 1906 3440 ex
1943 3401 2008 3439 eo

429 3495 592 3534 senex
643 3479 756 3533 haec
803 3479 1007 3542 omnia,
1063 3477 1363 3547 didicitque
1416 3479 1616 3548 prioris
1658 3481 1784 3534 vitae
1834 3479 2009 3548 ipsius

428 3585 722 3631 aerumnas,
753 3569 980 3636 cupiens
1001 3570 1049 3623 ei
1076 3569 1355 3637 prodesse,
1388 3569 1632 3622 narravit
1658 3569 1856 3636 prioris
1882 3571 2007 3622 vita:

430 3677 542 3715 suae
576 3661 630 3714 in
663 3660 864 3715 saecqu
907 3669 1138 3721 statum;
1186 3659 1430 3714 referens
1461 3677 1473 3711 :
1511 3658 1593 3714 Me
1644 3659 1818 3723 vides,
1857 3661 2010 3714 nihili

434 3753 740 3816 hominem;
780 3765 1029 3820 magnam
1066 3753 1255 3805 urbem
1288 3749 1513 3804 Romam
1545 3751 1778 3820 patriam
1813 3750 2008 3813 habeo,

433 3853 546 3898 tum
580 3859 810 3912 magnus
845 3843 1028 3898 exstiti
1069 3844 1122 3896 in
1169 3843 1366 3912 palatio
1415 3843 1778 3912 imperatoris.
1815 3841 1884 3898 Ut
1917 3857 2012 3895 au-

433 3947 540 3990 tem
576 3933 784 3987 audivnt
823 3931 1113 4004 Egyptius
1160 3933 1430 3988 sermonis
1478 3933 1714 3998 initium,
1757 3948 2014 4003 compun-

433 4026 612 4078 etione
633 4033 806 4078 tactus
823 4033 927 4086 est,
947 4023 1403 4092 auscultabatque
1427 4024 1618 4078 sedulo
1640 4039 1762 4094 qua:
1782 4024 2009 4078 diceret.

436 4115 634 4169 lterum
664 4117 738 4169 ait
769 4115 817 4169 ei
846 4134 858 4168 :
885 4114 1093 4168 Relicta
1125 4129 1257 4184 ergo
1303 4115 1466 4178 Urbe,
1503 4114 1626 4169 veni
1673 4115 1727 4168 in
1763 4115 2014 4169 solitudi-

436 4224 557 4260 nem
591 4208 754 4259 hanc.
789 4205 870 4260 Me
914 4221 1108 4262 rursus
1143 4222 1302 4276 quem
1338 4207 1522 4270 vides,
1555 4221 1783 4278 magnas
1821 4208 2014 4263 domos

437 4297 678 4366 possedi,
728 4311 859 4364 opes
906 4298 1146 4351 multas:
1193 4298 1630 4368 contemptisque
1680 4299 1810 4362 illis,
1869 4298 2014 4352 subii

441 4403 660 4457 parvam
699 4387 890 4440 cellam
948 4386 1106 4441 hanc.
1163 4387 1273 4458 Ego
1326 4390 1533 4456 adhuc,
1583 4405 1743 4460 quem
1797 4391 2012 4455 cernis,

443 4480 612 4532 lectos
649 4477 812 4531 habui
843 4491 908 4531 ex
941 4491 1074 4530 auro
1120 4478 1315 4540 solido,
1347 4481 1605 4548 pretiosis
1636 4482 1898 4552 stragulis
1927 4496 2015 4534 or-

442 4577 635 4634 natos;
672 4583 770 4638 pro
807 4567 1008 4637 quibus
1043 4556 1188 4621 Deus
1221 4568 1368 4622 dedit
1414 4569 1573 4623 istam
1616 4579 1836 4624 mattam
1889 4587 2013 4625 eum

443 4659 545 4713 ista
580 4659 734 4728 pelle.
781 4657 861 4712 Ad
897 4658 1042 4723 haec,
1089 4659 1412 4714 vestimenta
1463 4676 1580 4715 mea
1626 4663 1808 4731 magni
1857 4661 2016 4731 pretii

443 4759 634 4815 erant;
673 4758 727 4805 et
758 4766 858 4819 pro
892 4750 1020 4814 illis,
1053 4758 1206 4822 gesto
1235 4751 1350 4806 hzec
1383 4751 1530 4804 vilia.
1566 4751 1717 4815 Item,
1753 4753 2018 4822 ad-pran-

445 4843 593 4896 dium
645 4857 861 4905 meum,
912 4843 1030 4895 auri
1078 4841 1308 4896 multum
1370 4841 1786 4910 impendebatur
1815 4867 1824 4897 ;
1857 4844 2016 4913 cujus

446 4934 562 4988 vice
597 4931 788 4985 tribuit
817 4931 950 4985 mihi
983 4930 1126 4986 Deus
1172 4932 1273 4986 hoc
1315 4932 1622 4986 olusculum
1673 4939 1836 5002 atque
1869 4933 2015 4988 hunc

449 5038 675 5092 parvum
710 5021 821 5076 vini
859 5022 1102 5077 calicem.
1139 5021 1306 5076 Erant
1338 5030 1596 5092 praeterea
1642 5025 2015 5080 ministrantes

451 5116 602 5184 pueri
643 5115 832 5180 multi;
866 5123 921 5170 et
957 5128 1083 5169 ecce
1113 5113 1328 5168 illorum
1360 5115 1501 5179 loco,
1543 5115 1828 5185 inspiravit
1871 5116 2014 5173 Deus

451 5204 579 5258 huic
625 5205 741 5259 seni
773 5215 831 5258 ut
863 5205 1136 5260 ministret
1179 5205 1329 5259 mihi.
1363 5203 1590 5276 Insuper
1635 5208 1753 5262 vice
1798 5207 2014 5273 balnei,

456 5309 644 5362 parum
685 5309 837 5364 aquae
871 5297 1027 5350 mitto
1062 5295 1116 5350 in
1153 5297 1318 5366 pedes
1351 5313 1530 5363 meos;
1573 5299 1816 5353 sandalia
1851 5301 2014 5355 etiam

453 5401 584 5458 gero
623 5389 692 5441 ob
728 5388 1076 5446 debilitatem.
1130 5387 1340 5454 Itidem,
1387 5390 1440 5444 in
1483 5390 1660 5445 locum
1695 5391 1930 5446 musices
1963 5401 2017 5444 et

454 5492 804 5546 organorum,
838 5480 1054 5547 profero
1104 5481 1388 5536 duodecim
1437 5482 1695 5552 psalmos.
1752 5480 2018 5535 Similiter

2075 475 2371 543 καθαροὺς
2391 471 2528 543 μετὰ
2564 469 2858 524 σανδαλξων
2882 486 2894 500 ·
2924 469 3019 522 καὶ
3035 468 3209 522 ταῦτα
3241 466 3364 520 ἰδὼν
3395 467 3662 519 ἐσκανδα-

2075 567 2252 637 λίσθη,
2285 567 2363 618 ὅτι
2400 567 2458 616 ἐν
2479 564 2555 634 τῷ
2574 563 2723 633 τόπῳ
2757 562 2854 631 ούχ
2885 561 3098 632 ὑπῆρχε
3137 559 3364 630 τοιαύτη
3388 558 3661 630 διαγωγὴ,

2076 656 2209 710 ἀλλὰ
2239 655 2436 726 μᾶλλον
2478 652 2886 722 σκληραγωγία.
2919 650 3023 704 Kal
3059 649 3364 720 διορατικὸς
3393 648 3469 702 ὣν
3506 651 3536 702 6
3569 649 3667 717 τέ-

2081 765 2187 818 ρων
2225 747 2444 814 ἐνόησεν
2472 746 2552 797 ὅτι
2597 743 3012 813 ἐσκανδαλίσθη,
3054 743 3148 794 καὶ
3172 741 3319 809 λέγει
3350 739 3428 810 τῷ
3458 741 3668 811 ὑπηρε-

2078 837 2258 891 τοῦντι
2283 837 2442 888 αύτόν
2455 836 2592 870 ’⁰ε⁹¹·
2620 835 2849 904 Ποίησον
2875 836 3004 904 ἡμῖν
3037 831 3226 904 ἑορτὴν
3257 831 3345 884 διὰ
3369 832 3459 884 τὸν
3490 831 3668 886 ἀόὃᾶν

2083 929 2340 998 σήμερον.
2373 926 2680 997 Εύκαὶρησε
2703 926 2757 978 δὲ
2800 926 2994 997 μικρὸν
3032 923 3286 994 λάχανον,
3323 925 3416 978 καὶ
3442 922 3622 993 ἥψησε
3647 941 3662 953 ο

2083 1021 2176 1074 καὶ
2203 1022 2268 1089 τῇ
2299 1018 2418 1094 ὥρᾳ
2468 1019 2796 1080 ἀναστάντες
2839 1019 3060 1086 ἔφαγον.
3095 1013 3221 1086 Εἶχε
3261 1016 3316 1069 δὲ
3350 1016 3441 1068 καὶ
3470 1014 3667 1086 μικρὸν

2081 1107 2221 1162 οἶνον
2249 1110 2335 1162 διὰ
2369 1111 2466 1180 τὴν
2505 1109 2787 1164 ἀσθένειαν
2821 1108 2985 1162 αὑτοῦ
3030 1109 3058 1160 6
3103 1107 3317 1177 γέρωνο
3353 1107 3447 1160 καὶ
3486 1108 3664 1160 ἔπιον.

2085 1200 2191 1256 Καὶ
2245 1201 2320 1263 ὼς
2376 1185 2591 1268 ἐγένετο
2634 1199 2752 1269 ὀψὲ,
2788 1198 2978 1252 ἔϐαλον
3007 1200 3130 1262 τοὺς
3155 1197 3361 1250 δώδεκα
3392 1197 3666 1267 ψαλμοὺς,

2087 1294 2179 1346 καὶ
2209 1293 2610 1364 ἐκοιμήθησανο
2641 1292 2840 1362 ὁμοίως
2865 1292 2921 1344 δὲ
2950 1293 3044 1344 καὶ
3071 1291 3169 1362 τὴν
3198 1290 3388 1344 νύκτα.
3407 1292 3672 1358 Ἀναστὰς

2085 1382 2143 1434 δὲ
2182 1383 2241 1435 τὸ
2274 1385 2318 1414 θ’
2349 1382 2494 1454 πρωῒ
2519 1385 2546 1435 6
2573 1382 2886 1451 Αἰγύπτιος,
2931 1381 3080 1448 λέγει
3116 1380 3298 1451 αύτῷ·
3332 1377 3497 1444 Εὖξαι
3529 1381 3669 1450 ὑπὲρ

2089 1475 2246 1546 ἐμοῦ.
2304 1477 2415 1528 Kal
2481 1473 2672 1545 ὲξῆλθε
2727 1474 2800 1545 μὴ
2837 1472 3156 1543 ὡφεληθείς.
3194 1473 3303 1525 Kal
3342 1473 3417 1536 ὡς
3461 1473 3670 1544 ἀπῆλθε

2094 1568 2310 1639 μικρὸν,
2338 1566 2507 1620 θέλων
2525 1569 2552 1620 6
2572 1567 2749 1640 γέρων
2773 1565 3052 1634 ὠφελῆσαι
3074 1565 3253 1626 αὐτὸν,
3294 1564 3514 1635 πέμψας
3540 1582 3671 1635 μετ-

2091 1659 2386 1712 εκαλέσατο
2433 1658 2628 1712 αὐτόν·
2688 1657 2782 1710 καὶ
2832 1657 2905 1719 ὼς
2953 1652 3103 1726 ἦλθε,
3143 1655 3280 1726 μετά
3309 1658 3480 1727 χαρᾶς
3511 1656 3672 1710 πάλιν

2091 1751 2307 1817 ἐδέξατο
2361 1748 2560 1812 αὐτὸν,
2634 1749 2730 1801 καὶ
2791 1746 3145 1817 ἐπηρώτησεν
3206 1747 3406 1801 αὑτὸν.
3459 1746 3669 1812 λέγων·

2093 1845 2260 1906 Ποίας
2310 1844 2493 1915 χώρας
2545 1837 2629 1906 εἷ;
2689 1840 2799 1893 Kal
2873 1839 3049 1908 λέγει’
3136 1838 3451 1907 Αἰγύπτιος.
3510 1839 3676 1902 [ιοίας

2093 1935 2150 1990 δὲ
2181 1935 2387 1998 πόλεως
2414 1951 2428 1998 ;
2469 1935 2527 1987 Ὀ
2556 1933 2610 1986 δὲ
2645 1932 2746 2001 ἔφη
2770 1948 2782 1962 °
2816 1929 2956 1998 Ἐγὼ
2975 1931 3112 1994 ὅλως
3146 1931 3246 1983 οὐκ
3279 1929 3396 2000 εἰμὶ
3428 1929 3669 1998 πολίτης.

2096 2024 2209 2075 Kal
2241 2023 2417 2090 λέγει·
2457 2020 2521 2074 Ti
2555 2015 2622 2091 ἦν
2657 2019 2717 2072 τὸ
2743 2018 2903 2089 ἔργον
2935 2034 3028 2075 σου
3055 2020 3135 2081 εἰς
3179 2018 3276 2088 τὴν
3308 2017 3501 2087 κώμην
3539 2033 3670 2081 acu;

2096 2116 2205 2170 Kal
2239 2114 2423 2182 λέγει·
2455 2113 2728 2182 Τηρητής.
2754 2112 2862 2162 Kal
2899 2110 3046 2178 λέγει
3069 2127 3080 2138 ·
3121 2108 3231 2162 Ποῦ
3258 2108 3496 2178 ἐκοιμῶ;
3537 2109 3597 2162 '0
3621 2109 3677 2162 δὲ

2097 2203 2246 2258 εἶπεν
2271 2221 2283 2233 ·
2313 2206 2406 2267 El;
2447 2203 2538 2256 τὸν
2565 2202 2754 2274 ἀγρόν.
2793 2197 2971 2272 Εἶχες,
3021 2204 3176 2276 φησι,
3227 2201 3518 2275 στρωμνὴν
3541 2201 3677 2252 ὑπο-

2097 2297 2246 2351 κάτω
2286 2313 2378 2349 σου
2406 2315 2421 2358 ;
2454 2296 2564 2349 Kal
2621 2295 2768 2362 λέγει
2791 2311 2804 2328 ο
2857 2296 2984 2361 Nal,
3021 2297 3101 2358 εἰς
3128 2295 3295 2366 ἀγρὸν
3320 2290 3464 2365 εἶχον
3508 2293 3684 2352 θεῖναι

2100 2387 2328 2460 στρῶμα
2361 2386 2616 2442 ὑποκάτω
2643 2403 2780 2456 μους
2813 2387 2972 2440 Ἀλλὰ
2999 2387 3150 2450 πῶςῖ
3183 2382 3320 2440 Εἶπε
3342 2387 3400 2440 δέ
3421 2403 3435 2416 ⁸
3467 2387 3678 2458 Χαμαί.

2100 2480 2260 2549 Λέγει
2287 2479 2434 2548 αύτῷ
2458 2478 2616 2531 πάλιν
2635 2496 2647 2509 ·
2665 2469 2774 2530 Καὶ
2793 2479 2844 2530 τι
2866 2474 3006 2548 εἶχες
3036 2477 3230 2548 βρῶμα
3254 2479 3334 2542 εἰς
3356 2478 3447 2531 τὸν
3479 2478 3682 2550 ἁγρόν;
3741 2499 3744 2502 ’

2099 2569 2132 2640 ἢ
2159 2572 2308 2624 ποῖον
2331 2564 2471 2621 οἶνον
2496 2559 2678 2631 ἔπινες
2705 2585 2718 2632 ;
2760 2567 3058 2639 Ἀπεκρίθη
3106 2568 3293 2624 πάλιν·
3331 2571 3450 2622 Ἐνι
3485 2569 3686 2640 βρῶμα

2101 2661 2133 2729 ἢ
2177 2659 2327 2729 πόμα
2355 2661 2440 2722 εἰς
2487 2660 2688 2732 ἀγρόν;
2737 2659 2894 2712 Ἀλλὰ
2938 2663 3053 2723 πῶς
3094 2659 3250 2732 ἕζης;
3282 2661 3434 2732 φησί.
3475 2662 3638 2730 Λέγει
3667 2679 3682 2692 ·

2106 2753 2330 2806 Ἤσθιον
2364 2751 2525 2823 ξηρὸν
2574 2753 2757 2820 ἄρτον,
2810 2752 2904 2805 καὶ
2934 2754 2981 2804 εἰ
3012 2751 3267 2824 εύρισκον
3297 2753 3493 2825 μικρὸν
3525 2756 3673 2826 ταρίο

2102 2861 2206 2914 χιν,
2239 2847 2332 2898 καὶ⁸
2382 2845 2549 2914 ὕδωρ.
2594 2843 2938 2915 Ἀποκριθεὶς
2966 2845 3022 2897 δὲ
3045 2845 3074 2895 6
3101 2845 3278 2916 γέρων
3309 2842 3430 2899 εἶπε
3456 2864 3469 2876 ·
3494 2848 3686 2915 Μέγας

2103 2937 2288 2999 κόπος.
2319 2935 2436 2990 Ἕνι
2494 2937 2551 2990 δὲ
2597 2937 2691 2989 καὶ
2737 2937 3017 3006 βαλανεῖον
3073 2939 3154 3000 εἰς
3204 2937 3304 3008 τὴν
3337 2938 3558 3009 κώμην,
3597 2939 3687 2991 ἵνα

2103 3027 2364 3098 λούησθε;
2409 3029 2466 3081 '0
2499 3028 2555 3080 δὲ
2598 3024 2752 3082 εἶπεν
2777 3045 2792 3058 ·
2823 3028 2956 3099 Οὐχί
2977 3043 2989 3057 ⁸
3025 3029 3161 3082 ἀλλὰ
3186 3031 3266 3093 εἰς
3298 3029 3390 3082 τὸν
3437 3031 3689 3100 ποταμὸν

2108 3118 2193 3170 ὅτε
2231 3117 2477 3191 θέλομεν.
2512 3117 2597 3180 Ὠς
2643 3114 2735 3171 οὖν
2765 3118 3016 3184 ἐξέλαϐεν
3059 3117 3105 3149 ⁵³
3132 3117 3294 3170 αὐτὸν
3335 3120 3364 3172 6
3392 3118 3570 3189 γέρων
3607 3120 3690 3181 εἰς

2109 3205 2282 3262 ταῦτα
2328 3208 2528 3271 πάντα,
2584 3208 2678 3261 καί
2715 3207 2884 3278 ἔμαθε
2933 3205 3026 3261 τοῦ
3077 3207 3341 3278 προτέρου
3373 3208 3487 3278 βίου
3521 3207 3690 3262 αὑτοῦ

2109 3296 2206 3368 τὴν
2237 3297 2438 3366 θλῖψιν,
2475 3298 2648 3351 θέλων
2677 3299 2838 3351 αὑτὸν
2867 3297 3180 3368 ὠφελῆσαι,
3206 3298 3507 3369 διηγήσατο
3539 3299 3692 3368 αὐτῷ

2109 3389 2206 3459 τὴν
2255 3388 2526 3460 προτέραν
2577 3389 2744 3444 αὐτοῦ
2797 3389 3075 3460 διαγωγὴν
3120 3390 3218 3458 τὴν
3269 3390 3328 3440 ἐν
3356 3388 3434 3458 τῷ
3471 3389 3687 3458 κόσμῳ,

2110 3479 2282 3548 λέγων
2305 3497 2318 3511 ο
2375 3481 2505 3551 Ἐμὲ
2528 3481 2619 3533 τὸν
2651 3481 2907 3532 ταπεινὸν
2938 3480 2996 3532 ὃν
3025 3480 3263 3548 βλέπεις,
3299 3481 3363 3532 ὲκ
3384 3480 3481 3548 τῆς
3519 3479 3694 3548 μεγὰ⁹

2111 3569 2209 3638 λης
2239 3571 2448 3633 πόλεως
2489 3569 2709 3640 Ῥώμης
2742 3571 2878 3640 εἰμὶ,
2938 3570 3031 3623 καὶ
3084 3570 3255 3638 μέγας
3291 3571 3488 3639 γέγονα
3522 3573 3600 3633 είς
3629 3571 3694 3623 τὸ

2113 3663 2374 3717 παλάτιον
2405 3662 2500 3715 τοῦ
2537 3662 2822 3732 βασιλέως.
2863 3662 2972 3714 Kal
3003 3663 3078 3724 ὡς
3099 3662 3298 3731 ήκουσε
3333 3665 3361 3714 6
3385 3661 3694 3725 Αἰγύπτιος

2113 3755 2209 3826 τὴν
2238 3755 2412 3825 ἀρχὴν
2445 3754 2536 3807 τοῦ
2565 3753 2744 3821 λόγου,
2770 3753 3070 3824 κατενύγη,
3103 3754 3198 3806 καὶ
3229 3754 3423 3821 ἧκουεν
3445 3751 3692 3822 ἀκριϐῶς

2113 3843 2180 3896 τὰ
2242 3843 2507 3912 λεγόμενα
2572 3842 2700 3912 παρ’
2765 3843 2952 3895 αὑτοῦ.
3005 3842 3172 3895 Πάλιν
3218 3841 3272 3894 δὲ
3315 3840 3465 3908 λέγει
3500 3841 3690 3910 αὐτῷ·

2116 3935 2418 3987 Κατέλιπον
2454 3929 2546 3985 οὖν
2577 3935 2675 4004 τὴν
2715 3933 2889 3997 πόλιν,
2928 3933 3022 3984 ml
3049 3927 3210 4002 ἦλθον
3247 3933 3327 3994 εἰς
3357 3933 3691 4007 τὴνέρημον

2115 4026 2342 4098 ταύτην·
2378 4025 2480 4088 καὶ,
2503 4023 2662 4077 πάλιν
2703 4024 2802 4094 ἐμὲ
2838 4023 2895 4076 ὃν
2927 4022 3164 4093 βλέπεις,
3209 4023 3389 4084 οἴκους
3424 4022 3691 4094 μεγάλους

2116 4107 2258 4187 εἶχον
2281 4117 2375 4169 καὶ
2407 4118 2664 4187 χρήματα
2691 4117 2736 4147 ⁸⁸
2758 4116 2927 4170 πολλά
2947 4133 2959 4146 ·
3007 4119 3102 4170 xal
3135 4118 3558 4188 καταφρονήσας
3588 4115 3688 4169 αὑ·

2115 4209 2244 4272 τῶν,
2273 4203 2435 4277 ἦλθον
2459 4210 2537 4270 εἰς
2568 4207 2626 4260 τὸ
2652 4208 2847 4278 μικρὸν
2872 4207 3082 4261 κελλίον
3101 4208 3275 4262 τοῦτο·
3297 4208 3391 4261 καὶ
3409 4208 3567 4262 πάλιν
3588 4206 3688 4276 ἐμὲ

2116 4299 2174 4352 ὃν
2209 4299 2444 4369 βλέπεις,
2478 4299 2823 4370 κραϐὅάτους
2884 4295 3030 4370 εἶχον
3075 4298 3421 4370 ὁλοχρύσους.
3469 4299 3687 4370 ἔχοντας

2119 4388 2445 4458 πολυτίμους
2475 4389 2782 4460 στρωμνάς·
2817 4388 2912 4442 καὶ
2943 4389 3057 4443 ἀντ’
3083 4389 3283 4451 αὐτῶν,
3314 4389 3514 4444 δέδωκέ
3548 4405 3637 4458 μοι
3656 4389 3686 4438 6

2119 4481 2248 4543 Θεὸς
2285 4480 2346 4533 τὸ
2371 4482 2660 4552 χαράδριον
2692 4480 2845 4533 τοῦτο
2868 4481 3040 4534 καὶτὸ
3065 4480 3239 4554 δέρμα
3263 4495 3274 4508 ’
3309 4479 3469 4533 πάλιν
3503 4480 3569 4532 τὰ.
3599 4479 3685 4530 ὲν-

2116 4572 2176 4625 δύ
2185 4573 2331 4643 ματά
2357 4589 2457 4643 μου
2495 4572 2691 4642 πολλῆς
2714 4573 2878 4643 τιμῆς
2901 4571 3026 4636 ἄξια
3048 4567 3115 4642 ἦν
3132 4588 3144 4601 ο
3177 4572 3269 4624 καὶ
3301 4571 3422 4624 ἀντὶ
3447 4569 3686 4632 ἐκείνων,

2119 4665 2268 4735 φορῶ
2302 4664 2370 4718 τὰ
2396 4664 2586 4734 εύτελῆ
2616 4663 2789 4716 ταῦτα
2825 4664 3014 4734 ἱμάτια
3033 4681 3046 4694 ·
3076 4662 3236 4718 πάλιν
3265 4664 3344 4724 εἰς
3376 4662 3436 4714 τὸ
3473 4659 3690 4732 ἄριστόν

2121 4774 2223 4826 μου
2286 4755 2418 4808 πολὺ
2461 4755 2682 4826 χρυσέον
2738 4754 3094 4826 ἀνηλίσκετο’
3148 4754 3241 4806 καὶ¹
3291 4753 3410 4806 ἀντὶ
3457 4751 3690 4815 ἐκείνου,

2118 4847 2284 4901 ἔδωκέ
2305 4864 2393 4917 μοι
2424 4848 2451 4899 ὁ
2485 4846 2616 4909 Θεὸς
2667 4846 2728 4900 τὸ
2761 4847 2954 4919 μικρὸν
2998 4846 3226 4916 λάχανον
3271 4844 3448 4907 τοῦτο,
3502 4843 3596 4896 καὶ
3633 4841 3694 4895 τὸ

2126 4938 2322 5009 μικρὸν
2355 4940 2611 5009 ποτήριον
2637 4938 2730 4990 τοῦ
2748 4940 2910 4994 οἴνου.
2927 4935 3106 4992 Ἦσαν
3135 4937 3192 4990 δὲ
3217 4939 3264 4992 οἱ
3295 4935 3691 5008 ὑπηρετοῦντές

2126 5048 2214 5100 μοι
2247 5031 2434 5092 παῖδες
2459 5029 2674 5082 πολλοί·
2706 5030 2800 5082 καὶ
2837 5029 2944 5082 ἰδοὺ
2975 5029 3089 5081 ἀντ’
3115 5029 3361 5082 ἐκείνων.
3401 5025 3691 5090 κατένυξεν

2120 5123 2148 5174 6
2181 5121 2312 5183 Θεὸς
2341 5121 2430 5174 τὸν
2447 5120 2679 5192 γέροντα
2702 5119 2890 5172 τοῦτον
2929 5120 3268 5191 ὑπηρετῆσαί
3311 5135 3398 5188 μοι
3427 5135 3440 5147 ·
3475 5117 3595 5170 ἀντὶ
3633 5114 3691 5168 δὲ

2127 5211 2430 5281 βαλανείου,
2487 5212 2663 5282 βάλλω
2704 5212 2764 5264 τὸ
2823 5211 3017 5283 μικρὸν
3063 5210 3207 5280 ὕδωρ
3239 5211 3318 5273 εἰς
3349 5209 3476 5271 τοὺς
3524 5206 3692 5268 πόδας

2127 5318 2249 5369 μου,
2291 5302 2382 5353 καὶ
2414 5301 2480 5352 τὰ
2509 5300 2762 5354 σανδάλια
2790 5301 2876 5354 διὰ
2906 5301 3004 5370 τὴν
3037 5299 3319 5353 ἀσθένειάν
3356 5315 3458 5368 μου
3479 5315 3492 5328 ·
3530 5295 3692 5350 πάλιν

2125 5393 2244 5444 ἀντὶ
2281 5392 2554 5460 μουσικῶν
2579 5395 2671 5445 καὶ
2697 5392 2956 5462 κιθαρῶν,
2992 5391 3135 5460 λέγω
3157 5391 3283 5454 τοὺς
3314 5388 3523 5442 δώδεκα
3553 5387 3691 5456 ψαλ-

2127 5480 2290 5548 μούς·
2353 5483 2553 5552 ὁμοίως
2592 5485 2683 5536 καὶ
2742 5483 2840 5556 τὴν
2873 5484 3059 5545 νύκτα,
3105 5483 3224 5535 ἀντὶ
3260 5481 3368 5536 τῶν
3407 5478 3691 5556 ἁμαρτιῶν

527 5629 643 5661 ’σου
682 5628 767 5682 At.
823 5629 988 5697 αὐτῷ.
1065 5633 1110 5663 οι
1141 5634 1224 5686 AI.
1272 5634 1368 5704 τῷ.
1446 5635 1492 5666 οδ
1521 5635 1916 5699 Α1.ἐξέ6αλεν.
1996 5638 2002 5666 ε

2118 5636 2148 5687 l.
2180 5634 2498 5709 πράγματα.
