4020 6196
246 275 343 329 3,39
1347 269 1954 327 APOPltTllEGMATA
1993 274 2291 337 PATRUM.

3390 293 3497 351 390

246 385 313 444 ὧν
350 386 590 450 ἐποίουν,
616 385 740 456 ἄρτι
772 382 911 455 μετὰ
934 384 1290 448 ἀναπαύσεως
1312 384 1450 438 ποιῶ
1479 387 1682 457 μικράν
1712 403 1811 457 μου

1918 395 2104 455 noctu,
2140 406 2239 462 pro
2271 396 2511 462 peccatis
2546 413 2667 466 quae
2708 401 3140 470 committebam,
3160 382 3335 460 “modo
3366 419 3494 462 cum

245 475 601 547 λειτουργίαν.
634 473 947 544 Παρακαλῶ
970 471 1065 530 οῦν
1100 492 1181 544 σε,
1213 476 1380 541 ἀ66ἄ,
1417 476 1493 548 μὴ
1527 476 1817 531 σκανδαλι-

252 568 375 638 σθῇς
404 568 483 628 εὶς
510 564 613 636 τὴν
670 564 957 620 ἀσθένειάν
999 584 1119 638 μου.
1176 567 1361 622 Ταῦτα
1398 568 1640 632 ἀκούσας
1664 570 1693 621 6
1718 569 1814 621 Αί-

257 658 483 728 γύπτιος,
512 658 594 718 είς
626 656 819 709 ἑαυτὸν
852 657 1043 722 ἐλθὼν,
1080 654 1263 713 εἶπεν·
1297 659 1433 714 Οὐαί
1460 678 1571 731 μοι,
1604 661 1685 713 ὄτι
1708 659 1816 714 ἀπὸ

258 747 442 818 πολλῆς
490 745 725 816 θλίψεως
779 746 876 800 τοῦ
928 747 1132 818 κόσμου
1182 751 1261 814 είς
1293 750 1600 805 ἀνάπαυσιν
1629 746 1813 823 ἦλθον,

260 837 338 891 καὶ
384 837 420 892 ἃ
458 838 561 891 οὑκ
604 833 752 908 εἶχον
776 837 920 902 τότε,
972 838 1067 894 νῦν
1106 840 1214 911 ἔχω
1239 858 1251 870 ο
1289 843 1351 895 ab
1382 842 1438 895 δὲ
1473 843 1581 897 ἀπὸ
1615 842 1816 915 πολλῆς

259 931 599 995 ἀναπαύσεως
625 933 706 995 είς
731 930 912 1001 suam
936 926 1121 1007 ἦλθες.
1164 935 1258 986 καὶ
1280 934 1386 988 ἀπὸ
1413 934 1616 1004 πολλῆς
1657 935 1816 1007 δόξης

258 1023 337 1075 καὶ
392 1022 625 1076 πλούτου
676 1017 841 1093 ἦλθες
893 1004 979 1086 είς
1020 1024 1348 1078 ταπείνωσιν
1398 1025 1491 1078 καὶ
1519 1004 1810 1096 πτωχείαν.

255 1113 415 1166 Πολλά
470 1112 527 1166 δὲ
577 1112 884 1183 ὠφεληθεὶς
937 1111 1172 1183 ἀπῆλθε,
1224 1114 1321 1169 κα)⁸
1381 1114 1598 1183 ἐγένετο
1648 1115 1813 1169 αὑτοῦ

252 1203 407 1270 φίλος,
436 1203 531 1256 καὶ
573 1202 916 1274 παρέϐαλλεν
953 1202 1105 1273 αὑτῷ
1152 1204 1364 1276 συχνῶς
1398 1206 1466 1260 δι’
1508 1207 1809 1276 ὠφέλειαν·

249 1289 307 1363 ἦν
335 1293 441 1364 γάρ
498 1292 641 1366 ἀνὴρ
695 1293 1054 1365 διακριτικὸς,
1077 1294 1173 1349 καὶ
1218 1296 1431 1369 πλήρης
1466 1297 1691 1362 εὐωδίας
1717 1297 1811 1352 τοῦ

252 1385 393 1454 ἁγίου
421 1386 559 1440 Πνεύ
567 1404 752 1458 ματος.

311 1567 375 1636 β’.
421 1566 477 1620 '0
496 1565 654 1626 αὐτὸς
686 1559 860 1630 εἶπεν,
918 1564 1001 1619 ὅτι
1045 1559 1116 1637 ἦν
1150 1582 1234 1628 τις
1260 1564 1442 1637 γέρων
1479 1565 1618 1636 ἔχων
1647 1566 1812 1621 καλὸν

252 1658 513 1730 μαθητήν⁸
572 1658 668 1712 καὶ
726 1657 834 1710 ἀπὸ
889 1656 1184 1728 ὀλιγωρίας
1227 1656 1416 1711 ἐσαλεν
1447 1657 1609 1711 αὑτὸν
1630 1658 1735 1725 ἔξω
1762 1659 1808 1691 ’⁸

248 1722 386 1820 μετά
399 1722 495 1821 τῆς
553 1749 807 1820 μηλωτῆς
835 1722 1021 1803 αὑτοῦ.
1060 1722 1129 1802 ’Ὀ
1163 1747 1218 1802 δὲ
1249 1748 1475 1819 ἁδελφὸς
1515 1722 1805 1821 ὑπέμεινεν
1833 1722 1880 1781 Β

245 1839 343 1904 ἔξω
386 1838 715 1910 καθήμενος.
749 1836 861 1891 Καὶ
910 1837 1130 1903 ἀνοίξας
1157 1840 1185 1892 6
1211 1838 1411 1908 γέρων,
1453 1832 1613 1910 εῦρεν
1645 1840 1808 1893 αὑτὸν

245 1929 566 2002 καθήμενον,
609 1930 703 1983 καὶ
744 1927 933 1982 ἔϐαλεν
978 1928 1127 2000 αὑτῷ
1169 1929 1478 2001 μετάνοιαν,
1505 1930 1710 1999 λέγων’
1740 1927 1810 1984 Ὦ

197 2030 213 2051 ⁸
247 2021 441 2093 Πάτερ,
494 2022 528 2091 ἡ
556 2022 879 2086 ταπείνωσις
902 2021 1004 2092 τῆς
1042 2020 1426 2093 μακροθυμίας
1467 2038 1559 2075 σου
1588 2022 1808 2092 ὲνίκησε

245 2112 340 2184 τὴν
386 2113 521 2185 ἐμὴν
568 2113 875 2186 ὀλιγωρίαν.
924 2111 1093 2184 Δεῦρο
1142 2111 1277 2166 ἔσω·
1327 2112 1435 2166 ἀπὸ
1481 2112 1575 2167 τοῦ
1608 2109 1702 2167 νῦν
1743 2115 1807 2167 σὺ

247 2204 417 2277 γέρων
482 2201 532 2258 εἴ
578 2207 671 2259 καὶ
726 2206 938 2277 Πατὴρ,
1002 2202 1113 2274 εγὼ
1159 2203 1216 2257 δὲ
1260 2206 1522 2277 νεώτερος
1567 2207 1663 2261 καὶ
1704 2223 1809 2277 μα-

246 2293 425 2365 θητής.
1532 2312 1541 2319 ‘

618 2406 757 2475 Περὶ
799 2405 904 2460 τοῦ
947 2404 1098 2462 ἀδεᾶ
1146 2407 1421 2477 Ῥούφου.

306 2523 371 2570 α’.
414 2518 668 2587 ’Δδελφὸς
689 2518 944 2591 ἠρώτησε
965 2520 1057 2574 τὸν
1082 2519 1258 2576 ἀὸδᾶν
1282 2519 1508 2591 Ῥοῦφον
1524 2537 1541 2553 ’
1570 2522 1634 2575 Τί
1660 2524 1808 2578 ἐστιν

242 2609 451 2678 ήσυχία,
479 2611 577 2664 καὶ
602 2610 687 2674 τίς
718 2611 752 2682 ή
774 2611 1013 2681 ὠφέλεια
1044 2612 1251 2685 αὑτῆς;
1296 2613 1354 2667 ’0
1377 2613 1435 2668 δὲ
1455 2614 1634 2685 γέρων
1658 2614 1809 2685 λέγει

242 2700 411 2770 αὑτῷο
458 2698 690 2772 Ἡσυχία
741 2701 891 2769 ἐστὶ,
933 2703 996 2757 τὸ
1042 2703 1374 2774 καθεσθῆναι
1410 2705 1467 2758 ὲν
1494 2704 1571 2775 τῷ
1612 2704 1809 2778 κελλίῳ

243 2792 373 2862 μετά
395 2790 565 2861 φόϐου
593 2792 691 2848 καὶ
710 2791 963 2861 γνώσεως
985 2793 1140 2856 Θεοῦ.
1171 2794 1507 2866 ἀπεχόμενος
1537 2813 1807 2868 μνησικα-

240 2880 353 2946 κίας
378 2884 477 2937 καί
524 2882 991 2955 ὑψηλοφροσύνης.
1035 2887 1100 2939 ’Π
1131 2885 1356 2956 τοιαύτη
1380 2887 1581 2958 ἡσυχία
1618 2888 1808 2959 γεννή-

239 2991 353 3043 τρια
369 2972 512 3030 οὖσα
538 2976 730 3031 πασῶν
752 2977 860 3031 τῶν
886 2978 1096 3050 ἀρετῶν
1115 3020 1130 3044 ,
1163 2979 1427 3049 φυλάσσει
1454 2981 1545 3035 τὸν
1575 2981 1808 3053 μοναχὸν

236 3068 335 3121 ἀπὸ
359 3068 475 3121 τῶν
502 3069 916 3141 πεπυρωμένων
954 3069 1125 3141 βελῶν
1154 3071 1250 3126 τοῦ
1289 3071 1508 3144 ἐχθροῦ,
1546 3073 1621 3145 μὴ
1660 3073 1807 3128 ἐῶσα
1832 3053 1874 3111 C

236 3158 818 3230 αὑτὸν-τιτρώσκεσθαι
846 3162 939 3215 ὑπ’
970 3162 1168 3218 αὐτῶν.
1195 3163 1325 3230 Ναὶ,
1359 3163 1580 3233 ἀδελφὲ,
1605 3164 1806 3237 ταύτην

239 3249 464 3321 κτῆσαι,
516 3251 870 3322 μνημονεύων
923 3253 1024 3324 τῆς
1065 3252 1250 3318 ἐξόδου
1289 3253 1386 3307 τοῦ
1420 3254 1652 3309 θανάτου
1689 3271 1803 3321 σου,

233 3339 308 3392 ότι
352 3340 465 3393 οὐκ
509 3335 657 3407 οἶδας
698 3342 828 3415 ποίᾳ
862 3341 982 3415 ὥρᾳ
1004 3343 1033 3396 6
1065 3342 1306 3417 κλέπτης
1340 3344 1577 3417 ἔρχεται.
1610 3346 1807 3400 Λοιπὸν

230 3424 334 3496 οὖν,
358 3430 504 3501 νῆφε
524 3431 770 3503 περὶτῆς
800 3432 936 3496 ἰδίας
960 3432 1163 3505 ψυχῆς.
1828 3490 1831 3495 .

294 3522 357 3592 β’.
392 3516 570 3577 Εἶπεν
618 3525 648 3578 6
695 3522 870 3596 ἀϐὁᾶς
909 3524 1157 3596 Ῥοῦφος,
1215 3526 1300 3580 ὃτι
1343 3526 1373 3580 6
1417 3525 1807 3597 καθήμενοςὲν

230 3613 474 3686 ὑποταγῇ
520 3614 725 3685 πατρὸς
768 3615 1164 3687 πνευματικοῦ,
1212 3616 1434 3671 πλείονα
1479 3616 1671 3688 μισθὸν
1692 3618 1807 3690 ἔχει

229 3704 316 3757 τοῦ
354 3707 413 3761 ἐν
450 3709 523 3777 τῇ
552 3707 743 3778 ἐρήμῳ
787 3707 907 3763 καθ’
929 3708 1121 3762 ἑαυτὸν
1145 3706 1570 3779 ἀναχωροῦντος.
1610 3708 1806 3780 Ἔλεγε

226 3796 278 3849 δὲ
294 3792 476 3863 οὗτος,
499 3799 581 3852 ὅτι
606 3798 902 3870 διηγήσατό
927 3817 1011 3864 τις
1048 3799 1155 3853 τῶν
1190 3800 1472 3872 Πατέρων,
1503 3799 1699 3870 λέγων,
1724 3805 1806 3859 ἇτι

230 3881 374 3940 Εἶδον
416 3886 670 3960 τέσσαρα
716 3888 973 3959 τάγματα
1013 3889 1071 3942 ὲν
1113 3888 1192 3959 τῷ
1225 3889 1442 3961 οὑρανῷ
1465 3907 1477 3921 ο
1511 3890 1571 3944 τὸ
1590 3891 1806 3964 πρῶτον

226 3976 428 4048 τάγμα,
466 3977 749 4051 ἄνθρωπος
785 3979 1028 4034 ἀσθενῶν
1056 3980 1151 4033 καὶ
1179 3980 1521 4052 εὐχαριστῶν
1537 3980 1615 4054 τῷ
1644 3980 1763 4051 θεῷ
1787 3998 1801 4011 ⁸

228 4071 284 4124 τὸ
313 4071 570 4143 δεύτερον
595 4073 804 4144 τάγμα,
840 4073 869 4126 6
897 4073 996 4141 τὴν
1025 4070 1329 4141 φιλοξενίαν
1358 4069 1569 4127 διώκων
1598 4073 1693 4126 καὶ
1726 4074 1805 4136 εἰς

227 4163 383 4218 τοῦτο
428 4165 720 4235 ἱστάμενος
762 4166 857 4219 καὶ
899 4164 1162 4219 διακονῶν
1184 4181 1196 4194 ·
1246 4162 1306 4217 τὸ
1331 4162 1514 4235 τρίτον
1545 4164 1754 4236 τάγμα,
1776 4166 1804 4217 6

226 4252 321 4323 τὴν
378 4254 588 4327 ἔρημον
647 4252 858 4308 διώκων
890 4255 985 4309 καὶ
1030 4254 1105 4325 μὴ
1141 4252 1354 4323 βλέπων
1395 4253 1715 4326 ἄνθρωπον·
1743 4254 1805 4308 τὸ

222 4343 488 4417 τέταρτον
542 4347 750 4415 τάγμα,
803 4347 833 4399 ό
870 4347 927 4398 ἐν
966 4346 1213 4417 ὑποταγῇ
1249 4345 1559 4419 καθήμενος
1594 4344 1803 4416 πατρὸς
1836 4384 1882 4441 D

225 4436 318 4488 καὶ
370 4435 816 4506 ὑποτασσόμενος
872 4435 1021 4506 αὑτῷ
1058 4435 1146 4490 διά
1186 4436 1280 4490 τὸν
1312 4434 1538 4507 Κύριον.
1585 4434 1805 4505 Ἐφόρει

222 4526 276 4579 δὲ
308 4526 450 4581 όδιά
491 4528 586 4600 τὴν
602 4530 850 4601 ὑπακοὴν
874 4516 1403 4601 μανιάκηνχρυσοῦν
1432 4530 1528 4584 καὶ
1547 4530 1802 4601 γοργόνα,

222 4617 313 4671 καὶ
374 4618 601 4673 πλείονα
645 4621 755 4672 τῶν
798 4619 972 4674 ἄλλων
1008 4617 1167 4684 δόξαν
1205 4615 1351 4691 εἶχεν
1376 4621 1510 4692 (29).
1553 4619 1693 4689 Ἐγὼ
1723 4621 1802 4686 δὲ,

221 4709 381 4781 φησὶ,
411 4706 569 4765 εἷπον
591 4710 667 4782 τῷ
689 4710 974 4784 ὀδηγοῦντί
993 4728 1097 4786 με,
1127 4711 1210 4767 ὅτι
1237 4711 1362 4774 Πῶς
1385 4704 1540 4777 οὗτος
1557 4714 1587 4768 6
1614 4714 1806 4786 μικρό-

222 4813 382 4872 τερος
438 4803 586 4873 παρὰ
624 4804 754 4868 τοὺς
789 4784 1009 4868 ἀλλουςῆ
1032 4804 1255 4858 πλείονα
1282 4803 1441 4871 δόξαν
1474 4784 1625 4875 ἔχεις
1666 4805 1723 4859 '0
1745 4804 1803 4858 δὲ

219 4891 549 4967 ἀποκριθεὶς
572 4892 694 4951 εἶπέ
709 4914 801 4968 μοι
822 4914 836 4929 ’
873 4897 1091 4969 Ἐπειδὴ
1110 4899 1141 4951 6
1153 4896 1250 4968 τὴν
1263 4895 1569 4967 φιλοξενίαν
1590 4894 1800 4950 διώκων

221 4984 337 5056 ίδίῳ
386 4985 658 5058 θελήματι
688 4991 863 5042 ποιεῖ’
894 4988 988 5043 καὶ
1021 4990 1050 5041 6
1094 4989 1175 5053 είς
1210 4986 1310 5060 τὴν
1343 4986 1548 5060 ἔρημον
1579 4986 1654 5041 ὢν
1687 4986 1801 5058 ίδίῳ

219 5073 489 5148 θελήματι
512 5078 857 5152 ἀνεχώρησεν
880 5096 894 5112 ο
917 5074 1071 5144 οὗτος
1096 5079 1154 5136 δὲ
1173 5082 1202 5135 6
1227 5079 1327 5152 τὴν
1358 5079 1605 5151 ὑπακοὴν
1637 5078 1799 5150 ἔχων.

1917 480 2096 549 quiete
2133 497 2362 552 parvum
2393 501 2573 541 meum
2601 487 2833 544 cilicium
2881 493 3070 549 recito.
3104 493 3291 564 Itaque
3331 496 3492 553 obse-

1916 584 2012 624 ero
2058 578 2132 635 te,
2165 574 2324 639 abba,
2364 591 2434 630 ne
2472 576 2765 636 oﬂendaris
2808 596 2926 635 mea
2964 583 3357 640 imbecillitate.
3392 584 3491 643 His

1916 663 2139 731 auditis,
2187 666 2512 739 Egyptius,
2550 671 2617 725 ad
2650 688 2709 727 se
2753 672 2992 738 rediens,
3031 674 3204 731 dixit:
3230 675 3321 732 Vae
3352 679 3488 734 mihi

1914 758 2058 842 quod
2089 773 2120 813 a
2152 760 2321 815 multa
2351 764 2535 817 saeculi
2559 764 2890 827 calamitate,
2914 766 2970 819 in
3000 774 3202 821 statum
3243 784 3486 826 commo-

1914 849 2043 904 dum
2072 851 2234 918 veni;
2270 868 2496 925 quasque
2526 864 2657 910 tunc
2679 872 2786 912 non
2811 857 3100 925 habebam,
3122 875 3267 913 nunc
3291 860 3484 916 habeo:

1915 950 1972 994 tu
2012 958 2140 997 vero
2176 958 2206 998 a
2242 946 2411 999 multa
2443 948 2858 1012 commoditate,
2903 950 3101 1006 venisti
3133 951 3201 1005 ad
3246 953 3487 1006 vexatio-

1915 1048 2074 1100 nem;
2115 1049 2145 1089 a
2188 1037 2357 1090 multa
2401 1037 2572 1109 gloria
2606 1047 2660 1092 et
2691 1039 2897 1094 divitiis
2939 1040 3007 1095 ad
3041 1040 3398 1110 dejectionem
3432 1051 3487 1097 et

1913 1136 2311 1196 paupertatem.
2376 1130 2562 1200 lta‘que
2607 1131 2809 1201 ingenti
2858 1147 2983 1186 cum
3034 1134 3233 1188 animae
3276 1134 3487 1188 emolu-

1915 1228 2098 1273 mento
2130 1219 2403 1285 discessit,
2440 1222 2726 1292 factusque
2752 1233 2837 1278 est
2862 1223 3012 1279 illius
3048 1223 3279 1287 amicus,
3304 1231 3358 1279 et
3380 1223 3490 1281 l‘re-

1912 1318 2144 1377 quenter
2175 1310 2240 1364 ad
2283 1327 2408 1366 eum
2457 1313 2941 1381 proﬁciscebatur,
2997 1314 3247 1370 utilitatis
3293 1330 3483 1372 causa.

1914 1399 2045 1454 Erat
2072 1404 2216 1457 enim
2247 1405 2329 1458 vir
2356 1404 2411 1459 in
2440 1405 2804 1461 discernenda
2841 1406 3099 1472 eximius,
3132 1409 3328 1478 plenus
3372 1407 3485 1464 fra-

1913 1493 2127 1563 grantia
2155 1492 2392 1565 Spiritus
2423 1497 2621 1551 sancti.
3553 1561 3557 1565 ,

1980 1584 2033 1638 ‘2.
2067 1585 2116 1639 ls
2156 1586 2275 1655 ipse
2315 1587 2502 1641 retulit
2526 1605 2540 1642 :
2566 1586 2697 1640 Erat
2738 1586 2958 1656 quidam
2993 1602 3179 1652 senex,
3221 1586 3313 1657 qui
3344 1602 3486 1658 pra:-

1913 1674 2123 1731 elarum
2156 1676 2484 1748 discipulum
2512 1677 2778 1745 habebat;
2810 1694 2969 1747 quem
3003 1693 3065 1733 ex
3102 1678 3285 1748 pusilli
3313 1679 3483 1735 animi

1913 1766 2044 1819 vitio
2085 1767 2245 1837 ejecit
2278 1783 2404 1823 cum
2440 1769 2637 1825 melote
2675 1784 2797 1824 sua.
2848 1769 2913 1823 At
2962 1768 3134 1824 frater
3186 1771 3485 1840 permansit

1911 1856 2055 1912 foras
2082 1860 2301 1915 sedens.
2330 1859 2520 1917 Postea
2562 1876 2728 1917 senex
2758 1861 3034 1931 aperiens,
3077 1860 3289 1915 invenit
3327 1860 3480 1914 illum

1908 1950 2207 2007 sedentem.
2261 1950 2448 2023 Itaque
2492 1953 2753 2008 inclinato
2793 1953 2846 2006 in
2893 1951 3212 2022 pcrnitentis
3259 1950 3480 2005 modum

1908 2055 2169 2112 corpore,
2211 2040 2349 2095 dixit
2382 2043 2431 2097 ei
2457 2060 2470 2095 :
2496 2042 2688 2106 Pater,
2731 2044 3014 2099 humilitas
3052 2043 3326 2113 patientiae
3374 2050 3483 2096 tua:

1907 2132 2032 2187 vicit
2062 2133 2569 2203 pusillanimitatem
2611 2150 2786 2189 meam
2824 2144 2989 2205 atque
3019 2135 3477 2205 despicationem.

1908 2222 2045 2279 Veni
2070 2226 2217 2279 intro
2241 2243 2252 2279 :
2283 2240 2350 2280 ex
2375 2225 2479 2280 hoc
2511 2232 2776 2295 tempore,
2809 2234 2862 2276 tu
2900 2240 3062 2279 senex
3088 2226 3198 2280 eris
3220 2230 3275 2279 et
3297 2222 3478 2284 Pater.

1906 2330 2008 2387 ego
2041 2330 2174 2371 vero
2203 2315 2391 2385 junior
2420 2330 2485 2371 ac
2512 2315 2837 2386 discipulus.

2474 2426 2545 2479 De
2571 2426 2758 2480 abbate
2786 2424 2947 2494 Rufo.

1982 2534 2031 2588 l.
2070 2532 2262 2595 Frater
2296 2534 2659 2605 interrogavit
2696 2533 3203 2601 abbatemRul’um,
3230 2534 3361 2607 quid
3400 2550 3483 2591 es-

1908 2632 1992 2679 set
2034 2625 2209 2693 quies.
2239 2634 2292 2679 et
2318 2640 2565 2694 quaenam
2605 2626 2755 2681 illius
2796 2626 3029 2681 utilitas.
3076 2623 3258 2681 Senex
3294 2632 3479 2682 autem

1906 2717 2044 2771 dixit
2073 2717 2123 2771 ei
2147 2734 2160 2771 :
2188 2716 2356 2782 Quies
2388 2726 2505 2782 est,
2538 2717 2728 2772 sedere
2757 2716 2812 2771 in
2848 2717 2984 2771 cella
3014 2731 3136 2770 eum
3185 2716 3379 2772 timore
3416 2730 3482 2771 ac

1908 2806 2102 2861 notitia
2145 2805 2259 2868 Dei,
2290 2806 2616 2861 abstinendo
2659 2807 2730 2859 ab
2774 2805 3103 2874 iniuriarum
3135 2805 3398 2859 memoria
3427 2814 3483 2860 et

1906 2899 2142 2954 elatione
2180 2898 2369 2952 animi.
2410 2895 2535 2952 Haec
2564 2897 2744 2967 quies,
2779 2911 2904 2951 eum
2932 2895 3179 2949 omnium
3214 2895 3477 2950 virtutum

1908 2994 1978 3046 sit
2022 2989 2282 3061 genitrix,
2319 2995 2609 3045 conservat
2642 2986 2971 3043 monaehum
3020 2985 3089 3040 ab
3137 2983 3313 3054 igneis
3357 2983 3480 3039 telis

1910 3080 2115 3136 inimici
2151 3080 2218 3145 ν’,
2249 3095 2351 3134 nec
2383 3079 2514 3134 sinit
2546 3093 2643 3148 per
2675 3091 2738 3133 ea
2769 3074 3069 3131 vulnerari.
3104 3072 3324 3144 Utique,
3365 3072 3480 3128 fra-

1909 3186 2012 3240 ter,
2050 3174 2195 3228 illam
2227 3154 2466 3243 posside,
2500 3186 2709 3227 memor
2736 3171 2915 3227 exitus
2949 3169 3144 3224 mortis
3179 3177 3316 3238 tuae;
3349 3169 3480 3241 quia

1909 3266 2087 3322 nescis
2110 3280 2217 3335 qua
2244 3265 2374 3342 hora
2400 3263 2487 3318 fur
2511 3264 2691 3319 veniet
2712 3262 2781 3318 "’.
2818 3262 3080 3332 Deinceps
3110 3259 3296 3332 igitur,
3318 3261 3482 3333 vigila

1907 3374 2008 3428 pro
2039 3360 2222 3412 anima
2256 3365 2371 3410 tua.

1977 3526 2030 3580 2.
2075 3524 2219 3579 Dixit
2260 3525 2428 3581 abbas
2460 3523 2637 3580 Rufus
2666 3538 2680 3574 :
2710 3522 2814 3590 Qui
2861 3530 3045 3579 manet
3085 3523 3141 3578 in
3166 3522 3473 3580 obedientia

1908 3614 2081 3686 patris
2135 3614 2461 3684 spiritualis,
2514 3613 2777 3683 majorem
2832 3614 3138 3668 mercedem
3184 3614 3479 3684 repositam

1908 3706 2069 3761 habet
2096 3720 2258 3776 quam
2293 3705 2386 3777 qui
2412 3705 2465 3759 in
2502 3719 2745 3760 eremum
2785 3704 3015 3759 secessit
3055 3690 3278 3775 proprio
3317 3711 3477 3761 nutu.

1906 3798 2133 3854 Addidit
2184 3798 2330 3853 idem
2381 3796 2751 3852 narrationem
2805 3794 3090 3866 cujusdam
3128 3811 3160 3851 e
3202 3794 3477 3859 Patribus,

1905 3893 2115 3949 hancce
2155 3910 2169 3947 :
2212 3890 2338 3946 Vidi
2382 3900 2620 3962 quatuor
2662 3889 2883 3945 ordines
2932 3888 2987 3943 in
3038 3888 3200 3944 ctelo.
3260 3887 3479 3965 Primus

1907 3969 2075 4049 ordo,
2099 3985 2263 4039 homo
2291 3984 2384 4056 qui
2430 3990 2660 4054 aegrotat
2688 3982 3003 4053 gratiasque
3049 3980 3162 4051 agit
3195 3979 3338 4046 Deo;
3392 3994 3480 4036 se-

1907 4076 2122 4132 cundus
2147 4075 2306 4140 ordo,
2337 4075 2431 4145 qui
2467 4072 2891 4144 hospitalitatem
2929 4077 3193 4133 sectatur,
3220 4078 3385 4140 atque
3411 4085 3479 4126 eo

1909 4167 1962 4221 in
1996 4166 2218 4238 negotio
2250 4171 2359 4220 stat
2388 4174 2442 4219 et
2467 4163 2777 4228 ministrat;
2809 4162 3001 4217 tertius
3032 4162 3189 4230 ordo,
3215 4162 3308 4232 qui
3348 4161 3479 4217 soli-

1905 4257 2149 4313 tudinem
2184 4256 2452 4327 sequitur,
2498 4268 2601 4310 uee
2645 4267 2970 4324 quemquam
3026 4252 3201 4319 videt;
3248 4259 3481 4324 quartus

1905 4348 2163 4418 denique.
2196 4348 2358 4403 homo
2394 4346 2447 4400 in
2487 4343 2670 4399 Patris
2713 4343 3024 4398 obedientia
3067 4343 3288 4406 sedens.
3320 4343 3482 4413 eique

1910 4441 2195 4511 SUbJCCltlS
2225 4448 2445 4509 propter
2465 4436 2775 4491 Dominum.
2801 4433 2972 4490 Porro
3000 4433 3307 4491 obedientia
3332 4437 3483 4506 ejus-

1908 4531 2054 4587 modi
2111 4529 2394 4601 praeditus,
2439 4525 2689 4599 gestabat
2739 4532 2986 4596 torquem
3045 4539 3295 4587 aureum,
3348 4538 3477 4578 cum

1907 4622 2121 4693 clypeo,
2160 4620 2464 4690 majorique
2497 4632 2608 4688 pra:
2632 4620 2847 4672 caeteris
2873 4615 3042 4687 gloria
3084 4614 3340 4686 fulgebat.
3366 4611 3479 4684 Ego

1907 4730 2061 4781 vero,
2114 4712 2313 4783 inquit,
2348 4710 2461 4765 dixi
2495 4710 2546 4765 ei
2582 4709 2677 4780 qui
2724 4723 2811 4763 me
2854 4705 3127 4762 ducebat:
3163 4703 3342 4770 Quare
3375 4705 3480 4761 iste

1910 4807 2091 4861 minor
2115 4812 2280 4875 super
2329 4802 2468 4856 alios
2497 4799 2724 4871 gloriam
2758 4807 3090 4853 consecutus
3124 4794 3240 4851 est?
3264 4793 3358 4850 Ille
3390 4807 3478 4848 re-

1909 4897 2132 4970 spondit
2172 4914 2188 4950 :
2228 4894 2499 4961 Quoniam
2560 4891 2654 4963 qui
2715 4890 3139 4961 hospitalitatem
3200 4893 3473 4949 sectatur,

1909 5000 2104 5062 sponte
2151 5003 2251 5045 sua
2310 4986 2363 5041 id
2415 4985 2565 5056 agit;
2618 4984 2711 5055 qui
2754 4982 2959 5055 pariter
3005 4984 3377 5036 commoratur
3420 4977 3479 5033 in

1907 5097 2114 5146 eremo,
2162 5077 2393 5135 recessit
2424 5090 2492 5132 ex
2534 5074 2818 5128 voluntate
2869 5084 2999 5137 sua;
3036 5069 3130 5125 hic
3168 5076 3348 5124 autem
3382 5066 3478 5138 qui
3580 5098 3583 5101 η

288 5234 335 5264 ’⁸
370 5233 461 5287 Αι.
495 5235 601 5290 ins.
625 5237 724 5307 τῆς
756 5237 946 5308 θύρας.
1023 5238 1069 5271 ’⁸
1101 5237 1296 5307 Ephes.
1335 5251 1406 5301 vr,
1448 5236 1535 5291 16.
1614 5238 1658 5272 "’
1685 5236 1819 5294 Luc.
1853 5253 1953 5305 xu,
1977 5236 2066 5294 59.

281 5387 399 5459 (29)
425 5391 683 5462 ⁸Ἔφιίρει
727 5391 795 5445 δὲ
821 5395 854 5446 ὁ
896 5391 993 5447 διὰ
1041 5391 1158 5460 τὴν
1186 5391 1469 5459 ὑπακοὴν
1498 5392 1800 5462 μανιάκην

1909 5406 2036 5447 vero
2084 5390 2330 5462 γοργόνα.
2381 5378 2527 5459 quod
2559 5388 2741 5462 inveni
2780 5386 3012 5462 retineo,
3043 5399 3109 5462 ac
3141 5384 3484 5462 interpretor

325 5453 496 5537 σὸῦζ
514 5453 631 5513 ⁷κὰί
664 5463 968 5537 γοργόνα,-
988 5462 1087 5515 καί
1102 5453 1121 5537 Ἀ
1136 5463 1388 5516 πλείονα
1574 5453 1812 5537 ﬁliam

1909 5453 2180 5533 clypeu'm',
2200 5453 2280 5537 ὀί)
2300 5453 2809 5537 decantatissimam
2827 5453 3401 5537 .Gorgonisjabulatn,
3424 5463 3484 5537 et

249 5524 404 5603 ὅξαν
428 5524 892 5603 εἴχεῖηιοᾱηιιεε
925 5531 1195 5603 Meursius
1231 5547 1366 5587 voce
1407 5532 1633 5603 Γοργώρ
1665 5524 1812 5586 citat'

1909 5524 2127 5603 propter
2154 5524 2320 5603 verba
2343 5527 2600 5603 Hesychii
2635 5524 3215 5599 ιΓοργόνες·ἀίγίδεςο
3246 5525 3295 5578 oi
3323 5524 3379 5578 δὲ
3414 5525 3484 5579 τὰ

222 5612 285 5686 :3.
300 5599 457 5686 libro
539 5598 1003 5686 collectancgrunt
1018 5598 1496 5686 Paulimonachj,‘
1510 5598 1795 5686 γοργῶρα,

226 5668 537 5741 fateturque
576 5671 646 5727 de
685 5670 1089 5742 signiﬁcatione
1127 5671 1234 5728 sibi
1282 5687 1393 5729 non
1425 5668 1653 5742 liquere.
1689 5668 1800 5743 Ego

1908 5596 1999 5655 ἓπὶ
2010 5596 2130 5654 ’τῶν
2160 5597 2381 5667 αίγίδων
2414 5596 2704 5669 πρόσωπα.
