4020 6196
457 266 555 328 3Ὴᾶ

1545 264 1880 319 APPENDIX
1925 265 2013 318 AD
2053 265 2393 325 PALIADIU
2406 269 2471 324 Μ.

3612 260 3719 318 392

459 385 820 442 obedientiam
861 383 1090 447 obtinet,
1125 381 1339 438 cunctis
1379 384 1494 440 suis
1528 385 1903 439 voluntatibus
1935 399 2016 437 re-

2125 385 2298 439 πάντα
2344 389 2411 440 τά
2443 388 2716 457 θελήματα
2753 386 2917 440 αὑτοῦ
2951 385 3303 454 καταλείψας,
3329 386 3602 457 κρέμαται
3628 389 3708 461 τῷ

459 482 622 541 lictis,
653 478 847 547 pendet
879 490 908 527 a
948 475 1080 538 Deo,
1113 483 1276 546 atque
1320 491 1349 529 a
1382 491 1482 531 suo
1513 475 1690 531 Patre.
1730 476 1901 546 Hujus
1949 477 2025 529 rei

456 572 626 639 gratia
652 570 772 638 plus
802 568 985 639 gloria:
1030 584 1192 637 quam
1234 570 1417 624 caeteri
1449 569 1678 638 accepit.
1709 571 2022 639 Propterea,

459 662 752 725 iilii,‘bona
806 669 890 714 est
922 660 1253 726 obedientia,
1303 676 1426 715 cum
1472 671 1695 731 propter
1736 659 2024 715 Dominum

456 753 776 822 suscipitur.
851 751 928 805 Ex
996 762 1148 822 parte
1209 753 1557 823 percepistis,
1625 752 1750 816 ﬁlii,
1807 753 2026 806 virtutis

456 844 617 897 istius
644 859 869 913 parvum
905 845 1211 915 vestigium.
1252 843 1295 898 Ο
1335 844 1666 908 obcdientia,
1699 854 2022 898 cunctorum

459 936 699 988 fidelium
737 935 919 989 salus!
957 950 988 989 ο
1019 935 1345 996 obedientia,
1377 944 1549 991 mater
1578 936 1820 990 omnium
1854 936 2026 988 virtu-

461 1025 604 1075 tum!
642 1037 674 1075 ο
724 1024 1053 1088 obedientia,
1101 1026 1250 1094 regni
1283 1025 1589 1080 inventrix!
1623 1041 1656 1079 ο
1696 1024 2023 1090 obedientia,

455 1130 576 1184 quae
600 1116 770 1169 cmlos
792 1117 990 1184 aperis,
1016 1131 1078 1170 ac
1101 1117 1348 1172 homines
1369 1133 1398 1173 e
1424 1126 1572 1172 terra
1597 1118 1803 1173 elevas!
1838 1132 1871 1171 ο
1893 1119 2024 1172 obe-

455 1206 702 1268 dientia,
767 1207 1011 1259 omnium
1071 1215 1385 1261 sanctorum
1455 1207 1672 1272 nutrix,
1725 1207 1884 1276 cujus
1943 1207 2026 1260 lac

457 1305 744 1363 auxerunt,
781 1304 834 1350 et
866 1313 961 1366 per
999 1313 1162 1367 quam
1192 1307 1485 1353 evaserunt
1524 1298 1784 1368 perfecti!
1824 1313 1856 1352 o
1889 1299 2022 1354 obe-

455 1386 685 1453 dientia,
719 1389 1136 1444 contubernalis
1169 1390 1523 1460 angelorum!

947 1499 1020 1555 De
1050 1501 1234 1555 abbate
1269 1500 1525 1555 Romano.

519 1612 660 1667 Cum
703 1614 874 1669 abbas
913 1612 1192 1668 Romanus
1235 1612 1538 1668 moriturus
1592 1619 1762 1677 esset,
1798 1626 2024 1683 congre-

2129 477 2246 547 Θεῷ
2272 479 2364 531 καὶ
2391 478 2468 548 τῷ
2494 479 2606 548 ἰδίῳ
2633 479 2804 550 Πατρί
2825 497 2836 508 ο
2876 479 3035 531 ἕνεκα
3070 478 3257 530 τούτου
3291 479 3511 531 πλείονα
3548 479 3712 544 δόξαν

2129 569 2285 622 ἔλαϐε
2318 572 2468 642 παρά
2497 573 2620 635 τοὺς
2641 572 2850 635 ἄλλους.
2878 571 2976 624 Διά
3006 570 3184 636 τοῦτο,
3211 565 3255 624 ὦ
3287 574 3478 638 τέκνα,
3510 571 3707 641 καλὴή

2130 662 2341 734 ὑπακοή
2364 665 2396 733 ή
2420 665 2508 716 διά
2528 664 2618 716 τὸν
2639 663 2840 735 Κύριον
2865 664 3145 733 γινομένη.
3181 663 3498 725 Ἠκούσατε,
3515 664 3713 722 τέκνα.

2129 752 2192 804 ὲκ
2216 752 2433 823 μέρους,
2464 752 2556 806 τοῦ
2588 753 3012 824 κατορθώματος
3035 753 3227 806 τούτου
3250 753 3428 820 ὀλίγον
3458 771 3510 806 τι
3538 755 3711 819 ἴχνος-

2129 838 2197 894 Ὦ
2229 843 2441 914 ὑπακοὴ
2473 844 2713 914 σωτηρία
2747 843 2961 896 πάντων
2987 843 3094 896 τῶν
3138 843 3371 920 πιιστῶνε
3407 837 3452 897 ὦ
3489 845 3715 904 ὑπακοὴ

2129 933 2418 1004 γεννήτρια
2463 934 2649 987 πασῶν
2689 935 2798 986 τῶν
2836 934 3077 1005 ἀρετῶνῐ
3109 927 3152 986 ὧ
3185 935 3399 1004 ὑπακοὴ
3430 934 3712 1004 βασιλείας

2129 1025 2341 1097 εὑρέτις
2360 1028 2372 1080 !
2394 1021 2437 1079 ὦ
2451 1026 2661 1097 ὑπακοὴ
2675 1027 2936 1097 οὐρανοὺς
2948 1026 3258 1094 ἀνοίγουσα,
3279 1029 3372 1080 καὶ
3388 1027 3713 1100 ἀνθρώπους

2127 1118 2235 1171 ἀπὸ
2286 1121 2389 1189 γῆς
2442 1119 2751 1187 ἀνάγουσαι
2799 1112 2846 1171 ὧ
2891 1117 3105 1188 ὑπακοὴ
3148 1118 3367 1172 πάντων
3396 1119 3504 1170 τῶν
3533 1119 3710 1187 ἁγίων

2127 1211 2313 1283 τροφὲ,
2360 1210 2418 1274 ἐξ
2448 1207 2515 1282 ἦς
2561 1210 2853 1282 ἐθήλασαν,
2889 1211 2983 1263 καὶ
3016 1209 3104 1263 διὰ
3138 1208 3232 1262 σοῦ
3270 1208 3703 1281 ἐτελειώθησανί

2127 1297 2172 1356 ὦ
2198 1303 2410 1374 ὑπακοὴ
2442 1303 2652 1356 σύνοικε
2683 1303 2929 1372 ἀγγέλων
2956 1305 2967 1354 l

2504 1498 2642 1565 Περὶ
2680 1497 2784 1551 τοῦ
2807 1495 2956 1553 ἀϐϐᾱ
2999 1497 3325 1568 Ῥωμανοῦ.

2197 1606 2499 1670 Μέλλοντος
2544 1606 2639 1660 τοῦ
2705 1607 2845 1661 ἀὸὁᾶ
2912 1608 3194 1678 Ῥωμανοῦ
3247 1609 3524 1683 τελευτᾷν,
3576 1631 3706 1671 συν-

450 1704 560 1770 gati
589 1705 736 1756 circa
769 1703 920 1756 illum
943 1703 1196 1771 discipuli
1227 1702 1368 1772 ejus,
1398 1704 1848 1772 postulaverunt:
1876 1702 2016 1770 Quo-

2127 1697 2375 1768 ήχθησαν
2428 1698 2566 1768 πρὸς
2621 1698 2783 1752 αὐτὸν
2847 1701 2897 1752 οἱ
2953 1699 3192 1771 μαθηταὶ
3226 1702 3412 1767 αὑτοῦ,
3454 1704 3704 1773 λέγοντες

452 1793 614 1847 modo
665 1804 885 1864 Oportet
934 1795 1050 1865 regi
1095 1795 1233 1848 nos?
1282 1794 1458 1849 Senex
1517 1810 1645 1849 vero
1694 1795 2019 1865 respondit:

449 1885 568 1940 Non
603 1887 824 1942 memini
856 1903 940 1943 me
984 1902 1225 1957 unquam
1258 1887 1443 1942 dicere
1481 1886 1643 1940 alicui
1687 1895 1930 1942 vestrum
1967 1897 2024 1939 ut

449 1974 731 2044 quidpiam
781 1973 1008 2042 faceret,
1061 1976 1194 2045 quin
1246 1976 1402 2046 prius
1446 1975 1632 2029 animo
1679 1975 2021 2040 statuissem,

451 2080 561 2119 non
592 2066 778 2131 irasci,
820 2068 866 2122 si
897 2082 1008 2123 non
1040 2067 1261 2123 fecisset
1287 2065 1431 2137 quod
1475 2067 1590 2121 ﬁeri
1639 2067 1848 2122 aiebam
1884 2085 1897 2121 :
1929 2075 2024 2120 at—

449 2169 554 2225 que
594 2157 678 2212 sic
710 2174 806 2229 per
834 2167 1010 2215 totum
1038 2168 1288 2216 nostrum
1324 2169 1560 2229 tempus,
1596 2175 1720 2214 cum
1755 2175 1890 2229 pace
1927 2159 2023 2214 hac

447 2248 761 2304 bitavimus.

901 2340 1240 2412 Principium
1270 2341 1469 2394 littera;
1497 2341 1555 2392 Σ.

974 2432 1050 2484 De
1086 2432 1275 2484 abbate
1309 2431 1480 2486 Sisoe.

522 2521 574 2574 l.
621 2520 731 2590 ('50)
750 2519 941 2574 Frater
961 2521 1164 2589 injuria
1185 2520 1414 2576 affectus
1436 2523 1506 2576 ab
1527 2523 1637 2576 alio
1663 2523 1853 2589 fratre,
1874 2525 2021 2579 venit

450 2611 516 2664 ad
564 2611 814 2666 abbatem
860 2610 1096 2676 Sisoem,
1137 2621 1192 2668 et
1230 2613 1370 2667 dixit
1399 2614 1448 2668 ei
1483 2632 1496 2670 :
1530 2609 1788 2685 lnjuriani
1825 2630 2022 2686 passus

452 2719 574 2758 sum
606 2705 674 2758 ab
705 2704 891 2774 aliquo
921 2704 1111 2766 fratre,
1145 2719 1209 2758 ac
1229 2705 1354 2760 volo
1379 2707 1643 2775 meipsum
1675 2706 1888 2762 ulcisci.
1925 2705 2023 2762 Se-

451 2808 555 2846 ncx
594 2807 724 2846 vero
752 2791 1092 2856 hortabatur,
1129 2793 1215 2848 bis
1246 2793 1430 2850 verbis
1456 2813 1468 2849 :
1494 2794 1867 2866 Nequaquam,
1913 2796 2018 2862 fili;

449 2883 544 2938 sed
591 2883 775 2953 potius
811 2882 921 2938 Deo
973 2885 1221 2955 relinque
1273 2887 1501 2941 ultionis
1535 2896 1740 2957 partes.
1795 2889 2022 2958 Excepit

449 2977 580 3031 ille:
614 2975 730 3031 Non
786 2977 1038 3040 cessabo,
1089 2977 1264 3034 donec
1310 2979 1664 3034 vindicavere
1721 2994 1829 3035 me.
1881 2979 2017 3034 Tum

2124 1786 2274 1858 αὐτῷ
2293 1803 2306 1817 ·
2335 1787 2460 1851 Πῶς
2475 1787 2762 1859 ὀφείλομεν
2782 1788 3118 1861 διοικηθῆναι
3137 1807 3152 1856 ;
3176 1791 3235 1843 Ὀ
3255 1791 3312 1845 δὲ
3331 1793 3510 1864 γέρων
3529 1791 3703 1850 εἶπεν·

2122 1881 2393 1935 Οὐδέποτε
2437 1877 2552 1935 οἴδα
2600 1881 2770 1935 είπὼν
2797 1900 2900 1936 τινι
2935 1883 3090 1954 ὑμῶν
3127 1884 3352 1954 ποιῆσαί
3381 1887 3434 1938 τί
3475 1906 3622 1955 ποτε,
3653 1893 3704 1943 εί

2126 1975 2199 2043 μὴ
2238 1973 2500 2046 πρότερον
2549 1973 2780 2044 ἐποίησα
2833 1973 2925 2027 τὸν
2961 1975 3242 2046 λογισμὸν,
3277 1975 3353 2047 μὴ
3385 1977 3705 2051 ὀργισθῆναι

2123 2062 2216 2116 ἐὰν
2244 2065 2318 2134 μὴ
2349 2064 2552 2136 ποιήσῃ
2577 2064 2605 2116 ὃ
2632 2059 2784 2118 εἷπον
2807 2064 3059 2132 γενέσθαι
3085 2083 3098 2098 ·
3133 2068 3227 2121 καὶ
3259 2066 3433 2132 οὕτως
3462 2069 3586 2125 ὅλον
3608 2071 3704 2128 τὸν

2123 2155 2313 2225 χρόνον
2341 2156 2495 2226 ἡμῶν
2525 2156 2820 2228 ᾠκήσαμεν
2860 2158 2978 2227 μετ’
3007 2160 3250 2230 εἰρήνης.

2572 2331 2738 2403 Ἀρχὴ
2779 2333 2872 2385 τοῦ
2909 2335 2947 2385 Σ
2980 2337 3268 2406 στοιχείου.
3381 2352 3384 2354 ⁷

2511 2424 2647 2491 Περὶ
2677 2424 2783 2478 τοῦ
2825 2424 2976 2480 ἁϐϐᾶ
3005 2427 3050 2458 ⁸⁸
3091 2431 3303 2498 Σισόη.

2204 2521 2272 2570 α’.
2314 2516 2565 2584 Ἀδελφὸς
2599 2517 2881 2587 ἀδικηθεὶς
2918 2519 3024 2572 ὑπὸ
3059 2521 3245 2592 ἐτέρου
3282 2522 3532 2593 ἀδελφοῦ,
3567 2520 3707 2597 ἦλθε

2123 2611 2258 2683 πρὸς
2285 2611 2377 2665 τὸν
2393 2608 2568 2664 assa»;
2602 2610 2795 2681 Σισόην
2811 2610 2879 2676 ’⁸,
2912 2611 3005 2664 καὶ
3022 2612 3168 2681 λέγει
3187 2615 3367 2687 αὐτῷ’
3408 2616 3708 2690 Ἠδικήθην

2124 2704 2274 2775 παρά
2297 2720 2440 2765 τινος
2472 2704 2486 2732 ί
2511 2701 2765 2771 ἀδελφοῦ.
2783 2703 2937 2772 κάγὼ
2967 2705 3106 2760 θέλω
3128 2707 3362 2777 ἐμαυτὸν
3392 2709 3701 2779 ἐκδικῆσαι.

2133 2794 2192 2846 '0
2209 2793 2266 2846 δὲ
2289 2793 2472 2864 γέρων
2493 2793 2792 2863 παρεκάλει
2816 2793 2999 2858 αὑτὸν,
3025 2795 3225 2864 λέγων·
3245 2798 3358 2868 Μὴ,
3378 2797 3585 2862 τέκνον,
3610 2815 3712 2851 κα-

2120 2884 2372 2954 τάλειψον
2395 2885 2450 2938 δὲ
2480 2885 2682 2955 μᾶλλον
2711 2885 2790 2955 τῷ
2818 2886 2936 2956 Θεῷ
2965 2887 3030 2941 τὰ
3061 2888 3156 2957 τῆς
3173 2888 3528 2960 ἐκδικήσεως.
3561 2891 3620 2945 '0
3640 2891 3705 2945 δὲ

2119 2977 2332 3046 ἔλεγεν·
2391 2979 2465 3030 Οὐ
2508 2976 2790 3047 παύσομαι
2852 2977 2956 3042 ἓως
3001 2974 3063 3033 οὗ
3116 2980 3390 3052 ἐκδικήσω
3439 2985 3701 3054 ἐμαυτόν.

448 3084 638 3132 senex,
699 3067 953 3131 Oremus,
1002 3070 1200 3139 inquit,
1254 3069 1445 3125 frater.
1501 3071 1853 3142 Surgensque
1893 3071 2015 3127 ait:

2124 3063 2257 3122 Εῐπε
2288 3067 2344 3120 δὲ
2380 3068 2409 3120 6
2435 3067 2614 3139 γέρων
2635 3081 2648 3095 ·
2694 3067 3015 3139 Εὑξώμεθα,
3060 3070 3280 3141 ἀδελφέ.
3324 3074 3432 3126 Καὶ
3461 3077 3707 3141 ἀναστὰς

445 3157 612 3221 Deus,
646 3173 753 3211 non
783 3160 1016 3228 amplius
1041 3175 1261 3229 egemus
1300 3168 1360 3214 ut
1386 3163 1559 3216 nostri
1610 3178 1800 3218 curam
1843 3165 2019 3219 susci-

447 3251 598 3318 pias;
631 3264 732 3303 nos
775 3252 919 3303 enim
968 3260 1205 3320 acceptae
1247 3253 1462 3322 injuria:
1491 3269 1682 3324 poenas
1727 3255 2016 3326 exigimus.

447 3337 562 3391 lloc
597 3340 759 3410 igitur
797 3341 1004 3405 audito,
1049 3340 1218 3395 frater
1239 3344 1488 3411 procidit
1529 3345 1597 3398 ad
1633 3347 1797 3415 pedes
1845 3348 2014 3412 senis,

446 3429 635 3484 dicens
667 3448 680 3482 :
714 3431 836 3484 Non
860 3433 1095 3500 amplius
1126 3428 1400 3491 contEndo
1422 3452 1545 3491 cum
1577 3437 1766 3493 fratre.
1792 3437 2019 3507 Ignosce

451 3523 604 3586 mihi,
637 3524 799 3577 abba.

514 3613 570 3669 2.
611 3615 725 3686 (51)
757 3615 950 3672 Frater
976 3617 1051 3672 ita
1086 3620 1445 3692 interrogavit
1475 3621 1725 3677 abbatem
1755 3622 1966 3679 Sisoem
1999 3642 2014 3678 :

445 3707 584 3773 Quid
618 3709 852 3764 faciam?
877 3711 1004 3781 quia
1035 3712 1101 3767 ad
1135 3715 1421 3768 ecclesiam
1462 3729 1716 3781 occurro,
1743 3717 1835 3771 ubi
1872 3731 2015 3787 saepe

445 3806 614 3869 agape
649 3801 981 3870 celebratur,
1032 3811 1088 3858 et
1125 3804 1362 3860 retinent
1408 3822 1514 3861 me.
1566 3807 1655 3860 Ait
1688 3807 1764 3861 illi
1811 3823 2012 3862 senex:

444 3888 550 3945 lies
574 3901 657 3946 est
696 3893 990 3950 laboriosa.
1028 3895 1192 3965 igitur
1241 3896 1514 3951 Abraham
1545 3897 1848 3968 discipulus
1893 3899 2015 3967 ejus

445 3991 792 4049 percontatus
837 3993 962 4041 est:
999 3987 1058 4041 Si
1095 3987 1185 4041 fiat
1239 4002 1505 4045 occursus
1550 3991 1604 4044 in
1655 3988 1893 4045 Sabbato
1932 3991 2016 4045 vel

445 4073 748 4139 Dominica,
785 4083 839 4129 et
868 4074 1040 4132 frater
1075 4077 1274 4132 biberit
1305 4088 1416 4134 tres
1444 4080 1668 4145 calices,
1701 4095 1832 4133 num
1859 4083 2017 4136 mul-

443 4173 556 4214 tum
593 4165 714 4216 est?
771 4163 1075 4235 Respondit
1123 4183 1332 4223 senex:
1365 4166 1424 4222 Si
1468 4183 1581 4224 non
1639 4170 1713 4224 sit
1757 4168 2010 4241 Satanas,

443 4255 673 4308 multum
703 4271 812 4309 non
841 4265 946 4310 est.

2120 3151 2274 3211 εἶπεν
2305 3159 2333 3209 6
2356 3157 2562 3228 γέρων·
2610 3157 2668 3212 '0
2707 3159 2858 3223 Θεὸς,
2909 3161 3009 3214 οὐκ
3045 3160 3123 3214 ἔτι
3157 3178 3251 3215 σου
3290 3163 3485 3234 ἔχομεν
3509 3168 3705 3237 χρείαν

2120 3249 2428 3321 φροντίζειν
2454 3250 2582 3322 περ).
2597 3251 2617 3280 ’
2635 3250 2791 3320 ἡμῶν
2817 3266 2832 3283 ο
2859 3251 3017 3322 ἡμεῖς
3033 3252 3141 3324 γὰρ
3152 3253 3249 3324 τὴν
3273 3255 3550 3326 ἐκδίκησιν
3573 3258 3702 3312 ἐαυ-

2118 3342 2226 3396 τῶν
2274 3341 2556 3413 ποιοῦμεν.
2605 3341 2775 3394 Τοῦτο
2801 3337 2895 3395 οὖν
2929 3343 3165 3406 ἀκούσας
3200 3345 3229 3397 6
3254 3346 3501 3416 ἀδελφὸς,
3535 3349 3701 3405 ἔπεσε

2119 3434 2269 3504 παρά
2300 3433 2426 3496 τοὺς
2487 3431 2656 3494 πόδας
2697 3431 2794 3485 τοῦ
2819 3432 3096 3503 γέροντος,
3126 3436 3326 3489 εἰπών·
3361 3437 3475 3492 Οὐκ
3501 3437 3581 3491 ἐτι
3615 3440 3700 3494 δι-

2118 3524 2358 3596 κάζομαι
2397 3524 2536 3594 μετά
2564 3523 2659 3577 τοῦ
2699 3523 2954 3594 ἀδελφοῦ,
2988 3523 3345 3597 συγχώρησον
3378 3546 3490 3599 μοι,
3527 3529 3702 3584 ἀόϐᾶ.

2190 3615 2256 3687 β’.
2297 3614 2550 3683 Ἀδελφὸς
2606 3613 2862 3684 ἠρώτησε
2894 3613 2985 3667 τὸν
3020 3615 3194 3668 ἀϐὁᾶν
3235 3617 3449 3689 Σισόην,
3481 3619 3660 3688 λέγων
3681 3647 3693 3658 -

2115 3707 2183 3762 Τί
2211 3709 2458 3778 ποιήσω;
2491 3707 2571 3760 ὅτι
2597 3704 2822 3759 ἀπαντῶ
2854 3706 2934 3769 είς
2972 3705 3069 3776 τὴν
3096 3708 3415 3778 ἐκκλησίαν,
3447 3711 3544 3764 καὶ
3575 3715 3708 3766 πιλ-

2115 3800 2270 3865 λάκις
2294 3801 2504 3869 γίνεται
2527 3799 2714 3870 ἀγάπη
2740 3838 2755 3861 ,
2797 3798 2892 3851 καὶ
2925 3798 3188 3869 κρατοῦσί
3244 3818 3332 3870 με.
3363 3802 3525 3871 Λέγει
3551 3803 3700 3872 uim}

2115 3895 2144 3946 6
2170 3891 2378 3965 γέρων·
2403 3892 2586 3945 Κόπον
2617 3891 2730 3962 ἔχει
2759 3889 2820 3943 τὸ
2847 3892 3098 3962 πρᾶγμα.
3130 3892 3292 3960 Λέγει
3317 3887 3411 3946 οὖν
3443 3892 3696 3963 Ἀϐραὰμ

2115 3985 2144 4037 6
2172 3983 2420 4054 μαθητὴς
2457 3982 2622 4035 αὐτοῦ
2647 4001 2660 4014 ο
2704 3979 2830 4035 Ἐὰν
2866 3981 3090 4052 γένηται
3137 3984 3439 4054 ἀπάντησις
3475 3986 3532 4038 ἐν
3560 3985 3687 4038 σαϐ-

2117 4076 2266 4146 ϐάτῳ
2291 4075 2324 4146 ἢ
2355 4075 2413 4129 ἐν
2446 4076 2721 4146 Κυριακῇ,
2759 4075 2855 4127 καὶ
2889 4073 2988 4145 πίῃ
3018 4074 3245 4143 ἀδελφὸς
3279 4078 3407 4148 τρία
3435 4080 3695 4149 ποτήρια,

2120 4167 2195 4239 μὴ
2217 4165 2390 4220 πολλά
2415 4167 2531 4219 ἐστι
2550 4181 2567 4231 ;
2589 4165 2756 4233 Λέγει
2787 4167 2815 4217 6
2839 4158 3016 4238 γέρων
3039 4180 3052 4193 ·
3100 4165 3224 4221 Ἐἀν
3257 4169 3356 4221 οὐκ
3382 4169 3495 4222 ἔστι
3522 4171 3693 4222 Σατα-

2117 4259 2238 4325 νᾶς,
2257 4257 2430 4312 πολλά
2452 4256 2554 4310 οὐκ.
2573 4257 2739 4312 ἔστιν.

511 4345 565 4396 5.
618 4345 728 4414 ᾤὲ)
775 4345 1083 4416 Discipulus
1148 4349 1361 4405 abbatis
1413 4348 1589 4406 Sisois
1635 4353 1850 4409 dicebat
1907 4356 2004 4411 ei:

2185 4349 2256 4421 γ’.
2293 4351 2519 4418 Ἔλεγεν
2543 4351 2571 4403 6
2595 4349 2838 4422 μαθητὴς
2865 4349 2960 4402 τοῦ
2989 4349 3131 4403 assa
3163 4349 3321 4419 Σισόη
3349 4351 3486 4422 πρὸς
3505 4353 3685 4406 αὐτόν·

444 4431 624 4499 Pater,
677 4437 943 4504 senuisti,
987 4439 1246 4495 abeamus
1297 4441 1412 4510 jam
1465 4459 1633 4513 prope
1690 4455 1866 4503 terras
1909 4448 2007 4502 ba-

445 4528 659 4582 bitatas.
714 4528 806 4582 Ait
861 4545 1028 4585 senex
1087 4551 1101 4586 :
1157 4530 1262 4586 Ubi
1314 4549 1423 4588 non
1487 4546 1571 4590 est
1618 4539 1834 4606 mulier,
1895 4540 2006 4594 illic

442 4638 748 4693 pergamus.
781 4623 918 4677 Tum
958 4626 1262 4695 discipulus
1295 4645 1307 4680 :
1343 4626 1408 4679 Et
1432 4628 1554 4697 quis
1589 4629 1740 4685 locus
1769 4639 1855 4686 est
1894 4647 2004 4686 non

440 4715 645 4768 habens
671 4716 977 4779 mulierem,
1006 4716 1112 4771 nisi
1144 4717 1400 4772 eremus?
1421 4715 1597 4773 Senex
1627 4738 1639 4772 :
1670 4719 1727 4774 In
1758 4735 2003 4776 eremum

437 4809 622 4863 ducito
652 4823 756 4866 me.

504 4905 558 4958 4.
604 4904 717 4975 (55)
742 4901 1079 4973 Frequenter
1108 4902 1414 4974 discipulus
1445 4904 1658 4961 abbatis
1687 4905 1864 4963 Sisois
1899 4908 2007 4964 aie-

436 4996 571 5048 bat:
605 4995 777 5059 Abba,
841 5010 1022 5065 surge,
1091 4995 1503 5052 manducemus.
1555 4996 1648 5053 llle
1703 4997 1772 5053 ad
1830 5014 2000 5054 eum:

435 5086 551 5140 Non
601 5087 962 5152 comedimus,
1012 5085 1126 5141 fili?
1170 5085 1767 5158 RespondebatzNon,
1817 5093 2000 5148 Pater.

432 5176 568 5230 Tum
625 5194 790 5234 senex
821 5195 835 5232 :
869 5176 925 5234 Si
976 5193 1083 5233 non
1134 5180 1471 5236 comedimus
1492 5216 1508 5242 ,
1535 5181 1688 5247 aﬂ‘er,
1717 5191 1772 5241 et
1815 5184 1998 5240 cibum

430 5270 729 5338 capiemus.

2113 4442 2315 4514 Πάτερ,
2347 4443 2647 4512 ἐγήρασας,
2675 4441 3000 4511 ἀπέλθωμεν
3023 4443 3188 4509 ἐγγὺς
3220 4441 3320 4512 τῆς
3341 4443 3686 4513 οἰκουμένης.

2111 4536 2319 4589 λοιπόν.
2363 4535 2525 4602 Λέγει
2581 4533 2731 4603 αὐτῷ
2760 4534 2788 4585 6
2827 4532 3004 4604 γέρων
3028 4549 3042 4563 °
3071 4533 3244 4586 Ὅπου
3275 4533 3376 4586 οὐκ
3415 4533 3497 4586 ἔνι
3529 4532 3684 4602 γυνὴ,

2111 4628 2229 4680 ἐκεῖ
2257 4625 2601 4696 ἀπέλθωμεν.
2648 4625 2812 4692 Λέγει
2843 4623 2993 4693 αὐτῷ
3017 4625 3045 4676 6
3077 4623 3323 4695 μαθητὴς
3353 4623 3518 4678 αὑτοῦ
3536 4642 3551 4658 ο
3579 4625 3690 4678 Καὶ

2109 4717 2214 4770 ποῦ
2247 4716 2363 4770 ἔστι
2399 4716 2565 4778 τόπος
2596 4718 2623 4769 6
2657 4716 2731 4786 μὴ
2761 4713 2899 4785 ἔχων
2934 4718 3188 4783 γυναῖκα,
3219 4717 3269 4768 εί
3301 4714 3423 4786 μὴὴ
3447 4715 3689 4786 ἔρημοςς

2109 4809 2274 4878 Λέγει
2301 4804 2392 4862 οὖν
2411 4811 2438 4861 6
2466 4812 2645 4878 γέρων
2672 4827 2686 4841 ο
2721 4809 2817 4872 Εἰς
2847 4807 2946 4878 τὴν
2979 4807 3184 4880 ἔρημον
3211 4803 3345 4879 ἆρόν
3368 4826 3458 4877 με.

2179 4903 2240 4956 δ’.
2277 4901 2544 4964 Πολλάκις
2601 4900 2786 4968 ἔλεγεν
2840 4904 2869 4955 6
2909 4901 3156 4972 μαθητὴς
3189 4900 3282 4953 τοῦ
3313 4899 3460 4954 ἀὸὄᾶ
3486 4901 3649 4970 Σισόη
3672 4917 3686 4930 ο

2123 4995 2312 5060 ’Λ66ἆ,
2343 4994 2571 5057 ἀνάστα,
2603 4992 2883 5063 φάγωμεν.
2919 4994 2977 5046 '0
3013 4993 3071 5045 δὲ
3109 4992 3248 5062 πρὸς
3274 4992 3434 5046 αὑτὸν
3462 4992 3651 5061 ἔλεγεν
3671 5009 3685 5023 ⁸

2110 5089 2223 5142 Οὐκ
2266 5087 2565 5157 ἐφάγομεν,
2619 5084 2841 5150 τέκνον;
2883 5085 2940 5137 '0
2987 5083 3074 5137 δέ·
3105 5084 3263 5155 Οὐχὶ,
3318 5085 3520 5155 Πάτερ.
3575 5086 3689 5138 Καὶ

2108 5181 2291 5250 ἔλεγεν
2320 5181 2348 5231 6
2375 5178 2552 5250 γέρων
2579 5195 2593 5209 ⁸
2624 5178 2687 5230 Εἰ
2749 5177 2849 5230 οὐκ
2879 5176 3176 5248 ἐφάγομεν,
3211 5177 3362 5248 φέρε,
3402 5177 3498 5230 καὶ
3539 5176 3684 5230 ἐσθί-

2106 5294 2240 5347 ομεν
2272 5276 2316 5329 ³.

497 5448 541 5480 ⁸⁸
571 5448 653 5500 ΑΙ.
686 5451 867 5505 Σισώι.
929 5453 974 5484 ⁹⁹
999 5453 1084 5506 Al.
1120 5455 1314 5508 Σισόιν.
1393 5457 1458 5487 ⁹⁹”
1485 5457 1565 5508 Al.
1599 5451 1807 5527 Σισώην
1829 5455 1920 5510 τὸν
1937 5455 2014 5530 Θη

2124 5475 2191 5510 ιν.
2267 5456 2386 5510 ‘Al.
2417 5455 2510 5510 τοῦ
2541 5457 2570 5508 6
2597 5455 2758 5508 δεῖνα.
2838 5454 2959 5507 ’Al.
2995 5453 3154 5525 ὑπέρ.
3235 5452 3353 5506 ³Α1.
3386 5449 3680 5524 ἐσθίωμεν.

494 5625 606 5696 (50)
654 5626 758 5680 Vit.
792 5627 942 5681 Patr.
986 5646 1092 5690 τιτι,
1127 5634 1212 5687 10.

495 5698 607 5768 t5!)
656 5697 758 5752 Vit.
793 5698 940 5752 Patr.
980 5715 1049 5760 IV,
1077 5701 1164 5753 :7.

2177 5636 2288 5707 (59.)
2341 5635 2444 5707 Vit.
2473 5635 2622 5690 Patr.
2659 5654 2716 5702 ll,
2753 5639 2838 5692 15.

2171 5708 2282 5776 (53)
2339 5706 2438 5759 vn.
2483 5707 2632 5759 Patr.
2664 5723 2736 5774 ιν,
2779 5709 2866 5761 58.
