4020 6196
540 309 644 367 ’5θὸ

1632 306 1977 364 ΑΡΡΕΝυΙΧ
2014 308 2105 363 AD
2144 309 2572 371 PALLADIUM.

3699 318 3800 376 399

543 421 619 490 pit
649 438 662 475 :
692 418 876 475 Abbas
916 416 1086 488 jussit
1117 424 1179 473 ut
1217 417 1565 489 projicerem.
1603 416 1790 489 ltaque
1827 422 1876 476 ei
1907 419 2077 476 frater
2107 439 2118 474 :

2228 427 2391 497 Λέγει
2423 422 2516 481 οὗν
2561 428 2591 479 ὁ
2622 424 2878 495 ἀδελφός·
2935 425 3096 480 Ἀλλὰ
3132 426 3292 481 πάλιν
3330 420 3477 496 εἷπε,
3534 429 3609 501 μὴ
3649 430 3805 505 ῥίψῃς

542 512 647 568 Sed
683 511 846 566 modo
877 512 1048 567 vetuit
1083 512 1407 584 projiceres.
1440 510 1505 566 Et
1534 512 1730 569 relicto
1762 528 1850 578 eo,
1881 513 2122 571 accessit

538 604 604 657 ad
639 619 829 661 senem
855 647 871 674 ,
910 598 1201 680 factusque
1228 614 1314 663 est
1338 605 1547 679 probus
1574 608 1879 665 monachus
1904 617 2126 680 propter

536 695 910 756 obedientiam
946 712 1128 755 suam.

608 792 697 847 Η.
737 791 849 862 (41)
879 788 1071 846 Frater
1099 791 1457 863 interrogavit
1483 792 1737 849 abbatem
1774 789 2012 855 Sisoem,
2048 806 2120 845 an

536 885 658 958 pari
695 883 861 939 modo
905 892 1122 940 veteres
1171 891 1500 955 persecutus
1550 883 1716 940 fuerit
1763 883 2020 939 Satanas.
2060 883 2124 936 Et

537 979 617 1033 ait
652 977 730 1032 illi
764 991 972 1033 senex:
1000 976 1158 1031 Nune
1213 976 1411 1047 magis.
1456 976 1588 1047 quia
1624 985 1839 1047 tempus
1867 974 1989 1045 ejus
2025 989 2123 1045 ap-

436 1083 445 1093 '
538 1069 901 1140 propinquat,
938 1077 1104 1140 atque
1128 1068 1512 1126 conturbatur.

613 1160 703 1214 12.
745 1159 857 1229 (42)
890 1158 1165 1215 Tentatus
1192 1167 1281 1214 est
1308 1157 1610 1230 aliquando
1632 1174 1662 1212 a
1686 1158 1933 1215 daemone
1959 1158 2126 1213 Abra-

537 1249 665 1304 ltam
699 1248 1007 1320 discipulus
1038 1248 1252 1304 abbatis
1288 1248 1504 1313 Sisois;
1541 1255 1596 1302 et
1622 1247 1760 1304 vidit
1789 1263 1957 1304 senex
1977 1246 2124 1318 quod

538 1340 849 1397 cecidisset.
896 1339 1087 1411 itaque
1126 1329 1361 1411 surgens
1388 1339 1650 1411 expandit
1682 1353 1877 1395 manus
1918 1338 1973 1393 in
2004 1352 2122 1393 cte-

541 1434 680 1499 lum,
711 1433 962 1504 dixitque
996 1450 1010 1487 :
1049 1431 1216 1496 Deus,
1261 1432 1400 1489 velis
1446 1432 1613 1498 nolis,
1657 1445 1766 1486 non
1793 1429 2015 1486 dimitto
2045 1436 2121 1495 te,

535 1527 646 1583 nisi
675 1526 958 1583 curaveris
1002 1540 1149 1582 eum.
1191 1524 1503 1596 Statimque
1546 1523 1812 1580 medelam
1857 1536 2126 1578 consecu-

722 1628 762 1672 t.

536 1628 632 1768 tu:
644 1635 718 1768 ΞΒ
737 1712 850 1782 (43)
868 1709 1237 1766 Percontatus
1264 1716 1351 1765 est
1389 1707 1562 1763 frater
1604 1706 1673 1763 de
1701 1706 1910 1762 abbate
1936 1706 2117 1775 Sisoe,

2225 518 2417 572 αὐτόν.
2464 519 2573 576 Καὶ
2624 517 2941 572 καταλιπὼν
2986 518 3166 584 αὖτὸν,
3219 516 3353 591 ἦλθε
3400 506 3551 591 ’πρὸς
3582 520 3678 577 τδν
3714 524 3795 594 γι-

2198 608 2203 621 ¹
2228 626 2392 680 ροντα
2412 625 2425 639 ·
2456 610 2551 664 καὶ
2572 609 2760 680 γέγονε
2784 610 3059 684 δόκιμος¹¹
3082 612 3315 683 μοναχδς
3330 611 3420 666 διὰ
3437 613 3537 685 τὴν
3564 614 3796 686 ὑπακοὴν

2226 698 2413 755 αὐτοῦ.
2867 735 2876 744 -

2298 800 2389 848 ια’.
2440 794 2693 866 Ἀδελφὸς
2731 795 2985 869 ἠρώτησε
3017 796 3109 850 τὸν
3143 795 3320 851 ἀὸὄᾶν
3350 797 3570 871 Σισόην,
3605 796 3800 868 λέγων’

2224 877 2370 954 Ἀρα
2395 881 2568 948 οὕτως
2595 884 2815 939 ἐδίωκεν
2842 888 2871 941 ὁ
2890 886 3133 951 Σατανᾶς
3161 888 3289 952 τοὺς
3317 888 3612 959 ἀρχαίους,
3647 891 3804 961 Λέγει

2223 974 2374 1047 αὐτῷ
2404 978 2433 1031 6
2455 977 2632 1049 γέρων
2659 993 2673 1009 ’
2717 978 2879 1052 Ἀρτι
2913 978 3096 1045 πλέον,
3127 980 3210 1033 ὅτι
3248 981 3278 1034 ὁ
3306 980 3501 1052 καιρὸς
3523 981 3692 1036 αὐτοῦ
3715 984 3808 1055 ἥγ-

2223 1083 2367 1136 γισε,
2403 1069 2498 1123 καὶ
2520 1069 2874 1141 ταράσσεται.

2299 1157 2393 1229 ιβ’.
2423 1158 2755 1234 Ἐπειράσθη
2782 1162 2912 1215 ποτὲ
2945 1162 3198 1235 Ἀϐραὰμ
3225 1165 3255 1217 ὁ
3277 1163 3530 1235 μαθητὴς
3549 1163 3648 1218 τοῦ
3669 1164 3810 1221 ἁδὸἂ

2224 1251 2387 1323 Σισόη
2411 1251 2519 1305 ἀπὸ
2545 1252 2826 1324 δαίμονος·
2852 1255 2948 1308 καὶ
2976 1248 3116 1308 εἶδεν
3136 1254 3362 1327 ὁγέρων
3389 1248 3473 1309 ὃτί
3498 1255 3807 1325 πέπτωκεν,

2225 1344 2318 1397 καὶ
2348 1342 2587 1408 ἀναστὰς
2612 1344 2841 1410 ἐξέτεινε
2871 1345 2971 1410 τὰς
2992 1348 3182 1418 χεῖρας
3208 1348 3289 1411 εἰς
3315 1347 3411 1401 τὸν
3440 1348 3696 1420 οὐρανὸν,
3723 1349 3810 1403 λέ-

2224 1453 2337 1505 γων
2360 1454 2375 1470 ·
2419 1437 2582 1504 Θεὸς,
2610 1438 2820 1506 Θέλεις,
2855 1440 2916 1492 οὐ
2946 1439 3145 1504 θέλεις,
3183 1441 3284 1494 οὐκ
3334 1441 3460 1510 ἀφῶ
3488 1458 3572 1507 σε,
3603 1442 3701 1497 ἐὰν
3735 1443 3807 1516 μὴ

2223 1528 2388 1585 αὐτὸν
2416 1528 2781 1604 θεραπεύσῃς.
2821 1530 2932 1585 Καὶ
2962 1530 3164 1595 εὐθέως
3193 1530 3563 1604 ἐθεραπεύθη.

2297 1712 2385 1774 ιγ’.
2433 1705 2686 1775 Ἀδελφὸς
2718 1705 2971 1780 ἠρώτησε
3009 1708 3102 1762 τὸν
3131 1708 3309 1763 ὰϐϐἄν
3341 1710 3559 1783 Σισόην,
3590 1712 3794 1781 λέγων’

534 1807 686 1862 hunc
725 1807 781 1861 in
822 1805 1085 1861 modum:
1113 1802 1368 1872 Agnosco
1407 1800 1728 1856 memoriam
1773 1799 1869 1856 Dei
1901 1813 2118 1871 perma-

2232 1794 2375 1867 Ὀρῶ
2424 1796 2683 1866 ἐμαυτὸν,
2855 1775 2904 1868 ἠ-
2939 1800 3127 1870 μνήμη
3177 1799 3274 1853 τοῦ
3321 1800 3459 1855 Θεοῦ
3492 1775 3806 1875 παραμένει

537 1915 671 1954 nere
701 1898 845 1970 apud
878 1912 987 1953 me.
1020 1896 1111 1951 Ait
1154 1893 1232 1949 illi
1266 1906 1435 1949 senex
1463 1910 1478 1946 :
1511 1889 1634 1946 Non
1664 1904 1862 1961 magna
1891 1905 1982 1945 res
2011 1898 2120 1953 est,

535 1990 923 2061 cogitationem
949 1999 1096 2043 tuam
1120 2000 1246 2042 cum
1276 1983 1388 2040 Deo
1410 1997 1563 2051 esse;
1596 1982 1690 2038 sed
1718 1996 1981 2053 maguum
2011 1989 2121 2046 est,

536 2082 856 2151 conspicere
895 2095 957 2136 se
992 2088 1251 2148 tanquam
1296 2076 1446 2131 omni
1493 2081 1749 2131 creatura
1780 2072 2119 2128 inferiorem.

537 2171 591 2227 Id
622 2172 768 2228 enim
799 2184 1068 2243 corporeo
1099 2168 1269 2224 labori
1296 2167 1572 2237 junctum,
1609 2163 1833 2222 deducit
1863 2163 1932 2221 ad
1964 2163 2125 2220 habi-

534 2276 649 2321 tum
673 2265 1025 2321 humilitatis.
1630 2254 1637 2265 ’

605 2358 694 2411 14.
737 2357 853 2428 (Η)
871 2356 1203 2416 Referebaut
1223 2354 1293 2410 de
1313 2354 1507 2409 abbate
1532 2350 1709 2416 Sisoe,
1732 2347 1879 2420 quod
1901 2346 2122 2419 quando

532 2448 697 2505 morti
722 2448 1007 2518 proximus
1038 2446 1164 2511 fuit,
1212 2444 1531 2503 sedentibus
1572 2443 1721 2499 circa
1771 2455 1897 2497 eum
1948 2438 2124 2494 Patri-

533 2544 662 2608 bus,
706 2526 893 2597 vultus
924 2540 1046 2610 ejus
1081 2539 1427 2610 resplenduit
1476 2545 1743 2608 tanquam
1796 2534 1916 2600 sol;
1952 2532 2120 2589 dixit-

531 2650 643 2707 que
680 2634 790 2691 illis
818 2652 833 2686 τ
861 2633 1004 2690 Ecce
1046 2633 1219 2688 abbas
1249 2632 1521 2687 Antonius
1554 2629 1724 2686 venit.
1751 2626 1924 2682 Paulo
1947 2633 2073 2698 post
2101 2643 2116 2679 :

532 2727 640 2795 En,
676 2728 877 2798 inquit,
923 2727 1074 2781 venit
1107 2724 1501 2796 prophetarum
1546 2722 1771 2778 chorus.
1809 2719 2121 2789 lterumque

533 2820 704 2878 facies
727 2820 847 2891 ejus
876 2818 1142 2888 majorem
1169 2819 1223 2873 in
1259 2815 1480 2873 modum
1511 2815 1747 2872 refulsit.
1784 2812 1852 2867 Et
1879 2812 1957 2868 ait
1982 2831 1994 2865 :
2017 2809 2118 2877 En,

533 2914 739 2969 chorus
794 2910 1171 2983 apostolorum
1225 2909 1484 2967 accessit.
1529 2907 1835 2979 Adbucque
1881 2921 1945 2961 os
1999 2905 2120 2976 ejus

531 3006 702 3078 duplo
749 3004 1046 3076 fulgentius
1079 3001 1275 3060 evasit.
1316 3002 1461 3059 Ecce
1502 3007 1687 3057 autem
1722 3001 1928 3071 ipsum,
1955 2997 2118 3070 quasi

2225 1905 2317 1957 μοι
2337 1890 2398 1943 ¹².
2419 1889 2584 1958 Λέγει
2614 1888 2765 1961 αὐτῷ
2783 1891 2812 1945 6
2840 1890 3019 1963 γέρων
3041 1909 3053 1923 ·
3095 1892 3211 1947 Οὐκ
3240 1892 3360 1947 ἐστι
3392 1894 3559 1966 μέγα,
3584 1895 3648 1949 τὸ
3669 1891 3805 1950 εῖναι

2222 1979 2314 2063 τὸν
2346 1980 2603 2052 λογισμόν
2652 1999 2747 2036 σου
2792 1984 2930 2055 μετά
2960 1983 3056 2037 τοῦ
3084 1983 3221 2039 Θεοῦ
3246 2003 3260 2015 ·
3314 1986 3460 2058 μέγα
3494 1987 3553 2041 δέ
3578 1988 3717 2053 ἐστι,
3746 1990 3808 2044 τὸ

2223 2072 2417 2126 ἐαυτὸν
2442 2074 2576 2145 ὁρᾷν
2601 2074 2858 2130 ὑποκάτω
2879 2075 3063 2147 πάσης
3085 2077 3185 2149 τῆς
3222 2078 3475 2143 κτίσεως.
3500 2079 3674 2134 Τοῦτο
3698 2081 3807 2154 γὰρ

2219 2165 2317 2220 καὶ
2347 2166 2377 2218 ὁ
2410 2166 2721 2237 σωματικὸς
2753 2168 2921 2232 κόπος
2957 2168 3145 2241 ὁδηγεῖ
3172 2170 3254 2234 εἰς
3285 2170 3377 2224 τὸν
3417 2172 3518 2243 τῆς
3547 2190 3805 2229 ταπεινο-

2222 2257 2497 2331 φροσύνης
2515 2260 2718 2331 τρόπον
2742 2260 2878 2331 (46).

2293 2352 2372 2406 ιδ’.
2413 2353 2637 2423 Ἔλεγον
2671 2354 2917 2426 περὶτοῦ
2946 2352 3103 2409 ἀὸϐῐ
3120 2355 3304 2428 Σισόη,
3345 2356 3428 2410 ὅτι
3465 2357 3557 2411 ὅτε
3605 2357 3803 2429 ἐμελλε

2221 2445 2496 2519 τελευτᾷν,
2526 2445 2851 2519 καθημένων
2874 2448 2982 2502 τῶν
3003 2449 3266 2521 Πατέρων
3294 2449 3434 2523 πρὸς
3458 2450 3625 2505 αὐτὸν
3645 2451 3814 2523 ἐλαμ-

2221 2538 2291 2608 ψε
2324 2537 2385 2591 τὸ
2411 2537 2701 2610 πρόσωπον
2726 2538 2893 2594 αὐτοῦ
2923 2540 3000 2604 ὡς
3027 2542 3056 2595 ὁ
3079 2540 3259 2612 ἥλιος·
3285 2544 3380 2597 καὶ
3407 2542 3557 2612 λέγει
3590 2543 3813 2610 αὐτοῖς·
3848 2538 3855 2541 ’

2235 2629 2366 2685 Ἰδοὺ
2404 2632 2434 2686 ὁ
2465 2629 2640 2695 assa;
2683 2630 2966 2697 ’Δντώνιος
3003 2628 3158 2705 ἦλθε.
3190 2633 3296 2687 Καὶ
3322 2634 3459 2705 μετὰ
3494 2636 3693 2709 μικρὸν
3721 2635 3814 2690 λέ-

2222 2738 2338 2791 γει’
2396 2723 2529 2778 Ἰδοὺ
2552 2724 2582 2777 6
2606 2723 2763 2795 χορὸς
2786 2723 2895 2778 τῶν
2924 2725 3223 2796 προφητῶν
3253 2721 3406 2797 ἦλθε.
3428 2726 3541 2780 Kal.
3565 2727 3729 2781 πάλιν
3750 2728 3815 2782 τὸ

2223 2815 2514 2887 πρόσωπον
2530 2814 2694 2870 αὐτοῦ
2717 2814 3051 2889 περισσῶς¹³
3067 2816 3307 2889 ἔλαμψε’
3334 2818 3430 2872 καὶ
3458 2813 3644 2873 εῐπεψ
3674 2819 3811 2873 Ἰδοὺ
3919 2827 3932 2841 “

2221 2911 2252 2963 6
2295 2910 2457 2980 χορὸς
2498 2907 2609 2963 τῶν
2649 2909 2964 2963 ἀποστόλων
2997 2905 3152 2982 ἦλθε.
3200 2911 3312 2965 Καὶ
3350 2909 3701 2965 ἐδιπλασιασε
3747 2912 3813 2964 τὸ

2222 3002 2514 3073 πρόσωπον
2548 3000 2714 3055 αὐτοῦ
2746 3000 2943 3055 πάλινο
2997 3003 3094 3057 καὶ
3121 3003 3231 3057 ἰδοὺ
3259 3002 3423 3067 αὐτὸς
3457 3003 3535 3067 ὡς
3561 3006 3705 3075 μετά
3727 3021 3813 3057 τι·

531 3113 660 3155 eum
688 3097 1019 3169 quibusdam
1046 3096 1388 3167 loquentem.
1416 3094 1608 3165 Itaque
1632 3098 1968 3165 rogaverunt
1988 3105 2115 3147 eum

2225 3110 2330 3149 νων
2357 3092 2557 3148 λαλῶν.
2581 3094 2693 3149 Ka‘t
2721 3090 3020 3166 ἐδεήθησαν
3047 3092 3215 3149 αὐτοῦ
3247 3095 3298 3148 οἱ
3319 3094 3594 3168 γέροντες,
3621 3095 3814 3165 λέγον-

530 3205 723 3256 senes,
768 3187 1221 3246 dicentes:Cum
1285 3201 1397 3258 quo
1443 3185 1709 3252 disseris,
1760 3182 1968 3239 Pater?
2014 3181 2122 3236 Re-

531 3281 754 3353 spondit
785 3300 798 3337 :
835 3280 1029 3352 Angeli
1058 3286 1353 3344 venerunt,
1389 3287 1447 3333 ut
1478 3292 1565 3334 me
1597 3283 1912 3342 assumant;
1936 3282 1992 3332 et
2019 3273 2121 3330 ob-

529 3389 707 3439 secro,
749 3383 810 3430 ut
856 3373 1141 3445 permittar
1186 3370 1470 3442 paululum
1516 3384 1677 3441 agere
1714 3366 2114 3440 pmniteutiam.

530 3463 827 3537 Excipiunt
856 3478 1060 3521 senes:
1082 3461 1201 3519 Non
1232 3477 1360 3535 eges
1383 3460 1733 3533 ptenitentia,
1764 3460 1946 3516 Pater.
1974 3456 2118 3513 Tum

528 3574 702 3620 senex
727 3558 797 3614 ad
835 3559 1029 3629 ipsos:
1057 3555 1295 3622 Revera,
1334 3571 1445 3611 non
1496 3553 1641 3631 mihi
1670 3552 1930 3609 conscius
1972 3565 2116 3615 sum,

533 3653 683 3724 quod
725 3651 1068 3724 pmnitentiaa
1112 3650 1332 3707 initium
1379 3647 1685 3721 posuerim.
1728 3647 2114 3731 lptellexerunt

528 3759 662 3801 vero
703 3758 920 3809 omnes,
961 3757 1085 3799 eum
1140 3757 1265 3799 esse
1318 3741 1644 3813 perfectum.
1699 3738 1902 3795 lterum
1950 3736 2118 3793 facies

530 3837 680 3893 illius
714 3836 901 3892 subito
929 3834 1071 3891 facta
1106 3843 1193 3892 est
1216 3835 1368 3891 velut
1393 3834 1475 3892 sol
1501 3852 1516 3890 :
1549 3849 1615 3889 ex
1646 3849 1758 3906 quo
1784 3832 1960 3889 territi
1988 3838 2119 3887 sunt

528 3929 736 3985 cuncti.
784 3927 876 3983 Ait
924 3925 1078 3984 illis:
1110 3925 1324 3993 Videte,
1364 3924 1629 3981 Dominus
1669 3924 1843 3990 venit,
1879 3921 2113 3980 dicens:

530 4021 735 4078 Aﬂ‘erte
765 4020 895 4076 mihi
930 4021 1217 4077 electionis
1257 4036 1357 4078 vas
1384 4019 1578 4076 eremi.
1598 4015 1915 4087 Statimque
1946 4015 2118 4071 tradi-

530 4115 609 4169 dit
632 4113 907 4183 spiritum.
926 4112 1006 4169 Ac
1035 4112 1212 4169 evasit
1238 4120 1501 4183 tanquam
1526 4109 1718 4181 fulgur
1740 4150 1755 4174 ,
1783 4123 1886 4164 nec
1905 4121 2012 4162 non
2032 4102 2120 4163 re-

530 4206 713 4274 pletus
743 4212 828 4259 est
855 4211 1004 4260 totus
1036 4204 1191 4261 locus
1218 4204 1365 4260 bono
1391 4204 1583 4259 odore.

601 4296 690 4351 15.
733 4296 844 4367 (45)
877 4295 1164 4354 Profectus
1209 4297 1514 4354 est‘abbas
1560 4292 1862 4366 Adelphius
1902 4292 2117 4364 episco-

530 4404 635 4459 pus
654 4385 971 4459 Nilopoleos
1010 4390 1077 4445 ad
1108 4390 1363 4447 abbatem
1393 4388 1604 4446 Sisoem
1644 4388 1701 4442 in
1736 4395 1978 4442 montem
2017 4385 2117 4440 ιιι)-

2220 3203 2342 3252 τες·
2371 3184 2529 3243 Μετὰ
2576 3186 2723 3251 τινος
2770 3187 3002 3259 ὁμιλεῖς,
3035 3187 3249 3260 Πάτερ;
3308 3187 3367 3242 'U
3406 3188 3463 3242 δὲ
3496 3187 3634 3260 ἔφη’
3674 3188 3814 3243 Ἰδοὺ

2220 3281 2441 3352 ἄγγελοι
2471 3276 2635 3353 ἦλθον
2680 3281 2868 3336 λαϐεῖν
2898 3298 2990 3354 με,
3022 3281 3118 3336 καὶ
3158 3279 3465 3354 παρακαλῶ
3506 3280 3595 3334 ἵνα
3619 3277 3818 3349 ἀφεθῶ

2224 3375 2558 3447 μετανοῆσαι
2592 3375 2807 3447 μικρόν.
2840 3374 2954 3428 Kal.
2979 3372 3232 3443 λέγουσιν
3266 3373 3417 3445 αὐτῷ
3443 3374 3494 3426 oi
3519 3371 3812 3443 γέροντες·

2219 3467 2297 3521 Οὐ
2322 3467 2510 3539 χρείαν
2538 3467 2685 3539 ἔχεις
2729 3467 3086 3539 μετανοῆσαι,
3110 3466 3316 3539 Πάτερ.
3374 3462 3510 3519 Eius
3536 3464 3594 3518 δὲ
3622 3464 3819 3529 αὐτοῖς

2219 3560 2249 3613 6
2281 3560 2462 3633 γέρων
2483 3577 2499 3593 ο
2528 3558 2692 3614 Φύσει
2717 3559 2821 3614 οὐκ
2848 3554 2967 3615 οἶδα
3005 3557 3242 3631 ἐμαυτὸν
3261 3559 3346 3614 ὅτι
3383 3556 3575 3611 ἔϐαλον
3605 3555 3812 3629 ἀρχήν.

2219 3653 2330 3707 Καὶ
2355 3651 2557 3725 ἔμαθον
2581 3652 2782 3717 πάντες
2810 3653 2893 3707 ὃτι
2919 3650 3123 3717 τέλειός
3152 3653 3295 3706 ἐστι.
3323 3649 3436 3705 Καὶ
3468 3648 3634 3703 πάλιν
3654 3648 3821 3718 ἄφνω

2219 3744 2436 3814 ἐγένετο
2474 3746 2536 3799 τὸ
2568 3744 2861 3817 πρόσωπον
2897 3743 3064 3799 αὐτοῦ
3094 3744 3171 3809 ὡς
3200 3744 3230 3798 6
3259 3740 3410 3814 ἥλιος
3429 3759 3443 3775 ³
3479 3741 3575 3796 καὶ
3606 3741 3818 3812 ἐφοϐή-

2219 3836 2391 3908 θησαν
2424 3838 2645 3902 πὰντες.
2675 3836 2790 3892 Καὶ
2815 3836 2965 3907 λέγει
3000 3832 3186 3901 αστοϊς
3204 3853 3217 3869 ·
3262 3833 3523 3899 Βλέπετε,
3552 3836 3583 3888 6
3602 3833 3817 3907 Κύριος

2216 3926 2369 4004 ἦλθε,
2400 3931 2497 3986 καὶ
2521 3930 2699 4002 λέγει’
2731 3930 2929 4004 Φέρετέ
2963 3929 3136 4002 μοιτὸ
3157 3927 3412 3992 oxeﬁog“
3440 3926 3542 3999 τῆς
3572 3928 3812 3999 ἐρήμου.

2219 4024 2332 4076 Καὶ
2355 4021 2557 4086 εὐθέως
2588 4022 2872 4094 παρέδωκε
2893 4021 2961 4054 ¹⁶⁶
2991 4020 3051 4076 τό
3085 4020 3325 4092 πνεῦμα.
3348 4018 3459 4073 Καὶ
3488 4018 3707 4086 ἐγένετο
3735 4016 3817 4081 ὡς

2218 4114 2473 4186 ἀστραπή
2494 4131 2507 4142 ·
2543 4113 2637 4167 καὶ
2664 4111 2906 4184 ἐπλήσθη
2930 4112 3050 4177 ὅλος
3081 4112 3110 4166 6
3139 4108 3347 4175 οἶκος*1⁵
3376 4109 3625 4174 εὐωδίας.

2293 4295 2373 4343 ιε’.
2403 4287 2714 4361 Παρέὸαλεν
2746 4288 2775 4341 6
2819 4286 2995 4350 ἁόσᾶς
3047 4284 3318 4355 ’Δδέλφιος
3353 4282 3653 4344 ἐπίσκοπος
3675 4278 3812 4332 Νει-

2217 4384 2522 4447 λουπὸλεως
2561 4383 2699 4456 πρὸς
2741 4383 2833 4437 τδν
2867 4381 3042 4437 ἀ66ᾶν
3072 4380 3289 4450 Σισόην,
3339 4379 3421 4443 εἰς
3464 4377 3526 4431 τὸ
3552 4376 3676 4447 ὅρος
3710 4372 3814 4427 τοῦ

529 4457 672 4536 batis
693 4457 934 4540 Antonii.
962 4481 1213 4554 Cumque
1234 4483 1534 4540 discessuri
1567 4488 1783 4547 essent,
1820 4487 2113 4550 antequam

2225 4479 2370 4536 ἅϐὀᾶ
2411 4478 2717 4532 Ἀντωνίου.
2749 4476 2860 4530 Ka‘t
2886 4476 2963 4539 ὼς
2992 4471 3226 4546 ἤμελλον
3262 4470 3519 4536 ἐξελθεῖν,
3549 4468 3679 4539 πρὶν
3709 4467 3821 4520 αὖ·

528 4574 636 4629 iter
663 4572 1111 4646 aggrederentur,
1143 4574 1360 4631 curavit
1390 4581 1449 4627 ut
1478 4588 1507 4627 a
1535 4587 1695 4629 mane
1720 4572 2109 4628 comederent:

527 4676 648 4724 erat
680 4676 862 4724 autem
897 4666 1094 4738 jejunii
1124 4665 1259 4721 dies.
1294 4663 1595 4734 Postquam
1644 4678 1776 4734 ergo
1811 4671 2116 4734 posuerunt

529 4774 800 4826 mensam,
833 4771 964 4814 ecce
986 4757 1187 4813 fratres
1220 4756 1462 4827 pulsant.
1491 4754 1637 4809 Dixit
1664 4755 1941 4825 discipulo
1964 4770 2067 4811 suo
2094 4774 2107 4810 :

529 4850 709 4906 Trade
753 4849 861 4903 illis
894 4862 1118 4918 parvam
1155 4846 1382 4917 pultem,
1432 4849 1562 4917 quia
1619 4845 1903 4918 defatigati
1956 4855 2108 4904 sunt.

527 4942 618 4996 Ait
660 4940 711 4998 ei
757 4941 929 4999 abbas
972 4936 1272 5008 Adelpltius
1304 4957 1316 4993 :
1352 4937 1482 4993 Sine
1535 4939 1748 5008 utique,
1790 4952 1859 4993 ne
1901 4938 2110 5004 dicant,

2222 4571 2349 4633 τοὺς
2370 4566 2605 4631 ὁδεῦσαι,
2642 4565 2900 4635 ἐποίησεν
2937 4564 3134 4628 αὐτοὺς
3175 4560 3476 4633 γεύσασθαι
3502 4560 3610 4613 ἀπὸ
3627 4559 3817 4629 πρωϊ·

2220 4656 2291 4734 ἦν
2318 4660 2375 4715 δὲ
2391 4658 2634 4729 νηστεία.
2651 4658 2763 4712 Καὶ
2786 4656 2862 4721 ὡς
2891 4656 3092 4729 ἔθηκαν
3120 4652 3421 4728 τράπεζαν,
3446 4650 3556 4706 ἰδοὺ
3585 4649 3824 4720 ἀδελφοὶ

2220 4751 2527 4824 κρούουσιν.
2576 4746 2713 4804 Εῐπε
2756 4749 2813 4804 δὲ
2848 4748 2926 4821 τῷ
2962 4736 3176 4820 μαθητῇ
3227 4744 3427 4801 αὐτοῦ’
3487 4742 3589 4808 Δὸς
3623 4743 3825 4807 αὐτοῖς

2222 4843 2426 4917 μικρὰν
2453 4842 2686 4915 ἀθήραν,
2738 4843 2818 4897 ὅτι
2852 4843 2962 4897 ἀπὸ
2990 4841 3159 4895 κόπου
3201 4839 3330 4894 εἰσί.
3388 4837 3552 4905 Λέγει
3595 4833 3756 4906 αὐτῷ
3788 4836 3822 4888 ὁ

2219 4937 2395 5002 ἀϐϐᾶς
2431 4918 2737 5007 Ἀδέλφιος·
2791 4936 2963 5004 ’Ἄφες
2998 4933 3157 4999 τέως,
3193 4933 3283 4987 ἵνα
3314 4930 3390 5002 μὴ
3413 4930 3644 4984 εἴπωσιν
3664 4928 3753 4982 ὅτι
3786 4930 3822 4981 ὁ

600 5097 749 5177 ’ξΑΑΙ-
779 5095 1173 5177 δοκΑι-μῴῖατοξς.
1241 5096 1293 5127 ’¹²
1326 5094 1409 5151 Al.
1449 5110 1551 5166 μου
1583 5092 1660 5165 τῷ
1685 5093 1805 5165 Θεῷ
1829 5095 2153 5166 παραμένει.
2199 5094 2243 5126 ’³
2271 5094 2355 5177 ᾼΙ.
2390 5092 2799 5166 περισσότερον.
2875 5092 2920 5125 ¹⁸
2946 5091 3028 5147 Al.
3059 5091 3164 5147 ins.
3186 5090 3287 5162 τῆς
3325 5086 3583 5158 ἐκλογῆς.
3624 5086 3698 5120 “‘
3723 5088 3819 5143 ΑΙ.

530 5167 797 5250 ἀπέδωκε.
871 5166 918 5204 ιε
948 5168 1034 5224 si.
1066 5166 1250 5229 τόπος.

607 5352 719 5425 (ιι)
762 5353 875 5425 fit.
907 5352 1064 5425 Patr.
1095 5347 1353 5425 xv._£_56;
1386 5341 1546 5403 J‘oan.
1571 5345 1760 5402 Geom.
1788 5344 1990 5400 Parad.
2015 5344 2106 5400 55.

630 5419 714 5491 ιε)
761 5423 871 5491 vu.
902 5422 1057 5479 Patr.
1095 5438 1156 5487 ιι,
1190 5419 1276 5476 tt.

627 5488 716 5560 45)
769 5490 875 5547 νει.
905 5492 1059 5548 Patr.
1099 5509 1189 5556 xv,
1222 5492 1320 5559 67;
1357 5490 1582 5548 Dorotb.
1629 5488 1811 5544 Doctr.
1836 5490 1890 5543 2.

628 5563 717 5629 ιι)
767 5561 871 5615 Vit.
907 5560 1062 5629 Patr.
1095 5579 1179 5625 tn,
1211 5563 1264 5616 6.

906 5627 1067 5710 Patr:
1090 5646 1211 5710 vni,
1247 5631 1329 5710 ιδ,

605 5700 740 5830 (WE
768 5700 1104 5780 Ὀδηγεῖεζς
1131 5701 1238 5752 τὸν
1257 5700 1942 5783 τῆς-,ταπεινοφροσύνης
1962 5701 2104 5782 ,τρό-

605 5794 670 5830 ςν.
744 5772 899 5830 adem
928 5784 1143 5828 verSto:
1174 5765 1401 5830 Corrrgtt
1428 5782 1477 5825 et
1509 5773 1655 5824 dum
1687 5768 1754 5823 ad
1788 5769 2101 5826 humilitatis

530 5765 670 5834 :zc'r.
700 5765 904 5831 Eadettt
920 5765 1143 5828 Vversio:
1174 5765 1401 5839 Corrigit
1428 5782 1477 5825 et
1509 5765 1754 5824 duci't'ad
1788 5765 2101 5826 humilitatis

2217 5346 2379 5410 uiam,
2414 5343 2521 5401 nisi
2546 5344 2595 5401 si
2641 5341 2841 5400 melius
2889 5357 3104 5400 mecum
3143 5348 3345 5413 putas,
3404 5336 3822 5413 dirigit._Quod

2216 5422 2430 5486 spei-tat
2446 5414 2517 5469 ad
2538 5414 2959 5486 Apophthegme.
2980 5413 3056 5486 ita
3081 5410 3270 5486 reperi
3287 5413 3344 5486 in
3366 5413 3492 5486 eod.
3524 5410 3776 5486 Colbert.
3798 5425 3817 5462 :

2227 5479 2479 5555 ’Ᾱδελφδς
2511 5479 2669 5540 εἶπεν
2686 5483 2765 5556 τῷ
2788 5479 2939 5556 ἅϐόᾷ
2968 5479 3230 5556 Ποιμένιῄ
3259 5482 3403 5556 ’0ρῷ
3426 5480 3675 5556 ἐμαυτὸν
3693 5479 3821 5533 δια-

2214 5550 2417 5626 παντὸς
2461 5555 2600 5626 μετὰ
2627 5550 2748 5609 τοῦ’
2769 5550 2929 5626 Θεοῦ,
2964 5550 3175 5626 καὶμὴ
3200 5550 3581 5626 ἀφιστάμενον
3612 5550 3817 5626 ,ὄλξιξςζ

2213 5615 2537 5712 μέγανέσίτὶ,
2576 5626 2796 5712 llatae}
2811 5615 2984 5712 'Aéfet
3008 5615 3216 5712 αὐέιῖίὸ
3239 5615 3458 5712 γέρρον·
3486 5621 3623 5712 ρύχξ

2208 5691 2339 5822 Et?
2369 5695 2485 5768 ἴδῃς
2517 5697 2708 5752 ἑαυτὸν
2730 5691 2993 5752 ἐλάττονα
3023 5691 3263 5762 πάντων,
3292 5691 3415 5749 τότε
3456 5696 3539 5759 εἰς
3569 5691 3631 5749 τὸ
3660 5691 3827 5764 μέγα

2240 5785 2275 5822 φ
2314 5784 2473 5822 acac.

2240 5784 2473 5841 φυασας.
