  <div class='ocr_page' id='page_1' title='image "/cluster/home/n/w/nwhite01/storage/ocr_20150623/65/hvd.32044073501967/204.png"; bbox 0 0 4020 6196; ppageno 0'>
   <div class='ocr_carea' id='block_1_1' title="bbox 154 296 236 354">
    <p class='ocr_par' dir='ltr' id='par_1_1' title="bbox 154 296 236 354">
     <span class='ocr_line' id='line_1_1' title="bbox 154 296 236 354; baseline -0.073 0"><span class='ocrx_word' id='word_1_1' title='bbox 154 296 236 354; x_wconf 75' lang='lat'><strong>597</strong></span> 
     </span>
    </p>
   </div>
   <div class='ocr_carea' id='block_1_2' title="bbox 1222 274 2194 336">
    <p class='ocr_par' dir='ltr' id='par_1_2' title="bbox 1222 274 2194 336">
     <span class='ocr_line' id='line_1_2' title="bbox 1222 274 2194 336; baseline -0.003 0"><span class='ocrx_word' id='word_1_2' title='bbox 1222 275 1832 336; x_wconf 73' lang='lat' dir='ltr'><strong>APOPHTHEGMATA</strong></span> <span class='ocrx_word' id='word_1_3' title='bbox 1884 274 2194 334; x_wconf 80' lang='lat' dir='ltr'><strong>PATRUM.</strong></span> 
     </span>
    </p>
   </div>
   <div class='ocr_carea' id='block_1_3' title="bbox 3291 282 3398 342">
    <p class='ocr_par' dir='ltr' id='par_1_3' title="bbox 3291 282 3398 342">
     <span class='ocr_line' id='line_1_3' title="bbox 3291 282 3398 342; baseline 0.037 -3"><span class='ocrx_word' id='word_1_4' title='bbox 3291 282 3398 342; x_wconf 70' lang='lat'><strong>698</strong></span> 
     </span>
    </p>
   </div>
   <div class='ocr_carea' id='block_1_4' title="bbox 152 393 1723 475">
    <p class='ocr_par' dir='ltr' id='par_1_4' title="bbox 152 394 1714 475">
     <span class='ocr_line' id='line_1_4' title="bbox 152 394 1714 475; baseline -0.008 -13"><span class='ocrx_word' id='word_1_5' title='bbox 152 409 297 469; x_wconf 66' lang='lat'><em>6.665.;</em></span> <span class='ocrx_word' id='word_1_6' title='bbox 327 404 524 475; x_wconf 84' lang='grc' dir='ltr'>Σισόης</span> <span class='ocrx_word' id='word_1_7' title='bbox 554 401 664 457; x_wconf 84' lang='grc' dir='ltr'><strong>ἀπὸ</strong></span> <span class='ocrx_word' id='word_1_8' title='bbox 696 399 841 473; x_wconf 73' lang='grc' dir='ltr'>πρωϊ</span> <span class='ocrx_word' id='word_1_9' title='bbox 865 398 1057 454; x_wconf 86' lang='grc' dir='ltr'>ἐσθίει.</span> <span class='ocrx_word' id='word_1_10' title='bbox 1102 398 1213 453; x_wconf 83' lang='lat' dir='ltr'><strong>Kal</strong></span> <span class='ocrx_word' id='word_1_11' title='bbox 1243 396 1543 470; x_wconf 83' lang='grc' dir='ltr'><strong>προσέσχεν</strong></span> <span class='ocrx_word' id='word_1_12' title='bbox 1564 394 1714 468; x_wconf 80' lang='grc' dir='ltr'>αὐτῷ</span> 
     </span>
    </p>
   </div>
   <div class='ocr_carea' id='block_1_5' title="bbox 1832 393 3400 475">
    <p class='ocr_par' dir='ltr' id='par_1_5' title="bbox 1832 393 3400 454">
     <span class='ocr_line' id='line_1_5' title="bbox 1832 393 3400 454; baseline 0.003 -5"><span class='ocrx_word' id='word_1_13' title='bbox 1832 396 2067 452; x_wconf 74' lang='lat' dir='ltr'><strong>ibbatem</strong></span> <span class='ocrx_word' id='word_1_14' title='bbox 2092 395 2305 453; x_wconf 77' lang='lat' dir='ltr'><strong>Sisoeni</strong></span> <span class='ocrx_word' id='word_1_15' title='bbox 2329 394 2396 450; x_wconf 90' lang='lat' dir='ltr'><strong>de</strong></span> <span class='ocrx_word' id='word_1_16' title='bbox 2422 408 2584 451; x_wconf 89' lang='lat' dir='ltr'><strong>mane</strong></span> <span class='ocrx_word' id='word_1_17' title='bbox 2609 393 2960 452; x_wconf 84' lang='lat' dir='ltr'><strong>manducare.</strong></span> <span class='ocrx_word' id='word_1_18' title='bbox 2990 394 3056 450; x_wconf 86' lang='lat' dir='ltr'><strong>Et</strong></span> <span class='ocrx_word' id='word_1_19' title='bbox 3080 395 3312 452; x_wconf 88' lang='lat' dir='ltr'><strong>intendit</strong></span> <span class='ocrx_word' id='word_1_20' title='bbox 3340 398 3400 454; x_wconf 90' lang='lat' dir='ltr'><strong>in</strong></span> 
     </span>
    </p>
   </div>
   <div class='ocr_carea' id='block_1_6' title="bbox 150 488 1705 571">
    <p class='ocr_par' dir='ltr' id='par_1_6' title="bbox 150 488 1705 571">
     <span class='ocr_line' id='line_1_6' title="bbox 150 488 1705 571; baseline -0.01 -17"><span class='ocrx_word' id='word_1_21' title='bbox 150 500 369 571; x_wconf 80' lang='grc' dir='ltr'>ὀγέρων,</span> <span class='ocrx_word' id='word_1_22' title='bbox 405 495 501 549; x_wconf 76' lang='lat' dir='ltr'><strong>xal</strong></span> <span class='ocrx_word' id='word_1_23' title='bbox 536 491 788 563; x_wconf 82' lang='grc' dir='ltr'>λέγειτῷ</span> <span class='ocrx_word' id='word_1_24' title='bbox 821 488 1035 561; x_wconf 79' lang='grc' dir='ltr'><strong>ἀδελφῷ</strong></span> <span class='ocrx_word' id='word_1_25' title='bbox 1054 506 1067 518; x_wconf 82' lang='lat'><strong>&#39;</strong></span> <span class='ocrx_word' id='word_1_26' title='bbox 1120 488 1359 557; x_wconf 80' lang='grc' dir='ltr'><strong>Ὕπαγε,</strong></span> <span class='ocrx_word' id='word_1_27' title='bbox 1387 488 1479 551; x_wconf 85' lang='grc' dir='ltr'>δὸς</span> <span class='ocrx_word' id='word_1_28' title='bbox 1504 488 1705 567; x_wconf 78' lang='grc' dir='ltr'>αὐτοῖς.</span> 
     </span>
    </p>
   </div>
   <div class='ocr_carea' id='block_1_7' title="bbox 159 576 1712 653">
    <p class='ocr_par' dir='ltr' id='par_1_7' title="bbox 159 576 1712 653">
     <span class='ocr_line' id='line_1_7' title="bbox 159 576 1712 653; baseline -0.01 -11"><span class='ocrx_word' id='word_1_29' title='bbox 159 591 238 653; x_wconf 81' lang='grc' dir='ltr'>ἀς</span> <span class='ocrx_word' id='word_1_30' title='bbox 265 581 348 642; x_wconf 75' lang='grc' dir='ltr'>οὖν</span> <span class='ocrx_word' id='word_1_31' title='bbox 384 579 520 637; x_wconf 82' lang='grc' dir='ltr'>εἶδον</span> <span class='ocrx_word' id='word_1_32' title='bbox 565 582 665 653; x_wconf 86' lang='grc' dir='ltr'>τὴν</span> <span class='ocrx_word' id='word_1_33' title='bbox 702 582 935 653; x_wconf 84' lang='grc' dir='ltr'>ἀθήραν,</span> <span class='ocrx_word' id='word_1_34' title='bbox 966 576 1146 633; x_wconf 68' lang='grc' dir='ltr'>εἷποψ</span> <span class='ocrx_word' id='word_1_35' title='bbox 1184 577 1275 649; x_wconf 80' lang='grc' dir='ltr'>Μὴ</span> <span class='ocrx_word' id='word_1_36' title='bbox 1305 576 1489 644; x_wconf 78' lang='grc' dir='ltr'>ξένους</span> <span class='ocrx_word' id='word_1_37' title='bbox 1519 577 1668 647; x_wconf 80' lang='grc' dir='ltr'>ἔχετε</span> <span class='ocrx_word' id='word_1_38' title='bbox 1693 594 1712 645; x_wconf 85' lang='grc'><strong>;</strong></span> 
     </span>
    </p>
   </div>
   <div class='ocr_carea' id='block_1_8' title="bbox 155 665 1714 756">
    <p class='ocr_par' dir='ltr' id='par_1_8' title="bbox 155 665 1714 756">
     <span class='ocr_line' id='line_1_8' title="bbox 155 665 1714 756; baseline -0.008 -21"><span class='ocrx_word' id='word_1_39' title='bbox 155 682 224 756; x_wconf 82' lang='grc' dir='ltr'>μὴ</span> <span class='ocrx_word' id='word_1_40' title='bbox 243 679 336 753; x_wconf 77' lang='grc' dir='ltr'>ἄρα</span> <span class='ocrx_word' id='word_1_41' title='bbox 356 677 449 731; x_wconf 72' lang='grc' dir='ltr'>καὶ</span> <span class='ocrx_word' id='word_1_42' title='bbox 473 676 502 728; x_wconf 87' lang='lat'><strong>6</strong></span> <span class='ocrx_word' id='word_1_43' title='bbox 529 675 710 747; x_wconf 78' lang='grc' dir='ltr'>γέρων</span> <span class='ocrx_word' id='word_1_44' title='bbox 745 673 864 745; x_wconf 82' lang='grc' dir='ltr'>μεθ’</span> <span class='ocrx_word' id='word_1_45' title='bbox 888 672 1040 745; x_wconf 79' lang='grc' dir='ltr'>ὑμῶν</span> <span class='ocrx_word' id='word_1_46' title='bbox 1066 670 1272 735; x_wconf 83' lang='grc' dir='ltr'>ἐσθίει;</span> <span class='ocrx_word' id='word_1_47' title='bbox 1299 671 1410 723; x_wconf 83' lang='lat' dir='ltr'><strong>Kal</strong></span> <span class='ocrx_word' id='word_1_48' title='bbox 1436 665 1589 723; x_wconf 83' lang='grc' dir='ltr'>εἶπεν</span> <span class='ocrx_word' id='word_1_49' title='bbox 1617 669 1714 723; x_wconf 85' lang='grc' dir='ltr'>αύ-</span> 
     </span>
    </p>
   </div>
   <div class='ocr_carea' id='block_1_9' title="bbox 155 759 1713 837">
    <p class='ocr_par' dir='ltr' id='par_1_9' title="bbox 155 759 1713 837">
     <span class='ocr_line' id='line_1_9' title="bbox 155 759 1713 837; baseline -0.007 -13"><span class='ocrx_word' id='word_1_50' title='bbox 155 773 297 837; x_wconf 82' lang='grc' dir='ltr'>τοῖςό</span> <span class='ocrx_word' id='word_1_51' title='bbox 344 768 601 837; x_wconf 80' lang='grc' dir='ltr'>ἀδελφός’</span> <span class='ocrx_word' id='word_1_52' title='bbox 662 765 791 820; x_wconf 85' lang='grc' dir='ltr'>Ναί.</span> <span class='ocrx_word' id='word_1_53' title='bbox 853 763 1130 837; x_wconf 75' lang='grc' dir='ltr'>Ἤρξαντο</span> <span class='ocrx_word' id='word_1_54' title='bbox 1157 759 1251 815; x_wconf 77' lang='grc' dir='ltr'>οὖν</span> <span class='ocrx_word' id='word_1_55' title='bbox 1282 759 1584 825; x_wconf 76' lang='grc' dir='ltr'>θλίϐεσθαι,</span> <span class='ocrx_word' id='word_1_56' title='bbox 1618 760 1713 814; x_wconf 75' lang='grc' dir='ltr'>καὶ</span> 
     </span>
    </p>
   </div>
   <div class='ocr_carea' id='block_1_10' title="bbox 157 852 1714 935">
    <p class='ocr_par' dir='ltr' id='par_1_10' title="bbox 157 852 1714 935">
     <span class='ocr_line' id='line_1_10' title="bbox 157 852 1714 935; baseline -0.008 -17"><span class='ocrx_word' id='word_1_57' title='bbox 157 867 331 935; x_wconf 84' lang='grc' dir='ltr'>λέγειν·</span> <span class='ocrx_word' id='word_1_58' title='bbox 372 861 711 931; x_wconf 83' lang='grc' dir='ltr'>Συγχωρήσῃ</span> <span class='ocrx_word' id='word_1_59' title='bbox 757 857 886 928; x_wconf 81' lang='grc' dir='ltr'>ὑμῖν</span> <span class='ocrx_word' id='word_1_60' title='bbox 937 857 966 908; x_wconf 98' lang='lat'><strong>6</strong></span> <span class='ocrx_word' id='word_1_61' title='bbox 1003 854 1156 919; x_wconf 83' lang='grc' dir='ltr'>Θεὸς,</span> <span class='ocrx_word' id='word_1_62' title='bbox 1207 854 1290 907; x_wconf 83' lang='grc' dir='ltr'>ὃτι</span> <span class='ocrx_word' id='word_1_63' title='bbox 1339 852 1429 908; x_wconf 77' lang='grc' dir='ltr'><strong>τὸν</strong></span> <span class='ocrx_word' id='word_1_64' title='bbox 1481 852 1714 924; x_wconf 85' lang='grc' dir='ltr'>γέροντα</span> 
     </span>
    </p>
   </div>
   <div class='ocr_carea' id='block_1_11' title="bbox 158 943 1712 1028">
    <p class='ocr_par' dir='ltr' id='par_1_11' title="bbox 158 943 1712 1028">
     <span class='ocr_line' id='line_1_11' title="bbox 158 943 1712 1028; baseline -0.009 -16"><span class='ocrx_word' id='word_1_65' title='bbox 158 959 373 1028; x_wconf 73' lang='grc' dir='ltr'>ἀφήκατε</span> <span class='ocrx_word' id='word_1_66' title='bbox 407 955 602 1024; x_wconf 80' lang='grc' dir='ltr'><strong>φαγεῖν</strong></span> <span class='ocrx_word' id='word_1_67' title='bbox 656 950 801 1023; x_wconf 80' lang='grc' dir='ltr'>ἄρτι.</span> <span class='ocrx_word' id='word_1_68' title='bbox 837 949 906 1001; x_wconf 87' lang='grc' dir='ltr'><em>Ἢ</em></span> <span class='ocrx_word' id='word_1_69' title='bbox 945 948 1045 1000; x_wconf 89' lang='grc' dir='ltr'><strong>ούκ</strong></span> <span class='ocrx_word' id='word_1_70' title='bbox 1072 946 1253 999; x_wconf 78' lang='grc' dir='ltr'><strong>οἴδατε</strong></span> <span class='ocrx_word' id='word_1_71' title='bbox 1276 946 1358 999; x_wconf 82' lang='grc' dir='ltr'>ὅτι</span> <span class='ocrx_word' id='word_1_72' title='bbox 1387 945 1479 998; x_wconf 75' lang='grc' dir='ltr'>ἐπὶ</span> <span class='ocrx_word' id='word_1_73' title='bbox 1513 943 1712 1007; x_wconf 81' lang='grc' dir='ltr'>πολλὰς</span> 
     </span>
    </p>
   </div>
   <div class='ocr_carea' id='block_1_12' title="bbox 158 1035 1711 1119">
    <p class='ocr_par' dir='ltr' id='par_1_12' title="bbox 158 1035 1711 1119">
     <span class='ocr_line' id='line_1_12' title="bbox 158 1035 1711 1119; baseline -0.007 -19"><span class='ocrx_word' id='word_1_74' title='bbox 158 1048 331 1119; x_wconf 73' lang='grc' dir='ltr'>ἡμέρας</span> <span class='ocrx_word' id='word_1_75' title='bbox 354 1044 465 1115; x_wconf 78' lang='grc' dir='ltr'>ἔχει</span> <span class='ocrx_word' id='word_1_76' title='bbox 482 1045 526 1076; x_wconf 85' lang='grc'><strong>¹⁶</strong></span> <span class='ocrx_word' id='word_1_77' title='bbox 543 1042 806 1097; x_wconf 82' lang='grc' dir='ltr'>κοπιάσαι</span> <span class='ocrx_word' id='word_1_78' title='bbox 823 1056 838 1105; x_wconf 87' lang='grc'><strong>;</strong></span> <span class='ocrx_word' id='word_1_79' title='bbox 856 1039 967 1093; x_wconf 88' lang='lat' dir='ltr'><strong>Kal</strong></span> <span class='ocrx_word' id='word_1_80' title='bbox 984 1038 1216 1109; x_wconf 74' lang='grc' dir='ltr'><strong>1Ιικουσεν</strong></span> <span class='ocrx_word' id='word_1_81' title='bbox 1239 1037 1418 1090; x_wconf 81' lang='grc' dir='ltr'>αὐτῶν</span> <span class='ocrx_word' id='word_1_82' title='bbox 1437 1038 1467 1090; x_wconf 93' lang='lat'><strong>6</strong></span> <span class='ocrx_word' id='word_1_83' title='bbox 1485 1035 1711 1091; x_wconf 81' lang='grc' dir='ltr'>ἐπίσκο·</span> 
     </span>
    </p>
   </div>
   <div class='ocr_carea' id='block_1_13' title="bbox 157 1125 1714 1206">
    <p class='ocr_par' dir='ltr' id='par_1_13' title="bbox 157 1125 1714 1206">
     <span class='ocr_line' id='line_1_13' title="bbox 157 1125 1714 1206; baseline -0.009 -12"><span class='ocrx_word' id='word_1_84' title='bbox 157 1158 252 1203; x_wconf 82' lang='grc' dir='ltr'>πος,</span> <span class='ocrx_word' id='word_1_85' title='bbox 278 1140 368 1192; x_wconf 77' lang='grc' dir='ltr'>καὶ</span> <span class='ocrx_word' id='word_1_86' title='bbox 389 1136 551 1191; x_wconf 77' lang='grc' dir='ltr'>ἔϐαλε</span> <span class='ocrx_word' id='word_1_87' title='bbox 592 1133 882 1206; x_wconf 78' lang='grc' dir='ltr'>μετάνοιαν</span> <span class='ocrx_word' id='word_1_88' title='bbox 902 1131 981 1202; x_wconf 84' lang='grc' dir='ltr'>τῷ</span> <span class='ocrx_word' id='word_1_89' title='bbox 1003 1131 1241 1203; x_wconf 77' lang='grc' dir='ltr'>γέροντι,</span> <span class='ocrx_word' id='word_1_90' title='bbox 1262 1130 1436 1199; x_wconf 85' lang='grc' dir='ltr'>λέγων</span> <span class='ocrx_word' id='word_1_91' title='bbox 1452 1145 1466 1160; x_wconf 90' lang='grc'><strong>·</strong></span> <span class='ocrx_word' id='word_1_92' title='bbox 1496 1125 1714 1199; x_wconf 83' lang='grc' dir='ltr'>Συγχώ-</span> 
     </span>
    </p>
   </div>
   <div class='ocr_carea' id='block_1_14' title="bbox 159 1220 1711 1303">
    <p class='ocr_par' dir='ltr' id='par_1_14' title="bbox 159 1220 1711 1303">
     <span class='ocr_line' id='line_1_14' title="bbox 159 1220 1711 1303; baseline -0.008 -19"><span class='ocrx_word' id='word_1_93' title='bbox 159 1231 291 1303; x_wconf 78' lang='grc' dir='ltr'>ρησόν</span> <span class='ocrx_word' id='word_1_94' title='bbox 318 1248 427 1300; x_wconf 85' lang='grc' dir='ltr'>μοι,</span> <span class='ocrx_word' id='word_1_95' title='bbox 458 1227 623 1290; x_wconf 76' lang='grc' dir='ltr'><strong>ἀὸϐἄ,</strong></span> <span class='ocrx_word' id='word_1_96' title='bbox 655 1226 737 1280; x_wconf 83' lang='grc' dir='ltr'>ὅτι</span> <span class='ocrx_word' id='word_1_97' title='bbox 778 1221 1117 1296; x_wconf 86' lang='grc' dir='ltr'>ἀνθρώπινόν</span> <span class='ocrx_word' id='word_1_98' title='bbox 1154 1239 1209 1275; x_wconf 89' lang='grc' dir='ltr'><strong>τι</strong></span> <span class='ocrx_word' id='word_1_99' title='bbox 1237 1221 1598 1292; x_wconf 62' lang='grc' dir='ltr'>ἐλογισάμην</span> <span class='ocrx_word' id='word_1_100' title='bbox 1645 1220 1711 1273; x_wconf 80' lang='grc' dir='ltr'><strong>σὺ</strong></span> 
     </span>
    </p>
   </div>
   <div class='ocr_carea' id='block_1_15' title="bbox 154 1309 1713 1385">
    <p class='ocr_par' dir='ltr' id='par_1_15' title="bbox 154 1309 1713 1385">
     <span class='ocr_line' id='line_1_15' title="bbox 154 1309 1713 1385; baseline -0.006 -12"><span class='ocrx_word' id='word_1_101' title='bbox 154 1320 194 1372; x_wconf 82' lang='grc' dir='ltr'><em>δὲ</em></span> <span class='ocrx_word' id='word_1_102' title='bbox 214 1320 266 1373; x_wconf 76' lang='grc' dir='ltr'><strong>τὸ</strong></span> <span class='ocrx_word' id='word_1_103' title='bbox 289 1318 382 1372; x_wconf 81' lang='grc' dir='ltr'>τοῦ</span> <span class='ocrx_word' id='word_1_104' title='bbox 411 1316 547 1371; x_wconf 79' lang='grc' dir='ltr'>θεοῦ</span> <span class='ocrx_word' id='word_1_105' title='bbox 574 1313 857 1385; x_wconf 84' lang='grc' dir='ltr'>ἐποίησας.</span> <span class='ocrx_word' id='word_1_106' title='bbox 888 1311 999 1366; x_wconf 88' lang='lat' dir='ltr'><strong>Kal</strong></span> <span class='ocrx_word' id='word_1_107' title='bbox 1024 1310 1171 1381; x_wconf 83' lang='grc' dir='ltr'>λέγει</span> <span class='ocrx_word' id='word_1_108' title='bbox 1197 1312 1348 1383; x_wconf 83' lang='grc' dir='ltr'>αύτῷ</span> <span class='ocrx_word' id='word_1_109' title='bbox 1375 1313 1405 1365; x_wconf 91' lang='lat'><strong>6</strong></span> <span class='ocrx_word' id='word_1_110' title='bbox 1427 1309 1602 1374; x_wconf 77' lang='grc' dir='ltr'>ἁὸδᾶς</span> <span class='ocrx_word' id='word_1_111' title='bbox 1624 1309 1713 1363; x_wconf 78' lang='grc' dir='ltr'><strong>Σιο</strong></span> 
     </span>
    </p>
   </div>
   <div class='ocr_carea' id='block_1_16' title="bbox 155 1401 1712 1483">
    <p class='ocr_par' dir='ltr' id='par_1_16' title="bbox 155 1401 1712 1483">
     <span class='ocr_line' id='line_1_16' title="bbox 155 1401 1712 1483; baseline -0.006 -19"><span class='ocrx_word' id='word_1_112' title='bbox 155 1412 287 1483; x_wconf 73' lang='grc' dir='ltr'>σόηςο</span> <span class='ocrx_word' id='word_1_113' title='bbox 324 1410 448 1463; x_wconf 86' lang='grc' dir='ltr'><strong>Ἐἀν</strong></span> <span class='ocrx_word' id='word_1_114' title='bbox 481 1408 556 1482; x_wconf 77' lang='grc' dir='ltr'>μὴ</span> <span class='ocrx_word' id='word_1_115' title='bbox 584 1409 612 1461; x_wconf 97' lang='lat'><strong>6</strong></span> <span class='ocrx_word' id='word_1_116' title='bbox 640 1406 774 1470; x_wconf 82' lang='grc' dir='ltr'>θεὸς</span> <span class='ocrx_word' id='word_1_117' title='bbox 796 1404 1006 1479; x_wconf 67' lang='grc' dir='ltr'><strong>δοξάσῃ</strong></span> <span class='ocrx_word' id='word_1_118' title='bbox 1039 1404 1346 1472; x_wconf 78' lang='grc' dir='ltr'>ἄνθρωπον,</span> <span class='ocrx_word' id='word_1_119' title='bbox 1383 1405 1418 1476; x_wconf 75' lang='grc' dir='ltr'><strong>ἡ</strong></span> <span class='ocrx_word' id='word_1_120' title='bbox 1450 1402 1579 1470; x_wconf 80' lang='grc' dir='ltr'>δόξα</span> <span class='ocrx_word' id='word_1_121' title='bbox 1601 1401 1712 1456; x_wconf 86' lang='grc' dir='ltr'><strong>τῶν</strong></span> 
     </span>
    </p>
   </div>
   <div class='ocr_carea' id='block_1_17' title="bbox 151 1499 1305 1573">
    <p class='ocr_par' dir='ltr' id='par_1_17' title="bbox 151 1499 1305 1573">
     <span class='ocr_line' id='line_1_17' title="bbox 151 1499 1305 1573; baseline -0.007 -18"><span class='ocrx_word' id='word_1_122' title='bbox 151 1500 429 1573; x_wconf 80' lang='grc' dir='ltr'>ἀνθρώπων</span> <span class='ocrx_word' id='word_1_123' title='bbox 461 1499 609 1552; x_wconf 79' lang='grc' dir='ltr'>οὐδέν</span> <span class='ocrx_word' id='word_1_124' title='bbox 634 1500 806 1551; x_wconf 86' lang='grc' dir='ltr'>ἐστιν.</span> <span class='ocrx_word' id='word_1_125' title='bbox 1300 1558 1305 1563; x_wconf 90' lang='lat'><strong><em>_</em></strong></span> 
     </span>
    </p>
   </div>
   <div class='ocr_carea' id='block_1_18' title="bbox 210 1583 1710 1662">
    <p class='ocr_par' dir='ltr' id='par_1_18' title="bbox 210 1583 1710 1662">
     <span class='ocr_line' id='line_1_18' title="bbox 210 1583 1710 1662; baseline -0.004 -17"><span class='ocrx_word' id='word_1_126' title='bbox 210 1599 297 1657; x_wconf 80' lang='grc' dir='ltr'>ις’.</span> <span class='ocrx_word' id='word_1_127' title='bbox 316 1590 623 1662; x_wconf 77' lang='grc' dir='ltr'>Παρέϐαλόν</span> <span class='ocrx_word' id='word_1_128' title='bbox 637 1605 783 1651; x_wconf 86' lang='grc' dir='ltr'>τινες</span> <span class='ocrx_word' id='word_1_129' title='bbox 800 1587 840 1619; x_wconf 83' lang='grc'><strong>¹⁷</strong></span> <span class='ocrx_word' id='word_1_130' title='bbox 859 1585 997 1659; x_wconf 76' lang='grc' dir='ltr'>πρὸς</span> <span class='ocrx_word' id='word_1_131' title='bbox 1014 1586 1105 1640; x_wconf 82' lang='grc' dir='ltr'>τὸν</span> <span class='ocrx_word' id='word_1_132' title='bbox 1130 1583 1305 1639; x_wconf 77' lang='grc' dir='ltr'><strong>ἀὸὅᾶν</strong></span> <span class='ocrx_word' id='word_1_133' title='bbox 1326 1584 1522 1655; x_wconf 87' lang='grc' dir='ltr'>Σισόην</span> <span class='ocrx_word' id='word_1_134' title='bbox 1542 1583 1710 1639; x_wconf 79' lang='grc' dir='ltr'>ἀκοῦ-</span> 
     </span>
    </p>
   </div>
   <div class='ocr_carea' id='block_1_19' title="bbox 149 1675 1709 1754">
    <p class='ocr_par' dir='ltr' id='par_1_19' title="bbox 149 1675 1709 1754">
     <span class='ocr_line' id='line_1_19' title="bbox 149 1675 1709 1754; baseline -0.004 -18"><span class='ocrx_word' id='word_1_135' title='bbox 149 1700 223 1736; x_wconf 80' lang='grc' dir='ltr'><strong>σαι</strong></span> <span class='ocrx_word' id='word_1_136' title='bbox 248 1683 369 1754; x_wconf 80' lang='grc' dir='ltr'>παρ’</span> <span class='ocrx_word' id='word_1_137' title='bbox 393 1680 555 1735; x_wconf 84' lang='grc' dir='ltr'>αύτοῦ</span> <span class='ocrx_word' id='word_1_138' title='bbox 578 1680 754 1747; x_wconf 82' lang='grc' dir='ltr'>λόγον,</span> <span class='ocrx_word' id='word_1_139' title='bbox 782 1679 874 1733; x_wconf 77' lang='grc' dir='ltr'>καὶ</span> <span class='ocrx_word' id='word_1_140' title='bbox 898 1677 1052 1731; x_wconf 81' lang='grc' dir='ltr'>οὐδὲν</span> <span class='ocrx_word' id='word_1_141' title='bbox 1083 1676 1266 1740; x_wconf 82' lang='grc' dir='ltr'>αὐτοῖς</span> <span class='ocrx_word' id='word_1_142' title='bbox 1284 1675 1517 1748; x_wconf 78' lang='grc' dir='ltr'>ἐλάλησε</span> <span class='ocrx_word' id='word_1_143' title='bbox 1532 1690 1546 1703; x_wconf 92' lang='grc'><strong>·</strong></span> <span class='ocrx_word' id='word_1_144' title='bbox 1567 1676 1709 1730; x_wconf 84' lang='grc' dir='ltr'>πάν-</span> 
     </span>
    </p>
   </div>
   <div class='ocr_carea' id='block_1_20' title="bbox 1824 486 3401 557">
    <p class='ocr_par' dir='ltr' id='par_1_20' title="bbox 1824 486 3401 557">
     <span class='ocr_line' id='line_1_20' title="bbox 1824 486 3401 557; baseline 0.001 -13"><span class='ocrx_word' id='word_1_145' title='bbox 1824 503 1951 544; x_wconf 89' lang='lat' dir='ltr'><strong>eum</strong></span> <span class='ocrx_word' id='word_1_146' title='bbox 1977 503 2170 554; x_wconf 85' lang='lat' dir='ltr'><strong>senex,</strong></span> <span class='ocrx_word' id='word_1_147' title='bbox 2196 486 2584 557; x_wconf 78' lang='lat' dir='ltr'><strong>mandavitque</strong></span> <span class='ocrx_word' id='word_1_148' title='bbox 2614 487 2771 542; x_wconf 76' lang='lat' dir='ltr'><strong>fratri</strong></span> <span class='ocrx_word' id='word_1_149' title='bbox 2803 508 2815 541; x_wconf 94' lang='lat'>:</span> <span class='ocrx_word' id='word_1_150' title='bbox 2850 486 3022 552; x_wconf 84' lang='lat' dir='ltr'><strong><em>Vade,</em></strong></span> <span class='ocrx_word' id='word_1_151' title='bbox 3056 488 3126 543; x_wconf 93' lang='lat' dir='ltr'><strong>da</strong></span> <span class='ocrx_word' id='word_1_152' title='bbox 3158 488 3289 545; x_wconf 85' lang='lat' dir='ltr'><strong>illis.</strong></span> <span class='ocrx_word' id='word_1_153' title='bbox 3326 486 3401 546; x_wconf 82' lang='lat' dir='ltr'><strong>Ut</strong></span> 
     </span>
    </p>
   </div>
   <div class='ocr_carea' id='block_1_21' title="bbox 1818 579 3398 652">
    <p class='ocr_par' dir='ltr' id='par_1_21' title="bbox 1818 579 3398 652">
     <span class='ocr_line' id='line_1_21' title="bbox 1818 579 3398 652; baseline 0.001 -16"><span class='ocrx_word' id='word_1_154' title='bbox 1818 596 1950 652; x_wconf 87' lang='lat' dir='ltr'><strong>ergo</strong></span> <span class='ocrx_word' id='word_1_155' title='bbox 1987 588 2398 650; x_wconf 83' lang='lat' dir='ltr'><strong>conspexerunt</strong></span> <span class='ocrx_word' id='word_1_156' title='bbox 2445 579 2679 650; x_wconf 87' lang='lat' dir='ltr'><strong>pultem,</strong></span> <span class='ocrx_word' id='word_1_157' title='bbox 2724 580 2801 635; x_wconf 87' lang='lat' dir='ltr'><strong>ita</strong></span> <span class='ocrx_word' id='word_1_158' title='bbox 2835 579 3003 635; x_wconf 89' lang='lat' dir='ltr'><strong>locuti</strong></span> <span class='ocrx_word' id='word_1_159' title='bbox 3049 588 3179 637; x_wconf 89' lang='lat' dir='ltr'><strong>sunt</strong></span> <span class='ocrx_word' id='word_1_160' title='bbox 3216 582 3398 638; x_wconf 84' lang='lat' dir='ltr'><strong>:Num</strong></span> 
     </span>
    </p>
   </div>
   <div class='ocr_carea' id='block_1_22' title="bbox 1790 669 3394 752">
    <p class='ocr_par' dir='ltr' id='par_1_22' title="bbox 1790 669 3394 752">
     <span class='ocr_line' id='line_1_22' title="bbox 1790 669 3394 752; baseline 0.003 -27"><span class='ocrx_word' id='word_1_161' title='bbox 1790 670 2070 752; x_wconf 48' lang='lat' dir='ltr'><strong>.hospites</strong></span> <span class='ocrx_word' id='word_1_162' title='bbox 2110 671 2361 727; x_wconf 78' lang='lat' dir='ltr'><strong>habetis?</strong></span> <span class='ocrx_word' id='word_1_163' title='bbox 2392 669 2532 726; x_wconf 84' lang='lat' dir='ltr'><strong>Num</strong></span> <span class='ocrx_word' id='word_1_164' title='bbox 2566 678 2621 727; x_wconf 89' lang='lat' dir='ltr'><strong>et</strong></span> <span class='ocrx_word' id='word_1_165' title='bbox 2667 687 2834 727; x_wconf 87' lang='lat' dir='ltr'><strong>senex</strong></span> <span class='ocrx_word' id='word_1_166' title='bbox 2874 672 3161 729; x_wconf 82' lang='lat' dir='ltr'><strong>vobiscum</strong></span> <span class='ocrx_word' id='word_1_167' title='bbox 3205 689 3394 731; x_wconf 86' lang='lat' dir='ltr'><strong>come-</strong></span> 
     </span>
    </p>
   </div>
   <div class='ocr_carea' id='block_1_23' title="bbox 1818 761 3401 834">
    <p class='ocr_par' dir='ltr' id='par_1_23' title="bbox 1818 761 3401 834">
     <span class='ocr_line' id='line_1_23' title="bbox 1818 761 3401 834; baseline 0.001 -16"><span class='ocrx_word' id='word_1_168' title='bbox 1818 763 1936 818; x_wconf 87' lang='lat' dir='ltr'><strong>dit?</strong></span> <span class='ocrx_word' id='word_1_169' title='bbox 1967 762 2269 833; x_wconf 79' lang='lat' dir='ltr'><strong>Respondit</strong></span> <span class='ocrx_word' id='word_1_170' title='bbox 2305 761 2521 819; x_wconf 80' lang='lat' dir='ltr'><strong>frater:</strong></span> <span class='ocrx_word' id='word_1_171' title='bbox 2562 761 2760 818; x_wconf 80' lang='lat' dir='ltr'><strong>Etiam.</strong></span> <span class='ocrx_word' id='word_1_172' title='bbox 2812 761 3084 830; x_wconf 85' lang='lat' dir='ltr'><strong>Quocirca</strong></span> <span class='ocrx_word' id='word_1_173' title='bbox 3116 773 3401 834; x_wconf 70' lang='lat' dir='ltr'><strong>cmperunt</strong></span> 
     </span>
    </p>
   </div>
   <div class='ocr_carea' id='block_1_24' title="bbox 1804 852 3401 929">
    <p class='ocr_par' dir='ltr' id='par_1_24' title="bbox 1804 852 3401 929">
     <span class='ocr_line' id='line_1_24' title="bbox 1804 852 3401 929; baseline 0.001 -18"><span class='ocrx_word' id='word_1_174' title='bbox 1804 852 1999 929; x_wconf 42' lang='lat' dir='ltr'><strong>‘atlligi,</strong></span> <span class='ocrx_word' id='word_1_175' title='bbox 2036 871 2101 912; x_wconf 92' lang='lat' dir='ltr'><strong>ac</strong></span> <span class='ocrx_word' id='word_1_176' title='bbox 2140 856 2325 913; x_wconf 81' lang='lat' dir='ltr'><strong>dicere</strong></span> <span class='ocrx_word' id='word_1_177' title='bbox 2357 875 2369 911; x_wconf 91' lang='lat'><strong>:</strong></span> <span class='ocrx_word' id='word_1_178' title='bbox 2397 855 2653 928; x_wconf 89' lang='lat' dir='ltr'><strong>Ignoscat</strong></span> <span class='ocrx_word' id='word_1_179' title='bbox 2681 855 2839 913; x_wconf 91' lang='lat' dir='ltr'><strong>vobis</strong></span> <span class='ocrx_word' id='word_1_180' title='bbox 2898 854 3065 923; x_wconf 84' lang='lat' dir='ltr'><strong>Deus,</strong></span> <span class='ocrx_word' id='word_1_181' title='bbox 3114 857 3265 927; x_wconf 89' lang='lat' dir='ltr'><strong>quod</strong></span> <span class='ocrx_word' id='word_1_182' title='bbox 3311 873 3401 913; x_wconf 89' lang='lat' dir='ltr'><strong>se-</strong></span> 
     </span>
    </p>
   </div>
   <div class='ocr_carea' id='block_1_25' title="bbox 1813 948 3398 1014">
    <p class='ocr_par' dir='ltr' id='par_1_25' title="bbox 1813 948 3398 1014">
     <span class='ocr_line' id='line_1_25' title="bbox 1813 948 3398 1014; baseline 0.002 -10"><span class='ocrx_word' id='word_1_183' title='bbox 1813 964 1939 1004; x_wconf 88' lang='lat' dir='ltr'><strong>nem</strong></span> <span class='ocrx_word' id='word_1_184' title='bbox 1987 948 2228 1006; x_wconf 87' lang='lat' dir='ltr'><strong>siveritis</strong></span> <span class='ocrx_word' id='word_1_185' title='bbox 2278 949 2442 1006; x_wconf 89' lang='lat' dir='ltr'><strong>modo</strong></span> <span class='ocrx_word' id='word_1_186' title='bbox 2482 949 2667 1005; x_wconf 80' lang='lat' dir='ltr'><strong>cibum</strong></span> <span class='ocrx_word' id='word_1_187' title='bbox 2715 964 2957 1006; x_wconf 85' lang='lat' dir='ltr'><strong>sumere.</strong></span> <span class='ocrx_word' id='word_1_188' title='bbox 2996 948 3190 1006; x_wconf 86' lang='lat' dir='ltr'><strong>Nonne</strong></span> <span class='ocrx_word' id='word_1_189' title='bbox 3221 950 3398 1014; x_wconf 88' lang='lat' dir='ltr'><strong>scitis,</strong></span> 
     </span>
    </p>
   </div>
   <div class='ocr_carea' id='block_1_26' title="bbox 1816 1042 3398 1111">
    <p class='ocr_par' dir='ltr' id='par_1_26' title="bbox 1816 1042 3398 1111">
     <span class='ocr_line' id='line_1_26' title="bbox 1816 1042 3398 1111; baseline 0.002 -16"><span class='ocrx_word' id='word_1_190' title='bbox 1816 1055 1911 1111; x_wconf 89' lang='lat' dir='ltr'><strong>per</strong></span> <span class='ocrx_word' id='word_1_191' title='bbox 1936 1042 2138 1098; x_wconf 91' lang='lat' dir='ltr'><strong>multos</strong></span> <span class='ocrx_word' id='word_1_192' title='bbox 2177 1043 2296 1099; x_wconf 85' lang='lat' dir='ltr'><strong>dies</strong></span> <span class='ocrx_word' id='word_1_193' title='bbox 2339 1052 2744 1099; x_wconf 83' lang='lat' dir='ltr'><strong>maceraturum</strong></span> <span class='ocrx_word' id='word_1_194' title='bbox 2779 1057 2905 1100; x_wconf 87' lang='lat' dir='ltr'><strong>esse</strong></span> <span class='ocrx_word' id='word_1_195' title='bbox 2948 1045 3050 1099; x_wconf 84' lang='lat' dir='ltr'><strong>se?</strong></span> <span class='ocrx_word' id='word_1_196' title='bbox 3075 1043 3229 1110; x_wconf 89' lang='lat' dir='ltr'><strong>Quos</strong></span> <span class='ocrx_word' id='word_1_197' title='bbox 3273 1058 3398 1099; x_wconf 92' lang='lat' dir='ltr'><strong>cum</strong></span> 
     </span>
    </p>
   </div>
   <div class='ocr_carea' id='block_1_27' title="bbox 1813 1118 3395 1207">
    <p class='ocr_par' dir='ltr' id='par_1_27' title="bbox 1813 1118 3395 1207">
     <span class='ocr_line' id='line_1_27' title="bbox 1813 1118 3395 1207; baseline 0.001 -18"><span class='ocrx_word' id='word_1_198' title='bbox 1813 1134 2081 1191; x_wconf 88' lang='lat' dir='ltr'><strong>audiisset</strong></span> <span class='ocrx_word' id='word_1_199' title='bbox 2110 1135 2427 1207; x_wconf 88' lang='lat' dir='ltr'><strong>episcopus,</strong></span> <span class='ocrx_word' id='word_1_200' title='bbox 2466 1118 2752 1191; x_wconf 81' lang='lat' dir='ltr'><strong>inclinavit</strong></span> <span class='ocrx_word' id='word_1_201' title='bbox 2778 1151 2840 1192; x_wconf 90' lang='lat' dir='ltr'><strong>se</strong></span> <span class='ocrx_word' id='word_1_202' title='bbox 2890 1150 3080 1191; x_wconf 87' lang='lat' dir='ltr'><strong>coram</strong></span> <span class='ocrx_word' id='word_1_203' title='bbox 3111 1151 3263 1199; x_wconf 89' lang='lat' dir='ltr'><strong>sene,</strong></span> <span class='ocrx_word' id='word_1_204' title='bbox 3308 1136 3395 1191; x_wconf 91' lang='lat' dir='ltr'><strong>in-</strong></span> 
     </span>
    </p>
   </div>
   <div class='ocr_carea' id='block_1_28' title="bbox 1812 1225 3401 1298">
    <p class='ocr_par' dir='ltr' id='par_1_28' title="bbox 1812 1225 3401 1298">
     <span class='ocr_line' id='line_1_28' title="bbox 1812 1225 3401 1298; baseline -0.001 -17"><span class='ocrx_word' id='word_1_205' title='bbox 1812 1226 2011 1298; x_wconf 88' lang='lat' dir='ltr'><strong>quiens</strong></span> <span class='ocrx_word' id='word_1_206' title='bbox 2040 1245 2054 1282; x_wconf 90' lang='lat'><strong>:</strong></span> <span class='ocrx_word' id='word_1_207' title='bbox 2088 1225 2316 1298; x_wconf 90' lang='lat' dir='ltr'><strong>Ignosce</strong></span> <span class='ocrx_word' id='word_1_208' title='bbox 2360 1227 2516 1292; x_wconf 87' lang='lat' dir='ltr'><strong>mihi,</strong></span> <span class='ocrx_word' id='word_1_209' title='bbox 2549 1226 2713 1291; x_wconf 89' lang='lat' dir='ltr'><strong>abba,</strong></span> <span class='ocrx_word' id='word_1_210' title='bbox 2758 1227 2890 1297; x_wconf 91' lang='lat' dir='ltr'><strong>quia</strong></span> <span class='ocrx_word' id='word_1_211' title='bbox 2925 1227 3225 1282; x_wconf 91' lang='lat' dir='ltr'><strong>humanum</strong></span> <span class='ocrx_word' id='word_1_212' title='bbox 3267 1225 3401 1295; x_wconf 89' lang='lat' dir='ltr'><strong>quid</strong></span> 
     </span>
    </p>
   </div>
   <div class='ocr_carea' id='block_1_29' title="bbox 1813 1315 3399 1387">
    <p class='ocr_par' dir='ltr' id='par_1_29' title="bbox 1813 1315 3399 1387">
     <span class='ocr_line' id='line_1_29' title="bbox 1813 1315 3399 1387; baseline -0.001 -16"><span class='ocrx_word' id='word_1_213' title='bbox 1813 1318 2093 1387; x_wconf 86' lang='lat' dir='ltr'><strong>reputavi;</strong></span> <span class='ocrx_word' id='word_1_214' title='bbox 2144 1324 2204 1371; x_wconf 92' lang='lat' dir='ltr'><strong>tu</strong></span> <span class='ocrx_word' id='word_1_215' title='bbox 2254 1331 2383 1372; x_wconf 91' lang='lat' dir='ltr'><strong>vero</strong></span> <span class='ocrx_word' id='word_1_216' title='bbox 2432 1317 2579 1386; x_wconf 91' lang='lat' dir='ltr'><strong>quod</strong></span> <span class='ocrx_word' id='word_1_217' title='bbox 2623 1315 2717 1371; x_wconf 81' lang='lat' dir='ltr'><strong>Dei</strong></span> <span class='ocrx_word' id='word_1_218' title='bbox 2760 1325 2845 1374; x_wconf 91' lang='lat' dir='ltr'><strong>est</strong></span> <span class='ocrx_word' id='word_1_219' title='bbox 2892 1315 3094 1373; x_wconf 83' lang='lat' dir='ltr'><strong>fecisti.</strong></span> <span class='ocrx_word' id='word_1_220' title='bbox 3151 1316 3290 1371; x_wconf 89' lang='lat' dir='ltr'><strong>Tum</strong></span> <span class='ocrx_word' id='word_1_221' title='bbox 3345 1317 3399 1371; x_wconf 89' lang='lat' dir='ltr'><strong>ei</strong></span> 
     </span>
    </p>
   </div>
   <div class='ocr_carea' id='block_1_30' title="bbox 1818 1407 3392 1478">
    <p class='ocr_par' dir='ltr' id='par_1_30' title="bbox 1818 1407 3392 1478">
     <span class='ocr_line' id='line_1_30' title="bbox 1818 1407 3392 1478; baseline -0.001 -16"><span class='ocrx_word' id='word_1_222' title='bbox 1818 1408 1991 1464; x_wconf 84' lang='lat' dir='ltr'><strong>abbas</strong></span> <span class='ocrx_word' id='word_1_223' title='bbox 2033 1408 2218 1465; x_wconf 87' lang='lat' dir='ltr'><strong>Sisoes</strong></span> <span class='ocrx_word' id='word_1_224' title='bbox 2258 1427 2273 1464; x_wconf 91' lang='lat'><strong>:</strong></span> <span class='ocrx_word' id='word_1_225' title='bbox 2307 1407 2423 1463; x_wconf 85' lang='lat' dir='ltr'><strong>Nisi</strong></span> <span class='ocrx_word' id='word_1_226' title='bbox 2476 1407 2618 1465; x_wconf 90' lang='lat' dir='ltr'><strong>Deus</strong></span> <span class='ocrx_word' id='word_1_227' title='bbox 2661 1407 3050 1478; x_wconf 82' lang='lat' dir='ltr'><strong>gloriﬁcaverit</strong></span> <span class='ocrx_word' id='word_1_228' title='bbox 3092 1408 3392 1468; x_wconf 86' lang='lat' dir='ltr'><strong>hominem,</strong></span> 
     </span>
    </p>
   </div>
   <div class='ocr_carea' id='block_1_31' title="bbox 1812 1497 2602 1569">
    <p class='ocr_par' dir='ltr' id='par_1_31' title="bbox 1812 1497 2602 1569">
     <span class='ocr_line' id='line_1_31' title="bbox 1812 1497 2602 1569; baseline -0.001 -17"><span class='ocrx_word' id='word_1_229' title='bbox 1812 1497 2094 1554; x_wconf 87' lang='lat' dir='ltr'><strong>hominum</strong></span> <span class='ocrx_word' id='word_1_230' title='bbox 2123 1498 2297 1569; x_wconf 79' lang='lat' dir='ltr'><strong>gloria</strong></span> <span class='ocrx_word' id='word_1_231' title='bbox 2325 1498 2463 1552; x_wconf 88' lang='lat' dir='ltr'><strong>nihil</strong></span> <span class='ocrx_word' id='word_1_232' title='bbox 2497 1505 2602 1553; x_wconf 83' lang='lat' dir='ltr'><strong>est.</strong></span> 
     </span>
    </p>
   </div>
   <div class='ocr_carea' id='block_1_32' title="bbox 1885 1586 3402 1660">
    <p class='ocr_par' dir='ltr' id='par_1_32' title="bbox 1885 1586 3402 1660">
     <span class='ocr_line' id='line_1_32' title="bbox 1885 1586 3402 1660; baseline -0.002 -16"><span class='ocrx_word' id='word_1_233' title='bbox 1885 1588 1972 1644; x_wconf 83' lang='grc'><strong>16.</strong></span> <span class='ocrx_word' id='word_1_234' title='bbox 2015 1588 2126 1660; x_wconf 73' lang='grc'><strong>(47)</strong></span> <span class='ocrx_word' id='word_1_235' title='bbox 2146 1586 2427 1647; x_wconf 86' lang='lat' dir='ltr'><strong>Venerunt</strong></span> <span class='ocrx_word' id='word_1_236' title='bbox 2449 1587 2672 1660; x_wconf 88' lang='lat' dir='ltr'><strong>quidam</strong></span> <span class='ocrx_word' id='word_1_237' title='bbox 2697 1586 2764 1641; x_wconf 89' lang='lat' dir='ltr'><strong>ad</strong></span> <span class='ocrx_word' id='word_1_238' title='bbox 2796 1588 3046 1643; x_wconf 87' lang='lat' dir='ltr'><strong>abbatem</strong></span> <span class='ocrx_word' id='word_1_239' title='bbox 3070 1586 3309 1653; x_wconf 89' lang='lat' dir='ltr'><strong>Sisoem,</strong></span> <span class='ocrx_word' id='word_1_240' title='bbox 3338 1596 3402 1643; x_wconf 91' lang='lat' dir='ltr'><strong>ut</strong></span> 
     </span>
    </p>
   </div>
   <div class='ocr_carea' id='block_1_33' title="bbox 1814 1680 3402 1752">
    <p class='ocr_par' dir='ltr' id='par_1_33' title="bbox 1814 1680 3402 1752">
     <span class='ocr_line' id='line_1_33' title="bbox 1814 1680 3402 1752; baseline -0.001 -16"><span class='ocrx_word' id='word_1_241' title='bbox 1814 1682 2061 1737; x_wconf 87' lang='lat' dir='ltr'><strong>audirent</strong></span> <span class='ocrx_word' id='word_1_242' title='bbox 2080 1682 2153 1737; x_wconf 89' lang='lat' dir='ltr'><strong>ab</strong></span> <span class='ocrx_word' id='word_1_243' title='bbox 2173 1697 2238 1738; x_wconf 91' lang='lat' dir='ltr'><strong>eo</strong></span> <span class='ocrx_word' id='word_1_244' title='bbox 2257 1696 2600 1748; x_wconf 86' lang='lat' dir='ltr'><strong>sermonem;</strong></span> <span class='ocrx_word' id='word_1_245' title='bbox 2623 1697 2724 1736; x_wconf 91' lang='lat' dir='ltr'><strong>nec</strong></span> <span class='ocrx_word' id='word_1_246' title='bbox 2742 1680 3042 1752; x_wconf 85' lang='lat' dir='ltr'><strong>quidquam</strong></span> <span class='ocrx_word' id='word_1_247' title='bbox 3068 1682 3289 1737; x_wconf 92' lang='lat' dir='ltr'><strong>locutus</strong></span> <span class='ocrx_word' id='word_1_248' title='bbox 3313 1690 3402 1738; x_wconf 86' lang='lat' dir='ltr'><strong>est</strong></span> 
     </span>
    </p>
   </div>
   <div class='ocr_carea' id='block_1_34' title="bbox 149 1764 1723 1846">
    <p class='ocr_par' dir='ltr' id='par_1_34' title="bbox 149 1764 1714 1842">
     <span class='ocr_line' id='line_1_34' title="bbox 149 1764 1714 1842; baseline -0.004 -16"><span class='ocrx_word' id='word_1_249' title='bbox 149 1776 261 1827; x_wconf 72' lang='lat' dir='ltr'><strong>1a“</strong></span> <span class='ocrx_word' id='word_1_250' title='bbox 292 1775 345 1828; x_wconf 82' lang='grc' dir='ltr'><strong>δὲ</strong></span> <span class='ocrx_word' id='word_1_251' title='bbox 374 1775 554 1842; x_wconf 77' lang='grc' dir='ltr'>ἕλεγεο</span> <span class='ocrx_word' id='word_1_252' title='bbox 601 1768 1004 1842; x_wconf 82' lang='grc' dir='ltr'>Συγχωρήσατέ</span> <span class='ocrx_word' id='word_1_253' title='bbox 1046 1786 1159 1841; x_wconf 87' lang='grc' dir='ltr'>μοι.</span> <span class='ocrx_word' id='word_1_254' title='bbox 1200 1768 1421 1831; x_wconf 70' lang='grc' dir='ltr'>ἰδὸντες</span> <span class='ocrx_word' id='word_1_255' title='bbox 1460 1768 1518 1821; x_wconf 82' lang='grc' dir='ltr'>δὲ</span> <span class='ocrx_word' id='word_1_256' title='bbox 1546 1764 1714 1821; x_wconf 80' lang='grc' dir='ltr'>αὑτοῦ</span> 
     </span>
    </p>
   </div>
   <div class='ocr_carea' id='block_1_35' title="bbox 1832 1764 3401 1846">
    <p class='ocr_par' dir='ltr' id='par_1_35' title="bbox 1832 1772 3401 1846">
     <span class='ocr_line' id='line_1_35' title="bbox 1832 1772 3401 1846; baseline 0 -18"><span class='ocrx_word' id='word_1_257' title='bbox 1832 1773 1904 1828; x_wconf 78' lang='lat' dir='ltr'><strong>eis</strong></span> <span class='ocrx_word' id='word_1_258' title='bbox 1926 1817 1942 1842; x_wconf 92' lang='lat'><strong>,</strong></span> <span class='ocrx_word' id='word_1_259' title='bbox 1976 1773 2073 1830; x_wconf 80' lang='lat' dir='ltr'><strong>sed</strong></span> <span class='ocrx_word' id='word_1_260' title='bbox 2106 1791 2322 1846; x_wconf 86' lang='lat' dir='ltr'><strong>semper</strong></span> <span class='ocrx_word' id='word_1_261' title='bbox 2351 1775 2532 1831; x_wconf 88' lang='lat' dir='ltr'><strong>aiebat</strong></span> <span class='ocrx_word' id='word_1_262' title='bbox 2563 1793 2577 1829; x_wconf 88' lang='lat'><strong>:</strong></span> <span class='ocrx_word' id='word_1_263' title='bbox 2605 1774 2876 1844; x_wconf 83' lang='lat' dir='ltr'><strong>Ignoscite</strong></span> <span class='ocrx_word' id='word_1_264' title='bbox 2903 1774 3058 1829; x_wconf 89' lang='lat' dir='ltr'><strong>mihi.</strong></span> <span class='ocrx_word' id='word_1_265' title='bbox 3092 1772 3401 1830; x_wconf 84' lang='lat' dir='ltr'><strong>Cernentes</strong></span> 
     </span>
    </p>
   </div>
   <div class='ocr_carea' id='block_1_36' title="bbox 144 1856 1711 1938">
    <p class='ocr_par' dir='ltr' id='par_1_36' title="bbox 144 1856 1711 1938">
     <span class='ocr_line' id='line_1_36' title="bbox 144 1856 1711 1938; baseline -0.004 -20"><span class='ocrx_word' id='word_1_266' title='bbox 144 1868 203 1919; x_wconf 74' lang='grc' dir='ltr'><strong>τὰ</strong></span> <span class='ocrx_word' id='word_1_267' title='bbox 222 1856 498 1938; x_wconf 75' lang='grc' dir='ltr'>σπυρίδια,</span> <span class='ocrx_word' id='word_1_268' title='bbox 532 1860 682 1917; x_wconf 73' lang='grc' dir='ltr'>εἶπον</span> <span class='ocrx_word' id='word_1_269' title='bbox 711 1862 790 1934; x_wconf 81' lang='grc' dir='ltr'>τῷ</span> <span class='ocrx_word' id='word_1_270' title='bbox 840 1861 1057 1933; x_wconf 78' lang='grc' dir='ltr'><strong>μαθητῇ</strong></span> <span class='ocrx_word' id='word_1_271' title='bbox 1095 1859 1262 1914; x_wconf 80' lang='grc' dir='ltr'>αὑτοῦ</span> <span class='ocrx_word' id='word_1_272' title='bbox 1309 1859 1561 1931; x_wconf 79' lang='grc' dir='ltr'>Ἀϐραάμ</span> <span class='ocrx_word' id='word_1_273' title='bbox 1585 1876 1600 1889; x_wconf 76' lang='grc' dir='ltr'><strong>ο</strong></span> <span class='ocrx_word' id='word_1_274' title='bbox 1646 1859 1711 1912; x_wconf 91' lang='grc' dir='ltr'>Τί</span> 
     </span>
    </p>
   </div>
   <div class='ocr_carea' id='block_1_37' title="bbox 147 1948 1729 2035">
    <p class='ocr_par' dir='ltr' id='par_1_37' title="bbox 147 1948 1729 2035">
     <span class='ocr_line' id='line_1_37' title="bbox 147 1948 1729 2035; baseline -0.004 -21"><span class='ocrx_word' id='word_1_275' title='bbox 147 1963 342 2013; x_wconf 81' lang='grc' dir='ltr'>ποιεῖτε</span> <span class='ocrx_word' id='word_1_276' title='bbox 376 1958 446 2013; x_wconf 80' lang='grc' dir='ltr'>τὰ</span> <span class='ocrx_word' id='word_1_277' title='bbox 479 1957 728 2028; x_wconf 80' lang='grc' dir='ltr'>σπυρίδια</span> <span class='ocrx_word' id='word_1_278' title='bbox 755 1954 964 2020; x_wconf 73' lang='grc' dir='ltr'>ταῦτας</span> <span class='ocrx_word' id='word_1_279' title='bbox 1004 1955 1065 2007; x_wconf 85' lang='lat' dir='ltr'><strong>&#39;O</strong></span> <span class='ocrx_word' id='word_1_280' title='bbox 1090 1953 1147 2007; x_wconf 81' lang='grc' dir='ltr'><strong>δὲ</strong></span> <span class='ocrx_word' id='word_1_281' title='bbox 1179 1950 1333 2006; x_wconf 75' lang='grc' dir='ltr'>εἶπεν</span> <span class='ocrx_word' id='word_1_282' title='bbox 1354 1969 1367 1983; x_wconf 78' lang='grc' dir='ltr'><strong><em>ο</em></strong></span> <span class='ocrx_word' id='word_1_283' title='bbox 1390 1948 1520 2005; x_wconf 78' lang='grc' dir='ltr'>Ὧδε</span> <span class='ocrx_word' id='word_1_284' title='bbox 1554 1953 1729 2035; x_wconf 22' lang='grc' dir='ltr'>κάκεϊὶ</span> 
     </span>
    </p>
   </div>
   <div class='ocr_carea' id='block_1_38' title="bbox 143 2039 1717 2121">
    <p class='ocr_par' dir='ltr' id='par_1_38' title="bbox 143 2039 1717 2121">
     <span class='ocr_line' id='line_1_38' title="bbox 143 2039 1717 2121; baseline -0.004 -16"><span class='ocrx_word' id='word_1_285' title='bbox 143 2052 496 2121; x_wconf 79' lang='grc' dir='ltr'>ἀναλίσκομεν</span> <span class='ocrx_word' id='word_1_286' title='bbox 521 2050 674 2103; x_wconf 80' lang='grc' dir='ltr'>αύτά.</span> <span class='ocrx_word' id='word_1_287' title='bbox 732 2046 995 2110; x_wconf 80' lang='grc' dir='ltr'>Ἀκούσας</span> <span class='ocrx_word' id='word_1_288' title='bbox 1029 2046 1088 2100; x_wconf 88' lang='grc' dir='ltr'><strong>δέ</strong></span> <span class='ocrx_word' id='word_1_289' title='bbox 1129 2046 1157 2099; x_wconf 91' lang='lat'><strong>6</strong></span> <span class='ocrx_word' id='word_1_290' title='bbox 1187 2045 1391 2115; x_wconf 87' lang='grc' dir='ltr'>γέρων,</span> <span class='ocrx_word' id='word_1_291' title='bbox 1420 2039 1573 2097; x_wconf 76' lang='grc' dir='ltr'>εἶτ-..ε’</span> <span class='ocrx_word' id='word_1_292' title='bbox 1604 2044 1717 2099; x_wconf 88' lang='lat' dir='ltr'><strong>Kal</strong></span> 
     </span>
    </p>
   </div>
   <div class='ocr_carea' id='block_1_39' title="bbox 143 2137 1716 2216">
    <p class='ocr_par' dir='ltr' id='par_1_39' title="bbox 143 2137 1716 2216">
     <span class='ocr_line' id='line_1_39' title="bbox 143 2137 1716 2216; baseline -0.006 -18"><span class='ocrx_word' id='word_1_293' title='bbox 143 2146 334 2216; x_wconf 79' lang='grc' dir='ltr'>Σισόης</span> <span class='ocrx_word' id='word_1_294' title='bbox 362 2144 508 2197; x_wconf 78' lang='grc' dir='ltr'>ἔνθεν</span> <span class='ocrx_word' id='word_1_295' title='bbox 534 2141 785 2197; x_wconf 81' lang='grc' dir='ltr'>κάκεῖθεν</span> <span class='ocrx_word' id='word_1_296' title='bbox 811 2138 1003 2193; x_wconf 80' lang='grc' dir='ltr'>ἐσθίει.</span> <span class='ocrx_word' id='word_1_297' title='bbox 1028 2138 1092 2191; x_wconf 82' lang='grc' dir='ltr'><strong>Οἱ</strong></span> <span class='ocrx_word' id='word_1_298' title='bbox 1122 2137 1178 2190; x_wconf 84' lang='grc' dir='ltr'><strong>δὲ</strong></span> <span class='ocrx_word' id='word_1_299' title='bbox 1204 2137 1556 2203; x_wconf 83' lang='grc' dir='ltr'>ἀκούσαντες,</span> <span class='ocrx_word' id='word_1_300' title='bbox 1576 2137 1716 2190; x_wconf 87' lang='grc' dir='ltr'>πάνυ</span> 
     </span>
    </p>
   </div>
   <div class='ocr_carea' id='block_1_40' title="bbox 139 2226 1719 2306">
    <p class='ocr_par' dir='ltr' id='par_1_40' title="bbox 139 2226 1719 2306">
     <span class='ocr_line' id='line_1_40' title="bbox 139 2226 1719 2306; baseline -0.005 -18"><span class='ocrx_word' id='word_1_301' title='bbox 139 2234 493 2306; x_wconf 77' lang='grc' dir='ltr'>ὠφελήθησαν</span> <span class='ocrx_word' id='word_1_302' title='bbox 510 2248 525 2263; x_wconf 84' lang='grc'><em>’</em></span> <span class='ocrx_word' id='word_1_303' title='bbox 550 2233 643 2287; x_wconf 78' lang='grc' dir='ltr'>καὶ</span> <span class='ocrx_word' id='word_1_304' title='bbox 670 2230 914 2301; x_wconf 83' lang='grc' dir='ltr'>ἀπῆλθον</span> <span class='ocrx_word' id='word_1_305' title='bbox 948 2229 1086 2300; x_wconf 86' lang='grc' dir='ltr'><strong>μετά</strong></span> <span class='ocrx_word' id='word_1_306' title='bbox 1109 2230 1305 2301; x_wconf 82' lang='grc' dir='ltr'>χαρᾶς,</span> <span class='ocrx_word' id='word_1_307' title='bbox 1336 2226 1719 2301; x_wconf 73' lang='grc' dir='ltr'>οἰκοδομηθέν-</span> 
     </span>
    </p>
   </div>
   <div class='ocr_carea' id='block_1_41' title="bbox 146 2319 1032 2398">
    <p class='ocr_par' dir='ltr' id='par_1_41' title="bbox 146 2319 1032 2398">
     <span class='ocr_line' id='line_1_41' title="bbox 146 2319 1032 2398; baseline -0.006 -18"><span class='ocrx_word' id='word_1_308' title='bbox 146 2344 221 2391; x_wconf 84' lang='grc' dir='ltr'><strong>τες</strong></span> <span class='ocrx_word' id='word_1_309' title='bbox 243 2328 325 2390; x_wconf 85' lang='grc' dir='ltr'><strong>είς</strong></span> <span class='ocrx_word' id='word_1_310' title='bbox 356 2326 454 2398; x_wconf 76' lang='grc' dir='ltr'>τὴν</span> <span class='ocrx_word' id='word_1_311' title='bbox 485 2322 817 2379; x_wconf 80' lang='grc' dir='ltr'>ταπείνωσιν</span> <span class='ocrx_word' id='word_1_312' title='bbox 846 2319 1032 2375; x_wconf 80' lang='grc' dir='ltr'>αὐτοῦ.</span> 
     </span>
    </p>
   </div>
   <div class='ocr_carea' id='block_1_42' title="bbox 205 2493 1720 2576">
    <p class='ocr_par' dir='ltr' id='par_1_42' title="bbox 205 2493 1720 2576">
     <span class='ocr_line' id='line_1_42' title="bbox 205 2493 1720 2576; baseline -0.008 -17"><span class='ocrx_word' id='word_1_313' title='bbox 205 2506 284 2570; x_wconf 77' lang='grc' dir='ltr'>ιζ’.</span> <span class='ocrx_word' id='word_1_314' title='bbox 327 2502 644 2576; x_wconf 86' lang='grc' dir='ltr'>Ἦρώτησεν</span> <span class='ocrx_word' id='word_1_315' title='bbox 672 2502 703 2554; x_wconf 89' lang='lat'><strong>6</strong></span> <span class='ocrx_word' id='word_1_316' title='bbox 736 2500 910 2564; x_wconf 77' lang='grc' dir='ltr'><strong>ἀὸὁᾶς</strong></span> <span class='ocrx_word' id='word_1_317' title='bbox 942 2497 1167 2571; x_wconf 83' lang='grc' dir='ltr'>Ἀμμὼν</span> <span class='ocrx_word' id='word_1_318' title='bbox 1193 2498 1220 2550; x_wconf 86' lang='lat'><strong>6</strong></span> <span class='ocrx_word' id='word_1_319' title='bbox 1251 2497 1349 2568; x_wconf 84' lang='grc' dir='ltr'><strong>τῆς</strong></span> <span class='ocrx_word' id='word_1_320' title='bbox 1382 2493 1600 2549; x_wconf 84' lang='grc' dir='ltr'><strong>Ῥαῖθοῦ</strong></span> <span class='ocrx_word' id='word_1_321' title='bbox 1628 2493 1720 2548; x_wconf 83' lang='grc' dir='ltr'>τὸν</span> 
     </span>
    </p>
   </div>
   <div class='ocr_carea' id='block_1_43' title="bbox 145 2586 1724 2668">
    <p class='ocr_par' dir='ltr' id='par_1_43' title="bbox 145 2586 1724 2668">
     <span class='ocr_line' id='line_1_43' title="bbox 145 2586 1724 2668; baseline -0.008 -17"><span class='ocrx_word' id='word_1_322' title='bbox 145 2597 301 2652; x_wconf 78' lang='grc' dir='ltr'><strong>ἀὸὄᾶν</strong></span> <span class='ocrx_word' id='word_1_323' title='bbox 340 2597 570 2668; x_wconf 83' lang='grc' dir='ltr'>Σισόην’</span> <span class='ocrx_word' id='word_1_324' title='bbox 640 2594 810 2648; x_wconf 79' lang='grc' dir='ltr'>Ὅταν</span> <span class='ocrx_word' id='word_1_325' title='bbox 855 2590 1218 2662; x_wconf 79' lang='grc' dir='ltr'>ἀναγινώσκω</span> <span class='ocrx_word' id='word_1_326' title='bbox 1255 2586 1499 2660; x_wconf 82' lang='grc' dir='ltr'>Γραφὴν.</span> <span class='ocrx_word' id='word_1_327' title='bbox 1527 2586 1671 2640; x_wconf 82' lang='grc' dir='ltr'>θέλει</span> <span class='ocrx_word' id='word_1_328' title='bbox 1694 2586 1724 2639; x_wconf 87' lang='lat'><strong>6</strong></span> 
     </span>
    </p>
   </div>
   <div class='ocr_carea' id='block_1_44' title="bbox 146 2675 1723 2763">
    <p class='ocr_par' dir='ltr' id='par_1_44' title="bbox 146 2675 1723 2763">
     <span class='ocr_line' id='line_1_44' title="bbox 146 2675 1723 2763; baseline -0.011 -18"><span class='ocrx_word' id='word_1_329' title='bbox 146 2689 387 2763; x_wconf 80' lang='grc' dir='ltr'>λογισμός</span> <span class='ocrx_word' id='word_1_330' title='bbox 426 2706 527 2761; x_wconf 86' lang='grc' dir='ltr'><strong>μου</strong></span> <span class='ocrx_word' id='word_1_331' title='bbox 552 2686 912 2759; x_wconf 77' lang='grc' dir='ltr'>φιλοκαλῆσαι</span> <span class='ocrx_word' id='word_1_332' title='bbox 944 2684 1123 2752; x_wconf 89' lang='grc' dir='ltr'>λόγον,</span> <span class='ocrx_word' id='word_1_333' title='bbox 1155 2681 1243 2737; x_wconf 81' lang='grc' dir='ltr'><strong>⁸ίνα</strong></span> <span class='ocrx_word' id='word_1_334' title='bbox 1271 2681 1381 2753; x_wconf 79' lang='grc' dir='ltr'><strong>ἔχω</strong></span> <span class='ocrx_word' id='word_1_335' title='bbox 1407 2680 1488 2743; x_wconf 84' lang='grc' dir='ltr'><strong>είς</strong></span> <span class='ocrx_word' id='word_1_336' title='bbox 1509 2675 1723 2748; x_wconf 86' lang='grc' dir='ltr'>ἐπερώ-</span> 
     </span>
    </p>
   </div>
   <div class='ocr_carea' id='block_1_45' title="bbox 146 2770 1723 2854">
    <p class='ocr_par' dir='ltr' id='par_1_45' title="bbox 146 2770 1723 2854">
     <span class='ocr_line' id='line_1_45' title="bbox 146 2770 1723 2854; baseline -0.01 -15"><span class='ocrx_word' id='word_1_337' title='bbox 146 2798 295 2854; x_wconf 69' lang='grc' dir='ltr'>τημα.</span> <span class='ocrx_word' id='word_1_338' title='bbox 338 2783 509 2851; x_wconf 83' lang='grc' dir='ltr'>Λέγει</span> <span class='ocrx_word' id='word_1_339' title='bbox 549 2781 702 2854; x_wconf 82' lang='grc' dir='ltr'><strong>αύτῴ</strong></span> <span class='ocrx_word' id='word_1_340' title='bbox 737 2783 766 2835; x_wconf 90' lang='lat'><strong>6</strong></span> <span class='ocrx_word' id='word_1_341' title='bbox 809 2780 989 2851; x_wconf 82' lang='grc' dir='ltr'>γέρων</span> <span class='ocrx_word' id='word_1_342' title='bbox 1011 2792 1024 2807; x_wconf 94' lang='grc'><strong>·</strong></span> <span class='ocrx_word' id='word_1_343' title='bbox 1076 2777 1191 2829; x_wconf 86' lang='grc' dir='ltr'>υύκ</span> <span class='ocrx_word' id='word_1_344' title='bbox 1218 2774 1334 2828; x_wconf 74' lang='grc' dir='ltr'>ἔστι</span> <span class='ocrx_word' id='word_1_345' title='bbox 1359 2772 1521 2845; x_wconf 82' lang='grc' dir='ltr'>χρεία</span> <span class='ocrx_word' id='word_1_346' title='bbox 1544 2788 1560 2804; x_wconf 75' lang='grc' dir='ltr'><strong><em>ο</em></strong></span> <span class='ocrx_word' id='word_1_347' title='bbox 1587 2770 1723 2825; x_wconf 83' lang='grc' dir='ltr'><strong>ἀλλά</strong></span> 
     </span>
    </p>
   </div>
   <div class='ocr_carea' id='block_1_46' title="bbox 145 2860 1724 2943">
    <p class='ocr_par' dir='ltr' id='par_1_46' title="bbox 145 2860 1724 2943">
     <span class='ocr_line' id='line_1_46' title="bbox 145 2860 1724 2943; baseline -0.008 -15"><span class='ocrx_word' id='word_1_348' title='bbox 145 2874 333 2941; x_wconf 76' lang='grc' dir='ltr'>μᾶλλον</span> <span class='ocrx_word' id='word_1_349' title='bbox 367 2875 438 2927; x_wconf 86' lang='grc' dir='ltr'><strong>ἐκ</strong></span> <span class='ocrx_word' id='word_1_350' title='bbox 464 2872 566 2943; x_wconf 82' lang='grc' dir='ltr'>τῆς</span> <span class='ocrx_word' id='word_1_351' title='bbox 596 2871 973 2943; x_wconf 86' lang='grc' dir='ltr'>καθαρότητος</span> <span class='ocrx_word' id='word_1_352' title='bbox 1004 2866 1098 2921; x_wconf 81' lang='grc' dir='ltr'><strong>τοῦ</strong></span> <span class='ocrx_word' id='word_1_353' title='bbox 1125 2865 1245 2930; x_wconf 71' lang='grc' dir='ltr'>νοὸς</span> <span class='ocrx_word' id='word_1_354' title='bbox 1276 2864 1479 2935; x_wconf 80' lang='grc' dir='ltr'>κτῆσαι</span> <span class='ocrx_word' id='word_1_355' title='bbox 1508 2860 1724 2933; x_wconf 86' lang='grc' dir='ltr'>σεαυτῷ</span> 
     </span>
    </p>
   </div>
   <div class='ocr_carea' id='block_1_47' title="bbox 140 2963 1119 3039">
    <p class='ocr_par' dir='ltr' id='par_1_47' title="bbox 140 2963 1119 3039">
     <span class='ocr_line' id='line_1_47' title="bbox 140 2963 1119 3039; baseline -0.002 -19"><span class='ocrx_word' id='word_1_356' title='bbox 140 2972 221 3024; x_wconf 75' lang='grc' dir='ltr'>καὶ</span> <span class='ocrx_word' id='word_1_357' title='bbox 249 2968 309 3021; x_wconf 81' lang='lat'><strong>16</strong></span> <span class='ocrx_word' id='word_1_358' title='bbox 339 2968 677 3039; x_wconf 59' lang='lat' dir='ltr'><strong>apsptpvsiv</strong></span> <span class='ocrx_word' id='word_1_359' title='bbox 711 2966 804 3020; x_wconf 81' lang='grc' dir='ltr'>καὶ</span> <span class='ocrx_word' id='word_1_360' title='bbox 824 2965 885 3019; x_wconf 97' lang='lat'><strong>16</strong></span> <span class='ocrx_word' id='word_1_361' title='bbox 913 2963 1119 3032; x_wconf 87' lang='grc' dir='ltr'>λέγειν.</span> 
     </span>
    </p>
   </div>
   <div class='ocr_carea' id='block_1_48' title="bbox 203 3049 1722 3131">
    <p class='ocr_par' dir='ltr' id='par_1_48' title="bbox 203 3049 1722 3131">
     <span class='ocr_line' id='line_1_48' title="bbox 203 3049 1722 3131; baseline -0.007 -17"><span class='ocrx_word' id='word_1_362' title='bbox 203 3067 292 3131; x_wconf 87' lang='grc' dir='ltr'>ιη’.</span> <span class='ocrx_word' id='word_1_363' title='bbox 346 3057 642 3130; x_wconf 77' lang='grc' dir='ltr'>Παρέϐαλέ</span> <span class='ocrx_word' id='word_1_364' title='bbox 670 3074 802 3111; x_wconf 86' lang='grc' dir='ltr'>ποτε</span> <span class='ocrx_word' id='word_1_365' title='bbox 831 3055 1094 3127; x_wconf 84' lang='grc' dir='ltr'>κοσμικὸς</span> <span class='ocrx_word' id='word_1_366' title='bbox 1133 3053 1272 3124; x_wconf 81' lang='grc' dir='ltr'>ἔχων</span> <span class='ocrx_word' id='word_1_367' title='bbox 1303 3052 1393 3106; x_wconf 81' lang='grc' dir='ltr'>τὸν</span> <span class='ocrx_word' id='word_1_368' title='bbox 1419 3051 1541 3105; x_wconf 80' lang='grc' dir='ltr'>υἱὸν</span> <span class='ocrx_word' id='word_1_369' title='bbox 1558 3049 1722 3104; x_wconf 73' lang='grc' dir='ltr'>αὐτοῦ</span> 
     </span>
    </p>
   </div>
   <div class='ocr_carea' id='block_1_49' title="bbox 140 3143 1723 3223">
    <p class='ocr_par' dir='ltr' id='par_1_49' title="bbox 140 3143 1723 3223">
     <span class='ocr_line' id='line_1_49' title="bbox 140 3143 1723 3223; baseline -0.007 -16"><span class='ocrx_word' id='word_1_370' title='bbox 140 3157 264 3223; x_wconf 72' lang='grc' dir='ltr'>πρὸς</span> <span class='ocrx_word' id='word_1_371' title='bbox 311 3152 411 3207; x_wconf 83' lang='grc' dir='ltr'>τὸν</span> <span class='ocrx_word' id='word_1_372' title='bbox 462 3150 638 3204; x_wconf 77' lang='grc' dir='ltr'>ἀϐὁᾶν</span> <span class='ocrx_word' id='word_1_373' title='bbox 679 3149 895 3219; x_wconf 84' lang='grc' dir='ltr'>Σισὸην,</span> <span class='ocrx_word' id='word_1_374' title='bbox 933 3150 1014 3212; x_wconf 82' lang='grc' dir='ltr'><strong>είς</strong></span> <span class='ocrx_word' id='word_1_375' title='bbox 1041 3146 1103 3201; x_wconf 88' lang='lat'><strong>16</strong></span> <span class='ocrx_word' id='word_1_376' title='bbox 1134 3146 1259 3218; x_wconf 75' lang='grc' dir='ltr'>ὅρος</span> <span class='ocrx_word' id='word_1_377' title='bbox 1290 3144 1387 3221; x_wconf 77' lang='grc' dir='ltr'><strong>τοῦ</strong></span> <span class='ocrx_word' id='word_1_378' title='bbox 1421 3143 1567 3199; x_wconf 79' lang='grc' dir='ltr'><strong>ἀσὸᾶ</strong></span> <span class='ocrx_word' id='word_1_379' title='bbox 1602 3145 1723 3197; x_wconf 80' lang='grc' dir='ltr'><strong>’Δν-</strong></span> 
     </span>
    </p>
   </div>
   <div class='ocr_carea' id='block_1_50' title="bbox 134 3236 1725 3319">
    <p class='ocr_par' dir='ltr' id='par_1_50' title="bbox 134 3236 1725 3319">
     <span class='ocr_line' id='line_1_50' title="bbox 134 3236 1725 3319; baseline -0.005 -22"><span class='ocrx_word' id='word_1_380' title='bbox 134 3246 319 3298; x_wconf 83' lang='grc' dir='ltr'>τωνίου</span> <span class='ocrx_word' id='word_1_381' title='bbox 336 3261 351 3275; x_wconf 88' lang='grc'><strong>·</strong></span> <span class='ocrx_word' id='word_1_382' title='bbox 387 3244 495 3299; x_wconf 71' lang='grc' dir='ltr'>καὶ</span> <span class='ocrx_word' id='word_1_383' title='bbox 522 3243 661 3297; x_wconf 89' lang='grc' dir='ltr'><strong>κατά</strong></span> <span class='ocrx_word' id='word_1_384' title='bbox 689 3242 790 3315; x_wconf 80' lang='grc' dir='ltr'>τὴν</span> <span class='ocrx_word' id='word_1_385' title='bbox 816 3242 935 3296; x_wconf 82' lang='grc' dir='ltr'><strong>ὁδὸν</strong></span> <span class='ocrx_word' id='word_1_386' title='bbox 962 3239 1159 3311; x_wconf 79' lang='grc' dir='ltr'>συνέϐη</span> <span class='ocrx_word' id='word_1_387' title='bbox 1176 3238 1469 3319; x_wconf 83' lang='grc' dir='ltr'>ἀποθανεῖν</span> <span class='ocrx_word' id='word_1_388' title='bbox 1496 3238 1589 3291; x_wconf 84' lang='grc' dir='ltr'>τὸν</span> <span class='ocrx_word' id='word_1_389' title='bbox 1611 3236 1725 3290; x_wconf 80' lang='grc' dir='ltr'>υἱὸν</span> 
     </span>
    </p>
   </div>
   <div class='ocr_carea' id='block_1_51' title="bbox 139 3322 1726 3407">
    <p class='ocr_par' dir='ltr' id='par_1_51' title="bbox 139 3322 1726 3407">
     <span class='ocr_line' id='line_1_51' title="bbox 139 3322 1726 3407; baseline -0.005 -18"><span class='ocrx_word' id='word_1_390' title='bbox 139 3336 294 3392; x_wconf 72' lang='grc' dir='ltr'>αὑτοῦ</span> <span class='ocrx_word' id='word_1_391' title='bbox 314 3353 329 3366; x_wconf 83' lang='grc'><em>’</em></span> <span class='ocrx_word' id='word_1_392' title='bbox 370 3337 477 3392; x_wconf 74' lang='grc' dir='ltr'>καὶ</span> <span class='ocrx_word' id='word_1_393' title='bbox 502 3336 601 3390; x_wconf 82' lang='grc' dir='ltr'>οὐκ</span> <span class='ocrx_word' id='word_1_394' title='bbox 627 3333 925 3407; x_wconf 76' lang='grc' dir='ltr'><strong>ἐταράχθη,</strong></span> <span class='ocrx_word' id='word_1_395' title='bbox 949 3330 1065 3387; x_wconf 80' lang='grc' dir='ltr'>ἀλλ’</span> <span class='ocrx_word' id='word_1_396' title='bbox 1086 3330 1275 3385; x_wconf 71' lang='grc' dir='ltr'>ἐλαϐεν</span> <span class='ocrx_word' id='word_1_397' title='bbox 1298 3322 1461 3383; x_wconf 79' lang='grc' dir='ltr'>αὺτὸν</span> <span class='ocrx_word' id='word_1_398' title='bbox 1481 3328 1619 3401; x_wconf 82' lang='grc' dir='ltr'>πρὸς</span> <span class='ocrx_word' id='word_1_399' title='bbox 1633 3328 1726 3382; x_wconf 85' lang='lat' dir='ltr'><em>16v</em></span> 
     </span>
    </p>
   </div>
   <div class='ocr_carea' id='block_1_52' title="bbox 134 3418 1728 3500">
    <p class='ocr_par' dir='ltr' id='par_1_52' title="bbox 134 3418 1728 3500">
     <span class='ocr_line' id='line_1_52' title="bbox 134 3418 1728 3500; baseline -0.006 -18"><span class='ocrx_word' id='word_1_400' title='bbox 134 3431 360 3500; x_wconf 73' lang='grc' dir='ltr'>γέροντα</span> <span class='ocrx_word' id='word_1_401' title='bbox 390 3428 606 3491; x_wconf 84' lang='grc' dir='ltr'>πίστει,</span> <span class='ocrx_word' id='word_1_402' title='bbox 637 3427 730 3479; x_wconf 76' lang='grc' dir='ltr'>καὶ</span> <span class='ocrx_word' id='word_1_403' title='bbox 758 3424 1064 3491; x_wconf 81' lang='grc' dir='ltr'>προσέπεσε</span> <span class='ocrx_word' id='word_1_404' title='bbox 1095 3420 1232 3493; x_wconf 89' lang='grc' dir='ltr'><strong>μετά</strong></span> <span class='ocrx_word' id='word_1_405' title='bbox 1257 3419 1352 3473; x_wconf 79' lang='grc' dir='ltr'>τοῦ</span> <span class='ocrx_word' id='word_1_406' title='bbox 1379 3418 1497 3472; x_wconf 83' lang='grc' dir='ltr'>υἱοῦ</span> <span class='ocrx_word' id='word_1_407' title='bbox 1526 3419 1602 3482; x_wconf 85' lang='grc' dir='ltr'>ὡς</span> <span class='ocrx_word' id='word_1_408' title='bbox 1633 3434 1728 3490; x_wconf 84' lang='grc' dir='ltr'>με·</span> 
     </span>
    </p>
   </div>
   <div class='ocr_carea' id='block_1_53' title="bbox 135 3509 1723 3586">
    <p class='ocr_par' dir='ltr' id='par_1_53' title="bbox 135 3509 1723 3586">
     <span class='ocr_line' id='line_1_53' title="bbox 135 3509 1723 3586; baseline -0.008 -10"><span class='ocrx_word' id='word_1_409' title='bbox 135 3521 343 3576; x_wconf 74' lang='grc' dir='ltr'>τὰνοιαν</span> <span class='ocrx_word' id='word_1_410' title='bbox 376 3518 578 3584; x_wconf 83' lang='grc' dir='ltr'>ποιῶν,</span> <span class='ocrx_word' id='word_1_411' title='bbox 601 3516 743 3571; x_wconf 83' lang='grc' dir='ltr'>ὥστε</span> <span class='ocrx_word' id='word_1_412' title='bbox 764 3515 1126 3586; x_wconf 83' lang='grc' dir='ltr'>εύλογηθῆναι</span> <span class='ocrx_word' id='word_1_413' title='bbox 1151 3511 1306 3585; x_wconf 88' lang='grc' dir='ltr'><strong>παρά</strong></span> <span class='ocrx_word' id='word_1_414' title='bbox 1328 3509 1422 3565; x_wconf 84' lang='grc' dir='ltr'><strong>τοῦ</strong></span> <span class='ocrx_word' id='word_1_415' title='bbox 1452 3509 1723 3582; x_wconf 87' lang='grc' dir='ltr'>γέροντος.</span> 
     </span>
    </p>
   </div>
   <div class='ocr_carea' id='block_1_54' title="bbox 128 3602 1730 3683">
    <p class='ocr_par' dir='ltr' id='par_1_54' title="bbox 128 3602 1730 3683">
     <span class='ocr_line' id='line_1_54' title="bbox 128 3602 1730 3683; baseline -0.009 -15"><span class='ocrx_word' id='word_1_416' title='bbox 128 3614 231 3668; x_wconf 78' lang='grc' dir='ltr'><strong>Καὶ</strong></span> <span class='ocrx_word' id='word_1_417' title='bbox 258 3613 519 3677; x_wconf 78' lang='grc' dir='ltr'>ἀναστὰς</span> <span class='ocrx_word' id='word_1_418' title='bbox 551 3612 581 3665; x_wconf 85' lang='lat'><strong>6</strong></span> <span class='ocrx_word' id='word_1_419' title='bbox 607 3611 792 3683; x_wconf 79' lang='grc' dir='ltr'>πατὴρ</span> <span class='ocrx_word' id='word_1_420' title='bbox 820 3608 1077 3664; x_wconf 82' lang='grc' dir='ltr'>κατέλιπε</span> <span class='ocrx_word' id='word_1_421' title='bbox 1102 3607 1163 3660; x_wconf 87' lang='lat'><strong>16</strong></span> <span class='ocrx_word' id='word_1_422' title='bbox 1194 3604 1403 3659; x_wconf 82' lang='grc' dir='ltr'>παιδίον</span> <span class='ocrx_word' id='word_1_423' title='bbox 1440 3603 1575 3673; x_wconf 83' lang='grc' dir='ltr'>πρὸς</span> <span class='ocrx_word' id='word_1_424' title='bbox 1604 3602 1730 3664; x_wconf 82' lang='grc' dir='ltr'>τοὺς</span> 
     </span>
    </p>
   </div>
   <div class='ocr_carea' id='block_1_55' title="bbox 130 3693 1725 3775">
    <p class='ocr_par' dir='ltr' id='par_1_55' title="bbox 130 3693 1725 3775">
     <span class='ocr_line' id='line_1_55' title="bbox 130 3693 1725 3775; baseline -0.011 -13"><span class='ocrx_word' id='word_1_425' title='bbox 130 3706 292 3771; x_wconf 81' lang='grc' dir='ltr'>πόδας</span> <span class='ocrx_word' id='word_1_426' title='bbox 316 3706 423 3760; x_wconf 80' lang='grc' dir='ltr'><strong>τοῦ</strong></span> <span class='ocrx_word' id='word_1_427' title='bbox 452 3704 730 3775; x_wconf 82' lang='grc' dir='ltr'>γέροντος,</span> <span class='ocrx_word' id='word_1_428' title='bbox 765 3701 860 3755; x_wconf 74' lang='grc' dir='ltr'>καὶ</span> <span class='ocrx_word' id='word_1_429' title='bbox 880 3698 1102 3771; x_wconf 83' lang='grc' dir='ltr'>ἐξῆλθεν</span> <span class='ocrx_word' id='word_1_430' title='bbox 1129 3697 1235 3763; x_wconf 76' lang='grc' dir='ltr'><strong>ἔξω</strong></span> <span class='ocrx_word' id='word_1_431' title='bbox 1255 3697 1319 3750; x_wconf 83' lang='grc'><strong>¹¹.</strong></span> <span class='ocrx_word' id='word_1_432' title='bbox 1353 3696 1415 3749; x_wconf 87' lang='lat' dir='ltr'><strong>&#39;O</strong></span> <span class='ocrx_word' id='word_1_433' title='bbox 1440 3693 1498 3746; x_wconf 83' lang='grc' dir='ltr'><strong>δέ</strong></span> <span class='ocrx_word' id='word_1_434' title='bbox 1527 3693 1725 3765; x_wconf 89' lang='grc' dir='ltr'>γέρων,</span> 
     </span>
    </p>
   </div>
   <div class='ocr_carea' id='block_1_56' title="bbox 127 3779 1726 3867">
    <p class='ocr_par' dir='ltr' id='par_1_56' title="bbox 127 3779 1726 3867">
     <span class='ocr_line' id='line_1_56' title="bbox 127 3779 1726 3867; baseline -0.01 -17"><span class='ocrx_word' id='word_1_435' title='bbox 127 3796 365 3867; x_wconf 76' lang='grc' dir='ltr'>νομίζων</span> <span class='ocrx_word' id='word_1_436' title='bbox 408 3796 502 3849; x_wconf 82' lang='grc' dir='ltr'>ὅτι</span> <span class='ocrx_word' id='word_1_437' title='bbox 560 3793 847 3864; x_wconf 83' lang='grc' dir='ltr'>μετάνοιαν</span> <span class='ocrx_word' id='word_1_438' title='bbox 898 3787 1051 3859; x_wconf 80' lang='grc' dir='ltr'>αὐτῷ</span> <span class='ocrx_word' id='word_1_439' title='bbox 1102 3785 1307 3857; x_wconf 84' lang='grc' dir='ltr'>βάλλει,</span> <span class='ocrx_word' id='word_1_440' title='bbox 1362 3782 1511 3852; x_wconf 86' lang='grc' dir='ltr'>λέγει</span> <span class='ocrx_word' id='word_1_441' title='bbox 1544 3779 1726 3851; x_wconf 81' lang='grc' dir='ltr'>αὐτῷ·</span> 
     </span>
    </p>
   </div>
   <div class='ocr_carea' id='block_1_57' title="bbox 141 3874 1732 3955">
    <p class='ocr_par' dir='ltr' id='par_1_57' title="bbox 141 3874 1732 3955">
     <span class='ocr_line' id='line_1_57' title="bbox 141 3874 1732 3955; baseline -0.009 -14"><span class='ocrx_word' id='word_1_442' title='bbox 141 3889 404 3955; x_wconf 72' lang='grc' dir='ltr'>Ἀνάστα,</span> <span class='ocrx_word' id='word_1_443' title='bbox 447 3886 635 3953; x_wconf 71' lang='grc' dir='ltr'>ἔξελθε</span> <span class='ocrx_word' id='word_1_444' title='bbox 659 3884 764 3952; x_wconf 81' lang='grc' dir='ltr'>ἐξω</span> <span class='ocrx_word' id='word_1_445' title='bbox 785 3901 800 3916; x_wconf 89' lang='grc'><strong>·</strong></span> <span class='ocrx_word' id='word_1_446' title='bbox 843 3884 905 3937; x_wconf 84' lang='grc' dir='ltr'><strong>ού</strong></span> <span class='ocrx_word' id='word_1_447' title='bbox 933 3880 1042 3952; x_wconf 79' lang='grc' dir='ltr'>γὰρ</span> <span class='ocrx_word' id='word_1_448' title='bbox 1070 3880 1189 3952; x_wconf 76' lang='grc' dir='ltr'>ᾔδει</span> <span class='ocrx_word' id='word_1_449' title='bbox 1222 3878 1305 3931; x_wconf 83' lang='grc' dir='ltr'>ὅτι</span> <span class='ocrx_word' id='word_1_450' title='bbox 1334 3874 1589 3930; x_wconf 84' lang='grc' dir='ltr'>ἀπέθανε.</span> <span class='ocrx_word' id='word_1_451' title='bbox 1620 3874 1732 3928; x_wconf 83' lang='lat' dir='ltr'><strong>Kal</strong></span> 
     </span>
    </p>
   </div>
   <div class='ocr_carea' id='block_1_58' title="bbox 125 3965 1732 4055">
    <p class='ocr_par' dir='ltr' id='par_1_58' title="bbox 125 3965 1732 4055">
     <span class='ocr_line' id='line_1_58' title="bbox 125 3965 1732 4055; baseline -0.011 -20"><span class='ocrx_word' id='word_1_452' title='bbox 125 3982 511 4055; x_wconf 72' lang='grc' dir='ltr'>παραχρῆμας</span> <span class='ocrx_word' id='word_1_453' title='bbox 533 3977 735 4048; x_wconf 80' lang='grc' dir='ltr'>ἀνέστη</span> <span class='ocrx_word' id='word_1_454' title='bbox 762 3974 858 4031; x_wconf 72' lang='grc' dir='ltr'>καὶ</span> <span class='ocrx_word' id='word_1_455' title='bbox 905 3971 1120 4044; x_wconf 78' lang='grc' dir='ltr'>ἐξῆλθε.</span> <span class='ocrx_word' id='word_1_456' title='bbox 1179 3969 1290 4024; x_wconf 82' lang='lat' dir='ltr'><strong>Kal</strong></span> <span class='ocrx_word' id='word_1_457' title='bbox 1340 3966 1462 4022; x_wconf 78' lang='grc' dir='ltr'>ἰδὼν</span> <span class='ocrx_word' id='word_1_458' title='bbox 1504 3965 1668 4021; x_wconf 81' lang='grc' dir='ltr'>αὑτὸν</span> <span class='ocrx_word' id='word_1_459' title='bbox 1702 3965 1732 4018; x_wconf 86' lang='lat'><strong>6</strong></span> 
     </span>
    </p>
   </div>
   <div class='ocr_carea' id='block_1_59' title="bbox 130 4058 1732 4147">
    <p class='ocr_par' dir='ltr' id='par_1_59' title="bbox 130 4058 1732 4147">
     <span class='ocr_line' id='line_1_59' title="bbox 130 4058 1732 4147; baseline -0.012 -17"><span class='ocrx_word' id='word_1_460' title='bbox 130 4075 308 4147; x_wconf 75' lang='grc' dir='ltr'>πατὴρ</span> <span class='ocrx_word' id='word_1_461' title='bbox 340 4071 548 4136; x_wconf 78' lang='grc' dir='ltr'>αὐτοῦ,</span> <span class='ocrx_word' id='word_1_462' title='bbox 566 4069 790 4140; x_wconf 80' lang='grc' dir='ltr'>ἐξέστη·</span> <span class='ocrx_word' id='word_1_463' title='bbox 832 4067 927 4122; x_wconf 75' lang='lat' dir='ltr'><strong>xal</strong></span> <span class='ocrx_word' id='word_1_464' title='bbox 954 4061 1210 4119; x_wconf 84' lang='grc' dir='ltr'>εἰσελθὼν</span> <span class='ocrx_word' id='word_1_465' title='bbox 1249 4058 1624 4134; x_wconf 82' lang='grc' dir='ltr'>προσεκύνησε</span> <span class='ocrx_word' id='word_1_466' title='bbox 1650 4058 1732 4129; x_wconf 84' lang='grc' dir='ltr'>τῷ</span> 
     </span>
    </p>
   </div>
   <div class='ocr_carea' id='block_1_60' title="bbox 126 4149 1732 4240">
    <p class='ocr_par' dir='ltr' id='par_1_60' title="bbox 126 4149 1732 4240">
     <span class='ocr_line' id='line_1_60' title="bbox 126 4149 1732 4240; baseline -0.012 -17"><span class='ocrx_word' id='word_1_467' title='bbox 126 4169 346 4240; x_wconf 77' lang='grc' dir='ltr'>γέροντι</span> <span class='ocrx_word' id='word_1_468' title='bbox 374 4207 394 4234; x_wconf 88' lang='grc'><strong>,</strong></span> <span class='ocrx_word' id='word_1_469' title='bbox 434 4164 533 4219; x_wconf 77' lang='grc' dir='ltr'>καὶ</span> <span class='ocrx_word' id='word_1_470' title='bbox 566 4158 886 4232; x_wconf 84' lang='grc' dir='ltr'>ἀνήγγειλεν</span> <span class='ocrx_word' id='word_1_471' title='bbox 910 4153 1139 4228; x_wconf 80' lang='grc' dir='ltr'>αύτῷτὺ</span> <span class='ocrx_word' id='word_1_472' title='bbox 1176 4154 1427 4225; x_wconf 79' lang='grc' dir='ltr'>πρᾶγμα.</span> <span class='ocrx_word' id='word_1_473' title='bbox 1467 4149 1732 4240; x_wconf 83' lang='grc' dir='ltr'>Ἀκούσας</span> 
     </span>
    </p>
   </div>
   <div class='ocr_carea' id='block_1_61' title="bbox 123 4238 1730 4330">
    <p class='ocr_par' dir='ltr' id='par_1_61' title="bbox 123 4238 1730 4330">
     <span class='ocr_line' id='line_1_61' title="bbox 123 4238 1730 4330; baseline -0.011 -18"><span class='ocrx_word' id='word_1_474' title='bbox 123 4238 231 4312; x_wconf 48' lang='grc' dir='ltr'>δέὝὸ</span> <span class='ocrx_word' id='word_1_475' title='bbox 256 4258 485 4330; x_wconf 85' lang='grc' dir='ltr'>γέρων,</span> <span class='ocrx_word' id='word_1_476' title='bbox 520 4251 764 4323; x_wconf 75' lang='grc' dir='ltr'>ἐλυπήθη</span> <span class='ocrx_word' id='word_1_477' title='bbox 784 4267 799 4281; x_wconf 76' lang='grc' dir='ltr'><strong><em>ο</em></strong></span> <span class='ocrx_word' id='word_1_478' title='bbox 834 4251 896 4305; x_wconf 86' lang='grc' dir='ltr'><strong>ού</strong></span> <span class='ocrx_word' id='word_1_479' title='bbox 928 4248 1041 4320; x_wconf 80' lang='grc' dir='ltr'><strong>γὰρ</strong></span> <span class='ocrx_word' id='word_1_480' title='bbox 1074 4245 1232 4317; x_wconf 74' lang='grc' dir='ltr'>ἡθελε</span> <span class='ocrx_word' id='word_1_481' title='bbox 1265 4243 1424 4300; x_wconf 79' lang='grc' dir='ltr'>τοῦτο</span> <span class='ocrx_word' id='word_1_482' title='bbox 1455 4238 1730 4314; x_wconf 79' lang='grc' dir='ltr'>γενέσθαι.</span> 
     </span>
    </p>
   </div>
   <div class='ocr_carea' id='block_1_62' title="bbox 118 4334 1732 4421">
    <p class='ocr_par' dir='ltr' id='par_1_62' title="bbox 118 4334 1732 4421">
     <span class='ocr_line' id='line_1_62' title="bbox 118 4334 1732 4421; baseline -0.011 -19"><span class='ocrx_word' id='word_1_483' title='bbox 118 4346 496 4421; x_wconf 81' lang='grc' dir='ltr'>Παρήγγειλε</span> <span class='ocrx_word' id='word_1_484' title='bbox 520 4344 578 4398; x_wconf 77' lang='grc' dir='ltr'>δὲ</span> <span class='ocrx_word' id='word_1_485' title='bbox 604 4341 752 4413; x_wconf 79' lang='grc' dir='ltr'>αὐτῷ</span> <span class='ocrx_word' id='word_1_486' title='bbox 778 4344 807 4395; x_wconf 91' lang='lat'><strong>6</strong></span> <span class='ocrx_word' id='word_1_487' title='bbox 836 4340 1082 4412; x_wconf 81' lang='grc' dir='ltr'>μαθητὴς</span> <span class='ocrx_word' id='word_1_488' title='bbox 1107 4336 1294 4403; x_wconf 76' lang='grc' dir='ltr'>αὑτοῦ,</span> <span class='ocrx_word' id='word_1_489' title='bbox 1328 4334 1515 4407; x_wconf 72' lang='grc' dir='ltr'>μηδενὶ</span> <span class='ocrx_word' id='word_1_490' title='bbox 1539 4334 1732 4398; x_wconf 78' lang='grc' dir='ltr'>εἰπεῖν,</span> 
     </span>
    </p>
   </div>
   <div class='ocr_carea' id='block_1_63' title="bbox 119 4433 1094 4513">
    <p class='ocr_par' dir='ltr' id='par_1_63' title="bbox 119 4433 1094 4513">
     <span class='ocr_line' id='line_1_63' title="bbox 119 4433 1094 4513; baseline -0.007 -20"><span class='ocrx_word' id='word_1_491' title='bbox 119 4441 219 4504; x_wconf 68' lang='grc' dir='ltr'>ἕως</span> <span class='ocrx_word' id='word_1_492' title='bbox 245 4443 380 4513; x_wconf 60' lang='grc' dir='ltr'>τῆς,</span> <span class='ocrx_word' id='word_1_493' title='bbox 398 4435 668 4506; x_wconf 78' lang='grc' dir='ltr'>τελευτῆς</span> <span class='ocrx_word' id='word_1_494' title='bbox 692 4434 787 4489; x_wconf 80' lang='grc' dir='ltr'><strong>τοῦ</strong></span> <span class='ocrx_word' id='word_1_495' title='bbox 822 4433 1094 4505; x_wconf 82' lang='grc' dir='ltr'>γέροντος.</span> 
     </span>
    </p>
   </div>
   <div class='ocr_carea' id='block_1_64' title="bbox 183 4515 1731 4600">
    <p class='ocr_par' dir='ltr' id='par_1_64' title="bbox 183 4515 1731 4600">
     <span class='ocr_line' id='line_1_64' title="bbox 183 4515 1731 4600; baseline -0.011 -16"><span class='ocrx_word' id='word_1_496' title='bbox 183 4530 274 4584; x_wconf 80' lang='grc' dir='ltr'>ιθ’.</span> <span class='ocrx_word' id='word_1_497' title='bbox 319 4529 508 4600; x_wconf 82' lang='grc' dir='ltr'>Τρεῖς</span> <span class='ocrx_word' id='word_1_498' title='bbox 552 4524 803 4596; x_wconf 79' lang='grc' dir='ltr'>γέροντες</span> <span class='ocrx_word' id='word_1_499' title='bbox 855 4520 1165 4593; x_wconf 82' lang='grc' dir='ltr'>παρέϐαλον</span> <span class='ocrx_word' id='word_1_500' title='bbox 1217 4518 1294 4589; x_wconf 77' lang='grc' dir='ltr'>τῷ</span> <span class='ocrx_word' id='word_1_501' title='bbox 1349 4516 1495 4589; x_wconf 76' lang='grc' dir='ltr'><strong>ἀὸὅᾷ</strong></span> <span class='ocrx_word' id='word_1_502' title='bbox 1545 4515 1731 4588; x_wconf 81' lang='grc' dir='ltr'>Σισόῃ,</span> 
     </span>
    </p>
   </div>
   <div class='ocr_carea' id='block_1_65' title="bbox 114 4606 1728 4688">
    <p class='ocr_par' dir='ltr' id='par_1_65' title="bbox 114 4606 1728 4688">
     <span class='ocr_line' id='line_1_65' title="bbox 114 4606 1728 4688; baseline -0.009 -15"><span class='ocrx_word' id='word_1_503' title='bbox 114 4622 247 4676; x_wconf 78' lang='grc' dir='ltr'>ἀκού</span> <span class='ocrx_word' id='word_1_504' title='bbox 258 4636 483 4682; x_wconf 82' lang='grc' dir='ltr'>σαντες</span> <span class='ocrx_word' id='word_1_505' title='bbox 508 4617 576 4671; x_wconf 73' lang='grc' dir='ltr'><strong>τὰ</strong></span> <span class='ocrx_word' id='word_1_506' title='bbox 598 4616 723 4688; x_wconf 74' lang='grc' dir='ltr'>περὶ</span> <span class='ocrx_word' id='word_1_507' title='bbox 744 4614 928 4669; x_wconf 81' lang='grc' dir='ltr'>αὐτοῦ.</span> <span class='ocrx_word' id='word_1_508' title='bbox 953 4611 1066 4666; x_wconf 80' lang='lat' dir='ltr'><strong>Kal</strong></span> <span class='ocrx_word' id='word_1_509' title='bbox 1091 4609 1243 4679; x_wconf 81' lang='grc' dir='ltr'>λέγει</span> <span class='ocrx_word' id='word_1_510' title='bbox 1272 4607 1422 4679; x_wconf 82' lang='grc' dir='ltr'>αύτῷ</span> <span class='ocrx_word' id='word_1_511' title='bbox 1443 4609 1471 4661; x_wconf 94' lang='lat'><strong>6</strong></span> <span class='ocrx_word' id='word_1_512' title='bbox 1491 4606 1728 4679; x_wconf 73' lang='grc' dir='ltr'><strong>πρῶτος⁸</strong></span> 
     </span>
    </p>
   </div>
   <div class='ocr_carea' id='block_1_66' title="bbox 112 4699 1733 4787">
    <p class='ocr_par' dir='ltr' id='par_1_66' title="bbox 112 4699 1733 4787">
     <span class='ocr_line' id='line_1_66' title="bbox 112 4699 1733 4787; baseline -0.01 -20"><span class='ocrx_word' id='word_1_513' title='bbox 112 4714 326 4787; x_wconf 74' lang='grc' dir='ltr'>Πάτερ,</span> <span class='ocrx_word' id='word_1_514' title='bbox 366 4711 503 4773; x_wconf 78' lang='grc' dir='ltr'><strong>πῶς</strong></span> <span class='ocrx_word' id='word_1_515' title='bbox 527 4709 761 4779; x_wconf 83' lang='grc' dir='ltr'>δύναμαι</span> <span class='ocrx_word' id='word_1_516' title='bbox 795 4705 1034 4776; x_wconf 81' lang='grc' dir='ltr'>σωθῆναι</span> <span class='ocrx_word' id='word_1_517' title='bbox 1056 4703 1165 4757; x_wconf 80' lang='grc' dir='ltr'>ἀπὸ</span> <span class='ocrx_word' id='word_1_518' title='bbox 1185 4700 1278 4756; x_wconf 77' lang='grc' dir='ltr'>τοῦ</span> <span class='ocrx_word' id='word_1_519' title='bbox 1308 4699 1534 4771; x_wconf 82' lang='grc' dir='ltr'>πυρίνου</span> <span class='ocrx_word' id='word_1_520' title='bbox 1566 4714 1733 4753; x_wconf 84' lang='grc' dir='ltr'>ποτα-</span> 
     </span>
    </p>
   </div>
   <div class='ocr_carea' id='block_1_67' title="bbox 113 4789 1731 4874">
    <p class='ocr_par' dir='ltr' id='par_1_67' title="bbox 113 4789 1731 4874">
     <span class='ocr_line' id='line_1_67' title="bbox 113 4789 1731 4874; baseline -0.011 -15"><span class='ocrx_word' id='word_1_521' title='bbox 113 4805 255 4874; x_wconf 79' lang='grc' dir='ltr'>μοῧ;</span> <span class='ocrx_word' id='word_1_522' title='bbox 314 4804 387 4857; x_wconf 85' lang='lat'><strong>&#39;0</strong></span> <span class='ocrx_word' id='word_1_523' title='bbox 421 4802 489 4855; x_wconf 84' lang='grc' dir='ltr'><strong>δὲ</strong></span> <span class='ocrx_word' id='word_1_524' title='bbox 518 4801 619 4854; x_wconf 79' lang='grc' dir='ltr'>οὐκ</span> <span class='ocrx_word' id='word_1_525' title='bbox 650 4796 921 4869; x_wconf 82' lang='grc' dir='ltr'>ἀπεκρίθη</span> <span class='ocrx_word' id='word_1_526' title='bbox 960 4795 1131 4865; x_wconf 82' lang='grc' dir='ltr'>αύτῷ.</span> <span class='ocrx_word' id='word_1_527' title='bbox 1187 4792 1350 4859; x_wconf 81' lang='grc' dir='ltr'>Λέγει</span> <span class='ocrx_word' id='word_1_528' title='bbox 1384 4789 1532 4860; x_wconf 87' lang='grc' dir='ltr'>αύτῷ</span> <span class='ocrx_word' id='word_1_529' title='bbox 1554 4790 1583 4841; x_wconf 89' lang='lat'><strong>6</strong></span> <span class='ocrx_word' id='word_1_530' title='bbox 1611 4789 1731 4843; x_wconf 83' lang='grc' dir='ltr'>δεύ-</span> 
     </span>
    </p>
   </div>
   <div class='ocr_carea' id='block_1_68' title="bbox 106 4877 1731 4966">
    <p class='ocr_par' dir='ltr' id='par_1_68' title="bbox 106 4877 1731 4966">
     <span class='ocr_line' id='line_1_68' title="bbox 106 4877 1731 4966; baseline -0.012 -18"><span class='ocrx_word' id='word_1_531' title='bbox 106 4911 265 4966; x_wconf 78' lang='grc' dir='ltr'>τερος</span> <span class='ocrx_word' id='word_1_532' title='bbox 294 4912 311 4926; x_wconf 77' lang='grc' dir='ltr'><strong>ο</strong></span> <span class='ocrx_word' id='word_1_533' title='bbox 363 4892 590 4958; x_wconf 75' lang='grc' dir='ltr'>Πάτερ,</span> <span class='ocrx_word' id='word_1_534' title='bbox 626 4887 743 4950; x_wconf 86' lang='grc' dir='ltr'>πῶς</span> <span class='ocrx_word' id='word_1_535' title='bbox 769 4886 1004 4955; x_wconf 82' lang='grc' dir='ltr'>δύναμαι</span> <span class='ocrx_word' id='word_1_536' title='bbox 1039 4882 1275 4952; x_wconf 84' lang='grc' dir='ltr'>σωθῆναι</span> <span class='ocrx_word' id='word_1_537' title='bbox 1310 4879 1419 4933; x_wconf 85' lang='grc' dir='ltr'>ἀπὸ</span> <span class='ocrx_word' id='word_1_538' title='bbox 1457 4878 1552 4931; x_wconf 79' lang='grc' dir='ltr'>τοῦ</span> <span class='ocrx_word' id='word_1_539' title='bbox 1599 4877 1731 4949; x_wconf 85' lang='grc' dir='ltr'>βρυ-</span> 
     </span>
    </p>
   </div>
   <div class='ocr_carea' id='block_1_69' title="bbox 108 4970 1736 5056">
    <p class='ocr_par' dir='ltr' id='par_1_69' title="bbox 108 4970 1736 5056">
     <span class='ocr_line' id='line_1_69' title="bbox 108 4970 1736 5056; baseline -0.01 -18"><span class='ocrx_word' id='word_1_540' title='bbox 108 4986 252 5056; x_wconf 75' lang='grc' dir='ltr'>γμοῦ</span> <span class='ocrx_word' id='word_1_541' title='bbox 287 4984 420 5039; x_wconf 78' lang='grc' dir='ltr'><strong>τῶν</strong></span> <span class='ocrx_word' id='word_1_542' title='bbox 454 4982 705 5044; x_wconf 79' lang='grc' dir='ltr'>ὀδόντων,</span> <span class='ocrx_word' id='word_1_543' title='bbox 733 4979 829 5031; x_wconf 78' lang='grc' dir='ltr'><strong>καὶ</strong></span> <span class='ocrx_word' id='word_1_544' title='bbox 856 4979 919 5029; x_wconf 82' lang='grc' dir='ltr'><strong>ἐκ</strong></span> <span class='ocrx_word' id='word_1_545' title='bbox 950 4974 1041 5028; x_wconf 75' lang='grc' dir='ltr'><strong>τοῦ</strong></span> <span class='ocrx_word' id='word_1_546' title='bbox 1066 4972 1349 5043; x_wconf 82' lang='grc' dir='ltr'>σκώληκος</span> <span class='ocrx_word' id='word_1_547' title='bbox 1374 4970 1469 5024; x_wconf 83' lang='grc' dir='ltr'>τοῦ</span> <span class='ocrx_word' id='word_1_548' title='bbox 1501 4970 1736 5040; x_wconf 85' lang='grc' dir='ltr'>ἀκοιμή-</span> 
     </span>
    </p>
   </div>
   <div class='ocr_carea' id='block_1_70' title="bbox 105 5067 1731 5148">
    <p class='ocr_par' dir='ltr' id='par_1_70' title="bbox 105 5067 1731 5148">
     <span class='ocr_line' id='line_1_70' title="bbox 105 5067 1731 5148; baseline -0.008 -15"><span class='ocrx_word' id='word_1_549' title='bbox 105 5097 229 5146; x_wconf 63' lang='lat' dir='ltr'><strong>tau;</strong></span> <span class='ocrx_word' id='word_1_550' title='bbox 263 5081 469 5148; x_wconf 83' lang='grc' dir='ltr'>Λέγει</span> <span class='ocrx_word' id='word_1_551' title='bbox 500 5076 648 5146; x_wconf 74' lang='grc' dir='ltr'>αὐτῷ</span> <span class='ocrx_word' id='word_1_552' title='bbox 678 5077 708 5128; x_wconf 81' lang='lat'><strong>6</strong></span> <span class='ocrx_word' id='word_1_553' title='bbox 739 5073 953 5145; x_wconf 83' lang='grc' dir='ltr'>τρίτος·</span> <span class='ocrx_word' id='word_1_554' title='bbox 990 5072 1193 5142; x_wconf 82' lang='grc' dir='ltr'>Πάτερ,</span> <span class='ocrx_word' id='word_1_555' title='bbox 1233 5068 1285 5123; x_wconf 87' lang='grc' dir='ltr'><strong>τί</strong></span> <span class='ocrx_word' id='word_1_556' title='bbox 1318 5069 1553 5140; x_wconf 81' lang='grc' dir='ltr'>ποιήσω,</span> <span class='ocrx_word' id='word_1_557' title='bbox 1587 5067 1670 5121; x_wconf 83' lang='grc' dir='ltr'>ὅτι</span> <span class='ocrx_word' id='word_1_558' title='bbox 1699 5071 1731 5139; x_wconf 81' lang='grc' dir='ltr'><strong>ἡ</strong></span> 
     </span>
    </p>
   </div>
   <div class='ocr_carea' id='block_1_71' title="bbox 114 5161 1734 5244">
    <p class='ocr_par' dir='ltr' id='par_1_71' title="bbox 114 5161 1734 5244">
     <span class='ocr_line' id='line_1_71' title="bbox 114 5161 1734 5244; baseline -0.006 -21"><span class='ocrx_word' id='word_1_559' title='bbox 114 5176 306 5244; x_wconf 59' lang='lat' dir='ltr'><strong>parium}</strong></span> <span class='ocrx_word' id='word_1_560' title='bbox 343 5169 459 5226; x_wconf 72' lang='grc' dir='ltr'>τοῦ</span> <span class='ocrx_word' id='word_1_561' title='bbox 499 5168 766 5240; x_wconf 78' lang='grc' dir='ltr'>ἐξωτέρου</span> <span class='ocrx_word' id='word_1_562' title='bbox 816 5165 1039 5228; x_wconf 86' lang='grc' dir='ltr'>σκότους</span> <span class='ocrx_word' id='word_1_563' title='bbox 1072 5162 1285 5229; x_wconf 81' lang='grc' dir='ltr'>φονεύει</span> <span class='ocrx_word' id='word_1_564' title='bbox 1318 5178 1419 5233; x_wconf 87' lang='grc' dir='ltr'>με;</span> <span class='ocrx_word' id='word_1_565' title='bbox 1483 5161 1734 5233; x_wconf 83' lang='grc' dir='ltr'>Ἀποκρι-</span> 
     </span>
    </p>
   </div>
   <div class='ocr_carea' id='block_1_72' title="bbox 114 5253 1736 5334">
    <p class='ocr_par' dir='ltr' id='par_1_72' title="bbox 114 5253 1736 5334">
     <span class='ocr_line' id='line_1_72' title="bbox 114 5253 1736 5334; baseline -0.006 -18"><span class='ocrx_word' id='word_1_566' title='bbox 114 5264 218 5320; x_wconf 73' lang='grc' dir='ltr'>θεὶς</span> <span class='ocrx_word' id='word_1_567' title='bbox 261 5266 326 5321; x_wconf 78' lang='grc' dir='ltr'><strong>δὲ</strong></span> <span class='ocrx_word' id='word_1_568' title='bbox 361 5267 399 5318; x_wconf 84' lang='grc' dir='ltr'><em>ὁ</em></span> <span class='ocrx_word' id='word_1_569' title='bbox 432 5262 623 5334; x_wconf 78' lang='grc' dir='ltr'>γέρων</span> <span class='ocrx_word' id='word_1_570' title='bbox 666 5256 818 5313; x_wconf 76' lang='grc' dir='ltr'>εἶπεν</span> <span class='ocrx_word' id='word_1_571' title='bbox 849 5259 1059 5321; x_wconf 84' lang='grc' dir='ltr'>αὐτοῖς·</span> <span class='ocrx_word' id='word_1_572' title='bbox 1105 5255 1247 5325; x_wconf 84' lang='grc' dir='ltr'><strong>Ἐγὼ</strong></span> <span class='ocrx_word' id='word_1_573' title='bbox 1288 5254 1503 5318; x_wconf 75' lang='grc' dir='ltr'>οὐδενὸς</span> <span class='ocrx_word' id='word_1_574' title='bbox 1529 5253 1736 5308; x_wconf 88' lang='grc' dir='ltr'>τούτων</span> 
     </span>
    </p>
   </div>
   <div class='ocr_carea' id='block_1_73' title="bbox 120 5344 1736 5431">
    <p class='ocr_par' dir='ltr' id='par_1_73' title="bbox 120 5344 1736 5431">
     <span class='ocr_line' id='line_1_73' title="bbox 120 5344 1736 5431; baseline -0.008 -19"><span class='ocrx_word' id='word_1_575' title='bbox 120 5357 429 5431; x_wconf 71' lang='grc' dir='ltr'>μέμνημαι</span> <span class='ocrx_word' id='word_1_576' title='bbox 449 5372 469 5385; x_wconf 82' lang='grc'><strong>’</strong></span> <span class='ocrx_word' id='word_1_577' title='bbox 526 5351 990 5423; x_wconf 78' lang='grc' dir='ltr'>φιλεύσπλαγχνος</span> <span class='ocrx_word' id='word_1_578' title='bbox 1029 5347 1135 5420; x_wconf 78' lang='grc' dir='ltr'><strong>γὰρ</strong></span> <span class='ocrx_word' id='word_1_579' title='bbox 1183 5347 1260 5400; x_wconf 85' lang='grc' dir='ltr'>ὢν</span> <span class='ocrx_word' id='word_1_580' title='bbox 1292 5346 1321 5398; x_wconf 91' lang='lat'><strong>6</strong></span> <span class='ocrx_word' id='word_1_581' title='bbox 1347 5345 1499 5410; x_wconf 78' lang='grc' dir='ltr'>Θεὸς,</span> <span class='ocrx_word' id='word_1_582' title='bbox 1530 5344 1736 5409; x_wconf 75' lang='grc' dir='ltr'>ἐλπίζω</span> 
     </span>
    </p>
   </div>
   <div class='ocr_carea' id='block_1_74' title="bbox 177 5511 583 5579">
    <p class='ocr_par' dir='ltr' id='par_1_74' title="bbox 177 5511 583 5579">
     <span class='ocr_line' id='line_1_74' title="bbox 177 5511 583 5579; baseline -0.022 -11"><span class='ocrx_word' id='word_1_583' title='bbox 177 5515 224 5547; x_wconf 83' lang='grc'><strong>¹⁶</strong></span> <span class='ocrx_word' id='word_1_584' title='bbox 248 5514 346 5568; x_wconf 77' lang='lat' dir='ltr'><strong>Al.</strong></span> <span class='ocrx_word' id='word_1_585' title='bbox 380 5511 583 5579; x_wconf 77' lang='grc' dir='ltr'>ἔχετε.</span> 
     </span>
    </p>
   </div>
   <div class='ocr_carea' id='block_1_75' title="bbox 186 5658 946 5739">
    <p class='ocr_par' dir='ltr' id='par_1_75' title="bbox 186 5658 946 5739">
     <span class='ocr_line' id='line_1_75' title="bbox 186 5658 946 5739; baseline -0.017 -15"><span class='ocrx_word' id='word_1_586' title='bbox 186 5669 292 5739; x_wconf 57' lang='grc' dir='ltr'><strong>αἴ)</strong></span> <span class='ocrx_word' id='word_1_587' title='bbox 354 5664 494 5739; x_wconf 53' lang='grc' dir='ltr'>[ξι.</span> <span class='ocrx_word' id='word_1_588' title='bbox 541 5661 696 5739; x_wconf 57' lang='lat' dir='ltr'><strong>fair.</strong></span> <span class='ocrx_word' id='word_1_589' title='bbox 735 5676 823 5722; x_wconf 81' lang='lat' dir='ltr'><strong>xv,</strong></span> 
     </span>
    </p>
   </div>
   <div class='ocr_carea' id='block_1_76' title="bbox 192 5727 956 5810">
    <p class='ocr_par' dir='ltr' id='par_1_76' title="bbox 192 5727 956 5810">
     <span class='ocr_line' id='line_1_76' title="bbox 192 5727 956 5810; baseline -0.018 -13"><span class='ocrx_word' id='word_1_590' title='bbox 192 5727 297 5810; x_wconf 62' lang='lat'><strong>(68)</strong></span> <span class='ocrx_word' id='word_1_591' title='bbox 352 5735 499 5793; x_wconf 72' lang='grc' dir='ltr'>νει.</span> <span class='ocrx_word' id='word_1_592' title='bbox 532 5732 689 5787; x_wconf 74' lang='lat' dir='ltr'><strong>Patr.</strong></span> <span class='ocrx_word' id='word_1_593' title='bbox 721 5745 846 5795; x_wconf 87' lang='lat' dir='ltr'><strong>vm,</strong></span> <span class='ocrx_word' id='word_1_594' title='bbox 872 5727 956 5784; x_wconf 79' lang='grc'>16.</span> 
     </span>
    </p>
   </div>
   <div class='ocr_carea' id='block_1_77' title="bbox 1816 1865 3404 1937">
    <p class='ocr_par' dir='ltr' id='par_1_77' title="bbox 1816 1865 3404 1937">
     <span class='ocr_line' id='line_1_77' title="bbox 1816 1865 3404 1937; baseline 0.002 -19"><span class='ocrx_word' id='word_1_595' title='bbox 1816 1873 1998 1919; x_wconf 88' lang='lat' dir='ltr'><strong>autem</strong></span> <span class='ocrx_word' id='word_1_596' title='bbox 2061 1867 2335 1936; x_wconf 85' lang='lat' dir='ltr'><strong>sportulas</strong></span> <span class='ocrx_word' id='word_1_597' title='bbox 2397 1866 2550 1936; x_wconf 89' lang='lat' dir='ltr'><strong>ejus,</strong></span> <span class='ocrx_word' id='word_1_598' title='bbox 2607 1865 2869 1920; x_wconf 86' lang='lat' dir='ltr'><strong>dixerunt</strong></span> <span class='ocrx_word' id='word_1_599' title='bbox 2922 1866 3071 1921; x_wconf 90' lang='lat' dir='ltr'><strong>illius</strong></span> <span class='ocrx_word' id='word_1_600' title='bbox 3129 1866 3404 1937; x_wconf 78' lang='lat' dir='ltr'><strong>discipulo</strong></span> 
     </span>
    </p>
   </div>
   <div class='ocr_carea' id='block_1_78' title="bbox 1815 1956 3405 2029">
    <p class='ocr_par' dir='ltr' id='par_1_78' title="bbox 1815 1956 3405 2029">
     <span class='ocr_line' id='line_1_78' title="bbox 1815 1956 3405 2029; baseline 0.001 -19"><span class='ocrx_word' id='word_1_601' title='bbox 1815 1956 2128 2012; x_wconf 80' lang='lat' dir='ltr'><strong>Ahrahamo</strong></span> <span class='ocrx_word' id='word_1_602' title='bbox 2156 1976 2171 2013; x_wconf 90' lang='lat'><strong>:</strong></span> <span class='ocrx_word' id='word_1_603' title='bbox 2199 1956 2343 2024; x_wconf 86' lang='lat' dir='ltr'><strong>Quid</strong></span> <span class='ocrx_word' id='word_1_604' title='bbox 2374 1957 2557 2013; x_wconf 74' lang='lat' dir='ltr'><strong>facitis</strong></span> <span class='ocrx_word' id='word_1_605' title='bbox 2585 1957 2653 2013; x_wconf 88' lang='lat' dir='ltr'><strong>de</strong></span> <span class='ocrx_word' id='word_1_606' title='bbox 2703 1958 2973 2027; x_wconf 87' lang='lat' dir='ltr'><strong>sportulis</strong></span> <span class='ocrx_word' id='word_1_607' title='bbox 3005 1958 3130 2014; x_wconf 82' lang='lat' dir='ltr'><strong>his?</strong></span> <span class='ocrx_word' id='word_1_608' title='bbox 3154 1956 3405 2029; x_wconf 82' lang='lat' dir='ltr'><strong>Respon-</strong></span> 
     </span>
    </p>
   </div>
   <div class='ocr_carea' id='block_1_79' title="bbox 1816 2048 3406 2121">
    <p class='ocr_par' dir='ltr' id='par_1_79' title="bbox 1816 2048 3406 2121">
     <span class='ocr_line' id='line_1_79' title="bbox 1816 2048 3406 2121; baseline 0.001 -17"><span class='ocrx_word' id='word_1_609' title='bbox 1816 2048 1897 2104; x_wconf 85' lang='lat' dir='ltr'><strong>dit</strong></span> <span class='ocrx_word' id='word_1_610' title='bbox 1926 2068 1940 2105; x_wconf 90' lang='lat'><strong>:</strong></span> <span class='ocrx_word' id='word_1_611' title='bbox 1968 2048 2088 2105; x_wconf 81' lang='lat' dir='ltr'><strong>Huc</strong></span> <span class='ocrx_word' id='word_1_612' title='bbox 2112 2056 2167 2105; x_wconf 92' lang='lat' dir='ltr'><strong>et</strong></span> <span class='ocrx_word' id='word_1_613' title='bbox 2200 2049 2332 2105; x_wconf 88' lang='lat' dir='ltr'><strong>illuc</strong></span> <span class='ocrx_word' id='word_1_614' title='bbox 2374 2050 2745 2121; x_wconf 84' lang='lat' dir='ltr'><strong>impendimus</strong></span> <span class='ocrx_word' id='word_1_615' title='bbox 2777 2065 2893 2107; x_wconf 89' lang='lat' dir='ltr'><strong>cas.</strong></span> <span class='ocrx_word' id='word_1_616' title='bbox 2933 2050 3054 2117; x_wconf 91' lang='lat' dir='ltr'><strong>Quo</strong></span> <span class='ocrx_word' id='word_1_617' title='bbox 3091 2051 3280 2105; x_wconf 91' lang='lat' dir='ltr'><strong>audito</strong></span> <span class='ocrx_word' id='word_1_618' title='bbox 3311 2066 3406 2105; x_wconf 91' lang='lat' dir='ltr'><strong>se-</strong></span> 
     </span>
    </p>
   </div>
   <div class='ocr_carea' id='block_1_80' title="bbox 1817 2138 3407 2196">
    <p class='ocr_par' dir='ltr' id='par_1_80' title="bbox 1817 2138 3407 2196">
     <span class='ocr_line' id='line_1_80' title="bbox 1817 2138 3407 2196; baseline -0.001 -1"><span class='ocrx_word' id='word_1_619' title='bbox 1817 2155 1921 2195; x_wconf 84' lang='lat' dir='ltr'><strong>nex</strong></span> <span class='ocrx_word' id='word_1_620' title='bbox 1963 2139 2077 2194; x_wconf 87' lang='lat' dir='ltr'><strong>ait:</strong></span> <span class='ocrx_word' id='word_1_621' title='bbox 2109 2138 2283 2194; x_wconf 87' lang='lat' dir='ltr'><strong>Etiam</strong></span> <span class='ocrx_word' id='word_1_622' title='bbox 2311 2139 2500 2196; x_wconf 90' lang='lat' dir='ltr'><strong>Sisoes</strong></span> <span class='ocrx_word' id='word_1_623' title='bbox 2531 2142 2661 2196; x_wconf 89' lang='lat' dir='ltr'><strong>hinc</strong></span> <span class='ocrx_word' id='word_1_624' title='bbox 2710 2151 2766 2196; x_wconf 90' lang='lat' dir='ltr'><strong>et</strong></span> <span class='ocrx_word' id='word_1_625' title='bbox 2802 2141 2929 2196; x_wconf 91' lang='lat' dir='ltr'><strong>inde</strong></span> <span class='ocrx_word' id='word_1_626' title='bbox 2970 2140 3289 2196; x_wconf 86' lang='lat' dir='ltr'><strong>manducat.</strong></span> <span class='ocrx_word' id='word_1_627' title='bbox 3322 2140 3407 2196; x_wconf 89' lang='lat' dir='ltr'><strong>Illi</strong></span> 
     </span>
    </p>
   </div>
   <div class='ocr_carea' id='block_1_81' title="bbox 1818 2232 3407 2299">
    <p class='ocr_par' dir='ltr' id='par_1_81' title="bbox 1818 2232 3407 2299">
     <span class='ocr_line' id='line_1_81' title="bbox 1818 2232 3407 2299; baseline 0.001 -13"><span class='ocrx_word' id='word_1_628' title='bbox 1818 2247 1948 2288; x_wconf 92' lang='lat' dir='ltr'><strong>vero</strong></span> <span class='ocrx_word' id='word_1_629' title='bbox 1974 2232 2281 2299; x_wconf 82' lang='lat' dir='ltr'><strong>audientes,</strong></span> <span class='ocrx_word' id='word_1_630' title='bbox 2324 2234 2555 2289; x_wconf 87' lang='lat' dir='ltr'><strong>multum</strong></span> <span class='ocrx_word' id='word_1_631' title='bbox 2580 2234 2777 2289; x_wconf 72' lang='lat' dir='ltr'><strong>animae</strong></span> <span class='ocrx_word' id='word_1_632' title='bbox 2800 2233 3029 2293; x_wconf 76' lang='lat' dir='ltr'><strong>,lucrum</strong></span> <span class='ocrx_word' id='word_1_633' title='bbox 3061 2233 3278 2299; x_wconf 83' lang='lat' dir='ltr'><strong>fecere;</strong></span> <span class='ocrx_word' id='word_1_634' title='bbox 3317 2241 3407 2287; x_wconf 84' lang='lat' dir='ltr'><strong>at-</strong></span> 
     </span>
    </p>
   </div>
   <div class='ocr_carea' id='block_1_82' title="bbox 1818 2323 3407 2396">
    <p class='ocr_par' dir='ltr' id='par_1_82' title="bbox 1818 2323 3407 2396">
     <span class='ocr_line' id='line_1_82' title="bbox 1818 2323 3407 2396; baseline 0.001 -17"><span class='ocrx_word' id='word_1_635' title='bbox 1818 2340 1928 2395; x_wconf 88' lang='lat' dir='ltr'><strong>que</strong></span> <span class='ocrx_word' id='word_1_636' title='bbox 1967 2325 2216 2380; x_wconf 84' lang='lat' dir='ltr'><strong>abierunt</strong></span> <span class='ocrx_word' id='word_1_637' title='bbox 2251 2340 2375 2380; x_wconf 89' lang='lat' dir='ltr'><strong>cum</strong></span> <span class='ocrx_word' id='word_1_638' title='bbox 2419 2324 2641 2396; x_wconf 84' lang='lat' dir='ltr'><strong>gaudio,</strong></span> <span class='ocrx_word' id='word_1_639' title='bbox 2677 2323 2930 2381; x_wconf 63' lang='lat' dir='ltr'><strong>aediﬁcati</strong></span> <span class='ocrx_word' id='word_1_640' title='bbox 2986 2324 3044 2379; x_wconf 88' lang='lat' dir='ltr'><strong>in</strong></span> <span class='ocrx_word' id='word_1_641' title='bbox 3090 2323 3407 2381; x_wconf 76' lang='lat' dir='ltr'><strong>humilitate</strong></span> 
     </span>
    </p>
   </div>
   <div class='ocr_carea' id='block_1_83' title="bbox 1822 2417 2591 2500">
    <p class='ocr_par' dir='ltr' id='par_1_83' title="bbox 1822 2417 2591 2500">
     <span class='ocr_line' id='line_1_83' title="bbox 1822 2417 2591 2500; baseline 0 -29"><span class='ocrx_word' id='word_1_642' title='bbox 1822 2417 2016 2488; x_wconf 83' lang='lat' dir='ltr'><strong>ipsius.</strong></span> <span class='ocrx_word' id='word_1_643' title='bbox 2576 2484 2591 2500; x_wconf 54' lang='lat'><strong>.</strong></span> 
     </span>
    </p>
   </div>
   <div class='ocr_carea' id='block_1_84' title="bbox 1895 2506 3411 2579">
    <p class='ocr_par' dir='ltr' id='par_1_84' title="bbox 1895 2506 3411 2579">
     <span class='ocr_line' id='line_1_84' title="bbox 1895 2506 3411 2579; baseline -0.001 -16"><span class='ocrx_word' id='word_1_644' title='bbox 1895 2508 1983 2563; x_wconf 81' lang='grc'><strong>17.</strong></span> <span class='ocrx_word' id='word_1_645' title='bbox 2025 2506 2142 2579; x_wconf 66' lang='grc'><strong>(48)</strong></span> <span class='ocrx_word' id='word_1_646' title='bbox 2160 2506 2490 2564; x_wconf 89' lang='lat' dir='ltr'><strong>Sciscitatus</strong></span> <span class='ocrx_word' id='word_1_647' title='bbox 2518 2514 2606 2564; x_wconf 89' lang='lat' dir='ltr'><strong>est</strong></span> <span class='ocrx_word' id='word_1_648' title='bbox 2632 2507 2805 2564; x_wconf 85' lang='lat' dir='ltr'><strong>abbas</strong></span> <span class='ocrx_word' id='word_1_649' title='bbox 2834 2506 3072 2564; x_wconf 84' lang='lat' dir='ltr'><strong>Ammon</strong></span> <span class='ocrx_word' id='word_1_650' title='bbox 3103 2506 3411 2564; x_wconf 73' lang='lat' dir='ltr'><strong>Ithaithcn-</strong></span> 
     </span>
    </p>
   </div>
   <div class='ocr_carea' id='block_1_85' title="bbox 1824 2598 3412 2672">
    <p class='ocr_par' dir='ltr' id='par_1_85' title="bbox 1824 2598 3412 2672">
     <span class='ocr_line' id='line_1_85' title="bbox 1824 2598 3412 2672; baseline 0 -16"><span class='ocrx_word' id='word_1_651' title='bbox 1824 2599 1902 2656; x_wconf 88' lang='lat' dir='ltr'><strong>sis</strong></span> <span class='ocrx_word' id='word_1_652' title='bbox 1942 2598 2192 2655; x_wconf 89' lang='lat' dir='ltr'><strong>abbatem</strong></span> <span class='ocrx_word' id='word_1_653' title='bbox 2224 2599 2435 2656; x_wconf 87' lang='lat' dir='ltr'><strong>Sisoem</strong></span> <span class='ocrx_word' id='word_1_654' title='bbox 2467 2620 2481 2656; x_wconf 91' lang='lat'><strong>:</strong></span> <span class='ocrx_word' id='word_1_655' title='bbox 2512 2600 2745 2669; x_wconf 82' lang='lat' dir='ltr'><strong>Quando</strong></span> <span class='ocrx_word' id='word_1_656' title='bbox 2770 2601 2894 2672; x_wconf 88' lang='lat' dir='ltr'><strong>lego</strong></span> <span class='ocrx_word' id='word_1_657' title='bbox 2940 2600 3284 2672; x_wconf 88' lang='lat' dir='ltr'><strong>Scripturam</strong></span> <span class='ocrx_word' id='word_1_658' title='bbox 3321 2615 3412 2658; x_wconf 90' lang='lat' dir='ltr'><strong>sa-</strong></span> 
     </span>
    </p>
   </div>
   <div class='ocr_carea' id='block_1_86' title="bbox 1823 2689 3408 2761">
    <p class='ocr_par' dir='ltr' id='par_1_86' title="bbox 1823 2689 3408 2761">
     <span class='ocr_line' id='line_1_86' title="bbox 1823 2689 3408 2761; baseline 0.001 -16"><span class='ocrx_word' id='word_1_659' title='bbox 1823 2703 1998 2754; x_wconf 86' lang='lat' dir='ltr'><strong>cram,</strong></span> <span class='ocrx_word' id='word_1_660' title='bbox 2020 2689 2137 2744; x_wconf 87' lang='lat' dir='ltr'><strong>vult</strong></span> <span class='ocrx_word' id='word_1_661' title='bbox 2164 2690 2380 2747; x_wconf 88' lang='lat' dir='ltr'><strong>animus</strong></span> <span class='ocrx_word' id='word_1_662' title='bbox 2408 2706 2681 2761; x_wconf 88' lang='lat' dir='ltr'><strong>apparare</strong></span> <span class='ocrx_word' id='word_1_663' title='bbox 2708 2707 3041 2759; x_wconf 87' lang='lat' dir='ltr'><strong>sermonem,</strong></span> <span class='ocrx_word' id='word_1_664' title='bbox 3069 2700 3129 2747; x_wconf 91' lang='lat' dir='ltr'><strong>ut</strong></span> <span class='ocrx_word' id='word_1_665' title='bbox 3150 2692 3408 2758; x_wconf 86' lang='lat' dir='ltr'><strong>habeam,</strong></span> 
     </span>
    </p>
   </div>
   <div class='ocr_carea' id='block_1_87' title="bbox 1825 2781 3412 2854">
    <p class='ocr_par' dir='ltr' id='par_1_87' title="bbox 1825 2781 3412 2854">
     <span class='ocr_line' id='line_1_87' title="bbox 1825 2781 3412 2854; baseline 0.001 -17"><span class='ocrx_word' id='word_1_666' title='bbox 1825 2781 1893 2837; x_wconf 92' lang='lat' dir='ltr'><strong>ad</strong></span> <span class='ocrx_word' id='word_1_667' title='bbox 1925 2782 2440 2852; x_wconf 81' lang='lat' dir='ltr'><strong>interrogationem.</strong></span> <span class='ocrx_word' id='word_1_668' title='bbox 2463 2782 2556 2837; x_wconf 82' lang='lat' dir='ltr'><strong>Ait</strong></span> <span class='ocrx_word' id='word_1_669' title='bbox 2594 2782 2673 2837; x_wconf 90' lang='lat' dir='ltr'><strong>illi</strong></span> <span class='ocrx_word' id='word_1_670' title='bbox 2705 2799 2873 2839; x_wconf 82' lang='lat' dir='ltr'><strong>senex</strong></span> <span class='ocrx_word' id='word_1_671' title='bbox 2907 2802 2924 2839; x_wconf 89' lang='lat'><strong>:</strong></span> <span class='ocrx_word' id='word_1_672' title='bbox 2960 2782 3076 2839; x_wconf 85' lang='lat' dir='ltr'><strong>Non</strong></span> <span class='ocrx_word' id='word_1_673' title='bbox 3106 2791 3192 2840; x_wconf 85' lang='lat' dir='ltr'><strong>est</strong></span> <span class='ocrx_word' id='word_1_674' title='bbox 3228 2799 3412 2854; x_wconf 70' lang='lat' dir='ltr'><strong>opera:</strong></span> 
     </span>
    </p>
   </div>
   <div class='ocr_carea' id='block_1_88' title="bbox 1827 2869 3406 2944">
    <p class='ocr_par' dir='ltr' id='par_1_88' title="bbox 1827 2869 3406 2944">
     <span class='ocr_line' id='line_1_88' title="bbox 1827 2869 3406 2944; baseline 0.001 -19"><span class='ocrx_word' id='word_1_675' title='bbox 1827 2870 2060 2940; x_wconf 72' lang='lat' dir='ltr'><strong>pretium</strong></span> <span class='ocrx_word' id='word_1_676' title='bbox 2089 2888 2103 2925; x_wconf 88' lang='lat'>:</span> <span class='ocrx_word' id='word_1_677' title='bbox 2138 2869 2235 2927; x_wconf 89' lang='lat' dir='ltr'><strong>sed</strong></span> <span class='ocrx_word' id='word_1_678' title='bbox 2266 2872 2453 2942; x_wconf 89' lang='lat' dir='ltr'><strong>potius</strong></span> <span class='ocrx_word' id='word_1_679' title='bbox 2478 2887 2509 2927; x_wconf 88' lang='lat' dir='ltr'><strong>e</strong></span> <span class='ocrx_word' id='word_1_680' title='bbox 2540 2872 2778 2943; x_wconf 89' lang='lat' dir='ltr'><strong>puritate</strong></span> <span class='ocrx_word' id='word_1_681' title='bbox 2817 2874 3021 2929; x_wconf 89' lang='lat' dir='ltr'><strong>mentis</strong></span> <span class='ocrx_word' id='word_1_682' title='bbox 3047 2874 3273 2944; x_wconf 87' lang='lat' dir='ltr'><strong>acquire</strong></span> <span class='ocrx_word' id='word_1_683' title='bbox 3304 2873 3406 2927; x_wconf 87' lang='lat' dir='ltr'><strong>tibi</strong></span> 
     </span>
    </p>
   </div>
   <div class='ocr_carea' id='block_1_89' title="bbox 1829 2960 2933 3034">
    <p class='ocr_par' dir='ltr' id='par_1_89' title="bbox 1829 2960 2933 3034">
     <span class='ocr_line' id='line_1_89' title="bbox 1829 2960 2933 3034; baseline 0.003 -20"><span class='ocrx_word' id='word_1_684' title='bbox 1829 2969 1944 3015; x_wconf 90' lang='lat' dir='ltr'><strong>tum</strong></span> <span class='ocrx_word' id='word_1_685' title='bbox 1973 2960 2353 3018; x_wconf 77' lang='lat' dir='ltr'><strong>sollicitudine</strong></span> <span class='ocrx_word' id='word_1_686' title='bbox 2369 2978 2582 3030; x_wconf 86' lang='lat' dir='ltr'><strong>carere,</strong></span> <span class='ocrx_word' id='word_1_687' title='bbox 2612 2971 2728 3018; x_wconf 91' lang='lat' dir='ltr'><strong>tum</strong></span> <span class='ocrx_word' id='word_1_688' title='bbox 2759 2964 2933 3034; x_wconf 89' lang='lat' dir='ltr'><strong>loqui.</strong></span> 
     </span>
    </p>
   </div>
   <div class='ocr_carea' id='block_1_90' title="bbox 1898 3054 3414 3127">
    <p class='ocr_par' dir='ltr' id='par_1_90' title="bbox 1898 3054 3414 3127">
     <span class='ocr_line' id='line_1_90' title="bbox 1898 3054 3414 3127; baseline 0.003 -19"><span class='ocrx_word' id='word_1_689' title='bbox 1898 3054 1987 3110; x_wconf 87' lang='grc'>18.</span> <span class='ocrx_word' id='word_1_690' title='bbox 2033 3054 2144 3126; x_wconf 72' lang='grc'><strong>(49)</strong></span> <span class='ocrx_word' id='word_1_691' title='bbox 2176 3054 2426 3112; x_wconf 84' lang='lat' dir='ltr'><strong>Accessit</strong></span> <span class='ocrx_word' id='word_1_692' title='bbox 2471 3056 2766 3127; x_wconf 81' lang='lat' dir='ltr'><strong>aliquando</strong></span> <span class='ocrx_word' id='word_1_693' title='bbox 2797 3056 2985 3112; x_wconf 69' lang='lat' dir='ltr'><strong>saeculi</strong></span> <span class='ocrx_word' id='word_1_694' title='bbox 3025 3056 3109 3112; x_wconf 86' lang='lat' dir='ltr'><strong>vir</strong></span> <span class='ocrx_word' id='word_1_695' title='bbox 3141 3072 3266 3112; x_wconf 91' lang='lat' dir='ltr'><strong>cum</strong></span> <span class='ocrx_word' id='word_1_696' title='bbox 3302 3056 3414 3113; x_wconf 86' lang='lat' dir='ltr'><strong>lilio</strong></span> 
     </span>
    </p>
   </div>
   <div class='ocr_carea' id='block_1_91' title="bbox 1832 3145 3416 3213">
    <p class='ocr_par' dir='ltr' id='par_1_91' title="bbox 1832 3145 3416 3213">
     <span class='ocr_line' id='line_1_91' title="bbox 1832 3145 3416 3213; baseline 0.001 -11"><span class='ocrx_word' id='word_1_697' title='bbox 1832 3160 1933 3202; x_wconf 92' lang='lat' dir='ltr'><strong>suo</strong></span> <span class='ocrx_word' id='word_1_698' title='bbox 1959 3145 2028 3201; x_wconf 90' lang='lat' dir='ltr'><strong>ad</strong></span> <span class='ocrx_word' id='word_1_699' title='bbox 2058 3147 2312 3203; x_wconf 89' lang='lat' dir='ltr'><strong>abbatem</strong></span> <span class='ocrx_word' id='word_1_700' title='bbox 2341 3147 2579 3213; x_wconf 85' lang='lat' dir='ltr'><strong>Sisoem,</strong></span> <span class='ocrx_word' id='word_1_701' title='bbox 2618 3149 2674 3204; x_wconf 89' lang='lat' dir='ltr'><strong>in</strong></span> <span class='ocrx_word' id='word_1_702' title='bbox 2714 3156 2960 3203; x_wconf 90' lang='lat' dir='ltr'><strong>montem</strong></span> <span class='ocrx_word' id='word_1_703' title='bbox 3003 3149 3220 3205; x_wconf 88' lang='lat' dir='ltr'><strong>abbatis</strong></span> <span class='ocrx_word' id='word_1_704' title='bbox 3248 3150 3416 3204; x_wconf 81' lang='lat' dir='ltr'><strong>Anto-</strong></span> 
     </span>
    </p>
   </div>
   <div class='ocr_carea' id='block_1_92' title="bbox 1834 3237 3415 3310">
    <p class='ocr_par' dir='ltr' id='par_1_92' title="bbox 1834 3237 3415 3310">
     <span class='ocr_line' id='line_1_92' title="bbox 1834 3237 3415 3310; baseline 0.003 -19"><span class='ocrx_word' id='word_1_705' title='bbox 1834 3237 1945 3304; x_wconf 90' lang='lat' dir='ltr'><strong>nii;</strong></span> <span class='ocrx_word' id='word_1_706' title='bbox 1974 3245 2139 3308; x_wconf 90' lang='lat' dir='ltr'><strong>atque</strong></span> <span class='ocrx_word' id='word_1_707' title='bbox 2169 3238 2224 3293; x_wconf 89' lang='lat' dir='ltr'><strong>in</strong></span> <span class='ocrx_word' id='word_1_708' title='bbox 2251 3238 2340 3293; x_wconf 89' lang='lat' dir='ltr'><strong>via</strong></span> <span class='ocrx_word' id='word_1_709' title='bbox 2363 3238 2595 3310; x_wconf 89' lang='lat' dir='ltr'><strong>contigit</strong></span> <span class='ocrx_word' id='word_1_710' title='bbox 2620 3240 2761 3296; x_wconf 83' lang='lat' dir='ltr'><strong>mori</strong></span> <span class='ocrx_word' id='word_1_711' title='bbox 2792 3239 3003 3305; x_wconf 84' lang='lat' dir='ltr'><strong>ﬁlium;</strong></span> <span class='ocrx_word' id='word_1_712' title='bbox 3033 3254 3135 3295; x_wconf 88' lang='lat' dir='ltr'><strong>nec</strong></span> <span class='ocrx_word' id='word_1_713' title='bbox 3162 3241 3415 3296; x_wconf 84' lang='lat' dir='ltr'><strong>turbatus</strong></span> 
     </span>
    </p>
   </div>
   <div class='ocr_carea' id='block_1_93' title="bbox 1833 3328 3415 3403">
    <p class='ocr_par' dir='ltr' id='par_1_93' title="bbox 1833 3328 3415 3403">
     <span class='ocr_line' id='line_1_93' title="bbox 1833 3328 3415 3403; baseline 0.004 -20"><span class='ocrx_word' id='word_1_714' title='bbox 1833 3336 1919 3383; x_wconf 92' lang='lat' dir='ltr'><strong>est</strong></span> <span class='ocrx_word' id='word_1_715' title='bbox 1951 3328 2262 3399; x_wconf 52' lang='lat' dir='ltr'><strong>pater,,sed</strong></span> <span class='ocrx_word' id='word_1_716' title='bbox 2296 3329 2420 3386; x_wconf 83' lang='lat' dir='ltr'><strong>ﬁdei</strong></span> <span class='ocrx_word' id='word_1_717' title='bbox 2447 3331 2642 3401; x_wconf 86' lang='lat' dir='ltr'><strong>plenus</strong></span> <span class='ocrx_word' id='word_1_718' title='bbox 2670 3331 2913 3403; x_wconf 88' lang='lat' dir='ltr'><strong>portavit</strong></span> <span class='ocrx_word' id='word_1_719' title='bbox 2939 3346 3065 3387; x_wconf 89' lang='lat' dir='ltr'><strong>eum</strong></span> <span class='ocrx_word' id='word_1_720' title='bbox 3099 3331 3171 3387; x_wconf 89' lang='lat' dir='ltr'><strong>ad</strong></span> <span class='ocrx_word' id='word_1_721' title='bbox 3200 3347 3415 3389; x_wconf 88' lang='lat' dir='ltr'><strong>senem.</strong></span> 
     </span>
    </p>
   </div>
   <div class='ocr_carea' id='block_1_94' title="bbox 1835 3418 3418 3496">
    <p class='ocr_par' dir='ltr' id='par_1_94' title="bbox 1835 3418 3418 3496">
     <span class='ocr_line' id='line_1_94' title="bbox 1835 3418 3418 3496; baseline 0.004 -23"><span class='ocrx_word' id='word_1_722' title='bbox 1835 3418 2054 3476; x_wconf 81' lang='lat' dir='ltr'><strong>Etcum</strong></span> <span class='ocrx_word' id='word_1_723' title='bbox 2105 3422 2217 3480; x_wconf 84' lang='lat' dir='ltr'><strong>lilio</strong></span> <span class='ocrx_word' id='word_1_724' title='bbox 2254 3424 2556 3494; x_wconf 87' lang='lat' dir='ltr'><strong>prostravit</strong></span> <span class='ocrx_word' id='word_1_725' title='bbox 2604 3440 2686 3491; x_wconf 89' lang='lat' dir='ltr'><strong>se,</strong></span> <span class='ocrx_word' id='word_1_726' title='bbox 2731 3424 2894 3496; x_wconf 89' lang='lat' dir='ltr'><strong>quasi</strong></span> <span class='ocrx_word' id='word_1_727' title='bbox 2931 3423 3217 3481; x_wconf 87' lang='lat' dir='ltr'><strong>humiliter</strong></span> <span class='ocrx_word' id='word_1_728' title='bbox 3264 3425 3418 3482; x_wconf 86' lang='lat' dir='ltr'><strong>salu-</strong></span> 
     </span>
    </p>
   </div>
   <div class='ocr_carea' id='block_1_95' title="bbox 1835 3513 3419 3585">
    <p class='ocr_par' dir='ltr' id='par_1_95' title="bbox 1835 3513 3419 3585">
     <span class='ocr_line' id='line_1_95' title="bbox 1835 3513 3419 3585; baseline 0.004 -19"><span class='ocrx_word' id='word_1_729' title='bbox 1835 3519 1984 3579; x_wconf 86' lang='lat' dir='ltr'><strong>tans,</strong></span> <span class='ocrx_word' id='word_1_730' title='bbox 2013 3513 2079 3569; x_wconf 87' lang='lat' dir='ltr'><strong>ad</strong></span> <span class='ocrx_word' id='word_1_731' title='bbox 2108 3514 2486 3585; x_wconf 87' lang='lat' dir='ltr'><strong>accipiendam</strong></span> <span class='ocrx_word' id='word_1_732' title='bbox 2511 3530 2541 3569; x_wconf 89' lang='lat' dir='ltr'><strong>a</strong></span> <span class='ocrx_word' id='word_1_733' title='bbox 2568 3531 2702 3571; x_wconf 88' lang='lat' dir='ltr'><strong>sene</strong></span> <span class='ocrx_word' id='word_1_734' title='bbox 2722 3514 3183 3572; x_wconf 89' lang='lat' dir='ltr'><strong>benedictionem.</strong></span> <span class='ocrx_word' id='word_1_735' title='bbox 3210 3514 3419 3572; x_wconf 83' lang='lat' dir='ltr'><strong>Deinde</strong></span> 
     </span>
    </p>
   </div>
   <div class='ocr_carea' id='block_1_96' title="bbox 1835 3604 3421 3678">
    <p class='ocr_par' dir='ltr' id='par_1_96' title="bbox 1835 3604 3421 3678">
     <span class='ocr_line' id='line_1_96' title="bbox 1835 3604 3421 3678; baseline 0.002 -17"><span class='ocrx_word' id='word_1_736' title='bbox 1835 3619 2087 3676; x_wconf 86' lang='lat' dir='ltr'><strong>surgens,</strong></span> <span class='ocrx_word' id='word_1_737' title='bbox 2116 3604 2339 3675; x_wconf 84' lang='lat' dir='ltr'><strong>reliquit</strong></span> <span class='ocrx_word' id='word_1_738' title='bbox 2367 3621 2597 3677; x_wconf 89' lang='lat' dir='ltr'><strong>puerum</strong></span> <span class='ocrx_word' id='word_1_739' title='bbox 2625 3605 2694 3660; x_wconf 89' lang='lat' dir='ltr'><strong>ad</strong></span> <span class='ocrx_word' id='word_1_740' title='bbox 2732 3606 2898 3675; x_wconf 88' lang='lat' dir='ltr'><strong>pedes</strong></span> <span class='ocrx_word' id='word_1_741' title='bbox 2937 3606 3110 3670; x_wconf 84' lang='lat' dir='ltr'><strong>senis,</strong></span> <span class='ocrx_word' id='word_1_742' title='bbox 3140 3620 3204 3661; x_wconf 88' lang='lat' dir='ltr'><strong>ac</strong></span> <span class='ocrx_word' id='word_1_743' title='bbox 3234 3621 3421 3678; x_wconf 83' lang='lat' dir='ltr'><strong>egres-</strong></span> 
     </span>
    </p>
   </div>
   <div class='ocr_carea' id='block_1_97' title="bbox 1837 3698 3417 3770">
    <p class='ocr_par' dir='ltr' id='par_1_97' title="bbox 1837 3698 3417 3770">
     <span class='ocr_line' id='line_1_97' title="bbox 1837 3698 3417 3770; baseline 0.001 -16"><span class='ocrx_word' id='word_1_744' title='bbox 1837 3714 1933 3754; x_wconf 90' lang='lat' dir='ltr'><strong>sus</strong></span> <span class='ocrx_word' id='word_1_745' title='bbox 1960 3707 2062 3754; x_wconf 86' lang='lat' dir='ltr'><strong>est.</strong></span> <span class='ocrx_word' id='word_1_746' title='bbox 2088 3698 2159 3752; x_wconf 85' lang='lat' dir='ltr'><strong>At</strong></span> <span class='ocrx_word' id='word_1_747' title='bbox 2184 3712 2374 3764; x_wconf 82' lang='lat' dir='ltr'><strong>senex,</strong></span> <span class='ocrx_word' id='word_1_748' title='bbox 2403 3699 2500 3770; x_wconf 90' lang='lat' dir='ltr'><strong>qui</strong></span> <span class='ocrx_word' id='word_1_749' title='bbox 2535 3698 2887 3754; x_wconf 80' lang='lat' dir='ltr'><strong>existimabat</strong></span> <span class='ocrx_word' id='word_1_750' title='bbox 2919 3698 3068 3769; x_wconf 92' lang='lat' dir='ltr'><strong>quod</strong></span> <span class='ocrx_word' id='word_1_751' title='bbox 3100 3698 3168 3754; x_wconf 89' lang='lat' dir='ltr'><strong>ad</strong></span> <span class='ocrx_word' id='word_1_752' title='bbox 3205 3701 3417 3756; x_wconf 49' lang='lat' dir='ltr'><strong>saluta.</strong></span> 
     </span>
    </p>
   </div>
   <div class='ocr_carea' id='block_1_98' title="bbox 1836 3786 3419 3860">
    <p class='ocr_par' dir='ltr' id='par_1_98' title="bbox 1836 3786 3419 3860">
     <span class='ocr_line' id='line_1_98' title="bbox 1836 3786 3419 3860; baseline 0.002 -18"><span class='ocrx_word' id='word_1_753' title='bbox 1836 3789 2041 3843; x_wconf 88' lang='lat' dir='ltr'><strong>tionem</strong></span> <span class='ocrx_word' id='word_1_754' title='bbox 2075 3794 2452 3859; x_wconf 84' lang='lat' dir='ltr'><strong>prosterneret</strong></span> <span class='ocrx_word' id='word_1_755' title='bbox 2484 3804 2565 3854; x_wconf 87' lang='lat' dir='ltr'><strong>se,</strong></span> <span class='ocrx_word' id='word_1_756' title='bbox 2597 3788 2671 3842; x_wconf 89' lang='lat' dir='ltr'><strong>ait</strong></span> <span class='ocrx_word' id='word_1_757' title='bbox 2700 3788 2778 3843; x_wconf 90' lang='lat' dir='ltr'><strong>illi</strong></span> <span class='ocrx_word' id='word_1_758' title='bbox 2813 3786 3050 3860; x_wconf 85' lang='lat' dir='ltr'><strong>:Surge.</strong></span> <span class='ocrx_word' id='word_1_759' title='bbox 3094 3788 3180 3843; x_wconf 87' lang='lat' dir='ltr'><strong>exi</strong></span> <span class='ocrx_word' id='word_1_760' title='bbox 3206 3804 3274 3843; x_wconf 88' lang='lat' dir='ltr'><strong>ex</strong></span> <span class='ocrx_word' id='word_1_761' title='bbox 3312 3789 3419 3845; x_wconf 88' lang='lat' dir='ltr'><strong>hoc</strong></span> 
     </span>
    </p>
   </div>
   <div class='ocr_carea' id='block_1_99' title="bbox 1838 3878 3415 3945">
    <p class='ocr_par' dir='ltr' id='par_1_99' title="bbox 1838 3878 3415 3945">
     <span class='ocr_line' id='line_1_99' title="bbox 1838 3878 3415 3945; baseline 0.001 -11"><span class='ocrx_word' id='word_1_762' title='bbox 1838 3880 1999 3945; x_wconf 88' lang='lat' dir='ltr'><strong>loco;</strong></span> <span class='ocrx_word' id='word_1_763' title='bbox 2030 3878 2314 3936; x_wconf 89' lang='lat' dir='ltr'><strong>nesciebat</strong></span> <span class='ocrx_word' id='word_1_764' title='bbox 2336 3880 2483 3936; x_wconf 91' lang='lat' dir='ltr'><strong>enim</strong></span> <span class='ocrx_word' id='word_1_765' title='bbox 2516 3892 2796 3936; x_wconf 85' lang='lat' dir='ltr'><strong>mortuum</strong></span> <span class='ocrx_word' id='word_1_766' title='bbox 2839 3897 2984 3938; x_wconf 89' lang='lat' dir='ltr'><strong>csse.</strong></span> <span class='ocrx_word' id='word_1_767' title='bbox 3026 3880 3094 3935; x_wconf 87' lang='lat' dir='ltr'><strong>Et</strong></span> <span class='ocrx_word' id='word_1_768' title='bbox 3120 3879 3415 3936; x_wconf 80' lang='lat' dir='ltr'><strong>confestim</strong></span> 
     </span>
    </p>
   </div>
   <div class='ocr_carea' id='block_1_100' title="bbox 1838 3971 3419 4042">
    <p class='ocr_par' dir='ltr' id='par_1_100' title="bbox 1838 3971 3419 4042">
     <span class='ocr_line' id='line_1_100' title="bbox 1838 3971 3419 4042; baseline -0.001 -16"><span class='ocrx_word' id='word_1_769' title='bbox 1838 3971 2099 4034; x_wconf 80' lang='lat' dir='ltr'><strong>surrexit,</strong></span> <span class='ocrx_word' id='word_1_770' title='bbox 2152 3978 2319 4042; x_wconf 88' lang='lat' dir='ltr'><strong>atque</strong></span> <span class='ocrx_word' id='word_1_771' title='bbox 2342 3971 2500 4028; x_wconf 89' lang='lat' dir='ltr'><strong>abiit.</strong></span> <span class='ocrx_word' id='word_1_772' title='bbox 2538 3972 2711 4038; x_wconf 90' lang='lat' dir='ltr'><strong>Quem</strong></span> <span class='ocrx_word' id='word_1_773' title='bbox 2744 3986 2980 4028; x_wconf 89' lang='lat' dir='ltr'><strong>cernens</strong></span> <span class='ocrx_word' id='word_1_774' title='bbox 3011 3979 3185 4042; x_wconf 87' lang='lat' dir='ltr'><strong>pater,</strong></span> <span class='ocrx_word' id='word_1_775' title='bbox 3222 3971 3419 4027; x_wconf 89' lang='lat' dir='ltr'><strong>obstu-</strong></span> 
     </span>
    </p>
   </div>
   <div class='ocr_carea' id='block_1_101' title="bbox 1837 4062 3422 4133">
    <p class='ocr_par' dir='ltr' id='par_1_101' title="bbox 1837 4062 3422 4133">
     <span class='ocr_line' id='line_1_101' title="bbox 1837 4062 3422 4133; baseline 0.002 -18"><span class='ocrx_word' id='word_1_776' title='bbox 1837 4062 1956 4132; x_wconf 88' lang='lat' dir='ltr'><strong>puit</strong></span> <span class='ocrx_word' id='word_1_777' title='bbox 1986 4081 2000 4117; x_wconf 89' lang='lat'><strong>:</strong></span> <span class='ocrx_word' id='word_1_778' title='bbox 2032 4062 2263 4133; x_wconf 88' lang='lat' dir='ltr'><strong>proinde</strong></span> <span class='ocrx_word' id='word_1_779' title='bbox 2302 4063 2541 4126; x_wconf 87' lang='lat' dir='ltr'><strong>intrans,</strong></span> <span class='ocrx_word' id='word_1_780' title='bbox 2587 4078 2713 4117; x_wconf 90' lang='lat' dir='ltr'><strong>cum</strong></span> <span class='ocrx_word' id='word_1_781' title='bbox 2761 4063 3115 4118; x_wconf 86' lang='lat' dir='ltr'><strong>veneratione</strong></span> <span class='ocrx_word' id='word_1_782' title='bbox 3157 4062 3422 4119; x_wconf 84' lang='lat' dir='ltr'><strong>salutavit</strong></span> 
     </span>
    </p>
   </div>
   <div class='ocr_carea' id='block_1_102' title="bbox 1838 4152 3419 4225">
    <p class='ocr_par' dir='ltr' id='par_1_102' title="bbox 1838 4152 3419 4225">
     <span class='ocr_line' id='line_1_102' title="bbox 1838 4152 3419 4225; baseline -0.001 -14"><span class='ocrx_word' id='word_1_783' title='bbox 1838 4168 2048 4219; x_wconf 88' lang='lat' dir='ltr'><strong>senem,</strong></span> <span class='ocrx_word' id='word_1_784' title='bbox 2080 4168 2305 4225; x_wconf 90' lang='lat' dir='ltr'><strong>remque</strong></span> <span class='ocrx_word' id='word_1_785' title='bbox 2347 4154 2400 4210; x_wconf 89' lang='lat' dir='ltr'><strong>ei</strong></span> <span class='ocrx_word' id='word_1_786' title='bbox 2444 4153 2738 4210; x_wconf 82' lang='lat' dir='ltr'><strong>nuntiavit.</strong></span> <span class='ocrx_word' id='word_1_787' title='bbox 2775 4152 2953 4210; x_wconf 80' lang='lat' dir='ltr'><strong>Senex</strong></span> <span class='ocrx_word' id='word_1_788' title='bbox 2998 4168 3131 4211; x_wconf 90' lang='lat' dir='ltr'><strong>vero</strong></span> <span class='ocrx_word' id='word_1_789' title='bbox 3164 4153 3419 4219; x_wconf 89' lang='lat' dir='ltr'><strong>audiens,</strong></span> 
     </span>
    </p>
   </div>
   <div class='ocr_carea' id='block_1_103' title="bbox 1839 4243 3422 4314">
    <p class='ocr_par' dir='ltr' id='par_1_103' title="bbox 1839 4243 3422 4314">
     <span class='ocr_line' id='line_1_103' title="bbox 1839 4243 3422 4314; baseline -0.002 -12"><span class='ocrx_word' id='word_1_790' title='bbox 1839 4247 2065 4304; x_wconf 89' lang='lat' dir='ltr'><strong>tristitia</strong></span> <span class='ocrx_word' id='word_1_791' title='bbox 2103 4245 2334 4303; x_wconf 71' lang='lat' dir='ltr'><strong>allectus</strong></span> <span class='ocrx_word' id='word_1_792' title='bbox 2375 4254 2493 4314; x_wconf 90' lang='lat' dir='ltr'><strong>est;</strong></span> <span class='ocrx_word' id='word_1_793' title='bbox 2528 4261 2640 4303; x_wconf 89' lang='lat' dir='ltr'><strong>non</strong></span> <span class='ocrx_word' id='word_1_794' title='bbox 2686 4245 2833 4301; x_wconf 89' lang='lat' dir='ltr'><strong>enim</strong></span> <span class='ocrx_word' id='word_1_795' title='bbox 2879 4245 3148 4301; x_wconf 88' lang='lat' dir='ltr'><strong>voluisset</strong></span> <span class='ocrx_word' id='word_1_796' title='bbox 3169 4243 3223 4299; x_wconf 87' lang='lat' dir='ltr'><strong>id</strong></span> <span class='ocrx_word' id='word_1_797' title='bbox 3269 4246 3422 4301; x_wconf 83' lang='lat' dir='ltr'><strong>acci-</strong></span> 
     </span>
    </p>
   </div>
   <div class='ocr_carea' id='block_1_104' title="bbox 1839 4332 3505 4407">
    <p class='ocr_par' dir='ltr' id='par_1_104' title="bbox 1839 4332 3505 4407">
     <span class='ocr_line' id='line_1_104' title="bbox 1839 4332 3505 4407; baseline 0.001 -15"><span class='ocrx_word' id='word_1_798' title='bbox 1839 4336 2006 4393; x_wconf 86' lang='lat' dir='ltr'><strong>disse.</strong></span> <span class='ocrx_word' id='word_1_799' title='bbox 2040 4335 2393 4392; x_wconf 88' lang='lat' dir='ltr'><strong>Denuntiavit</strong></span> <span class='ocrx_word' id='word_1_800' title='bbox 2431 4344 2617 4391; x_wconf 89' lang='lat' dir='ltr'><strong>autem</strong></span> <span class='ocrx_word' id='word_1_801' title='bbox 2648 4335 2856 4391; x_wconf 85' lang='lat' dir='ltr'><strong>homini</strong></span> <span class='ocrx_word' id='word_1_802' title='bbox 2888 4336 3199 4407; x_wconf 84' lang='lat' dir='ltr'><strong>discipulus</strong></span> <span class='ocrx_word' id='word_1_803' title='bbox 3221 4332 3419 4401; x_wconf 86' lang='lat' dir='ltr'><strong>Sisois.</strong></span> <span class='ocrx_word' id='word_1_804' title='bbox 3495 4350 3505 4357; x_wconf 92' lang='lat'><strong>&#39;</strong></span> 
     </span>
    </p>
   </div>
   <div class='ocr_carea' id='block_1_105' title="bbox 1840 4428 3201 4500">
    <p class='ocr_par' dir='ltr' id='par_1_105' title="bbox 1840 4428 3201 4500">
     <span class='ocr_line' id='line_1_105' title="bbox 1840 4428 3201 4500; baseline 0.001 -17"><span class='ocrx_word' id='word_1_805' title='bbox 1840 4444 1909 4484; x_wconf 90' lang='lat' dir='ltr'><strong>ne</strong></span> <span class='ocrx_word' id='word_1_806' title='bbox 1931 4431 2188 4499; x_wconf 90' lang='lat' dir='ltr'><strong>cuiquam</strong></span> <span class='ocrx_word' id='word_1_807' title='bbox 2215 4429 2444 4495; x_wconf 88' lang='lat' dir='ltr'><strong>diceret,</strong></span> <span class='ocrx_word' id='word_1_808' title='bbox 2468 4445 2645 4500; x_wconf 87' lang='lat' dir='ltr'><strong>usque</strong></span> <span class='ocrx_word' id='word_1_809' title='bbox 2669 4428 2740 4485; x_wconf 90' lang='lat' dir='ltr'><strong>ad</strong></span> <span class='ocrx_word' id='word_1_810' title='bbox 2763 4436 2995 4485; x_wconf 89' lang='lat' dir='ltr'><strong>mortem</strong></span> <span class='ocrx_word' id='word_1_811' title='bbox 3028 4428 3201 4485; x_wconf 90' lang='lat' dir='ltr'><strong>senis.</strong></span> 
     </span>
    </p>
   </div>
   <div class='ocr_carea' id='block_1_106' title="bbox 1910 4519 3417 4588">
    <p class='ocr_par' dir='ltr' id='par_1_106' title="bbox 1910 4519 3417 4588">
     <span class='ocr_line' id='line_1_106' title="bbox 1910 4519 3417 4588; baseline 0.001 -14"><span class='ocrx_word' id='word_1_812' title='bbox 1910 4519 1998 4575; x_wconf 86' lang='grc'><strong>19.</strong></span> <span class='ocrx_word' id='word_1_813' title='bbox 2037 4519 2173 4578; x_wconf 91' lang='lat' dir='ltr'><strong>Tres</strong></span> <span class='ocrx_word' id='word_1_814' title='bbox 2200 4537 2365 4580; x_wconf 87' lang='lat' dir='ltr'><strong>senes</strong></span> <span class='ocrx_word' id='word_1_815' title='bbox 2392 4522 2649 4579; x_wconf 88' lang='lat' dir='ltr'><strong>adierunt</strong></span> <span class='ocrx_word' id='word_1_816' title='bbox 2667 4522 2918 4578; x_wconf 90' lang='lat' dir='ltr'><strong>abbatem</strong></span> <span class='ocrx_word' id='word_1_817' title='bbox 2947 4520 3184 4588; x_wconf 89' lang='lat' dir='ltr'><strong>Sisoem,</strong></span> <span class='ocrx_word' id='word_1_818' title='bbox 3213 4521 3417 4577; x_wconf 87' lang='lat' dir='ltr'><strong>auditis</strong></span> 
     </span>
    </p>
   </div>
   <div class='ocr_carea' id='block_1_107' title="bbox 1838 4608 3415 4682">
    <p class='ocr_par' dir='ltr' id='par_1_107' title="bbox 1838 4608 3415 4682">
     <span class='ocr_line' id='line_1_107' title="bbox 1838 4608 3415 4682; baseline 0.001 -19"><span class='ocrx_word' id='word_1_819' title='bbox 1838 4624 1960 4679; x_wconf 69' lang='lat' dir='ltr'><strong>qua:</strong></span> <span class='ocrx_word' id='word_1_820' title='bbox 1997 4609 2067 4664; x_wconf 88' lang='lat' dir='ltr'><strong>ad</strong></span> <span class='ocrx_word' id='word_1_821' title='bbox 2097 4626 2222 4666; x_wconf 87' lang='lat' dir='ltr'><strong>eum</strong></span> <span class='ocrx_word' id='word_1_822' title='bbox 2254 4612 2620 4682; x_wconf 87' lang='lat' dir='ltr'><strong>pertinebant.</strong></span> <span class='ocrx_word' id='word_1_823' title='bbox 2659 4611 2725 4665; x_wconf 86' lang='lat' dir='ltr'><strong>Et</strong></span> <span class='ocrx_word' id='word_1_824' title='bbox 2752 4611 2829 4666; x_wconf 91' lang='lat' dir='ltr'><strong>ait</strong></span> <span class='ocrx_word' id='word_1_825' title='bbox 2856 4612 2933 4666; x_wconf 91' lang='lat' dir='ltr'><strong>illi</strong></span> <span class='ocrx_word' id='word_1_826' title='bbox 2961 4611 3208 4682; x_wconf 90' lang='lat' dir='ltr'><strong>primus:</strong></span> <span class='ocrx_word' id='word_1_827' title='bbox 3234 4608 3415 4676; x_wconf 86' lang='lat' dir='ltr'><strong>Pater,</strong></span> 
     </span>
    </p>
   </div>
   <div class='ocr_carea' id='block_1_108' title="bbox 1836 4700 3421 4775">
    <p class='ocr_par' dir='ltr' id='par_1_108' title="bbox 1836 4700 3421 4775">
     <span class='ocr_line' id='line_1_108' title="bbox 1836 4700 3421 4775; baseline 0.003 -20"><span class='ocrx_word' id='word_1_828' title='bbox 1836 4714 1947 4769; x_wconf 91' lang='lat' dir='ltr'><strong>quo</strong></span> <span class='ocrx_word' id='word_1_829' title='bbox 1992 4700 2154 4757; x_wconf 89' lang='lat' dir='ltr'><strong>modo</strong></span> <span class='ocrx_word' id='word_1_830' title='bbox 2206 4716 2433 4773; x_wconf 90' lang='lat' dir='ltr'><strong>possum</strong></span> <span class='ocrx_word' id='word_1_831' title='bbox 2481 4704 2715 4760; x_wconf 86' lang='lat' dir='ltr'><strong>evadere</strong></span> <span class='ocrx_word' id='word_1_832' title='bbox 2764 4704 2982 4775; x_wconf 90' lang='lat' dir='ltr'><strong>igneum</strong></span> <span class='ocrx_word' id='word_1_833' title='bbox 3033 4702 3278 4760; x_wconf 82' lang='lat' dir='ltr'><strong>ﬂumen?</strong></span> <span class='ocrx_word' id='word_1_834' title='bbox 3324 4703 3421 4760; x_wconf 86' lang='lat' dir='ltr'><strong>Ille</strong></span> 
     </span>
    </p>
   </div>
   <div class='ocr_carea' id='block_1_109' title="bbox 1835 4794 3417 4864">
    <p class='ocr_par' dir='ltr' id='par_1_109' title="bbox 1835 4794 3417 4864">
     <span class='ocr_line' id='line_1_109' title="bbox 1835 4794 3417 4864; baseline 0.002 -18"><span class='ocrx_word' id='word_1_835' title='bbox 1835 4806 1967 4847; x_wconf 91' lang='lat' dir='ltr'><strong>vero</strong></span> <span class='ocrx_word' id='word_1_836' title='bbox 2015 4808 2125 4848; x_wconf 92' lang='lat' dir='ltr'><strong>non</strong></span> <span class='ocrx_word' id='word_1_837' title='bbox 2190 4794 2494 4864; x_wconf 85' lang='lat' dir='ltr'><strong>respondit.</strong></span> <span class='ocrx_word' id='word_1_838' title='bbox 2557 4794 2698 4851; x_wconf 87' lang='lat' dir='ltr'><strong>Dicit</strong></span> <span class='ocrx_word' id='word_1_839' title='bbox 2744 4796 2797 4851; x_wconf 82' lang='lat' dir='ltr'><strong>ei</strong></span> <span class='ocrx_word' id='word_1_840' title='bbox 2842 4796 3120 4853; x_wconf 90' lang='lat' dir='ltr'><strong>secundus</strong></span> <span class='ocrx_word' id='word_1_841' title='bbox 3172 4813 3186 4850; x_wconf 91' lang='lat'><strong>:</strong></span> <span class='ocrx_word' id='word_1_842' title='bbox 3236 4795 3417 4859; x_wconf 87' lang='lat' dir='ltr'><strong>Pater.</strong></span> 
     </span>
    </p>
   </div>
   <div class='ocr_carea' id='block_1_110' title="bbox 1834 4883 3421 4958">
    <p class='ocr_par' dir='ltr' id='par_1_110' title="bbox 1834 4883 3421 4958">
     <span class='ocr_line' id='line_1_110' title="bbox 1834 4883 3421 4958; baseline 0.003 -22"><span class='ocrx_word' id='word_1_843' title='bbox 1834 4898 1943 4953; x_wconf 89' lang='lat' dir='ltr'><strong>qua</strong></span> <span class='ocrx_word' id='word_1_844' title='bbox 1986 4885 2196 4940; x_wconf 89' lang='lat' dir='ltr'><strong>ratione</strong></span> <span class='ocrx_word' id='word_1_845' title='bbox 2229 4883 2469 4957; x_wconf 81' lang='lat' dir='ltr'><strong>ellugere</strong></span> <span class='ocrx_word' id='word_1_846' title='bbox 2511 4894 2706 4958; x_wconf 89' lang='lat' dir='ltr'><strong>potero</strong></span> <span class='ocrx_word' id='word_1_847' title='bbox 2752 4887 3043 4945; x_wconf 90' lang='lat' dir='ltr'><strong>stridorem</strong></span> <span class='ocrx_word' id='word_1_848' title='bbox 3084 4888 3327 4943; x_wconf 90' lang='lat' dir='ltr'><strong>dentium</strong></span> <span class='ocrx_word' id='word_1_849' title='bbox 3366 4896 3421 4943; x_wconf 91' lang='lat' dir='ltr'><strong>et</strong></span> 
     </span>
    </p>
   </div>
   <div class='ocr_carea' id='block_1_111' title="bbox 1835 4976 3417 5049">
    <p class='ocr_par' dir='ltr' id='par_1_111' title="bbox 1835 4976 3417 5049">
     <span class='ocr_line' id='line_1_111' title="bbox 1835 4976 3417 5049; baseline -0.001 -19"><span class='ocrx_word' id='word_1_850' title='bbox 1835 4991 2076 5031; x_wconf 88' lang='lat' dir='ltr'><strong>vcrmem</strong></span> <span class='ocrx_word' id='word_1_851' title='bbox 2110 4978 2203 5047; x_wconf 92' lang='lat' dir='ltr'><strong>qui</strong></span> <span class='ocrx_word' id='word_1_852' title='bbox 2250 4993 2529 5048; x_wconf 88' lang='lat' dir='ltr'><strong>nunquam</strong></span> <span class='ocrx_word' id='word_1_853' title='bbox 2574 4978 2810 5034; x_wconf 86' lang='lat' dir='ltr'><strong>dormit?</strong></span> <span class='ocrx_word' id='word_1_854' title='bbox 2840 4976 3056 5034; x_wconf 87' lang='lat' dir='ltr'><strong>Tertius</strong></span> <span class='ocrx_word' id='word_1_855' title='bbox 3097 4976 3301 5049; x_wconf 89' lang='lat' dir='ltr'><strong>pariter</strong></span> <span class='ocrx_word' id='word_1_856' title='bbox 3332 4976 3417 5029; x_wconf 87' lang='lat' dir='ltr'><strong>in-</strong></span> 
     </span>
    </p>
   </div>
   <div class='ocr_carea' id='block_1_112' title="bbox 1840 5067 3418 5140">
    <p class='ocr_par' dir='ltr' id='par_1_112' title="bbox 1840 5067 3418 5140">
     <span class='ocr_line' id='line_1_112' title="bbox 1840 5067 3418 5140; baseline -0.001 -20"><span class='ocrx_word' id='word_1_857' title='bbox 1840 5073 2080 5139; x_wconf 87' lang='lat' dir='ltr'><strong>terrogat</strong></span> <span class='ocrx_word' id='word_1_858' title='bbox 2108 5086 2122 5122; x_wconf 85' lang='lat'><strong>:</strong></span> <span class='ocrx_word' id='word_1_859' title='bbox 2147 5067 2328 5137; x_wconf 86' lang='lat' dir='ltr'><strong>Pater,</strong></span> <span class='ocrx_word' id='word_1_860' title='bbox 2353 5069 2485 5140; x_wconf 87' lang='lat' dir='ltr'><strong>quid</strong></span> <span class='ocrx_word' id='word_1_861' title='bbox 2519 5067 2759 5125; x_wconf 81' lang='lat' dir='ltr'><strong>faciant?</strong></span> <span class='ocrx_word' id='word_1_862' title='bbox 2789 5069 3053 5125; x_wconf 89' lang='lat' dir='ltr'><strong>memoria</strong></span> <span class='ocrx_word' id='word_1_863' title='bbox 3085 5067 3418 5124; x_wconf 77' lang='lat' dir='ltr'><strong>exteriorum</strong></span> 
     </span>
    </p>
   </div>
   <div class='ocr_carea' id='block_1_113' title="bbox 1840 5146 3418 5233">
    <p class='ocr_par' dir='ltr' id='par_1_113' title="bbox 1840 5146 3418 5233">
     <span class='ocr_line' id='line_1_113' title="bbox 1840 5146 3418 5233; baseline 0.001 -18"><span class='ocrx_word' id='word_1_864' title='bbox 1840 5161 2188 5216; x_wconf 86' lang='lat' dir='ltr'><strong>tenebrarum</strong></span> <span class='ocrx_word' id='word_1_865' title='bbox 2237 5173 2430 5218; x_wconf 86' lang='lat' dir='ltr'><strong>enecat</strong></span> <span class='ocrx_word' id='word_1_866' title='bbox 2476 5177 2582 5218; x_wconf 88' lang='lat' dir='ltr'><strong>me.</strong></span> <span class='ocrx_word' id='word_1_867' title='bbox 2623 5160 2984 5233; x_wconf 86' lang='lat' dir='ltr'><strong>Respondens</strong></span> <span class='ocrx_word' id='word_1_868' title='bbox 3031 5146 3209 5217; x_wconf 77' lang='lat' dir='ltr'><strong>autem</strong></span> <span class='ocrx_word' id='word_1_869' title='bbox 3251 5176 3418 5217; x_wconf 85' lang='lat' dir='ltr'><strong>senex</strong></span> 
     </span>
    </p>
   </div>
   <div class='ocr_carea' id='block_1_114' title="bbox 1840 5252 3423 5326">
    <p class='ocr_par' dir='ltr' id='par_1_114' title="bbox 1840 5252 3423 5326">
     <span class='ocr_line' id='line_1_114' title="bbox 1840 5252 3423 5326; baseline 0.001 -19"><span class='ocrx_word' id='word_1_870' title='bbox 1840 5252 1977 5307; x_wconf 80' lang='lat' dir='ltr'><strong>dixit</strong></span> <span class='ocrx_word' id='word_1_871' title='bbox 2004 5255 2086 5309; x_wconf 87' lang='lat' dir='ltr'><strong>eis</strong></span> <span class='ocrx_word' id='word_1_872' title='bbox 2118 5273 2130 5309; x_wconf 91' lang='lat'>:</span> <span class='ocrx_word' id='word_1_873' title='bbox 2166 5253 2277 5326; x_wconf 81' lang='lat' dir='ltr'><strong>Ego</strong></span> <span class='ocrx_word' id='word_1_874' title='bbox 2306 5256 2501 5310; x_wconf 90' lang='lat' dir='ltr'><strong>horum</strong></span> <span class='ocrx_word' id='word_1_875' title='bbox 2533 5254 2740 5309; x_wconf 88' lang='lat' dir='ltr'><strong>nullius</strong></span> <span class='ocrx_word' id='word_1_876' title='bbox 2773 5253 3056 5310; x_wconf 86' lang='lat' dir='ltr'><strong>recordor.</strong></span> <span class='ocrx_word' id='word_1_877' title='bbox 3091 5253 3229 5308; x_wconf 74' lang='lat' dir='ltr'><strong>Cum</strong></span> <span class='ocrx_word' id='word_1_878' title='bbox 3264 5254 3423 5309; x_wconf 38' lang='lat' dir='ltr'><strong>enim:</strong></span> 
     </span>
    </p>
   </div>
   <div class='ocr_carea' id='block_1_115' title="bbox 1842 5344 3422 5417">
    <p class='ocr_par' dir='ltr' id='par_1_115' title="bbox 1842 5344 3422 5417">
     <span class='ocr_line' id='line_1_115' title="bbox 1842 5344 3422 5417; baseline 0.001 -19"><span class='ocrx_word' id='word_1_879' title='bbox 1842 5344 1987 5401; x_wconf 90' lang='lat' dir='ltr'><strong>Deus</strong></span> <span class='ocrx_word' id='word_1_880' title='bbox 2028 5348 2344 5401; x_wconf 88' lang='lat' dir='ltr'><strong>misericors</strong></span> <span class='ocrx_word' id='word_1_881' title='bbox 2394 5348 2486 5410; x_wconf 89' lang='lat' dir='ltr'><strong>sit,</strong></span> <span class='ocrx_word' id='word_1_882' title='bbox 2519 5360 2681 5417; x_wconf 88' lang='lat' dir='ltr'><strong>spero</strong></span> <span class='ocrx_word' id='word_1_883' title='bbox 2708 5346 2853 5416; x_wconf 91' lang='lat' dir='ltr'><strong>quod</strong></span> <span class='ocrx_word' id='word_1_884' title='bbox 2900 5360 3116 5402; x_wconf 89' lang='lat' dir='ltr'><strong>mecum</strong></span> <span class='ocrx_word' id='word_1_885' title='bbox 3170 5345 3422 5401; x_wconf 77' lang='lat' dir='ltr'><strong>facturus</strong></span> 
     </span>
    </p>
   </div>
   <div class='ocr_carea' id='block_1_116' title="bbox 663 5501 2350 5559">
    <p class='ocr_par' dir='ltr' id='par_1_116' title="bbox 663 5501 2350 5559">
     <span class='ocr_line' id='line_1_116' title="bbox 663 5501 2350 5559; baseline 0 -1"><span class='ocrx_word' id='word_1_886' title='bbox 663 5504 707 5536; x_wconf 66' lang='grc' dir='ltr'><strong>’τ</strong></span> <span class='ocrx_word' id='word_1_887' title='bbox 743 5504 828 5559; x_wconf 78' lang='lat' dir='ltr'><strong>Al.</strong></span> <span class='ocrx_word' id='word_1_888' title='bbox 860 5504 966 5559; x_wconf 88' lang='lat' dir='ltr'><strong>ins.</strong></span> <span class='ocrx_word' id='word_1_889' title='bbox 1009 5502 1180 5557; x_wconf 72' lang='grc' dir='ltr'>ἄλλοι.</span> <span class='ocrx_word' id='word_1_890' title='bbox 1260 5502 1302 5535; x_wconf 81' lang='grc'>¹³</span> <span class='ocrx_word' id='word_1_891' title='bbox 1326 5502 1412 5556; x_wconf 81' lang='lat' dir='ltr'><strong>Al.</strong></span> <span class='ocrx_word' id='word_1_892' title='bbox 1451 5501 1705 5557; x_wconf 84' lang='grc' dir='ltr'>πάντοτε.</span> <span class='ocrx_word' id='word_1_893' title='bbox 1787 5504 1830 5536; x_wconf 83' lang='grc'><strong>¹⁹</strong></span> <span class='ocrx_word' id='word_1_894' title='bbox 1863 5502 1948 5557; x_wconf 85' lang='lat' dir='ltr'><strong>Al.</strong></span> <span class='ocrx_word' id='word_1_895' title='bbox 1985 5502 2079 5556; x_wconf 84' lang='grc' dir='ltr'><strong>τοῦ</strong></span> <span class='ocrx_word' id='word_1_896' title='bbox 2113 5501 2350 5558; x_wconf 86' lang='grc' dir='ltr'>κελλίου.</span> 
     </span>
    </p>
   </div>
   <div class='ocr_carea' id='block_1_117' title="bbox 1912 5650 2585 5721">
    <p class='ocr_par' dir='ltr' id='par_1_117' title="bbox 1912 5650 2585 5721">
     <span class='ocr_line' id='line_1_117' title="bbox 1912 5650 2585 5721; baseline 0.003 -12"><span class='ocrx_word' id='word_1_897' title='bbox 1912 5652 2022 5720; x_wconf 69' lang='grc'><strong>(49)</strong></span> <span class='ocrx_word' id='word_1_898' title='bbox 2067 5651 2171 5709; x_wconf 73' lang='lat' dir='ltr'><strong>Vit.</strong></span> <span class='ocrx_word' id='word_1_899' title='bbox 2203 5650 2359 5712; x_wconf 78' lang='lat' dir='ltr'><strong>Patr.</strong></span> <span class='ocrx_word' id='word_1_900' title='bbox 2397 5671 2458 5721; x_wconf 87' lang='grc' dir='ltr'><strong>ιι,</strong></span> <span class='ocrx_word' id='word_1_901' title='bbox 2500 5654 2585 5711; x_wconf 78' lang='grc'><strong>15.</strong></span> 
     </span>
    </p>
   </div>
  </div>
