4020 6196
573 291 679 348 599

1678 293 1900 348 APPEN
1913 292 2020 348 DIX
2067 293 2158 348 AD
2199 289 2602 350 PALLADIUM
2615 337 2626 350 .

3741 311 3835 366 400

575 411 646 464 sit
677 403 1127 462 misericordiam.
1163 403 1238 461 Eo
1263 406 1450 460 audito
1477 421 1750 476 sermone,
1783 421 1945 463 senes
1967 407 2153 462 tristes

2257 411 2338 462 ὅτι
2383 413 2524 465 ποιεῖ
2558 412 2674 480 μετ’
2705 411 2838 481 ἐμοῦ
2867 412 3032 477 ἕλεος,
3079 414 3438 480 Ἀκούσαντες
3481 416 3537 470 δὲ
3573 421 3666 474 τὸν
3689 421 3835 492 λόγον

576 501 846 554 abierunt.
897 495 1098 552 Nolens
1149 505 1330 553 autem
1379 511 1544 554 senex
1591 499 1772 554 sinere
1825 499 1974 569 ipsos
2021 511 2146 552 cum

574 590 798 644 tristitia
817 588 1119 654 discedere,
1149 590 1348 644 reverti
1375 589 1522 656 fecit,
1549 595 1602 645 et
1625 589 1764 645 dixit
1786 609 1798 646 :
1821 590 1972 646 Beati
1993 590 2145 656 estis,

577 682 800 748 fratres;
857 690 1020 750 atque
1071 679 1230 735 vobis
1283 680 1454 736 invidi
1510 679 1830 736 felicitatem
1889 689 2144 736 vestram.

574 773 793 828 Primus
823 777 968 828 enim
997 779 1238 828 vestrum
1269 773 1486 828 locutus
1516 783 1602 830 est
1633 773 1700 830 de
1721 773 1880 844 igneo
1901 771 2145 837 ﬂutiiine,

573 868 848 924 secundus
881 867 948 922 de
995 865 1246 932 Tartaro,
1279 868 1474 924 tertius
1511 867 1580 924 de
1620 868 1882 924 tenebris.
1921 867 1978 922 Si
2017 879 2148 936 ergo

575 973 732 1015 mens
768 966 948 1014 vestra
997 959 1398 1014 recordationis
1423 953 1742 1030 huiusmodi
1783 965 1930 1014 tenet
1973 957 2150 1012 domi-

573 1050 755 1115 nium,
801 1049 917 1104 ﬁeri
966 1049 1156 1120 nequit
1185 1057 1244 1104 ut
1283 1050 1538 1119 peccetis.
1575 1048 1717 1116 Quid
1747 1063 1879 1106 vero
1921 1057 2147 1104 acturus

574 1159 696 1198 sum
725 1157 846 1214 ego,
875 1143 996 1198 duri
1029 1143 1216 1198 cordis
1237 1142 1423 1206 homo,
1452 1143 1538 1198 cui
1565 1155 1676 1198 non
1703 1151 1789 1198 est
1817 1155 2144 1197 concessum

575 1238 717 1292 scire
749 1237 894 1307 quod
929 1237 1012 1292 vel
1045 1244 1260 1290 maneat
1305 1235 1550 1293 homines
1583 1236 1918 1307 supplicium
1955 1253 1968 1289 :
1999 1232 2149 1288 unde

574 1330 804 1400 singulis
831 1330 982 1386 horis
1010 1329 1212 1400 pecco?
1243 1327 1398 1384 Tune
1425 1328 1524 1392 illi,
1552 1329 1711 1384 venia
1743 1329 1814 1383 ab
1837 1344 1905 1385 eo
1933 1325 2146 1395 ‘suppli-

571 1423 710 1477 eiter
755 1421 943 1492 petita,
995 1421 1228 1491 professi
1267 1427 1441 1476 sunt:
1484 1420 1637 1476 Sicut
1679 1419 2027 1482 audivimus,
2069 1418 2145 1470 ita

571 1515 732 1570 etiam
767 1515 1024 1568 vidimus.

639 1607 734 1660 ‘20.
773 1603 1082 1660 Percontati
1115 1609 1246 1659 sunt
1285 1603 1535 1658 nonnulli
1577 1611 1644 1658 ex
1694 1603 1892 1658 abbate
1931 1599 2090 1658 Sisoc
2129 1621 2140 1655 :

571 1696 632 1752 Si
669 1698 856 1767 lapsus
883 1695 1044 1751 fuerit
1069 1697 1255 1763 frater,
1287 1709 1468 1750 nonne
1496 1695 1656 1750 debet
1687 1695 1756 1750 ad
1785 1709 1990 1750 annum
2021 1707 2144 1764 pte-

2261 499 2452 554 τοῦτον
2475 503 2524 575 οἱ
2547 503 2798 576 γέροντες
2813 505 3049 576 ἀπῆλθον
3073 507 3242 560 λυπού
3250 525 3420 578 μενοι.
3439 511 3530 582 Μὴ
3545 511 3720 566 θέλων
3738 515 3784 568 δὲ
3801 517 3829 570 6

2257 592 2433 663 γέρων
2449 595 2606 647 ἐᾶσαι
2643 593 2842 660 αὐτοὺς
2877 597 3249 668 λυπουμένους
3280 601 3556 667 ἀπελθεῖν,
3585 606 3828 678 ὑποστρέ-

2255 683 2363 754 ψας
2393 686 2579 749 αὐτοῖς
2607 681 2764 740 εἷπε·
2816 687 3092 761 Μακάριοί
3119 691 3262 757 ἐστε,
3291 691 3542 763 ἀδελφοί·
3595 695 3826 769 ἐζήλωσα

2255 775 2364 847 γὰρ
2391 776 2553 844 ὑμᾶς.
2607 777 2664 830 Ὅ
2693 779 2911 851 πρῶτος
2941 781 3045 852 γὰρ
3075 782 3228 853 ὑμῶν
3261 781 3383 838 εἶπε
3410 787 3654 858 περὶτοῦ
3682 793 3823 861 ’πυρί⁴

2257 881 2348 919 νου
2371 867 2637 938 ποταμοῦ,
2665 869 2756 922 καὶ
2793 871 2821 924 6
2845 870 3096 943 δεύτερος
3125 875 3255 945 περὶ
3277 875 3371 928 τοῦ
3395 875 3705 950 Ταρτάρου,
3749 883 3832 935 καὶ

2253 957 2286 1009 6
2311 957 2490 1028 τρίτος
2520 959 2648 1032 περὶ
2684 961 2778 1014 τοῦ
2806 963 3050 1026 σκότους.
3109 966 3172 1018 Et
3204 962 3298 1021 οὖν
3327 970 3582 1040 τοιαύτης
3617 973 3834 1044 μνήμης

2255 1048 2497 1118 κυριεύει
2521 1051 2551 1102 6
2575 1049 2702 1113 νοῦς
2727 1051 2901 1122 ὑμῶν,
2929 1053 3192 1110 ἀδύνατον
3225 1057 3370 1128 ὑμᾶς
3403 1061 3744 1132 ἀμαρτῆσαι,
3777 1065 3836 1117 Tl

2253 1135 2312 1189 δὲ
2349 1139 2561 1210 ποιήσω
2599 1139 2710 1208 ἐγὼ
2743 1143 2774 1193 6
2803 1142 3247 1215 σκληροκάρδιος,
3283 1147 3358 1220 μὴ
3387 1152 3836 1224 συγχωρούμενος

2255 1227 2454 1282 εἰδέναι
2485 1229 2566 1284 ὅτι
2593 1232 2694 1286 κᾶν
2725 1233 2842 1286 ἐστι
2869 1234 3090 1299 κόλασις
3121 1240 3236 1300 τοῖς
3277 1239 3586 1311 ἀνθρώποις
3609 1261 3624 1275 ·
3655 1245 3748 1297 καὶ
3777 1247 3838 1299 ὲκ

2253 1319 2468 1406 τούτου,
2491 1323 2550 1374 ὲν
2583 1323 2731 1396 πάσῃ
2749 1323 2868 1396 ὥρᾳ
2898 1325 3226 1398 ἁμαρτάνω;
3259 1329 3368 1384 Καὶ
3407 1337 3836 1406 μετανοήσαντες

2259 1410 2408 1481 αὐτῷ
2427 1405 2578 1467 εἷπον
2599 1430 2610 1444 ·
2653 1415 2916 1498 Relicta-cap
2937 1419 3144 1487 ἡκούσα
3151 1439 3272 1491 μεν,
3297 1423 3472 1488 οὕτως
3487 1427 3581 1480 καὶ
3603 1405 3836 1498 εἴδομεν.

2325 1585 2396 1639 κ’.
2437 1585 2762 1657 -Ἦρὼτησάν
2791 1603 2937 1654 τινες
2963 1589 3056 1646 τὸν
3079 1593 3256 1650 ἀϐϐἇν
3295 1598 3511 1672 Σισὸην,
3553 1601 3833 1673 λέγοντες·

2268 1677 2392 1732 Ἐὰν
2425 1677 2567 1750 πέσῃ
2591 1679 2840 1750 ἀδελφὸς,
2865 1683 2926 1735 οὐ
2949 1685 3137 1754 χρείαν
3159 1686 3272 1757 ἔχει
3299 1693 3632 1764 μετανοῆσαι
3661 1698 3835 1752 ὲνιαυο

571 1766 854 1844 nitentiam
899 1788 1093 1858 agerc?
1121 1785 1421 1857 Respondit
1454 1805 1466 1842 :
1499 1783 1706 1842 Durum
1755 1793 1839 1842 est
1869 1786 1974 1842 hoc
2017 1800 2142 1841 ver-

2252 1767 2370 1858 τόνς
2399 1766 2459 1858 Ὁ
2489 1769 2548 1822 δὲ
2571 1766 2720 1823 εῐπε·
2753 1773 2999 1844 Σκληρόν
3021 1777 3143 1829 ἐστι
3173 1779 3234 1830 τὺ
3255 1781 3428 1851 ῥῆμα.
3463 1783 3529 1838 0i
3556 1785 3612 1838 δέ
3643 1805 3830 1856 φασιν·

573 1879 722 1934 Ιιιιιιι.
755 1877 923 1932 Aiunt
964 1897 976 1933 :
1013 1875 1212 1933 Verum
1243 1891 1343 1933 sex
1389 1877 1644 1932 menses?
1675 1875 1875 1930 lterum
1921 1887 2150 1944 respon-

571 1969 650 2023 dit
679 1987 692 2024 :
729 1967 954 2022 Multum
981 1969 1086 2023 est.
1119 1966 1446 2038 Excipiunt:
1479 1963 1664 2036 Usque
1688 1961 1754 2021 ad
1785 1966 2145 2036 quadraginta

569 2063 727 2116 dies?
757 2059 848 2114 Ait
881 2059 1058 2114 adhuc
1091 2077 1104 2112 :
1135 2059 1362 2114 Multum
1405 2067 1511 2114 est.
1551 2053 1631 2112 Illi
1665 2079 1676 2114 :
1709 2057 1850 2124 Quid
1881 2059 2052 2128 ergo?
2087 2057 2146 2111 Si

565 2147 858 2216 «prolapsus
883 2145 1046 2200 fuerit
1083 2144 1274 2209 frater,
1307 2152 1363 2200 et
1397 2144 1584 2200 statim
1613 2159 1786 2215 agape
1817 2144 2142 2208 celebretur,

569 2241 757 2308 ipsene
785 2238 966 2293 veniet
999 2236 1066 2292 ad
1095 2237 1344 2308 agapen?
1375 2235 1514 2291 Dicit
1547 2237 1655 2291 illis
1685 2249 1852 2290 senex
1880 2251 1894 2290 :
1925 2233 2144 2302 Nequa-

566 2343 766 2398 quam;
797 2329 890 2385 sed
920 2328 1234 2384 necessaria
1263 2335 1350 2382 est
1379 2340 1679 2396 paucorum
1721 2325 1934 2380 dierum
1963 2324 2142 2394 poeni-

567 2421 752 2475 tentia.
782 2421 1008 2474 Confido
1035 2420 1181 2473 enim
1221 2417 1276 2470 in
1310 2419 1501 2490 Deum,
1545 2415 1691 2486 quod
1726 2417 1774 2471 si
1807 2416 1854 2471 is
1880 2415 2044 2470 homo
2074 2430 2142 2470 cx

565 2522 678 2568 tota
703 2499 1088 2580 aninta'cgerit
1127 2507 1508 2579 paenitentiam
1531 2545 1547 2572 ,
1581 2507 1665 2562 vel
1699 2507 1846 2562 intra
1881 2511 1994 2562 tres
2022 2505 2143 2561 dies

561 2605 718 2659 illum
739 2603 1085 2658 admissurus
1109 2603 1184 2658 sit
1210 2600 1370 2656 Deus.

633 2695 724 2752 2t.
781 2694 918 2751 Cum
973 2692 1265 2764 aliquando
1315 2693 1486 2748 abbas
1539 2691 1725 2748 Sisocs
1771 2689 2019 2748 venisset
2073 2689 2143 2745 ad

559 2789 813 2859 Clysma,
839 2791 1196 2842 accesserunt
1235 2783 1302 2839 ad
1346 2800 1473 2840 eum
1503 2785 1798 2840 videndum
1846 2784 2140 2840 saeculares

561 2879 684 2933 viri.
713 2877 752 2931 li
781 2878 950 2932 multa
979 2875 1370 2947 loquebantur;
1403 2891 1504 2930 nec
1527 2875 1826 2946 quidquam
1869 2874 2008 2944 ipsis
2052 2889 2142 2929 re-

559 2970 800 3039 spondit.
851 2967 1046 3025 Postea
1093 2969 1310 3022 illorum
1349 2983 1492 3022 unus
1533 2965 1878 3031 dixitzQuid
1923 2963 2136 3020 molesti

557 3063 694 3118 estis
721 3061 876 3118 seni?
907 3077 1014 3116 non
1049 3061 1377 3122 manducat;
1413 3058 1535 3114 ideo
1558 3073 1736 3129 neque
1757 3063 1936 3128 potest
1959 3057 2133 3127 loqui.

561 3153 786 3224 Excepit
815 3169 980 3208 senex
1025 3171 1038 3207 :
1080 3151 1212 3223 Ego,
1251 3151 1344 3208 ubi
1381 3151 1684 3228 necessitas
1721 3149 1996 3221 postulat,
2033 3163 2134 3204 co-

561 3243 737 3298 modo.

627 3333 719 3387 22.
785 3331 894 3403 (ὅθ)
951 3331 1133 3387 Λίὼειε
1185 3331 1386 3402 Joscph
1455 3331 1744 3402 requisivit
1815 3330 1884 3386 ab
1939 3329 2137 3386 abbate

559 3423 744 3487 Sisoe,
791 3431 1000 3492 quanto
1048 3423 1102 3476 in
1151 3429 1397 3492 tempore
1445 3421 1641 3479 debeat
1693 3423 1856 3476 homo
1902 3419 2134 3476 alfectus

557 3515 891 3572 rescindere.
925 3515 1012 3570 Ait
1061 3515 1138 3569 illi
1190 3529 1356 3571 senex
1393 3533 1407 3568 :
1453 3515 1722 3586 Tempora
1771 3516 1855 3570 vis
1889 3513 2136 3570 disceret

559 3607 624 3662 lit
649 3609 818 3663 abbas
841 3607 1042 3679 los-cpit
1071 3625 1084 3660 :
1115 3605 1310 3673 Etiam,
1347 3608 1544 3679 inquit.
1583 3607 1726 3662 Dicit
1753 3621 1884 3678 ergo
1921 3620 2088 3662 senex
2114 3623 2128 3660 :

557 3703 675 3769 Qua
701 3701 836 3756 hora
867 3699 1096 3756 allectus
1127 3701 1358 3766 venerit,
1393 3702 1541 3757 illico
1572 3700 1833 3757 abscinde
1853 3709 2002 3756 eum.

623 3877 719 3934 25.
761 3876 874 3948 (51)
924 3877 1188 3932 Abbatem
1241 3876 1452 3933 Sisoem
1503 3877 1656 3932 illum
1705 3875 1912 3942 Petrm,
1967 3875 2134 3930 frater

555 3969 914 4041 interrogavit
945 3969 1018 4026 de
1051 3971 1316 4027 moribus.
1351 3969 1416 4024 Et
1439 3969 1722 4040 respondit
1751 3983 1920 4024 senex
1945 3987 1958 4025 :
1987 3969 2132 4023 Dixit

555 4063 746 4118 Daniel
773 4081 788 4117 :
817 4061 1020 4117 Panem
1051 4063 1438 4118 desiderio-rum
1467 4079 1574 4118 non
1607 4061 1807 4116 comedi
1836 4061 1902 4114 '°.

622 4154 714 4208 2t.
749 4155 864 4224 (ΒΞ.)
903 4155 1133 4211 Aiebam
1167 4155 1238 4212 de
1281 4155 1480 4212 abbate
1513 4154 1708 4222 .Sisoe,
1741 4153 1890 4226 quod
1933 4154 2134 4211 sedens

555 4243 610 4297 in
639 4244 796 4308 cella,
829 4251 1044 4313 semper
1071 4246 1272 4302 ostium
1305 4247 1604 4303 clauderet.

623 4333 714 4389 25.
782 4333 1061 4392 Venerunt
1119 4339 1416 4409 aliquando
1480 4339 1674 4396 Ariani
1737 4345 1808 4400 ad
1873 4341 2128 4396 abbatem

2265 1857 2406 1912 Ἀλλ’
2441 1857 2502 1926 ἓξ
2529 1861 2744 1931 μῆνας;
2777 1865 2889 1918 Καὶ
2912 1866 3072 1920 πάλιν
3109 1865 3268 1922 εἷπε*
3305 1873 3446 1926 Πολύ
3489 1877 3654 1933 ἐστιν.
3691 1882 3750 1934 Οἱ
3775 1881 3832 1935 δὲ

2245 1947 2512 2041 ἔφασκον
2544 1953 2690 2020 Ἕως
2725 1957 3136 2028 τεσσαράκοντα
3169 1964 3438 2034 ἡμερῶνς
3487 1967 3656 2022 Πάλιν
3689 1971 3824 2041 ἔφη·

2249 2039 2391 2094 Πολύ
2425 2043 2563 2097 ἐστι.
2623 2045 2887 2114 Λέγουσιν
2923 2048 3106 2118 αὐτῷ·
3139 2051 3205 2102 Τί
3232 2048 3358 2118 οὗν;
3387 2053 3487 2108 ἐὰν
3517 2056 3658 2127 πέσῃ
3687 2039 3832 2112 ἀδελ-

2247 2130 2366 2199 φὸς,
2417 2133 2509 2186 καὶ
2541 2133 2734 2206 εὐρεθῇ
2787 2135 2950 2200 εὐθὺς
2973 2137 3160 2209 ἀγάπη
3209 2142 3490 2212 γινομένη,
3527 2145 3623 2197 καὶ
3673 2149 3828 2210 αὐτὸς

2245 2221 2465 2294 εἰσέλθῃ
2509 2225 2589 2286 εἰς
2633 2225 2734 2296 τὴν
2781 2227 3040 2300 ἀγάπην;
3099 2231 3260 2301 Λέγει
3305 2235 3490 2298 αὐτοῖς
3543 2239 3574 2289 6
3611 2239 3828 2308 γέρωνδ

2247 2312 2401 2383 Οὐχί.
2455 2315 2616 2369 ’Λλλὰ
2643 2317 2834 2388 χρείαν
2861 2319 2976 2390 ἔχει
3009 2324 3338 2393 μετανοῆσαι
3375 2327 3562 2396 ὀλίγας
3595 2331 3831 2401 ἡμέρας.

2245 2403 2494 2496 Πιστεύω
2523 2407 2632 2496 γὰρ
2665 2408 2743 2480 τῷ
2774 2409 2914 2480 Θεῷ,
2955 2413 3035 2466 ὅτι
3067 2413 3347 2486 causam;
3382 2419 3478 2471 ἐὰν
3523 2425 3836 2496 μετανοήσῃ

2243 2495 2274 2548 6
2303 2496 2563 2562 τοιοῦτος,
2591 2495 2682 2554 Stal.
2710 2501 2790 2566 είς
2811 2505 2959 2576 τρεῖς
2991 2507 3206 2577 ἡμέρας
3235 2507 3450 2580 δέχεται
3479 2513 3644 2566 αὑτὸν
3674 2495 3830 2578 Θεὸς,

2316 2674 2422 2729 κα’.
2478 2676 2752 2744 Ἐλθόντος
2787 2683 2918 2736 ποτὲ
2948 2683 3044 2738 τοῦ
3084 2686 3230 2741 ἀϐϐἇ
3258 2689 3420 2762 Σισὸη
3467 2693 3550 2756 είς
3595 2696 3658 2746 τὸ
3687 2695 3832 2748 Kh}-

2243 2781 2376 2836 σμα,
2391 2769 2700 2840 παρέϐαλον
2725 2773 2874 2845 αὐτῷ
2895 2779 3150 2846 κοσμικοὶ
3173 2781 3302 2836 ἰδεῖν
3323 2783 3508 2837 αὐτόν.
3529 2783 3634 2838 Καὶ
3657 2788 3836 2841 πολλὰ

2241 2859 2582 2931 λαλησάντων
2633 2863 2849 2933 αὐτῶν,
2907 2869 3010 2922 οὐκ
3071 2872 3348 2945 ἀπεκρίθη
3405 2876 3593 2941 αὐτοῖς
3639 2878 3824 2948 λόγον.

2243 2951 2507 3024 ’Ὕστερον
2551 2954 2609 3008 δὲ
2655 2950 2736 3020 εἷς
2783 2959 2961 3014 αὐτῶν
3010 2955 3168 3014 εἶπε·
3217 2964 3283 3017 Τί
3343 2966 3554 3022 θλίϐετε
3597 2972 3692 3024 τὸν
3734 2973 3832 3041 γέ-

2241 3053 2437 3112 ροντας
2467 3044 2566 3098 οὐκ
2615 3045 2819 3102 ἐσθίει·
2871 3049 2962 3104 διὰ
2997 3051 3154 3106 τοῦτο
3199 3054 3322 3108 οὐδὲ
3372 3055 3552 3111 λαλεῖν
3575 3061 3826 3118 δύναται.

2164 3113 2206 3171 C
2251 3131 2549 3207 Ἀπεκρίθη
2579 3137 2612 3190 ὁ
2647 3137 2858 3210 γέρων·
2911 3142 3052 3211 Ἐγὼ
3091 3145 3182 3198 ὅτε
3219 3145 3446 3218 γένηταί
3501 3167 3596 3222 μοι

2239 3226 2423 3282 ἐσθίω.

2308 3319 2412 3389 κβῆ
2451 3319 2762 3392 Ἰῐρὼτησεν
2785 3324 2814 3376 6
2837 3323 3012 3389 ἀϐϐᾶς
3047 3328 3244 3400 Ἰωσὴφ
3269 3330 3362 3384 τὸν
3391 3331 3568 3387 ἀϐϐςιν
3597 3336 3826 3406 Σισὸῃν,

2237 3408 2446 3479 λέγων’
2497 3412 2596 3466 Διὰ
2641 3414 2810 3469 πόσου
2861 3418 3114 3489 χρόνου¹¹¹
3153 3422 3356 3492 ὀφείλει
3408 3424 3698 3497 ἄνθρωπος
3730 3431 3830 3482 ὲκ-

2237 3505 2458 3559 κόπτειν
2481 3505 2548 3560 τὰ
2571 3507 2718 3579 πάθη
2739 3525 2752 3573 ;
2784 3509 2947 3578 Λέγει
2967 3512 3115 3586 αὐτῷ
3136 3514 3163 3566 ὁ
3184 3515 3362 3587 γέρων
3385 3534 3398 3548 ’
3427 3517 3566 3581 Τοὺς
3593 3521 3838 3589 χρόνους

2237 3593 2411 3659 θέλεις
2451 3597 2674 3668 μαθεῖν;
2715 3601 2878 3669 Λέγει
2911 3605 2940 3656 6
2975 3603 3151 3670 ἀϐϐἄς
3193 3608 3415 3679 Ἰωσήφ*
3468 3609 3597 3664 Ναί.
3653 3611 3832 3681 Λέγει

2235 3683 2328 3742 οὖν
2355 3693 2383 3744 6
2421 3691 2628 3763 γέρων·
2677 3693 2812 3748 Οἴαν
2842 3693 2992 3765 ὥραν
3027 3697 3249 3769 ἔρχεται
3282 3701 3344 3754 τὸ
3389 3702 3584 3768 πάθος,
3611 3705 3830 3771 εὐθέως

2237 3781 2400 3851 κόψον
2425 3785 2577 3840 αὑτό.

2304 3881 2411 3943 κγ’.
2457 3876 2707 3947 ’Λδελφὺς
2731 3881 2984 3954 ἠρώτησε
3021 3883 3114 3937 τὸν
3145 3884 3320 3940 esset
3353 3887 3549 3959 Σισόην
3581 3889 3676 3943 τὸν
3719 3889 3826 3960 τῆς

2235 3967 2448 4040 Πέτρας
2473 3972 2602 4043 περὶ
2646 3974 2941 4040 πολιτείας.
3005 3977 3114 4031 Καὶ
3145 3977 3290 4047 λέγει
3341 3980 3492 4051 αὐτῷ
3531 3984 3560 4036 6
3605 3982 3818 4055 γέρων·

2235 4056 2370 4115 Eine
2391 4064 2589 4135 Δανιήλ
2614 4081 2627 4093 ·
2657 4067 2878 4136 ’Ἄρτον
2899 4069 3227 4140 ἐπιθυμιῶν
3253 4074 3367 4126 οὐκ
3399 4072 3652 4144 ἔφαγον.

2304 4153 2403 4211 κδ’.
2453 4157 2678 4227 Ἔλεγον
2705 4162 2836 4230 περὶ
2863 4159 2957 4214 τοῦ
2991 4161 3138 4215 ἀϐϐἄ
3178 4164 3361 4235 Σισόη,
3389 4165 3474 4218 ὅτι
3505 4166 3824 4237 καθήμενος
3881 4171 3894 4188 ⁸

2235 4247 2314 4310 είς
2335 4247 2396 4300 τὸ
2423 4247 2634 4304 κελλίον
2655 4250 2886 4306 πάντοτε
2916 4253 3013 4325 τὴν
3037 4253 3208 4324 θύραν
3235 4253 3464 4312 ἔκλειεν.

2301 4347 2401 4398 κε’.
2432 4337 2636 4395 Ἧλθόν
2664 4359 2794 4396 ποτε
2831 4345 3100 4416 ’Λρειανοὶ
3127 4347 3266 4417 πρὸς
3295 4348 3387 4401 τὸν
3417 4348 3591 4401 ἀϐϐεἷν
3619 4350 3822 4420 Σισόην

555 4422 767 4480 Sisoem
822 4428 878 4480 in
925 4435 1162 4482 tuentem
1214 4429 1429 4486 abbatis
1467 4419 1798 4496 Antonii,'et
1841 4437 2130 4502 coeperunt

2252 4435 2312 4497 :ig
2348 4434 2410 4487 τὸ
2441 4435 2566 4506 ὅρος
2598 4435 2692 4495 τοῦ
2735 4437 2880 4490 ἀϐϐᾶ
2918 4438 3223 4503 ’Λντωνίου,
3257 4440 3348 4493 καὶ
3385 4440 3616 4512 ἤρξαντο
3638 4419 3816 4494 κατα-

547 4529 748 4572 contra
775 4519 1110 4576 orthodoxos
1143 4523 1374 4591 garrire.
1419 4523 1596 4580 Senex
1629 4539 1759 4580 vero
1805 4523 1942 4579 nihil
1972 4523 2130 4593 quid-

553 4623 714 4680 quam
765 4609 1050 4680 respondit
1096 4611 1196 4666 eis.
1259 4611 1366 4666 Sed
1423 4621 1618 4668 vocato
1671 4613 1942 4683 discipulo
1993 4627 2128 4679 suo,

551 4701 722 4757 dixit:
743 4703 1040 4768 Abraham,
1071 4703 1204 4758 affer
1227 4703 1358 4758 mihi
1390 4705 1566 4758 sancti
1592 4705 1878 4760 Athanasii
1903 4707 2126 4772 librum,

555 4809 619 4848 ac
653 4795 837 4862 legito.
875 4793 1012 4848 Tum
1048 4796 1359 4851 tacentibus
1399 4795 1538 4861 illis,
1579 4797 1762 4867 agnita
1806 4805 1888 4852 est
1933 4811 2125 4854 eorum

553 4885 798 4942 hrresis.
825 4883 1150 4956 Dimisitque
1171 4887 1319 4958 ipsos
1355 4903 1481 4944 cum
1507 4903 1663 4959 pace.

615 5065 707 5122 26.
769 5065 928 5122 Venit
979 5065 1274 5136 aliquando
1325 5067 1496 5124 abbas
1533 5068 1712 5122 Amun
1747 5067 2006 5124 cllhaitu
2063 5074 2124 5128 in

545 5162 795 5232 (llysma,
834 5170 892 5214 ιιι
921 5161 1185 5216 inviseret
1213 5160 1463 5216 abbatem
1495 5162 1730 5217 Sisoetn.
1779 5161 1846 5217 Et
1892 5179 2124 5221 cernens

549 5251 724 5318 ipsum
765 5251 1054 5316 adiit-tum,
1107 5252 1250 5322 quod
1301 5254 1614 5324 reliquisset
1657 5270 1939 5323 eremum,
1995 5259 2119 5312 ait:

2231 4524 2409 4581 λαλεῖν
2440 4528 2546 4582 τῶν
2586 4527 2902 4598 ὀρθοδόξων.
2969 4529 3028 4582 '0
3055 4529 3114 4582 δὲ
3161 4531 3340 4602 γέρων
3390 4535 3494 4586 οὐκ
3535 4535 3824 4606 ἀπεκρίθη

2228 4617 2406 4680 αὐτοῖς
2427 4617 2611 4671 οὐδέν·
2645 4618 2738 4671 καὶ
2783 4618 3039 4690 φωνήσας
3079 4619 3170 4672 τὸν
3197 4621 3398 4674 ἑαυτοῦ
3437 4622 3707 4692 μαθητὴν,
3739 4620 3826 4675 εἷο

2228 4723 2360 4759 πεν·
2403 4709 2686 4781 Ἀϐραὰμ,
2729 4711 2862 4782 φέρε
2917 4727 3008 4781 μοι
3041 4711 3103 4763 τὺ
3151 4710 3358 4782 βιϐλίον
3417 4713 3514 4766 τοῦ
3571 4715 3739 4784 ἁγίου
3771 4718 3824 4747 ’³

2242 4799 2582 4868 ’Λθανασίου,
2625 4802 2721 4855 καὶ
2771 4802 3048 4871 ἀνάγνωθι
3099 4804 3253 4858 αὑτό.
3313 4805 3422 4860 Καὶ
3477 4807 3826 4861 σιωπώντων

2229 4891 2427 4958 αὐτῶν,
2457 4892 2703 4965 ἐγνώσθη
2737 4896 2772 4966 ὴ
2798 4895 3011 4966 αἵρεσις
3035 4897 3237 4952 αὐτῶν.
3278 4897 3390 4952 Καὶ
3412 4899 3689 4954 ἀπέλυσεν
3711 4903 3822 4955 αὐα-

2229 4983 2352 5047 ιτοὺς
2409 4985 2527 5054 μετ’
2557 4987 2798 5058 εἰρήνης.
3763 4997 3766 5002 ’

2299 5081 2410 5140 κς·’.
2451 5072 2622 5131 Ἦλθὲ
2651 5095 2781 5132 ποτε
2809 5081 2839 5134 6
2861 5079 3036 5146 assa;
3059 5079 3262 5152 Ἀμοῦν
3281 5083 3329 5114 ’³
3347 5083 3455 5136 ἀπὺ
3485 5084 3708 5137 Ῥαῖθοῦ
3733 5087 3823 5148 εἰς

2226 5167 2286 5218 τὸ
2317 5166 2570 5238 Κλύσμα,
2601 5169 2940 5240 παραϐαλεῖν
2969 5171 3046 5242 τῷ
3079 5171 3226 5242 ἀϐϐᾷ
3251 5173 3436 5244 Σισόῃ·
3465 5174 3560 5226 καὶ
3596 5173 3824 5242 βλέπων

2227 5257 2388 5312 αὐτὸν
2419 5259 2752 5329 θλιϐόμενον,
2801 5263 2882 5316 ὅτι
2922 5265 3105 5334 ἀφῆκε
3137 5265 3236 5337 τὴν
3271 5266 3500 5338 ἔρημον,
3531 5265 3682 5335 λέγει
3711 5267 3826 5319 αὐ-

547 5341 848 5408 (.Σιιι·ἀοὶυε,
887 5344 1062 5399 abba?
1096 5343 1237 5410 Quid
1284 5346 1430 5400 enim
1473 5345 1584 5414 jam
1631 5346 1760 5402 inde
1809 5357 2028 5418 poteras
2061 5349 2118 5402 in

2359 5351 2424 5404 Τί
2456 5352 2632 5425 θλίϐῃ,
2669 5355 2842 5420 ὰ66ᾶ;
2887 5357 2942 5410 τί
2980 5356 3086 5427 γὰρ
3135 5357 3311 5429 ἠδύνω
3337 5359 3544 5429 ἀπάρτι
3585 5359 3828 5430 ποιῆσαι

619 5498 664 5528 ’⁸
700 5495 836 5553 Dan.
882 5517 908 5555 κ
935 5541 950 5566 ,
1000 5504 1051 5557 5.

619 5651 731 5718 (50)
781 5647 884 5704 Vit.
915 5649 1065 5704 Patr.
1105 5668 1291 5716 xxxix,
1334 5657 1383 5710 l.

613 5721 732 5790 (51)
781 5719 887 5778 Vit.
923 5720 1078 5777 Patr.
1111 5737 1208 5785 vn,
1234 5723 1288 5774 2.

1131 5503 1174 5534 “
1215 5504 1507 5559 Λ1.πόσων
1545 5504 1770 5577 χρόνων.
1847 5505 1891 5536 ¹²
1921 5503 2008 5560 ΛΙ.
2043 5503 2208 5562 ἀδεᾶ.
2283 5505 2330 5537 ⁸³
2353 5507 2440 5562 Al.
2476 5509 2741 5580 ’Λμμοῦν.

2295 5661 2410 5732 (52)
2455 5661 2561 5717 γει,
2599 5663 2750 5721 I’atr.
2787 5682 2868 5734 nt,
2900 5668 2953 5724 ϐ.
