4020 6196
176 363 251 421 ωι
507 408 512 412 .
1238 361 1845 420 ΛΡΟΡΙΙΤΙΙΕΟΜΔΤΛ
1891 361 2193 423 PATRUM.

3280 370 3387 424 462

171 479 236 544 εις
256 477 344 548 τὴν
368 476 594 550 ἔρημον,
631 477 812 542 οὕτως
844 480 1127 552 γηράσας;
1173 482 1230 536 '0
1252 482 1310 536 δὲ
1343 483 1520 554 γέρων
1555 499 1714 555 προσ-

1823 483 2116 540 solitudine
2157 483 2356 549 facere,
2398 484 2491 555 qui
2529 484 2594 538 ad
2631 492 2834 538 tantam
2883 486 3192 555 perveneris
3230 503 3386 544 sene-

171 568 308 639 ισχεν
327 565 468 637 αὐτῷ
497 567 637 637 μετὰ
679 570 1036 642 στυφότητος,
1069 572 1239 643 λέγων
1259 590 1272 605 ⁶
1298 572 1381 628 'l'f.
1400 590 1490 644 μοι
1520 572 1719 642 λέγεις,

182 659 386 729 ’Δμοῦν;
434 659 536 712 οὐκ
585 660 752 730 ἢρκει
794 661 906 733 γάρ
951 680 1043 735 μοι
1079 666 1115 736 ή
1146 663 1427 737 ἐλευθερία
1458 666 1594 739 μόνη
1624 665 1719 721 τοῦ

171 752 399 825 λογισμοῦ
431 770 534 824 μου
559 754 723 849 ὲν.τῇ
753 755 975 829 ὲρήμῳ;

234 926 318 991 κζ’.
358 925 625 998 Ἐκάθητό
654 944 790 983 ποτε
831 929 861 983 6
886 928 1059 993 άεᾶᾶς
1090 930 1281 1003 Σισόης
1313 933 1372 987 ὲν
1416 932 1495 1004 τῷ
1524 922 1721 1004 κελλίίρ

175 1016 337 1075 αὐτοῦ·
371 1018 468 1073 καὶ
496 1018 833 1091 κρούσαντος
876 1020 969 1074 τοῦ
1004 1021 1247 1094 μαθητοῦ
1272 1023 1460 1091 αὑτοῦ,
1487 1024 1719 1097 ἔκραξεν

175 1109 385 1183 δγέρων,
411 1110 586 1180 λέγων
605 1127 619 1142 ·
643 1110 791 1180 Φύγε
820 1113 887 1177 ⁸⁸,
905 1112 1174 1186 Ἁϐραάμ,
1202 1115 1278 1187 μὴ
1303 1116 1571 1190 εἰσέλθῃς,
1592 1118 1718 1190 ἄρτι

181 1199 225 1254 οὐ
248 1196 485 1271 σχολάζει
509 1203 580 1258 τὰ
606 1196 733 1259 ὧδε.

231 1299 327 1363 κη’.
370 1293 621 1363 Ἀδελφὸς
639 1293 892 1365 ἠρώτησε
923 1294 1016 1349 τὸν
1045 1295 1219 1351 άϐὁᾶν
1256 1298 1472 1370 Σισόην,
1513 1298 1713 1368 λέγων’

173 1385 271 1448 Πῶς
297 1384 585 1449 κατέλιπες
624 1385 725 1457 τὴν
756 1385 961 1457 Σκῆτιν
1007 1385 1148 1458 μετά
1176 1387 1274 1442 τοῦ
1320 1389 1464 1454 ἀδεᾶ
1492 1391 1593 1462 ἀρ
1617 1388 1715 1458 ὣν,

169 1477 244 1530 καὶ
274 1473 437 1548 ἦλθες
475 1478 568 1533 καὶ
590 1477 851 1544 ἐκάθισας
880 1471 984 1533 ὦδε
1009 1494 1025 1546 ;
1071 1480 1235 1549 Λέγει
1265 1482 1415 1554 αὐτῷ
1444 1483 1475 1537 6
1502 1483 1711 1554 γέρων*

177 1570 252 1621 Ἐν
275 1568 353 1639 τῷ
372 1568 635 1641 ἄρξασθαι
664 1568 1038 1641 πληθύνεσθαι
1058 1571 1158 1642 τὴν
1180 1572 1398 1644 Σκῆτιν,
1432 1574 1527 1628 καὶ
1554 1573 1717 1629 ἀκού-

167 1677 249 1723 σας
274 1660 385 1729 ἐγὼ
417 1661 499 1715 ὅτι
542 1662 814 1733 ἐκοιμήθη
846 1663 878 1715 6
917 1663 1092 1728 ὰὸὄᾶς
1145 1664 1446 1731 ῒΔντώνιος,
1485 1667 1717 1740 ἀνέστην

168 1751 243 1802 καὶ
268 1746 426 1822 ἦλθον
445 1745 550 1806 ὧδε
575 1751 658 1816 εἰς
686 1751 747 1806 τὸ
772 1751 898 1823 ὅρος
919 1769 935 1783 ’
975 1753 1067 1819 καὶ
1092 1752 1267 1826 εὑρὼν
1291 1754 1361 1809 τὰ
1379 1748 1482 1810 ὧδε
1509 1758 1716 1827 ἡσυχά-

162 1812 325 1904 ζοντα,
347 1842 540 1914 μικρὸν
562 1812 1030 1915 ἐκάθισα-χρόνον.
1054 1812 1217 1915 Λέγει
1240 1845 1389 1917 αὐτῷ
1411 1848 1442 1901 ό
1750 1812 1788 1865 Β

162 1931 317 1985 Πόσον
343 1932 534 2004 χρόνον
570 1930 711 2005 ἔχεις
737 1926 839 1988 ὦδε
863 1952 879 2003 ;
900 1935 1062 2005 Λέγει
1090 1935 1241 2007 αὐτῷ
1261 1936 1292 1990 6
1309 1935 1518 2009 γέρων·
1559 1937 1710 1997 Εἰσὶν

166 2022 624 2093 ἑϐδομηκονταδύο
642 2025 707 2078 ’³.
1372 2097 1380 2104 ⁸

215 2113 324 2168 κθ’.
358 2110 522 2168 Εἶπεν
544 2117 573 2168 6
593 2114 763 2180 ἀϐδᾶς
788 2116 981 2188 Σισόης
996 2133 1012 2151 ·
1037 2115 1264 2190 Ὅτανῇ
1299 2118 1585 2193 ἄνθρωπος
1610 2123 1709 2194 τὴν

154 2205 404 2275 φροντίδα
427 2222 520 2260 σου
553 2208 893 2281 ποιούμενος,
926 2209 988 2267 οὐ
1017 2210 1102 2267 δα
1124 2227 1184 2264 σε
1212 2210 1482 2277 διατάξαι.

209 2296 269 2351 λ’.
306 2297 555 2368 Ἀδελφὸς
567 2298 820 2372 ἠρώτησε
835 2298 924 2361 τὸν
943 2298 1123 2359 ἀὸὅᾶν
1136 2301 1329 2373 Σισόην
1343 2303 1516 2373 λέγων
1534 2322 1549 2337 ’
1586 2304 1710 2360 Ἐάν

162 2388 531 2461 περιπατῶμεν
572 2392 633 2444 ὲν
670 2391 797 2462 ὁδῷ,
836 2391 931 2445 καὶ
961 2392 1210 2466 πλανηθῇ
1238 2396 1268 2449 6
1299 2394 1509 2466 ὁδηγῶν
1537 2399 1571 2468 ή
1581 2397 1709 2467 μᾶς,

151 2480 293 2550 χρεία
321 2483 499 2538 εἰπεῖν
524 2482 703 2554 αύτῷ;
732 2484 897 2553 Λέγει
923 2484 1070 2557 αὐτῷ
1090 2487 1119 2540 6
1145 2487 1340 2557 γέρων·
1365 2489 1517 2560 Οὐχί.
1548 2490 1710 2559 Λέγει

152 2567 230 2624 οὖν
259 2574 289 2626 6
312 2572 579 2642 ἀδελφόςο
618 2573 762 2628 Ἀλλ’
786 2574 1016 2645 ἀφῶμεν
1040 2577 1203 2633 αὐτὸν
1235 2579 1510 2651 πλανῆσαι
1528 2583 1707 2654 ήμᾶςς

156 2661 294 2730 Λέγει
309 2663 466 2734 αὐτῷ
490 2665 521 2718 6
537 2664 736 2735 γέρων·
757 2664 822 2718 Ti
851 2661 974 2733 οὖν;
995 2666 1183 2721 λαϐεῖν
1206 2669 1353 2741 ἔχεις
1378 2671 1573 2742 ῥάϐδον
1598 2673 1709 2726 δεῖ·

146 2771 225 2823 ραι
248 2756 445 2823 αύτὸν;
472 2756 617 2827 Ἐγὼ
645 2754 762 2812 οἶδα
787 2758 1049 2828 ἀδελφοὺς
1075 2762 1155 2815 ὅτι
1190 2764 1576 2834 περιεπάτουν,
1616 2767 1711 2820 καὶ

136 2843 161 2893 ὁ
192 2847 400 2919 ὁδηγῶν
445 2849 645 2915 αὐτοὺς
672 2850 951 2921 ἐπλανήθη
975 2854 1075 2926 τὴν
1104 2855 1304 2910 νύκτα·
1351 2852 1493 2929 ἦσαν
1524 2859 1579 2913 δὲ
1605 2859 1709 2914 δὼ-

142 2936 275 3002 δεκπ,
302 2942 399 2994 καὶ
438 2941 642 3007 πάντες
664 2942 885 3015 ᾔδεισαν
907 2949 991 3002 ὅτι
1013 2948 1321 3003 ἐπλανῶντο
1339 2965 1352 2979 ο
1397 2951 1489 3004 καὶ
1514 2952 1709 3022 ἠγωνί-

139 3046 289 3085 σαντο
306 3033 549 3099 ἕκαστος
570 3036 664 3089 τοῦ
690 3036 765 3109 μὴ
790 3040 983 3094 εἰπεῖν.
1019 3040 1262 3112 Ἡμέρας
1300 3042 1357 3095 δὲ
1386 3045 1709 3115 γενομένης,

1820 576 2067 632 etutem?
2098 575 2169 630 At
2207 590 2373 631 senex
2401 575 2593 630 oculos
2626 577 2679 629 in
2708 591 2832 630 eum
2878 576 3109 632 intendit
3137 593 3260 632 cum
3291 579 3388 632 tri-

1817 665 1998 730 stitia,
2037 665 2284 736 dixitque
2319 684 2334 722 :
2367 665 2510 733 Quid
2541 666 2673 721 mihi
2700 665 2932 736 profers,
2962 667 3176 722 Amun?
3199 667 3389 728 Nonne

1817 756 1962 813 enim
1991 755 2126 812 mibi
2163 754 2465 813 subiciebat
2515 757 2630 814 sola
2679 757 2879 813 mentis
2920 772 3053 813 mea:
3080 756 3302 813 iibertas
3332 758 3388 812 in

1817 846 2043 901 eremo?

1888 935 1980 991 27.
2023 935 2262 993 Sedebat
2285 936 2580 1008 aliquando
2600 937 2770 992 abbas
2798 937 2983 993 Sisoes
3013 936 3067 991 in
3093 936 3228 992 cella
3251 948 3388 991 sua:

1817 1043 2053 1099 cumque
2079 1027 2356 1099 pulsasset
2386 1027 2692 1096 discipulus
2724 1027 2864 1097 ejus,
2901 1027 3156 1082 clamavit
3182 1042 3347 1081 senex
3374 1043 3389 1079 :

1820 1117 1993 1191 Fuge,
2022 1118 2323 1187 Abraham,
2344 1133 2414 1174 nc
2445 1118 2802 1189 ingrediaris:
2831 1121 2944 1188 jam
2979 1133 3099 1189 qua:
3128 1116 3219 1173 bic
3243 1123 3390 1179 sunt,

1817 1209 1931 1266 otio
1957 1216 2169 1267 carent.
2662 1262 2669 1265 _

1883 1302 1977 1359 28.
2003 1300 2197 1358 Frater
2224 1302 2476 1359 abbatem
2510 1301 2722 1358 Sisoem
2754 1300 3110 1370 interrogavit
3140 1299 3242 1353 hac
3265 1313 3393 1353 ora-

1818 1394 2008 1451 tione:
2042 1393 2328 1462 Quomodo
2363 1393 2566 1450 Scetim
2612 1391 2904 1463 reliquisti,
2937 1405 3063 1445 cum
3094 1389 3293 1445 abbate
3315 1386 3394 1445 0r

1816 1485 2157 1554 consistens,
2201 1492 2257 1541 ct
2296 1483 2496 1540 venisti
2527 1490 2588 1539 ut
2609 1482 2829 1539 sederes
2855 1481 2982 1536 hie?
3016 1478 3315 1550 Respondit
3340 1479 3391 1534 ei

1819 1588 1990 1630 senex
2022 1591 2036 1628 :
2070 1572 2208 1629 Cum
2242 1572 2512 1644 inciperet
2541 1572 2719 1627 Sectis
2758 1568 3123 1641 frequentari,
3158 1582 3394 1638 cumque

1823 1664 2129 1721 audiissem
2169 1673 2446 1720 mortuum
2471 1677 2595 1720 csse
2627 1662 2875 1719 abbatem
2918 1659 3232 1722 Antonium,
3268 1671 3395 1711 sur~

1827 1754 1970 1820 rexi,
2002 1763 2057 1811 et
2086 1755 2366 1826 profectus
2403 1769 2524 1810 sum
2562 1753 2669 1808 huc
2713 1752 2769 1807 in
2796 1757 3068 1815 montem;
3101 1758 3262 1818 atque
3309 1747 3393 1800 in-

1818 1846 2040 1902 veniens
2065 1847 2171 1902 ista
2203 1847 2321 1901 loca
2344 1846 2547 1917 quieta,
2576 1844 2642 1900 ad
2673 1858 2904 1914 paucum
2935 1851 3148 1912 tempus
3190 1839 3390 1895 resedi.

1821 1937 1917 1992 Ait
1942 1936 2024 1991 illi
2054 1935 2226 1992 frater
2249 1954 2264 1992 :
2285 1936 2430 2003 Quot
2470 1951 2643 1992 annos
2670 1934 2756 1989 hic
2794 1930 3143 2003 transcgisti?
3172 1928 3389 1984 Senex:

1816 2026 2174 2098 Septuaginta
2207 2027 2368 2084 duos.

1890 2118 1988 2174 29.
2026 2117 2173 2173 Dixit
2211 2120 2381 2175 abbas
2412 2117 2600 2174 Sisues
2629 2136 2642 2171 :
2671 2114 2903 2184 Quando
2930 2112 3087 2174 adest
3114 2111 3278 2167 homo
3311 2108 3391 2163 tui

1820 2225 2009 2266 curam
2037 2210 2271 2277 babcns,
2306 2224 2418 2265 non
2453 2216 2671 2280 oportet
2700 2216 2758 2262 ut
2788 2204 3089 2278 pramipias.

1881 2301 1979 2356 50.
2015 2299 2207 2355 Frater
2231 2300 2548 2357 Sciscitatus
2575 2309 2658 2355 est
2688 2298 2939 2354 abbatem
2975 2296 3184 2353 Sisoem
3211 2309 3224 2347 :
3253 2291 3310 2346 Si
3335 2291 3393 2347 in

1812 2389 1900 2444 via
1949 2389 2436 2453 ambulaverimus,
2485 2396 2540 2445 et
2589 2387 2801 2443 itineris
2851 2385 2962 2441 dux
3011 2383 3387 2446 aberraverit,

1812 2486 2095 2549 oportctne
2137 2480 2189 2536 ei
2233 2479 2558 2536 declarare?
2633 2476 2941 2549 Respondit
2994 2489 3159 2532 senex
3198 2488 3213 2528 :
3246 2472 3387 2529 Non.

1814 2571 2108 2641 Subjunxit
2148 2571 2359 2627 frater:
2395 2570 2501 2626 Sed
2549 2570 2795 2627 sinemus
2832 2578 2892 2627 ut
2919 2582 3021 2624 nos
3053 2581 3084 2621 a
3114 2565 3203 2621 via
3236 2578 3392 2619 aver-

1813 2664 1929 2718 tat?
1957 2663 2096 2717 Tum
2124 2662 2177 2718 ei
2205 2677 2372 2718 senex
2406 2679 2420 2717 :
2453 2647 2598 2728 Quid
2652 2660 2839 2733 igitur,
2880 2659 3189 2729 aceipiesne
3222 2656 3392 2711 bacu-

1813 2755 1924 2809 lum
1961 2770 2073 2825 quo
2107 2754 2262 2808 illum
2291 2753 2585 2809 verberes?
2611 2752 2728 2822 Ego
2762 2750 2889 2806 novi
2924 2751 3153 2815 fratres,
3189 2748 3392 2819 quibus

1813 2846 1917 2900 iter
1942 2846 2255 2916 agentibus,
2284 2851 2449 2899 noctu
2475 2843 2955 2899 aberraviteorum
2981 2841 3211 2905 ductor;
3234 2844 3393 2891 erant

1813 2942 1993 2990 autem
2037 2935 2351 3001 duodecim,
2395 2949 2700 3004 omnesque
2751 2932 2997 2989 sciebant
3041 2927 3263 2999 evagari
3291 2940 3385 2992 se;

1810 3035 1866 3083 et
1911 3029 2289 3099 unusquisque
2322 3043 2511 3085 secum
2563 3012 2848 3082 centendit
2898 3041 2967 3080 ne
3012 3023 3242 3079 diceret.
3292 3017 3391 3071 Die

138 3121 313 3189 μαθὼν
343 3127 375 3180 6
417 3125 638 3197 ὁδηγῶν
667 3128 860 3194 αὐτοὺς
887 3132 970 3186 ὅτι
1013 3132 1398 3204 ἐπλανήθησαν
1566 3112 1705 3202 ὁδδν,

1818 3127 2252 3186 ουιοιιιιοχυῖιο,
2285 3119 2630 3190 comperiens
2661 3119 2763 3174 viae
2803 3117 2911 3172 dux
2955 3114 3101 3186 quod
3140 3112 3387 3168 deerras-

134 3210 268 3281 λέγει
292 3215 522 3279 αὐτοῖς·
547 3217 952 3290 Συγχωρήσατέ
988 3236 1100 3291 μοι,
1128 3202 1214 3275 ὅτι
1241 3202 1572 3294 ἐπλανήθην.
1600 3225 1710 3278 Καὶ

1818 3217 1954 3278 sent,
1984 3211 2062 3266 ait
2088 3211 2198 3268 illis
2230 3229 2244 3267 :
2278 3212 2549 3283 Ignoscite
2577 3210 2733 3278 mihi,
2774 3207 2969 3267 deﬂexi
3000 3205 3069 3262 de
3102 3204 3208 3261 via.
3239 3202 3392 3259 Cun-

134 3297 270 3357 εἷπον
292 3307 509 3370 πάντες
525 3324 539 3337 ·
576 3309 685 3362 Καὶ
704 3312 867 3382 ἡμεῖς
892 3310 1134 3384 ᾔδειμεν,
1162 3313 1279 3368 ἀλλ’
1299 3315 1705 3387 ἐσιωπήσαμεν.

141 3392 191 3446 '0
214 3395 273 3448 δὲ
314 3396 578 3462 ἀκούσας
620 3399 921 3471 ἐθαύμασε,
964 3403 1161 3472 λέγων,
1197 3406 1278 3459 ὄτι
1307 3407 1453 3470 Ἕως
1480 3407 1709 3461 θανάτου

131 3484 558 3556 ἐγκρατεύονται
590 3490 641 3541 οἱ
669 3489 888 3559 ἀδελφοὶ
905 3492 999 3549 τοῦ
1028 3494 1102 3565 μὴ
1133 3494 1331 3549 λαλεῖν.
1360 3496 1470 3549 Καὶ
1493 3496 1711 3562 ὲδόξασε

123 3575 203 3627 τὸν
243 3579 411 3632 Θεόν.
488 3578 563 3632 Τὸ
605 3579 663 3634 δὲ
703 3581 877 3653 μῆκος
928 3584 1026 3655 τῆς
1053 3585 1175 3640 ὀδοῦ
1210 3581 1278 3659 ἧς
1307 3588 1707 3660 ἐπλανήθησαν,

125 3665 265 3732 μίλια
284 3668 538 3724 δώδεκα.

182 3845 280 3901 λα’.
314 3845 539 3903 Ἦλθὸν
566 3867 699 3904 ποτε
732 3852 1059 3926 Σαρακηνοὶ,
1092 3858 1186 3912 καὶ
1222 3856 1477 3925 ἐξέδυσαν
1502 3862 1593 3917 τὸν
1618 3865 1710 3932 γέ-

118 3955 271 4007 ροντα
307 3943 416 3995 καὶ
448 3943 548 3996 τὸν
580 3943 805 4013 ἀδελφὺν
837 3947 1023 4007 αὐτοῦ.
1052 3949 1162 4005 Καὶ
1189 3949 1509 4016 ἐξελθόντων
1534 3954 1712 4010 αὐτῶν

118 4028 187 4089 εἰς
211 4026 321 4102 τὴν
342 4032 572 4104 ἔρημον
604 4034 692 4088 ἵνα
728 4034 929 4107 εὕρωσι
957 4055 1010 4092 τι
1045 4038 1341 4111 βρώσιμον,
1375 4035 1536 4115 εὗρεν
1565 4046 1595 4098 6
1624 4046 1714 4116 γέ-

120 4137 214 4215 ρων
240 4123 491 4215 βδλϐιτα
522 4127 805 4197 καμήλων,
838 4130 933 4183 καὶ
974 4130 1178 4196 κλάσας
1208 4126 1335 4207 εὗρε
1365 4136 1711 4215 κοκκὶαΙκριο

117 4209 213 4263 θῶν
234 4229 251 4243 ν
282 4214 519 4286 ἔτρωγε
551 4215 609 4269 δὲ
641 4214 699 4268 ἓν
733 4217 942 4282 κοκκὶν,
972 4221 1064 4275 καὶ
1109 4221 1171 4276 τὸ
1218 4202 1289 4283 ἒν.
1321 4226 1400 4291 εἰς
1433 4225 1532 4298 τὴν
1557 4202 1713 4299 χεέρα

110 4303 265 4360 αὐτοῦ
302 4307 522 4361 ἐτίθει.
569 4307 767 4362 Ἐλθὼν
793 4310 851 4367 δὲ
895 4312 927 4366 6
960 4311 1184 4382 ἀδελφὸς
1215 4316 1403 4383 αὐτοῦ,
1433 4313 1593 4389 εὗρεν
1618 4319 1714 4374 αὑ-

109 4395 192 4449 τὸν
214 4398 524 4482 ἐσθίοντα,
554 4399 649 4452 καὶ
677 4399 823 4468 λέγει
862 4403 1043 4479 αὐτῷ’
1072 4405 1221 4477 Αὕτη
1261 4408 1408 4463 ἐστὶν
1435 4411 1467 4480 ή
1501 4410 1711 4482 ἀγάπη,

1810 3302 1992 3373 ctique
2031 3311 2416 3376 exceperunt:
2455 3303 2567 3360 Nos
2611 3317 2832 3376 quoque
2879 3312 3242 3363 noveramus,
3293 3294 3393 3351 sed

1812 3395 2158 3453 rcticuimus.
2200 3396 2322 3463 Quo
2364 3397 2456 3453 ille
2489 3397 2712 3463 audito,
2744 3393 3044 3451 demiratus
3074 3395 3194 3456 est,
3224 3387 3392 3445 dixit-

1811 3503 1957 3573 que:
1992 3488 2075 3544 Ad
2131 3495 2365 3543 mortem
2404 3503 2581 3559 usque
2630 3488 2828 3543 fratres
2877 3484 3154 3547 abstinent
3200 3496 3233 3536 a
3272 3495 3392 3536 ser-

1811 3590 1993 3634 mone.
2024 3579 2102 3632 Ac
2144 3577 2316 3634 Deum
2362 3580 2619 3635 laudibus
2646 3577 2958 3634 celebravit.
2994 3573 3255 3630 Distantia
3289 3587 3389 3626 au-

1814 3680 1919 3725 tem
1973 3670 2077 3725 via:
2120 3685 2153 3725 a
2201 3684 2309 3742 qua
2360 3670 2582 3726 abducti
2636 3667 2879 3728 fuerant.
2931 3663 3220 3722 duodecim
3270 3673 3390 3719 erat

1744 3764 1747 3775 '
1812 3761 2150 3818 milliarium.

1881 3853 1973 3909 51.
2015 3850 2295 3910 Venerunt
2322 3852 2557 3924 quodam
2582 3859 2827 3923 tempore
2856 3850 3147 3913 Saraceni,
3173 3856 3227 3903 et
3254 3862 3383 3917 spo-

1814 3944 2084 4000 liaverunt
2134 3960 2319 4002 senem
2379 3944 2665 4016 ipsiusque
2723 3944 2967 4001 fratrem.
3027 3940 3270 4009 Cumque
3330 3939 3384 4019 hi

1812 4037 2078 4093 exiissem
2123 4037 2178 4093 in
2235 4037 2618 4101 solitudinem,
2684 4045 2743 4092 ut
2793 4034 2996 4106 aliquid
3045 4033 3383 4090 esculentum

1814 4129 2154 4197 invenirent,
2216 4128 2418 4204 reperit
2485 4145 2652 4186 senex
2711 4136 2955 4185 stercora
3010 4124 3379 4187 camelorum;

1816 4221 2019 4294 quibus
2047 4221 2238 4279 fractis
2269 4230 2464 4281 nactus
2492 4231 2576 4279 est
2598 4235 2769 4293 grana
2796 4219 3005 4277 hordei.
3036 4216 3385 4275 Manducavit

1816 4322 1997 4370 autem
2030 4329 2200 4371 unum
2235 4329 2490 4386 granum,
2520 4322 2577 4370 et
2613 4314 2846 4370 alterum
2882 4312 2941 4368 in
2974 4325 3136 4369 manu
3166 4323 3264 4367 sua
3292 4323 3389 4377 po-

1821 4403 1953 4459 suit.
1983 4403 2224 4460 Veniens
2253 4420 2382 4460 vero
2402 4403 2570 4459 frater
2599 4403 2792 4475 ipsius,
2821 4400 3186 4458 offenditeum
3210 4413 3389 4453 come-

107 4484 178 4537 ὅτι
207 4481 387 4581 εὗρες
427 4486 731 4581 βρῶσιμον,
761 4493 853 4546 καὶ
882 4493 1039 4565 μόνος
1070 4495 1290 4563 ἐσθίεις,
1322 4501 1417 4555 καὶ
1442 4501 1541 4554 οὐκ
1568 4500 1705 4581 ὲςρὼο

1818 4495 2028 4552 dentem
2054 4505 2148 4561 ,et
2182 4498 2257 4552 ait
2297 4519 2310 4553 :
2358 4495 2611 4554 llaeccinc
2661 4506 2741 4554 cst
2784 4496 3060 4561 cliaritas,
3106 4491 3251 4563 quod
3297 4491 3385 4545 ἰηι-

103 4579 263 4646 νησάς
300 4597 383 4650 με
410 4596 429 4643 ;
471 4579 637 4650 Λέγει
664 4582 812 4654 αὐτῴ
835 4586 863 4639 6
891 4585 1063 4651 ἀᾰϐἄς
1091 4588 1310 4660 Σισόης·
1339 4592 1452 4651 Οὐκ
1478 4592 1712 4663 ἠδίκησα
1738 4620 1747 4631 ί

101 4683 173 4731 σε,
195 4669 421 4728 ἀδελφέ
449 4686 465 4699 ·
501 4670 610 4725 ἰδοὺ
648 4672 708 4726 τὸ
746 4674 910 4746 μέρος
938 4694 1031 4731 σου
1070 4680 1128 4732 ἐν
1168 4682 1234 4751 τῇ
1283 4683 1425 4757 χειρί
1459 4700 1560 4759 μου
1589 4686 1710 4757 ἐτή-

99 4774 252 4829 ρησα.
855 4788 859 4793 υ

155 4938 256 5008 λβκ
297 4937 561 5007 Ἔλεγον
591 4938 718 5008 περὶ
740 4938 835 5003 τοῦ
861 4938 1006 5003 ἀδεᾶ
1029 4943 1192 5015 Σισόη
1213 4945 1306 5004 τοῦ
1334 4949 1592 5018 Θηϐαίου,
1627 4953 1710 5006 ὅτι

98 5025 309 5096 ἔμεινεν
363 5030 467 5094 εἰς
520 5027 616 5083 τδν
664 5030 983 5102 Καλαμῶνα
1041 5034 1138 5089 τοῦ
1200 5037 1568 5108 Ἀρσενοῖτουο
1620 5048 1713 5100 καὶ

98 5119 240 5185 ἀλλος
264 5121 486 5194 γέρων
527 5119 744 5190 ἠσθένει
785 5123 865 5193 εἰς
902 5124 1001 5196 τήν
1038 5126 1203 5201 ἄλλην
1228 5127 1452 5202 λαύραν.
1489 5135 1598 5193 Καὶ
1634 5137 1710 5205 ὼς

102 5208 363 5294 glauca,
400 5210 633 5283 causa.
682 5213 900 5286 Ἐπειδὴ
938 5216 994 5272 δὲ
1039 5217 1134 5274 δύο
1173 5219 1266 5276 δύο
1307 5224 1581 5294 ἑνήστευε,
1620 5230 1713 5282 καὶ

105 5292 212 5374 is!)
248 5304 471 5376 ἡμέρα
515 5302 577 5355 ὲν
690 5305 791 5359 οὐκ
818 5306 1008 5379 ήσθιε’
1045 5312 1138 5363 καὶ
1179 5312 1269 5366 ὅτε
1307 5292 1526 5386 ἤκουσε,
1564 5319 1712 5388 λέγει

117 5388 170 5481 ’ᾧ
193 5393 473 5467 λογισμῷ
495 5408 514 5424 ·
535 5393 615 5446 -Τι
643 5396 886 5467 ποιήσω;
915 5398 1011 5452 ἐὰν
1047 5401 1284 5472 ἀπέλθω,
1315 5407 1509 5481 μήπως
1540 5411 1710 5481 ἀναγ-

123 5480 290 5540 sine:
323 5505 408 5558 με
442 5486 509 5538 οἱ
543 5484 760 5554 ἀδελφοὶ
788 5492 977 5558 φαγεῖν
998 5508 1011 5521 ·
1044 5493 1137 5547 καὶ
1162 5495 1256 5548 ἐὰν
1286 5501 1607 5570 παραμεινω
1630 5480 1710 5568 εἷς

125 5570 196 5637 τῇ
232 5581 477 5651 αὔριον,
544 5578 755 5647 μήποτε
800 5581 1111 5658 τελευτήσῃ.
1159 5588 1304 5661 Πλὴν
1346 5592 1500 5646 τοῦτο
1551 5596 1703 5663 ποιῶ⁹

158 5749 201 5777 ﬂ
236 5760 302 5816 ιι.
344 5756 573 5832 φεῦγε.
651 5757 695 5788 ²⁸
720 5755 807 5815 ΑΙ.
842 5760 965 5815 add.
998 5763 1113 5835 ἔτη⁸

1819 4597 1980 4643 vento
2022 4590 2325 4657 csculento,
2372 4591 2525 4646 solus
2563 4589 2823 4654 vesceris,
2871 4600 2972 4643 nec
3010 4584 3216 4640 vocasti
3255 4596 3339 4636 me
3362 4582 3407 4634 ἲ.

1816 4679 2121 4751 Respondit
2172 4682 2341 4743 abbas
2393 4682 2581 4739 Sisoes
2616 4701 2630 4739 :
2664 4681 2779 4738 Non
2827 4680 2922 4745 tibi
2954 4679 3054 4739 feci
3088 4676 3340 4748 iniuriam
3364 4714 3378 4735 .

1815 4772 1984 4839 frater
2034 4790 2047 4827 :
2101 4790 2266 4843 cccc,
2321 4784 2528 4849 partem
2586 4784 2735 4845 tuam
2780 4775 2836 4835 in
2884 4789 3051 4841 manu
3099 4785 3216 4832 mea
3264 4786 3383 4831 Ser-

1816 4866 1960 4925 vavi.

1888 4957 1978 5013 53.
2034 4957 2340 5015 Narrabant
2379 4959 2446 5017 de
2502 4961 2697 5025 abbate
2735 4959 2890 5017 Sisoe
2927 4957 3188 5020 Thebaeo,
3237 4955 3383 5025 quod

1820 5055 2068 5109 maneret
2115 5049 2173 5104 in
2222 5048 2519 5107 Calamone
2551 5046 2889 5113 Arsenoitw;
2929 5052 2982 5107 ct
3032 5043 3172 5100 alius
3213 5055 3383 5097 senex

1817 5139 2120 5209 aegrotabat
2161 5140 2217 5194 in
2257 5140 2363 5195 alia
2408 5140 2578 5205 laura.
2638 5138 2816 5210 thue
2856 5136 3093 5198 audivit,
3144 5134 3384 5205 graviter

1820 5230 1964 5284 tulit.
1989 5230 2127 5297 Quia
2152 5247 2279 5287 vero
2304 5247 2399 5301 per
2419 5232 2665 5302 singulos
2688 5232 2828 5287 duos
2852 5230 2970 5286 dies
2984 5228 3193 5285 solebat
3214 5226 3383 5282 semel

1814 5330 2025 5379 tantum
2067 5325 2376 5391 comedere,
2421 5335 2650 5397 eratque
2691 5327 2810 5383 dies
2848 5340 2959 5407 quo
3003 5322 3310 5383 abstinebat
3352 5339 3385 5378 a

1812 5415 1973 5479 cibo;
2005 5415 2099 5471 ubi
2144 5431 2259 5472 rem
2292 5417 2519 5482 didicit,
2552 5419 2692 5479 dixit
2740 5419 2796 5476 in
2843 5418 3026 5477 animo
3071 5433 3212 5477 suo:
3244 5418 3386 5485 Quid

1814 5506 2051 5561 faciam?
2081 5506 2139 5561 Si
2180 5508 2365 5564 abiero
2395 5551 2409 5577 ,
2446 5526 2513 5566 ne
2542 5510 2683 5567 forte
2714 5519 2911 5585 cogant
2952 5496 3036 5568 me
3066 5509 3267 5568 fratres
3310 5510 3389 5566 ci-

1815 5600 1942 5652 bum
1973 5615 2216 5655 sumere:
2250 5602 2294 5657 si
2323 5614 2711 5674 exspectarem
2735 5605 2802 5663 ad
2836 5605 3135 5663 crastinam
3180 5606 3391 5671 lucem,
