4020 6196
484 227 586 296 tm

1581 233 1924 299 aureum
1961 236 2053 298 AD
2092 244 2513 327 PALLADIUM.

3644 251 3751 308 408

479 348 611 414 bum
648 354 906 411 inciderit
934 372 948 419 ;
974 348 1308 417 sedentibus
1356 367 1537 412 autem
1572 356 1721 412 circa
1749 374 1874 413 eum
1908 358 2059 415 seni-

2180 362 2258 417 (αἱ
2280 362 2604 436 καθημένων
2633 364 2901 437 γερόντων
2932 367 2975 397 ’³
3004 365 3136 435 προς
3162 365 3321 420 αὐτὸν
3350 362 3580 436 ἐλάλησέ
3615 371 3744 421 τισί.

480 449 609 513 bus,
648 446 974 517 loquebatur
1015 462 1139 502 cum
1180 447 1535 519 quibusdam.
1576 449 1746 505 Aiunt
1786 451 1836 507 ci
1868 467 1881 504 :
1918 449 2060 517 Quid

480 539 656 599 vides,
693 538 869 593 abba?
908 537 1049 593 Dicit
1086 539 1194 595 illis
1228 558 1241 594 :
1276 539 1457 595 Cerno
1489 541 1755 612 quosdam
1781 541 2062 598 venientes

480 644 649 698 super
675 645 781 695 me,
821 644 961 700 quos
992 645 1145 708 rogo,
1171 638 1231 685 ut
1260 631 1443 686 sinant
1469 646 1557 689 me
1584 631 1865 703 paululum
1885 633 2063 704 poeni-

478 722 711 799 tentiam
746 736 928 793 agere.
963 717 1121 777 Tunc
1160 722 1229 777 ad
1268 737 1393 778 eum
1443 723 1668 793 quidam
1706 738 1737 780 e
1785 723 2010 780 senibus
2044 740 2059 779 :

482 816 540 871 Si
579 816 952 886 permiserint,
995 816 1157 872 modo
1185 824 1414 887 potesne
1447 817 1660 873 utiliter
1701 831 1903 873 vacare
1943 832 2060 888 pa:-

481 910 774 965 nitentite?
821 908 1124 980 Respondit
1184 925 1350 967 senex
1397 927 1412 966 :
1461 908 1724 976 Quamvis
1770 924 2059 981 nequeam,

481 1006 668 1073 tamen
713 1008 1010 1073 parumper
1054 1000 1358 1073 ingemisco
1389 1015 1555 1072 super
1580 1000 1761 1055 anima
1801 1015 1943 1065 mea,
1975 1000 2059 1056 id-

480 1111 591 1167 que
616 1095 817 1152 sullicit
845 1096 998 1151 mihi.

554 1186 644 1241 50.
702 1184 783 1242 De
836 1186 1033 1241 abbate
1099 1185 1256 1242 Sisoe
1316 1185 1855 1252 commemorabam,
1914 1185 2059 1257 quod

484 1280 705 1349 quando
743 1278 893 1333 venit
922 1279 978 1333 in
1009 1277 1258 1351 Clysma,
1306 1278 1620 1350 aegrotavit;
1651 1286 1706 1333 ct
1741 1277 1960 1334 sedente
1996 1292 2062 1332 co

484 1372 542 1427 in
587 1371 724 1425 cella
767 1384 893 1425 cum
931 1370 1204 1442 discipulo
1241 1386 1363 1439 suo,
1407 1387 1535 1427 cccc
1562 1370 1747 1425 audita
1777 1369 2063 1438 cstjanua!

482 1459 731 1531 pulsatio
755 1478 769 1515 :
806 1474 971 1531 quam
1002 1461 1315 1531 percipiens
1336 1475 1524 1527 senex,
1554 1459 1629 1514 ait
1658 1458 1931 1528 discipulo
1960 1471 2062 1512 suo

484 1554 832 1610 Abrahamo:
861 1553 960 1609 Dic
983 1554 1032 1607 ei
1057 1553 1151 1624 qui
1182 1554 1362 1624 pulsat
1388 1570 1402 1607 :
1428 1551 1544 1623 Ego
1562 1551 1750 1608 Sisoes
1772 1551 1826 1605 in
1852 1557 2059 1613 monte,

482 1662 585 1721 ego
616 1645 805 1703 Sisoes
831 1650 886 1701 in
918 1653 1108 1701 malta.
1139 1643 1233 1702 llle
1253 1660 1382 1700 vero
1413 1645 1666 1711 audiens,
1691 1643 1934 1701 evanuit.

556 1829 646 1885 5|.
689 1828 836 1884 Dixit
866 1818 1041 1884 abbas
1075 1826 1264 1884 Sisocs
1298 1824 1566 1882 Thebaeus
1596 1823 1870 1896 discipulo
1903 1833 2006 1878 Suo
2042 1838 2056 1873 :

484 1918 759 1995 Eloquere
794 1921 927 1976 mihi
963 1920 1098 1992 quid
1133 1920 1189 1975 in
1228 1936 1315 1974 me
1350 1933 1642 1990 agnoscas.
1672 1925 1726 1973 et
1753 1933 1856 1989 ego
1901 1915 2064 1971 vicis-

486 2012 592 2068 sim
629 2011 727 2069 tibi
758 2010 1032 2084 proferam
1066 2009 1211 2081 quod
1237 2009 1292 2064 in
1323 2019 1375 2065 te
1400 2023 1661 2082 agnoseo.
1684 2007 1773 2062 Ait
1802 2007 1877 2061 illi
1897 2004 2063 2060 disci-

485 2101 652 2172 pulus
687 2120 700 2157 :
742 2099 822 2156 Tu
852 2101 1030 2157 bonus
1056 2100 1264 2168 animo,
1305 2100 1399 2157 sed
1446 2100 1611 2172 paulo
1635 2098 1848 2154 durior.
1875 2098 1942 2153 Et
1980 2112 2065 2153 sc-

486 2203 591 2248 uex
617 2211 630 2247 ;
655 2191 735 2247 Tu
755 2206 905 2258 vero,
927 2192 1127 2263 inquit,
1147 2191 1327 2247 bonus
1361 2207 1443 2255 es,
1472 2192 1570 2248 sed
1600 2191 1783 2246 animo
1804 2189 2062 2244 molliori.

559 2284 651 2342 52.
689 2284 942 2340 Relatum
973 2293 1059 2342 est
1098 2284 1166 2340 de
1200 2285 1396 2339 abbate
1436 2283 1596 2339 Sisoe
1623 2281 1890 2346 Thebaeo;
1916 2280 2064 2350 quod

488 2390 685 2451 panem
722 2393 831 2433 nou
863 2376 1194 2435 conroderet.
1238 2374 1304 2429 Et
1332 2376 1388 2429 in
1423 2374 1563 2429 festo
1592 2372 1842 2439 Paschae,
1870 2372 2067 2427 fratres

486 2476 818 2542 rogaverunt
859 2478 1003 2525 eum‘
1028 2468 1325 2538 supplices,
1376 2474 1438 2522 ut
1471 2482 1596 2522 cum
1644 2467 1779 2536 ipsis
1826 2471 2068 2522 sumeret

487 2560 693 2618 cibum.
716 2559 1019 2632 Respondit
1040 2560 1405 2616 :Alterutrum
1426 2557 1675 2614 facturus
1702 2573 1846 2622 sum,
1867 2557 1951 2613 vel
1970 2571 2068 2627 pa-

488 2665 614 2705 nem
654 2665 893 2719 sumam,
917 2649 1001 2706 vel
1042 2664 1164 2721 qua:
1195 2647 1517 2705 confecistis
1552 2647 1756 2704 edulia.
1791 2646 1874 2701 llli
1917 2646 2069 2701 dixe-

486 2750 660 2799 runt:
694 2740 885 2799 Solum
914 2757 1109 2814 panem
1137 2740 1427 2811 manduca.
1462 2741 1640 2812 Atque
1668 2740 1745 2796 ita
1774 2737 1921 2795 fecit.

998 2879 1076 2934 De
1102 2877 1292 2933 abbate
1326 2876 1565 2933 Silvano.

561 2991 615 3047 l.
659 2990 771 3064 (58)
805 2991 1170 3049 Accesserunt
1192 2987 1492 3060 aliquando
1521 2958 1694 3043 abbas
1721 2980 1977 3041 Silvanus
2018 2990 2072 3038 et

2163 452 2427 522 Λέγουσιν
2454 453 2632 525 αὐτῷ·
2658 455 2722 507 Τί
2746 454 2982 525 βλέπεις,
3017 455 3192 522 ἀ66ᾶ;
3223 454 3333 509 Kal
3363 452 3514 523 λέγει
3542 454 3747 518 αὐτοῖς’

2174 544 2317 617 ὐρῶ
2341 564 2495 611 τινας
2516 546 2768 612 ἐλθόντας
2804 548 2892 600 ἐπ’
2929 548 3051 619 ἐμὲ,
3085 547 3178 603 καὶ
3220 546 3526 619 παρακαλῶ
3555 547 3749 613 αὐτοὺς

2164 638 2253 715 tua
2285 637 2490 692 ἐάσωσι
2530 655 2596 710 με
2632 638 2827 711 μικρὸν
2871 640 3221 712 μετανοῆσαι.
3255 638 3430 708 ’Λέγει
3476 638 3629 709 αὐτῷ
3669 633 3748 704 εἷς

2162 728 2273 783 τῶν
2316 731 2618 803 γερόντων·
2654 731 2766 785 Kal
2798 730 2892 785 ἐὰν
2928 730 3131 787 ὲάσωσί
3172 747 3252 796 σε,
3278 729 3485 801 ἀπάρτι
3525 730 3752 784 δύνασαι

2162 822 2531 897 χρησιμεῦσαι
2565 825 2645 888 εἰς
2684 823 3015 897 pertinenti;
3061 822 3225 895 Λέγει
3272 822 3422 894 αὐτῷ
3458 823 3488 876 ὁ
3531 822 3711 895 γέρων
3734 839 3749 855 .

2163 916 2228 969 Εί
2256 911 2313 969 δὲ
2337 914 2398 970 οὐ
2432 915 2667 988 δύναμαι
2694 916 2937 988 ποιῆσαι,
2961 915 3100 970 ἀλλὰ
3149 914 3390 979 στενάζω
3433 914 3618 971 ἐπάνω
3652 914 3755 985 τῆς

2161 1007 2341 1080 ψυχῆς
2373 1024 2473 1080 μου
2500 1008 2715 1081 μικρὸν,
2749 1007 2845 1064 καὶ
2868 1009 3030 1080 ἀρκεῖ
3058 1024 3170 1080 μοι.

2234 1191 2296 1239 ν’.
2327 1184 2551 1255 Ἔλεγον
2586 1185 2715 1257 περὶ
2737 1184 2834 1238 τοῦ
2863 1184 3008 1239 ἀϐϐἄ
3035 1183 3220 1257 Σισόη,
3249 1184 3330 1238 ὅτι
3358 1184 3447 1238 ὅτε
3485 1179 3650 1255 ἦλθεν
3675 1184 3755 1248 εἰς
3782 1192 3802 1260 ί

2163 1278 2223 1331 τὸ
2265 1276 2521 1350 Κλύσμα,
2568 1277 2864 1350 ἠσθένησε·
2906 1276 3001 1333 καὶ
3042 1276 3349 1348 καθημένου
3400 1275 3568 1331 αὑτοῦ
3616 1275 3757 1348 μετὰ

2163 1368 2256 1423 τοῦ
2301 1368 2544 1441 μαθητοῦ
2593 1369 2756 1423 αὑτοῦ
2807 1370 2889 1433 εἰς
2940 1369 3041 1440 τὴν
3090 1368 3304 1433 κέλλαν,
3350 1368 3458 1422 ἰδοῦ
3502 1366 3758 1440 κροῦσμα

2164 1459 2387 1529 γέγονεν
2430 1461 2509 1525 είς
2545 1459 2645 1532 τὴν
2684 1458 2873 1533 θύραν.
2921 1460 3031 1514 Kal
3059 1460 3255 1531 νοήσας
3298 1462 3326 1514 6
3363 1458 3562 1531 γέρων,
3609 1458 3757 1527 λέγει

2163 1550 2241 1622 τῷ
2295 1550 2509 1623 μαθητῇ
2560 1550 2724 1606 αὐτοῦ
2781 1550 3049 1624 ’Λόραάμο
3104 1551 3239 1605 Εἰπὲ
3293 1550 3372 1620 τῷ
3425 1552 3752 1622 κρούσαντι·

2178 1642 2320 1713 Ἐγὼ
2345 1643 2538 1715 Σισόης
2574 1645 2654 1709 εἰς
2703 1643 2764 1698 τὸ
2810 1643 2953 1717 ὖρος,
2982 1642 3094 1713 ἐγὼ
3127 1642 3321 1714 Σισόης
3362 1644 3441 1709 εἰς
3480 1640 3544 1695 τὺ
3586 1641 3759 1713 χαρά-

2094 1704 2138 1763 B
2165 1704 2333 1808 δριον.
2369 1736 2429 1791 '0
2557 1704 2800 1802 ἀκούσας
2830 1704 3040 1807 ἆφᾷνὴξ
3067 1704 3303 1805 ἐγένετο.

2236 1834 2334 1882 να’.
2376 1823 2543 1882 Εἶπεν
2571 1830 2599 1883 6
2627 1828 2801 1893 ἁϐϐἆς
2838 1828 3032 1899 Σισόης
3079 1828 3109 1880 6
3152 1826 3385 1899 Θηϐαῖος
3425 1824 3503 1897 τῷ
3541 1820 3757 1897 μαοῆτῇ

2168 1918 2331 1975 αὐτοῦ
2353 1936 2366 1950 ·
2401 1919 2536 1974 Εἰπέ
2568 1938 2659 1992 μοι
2690 1920 2742 1973 τί
2775 1920 2993 1991 βλέπεις
3022 1920 3101 1984 εἰς
3138 1919 3260 1991 ἐμὲ,
3298 1917 3453 1987 κόιγώ
3487 1935 3568 1972 σοι
3616 1917 3760 1985 λέγω

2166 2011 2220 2065 τί
2248 2010 2430 2084 βλέπω
2461 2013 2538 2077 είς
2568 2013 2646 2068 σέ.
2679 2012 2845 2082 Λέγει
2884 2010 3034 2083 αὐτῷ
3076 2014 3105 2065 6
3159 1993 3406 2083 μαθητῆς
3446 2007 3642 2079 αὐτοῦ·
3683 2008 3759 2060 Σὺ

2168 2104 2332 2169 καλὸς
2362 2103 2439 2176 τῷ
2466 2102 2563 2175 νῷ,
2598 2103 2693 2157 καὶ
2718 2103 2952 2175 σκληρὸς
2983 2102 3197 2175 μικρόν.
3224 2102 3386 2173 Λέγει
3428 2099 3574 2172 αὑτῷ
3604 2100 3635 2154 6
3661 2099 3759 2168 γέ»

2171 2210 2307 2269 ρωνο
2336 2196 2408 2250 Σὺ
2443 2194 2606 2260 καλὸς
2629 2191 2700 2259 εἶ,
2728 2195 2865 2250 ἀλλὰ
2888 2194 3086 2267 χαῦνος
3114 2194 3193 2268 τῷ
3225 2193 3322 2266 νῷ.

2240 2287 2338 2359 νβ’.
2369 2287 2595 2356 Ἔλεγον
2618 2287 2745 2360 περὶ
2771 2287 2865 2341 τοῦ
2895 2286 3041 2341 esse
3071 2286 3232 2357 Σισόη
3260 2284 3353 2339 τοῦ
3387 2284 3641 2356 Θηϐαίου,
3678 2284 3766 2338 ὅτι

2172 2382 2269 2436 οὐκ
2288 2380 2473 2454 ἢσθιεν
2493 2380 2674 2452 ἄρτον.
2699 2381 2810 2435 Kal
2829 2383 2907 2445 εἰς
2927 2380 3022 2451 τὴν
3045 2380 3236 2452 ἑορτὴν
3255 2380 3345 2433 τοῦ
3365 2379 3555 2450 Πάσχα
3571 2378 3768 2432 ἔϐαλον

2170 2473 2319 2546 αὐτῷ
2373 2474 2658 2546 μετάνοιαν
2702 2474 2752 2527 οἱ
2799 2472 3040 2543 ἀδελφοὶ,
3081 2472 3167 2526 ἴνα
3205 2471 3349 2542 φάγῃ
3401 2473 3518 2542 μετ’
3556 2472 3763 2524 αὐτῶν.

2171 2567 2281 2622 Kal
2319 2565 2641 2638 ἀποκριθεὶς
2682 2561 2835 2620 εἶπεν
2878 2566 3096 2630 αὐτοῖς·
3134 2563 3232 2619 Ἐν
3266 2564 3376 2637 ἔχω
3420 2565 3676 2635 ποιῆσαι·
3729 2564 3765 2633 ἦ

2171 2659 2339 2730 ἄρτον
2359 2657 2465 2730 ἔχω
2492 2656 2843 2729 μεταλαϐεῖν.
2862 2657 2896 2727 ἢ
2929 2657 3028 2712 ὅσα
3061 2657 3351 2727 ἐποιήσατε
3390 2657 3581 2726 gavia.
3616 2657 3678 2708 Oi
3706 2655 3767 2709 δὲ

2173 2745 2323 2804 εἷπον
2345 2749 2513 2821 αὐτῷ·
2537 2751 2734 2821 ’Λρτον
2759 2749 2918 2820 μόνον
2942 2749 3104 2821 φάγε.
3136 2750 3193 2802 '0
3216 2749 3271 2802 δε
3297 2749 3553 2820 ἐποίησεν
3567 2747 3761 2811 οὕτως.

2548 2883 2687 2951 Περὶ
2719 2883 2828 2938 τοῦ
2861 2880 3010 2938 ἁόὅᾶ
3037 2882 3376 2939 Σιλουανοῦ
3396 2912 3412 2931 .

2243 3000 2310 3053 α’.
2338 2991 2621 3069 Παρέὸαλέ
2653 3008 2782 3048 ποτε
2810 2995 2839 3048 6
2875 2994 3050 3058 666d;
3074 2992 3359 3057 Σιλουανδς
3391 2994 3484 3048 καὶ
3528 2994 3558 3047 6
3591 2991 3770 3063 μαθηο

489 3078 791 3140 Zacbarias
824 3082 1130 3153 discipulus
1184 3083 1305 3152 ejus
1353 3080 1422 3135 ad
1463 3078 1739 3150 quoddam
1793 3083 2066 3131 monasteo

2180 3089 2271 3160 τὴς
2299 3064 2463 3142 αὐτοῦ
2490 3084 2765 3158 Ζαχαρίας
2804 3086 2885 3149 εἰς
2934 3085 3332 3158 μοναστήριονο
3375 3084 3470 3137 καὶ
3504 3084 3770 3152 ἐποίησαν

488 3178 673 3240 rium,
716 3176 811 3230 ubi
860 3174 1037 3235 adacti
1081 3182 1211 3230 sunt
1253 3173 1321 3228 ad
1368 3186 1562 3243 parum
1593 3169 1702 3226 cibi
1742 3168 2069 3224 sumendum

490 3276 785 3339 antequam
846 3264 1355 3337 proficiscerentur.
1419 3264 1559 3319 Cum
1618 3270 1802 3318 autem
1860 3260 2069 3334 egressi

488 3361 750 3425 fuissent,
777 3358 1084 3429 discipulus
1113 3356 1234 3427 ejus
1263 3357 1319 3411 in
1345 3356 1432 3410 via
1451 3369 1649 3427 aquam
1680 3354 1904 3426 reperit,
1930 3353 2073 3410 νοιθ⁵

488 3455 692 3524 batquc
734 3452 941 3508 bibere.
975 3452 1065 3506 Alt
1110 3451 1189 3505 illi
1230 3464 1396 3506 senex
1426 3470 1443 3511 τ
1474 3447 1761 3512 Zacharia,
1797 3447 1959 3503 hodie
1988 3447 2073 3517 je-

486 3544 701 3612 junium
744 3550 850 3598 est.
892 3540 984 3596 llle
1028 3539 1243 3611 excepit
1276 3558 1291 3594 :
1322 3538 1515 3595 Nonne
1547 3537 1911 3602 comedimus,
1967 3537 2071 3592 Pa-

489 3633 620 3691 ter?
682 3631 986 3704 Respondit
1044 3646 1214 3688 senex
1265 3646 1279 3684 :
1324 3631 1421 3687 Illa
1460 3630 1729 3687 comestio
1781 3631 2072 3688 charitatis

490 3727 624 3795 fuit;
667 3743 769 3783 nos
799 3735 979 3782 autem
1017 3725 1290 3797 jejunium
1331 3729 1584 3781 nostrum
1628 3706 1938 3789 teneamus,
1971 3722 2069 3779 illi.

560 3820 615 3876 Ξ.
662 3819 771 3891 (5‘))
815 3818 983 3885 Idem,
1030 3817 1233 3874 sedens
1277 3816 1580 3889 aliquando
1616 3831 1746 3872 cum
1781 3816 2070 3880 fratribus,

488 3914 548 3970 in
591 3915 853 3970 exstasim
888 3912 1169 3983 abreptus,
1207 3910 1410 3968 cecidit
1455 3911 1512 3967 in
1555 3909 1789 3978 faciem;
1816 3917 1872 3966 et
1900 3910 2075 3981 multo

490 4014 617 4078 post
666 4020 900 4077 surgens
939 4005 1213 4076 plorabat.
1261 4003 1616 4075 Rogaverunt
1669 4017 1795 4058 eum
1845 4000 2070 4065 fratres,

489 4099 740 4154 dicentes
772 4117 786 4152 :
827 4097 970 4164 Quid
1006 4098 1199 4166 habes,
1230 4097 1434 4153 Pater?
1474 4096 1568 4153 lllc
1604 4110 1733 4152 vero
1776 4094 1991 4151 tacebat
2018 4102 2075 4150 et

492 4189 763 4261 plorabat.
790 4188 1039 4259 Cumque
1058 4197 1318 4261 cogerent
1338 4205 1463 4246 eum
1487 4188 1635 4260 loqui
1660 4206 1676 4244 :
1701 4186 1836 4259 Ego,
1870 4187 2071 4257 inquit,

491 4281 561 4335 ad
606 4279 876 4348 judicium
926 4288 1119 4351 raptus
1158 4297 1320 4348 sum;
1360 4280 1736 4352 conspexique
1778 4278 1983 4335 multos
2007 4277 2075 4334 de

2174 3181 2371 3245 αὐτοὺς
2398 3178 2697 3249 γεύσασθαι
2732 3178 2925 3250 μικρὸν
2949 3178 3054 3249 πρὸ
3084 3176 3179 3231 τοῦ
3212 3175 3448 3231 ὁδεῦσαι.
3481 3176 3588 3230 Kal
3616 3174 3773 3243 ἐξελ-

2175 3273 2375 3328 θόντων
2405 3272 2603 3337 αὐτῶν,
2646 3263 2805 3344 εὗρεν
2840 3272 2868 3325 6
2917 3268 3165 3343 μαθητὴς
3213 3268 3378 3322 αὐτοῦ
3424 3267 3569 3339 ὕδωρ
3600 3268 3660 3321 ὲν
3699 3270 3771 3338 τῇ

2173 3365 2297 3438 ὀδῷ,
2326 3367 2419 3419 καὶ
2447 3363 2605 3437 ἡθελε
2631 3365 2793 3417 πιεῖν.
2840 3363 2952 3417 Kal
2992 3359 3141 3432 λέγει
3183 3359 3329 3429 αὐτῷ
3359 3361 3388 3412 6
3419 3358 3627 3430 γέρων·
3658 3358 3769 3410 Ζα-

2175 3460 2360 3532 χαρία,
2384 3455 2607 3530 νηστεία
2641 3458 2880 3528 σήμερον
2912 3453 3047 3526 (60).
3094 3454 3153 3505 '0
3184 3451 3240 3504 δὲ
3270 3450 3451 3519 λέγει’
3486 3450 3598 3504 Οὐκ
3628 3447 3774 3517 ὲφάα

2175 3568 2365 3622 γομεν,
2400 3550 2623 3620 Dareo;
2666 3548 2829 3616 Λέγει
2880 3548 2910 3600 6
2957 3544 3170 3617 γέρων·
3218 3541 3425 3596 Ἐκεῖνο
3451 3541 3530 3607 τὸ,
3563 3539 3772 3608 ἐφάγοο

2180 3660 2278 3714 μεν
2294 3643 2359 3706 ³⁸,
2390 3640 2489 3712 τῆς
2510 3641 2733 3711 ἀγάπης
2762 3635 2829 3710 ἦν
2848 3655 2862 3669 ο
2887 3639 3051 3709 ἡμεῖς
3078 3635 3135 3690 δὲ
3158 3634 3258 3707 τὴν
3281 3632 3487 3689 ἑαυτῶν
3515 3632 3776 3703 νηστείαν

2176 3735 2558 3806 κρατήσωμεν,
2587 3731 2797 3785 τέκνον.

2248 3823 2312 3894 β’.
2356 3823 2412 3875 Ὀ
2439 3820 2604 3884 αὐτὸς
2632 3816 2995 3889 καθεζόμενός
3025 3828 3156 3870 ποτε
3187 3814 3323 3888 μετὰ
3353 3813 3619 3884 ἀδελφῶν,
3653 3812 3773 3884 ὲγέο

2175 3931 2297 3988 νε,το
2316 3914 2373 3966 ὲν
2401 3911 2676 3975 ἐκστάσει,
2699 3908 2793 3964 καὶ
2825 3907 3013 3962 πίπτει
3042 3907 3134 3961 ἐπὶ
3161 3907 3479 3978 πρόσωπον*
3509 3903 3605 3957 καὶ
3630 3902 3789 3974 μετὰ.

2178 4003 2313 4058 πολὺ
2362 4000 2603 4064 ἀναστὰς
2654 3998 2856 4053 ἔκλαιε.
2912 3997 3024 4051 Kal
3076 3995 3455 4067 παρεκάλεσαν
3504 3992 3669 4047 αὐτὸν
3719 3994 3771 4045 ot

2176 4094 2414 4164 ἀδελφοὶ,
2459 4092 2741 4162 λέγοντες·
2782 4089 2848 4143 Τί
2886 4088 3050 4159 ἔχεις,
3097 4087 3317 4158 Πάτερ;
3364 4086 3425 4140 ’0
3453 4083 3511 4138 δὲ
3554 4082 3777 4151 ἐσιώπα,

2176 4183 2271 4237 καὶ
2300 4181 2536 4236 ἔκλαιεν.
2578 4178 3015 4250 ’Λναγκαζόντων
3053 4177 3110 4231 δὲ
3148 4175 3328 4231 αὐτῶν
3361 4177 3555 4241 εἰπεῖν,
3579 4171 3768 4228 εἶπενο

2189 4274 2331 4343 Ἐγὼ
2358 4276 2436 4339 είς
2463 4273 2561 4346 τὴν
2591 4272 2770 4345 κρίσιν
2797 4271 3088 4343 ἡρπάγην·
3119 4270 3214 4325 καὶ
3247 4264 3385 4337 εἶδον
3417 4268 3639 4331 πολλοὺς
3667 4262 3773 4334 τοῦ,

489 4386 692 4443 genere
713 4378 908 4427 nostro
943 4380 1137 4427 euntes
1171 4372 1239 4427 ad
1263 4372 1615 4444 supplicium,
1654 4372 1859 4426 multos
1890 4377 2068 4425 autem

2180 4368 2366 4437 γένους
2393 4366 2550 4439 ἡμῶν
2583 4366 2991 4437 ἀπερχομένους
3026 4365 3107 4427 εἱς
3139 4362 3380 4426 κόλασιν,
3413 4362 3509 4415 καὶ
3538 4358 3773 4424 πολλοὺς

488 4481 521 4522 e
544 4464 908 4521 smeularibus
934 4471 1129 4521 euntes
1154 4463 1223 4519 ad
1252 4479 1504 4535 regnum.
1537 4463 1604 4517 Et
1628 4464 1852 4533 lugebat
1878 4476 2068 4525 senex,

383 4631 387 4636 ν
490 4575 556 4616 ac
586 4558 806 4615 nolebat
828 4558 981 4615 exire
1008 4573 1039 4613 c
1075 4557 1213 4613 cella
1241 4572 1362 4614 sua.
1389 4556 1548 4623 Quod
1582 4557 1629 4612 si
1662 4556 1815 4611 exire
1848 4567 2075 4621 cogere-

489 4660 604 4716 tur,
644 4654 928 4724 operiebat
971 4653 1188 4709 cuculla
1230 4650 1423 4708 faciem
1470 4667 1650 4713 suam,
1698 4648 2068 4717 dicebatque:

490 4746 632 4813 Quid
684 4745 905 4816 cupiam
954 4746 1139 4801 videre
1173 4743 1355 4800 lumen
1413 4742 1516 4797 hoc
1572 4740 1891 4810 temporale,
1925 4737 2072 4809 quod

491 4837 559 4894 ad
582 4837 720 4893 nihil
750 4837 885 4892 utile
914 4844 997 4893 est
1022 4836 1045 4888 ?

2178 4460 2288 4514 τῶν
2312 4459 2593 4523 κοσμικῶν
2615 4456 3022 4529 ἀπερχομένους
3051 4457 3130 4519 είς
3152 4454 3445 4523 βασιλείαν.
3476 4455 3584 4508 Καὶ
3608 4451 3777 4505 ὲπένη

2183 4551 2267 4605 θει
2297 4552 2327 4603 6
2355 4551 2556 4621 γέρων,
2593 4550 2689 4603 καὶ
2717 4549 2817 4602 οὐκ
2844 4547 3034 4619 ἢθελεν
3060 4543 3294 4610 ἐξελθεῖν
3326 4545 3392 4599 ὲκ
3421 4545 3517 4599 τοῦ
3553 4542 3779 4599 κελλίου.

2181 4642 2369 4697 αὑτοῦ.
2410 4644 2474 4697 Εἰ
2514 4642 2572 4696 δὲ
2603 4642 2699 4695 καὶ
2724 4638 3065 4712 ἠναγκάζετο
3093 4638 3326 4707 ἐξελθεῖν
3346 4638 3414 4702 ³¹,
3445 4637 3644 4692 ἐσκεπε
3690 4636 3776 4708 τῷ

2181 4733 2481 4808 κουκουλίῳ
2509 4734 2619 4806 (6|)
2651 4733 2714 4786 τὸ
2742 4732 3031 4804 πρόσωπον
3069 4730 3234 4785 αὐτοῦ
3252 4770 3266 4795 ,
3297 4729 3503 4799 λέγων·
3536 4729 3605 4783 Τί
3631 4729 3777 4784 θέλω

2184 4826 2313 4880 ἰδεῖν
2356 4826 2418 4880 τὸ
2458 4825 2573 4896 φῶς
2618 4824 2776 4879 τοῦτο
2824 4824 2884 4878 τὸ
2928 4824 3282 4895 πρόσκαιρον,
3328 4822 3423 4876 καὶ
3453 4821 3606 4877 οὐδὲν
3646 4821 3775 4895 ἔχον

2180 4917 2372 4988 όφελος
2390 4933 2405 4983 ;

555 5042 607 5078 ’⁸
645 5037 736 5099 Al.
758 5032 1041 5113 Παὶἐρων.
1120 5038 1166 5069 ³ο
1188 5036 1276 5090 Al.
1302 5035 1515 5104 φαγεῖν.
1592 5030 1633 5065 ³⁸
1662 5033 1751 5087 Al.
1784 5032 1915 5089 add.
1943 5032 2009 5086 ὲκ
2035 5048 2068 5085 τι

2180 5030 2378 5086 ιελλίου
2408 5028 2593 5084 αὑτοῦ.

564 5182 676 5255 (58)
728 5179 835 5255 gn.
861 5178 1018 5255 I_’atr.
1056 5190 1142 5238 ιιι,

728 5248 831 5304 Vit.
861 5248 1013 5303 Patr.
1049 5266 1130 5321 ιιι,
1161 5245 1247 5299 l5.

560 5311 675 5391 (60)
719 5322 936 5375 Ἤθελε
962 5317 1190 5391 πιεῖν...
1229 5313 1496 5391 νηστεία
1530 5312 1820 5391 σήμερον.
1865 5311 1928 5391 Si
1960 5321 2078 5391 post

486 5383 732 5445 somnum
762 5399 919 5444 noctu
940 5387 1283 5458 euigilaverit,
1322 5394 1470 5447 oret;
1500 5385 1548 5438 si
1571 5385 1725 5458 sitire
1745 5383 1973 5458 coeperit,
1996 5383 2080 5458 je:

488 5462 625 5526 innii
653 5468 828 5512 autem
856 5452 1171 5522 instat'dies,
1205 5456 1377 5511 bibere
1410 5472 1514 5510 non
1535 5455 1770 5509 audebit.
1800 5452 2079 5510 Pachomii

493 5529 690 5600 (tegula
727 5529 969 5596 capitulo
1001 5530 1092 5600 87.

561 5595 673 5659 itil)
720 5595 984 5652 Ἐσκεπε
1030 5596 1110 5659 τῷ
1159 5599 1515 5659 πουκουλίῳ.
1557 5596 1833 5650 Enimvero
1859 5595 2076 5664 quidam

490 5683 545 5728 ea
571 5684 791 5727 ictorum
848 5664 1090 5731 Patrum,
1132 5666 1218 5719 ubi
1267 5667 1398 5720 cella
1432 5666 1688 5734 prodiret,
1727 5674 2075 5734 legumentum

2177 5169 2338 5238 capiti
2366 5166 2686 5236 imponebat,
2709 5179 2772 5220 ne
2795 5165 3050 5238 aciemin
3078 5164 3207 5238 solis
3229 5164 3397 5238 jubar
3420 5163 3713 5222 intenderet
3745 5180 3770 5222 :

2175 5234 2494 5308 causamque
2516 5244 2731 5308 rogatus
2766 5235 3032 5308 respondit
3058 5250 3099 5308 ί
3112 5234 3313 5307 Ecquid
3339 5246 3417 5295 est
3441 5252 3537 5291 cur
3568 5248 3774 5306 tempo-

2182 5305 2602 5365 rarium'lnmen
2638 5307 2810 5363 uidere
2841 5306 3032 5363 velim?
3058 5305 3249 5376 arm;
3282 5322 3347 5360 ex
3382 5322 3515 5365 mss.
3542 5323 3556 5359 :
3589 5308 3774 5376 Καίγι

2181 5396 2266 5443 τις
2291 5379 2403 5433 τῶν
2431 5377 2601 5447 ἁγίων
2635 5378 2934 5449 ΔΠαιτέροον,
2968 5376 3132 5449 ἡνίκα
3186 5375 3289 5446 τῆς
3306 5376 3529 5449 ,κέλληςί
3550 5375 3768 5449 προῄει,

2185 5451 2449 5520 κάλυμμα
2480 5446 2573 5502 ἐπὶ
2595 5446 2694 5570 τὴν
2729 5446 2970 5533 κεφαλὴν
2992 5446 3194 5511 ἐτίθει,
3225 5446 3361 5526 πρὸς
3381 5447 3443 5501 τὸ
3473 5446 3552 5518 μὴ
3586 5446 3771 5531 ἀτενί-

2185 5537 2270 5570 σαι
2297 5523 2405 5570 (ΔΙ.
2447 5521 2636 5570 ὲνατεν
2664 5523 2777 5570 σαιὶ
2818 5536 2919 5570 την
2963 5518 3140 5570 αὐγὴν
3171 5533 3267 5570 του
3299 5516 3472 5570 ἡλίου.
3510 5519 3619 5570 Kal
3665 5534 3759 5570 επο

2180 5537 2270 5576 σαι
2297 5516 2405 5590 (ΛῘ.
2447 5516 2777 5590 ὲνατενίσαι)
2811 5516 2940 5589 τῆν’
2963 5518 3140 5590 αὐγὴν
3171 5516 3619 5590 τοῦήλλί-ουξᾼΚαὶ
3665 5521 3759 5590 sf:-

2177 5586 2530 5661 ερωτιῦμενος
2555 5588 2654 5660 τὴν
2698 5586 2889 5661 αἰτίαν
2932 5586 3574 5661 ἀπεκρίνατοχΤί-θὲλω
3603 5586 3768 5661 τοῦτο

2177 5657 2235 5715 τδ
2257 5657 2456 5732 stage»;
2489 5657 2819 5732 πρόσκαιρον
2854 5660 3015 5727 ἰδεῖν,
3044 5657 3244 5717 Tltcod.
3291 5658 3508 5715 Studita
3530 5668 3639 5716 cat.
3673 5659 3769 5714 18.
