4020 6196
319 163 431 259 «is

1440 188 2056 253 APOPIITHEGMATA
2097 190 2409 253 PATRUM.

3487 201 3595 260 ιω

394 319 465 381 γ’.
501 309 728 364 ’Λλλοτε
761 306 1011 381 εἰσῆλθεν
1049 308 1078 362 6
1121 307 1364 381 μαθητὴς
1410 308 1574 365 αὐτοῦ
1617 309 1914 383 Ζαχαρίας,

2091 310 2148 366 3.
2191 308 2338 381 (62)
2367 308 2490 369 Alio
2540 315 2784 380 tempore
2829 310 3111 381 ingressus
3161 317 3246 367 est
3293 310 3595 382 discipulus

327 404 425 459 καὶ
455 393 613 476 εὗρεν
643 399 808 456 αὐτὸν
827 400 888 453 ὲν
920 400 1199 471 ἐκστάσει,
1229 401 1324 459 καὶ
1348 399 1405 453 αἱ
1437 402 1617 473 χεῖρες
1643 401 1808 457 αὑτοῦ
1835 403 1917 467 είς

327 495 424 550 τὸν
453 493 677 564 οὐρανὸν
706 491 1050 563 ήπλωμέναι.
1094 492 1206 548 1(αὲ¹
1249 490 1468 556 κλείσας
1506 491 1605 565 τὴν
1636 491 1806 565 θύραν
1825 491 1915 560 ἐξ·

331 585 481 659 ἦλθε.
501 584 613 641 Καὶ
640 582 811 638 ἐλθὼν
842 585 971 656 περὶ
991 581 1139 659 ὤραν
1170 581 1334 654 ἕκτην
1364 582 1459 637 καὶ⁸
1486 581 1736 653 ἐννάτην,
1756 576 1915 654 εὗρεν

335 677 489 731 αὐτὸν
516 675 710 739 οὕτως.
761 674 874 731 Καὶ
906 673 1034 746 περὶ
1077 672 1226 744 ὤραν
1253 673 1487 747 δεκάτην
1522 671 1780 745 ἔκρουσε·
1819 671 1915 727 καὶ

332 765 601 831 εἰσελθὼν,
630 758 788 838 εὗρεν
822 763 982 819 αὐτὸν
1018 762 1380 836 ἡσυχάζοντα,
1412 762 1507 819 καὶ
1546 762 1694 834 λέγει
1732 762 1914 835 αὐτῷ·

333 855 392 911 Τί
431 854 578 927 ἔχεις
622 855 886 926 σήμερον,
920 852 1142 924 Πάτερ;
1189 852 1250 909 '0
1291 852 1349 907 δὲ
1391 848 1579 911 εἶπεν·
1610 852 1914 924 Ἦσθένησα

332 945 585 1017 σήμερον,
607 943 818 998 τέκνον.
853 943 912 997 '0
944 942 1003 997 δὲ
1040 944 1318 1017 κρατήσας
1361 943 1487 1008 τοὺς
1522 942 1691 1010 πόδας
1722 941 1911 1009 αὐτοῦ,

326 1035 542 1104 ξλεγενο
570 1034 645 1089 Οὐ
679 1036 756 1105 μή
783 1050 843 1087 σε
874 1033 1041 1098 ἐάσω,
1078 1032 1174 1088 ἐὰν
1210 1032 1286 1107 μὴ
1326 1035 1485 1107 εἴπῃς
1512 1052 1601 1108 μοι
1651 1034 1706 1089 τί
1748 1029 1911 1100 εἷδες.

326 1126 489 1197 Λέγει
521 1126 668 1197 αὖτῷ
693 1127 722 1179 6
744 1125 921 1198 γέρων
940 1141 954 1158 ο
996 1123 1137 1194 Ἐγὼ
1157 1126 1240 1190 εἰς
1264 1125 1355 1181 τὸν
1378 1126 1606 1200 οὐρανὸν
1634 1125 1911 1201 ἠρπάγην,

327 1218 420 1272 xci.
448 1213 590 1272 εἶδον
617 1218 714 1289 τὴν
734 1217 895 1284 δόξαν
922 1215 1017 1271 τοῦ
1061 1215 1219 1285 Θεοῦ,
1258 1218 1354 1273 καὶ
1394 1220 1511 1274 ἐκεῖ
1553 1217 1789 1290 ἱστάμην
1808 1218 1914 1285 ἕως

325 1311 477 1384 ἄρτι,
501 1311 595 1367 καὶ
620 1311 715 1367 νῦν
746 1311 1042 1384 ἀπελύθήν.

396 1505 460 1564 δ’.
506 1509 883 1581 Καθεζομένου
924 1512 1053 1565 ποτὲ
1100 1512 1197 1566 τοῦ
1232 1511 1377 1568 άϐϐᾶ
1416 1509 1702 1568 Σιλουανοῦ
1744 1510 1825 1576 είς
1852 1508 1916 1567 τὸ

323 1599 451 1673 ὅρος
479 1599 540 1653 τὸ
581 1599 734 1668 Σινὰ,
780 1600 1023 1672 ἀπῆλθεν
1064 1604 1096 1656 6
1140 1602 1391 1677 μαθητὴς
1429 1603 1595 1659 αὐτοῦ
1637 1601 1913 1676 Ζαχαρίας

2017 401 2137 472 eius
2168 399 2507 466 Zacharias.
2531 406 2589 458 et
2623 400 2832 458 invenit
2865 415 2989 457 eum
3020 402 3079 457 in
3104 402 3343 469 exstasi,
3372 416 3598 461 manus-

2015 507 2124 563 que
2155 491 2278 562 eius
2317 491 2376 549 in
2413 490 2617 549 cmlum
2653 498 2894 548 extensae
2928 500 3105 548 erant.
3148 492 3426 548 Claudens
3466 506 3598 563 ergo

2013 581 2268 653 ianuam,
2299 580 2456 639 exiit.
2480 579 2682 639 Postea
2711 581 2945 637 veniens
2976 579 3128 636 circa
3164 579 3351 635 horam
3384 588 3594 635 sextam

2016 681 2077 729 et
2096 687 2326 742 nonam,
2351 672 2556 743 reperit
2576 671 2730 731 illum
2758 670 2811 724 in
2834 669 3024 727 eodem
3055 675 3227 725 statu.
3258 668 3418 725 Circa
3440 669 3593 725 deci—

2014 778 2163 821 mam
2196 777 2328 819 vero
2380 761 2572 823 horam
2616 757 2898 833 pulsavit,
2947 772 3013 812 ac
3048 758 3260 815 intrans
3287 764 3483 820 nactus
3510 764 3597 815 est

2014 856 2389 927 quiescentem
2424 893 2441 920 ,
2482 854 2668 924 aitque
2702 852 2782 907 illi
2816 869 2831 905 :
2860 849 3003 917 Quid
3032 849 3195 905 hodie
3241 849 3337 905 tibi
3361 856 3467 914 est,
3495 848 3593 906 Pa-

2014 949 2132 1005 ter?
2162 945 2509 1018 Respondit:
2539 944 2716 1002 Hodie
2747 942 3002 999 inﬁrmus
3028 940 3127 1009 fui,
3154 940 3249 995 fili.
3281 940 3463 995 Atille
3495 954 3595 1010 ap-

2013 1038 2306 1111 prehensis
2348 1037 2584 1110 pedibus
2638 1036 2783 1107 ejus,
2825 1033 2965 1091 dixit
2995 1052 3009 1089 :
3038 1030 3161 1091 Non
3199 1042 3253 1089 te
3293 1031 3592 1098 dimittam,

2015 1131 2127 1188 nisi
2180 1130 2315 1188 mihi
2363 1127 2700 1189 iudicaveris
2737 1125 3003 1197 quidnam
3039 1122 3394 1193 conspexisti.
3442 1120 3598 1179 Tunc

2014 1238 2186 1282 senex
2215 1224 2283 1281 ad
2305 1236 2433 1279 eum
2477 1236 2490 1275 :
2522 1220 2639 1292 Ego
2665 1221 2721 1275 in
2754 1218 2957 1277 coelum
2990 1224 3204 1288 raptus,
3225 1214 3339 1271 vidi
3367 1214 3597 1285 gloriam

2014 1315 2133 1381 Dei,
2172 1315 2396 1386 illicquo
2428 1312 2557 1369 steti
2589 1311 2877 1376 hactenus,
2927 1315 3093 1378 atque
3139 1305 3303 1361 modo
3332 1304 3597 1363 dimissus

2014 1422 2160 1465 sum.

2082 1519 2139 1575 4.
2181 1517 2297 1589 (65)
2333 1513 2630 1572 Residente
2674 1510 2972 1584 aliquando
3025 1510 3221 1566 abbate
3265 1507 3493 1564 Silvano
3537 1506 3595 1561 in

2015 1620 2200 1665 monte
2231 1609 2386 1676 Sina,
2409 1607 2547 1663 abiit
2570 1603 2879 1676 discipulus
2909 1601 3030 1673 ejus
3062 1599 3358 1656 Zacharias
3385 1598 3454 1652 ad
3488 1597 3595 1651 mi-

323 1693 407 1755 είς
449 1691 746 1757 διακονίαν,
791 1694 887 1748 καὶ
937 1693 1086 1763 λέγει
1123 1693 1203 1764 τῷ
1243 1694 1493 1765 γέροντισ
1527 1694 1821 1749 Ἀπόλυσον
1851 1692 1914 1749 τὸ

2019 1702 2320 1767 nistcrium,
2350 1708 2406 1756 et
2429 1700 2509 1755 ait
2537 1699 2657 1756 seni
2687 1714 2703 1753 :
2732 1695 2956 1750 Dimitte
3008 1707 3230 1765 aquam,
3264 1700 3433 1760 atque
3478 1689 3595 1759 riga

324 1782 489 1853 ὕδωρ.
516 1783 615 1836 καὶ
641 1784 858 1837 πάτισον
895 1784 988 1839 τὸν
1019 1785 1215 1857 κῆπον.
1249 1784 1307 1840 '0
1350 1784 1408 1841 δὲ
1447 1782 1678 1850 ἐξελθὼν
1709 1783 1913 1841 Saxeus

325 1873 426 1945 τὴν
465 1873 591 1944 ὄψιν
642 1875 804 1929 αὑτοῦ
852 1875 930 1947 τῷ
977 1877 1301 1947 κουκουλίῳ,
1348 1876 1442 1933 καὶ
1478 1876 1638 1949 μόνον
1674 1876 1746 1931 τὰ
1791 1876 1912 1949 ῐχνη

325 1964 498 2019 αὐτοῦ
532 1965 743 2021 ἒϐλεπε.
768 1967 1053 2037 Παρέϐαλε
1084 1969 1142 2023 δὲ
1165 1968 1389 2039 ἀδελφὸς
1423 1968 1468 2001 ³¹
1499 1969 1637 2039 αὐτῇ
1663 1970 1731 2039 τῇ
1761 1966 1913 2041 ὥρᾳ*

327 2057 430 2111 καὶ
464 2057 588 2111 ἰδὼν
610 2058 768 2112 αὐτὸν
794 2060 905 2113 άπὸ
936 2062 1231 2133 μακρόθεν,
1268 2061 1515 2117 κατενόει
1545 2060 1599 2114 τί
1633 2061 1910 2132 ἐποίησεν,

325 2150 598 2205 Εἰσελθὼν
623 2152 679 2206 δὲ
702 2154 733 2206 6
760 2153 987 2222 ἀδελφὸς
1019 2154 1158 2225 πρὸς
1184 2152 1368 2217 αὐτὸν,
1408 2146 1563 2208 εἶπεν
1580 2166 1596 2184 ·
1624 2149 1763 2205 Εἰπέ
1798 2167 1911 2221 μοι,

325 2242 490 2309 άϐὃᾶ,
514 2242 568 2296 τί
602 2243 665 2297 τὸ
691 2244 981 2315 πρόσωπόν
1009 2261 1100 2298 σου
1122 2243 1538 2306 κατεσκέπασας
1571 2241 1652 2313 τῷ
1682 2258 1915 2296 κουκου-

325 2335 446 2405 hisp,
491 2336 587 2390 καὶ
621 2335 794 2400 οὕτως
830 2336 922 2390 τὸν
972 2336 1146 2407 κῆπον
1185 2333 1457 2400 ἑπότιζεςς
1505 2332 1667 2404 Λέγει
1702 2332 1851 2404 αὑτῷ
1882 2333 1917 2388 6

324 2424 527 2496 γέρων·
564 2425 788 2493 Τέκνον,
824 2426 912 2480 ἵνα
959 2426 1034 2496 μὴ
1078 2426 1259 2480 ἴδωσιν
1302 2426 1353 2479 oi
1387 2423 1657 2496 ὀφθαλμοί
1702 2439 1804 2494 μου
1842 2421 1917 2477 τὰ

321 2515 533 2588 δένδρα,
561 2517 657 2571 καὶ
684 2517 1036 2594 άπασχοληθῇ
1059 2519 1089 2572 6
1115 2518 1240 2582 νοῦς
1268 2534 1368 2589 μου
1397 2516 1507 2571 άπὸ
1528 2516 1629 2587 τῆς
1650 2516 1914 2588 ἐργασίας

321 2608 491 2664 αὐτοῦ
521 2609 603 2672 είς
630 2608 790 2665 αὐτὰ.

388 2731 453 2780 ε’.
503 2725 789 2796 Παρέόαλέ
827 2741 912 2788 τις
949 2722 1174 2794 ἀδελφὸς
1213 2722 1291 2795 τῷ
1331 2722 1474 2794 άϐϐᾷ
1515 2720 1789 2794 Σιλουανῷ
1830 2722 1911 2787 είς

323 2821 383 2873 τὸ
415 2820 547 2891 ὅρος
584 2820 647 2873 τὸ
671 2821 830 2875 Σινάο
871 2821 965 2873 καὶ
998 2818 1121 2873 ίδὼν
1147 2819 1276 2882 τοὺς
1310 2817 1568 2887 ἀδελφοὺς
1596 2815 1913 2889 ἐργαζομέ-

2014 1795 2258 1850 hortum.
2302 1793 2404 1848 llle
2438 1800 2622 1848 autem
2666 1790 2880 1853 exiens,
2934 1786 3149 1858 tegebat
3192 1784 3386 1840 faciem
3438 1795 3595 1837 suam

2014 1886 2257 1951 cuculla,
2284 1892 2612 1954 tantumque
2636 1881 2855 1937 videbat
2883 1879 2948 1935 ad
2978 1877 3145 1950 pedes
3172 1891 3324 1933 suos.
3353 1871 3597 1928 Accessit

2012 1975 2204 2032 eadem
2249 1974 2388 2029 hora
2432 1972 2660 2043 quidam
2695 1969 2903 2037 frater;
2944 1970 3039 2039 qui
3072 1966 3308 2022 intuitus
3344 1979 3375 2018 a
3414 1964 3594 2031 longe,

2015 2065 2330 2122 attendebat
2352 2063 2485 2136 quid
2507 2063 2733 2119 faceret.
2750 2061 2804 2118 Is
2824 2063 2994 2115 frater
3022 2059 3090 2113 ad
3118 2059 3267 2112 illum
3289 2057 3592 2125 ingressus,

2015 2161 2155 2216 dixit
2190 2176 2206 2214 :
2240 2159 2420 2224 Abba,
2446 2157 2611 2214 eﬂare
2637 2155 2794 2219 mihi,
2828 2169 2933 2210 cur
2974 2152 3168 2206 faciem
3198 2158 3347 2202 tuam
3379 2144 3595 2200 cut-ulla

2013 2252 2298 2315 obtexisti,
2347 2257 2513 2320 atque
2554 2249 2628 2304 ita
2676 2245 2945 2317 irrigahas
2990 2240 3260 2297 hortum?
3296 2234 3599 2307 Respondit

2015 2361 2182 2404 senex
2212 2364 2226 2400 :
2257 2343 2383 2409 Fili,
2415 2357 2484 2398 ne
2511 2340 2655 2396 oeuli
2690 2339 2797 2395 mei
2838 2337 3090 2393 viderent
3129 2335 3378 2396 arbores,
3410 2343 3595 2386 menso

2012 2453 2122 2510 que
2168 2444 2500 2494 avocaretur
2545 2434 2617 2489 ab
2655 2429 2979 2503 operatione
3023 2442 3155 2492 sua,
3214 2429 3480 2494 occupata
3536 2419 3596 2475 in

2015 2530 2150 2586 illis.

2088 2724 2144 2782 5.
2187 2723 2302 2796 (64)
2342 2722 2578 2791 Quidam
2639 2722 2809 2777 frater
2870 2719 2938 2775 ad
3002 2719 3256 2773 abbatem
3316 2714 3594 2769 Silvanum

2015 2813 2164 2870 venit
2189 2813 2245 2867 in
2274 2818 2515 2867 montem
2536 2808 2703 2875 Sina;
2738 2816 2794 2863 et
2829 2807 3023 2861 videns
3049 2804 3251 2858 fratres
3282 2806 3594 2870 eperantes,

322 2929 470 2977 νους,
512 2908 638 2966 εἷπε
675 2912 754 2983 τῷ
794 2912 1029 2983 γέροντι·
1089 2911 1175 2984 Μὴ
1221 2910 1520 2982 ἐργάζεσθε
1563 2910 1664 2982 τὴν
1711 2909 1913 2982 βρῶσιν

2019 2905 2153 2963 dixit
2175 2903 2293 2960 seni
2332 2923 2344 2958 :
2378 2901 2459 2957 Ne
2497 2899 2797 2972 operemini
2842 2897 3027 2952 cibum
3058 2895 3151 2965 qui
3183 2894 3323 2964 perit
3356 2892 3423 2945 ³⁵.
3474 2891 3596 2944 Ma-

320 3002 421 3073 τὴν
467 3001 870 3074 ἀπολλυμένην.
924 3002 1113 3073 Μαρία
1164 3001 1274 3072 γὰρ
1320 3001 1419 3073 τὴν
1466 3000 1675 3071 ἀγαθὴν
1721 3000 1914 3073 μερίδα

322 3094 626 3162 ἐξελέξατο.
677 3095 839 3164 Λέγει
874 3096 904 3149 6
933 3094 1113 3165 γέρων
1134 3093 1227 3163 ,τῷ
1270 3093 1481 3165 μαθητῇ
1513 3092 1677 3147 αὐτοῦ
1696 3108 1710 3122 ·
1743 3090 1917 3164 Ζαχα-

325 3186 437 3258 ρία,
464 3186 558 3249 δὺς
574 3184 656 3256 τῷ
675 3184 889 3255 ἀδελφῷ
913 3184 1134 3255 βιϐλίον,
1151 3184 1247 3237 καὶ⁵
1270 3182 1397 3253 βάλε
1418 3182 1582 3238 αὐτὸν
1604 3184 1684 3247 εἰς
1705 3182 1917 3237 κελλίον

326 3279 505 3351 μηδὲν
540 3278 687 3349 ἔχον.
720 3279 851 3331 Ὅτε
897 3273 990 3330 οὗν
1030 3276 1246 3346 ἐγένετο
1284 3274 1319 3347 ή
1365 3274 1483 3346 ὥρα
1526 3274 1629 3346 τῆς
1667 3275 1914 3347 ὲννάτης,

325 3371 591 3441 προσεῖχε
614 3371 680 3441 τῇ
707 3367 863 3439 θύρᾳ,
890 3369 941 3421 εί
966 3367 1074 3438 ἄρα
1103 3366 1378 3438 πέμπουσι
1403 3365 1627 3419 καλέσαι
1653 3366 1815 3419 αὐτὸν
1836 3367 1917 3430 εἰς

327 3461 389 3516 τὸ
433 3462 656 3531 φαγεῖν.
694 3459 783 3522 Ὠς
826 3457 883 3510 δὲ
934 3457 1107 3520 οὐδεὶς
1151 3455 1409 3511 ἐκάλεσεν
1451 3455 1634 3520 αὐτὸν,
1680 3455 1919 3519 ἀναστάς

324 3547 460 3623 ἦλθε
488 3549 626 3622 πρὸς
660 3548 750 3601 τὸν
776 3547 1025 3619 γέροντα,
1054 3546 1149 3600 καὶ
1185 3545 1333 3615 λέγει
1368 3544 1547 3617 αὐτῷ·
1571 3545 1686 3599 Οὐκ
1718 3545 1920 3619 ἔφαγον

329 3642 378 3695 oi
407 3639 637 3709 ἀδελφοὶ
663 3639 922 3711 σήμερον,
950 3637 1123 3705 ἀ66ἄ;
1147 3638 1310 3708 Λέγει
1330 3640 1480 3711 αὐτῷ
1504 3640 1534 3693 6
1553 3640 1733 3712 γέρων
1750 3658 1764 3673 ·
1786 3640 1916 3699 Ναί.

333 3728 475 3787 Εῐπε
524 3730 619 3784 δέ·
648 3730 803 3783 Διατί
859 3730 959 3783 οὐκ
1009 3728 1304 3783 ὲκαλέσατέ
1358 3747 1456 3801 με;
1511 3729 1673 3801 Λέγει
1715 3730 1864 3802 αὐτῷ
1892 3732 1921 3786 6

329 3826 549 3897 γέρων·
592 3821 809 3892 Ἐπειδὴ
853 3821 1137 3892 ἄνθρωπος
1186 3823 1551 3893 πνευματικὸς
1596 3817 1666 3887 εἳ,
1713 3823 1807 3877 καὶ
1856 3824 1919 3876 οὐ

330 3915 526 3987 χρείαν
551 3913 696 3985 ἔχεις
730 3911 832 3982 τῆς
861 3911 1116 3984 βρώσεως
1146 3912 1380 3986 ταύτης’
1416 3916 1576 3985 ἡμεῖς
1624 3913 1684 3968 δὲ
1733 3930 1922 3984 σαρκι-

331 4009 418 4063 xei.
447 4008 607 4071 ὄντες
635 4006 863 4077 θέλομεν
891 4009 1105 4075 φαγεῖν,
1133 4007 1229 4061 καὶ
1248 4008 1340 4061 διὰ
1361 4006 1518 4061 τοῦτο
1541 4004 1918 4078 ὲργαζόμεθαυ

251 4140 271 4154 .
333 4100 398 4153 σὺ
430 4099 495 4154 δι
521 4099 620 4172 τὴν
648 4100 821 4170 καλὴν
862 4098 1053 4171 μερίδα
1096 4099 1343 4167 ἐξελέξω,
1369 4097 1756 4169 ἀναγινώσκων
1794 4098 1921 4171 ὅλην

2017 2998 2102 3052 ria
2129 2995 2277 3052 enim
2303 2993 2567 3065 optimam
2594 2999 2801 3063 partem
2842 2988 3005 3059 elegit
3036 2988 3104 3042 ³⁸.
3172 2986 3262 3039 Ait
3310 2997 3474 3040 senex
3513 2978 3598 3035 di-

2017 3088 2230 3159 scipulo
2274 3101 2407 3142 suo:
2444 3083 2731 3147 Zacharia,
2761 3082 2827 3137 da
2854 3081 3056 3136 librum
3102 3077 3281 3143 fratri,
3318 3083 3373 3132 et
3411 3073 3599 3129 ducito

2017 3195 2145 3236 eum
2178 3180 2233 3235 in
2260 3178 2456 3235 cellam
2495 3177 2549 3232 in
2589 3189 2697 3246 qua
2736 3173 2874 3229 nihil
2912 3173 3014 3227 sit.
3045 3171 3184 3227 Cum
3214 3183 3346 3241 ergo
3383 3165 3601 3220 advenit

2018 3272 2157 3327 hora
2200 3284 2370 3334 nona,
2415 3265 2751 3338 respiciebat
2794 3279 2892 3336 per
2935 3262 3162 3325 ostium,
3209 3275 3277 3313 an
3320 3254 3601 3311 mitterent

2018 3366 2115 3436 qui
2161 3367 2386 3418 vocaret
2419 3374 2547 3417 eum
2590 3359 2660 3415 ad
2708 3354 3172 3413 manducandum.
3220 3351 3402 3422 thue
3441 3363 3601 3405 nemo

2019 3456 2257 3521 vocavit,
2317 3468 2555 3525 surgens
2608 3451 2890 3522 profectus
2927 3455 3012 3504 est
3063 3446 3133 3500 ad
3177 3459 3381 3500 senem.
3424 3441 3597 3507 Quem

2021 3548 2319 3616 interrogat
2360 3545 2441 3600 sic
2484 3542 2697 3607 :Abba,
2741 3556 2849 3596 non
2903 3538 3260 3595 comederunt
3296 3533 3460 3588 hodie
3494 3531 3602 3586 fra-

2022 3634 2177 3691 tres?
2220 3630 2528 3702 Respondit
2578 3644 2746 3685 senex
2794 3645 2809 3682 :
2863 3626 3064 3687 Etiam,
3104 3622 3480 3679 comederunt.
3532 3619 3603 3673 Et
3680 3693 3687 3700 ‘

2021 3741 2211 3797 quare.
2245 3724 2448 3793 inquit,
2485 3736 2596 3777 non
2626 3717 2999 3775 arcessivistis
3031 3715 3159 3770 me?
3204 3712 3344 3767 Tum
3389 3723 3596 3767 senex:

2021 3818 2163 3885 Quia
2196 3817 2364 3872 homo
2403 3812 2673 3883 spiritalis
2714 3827 2798 3880 es,
2830 3825 2931 3866 nec
2961 3824 3095 3879 eges
3144 3806 3267 3862 cibo
3314 3805 3451 3869 hoc;
3496 3814 3599 3854 nos

2023 3918 2205 3969 autem
2242 3915 2437 3981 utpote
2463 3905 2739 3971 carnales,
2764 3902 3099 3958 manducare
3124 3898 3400 3960 volumus,
3438 3901 3601 3961 atque

2024 4000 2152 4057 ideo
2189 4014 2522 4071 operamur;
2557 4005 2619 4055 tu
2644 4010 2777 4053 vero
2819 3994 3082 4063 optimam
3123 3996 3331 4061 partem
3363 3982 3598 4054 elegisti,

2025 4095 2117 4167 qui
2150 4095 2287 4164 legis
2345 4108 2445 4164 per
2486 4098 2663 4147 totum
2698 4087 2863 4153 diem,
2910 4097 3011 4141 nec
3042 4082 3125 4138 vis
3168 4092 3388 4136 sumere
3416 4075 3601 4131 cibum

331 4193 432 4265 τὴν
460 4166 696 4265 ἡμέραν,
720 4166 812 4245 καὶ
846 4166 908 4244 οὐ
934 4166 1124 4256 θέλεις
1168 4196 1363 4262 φαγεῖν
1394 4166 1661 4264 σαρκικὴν
1696 4166 1914 4262 βρῶσιν.

2028 4166 2326 4240 carnalem.
2365 4182 2466 4238 llis
2495 4179 2721 4244 auditis,
2769 4177 2963 4243 frater,
2999 4170 3335 4245 pmnitentia:
3370 4166 3602 4222 inclina-

332 4255 450 4339 κξιι
576 4255 775 4354 ἢκουσε
796 4281 991 4347 ταῦτα,
1015 4255 1193 4337 εδάλέ
1216 4255 1523 4355 μετάνοιαν,
1548 4255 1760 4352 λέγων’
1787 4280 1914 4352 Eur

2029 4276 2180 4353 tione
2230 4273 2399 4341 facta,
2447 4273 2587 4329 dixit
2631 4289 2646 4326 :
2694 4270 2923 4344 ignosce
2962 4265 3119 4331 mihi,
3169 4262 3331 4318 abba.
3379 4255 3603 4326 Excepit

331 4376 591 4449 χώρησόν
634 4393 743 4445 μοι,
785 4375 945 4429 acea.
978 4374 1143 4444 Λέγει
1185 4375 1334 4447 αὐτῷ
1377 4376 1407 4428 6
1445 4376 1647 4446 γέρων·
1700 4375 1925 4438 Πάντως

331 4468 532 4538 χρείαν
563 4466 676 4538 ἔχει
706 4467 802 4522 καὶ
844 4470 879 4538 ἡ
912 4466 1096 4537 Μαρία
1140 4467 1240 4538 τῆς
1287 4466 1547 4539 Μάρθας
1575 4465 1663 4521 διὰ
1683 4465 1792 4537 γὰρ
1827 4466 1925 4537 τῆς

332 4559 570 4633 Μάρθας
598 4560 693 4612 καὶ
719 4560 752 4630 ἡ
782 4560 969 4633 Μαρία
1001 4557 1428 4633 ἐγκωμιάζεται.

406 4678 487 4738 ς’.
525 4670 846 4744 ’Πρώτησάν
880 4690 1012 4728 ποτε
1040 4672 1133 4727 τὸν
1178 4671 1354 4728 ἀϐὅᾶν
1394 4670 1703 4736 Σιλουανὸν,
1737 4669 1921 4738 λέγον-

332 4778 452 4827 τις⁸
476 4762 646 4817 Ποίαν
669 4762 949 4818 πολιτείαν
963 4766 1011 4818 εί
1018 4764 1226 4837 ργάσω,
1242 4763 1425 4834 Πάτερ
1440 4762 1506 4827 ³³,
1529 4761 1618 4817 ενα
1641 4759 1814 4833 λάϐῃς
1829 4759 1931 4831 τὴν

337 4854 609 4927 φρόνησιν
633 4856 872 4927 ταύτηνς
903 4857 1013 4911 Καὶ
1033 4840 1327 4928 άπεκρίθηλ
1351 4854 1621 4909 Οὐδέποτε
1641 4853 1832 4923 ἀφῆκα
1848 4851 1928 4915 είς

333 4945 441 5017 τὴν
463 4946 691 5019 καρδίαν
721 4965 822 5018 μου
852 4947 1112 5020 λογισμὸν
1145 4947 1550 5020 παροργίζοντα
1573 4945 1667 5001 τὸν
1697 4944 1851 4999 Θεόν.

2023 4348 2231 4423 senex:
2264 4366 2433 4422 Plane
2460 4373 2516 4421 et
2547 4362 2738 4419 Maria:
2784 4359 3102 4418 necessaria
3140 4365 3225 4415 est
3261 4353 3498 4413 Martha.
3522 4348 3603 4404 Ex

2025 4457 2239 4513 Martha
2268 4456 2418 4515 enim
2437 4456 2604 4512 etiam
2639 4452 2809 4509 Maria
2832 4448 3180 4525 praedicatur.

2096 4659 2157 4716 6.
2199 4658 2315 4730 (65)
2357 4656 2843 4727 lntcrrogaverunt
2877 4644 3173 4719 aliquando
3202 4642 3453 4699 abbatem
3492 4637 3601 4694 Sil-

2025 4767 2228 4808 vanum
2273 4749 2357 4808 sic
2393 4768 2407 4805 :
2445 4748 2505 4805 In
2531 4745 2839 4819 cuiusmodi
2873 4744 3020 4799 bona
3049 4739 3267 4795 actione
3306 4731 3601 4791 exercuisti

2025 4847 2101 4906 te,
2133 4840 2316 4906 Pater,
2345 4848 2406 4895 ut
2448 4839 2593 4895 hanc
2622 4853 2731 4908 qua
2764 4836 3032 4907 praeditus
3065 4848 3148 4896 es,
3181 4823 3604 4896 consequereris

2024 4932 2413 5004 prudentiam?
2444 4932 2510 4988 Et
2543 4930 2830 5003 respondit
2861 4947 2889 4985 :.
2919 4926 3211 4995 Nunquam
3229 4916 3454 4992 permisi
3484 4929 3602 4970 ma-

2023 5041 2155 5082 nere
2186 5026 2244 5082 in
2273 5024 2440 5082 corde
2466 5040 2589 5083 meo
2615 5022 3004 5096 cogitationem
3031 5031 3152 5090 qua:
3177 5015 3349 5074 Deum
3365 5010 3435 5068 ad
3462 5009 3600 5067 iram

2022 5127 2373 5188 provocaret.

418 5341 472 5375 ³³
502 5338 591 5397 Al.
618 5339 789 5401 inscr.
818 5338 987 5412 αὐτῷ.
1068 5340 1113 5374 ³³
1135 5339 1305 5399 Abest
1325 5340 1511 5410 Πάτερ
1537 5338 1608 5397 ab
1639 5336 1710 5394 al.
1792 5338 1839 5379 ³ι
1866 5335 1914 5392 Jt

2019 5378 2027 5391 .
2067 5348 2142 5401 vt,
2179 5332 2272 5388 27.
2351 5331 2399 5364 ³⁸
2419 5329 2553 5386 Luc.
2585 5344 2641 5397 x,
2670 5328 2759 5383 ω.

413 5552 530 5622 ((32)
582 5552 684 5622 [ἢ.
713 5551 867 5607 Patr.
903 5568 941 5616 1,
978 5553 1027 5607 1.

414 5620 532 5688 (63)
582 5620 686 5682 Vit.
721 5622 875 5681 Patr.
904 5637 983 5691 ιι,
1017 5620 1108 5679 28.

2100 5542 2212 5612 (θί)
2264 5541 2367 5612 l’il.
2400 5541 2550 5612 Patr.
2595 5554 2648 5604 x,
2680 5538 2767 5612 6s}:

2099 5608 2211 5687 (65}
2265 5610 2368 5667 Vit.
2400 5611 2553 5668 Patr.
2592 5625 2674 5679 tu,
2710 5608 2812 5666 175
2839 5627 2852 5679 ',
2881 5622 2960 5674 lt.
3017 5611 3112 5677 50.
