4020 6196
407 261 508 320 ιιι

1537 253 1882 312 APPENDIX
1923 252 2015 311 AD
2054 253 2474 314 PALLADIUM.

3546 258 3658 316 H2

486 377 533 430 7.
573 371 1090 433 Commemorabant
1113 370 1181 428 de
1207 371 1404 429 abbate
1433 371 1679 438 Silvano,
1711 373 1858 443 quod
1887 387 1979 429 se-

2152 369 2217 434 ζ’.
2253 369 2480 440 Ἔλεγον
2507 368 2637 444 περὶ
2666 368 2763 424 τοῦ
2786 368 2931 425 ἀϐϐᾱ
2958 368 3270 437 Σιλουανοῦ,
3292 372 3376 427 ὅτι
3402 374 3660 435 ἐκάθισεν

401 466 548 525 derit
579 466 636 521 in
654 464 793 520 cella
821 462 984 527 clam,
1016 461 1223 516 habens
1247 461 1521 518 cicercula
1542 476 1737 531 pauca,
1764 469 1822 517 et
1848 461 1979 517 dum

402 555 476 612 iis
523 553 591 608 ad
642 553 828 608 cibum
893 552 1088 618 utitur,
1145 550 1447 607 confecerit
1499 559 1722 611 centum
1776 551 1977 607 cribra.

404 647 542 699 Ecce
568 644 722 700 venit
759 644 925 700 homo
966 660 1033 699 ex
1064 642 1330 715 Aigypto,
1367 643 1577 700 ducens
1607 643 1823 700 asinum
1849 657 1983 698 onu-

401 743 549 792 stum
600 736 1046 807 panibuszquos
1099 738 1283 808 posuit
1313 737 1382 792 ad
1428 737 1620 793 cellam
1665 736 1807 807 ejus,
1855 750 1980 790 cum

402 827 701 896 pulsasset.
729 826 967 884 Sumens
995 843 1129 900 ergo
1160 844 1331 884 senex
1359 829 1567 895 cribra,
1601 827 1850 884 oneravit
1872 825 1982 884 asi-

402 936 559 986 num,
600 927 765 991 atque
794 921 1072 978 hominem
1102 923 1335 978 dimisit.

473 1012 528 1066 8.
573 1011 686 1083 (66)
726 1012 962 1067 Aiebant
995 1013 1062 1069 de
1089 1013 1287 1070 abbate
1323 1013 1568 1081 Silvano,
1610 1013 1757 1084 quod
1786 1011 1982 1067 exierit

403 1102 612 1171 absque
641 1100 762 1170 ipso
788 1101 1097 1172 discipulus
1134 1104 1254 1173 ejus
1279 1102 1575 1159 Zacharias
1595 1142 1611 1165 .
1653 1090 1980 1171 assumptis-

401 1208 509 1263 que
547 1191 832 1258 fratribus,
870 1207 1055 1264 sepem
1086 1194 1232 1250 horti
1263 1194 1569 1260 inverterit,
1608 1191 1982 1264 maioremque

401 1298 528 1339 eum
565 1283 887 1340 reddiderit.
927 1284 1082 1352 Quod
1110 1294 1402 1358 postquam
1419 1303 1588 1344 senex
1620 1287 1860 1358 agnovit,
1888 1301 1982 1343 ac-

402 1374 549 1444 cepit
580 1375 819 1430 meloten
849 1390 1027 1442 suam,
1053 1385 1109 1432 et
1130 1392 1389 1449 egressus
1425 1387 1545 1447 est;
1583 1379 1768 1452 aitque
1796 1377 1980 1434 fratri-

402 1467 546 1523 bus:
575 1466 741 1524 Orate
769 1483 871 1538 pro
899 1483 1007 1524 me.
1032 1467 1114 1523 llli
1139 1478 1431 1527 cernentes
1450 1470 1583 1540 quid
1612 1478 1814 1542 ageret,
1855 1485 1981 1541 pro-

401 1556 656 1613 ciderunt
679 1557 747 1612 ad
770 1559 937 1628 pedes
965 1560 1110 1629 ejus,
1133 1574 1201 1616 ac
1236 1560 1495 1616 dixerunt
1525 1579 1541 1617 :
1566 1559 1736 1617 Nobis
1755 1561 1980 1632 eloque-

401 1661 486 1713 re,
525 1645 708 1716 Pater,
740 1649 874 1720 quid
909 1649 1139 1707 habeas:
1163 1649 1466 1723 Respondit
1497 1669 1513 1705 :
1545 1650 1664 1708 Non
1701 1653 1979 1722 regredior

2081 463 2162 527 είς
2194 462 2404 517 κελλίον
2432 462 2639 534 κρυφῆ,
2660 460 2801 533 ἔχων
2836 461 3010 533 μικρὰ
3036 462 3447 532 ἐρεϐίνθια,καὶ
3475 465 3660 537 ἐποίη-
3698 516 3707 525 .

2084 571 2175 608 σεν
2215 556 2297 619 εἰς
2335 555 2474 609 αὐτὰ
2516 554 2676 628 ἔργον
2710 554 2904 609 ἐκατδν
2953 554 3199 610 κόσκινα.
3247 554 3362 610 Kal
3409 556 3521 612 ἰδοὺ
3559 558 3656 613 άν-

2081 645 2300 718 θρωπος
2338 642 2502 718 ἦλθεν
2529 648 2638 702 ἀπὸ
2669 646 2966 717 Αἰγύπτου,
2996 647 3136 719 ἔχων
3170 647 3290 701 ὄνον
3316 649 3512 719 μεστὸν
3553 651 3659 723 ἄρ-

2078 754 2217 792 των·
2249 738 2345 792 καὶ
2386 738 2623 809 κρούσας
2658 738 2739 800 είς
2769 738 2833 792 τὸ
2869 738 3082 792 κελλίον
3123 739 3287 791 αὐτοῦ
3325 738 3511 811 ἔθηκε.
3539 742 3657 796 Λα·-

2080 827 2192 883 ϐὼν
2222 826 2316 883 οὖν
2343 830 2372 883 6
2408 830 2588 900 γέρων
2613 828 2682 883 τά
2712 830 2957 896 κόσκινα,
3006 830 3230 901 ἐγέμισε
3262 829 3354 883 τὸν
3381 831 3521 897 ὄνον,
3558 834 3659 888 καὶ

2079 920 2347 975 ἀπέλυσεν
2371 920 2552 975 αὐτόν.

2156 1015 2220 1081 η’.
2265 1007 2488 1079 Ἔλεγον
2526 1011 2656 1083 περὶ
2683 1009 2779 1063 τοῦ
2806 1008 2952 1063 άϐϐἄ
2982 1008 3291 1075 Σιλουανοῦ,
3314 1011 3397 1065 ὃτι
3431 1011 3657 1082 ἐξῆλθεν

2078 1103 2109 1155 6
2142 1101 2388 1174 μαθητὴς
2413 1103 2577 1157 αὐτοῦ
2606 1102 2882 1174 Ζαχαρίας
2921 1103 3093 1175 χωρὶς
3125 1103 3289 1157 αὐτοῦ
3307 1121 3322 1135 θ
3355 1106 3448 1158 καὶ
3476 1104 3657 1158 λαϐὼν

2079 1193 2207 1257 τοὺς
2228 1193 2513 1263 ἀδελφοὺς,
2535 1194 2763 1267 ἔστρεψε
2797 1194 2887 1249 τὸν
2920 1194 3174 1266 φραγμὸν
3200 1194 3296 1249 τοῦ
3325 1196 3527 1267 κήπου,
3560 1196 3659 1249 καὶ

2042 1320 2051 1329 .
2083 1284 2305 1354 μείζονα
2346 1283 2508 1339 αὑτὸν
2539 1284 2785 1354 ἐποίησε.
2816 1285 3022 1341 Μαθὼν
3059 1280 3151 1340 οὖν
3178 1289 3207 1340 6
3253 1286 3451 1357 γέρων,
3494 1286 3656 1340 ἔλαϐε

2079 1374 2140 1428 τὸ
2178 1376 2524 1448 μηλωτάριον
2570 1377 2758 1444 αὑτοῦ,
2801 1379 2895 1433 καὶ
2943 1376 3155 1449 ἐξῆλθε,
3208 1378 3304 1432 καὶ
3349 1378 3497 1447 λέγει
3543 1381 3659 1444 τοῖς

2080 1466 2358 1538 ἀδελφοῖςο
2394 1467 2637 1533 Εὕξασθε
2670 1469 2799 1542 περὶ
2823 1468 2869 1500 ³⁸
2902 1468 3058 1541 ἐμοῦ.
3093 1470 3155 1524 Ol
3201 1469 3256 1524 δὲ
3306 1470 3507 1534 ἰδόντες
3556 1470 3660 1524 αὒ-

2078 1559 2193 1622 τὸν,
2230 1556 2426 1613 ἔπεσον
2457 1559 2540 1623 είς
2589 1559 2718 1623 τοὺς
2763 1559 2930 1624 πόδας
2980 1559 3166 1625 αὑτοῦ,
3203 1559 3486 1629 λέγοντες⁸
3521 1561 3659 1615 Εἰπὲ

2081 1652 2213 1721 ἡμῖν
2245 1648 2301 1703 τί
2336 1651 2485 1705 ἐστιν
2535 1649 2566 1703 6
2609 1648 2775 1721 ἔχεις,
2828 1651 3033 1722 Πάτερ.
3071 1650 3130 1703 '0
3169 1650 3225 1705 δὲ
3280 1650 3415 1721 πρὸς
3459 1650 3661 1715 αὐτοὺς

403 1734 460 1789 in
493 1736 711 1802 cellam,
744 1753 856 1794 non
889 1754 1034 1795 exuo
1058 1740 1317 1806 meloten,
1340 1741 1517 1799 donec
1546 1758 1731 1814 sepem
1754 1744 1982 1801 reduxe-

2088 1738 2219 1811 ἔφη·
2255 1740 2368 1793 Οὐκ
2415 1740 2733 1812 εἰσέρχομαι
2781 1740 2908 1805 ἔσω,
2936 1741 2999 1795 οὐ
3029 1738 3348 1795 καταϐαίνει
3376 1740 3437 1827 τὸ
3468 1740 3654 1812 μηλω-

400 1824 525 1882 ritis
553 1826 621 1882 ad
650 1828 890 1899 priorem
923 1831 1128 1889 locum.
1162 1830 1243 1887 llli
1281 1848 1476 1890 rursus
1509 1850 1693 1906 sepem
1733 1846 1981 1892 mutave-

402 1927 550 1983 runt,
587 1926 642 1974 et
667 1921 1076 1978 constituerunt
1108 1924 1186 1979 uti
1225 1934 1364 1982 erat.
1392 1925 1512 1993 Quo
1535 1936 1781 1999 peracto,
1810 1944 1979 1986 senex

401 2022 658 2069 reversus
674 2021 758 2070 est
782 2013 838 2070 in
867 2016 1063 2071 cellam
1098 2031 1277 2073 suam.

468 2192 525 2248 9.
568 2192 785 2250 Dictum
830 2203 918 2252 est
971 2196 1040 2252 ab
1088 2198 1289 2255 abbate
1333 2197 1559 2255 Silvano
1596 2216 1614 2258 :
1646 2198 1761 2269 Ego
1787 2214 1982 2258 servus

398 2299 520 2341 sum
535 2326 553 2352 ,
585 2292 642 2341 et
662 2286 925 2344 dominus
952 2304 1108 2345 meus
1128 2289 1268 2345 dixit
1288 2290 1424 2345 mibi
1447 2304 1464 2344 :
1482 2289 1593 2345 Fac
1612 2305 1754 2361 opus
1774 2305 1979 2357 meum,

397 2380 675 2448 atqueego
710 2387 763 2433 te
795 2378 1072 2447 nutriam;
1118 2380 1265 2436 unde.
1303 2388 1514 2447 autem,
1550 2380 1662 2435 noli
1703 2395 1981 2452 quaerere;

397 2464 517 2523 sive
540 2466 798 2535 habeam,
823 2470 942 2525 sive
976 2468 1151 2535 furer,
1192 2470 1311 2527 sive
1346 2470 1607 2538 fmuerer,
1635 2481 1692 2527 tu
1729 2488 1800 2530 ne
1831 2489 1985 2545 quae-

396 2555 564 2612 sieris
598 2573 612 2610 :
647 2573 877 2627 operare
906 2558 1201 2627 duntaxat,”
1227 2570 1284 2618 et
1315 2564 1500 2620 nutrio
1531 2572 1606 2622 te.
1636 2564 1759 2637 Ipse
1789 2566 1983 2639 igitur,

397 2647 446 2702 si
487 2655 747 2717 operatus
774 2647 951 2715 fuero,
989 2666 1055 2707 ex
1089 2652 1341 2710 mercede
1369 2669 1488 2711 mea
1517 2655 1848 2725 comedo;si
1884 2673 1983 2713 au-

398 2746 508 2795 tem
537 2754 648 2794 non
675 2741 831 2797 fuero
861 2749 1142 2814 operatus,
1168 2758 1375 2817 agapen
1402 2746 1697 2806 manduco.

470 2830 558 2887 10.
599 2830 747 2887 Dixit
796 2834 997 2889 iterum
1048 2851 1065 2888 :
1100 2834 1193 2891 Vae
1238 2836 1450 2893 homini
1487 2838 1590 2908 illi,
1634 2837 1732 2912 qui
1779 2855 1982 2898 nomen

396 2924 717 2994 operatione
746 2927 929 2998 majus
957 2938 1297 2988 consecutus
1328 2941 1436 2989 est.

470 3016 560 3072 il.
602 3017 718 3120 (67)
755 3018 1118 3120 Interrogavit
1147 3024 1319 3120 abbas
1348 3023 1564 3098 Moyses
1585 3026 1836 3120 abbatem
1869 3027 1978 3084 Sil-
2007 3059 2053 3120 ο

396 3120 623 3173 vanum,
661 3106 852 3168 dicens
889 3129 913 3167 2
942 3110 1204 3170 Potestne
1251 3115 1419 3173 homo
1466 3118 1713 3188 quotidie
1765 3120 1981 3175 initium

398 3200 682 3256 statuere?
708 3199 1023 3274 Respondit
1058 3220 1230 3262 senex
1273 3226 1290 3262 :
1327 3207 1387 3264 Si
1433 3216 1519 3265 est
1548 3210 1857 3280 operarius,
1886 3225 1988 3283 po-

399 3297 508 3348 test
534 3298 591 3347 et
621 3291 858 3365 singulis
892 3295 1069 3353 boris.

470 3383 558 3439 l2.
602 3384 927 3445 Memoravit
956 3403 989 3444 e
1016 3387 1275 3447 Patribus
1308 3391 1538 3462 aliquis,
1571 3393 1718 3463 quod
1756 3393 1984 3464 quidam

397 3488 735 3547 congressus
780 3477 1083 3550 aliquando
1120 3495 1247 3535 cum
1278 3481 1478 3538 abbate
1526 3482 1775 3549 Silvano,
1810 3500 1877 3541 ac
1900 3487 1986 3541 in-

399 3566 576 3622 tuitus
613 3568 825 3623 vultum
861 3569 989 3640 ‘ejus
1011 3585 1321 3643 corpusque
1350 3573 1501 3630 velut
1539 3578 1720 3648 angeli
1754 3575 1983 3651 fulgere,

400 3657 663 3713 ceciderit
692 3658 749 3713 in
780 3658 1004 3719 faciem.
1042 3662 1293 3721 Addebat
1315 3664 1456 3723 alios
1487 3682 1714 3740 quoque
1742 3673 1985 3727 nonnul-

401 3747 483 3804 los
510 3748 817 3807 obtinuisse
847 3752 953 3809 hoc
978 3753 1203 3812 donum.

911 3867 990 3923 De
1024 3867 1215 3925 abbate
1242 3869 1480 3927 Simone.

472 3974 528 4030 l.
571 3945 686 4049 (68)
737 3977 894 4034 Venit
921 3978 1221 4051 aliquando
1252 3997 1457 4053 praises
1486 3991 1546 4039 ut
1579 3982 1789 4040 videret
1821 3985 1991 4041 abba-

401 4074 510 4122 tem
542 4065 840 4126 Simonem.
875 4070 998 4137 Quo
1041 4073 1134 4130 ille
1166 4083 1475 4146 comperto,
1517 4076 1755 4148 sumpsit
1794 4076 1989 4148 cingu-

402 4156 536 4223 lum,
567 4158 955 4230 profectusque
985 4163 1237 4219 ascendit
1270 4164 1325 4218 in
1358 4165 1615 4233 palmam,
1648 4172 1707 4221 ut
1733 4174 1993 4236 purgaret

400 4263 546 4304 eam.
581 4248 662 4302 Illi
712 4267 842 4306 vero
887 4254 1235 4320 accedentes,
1287 4256 1672 4313 clamaveruut
1714 4275 1727 4312 :
1784 4256 1988 4327 Senex,

2079 1831 2268 1903 τάριον
2295 1834 2391 1887 ἀπ’
2419 1831 2576 1904 ἐμοῦ,
2614 1832 2721 1897 ἔως
2759 1826 2821 1886 οὗ
2851 1831 3110 1903 ἐνέγκητε
3148 1830 3241 1886 τὸν
3286 1831 3537 1902 φραγμὸν
3572 1834 3658 1896 είς

2079 1921 2175 1976 τὸν
2228 1921 2441 1992 πρῶτον
2479 1922 2647 1976 αὑτοῦ
2676 1923 2861 1977 τόπον.
2892 1921 2955 1976 Οἱ
2985 1921 3042 1975 δέ
3071 1921 3233 1976 πάλιν
3272 1922 3537 1994 ἔστρεψαν
3565 1924 3656 1977 τδν

2083 2013 2355 2084 φραγμὸν,
2386 2014 2480 2068 καὶ
2516 2014 2776 2085 ἐποίησαν
2825 2013 2987 2067 αὐτὸν
3026 2013 3102 2074 ὡς
3136 2009 3225 2084 ἧν.
3271 2015 3382 2067 Kal
3423 2013 3596 2079 οὕτως
3625 2015 3658 2067 6

2082 2104 2263 2176 γέρων
2290 2104 2602 2176 ὑπέστρεψε
2632 2107 2713 2168 εἰς
2748 2104 2811 2158 τὸ
2838 2104 3050 2159 κελλίον
3077 2102 3264 2158 αὐτοῦ.

2152 2195 2217 2249 θ’.
2261 2192 2433 2250 Εἶπεν
2473 2197 2502 2249 ό
2533 2195 2708 2259 ἀϐϐἄς
2744 2195 3055 2259 Σιλουανόςο
3093 2193 3235 2264 Ἐγὼ
3274 2195 3458 2260 δοῦλός
3504 2198 3659 2265 εἰμι,

2082 2285 2178 2338 καὶ
2202 2285 2232 2336 6
2261 2283 2451 2355 κύριός
2480 2302 2583 2357 μου
2609 2281 2729 2339 εῐπέ
2759 2301 2878 2356 μοι·
2910 2282 3174 2357 Ἐργάζου
3197 2283 3259 2337 τὸ
3281 2283 3441 2355 ἔργον
3466 2301 3567 2354 μου
3588 2284 3657 2349 ³⁷,

2082 2374 2240 2445 κάγώ
2268 2391 2330 2428 σε
2356 2374 2574 2447 τρέφον
2603 2374 2770 2430 πόθεν
2805 2375 2885 2442 δὲ,
2907 2374 2982 2447 μὴ
3027 2375 3208 2447 ζήτει·
3243 2374 3355 2428 εἴτε
3383 2374 3513 2445 ἔχω,
3548 2376 3660 2430 εἶτα

2082 2465 2319 2531 κλέπτω,
2347 2464 2458 2519 εἴτε
2486 2465 2819 2537 δανειζομαι,
2853 2465 2918 2518 σὺ
2956 2463 3032 2536 μὴ
3062 2464 3216 2537 ζήτει
3235 2481 3251 2496 ο
3289 2464 3522 2535 ἐργάζου
3565 2465 3663 2535 μό-

2081 2573 2193 2622 νον,
2221 2558 2318 2612 xal
2343 2558 2529 2630 τρέφω
2559 2574 2641 2613 σε.
2678 2558 2819 2628 Ἐγὼ
2853 2551 2947 2611 οῦν
2981 2554 3079 2611 ἐάν
3102 2556 3446 2629 ἐργάζωμαι,
3474 2560 3539 2610 ἐκ
3563 2555 3661 2609 τοῦ

2086 2647 2279 2719 μισθοῦ
2321 2666 2424 2720 μου
2468 2648 2670 2704 ἐσθίωο
2704 2649 2802 2705 ἐὰν
2846 2649 2903 2704 δέ
2934 2649 3009 2722 μὴ
3058 2647 3398 2722 ἐργάζωμαι,
3435 2648 3665 2718 ἀγάπην

2083 2739 2267 2797 ἐσθίω.

2146 2839 2206 2887 ι’.
2250 2830 2386 2887 Εἷπε
2420 2832 2613 2889 πάλιν·
2643 2832 2781 2887 Οὐαὶ
2816 2832 2893 2904 τῷ
2924 2831 3196 2905 ἀνθρώπῳ
3228 2832 3445 2905 ἐκείνῳ,
3464 2832 3524 2899 ὃς
3545 2831 3664 2904 ἔχει

2081 2923 2144 2977 τὸ
2165 2922 2335 2996 ὄνομα
2361 2924 2524 2979 αὐτοῦ
2560 2924 2747 2995 μεῖζον
2773 2925 2873 2995 τῆς
2900 2925 3164 2997 ἐργασίας
3193 2924 3381 2980 αὐτοῦ.

2155 3020 2246 3069 ια’.
2298 3012 2610 3087 Ἦρὼτησεν
2636 3018 2667 3070 6
2709 3014 2885 3080 άϐϐἄς
2921 3017 3162 3089 Μωῡσῆς
3209 3016 3301 3071 τὸν
3352 3016 3530 3072 ἀϐϐᾶν
3567 3016 3667 3069 Σι-

2081 3106 2326 3173 λουανὸν,
2386 3106 2560 3175 λέγων
2579 3122 2594 3137 ⁸
2648 3106 2885 3163 Δύναται
2934 3106 3223 3181 ἄνθρωπος
3282 3107 3407 3163 καθ’
3446 3108 3667 3181 ἡμέραν

2087 3198 2302 3270 βάλλειν
2342 3198 2545 3270 mm;
2587 3199 2700 3253 Kal
2725 3193 2877 3253 εἶπεν
2907 3199 2938 3251 6
2972 3198 3187 3271 γέρων
3228 3200 3353 3255 Ἐάν
3382 3200 3531 3255 ἐστιν
3570 3201 3666 3273 ἐρο

2084 3291 2257 3362 γάτης
2285 3290 2354 3356 ³⁸⁵,
2378 3290 2602 3344 δύναται
2626 3291 2672 3322 ³³
2704 3291 2801 3345 καὶ
2829 3290 2950 3345 καθ’
2972 3289 3123 3362 ὤραν
3153 3290 3366 3361 βάλλειν
3395 3291 3590 3363 ἀρχὴν.

2159 3388 2244 3458 ιβ’.
2287 3384 2426 3442 Εἶπέ
2462 3402 2545 3451 τις
2580 3385 2691 3440 τῶν
2719 3385 2999 3456 Πατέρων,
3027 3386 3112 3439 ὅτι
3141 3384 3396 3456 συνέτυχέ
3424 3385 3550 3438 ποτέ
3576 3402 3663 3449 τις

2081 3477 2164 3549 τῷ
2217 3476 2362 3549 ἀϐϐᾷ
2391 3473 2696 3547 Σιλουανῷ,
2730 3474 2826 3530 καὶ
2875 3472 3138 3546 ἑωρακὼς
3185 3472 3351 3527 αὐτοῦ
3389 3475 3452 3528 τὸ
3497 3473 3665 3543 πρόσ-

2085 3585 2236 3623 ωπον
2263 3568 2360 3623 καὶ
2398 3567 2460 3621 τὸ
2490 3566 2651 3638 σῶμα
2684 3566 2760 3630 ὡς
2794 3565 3028 3634 ἀγγέλου
3071 3565 3312 3636 λάμψαν,
3346 3565 3539 3619 ἔπεσεν
3568 3566 3664 3620 ἐπὶ

2087 3658 2399 3731 πρόσωπον.
2428 3657 2625 3725 Ἔλεγε
2670 3655 2730 3710 δὲ
2777 3655 2873 3709 καὶ
2916 3654 3109 3719 ἄλλους
3168 3655 3319 3719 τινὰς
3373 3653 3664 3726 ἐσχηκέναι

2087 3750 2246 3805 τοῦτο
2270 3750 2334 3804 τδ
2368 3748 2636 3821 χάρισμα.

2481 3856 2625 3927 Περὶ
2655 3858 2763 3913 τοῦ
2791 3856 2942 3913 ἀϐὄᾶ
2980 3857 3265 3927 Σίμωνος.

2158 3981 2228 4028 α’.
2267 3968 2441 4027 Ἦλθέ
2478 3988 2611 4025 ποτε
2641 3971 2825 4043 άρχων
2851 3970 2978 4024 ἰδεῖν
3005 3968 3097 4023 τὸν
3127 3967 3300 4023 άϐϐἄν
3332 3968 3567 4039 Σίμωνα.
3602 3969 3663 4022 ’0

2088 4066 2143 4120 δὲ
2163 4065 2403 4128 ἀκούσας
2440 4062 2600 4119 ἔλαϐε
2634 4063 2753 4134 τὴν
2784 4060 2982 4133 ζώνην,
3032 4060 3128 4114 καὶ
3156 4059 3398 4131 ἀπῆλθεν
3427 4059 3538 4129 (70)
3582 4061 3664 4123 εἰς

2089 4158 2311 4228 φοίνικα
2350 4156 2645 4227 καθαρίσαι
2688 4155 2871 4209 αὐτόν.
2903 4155 2967 4209 Ol
3004 4153 3061 4207 δέ
3096 4152 3361 4215 ἐλθόντες,
3392 4151 3660 4224 ἔκραξαν’

2089 4250 2277 4325 Γέρον,
2309 4250 2415 4304 ποῦ
2460 4250 2607 4304 ἔστιν
2634 4251 2662 4303 6
2693 4249 3087 4320 ἀναχωρητής;
3134 4248 3193 4300 '0
3224 4247 3279 4300 δὲ
3321 4242 3503 4300 εἶπεν·
3550 4246 3661 4299 οὐκ

344 4379 348 4382 ‹
402 4339 627 4395 ubinam
669 4340 820 4414 degit
869 4346 1249 4404 anachoreta!
1283 4347 1591 4420 Respondit
1628 4366 1640 4402 :
1679 4347 1871 4407 Nullus
1900 4350 1984 4405 bic

2091 4342 2238 4395 ἔστιν
2271 4335 2374 4396 ὦδε
2422 4340 2801 4412 ἀναχωρητής.
2841 4338 2952 4392 Kal
3005 4335 3335 4400 ἀκούσαντες
3380 4335 3659 4407 ἀνεχώρη-

338 4478 343 4483 .
402 4430 756 4489 anachoreta.
793 4433 860 4488 Et
889 4434 1207 4501 audientes,
1235 4438 1627 4495 discesserunt.

469 4522 527 4580 2.
571 4523 685 4598 (69)
737 4526 861 4581 Alia
905 4527 1102 4583 iterum
1139 4529 1280 4596 vice,
1328 4548 1531 4602 praeses
1569 4534 1712 4588 alius
1742 4532 1889 4587 venit
1915 4531 1983 4586 ad

401 4613 695 4671 videndum
742 4633 890 4674 cum.
937 4616 1004 4673 Et
1050 4620 1421 4691 praecedentes
1464 4623 1650 4679 clerici
1698 4620 1976 4693 significa-

400 4715 599 4761 verunt
623 4725 641 4763 :
668 4709 842 4778 Abba,
865 4721 1090 4780 paratus
1106 4721 1249 4778 esto,
1267 4713 1395 4785 quia
1419 4728 1622 4784 praeses
1638 4720 1862 4783 accepta
1892 4710 1975 4766 tui

403 4795 570 4864 fama,
600 4799 815 4855 accedit
848 4809 908 4854 ut
936 4801 1292 4859 benedicatur
1324 4812 1448 4860 ate.
1480 4803 1569 4858 Ait
1599 4819 1612 4854 :
1649 4802 1850 4862 Etiam.
1883 4816 1982 4872 pa-

402 4888 538 4944 rabo
575 4905 682 4945 me.
717 4892 885 4964 Igitur
931 4904 1154 4965 gestans
1182 4903 1469 4950 centonem
1509 4909 1717 4973 suum,
1749 4901 1803 4948 et
1836 4891 1984 4949 acci-

402 4977 561 5047 piens
602 4980 659 5036 in
697 4997 894 5040 manus
934 5000 1129 5056 panem
1165 4999 1289 5039 cum
1335 4998 1519 5049 caseo,
1559 4997 1811 5053 surgens,
1838 4981 1981 5039 sedit

474 5092 518 5125 ⁸⁸
547 5094 634 5149 Al.
665 5095 827 5166 ὑπέρ.
904 5095 947 5128 ³⁷
979 5096 1065 5151 Al.
1089 5111 1208 5150 σου.
1287 5093 1333 5127 ³⁸
1372 5094 1456 5148 AI.
1495 5093 1624 5150 add.
1666 5093 1970 5164 ἄνθρωπος.

476 5247 588 5318 (66)
638 5248 744 5318 γίι.
775 5250 930 5318 Patr.
964 5268 1017 5317 ν,
1059 5252 1112 5306 ι.

476 5316 590 5388 (67)
637 5316 744 5388 Yit.
775 5317 930 5377 Patr.
965 5316 1039 5388 χι,
1061 5323 1154 5379 29.

784 5391 938 5446 Patr.
965 5409 1083 5460 vul,
1122 5393 1205 5447 l7.

635 5455 746 5513 Vit.
783 5460 937 5515 Patr.
972 5455 1092 5528 vui,
1125 5465 1213 5519 l8.

478 5527 594 5594 (70)
630 5528 742 5582 Καὶ
767 5528 1058 5596 ἀπῆλθεν.
1082 5527 1147 5586 'lu
1179 5533 1313 5589 Vitis
1338 5536 1598 5589 Patrum:
1629 5542 1677 5588 ct
1724 5534 1983 5592 ascendit.

407 5596 657 5721 sigea,
683 5599 823 5653 forte
847 5602 1069 5654 rectius.
1115 5602 1214 5657 Ms.
1239 5606 1403 5659 (ἐστι).
1442 5607 1603 5660 subiit
1636 5609 1689 5659 in
1719 5605 1981 5659 arborem.

476 5670 491 5721 ί
545 5667 590 5721 ll
628 5666 840 5721 Λαϐὼν
886 5668 1067 5721 ἄρτον
1104 5672 1202 5721 καὶ
1248 5675 1430 5721 τυρὸν
1481 5677 1550 5721 ἐν
1584 5676 1712 5721 ταῖν
1775 5675 1981 5721 νερσὶν

476 5666 590 5740 (71)
628 5666 840 5724 Λαϐὼν
886 5668 1067 5737 ἄρτον
1104 5672 1202 5726 καὶ
1248 5675 1430 5741 τυρὸν
1481 5677 1550 5731 ἐν
1584 5676 1712 5739 ταῖς
1773 5675 1983 5744 χερσὶν

2017 4402 2066 4460 D

2091 4448 2229 4590 “gi.
2272 4517 2495 4573 Ἀλλοτε
2525 4516 2689 4571 πάλιν
2724 4508 2889 4586 ἦλθεν
2914 4514 3070 4578 ἄλλος
3101 4514 3284 4587 ἄρχων
3317 4512 3445 4565 ἰδεῖν
3481 4509 3662 4565 αὐτόν.

2090 4612 2201 4666 Kal
2254 4610 2618 4682 προλαϐόντες
2652 4608 2704 4661 οἱ
2755 4606 3008 4680 κληρικοὶ
3051 4602 3205 4660 εἷπον
3236 4603 3416 4675 αὐτῷ’
3461 4601 3663 4663 ’Δϐϐἇ,

2085 4706 2399 4776 ἐτοίμασον,
2429 4704 2510 4757 ὃτι
2553 4703 2582 4755 6
2619 4701 2803 4773 ἄρχων
2853 4700 3068 4756 ἀκούων
3112 4699 3241 4769 περὶ
3290 4696 3405 4761 σοῦ,
3451 4694 3664 4765 ἔρχεται

2086 4796 2449 4868 εὐλογηθῆναι
2492 4793 2645 4866 παρά
2677 4792 2796 4848 σοῦ.
2835 4794 2894 4848 '0
2924 4794 2982 4847 δὲ
3023 4788 3171 4845 εἴπεο
3206 4790 3337 4855 Nal,
3370 4787 3481 4857 ἐγὼ
3528 4787 3666 4839 ἐτοι-

2091 4890 2251 4961 μάζω
2302 4888 2516 4943 ἑαυτόν.
2550 4885 2791 4957 Φορέσας
2830 4881 2924 4939 οὖν
2960 4884 3023 4938 τὸ
3050 4884 3320 4939 κεντόνιον
3353 4878 3540 4947 αὐτοῦ,
3572 4879 3670 4932 καὶ

2082 4981 2265 5038 λαϐὼν
2292 4982 2457 5052 ἄρτον
2506 4980 2599 5034 καὶ
2629 4977 2794 5049 τυρὸν
2834 4979 2892 5031 ἐν
2935 4980 3057 5042 ταῖς
3100 4977 3288 5048 χερσὶν
3330 4973 3494 5029 αὐτοῦ
3527 4971 3666 5045 (η),

2047 5094 2092 5125 ³⁹
2126 5094 2213 5147 Al.
2266 5093 2435 5147 inscr.
2474 5090 2568 5144 καὶ
2602 5089 2727 5143 καθ’
2755 5088 2986 5160 ἡμέραν.

2091 5248 2297 5304 αὐτοῦ.
2334 5246 2434 5303 Per
2461 5246 2790 5307 Climacum,
2843 5258 3141 5314 suppresso
3168 5242 3437 5314 nomine»:
3490 5244 3551 5314 f0
3575 5242 3667 5314 τὸν

2091 5322 2255 5391 ἄρτον
2280 5319 2376 5391 κα).
2399 5318 2498 5391 τὸν
2515 5316 2679 5391 τυρόν
2704 5315 2849 5391 μετά
2870 5311 3064 5391 χεῖρας
3084 5311 3545 5391 είληφῴςνᾳϐταάα
3572 5312 3664 5367 25.

2095 5382 2158 5443 Εἰ
2181 5406 2302 5443 mox
2334 5388 2403 5443 de
2432 5382 2675 5442 aliof'O
2702 5382 2801 5456 τὴν
2831 5382 3025 5438 ἐαυτοῦ
3049 5382 3250 5456 ἐσθῆτα
3280 5383 3667 5453 ἐκδυσάμενος,

2092 5471 2197 5513 etc.
2229 5458 2332 5514 Ubi
2364 5457 2475 5514 duo
2513 5454 2842 5521 scholia,95
2875 5464 2931 5510 et
2964 5455 3056 5516 24,
3091 5454 3272 5523 priora
3305 5456 3469 5507 verba
3494 5468 3665 5521 expo-

2094 5538 2229 5584 uuut
2259 5530 2326 5584 de
2353 5528 2674 5598 Serapione,
2704 5526 3009 5598 posteriora
3035 5522 3107 5598 ge
3125 5522 3537 5598 Simonezﬂcum
3562 5522 3668 5576 hoc

2091 5609 2340 5655 nostrum
2363 5592 2549 5660 caput,
2576 5592 2738 5652 eum}.
2775 5597 2829 5650 in
2862 5594 2993 5648 Vitis
3024 5592 3271 5653 Patrum,
3302 5592 3367 5645 ad
3385 5592 3662 5646 Simonem

2095 5674 2381 5742 pertineat.
2419 5662 2689 5736 Quocirca
2737 5664 3224 5734 trauspositioucm
3262 5663 3455 5718 laetam
3492 5662 3665 5719 risisse
