4020 6202
361 255 472 312 413

1500 247 2118 309 APOPHTHEGMATA
2157 251 2469 311 PATRUM.

3526 255 3628 316 614

361 364 606 428 ἀναστὰς
633 363 714 428 εἰς
744 363 835 417 τὸν
865 359 1086 417 πυλῶνα
1122 364 1373 421 ἐκάθισεν
1401 363 1618 419 ἐσθίων.
1648 365 1760 418 Καὶ
1783 364 1955 418 ἐλθὼν

2074 368 2126 423 id
2150 369 2503 435 vestibulum,
2546 373 2713 438 atque
2744 369 3140 426 mmducabat.
3175 347 3408 426 Advenit
3433 385 3636 442 praeses

367 456 398 508 6
431 455 612 528 ἄρχων
645 453 786 525 μετὰ
819 453 918 525 τῆς
945 451 1152 533 τᾴξεως
1184 451 1370 518 αὑτοῦ,
1402 452 1497 506 καὶ
1531 452 1731 516 ἰδόντες
1768 453 1952 520 αὑτὸν,

375 543 728 615 ἐξουθένησαν
759 542 944 608 αὐτὸνέ
979 542 1262 612 λέγοντες·
1295 536 1464 606 Οὗτός
1489 545 1637 596 ἐστιν
1677 545 1705 595 6
1739 544 1954 614 ἀναχω-

375 636 541 709 ρητὴς
594 635 727 707 περὶ
776 629 838 690 οὗ
885 634 1240 706 ὴκούσαμενς
1296 636 1408 688 Καὶ
1457 634 1658 699 εὐθέως
1711 635 1954 706 ἀνέκαμ-

370 729 490 798 ψαν.

737 839 880 908 Περὶ
919 838 1026 893 τοῦ
1060 836 1212 894 ἁϐϐᾶ
1248 837 1590 907 Σωπάτρου.

449 950 736 1023 Ἡρώτησέ
770 969 854 1016 τις
883 951 974 1004 τὶν
1004 948 1498 1021 ἁϐδᾶνΣώπατρον
1521 948 1588 1018 ⁸ο,
1621 949 1797 1018 λέγων
1815 965 1829 979 ·
1858 949 1960 1013 Δός

371 1060 459 1114 μοι
488 1042 737 1114 ἐντολὴν,
769 1042 934 1106 ἀϐὁᾶ,
981 1041 1076 1094 καὶ
1116 1040 1338 1110 φυλάξω
1389 1041 1578 1111 αὑτήν.
1616 1041 1676 1094 '0
1714 1041 1769 1094 δὲ
1803 1035 1958 1095 εἶπεν

364 1135 548 1206 αὐτῷ·
580 1135 675 1206 Μὴ
713 1134 932 1206 εἰσέλθῃ
966 1134 1102 1203 γυνὴ
1131 1136 1213 1197 είς
1250 1133 1313 1186 τὸ
1344 1132 1556 1186 κελλίον
1597 1150 1713 1197 σου,
1747 1133 1842 1187 καὶ¹
1882 1133 1956 1205 μὴ

364 1225 690 1300 ἁναγνὼσῃς
736 1227 1065 1298 ἀπόκρυφα·
1102 1227 1194 1279 καὶ
1225 1226 1300 1297 μὴ
1345 1227 1654 1298 ὲκζητήσῃς
1686 1226 1815 1297 περὶ
1859 1227 1960 1296 τῆς

367 1323 608 1384 εἰκόνος·
645 1321 806 1375 τοῦτο
855 1300 966 1393 γᾶρ
998 1321 1100 1375 οὐκ
1133 1320 1280 1374 ἔστιν
1310 1321 1545 1392 αἵρεσις,
1573 1319 1690 1374 ἀλλ’
1723 1319 1962 1373 ἰδιωτεία

369 1413 464 1467 καὶ
521 1413 828 1481 φιλονεικία
875 1412 1208 1485 ἀμφοτέρων
1260 1411 1369 1466 τῶν
1433 1411 1650 1482 μερῶν·
1699 1411 1962 1464 ἀδύνατον

368 1505 477 1578 γὰρ
515 1504 932 1577 καταληφθῆναι
965 1503 1027 1558 τὸ
1055 1505 1292 1576 πρᾶγμα
1320 1503 1480 1557 τοῦτο
1509 1503 1615 1556 ὑπὸ
1648 1502 1828 1573 πάσης
1861 1502 1961 1572 τῆς

368 1597 618 1662 κτίσεως.

755 1715 894 1784 Περὶ
927 1715 1033 1770 τοῦ
1073 1712 1224 1770 ἀϐϐᾶ
1259 1711 1560 1784 Σαρματᾶ.

435 1834 505 1880 α’.
545 1825 714 1882 Εἶπεν
750 1831 778 1880 6
815 1828 989 1893 ἁὸϐἄς
1031 1829 1326 1901 Σαρματᾶς
1358 1827 1434 1859 ⁸⁸·
1466 1826 1618 1881 Θέλω
1666 1825 1952 1897 ἄνθρωπον

371 1921 785 1991 ἁμαρτήσαντα,
835 1923 884 1973 εί
931 1918 1072 1974 οἶδεν
1119 1921 1202 1984 ὅτι
1239 1921 1476 1991 ἥμαρτε,
1513 1919 1607 1973 καὶ
1666 1917 1949 1988 μετανοεῖ,

374 2014 514 2086 ὑπὲρ
543 2013 822 2084 ἄνθρωπον
857 2013 934 2085 μὴ
963 2014 1374 2086 ἁμαρτήσοντα,
1407 2013 1502 2068 καὶ
1527 2011 1718 2082 ἔχοντα
1761 2009 1953 2064 ἑαυτὸν

376 2103 449 2166 ὡς
485 2103 829 2175 δικαιοσύνην
857 2103 1136 2159 ποιοῦντα.

441 2194 508 2264 β’.
549 2196 776 2264 Ἔλεγον
810 2196 1060 2267 περὶτοῦ
1086 2196 1234 2250 ἁὸϐἄ
1269 2196 1559 2268 Σαρματᾶ,
1579 2196 1662 2249 ὅτι
1695 2193 1953 2268 πολλάκις

369 2287 643 2357 ἐλάμϐανε
674 2265 1086 2360 τεσσαράκοντα
1127 2265 1436 2361 ἡμέρας
1469 2287 1632 2359 βουλῇ
1673 2286 1768 2340 τοῦ
1811 2265 1957 2340 ἀόέᾶ

370 2378 663 2448 Ποιμένος·
713 2379 807 2432 καὶ⁸
835 2379 910 2442 ὡς
935 2379 1090 2434 οὐδὲν
1129 2377 1466 2450 ἐπληροῦντο
1513 2379 1569 2430 αἱ
1611 2375 1816 2448 ἡμέραι
1866 2376 1958 2428 ὲν-

368 2469 539 2522 ῶπιον
568 2469 757 2524 αὑτοῦ.
784 2465 990 2524 Ἦλθεν
1019 2466 1114 2524 οὖν
1148 2471 1176 2522 6
1218 2469 1393 2533 esse;
1437 2468 1648 2539 Ποιμὴν
1692 2467 1828 2539 πρὸς
1860 2466 1958 2520 αὐ·

366 2563 480 2626 τὸν,
521 2563 616 2615 καὶ
664 2563 814 2631 λέγει
849 2561 1026 2633 αὐτῷ·
1064 2562 1200 2616 Εἰπέ
1251 2580 1365 2633 μοι,
1398 2561 1452 2615 τί
1506 2560 1756 2632 ἑώρακας
1787 2559 1960 2613 ποιῶν

370 2651 462 2706 τὸν
493 2651 751 2707 τοσοῦτον
790 2654 992 2719 κόπον;
1029 2653 1086 2708 '0
1123 2653 1180 2707 δὲ
1222 2653 1359 2724 πρὸς
1391 2651 1556 2706 αὐτὸν
1602 2651 1819 2720 ἔλεγεν·
1856 2651 1960 2704 Οὐ-

370 2742 463 2797 δὲν
508 2744 694 2800 πλέον.
740 2745 908 2814 Λέγει
951 2744 1100 2816 αὐτῷ
1127 2747 1155 2798 ὁ
1190 2743 1366 2808 ἁ66ἇς
1397 2745 1646 2816 Ποιμήν·
1688 2743 1802 2797 Οὐκ
1837 2741 1962 2812 ἀφῶ

373 2853 458 2899 σε,
489 2836 586 2889 ἐὰν
621 2837 696 2907 μή
737 2854 827 2907 μοι
852 2838 1030 2908 εἴπῃς.
1069 2838 1126 2892 '0
1159 2837 1215 2891 δὲ
1241 2831 1425 2891 εἶπεν·
1463 2838 1560 2890 Ἐν
1593 2835 1751 2908 μόνον
1781 2827 1960 2908 εὖρον,

369 2925 455 2979 ὅτι
499 2925 596 2980 ἐὰν
631 2927 772 2980 εἴπω
816 2926 893 2998 τῷ
941 2927 1118 2998 ὕπνῳ,
1146 2929 1392 2999 ’Υπαγε,
1445 2929 1671 2997 ὑπάγει,
1723 2927 1818 2981 καὶ¹
1866 2927 1963 2981 ἐὰν

371 3021 535 3084 εἴπω,
576 3019 750 3087 Ἐλθὲ,
777 3018 1019 3092 ἔρχεται.

445 3059 535 3179 τί
573 3053 1129 3184 Ἀδελφὸζλὴρώτησε
1167 3112 1260 3166 τὸν
1291 3112 1466 3166 ἁὸὃᾶν
1521 3113 1838 3184 Σαρματᾶν,
1873 3111 1965 3165 λέ-
1990 3053 2033 3112 C

372 3219 520 3272 γων·
555 3205 619 3256 Οἱ
671 3203 920 3276 λογισμοὶ
970 3205 1189 3273 λέγουσι
1230 3222 1355 3275 μοι·
1404 3204 1497 3276 Μὴ
1551 3204 1797 3276 ἐργάσῃ,
1831 3202 1966 3256 ἀλλὰ

375 3298 554 3366 φάγε,
602 3297 712 3358 πίε,
749 3297 946 3368 κοιμῶ.
981 3298 1148 3366 Λέγει
1190 3296 1339 3368 αὐτῷ
1365 3299 1392 3350 6
1433 3297 1642 3368 γέρων·
1671 3296 1802 3348 Ὅτε
1843 3312 1966 3347 πει-

375 3391 512 3459 νᾷς,
559 3390 731 3457 φάγε·
763 3391 850 3444 ὅτε
897 3390 1078 3461 διψᾷς,
1126 3391 1248 3442 πίε·
1285 3390 1373 3443 ὅτε
1426 3387 1732 3452 νυστάζεις,
1763 3386 1964 3456 κοιμῶ.

381 3479 580 3543 Ἄλλος
606 3480 664 3534 δὲ
695 3481 872 3551 γέρων
905 3483 1026 3534 κατ’
1051 3480 1333 3551 εὐκαιρίαν
1362 3477 1494 3551 ἦλθε
1529 3480 1664 3548 πρὸς
1694 3479 1786 3532 τὸν
1815 3479 1968 3533 ἀδελ-

378 3576 512 3642 φόν·
551 3576 642 3628 καὶ
695 3571 849 3629 εἶπεν
898 3575 1050 3646 αὐτῷ
1099 3577 1128 3628 ὁ
1165 3574 1394 3644 ἀδελφὸς
1445 3574 1481 3626 ἃ
1526 3569 1680 3626 εἶπεν
1715 3575 1744 3625 6
1792 3572 1966 3635 ἀὸὃᾶς

378 3669 694 3739 Σαρματῶς.
735 3668 895 3735 Λέγει
937 3664 1030 3722 οὖν
1068 3667 1220 3738 αὐτῷ
1252 3669 1281 3721 6
1313 3667 1519 3738 γέρων·
1556 3665 1728 3720 Τοῦτό
1760 3667 1909 3720 ἐστιν
1939 3666 1968 3718 ὃ

379 3757 505 3814 εἶπέ
536 3778 618 3814 σοι
649 3763 678 3813 6
705 3761 880 3824 ἀὸὅᾱς
909 3761 1203 3833 Σαρματᾶς
1223 3777 1237 3791 ·
1268 3761 1434 3814 Ὅταν
1467 3760 1655 3830 πεινᾷς
1683 3759 1842 3830 τόνῳ,
1873 3760 1970 3811 καὶ

379 3854 618 3924 διψήσῃς
666 3853 770 3917 ’ἕως
819 3853 1016 3924 μηκέτι
1061 3851 1326 3924 δυνηθῇς,
1368 3851 1508 3920 φάγε
1544 3851 1667 3904 τότε
1716 3849 1810 3904 καὶ
1841 3848 1968 3901 πίε·

381 3945 482 3997 καὶ
549 3944 679 3996 ὅταν
727 3943 1090 4014 ἀγρυπνήσῃς
1144 3943 1285 3995 πάνυ
1334 3941 1468 3994 πολὺ
1521 3941 1615 3994 καὶ
1665 3938 1969 4010 νυστάξῃς,

381 4036 588 4107 κοιμῶ.
618 4035 792 4088 Τοῦτό
820 4037 967 4090 ἐστιν
992 4035 1021 4088 ὃ
1052 4033 1206 4104 ἐλεγέ
1237 4051 1319 4087 σοι
1346 4033 1407 4102 γέ
1419 4051 1543 4105 ρων.

456 4297 519 4352 δ’.
570 4295 853 4367 Ἦρώτησε
896 4295 1057 4349 πάλιν
1099 4297 1128 4348 6
1168 4295 1332 4358 αὐτὸς
1380 4295 1605 4366 ἀδελφὸς
1655 4297 1746 4350 τὸν
1799 4296 1974 4352 ἁὸϐἄν

2058 476 2182 519 cum
2217 462 2395 518 obicio
2432 477 2555 518 suo.
2604 460 2713 518 Sed
2756 463 2850 528 ubi
2881 474 3285 535 conspexerunt
3335 463 3635 528 hominem,

2057 555 2334 624 aspernati
2379 560 2529 619 sunt,
2579 553 2986 625 dixeruntque:
3015 555 3191 611 lstene
3239 563 3324 611 est
3356 555 3637 611 solitarius

2057 649 2124 704 de
2147 663 2258 718 quo
2292 647 2646 718 accepimus?
2684 645 2749 700 Et
2779 647 2986 703 reversi
3015 656 3144 702 sunt
3177 648 3384 703 statim.

2554 827 2630 881 De
2675 827 2865 881 abbate
2893 825 3142 895 Sopatro.

2130 946 2494 1005 Percontatus
2533 951 2618 999 est
2639 943 2840 1012 aliquis
2878 941 2944 996 de
2982 941 3180 995 abbate
3215 937 3468 1009 Sopatro,
3505 939 3583 994 sic
3617 943 3662 994 τ’

2064 1036 2139 1092 Da
2168 1037 2301 1092 mihi
2349 1035 2690 1098 mandatum,
2744 1031 2904 1096 abba,
2955 1037 3009 1086 et
3069 1029 3301 1084 servabo
3352 1028 3503 1082 illud.
3547 1026 3638 1081 ll-le

2059 1146 2192 1188 vero
2219 1130 2356 1184 dixit
2396 1130 2446 1184 ei
2491 1148 2503 1182 :
2561 1126 2681 1180 Non
2724 1126 2888 1180 intret
2918 1123 3112 1178 mulier
3148 1122 3203 1176 in
3229 1121 3419 1177 cellam
3457 1130 3636 1184 tuam;

2061 1240 2163 1280 nec
2207 1221 2406 1293 legeris
2440 1218 2776 1290 apocrypha.
2826 1215 2909 1269 Ad
2941 1215 3056 1269 hazc
3092 1229 3161 1269 ne
3200 1211 3545 1283 disquisieris
3575 1211 3641 1266 de

2061 1317 2300 1387 imagine
2334 1313 2429 1368 Dei
2456 1313 2507 1366 in
2539 1310 2770 1364 homine.
2809 1307 2925 1362 Hoc
2959 1307 3104 1362 enim
3138 1321 3247 1359 non
3281 1313 3365 1360 est
3392 1303 3639 1366 haeresis,

2064 1409 2161 1466 sed
2219 1406 2512 1478 imperitia,
2565 1403 2965 1470 ambarumque
3022 1398 3258 1469 partium
3325 1391 3638 1460 contentio;

2063 1498 2190 1557 nam
2227 1499 2344 1556 ﬁeri
2376 1497 2566 1568 nequit
2594 1502 2654 1550 ut
2690 1510 2778 1550 res
2806 1493 2920 1548 haec
2947 1507 2976 1546 a
3009 1497 3258 1546 creatura
3287 1487 3642 1558 comprehen-

2063 1595 2248 1651 datur.

2550 1702 2627 1758 De
2661 1700 2851 1756 abbate
2879 1697 3157 1756 Sarmata.

2126 1823 2180 1876 1.
2222 1820 2370 1876 Dixit
2424 1819 2594 1874 abbas
2635 1816 2920 1871 Sarmatas
2972 1830 2984 1864 ε
3039 1810 3182 1865 Malo
3223 1808 3498 1864 hominem
3548 1807 3642 1876 qui

2055 1913 2384 1987 peccaverit,
2409 1910 2572 1965 modo
2595 1913 2858 1979 agnoscat
2891 1910 3176 1976 peccatum
3219 1914 3380 1956 suum
3417 1906 3473 1953 et
3521 1911 3642 1967 poe-

2054 2005 2282 2061 nitentia
2316 2004 2574 2066 ducatur,
2602 2015 2766 2070 quam
2802 1998 3079 2053 hominem
3111 1995 3204 2066 qui
3235 2009 3344 2048 non
3370 2006 3639 2064 peccave-

2054 2101 2144 2159 rit.
2174 2113 2238 2152 ac
2269 2111 2328 2151 se
2362 2101 2516 2166 putat
2547 2093 2780 2164 justum.
3182 2149 3193 2158 _

2125 2189 2180 2244 2.
2223 2187 2457 2242 Aiebant
2501 2186 2567 2242 de
2611 2185 2808 2240 abbate
2857 2183 3132 2242 Sarmata,
3176 2178 3322 2248 quod
3372 2189 3515 2244 saepe
3573 2174 3642 2228 de

2056 2278 2292 2335 consilio
2318 2276 2536 2332 abbatis
2561 2273 2839 2330 Pazmenis
2866 2272 2972 2328 sibi
3010 2275 3254 2327 sumeret
3276 2261 3642 2336 quadraginta

2056 2373 2210 2438 dies;
2257 2370 2352 2441 qui
2401 2369 2560 2439 quasi
2603 2367 2739 2421 nihil
2780 2363 3044 2436 temporis
3081 2362 3150 2416 ab
3199 2374 3268 2417 eo
3295 2353 3646 2426 compleban-

2059 2472 2171 2519 tur.
2197 2461 2360 2518 Venit
2415 2473 2549 2530 ergo
2595 2455 2664 2512 ad
2703 2455 2884 2527 ipsum
2916 2454 3086 2510 abbas
3125 2449 3373 2511 Pmtuen,
3411 2446 3596 2513 aitque
3625 2457 3644 2495 :

2061 2556 2160 2611 Dic
2219 2554 2352 2608 mihi
2391 2552 2524 2623 quid
2575 2549 2953 2619 conspexeris,
3009 2547 3138 2601 dum
3184 2553 3392 2599 tantum
3439 2536 3647 2593 laboris

2062 2647 2350 2705 sustines?
2381 2643 2687 2715 Respondit
2712 2642 2804 2697 ille
2835 2660 2849 2694 :
2878 2639 3024 2694 Nihil
3064 2638 3259 2709 magis.
3298 2633 3519 2703 Excepit
3549 2630 3646 2684 ab-

2062 2741 2161 2796 bas
2199 2738 2424 2794 Pcemen
2471 2755 2487 2792 :
2538 2734 2658 2791 Non
2702 2734 2975 2789 dimittam
3013 2738 3066 2786 te
3091 2769 3106 2794 ,
3147 2729 3279 2798 quin
3327 2720 3638 2796 protuleris.

2063 2829 2218 2886 Tunc
2250 2828 2342 2884 ille
2376 2845 2392 2882 :
2427 2825 2608 2881 Unum
2641 2824 2908 2879 duntaxat
2952 2820 3163 2889 reperi;
3195 2816 3341 2887 quod
3371 2816 3418 2869 si
3455 2813 3646 2867 dixero

2065 2937 2258 2980 somno
2290 2939 2304 2976 :
2335 2919 2569 2983 Recede,
2598 2914 2838 2980 recedit;
2872 2915 2918 2969 si
2946 2931 2959 2966 :
2983 2911 3141 2978 Veni,
3176 2909 3342 2964 venit.

2136 3104 2190 3157 3.
2230 3100 2425 3156 Frater
2463 3099 2548 3155 sic
2583 3094 2944 3166 interrogavit
2996 3091 3247 3146 abbatem
3293 3087 3641 3141 Sarmatam:

2065 3190 2440 3264 Cogitationes
2496 3188 2630 3243 mihi
2679 3190 2980 3258 suggerunt
3038 3199 3052 3235 :
3109 3179 3188 3236 Ne
3235 3175 3505 3248 Opereris,
3550 3173 3646 3228 sed

2065 3286 2361 3349 manduca,
2393 3282 2540 3346 bibe,
2584 3279 2782 3338 dormi.
2814 3275 3118 3348 Respondit
3164 3286 3333 3330 senex
3363 3287 3379 3324 :
3417 3267 3647 3334 Quando

2067 3378 2352 3444 esurieris,
2392 3375 2640 3439 comede,
2689 3388 2813 3430 cum
2854 3369 3084 3434 sitieris,
3126 3367 3270 3430 bibe,
3305 3362 3520 3435 quoties
3550 3374 3646 3414 ca-

2069 3472 2216 3542 peris
2253 3483 2472 3540 sopore,
2522 3465 2722 3521 dormi.
2765 3464 2923 3519 Alius
2960 3477 3092 3519 vero
3145 3474 3312 3514 senex
3343 3461 3650 3526 opportune

2068 3582 2133 3622 ex
2163 3563 2457 3619 occasione
2490 3559 2727 3615 accessit
2761 3557 2828 3612 ad
2857 3555 3110 3611 fratrem.
3132 3551 3233 3607 Cui
3265 3547 3452 3604 retulit
3480 3545 3651 3600 frater

2070 3670 2380 3713 sermonem
2415 3652 2631 3707 abbatis
2662 3650 2957 3704 Sarmatae.
2987 3645 3166 3701 Senex
3185 3644 3350 3714 igitur
3383 3643 3448 3695 ad
3480 3653 3603 3695 cum
3631 3653 3646 3690 :

2069 3747 2226 3815 Quod
2269 3747 2369 3802 tibi
2416 3745 2586 3800 abbas
2625 3742 2912 3796 Sarmatas
2945 3735 3348 3808 pronuntiavit,
3385 3735 3488 3788 hoc
3515 3737 3601 3786 est
3631 3745 3647 3781 :

2070 3839 2306 3908 Quando
2338 3837 2694 3894 vehementer
2733 3830 3022 3893 esurieris,
3054 3837 3215 3898 atque
3243 3828 3296 3880 in
3338 3832 3549 3879 tantum
3577 3821 3648 3878 si—

2072 3934 2230 3989 tieris
2275 3939 2336 3986 ut
2386 3945 2496 3984 non
2550 3925 2788 3997 amplius
2843 3923 3118 3977 sustinere
3173 3920 3377 3979 valeas,
3429 3915 3656 3969 comede

2072 4036 2205 4081 tunc
2235 4035 2291 4080 et
2317 4023 2442 4077 bibe
2478 4039 2491 4074 :
2524 4032 2762 4086 cumque
2805 4011 3270 4085 quamplurimum
3318 4005 3652 4078 vigilaveris,

2073 4135 2138 4174 ac
2165 4113 2395 4172 tentaris
2418 4125 2635 4174 somno,
2681 4107 2879 4162 dormi.
2929 4103 3044 4158 Hoc
3073 4111 3160 4158 est
3205 4099 3352 4171 quod
3377 4098 3473 4152 tibi
3505 4097 3655 4151 locu-

2075 4221 2164 4266 tus
2185 4216 2272 4265 est
2298 4221 2487 4262 senex.

2147 4303 2200 4356 4.
2239 4300 2444 4355 lterum
2495 4294 2809 4352 sciscitatus
2859 4299 2941 4348 est
2987 4289 3130 4345 idem
3174 4287 3348 4341 frater
3406 4283 3654 4338 abbatem

387 4390 703 4459 Σαρματᾶν,
735 4387 944 4455 λέγων·
977 4389 1039 4441 Ol
1075 4387 1326 4458 λογισμοὶ
1356 4387 1572 4456 λέγουσί
1606 4405 1695 4457 μοι
1716 4405 1729 4416 ·
1759 4389 1965 4458 ’Ύπαγε

2083 4392 2392 4449 Sarmatam
2428 4405 2442 4442 :
2490 4388 2743 4444 Subeunt
2790 4400 2876 4439 me
2918 4381 3281 4454 cogitationes
3321 4379 3471 4432 istae:
3508 4373 3658 4427 Vade

388 4483 514 4549 ἔξω,
563 4483 656 4536 καὶ
690 4480 976 4552 παράδαλε
1023 4481 1135 4542 τοῖς
1165 4479 1435 4548 ἀδελφοῖς.
1481 4481 1591 4534 Καὶ
1626 4481 1775 4549 λέγει
1819 4483 1848 4535 6
1889 4481 1981 4550 γέ⁹

395 4590 535 4644 ρων·
582 4573 754 4626 Τοῦτο
809 4572 884 4643 μὴ
939 4571 1183 4642 ἀκούσῃς
1231 4571 1430 4635 αὐτῶν,
1484 4571 1601 4625 ἀλλ’
1639 4573 1798 4626 εἰπέ·
1847 4573 1978 4626 Ἰδοὺ

392 4665 602 4737 ἤκουσά
646 4683 739 4718 σου
790 4665 852 4719 τὸ
893 4663 1129 4736 πρῶτον,
1175 4662 1336 4716 τοῦτο
1379 4663 1436 4716 δὲ
1488 4665 1551 4718 οὐ
1597 4665 1831 4737 δύναμαί
1887 4683 1979 4720 σου

392 4775 648 4813 ακουσαι.

728 4871 869 4939 Περὶ
907 4869 1014 4924 τοῦ
1047 4869 1201 4926 ἀὸϐᾶ,
1241 4871 1642 4937 Σεραπίωνος.

460 4992 532 5038 α’.
572 4981 742 5038 Ἦλθέ
795 5003 925 5038 ποτε
973 4986 999 5036 6
1029 4985 1203 5047 ἀὸϐἄς
1234 4984 1518 5055 Σεραπίων
1569 4983 1978 5054 παρερχόμενος

390 5077 476 5147 διὰ
520 5077 716 5149 κώμης
756 5078 901 5140 τινὸς
937 5076 1040 5146 τῆς
1071 5075 1377 5145 Αἰγύπτου·
1411 5077 1504 5130 καὶ
1537 5071 1646 5129 εἶδέ
1677 5093 1800 5130 τινα
1845 5077 1978 5150 πόρ-

2084 4487 2254 4553 foras,
2284 4493 2339 4541 et
2374 4485 2574 4540 fratres
2609 4483 2806 4536 invise.
2859 4474 3164 4547 Respondit
3205 4487 3412 4527 senex:
3461 4471 3519 4524 lu
3554 4467 3656 4521 hoc

2078 4597 2148 4636 ne
2183 4579 2292 4635 illis
2324 4577 2702 4644 obtemperes,
2753 4571 2846 4628 sed
2882 4570 3052 4624 dicito
3103 4582 3118 4619 :
3155 4563 3296 4619 Ecce
3334 4577 3510 4623 mens,
3559 4575 3660 4613 au-

2079 4668 2312 4727 scultavi
2339 4667 2437 4723 tibi
2469 4667 2658 4737 prius;
2703 4663 2772 4718 ad
2803 4662 2946 4715 hanc
2971 4666 3100 4713 vero
3140 4671 3254 4711 rem
3288 4669 3396 4709 non
3430 4664 3655 4724 possum

2083 4762 2276 4818 audire
2306 4769 2380 4816 te.

2547 4869 2624 4924 De
2656 4870 2855 4938 abbate.
2882 4865 3170 4936 Serapione

2144 4991 2196 5044 i.
2225 4987 2464 5042 Veniens
2493 4983 2787 5056 aliquando
2827 4983 2998 5038 abbas
3035 4980 3261 5051 Serapio
3285 4985 3340 5033 et
3374 4986 3657 5047 pertrans-

2076 5079 2194 5136 iens
2228 5094 2325 5150 per
2389 5076 2679 5148 quemdam
2737 5075 2954 5146 Egypti
2993 5074 3206 5134 vicum,
3240 5069 3376 5125 vidit
3408 5068 3659 5123 meretri-

393 5187 488 5240 νην
539 5170 785 5224 ἑστῶσαν
827 5170 907 5233 είς
955 5168 1016 5222 τὸ
1046 5169 1254 5223 κελλίον
1293 5168 1490 5238 αὐτῆς·
1524 5169 1617 5222 καὶ
1649 5164 1801 5221 εἶπεν
1839 5167 1965 5238 αὐτῇ

2075 5186 2194 5225 cem
2237 5179 2472 5227 stantem
2517 5169 2574 5224 in
2611 5169 2751 5226 cella
2787 5183 2929 5235 sua;
2963 5175 3012 5223 et
3055 5165 3194 5221 dixit
3229 5164 3278 5220 ei
3305 5179 3470 5221 senex
3503 5182 3516 5218 :
3552 5161 3661 5218 Ex-

392 5264 422 5316 6
461 5262 676 5334 γέρων·
726 5261 1107 5334 Προσδόκησόν
1168 5279 1236 5332 με
1275 5260 1408 5331 ὀψέ·
1455 5260 1594 5314 θέλω
1646 5261 1752 5332 γὰρ
1803 5260 1965 5314 ἐλθεῖι

2076 5267 2266 5330 specta
2311 5277 2397 5314 me
2429 5259 2644 5330 vesperi
2689 5278 2704 5314 :
2738 5258 2863 5313 volo
2897 5258 3040 5312 enim
3079 5255 3263 5311 venire
3296 5254 3361 5309 ad
3398 5263 3470 5320 te,
3499 5261 3662 5324 atque

466 5417 514 5450 “
542 5418 630 5472 Al.
663 5417 1038 5490 Σωσίπατρον.
1112 5418 1153 5449 ⁸¹
1189 5417 1274 5470 Al.
1309 5417 1625 5489 Σαμαρτᾶς.

398 5574 702 5635 crederem,
739 5575 842 5628 nisi
879 5576 932 5629 in
961 5571 1422 5628 Elucidationibus
1457 5572 1677 5626 Gallicis
1723 5572 1788 5624 ad
1829 5571 1975 5624 ltum:
2081 5570 2222 5625 idem
2249 5585 2276 5622 a
2309 5569 2524 5625 duobus
2555 5569 2904 5626 anachoretis
2943 5569 3148 5626 editum
3182 5569 3350 5625 fuisse
3382 5567 3661 5622 humilita-

402 5644 665 5704 Gradum,
687 5644 1048 5700 adduceretur
1084 5643 1459 5697 testimonium
1505 5644 1634 5696 Elia:
1672 5641 1974 5712 Cretensis,
2083 5643 2150 5697 tis
2180 5643 2478 5712 specimen.

401 5731 508 5790 quo
546 5723 801 5788 receptus
833 5717 966 5773 ordo
997 5716 1379 5773 conﬁrmatur.
1423 5712 1538 5770 Dici
1586 5715 1769 5784 itaque
1794 5710 1974 5778 debet,
