4020 6196
304 298 405 354 415

1426 282 1773 350 ΔΗΕΝΕΙΧ
1808 292 1905 349 AD
1942 290 2165 352 PALLA
2173 293 2366 354 DIUM.

3462 293 3570 352 M6

300 416 446 473 hanc
470 422 685 474 noctem
711 415 866 486 juxta
907 420 961 469 te
992 412 1325 486 transigere.
1351 412 1450 469 Illa
1481 428 1615 470 vero
1652 427 1885 484 respon-

2017 416 2126 488 ιρὸς
2154 404 2237 483 σέ,
2267 416 2361 473 καὶ
2390 415 2615 488 ποιῆσαι
2642 416 2741 486 τὴν
2770 413 2941 469 νύκτα
2964 415 3165 487 ταύτην
3192 411 3426 484 ἔγγιστά
3452 427 3571 471 σου.

305 526 429 571 sum
459 509 698 567 reddidit
734 527 749 563 :
795 506 944 566 Bene
986 514 1113 573 est,
1139 508 1304 566 abba.
1349 508 1577 565 Paravit
1622 523 1756 582 ergo
1784 525 1882 577 se,

306 600 606 669 stravitque
654 599 880 655 lectum.
931 595 1171 669 Vespere
1207 606 1393 656 autem
1427 597 1608 664 facto,
1647 598 1888 656 accessit

307 706 493 757 senex,
512 697 677 761 atque
697 690 983 759 ingressus
1017 690 1077 747 in
1095 691 1316 756 cellam,
1333 691 1413 748 ait
1439 709 1456 747 :
1481 690 1889 763 Prmparastine

310 780 546 835 lectum?
575 780 669 834 Illa
690 819 706 844 ,
737 780 946 845 Etiam,
994 781 1211 852 inquit,
1246 782 1407 839 abba.
1450 780 1639 853 Itaque
1685 782 1890 837 clausit

304 869 553 940 ianuam,
591 877 647 926 et
678 869 799 925 iniit
827 887 843 924 :
870 871 1146 943 Exspecta
1176 886 1513 944 parumper;
1548 872 1893 944 quandoqui-

309 959 436 1017 dem
486 961 943 1019 consuetudinem
998 963 1297 1030 habemus,
1353 964 1531 1020 donec
1587 962 1890 1023 secundum

310 1066 435 1107 eam
470 1049 717 1109 fecerim.
742 1051 884 1111 Tum
907 1053 1187 1115 inchoavit
1214 1069 1382 1112 senex
1408 1053 1659 1112 Ollicium
1690 1068 1893 1123 suum;

1998 509 2065 563 Ἦ
2108 510 2168 563 δὲ
2198 509 2582 582 ἀποκριθεῖσα,
2626 504 2773 563 εἷπε·
2811 507 3029 573 Καλῶς,
3072 506 3237 561 ἁϐὁᾶ.
3270 507 3384 560 Καὶ
3425 508 3575 576 ἡτοι-

1990 597 2197 671 μάσθη,
2224 598 2320 653 καὶ
2357 597 2601 671 έστρωσε
2637 597 2737 669 τὴν
2774 595 2967 667 κλίνην
2986 595 3054 650 ⁸⁸.
3096 594 3288 665 Ὀψίας
3330 593 3389 647 δὲ
3421 611 3576 665 γενο-

1990 689 2179 762 μένης,
2209 684 2373 764 ἦλθεν
2417 691 2447 744 6
2486 690 2671 763 γέρων
2704 689 2843 761 πρὸς
2874 686 3045 760 αὐτὴν
3072 686 3140 755 ⁸⁸,
3182 685 3280 740 καὶ
3318 686 3581 741 εἰσελθὼν

1989 783 2072 846 είς
2098 780 2162 834 τὸ
2191 780 2427 849 κελλίον,
2457 780 2610 849 λέγει
2643 780 2782 851 αὐτῇ
2803 797 2816 812 ·
2856 777 3194 850 Ἤτοίμασας
3223 777 3323 849 τὴν
3351 776 3575 847 κλίνην;

2000 873 2070 926 Ἥ
2098 872 2158 926 δὲ
2187 866 2340 926 ειπε-
2371 871 2505 936 Nai,
2545 870 2712 926 ἀδεᾶ.
2743 869 2857 925 Καὶ
2891 868 3103 923 ἔκλεισε
3130 868 3230 941 τὴν
3260 868 3451 940 θύραν,
3481 869 3578 923 καὶ

1989 964 2140 1034 λέγει
2182 963 2321 1035 αὐτῇ
2345 979 2362 997 ·
2415 963 2618 1023 Μεῖνον
2668 960 2869 1031 ὀλίγον,
2912 960 3099 1031 ἐπειδὴ
3137 960 3303 1031 νόμον
3358 957 3575 1031 ἔχομεν,

1988 1054 2096 1121 ἕως
2121 1047 2182 1109 οὗ
2222 1054 2435 1125 ποιήσω
2464 1052 2647 1115 αὐτόν.
2674 1051 2780 1113 Καὶ
2811 1051 3015 1124 ἤρξατο
3040 1052 3069 1104 6
3097 1048 3277 1121 γέρων
3305 1048 3407 1118 τῆς
3448 1064 3579 1101 συν-

315 1155 380 1195 ac
407 1141 680 1211 incipiens
721 1144 924 1203 librum
951 1145 1207 1205 Psalterii
1227 1186 1243 1214 ,
1276 1145 1345 1202 ad
1370 1145 1622 1221 singulos
1649 1145 1895 1219 psalmos

2017 1149 2166 1217 ὶξεως
2186 1146 2374 1203 αὑτοῦ·
2393 1146 2489 1201 καὶ
2509 1144 2819 1218 ἀρξάμενος
2839 1142 2905 1199 τὸ
2924 1140 3245 1211 ψαλτήριον,
3268 1137 3408 1195 κατὰ
3443 1136 3582 1211 ψαλ-

312 1234 620 1290 orationem
653 1234 905 1302 dicebat,
935 1236 1104 1293 Deum
1145 1252 1244 1308 pro
1272 1237 1363 1295 illa
1392 1252 1648 1310 precaris,
1676 1244 1738 1295 ut
1775 1250 1893 1307 pa:-

2017 1238 2098 1293 ιδν
2117 1237 2290 1293 ἐποίει
2315 1235 2505 1307 εὐχὴν,
2525 1235 2781 1307 δεόμενος
2794 1232 2890 1293 τοῦ
2905 1230 3040 1291 Θεοῦ
3061 1230 3205 1302 ὑπὲρ
3227 1227 3583 1299 dragons);

314 1323 599 1380 nitentiam
633 1335 817 1398 ageret
852 1334 907 1383 et
947 1335 1380 1401 consequeretur
1418 1329 1674 1386 salutem.
1722 1328 1899 1384 Porro

2017 1329 2309 1401 ιετανοήση
2322 1326 2417 1383 καὶ
2433 1327 2602 1397 σωθῇ.
2616 1325 2728 1389 Καὶ
2741 1324 3063 1395 είσήκουσεν
3077 1318 3241 1385 αὐτοῦ
3260 1322 3290 1374 6
3302 1318 3455 1382 Θεός.
3469 1316 3585 1377 Καὶ

314 1415 593 1470 exaudivit
625 1432 750 1472 eum
798 1416 959 1477 Deus.
1005 1416 1143 1475 Nam
1197 1418 1397 1476 mulier
1442 1420 1597 1476 stetit
1648 1427 1896 1476 tremens

2017 1423 2225 1494 ἱστηκεν
2251 1422 2286 1491 ἡ
2317 1418 2457 1491 γυνὴ
2479 1417 2757 1499 τρέμουσα
2780 1417 2875 1481 καὶ
2903 1415 3173 1491 εὐχομένη
3202 1412 3370 1481 ἔγγὺς
3383 1408 3479 1467 τοῦ
3495 1409 3588 1478 γέ-

316 1521 591 1578 oransque
639 1523 806 1578 prope
859 1523 1068 1566 senem.
1118 1509 1303 1581 thue
1342 1518 1518 1585 totum
1569 1510 1899 1566 Psalterium

2017 1529 2207 1577 >οντος.
2233 1512 2345 1575 Καὶ
2371 1510 2449 1580 ὡς
2479 1510 2732 1575 ἐτέλεσεν
2756 1510 2787 1563 6
2805 1507 2989 1581 γέρων
3011 1506 3131 1560 ὅλον
3162 1504 3224 1563 τὸ
3261 1503 3584 1574 ψαλτήριον,

317 1613 481 1653 senex
511 1599 835 1669 complevit,
875 1600 1077 1655 cecidit
1108 1601 1305 1656 mulier
1339 1584 1395 1655 in
1446 1609 1670 1657 terram.
1719 1600 1901 1657 Senex

2017 1604 2194 1657 Ξπεσεν
2212 1604 2245 1673 ἡ
2266 1600 2405 1674 γυνὴ
2428 1600 2622 1671 χαμαί.
2639 1600 2699 1653 '0
2717 1598 2961 1670 δὲγέρων
2985 1595 3292 1667 ἀρξάμενος
3312 1592 3408 1647 τοῦ
3430 1592 3589 1646 Ἀπο-

317 1705 447 1746 vero
474 1691 739 1747 inchoans
768 1691 1095 1762 Apostolum
1116 1730 1132 1756 ,
1168 1692 1402 1747 multum
1436 1708 1504 1748 ex
1537 1692 1660 1762 ipso
1694 1693 1898 1747 recita-

2017 1694 2212 1760 πόλου,
2240 1689 2363 1747 εἷπε
2385 1692 2521 1747 πολὺ
2547 1691 2607 1761 ἐξ
2630 1689 2793 1751 αὑτοῦ
2814 1704 2827 1719 °
2851 1688 2946 1744 xui
2965 1687 3140 1752 οὕτως
3174 1685 3459 1756 ἐπλήρωσε
3483 1683 3588 1752 τὴν

318 1782 434 1849 vit;
465 1793 631 1852 atque
662 1784 743 1838 sic
775 1785 936 1840 (incm
975 1784 1241 1853 imposuit
1276 1785 1534 1855 precibus
1568 1784 1707 1841 suis.
1738 1784 1903 1839 Com-

2017 1785 2244 1851 ςύναξιν.
2263 1786 2642 1855 Κατανυγεῖσα
2673 1778 2767 1836 οὖν
2782 1783 2816 1853 ἡ
2839 1781 2979 1851 γυνὴ
2993 1822 3008 1844 ,
3036 1779 3133 1833 καὶ
3153 1778 3394 1849 νοήσασα
3413 1777 3495 1830 ὅτι
3521 1776 3587 1828 οὐ

321 1881 523 1941 puncta
555 1873 723 1944 igitur
746 1874 963 1938 mulier,
992 1882 1157 1944 atque
1184 1873 1500 1944 intelligens
1537 1889 1645 1929 non
1683 1882 1906 1944 propter

321 1975 602 2033 peccatum
648 1966 868 2023 venisse
901 1965 970 2021 ad
1006 1981 1127 2023 eam
1150 2007 1166 2033 ,
1201 1965 1298 2023 sed
1340 1972 1399 2020 ut
1449 1965 1623 2037 ipsius
1669 1965 1907 2020 animam

321 2056 580 2123 salvaret,
617 2058 854 2128 procidit
877 2058 950 2123 ei,
978 2058 1170 2128 sicque
1198 2057 1379 2112 locuta
1404 2062 1490 2112 est
1522 2072 1537 2110 :
1566 2055 1905 2111 Charitatem

324 2147 437 2208 l‘ae,
476 2148 652 2211 abba;
679 2149 733 2201 in
760 2150 941 2213 locum
972 2164 1059 2204 me
1086 2147 1297 2213 ducito,
1329 2147 1386 2202 in
1416 2161 1530 2218 quo
1554 2149 1763 2217 possim
1795 2145 1909 2202 Deo

323 2239 595 2309 placentia
631 2239 830 2295 facere.
872 2238 1029 2295 Tunc
1062 2253 1230 2295 senex
1256 2237 1488 2294 deduxit
1515 2238 1665 2292 illam
1701 2237 1759 2291 in
1790 2253 1907 2292 mo-

325 2330 625 2385 nasterium
669 2330 967 2401 virginum,
999 2336 1056 2386 et
1094 2328 1326 2384 tradidit
1372 2326 1565 2394 Matri;
1601 2328 1690 2382 cui
1721 2327 1904 2383 dixit:

324 2415 526 2485 Accipe
553 2430 801 2472 sororem
835 2416 1010 2483 hanc;
1042 2431 1224 2486 neque
1272 2414 1608 2485 imposueris
1635 2414 1685 2469 ei
1713 2415 1907 2486 jugum

325 2513 421 2559 aut
470 2507 790 2562 mandatum
840 2516 902 2561 ut
955 2507 1079 2563 aliis
1125 2506 1444 2570 sororibus,
1497 2505 1594 2561 sed
1640 2506 1907 2578 quidquid

327 2596 595 2658 voluerit,
646 2598 714 2651 da
765 2596 881 2660 illi,
933 2603 989 2651 et
1042 2604 1204 2668 prout
1258 2595 1509 2661 voluerit,
1559 2597 1680 2653 sine
1731 2598 1908 2668 ipsam

326 2703 506 2757 agere.
536 2687 668 2743 Post
691 2704 898 2759 paucos
923 2703 1055 2760 ergo
1084 2689 1226 2754 dies,
1258 2688 1349 2743 illa
1371 2702 1560 2747 secum
1594 2707 1610 2744 :
1642 2687 1754 2760 Ego
1783 2703 1910 2759 pee-

321 2770 502 2833 ‘eatrix
531 2795 681 2844 sum,
721 2778 984 2851 volo'per
1015 2779 1183 2836 bidua
1213 2780 1383 2837 semel
1424 2779 1732 2837 comedere.
1767 2779 1910 2836 Pau-

329 2872 518 2940 cisque
546 2879 669 2940 post
690 2872 884 2929 diebus
913 2891 927 2928 :
961 2872 1075 2943 Ego
1100 2872 1271 2927 multa
1303 2872 1480 2943 habeo
1504 2880 1752 2943 peccata,
1784 2875 1912 2930 volo

332 2977 428 3032 per
452 2961 749 3032 qnatridua
778 2962 1134 3018 manducare.
1156 2961 1289 3018 Item
1313 2962 1617 3033 interiectis
1636 2963 1763 3021 aliis
1782 2980 1912 3035 pau-

327 3054 409 3107 cis
438 3052 663 3119 diebus,
697 3055 876 3110 oravit
903 3053 1128 3109 Matrem
1163 3054 1270 3110 hoc
1312 3068 1609 3112 sermone:
1648 3054 1910 3122 Quando-

2004 1875 2073 1929 δι’
2090 1873 2364 1946 ἁμαρτίαν
2375 1869 2507 1946 ἦλθε
2533 1872 2670 1944 πρὸς
2690 1871 2881 1942 αὐτὴν,
2901 1869 3113 1924 ἀλλ’ἵνα
3136 1867 3284 1939 σώσῃ
3302 1867 3471 1937 αὐτῆς
3488 1866 3589 1936 τὴν

2004 1965 2204 2035 ψυχὴν,
2230 1964 2570 2036 προσέπεσεν
2595 1962 2764 2034 αὐτῷ,
2790 1961 3051 2032 λέγουσα·
3083 1959 3314 2030 Ποίησον
3343 1957 3586 2028 ἀγάπην,

2006 2057 2171 2121 ἀδεᾶ,
2197 2056 2295 2111 καὶ
2324 2057 2461 2110 ὅπου
2494 2054 2730 2127 δύναμαι
2774 2052 3137 2125 εὐαρεστῆσαι
3177 2050 3257 2121 τῷ
3293 2050 3430 2121 Θεῷ,
3465 2049 3591 2120 ὀδή-

2006 2146 2175 2218 γησὸν
2215 2164 2306 2218 με.
2333 2146 2467 2200 Τότε
2505 2147 2534 2198 6
2566 2145 2744 2217 γέρων
2785 2145 3067 2217 ὡδήγησεν
3106 2143 3277 2215 αὐτὴν
3313 2144 3393 2205 είς
3427 2160 3592 2213 μονα-

2009 2234 2231 2304 στήριον
2265 2233 2574 2304 παρθένων,
2610 2234 2707 2288 καὶ
2735 2233 3054 2304 παρέδωκεν
3082 2232 3253 2302 αὐτὴν
3274 2233 3339 2302 τῇ
3378 2232 3589 2303 ’Δμμᾷ,

2008 2324 2103 2379 καὶ
2128 2322 2278 2378 εἷπε·
2310 2325 2456 2382 Λάϐε
2497 2324 2599 2396 τὴν
2636 2324 2868 2397 ἀδελφὴν
2899 2326 3126 2395 ταύτην,
3157 2324 3252 2379 καὶ
3294 2326 3368 2396 μὴ
3403 2323 3592 2393 θήσεις

2006 2418 2143 2489 αὐτῇ
2189 2416 2355 2486 ζυγὸν
2398 2416 2431 2488 ἢ
2470 2417 2692 2489 ἐντολὴν
2727 2416 2803 2480 ὡς
2834 2419 2957 2480 ταῖς
2980 2416 3028 2449 ⁸⁸
3059 2415 3349 2485 ἀδελφαῖςο
3393 2414 3508 2469 ἀλλ’
3540 2413 3597 2466 εἴ

2006 2526 2061 2563 τι
2087 2508 2252 2572 θέλει,
2288 2508 2379 2572 δὺς
2416 2509 2553 2581 αὐτῇ
2574 2525 2589 2541 ο
2621 2509 2716 2562 καὶ
2751 2508 2828 2571 ὡς
2859 2507 3024 2574 θέλει,
3056 2507 3410 2581 συγχώρησον
3451 2507 3591 2579 αὐτῇ

2010 2600 2358 2673 πορεύεσθαι.
2387 2601 2497 2656 Καὶ
2527 2601 2603 2665 ὡς
2632 2600 2889 2671 ἐποίησεν
2911 2600 3099 2670 ὀλίγας
3128 2599 3364 2672 ἡμέρας,
3401 2595 3553 2652 εἶπεν
3573 2613 3589 2627 ·

2023 2690 2165 2760 Ἐγὼ
2199 2690 2521 2763 ἁμαρτωλός
2553 2692 2690 2762 είμι,
2721 2689 2861 2744 θέλω
2901 2691 2991 2745 διὰ
3029 2690 3123 2744 δύο
3144 2690 3191 2723 ⁸⁸
3222 2689 3444 2743 ἐσθίειν.
3485 2687 3593 2743 Καὶ

2013 2780 2131 2852 μετ’
2175 2780 2363 2851 ὀλίγας
2406 2780 2623 2853 ἡμέρας
2668 2776 2853 2835 εἶπεν·
2892 2779 3036 2850 Ἐγὼ
3077 2780 3276 2844 πολλὰς
3319 2780 3594 2851 ἁμαρτίας

2011 2871 2142 2944 ἔχω,
2180 2871 2321 2926 θέλω
2360 2871 2449 2926 διὰ
2478 2872 2761 2943 τεσσάρων
2794 2872 3018 2945 ἡμερῶν
3066 2872 3287 2926 ἐσθίειν.
3327 2872 3441 2925 Καὶ
3476 2872 3594 2943 μετ’

2008 2963 2195 3034 ὀλίγας
2223 2964 2439 3037 ἡμέρας
2475 2964 2819 3036 παρεκάλεσε
2843 2964 2941 3037 τὴν
2974 2965 3192 3036 ’Δμμᾶν
3218 2964 3288 3031 ⁸⁸,
3328 2964 3590 3039 λέγουσα*

2023 3054 2240 3127 Ἐπειδὴ
2296 3055 2466 3110 πολλὰ
2507 3055 2756 3129 ἐλύπησα
2781 3056 2875 3111 τὸν
2924 3057 3057 3112 Θεὸν
3086 3057 3144 3113 ὲν
3179 3059 3301 3122 ταῖς
3342 3057 3597 3128 ἁνομίαις

332 3143 553 3214 quidem
606 3145 902 3215 plurimum
947 3143 1273 3200 contristavi
1313 3142 1486 3201 Deum
1524 3145 1908 3215 iniquitatibus

2017 3163 2139 3219 μου,
2176 3148 2403 3219 ποίησον
2435 3148 2679 3221 ἀγάπην,
2716 3148 2815 3202 καϊ
2851 3146 2980 3217 βάλε
3014 3164 3081 3228 με
3126 3148 3208 3213 είς
3236 3146 3467 3211 κελλίον,
3501 3146 3598 3202 καὶ

332 3234 470 3288 meis
488 3274 503 3297 ,
536 3232 623 3289 fac
653 3234 1002 3299 charitatem,
1031 3234 1246 3304 conjice
1274 3250 1359 3291 me
1388 3235 1445 3290 in
1473 3236 1666 3292 cellam
1685 3274 1703 3303 ,
1743 3244 1912 3307 atque

330 3340 451 3379 eam
484 3325 744 3391 obstrue,
781 3340 847 3380 ac
878 3340 975 3395 per
1009 3324 1257 3381 foramen
1288 3326 1359 3381 da
1393 3328 1672 3397 paululum
1707 3328 1868 3398 panis
1891 3365 1908 3393 ,

334 3431 548 3472 necnon
568 3417 713 3472 unde
739 3418 991 3475 manibus
1014 3433 1229 3488 operer.
1253 3418 1410 3485 Quod
1432 3420 1636 3475 factum
1659 3435 1692 3476 a
1716 3420 1907 3478 Matre.

332 3508 401 3562 Et
424 3515 649 3577 accepta
676 3505 778 3562 init
809 3507 920 3564 Deo
945 3509 1011 3564 ad
1041 3494 1314 3580 reliquum
1342 3510 1469 3565 vitae
1499 3519 1724 3581 tempus

398 3602 455 3655 2.
493 3601 602 3670 (72)
634 3599 826 3656 Frater
878 3602 1091 3673 rogavit
1124 3603 1380 3659 abbatem
1443 3601 1822 3673 Serapionem,
1853 3611 1916 3658 ut

332 3692 382 3748 ei
419 3693 629 3748 diceret
666 3693 913 3749 verbum.
943 3694 1036 3749 Ait
1070 3695 1150 3750 illi
1180 3709 1346 3750 senex
1378 3713 1392 3750 :
1423 3692 1569 3761 Quid
1610 3694 1709 3750 tibi
1738 3694 1914 3751 habeo

333 3786 550 3841 dicere?
595 3787 741 3857 quod
790 3787 1075 3858 sumpsisti
1122 3803 1247 3859 quae
1290 3794 1449 3843 erant
1505 3786 1798 3842 viduarum
1849 3802 1916 3844 ac

335 3878 698 3949 pupillorum,
733 3888 789 3936 et
826 3880 1060 3950 posuisti
1098 3880 1156 3935 in
1186 3880 1291 3935 hac
1322 3879 1480 3945 aula;
1523 3876 1739 3935 viderat
1766 3878 1915 3935 enim

333 3985 452 4024 eam
486 3969 642 4023 libris
668 3970 908 4039 plenam.

401 4062 455 4117 5.
514 4060 628 4132 (75)
678 4060 824 4116 Dixit
872 4061 1043 4117 abbas
1114 4060 1394 4131 Serapio:
1445 4057 1915 4126 Quemadmodum

333 4150 534 4206 milites
562 4150 914 4220 imperatoris
945 4166 1057 4207 non
1090 4156 1344 4221 possunt,
1366 4149 1497 4206 dum
1533 4156 1740 4212 astant,
1777 4148 1914 4204 dex-

334 4249 575 4295 trorsum
606 4243 688 4295 vel
713 4242 1096 4297 sinistrorsum
1122 4241 1405 4313 aspicere:
1437 4242 1509 4297 ita
1537 4241 1700 4298 etiam
1728 4240 1916 4305 homo,

335 4333 380 4386 si
415 4330 629 4387 steterit
660 4347 846 4386 coram
873 4332 1005 4397 Deo,
1035 4343 1091 4389 et
1118 4335 1174 4390 in
1198 4341 1500 4404 conspectu
1524 4333 1646 4404 ejus
1673 4333 1917 4397 intentus

2008 3238 2319 3311 ὰνὰφραξον
2345 3238 2501 3305 αὐτὸ,
2523 3239 2621 3293 καὶ
2651 3239 2719 3294 δι’
2747 3240 2887 3312 ὀπῆς
2913 3238 3057 3293 δίδου
3089 3256 3179 3312 μοι
3214 3239 3409 3311 μικρὸν
3433 3240 3598 3309 ἄρτον

2011 3330 2106 3384 καὶ
2154 3330 2219 3384 τὸ
2270 3330 2610 3403 ὲργόχειρον.
2664 3331 2778 3386 Καὶ
2824 3331 3079 3403 ἐποίησεν
3126 3330 3263 3402 αὐτῇ
3310 3331 3344 3401 ὴ
3383 3331 3597 3400 ‘Appi;

2010 3418 2203 3482 οὕτως.
2226 3420 2340 3475 Καὶ
2373 3419 2708 3492 εύηρέστησε
2731 3419 2812 3492 τῷ
2833 3418 2956 3491 Θεῷ
2983 3420 3076 3475 τὸν
3099 3419 3379 3473 ἐπίλοιπον
3410 3421 3598 3490 χρόνον

2009 3507 2111 3579 τῆς
2148 3507 2298 3578 ζωῆς
2327 3509 2518 3581 αὐτῆς.

2087 3599 2155 3670 β’.
2209 3599 2463 3671 ’Δδελφδς
2506 3600 2760 3675 ἠρώτησε
2792 3601 2885 3655 τὸν
2913 3600 3089 3655 ἁϐϐᾶν
3128 3600 3476 3672 Σαραπίωνα,
3512 3598 3600 3651 λέ-

2014 3708 2159 3762 γων’
2192 3692 2328 3747 Εἰπέ
2366 3710 2456 3764 μοι
2502 3693 2682 3763 λόγον.
2720 3694 2877 3763 Λέγει
2918 3693 3071 3764 αὐτῷ
3109 3695 3139 3747 6
3166 3693 3378 3764 γέρων·
3414 3692 3480 3744 Τί
3515 3707 3597 3744 σοι

2014 3785 2127 3857 ἔχω
2151 3782 2360 3853 είπεῖν;
2391 3782 2475 3841 ὅτι
2516 3786 2711 3852 ἔλαϐες
2734 3786 2806 3840 τὰ
2835 3785 2946 3841 τῶν
2989 3786 3175 3858 χηρῶν
3202 3787 3298 3841 καὶ
3321 3785 3593 3857 ὀρφανῶν,

2015 3878 2110 3932 καὶ
2133 3877 2350 3949 σεθηκας
2376 3880 2459 3942 είς
2492 3877 2590 3951 τὴν
2620 3877 2812 3951 θυρίδα
2854 3877 3063 3951 ταύτην
3082 3895 3096 3910 ⁸
3127 3873 3235 3932 εἶδε
3277 3877 3386 3949 γὰρ
3426 3876 3600 3948 αὐτὴν

2019 3968 2221 4041 μεστὴν
2261 3969 2504 4041 βιϐλίων.

2086 4068 2157 4129 γ’.
2198 4056 2368 4115 Εἶπεν
2389 4063 2419 4117 6
2451 4061 2627 4128 ἀϐσᾶς
2649 4063 2969 4135 Σαραπίων,
2992 4064 3075 4117 ὅτι
3107 4062 3320 4133 Ὥσπερ
3348 4063 3396 4116 oi
3434 4077 3599 4132 στρα-

2015 4152 2209 4208 τιῶται
2259 4153 2355 4208 τοῦ
2415 4155 2684 4225 βασιλέως
2729 4156 2791 4210 ού
2843 4156 3095 4210 δύνανται
3139 4155 3181 4188 ⁸⁷
3233 4155 3516 4226 ἱστάμενοι
3551 4152 3596 4184 ⁸⁸

2016 4245 2225 4317 δεξιὰῆ
2256 4247 2523 4323 ἀριστερὰ
2550 4247 2871 4320 προσέχειν·
2903 4248 3072 4315 οὕτως
3105 4248 3200 4302 καὶ
3227 4249 3257 4301 ὁ
3291 4247 3597 4319 ἄνθρωπος.

2018 4337 2112 4392 ἐὰν
2156 4337 2372 4393 ἵσταται
2403 4338 2634 4393 ἐνώπιον
2663 4338 2757 4393 τοῦ
2785 4338 2943 4405 Θεοῦ,
2969 4340 3065 4394 καὶ
3095 4340 3337 4411 προσέχῃ
3370 4337 3601 4392 ἐνώπιον

337 4422 505 4478 fuerit
535 4436 663 4477 eum
696 4421 895 4478 timore
939 4423 1071 4479 hora
1100 4425 1279 4493 omni,
1326 4425 1463 4484 nihil
1495 4425 1707 4482 inimici
1737 4431 1908 4495 potest

2019 4430 2185 4486 αὐτοῦ
2214 4432 2272 4487 ἐν
2303 4430 2454 4503 φόϐῳ
2479 4431 2630 4504 πάσῃ
2656 4430 2795 4504 ὥρᾳ,
2822 4431 2976 4488 οὐδὲν
3015 4430 3111 4485 τοῦ
3145 4431 3341 4504 ἐχθροῦ
3378 4430 3601 4483 δύναται

334 4529 460 4571 cum
494 4522 718 4570 terrere.

408 4608 443 4665 ι
497 4606 611 4679 (74)
647 4606 799 4666 Adiit
826 4607 1000 4667 frater
1030 4606 1280 4665 abbatem
1315 4607 1702 4680 Serapionem;
1732 4610 1919 4668 horta~

336 4704 500 4760 batur
534 4710 719 4760 autem
745 4717 872 4759 eum
896 4718 1088 4767 senex,
1121 4710 1181 4758 ut
1209 4717 1279 4759 ex
1312 4717 1467 4758 more
1491 4702 1697 4760 faceret
1720 4702 1920 4760 oratio-

336 4810 482 4850 nem.
518 4794 612 4849 llle
640 4808 770 4849 vero
801 4808 861 4850 se
891 4801 1235 4865 peccatorem
1266 4808 1492 4862 vocans,
1532 4794 1762 4866 ipsoque
1797 4809 1917 4851 mo-

337 4883 500 4938 nachi
541 4883 733 4939 habitu
779 4884 1102 4957 indignum,
1135 4899 1246 4939 non
1280 4882 1686 4953 acquiescebat.
1734 4881 1916 4938 Voluit

334 4976 500 5029 etiam
532 4976 698 5049 pedes
741 4974 862 5046 ejus
898 4976 1083 5031 lavare
1103 5014 1118 5039 ,
1150 4975 1247 5033 sed
1280 4975 1476 5032 iisdem
1509 4975 1707 5031 iterum
1733 4974 1916 5034 verbis

339 5081 496 5133 usus,
526 5083 637 5124 non
667 5069 816 5125 tulit.
862 5067 1134 5145 Apposuit
1160 5084 1379 5140 quoque
1411 5067 1462 5125 ei
1499 5082 1772 5137 mensam;
1800 5082 1914 5123 cm—

339 5157 527 5229 pitque
583 5175 750 5218 senex
809 5175 915 5217 una
964 5160 1317 5217 manducare.
1373 5160 1545 5217 Porro
1591 5160 1923 5217 admonebat

338 5250 492 5306 illum
520 5251 607 5310 his
632 5255 814 5313 verbis
847 5274 861 5313 :
892 5253 1018 5323 Fili,
1066 5256 1113 5312 si
1139 5256 1299 5327 cupis
1332 5256 1624 5328 proiicere,
1660 5270 1921 5326 permane

408 5435 456 5468 δ’
491 5434 742 5512 Al‘._a_d_d.
774 5440 867 5512 καὶ
902 5441 1276 5512 ,προσεδόκησε
1302 5440 1397 5494 τὸν
1426 5439 1657 5512 γέροντα
1698 5437 1836 5509 μετὰ
1880 5438 2097 5512 χρειῶν.

336 5498 479 5569 λαις.
553 5506 600 5539 ⁸⁸
626 5507 713 5560 Al.
738 5510 867 5575 μιᾶς
888 5498 1119 5580 ἡμέρας.
1194 5498 1239 5544 ίθ
1267 5512 1350 5565 AI.
1384 5498 1506 5565 add:
1527 5510 1619 5563 τοῦ
1661 5498 2042 5581 μοναςτηρίου.
2123 5508 2166 5538 ⁸⁷
2198 5507 2283 5561 ΔΙ.
2311 5498 2604 5578 τολμῶσιν.

410 5663 524 5733 (72)
576 5661 681 5733 Yr'l.
713 5661 855 5733 {’atr.
905 5677 975 5721 vr,

412 5730 524 5803 (73)
576 5732 676 5787 i’it.
710 5730 861 5785 I’ulr.
913 5745 986 5795 κε,
1018 5731 1106 5782 51.

2022 4525 2187 4580 αὐτὸν
2212 4524 2536 4595 έκφοὸἧσαι.

2094 4617 2155 4671 δ’.
2197 4616 2515 4689 Παρέϐαλεν
2552 4617 2783 4686 ἀδελφὸς
2802 4615 2882 4688 τῷ
2908 4616 3053 4689 ὰϐδᾷ
3080 4616 3426 4689 Σαραπίωνι·
3470 4632 3603 4687 προ-

2022 4705 2283 4776 ετρέπετο
2307 4706 2366 4760 δὲ
2407 4706 2572 4761 αὐτὸν
2595 4709 2627 4761 6
2650 4706 2831 4778 γέρων
2857 4706 3022 4779 εὐχὴν
3055 4708 3279 4778 ποιῆσαι
3324 4706 3467 4761 κατὰ
3502 4705 3606 4778 τὴν

2024 4797 2336 4871 συνήθειαν.
2379 4798 2437 4851 '(t
2472 4797 2531 4852 δὲ
2559 4798 2883 4870 ἁμαρτωλὸν
2917 4799 3107 4853 ἑαυτὸν
3144 4798 3337 4867 λέγων,
3374 4799 3467 4852 καὶ
3506 4798 3606 4852 αύ-

2023 4890 2119 4945 τοῦ
2151 4889 2245 4945 τοῦ
2287 4890 2582 4961 μοναχικοῦ
2621 4890 2897 4961 σχήματος
2928 4889 3169 4955 ἀνάξιον,
3203 4891 3305 4944 ούκ
3332 4889 3601 4945 ἐπείθετο.

2037 4979 2298 5052 Ἦθέλησε
2328 4979 2387 5034 δὲ
2424 4978 2517 5035 xui
2565 4979 2693 5044 τοὺς
2734 4980 2898 5044 πόδας
2934 4980 3101 5035 αὐτοῦ
3139 4979 3320 5050 νίψαι·
3359 4980 3455 5033 καὶ
3489 4982 3605 5045 τοῖς

2025 5073 2213 5138 αὐτοῖς
2271 5072 2434 5129 πάλιν
2503 5070 2784 5147 χρώμενος
2860 5070 3074 5143 λόγοις,
3143 5071 3246 5126 οὐκ
3319 5070 3603 5143 ἠνέσχετο.

2038 5162 2293 5235 Ἐποίησε
2322 5162 2380 5218 δὲ
2408 5161 2571 5219 αὐτὸν
2598 5161 2933 5232 γεύσασθαι*
2967 5160 3167 5217 ἐσθίειν
3189 5161 3249 5216 δὲ
3276 5160 3482 5234 ἤρξατο
3508 5162 3608 5217 καὶ

2024 5256 2051 5307 6
2094 5254 2294 5325 γέρων.
2344 5254 2456 5315 Καὶ
2502 5253 2771 5311 ἐνουθέτει
2819 5254 3003 5325 αὐτὸν,
3048 5254 3258 5328 λέγων*
3298 5254 3520 5320 Τέκνον,
3554 5255 3606 5309 εἰ

2199 5435 2520 5509 ttAlnadd.
2555 5437 2723 5509 μηδὲν
2758 5438 3010 5505 ἐνέγκας.
3107 5437 3151 5470 ⁸⁵
3185 5439 3274 5492 ΑΙ.
3306 5437 3477 5509 inser.
3509 5436 3606 5509 ἆζ-

2688 5510 2731 5541 "
2753 5509 2838 5563 Al.
2870 5509 3037 5563 inscr.
3079 5508 3388 5580 ἔμπροσθεν
3413 5506 3604 5563 αὑτοῦ.

2035 5662 2215 5786 Ηςῗί)
2268 5663 2369 5717 l’it.
2407 5661 2556 5718 Patr.
2592 5679 2709 5730 vm,
2755 5663 2814 5729 9;
2849 5663 3173 5737 Cassianus;
3218 5661 3413 5718 Collul.
3452 5676 3607 5731 xvm,
