4020 6202
297 289 362 345 41
383 293 413 342 7
1465 297 2088 358 APOPHTHEGMATA
2128 301 2438 361 PATBUM.
3494 321 3555 378 ll
3569 323 3600 379 8

319 413 500 477 θέλεις
538 411 908 482 ὠφεληθῆναι,
942 413 1282 484 καρτέρησον
1331 414 1390 468 ὲν
1427 415 1506 486 τῷ
1558 416 1754 488 κελλίῳ
1807 435 1893 472 σου

2027 421 2084 475 in
2115 422 2250 476 cella
2278 430 2392 489 tua,
2422 425 2712 483 attendens
2739 428 2836 484 tibi
2865 429 2990 499 ipsi,
3031 431 3277 487 etlabori
3313 446 3594 490 manuum.

323 506 421 558 καὶ
457 504 693 574 πρόσεχε
735 502 948 574 σεαυτῷ
982 504 1077 556 καὶ
1106 503 1184 574 τῷ
1217 506 1517 577 έργοχείρῳ
1553 524 1647 560 σου
1669 521 1683 538 ⁸
1714 509 1775 561 οὐ
1805 509 1893 580 γὰέ

2018 511 2207 585 Neque
2232 515 2378 568 enim
2404 523 2617 573 tantum
2665 518 2852 577 aﬁ‘eret
2879 523 3136 579 utilitatis
3160 525 3401 594 prodire,
3430 541 3599 597 quan‘

326 599 480 667 φέρει
512 613 593 649 σοι
625 595 688 648 τὸ
729 595 1097 666 προέρχεσθαι
1153 598 1411 668 τοιαύτην
1465 597 1754 668 ὠφέλειαν,
1791 601 1893 654 ὅσοε

2015 611 2132 660 tum
2159 605 2375 662 sedere.
2417 607 2516 664 llis
2555 610 2648 668 ille
2691 613 2926 680 auditis,
2989 619 3354 673 exacerbatus
3387 595 3505 686 est,
3538 629 3599 676 et

330 688 387 739 τὸ
412 685 763 752 καθέζεσθαι.
803 687 861 739 '0
883 687 941 739 δὲ
973 687 1148 741 ταῦτα
1177 688 1437 754 ἀκούσας,
1467 691 1794 764 ἐπικράνθη,
1820 697 1893 747 κα

2014 695 2190 752 forma
2227 707 2508 768 mutatus,
2556 702 2693 759 adeo
2730 711 2793 759 ut
2831 719 2932 760 nec
2960 720 3147 762 senem
3180 709 3350 766 latere
3382 685 3594 780 posset.

325 779 593 851 ἠλλοιώθη
636 782 704 851 τῇ
758 782 966 852 μορφῇ,
998 779 1142 834 ὥστε
1195 781 1331 853 μηδὲ
1382 781 1678 854 δυνηθῆναι
1732 785 1914 840 λαϐεῖν

322 870 412 922 τὸν
445 869 701 941 γέροντα.
752 866 920 923 Εἶπεν
965 868 1060 925 οὖν
1087 871 1237 943 αύτῷ
1280 872 1310 926 6
1353 871 1533 938 άϐϐᾶς
1582 876 1908 947 Σαραπίων·

322 960 503 1031 Μέχρι
544 960 642 1013 τοῦ
679 960 776 1013 νῦν
839 960 1048 1030 ἔλεγες,
1087 961 1438 1034 ’Δμαρτωλός
1467 965 1601 1036 είμι,
1643 967 1738 1020 καὶ
1783 983 1913 1022 κατ-

320 1052 542 1123 ηγόρεις
571 1053 769 1107 ἑαυτοῦ
791 1054 886 1108 καὶ
905 1053 1003 1108 τοῦ
1029 1054 1128 1126 ζῇν
1155 1054 1374 1120 ἀνάξιον
1402 1052 1542 1111 εἶναι
1559 1071 1573 1086 ⁸
1601 1058 1697 1112 καὶ
1722 1059 1911 1132 ἐπειδὴ

318 1141 460 1210 μετὰ
510 1142 736 1215 ἀγάπης
786 1142 1081 1215 ὑπέμνησα
1132 1161 1214 1210 σε,
1264 1145 1518 1202 τοσοῦτον
1565 1148 1907 1222 ἐθηριώθηςς

331 1231 458 1285 Ἐὰν
487 1229 584 1286 οὖν
624 1233 788 1307 θέλῃς
818 1237 1076 1301 ταπεινὸς
1124 1234 1286 1303 εἶναι,
1333 1237 1403 1292 τὰ
1438 1241 1572 1312 παρ’
1599 1241 1776 1296 ἄλλων
1807 1243 1905 1296 έπ-

315 1323 567 1392 αγὸμενά
604 1341 685 1378 σοι
727 1325 867 1395 μάθε
899 1326 1088 1398 φέρειν
1125 1329 1412 1397 γενναίως,
1441 1331 1537 1384 καὶ
1565 1331 1642 1404 μὴ
1687 1334 1909 1404 ῥήματα

316 1413 468 1484 ἀργὰ
510 1413 741 1485 κάτεσχε
777 1415 992 1487 σεαυτῷ
1019 1411 1156 1487 ('75).
1203 1417 1387 1472 Ταῦτα
1413 1418 1655 1485 ἀκούσας
1679 1423 1708 1475 6
1753 1422 1910 1476 ἀδελ-

317 1505 422 1574 φὸς
471 1505 756 1578 μετενόησε
796 1506 874 1578 τῷ
931 1507 1178 1581 γέροντι,
1229 1509 1324 1564 καὶ
1375 1511 1548 1567 πολλά
1597 1513 1906 1588 ὠφεληθεὶς

313 1597 688 1670 ἀνεχώρησεν.

685 1713 829 1782 Περὶ
865 1714 973 1770 τοῦ
1011 1713 1162 1770 άϐϐᾶ
1196 1717 1447 1786 Σερίνου
1470 1717 1537 1773 δ’.

385 1829 460 1878 α’.
504 1824 732 1894 Ἔλεγον
784 1825 915 1896 περὶ
959 1826 1054 1879 τοῦ
1109 1827 1255 1882 ἀϐϐἄ
1305 1829 1551 1900 Σερίνου,
1598 1831 1680 1884 ὅτι
1732 1831 1904 1886 πολλὰ

316 1915 629 1986 εἰργάζετο,
675 1917 768 1971 καὶ
816 1917 911 1971 δύο
956 1918 1278 1988 παξαμάτια
1300 1920 1346 1952 ⁸ο
1391 1921 1547 1990 ἤσθιε
1590 1921 1899 1990 διαπαντός.

316 2009 435 2061 Καὶ
475 2007 646 2062 ἐλθὼν
690 2009 824 2081 πρὸς
869 2009 1031 2062 αὐτὸν
1069 2012 1098 2063 6
1143 2011 1319 2075 ἀϐϐἄς
1354 2011 1472 2066 Ἰὼϐ
1496 2015 1565 2078 ⁵⁸,
1596 2014 1626 2067 6
1675 2032 1902 2085 συμφω-

318 2094 492 2174 νητὴς
534 2096 712 2162 αὐτοῦ,
755 2100 852 2151 καὶ
903 2099 1062 2163 αὐτὸς
1109 2099 1166 2153 δὲ
1217 2103 1392 2172 μέγας
1437 2103 1704 2175 ἀσκητὴς,
1749 2101 1900 2159 εἶπεν

316 2169 491 2258 αύτῷ,
517 2188 596 2240 ὅτι
626 2189 719 2254 Εἰς
756 2189 818 2242 τὸ
859 2190 1070 2244 κελλίον
1106 2169 1229 2262 μουή
1262 2169 1520 2262 φυλάττω
1700 2197 1898 2268 πρᾶξίν

315 2295 460 2347 μου·
503 2277 596 2331 ἐὰν
637 2279 696 2332 δὲ
745 2279 968 2345 ἐξέλθω,
1015 2283 1434 2351 συγκαταϐαίνω
1465 2288 1581 2349 τοῖς
1626 2287 1894 2356 ἀδελφοῖς.

311 2359 425 2422 Καὶ
472 2369 618 2440 λέγει
670 2365 821 2442 αὐτῷ
857 2374 886 2425 6
930 2372 1104 2438 ἀϐϐᾶς
1137 2374 1382 2446 Σερῖνοςο
1419 2378 1534 2430 Ούκ
1573 2377 1721 2431 ἐστιν
1757 2379 1894 2451 α’ύτη

313 2460 526 2532 μεγάλη
555 2461 744 2533 ἁρετὴ,
773 2463 899 2516 ὅταν
930 2464 988 2516 ἐν
1021 2464 1099 2535 τῷ
1140 2466 1336 2537 κελλίῳ
1367 2485 1460 2521 σου
1491 2468 1766 2540 φυλάττῃς
1797 2469 1895 2552 τὴν

307 2552 465 2616 τάξιν
504 2571 619 2621 σου,
652 2554 766 2608 ἀλλ’
792 2556 918 2609 ὅταν
947 2557 1012 2611 ὲκ
1047 2557 1140 2610 τοῦ
1174 2557 1386 2612 κελλίου
1417 2577 1510 2612 σου
1561 2560 1762 2630 μᾶλλον
1807 2561 1897 2627 ἐξ·

308 2643 495 2714 ἐλθῃς.

386 2735 454 2804 β’.
483 2733 649 2789 Εἶπεν
673 2737 702 2789 ὁ
725 2737 898 2802 ἀϐϐᾶς
922 2737 1156 2810 Σερῖνος,
1183 2741 1265 2793 ὅτι
1299 2741 1559 2812 Ἑποίησα
1583 2741 1676 2794 τὸν
1700 2742 1893 2814 χρόνον

307 2845 440 2898 μου,
461 2827 714 2900 θερίζων,
748 2832 1176 2902 καταρῤάπτων,
1198 2833 1417 2887 πλέκων
1436 2851 1449 2866 ο
1481 2835 1576 2888 καὶ
1605 2837 1664 2888 ὲν
1685 2836 1892 2900 τούτοις

305 2921 500 2986 πᾶσιν,
530 2923 580 2974 εί
619 2920 695 2992 μὴ
730 2922 764 2990 ἡ
802 2922 923 2992 χεὶρ
946 2921 1042 2976 τοῦ
1062 2923 1200 2986 Θεοῦ
1227 2925 1489 2997 ἀχόρτασέ
1521 2943 1608 2995 με,
1640 2927 1740 2980 οὐκ
1762 2927 1890 2996 ἠδυ-

305 3011 480 3084 νήθην
506 3013 899 3084 χορτασθῆναι.

654 3126 794 3195 Περὶ
820 3126 928 3182 τοῦ
961 3125 1113 3183 ἀδεᾶ
1135 3127 1538 3196 Σπυρίδωνος.

377 3235 447 3293 α’.
516 3239 654 3310 Περὶ
697 3238 754 3294 δὲ
810 3240 1197 3314 Σπυρίδωνος,
1250 3241 1486 3314 τοσαύτη
1537 3241 1618 3314 τῷ
1675 3243 1892 3314 ποιμένι

303 3331 521 3403 προσῆν
541 3331 777 3404 ὁσιότης,
807 3332 884 3396 ὡς
918 3333 1216 3405 ἀξιωθῆναι
1261 3333 1426 3388 αὐτὸν
1453 3335 1549 3389 καὶ
1587 3334 1892 3408 ἀνθρώπων

302 3422 547 3492 ποιμένα
573 3423 847 3491 γενέσθαι.
875 3425 1023 3488 Μιᾶς
1050 3425 1156 3497 γὰρ
1201 3424 1310 3478 τῶν
1335 3427 1392 3479 ἐν
1417 3425 1628 3498 Κύπρῳ
1660 3427 1889 3494 πόλεων,

299 3512 532 3584 ὀνόματι
564 3514 996 3584 Τριμιθούντων,
1021 3509 1176 3580 οὗτος
1204 3514 1304 3587 τὴν
1329 3517 1638 3587 ἐπισκοπὴν
1665 3517 1892 3587 ἐκεκλή-

305 3622 485 3677 ρωτοο
524 3604 612 3658 διὰ
648 3607 704 3659 δὲ
751 3607 987 3676 ἀτυφίαν
1039 3607 1274 3680 πολλὴν,
1314 3608 1574 3679 ἐχόμενος
1617 3609 1718 3680 τῆς
1766 3613 1888 3665 ἐπι-

305 3698 536 3767 σκοπῆς.
570 3699 854 3771 ἐποίμαινε
882 3702 975 3754 καὶ
1001 3700 1068 3754 τὰ
1095 3702 1362 3772 πρόϐατα.
1396 3700 1686 3772 Μεσούσης
1709 3701 1766 3756 δὲ
1793 3703 1890 3775 τῆς

303 3791 520 3856 νυκτὸς,
549 3791 780 3845 κλέπται
813 3795 877 3862 τῇ
913 3791 1126 3863 μάνδρα
1153 3792 1262 3845 τῶν
1293 3790 1584 3862 προϐάτων
1615 3793 1890 3863 λαθραίως

302 3882 646 3947 ἐπελθόντες,
679 3884 874 3954 κλέψαι
897 3884 1006 3937 τῶν
1035 3884 1324 3954 προϐάτων
1348 3884 1704 3950 ἐσπούδαζον.
1745 3886 1802 3939 ’0
1833 3885 1890 3938 δὲ

301 3974 436 4037 θεὸς
467 3975 494 4026 6
532 3975 622 4028 τὸν
651 3975 886 4046 ποιμένα
918 3974 1128 4039 σώζων,
1152 3975 1248 4028 καὶ
1271 3975 1340 4028 τά
1369 3975 1617 4047 πρόϐατα
1647 3976 1848 4042 ἔσωζεν
1872 3993 1888 4010 ο

302 4069 351 4118 οἱ
376 4067 486 4136 γὰρ
509 4067 740 4120 κλέπται
769 4067 986 4138 ἀοράτῳ
1015 4066 1243 4136 δυνάμει
1269 4067 1314 4099 δ’
1342 4067 1493 4138 παρὰ
1513 4067 1612 4138 τὴν
1647 4069 1889 4142 μάνδραν

305 4159 560 4212 ἐδέδεντο.
593 4159 825 4230 Ὀρθρος
859 4158 916 4211 δὲ
941 4153 1008 4228 ἦν
1026 4173 1040 4187 ⁸
1077 4159 1172 4212 καὶ
1197 4152 1332 4231 ἦκεν
1357 4159 1385 4211 6
1422 4160 1626 4232 ποιμὴν
1660 4161 1796 4232 πρὸς
1820 4161 1890 4215 τὰ

302 4247 573 4320 πρόϐατα.
591 4249 676 4312 Ὡς
698 4248 756 4300 δὲ
783 4240 942 4318 εὗρεν
963 4246 1139 4300 ὀπίσω
1158 4246 1258 4311 τὰς
1281 4250 1467 4322 χεῖρας
1489 4249 1729 4320 ἔχοντας,
1748 4251 1888 4320 ἔγνω

299 4341 362 4391 τὸ
381 4342 607 4408 γεγονός
625 4359 636 4370 ’
655 4342 748 4395 καὶ
762 4341 1061 4412 εὐξάμενος
1074 4340 1191 4394 λύει
1211 4341 1338 4404 τοὺς
1358 4339 1616 4404 κλέπτας.
1635 4342 1809 4397 Πολλὰ
1830 4342 1886 4396 δὲ

2013 785 2205 860 Itaque
2242 791 2380 848 dixit
2407 793 2459 850 ei
2505 794 2674 853 abbas
2705 795 2979 868 Serapio:
3023 794 3320 870 ﬂuensque
3348 803 3536 858 aiebas
3579 821 3592 857 :

2011 877 2278 936 Peccator
2301 896 2458 950 sum;
2489 885 2618 941 item
2662 888 2968 944 accusabas
3005 897 3058 944 te
3088 891 3250 960 quasi
3283 891 3448 946 etiam
3478 893 3592 948 vita

2011 969 2338 1042 indignum;
2383 975 2515 1046 quia
2547 991 2680 1032 vero
2711 977 3108 1035 commonefeci
3139 989 3193 1036 te
3228 994 3354 1036 cum
3405 982 3590 1038 chari-

2012 1070 2144 1130 tate,
2176 1081 2352 1137 usque
2377 1067 2514 1124 adeo
2540 1069 2798 1127 eﬁeratus
2818 1073 2918 1128 es?
2947 1070 3005 1126 Si
3027 1088 3161 1144 ergo
3185 1073 3468 1130 desideras
3499 1075 3593 1129 bu-

2011 1155 2160 1212 milis
2188 1172 2332 1224 esse,
2362 1174 2485 1229 qua:
2511 1160 2580 1216 ab
2601 1161 2727 1219 aliis
2757 1164 2856 1220 tibi
2888 1164 3224 1230 inferuntur,
3252 1164 3405 1222 disce
3428 1165 3588 1222 forti-

2011 1253 2095 1300 ter
2115 1244 2280 1313 ferre,
2320 1264 2423 1304 nec
2450 1253 2617 1306 verba
2646 1253 2824 1310 otiosa
2850 1255 2996 1324 apud
3035 1263 3090 1312 te
3111 1255 3308 1311 retine.
3345 1255 3471 1310 Haec
3494 1270 3592 1311 au-

2009 1338 2167 1396 diens
2195 1339 2383 1406 frater,
2409 1342 2621 1397 veniam
2649 1344 2877 1416 supplex
2904 1347 3060 1417 petiit
3085 1362 3116 1402 a
3145 1362 3297 1414 sene,
3328 1355 3384 1404 et
3413 1346 3592 1402 multo

2010 1443 2135 1485 cum
2176 1431 2374 1488 animae
2402 1432 2557 1489 lucro
2579 1434 2855 1493 discessit.

2521 1718 2602 1774 De
2634 1719 2822 1777 abbate
2850 1723 3066 1782 Sereno.

2077 1821 2129 1875 l.
2162 1821 2398 1880 Aiebant
2424 1826 2493 1882 de
2515 1828 2712 1886 abbate
2737 1831 2977 1902 Sereno,
2999 1839 3146 1906 quod
3179 1841 3410 1896 multum
3452 1858 3582 1914 ope-

2005 1921 2240 1981 raretur,
2270 1925 2326 1970 et
2355 1917 2495 1974 duos
2519 1932 2836 1990 paxamates
2863 1941 3082 1998 semper
3105 1932 3442 1992 coniedcret.
3473 1933 3578 1994 Ve-

2003 2004 2162 2061 niens
2190 2015 2370 2063 autem
2407 2011 2474 2066 ad
2503 2027 2627 2066 cum
2664 2014 2835 2072 abbas
2867 2017 2994 2083 Job,
3036 2023 3244 2080 sodalis
3267 2027 3409 2096 ejus,
3453 2027 3575 2099 ipse

2000 2096 2165 2152 etiam
2215 2113 2449 2171 magnus
2493 2116 2711 2169 asceta,
2762 2107 2939 2165 dixit:
2978 2110 3036 2165 in
3080 2113 3219 2168 cella
3264 2132 3380 2172 mea
3415 2096 3576 2174 servo

2000 2185 2274 2243 actionem
2312 2205 2534 2260 meam;
2582 2196 2678 2250 sed
2725 2195 2772 2250 si
2799 2198 3010 2262 exiere,
3052 2202 3434 2260 condescendo
3469 2208 3579 2264 fra-

1999 2276 2197 2332 tribus.
2222 2281 2313 2334 Ait
2339 2281 2415 2335 illi
2446 2283 2616 2341 abbas
2651 2283 2891 2342 Serenus
2919 2307 2931 2343 :
2964 2288 3084 2345 Non
3118 2294 3346 2348 estbaec
3374 2312 3570 2369 magna

1998 2367 2212 2437 virtus,
2259 2373 2479 2441 quando
2524 2375 2580 2431 in
2630 2379 2766 2433 cella
2811 2389 2903 2434 tua
2949 2382 3284 2442 custodieris
3325 2367 3576 2446 ordinem

1998 2470 2174 2528 ιιιυιιι,
2201 2464 2296 2521 scd
2322 2466 2506 2535 potius
2529 2482 2652 2524 cum
2684 2485 2716 2526 e
2737 2471 2874 2526 cella
2901 2480 2994 2528 tua
3018 2489 3295 2546 egressus.

2065 2729 2121 2782 2.
2158 2727 2304 2784 Dixit
2352 2729 2524 2786 abbas
2567 2730 2812 2792 Serenus
2849 2754 2862 2790 :
2893 2735 3133 2811 Tempus
3180 2756 3360 2796 meum
3395 2746 3579 2818 peregi

1996 2820 2275 2887 metendo,
2309 2826 2651 2892 consuendo,
2676 2828 3004 2898 plectendo;
3041 2834 3289 2901 atquein
3326 2833 3416 2888 bis
3456 2849 3577 2890 oni-

1993 2911 2182 2978 nibus,
2213 2914 2324 2971 nisi
2348 2929 2547 2973 manus
2580 2917 2672 2974 Dei
2698 2919 2942 2977 cibassct
2972 2935 3080 2987 me,
3118 2937 3230 2978 non
3265 2927 3575 2994 potuissem

1994 3005 2218 3062 nutriri.

2472 3121 2551 3178 De
2576 3123 2768 3179 abbate
2791 3123 3111 3197 Spyridone.

2063 3235 2116 3290 1.
2153 3232 2293 3308 (75‘)
2331 3234 2410 3291 De
2459 3233 2770 3308 Spyridone
2799 3253 2966 3305 vero,
2999 3248 3156 3297 tanta
3194 3242 3253 3298 in
3289 3258 3356 3300 eo
3384 3246 3569 3302 ovium

1991 3333 2214 3396 pastore
2245 3326 2424 3384 inerat
2454 3331 2745 3398 sanctitas,
2785 3340 2848 3387 ut
2879 3330 3081 3404 dignus
3120 3333 3343 3392 babitus
3369 3337 3442 3392 sit
3470 3339 3567 3408 qui

1991 3417 2279 3474 hominum
2301 3436 2523 3493 quoque
2543 3430 2737 3493 pastor
2761 3422 2936 3479 ﬁeret.
2969 3423 3148 3482 Unius
3174 3427 3320 3483 enim
3339 3443 3371 3485 e
3397 3429 3565 3502 Cypri

1993 3510 2249 3578 urbibus,
2279 3513 2504 3569 nomine
2546 3511 2961 3580 Trimitbuntis,
3001 3517 3376 3588 episcopatum
3407 3522 3574 3577 sorti-

1994 3609 2086 3657 tus
2115 3609 2222 3657 est.
2252 3599 2455 3656 Verum
2480 3600 2552 3657 ob
2582 3602 2879 3672 plurimam
2909 3604 3256 3670 modestiam,
3286 3608 3575 3680 cpiscopao

1989 3699 2109 3748 tum
2139 3685 2417 3759 obtinens,
2454 3691 2636 3749 adhuc
2664 3694 2928 3763 pascebat
2950 3709 3102 3750 oves.
3126 3695 3568 3766 Contigitautem

1991 3792 2053 3839 ut
2077 3784 2230 3840 fures
2259 3783 2438 3841 media
2471 3793 2633 3841 nocte
2654 3785 2796 3841 clam
2825 3785 2882 3839 in
2913 3786 3128 3840 caulam
3158 3787 3281 3857 ejus
3310 3788 3570 3860 ingressi,

1989 3891 2122 3934 oves
2149 3885 2425 3934 tentarent
2447 3886 2716 3935 avertere.
2748 3878 2818 3932 At
2847 3876 2992 3933 Deus
3018 3879 3108 3948 qui
3133 3888 3412 3948 pastorem
3442 3896 3579 3936 cono

1990 3971 2268 4036 servabat,
2305 3986 2436 4027 oves
2473 3970 2641 4028 etiam
2685 3971 2948 4027 servavit.
2981 3970 3155 4026 Fures
3181 3972 3384 4042 quippe
3428 3974 3571 4028 invi-

1990 4059 2137 4118 sibili
2167 4062 2374 4117 virtute
2414 4059 2656 4116 ad'ovile
2687 4059 2841 4130 ligati
2891 4060 3244 4115 tenebantur.
3275 4058 3396 4114 Jam
3424 4061 3568 4116 diiu-

1990 4153 2174 4209 culum
2215 4162 2364 4222 erat,
2395 4167 2522 4209 cum
2566 4153 2717 4208 venit
2762 4160 2954 4223 pastor
3003 4150 3074 4206 ad
3116 4166 3248 4208 oves
3290 4166 3446 4207 suas.
3496 4151 3568 4208 Ut

1989 4253 2172 4300 autem
2197 4243 2404 4301 invenit
2435 4245 2586 4300 fures
2613 4243 2874 4299 manibus
2900 4250 3027 4314 post
3047 4251 3258 4314 tergum
3278 4243 3568 4310 revinctis,

1989 4339 2214 4408 agnovit
2239 4337 2372 4410 quid
2407 4336 2729 4406 accidisset,
2760 4344 2816 4393 et
2843 4351 3007 4408 prece
3037 4336 3187 4391 facta
3221 4337 3388 4393 solvit
3418 4337 3565 4394 illos.

299 4431 634 4504 νουθετήσας
655 4434 749 4486 καὶ
778 4433 1116 4506 παραινέσας
1146 4435 1352 4498 αὐτοῖς,
1375 4437 1439 4488 ὲκ
1464 4434 1688 4488 δικαίων
1711 4435 1887 4489 πόνων

2000 4428 2237 4500 Cumque
2288 4429 2523 4484 multum
2581 4429 2966 4486 admonuisset
3026 4435 3194 4499 atque
3243 4429 3572 4486 exhortatus

299 4524 627 4588 σπουδάζειν
666 4526 864 4595 μᾶλλον
905 4526 1000 4579 καὶ
1029 4527 1105 4596 μὴ
1129 4527 1188 4594 ἐξ
1215 4527 1429 4591 ἀδικίας
1460 4525 1578 4597 ζῇν,
1608 4526 1705 4581 ἕνα
1731 4527 1884 4598 κριὸν

2000 4521 2209 4586 inisset,
2249 4527 2311 4574 ut
2361 4518 2530 4590 justis
2577 4519 2885 4588 laboribus,
2934 4536 3045 4576 non
3098 4521 3307 4591 iniquis
3352 4520 3572 4576 actibus

299 4617 490 4678 αὐτοῖς
529 4616 888 4686 χαρισάμενος
935 4615 1225 4681 ἀπέλυσεν,
1269 4616 1364 4668 καὶ
1417 4615 1719 4686 χαριέντως
1764 4619 1886 4672 ἐπι-

299 4708 674 4779 φθεγξάμενος
715 4703 894 4762 εἶπενο
949 4707 1066 4761 Ἵνα
1113 4707 1192 4779 μὴ
1250 4707 1428 4779 μάτην
1471 4710 1887 4782 ἠγρυπνηκότες

343 4816 528 4852 ανητε.

299 4817 445 4960 sub"?
457 4839 686 4956 11612761
707 4887 888 4952 πάλιν,
912 4887 993 4941 ὅτι
1017 4886 1307 4959 θυγάτριον
1328 4883 1397 4960 ἦν
1417 4889 1568 4961 αύτῷ
1591 4888 1882 4963 παρθένος,

303 4980 398 5049 τῆς
423 4978 519 5032 τοῦ
549 4979 753 5049 πατρὸς
804 4979 1091 5042 εὐλαϐείας
1130 4979 1471 5051 μετέχουσα,
1500 4979 1741 5051 τοῦνομα
1789 4982 1884 5034 Ei-

307 5075 459 5144 ρήνη.
491 5073 682 5145 Ταύτῃ
709 5072 986 5144 γνώριμός
1027 5089 1114 5135 τις
1147 5072 1445 5143 πολύτιμον
1488 5074 1758 5145 παρέθετο
1791 5073 1884 5127 κύ·-

305 5181 477 5235 εμιον.
515 5167 578 5219 'll
626 5166 682 5219 δὲ
717 5166 1123 5237 ἀσφαλέστερον
1165 5165 1425 5231 ποιοῦσα,
1466 5168 1536 5237 γῇ
1567 5165 1666 5236 τὴν
1709 5183 1884 5237 παραυ

306 5258 473 5329 θήκην
517 5258 758 5330 ἔκρυψε·
816 5259 932 5329 μετ’
959 5259 1136 5328 ὀλίγον
1186 5258 1244 5312 δὲ
1297 5257 1389 5330 τὸν
1433 5258 1548 5328 βίον
1595 5255 1878 5311 ἀπέλιπεν.

1989 4611 2196 4666 victum
2244 4609 2350 4666 sibi
2393 4623 2719 4681 comparare
2768 4611 3102 4678 niterentur,
3126 4611 3301 4666 ariete
3334 4609 3570 4665 donatos

1991 4699 2203 4756 dimisit
2234 4714 2332 4756 eos
2355 4739 2371 4766 ,
2407 4706 2574 4770 atque
2615 4697 2724 4755 hoc
2757 4697 2911 4755 verbi
2952 4698 3160 4754 urbane
3203 4695 3404 4770 adjecit
3439 4715 3456 4754 :
3491 4695 3570 4753 Ne

1990 4793 2199 4849 frustra
2233 4793 2493 4864 vigilasse
2524 4792 2842 4848 videamini.

2060 4887 2096 4940 2
2130 4884 2240 4956 (76)
2288 4885 2522 4940 Aiebant
2562 4884 2786 4950 iterum,
2829 4884 2977 4956 quod
3029 4885 3248 4940 ﬁliolam
3308 4882 3568 4937 habuerit

1990 4978 2256 5048 virginem
2286 4986 2532 5048 paterna:
2566 4977 2790 5048 pietatis
2833 4977 3184 5048 participem,
3216 4975 3436 5030 nomine
3459 4974 3566 5028 ire-

1989 5085 2119 5126 neu.
2157 5070 2296 5126 lluic
2342 5070 2634 5127 familiaris
2677 5070 2901 5141 quidam
2936 5069 3238 5139 pretiosum
3274 5081 3566 5122 ornamen-

1991 5171 2108 5218 tum
2158 5164 2660 5219 commendaverat.
2705 5161 2825 5225 llla,
2856 5169 2916 5216 ut
2952 5160 3264 5231 depositum
3295 5158 3469 5229 magis
3507 5158 3564 5218 in

1990 5263 2112 5311 tuto
2151 5263 2320 5321 esset,
2363 5255 2416 5310 in
2453 5264 2662 5310 terram
2713 5254 2958 5320 abdidit;
3012 5252 3177 5322 paulo
3215 5259 3338 5322 post
3384 5261 3561 5313 autem

371 5416 416 5447 "
445 5417 531 5470 Al.
556 5417 817 5488 Σερήνου.
888 5418 934 5449 ⁸⁰
962 5417 1042 5475 M.
1075 5415 1413 5487 παξαμάδια.
1469 5396 1539 5462 ..υ
1585 5416 1670 5470 Al.
1721 5416 1893 5488 Ἰωσήι

2019 5413 2064 5446 ⁸⁸
2093 5414 2178 5468 Al.
2209 5413 2376 5468 inser.
2411 5412 2787 5484 κρατούμενοι.

370 5575 482 5646 (75)
525 5575 734 5654 Rugii;
750 5576 987 5654 ῥήματα
1014 5577 1164 5654 ἀίγγᾲ
1179 5576 1438 5654 κάξεσχε
1454 5572 1726 5654 σεαυτῷ..
1749 5573 1883 5654 [ἕπε

313 5629 535 5721 Patrum
550 5629 676 5721 ίλεῖ
706 5629 1205 5721 ἠόηᾛάὶοιαήιτεξ-ίία
1220 5629 1488 5721 {fungere
1511 5645 1606 5721 tibi
1771 5643 1878 5721 Seu

307 5720 480 5786 potius
513 5733 529 5772 :
564 5716 631 5772 Et
667 5734 770 5772 non
795 5719 966 5775 otiosa
1005 5718 1160 5773 verba
1192 5713 1402 5788 effunde
1429 5714 1665 5780 tibiipsi.
1700 5713 1764 5769 Ut
1798 5716 1875 5772 lc-

1979 5572 2116 5644 gerit
2158 5569 2411 5638 Pelagius
2446 5569 2739 5650 interpres,
2771 5568 3025 5693 κατάξει-τ.

2053 5641 2190 5697 (75‘)
2227 5637 2474 5697 -Socrat.,
2506 5638 2581 5691 lib
2635 5653 2673 5697 I.
2708 5653 2828 5697 can.
2876 5640 2896 5697 1
2944 5680 2960 5696 ο

2053 5641 2190 5709 (75‘)
2227 5637 2605 5711 -Socrat.,li_b_’
2635 5653 2673 5708 I,
2708 5653 2828 5711 cap.

2049 5708 2178 5785 (76)
2201 5711 2441 5774 Socrat.,
2472 5708 2606 5767 ibid.
