4020 6202
414 282 512 337 ιιι)

1547 274 1895 334 APPENDIX
1933 278 2026 332 AD
2065 277 2492 336 PALLADIUM.

3567 282 3676 339 4'20

411 395 668 466 migravit
697 410 726 451 e
771 396 903 452 vita.
953 393 1112 449 Venit
1145 403 1338 466 postea
1385 398 1478 462 qui
1526 394 1898 464 deposuerat;
1931 403 1986 449 ct

2103 391 2266 450 Ἦλθε
2291 397 2345 450 δὲ
2379 396 2518 467 μετά
2547 395 2738 468 χρόνον
2763 397 2792 448 6
2822 395 3198 467 παραθέμενος
3223 413 3234 425 ·
3266 396 3360 449 καὶ
3393 394 3468 467 μὴ
3503 395 3679 467 εὑρὼν

412 490 622 561 virgine
654 503 763 542 non
799 489 1042 553 inventa,
1070 488 1292 545 inhzesit
1315 488 1459 559 patri
1486 482 1608 556 ejus
1636 487 1821 542 abbati
1850 484 1992 557 Spy-

412 579 622 643 ridoni;
657 591 804 631 nunc
845 577 1068 647 quidem
1113 579 1364 644 trahens,
1401 575 1599 632 deinde
1630 591 1762 630 vero
1791 590 1984 630 orans.

411 670 549 737 Quia
579 678 758 725 autem
784 685 954 726 senex
988 685 1019 726 e
1047 671 1252 726 damno
1276 670 1400 740 ejus
1437 669 1534 740 qui
1567 683 1684 724 rem
1713 667 1990 738 deposue-

408 768 495 815 rat
519 777 676 818 suum
712 762 888 833 ipsius
931 761 1167 816 faciebat
1193 760 1608 826 detrimentum,
1646 759 1886 813 accessit
1920 756 1989 810 ad

409 856 726 924 sepulcrum
760 855 922 921 ﬁliae,
971 853 1254 924 Deumque
1300 860 1560 925 precatus
1594 860 1698 916 est,
1749 859 1811 906 ut
1864 855 1993 904 ante

410 954 628 1016 tempus
654 947 758 1002 sibi
782 947 1099 1002 ostenderet
1131 947 1462 1017 promissam
1497 943 1987 1001 resurrectionem.

410 1037 522 1094 Nec
554 1055 652 1110 spe
686 1039 860 1095 falsus
893 1049 999 1095 est.
1034 1038 1232 1105 Statim
1276 1054 1514 1109 namque
1544 1039 1700 1108 virgo
1743 1034 1990 1091 rediviva

411 1129 668 1199 apparuit
698 1129 860 1199 patri.
913 1128 1163 1199 Cumque
1203 1129 1383 1184 locum
1426 1127 1725 1183 indicasset
1775 1125 1831 1179 in
1879 1138 1991 1195 quo

409 1227 796 1275 ornamentum
841 1221 1084 1291 positum
1141 1229 1284 1286 erat,
1333 1234 1556 1274 rursum
1604 1215 1868 1273 decessit.
1921 1216 1991 1268 At

412 1327 582 1368 senex
610 1321 894 1384 sumptum
929 1311 1241 1383 depositum
1269 1309 1527 1366 reddidit.

965 1427 1042 1482 De
1071 1425 1260 1480 abbate
1289 1425 1438 1479 Saio.

485 1539 814 1598 Beferebant
844 1541 912 1597 de
942 1541 1142 1596 abbate
1173 1539 1302 1594 Saio
1337 1545 1390 1594 et
1423 1537 1623 1594 abbate
1660 1535 1801 1601 Mue,
1841 1535 1991 1607 quod

413 1632 577 1686 simul
617 1639 923 1686 manerent.
967 1628 1293 1684 Obedientia
1325 1634 1510 1683 autem
1558 1626 1861 1696 praestabat
1891 1625 1991 1678 ab-

411 1726 513 1780 bas
544 1724 695 1789 Saio,
728 1733 849 1779 erat
883 1737 1018 1777 vero
1047 1719 1340 1775 admodum
1382 1718 1578 1772 durus.
1621 1717 1771 1771 Dixit
1800 1717 1850 1771 ei
1901 1731 1991 1771 se-

412 1832 540 1878 nex,
575 1814 820 1870 tentandi
870 1814 1048 1884 gratia
1082 1833 1096 1868 :
1129 1812 1256 1876 Abi,
1301 1811 1574 1881 praedare.
1616 1810 1790 1882 Igitur
1829 1809 1984 1873 abiit,

411 1910 466 1956 et
498 1901 697 1957 fratres
734 1903 1048 1971 diripiebat,
1079 1908 1303 1971 propter
1332 1900 1729 1966 obedientiam,
1777 1900 1831 1954 in
1864 1914 1993 1954 om-

413 1995 579 2049 nibus
604 1996 809 2065 gratias
844 2011 1010 2066 agens
1036 1994 1287 2050 Domino.
1323 1994 1390 2048 At
1417 2009 1586 2049 senex
1621 2007 1742 2063 qua:
1774 1992 1990 2048 furatus

411 2087 591 2142 fuerat
618 2087 864 2152 tollebat,
890 2087 1261 2157 reddebatque
1289 2087 1627 2141 clanculum.
1648 2085 1820 2141 Porro
1849 2099 1992 2156 quo-

411 2179 536 2233 dam
578 2179 668 2233 die
700 2193 824 2233 cum
859 2180 960 2234 iter
991 2189 1239 2251 agerent,
1271 2177 1618 2248 consumptis
1649 2177 1864 2233 viribus
1899 2177 1994 2232 de-

413 2268 569 2336 fecit,
591 2278 645 2325 et
677 2271 902 2341 reliquit
923 2288 1048 2327 eum
1069 2272 1238 2328 abbas
1268 2272 1583 2326 confectum
1610 2288 1625 2338 ;
1653 2271 1992 2340 veniensque

411 2361 554 2417 dixit
585 2363 850 2419 fratribus
891 2383 904 2419 :
937 2364 1176 2435 Pergite,
1209 2364 1468 2418 adducite
1503 2362 1652 2426 Saio,
1687 2362 1819 2432 quia
1851 2377 1992 2417 con-

415 2454 624 2511 fractus
654 2456 822 2526 jacet.
861 2457 941 2510 llli
977 2457 1260 2518 abeuntes,
1296 2455 1574 2510 duxerunt
1606 2469 1781 2512 cum-

956 2565 1034 2621 De
1072 2575 1241 2621 matre
1283 2565 1445 2622 Sara.

486 2676 538 2729 l.
584 2676 695 2746 (Π)
733 2674 1120 2733 νΝιιιηηνετυηι
1167 2677 1236 2732 de
1279 2685 1454 2733 matre
1503 2677 1660 2743 Sara,
1707 2680 1852 2750 quod
1895 2694 1990 2751 per

415 2765 678 2820 tredecim
711 2779 887 2822 annos
933 2768 1229 2822 continuos
1265 2767 1625 2824 vehementer
1662 2770 1988 2842 impugnata

415 2857 582 2913 fuerit
627 2873 661 2912 a
692 2857 941 2914 daemone
991 2857 1400 2926 fornicationis,
1448 2875 1550 2917 nec
1582 2878 1826 2934 unquam
1865 2878 1994 2919 ora.

414 2949 553 3004 verit
603 2957 665 3003 ut
713 2949 918 3005 bellum
965 2951 1291 3019 desisteret,
1344 2954 1441 3008 sed
1493 2953 1679 3026 potius
1723 2954 1928 3012 dixerit
1976 2975 1993 3012 :

415 3040 582 3109 Deus,
615 3041 684 3096 da
720 3043 852 3098 mihi
880 3043 1046 3101 vires.

485 3133 540 3190 2.
578 3134 693 3205 (78)
721 3137 1035 3206 Aliquando
1063 3138 1447 3197 vehementius
1471 3142 1700 3199 adortus
1727 3159 1846 3200 eam
1876 3146 1995 3202 fue-
2021 3109 2065 3167 ϐ

416 3224 680 3281 rat.idem
715 3225 949 3294 spiritus
997 3225 1406 3295 fornicationis,
1462 3246 1762 3303 suggerens
1809 3236 1995 3290 saeculi

415 3331 588 3372 vanas
617 3331 731 3372 res.
764 3315 859 3371 Illa
894 3333 1024 3373 vero
1047 3334 1145 3388 per
1171 3319 1268 3377 Dei
1294 3322 1548 3377 timorem
1574 3324 1779 3393 etvita:
1809 3335 1998 3382 auste-

417 3407 584 3462 rioris
621 3408 1073 3465 exercitationem
1101 3425 1451 3482 nequaquam
1491 3413 1718 3480 cedens,
1747 3418 1998 3473 ascendit

417 3499 656 3570 quodam
688 3499 777 3555 die
810 3515 980 3571 super
1023 3511 1455 3576 tectumsuum,
1489 3515 1549 3562 ut
1589 3519 1792 3564 oraret.
1841 3509 1997 3565 Tune

417 3592 675 3664 apparuit
706 3594 758 3650 ei
797 3593 852 3649 in
888 3596 1070 3667 specie
1103 3613 1371 3669 corporea
1404 3602 1634 3672 spiritus
1668 3601 1996 3659 fornicatio-

416 3683 540 3753 nis,
569 3684 820 3757 dixitque
847 3705 862 3743 :
893 3685 974 3741 Tu
1003 3704 1090 3744 me
1120 3689 1323 3759 vicisti,
1351 3691 1508 3748 Sara.
1535 3691 1840 3765 Respondit
1873 3695 1996 3753 illa:

420 3777 537 3833 Non
585 3794 686 3850 ego
720 3788 772 3835 te
798 3781 927 3846 vici,
968 3783 1063 3838 sed
1089 3779 1356 3842 Dominus
1385 3802 1542 3844 meus
1575 3787 1857 3845 Christus.

493 3873 546 3928 '5.
591 3871 702 3944 (79)
738 3875 1066 3930 Retulerunt
1089 3877 1157 3933 de
1185 3878 1398 3946 eadem,
1429 3880 1575 3950 quod
1598 3879 1757 3950 juxta
1789 3879 1990 3936 ﬂumen

421 3981 598 4023 annos
623 3970 914 4040 sexaginta
939 3979 1083 4028 totos
1109 3974 1460 4042 habitaverit,
1484 3991 1587 4032 nec
1615 3976 1808 4032 oculos
1831 3975 1999 4033 deﬂe-

421 4059 562 4114 xerit
591 4067 652 4114 ut
689 4061 898 4116 videret
930 4078 1078 4118 eum.

489 4149 548 4206 4.
590 4151 705 4222 (80)
735 4153 860 4208 Alia
899 4157 1160 4224 vice_duo
1183 4172 1368 4224 senes,
1408 4159 1756 4214 anachoretae
1783 4159 1996 4230 magni,

418 4253 694 4298 venerunt
729 4247 794 4301 ad
828 4262 947 4303 eam
976 4264 1007 4304 e
1035 4250 1284 4320 partibus
1311 4250 1539 4307 Pelusii.
1573 4251 1639 4306 Et
1675 4252 1820 4308 inter
1849 4255 2003 4308 ince-

419 4332 682 4402 dendum,
705 4335 780 4390 ita
815 4338 1307 4410 colloquebantur:
1338 4341 1722 4414 Deprimamus
1753 4346 1998 4400 vetulam

2089 488 2186 561 τὴν
2235 489 2533 561 παρθένον,
2593 487 2790 541 ἕπλεκε
2836 489 2914 560 τῷ
2962 490 3129 560 πατρὶ
3184 489 3356 560 αὐτῆς
3401 488 3478 559 τῷ
3532 489 3681 562 ἀὸϐᾆ

2089 581 2415 653 Σπυρίδωνι,
2461 579 2557 633 νῦν
2608 580 2708 651 μὲν
2748 580 2956 644 ἕλκων,
3004 581 3162 635 πάλιν
3207 581 3265 634 δὲ
3318 581 3673 650 παρακαλῶν.

2102 672 2321 744 Ἐπειδὴ
2349 673 2406 726 δὲ
2440 672 2728 743 συμφορὰν
2773 673 3007 726 ἐποιεῖτο
3047 673 3146 744 τὴν
3169 671 3260 725 τοῦ
3297 672 3679 744 παραθεμένου

2091 761 2296 835 ζημίαν
2326 766 2354 816 6
2385 763 2586 834 γέρων,
2621 761 2790 816 ἐλθὼν
2836 763 2930 815 ἐπὶ
2974 763 3037 816 τὸ
3069 765 3333 834 μνημεῖον
3376 765 3474 833 τῆς
3513 764 3680 832 θυγα-

2089 855 2238 927 τρὸς,
2278 855 2596 927 ἐπεκαλεῖτο
2618 855 2709 909 τὸν
2744 854 2899 921 Θεὸν,
2930 854 3036 926 πρὸ
3082 853 3278 926 καιροῦ
3317 853 3487 918 δεῖξαι
3525 855 3679 926 αὐτῷ

2087 917 2657 1018 τῆννὲπηγγελμέῖην
2700 917 2998 1001 ἀνάστασιν
3029 963 3040 975 ·
3073 917 3195 1001 καὶ·
3220 946 3283 1018 δὴ
3317 947 3416 1017 τῆς
3465 917 3680 1010 ἐλπίδος

2088 1039 2188 1109 οὐχ
2211 1039 2448 1111 ἥμαρτε.
2497 1039 2656 1092 Ζῶσα
2702 1038 2812 1111 γὰρ
2845 1036 3002 1102 αὖθις
3041 1039 3070 1110 ἠ
3106 1037 3376 1109 παρθένος
3425 1039 3678 1106 φαίνεται

2089 1129 2169 1200 τῷ
2213 1128 2416 1199 πατρί’
2465 1129 2557 1182 καὶ
2599 1128 2766 1182 τόπον
2807 1129 3099 1199 σημάνασα
3154 1127 3284 1182 ἔνθα
3335 1127 3396 1180 τὸ
3447 1128 3674 1198 κόσμιον

2093 1219 2269 1272 ἔκειτο
2293 1219 2362 1286 ⁸³,
2403 1214 2557 1282 αὖθις
2610 1216 2908 1292 ἀπεχώρει.
2957 1219 3070 1273 Kal.
3121 1219 3302 1272 λαϐὼν
3352 1219 3447 1290 τὴν
3500 1237 3679 1290 παρα-

2093 1312 2266 1386 θήκην
2297 1313 2326 1366 6
2354 1310 2533 1383 γέρων
2561 1312 2760 1367 ἔδωκεν
2787 1314 2980 1384 αὑτήν.

2552 1427 2694 1494 Περὶ
2734 1426 2839 1480 τοῦ
2868 1425 3020 1481 ἀϐϐᾱ
3046 1424 3218 1480 Σαϊώ.

2169 1541 2391 1609 Ἔλεγον
2418 1539 2659 1612 περὶτοῦ
2689 1540 2834 1594 ἀ66ἄ
2864 1540 3027 1605 Σαῖὼ,
3066 1541 3161 1593 καὶ
3191 1538 3286 1593 τοῦ
3315 1538 3462 1593 ἁϐὀᾶ
3489 1539 3670 1609 Morir].

2093 1635 2175 1687 ὅτι
2197 1632 2421 1704 ἔμειναν
2460 1633 2578 1704 μετ’
2600 1633 2865 1704 ἀλλήλων.
2894 1629 3020 1704 Εἶχε
3055 1633 3111 1685 δὲ
3139 1633 3338 1703 πολλὴν
3367 1632 3617 1703 ὑπακοὴν
3645 1633 3677 1684 6

2094 1725 2266 1788 ἀὸὅᾶς
2295 1725 2458 1789 Σαῖὼ,
2502 1725 2738 1795 σκληρὸς
2766 1725 2823 1778 δὲ
2858 1721 2925 1796 ἦν
2972 1725 3133 1777 πάνυ.
3170 1725 3279 1777 Kal.
3307 1725 3490 1792 ἔλεγεν
3525 1722 3676 1792 αύτῷ

2091 1819 2120 1869 6
2145 1816 2321 1888 γέρων
2341 1816 2615 1888 πειράζων
2636 1832 2650 1846 ο
2671 1816 2910 1883 ”Υπαγε,
2942 1815 3194 1885 σύλησον.
3217 1814 3327 1868 Kal
3353 1814 3552 1884 ὑπῆγε,
3579 1816 3676 1866 καὶ

2093 1907 2262 1962 ἐσύλα
2291 1908 2418 1971 τοὺς
2457 1907 2722 1976 ἀδελφοὺς
2754 1907 2842 1959 διὰ
2879 1904 2977 1975 τὴν
3012 1906 3262 1976 ὑπακοὴν
3280 1918 3300 1969 ·,
3335 1904 3676 1976 εὐχαριστῶν

2093 2001 2172 2073 τῷ
2211 2003 2401 2073 Κυρίῳ
2435 2001 2527 2054 ἐπὶ
2577 2003 2762 2055 πᾶσιν.
2806 1999 2866 2055 '0
2915 2001 2970 2054 δὲ
3002 2001 3180 2073 γέρων
3216 1995 3350 2071 ἦρεν
3385 2000 3543 2062 αὐτὰ,
3581 2000 3676 2052 καὶ

2095 2096 2323 2164 παρεῖχε
2367 2093 2632 2163 κρυφίως.
2664 2091 2803 2144 Ποτὲ
2833 2087 2926 2144 οὖν
2972 2093 3266 2145 ὁδευόντων
3310 2090 3508 2154 αὐτῶν,
3549 2089 3676 2159 ἠτό-

2093 2200 2250 2252 νησε,
2267 2184 2361 2236 καὶ
2386 2183 2596 2253 ἀφῆκεν
2619 2183 2781 2236 αὐτὸν
2811 2186 2839 2236 6
2865 2183 3042 2247 ἁ66ἄς
3066 2181 3522 2254 συντετριμμένον
3539 2199 3552 2210 ·
3581 2183 3676 2234 καὶ

2095 2275 2299 2340 ἐλθὼν,
2335 2272 2456 2329 εἷπε
2503 2279 2616 2340 τοῖς
2664 2277 2941 2346 ἀδελφοῖςο
3003 2276 3296 2344 Ὑπάγετε,
3351 2275 3543 2345 φέρετε
3583 2273 3674 2325 τὸν

2096 2367 2265 2432 Σαῖὼ,
2297 2370 2378 2422 ὅτι
2414 2368 2782 2446 κεκλασμένος
2812 2369 3137 2424 κεῖται.Καὶ
3167 2368 3510 2431 ἀπελθόντες,
3533 2368 3673 2437 ἤγα-

2097 2478 2193 2531 γον
2228 2461 2411 2515 αὐτόν.

2488 2576 2626 2646 Περὶ
2661 2577 2771 2647 τῆς
2799 2577 2999 2648 ἀμμᾶς
3027 2577 3278 2647 Σάρῤας.

2168 2698 2237 2746 α’.
2274 2691 2614 2762 Διηγήσαντο
2639 2691 2766 2762 περ)⁸
2793 2693 2892 2761 τῆς
2915 2691 3105 2762 ἀμμᾶς
3131 2691 3365 2761 Σάρῤας,
3383 2691 3464 2744 ὅτι
3492 2691 3678 2762 ἔμεινα

2096 2781 2356 2852 δεκατρία
2399 2779 2492 2851 ἔτη
2525 2779 2904 2851 πολεμουμένῃ
2955 2781 3232 2852 κραταιῶς
3279 2781 3384 2834 ὑπὸ
3429 2781 3521 2834 τοῦ
3556 2781 3682 2834 δαί-ο

2100 2890 2263 2944 μονος
2291 2875 2392 2942 τῆς
2423 2871 2700 2942 πορνείας,
2728 2872 2823 2925 καὶ
2852 2872 3108 2925 οὐδέποτε
3139 2870 3342 2944 ηὔξατο
3375 2872 3679 2943 ἀποστῆναι

2095 2964 2190 3018 τὸν
2221 2961 2478 3033 πόλεμον,
2507 2960 2643 3015 ἀλλά
2679 2960 2880 3031 μᾶλλον
2914 2959 3099 3030 ἔλεγεν
3123 2977 3136 2991 ·
3180 2960 3240 3018 Ὀ
3269 2961 3422 3027 Θεὸς,
3451 2959 3540 3023 δός
3583 2976 3682 3030 μοι

2103 3053 2278 3121 ἰσχύν.
2901 3069 2904 3072 ’

2173 3145 2238 3216 β’.
2289 3143 2542 3198 Ἐπέθετο
2570 3145 2707 3216 αὐτῇ
2733 3162 2862 3198 ποτε
2895 3145 3249 3216 σφοδρότερον
3275 3144 3336 3196 τὸ
3359 3144 3490 3198 αὐτὸ
3512 3141 3684 3196 πνεῦ-

2102 3254 2178 3307 μα
2213 3236 2312 3306 τῆς
2371 3236 2664 3307 πορνείας,
2701 3234 3002 3290 ὑποδάλλον
3035 3236 3174 3307 αὐτῇ
3218 3235 3284 3289 τὰ
3329 3235 3423 3289 τοῦ
3470 3235 3681 3305 κόσμου

2101 3327 2325 3398 μάταια.
2370 3325 2436 3380 Ἡ
2467 3327 2524 3380 δὲ
2556 3326 2631 3398 μὴ
2659 3325 2886 3380 ὲνδοῦσα
2914 3325 2994 3397 τῷ
3020 3327 3114 3381 τοῦ
3142 3327 3276 3382 Θεοῦ
3308 3327 3458 3398 φόϐῳ
3483 3317 3577 3380 καὶ
3609 3329 3682 3399 τῇ

2097 3421 2375 3493 ἀσκήσει,
2436 3419 2669 3491 ἀνῆλθεν
2714 3421 2773 3475 ὲν
2815 3421 2914 3490 μιᾷ
2966 3421 3045 3482 είς
3082 3420 3141 3473 τὸ
3178 3419 3448 3490 δωμάτιον
3509 3419 3685 3489 αὐτῆς

2100 3511 2529 3583 προσεύξασθαι.
2567 3512 2678 3565 Ka‘t
2703 3509 2859 3583 ὤφθη
2889 3512 3026 3582 αὐτῇ
3064 3510 3388 3582 σωματικῶς
3425 3510 3486 3564 τὸ
3511 3509 3683 3564 πνεῦ-

2101 3621 2177 3675 μα
2205 3604 2303 3675 τῆς
2333 3604 2608 3676 πορνείας,
2643 3604 2738 3657 καὶ
2767 3597 2920 3657 εἶπεν
2971 3605 3108 3675 αὐτῇ
3129 3621 3143 3634 ο
3183 3603 3254 3656 Σύ
3299 3621 3364 3674 με
3396 3605 3681 3674 ἐνίκησας,

2097 3699 2305 3770 Σάρρα.
2341 3698 2405 3752 Ἦ
2445 3698 2504 3752 δὲ
2554 3693 2742 3752 εἷπεν·
2791 3698 2906 3752 Ούκ
2954 3697 3181 3768 ὲνίκησά
3212 3714 3271 3750 σε
3320 3697 3452 3765 ἐγὼ,
3497 3696 3613 3751 ἀλλ’
3650 3700 3682 3750 6

2097 3789 2374 3859 Δεσπότης
2409 3806 2510 3859 μου
2544 3787 2802 3858 Χριστός.
3396 3839 3406 3847 ,

2168 3888 2238 3950 γ’.
2273 3881 2500 3949 Ἔλεγον
2535 3880 2661 3952 περὶ
2703 3880 2896 3950 αὐτῆς,
2927 3881 3010 3934 ὅτι
3063 3879 3248 3932 ἐπάνω
3297 3875 3391 3930 τοῦ
3427 3874 3680 3946 ποταμοῦ

2098 3973 2312 4043 ἔμεινεν
2342 3973 2604 4044 ἐξήκοντα
2652 3971 2747 4042 ἔτη
2785 3971 3050 4028 οἰκοῦσα.
3093 3970 3188 4024 xal.
3239 3970 3298 4022 ού
3358 3967 3685 4039 παρέκυψεν

2103 4065 2232 4119 ἰδεῖν
2265 4065 2450 4119 αὐτόν.
3160 4072 3163 4074 ·

2169 4156 2232 4211 δ’.
2280 4157 2502 4209 Ἀλλοτε
2533 4147 2695 4226 ἦλθον
2739 4155 2832 4208 δύο
2867 4155 3124 4226 γέροντες
3173 4155 3531 4225 ἀναχωρηταὶ
3581 4169 3680 4223 με-

2100 4249 2257 4319 γάλοι
2295 4249 2403 4304 ἀπὸ
2434 4248 2543 4301 τῶν
2576 4249 2757 4320 μερῶν
2788 4247 2882 4301 τοῦ
2935 4246 3237 4317 Πηλουσίου
3283 4246 3422 4316 πρὸς
3469 4244 3636 4316 αὑτήν
3661 4257 3673 4270 ·

2103 4344 2198 4396 καὶ
2244 4340 2610 4411 ἀπερχόμενοι
2649 4339 2836 4408 ἔλεγον
2885 4339 3023 4410 πρὸς
3063 4337 3362 4409 ἀλλήλους’
3395 4334 3677 4390 Ταπεινὼ·

421 4426 587 4482 hanc.
628 4428 794 4484 Aiunt
844 4445 976 4501 ergo
1013 4433 1064 4487 ei
1113 4451 1127 4489 :
1167 4433 1311 4490 Cave
1362 4449 1430 4490 ne
1484 4437 1780 4492 extollatur
1840 4453 1995 4494 mens

2104 4449 2284 4503 σωμεν
2316 4433 2414 4502 τὴν
2445 4431 2646 4499 γραῖδα
2674 4431 2900 4501 ταύτην.
2933 4429 3043 4483 Kal.
3062 4429 3314 4497 λέγουσιν
3336 4428 3473 4499 αὐτῇ
3499 4443 3515 4460 ·
3550 4426 3678 4479 Βλέ-

423 4528 539 4587 tua,
570 4530 625 4576 et
662 4523 816 4579 dicas
855 4541 869 4578 :
901 4523 1043 4582 Ecce
1075 4527 1312 4584 solitarii
1349 4529 1416 4583 ad
1450 4544 1538 4584 me
1573 4530 1862 4586 mulierem
1908 4546 1998 4585 ac—

421 4616 648 4673 cedunt.
691 4615 991 4688 Respondit
1021 4619 1131 4675 illis
1164 4626 1338 4674 mater
1368 4623 1506 4674 Sara
1545 4640 1558 4676 :
1603 4619 1747 4676 Sexu
1774 4621 1994 4692 quidem

422 4707 623 4762 mulier
651 4723 798 4776 sum,
830 4717 886 4762 at
921 4723 1030 4763 non
1058 4709 1262 4763 animo.

493 4884 551 4942 5.
579 4883 693 4960 (81)
724 4884 875 4939 Dixit
905 4893 1081 4940 mater
1107 4884 1244 4940 Sara
1279 4903 1292 4940 :
1337 4884 1394 4939 Si
1427 4884 1594 4940 Deum
1636 4902 1894 4952 oravcro,
1937 4896 1997 4942 ut

422 4993 618 5036 omnes
643 4978 894 5035 homines
923 4977 989 5032 de
1017 4979 1154 5034 meis
1187 4978 1433 5033 moribus
1476 4979 1720 5034 contenti
1759 4980 1890 5046 sint,
1930 4979 1998 5034 ad

423 5071 864 5141 uniuscujusque
887 5070 1110 5140 januam
1145 5085 1432 5125 accessura
1482 5087 1624 5135 sum,
1670 5072 1996 5142 suppliciter

425 5171 782 5232 prosternens
808 5178 912 5216 me.
935 5160 1038 5216 Sed
1067 5162 1248 5231 potius
1279 5163 1566 5232 precabor,
1597 5171 1653 5218 ut
1685 5179 1782 5218 cor
1809 5179 1992 5219 meum

425 5269 553 5325 erga
585 5271 777 5313 omnes
808 5270 1003 5325 purum
1040 5255 1133 5312 sit.

497 5410 544 5441 ⁸³
577 5409 665 5462 Al.
696 5410 1089 5485 ὲνεκέκρυπτο.

501 5585 614 5658 ('77)
664 5583 768 5658 Vit:
803 5585 1038 5658 Patr._v,
1077 5587 1163 5655 10,
1198 5585 1252 5641 in
1277 5586 1538 5656 ls'pIu-a'm,
1572 5606 1622 5658 p.
1649 5586 1772 5654 587,
1801 5603 1854 5640 n.
1880 5585 1986 5650 i5;

429 5657 699 5714 Theodor.
737 5655 920 5718 Stud.,
949 5655 1164 5710 Catech.
1195 5660 1282 5711 9|.

500 5727 612 5800 (78)
665 5726 745 5783 Vit
800 5723 954 5782 Patr.
986 5743 1040 5795 ν,
1075 5727 1162 5795 ti,
1195 5727 1247 5778 in
1281 5725 1544 5794 Epiri-arm,
1582 5728 1772 5798 p.387,
1804 5743 1857 5782 η.
1903 5726 1984 5782 ιϐ.

2102 4541 2169 4578 πε
2204 4523 2279 4596 μὴ
2312 4523 2524 4595 ἐπαρθῇ
2563 4523 2591 4574 6
2623 4522 2881 4592 λογισμός
2909 4539 3024 4584 σου,
3058 4521 3153 4574 καὶ
3190 4520 3384 4592 εἴπῃς,
3425 4519 3508 4572 ὅτι
3548 4517 3674 4570 Ἰδοὺ

2100 4619 2149 4670 οἱ
2203 4615 2556 4686 ἀναχωρηταὶ
2606 4615 2743 4686 πρὸς
2785 4613 2852 4684 μὲ
2905 4613 3154 4684 ἔρχονται
3205 4614 3440 4681 γυναῖκα
3489 4606 3672 4664 οὖσαν.

2102 4707 2262 4774 Λέγει
2294 4705 2476 4768 αὐτοῖς
2508 4706 2541 4774 ἡ
2576 4706 2767 4775 ἀμμᾶς
2815 4705 3001 4776 Σάρρα
3023 4720 3036 4734 °
3073 4705 3150 4773 Τῇ
3207 4705 3305 4774 μὲν
3337 4703 3497 4773 φύσει
3541 4703 3674 4772 γυνή

2103 4800 2237 4868 είμι,
2266 4797 2380 4851 ἀλλ’
2415 4797 2475 4850 ού
2503 4797 2582 4867 τῷ
2613 4797 2880 4868 λογισμῷ.

2175 4896 2233 4944 ε’.
2275 4886 2439 4942 Εἶπεν
2465 4890 2498 4958 ἡ
2521 4890 2714 4959 ἀμμᾶς
2743 4889 2930 4958 Σάρρα
2957 4903 2970 4916 ’
3003 4887 3127 4940 Ἐὰν
3161 4883 3399 4956 εὗξωμαι
3437 4885 3514 4954 τῷ
3535 4885 3676 4956 Θεῷ,

2097 4981 2186 5035 ἵνα
2245 4981 2447 5044 πάντες
2494 4981 2545 5033 οἱ
2601 4979 2880 5051 ἄνθρωποι
2931 4979 3378 5050 πληροφορῶνται
3427 4979 3509 5040 είς
3556 4979 3674 5046 ἐμὲ,

2098 5073 2464 5143 εύρεθὴσομαι
2521 5073 2600 5132 εἰς
2647 5071 2746 5142 τὴν
2805 5069 2974 5142 θύραν
3024 5069 3256 5122 ἑκάστου
3303 5068 3675 5139 μετανοοῦσα’

2099 5163 2233 5217 ἀλλὰ
2272 5161 2472 5234 μᾶλλον
2517 5161 2744 5246 εὔξομαι
2798 5160 2895 5232 τὴν
2930 5161 3155 5232 καρδίαν
3183 5177 3285 5231 μου
3335 5159 3504 5232 ἁγνὴν
3540 5155 3677 5216 εἶναι

2104 5254 2240 5326 μετά
2269 5255 2506 5308 πάντων.

2169 5586 2280 5652 (79)
2332 5583 2435 5638 Vit.
2478 5586 2631 5641 Patr.
2669 5603 2764 5650 vn,
2804 5588 2890 5644 19.

2169 5658 2282 5724 (ευ)
2336 5655 2441 5711 vn.
2472 5657 2626 5711 Patr.
2663 5674 2714 5720 κ,
2748 5659 2838 5712 75.

2169 5728 2278 5800 (31)
2333 5725 2432 5782 Vit.
2472 5727 2624 5784 Patr.
2655 5743 2708 5795 x,
2745 5728 2833 5781 74.
