4020 6196
287 211 386 267 621

1432 205 2055 264 APOPilTHECMATA
2094 205 2406 264 PATRUM.

3447 212 3558 268 423

364 332 440 391 ς’.
485 323 620 377 Εἰπε
656 322 839 387 πάλιν,
868 321 949 376 ὅτι
995 321 1182 376 Βάλλω
1216 321 1305 376 τὸν
1343 322 1476 376 πόδα
1505 341 1606 394 μου
1647 324 1738 378 ἐπὶ
1781 323 1880 395 τὴν

2057 325 2111 380 6.
2157 319 2304 379 Dixit
2329 322 2529 379 iterum
2563 340 2576 376 :
2612 318 2769 377 Mitto
2805 320 2996 392 pedem
3029 337 3209 379 meum
3237 338 3403 394 super
3434 341 3558 384 sca-

297 417 543 486 κλίμακα
568 413 859 483 ἀναϐῆναι,
883 414 974 467 καὶ
1009 414 1142 467 τιθῶ
1169 414 1261 467 τὸν
1286 413 1516 469 θάνατον
1548 415 1654 488 πρὸ
1681 414 1880 484 ὀφθαλ-

304 509 420 579 μῶν
457 525 558 578 μου
588 506 696 576 πρὸ
728 505 822 558 τοῦ
857 506 1126 576 ἀναϐῆναί
1160 524 1229 575 με
1261 507 1341 570 είς
1369 507 1538 578 αὐτήν
1561 508 1628 561 ⁸³.

371 599 434 663 ζ’.
479 591 613 650 Eine
649 597 835 660 πάλιν,
863 597 944 650 ὅτι
973 595 1136 651 καλόν
1175 599 1292 652 ἐστι
1327 598 1423 652 καὶ
1451 598 1518 676 δι’
1561 597 1882 671 ἀνθρώπους

300 694 470 744 ποιεῖν
492 687 887 759 ἐλεημοσύνην.
916 689 979 741 Εἰ
1009 687 1118 760 γὰρ
1147 690 1242 742 καὶ
1267 689 1336 743 δι’
1363 689 1880 762 ἀνθρωπαρεσκίαν,

301 784 410 837 ἀλλ’
432 783 653 855 ἔρχεται
678 781 841 836 πάλιν
868 783 947 844 εἰς
980 779 1115 834 Θεοῦ
1141 781 1436 852 ἀρέσκειαν
1458 781 1526 836 ⁸⁵.

368 969 440 1031 η’.
477 958 796 1032 Παρέϐαλόν
842 977 972 1013 ποτε
1004 959 1310 1031 Σκητιῶται
1354 965 1421 1035 τῇ
1472 965 1636 1036 ἀμμᾷ
1671 965 1880 1037 Σάρρᾳ.

309 1055 372 1107 'H
396 1055 454 1108 δὲ
508 1052 820 1125 παρέθηκεν
850 1053 1032 1117 αὐτοῖς
1069 1053 1322 1109 κανίσκιν
1347 1055 1416 1110 ⁵⁸.
1453 1057 1517 1110 Οἱ
1555 1056 1613 1109 δὲ
1655 1056 1886 1126 ἀφέντες

296 1144 366 1197 τὰ
386 1143 550 1207 καλά,
576 1143 780 1211 ἔφαγον
803 1141 874 1196 τὰ
896 1143 1102 1213 σαπρά.
1124 1144 1235 1198 Καὶ
1257 1141 1412 1200 εἶπεν
1435 1146 1619 1210 αὐτοῖς
1639 1162 1652 1176 ο
1678 1149 1886 1211 Ὄντως

301 1237 606 1308 Σκητιῶταί
639 1238 784 1289 ἐστε.

583 1349 722 1418 Περὶ
763 1349 876 1418 τῆς
924 1347 1124 1418 ἀμμᾶς
1153 1351 1597 1421 Συγκλητικῆς.

375 1469 452 1526 α’.
498 1455 661 1514 Εἶπεν
690 1462 724 1530 ἡ
757 1461 951 1530 άμμᾶς
981 1459 1324 1532 Συγκλητική
1346 1477 1361 1491 ⁸
1419 1461 1596 1531 Ἀγών
1639 1464 1758 1518 ἐστι
1795 1465 1889 1518 καὶ

305 1550 474 1613 κόπος
506 1549 671 1612 πολὺς
694 1551 808 1612 τοῖς
832 1549 1291 1621 προσερχομένας
1314 1551 1392 1622 τῷ
1411 1551 1551 1624 Θεῷ,
1574 1553 1645 1607 τὰ
1665 1555 1858 1628 πρῶτα
1873 1571 1886 1585 °

304 1642 496 1695 ἔπειτα
523 1641 600 1704 δὲ,
633 1643 778 1712 χαρὰ
811 1641 1415 1717 ἀνεκλάλητος.Ὧσπερ
1443 1644 1552 1716 γὰρ
1586 1647 1635 1699 οί
1666 1647 1778 1719 πῦρ
1803 1646 1892 1715 ἐξ..

304 1734 441 1804 ἅψαι
477 1733 811 1805 βουλόμενοι,
832 1733 1048 1805 πρῶτον
1064 1734 1417 1800 καπνίζονται
1449 1738 1545 1791 καὶ
1574 1737 1889 1810 δακρύουσι,

306 1827 406 1880 καὶ
450 1824 628 1889 οὕτως
659 1825 751 1878 τοῦ
788 1826 1124 1896 ζητουμένου
1157 1829 1584 1898 ἐπιτυγχάνουσι
1623 1830 1746 1900 (καὶ
1781 1830 1893 1902 γάρ

309 1932 505 1986 φησιν,
535 1916 598 1967 Ὀ
635 1915 774 1982 Θεὸς
807 1916 978 1987 ἡμῶν
1009 1918 1129 1986 πῦρ
1180 1921 1635 1976 καταναλίσκον
1659 1922 1854 1994 ἐστίν)
1875 1940 1889 1953 ·

309 2007 492 2072 οὓτως
521 2007 600 2060 δεῖ
629 2009 719 2061 καὶ
748 2010 897 2080 ἡμᾶς
925 2012 1007 2072 είς
1031 2010 1259 2076 ἑαυτοὺς
1290 2011 1354 2064 τὸ
1383 2011 1528 2066 θεῖον
1556 2013 1751 2083 ἐξάψαι
1783 2013 1894 2085 πῦρ

315 2100 462 2170 μετά
487 2100 732 2172 δακρύων
764 2103 859 2155 καὶ
886 2103 1062 2156 πόνων
1084 2103 1152 2158 ⁵⁷.

383 2193 451 2263 β’.
494 2189 626 2247 Εἷπε
662 2195 845 2262 πάλιν,
887 2197 969 2250 δτι
1001 2198 1094 2249 Δεῖ
1133 2199 1282 2269 ἡμᾶς
1311 2198 1437 2263 τοὺς
1482 2197 1542 2253 τὸ
1574 2199 1896 2271 ἐπάγγελμα

305 2285 468 2340 τοῦτο
517 2287 1012 2361 ἐπανῃρημένους,
1064 2290 1419 2362 σωφροσύνην
1464 2289 1564 2361 τὴν
1599 2291 1679 2356 είς
1726 2293 1896 2364 ἀκρον

308 2379 582 2451 κατέχειν.
621 2381 734 2433 Καὶ
761 2381 870 2452 γὰρ
904 2381 1054 2453 παρὰ
1094 2385 1207 2448 τοῖς
1250 2385 1538 2454 κοσμικοτς
1573 2383 1895 2456 σωφροσύνη

304 2467 453 2522 δοκεί
501 2470 924 2535 πολιτεύεσθαι,
969 2471 1109 2528 ἀλλὰ
1161 2473 1544 2546 συμπάρεστιν
1603 2476 1743 2546 αὐτῇ
1804 2477 1899 2530 κα)⁹

307 2561 635 2633 ἀφροσύνη,
681 2562 769 2617 διὰ
825 2564 886 2616 τὸ
925 2566 1049 2628 ταῖς
1081 2564 1273 2628 ἄλλαις
1322 2566 1524 2630 πάσαις
1577 2566 1898 2637 αἰσθήσεσιν

307 2654 673 2725 ἁμαρτάνειν,
714 2656 825 2710 Kal.
851 2656 959 2728 γὰρ
987 2656 1188 2727 όρῶσιν
1216 2657 1502 2730 ἀπρεπῶς,
1534 2658 1628 2712 καὶ
1667 2658 1899 2728 γελῶσιν

306 2746 588 2810 ἀτάκτως.

383 2845 456 2907 γ’.
500 2834 636 2892 Eli-re
666 2839 829 2894 πάλιν
847 2857 859 2869 '
885 2841 1100 2914 Ὥσπερ
1122 2841 1192 2896 τὰ
1231 2841 1407 2896 ίοϐόλα
1434 2841 1599 2914 θηρία
1617 2843 1664 2875 ⁸⁸
1690 2842 1760 2897 τά
1786 2844 1901 2915 δρι-

316 2931 534 3004 μύτερα
566 2931 676 2986 τῶν
709 2935 1020 3005 φαρμάκων
1045 2933 1386 3002 ἀπελαύνει·
1422 2933 1595 2999 οὕτως
1635 2935 1729 2990 καὶ
1755 2935 1904 3006 λογι-

317 3025 457 3097 σμὸν
488 3025 726 3097 πονηρὸν
742 3026 786 3057 ⁸⁸
810 3026 944 3097 εὐχὴ
971 3027 1110 3097 μετὰ
1133 3025 1391 3098 νηστείας
1418 3026 1711 3081 ἀπελαύνει
1734 3029 1802 3084 ⁶⁰.

387 3116 451 3170 δ’.
493 3110 628 3168 Είπε
673 3114 865 3169 πάλιν·
903 3115 995 3186 Μή
1029 3132 1087 3167 σε
1132 3114 1362 3188 δελεάσῃ
1393 3115 1502 3169 τῶν
1535 3116 1816 3188 κοσμικῶν
1855 3117 1898 3148 ⁶¹

312 3206 592 3260 πλουσίων
638 3207 843 3278 τρυφὴ,
881 3207 956 3269 ὼς
1000 3206 1270 3278 χρήσιμόν
1325 3225 1378 3262 τι
1437 3207 1654 3279 ἔχουσα,
1711 3208 1903 3280 ἡδονῆς

311 3297 484 3366 κενῆς
520 3295 567 3328 ⁸³
613 3295 821 3349 ἕνεκεν.
873 3295 1103 3348 Ἐκεῖνοι
1141 3296 1238 3368 τὴν
1275 3297 1646 3370 ὀψαρτυτικὴν
1673 3297 1785 3370 (82)
1825 3315 1907 3352 τι-

319 3388 468 3459 μῶσι
513 3387 740 3458 τέχνην·
786 3387 1012 3459 νηστείᾳ
1044 3388 1140 3440 καὶ
1177 3388 1339 3454 αὐτὸς
1381 3389 1471 3443 διὰ
1510 3390 1619 3444 τῶν
1672 3390 1906 3445 εὐτελῶν

313 3479 669 3551 τὴν-ἐκείνων
689 3479 949 3550 εὐπορίαν
969 3479 1079 3532 τῶν
1098 3480 1315 3554 τροφῶν
1334 3481 1445 3552 (85)
1468 3481 1828 3555 ὑπερϐάλλεις
1839 3483 1903 3538 ⁸⁸.

314 3572 463 3642 Φησὶ
497 3572 642 3644 γάρ·
669 3557 864 3643 ’Ψυχὴ
913 3573 984 3627 ἐν
1025 3572 1224 3643 τρυφῇ
1251 3573 1297 3604 *⁸⁵
1335 3571 1496 3630 οὖσα
1541 3577 1771 3644 κηρίοις
1807 3575 1909 3646 ὲμο

317 3661 536 3725 παίζει.
565 3663 657 3736 Μὴ
687 3665 953 3737 κορεσθῇς
1003 3666 1192 3738 ἄρτου,
1248 3667 1343 3721 καὶ
1386 3667 1488 3720 οὐκ
1535 3665 1908 3738 ἐπιθυμήσεις

316 3761 493 3813 οἴνου.

397 3855 459 3905 ε’.
512 3850 802 3922 Ἦρωτήθη
838 3852 872 3922 ἡ
912 3852 1159 3924 μακαρία
1189 3850 1558 3924 Συγκλητικὴ,
1607 3855 1656 3906 εί
1702 3853 1907 3908 τέλειον

315 3945 533 4014 ἀγαθὸν
581 3946 616 4016 ή
665 3943 1045 4016 ἀκτημοσύνη.
1091 3945 1156 3997 Ἢ
1207 3944 1265 3998 δὲ
1312 3940 1466 3998 εἷπε⁹
1518 3945 1666 3999 Πάνυ
1701 3945 1909 3998 τέλειον

314 4041 438 4101 τοῖς
465 4037 790 4108 δυναμένοις
807 4037 874 4092 ⁸⁵.
900 4039 962 4091 Οἱ
991 4036 1099 4108 γὰρ
1124 4030 1488 4109 ὑπομένοντες
1515 4036 1696 4102 τοῦτο,
1729 4036 1910 4108 θλίψιν

321 4130 429 4200 μὲν
455 4129 641 4198 ἔχουσι
668 4129 736 4199 τῇ
766 4127 950 4198 σαρκὶ,
989 4130 1055 4198 τῇ
1085 4126 1140 4180 δὲ
1164 4127 1310 4198 ψυχῇ
1344 4127 1674 4182 ἀνάπαυσιν.
1701 4129 1911 4200 Ὥσπερ

316 4223 438 4292 γὰρ
473 4221 543 4274 τὰ
573 4219 771 4293 στερεά
802 4219 1018 4291 ἱμάτια,
1052 4218 1372 4290 πατούμενα
1403 4218 1499 4272 κα)¹
1529 4218 1718 4288 βιαίως
1751 4236 1911 4290 στρε-

1981 417 2114 483 lam,
2164 431 2500 482 ascensura;
2537 424 2591 471 et
2628 422 2862 470 mortem
2903 415 2974 470 ob
3015 416 3206 472 oculos
3250 431 3419 487 pono,
3455 431 3561 472 an-

1983 517 2202 578 tequam
2231 505 2685 563 conscensionem
2712 505 2930 560 faciam.

2055 601 2110 654 7.
2154 599 2269 656 lloc
2296 599 2461 656 etiam
2482 597 2745 670 protulit:
2775 596 2986 651 Bonum
3018 605 3122 663 est,
3149 598 3312 653 etiam
3338 606 3565 670 propter

1984 693 2241 748 homines
2289 691 2474 747 facere
2508 691 2938 760 eleemosynam.
2994 687 3147 743 Licet
3181 691 3325 744 enim
3377 689 3566 745 studio

1984 781 2237 852 placendi
2267 781 2585 836 hominibus
2630 779 2745 844 ﬁat,
2781 788 2972 850 postea
3003 789 3182 836 tamen
3215 781 3463 851 procedit
3497 779 3564 835 ad

1984 871 2226 928 studium
2260 870 2512 942 placendi
2543 870 2676 926 Deo.

2055 963 2110 1019 8.
2152 963 2466 1033 Aliquando
2503 963 2760 1018 Scetiotaa
2791 971 3176 1018 convenerunt
3204 972 3433 1018 matrem
3468 962 3568 1018 Sa-

1989 1070 2128 1111 ram.
2160 1056 2294 1123 Quae
2337 1057 2596 1126 apposuit
2642 1057 2728 1111 eis
2771 1057 3104 1110 canistrum.
3153 1053 3234 1108 llli
3269 1070 3400 1110 vero
3426 1055 3568 1110 bona

1986 1163 2144 1216 poma
2183 1148 2579 1219 relinquentes,
2631 1147 2824 1202 vitiosa
2875 1147 3258 1204 comedebant.
3309 1146 3376 1201 Et
3433 1147 3570 1202 dixit

1987 1240 2070 1296 eis
2108 1258 2122 1294 :
2151 1239 2360 1295 Revera
2397 1237 2654 1294 Seeliotaz
2683 1238 2840 1297 eStis.

2460 1352 2537 1407 De
2564 1362 2733 1406 matre
2757 1350 3083 1422 Syncletica.

2063 1462 2115 1516 1.
2155 1462 2268 1536 (Si)
2300 1462 2448 1518 Dixit
2469 1471 2646 1519 mater
2672 1459 2986 1534 Syncletica
3017 1462 3203 1534 :Agou
3225 1472 3384 1518 estet
3413 1463 3570 1520 labor

1991 1569 2225 1625 magnus
2272 1555 2340 1610 iis
2374 1555 2465 1626 qui
2500 1555 2771 1610 accedunt
2827 1555 2894 1608 ad
2937 1553 3129 1617 Deum,
3165 1553 3220 1606 in
3262 1554 3571 1625 principio;

1923 1647 2092 1736 Bsed
2131 1646 2377 1701 succedit
2428 1647 2688 1718 gaudium
2747 1646 3041 1702 ineffabile.
3101 1645 3572 1711 Quemadmodum

1994 1737 2139 1792 enim
2166 1738 2258 1806 qui
2289 1737 2468 1807 ignem
2501 1737 2808 1792 accendere
2837 1739 3090 1808 cupiunt,
3123 1738 3276 1806 prius
3301 1736 3450 1791 fumo
3477 1737 3577 1790 im-

1994 1829 2264 1894 buuntur,
2297 1843 2361 1882 ac
2386 1830 2659 1901 lacrymas
2684 1831 2935 1896 mittunt,
2966 1837 3155 1899 postea
3186 1837 3368 1884 autem
3388 1838 3578 1900 optato

1994 1920 2278 1992 potiuntur
2318 1920 2416 1989 (ait
2453 1922 2597 1975 enim
2637 1921 2920 1991 Scriptura
2961 1939 2974 1976 :
3013 1920 3151 1976 Deus
3210 1931 3389 1976 noster
3442 1923 3578 1992 ignis

1996 2021 2306 2069 Consumens
2335 2012 2499 2084 est“)
2529 2034 2542 2069 :
2576 2014 2648 2068 ita
2667 2024 2880 2084 oportet
2911 2024 2970 2070 ut
2989 2030 3092 2072 nos
3117 2015 3365 2070 divinum
3399 2015 3578 2086 ignem

1997 2106 2052 2160 in
2084 2107 2244 2162 nobis
2270 2122 2396 2161 cum
2431 2106 2693 2177 lacrymis
2723 2114 2776 2162 et
2803 2107 3087 2162 laboribus
3115 2107 3504 2162 accendamus.

2066 2198 2120 2252 2.
2161 2199 2272 2270 (85)
2303 2197 2449 2253 Dixit
2484 2199 2684 2254 iterum
2727 2219 2740 2255 :
2779 2199 3009 2270 Oportet
3041 2215 3144 2256 nos
3169 2201 3262 2272 qui
3292 2201 3432 2255 hanc
3454 2217 3580 2272 pro-

1999 2288 2295 2344 fessionem
2328 2290 2698 2361 suscepimus,
2734 2307 3004 2347 summam
3034 2295 3456 2365 temperantiam
3484 2295 3582 2349 ob-

2001 2381 2196 2438 tinere.
2221 2381 2435 2436 Etenim
2469 2382 2614 2453 apud
2647 2385 2938 2440 saeculares
2967 2386 3184 2442 videtur
3217 2387 3580 2456 temperantia

2001 2473 2242 2538 versari,
2292 2475 2388 2530 sed
2438 2474 2488 2531 ei
2529 2475 2771 2531 cohaeret
2820 2477 2990 2531 animi
3028 2478 3424 2549 intemperies,
3456 2495 3584 2549 pro-

2001 2573 2188 2634 pterea
2227 2566 2373 2635 quod
2415 2566 2538 2623 aliis
2576 2569 2836 2626 omnibus
2862 2569 3122 2625 sensibus
3161 2579 3409 2642 peccent.
3449 2571 3584 2627 Nam

2000 2656 2187 2712 vident
2217 2657 2554 2722 indecenter,
2588 2675 2652 2716 ac
2683 2661 2862 2718 rident
2889 2661 3226 2719 inordinate.

2068 2841 2122 2895 5.
2179 2839 2289 2912 (86)
2332 2839 2398 2894 Et
2450 2848 2710 2910 praeterea
2751 2859 2765 2896 :
2813 2839 2969 2896 Sicut
3015 2850 3315 2898 venenatas
3380 2844 3586 2900 bestias

2003 2933 2218 2987 acriora
2255 2931 2550 3002 pbarmaca
2575 2931 2857 3002 expellunt
2883 2973 2896 2995 ,
2953 2931 3026 2985 ita
3058 2932 3444 3003 cogitationem
3473 2949 3585 2988 nia-

1927 3024 1971 3082 C
2006 3021 2207 3092 lignam
2233 3020 2386 3091 ejieit
2415 3022 2595 3076 oratio
2625 3037 2752 3077 cum
2781 3021 3018 3092 jejunio.

2075 3113 2128 3168 4.
2169 3112 2278 3186 (87)
2305 3113 2383 3168 lta
2417 3114 2598 3170 adhuc
2627 3114 2806 3169 locuta
2832 3121 2950 3168 est:
2985 3111 3106 3167 Non
3132 3119 3187 3168 te
3214 3113 3464 3169 inescent
3481 3129 3586 3170 sae-

2006 3205 2276 3262 cularium
2309 3205 2539 3261 divitum
2569 3204 2799 3272 deliciae,
2835 3205 2996 3276 quasi
3051 3204 3182 3260 utile
3225 3204 3356 3275 quid
3409 3207 3592 3260 conti-

2010 3306 2196 3364 neant,
2227 3299 2298 3354 ob
2347 3313 2542 3353 vanam
2587 3297 2949 3368 voluptatem.
2982 3297 3064 3351 illi
3108 3307 3282 3353 artem
3322 3299 3589 3370 coquina-

2010 3392 2148 3446 riam
2181 3391 2237 3446 in
2269 3392 2447 3462 pretio
2474 3391 2713 3456 habent;
2746 3396 2802 3444 tu
2835 3405 2964 3445 vero
2993 3405 3092 3459 per
3117 3391 3391 3460 Jejuuium
3430 3393 3594 3448 viles-

2010 3501 2114 3556 que
2148 3485 2326 3550 cibos,
2365 3484 2608 3554 ipsorum
2645 3484 2699 3537 in
2744 3483 2943 3539 eduliis
2973 3483 3368 3539 abundantiam
3406 3501 3594 3556 super-

2009 3575 2275 3646 grederis.
2306 3575 2396 3629 Ait
2438 3575 2677 3645 quippe:
2717 3573 2917 3627 Anima
2964 3575 3019 3628 in
3049 3573 3256 3628 deliciis
3302 3576 3589 3634 exsistens.

2011 3664 2148 3732 favis
2179 3663 2362 3718 illudit
2388 3665 2454 3719 °".
2490 3661 2612 3719 Noli
2661 3678 2802 3734 pane
2839 3663 3055 3732 satiari,
3099 3679 3199 3741 nec
3251 3666 3594 3723 desiderabis

2012 3755 2223 3811 vinum.

2082 3846 2136 3901 5.
2170 3844 2284 3917 (88)
2317 3843 2661 3916 Interrogata
2687 3854 2775 3901 est
2803 3846 2963 3902 beata
3010 3844 3347 3916 Syncletica,
3376 3860 3445 3900 an
3480 3860 3596 3916 per-

2016 3936 2214 3992 fectum
2264 3937 2466 3992 bonum
2518 3945 2697 4001 esset,
2741 3937 2876 3991 nihil
2924 3936 3230 4006 possidere.
3279 3936 3346 3991 Et
3389 3937 3529 3992 dixit
3579 3955 3593 3992 ε

2013 4029 2182 4085 Plane
2219 4029 2520 4101 perfectum
2555 4028 2622 4083 iis
2649 4027 2744 4098 qui
2795 4026 2940 4084 ferre
2965 4035 3220 4098 possunt.
3250 4027 3386 4082 Nam
3410 4028 3505 4099 qui
3543 4029 3598 4083 id

2018 4121 2272 4186 tolerant,
2332 4119 2684 4176 amictionem
2738 4117 2961 4190 quidem
3039 4135 3213 4176 carne
3253 4121 3484 4186 habent,
3544 4128 3601 4175 at

2017 4213 2200 4268 anima
2235 4212 2502 4282 requiem.
2539 4209 2694 4266 Sicut
2716 4211 2861 4268 enim
2889 4210 3080 4266 solida:
3106 4218 3312 4277 vestes,
3349 4211 3597 4275 calcatae,

317 4315 565 4384 φόμενα,
595 4313 888 4367 πλύνεται·
919 4311 1092 4375 οὕτως
1123 4313 1215 4366 καὶ
1246 4311 1392 4383 ψυχὴ
1424 4310 1640 4383 ἰσχυρὰ,
1685 4310 1775 4365 διὰ
1813 4312 1899 4384 τῆς

2018 4314 2072 4361 et
2106 4305 2371 4360 violenter
2404 4312 2634 4358 versata:
2671 4304 2972 4357 abluuntur
3008 4321 3022 4356 :
3079 4303 3154 4358 ita
3190 4304 3373 4358 anima
3417 4303 3598 4368 fortis,

314 4405 582 4458 ἑκουσίου
612 4405 822 4468 πενίας,
851 4404 944 4458 ἐπὶ
963 4405 1148 4458 πλεῖον
1177 4403 1530 4477 κρατύνεται.

405 4503 482 4560 ς’.
533 4492 667 4549 Eim
717 4497 913 4550 πάλινο
958 4495 1084 4549 Ἐὰν
1133 4495 1189 4548 ἐν
1223 4493 1479 4565 κοινοϐίῳ
1508 4494 1800 4566 τυγχάνῃς,
1838 4493 1913 4565 μὴ

320 4586 675 4662 μεταλλάξῃς
742 4587 833 4639 τὸν
893 4585 1056 4639 τόπον
1089 4601 1103 4615 ⁸
1161 4583 1410 4657 βλαϐήσῃ
1466 4584 1575 4654 γὰρ
1640 4583 1910 4654 μεγάλως.

404 4769 451 4801 ⁵³
486 4769 570 4822 Al.
613 4769 858 4822 ἀνελθεῖν
897 4786 965 4839 με
999 4770 1136 4822 ἐκεῖ.
1228 4767 1287 4839 ⁸⁸7
1312 4768 1396 4839 Al.
1438 4765 1786 4839 θεαρεσκίαν.

323 4839 618 4926 ῥυπαρόν..
680 4840 725 4870 ⁶⁰
753 4842 846 4921 Al;
885 4837 1194 4926 EXEtthXAEIL..
1251 4838 1293 4869 ⁶¹

323 4909 622 4984 πλησμονῇ
670 4910 908 4983 τροφῶν,
987 4912 1030 4940 ⁸⁵
1063 4911 1147 4964 Al.
1173 4909 1559 4977 ὑπομένουσιν.

407 5120 518 5191 (82)
565 5117 1158 5191 Th)‘_61{raptvttx7ir.
1205 5117 1388 5191 tiodex
1435 5116 1620 5191 regius
1673 5117 1909 5191 habebat

323 5187 659 5269 ὀψαρτικήν.
678 5187 890 5269 ϐ’(ιιίῠςνιξι
905 5190 1028 5269 inus
1054 5203 1183 5269 vero
1194 5188 1513 5269 δψυρτικὴν.
1534 5187 1700 5269 Recte
1719 5188 1910 5269 inaliu

326 5253 665 5316 Vmbertfet
717 5261 768 5312 iu
820 5253 932 5312 Vita
973 5253 1315 5327 Synclctic‘a’,
1345 5253 1734 5329 ὀψαρτυτικήν.
1770 5257 1914 5312 Alibi

328 5335 584 5403 ὀψάριον,
639 5331 824 5403 piscis,
877 5329 1188 5403 pisciculus.
1236 5329 1458 5385 Scilicet
1495 5329 1551 5383 in
1589 5329 1916 5403 condiendis

334 5399 585 5472 piscibus
621 5401 890 5470 praecipue
927 5400 1104 5472 elucet
1137 5415 1439 5470 coquorum
1487 5415 1596 5472 ars.
1631 5399 1752 5465 Quo
1781 5401 1918 5453 allu-

331 5469 456 5527 ὲιιιιι
487 5487 517 5524 a
535 5469 933 5526 Commodiann
954 5469 1326 5526 Instructione
1345 5473 1396 5535 7,
1425 5485 1518 5540 per
1549 5471 1694 5526 hunc
1721 5472 1920 5526 obscu-

329 5557 456 5597 rum
493 5542 835 5597 versiculum
858 5543 925 5596 de
959 5541 1199 5597 Zodiaco
1231 5558 1246 5594 ε

411 5658 478 5714 Et
501 5659 726 5734 denique
766 5657 961 5714 vadunt
986 5659 1037 5714 in
1072 5659 1345 5728 piscibus;
1377 5673 1556 5730 coque,
1597 5656 1864 5725 probabis.

1178 5784 1327 5793 .-π-η...-

1882 4767 1928 4799 ⁸⁸
1974 4767 2059 4821 Al.
2099 4766 2398 4819 κανίσκιον.

1447 4840 1480 4909 ἡ
1516 4836 1622 4891 τῶν
1656 4837 1798 4909 κατὰ
1819 4836 2047 4907 κόσμον.

1639 4909 1684 4940 ⁶⁶
1720 4908 1883 4963 Hebr.
1921 4905 2022 4971 in,
2057 4906 2148 4963 29.
2229 4907 2271 4938 ⁸⁷
2303 4905 2464 4962 Prov.
2499 4905 2666 4972 xxv",
2708 4905 2763 4959 7.

2027 4415 2124 4470 per
2161 4398 2522 4453 voluntariam
2558 4404 2932 4466 paupertatem
2966 4397 3213 4450 firmatur
3244 4397 3436 4466 magis.

2092 4491 2145 4546 6.
2191 4490 2302 4560 (89)
2361 4489 2568 4544 Monuit
2601 4504 2797 4544 rursus
2847 4507 2860 4544 :
2903 4489 2958 4542 Si
3008 4487 3322 4542 coenobium
3369 4487 3600 4550 incolas,
3638 4533 3641 4535 .

2025 4583 2135 4638 noli
2176 4589 2388 4637 mutare
2428 4581 2637 4647 sedem,
2677 4581 2809 4651 quia
2847 4579 3007 4634 valde
3041 4578 3265 4634 nocebit
3301 4576 3422 4632 tibi.
3464 4576 3599 4632 Nam

2505 4765 2548 4797 ⁸⁷
2589 4763 2676 4818 Al.
2707 4763 2913 4818 κόπων.
3020 4762 3068 4796 ⁸⁸
3100 4761 3182 4815 Al.
3217 4759 3350 4824 ζῶα.
3447 4757 3492 4789 ⁵⁹
3515 4758 3599 4813 Al.

2140 4838 2184 4867 ⁸³
2206 4836 2376 4906 Abest
2403 4835 2565 4906 κενῆς
2593 4837 2661 4889 ab
2690 4835 2762 4906 al.
2839 4833 2884 4865 ⁸³
2917 4831 3003 4887 ΔΙ.
3031 4829 3360 4902 ὑπερϐαλοῦ.
3438 4829 3480 4860 ⁸⁸
3514 4828 3600 4882 Al.

2089 5117 2202 5187 (85)
2244 5115 2550 5187 Εὑπορίαν
2584 5114 2720 5187 τῶν
2756 5112 3008 5187 τροφῶξ.
3069 5109 3126 5165 In
3166 5107 3391 5162 Patrum
3435 5107 3552 5165 uilis
3584 5127 3604 5167 .-

2019 5183 2418 5244 abundantiam
2437 5185 2775 5251 deliciarum,
2806 5183 3048 5253 τρυφῶν.

2115 5260 2204 5330 84)
2253 5259 2358 5330 Vit.
2383 5257 2536 5330 Eutr.
2577 5271 2661 5320 ιιι,
2692 5249 2787 5330 ili;
2820 5249 3438 5330 _Sup.'_Vit._Syncl.,Au.
3469 5249 3559 5308 60.

2118 5320 2208 5394 85)
2260 5329 2364 5381 Vit.
2395 5327 2549 5380 Patr.
2581 5343 2655 5388 tv,
2678 5326 2776 5385 41;
2820 5320 2926 5378 Vit.
2965 5320 3223 5393 Synclet.,
3263 5339 3314 5374 ιι.
3337 5320 3427 5375 24.

2098 5396 2210 5469 (86)
2257 5399 2366 5454 Vit.
2403 5397 2556 5469 ljatr.
2591 5412 2666 5459 Iv,
2702 5396 2809 5469 49.;
2849 5397 2955 5469 Vit.
3000 5410 3126 5469 cap.
3169 5398 3260 5451 80.

2100 5466 2213 5538 (87⁷)
2267 5469 2372 5522 Vit.
2403 5467 2558 5538 Patr.
2597 5483 2670 5530 ιν,
2710 5468 2810 5538 45;
2861 5466 2962 5521 Vit.
2994 5467 3082 5519 95.

2101 5537 2213 5609 (88)
2265 5538 2372 5609 γει.
2412 5537 2566 5609 Patr.
2602 5552 2680 5601 vn,
2713 5537 2800 5590 ιδ.

2100 5602 2212 5680 (89)
2263 5607 2371 5680 Vit.
2412 5608 2566 5663 Patr.
2605 5625 2700 5672 vn,
2729 5609 2823 5677 15;
2881 5607 2979 5665 Vit.
3019 5609 3118 5673 9i;
3147 5605 3415 5663 Scholium
3448 5603 3517 5656 73
3543 5602 3610 5654 ad

2032 5678 2202 5737 Crad.
2231 5681 2262 5737 4
2294 5678 2449 5737 Joan.
2483 5681 2710 5737 Climac.
