4020 6196
242 229 351 285 ωδ

1386 233 1999 294 ΑΡΟΡΗΤΗΕΟΜΛΤΑ
2034 237 2345 296 PATRL’M.

3387 248 3485 302 «1911

238 340 607 416 ἀναχαιτίσῃς
650 342 744 396 τοῦ
799 343 994 415 ἐχθροῦ
1026 360 1085 396 σε
1127 343 1487 414 ὲκκόψαντοςο
1524 348 1686 413 αὐτὸς
1714 350 1820 418 γὰρ

1927 366 1996 406 ne
2025 349 2326 414 revoceris,
2373 349 2596 405 inimico
2627 350 2916 409 cohibente
2955 358 3024 407 te.
3063 352 3183 423 Ipse
3220 352 3485 423 siquidem

244 436 319 504 τῇ
347 434 591 505 ὑπομονῇ
624 451 716 488 σου
739 437 1115 505 καταργεῖται.
1134 434 1237 488 Καὶ
1262 436 1371 508 γὰρ
1397 438 1447 490 oi
1475 434 1628 491 πλεῖν
1653 440 1820 511 ἀρχό.

245 542 406 596 μενοι
460 524 679 596 πρῶτον
720 525 820 594 μὲν
851 524 1028 588 δεξιοῦ
1080 524 1390 595 πνεύματος
1424 528 1785 598 τυγχάνουσιν
1804 547 1822 561 ·

242 615 604 678 ἀπλώσαντες
644 615 704 668 δὲ
735 615 806 668 τά
853 614 1018 676 ἱστία,
1049 609 1205 678 αὖθις
1236 614 1464 687 ἐναντίῳ
1509 618 1822 672 ἀπαντῶσιν

244 707 453 777 ἀνέμῳ,
611 708 662 759 οἱ
686 705 882 759 ναῦται
905 704 996 758 διὰ
1021 704 1083 758 τὸ
1101 706 1457 777 παρεμπεσὸν
1482 709 1700 779 πνεῦμα
1720 711 1823 764 οὐκ

246 799 693 861 ἀποσκευάζουσι
745 796 846 867 τὴν
895 796 1065 850 ναῦνο
1112 798 1307 869 μικρὸν
1346 799 1406 853 δὲ
1450 800 1823 871 ἡσυχάσαντες

243 891 279 962 ἢ
327 890 423 944 καὶ
463 887 959 960 ἀπομαχησάμενοι
1008 889 1075 959 τῇ
1119 887 1278 962 ζάλῃ,
1312 889 1474 966 πάλιν
1515 890 1606 944 τὸν
1655 892 1822 947 πλοῦν

242 981 547 1035 ποιοῦνται.
600 977 759 1032 Οὕτω
820 978 914 1032 καὶ
969 980 1164 1049 ἡμεῖς,
1219 981 1460 1035 ἐναντίου
1514 980 1823 1052 πνεύματος

242 1070 667 1144 προσπεσόντος,
703 1068 795 1121 τὸν
842 1068 1074 1140 σταυρὸν
1105 1070 1227 1124 ἀντὶ
1272 1071 1440 1127 ἱστίου
1470 1072 1819 1140 τανύσαντες,

238 1162 413 1225 ἀδεῶς
443 1161 538 1216 τὸν
564 1159 732 1213 πλοῦν
763 1160 1157 1231 ἐκτελέωμεν.

307 1253 366 1306 ι’.
399 1248 540 1306 Eia-rs
586 1250 782 1306 πάλιν*
830 1252 895 1304 Οἱ
924 1250 1025 1321 μὶν
1067 1252 1160 1307 τὸν
1191 1252 1448 1325 αἰσθητὸν
1494 1255 1722 1311 πλοῦτον
1756 1259 1819 1312 ἐκ

235 1342 428 1395 κόπων
460 1342 556 1395 καὶ
597 1340 861 1395 κινδύνων
903 1341 1181 1414 Θαλάσσης
1236 1346 1563 1415 συνάγοντες
1581 1386 1598 1413 ,
1649 1347 1821 1403 πολλὰ

236 1434 640 1504 κερδήσαντες,
668 1434 779 1487 τῶν
826 1433 1091 1488 πλειόνων
1129 1434 1372 1504 ἐφίενται
1395 1452 1410 1467 ’
1450 1438 1547 1492 καὶ
1596 1439 1668 1493 τά
1719 1440 1820 1510 μὲν

234 1526 491 1597 παρόντα
516 1524 590 1589 ώς
614 1525 766 1578 οὐδὲν
790 1524 1082 1595 ἡγοῦνταιο
1114 1527 1250 1597 πρὸς
1278 1528 1337 1582 δὶ
1365 1528 1434 1583 τά
1467 1530 1544 1601 μὴ
1574 1531 1819 1601 παρόντα

234 1616 668 1672 ἑπεκτείνονται.
708 1614 899 1687 Ἡμεῖς
924 1616 980 1669 δὲ
1006 1616 1100 1670 καὶ
1129 1616 1237 1671 τῶν
1272 1618 1620 1689 ζητουμένων
1649 1621 1817 1691 μηδὲν

231 1704 477 1775 ιχοντες,
500 1704 654 1759 οὐδὲν
683 1704 909 1776 θέλομεν
943 1705 1247 1777 κτήσασθαι
1276 1687 1366 1763 διά
1394 1687 1487 1763 τδν
1529 1687 1692 1779 φόϐον
1712 1687 1814 1765 τοῦ
1844 1687 1889 1743 Β

232 1795 396 1851 Θεοῦ.
1168 1848 1175 1855 .

312 1888 405 1940 ια’.
443 1887 583 1940 Eine
616 1886 774 1941 πάλιν
795 1904 810 1918 ·
850 1888 1103 1960 Μίμησαι
1125 1888 1217 1943 τὸν
1250 1889 1500 1962 Τελώνην
1539 1892 1651 1962 (95)
1672 1933 1687 1957 ,
1729 1894 1816 1948 ἵνα

237 1976 320 2050 μὴ
354 1977 438 2048 τῷ
470 1978 745 2049 Φαρισαίῳ
803 1983 1281 2051 συγκατακριθῇςο
1328 1982 1423 2035 καὶ
1466 1983 1708 2047 Μωσέως
1754 1985 1818 2038 τὸ

232 2070 423 2140 πρᾶον
451 2067 705 2134 ὲπίλεξαι,
741 2069 831 2123 ἴνα
863 2070 965 2141 τὴν
1002 2072 1230 2143 καρδίαν
1265 2090 1359 2126 σου
1393 2074 1700 2145 ἀκρότομον
1729 2070 1818 2129 οὗ-

234 2178 348 2215 σαν
378 2162 459 2224 είς
480 2150 662 2231 πηγὰς
689 2160 898 2215 ὑδάτων
933 2163 1263 2233 μεταϐάλῃς.

310 2251 400 2324 ιβ’.
448 2249 584 2306 Eine
622 2253 823 2308 πάλιν·
872 2255 1275 2321 Ἐπικίνδυνον,
1328 2257 1419 2311 τὸν
1472 2258 1547 2330 μὴ
1603 2258 1693 2312 διὰ
1721 2259 1817 2313 τοῦ

235 2344 549 2415 πρακτικοῦ
580 2344 699 2415 βίου
721 2346 1025 2417 ἀναχθέντα
1052 2348 1566 2422 διδάσκειν.⁶Ὢσπερ
1589 2350 1697 2423 γάρ
1724 2351 1818 2405 ὲάν

230 2428 271 2505 ᾖ
296 2450 384 2497 τις
405 2434 583 2488 οἰκίαν
604 2435 745 2508 ἔχων
771 2436 1000 2511 σαθρὰν,
1026 2438 1213 2503 ξένους
1239 2437 1660 2510 ὑποδεξάμενος,
1689 2439 1820 2512 βλά-

229 2523 329 2591 ψει
355 2525 423 2593 τῇ
453 2522 656 2577 πτώσει
681 2525 777 2579 τοῦ
805 2527 1107 2597 οἰκήματος
1128 2567 1147 2594 ,
1180 2525 1355 2591 οὕτως
1391 2529 1486 2582 καὶ
1511 2524 1655 2597 οὗτοι
1680 2569 1696 2593 ,
1743 2529 1820 2603 μὴ

230 2616 506 2686 πρότερον
554 2618 783 2682 ἑαυτοὺς
831 2619 1287 2692 οἰκοδομήσαντες
1306 2660 1323 2685 ,
1377 2621 1624 2686 καὶτοὺς
1650 2637 1821 2693 προσ-

230 2710 494 2775 ελθόντας
523 2712 707 2776 αὐτοῖς
736 2711 1022 2767 ἀπώλεσαν
1040 2728 1055 2741 ⁸
1078 2715 1191 2777 τοῖς
1221 2714 1318 2784 μὲν
1345 2714 1453 2787 γὰρ
1483 2713 1661 2783 λόγοις
1691 2731 1820 2768 συν-

230 2801 568 2857 εκάλεσαντο
610 2805 690 2866 εἰς
716 2803 1013 2875 ’σωτηρίαν
1037 2845 1052 2869 ,
1095 2807 1163 2876 τῇ
1194 2803 1249 2857 δὲ
1284 2803 1379 2858 τοῦ
1406 2804 1610 2877 τρόπου
1651 2804 1823 2880 κακίᾳ

232 2897 368 2959 τοὺς
400 2894 639 2966 ἀθλητάς
659 2896 709 2928 ⁷⁸
736 2895 934 2967 μᾶλλον
964 2896 1249 2967 ἠδίκησαν.

316 2993 410 3055 ιγ’,
446 2982 583 3041 Εἷπε
632 2987 795 3041 πάλιν
819 3004 833 3018 ·
868 2988 1046 3043 Καλὸν
1078 2990 1139 3043 τὸ
1176 2991 1249 3060 μὴ
1298 2988 1641 3060 ὀργίζεσθαι·
1688 2989 1819 3043 εἰδὲ

230 3078 335 3132 καὶ
367 3079 617 3148 γένηται,
646 3079 768 3132 οὐδὲ
812 3078 1012 3150 μέτρον
1042 3096 1124 3133 σοι
1156 3080 1369 3149 ἡμέρας
1396 3080 1532 3151 πρὸς
1554 3081 1614 3133 τὸ
1646 3080 1816 3145 πάθος

233 3168 638 3241 συνεχώρησεν,
669 3168 838 3222 εἰπών
858 3186 872 3199 ⁸
905 3168 1004 3237 Μὴ
1036 3168 1322 3223 ἐπιδυέτω
1351 3172 1383 3223 ὁ
1404 3171 1597 3236 ἣλιος.
1622 3171 1694 3225 Σὺ
1723 3168 1818 3224 οὖν

228 3260 436 3330 ἐκδέχῃ
473 3259 578 3323 ἕως
626 3260 733 3323 πᾶς
779 3260 808 3312 ό
845 3260 1037 3330 χρόνος
1086 3275 1179 3312 σου
1224 3258 1343 3329 δύῃ.
1394 3259 1461 3310 Τί
1500 3262 1676 3330 μισεῖς
1725 3259 1817 3313 τὸν

229 3351 558 3421 λυπήσαντα
592 3349 915 3420 ἄνθρωπονς
969 3351 1069 3404 οὐκ
1097 3350 1258 3413 αὐτός
1296 3353 1443 3402 ἐστιν
1475 3352 1504 3403 ό
1535 3350 1815 3420 ἀδικήσας,

229 3443 351 3496 ἀλλ’
377 3444 409 3495 ὀ
437 3441 702 3504 διάϐολος.
737 3441 984 3512 Μίσησον
1016 3439 1113 3511 τὴν
1147 3440 1302 3493 νόσον
1326 3479 1341 3503 ,
1373 3439 1470 3492 καὶ
1512 3438 1586 3510 μὴ
1615 3437 1705 3491 τὸν
1732 3455 1818 3491 νο-

233 3534 459 3588 σοῦντα.

309 3624 393 3679 ιδ’.
424 3621 560 3679 Εἷπε
591 3627 754 3681 πάλιν
778 3642 792 3657 ο
827 3626 991 3678 Ὅσον
1021 3625 1420 3703 προκόπτουσιν
1477 3623 1527 3676 oi
1563 3621 1815 3693 ἀθληταὶ,

230 3717 496 3771 τοσοῦτον
530 3717 859 3772 συνάπτουσι
889 3719 1268 3787 ἀνταγωνιστῇ
1314 3714 1541 3787 μείζονι.

306 3807 394 3862 ιε’.
429 3802 564 3859 Εἷπε
600 3806 762 3861 πάλιν
786 3824 797 3836 υ
822 3807 978 3860 Ἔστι
1012 3807 1105 3860 καὶ
1137 3806 1201 3858 ὲκ
1226 3805 1320 3858 τοῦ
1353 3802 1549 3875 ἐχθροῦ
1575 3804 1818 3856 ἐπιτετα-

235 3897 382 3966 μένη
439 3897 708 3966 ἄσκησις·
753 3897 850 3950 καὶ
896 3897 1007 3966 γὰρ
1056 3898 1106 3949 oi
1152 3893 1318 3948 αὑτοῦ
1375 3892 1614 3963 μαθηταὶ
1661 3889 1820 3945 τοῦτο

233 3985 475 4040 ποιοῦσι.
510 3986 635 4051 Πῶς
665 3984 758 4041 οὖν
793 3987 1159 4059 διακρίνωμεν
1187 3985 1285 4056 τὴν
1310 3983 1461 4037 θείαν
1491 3982 1584 4037 καὶ
1613 3980 1820 4052 βασιλι-

233 4076 338 4147 κὴν
362 4077 619 4149 ἄσκησιν,
646 4078 745 4150 τῆς
769 4077 1101 4151 τυραννικῆς
1130 4077 1226 4131 καὶ
1270 4072 1682 4146 δαιμονιώδουςς
1721 4071 1820 4143 δῆι-

233 4168 326 4221 λον
347 4168 426 4232 ὡς
447 4169 554 4222 ἀπὸ
577 4169 677 4240 τῆς
703 4170 1046 4241 συμμετρίας
1074 4167 1206 4239 (96).
1237 4167 1422 4230 Ἅπας
1448 4182 1530 4220 σοι
1560 4168 1591 4220 ό
1630 4165 1821 4238 χρόνος

231 4251 317 4321 εἷς
340 4256 526 4310 κανὼν
553 4258 806 4330 νηστείας
835 4258 1147 4329 ὑπαρχέτω.
1176 4256 1267 4328 Μὴ
1287 4255 1559 4327 τέσσαρας
1657 4254 1818 4309 πέντε

234 4351 572 4422 νηστεύσῃς,
622 4350 716 4404 καὶ
747 4351 847 4421 τὴν
881 4350 1047 4420 ἄλλην
1080 4351 1139 4403 ἐν
1170 4347 1363 4420 πλήθει
1401 4348 1618 4420 τροφῶν
1649 4367 1819 4403 κατα-

234 4441 410 4514 λύσῃς
428 4459 444 4472 ·
477 4441 754 4513 πανταχοῦ
779 4442 888 4513 γὰρ
911 4442 944 4513 ή
990 4441 1227 4512 ἀμετρία
1264 4437 1587 4508 φθοροποιὸς
1614 4440 1818 4510 τυγχά-

235 4550 339 4588 νει.
367 4533 507 4596 Nic;
540 4531 618 4586 ὣν
644 4534 739 4587 καὶ
770 4532 926 4605 ὑγιὴς
970 4534 1264 4606 νήστευσον
1284 4549 1297 4563 ⁸
1328 4532 1449 4605 ἥξει
1480 4532 1591 4603 γὰρ
1622 4531 1685 4586 τὸ
1718 4531 1821 4601 γῆς

239 4641 341 4694 ρας
388 4625 529 4695 μετά
576 4626 878 4690 ἀσθενείας.
919 4626 1006 4689 Ὠς
1050 4624 1182 4700 δύνῃ
1217 4620 1311 4679 οὖν
1343 4622 1671 4696 θησαύρισον
1699 4639 1823 4695 τρο-

237 4714 346 4782 φὰς
368 4755 387 4781 ,
412 4714 499 4768 ἵνα
527 4716 657 4770 ὅταν
691 4716 766 4787 μὴ
788 4716 919 4788 δύνῃ
946 4715 1114 4788 εὕρῃς
1135 4715 1472 4770 ἀνάπαυσιν.

315 4897 411 4955 ις’.
439 4887 576 4947 Εἶπε
600 4893 763 4947 πάλιν
784 4909 800 4925 υ
837 4894 926 4947 Ἐν
951 4892 1201 4963 κοινοϐίῳ
1221 4892 1373 4955 ὄντες
1394 4933 1410 4958 ,
1442 4891 1540 4963 τὴν
1572 4890 1819 4961 ὑπακοὴν

1924 441 2188 511 patientia
2215 448 2312 494 tua
2344 441 2684 500 destruetur.
2713 440 3047 514 Scilicctqui
3083 444 3342 516 navigare
3374 462 3490 502 cm-

1924 533 2127 601 perint,
2158 532 2316 586 initio
2335 532 2554 601 quidem
2580 534 2824 590 secundo
2847 534 3096 590 feruntur
3120 544 3319 605 vento;
3354 538 3493 594 velis

1925 630 2109 679 autem
2142 626 2423 695 expansis,
2452 634 2641 695 postea
2669 626 2724 680 in
2752 627 3041 682 adversum
3060 637 3276 683 ventum
3301 630 3490 686 incur-

1924 721 2089 781 runt;
2118 731 2308 770 verum
2328 727 2508 771 nauta:
2531 725 2752 787 propter
2781 717 3111 771 incidentem
3131 716 3342 785 ﬂatum,
3376 735 3482 776 non

1923 806 2229 862 deonerant
2254 809 2435 890 navim
2460 826 2477 873 ς
2509 808 2606 865 sed
2638 809 2729 865 ubi
2760 808 3047 879 paululum
3073 809 3246 878 quieti
3271 825 3488 868 manse-

1923 906 2075 965 runt,
2116 900 2204 953 vel
2241 901 2407 955 etiam
2448 900 2763 970 tempestati
2794 898 3054 955 reluctati
3085 907 3235 965 sunt,
3269 902 3492 973 naviga-

1924 990 2127 1045 tionem
2170 999 2596 1061 persequuntur.
2626 989 2706 1044 Ita
2744 997 2800 1046 et
2825 1006 2952 1056 nos,
2989 991 3271 1047 contrario
3295 992 3490 1063 spiritu

1923 1083 2140 1154 illapso,
2169 1100 2391 1141 crucem
2422 1100 2524 1155 pro
2556 1085 2678 1141 velo
2706 1084 3019 1150 tendentes.
3053 1099 3249 1142 secure
3267 1102 3490 1144 cursum

1921 1174 2295 1245 perﬁciamus.

1992 1266 2084 1321 10.
2121 1265 2233 1337 (97)
2266 1267 2414 1322 Dixit
2437 1267 2638 1324 iterum
2671 1283 2685 1322 :
2715 1268 2821 1335 Qui
2852 1269 2959 1325 sub
2979 1284 3202 1326 sensum
3232 1268 3495 1324 cadentes

1920 1354 2143 1412 divitias
2173 1352 2241 1413 de
2282 1358 2567 1415 laboribus
2598 1367 2654 1414 et
2688 1360 2950 1429 periculis
2997 1362 3169 1417 maris
3199 1361 3490 1431 colligunt,

1921 1459 2047 1499 cum
2084 1447 2257 1502 multa
2290 1448 2488 1504 lucrati
2532 1447 2761 1512 fuerint,
2808 1450 2966 1520 plura
3003 1458 3265 1521 appetunt
3294 1466 3311 1505 :
3345 1457 3401 1504 et
3427 1464 3493 1504 ea

1920 1534 2145 1605 quidem
2174 1552 2299 1607 quae
2344 1537 2574 1603 habent,
2607 1546 2666 1593 ut
2710 1539 2943 1593 nihilum
2982 1547 3284 1610 reputant:
3321 1538 3390 1593 ad
3424 1552 3492 1594 ea

1919 1642 2052 1683 vero
2072 1644 2195 1699 qua:
2214 1644 2326 1684 non
2354 1628 2558 1685 habent
2588 1630 2882 1686 intendunt
2908 1630 3174 1686 animum.
3196 1628 3310 1686 Nos
3336 1644 3490 1691 vero,

1916 1717 1987 1773 iis
2024 1733 2147 1788 quae
2183 1718 2541 1790 requiruntur
2575 1719 2824 1777 destituti
2862 1721 3101 1791 penitus,
3132 1720 3271 1775 nihil
3300 1734 3491 1775 eorum

1916 1808 2172 1865 volumus
2204 1811 2490 1880 acquirere
2519 1821 2737 1883 propter
2772 1811 3023 1868 timorem
3052 1811 3167 1867 Dei.

1990 1898 2077 1951 11.
2101 1897 2212 1969 (98)
2246 1898 2418 1953 Edata
2438 1884 2523 1956 est
2543 1902 2719 1956 adhuc
2740 1920 2755 1956 :
2784 1901 3002 1957 Imitare
3020 1901 3398 1967 Publicanum,
3422 1915 3497 1959 ne

1917 1999 2025 2039 una
2043 2000 2167 2040 cum
2189 1986 2464 2041 Pharisan
2479 1988 2861 2045 condemneris
2876 1990 2944 2042 ⁷⁸.
2971 1989 3036 2043 Et
3057 1988 3221 2045 Mosis
3237 1990 3494 2044 mansue-

1917 2072 2159 2129 tudinem
2198 2074 2401 2147 delige,
2434 2084 2493 2130 ut
2528 2090 2624 2130 cor
2660 2083 2838 2142 tuum,
2887 2076 3031 2147 quod
3075 2091 3243 2147 rupes
3282 2085 3386 2142 est,
3434 2078 3491 2132 in

1919 2165 2097 2221 fontes
2126 2179 2391 2235 aquarum
2422 2157 2712 2222 convertas
2732 2167 2801 2219 ".

1988 2254 2078 2309 12.
2106 2254 2219 2326 (99)
2246 2252 2363 2311 Hoc
2386 2270 2603 2326 quoque
2622 2257 2881 2326 protulit:
2907 2255 3282 2314 Periculosum
3302 2266 3409 2324 est,
3430 2265 3491 2312 ut

1917 2346 2012 2417 qui
2025 2361 2123 2418 per
2133 2347 2366 2403 activam
2380 2346 2549 2402 vitam
2566 2361 2675 2404 non
2690 2355 2776 2403 est
2795 2348 3049 2426 eductus,
3063 2347 3277 2404 doceat.
3296 2347 3492 2415 Quem-

1920 2438 2218 2495 admodum
2258 2438 2406 2495 enim
2433 2438 2481 2495 si
2531 2439 2658 2511 quis
2689 2436 2912 2494 domum
2932 2437 3184 2494 habitans
3204 2438 3489 2501 caducam,

1916 2530 2162 2601 hospites
2184 2530 2485 2600 exceperit,
2515 2530 2734 2587 nocebit
2760 2545 2858 2600 per
2884 2528 3097 2585 aedilicii
3137 2530 3375 2593 ruinam,
3411 2531 3492 2585 sic

1917 2628 1972 2675 et
1999 2619 2116 2685 isti,
2146 2635 2274 2675 cum
2312 2619 2466 2691 prius
2494 2636 2555 2677 se
2580 2636 2689 2676 non
2722 2621 3101 2687 instruxerint,
3147 2621 3309 2675 etiam
3335 2635 3493 2676 aerea
3522 2676 3537 2693 7

1917 2710 2110 2767 dentes
2135 2711 2202 2766 ad
2235 2727 2330 2767 eos
2358 2712 2732 2783 perdiderunt.
2768 2712 3051 2784 Siquidem
3077 2713 3261 2769 verbis
3294 2729 3494 2768 convo-

1918 2807 2114 2854 carunt
2151 2799 2219 2854 ad
2257 2801 2514 2866 salutem,
2553 2816 2767 2855 morum
2798 2810 2981 2858 autem
3014 2802 3360 2872 improbitate
3391 2818 3492 2872 pu-

1917 2890 2054 2960 giles
2077 2891 2251 2961 magis
2278 2891 2477 2961 injuria
2519 2891 2838 2948 aﬂecerunt.

1992 2984 2076 3038 l3.
2115 2984 2193 3054 (l)
2224 2983 2355 3038 Item
2392 2982 2538 3038 istud
2569 3001 2581 3036 :
2614 2982 2820 3037 Bonum
2865 2990 2949 3039 est
2985 2996 3330 3053 nequaquam
3382 2983 3500 3037 ira-

1923 3077 2025 3131 sci.
2059 3076 2118 3131 Si
2150 3089 2282 3131 vero
2326 3075 2647 3145 contigerit,
2679 3090 2857 3145 neque
2891 3074 2986 3130 tibi
3016 3075 3249 3147 spatium
3278 3075 3382 3131 diei
3422 3077 3492 3130 ad

1921 3168 2173 3223 aﬂ‘ectum
2205 3170 2500 3234 concessit,
2543 3167 2636 3239 qui
2667 3167 2843 3224 dixit:
2882 3166 3006 3223 Non
3059 3167 3263 3223 occidat
3308 3167 3389 3223 sol
3416 3169 3488 3223 ".

1921 3254 2005 3310 Tu
2033 3270 2162 3325 ergo
2190 3266 2496 3328 exspectes,
2528 3255 2705 3313 donec
2728 3269 2892 3312 omne
2912 3264 3129 3327 tempus
3161 3264 3316 3311 tuum
3345 3258 3494 3311 occi-
3600 3286 3603 3289 -

1921 3346 2084 3402 derit.
2116 3348 2296 3415 Quare
2329 3347 2454 3402 odio
2481 3348 2651 3405 habes
2677 3348 2955 3403 hominem
2984 3348 3079 3418 qui
3111 3354 3165 3404 te
3198 3348 3493 3403 contrista-

1921 3439 2030 3494 vit?
2090 3440 2211 3495 Non
2257 3440 2346 3495 ille
2401 3440 2599 3509 injuria
2620 3439 2836 3509 aﬂ‘ecit;
2883 3440 2976 3495 sed
3029 3439 3302 3494 diabolus.
3357 3439 3496 3494 Odio

1922 3538 2256 3595 prosequere
2286 3527 2561 3588 morbum,
2594 3541 2699 3581 non
2734 3526 2925 3581 morbo
2959 3526 3321 3580 laborantem.

1996 3614 2083 3669 14.
2132 3614 2210 3685 (2)
2276 3615 2420 3670 Dixit
2479 3617 2709 3672 adhuc:
2778 3616 2899 3683 Quo
2970 3618 3143 3687 magis
3203 3616 3496 3686 proﬁciunt

1923 3704 2163 3767 athletae,
2202 3720 2267 3760 eo
2295 3705 2616 3763 fortioribus
2638 3707 2969 3762 adversariis
2991 3722 3088 3763 eos
3117 3710 3490 3763 committunt.

1996 3797 2084 3851 15.
2130 3796 2205 3869 (3)
2249 3796 2396 3852 Dixit
2428 3797 2625 3855 iterum
2655 3817 2670 3853 :
2702 3798 2785 3854 Ab
2808 3797 3032 3852 inimico
3053 3799 3214 3852 etiam
3246 3797 3496 3869 procedit

1925 3888 2131 3944 intenta
2155 3889 2499 3947 exercitatio.
2531 3889 2743 3946 Etenim
2779 3888 2953 3961 ipsius
2984 3889 3239 3959 discipuli
3274 3889 3377 3943 hoc
3411 3888 3495 3942 fa—

1923 3980 2095 4036 ciunt.
2137 3979 2258 4049 Quo
2285 3981 2445 4037 modo
2468 3996 2598 4052 ergo
2617 3982 2857 4037 divinam
2881 3980 3224 4052 regalemque
3257 3980 3493 4035 ascesim

1922 4070 2301 4129 discernemus
2330 4088 2361 4127 a
2389 4072 2676 4145 tyrannica
2702 4080 2759 4128 et
2783 4071 3123 4128 daemonica?
3144 4071 3492 4127 Manifestum

1923 4171 2008 4217 est
2036 4162 2180 4233 quod
2209 4179 2275 4217 ex
2301 4163 2693 4218 mediocritate.
2724 4158 2899 4218 Omne
2926 4170 3082 4216 tuum
3117 4171 3353 4232 tempus,
3385 4176 3494 4215 una

1925 4255 1998 4310 sit
2023 4254 2215 4323 jejunii
2255 4254 2464 4325 regula.
2510 4252 2630 4308 Noli
2678 4260 2913 4324 quatuor
2951 4259 3046 4306 aut
3098 4251 3339 4322 quinque
3377 4249 3495 4305 dies

1925 4361 2033 4400 non
2072 4345 2425 4411 manducare,
2451 4344 2540 4401 die
2572 4360 2703 4401 vero
2731 4344 2982 4415 sequenti
3010 4344 3064 4398 in
3088 4343 3337 4399 ciborum
3362 4344 3498 4416 mul-

1925 4439 2159 4495 titudine
2196 4439 2435 4495 'solvere
2487 4440 2777 4510 jejunium.
2829 4436 3042 4509 Ubique
3116 4436 3495 4493 immoderatio
3600 4480 3603 4483 ι

1926 4528 2158 4584 exitiosa
2186 4538 2289 4584 est.
2330 4526 2466 4584 Dum
2496 4528 2717 4598 juvenis
2757 4544 2818 4584 es
2854 4536 2909 4585 et
2935 4542 3125 4592 sanus,
3155 4528 3365 4598 jejuna.
3393 4525 3497 4585 Ve-

1927 4619 2041 4674 niet
2068 4627 2323 4674 senectus
2346 4635 2469 4673 cum
2499 4619 2833 4677 infirmitate.
2864 4618 3117 4687 Quandiu
3149 4633 3278 4688 ergo
3311 4623 3489 4688 potes,

1928 4710 2238 4765 thesauriza
2276 4711 2342 4766 de
2371 4711 2534 4776 cibis,
2558 4720 2618 4765 ut
2649 4711 2868 4781 quando
2907 4726 3012 4767 non
3044 4710 3308 4780 potueris,
3341 4710 3491 4762 inve-

1928 4800 2050 4855 nias
2079 4802 2342 4870 requiem.

1996 4890 2084 4946 16.
2121 4892 2196 4963 (4)
2233 4891 2514 4948 Sententia
2555 4908 2773 4965 quoque
2808 4893 2984 4965 ipsius
3020 4891 3267 4948 exstitit:
3297 4890 3354 4945 In
3382 4903 3491 4945 cm-

311 5023 360 5056 "
389 5024 477 5081 Al.
514 5023 1005 5096 ἀκολουθήσαντας.
1073 5025 1120 5057 ⁷⁸
1154 5024 1286 5081 Luc.
1317 5041 1470 5090 xvm,
1505 5025 1572 5082 10
1608 5040 1767 5096 seqq.

1926 5022 2062 5080 Psal.
2096 5041 2253 5093 cxm,
2278 5025 2332 5081 8.
2407 5026 2451 5057 "
2485 5025 2685 5097 Ephes.
2719 5041 2792 5091 Iv,
2821 5024 2911 5081 26.

314 5140 426 5209 (95)
463 5141 866 5216 Mipnaagdr
891 5144 1184 5216 Τελώνην.
1213 5142 1328 5199 Hoc
1342 5143 1734 5216 Apophtltegma
1759 5150 1815 5199 et

241 5221 408 5280 caput
436 5212 593 5285 abest
635 5226 665 5265 a
724 5210 843 5285 Vita
876 5210 1232 5285 Syncleticw;
1264 5210 1723 5285 quemadmodum
1757 5222 1814 5269 et

244 5296 363 5346 qua:
390 5281 711 5336 tribuuntur
735 5283 785 5337 ei
815 5281 1103 5341 sententia:
1128 5284 1182 5340 in
1201 5281 1440 5339 Scholiis
1454 5286 1518 5340 ad
1548 5283 1809 5341 Joannem

245 5350 566 5415 Glimacnm,
595 5351 686 5416 76,
723 5350 932 5409 Gradus
950 5353 1002 5409 ις
1021 5363 1077 5410 et
1107 5355 1197 5417 62,
1230 5353 1440 5411 Gradus
1464 5354 1552 5409 26.

320 5420 427 5496 (90)
465 5419 666 5490 Δῆλον
691 5422 772 5488 ὠς
797 5423 917 5496 ἀπὸ
941 5426 1051 5491 τῆς
1071 5424 1456 5496 συμμετρίας.
1515 5423 1766 5496 Pelagius
1795 5440 1813 5496 ξ

258 5484 591 5567 μὰιιίίεειιιή
628 5500 705 5545 est
737 5484 861 5562 quia
901 5484 1428 5555 mediocﬁidteflti
1458 5484 1676 5567 qnippc'
1711 5492 1814 5565 legi

258 5572 388 5614 tneo
425 5561 607 5617 debet.

258 5572 310 5611 in
328 5574 388 5614 eo
425 5572 607 5615 debet.

321 5630 424 5702 (97)
466 5630 574 5684 Vit.
614 5631 770 5689 Patr.
802 5647 857 5696 κ,
888 5631 988 5698 70;
1022 5649 1097 5695 vn,
1129 5633 1220 5691 ει.
1263 5634 1366 5690 νει.
1391 5652 1446 5690 n.
1471 5634 1558 5689 57.

566 5722 825 5784 Parnm.
866 5723 984 5786 Gn.
1032 5724 1222 5785 LXV.

1992 5143 2107 5214 (98)
2154 5142 2265 5214 Yit.
2292 5143 2448 5200 Patr.
2482 5163 2571 5212 xv,
2607 5144 2695 5201 50.

1991 5213 2106 5285 (99)
2127 5213 2292 5285 “Vitae
2311 5229 2432 5285 cap.
2446 5216 2550 5285 A79.

1989 5281 2068 5354 (Et)
2088 5281 2096 5285 ⁷
2120 5281 2248 5354 (ius
2276 5281 2517 5354 capia.

1991 5351 2069 5426 (ε)
2119 5351 2452 5426 [ξιιε-ηίέϐ.

2018 5420 2072 5504 ξ)
2119 5420 3052 5504 itit-Pyra“;Viam-mn
3117 5488 3205 5504 ...
3269 5489 3301 5504 ..

1994 5488 2072 5565 μδ
2119 5488 2222 5545 Vit.
2269 5490 2424 5546 Patr.
2464 5506 2579 5562 xlv,
2606 5492 2672 5563 9;
2718 5490 2824 5549 Vit.
2870 5491 3054 5551 ε.100
3116 5488 3396 5549 Scholium
3424 5498 3490 5552 91

1959 5562 1991 5620 d
2019 5559 2183 5621 Grad.
2207 5560 2241 5616 4
2271 5560 2429 5617 Clim.

1924 5577 1991 5619 θα
2019 5577 2183 5619 ωαα.
2207 5577 2241 5616 4
2271 5577 2429 5617 unm.

3107 5716 3182 5777 ιιι
