4020 6202
305 277 419 332 623

1448 286 2058 348 APOPIITHEGMATA
2100 292 2410 351 PATRUM.

3467 313 3573 368 430

300 398 450 453 Ποία
482 396 634 450 ἐστὶν
682 396 714 466 ἠ
751 396 871 460 ὁδὸς
906 398 939 467 ἡ
973 395 1267 468 ἀπάγουσα
1296 401 1375 467 είς
1406 402 1506 475 τὴν
1539 407 1867 463 ταπείνωσιν

2011 426 2135 465 nam
2181 414 2265 468 via
2317 414 2384 469 ad
2432 413 2790 472 humilitatem
2819 420 3132 480 adduceret.
3183 426 3260 484 Ac
3296 438 3576 504 respondit

301 489 471 557 Λέγει
498 489 528 541 6
545 486 754 559 γέρων⁶
789 487 853 540 Ἢ
884 486 1004 553 ὁδὸς
1024 489 1126 560 τῆς
1151 492 1538 560 ταπεινώσεως
1561 496 1701 570 αὕτη
1730 501 1897 569 ἐστὶν,

2007 517 2216 558 senex:
2265 503 2391 561 llaec
2436 518 2518 562 est
2554 509 2639 561 via
2679 508 3040 581 humilitatis;
3107 503 3467 594 abstinentia,
3517 537 3577 588 et

305 578 603 649 ἐγκράτεια
622 617 638 640 ,
671 579 767 631 καὶ
795 579 929 650 εὐχὴ
953 621 969 642 ,
1004 581 1101 634 καὶ
1137 582 1201 636 τὸ
1247 582 1391 655 ἔχειν
1418 588 1612 643 ἑαυτὸν
1642 591 1876 646 ὐποκάτιι

2004 594 2207 659 oratio,
2248 607 2301 650 et
2334 612 2561 653 censere
2595 615 2655 655 se
2689 600 2833 656 intra
2869 618 3084 662 omnem
3114 622 3443 673 creaturam.

305 668 493 740 πάσης
514 668 618 739 τῆς
662 670 911 734 κτίσεως.

689 783 832 850 Περὶ
855 782 965 837 τοῦ
991 783 1141 841 ἀϐϐᾶ
1181 789 1478 858 Τιμοθέου.

392 893 707 965 Ὴρώτησεν
754 894 783 946 6
812 894 990 959 ἀδόᾶς
1028 897 1293 965 Τιμόθεος
1331 903 1361 955 6
1407 905 1777 978 πρεσϐύτερος
1801 908 1893 963 τον

302 983 477 1039 ἁόεᾶν
501 984 767 1056 Ποιμένα,
800 986 977 1055 λέγων
1000 1005 1015 1018 ·
1053 987 1209 1043 Ἔστι
1245 994 1381 1064 γυνή
1409 1011 1494 1059 τις
1524 996 1583 1049 ὲν
1610 998 1890 1069 Αἰγύπτῳ,

300 1075 426 1145 ἥτις
457 1072 735 1145 πορνεύει,
766 1075 864 1129 καὶ
886 1075 979 1128 τὸν
1009 1075 1200 1146 μισθὸν
1238 1080 1412 1151 αὐτῆς
1436 1082 1575 1137 διδοῖ
1594 1083 1893 1156 ἐλεημοσύ-

296 1182 417 1235 νην.
446 1166 557 1219 Ka‘t
580 1161 737 1219 εἶπεν
757 1165 984 1231 ὁ·ἀ66ᾶς
1010 1167 1223 1241 Ποιμήν
1239 1187 1253 1201 ⁸
1285 1172 1361 1225 Οὐ
1399 1175 1554 1243 μενεῖ
1582 1174 1640 1227 ἐν
1663 1178 1727 1247 τῇ
1751 1194 1887 1250 πορ-

293 1256 419 1327 νείᾳ
445 1271 460 1285 ⁸
504 1255 755 1325 φαίνεται
787 1257 896 1328 γὰρ
925 1259 985 1312 ὲν
1030 1260 1166 1332 αὐτῇ
1198 1262 1409 1334 καρπὸς
1438 1264 1697 1330 πίστεως.
1738 1268 1887 1338 Ἐγέ-

291 1363 421 1402 νετο
446 1348 505 1401 δὲ
532 1347 706 1402 ὲλθείν
730 1347 828 1419 τὴν
859 1348 1074 1422 μητέρα
1100 1350 1195 1405 τοῦ
1222 1354 1596 1429 πρεσϐυτέρου
1617 1361 1883 1431 Τιμοθέου

288 1438 438 1509 πρὸς
469 1438 652 1493 αὐτόν.
686 1440 795 1493 Ka’t
842 1440 1128 1513 ἠρώτησεν
1159 1444 1329 1516 αὐτὴν
1354 1485 1369 1509 ,
1409 1446 1583 1517 λέγων
1602 1467 1616 1480 ·
1668 1453 1882 1526 Ἐκείνη

289 1531 328 1600 ἠ
365 1528 505 1600 γυνὴ
551 1530 731 1601 ἔμεινε
769 1531 1145 1605 πορνεύουσα;
1191 1536 1257 1588 Ἦ
1296 1536 1354 1590 δὲ
1394 1537 1580 1607 λέγει’
1620 1542 1756 1596 Ναί’
1790 1548 1883 1600 καὶ

288 1620 607 1692 προσέθηκε
638 1624 760 1688 τοὺς
805 1624 1041 1696 ἐραστὰς
1095 1627 1264 1698 αὐτῆς
1288 1645 1303 1659 ο
1339 1630 1482 1702 πλὴν
1519 1633 1614 1687 καὶ
1659 1637 1740 1700 εἰς
1781 1638 1881 1710 τὴν

288 1711 685 1785 ἐλεημοσύνην.
718 1715 829 1768 Καὶ
874 1715 1196 1788 ἀνήγγειλεν
1224 1721 1254 1773 6
1299 1720 1475 1787 ἀὸὅᾶς
1507 1724 1772 1796 Τιμόθεος
1799 1729 1878 1801 τῷ

2508 794 2582 851 De
2613 797 2802 852 abbate
2828 798 3118 857 Timotheo.

2070 906 2428 979 Interrogavit
2478 911 2730 968 abbatem
2789 912 3103 972 Pmmencm
3159 918 3330 977 abbas
3387 924 3573 983 Timo-

1998 997 2158 1052 theus
2207 1000 2511 1070 presbyter,
2558 1004 2749 1060 dicens
2783 1020 2798 1057 :
2856 1005 2951 1061 Est
2980 1010 3178 1065 mulier
3217 1015 3458 1083 quaedam
3489 1020 3569 1073 'in

1995 1083 2266 1156 Egypto,
2300 1104 2422 1158 quae
2454 1098 2751 1155 scortatur,
2787 1095 3093 1152 mercedem
3147 1114 3277 1155 vero
3311 1118 3465 1157 suam
3513 1106 3569 1161 in

1995 1175 2396 1250 eleemosynam
2430 1183 2617 1238 tradit.
2645 1182 2948 1255 Respondit
2971 1189 3143 1246 abbas
3166 1189 3389 1251 Pcemen
3415 1194 3567 1252 :Non

1992 1266 2365 1332 perseverabit
2418 1269 2475 1323 in
2510 1269 2908 1341 fornicatione;
2946 1280 3285 1347 conspicitur
3317 1284 3476 1339 enim
3512 1287 3570 1342 in

1992 1368 2055 1408 ea
2095 1354 2309 1412 fructus
2337 1356 2485 1413 fidei.
2525 1359 2771 1434 Contigit
2793 1374 2974 1421 autem
3003 1376 3063 1423 ut
3098 1379 3272 1426 mater
3294 1371 3568 1433 Timothei

1993 1447 2296 1519 presbyteri
2330 1451 2541 1507 veniret
2580 1455 2649 1508 ad
2685 1456 2861 1513 illum.
2892 1457 2958 1513 Et
2988 1461 3304 1519 sciscitatus
3333 1476 3414 1521 est
3442 1483 3564 1524 eam

1990 1536 2077 1592 bis
2102 1539 2283 1595 verbis
2316 1557 2330 1593 :
2366 1540 2560 1597 Mulier
2592 1546 2708 1611 illa,
2756 1549 3027 1606 mansitne
3055 1550 3372 1613 fornicans?
3393 1558 3567 1616 Exce-

1987 1629 2068 1698 pit
2094 1628 2186 1684 illa
2220 1646 2235 1683 :
2293 1629 2503 1702 Etiam;
2539 1637 2800 1708 auxitque
2847 1648 3123 1699 amatores
3160 1660 3331 1703 suos:
3376 1665 3566 1708 verum

1987 1719 2056 1773 ad
2087 1721 2487 1797 eleemosynam
2545 1745 2783 1800 semper.
2831 1731 2969 1788 Tum
3018 1739 3352 1794 renuntiavit
3391 1743 3563 1802 abbas

466 1777 719 1877 Honpiivr.
759 1808 817 1862 Ὀ
845 1809 902 1862 δὲ
1108 1825 1123 1841 ·
1153 1811 1228 1864 υῦ
1254 1816 1405 1883 μενεῖ
1442 1777 1499 1869 ἐν

2546 1777 2783 1800 -,---,,--.
3018 1777 3352 1794 ...............
3391 1777 3563 1802 ...ινα

1990 1808 2306 1869 Timotheus
2345 1816 2530 1871 ab‘bati
2558 1817 2829 1877 Pcemeni.
2867 1824 2918 1878 Is
2965 1828 3224 1893 asseruit,
3278 1845 3389 1885 non
3436 1847 3563 1902 per-

301 1896 568 1950 Ἐλθοῦσα
590 1898 648 1951 δὲ
689 1898 849 1953 πάλιν
880 1901 914 1970 ἡ
947 1902 1133 1973 μήτηρ
1162 1902 1258 1956 τοῦ
1290 1904 1438 1960 ἅὸὁᾶ
1465 1908 1771 1979 Τιμοθέου,
1805 1909 1882 1967 εἴ·

283 2002 394 2041 πεν
427 1987 613 2059 αὺτῷ-
639 1985 797 2055 Οῐδας
826 1992 904 2044 ὃτι
946 1994 980 2063 ή
1030 1993 1204 2067 πόρνη
1248 1995 1436 2068 εκείνη
1476 2000 1660 2071 ἐζήτει
1708 2001 1881 2059 ὲλθεῖν

286 2079 416 2148 μετ’
449 2079 585 2150 ἐμοῦ
608 2121 624 2147 ,
674 2081 758 2136 ἵνα
798 2082 931 2156 εὕξη
967 2085 1110 2157 ὑπὲρ
1138 2086 1312 2159 αὐτῆς
1332 2090 1379 2122 ³⁵
1406 2106 1423 2155 ς
1466 2091 1523 2145 '0
1554 2092 1612 2146 δὲ
1641 2095 1881 2162 ἀκούσας

283 2169 581 2240 ἀνήγγειλε
606 2171 683 2244 τῷ
710 2174 856 2246 ἀὸὗᾷ
887 2176 1133 2247 Ποιμένι.
1158 2179 1327 2247 Λέγει
1353 2181 1532 2253 αὐτῷ’
1564 2185 1781 2242 Μᾶλλον
1813 2189 1878 2243 σὺ

280 2262 512 2327 ἄπελθε,
541 2264 634 2318 καὶ
659 2265 890 2339 σύντυχε
923 2268 1085 2341 αὐτῇ.
1122 2270 1236 2325 Καὶ
1262 2271 1505 2344 ἀπῆλθεν
1534 2276 1564 2328 6
1592 2277 1766 2341 esse;
1788 2280 1880 2333 Τι-

282 2352 513 2424 μόθεος,
559 2357 652 2409 καὶ
706 2359 998 2430 συνέτυχεν
1042 2360 1204 2434 αὐτῇ.
1248 2362 1312 2417 Ἦ
1358 2362 1417 2418 δὲ
1455 2365 1639 2421 ίδοῦσα
1690 2370 1875 2435 αὐτὸν,

283 2442 379 2497 καὶ
414 2443 701 2499 ἀκούσασα
732 2447 862 2519 παρ’
895 2446 1061 2502 αὐτοῦ
1088 2448 1183 2502 τὸν
1244 2449 1402 2519 λόγον
1425 2452 1520 2506 τοῦ
1556 2453 1714 2519 Θεοῦ,
1744 2472 1878 2510 κατ-

202 2540 221 2554 ⁶
278 2533 488 2606 ενύγη,
522 2536 618 2590 καὶ
644 2535 900 2605 ἔκλαυσε,
945 2538 1038 2594 καὶ
1066 2533 1219 2592 εἶπεν
1256 2541 1425 2611 αὐτῷ’
1464 2542 1607 2613 Ἐγὼ
1636 2543 1745 2598 ἀπὸ
1776 2544 1877 2614 τῆς

277 2627 526 2698 σήμερον
557 2628 984 2701 προσκολλῶμαι
1016 2628 1096 2701 τῷ
1143 2630 1297 2702 Θεῷ,
1345 2634 1439 2689 καὶ
1471 2633 1534 2688 οὐ
1577 2634 1875 2708 προσθήσω

274 2716 362 2769 ἔτι
396 2716 491 2770 τοῦ
520 2719 832 2790 πορνεύειν.
866 2721 974 2774 Καὶ
1001 2721 1205 2788 εὐθέως
1236 2721 1557 2778 εἰσελθοῦσα
1584 2724 1665 2788 είς
1706 2742 1875 2796 μονα-

275 2813 504 2885 στήριον
533 2815 873 2888 εὐηρέστησε
901 2816 980 2888 τῷ
1019 2816 1159 2889 Θεῷ.

733 2928 903 2999 Ἀρχὴ
930 2927 1025 2981 τοῦ
1061 2930 1107 2983 Υ
1135 2932 1426 3001 στοιχείου.

631 3034 772 3111 Πέρὶ
802 3041 912 3095 τοῦ
936 3041 1088 3098 ἀόϐᾶ
1126 3044 1503 3114 Ὑπερεχίου.

1983 1915 2298 1958 mansuram
2332 1906 2385 1961 in
2416 1911 2771 1967 scortatione.
2825 1912 3025 1970 lterum
3064 1920 3332 1978 accedens
3385 1935 3564 1983 mater

1982 1989 2198 2048 abbatis
2230 1992 2525 2064 Timothei,
2568 2000 2707 2067 dixit
2737 2002 2815 2057 illi
2846 2023 2861 2059 :
2903 2003 3098 2064 Scisne
3120 2011 3268 2081 quod
3300 2017 3561 2073 meretrix

1983 2080 2076 2136 illa
2103 2084 2320 2140 volebat
2346 2102 2561 2145 mecum
2607 2092 2923 2164 proficisci,
2960 2107 3019 2153 ut
3064 2080 3258 2161 orares
3308 2120 3408 2175 pro
3458 2108 3562 2166 ea?

1981 2172 2076 2261 ille
2103 2173 2364 2240 audiens,
2397 2179 2727 2251 significavit
2752 2185 2938 2242 abbati
2976 2187 3240 2247 Pterueni.
3282 2172 3387 2261 Qui
3436 2198 3514 2252 ait
3536 2216 3555 2255 :

1980 2260 2062 2319 Tu
2113 2267 2296 2337 potius
2324 2270 2450 2333 abi,
2483 2275 2715 2330 conveni
2770 2292 2913 2332 eam.
2958 2278 3205 2338 Perrexit
3253 2260 3426 2341 abbas
3458 2286 3557 2342 Τί·

1978 2357 2253 2426 motheus,
2293 2363 2575 2420 mulierem
2624 2367 2777 2424 adiit.
2802 2369 2935 2435 Quae
2962 2373 3080 2428 viso
3122 2388 3189 2429 eo
3212 2414 3229 2439 ,
3257 2378 3557 2450 auditoque

1977 2460 2075 2516 per
2108 2448 2260 2504 illuni
2291 2452 2456 2508 verbo
2484 2453 2600 2520 Dei,
2633 2468 2963 2529 compuncta
2991 2472 3076 2518 est
3112 2473 3168 2519 et
3196 2464 3364 2532 ﬂevit,
3390 2448 3555 2525 dixit-

1976 2554 2083 2608 que
2131 2540 2221 2594 ei:
2257 2540 2370 2611 Ego
2406 2544 2477 2600 ab
2523 2544 2791 2603 hodierna
2845 2549 2935 2606 die
2978 2551 3088 2608 Deo
3124 2552 3396 2625 adhaereo,
3453 2575 3554 2617 nec

1975 2628 2212 2698 amplius
2245 2633 2549 2689 scortabor.
2583 2636 2761 2708 Atque
2809 2639 2956 2695 illico
2993 2642 3238 2715 ingressa
3268 2646 3325 2701 in
3366 2664 3554 2707 mona-

1974 2719 2226 2787 sterium,
2264 2721 2374 2779 Deo
2404 2734 2690 2797 acceptam
2721 2730 2889 2784 vitam
2916 2730 3090 2789 duxit.

2434 2901 2774 2974 Principium
2805 2905 3000 2961 littera:
3030 2908 3094 2962 Υ.

2430 3016 2505 3071 De
2537 3016 2726 3073 abbate
2760 3017 3102 3089 Ilgperecltia.

347 3157 417 3205 a'.
451 3147 620 3205 Εἶπεν
646 3153 676 3203 6
702 3152 877 3217 ἀόὁᾶς
913 3153 1232 3225 ’Υπερέχιος
1257 3155 1390 3227 (12)·
1430 3155 1645 3227 Ὠσπερ
1677 3158 1707 3210 6
1731 3157 1870 3211 λέων

2044 3133 2096 3185 1.
2134 3132 2246 3201 (l3)
2283 3129 2426 3186 Dixit
2468 3131 2640 3188 abbas
2673 3132 3045 3204 Hyperechius
3078 3150 3097 3192 :
3132 3136 3287 3193 Sicut
3314 3138 3401 3196 leo
3439 3139 3549 3196 for-

271 3237 513 3311 φοῦερός
547 3242 659 3293 ἐστι
690 3244 803 3304 τοῖς
828 3242 1099 3313 ὁνάγροις,
1134 3242 1307 3308 οὕτως
1331 3245 1359 3297 6
1382 3243 1604 3318 δόκιμος
1639 3245 1871 3316 μοναχδς

269 3329 565 3401 λογισμοῖς
595 3331 893 3403 ἐπιθυμίας
922 3334 990 3388 ⁸³.

348 3420 421 3492 β’.
468 3418 605 3476 Εἷπε
640 3423 835 3477 πάλιν·
881 3424 945 3478 Ἦ
989 3426 1213 3497 νηστεία
1253 3427 1469 3498 χαλινός
1500 3430 1616 3483 ἐστι
1647 3429 1728 3500 τῷ
1771 3446 1869 3501 μο-

267 3515 431 3587 ναχῷ
461 3515 604 3585 μετὰ
651 3516 752 3586 τῆς
785 3518 1081 3589 ἁμαρτίας.
1136 3520 1196 3572 '0
1242 3519 1449 3590 ῥίπτων
1482 3521 1674 3593 αὐτὴν,
1704 3522 1871 3586 ἵππος

268 3603 600 3676 θηλυμανὴς
627 3605 964 3678 εὑρίσκεται.

340 3704 415 3766 γ’.
443 3693 579 3751 Εἷπε
616 3699 797 3753 πάλιν·
842 3700 900 3752 '0
933 3700 1006 3771 μὴ
1032 3702 1252 3772 κρατῶν
1270 3702 1317 3733 ⁸⁸
1344 3701 1596 3772 γλώσσης
1622 3702 1788 3758 αὐτοῦ
1811 3706 1867 3757 ὲν
1890 3692 1896 3698 ’

272 3790 461 3862 καιρῷ
488 3790 659 3862 ὀργῆς
682 3829 697 3855 ,
724 3792 847 3846 οὐδὲ
877 3792 1065 3845 παθῶν
1093 3795 1356 3865 κρατήσει
1382 3795 1411 3846 6
1444 3793 1702 3859 τοιοῦτος.

365 3967 430 4021 δ’.
468 3962 604 4021 Eine
648 3968 808 4024 πάλιν
829 3985 844 3999 ο
894 3967 1074 4021 Καλὸν
1128 3971 1322 4038 φαγεῖν
1381 3969 1521 4043 κρέα
1572 3972 1669 4025 καὶ
1724 3974 1865 4026 πιεῖν

267 4051 418 4112 οἶνον
443 4098 461 4123 ,
518 4058 614 4113 καὶ
670 4054 749 4128 μὴ
804 4063 1000 4130 φαγεῖν
1055 4062 1113 4113 ὲν
1160 4059 1518 4124 καταλαλιαῖς
1549 4062 1593 4093 ⁸τ
1656 4060 1866 4133 σάρκας

268 4150 549 4221 ἀδελφῶν.
1006 4228 1011 4233 Ξ

339 4250 405 4296 ε’.
452 4239 589 4295 Εἶπε
620 4243 814 4296 πάλιν*
853 4243 1158 4314 Ψιθυρίσας
1207 4244 1237 4296 ὁ
1277 4244 1401 4313 ὄψις
1454 4248 1552 4315 τὴν
1580 4242 1724 4297 Εὕαν
1767 4243 1863 4297 τοῦ

269 4332 607 4404 παραδείσου
646 4334 888 4400 ὲξέὁαλε.
923 4334 1124 4388 Τούτου
1150 4330 1243 4388 οὖν
1289 4337 1473 4407 ὅμοιος
1522 4335 1674 4389 ἔσται
1697 4336 1742 4367 ⁸⁸
1771 4337 1864 4389 καὶ

1972 3223 2247 3280 midabilis
2291 3232 2375 3279 est
2422 3224 2645 3293 onagris
2662 3224 2733 3291 ⁸⁸,
2764 3225 2837 3279 ita
2870 3226 3073 3296 probus
3120 3229 3422 3289 monachus
3452 3246 3550 3288 co-

1969 3314 2331 3387 gitationibus
2353 3315 2692 3386 cupiditatis.

2038 3401 2095 3455 2.
2132 3400 2244 3473 (14)
2263 3400 2409 3457 Dixit
2440 3404 2638 3459 iterum
2662 3421 2676 3457 :
2707 3402 3003 3475 Jejunium,
3022 3406 3235 3464 frenum
3254 3418 3341 3465 est
3363 3425 3551 3468 mona-

1969 3494 2075 3550 cho
2104 3495 2371 3552 adversus
2394 3507 2699 3568 peccatum.
2734 3497 2838 3566 Qui
2871 3501 3006 3556 illud
3035 3501 3249 3573 abiicit,
3281 3519 3457 3576 equus
3489 3507 3543 3565 in

1970 3586 2205 3644 feminas
2231 3588 2419 3645 furens
2451 3605 2576 3645 esse
2603 3590 3111 3660 deprehenditur”.

2041 3679 2092 3732 5.
2132 3679 2246 3750 (Ιὸ)
2285 3680 2500 3736 Rursus
2531 3679 2707 3736 dixit:
2732 3679 2837 3748 Qui
2868 3682 3108 3755 linguam
3134 3700 3290 3741 suam
3326 3689 3381 3744 in
3410 3697 3549 3745 tem«

1969 3784 2103 3841 pore
2133 3771 2229 3826 ira:
2263 3786 2370 3826 non
2401 3771 2760 3837 continuerit,
2791 3775 2839 3831 is
2885 3791 3064 3847 neque
3086 3778 3316 3836 allectus
3344 3784 3548 3840 retine-

1969 3864 2066 3918 bit.

2037 3957 2092 4011 ι.
2133 3956 2248 4029 (l6)
2289 3956 2437 4013 Dixit
2474 3957 2691 4014 adhuc:
2734 3959 2941 4016 Bonum
2972 3965 3077 4030 est,
3113 3963 3399 4022 comedere
3422 3980 3546 4021 car-

1967 4065 2092 4105 nem
2120 4058 2176 4105 et
2199 4050 2388 4106 bibere
2409 4051 2619 4117 vinum,
2649 4067 2751 4108 nec
2783 4053 3114 4110 manducare
3139 4070 3237 4127 per
3285 4056 3539 4129 obioquia

1940 4164 1947 4167 τ
1962 4156 2163 4196 carnes
2193 4142 2446 4198 fratrum.

2035 4231 2087 4285 5.
2129 4232 2238 4304 (l7)
2268 4232 2352 4288 Ab
2377 4249 2444 4290 eo
2470 4235 2634 4289 etiam
2662 4233 2868 4289 dictum
2896 4234 3000 4290 fuit
3032 4253 3045 4289 :
3071 4235 3178 4292 Per
3207 4241 3546 4295 susurratio-

1965 4338 2091 4378 nem
2120 4338 2346 4395 serpens
2380 4324 2545 4379 Evam
2571 4342 2601 4380 e
2639 4326 2894 4396 paiadiso
2929 4330 3157 4399 expulit.
3203 4329 3282 4386 Illi
3308 4347 3436 4404 ergo
3466 4335 3539 4389 sl-

266 4428 300 4479 6
318 4423 647 4479 καταλαλῶν
674 4424 769 4477 τοῦ
794 4425 1023 4495 πλησίον
1044 4444 1057 4457 ·
1080 4425 1178 4498 τὴν
1200 4427 1309 4499 γὰρ
1333 4426 1509 4499 ψυχὴν
1531 4427 1624 4480 τοῦ
1645 4428 1864 4481 ἀκούον-

1990 4415 2114 4470 nilis
2143 4417 2248 4471 erit
2286 4418 2379 4488 qui
2414 4417 2483 4472 de
2512 4419 2763 4488 proximo
2785 4418 3053 4475 detrahet.
3078 4419 3213 4476 Nam
3236 4430 3291 4478 et
3320 4424 3542 4481 audien-

266 4531 367 4578 τος
397 4512 675 4578 ἀπολλύει,
707 4516 802 4569 καὶ
835 4514 932 4588 τὴν
967 4517 1163 4572 ἑαυτοῦ
1200 4518 1264 4571 οὐ
1300 4516 1572 4582 διασώζει.

348 4610 427 4670 ς’.
465 4600 601 4659 Eine
628 4606 824 4659 πάλιν*
860 4607 1146 4680 Θησαυρὸς
1187 4611 1306 4663 ἐστι
1354 4608 1588 4680 μοναχοῢ
1633 4611 1666 4680 ή
1704 4610 1862 4664 ἑκού-

267 4714 397 4761 σιος
421 4698 795 4772 ἁκτημοσύνη.
831 4699 1173 4773 Θησαύρισον
1192 4743 1207 4766 ,
1239 4701 1435 4771 ἀδελφὲ
1457 4741 1474 4767 ,
1512 4704 1570 4756 ὲν
1602 4703 1815 4773 οὐρανῷ
1845 4720 1858 4733 ·

265 4787 577 4860 ἀπέραντοι
600 4787 712 4860 γὰρ
738 4789 841 4859 τῆς
870 4790 1232 4855 ἀναπαύσεως
1256 4791 1305 4844 οξ
1337 4789 1551 4853 αἰῶνες.

340 4963 412 5027 ζ’.
441 4961 576 5017 Εἷπε
611 4966 805 5019 πάλιν·
849 4969 914 5021 Ἡ
949 4968 1245 5040 nosmet;
1276 4985 1370 5023 σου
1398 4968 1692 5033 διαπαντὸς
1719 4969 1863 5024 ἔστω

347 5114 397 5149 ⁸⁵
421 5117 508 5173 Al.
542 5119 669 5174 add.
703 5122 799 5175 atat
825 5122 886 5175 οὐ
918 5124 1312 5249 κατεδεξάΐιην.
1406 5125 1453 5156 ⁸⁸
1483 5123 1876 5197 Α1.ήδυπαθείο

347 5204 445 5242 ειν.
523 5188 569 5221 ⁸⁸
593 5189 759 5246 Eccli.
785 5208 904 5249 xm.
927 5192 1018 5248 25.
1089 5194 1135 5226 ⁸⁸
1202 5211 1281 5249 er.
1314 5211 1368 5249 v.
1396 5195 1451 5249 8.

2031 5126 2081 5159 ⁸⁸
2100 5128 2184 5183 Al.
2221 5140 2392 5198 prmp.
2432 5126 2685 5198 μοναχὰς.

1202 5211 1281 5250 8f.
1314 5211 1368 5258 ν,
1396 5211 1451 5250 δ.
2078 5254 2087 5263 ,

264 5189 445 5242 ἐστιν.
523 5188 569 5221 ⁸⁸
593 5189 759 5246 Eccli.
785 5208 904 5259 xm,
927 5192 1018 5248 25.
1089 5188 1135 5226 ’δ
1172 5188 1281 5250 lar.
1314 5211 1368 5258 v,
1396 5195 1451 5250 8.

345 5339 463 5424 (ιει
515 5341 872 5424 Ύπερέχιος.
891 5344 1455 5424 "ijypcrechiihujns
1492 5352 1731 5424 capitula
1765 5368 1865 5424 p.1-

266 5411 811 5490 rgneticanascetrca
851 5411 1296 5490 publicavit
1352 5411 1865 5490 Fracmubeiisi'us,

273 5481 358 5565 vir
410 5482 869 5565 eruditissimus,
898 5481 1154 5565 Αιιὸιανρο
1203 5489 1418 5565 ultimo.
1458 5489 1517 5546 In
1548 5494 1617 5547 iis
1654 5481 1867 5565 Αροριιί

273 5552 548 5628 magmate
587 5555 693 5608 ista
744 5571 840 5611 seu
873 5558 1161 5614 sententia:
1191 5560 1579 5628 continentur,
1620 5552 1866 5621 numeris

274 5635 416 5690 quos
450 5623 595 5676 intra
622 5634 898 5682 notamus.
1264 5679 1268 5684 .

345 5691 460 5762 (13)
514 5691 618 5747 Vit.
659 5693 814 5750 Patr.
847 5712 920 5754 Iv.
956 5697 1064 5764 45;
1091 5696 1377 5767 Hyperech.
1410 5715 1465 5754 ιι.
1501 5701 1589 5757 66.

1964 4508 2037 4562 tis
2072 4508 2308 4561 animam
2352 4508 2556 4581 perdit,
2594 4518 2649 4564 et
2674 4525 2829 4565 suam
2864 4526 2972 4566 non
3000 4524 3307 4569 conservat.

2037 4600 2091 4655 6.
2131 4600 2243 4672 (18)
2286 4599 2401 4656 Hoc
2432 4616 2653 4673 quoque
2673 4602 2878 4657 dictum
2911 4606 3136 4674 protulit
3171 4624 3186 4660 :
3220 4603 3545 4667 Thesaurus

1967 4692 2221 4747 monachi
2254 4701 2338 4748 est
2367 4693 2673 4748 voluntaria
2699 4705 3009 4763 paupertas.
3041 4693 3382 4751 Thesaurum
3408 4714 3542 4754 con-

1964 4802 2113 4858 gere,
2136 4785 2332 4851 frater,
2365 4786 2420 4841 in
2449 4786 2612 4841 etelo.
2648 4784 2763 4838 Illic
2805 4784 2951 4840 enim
2994 4785 3207 4842 inﬁnita
3237 4789 3437 4859 quietis
3488 4798 3543 4845 et

1964 4876 2324 4932 beatitudinis
2347 4877 2570 4932 saecula.
3156 4882 3159 4883 ⁷

2040 4969 2094 5025 7.
2144 4968 2256 5041 {19)
2313 4968 2439 5024 Haec
2493 4969 2699 5038 pariter
2756 4967 2933 5040 ipsius
2974 4971 3249 5025 sententia
3295 4971 3542 5027 exstitit:

2787 5127 2833 5160 ⁸⁷
2872 5127 2962 5181 Al.
2986 5126 3307 5200 καταλαλιᾷ.
3382 5127 3430 5160 ⁸⁸
3453 5128 3537 5185 Ai.

2063 5356 2149 5427 ii)
2202 5356 2305 5427 ιζει.
2344 5356 2499 5427 Patr.
2526 5373 2601 5421 Ir,
2630 5357 2732 5424 66;
2766 5357 3053 5427 Hyperech.
3082 5374 3137 5414 ιι.
3181 5357 3269 5414 80.

2343 5426 2503 5500 Patr.
2543 5443 2618 5492 tv,
2649 5428 2752 5500 69;
2779 5425 3069 5500 Hyperech.
3108 5445 3161 5482 ιι.
3186 5429 3275 5500 97.

2064 5495 2150 5568 lfj)
2198 5495 2303 5568 lit.
2338 5495 2490 5568 I_’atr.
2529 5513 2611 5561 ιιι,
2645 5497 2781 5565 134ς
2808 5495 3094 5568 Hyperech.
3127 5515 3181 5552 n.
3214 5496 3335 5553 144.

2035 5563 2147 5638 (ιῖ)
2198 5563 2300 5638 [in
2340 5566 2491 5638 Eutr.
2530 5583 2603 5633 tv,
2634 5568 2737 5638 52;
2769 5563 3059 5638 Hyperech.
3090 5585 3145 5623 ιι.
3177 5569 3299 5625 155.

2040 5632 2153 5709 αξ)
2200 5632 2309 5709 χιι.
2338 5633 2491 5709 Eutr.
2519 5652 2592 5699 ﬂ,
2630 5635 2728 5709 id;
2761 5632 3050 5709 ijereeh.
3081 5656 3134 5694 ιι.
3163 5639 3267 5709 i0,
3303 5636 3393 5696 Η.

2040 5638 2132 5695 (18
2204 5638 2309 5688 Vit.
2338 5638 2491 5694 Patr.
2519 5652 2592 5699 rt,
2630 5638 2728 5704 id;
2761 5638 3050 5709 Hypereeh.
3081 5656 3134 5694 ιι.
3163 5639 3267 5702 40,

2038 5638 2153 5775 (1θῖ
2200 5703 2304 5758 Vit.
2339 5703 2490 5762 Patr.
2527 5722 2602 5773 xi,
2632 5708 2736 5775 35;
2774 5708 3062 5781 Hyperech.
3103 5727 3160 5767 ιι.
3193 5708 3287 5764 26.
