4020 6196
283 258 403 315 435

1431 267 2038 328 APOPHTHEGMATA
2079 272 2383 333 PATBUM.

3431 258 3535 350 λεὶ

281 369 470 423 Ὅπου
500 365 571 436 εἷ,
597 368 779 434 καλῶς
810 366 881 428 εἴ.
910 372 1014 428 Καὶ
1033 374 1237 440 εὐθέως
1263 379 1359 432 σὺν
1385 380 1464 451 τῷ
1485 381 1650 455 λόγῳ,
1670 386 1850 457 εὑρέθτ

1970 388 2119 442 verbi
2154 388 2512 456 proferretur,
2538 386 2777 443 delatum
2824 408 2883 448 se
2922 370 3278 467 deprehendit
3306 410 3433 457 ante
3455 404 3535 457 fo-

283 460 403 529 πρδ
427 459 535 513 τῶν
562 459 743 532 θυρῶν
772 465 872 533 τῆς
898 464 1057 534 ἁγίας
1091 467 1414 541 Ἐκκλησίας
1434 473 1543 526 τῶν
1572 474 1868 545 όρθοδόξων

282 548 403 601 τῶν
432 548 725 603 συναδικῶν
751 550 860 622 (23)
873 591 888 605 .

366 638 431 708 β’.
458 634 595 692 Εἷπε
628 641 789 694 πάλιν
821 645 850 695 6
888 643 1064 708 ἀδόἄς
1098 647 1322 729 Φωκᾶςρ
1366 652 1447 705 ὅτι
1473 654 1759 709 Μετελθὼν
1788 659 1868 722 είς

289 730 491 799 Σκῆτιν
522 732 553 784 6
577 730 752 796 ἀσσᾶς
790 733 1082 804 Ἰάκωϐος,
1116 740 1427 814 ἐπολεμήθη
1461 747 1738 816 κραταιῶς
1764 748 1869 801 ὑπὸ

288 820 384 873 τοῦ
423 820 682 892 δαίμονος
709 824 810 895 τῆς
846 827 1104 897 πορνείας
1125 846 1141 862 σ
1181 831 1276 884 καὶ
1304 832 1470 901 ἐγγὺς
1515 834 1591 890 ὣν
1620 836 1716 889 τοῦ
1750 854 1866 892 κιν-

284 913 565 979 δυνεῦσαι,
585 911 721 985 ἦλθε
750 917 888 987 πρὸς
919 918 987 989 μὲ
1004 958 1019 983 ,
1050 921 1147 974 καὶ
1167 922 1387 977 ἀνέθετο
1413 925 1483 979 τὰ
1507 926 1629 980 καθ’
1650 929 1864 994 ἑαυτὸν,

284 1006 382 1055 καὶ
410 1002 562 1070 λέγει
588 1020 712 1074 μοι·
751 1006 847 1070 El;
873 1007 992 1061 τόδε
1025 1009 1087 1063 τὸ
1118 1010 1382 1083 σπήλαιον
1418 1013 1728 1086 ἀπέρχομαι
1761 1018 1868 1072 ἀπὸ

279 1094 387 1162 τῆς
411 1094 707 1167 δευτέρας⁸
740 1099 1045 1169 παρακαλῶ
1070 1100 1128 1154 δέ
1160 1118 1219 1155 σε
1249 1102 1337 1158 διὰ
1379 1104 1469 1159 τὸν
1504 1106 1739 1179 Κύριον,
1769 1126 1868 1181 μη-

276 1186 398 1239 δενὶ
438 1189 613 1241 εἰπεῖν
636 1229 653 1254 ,
711 1191 850 1261 μηδὲ
882 1190 963 1263 τῷ
1020 1194 1187 1265 πατρί
1232 1212 1334 1265 μου
1360 1212 1371 1226 ·
1422 1197 1559 1252 ἀλλὰ
1597 1199 1865 1272 μέτρησον

278 1279 696 1351 τεσσαράκοντα
727 1283 943 1354 ἡμέρας
963 1323 977 1347 ,
1004 1286 1099 1339 καὶ
1125 1287 1253 1341 ὅταν
1274 1288 1623 1361 πληρωθῶσι,
1643 1293 1865 1365 ποίησον

277 1371 530 1440 ἁγάπην,
566 1373 659 1426 καὶ⁵
686 1372 845 1445 δεῦρο
874 1376 1012 1446 πρὸς
1043 1377 1110 1447 μὲ
1134 1377 1419 1447 βαστάζων
1439 1380 1538 1452 τὴν
1576 1383 1738 1453 ἁγίαν
1759 1400 1864 1436 κοι-

280 1462 503 1515 γωνίαν.
540 1464 648 1518 Kal
676 1466 728 1517 εί
762 1465 861 1535 μὲν
890 1466 1058 1540 εὕρῃς
1094 1484 1162 1539 με
1197 1470 1447 1536 θανόντα,
1476 1471 1646 1543 θάψον
1690 1492 1786 1547 με·
1813 1478 1863 1530 εί

277 1551 340 1603 δὲ
376 1551 456 1605 ἔτι
487 1552 697 1620 ζῶντα,
747 1556 835 1610 ἵνα
871 1558 1158 1628 μεταλάδω
1203 1562 1303 1631 τῆς
1348 1562 1508 1630 ἁγίας
1557 1568 1860 1631 κοινωνίας.

280 1643 475 1698 Ταῦτα
505 1640 599 1697 οὖν
649 1645 890 1710 ἀκούσας
923 1647 1032 1716 ἐγὼ
1082 1649 1211 1721 παρ’
1244 1651 1408 1705 αὑτοῦ
1435 1693 1450 1717 ,
1484 1653 1864 1729 πληρωθείσης

1971 493 2061 533 res
2093 487 2297 533 sancta:
2335 477 2595 536 Ecclesiae
2634 482 3064 540 orthodoxorum
3098 490 3290 560 synodi
3326 491 3538 550 Chalce-

1969 569 2216 624 donensis
2244 569 2635 626 defensorum:

2037 658 2092 712 2.
2136 658 2458 715 Memoravit
2510 663 2704 717 iterum
2740 664 2908 719 abbas
2943 663 3195 724 Phocas:
3238 670 3532 729 Transiens

1969 747 2262 816 aliquando
2303 763 2401 818 per
2455 748 2657 805 Scetim
2707 753 2876 808 abbas
2922 752 3179 825 Jacobus,
3218 762 3393 816 valide
3434 763 3532 817 imi

1968 848 2243 907 pugnatus
2269 848 2354 894 est
2392 855 2421 893 a
2452 840 2697 898 daemone
2730 843 3148 917 fornicationis;
3186 867 3418 923 cumque
3443 870 3535 924 pe~

1968 928 2143 982 riculo
2179 930 2365 1000 lapsus
2385 934 2665 1001 proximus
2694 943 2861 1000 esset,
2881 939 3027 991 venit
3051 939 3116 994 ad
3149 956 3256 1006 me,
3284 950 3535 1014 exposuit

1967 1019 2094 1088 quid
2125 1030 2419 1089 pateretur,
2447 1033 2500 1077 et
2533 1024 2606 1077 ait
2633 1043 2644 1077 :
2688 1025 2819 1080 Post
2863 1028 3087 1083 biduum
3131 1032 3445 1101 proficiscar
3468 1037 3533 1089 ad

1966 1108 2279 1177 Speluncam
2321 1110 2498 1176 lianc;
2547 1127 2677 1182 rogo
2726 1122 2778 1169 te
2828 1126 3053 1185 propter
3106 1118 3420 1190 Dominum,
3469 1140 3536 1181 ne

1965 1198 2219 1268 cuiquam
2256 1199 2611 1269 iudicaveris,
2646 1219 2823 1274 neque
2858 1208 3022 1262 etiam
3073 1213 3215 1280 patri
3245 1229 3405 1269 meo:
3442 1217 3535 1272 sed

1964 1302 2191 1344 recense
2245 1281 2607 1363 quadraginta
2661 1294 2820 1365 dies;
2862 1307 2983 1368 post
3023 1316 3161 1369 quos
3208 1289 3534 1375 completos,

1963 1377 2049 1432 fac
2070 1379 2416 1448 charitatem,
2450 1384 2575 1437 veni
2604 1383 2671 1437 ad
2699 1401 2804 1450 me,
2831 1398 3057 1456 portans
3098 1402 3347 1448 sanctam
3380 1411 3535 1451 com-

1963 1468 2301 1523 munionem.
2342 1469 2409 1525 Et
2451 1471 2501 1526 si
2554 1474 2774 1543 quidem
2815 1476 3089 1536 inveneris
3126 1492 3423 1552 mortuum,
3456 1498 3535 1542 se-

1963 1558 2194 1628 pultura:
2224 1563 2457 1629 manda;
2499 1564 2586 1619 sin
2623 1580 2754 1620 vero
2788 1567 2966 1623 adhuc
2998 1572 3267 1630 viventem
3289 1615 3304 1639 ,
3343 1589 3533 1635 sancta

1963 1653 2350 1708 communione
2385 1668 2474 1709 me
2506 1656 2748 1727 imperti.
2777 1659 2872 1715 llis
2898 1662 3083 1734 itaque
3111 1666 3180 1722 ab
3211 1682 3276 1728 eo
3305 1669 3531 1740 auditis,

279 1734 385 1802 τῆς
422 1738 866 1807 τεσσαρακοστῆς
884 1781 898 1803 ,
919 1737 1099 1793 λαϐὼν
1126 1741 1226 1812 τὴν
1251 1742 1411 1810 ἁγίαν
1433 1746 1735 1812 κοινωνίαν,
1766 1752 1850 1803 κα]

1963 1753 2177 1795 necnon
2205 1745 2567 1816 quadraginta
2608 1747 2800 1806 diebus
2827 1754 3099 1820 peractis,
3133 1772 3233 1827 ego
3259 1760 3534 1831 accipiens

276 1826 453 1895 ἄρτον
502 1828 681 1881 κοινὸν
714 1829 949 1900 καθαρὸν
1004 1832 1141 1901 μετὰ
1191 1834 1371 1902 ὀλίγου
1403 1837 1545 1890 οἴνου
1570 1878 1585 1902 ,
1619 1840 1859 1909 ἀπῆλθον

278 1914 428 1981 πρὸς
481 1916 642 1969 αὐτόν
667 1935 680 1949 ·
728 1920 820 1974 καὶ
849 1920 924 1984 ὼς
959 1921 1117 1991 μόνον
1144 1924 1448 1994 ἐπλησίασα
1478 1927 1556 1998 τῷ
1588 1929 1855 2003 σπηλαίῳ,

278 2006 559 2070 δυσωδίας
609 2008 803 2080 πολλῆς
844 2010 1172 2085 ὠσφράνθην
1197 2056 1212 2081 ,
1242 2016 1363 2087 ἥτις
1402 2021 1617 2088 ἐγένετο
1657 2023 1721 2075 ἐκ
1761 2023 1856 2077 τοῦ

282 2096 554 2165 στόματος
589 2099 772 2155 αὐτοῦ.
816 2103 924 2155 Kal
950 2099 1102 2157 εἶπον
1125 2107 1183 2160 ὲν
1208 2107 1406 2180 ἑαυτῷ,
1438 2110 1517 2164 ὅτι
1560 2113 1794 2185 Ἀνεπάη
1827 2116 1858 2168 6

281 2188 578 2257 μακάριος.
605 2190 873 2247 Εἰσελθὼν
894 2194 951 2247 δὲ
974 2196 1112 2267 πρὸς
1142 2199 1325 2264 αὑτὸν,
1360 2196 1518 2271 εὗρον
1546 2204 1707 2257 αὑτὸν
1735 2201 1857 2275 ἡμι-

275 2276 438 2349 θανῆ.
472 2280 581 2332 Kal
607 2280 684 2344 ὠς
708 2277 816 2335 εἶδέ
845 2300 934 2353 με,
964 2286 1192 2356 κινήσας
1223 2286 1322 2358 τὴν
1352 2288 1533 2354 δεξιὰν
1560 2293 1717 2363 χεῖρα
1743 2294 1855 2347 ὀλί-

275 2384 376 2447 γον
403 2410 419 2434 ,
459 2371 585 2423 ὅσον
620 2370 852 2441 ἠδύνατο
876 2411 891 2436 ,
923 2374 1162 2445 ὲσήμανε
1209 2376 1296 2431 διὰ
1325 2379 1420 2431 τοῦ
1445 2382 1723 2451 σχήματος
1755 2385 1855 2455 τῆς

272 2462 462 2532 χειρὸς
501 2464 768 2534 περὶτῆς
815 2464 975 2533 ἁγίας
1024 2470 1327 2533 κοινωνίας.
1368 2470 1508 2539 Ἐγὼ
1555 2474 1613 2527 δὲ
1663 2471 1850 2529 εἷπον·

275 2554 451 2621 Ἐχω.
492 2554 773 2625 Ἠθέλησα
815 2552 908 2610 οὖν
956 2557 1160 2623 ἀνοῖξαι
1208 2561 1269 2614 τὸ
1316 2562 1489 2632 στόμα
1527 2564 1690 2617 αὐτοῦ
1711 2606 1725 2629 ,
1758 2568 1854 2620 καὶ

268 2644 475 2717 εὑρέθη
511 2646 822 2717 σφηνωθέψ
849 2649 941 2701 καὶ
969 2650 1188 2721 ἀπορῶν
1225 2651 1277 2704 τί
1325 2654 1581 2724 ποιῆσαι,
1629 2655 1852 2728 ἐξῆλθον

270 2738 357 2799 είς
384 2736 485 2805 τὴν
521 2737 745 2808 ἔρημον,
782 2738 876 2792 καὶ¹
898 2733 1053 2809 εὗρον
1084 2740 1335 2811 ξυλάριον
1362 2744 1471 2797 ἀπὸ
1492 2745 1695 2816 θάμνου
1721 2765 1733 2779 ’
1757 2750 1851 2803 καὶ

270 2825 449 2879 πολλὰ
493 2829 797 2893 κοπιάσας,
845 2828 996 2900 μόλις
1039 2830 1309 2903 ἠδυνήθην
1343 2836 1547 2901 ἀνοῖξαι
1577 2837 1638 2891 τὸ
1677 2839 1850 2910 στόμα

268 2918 441 2970 αὑτοῦ
477 2911 701 2989 μικρόν.’
732 2921 843 2974 Kal
891 2922 1081 2993 ὲνέχεα
1125 2924 1217 2977 τοῦ
1244 2926 1427 2997 τιμίου
1475 2927 1725 3000 σώματος
1757 2933 1850 2987 καὶ

268 3009 506 3079 αἵματος
533 3049 548 3073 ,
585 3011 710 3064 ὅσον
767 3011 1041 3083 ἐνδέχεται
1093 3015 1502 3082 καταλεπτύνας
1553 3020 1707 3076 αύτό.
1737 3021 1849 3076 Kal

268 3100 434 3154 ἔλαϐε
461 3100 688 3172 δύναμιν
728 3104 792 3156 ἐκ
817 3104 916 3177 τῆς
945 3106 1296 3180 μεταλήψεως
1323 3111 1422 3180 τῆς
1461 3112 1624 3180 ἁγίας
1655 3131 1845 3168 κοινω-

266 3191 414 3254 νίας.
440 3192 550 3245 Kal
583 3194 721 3262 μετ’.
746 3194 921 3263 ὀλίγον
973 3197 1170 3269 βρέξας
1203 3198 1357 3269 ὀλίγα
1387 3201 1544 3274 ψιχία
1571 3204 1618 3236 ³⁸
1656 3206 1722 3259 ὲκ
1748 3205 1846 3260 τοῦ

267 3280 458 3333 κοινοῦ
490 3280 654 3352 ἄρτου
679 3321 693 3346 ,
745 3286 1094 3356 προσήνεγκα
1141 3288 1319 3360 αύτῷ·
1360 3293 1455 3346 καὶ
1508 3294 1626 3363 μετ’
1670 3293 1849 3363 ὀλίγον

266 3370 437 3425 πάλιν
464 3370 599 3424 ἄλλα
624 3415 639 3439 ,
674 3372 798 3426 καθ’
835 3373 864 3427 6
886 3375 1117 3444 ἠδύνατο
1165 3377 1369 3436 λαϐεῖν.
1400 3380 1511 3434 Καὶ
1541 3381 1712 3446 οὕτως
1759 3382 1847 3440 διὰ

266 3461 377 3529 τῆς
426 3461 645 3531 χάριτος
696 3460 788 3515 τοῦ
817 3462 954 3515 Θεοῦ
1008 3464 1147 3533 μετὰ
1185 3465 1315 3535 μίαν
1347 3466 1556 3538 ἡμέραν
1591 3469 1688 3521 σὺν
1724 3470 1847 3539 ἐμοὶ

216 3547 458 3620 ἦλθεν.
494 3551 693 3605 ὁδεύων
730 3553 823 3605 ἐπὶ
853 3553 914 3606 τὸ
960 3553 1087 3606 ἴδιον
1111 3554 1318 3607 κελλίον
1341 3596 1356 3619 ,
1387 3555 1720 3625 ἀπαλλαγεὶς
1753 3559 1848 3613 σὺν

261 3642 393 3713 Θεῷ
419 3642 512 3695 τοῦ
541 3642 785 3714 ὀλεθρίου
808 3644 1014 3709 πάθους
1039 3646 1140 3715 τῆς
1163 3646 1438 3717 πορνείας.

651 3758 791 3825 Περὶ
819 3758 927 3812 τοῦ
963 3757 1114 3813 ἁϐϐᾶ
1140 3759 1354 3812 Φίλικα
1384 3760 1452 3813 ’⁷.

336 3869 655 3941 Παρέϐαλον
682 3870 901 3939 ἀδελφοὶ
929 3872 1064 3942 πρὸς
1090 3872 1181 3925 τὸν
1204 3871 1378 3925 ἀόὄᾶν
1394 3872 1606 3936 Φίλικα,
1633 3873 1847 3944 ἔχοντες

265 3960 394 4032 μεθ’
447 3961 655 4014 ἑαυτῶν
715 3961 1041 4032 κοσμικούς·
1100 3962 1195 4014 καί
1248 3962 1630 4034 παρεκάλεσαν
1660 3962 1842 4028 αὑτὸν,

261 4056 360 4106 ἴνα
407 4054 537 4127 εἴπῃ
568 4055 750 4117 αὐτοῖς
789 4053 965 4122 λόγον.
1009 4053 1067 4107 '0
1109 4054 1165 4107 δὲ
1202 4054 1380 4124 γέρων
1439 4052 1671 4109 ἐσιώπα.
1722 4055 1845 4109 Ἐπὶ

258 4143 405 4198 πολῦ
433 4144 491 4198 δὲ
522 4144 982 4216 παρακαλούντων
1015 4145 1213 4209 αὐτῶν,
1246 4139 1398 4197 εἶπεν
1424 4146 1608 4210 αὐτοῖς
1628 4161 1642 4174 '
1673 4145 1845 4215 Λόγον

258 4234 454 4288 θέλετε
485 4233 746 4300 ἀκοῦσαι;
786 4235 1049 4303 Λέγουσιν
1089 4234 1270 4306 αὐτῷ’
1311 4236 1439 4299 Nal,
1481 4235 1643 4291 ἀ66ᾶ.
1677 4232 1845 4289 Εἶπεν

256 4322 359 4379 οὖν
388 4327 418 4378 6
442 4324 649 4395 γέρωνθ
696 4327 857 4396 Ἀρτι
895 4327 996 4380 ούκ
1027 4326 1107 4379 ένι
1137 4327 1312 4395 λόγος.
1354 4328 1481 4381 Ὅτε
1515 4328 1743 4401 ἠρώτων
1792 4333 1843 4385 οί

1959 1845 2170 1885 sacram
2195 1837 2658 1903 communionem,
2685 1848 2740 1894 et
2774 1856 2968 1912 panem
3000 1860 3347 1904 communem
3372 1867 3533 1906 mun—

1957 1922 2108 1987 dum,
2149 1938 2273 1978 cum
2320 1927 2448 1981 vino
2484 1926 2722 1996 modico,
2778 1934 2844 1988 ad
2899 1952 3024 1991 eum
3076 1942 3328 2009 perrexi;
3367 1951 3534 2013 utque

1956 2014 2221 2069 duntaxat
2253 2019 2683 2090 appropinquavi
2717 2026 3008 2094 speluncae,
3037 2029 3261 2087 fetorem
3296 2034 3529 2089 multum

1956 2104 2150 2169 olfeci,
2197 2108 2290 2176 qui
2338 2124 2403 2164 ex
2457 2125 2551 2166 ore
2581 2113 2701 2182 ejus
2750 2115 3021 2185 prodibat.
3053 2118 3194 2175 Tum
3235 2121 3347 2176 dixi
3388 2125 3529 2193 apud

1955 2210 2042 2250 me
2077 2194 2313 2253 :Vivere
2345 2198 2511 2253 desiit
2541 2201 2735 2258 beatus
2776 2204 2885 2259 ille.
2915 2203 3088 2262 Porro
3123 2208 3423 2280 ingressus,
3449 2214 3531 2267 in-

1954 2285 2076 2338 veni
2126 2286 2562 2346 semimortuum.
2595 2291 2840 2362 Cumque
2889 2296 3025 2350 vidit
3073 2314 3181 2364 me,
3235 2310 3381 2355 mota
3434 2318 3533 2374 pa-

1954 2390 2176 2445 rumper
2204 2377 2350 2447 quod
2400 2386 2615 2449 poterat
2655 2382 2883 2448 dextra,
2930 2403 3026 2456 per
3059 2388 3301 2446 habiturn
3336 2408 3531 2451 manus

1954 2467 2283 2535 signiﬁcavit
2316 2470 2384 2525 de
2413 2482 2603 2527 sancta
2643 2479 3048 2535 communione.
3089 2480 3200 2552 Ego
3221 2499 3350 2539 vero
3374 2486 3485 2541 dixi
3514 2506 3531 2542 :

1956 2556 2162 2614 Habeo.
2199 2559 2355 2614 Volui
2395 2576 2525 2632 ergo
2558 2567 2770 2634 aperire
2798 2583 2862 2623 os
2893 2569 3048 2641 ejus;
3080 2572 3175 2628 sed
3207 2574 3393 2630 inveni
3430 2578 3531 2631 ob-

1953 2657 2195 2705 turatum
2222 2669 2237 2717 ;
2271 2654 2591 2725 haerensque
2621 2659 2753 2728 quid
2803 2659 3041 2717 facerem
3063 2706 3077 2728 _.
3122 2665 3228 2720 exii
3257 2668 3311 2721 in
3337 2669 3531 2723 solitu-

1951 2743 2171 2809 dinem;
2213 2744 2327 2799 illic
2356 2753 2552 2801 nactus
2594 2762 2714 2802 sum
2749 2764 2975 2819 parvum
3006 2752 3211 2823 lignum
3240 2771 3270 2810 e
3301 2757 3528 2821 frutice;

1951 2848 2014 2887 ac
2045 2842 2171 2904 post
2201 2835 2439 2890 multum
2474 2837 2740 2905 laborem,
2780 2841 2873 2895 vix
2903 2843 3051 2910 potui
3095 2844 3374 2913 paululum
3405 2860 3529 2917 ape-

1950 2925 2062 2978 rire
2105 2940 2169 2981 os
2205 2927 2345 2996 ejus.
2404 2926 2612 2984 Deinde
2652 2930 2856 2986 immisi
2895 2935 3188 3001 pretiosum
3229 2951 3432 3007 corpus
3470 2951 3526 2995 et

1952 3018 2311 3087 sanguinem,
2363 3017 2676 3075 minutatim
2740 3022 3039 3079 concidens
3089 3033 3356 3095 quantum
3407 3030 3540 3107 fieri

1958 3115 2156 3180 potest.
2186 3109 2282 3165 llle
2304 3126 2370 3166 ex
2400 3126 2573 3168 sacrae
2608 3116 3013 3171 communionis
3043 3119 3354 3189 sutnptione
3385 3122 3528 3179 vires

1957 3201 2322 3270 recuperavit.
2370 3201 2542 3258 Paulo
2591 3212 2738 3274 post,
2790 3208 3101 3263 communis
3147 3210 3305 3278 panis
3353 3213 3526 3285 micas

1956 3290 2164 3360 aliquot
2198 3290 2538 3348 madefactas
2569 3293 2726 3349 intuli
2760 3296 2844 3361 ei,
2879 3295 3189 3368 iterumque
3213 3313 3338 3353 mox
3367 3292 3524 3376 alias,

1953 3388 2115 3451 prout
2155 3382 2438 3453 suscipere
2468 3384 2702 3440 valebat.
2735 3388 2911 3458 Atque
2941 3389 3017 3443 ita
3052 3405 3147 3459 per
3174 3392 3400 3462 gratiam
3433 3391 3526 3450 Dei

1952 3480 2075 3542 post
2107 3488 2274 3528 unum
2307 3473 2450 3530 diem
2477 3475 2762 3545 profectus
2792 3487 2874 3533 est
2898 3496 3148 3545 mecum,
3180 3484 3528 3554 perrexitqne

1951 3563 2020 3617 ad
2065 3564 2257 3618 cellam
2298 3580 2490 3632 suam;
2531 3567 2833 3634 liberatus,
2874 3570 3090 3627 favente
3118 3570 3261 3638 Deo,
3315 3575 3383 3630 ab
3409 3577 3527 3629 exi-

1950 3655 2092 3711 tioso
2113 3655 2250 3711 vitio
2284 3654 2683 3713 fornicationis.

2463 3766 2535 3823 De
2592 3768 2780 3824 abbate
2832 3770 3028 3827 Felice.

2017 3874 2513 3949 (21:)Accesserunt
2548 3880 2746 3938 fratres
2775 3883 2841 3937 ad
2876 3884 3123 3938 abbatem
3153 3876 3549 3949 Fclicem.sa§-°

1950 3968 2231 4022 cnlaribus
2273 3969 2552 4036 comitati,
2578 3978 2633 4024 et
2660 3978 2988 4043 rogaverunt
3018 3987 3140 4027 eum
3175 3983 3233 4027 ut
3261 3974 3328 4030 ad
3372 3975 3524 4045 ipsos

1947 4056 2218 4128 proferret
2238 4074 2570 4114 sermonem.
2595 4061 2661 4114 At
2692 4077 2859 4117 senex
2900 4063 3132 4120 tacebat.
3172 4066 3308 4121 Cum
3340 4075 3523 4123 autem

1948 4146 2039 4203 diu
2089 4158 2416 4219 rogassent,
2449 4151 2636 4206 dixit:
2689 4150 3010 4207 Sermonem
3059 4153 3225 4209 vultis
3284 4155 3526 4213 audire?

1948 4240 2116 4294 Aiunt
2147 4259 2159 4294 :
2189 4240 2387 4305 Etiam,
2420 4242 2581 4297 abba.
2617 4241 2771 4297 Tunc
2797 4257 2986 4308 senex,
3015 4242 3158 4308 1am,
3193 4246 3392 4316 inquit,
3413 4261 3523 4301 non

1946 4340 2033 4387 est
2062 4348 2266 4387 sermo.
2307 4331 2539 4399 Quando
2573 4336 2771 4390 fratres
2805 4336 3271 4405 percontabantur
3286 4337 3353 4393 de
3385 4340 3525 4393 seni-

257 4418 490 4486 ἀδελφοὶ
515 4418 641 4481 τοὺς
669 4419 947 4489 γέροντας,
972 4419 1065 4474 xal
1094 4420 1311 4473 ἐποίουν
1344 4419 1380 4473 ἃ
1414 4398 1599 4489 ἔλεγον
1634 4421 1837 4488 αὐτοῖς,

1955 4423 2071 4486 bus,
2095 4431 2148 4476 et
2176 4422 2451 4478 faciebant
2483 4441 2603 4495 qua:
2635 4398 3075 4501 pronuntiabant
3097 4427 3187 4491 iis,
3211 4427 3355 4482 Deus
3385 4444 3522 4498 prae-

256 4510 449 4574 δΘεὸς
485 4511 811 4584 ἐπεχορήγει
846 4509 908 4563 τὸ
945 4510 1062 4573 πῶς
1090 4509 1340 4581 λαλῆσαι.
1387 4511 1502 4565 Νῦν
1538 4512 1619 4578 δὲ,
1652 4513 1840 4585 ἐπειδὴ

255 4601 514 4673 ἐρωτῶσι
542 4601 663 4672 μὲν,
688 4602 748 4655 ού
778 4599 987 4654 ποιοῦσι
1015 4602 1072 4655 δὲ
1097 4601 1132 4656 ἃ
1161 4601 1468 4669 ἀκούουσιν,
1495 4598 1630 4675 ἦρεν
1660 4604 1690 4656 6
1708 4602 1842 4667 Θεὸς

180 4721 194 4731 .
252 4692 363 4765 τὴν
393 4693 555 4762 χάριν
597 4693 693 4744 τοῦ
746 4692 905 4762 λόγου
960 4692 1067 4747 ἀπὸ
1111 4691 1220 4746 τῶν
1257 4694 1560 4765 γερόντωψ
1607 4694 1702 4747 καὶ
1740 4696 1839 4766 ούχ

252 4785 580 4857 εὑρίσκουσι
606 4784 659 4839 τί
674 4785 924 4857 λαλῆσαι,
960 4784 1145 4856 ἐπειδὴ
1180 4785 1280 4839 οὐκ
1320 4786 1467 4839 ἔστιν
1490 4786 1519 4839 6
1540 4787 1841 4858 ἐργαζόμε-

254 4893 375 4939 νος.
402 4878 514 4931 Kal
549 4876 881 4940 ἀκούσαντες
922 4878 971 4931 οί
1016 4877 1237 4946 ἀδελφοὶ
1275 4878 1469 4943 ταῦτα,
1521 4877 1832 4945 ὲστέναξαν,

251 4968 542 5038 λέγοντες·
571 4964 742 5033 Εὖξαι
768 4969 906 5038 ὑπὲρ
927 4967 1103 5038 ἡμῶν,
1131 4967 1293 5022 esse.

337 5124 387 5155 ιο
416 5124 502 5177 Al.
554 5124 784 5193 ψιχίδια.
893 5124 937 5155 ι’
967 5123 1310 5187 Α1.Φίλικος.

330 5313 441 5382 (i3)
481 5309 1099 5383 Τῶννόρθοδόεωνῌτῷν
1120 5309 1483 5383 συνοδικῷν.
1502 5311 1757 5382 Synodici
1780 5321 1833 5366 et

253 5379 528 5450 synoditte
575 5381 907 5450 dicebantur
939 5379 1229 5450 Catholici,
1276 5382 1369 5450 qui
1401 5379 1653 5436 videlicet
1694 5383 1833 5437 reci-

251 5443 484 5522 piebant
542 5443 1393 5522 synodumigCltalcedonensém.
1445 5451 1704 5522 Leontius
1755 5451 1835 5504 De

253 5519 443 5584 sectis,
474 5519 691 5590 actione
721 5519 784 5590 5d,
828 5519 1201 5590 ’Ῑουστινιανοῦ
1259 5519 1690 5590 βασιλεύσαντος,
1740 5523 1832 5573 καὶ

254 5591 368 5645 τῶν
421 5587 712 5659 συνοόιτῶν
753 5588 920 5650 ὄντος.
966 5587 1164 5659 Ειᾼιιοη
1204 5587 1395 5658 paucis
1454 5590 1828 5659 interpositis:

268 5660 533 5729 ‘(."§:i‘).wv
566 5658 600 5728 ἧ
641 5660 824 5711 πεῖσαι
870 5657 1121 5724 γενέσθαι
1175 5657 1532 5730 συνοδέτην,ῆ
1585 5657 1828 5712 καθελεῖν

1946 4514 2107 4568 bebat
2140 4513 2400 4582 loquendi
2432 4517 2678 4570 modum.
2713 4515 2869 4571 Nunc
2897 4518 3194 4588 vero,quia
3226 4518 3521 4573 sciscitan—

1944 4615 2035 4660 tur
2081 4607 2327 4677 quidem,
2369 4607 2464 4664 sed
2520 4625 2630 4664 non
2680 4618 3057 4680 exsequuntur
3109 4626 3230 4682 qua:
3260 4611 3515 4675 audiunt,

1943 4697 2088 4755 Deus
2112 4700 2340 4771 gratiam
2372 4702 2646 4757 sermonis
2684 4701 2912 4757 abstulit
2942 4718 2974 4756 a
3005 4702 3266 4772 senibus;
3299 4717 3401 4757 nec
3434 4690 3518 4757 in;

1943 4791 2169 4845 veniunt
2194 4791 2326 4861 quid
2358 4791 2676 4863 loquantur,
2707 4793 3152 4865 quandoquidem
3189 4794 3281 4866 qui
3316 4809 3513 4863 operc-

1943 4889 2036 4935 tnr
2066 4898 2171 4936 non
2220 4893 2323 4939 est.
2368 4882 2463 4940 llis
2517 4885 2727 4941 auditis
2764 4885 2962 4944 fratres
2996 4888 3397 4959 ingemuerunt,
3423 4890 3510 4944 dic

1948 4984 2252 5045 xeruntque
2277 4994 2290 5029 :
2325 4973 2432 5031 Ora
2458 4991 2557 5047 pro
2587 4977 2767 5043 nobis,
2792 4978 2951 5034 abba.

1946 5309 2126 5363 αὐτόν.
2154 5307 2234 5361 Ac
2269 5306 2431 5362 infra.
2459 5320 2667 5359 necnon
2704 5308 2917 5358 actione
2937 5307 2989 5367 7,
3018 5302 3315 5366 συνοδίταιῖ
3333 5310 3378 5359 οἱ
3408 5308 3515 5362 ἀπὸ

1942 5380 2042 5447 τῆς
2064 5376 2304 5448 συνόδου.
2337 5376 2490 5448 Apud
2513 5376 2785 5448 :lnastasii
2823 5375 3115 5448 liodegum.
3157 5380 3205 5429 οἱ
3236 5378 3517 5448 Χαλκηδο-

1943 5443 2103 5501 νῐται.
2130 5445 2187 5498 In
2219 5444 2477 5499 Chronico
2516 5443 2796 5506 Orientali,
2826 5443 3074 5498 Justinus
3120 5443 3517 5501 Chaltedmicn-

1940 5519 2033 5571 sis.
2068 5514 2407 5569 Justiniantts
2444 5511 2922 5583 Chalcedonensis;
2971 5518 3037 5571 dc
3064 5518 3381 5572 ortltodoxis
3415 5520 3515 5570 itu-

1942 5600 2067 5656 pt-I‘a
2076 5586 2303 5656 toribus.

2012 5655 2118 5725 (21)
2155 5654 2255 5709 Vit.
2288 5653 2436 5710 [Ἦν.
2470 5670 2586 5718 Lm,
2610 5653 2691 5708 l8.
