  <div class='ocr_page' id='page_1' title='image "/cluster/home/n/w/nwhite01/storage/ocr_20150623/65/hvd.32044073501967/223.png"; bbox 0 0 4020 6202; ppageno 0'>
   <div class='ocr_carea' id='block_1_1' title="bbox 980 439 1616 515">
    <p class='ocr_par' dir='ltr' id='par_1_1' title="bbox 980 439 1616 515">
     <span class='ocr_line' id='line_1_1' title="bbox 980 439 1616 515; baseline 0.003 -20"><span class='ocrx_word' id='word_1_1' title='bbox 980 441 1053 496; x_wconf 83' lang='lat' dir='ltr'><strong>De</strong></span> <span class='ocrx_word' id='word_1_2' title='bbox 1080 440 1285 499; x_wconf 80' lang='lat' dir='ltr'><strong>.abbate</strong></span> <span class='ocrx_word' id='word_1_3' title='bbox 1321 439 1616 515; x_wconf 72' lang='lat' dir='ltr'><strong>Philagrio.</strong></span> 
     </span>
    </p>
   </div>
   <div class='ocr_carea' id='block_1_2' title="bbox 577 533 2076 610">
    <p class='ocr_par' dir='ltr' id='par_1_2' title="bbox 577 533 2076 610">
     <span class='ocr_line' id='line_1_2' title="bbox 577 533 2076 610; baseline 0.002 -19"><span class='ocrx_word' id='word_1_4' title='bbox 577 536 691 608; x_wconf 73' lang='lat'><strong>(25)</strong></span> <span class='ocrx_word' id='word_1_5' title='bbox 722 533 849 587; x_wconf 83' lang='lat' dir='ltr'><strong>Erat</strong></span> <span class='ocrx_word' id='word_1_6' title='bbox 888 543 1204 589; x_wconf 88' lang='lat' dir='ltr'><strong>sanctorum</strong></span> <span class='ocrx_word' id='word_1_7' title='bbox 1237 534 1461 604; x_wconf 87' lang='lat' dir='ltr'><strong>quidam</strong></span> <span class='ocrx_word' id='word_1_8' title='bbox 1498 535 1718 592; x_wconf 84' lang='lat' dir='ltr'><strong>nomine</strong></span> <span class='ocrx_word' id='word_1_9' title='bbox 1745 536 2076 610; x_wconf 83' lang='lat' dir='ltr'><strong>Philagrius,</strong></span> 
     </span>
    </p>
   </div>
   <div class='ocr_carea' id='block_1_3' title="bbox 507 624 2081 699">
    <p class='ocr_par' dir='ltr' id='par_1_3' title="bbox 507 624 2081 699">
     <span class='ocr_line' id='line_1_3' title="bbox 507 624 2081 699; baseline 0.003 -17"><span class='ocrx_word' id='word_1_10' title='bbox 507 626 687 683; x_wconf 87' lang='lat' dir='ltr'><strong>iucola</strong></span> <span class='ocrx_word' id='word_1_11' title='bbox 722 624 895 681; x_wconf 84' lang='lat' dir='ltr'><strong>eremi</strong></span> <span class='ocrx_word' id='word_1_12' title='bbox 947 624 1476 696; x_wconf 78' lang='lat' dir='ltr'><strong>Hierosolymitame,</strong></span> <span class='ocrx_word' id='word_1_13' title='bbox 1502 626 1595 697; x_wconf 89' lang='lat' dir='ltr'><strong>qui</strong></span> <span class='ocrx_word' id='word_1_14' title='bbox 1642 629 1699 683; x_wconf 91' lang='lat' dir='ltr'><strong>in</strong></span> <span class='ocrx_word' id='word_1_15' title='bbox 1740 643 1878 699; x_wconf 88' lang='lat' dir='ltr'><strong>opus</strong></span> <span class='ocrx_word' id='word_1_16' title='bbox 1922 630 2081 686; x_wconf 79' lang='lat' dir='ltr'><strong>valde</strong></span> 
     </span>
    </p>
   </div>
   <div class='ocr_carea' id='block_1_4' title="bbox 508 714 2082 786">
    <p class='ocr_par' dir='ltr' id='par_1_4' title="bbox 508 714 2082 786">
     <span class='ocr_line' id='line_1_4' title="bbox 508 714 2082 786; baseline 0.003 -16"><span class='ocrx_word' id='word_1_17' title='bbox 508 714 882 782; x_wconf 89' lang='lat' dir='ltr'><strong>incumbebat,</strong></span> <span class='ocrx_word' id='word_1_18' title='bbox 918 721 980 769; x_wconf 90' lang='lat' dir='ltr'><strong>ut</strong></span> <span class='ocrx_word' id='word_1_19' title='bbox 1013 715 1118 772; x_wconf 89' lang='lat' dir='ltr'><strong>sibi</strong></span> <span class='ocrx_word' id='word_1_20' title='bbox 1140 731 1333 786; x_wconf 90' lang='lat' dir='ltr'><strong>panem</strong></span> <span class='ocrx_word' id='word_1_21' title='bbox 1356 725 1721 786; x_wconf 72' lang='lat' dir='ltr'><strong>compararet.</strong></span> <span class='ocrx_word' id='word_1_22' title='bbox 1752 719 1806 774; x_wconf 84' lang='lat' dir='ltr'><strong>Is</strong></span> <span class='ocrx_word' id='word_1_23' title='bbox 1831 734 1956 774; x_wconf 91' lang='lat' dir='ltr'><strong>cum</strong></span> <span class='ocrx_word' id='word_1_24' title='bbox 1979 721 2082 775; x_wconf 81' lang='lat' dir='ltr'><strong>ali-</strong></span> 
     </span>
    </p>
   </div>
   <div class='ocr_carea' id='block_1_5' title="bbox 507 807 2082 882">
    <p class='ocr_par' dir='ltr' id='par_1_5' title="bbox 507 807 2082 882">
     <span class='ocr_line' id='line_1_5' title="bbox 507 807 2082 882; baseline 0.004 -21"><span class='ocrx_word' id='word_1_25' title='bbox 507 808 728 878; x_wconf 78' lang='lat' dir='ltr'><strong>quando</strong></span> <span class='ocrx_word' id='word_1_26' title='bbox 752 808 811 863; x_wconf 90' lang='lat' dir='ltr'><strong>in</strong></span> <span class='ocrx_word' id='word_1_27' title='bbox 830 807 953 863; x_wconf 81' lang='lat' dir='ltr'><strong>foro</strong></span> <span class='ocrx_word' id='word_1_28' title='bbox 969 815 1139 865; x_wconf 89' lang='lat' dir='ltr'><strong>staret</strong></span> <span class='ocrx_word' id='word_1_29' title='bbox 1165 808 1234 864; x_wconf 87' lang='lat' dir='ltr'><strong>ad</strong></span> <span class='ocrx_word' id='word_1_30' title='bbox 1270 809 1615 864; x_wconf 85' lang='lat' dir='ltr'><strong>vendendum</strong></span> <span class='ocrx_word' id='word_1_31' title='bbox 1638 812 1785 882; x_wconf 83' lang='lat' dir='ltr'><strong>quod</strong></span> <span class='ocrx_word' id='word_1_32' title='bbox 1826 813 2082 868; x_wconf 91' lang='lat' dir='ltr'><strong>manibus</strong></span> 
     </span>
    </p>
   </div>
   <div class='ocr_carea' id='block_1_6' title="bbox 507 885 2083 973">
    <p class='ocr_par' dir='ltr' id='par_1_6' title="bbox 507 885 2083 973">
     <span class='ocr_line' id='line_1_6' title="bbox 507 885 2083 973; baseline 0.004 -23"><span class='ocrx_word' id='word_1_33' title='bbox 507 898 862 968; x_wconf 83' lang='lat' dir='ltr'><strong>operabatur,</strong></span> <span class='ocrx_word' id='word_1_34' title='bbox 896 885 1235 954; x_wconf 30' lang='lat' dir='ltr'><strong>en‘elabitur</strong></span> <span class='ocrx_word' id='word_1_35' title='bbox 1261 898 1484 954; x_wconf 86' lang='lat' dir='ltr'><strong>cuidam</strong></span> <span class='ocrx_word' id='word_1_36' title='bbox 1516 901 1859 970; x_wconf 89' lang='lat' dir='ltr'><strong>marsupium</strong></span> <span class='ocrx_word' id='word_1_37' title='bbox 1890 902 1947 955; x_wconf 92' lang='lat' dir='ltr'><strong>in</strong></span> <span class='ocrx_word' id='word_1_38' title='bbox 1971 916 2083 973; x_wconf 90' lang='lat' dir='ltr'><strong>quo</strong></span> 
     </span>
    </p>
   </div>
   <div class='ocr_carea' id='block_1_7' title="bbox 507 988 2084 1058">
    <p class='ocr_par' dir='ltr' id='par_1_7' title="bbox 507 988 2084 1058">
     <span class='ocr_line' id='line_1_7' title="bbox 507 988 2084 1058; baseline 0.003 -15"><span class='ocrx_word' id='word_1_39' title='bbox 507 996 668 1043; x_wconf 84' lang='lat' dir='ltr'><strong>erant</strong></span> <span class='ocrx_word' id='word_1_40' title='bbox 711 989 860 1045; x_wconf 91' lang='lat' dir='ltr'><strong>mille</strong></span> <span class='ocrx_word' id='word_1_41' title='bbox 895 990 1125 1044; x_wconf 88' lang='lat' dir='ltr'><strong>nummi.</strong></span> <span class='ocrx_word' id='word_1_42' title='bbox 1157 988 1314 1056; x_wconf 87' lang='lat' dir='ltr'><strong>Quod</strong></span> <span class='ocrx_word' id='word_1_43' title='bbox 1351 997 1549 1045; x_wconf 89' lang='lat' dir='ltr'><strong>nactus</strong></span> <span class='ocrx_word' id='word_1_44' title='bbox 1589 1005 1778 1058; x_wconf 79' lang='lat' dir='ltr'><strong>senex,</strong></span> <span class='ocrx_word' id='word_1_45' title='bbox 1814 992 1966 1048; x_wconf 85' lang='lat' dir='ltr'><strong>stetit</strong></span> <span class='ocrx_word' id='word_1_46' title='bbox 1998 993 2084 1047; x_wconf 85' lang='lat' dir='ltr'><strong>in-</strong></span> 
     </span>
    </p>
   </div>
   <div class='ocr_carea' id='block_1_8' title="bbox 509 1078 2085 1153">
    <p class='ocr_par' dir='ltr' id='par_1_8' title="bbox 509 1078 2085 1153">
     <span class='ocr_line' id='line_1_8' title="bbox 509 1078 2085 1153; baseline 0.004 -19"><span class='ocrx_word' id='word_1_47' title='bbox 509 1080 605 1144; x_wconf 84' lang='lat' dir='ltr'><strong>ibi,</strong></span> <span class='ocrx_word' id='word_1_48' title='bbox 631 1079 822 1135; x_wconf 89' lang='lat' dir='ltr'><strong>dicens</strong></span> <span class='ocrx_word' id='word_1_49' title='bbox 856 1078 1089 1136; x_wconf 80' lang='lat' dir='ltr'><strong>:Veniet</strong></span> <span class='ocrx_word' id='word_1_50' title='bbox 1122 1082 1487 1152; x_wconf 87' lang='lat' dir='ltr'><strong>proculdubio</strong></span> <span class='ocrx_word' id='word_1_51' title='bbox 1516 1082 1609 1153; x_wconf 90' lang='lat' dir='ltr'><strong>qui</strong></span> <span class='ocrx_word' id='word_1_52' title='bbox 1633 1082 1838 1138; x_wconf 84' lang='lat' dir='ltr'><strong>amisit.</strong></span> <span class='ocrx_word' id='word_1_53' title='bbox 1863 1084 1931 1136; x_wconf 86' lang='lat' dir='ltr'><strong>Et</strong></span> <span class='ocrx_word' id='word_1_54' title='bbox 1954 1098 2085 1141; x_wconf 88' lang='lat' dir='ltr'><strong>ecce</strong></span> 
     </span>
    </p>
   </div>
   <div class='ocr_carea' id='block_1_9' title="bbox 510 1165 2083 1240">
    <p class='ocr_par' dir='ltr' id='par_1_9' title="bbox 510 1165 2083 1240">
     <span class='ocr_line' id='line_1_9' title="bbox 510 1165 2083 1240; baseline 0.004 -18"><span class='ocrx_word' id='word_1_55' title='bbox 510 1165 754 1235; x_wconf 70' lang='lat' dir='ltr'><strong>advenit,</strong></span> <span class='ocrx_word' id='word_1_56' title='bbox 792 1168 1039 1240; x_wconf 84' lang='lat' dir='ltr'><strong>plorans.</strong></span> <span class='ocrx_word' id='word_1_57' title='bbox 1078 1170 1256 1227; x_wconf 81' lang='lat' dir='ltr'><strong>Senex</strong></span> <span class='ocrx_word' id='word_1_58' title='bbox 1294 1188 1425 1227; x_wconf 80' lang='lat' dir='ltr'><strong>vero</strong></span> <span class='ocrx_word' id='word_1_59' title='bbox 1464 1188 1754 1229; x_wconf 85' lang='lat' dir='ltr'><strong>assumens</strong></span> <span class='ocrx_word' id='word_1_60' title='bbox 1806 1174 2083 1231; x_wconf 85' lang='lat' dir='ltr'><strong>hominem</strong></span> 
     </span>
    </p>
   </div>
   <div class='ocr_carea' id='block_1_10' title="bbox 465 1259 2085 1338">
    <p class='ocr_par' dir='ltr' id='par_1_10' title="bbox 465 1259 2085 1338">
     <span class='ocr_line' id='line_1_10' title="bbox 465 1259 2085 1338; baseline 0.007 -27"><span class='ocrx_word' id='word_1_61' title='bbox 465 1306 473 1327; x_wconf 75' lang='grc'><em>,</em></span> <span class='ocrx_word' id='word_1_62' title='bbox 510 1272 785 1326; x_wconf 85' lang='lat' dir='ltr'><strong>seorsum,</strong></span> <span class='ocrx_word' id='word_1_63' title='bbox 817 1259 1059 1315; x_wconf 84' lang='lat' dir='ltr'><strong>reddidit</strong></span> <span class='ocrx_word' id='word_1_64' title='bbox 1102 1261 1175 1318; x_wconf 90' lang='lat' dir='ltr'><strong>ei.</strong></span> <span class='ocrx_word' id='word_1_65' title='bbox 1212 1261 1308 1317; x_wconf 92' lang='lat' dir='ltr'><strong>Ille</strong></span> <span class='ocrx_word' id='word_1_66' title='bbox 1351 1262 1643 1334; x_wconf 80' lang='lat' dir='ltr'><strong>prehendit</strong></span> <span class='ocrx_word' id='word_1_67' title='bbox 1668 1265 1869 1335; x_wconf 86' lang='lat' dir='ltr'><strong>ipsum,</strong></span> <span class='ocrx_word' id='word_1_68' title='bbox 1900 1275 1959 1322; x_wconf 89' lang='lat' dir='ltr'><strong>ut</strong></span> <span class='ocrx_word' id='word_1_69' title='bbox 1990 1266 2085 1338; x_wconf 87' lang='lat' dir='ltr'><strong>qui</strong></span> 
     </span>
    </p>
   </div>
   <div class='ocr_carea' id='block_1_11' title="bbox 458 1350 2085 1429">
    <p class='ocr_par' dir='ltr' id='par_1_11' title="bbox 458 1350 2085 1429">
     <span class='ocr_line' id='line_1_11' title="bbox 458 1350 2085 1429; baseline 0.011 -29"><span class='ocrx_word' id='word_1_70' title='bbox 458 1352 473 1429; x_wconf 18' lang='grc' dir='ltr'><strong>λε</strong></span> <span class='ocrx_word' id='word_1_71' title='bbox 506 1350 678 1404; x_wconf 73' lang='lat' dir='ltr'><strong>vellet</strong></span> <span class='ocrx_word' id='word_1_72' title='bbox 714 1350 952 1422; x_wconf 89' lang='lat' dir='ltr'><strong>aliquam</strong></span> <span class='ocrx_word' id='word_1_73' title='bbox 1002 1352 1251 1422; x_wconf 69' lang='lat' dir='ltr'><strong>pecunia:</strong></span> <span class='ocrx_word' id='word_1_74' title='bbox 1296 1365 1508 1426; x_wconf 90' lang='lat' dir='ltr'><strong>partem</strong></span> <span class='ocrx_word' id='word_1_75' title='bbox 1548 1355 1700 1413; x_wconf 89' lang='lat' dir='ltr'><strong>dare.</strong></span> <span class='ocrx_word' id='word_1_76' title='bbox 1750 1356 1862 1414; x_wconf 89' lang='lat' dir='ltr'><strong>Sed</strong></span> <span class='ocrx_word' id='word_1_77' title='bbox 1918 1376 2085 1418; x_wconf 72' lang='lat' dir='ltr'><strong>senex</strong></span> 
     </span>
    </p>
   </div>
   <div class='ocr_carea' id='block_1_12' title="bbox 458 1438 2087 1516">
    <p class='ocr_par' dir='ltr' id='par_1_12' title="bbox 458 1438 2087 1516">
     <span class='ocr_line' id='line_1_12' title="bbox 458 1438 2087 1516; baseline 0.008 -21"><span class='ocrx_word' id='word_1_78' title='bbox 458 1438 468 1501; x_wconf 70' lang='grc' dir='ltr'><strong>ί</strong></span> <span class='ocrx_word' id='word_1_79' title='bbox 512 1442 706 1498; x_wconf 88' lang='lat' dir='ltr'><strong>noluit.</strong></span> <span class='ocrx_word' id='word_1_80' title='bbox 730 1442 884 1499; x_wconf 87' lang='lat' dir='ltr'><strong>Tunc</strong></span> <span class='ocrx_word' id='word_1_81' title='bbox 912 1445 1082 1515; x_wconf 58' lang='lat' dir='ltr'><strong>carpit</strong></span> <span class='ocrx_word' id='word_1_82' title='bbox 1121 1446 1363 1503; x_wconf 88' lang='lat' dir='ltr'><strong>clamare</strong></span> <span class='ocrx_word' id='word_1_83' title='bbox 1392 1467 1405 1503; x_wconf 92' lang='lat'><strong>:</strong></span> <span class='ocrx_word' id='word_1_84' title='bbox 1443 1447 1659 1516; x_wconf 79' lang='lat' dir='ltr'><strong>Venite,</strong></span> <span class='ocrx_word' id='word_1_85' title='bbox 1699 1450 1878 1507; x_wconf 81' lang='lat' dir='ltr'><strong>videte</strong></span> <span class='ocrx_word' id='word_1_86' title='bbox 1906 1451 2087 1508; x_wconf 40' lang='lat' dir='ltr'><strong>hornis</strong></span> 
     </span>
    </p>
   </div>
   <div class='ocr_carea' id='block_1_13' title="bbox 440 1531 2089 1616">
    <p class='ocr_par' dir='ltr' id='par_1_13' title="bbox 440 1531 2089 1616">
     <span class='ocr_line' id='line_1_13' title="bbox 440 1531 2089 1616; baseline 0.009 -29"><span class='ocrx_word' id='word_1_87' title='bbox 440 1571 465 1608; x_wconf 24' lang='grc' dir='ltr'><strong>ιι</strong></span> <span class='ocrx_word' id='word_1_88' title='bbox 512 1548 636 1588; x_wconf 79' lang='lat' dir='ltr'><strong>nem</strong></span> <span class='ocrx_word' id='word_1_89' title='bbox 670 1531 933 1607; x_wconf 91' lang='lat' dir='ltr'><strong>Dei,quid</strong></span> <span class='ocrx_word' id='word_1_90' title='bbox 966 1537 1180 1595; x_wconf 80' lang='lat' dir='ltr'><strong>iecerit.</strong></span> <span class='ocrx_word' id='word_1_91' title='bbox 1213 1539 1391 1597; x_wconf 78' lang='lat' dir='ltr'><strong>Senex</strong></span> <span class='ocrx_word' id='word_1_92' title='bbox 1417 1558 1548 1598; x_wconf 84' lang='lat' dir='ltr'><strong>vero</strong></span> <span class='ocrx_word' id='word_1_93' title='bbox 1567 1544 1709 1599; x_wconf 78' lang='lat' dir='ltr'><strong>clam</strong></span> <span class='ocrx_word' id='word_1_94' title='bbox 1734 1542 2089 1616; x_wconf 80' lang='lat' dir='ltr'><strong>fugit,egres-</strong></span> 
     </span>
    </p>
   </div>
   <div class='ocr_carea' id='block_1_14' title="bbox 513 1629 2089 1707">
    <p class='ocr_par' dir='ltr' id='par_1_14' title="bbox 513 1629 2089 1707">
     <span class='ocr_line' id='line_1_14' title="bbox 513 1629 2089 1707; baseline 0.01 -29"><span class='ocrx_word' id='word_1_95' title='bbox 513 1639 719 1697; x_wconf 85' lang='lat' dir='ltr'><strong>susque</strong></span> <span class='ocrx_word' id='word_1_96' title='bbox 753 1636 890 1684; x_wconf 90' lang='lat' dir='ltr'><strong>este</strong></span> <span class='ocrx_word' id='word_1_97' title='bbox 914 1629 1159 1697; x_wconf 84' lang='lat' dir='ltr'><strong>civitate,</strong></span> <span class='ocrx_word' id='word_1_98' title='bbox 1200 1648 1270 1687; x_wconf 90' lang='lat' dir='ltr'><strong>ne</strong></span> <span class='ocrx_word' id='word_1_99' title='bbox 1305 1633 1495 1689; x_wconf 87' lang='lat' dir='ltr'><strong>laudes</strong></span> <span class='ocrx_word' id='word_1_100' title='bbox 1534 1643 1588 1689; x_wconf 91' lang='lat' dir='ltr'><strong>et</strong></span> <span class='ocrx_word' id='word_1_101' title='bbox 1618 1635 1849 1707; x_wconf 87' lang='lat' dir='ltr'><strong>gloriam</strong></span> <span class='ocrx_word' id='word_1_102' title='bbox 1890 1650 2089 1693; x_wconf 85' lang='lat' dir='ltr'><strong>conse-</strong></span> 
     </span>
    </p>
   </div>
   <div class='ocr_carea' id='block_1_15' title="bbox 512 1728 794 1788">
    <p class='ocr_par' dir='ltr' id='par_1_15' title="bbox 512 1728 794 1788">
     <span class='ocr_line' id='line_1_15' title="bbox 512 1728 794 1788; baseline 0.014 -17"><span class='ocrx_word' id='word_1_103' title='bbox 512 1728 794 1788; x_wconf 84' lang='lat' dir='ltr'><strong>queretur.</strong></span> 
     </span>
    </p>
   </div>
   <div class='ocr_carea' id='block_1_16' title="bbox 1021 1791 1579 1850">
    <p class='ocr_par' dir='ltr' id='par_1_16' title="bbox 1021 1791 1579 1850">
     <span class='ocr_line' id='line_1_16' title="bbox 1021 1791 1579 1850; baseline 0.007 -5"><span class='ocrx_word' id='word_1_104' title='bbox 1021 1791 1098 1846; x_wconf 87' lang='lat' dir='ltr'><strong>De</strong></span> <span class='ocrx_word' id='word_1_105' title='bbox 1137 1791 1328 1847; x_wconf 83' lang='lat' dir='ltr'><strong>abbate</strong></span> <span class='ocrx_word' id='word_1_106' title='bbox 1357 1793 1579 1850; x_wconf 80' lang='lat' dir='ltr'><strong>Phorta.</strong></span> 
     </span>
    </p>
   </div>
   <div class='ocr_carea' id='block_1_17' title="bbox 540 1870 2086 1955">
    <p class='ocr_par' dir='ltr' id='par_1_17' title="bbox 540 1870 2086 1955">
     <span class='ocr_line' id='line_1_17' title="bbox 540 1870 2086 1955; baseline 0.009 -25"><span class='ocrx_word' id='word_1_107' title='bbox 540 1884 543 1885; x_wconf 71' lang='lat'><strong><em>&#39;</em></strong></span> <span class='ocrx_word' id='word_1_108' title='bbox 586 1878 732 1933; x_wconf 76' lang='lat' dir='ltr'><strong>Dixit</strong></span> <span class='ocrx_word' id='word_1_109' title='bbox 781 1870 951 1937; x_wconf 84' lang='lat' dir='ltr'><strong>abbas</strong></span> <span class='ocrx_word' id='word_1_110' title='bbox 984 1881 1218 1940; x_wconf 87' lang='lat' dir='ltr'><strong>Phortas</strong></span> <span class='ocrx_word' id='word_1_111' title='bbox 1256 1904 1270 1939; x_wconf 90' lang='lat'><strong>:</strong></span> <span class='ocrx_word' id='word_1_112' title='bbox 1311 1884 1371 1939; x_wconf 85' lang='lat' dir='ltr'><strong>Si</strong></span> <span class='ocrx_word' id='word_1_113' title='bbox 1416 1884 1562 1941; x_wconf 88' lang='lat' dir='ltr'><strong>Deus</strong></span> <span class='ocrx_word' id='word_1_114' title='bbox 1598 1886 1782 1942; x_wconf 79' lang='lat' dir='ltr'><strong>vivere</strong></span> <span class='ocrx_word' id='word_1_115' title='bbox 1819 1903 1906 1943; x_wconf 92' lang='lat' dir='ltr'><strong>me</strong></span> <span class='ocrx_word' id='word_1_116' title='bbox 1947 1890 2086 1955; x_wconf 76' lang='lat' dir='ltr'><strong>vult,</strong></span> 
     </span>
    </p>
   </div>
   <div class='ocr_carea' id='block_1_18' title="bbox 514 1968 2088 2049">
    <p class='ocr_par' dir='ltr' id='par_1_18' title="bbox 514 1968 2088 2049">
     <span class='ocr_line' id='line_1_18' title="bbox 514 1968 2088 2049; baseline 0.005 -20"><span class='ocrx_word' id='word_1_117' title='bbox 514 1968 669 2029; x_wconf 75' lang='lat' dir='ltr'><strong>novit</strong></span> <span class='ocrx_word' id='word_1_118' title='bbox 702 1970 979 2043; x_wconf 89' lang='lat' dir='ltr'><strong>quomodo</strong></span> <span class='ocrx_word' id='word_1_119' title='bbox 1009 1975 1076 2030; x_wconf 90' lang='lat' dir='ltr'><strong>de</strong></span> <span class='ocrx_word' id='word_1_120' title='bbox 1105 1991 1191 2033; x_wconf 91' lang='lat' dir='ltr'><strong>me</strong></span> <span class='ocrx_word' id='word_1_121' title='bbox 1218 1976 1495 2049; x_wconf 86' lang='lat' dir='ltr'><strong>disponat.</strong></span> <span class='ocrx_word' id='word_1_122' title='bbox 1531 1979 1686 2045; x_wconf 83' lang='lat' dir='ltr'><strong>Quod</strong></span> <span class='ocrx_word' id='word_1_123' title='bbox 1718 1979 1764 2035; x_wconf 91' lang='lat' dir='ltr'><strong>si</strong></span> <span class='ocrx_word' id='word_1_124' title='bbox 1812 1996 1920 2035; x_wconf 91' lang='lat' dir='ltr'><strong>non</strong></span> <span class='ocrx_word' id='word_1_125' title='bbox 1952 1984 2088 2048; x_wconf 80' lang='lat' dir='ltr'><strong>vult,</strong></span> 
     </span>
    </p>
   </div>
   <div class='ocr_carea' id='block_1_19' title="bbox 513 2059 2088 2144">
    <p class='ocr_par' dir='ltr' id='par_1_19' title="bbox 513 2059 2088 2144">
     <span class='ocr_line' id='line_1_19' title="bbox 513 2059 2088 2144; baseline 0.005 -26"><span class='ocrx_word' id='word_1_126' title='bbox 513 2059 584 2119; x_wconf 85' lang='lat' dir='ltr'><strong>ad</strong></span> <span class='ocrx_word' id='word_1_127' title='bbox 622 2064 754 2136; x_wconf 91' lang='lat' dir='ltr'><strong>quid</strong></span> <span class='ocrx_word' id='word_1_128' title='bbox 782 2062 916 2120; x_wconf 79' lang='lat' dir='ltr'><strong>mihi</strong></span> <span class='ocrx_word' id='word_1_129' title='bbox 946 2066 1095 2122; x_wconf 79' lang='lat' dir='ltr'><strong>vita?</strong></span> <span class='ocrx_word' id='word_1_130' title='bbox 1122 2066 1240 2123; x_wconf 87' lang='lat' dir='ltr'><strong>Non</strong></span> <span class='ocrx_word' id='word_1_131' title='bbox 1276 2070 1422 2125; x_wconf 89' lang='lat' dir='ltr'><strong>enim</strong></span> <span class='ocrx_word' id='word_1_132' title='bbox 1456 2086 1487 2125; x_wconf 92' lang='lat' dir='ltr'><strong>a</strong></span> <span class='ocrx_word' id='word_1_133' title='bbox 1515 2071 1735 2126; x_wconf 91' lang='lat' dir='ltr'><strong>cunctis</strong></span> <span class='ocrx_word' id='word_1_134' title='bbox 1764 2071 2088 2144; x_wconf 86' lang='lat' dir='ltr'><strong>accipiebat,</strong></span> 
     </span>
    </p>
   </div>
   <div class='ocr_carea' id='block_1_20' title="bbox 512 2158 2092 2237">
    <p class='ocr_par' dir='ltr' id='par_1_20' title="bbox 512 2158 2092 2237">
     <span class='ocr_line' id='line_1_20' title="bbox 512 2158 2092 2237; baseline 0.006 -24"><span class='ocrx_word' id='word_1_135' title='bbox 512 2158 618 2215; x_wconf 86' lang='lat' dir='ltr'><strong>etsi</strong></span> <span class='ocrx_word' id='word_1_136' title='bbox 666 2158 808 2215; x_wconf 92' lang='lat' dir='ltr'><strong>lecto</strong></span> <span class='ocrx_word' id='word_1_137' title='bbox 842 2160 1056 2220; x_wconf 80' lang='lat' dir='ltr'><strong>aﬂixus.</strong></span> <span class='ocrx_word' id='word_1_138' title='bbox 1108 2163 1303 2221; x_wconf 85' lang='lat' dir='ltr'><strong>Aiebat</strong></span> <span class='ocrx_word' id='word_1_139' title='bbox 1345 2165 1548 2235; x_wconf 88' lang='lat' dir='ltr'><strong>quippe</strong></span> <span class='ocrx_word' id='word_1_140' title='bbox 1580 2183 1594 2220; x_wconf 89' lang='lat'><strong>:</strong></span> <span class='ocrx_word' id='word_1_141' title='bbox 1629 2163 1688 2220; x_wconf 88' lang='lat' dir='ltr'><strong>Si</strong></span> <span class='ocrx_word' id='word_1_142' title='bbox 1731 2169 1859 2237; x_wconf 89' lang='lat' dir='ltr'><strong>quis</strong></span> <span class='ocrx_word' id='word_1_143' title='bbox 1898 2165 1966 2221; x_wconf 89' lang='lat' dir='ltr'><strong>ad</strong></span> <span class='ocrx_word' id='word_1_144' title='bbox 2005 2181 2092 2223; x_wconf 86' lang='lat' dir='ltr'><strong>me</strong></span> 
     </span>
    </p>
   </div>
   <div class='ocr_carea' id='block_1_21' title="bbox 510 2250 2091 2329">
    <p class='ocr_par' dir='ltr' id='par_1_21' title="bbox 510 2250 2091 2329">
     <span class='ocr_line' id='line_1_21' title="bbox 510 2250 2091 2329; baseline 0.005 -25"><span class='ocrx_word' id='word_1_145' title='bbox 510 2250 781 2325; x_wconf 73' lang='lat' dir='ltr'><strong>quidlibet</strong></span> <span class='ocrx_word' id='word_1_146' title='bbox 820 2254 1087 2321; x_wconf 85' lang='lat' dir='ltr'><strong>attulerit,</strong></span> <span class='ocrx_word' id='word_1_147' title='bbox 1111 2263 1168 2311; x_wconf 91' lang='lat' dir='ltr'><strong>et</strong></span> <span class='ocrx_word' id='word_1_148' title='bbox 1212 2271 1323 2312; x_wconf 85' lang='lat' dir='ltr'><strong>non</strong></span> <span class='ocrx_word' id='word_1_149' title='bbox 1357 2264 1580 2327; x_wconf 86' lang='lat' dir='ltr'><strong>propter</strong></span> <span class='ocrx_word' id='word_1_150' title='bbox 1608 2256 1779 2312; x_wconf 88' lang='lat' dir='ltr'><strong>Deum</strong></span> <span class='ocrx_word' id='word_1_151' title='bbox 1807 2274 1822 2322; x_wconf 90' lang='lat'><strong>;</strong></span> <span class='ocrx_word' id='word_1_152' title='bbox 1852 2273 1953 2314; x_wconf 86' lang='lat' dir='ltr'><strong>nec</strong></span> <span class='ocrx_word' id='word_1_153' title='bbox 1990 2273 2091 2329; x_wconf 92' lang='lat' dir='ltr'><strong>ego</strong></span> 
     </span>
    </p>
   </div>
   <div class='ocr_carea' id='block_1_22' title="bbox 514 2331 2088 2416">
    <p class='ocr_par' dir='ltr' id='par_1_22' title="bbox 514 2331 2088 2416">
     <span class='ocr_line' id='line_1_22' title="bbox 514 2331 2088 2416; baseline 0.004 -21"><span class='ocrx_word' id='word_1_154' title='bbox 514 2331 688 2397; x_wconf 80' lang='lat' dir='ltr'><strong>habeo</strong></span> <span class='ocrx_word' id='word_1_155' title='bbox 711 2342 860 2413; x_wconf 87' lang='lat' dir='ltr'><strong>quod</strong></span> <span class='ocrx_word' id='word_1_156' title='bbox 876 2344 999 2400; x_wconf 90' lang='lat' dir='ltr'><strong>dem</strong></span> <span class='ocrx_word' id='word_1_157' title='bbox 1023 2345 1123 2409; x_wconf 90' lang='lat' dir='ltr'><strong>illi,</strong></span> <span class='ocrx_word' id='word_1_158' title='bbox 1159 2360 1261 2402; x_wconf 91' lang='lat' dir='ltr'><strong>nec</strong></span> <span class='ocrx_word' id='word_1_159' title='bbox 1280 2362 1310 2400; x_wconf 92' lang='lat' dir='ltr'><strong>a</strong></span> <span class='ocrx_word' id='word_1_160' title='bbox 1345 2345 1457 2401; x_wconf 88' lang='lat' dir='ltr'><strong>Deo</strong></span> <span class='ocrx_word' id='word_1_161' title='bbox 1481 2346 1791 2401; x_wconf 89' lang='lat' dir='ltr'><strong>mercedem</strong></span> <span class='ocrx_word' id='word_1_162' title='bbox 1827 2346 2088 2416; x_wconf 80' lang='lat' dir='ltr'><strong>accipiet;</strong></span> 
     </span>
    </p>
   </div>
   <div class='ocr_carea' id='block_1_23' title="bbox 512 2434 2092 2507">
    <p class='ocr_par' dir='ltr' id='par_1_23' title="bbox 512 2434 2092 2507">
     <span class='ocr_line' id='line_1_23' title="bbox 512 2434 2092 2507; baseline 0.004 -20"><span class='ocrx_word' id='word_1_163' title='bbox 512 2434 645 2502; x_wconf 85' lang='lat' dir='ltr'><strong>quia</strong></span> <span class='ocrx_word' id='word_1_164' title='bbox 674 2450 784 2489; x_wconf 91' lang='lat' dir='ltr'><strong>non</strong></span> <span class='ocrx_word' id='word_1_165' title='bbox 807 2443 1033 2505; x_wconf 89' lang='lat' dir='ltr'><strong>propter</strong></span> <span class='ocrx_word' id='word_1_166' title='bbox 1066 2434 1237 2491; x_wconf 91' lang='lat' dir='ltr'><strong>Deum</strong></span> <span class='ocrx_word' id='word_1_167' title='bbox 1270 2436 1491 2502; x_wconf 90' lang='lat' dir='ltr'><strong>obtulit,</strong></span> <span class='ocrx_word' id='word_1_168' title='bbox 1528 2444 1584 2492; x_wconf 91' lang='lat' dir='ltr'><strong>et</strong></span> <span class='ocrx_word' id='word_1_169' title='bbox 1625 2437 1827 2507; x_wconf 88' lang='lat' dir='ltr'><strong>injuria</strong></span> <span class='ocrx_word' id='word_1_170' title='bbox 1855 2438 2092 2494; x_wconf 75' lang='lat' dir='ltr'><strong>aﬂicitur</strong></span> 
     </span>
    </p>
   </div>
   <div class='ocr_carea' id='block_1_24' title="bbox 512 2524 2091 2601">
    <p class='ocr_par' dir='ltr' id='par_1_24' title="bbox 512 2524 2091 2601">
     <span class='ocr_line' id='line_1_24' title="bbox 512 2524 2091 2601; baseline 0.008 -25"><span class='ocrx_word' id='word_1_171' title='bbox 512 2524 606 2594; x_wconf 86' lang='lat' dir='ltr'><strong>qui</strong></span> <span class='ocrx_word' id='word_1_172' title='bbox 647 2526 978 2595; x_wconf 79' lang='lat' dir='ltr'><strong>apportavit.</strong></span> <span class='ocrx_word' id='word_1_173' title='bbox 1005 2525 1234 2597; x_wconf 87' lang='lat' dir='ltr'><strong>Oportet</strong></span> <span class='ocrx_word' id='word_1_174' title='bbox 1285 2528 1476 2592; x_wconf 90' lang='lat' dir='ltr'><strong>etiam,</strong></span> <span class='ocrx_word' id='word_1_175' title='bbox 1517 2528 1629 2584; x_wconf 89' lang='lat' dir='ltr'><strong>Deo</strong></span> <span class='ocrx_word' id='word_1_176' title='bbox 1648 2529 1899 2595; x_wconf 82' lang='lat' dir='ltr'><strong>devotos,</strong></span> <span class='ocrx_word' id='word_1_177' title='bbox 1925 2539 2091 2601; x_wconf 87' lang='lat' dir='ltr'><strong>atque</strong></span> 
     </span>
    </p>
   </div>
   <div class='ocr_carea' id='block_1_25' title="bbox 515 2620 2091 2693">
    <p class='ocr_par' dir='ltr' id='par_1_25' title="bbox 515 2620 2091 2693">
     <span class='ocr_line' id='line_1_25' title="bbox 515 2620 2091 2693; baseline 0.003 -21"><span class='ocrx_word' id='word_1_178' title='bbox 515 2620 582 2674; x_wconf 83' lang='lat' dir='ltr'><strong>ad</strong></span> <span class='ocrx_word' id='word_1_179' title='bbox 608 2620 787 2691; x_wconf 91' lang='lat' dir='ltr'><strong>ipsum</strong></span> <span class='ocrx_word' id='word_1_180' title='bbox 818 2620 996 2676; x_wconf 89' lang='lat' dir='ltr'><strong>solum</strong></span> <span class='ocrx_word' id='word_1_181' title='bbox 1028 2621 1409 2691; x_wconf 86' lang='lat' dir='ltr'><strong>respicientes,</strong></span> <span class='ocrx_word' id='word_1_182' title='bbox 1444 2630 1596 2677; x_wconf 87' lang='lat' dir='ltr'><strong>tanta</strong></span> <span class='ocrx_word' id='word_1_183' title='bbox 1625 2623 1832 2693; x_wconf 90' lang='lat' dir='ltr'><strong>pietate</strong></span> <span class='ocrx_word' id='word_1_184' title='bbox 1865 2622 2091 2678; x_wconf 80' lang='lat' dir='ltr'><strong>aﬁ‘ectos</strong></span> 
     </span>
    </p>
   </div>
   <div class='ocr_carea' id='block_1_26' title="bbox 514 2711 2092 2784">
    <p class='ocr_par' dir='ltr' id='par_1_26' title="bbox 514 2711 2092 2784">
     <span class='ocr_line' id='line_1_26' title="bbox 514 2711 2092 2784; baseline 0.001 -17"><span class='ocrx_word' id='word_1_185' title='bbox 514 2726 660 2777; x_wconf 85' lang='lat' dir='ltr'><strong>esse,</strong></span> <span class='ocrx_word' id='word_1_186' title='bbox 696 2718 757 2766; x_wconf 90' lang='lat' dir='ltr'><strong>ut</strong></span> <span class='ocrx_word' id='word_1_187' title='bbox 784 2728 854 2768; x_wconf 90' lang='lat' dir='ltr'><strong>ne</strong></span> <span class='ocrx_word' id='word_1_188' title='bbox 899 2711 1156 2782; x_wconf 88' lang='lat' dir='ltr'><strong>injuriam</strong></span> <span class='ocrx_word' id='word_1_189' title='bbox 1184 2715 1405 2784; x_wconf 87' lang='lat' dir='ltr'><strong>quidem</strong></span> <span class='ocrx_word' id='word_1_190' title='bbox 1447 2714 1612 2770; x_wconf 89' lang='lat' dir='ltr'><strong>ullam</strong></span> <span class='ocrx_word' id='word_1_191' title='bbox 1654 2723 1938 2780; x_wconf 86' lang='lat' dir='ltr'><strong>censeant,</strong></span> <span class='ocrx_word' id='word_1_192' title='bbox 1966 2714 2092 2769; x_wconf 89' lang='lat' dir='ltr'><strong>licet</strong></span> 
     </span>
    </p>
   </div>
   <div class='ocr_carea' id='block_1_27' title="bbox 514 2801 1463 2874">
    <p class='ocr_par' dir='ltr' id='par_1_27' title="bbox 514 2801 1463 2874">
     <span class='ocr_line' id='line_1_27' title="bbox 514 2801 1463 2874; baseline 0.003 -17"><span class='ocrx_word' id='word_1_193' title='bbox 514 2801 716 2858; x_wconf 79' lang='lat' dir='ltr'><strong>millies</strong></span> <span class='ocrx_word' id='word_1_194' title='bbox 741 2801 1131 2859; x_wconf 87' lang='lat' dir='ltr'><strong>contumeliam</strong></span> <span class='ocrx_word' id='word_1_195' title='bbox 1163 2806 1463 2874; x_wconf 87' lang='lat' dir='ltr'><strong>patiantur.</strong></span> 
     </span>
    </p>
   </div>
   <div class='ocr_carea' id='block_1_28' title="bbox 971 2914 1630 2986">
    <p class='ocr_par' dir='ltr' id='par_1_28' title="bbox 971 2914 1630 2986">
     <span class='ocr_line' id='line_1_28' title="bbox 971 2914 1630 2986; baseline 0.005 -18"><span class='ocrx_word' id='word_1_196' title='bbox 971 2914 1310 2986; x_wconf 86' lang='lat' dir='ltr'><strong>Principiqu</strong></span> <span class='ocrx_word' id='word_1_197' title='bbox 1338 2917 1536 2973; x_wconf 67' lang='lat' dir='ltr'><strong>litterae</strong></span> <span class='ocrx_word' id='word_1_198' title='bbox 1561 2916 1630 2971; x_wconf 75' lang='grc' dir='ltr'><strong>Χ.</strong></span> 
     </span>
    </p>
   </div>
   <div class='ocr_carea' id='block_1_29' title="bbox 1026 3028 1576 3086">
    <p class='ocr_par' dir='ltr' id='par_1_29' title="bbox 1026 3028 1576 3086">
     <span class='ocr_line' id='line_1_29' title="bbox 1026 3028 1576 3086; baseline 0.005 -3"><span class='ocrx_word' id='word_1_199' title='bbox 1026 3028 1106 3084; x_wconf 87' lang='lat' dir='ltr'><strong>De</strong></span> <span class='ocrx_word' id='word_1_200' title='bbox 1141 3030 1330 3086; x_wconf 82' lang='lat' dir='ltr'><strong>abbate</strong></span> <span class='ocrx_word' id='word_1_201' title='bbox 1362 3030 1576 3086; x_wconf 81' lang='lat' dir='ltr'><strong>Cltome.</strong></span> 
     </span>
    </p>
   </div>
   <div class='ocr_carea' id='block_1_30' title="bbox 587 3130 2164 3229">
    <p class='ocr_par' dir='ltr' id='par_1_30' title="bbox 587 3130 2164 3229">
     <span class='ocr_line' id='line_1_30' title="bbox 587 3130 2164 3229; baseline 0 -31"><span class='ocrx_word' id='word_1_202' title='bbox 587 3143 702 3215; x_wconf 70' lang='lat'><strong>(26)</strong></span> <span class='ocrx_word' id='word_1_203' title='bbox 742 3130 1075 3201; x_wconf 70' lang='lat' dir='ltr'><strong>R’el‘eiebant</strong></span> <span class='ocrx_word' id='word_1_204' title='bbox 1102 3145 1171 3201; x_wconf 89' lang='lat' dir='ltr'><strong>de</strong></span> <span class='ocrx_word' id='word_1_205' title='bbox 1193 3145 1389 3200; x_wconf 88' lang='lat' dir='ltr'><strong>abbate</strong></span> <span class='ocrx_word' id='word_1_206' title='bbox 1408 3138 1639 3229; x_wconf 68' lang='lat' dir='ltr'><strong>Chome,</strong></span> <span class='ocrx_word' id='word_1_207' title='bbox 1658 3144 1805 3215; x_wconf 88' lang='lat' dir='ltr'><strong>quod</strong></span> <span class='ocrx_word' id='word_1_208' title='bbox 1831 3145 1943 3214; x_wconf 90' lang='lat' dir='ltr'><strong>jam</strong></span> <span class='ocrx_word' id='word_1_209' title='bbox 1976 3160 2091 3199; x_wconf 83' lang='lat' dir='ltr'><strong>mo-</strong></span> <span class='ocrx_word' id='word_1_210' title='bbox 2121 3172 2164 3229; x_wconf 65' lang='grc' dir='ltr'><strong>ρ</strong></span> 
     </span>
    </p>
   </div>
   <div class='ocr_carea' id='block_1_31' title="bbox 515 3226 2096 3303">
    <p class='ocr_par' dir='ltr' id='par_1_31' title="bbox 515 3226 2096 3303">
     <span class='ocr_line' id='line_1_31' title="bbox 515 3226 2096 3303; baseline 0.003 -15"><span class='ocrx_word' id='word_1_211' title='bbox 515 3236 749 3301; x_wconf 80' lang='lat' dir='ltr'><strong>rituru&#39;s,</strong></span> <span class='ocrx_word' id='word_1_212' title='bbox 780 3234 980 3291; x_wconf 67' lang='lat' dir='ltr'><strong>diserit</strong></span> <span class='ocrx_word' id='word_1_213' title='bbox 1008 3235 1134 3292; x_wconf 79' lang='lat' dir='ltr'><strong>ﬁliis</strong></span> <span class='ocrx_word' id='word_1_214' title='bbox 1165 3237 1281 3303; x_wconf 82' lang='lat' dir='ltr'><strong>suis</strong></span> <span class='ocrx_word' id='word_1_215' title='bbox 1308 3257 1322 3293; x_wconf 93' lang='lat'><strong>:</strong></span> <span class='ocrx_word' id='word_1_216' title='bbox 1345 3226 1522 3293; x_wconf 81' lang='lat' dir='ltr'><strong>Nolite</strong></span> <span class='ocrx_word' id='word_1_217' title='bbox 1550 3228 1803 3293; x_wconf 84' lang='lat' dir='ltr'><strong>habitare</strong></span> <span class='ocrx_word' id='word_1_218' title='bbox 1829 3253 1954 3293; x_wconf 89' lang='lat' dir='ltr'><strong>cum</strong></span> <span class='ocrx_word' id='word_1_219' title='bbox 1986 3236 2096 3292; x_wconf 72' lang='lat' dir='ltr'><strong>lue-</strong></span> 
     </span>
    </p>
   </div>
   <div class='ocr_carea' id='block_1_32' title="bbox 513 3322 2094 3395">
    <p class='ocr_par' dir='ltr' id='par_1_32' title="bbox 513 3322 2094 3395">
     <span class='ocr_line' id='line_1_32' title="bbox 513 3322 2094 3395; baseline 0.003 -17"><span class='ocrx_word' id='word_1_220' title='bbox 513 3323 743 3389; x_wconf 85' lang='lat' dir='ltr'><strong>retici&#39;s;</strong></span> <span class='ocrx_word' id='word_1_221' title='bbox 779 3330 957 3395; x_wconf 85' lang='lat' dir='ltr'><strong>neque</strong></span> <span class='ocrx_word' id='word_1_222' title='bbox 979 3324 1234 3383; x_wconf 81' lang='lat' dir='ltr'><strong>habeatis</strong></span> <span class='ocrx_word' id='word_1_223' title='bbox 1267 3322 1696 3382; x_wconf 77' lang='lat' dir='ltr'><strong>familiaritatem</strong></span> <span class='ocrx_word' id='word_1_224' title='bbox 1718 3342 1843 3383; x_wconf 91' lang='lat' dir='ltr'><strong>cum</strong></span> <span class='ocrx_word' id='word_1_225' title='bbox 1877 3327 2013 3384; x_wconf 82' lang='lat' dir='ltr'><strong>viris</strong></span> <span class='ocrx_word' id='word_1_226' title='bbox 2038 3328 2094 3383; x_wconf 91' lang='lat' dir='ltr'><strong>in</strong></span> 
     </span>
    </p>
   </div>
   <div class='ocr_carea' id='block_1_33' title="bbox 519 3413 2094 3489">
    <p class='ocr_par' dir='ltr' id='par_1_33' title="bbox 519 3413 2094 3489">
     <span class='ocr_line' id='line_1_33' title="bbox 519 3413 2094 3489; baseline 0.004 -19"><span class='ocrx_word' id='word_1_227' title='bbox 519 3413 781 3485; x_wconf 77' lang='lat' dir='ltr'><strong>dignitate</strong></span> <span class='ocrx_word' id='word_1_228' title='bbox 809 3414 1167 3483; x_wconf 81' lang='lat' dir='ltr'><strong>constitutis;</strong></span> <span class='ocrx_word' id='word_1_229' title='bbox 1197 3432 1375 3489; x_wconf 89' lang='lat' dir='ltr'><strong>neque</strong></span> <span class='ocrx_word' id='word_1_230' title='bbox 1404 3418 1513 3474; x_wconf 87' lang='lat' dir='ltr'><strong>sint</strong></span> <span class='ocrx_word' id='word_1_231' title='bbox 1545 3434 1741 3476; x_wconf 90' lang='lat' dir='ltr'><strong>manus</strong></span> <span class='ocrx_word' id='word_1_232' title='bbox 1773 3427 1967 3476; x_wconf 71' lang='lat' dir='ltr'><strong>vestra:</strong></span> <span class='ocrx_word' id='word_1_233' title='bbox 1997 3436 2094 3475; x_wconf 74' lang='lat' dir='ltr'><strong>ex-</strong></span> 
     </span>
    </p>
   </div>
   <div class='ocr_carea' id='block_1_34' title="bbox 520 3505 1952 3593">
    <p class='ocr_par' dir='ltr' id='par_1_34' title="bbox 520 3505 1952 3593">
     <span class='ocr_line' id='line_1_34' title="bbox 520 3505 1952 3593; baseline 0.006 -35"><span class='ocrx_word' id='word_1_234' title='bbox 520 3506 689 3562; x_wconf 52' lang='lat' dir='ltr'><strong>tensa</strong></span> <span class='ocrx_word' id='word_1_235' title='bbox 722 3505 790 3562; x_wconf 86' lang='lat' dir='ltr'><strong>ad</strong></span> <span class='ocrx_word' id='word_1_236' title='bbox 819 3507 1212 3579; x_wconf 82' lang='lat' dir='ltr'><strong>colligendum,</strong></span> <span class='ocrx_word' id='word_1_237' title='bbox 1250 3510 1346 3565; x_wconf 88' lang='lat' dir='ltr'><strong>sed</strong></span> <span class='ocrx_word' id='word_1_238' title='bbox 1381 3509 1557 3581; x_wconf 82' lang='lat' dir='ltr'><strong>magis</strong></span> <span class='ocrx_word' id='word_1_239' title='bbox 1586 3512 1654 3593; x_wconf 70' lang='lat' dir='ltr'><strong>ad</strong></span> <span class='ocrx_word' id='word_1_240' title='bbox 1686 3510 1952 3566; x_wconf 86' lang='lat' dir='ltr'><strong>dandum.</strong></span> 
     </span>
    </p>
   </div>
   <div class='ocr_carea' id='block_1_35' title="bbox 950 3710 1667 3769">
    <p class='ocr_par' dir='ltr' id='par_1_35' title="bbox 950 3710 1667 3769">
     <span class='ocr_line' id='line_1_35' title="bbox 950 3710 1667 3769; baseline 0.006 -4"><span class='ocrx_word' id='word_1_241' title='bbox 950 3710 1029 3765; x_wconf 83' lang='lat' dir='ltr'><strong>De</strong></span> <span class='ocrx_word' id='word_1_242' title='bbox 1082 3712 1271 3767; x_wconf 86' lang='lat' dir='ltr'><strong>abbate</strong></span> <span class='ocrx_word' id='word_1_243' title='bbox 1309 3712 1667 3769; x_wconf 76' lang='lat' dir='ltr'><strong>Clucremone.</strong></span> 
     </span>
    </p>
   </div>
   <div class='ocr_carea' id='block_1_36' title="bbox 587 3817 2095 3895">
    <p class='ocr_par' dir='ltr' id='par_1_36' title="bbox 587 3817 2095 3895">
     <span class='ocr_line' id='line_1_36' title="bbox 587 3817 2095 3895; baseline 0.004 -23"><span class='ocrx_word' id='word_1_244' title='bbox 587 3817 897 3875; x_wconf 75' lang='lat' dir='ltr'><strong>Narrabant</strong></span> <span class='ocrx_word' id='word_1_245' title='bbox 921 3820 990 3876; x_wconf 86' lang='lat' dir='ltr'><strong>de</strong></span> <span class='ocrx_word' id='word_1_246' title='bbox 1017 3821 1217 3877; x_wconf 87' lang='lat' dir='ltr'><strong>abbate</strong></span> <span class='ocrx_word' id='word_1_247' title='bbox 1239 3821 1596 3879; x_wconf 68' lang='lat' dir='ltr'><strong>Cltmremone</strong></span> <span class='ocrx_word' id='word_1_248' title='bbox 1633 3825 1687 3878; x_wconf 92' lang='lat' dir='ltr'><strong>iu</strong></span> <span class='ocrx_word' id='word_1_249' title='bbox 1741 3823 1911 3887; x_wconf 89' lang='lat' dir='ltr'><strong>Sceti,</strong></span> <span class='ocrx_word' id='word_1_250' title='bbox 1947 3825 2095 3895; x_wconf 83' lang='lat' dir='ltr'><strong>quod</strong></span> 
     </span>
    </p>
   </div>
   <div class='ocr_carea' id='block_1_37' title="bbox 518 3911 2096 3988">
    <p class='ocr_par' dir='ltr' id='par_1_37' title="bbox 518 3911 2096 3988">
     <span class='ocr_line' id='line_1_37' title="bbox 518 3911 2096 3988; baseline 0.001 -21"><span class='ocrx_word' id='word_1_251' title='bbox 518 3911 784 3982; x_wconf 86' lang='lat' dir='ltr'><strong>spelunca</strong></span> <span class='ocrx_word' id='word_1_252' title='bbox 814 3912 935 3983; x_wconf 86' lang='lat' dir='ltr'><strong>ejus</strong></span> <span class='ocrx_word' id='word_1_253' title='bbox 963 3913 1193 3969; x_wconf 88' lang='lat' dir='ltr'><strong>distaret</strong></span> <span class='ocrx_word' id='word_1_254' title='bbox 1220 3914 1290 3969; x_wconf 90' lang='lat' dir='ltr'><strong>ab</strong></span> <span class='ocrx_word' id='word_1_255' title='bbox 1312 3915 1546 3971; x_wconf 85' lang='lat' dir='ltr'><strong>ecclesia</strong></span> <span class='ocrx_word' id='word_1_256' title='bbox 1580 3916 1945 3988; x_wconf 75' lang='lat' dir='ltr'><strong>quadraginta</strong></span> <span class='ocrx_word' id='word_1_257' title='bbox 1967 3917 2096 3970; x_wconf 89' lang='lat' dir='ltr'><strong>mil-</strong></span> 
     </span>
    </p>
   </div>
   <div class='ocr_carea' id='block_1_38' title="bbox 514 4002 2096 4078">
    <p class='ocr_par' dir='ltr' id='par_1_38' title="bbox 514 4002 2096 4078">
     <span class='ocr_line' id='line_1_38' title="bbox 514 4002 2096 4078; baseline 0.004 -22"><span class='ocrx_word' id='word_1_258' title='bbox 514 4002 696 4069; x_wconf 81' lang='lat' dir='ltr'><strong>liaria,</strong></span> <span class='ocrx_word' id='word_1_259' title='bbox 724 4006 757 4058; x_wconf 77' lang='lat' dir='ltr'><strong>’a</strong></span> <span class='ocrx_word' id='word_1_260' title='bbox 790 4004 986 4074; x_wconf 87' lang='lat' dir='ltr'><strong>p’alude</strong></span> <span class='ocrx_word' id='word_1_261' title='bbox 1016 4020 1147 4061; x_wconf 82' lang='lat' dir='ltr'><strong>vero</strong></span> <span class='ocrx_word' id='word_1_262' title='bbox 1182 4015 1237 4062; x_wconf 86' lang='lat' dir='ltr'><strong>et</strong></span> <span class='ocrx_word' id='word_1_263' title='bbox 1278 4021 1420 4076; x_wconf 86' lang='lat' dir='ltr'><strong>aqua</strong></span> <span class='ocrx_word' id='word_1_264' title='bbox 1454 4006 1744 4062; x_wconf 87' lang='lat' dir='ltr'><strong>duodecim</strong></span> <span class='ocrx_word' id='word_1_265' title='bbox 1780 4025 1794 4075; x_wconf 90' lang='lat'><strong>;</strong></span> <span class='ocrx_word' id='word_1_266' title='bbox 1826 4015 1991 4078; x_wconf 91' lang='lat' dir='ltr'><strong>atque</strong></span> <span class='ocrx_word' id='word_1_267' title='bbox 2014 4007 2096 4064; x_wconf 92' lang='lat' dir='ltr'><strong>sic</strong></span> 
     </span>
    </p>
   </div>
   <div class='ocr_carea' id='block_1_39' title="bbox 519 4093 2096 4170">
    <p class='ocr_par' dir='ltr' id='par_1_39' title="bbox 519 4093 2096 4170">
     <span class='ocr_line' id='line_1_39' title="bbox 519 4093 2096 4170; baseline 0.003 -22"><span class='ocrx_word' id='word_1_268' title='bbox 519 4093 750 4151; x_wconf 68' lang='lat' dir='ltr'><strong>inferret</strong></span> <span class='ocrx_word' id='word_1_269' title='bbox 789 4095 845 4148; x_wconf 79' lang='lat' dir='ltr'><strong>iit</strong></span> <span class='ocrx_word' id='word_1_270' title='bbox 881 4096 1202 4165; x_wconf 89' lang='lat' dir='ltr'><strong>speluncam</strong></span> <span class='ocrx_word' id='word_1_271' title='bbox 1244 4113 1399 4151; x_wconf 84' lang='lat' dir='ltr'><strong>suam</strong></span> <span class='ocrx_word' id='word_1_272' title='bbox 1434 4096 1580 4167; x_wconf 87' lang='lat' dir='ltr'><strong>quod</strong></span> <span class='ocrx_word' id='word_1_273' title='bbox 1606 4098 1861 4153; x_wconf 89' lang='lat' dir='ltr'><strong>manibus</strong></span> <span class='ocrx_word' id='word_1_274' title='bbox 1897 4115 2096 4170; x_wconf 87' lang='lat' dir='ltr'><strong>opera-</strong></span> 
     </span>
    </p>
   </div>
   <div class='ocr_carea' id='block_1_40' title="bbox 520 4186 2095 4258">
    <p class='ocr_par' dir='ltr' id='par_1_40' title="bbox 520 4186 2095 4258">
     <span class='ocr_line' id='line_1_40' title="bbox 520 4186 2095 4258; baseline 0.008 -23"><span class='ocrx_word' id='word_1_275' title='bbox 520 4186 674 4237; x_wconf 77' lang='lat' dir='ltr'><strong>retur</strong></span> <span class='ocrx_word' id='word_1_276' title='bbox 704 4202 719 4250; x_wconf 90' lang='lat'><strong>;</strong></span> <span class='ocrx_word' id='word_1_277' title='bbox 754 4188 1109 4256; x_wconf 84' lang='lat' dir='ltr'><strong>&#39;portaretque</strong></span> <span class='ocrx_word' id='word_1_278' title='bbox 1140 4187 1360 4258; x_wconf 84' lang='lat' dir='ltr'><strong>lagenas</strong></span> <span class='ocrx_word' id='word_1_279' title='bbox 1397 4188 1537 4244; x_wconf 85' lang='lat' dir='ltr'><strong>duas</strong></span> <span class='ocrx_word' id='word_1_280' title='bbox 1566 4204 1730 4242; x_wconf 88' lang='lat' dir='ltr'><strong>unam</strong></span> <span class='ocrx_word' id='word_1_281' title='bbox 1773 4205 1839 4244; x_wconf 79' lang='lat' dir='ltr'><strong>ex</strong></span> <span class='ocrx_word' id='word_1_282' title='bbox 1863 4190 2095 4247; x_wconf 81' lang='lat' dir='ltr'><strong>adverso</strong></span> 
     </span>
    </p>
   </div>
   <div class='ocr_carea' id='block_1_41' title="bbox 520 4272 1868 4347">
    <p class='ocr_par' dir='ltr' id='par_1_41' title="bbox 520 4272 1868 4347">
     <span class='ocr_line' id='line_1_41' title="bbox 520 4272 1868 4347; baseline 0.007 -21"><span class='ocrx_word' id='word_1_283' title='bbox 520 4272 747 4330; x_wconf 80' lang='lat' dir='ltr'><strong>alterius</strong></span> <span class='ocrx_word' id='word_1_284' title='bbox 772 4293 794 4341; x_wconf 80' lang='lat'><strong>-,</strong></span> <span class='ocrx_word' id='word_1_285' title='bbox 815 4291 879 4329; x_wconf 90' lang='lat' dir='ltr'><strong>ac</strong></span> <span class='ocrx_word' id='word_1_286' title='bbox 902 4276 1140 4341; x_wconf 73' lang='lat' dir='ltr'><strong>sederet,</strong></span> <span class='ocrx_word' id='word_1_287' title='bbox 1168 4279 1412 4347; x_wconf 88' lang='lat' dir='ltr'><strong>quietam</strong></span> <span class='ocrx_word' id='word_1_288' title='bbox 1447 4279 1611 4334; x_wconf 76' lang='lat' dir='ltr'><strong>vitam</strong></span> <span class='ocrx_word' id='word_1_289' title='bbox 1636 4280 1868 4335; x_wconf 85' lang='lat' dir='ltr'><strong>ducens.</strong></span> 
     </span>
    </p>
   </div>
   <div class='ocr_carea' id='block_1_42' title="bbox 960 4428 1653 4500">
    <p class='ocr_par' dir='ltr' id='par_1_42' title="bbox 960 4428 1653 4500">
     <span class='ocr_line' id='line_1_42' title="bbox 960 4428 1653 4500; baseline 0.01 -18"><span class='ocrx_word' id='word_1_290' title='bbox 960 4428 1295 4500; x_wconf 86' lang='lat' dir='ltr'><strong>Principium</strong></span> <span class='ocrx_word' id='word_1_291' title='bbox 1339 4431 1534 4488; x_wconf 66' lang='lat' dir='ltr'><strong>litterae</strong></span> <span class='ocrx_word' id='word_1_292' title='bbox 1574 4434 1653 4489; x_wconf 80' lang='grc' dir='ltr'><strong>Ψ.</strong></span> 
     </span>
    </p>
   </div>
   <div class='ocr_carea' id='block_1_43' title="bbox 943 4540 1672 4601">
    <p class='ocr_par' dir='ltr' id='par_1_43' title="bbox 943 4540 1672 4601">
     <span class='ocr_line' id='line_1_43' title="bbox 943 4540 1672 4601; baseline 0.01 -7"><span class='ocrx_word' id='word_1_293' title='bbox 943 4541 1021 4595; x_wconf 82' lang='lat' dir='ltr'><strong>De</strong></span> <span class='ocrx_word' id='word_1_294' title='bbox 1066 4541 1258 4596; x_wconf 86' lang='lat' dir='ltr'><strong>abbate</strong></span> <span class='ocrx_word' id='word_1_295' title='bbox 1304 4540 1672 4601; x_wconf 78' lang='lat' dir='ltr'><strong>Psentltaisio.</strong></span> 
     </span>
    </p>
   </div>
   <div class='ocr_carea' id='block_1_44' title="bbox 593 4651 2094 4724">
    <p class='ocr_par' dir='ltr' id='par_1_44' title="bbox 593 4651 2094 4724">
     <span class='ocr_line' id='line_1_44' title="bbox 593 4651 2094 4724; baseline 0.005 -17"><span class='ocrx_word' id='word_1_296' title='bbox 593 4651 704 4724; x_wconf 68' lang='grc' dir='ltr'><strong>(Ξῖ)</strong></span> <span class='ocrx_word' id='word_1_297' title='bbox 739 4651 1000 4707; x_wconf 83' lang='lat' dir='ltr'><strong>Dixerunt</strong></span> <span class='ocrx_word' id='word_1_298' title='bbox 1025 4653 1195 4711; x_wconf 84' lang='lat' dir='ltr'><strong>abbas</strong></span> <span class='ocrx_word' id='word_1_299' title='bbox 1220 4654 1601 4712; x_wconf 85' lang='lat' dir='ltr'><strong>Psentbaisius</strong></span> <span class='ocrx_word' id='word_1_300' title='bbox 1630 4665 1685 4712; x_wconf 90' lang='lat' dir='ltr'><strong>et</strong></span> <span class='ocrx_word' id='word_1_301' title='bbox 1718 4657 1888 4712; x_wconf 88' lang='lat' dir='ltr'><strong>abbas</strong></span> <span class='ocrx_word' id='word_1_302' title='bbox 1917 4656 2094 4714; x_wconf 89' lang='lat' dir='ltr'><strong>Surus</strong></span> 
     </span>
    </p>
   </div>
   <div class='ocr_carea' id='block_1_45' title="bbox 519 4741 2094 4804">
    <p class='ocr_par' dir='ltr' id='par_1_45' title="bbox 519 4741 2094 4804">
     <span class='ocr_line' id='line_1_45' title="bbox 519 4741 2094 4804; baseline 0.002 -5"><span class='ocrx_word' id='word_1_303' title='bbox 519 4751 574 4799; x_wconf 79' lang='lat' dir='ltr'><strong>ct</strong></span> <span class='ocrx_word' id='word_1_304' title='bbox 601 4741 798 4799; x_wconf 87' lang='lat' dir='ltr'><strong>Psoius</strong></span> <span class='ocrx_word' id='word_1_305' title='bbox 830 4760 845 4797; x_wconf 91' lang='lat'><strong>:</strong></span> <span class='ocrx_word' id='word_1_306' title='bbox 875 4741 1012 4797; x_wconf 90' lang='lat' dir='ltr'><strong>Dum</strong></span> <span class='ocrx_word' id='word_1_307' title='bbox 1044 4744 1362 4801; x_wconf 89' lang='lat' dir='ltr'><strong>audiremus</strong></span> <span class='ocrx_word' id='word_1_308' title='bbox 1391 4761 1674 4802; x_wconf 84' lang='lat' dir='ltr'><strong>sermones</strong></span> <span class='ocrx_word' id='word_1_309' title='bbox 1695 4745 1874 4802; x_wconf 91' lang='lat' dir='ltr'><strong>Patris</strong></span> <span class='ocrx_word' id='word_1_310' title='bbox 1916 4748 2094 4804; x_wconf 89' lang='lat' dir='ltr'><strong>nostri</strong></span> 
     </span>
    </p>
   </div>
   <div class='ocr_carea' id='block_1_46' title="bbox 520 4832 2091 4908">
    <p class='ocr_par' dir='ltr' id='par_1_46' title="bbox 520 4832 2091 4908">
     <span class='ocr_line' id='line_1_46' title="bbox 520 4832 2091 4908; baseline 0.004 -20"><span class='ocrx_word' id='word_1_311' title='bbox 520 4834 735 4891; x_wconf 85' lang='lat' dir='ltr'><strong>abbatis</strong></span> <span class='ocrx_word' id='word_1_312' title='bbox 783 4832 1088 4901; x_wconf 76' lang='lat' dir='ltr'><strong>Pachumii,</strong></span> <span class='ocrx_word' id='word_1_313' title='bbox 1138 4838 1434 4893; x_wconf 90' lang='lat' dir='ltr'><strong>admodum</strong></span> <span class='ocrx_word' id='word_1_314' title='bbox 1500 4838 1958 4908; x_wconf 78' lang='lat' dir='ltr'><strong>proﬁciebamus,</strong></span> <span class='ocrx_word' id='word_1_315' title='bbox 2022 4841 2091 4896; x_wconf 87' lang='lat' dir='ltr'><strong>ad</strong></span> 
     </span>
    </p>
   </div>
   <div class='ocr_carea' id='block_1_47' title="bbox 519 4924 2091 4996">
    <p class='ocr_par' dir='ltr' id='par_1_47' title="bbox 519 4924 2091 4996">
     <span class='ocr_line' id='line_1_47' title="bbox 519 4924 2091 4996; baseline 0.005 -19"><span class='ocrx_word' id='word_1_316' title='bbox 519 4924 921 4978; x_wconf 68' lang='lat' dir='ltr'><strong>aruulationem</strong></span> <span class='ocrx_word' id='word_1_317' title='bbox 954 4924 1221 4981; x_wconf 88' lang='lat' dir='ltr'><strong>bonorum</strong></span> <span class='ocrx_word' id='word_1_318' title='bbox 1268 4941 1494 4996; x_wconf 86' lang='lat' dir='ltr'><strong>operum</strong></span> <span class='ocrx_word' id='word_1_319' title='bbox 1516 4926 1758 4981; x_wconf 85' lang='lat' dir='ltr'><strong>excitati.</strong></span> <span class='ocrx_word' id='word_1_320' title='bbox 1789 4928 2091 4986; x_wconf 82' lang='lat' dir='ltr'><strong>Cernentes</strong></span> 
     </span>
    </p>
   </div>
   <div class='ocr_carea' id='block_1_48' title="bbox 520 5014 2094 5090">
    <p class='ocr_par' dir='ltr' id='par_1_48' title="bbox 520 5014 2094 5090">
     <span class='ocr_line' id='line_1_48' title="bbox 520 5014 2094 5090; baseline 0.008 -24"><span class='ocrx_word' id='word_1_321' title='bbox 520 5022 701 5069; x_wconf 85' lang='lat' dir='ltr'><strong>autem</strong></span> <span class='ocrx_word' id='word_1_322' title='bbox 731 5014 855 5084; x_wconf 86' lang='lat' dir='ltr'><strong>ejus</strong></span> <span class='ocrx_word' id='word_1_323' title='bbox 886 5017 1051 5070; x_wconf 89' lang='lat' dir='ltr'><strong>etiam</strong></span> <span class='ocrx_word' id='word_1_324' title='bbox 1083 5017 1321 5072; x_wconf 83' lang='lat' dir='ltr'><strong>tacentis</strong></span> <span class='ocrx_word' id='word_1_325' title='bbox 1340 5019 1636 5084; x_wconf 87' lang='lat' dir='ltr'><strong>actionem,</strong></span> <span class='ocrx_word' id='word_1_326' title='bbox 1664 5033 1787 5087; x_wconf 71' lang='lat' dir='ltr'><strong>qua:</strong></span> <span class='ocrx_word' id='word_1_327' title='bbox 1820 5019 1940 5090; x_wconf 89' lang='lat' dir='ltr'><strong>ipsa</strong></span> <span class='ocrx_word' id='word_1_328' title='bbox 1975 5037 2094 5077; x_wconf 83' lang='lat' dir='ltr'><strong>ser-</strong></span> 
     </span>
    </p>
   </div>
   <div class='ocr_carea' id='block_1_49' title="bbox 521 5104 2097 5172">
    <p class='ocr_par' dir='ltr' id='par_1_49' title="bbox 521 5104 2097 5172">
     <span class='ocr_line' id='line_1_49' title="bbox 521 5104 2097 5172; baseline 0.01 -17"><span class='ocrx_word' id='word_1_329' title='bbox 521 5119 612 5158; x_wconf 81' lang='lat' dir='ltr'><strong>mo</strong></span> <span class='ocrx_word' id='word_1_330' title='bbox 638 5112 779 5172; x_wconf 87' lang='lat' dir='ltr'><strong>erat,</strong></span> <span class='ocrx_word' id='word_1_331' title='bbox 798 5104 1487 5169; x_wconf 79' lang='lat' dir='ltr'><strong>admirabamur,diceutes</strong></span> <span class='ocrx_word' id='word_1_332' title='bbox 1510 5108 1647 5162; x_wconf 90' lang='lat' dir='ltr'><strong>alter</strong></span> <span class='ocrx_word' id='word_1_333' title='bbox 1668 5108 1822 5164; x_wconf 89' lang='lat' dir='ltr'><strong>alteri</strong></span> <span class='ocrx_word' id='word_1_334' title='bbox 1850 5129 1864 5164; x_wconf 88' lang='lat'>:</span> <span class='ocrx_word' id='word_1_335' title='bbox 1896 5111 2097 5169; x_wconf 81' lang='lat' dir='ltr'><strong>Existi-</strong></span> 
     </span>
    </p>
   </div>
   <div class='ocr_carea' id='block_1_50' title="bbox 521 5195 2096 5265">
    <p class='ocr_par' dir='ltr' id='par_1_50' title="bbox 521 5195 2096 5265">
     <span class='ocr_line' id='line_1_50' title="bbox 521 5195 2096 5265; baseline 0.01 -19"><span class='ocrx_word' id='word_1_336' title='bbox 521 5195 827 5265; x_wconf 86' lang='lat' dir='ltr'><strong>mabamus,</strong></span> <span class='ocrx_word' id='word_1_337' title='bbox 857 5213 1050 5253; x_wconf 88' lang='lat' dir='ltr'><strong>omnes</strong></span> <span class='ocrx_word' id='word_1_338' title='bbox 1096 5206 1319 5254; x_wconf 87' lang='lat' dir='ltr'><strong>sanctos</strong></span> <span class='ocrx_word' id='word_1_339' title='bbox 1367 5214 1435 5254; x_wconf 76' lang='lat' dir='ltr'><strong>ex</strong></span> <span class='ocrx_word' id='word_1_340' title='bbox 1472 5211 1630 5256; x_wconf 81' lang='lat' dir='ltr'><strong>utero</strong></span> <span class='ocrx_word' id='word_1_341' title='bbox 1657 5202 1851 5257; x_wconf 90' lang='lat' dir='ltr'><strong>matris</strong></span> <span class='ocrx_word' id='word_1_342' title='bbox 1878 5221 1991 5261; x_wconf 78' lang='lat' dir='ltr'><strong>sua:</strong></span> <span class='ocrx_word' id='word_1_343' title='bbox 2020 5208 2096 5261; x_wconf 89' lang='lat' dir='ltr'><strong>ita</strong></span> 
     </span>
    </p>
   </div>
   <div class='ocr_carea' id='block_1_51' title="bbox 523 5282 2097 5359">
    <p class='ocr_par' dir='ltr' id='par_1_51' title="bbox 523 5282 2097 5359">
     <span class='ocr_line' id='line_1_51' title="bbox 523 5282 2097 5359; baseline 0.01 -24"><span class='ocrx_word' id='word_1_344' title='bbox 523 5282 698 5341; x_wconf 73' lang='lat' dir='ltr'><strong>iactos</strong></span> <span class='ocrx_word' id='word_1_345' title='bbox 735 5302 859 5345; x_wconf 86' lang='lat' dir='ltr'><strong>esse</strong></span> <span class='ocrx_word' id='word_1_346' title='bbox 909 5304 939 5343; x_wconf 72' lang='grc' dir='ltr'><strong>ει</strong></span> <span class='ocrx_word' id='word_1_347' title='bbox 980 5288 1123 5354; x_wconf 84' lang='lat' dir='ltr'><strong>Deo,</strong></span> <span class='ocrx_word' id='word_1_348' title='bbox 1159 5297 1383 5346; x_wconf 82' lang='lat' dir='ltr'><strong>sanctos</strong></span> <span class='ocrx_word' id='word_1_349' title='bbox 1431 5306 1496 5346; x_wconf 84' lang='lat' dir='ltr'><strong>ac</strong></span> <span class='ocrx_word' id='word_1_350' title='bbox 1548 5292 1949 5359; x_wconf 86' lang='lat' dir='ltr'><strong>immutabiles,</strong></span> <span class='ocrx_word' id='word_1_351' title='bbox 1986 5288 2097 5352; x_wconf 84' lang='lat' dir='ltr'><strong>non</strong></span> 
     </span>
    </p>
   </div>
   <div class='ocr_carea' id='block_1_52' title="bbox 522 5377 2094 5456">
    <p class='ocr_par' dir='ltr' id='par_1_52' title="bbox 522 5377 2094 5456">
     <span class='ocr_line' id='line_1_52' title="bbox 522 5377 2094 5456; baseline 0.01 -31"><span class='ocrx_word' id='word_1_352' title='bbox 522 5382 703 5429; x_wconf 78' lang='lat' dir='ltr'><strong>autem</strong></span> <span class='ocrx_word' id='word_1_353' title='bbox 739 5377 975 5444; x_wconf 83' lang='lat' dir='ltr'><strong>liberos;</strong></span> <span class='ocrx_word' id='word_1_354' title='bbox 1009 5387 1330 5450; x_wconf 88' lang='lat' dir='ltr'><strong>peccatores</strong></span> <span class='ocrx_word' id='word_1_355' title='bbox 1380 5396 1511 5438; x_wconf 75' lang='lat' dir='ltr'><strong>vero</strong></span> <span class='ocrx_word' id='word_1_356' title='bbox 1544 5399 1652 5439; x_wconf 88' lang='lat' dir='ltr'><strong>non</strong></span> <span class='ocrx_word' id='word_1_357' title='bbox 1696 5392 1858 5454; x_wconf 84' lang='lat' dir='ltr'><strong>posse</strong></span> <span class='ocrx_word' id='word_1_358' title='bbox 1900 5387 1986 5456; x_wconf 88' lang='lat' dir='ltr'><strong>pie</strong></span> <span class='ocrx_word' id='word_1_359' title='bbox 2013 5389 2094 5440; x_wconf 74' lang='lat' dir='ltr'><strong>vi-</strong></span> 
     </span>
    </p>
   </div>
   <div class='ocr_carea' id='block_1_53' title="bbox 669 5510 2021 5587">
    <p class='ocr_par' dir='ltr' id='par_1_53' title="bbox 669 5510 2021 5587">
     <span class='ocr_line' id='line_1_53' title="bbox 669 5510 2021 5587; baseline 0.006 -25"><span class='ocrx_word' id='word_1_360' title='bbox 669 5510 753 5564; x_wconf 82' lang='grc' dir='ltr'><strong>ΑΙ.</strong></span> <span class='ocrx_word' id='word_1_361' title='bbox 791 5512 992 5584; x_wconf 71' lang='grc' dir='ltr'><strong>Φορτί</strong></span> <span class='ocrx_word' id='word_1_362' title='bbox 1069 5513 1115 5545; x_wconf 79' lang='grc'><strong>’⁸</strong></span> <span class='ocrx_word' id='word_1_363' title='bbox 1145 5512 1232 5569; x_wconf 84' lang='lat' dir='ltr'><strong>Al.</strong></span> <span class='ocrx_word' id='word_1_364' title='bbox 1271 5515 1479 5587; x_wconf 84' lang='grc' dir='ltr'><strong>Χαμαί.</strong></span> <span class='ocrx_word' id='word_1_365' title='bbox 1555 5517 1568 5546; x_wconf 87' lang='grc'>¹</span> <span class='ocrx_word' id='word_1_366' title='bbox 1606 5516 1695 5572; x_wconf 83' lang='lat' dir='ltr'><strong>Al.</strong></span> <span class='ocrx_word' id='word_1_367' title='bbox 1723 5517 2021 5572; x_wconf 76' lang='grc' dir='ltr'><strong>Ψανταὶου.</strong></span> 
     </span>
    </p>
   </div>
   <div class='ocr_carea' id='block_1_54' title="bbox 617 5652 1256 5717">
    <p class='ocr_par' dir='ltr' id='par_1_54' title="bbox 617 5652 1256 5717">
     <span class='ocr_line' id='line_1_54' title="bbox 617 5652 1256 5717; baseline 0.016 -11"><span class='ocrx_word' id='word_1_368' title='bbox 617 5652 710 5717; x_wconf 74' lang='lat'><strong>25)</strong></span> <span class='ocrx_word' id='word_1_369' title='bbox 756 5653 862 5711; x_wconf 84' lang='lat' dir='ltr'><strong>Vit.</strong></span> <span class='ocrx_word' id='word_1_370' title='bbox 896 5657 1048 5713; x_wconf 83' lang='lat' dir='ltr'><strong>Patr.</strong></span> <span class='ocrx_word' id='word_1_371' title='bbox 1088 5676 1162 5717; x_wconf 83' lang='grc' dir='ltr'><strong>νι.</strong></span> <span class='ocrx_word' id='word_1_372' title='bbox 1190 5661 1256 5716; x_wconf 75' lang='grc'>15</span> 
     </span>
    </p>
   </div>
   <div class='ocr_carea' id='block_1_55' title="bbox 594 5654 1225 5796">
    <p class='ocr_par' dir='ltr' id='par_1_55' title="bbox 594 5654 1225 5796">
     <span class='ocr_line' id='line_1_55' title="bbox 617 5654 1225 5717; baseline 0.01 -11"><span class='ocrx_word' id='word_1_373' title='bbox 617 5654 710 5717; x_wconf 75' lang='lat'><strong>25)</strong></span> <span class='ocrx_word' id='word_1_374' title='bbox 756 5654 862 5711; x_wconf 85' lang='lat' dir='ltr'><strong>Vit.</strong></span> <span class='ocrx_word' id='word_1_375' title='bbox 896 5657 1048 5713; x_wconf 83' lang='lat' dir='ltr'><strong>Patr.</strong></span> <span class='ocrx_word' id='word_1_376' title='bbox 1088 5676 1162 5717; x_wconf 83' lang='grc' dir='ltr'><strong>νι.</strong></span> <span class='ocrx_word' id='word_1_377' title='bbox 1190 5662 1225 5712; x_wconf 56' lang='grc' dir='ltr'><strong>ἰη</strong></span> 
     </span>
     <span class='ocr_line' id='line_1_56' title="bbox 594 5654 1225 5796; baseline 0.005 -19"><span class='ocrx_word' id='word_1_378' title='bbox 594 5654 708 5796; x_wconf 45' lang='grc' dir='ltr'><strong>ἓὶὸ)</strong></span> <span class='ocrx_word' id='word_1_379' title='bbox 757 5724 861 5780; x_wconf 77' lang='grc' dir='ltr'><strong>γει.</strong></span> <span class='ocrx_word' id='word_1_380' title='bbox 890 5725 1041 5781; x_wconf 82' lang='lat' dir='ltr'><strong>Patr.</strong></span> <span class='ocrx_word' id='word_1_381' title='bbox 1075 5745 1112 5793; x_wconf 81' lang='grc' dir='ltr'><strong>ι,</strong></span> <span class='ocrx_word' id='word_1_382' title='bbox 1142 5729 1225 5782; x_wconf 77' lang='lat' dir='ltr'><strong>i8.</strong></span> 
     </span>
    </p>
   </div>
   <div class='ocr_carea' id='block_1_56' title="bbox 1632 328 2564 391">
    <p class='ocr_par' dir='ltr' id='par_1_56' title="bbox 1632 328 2564 391">
     <span class='ocr_line' id='line_1_57' title="bbox 1632 328 2564 391; baseline 0.006 -8"><span class='ocrx_word' id='word_1_383' title='bbox 1632 328 1975 388; x_wconf 77' lang='lat' dir='ltr'><strong>APPENDIX</strong></span> <span class='ocrx_word' id='word_1_384' title='bbox 2010 331 2102 387; x_wconf 79' lang='lat' dir='ltr'><strong>AD</strong></span> <span class='ocrx_word' id='word_1_385' title='bbox 2139 332 2564 391; x_wconf 74' lang='grc' dir='ltr'><strong>ΡΑιιΑυιυιι.</strong></span> 
     </span>
    </p>
   </div>
   <div class='ocr_carea' id='block_1_57' title="bbox 2103 454 2155 515">
    <p class='ocr_par' dir='ltr' id='par_1_57' title="bbox 2103 454 2155 515">
     <span class='ocr_line' id='line_1_58' title="bbox 2103 454 2155 515; baseline 0 0"><span class='ocrx_word' id='word_1_386' title='bbox 2103 454 2155 515; x_wconf 77' lang='grc' dir='ltr'><strong>Δ</strong></span> 
     </span>
    </p>
   </div>
   <div class='ocr_carea' id='block_1_58' title="bbox 3642 324 3758 383">
    <p class='ocr_par' dir='ltr' id='par_1_58' title="bbox 3642 324 3758 383">
     <span class='ocr_line' id='line_1_59' title="bbox 3642 324 3758 383; baseline 0.017 -2"><span class='ocrx_word' id='word_1_387' title='bbox 3642 324 3758 383; x_wconf 61' lang='grc'><strong>136</strong></span> 
     </span>
    </p>
   </div>
   <div class='ocr_carea' id='block_1_59' title="bbox 2534 440 3403 516">
    <p class='ocr_par' dir='ltr' id='par_1_59' title="bbox 2534 440 3403 516">
     <span class='ocr_line' id='line_1_60' title="bbox 2534 440 3403 516; baseline -0.01 -14"><span class='ocrx_word' id='word_1_388' title='bbox 2534 447 2673 516; x_wconf 80' lang='grc' dir='ltr'><strong>Περί</strong></span> <span class='ocrx_word' id='word_1_389' title='bbox 2720 445 2827 500; x_wconf 82' lang='grc' dir='ltr'><strong>τοῦ</strong></span> <span class='ocrx_word' id='word_1_390' title='bbox 2877 442 3027 500; x_wconf 76' lang='grc' dir='ltr'><strong>(ἰσόᾶ</strong></span> <span class='ocrx_word' id='word_1_391' title='bbox 3061 440 3403 513; x_wconf 51' lang='lat' dir='ltr'><strong>«lunatam</strong></span> 
     </span>
    </p>
   </div>
   <div class='ocr_carea' id='block_1_60' title="bbox 2254 529 3757 612">
    <p class='ocr_par' dir='ltr' id='par_1_60' title="bbox 2254 529 3757 612">
     <span class='ocr_line' id='line_1_61' title="bbox 2254 529 3757 612; baseline -0.003 -21"><span class='ocrx_word' id='word_1_392' title='bbox 2254 539 2544 612; x_wconf 70' lang='grc' dir='ltr'><strong>Φιλάγριος</strong></span> <span class='ocrx_word' id='word_1_393' title='bbox 2578 536 2647 611; x_wconf 72' lang='grc' dir='ltr'><strong>ἦν</strong></span> <span class='ocrx_word' id='word_1_394' title='bbox 2681 554 2768 602; x_wconf 78' lang='grc' dir='ltr'><strong>τις</strong></span> <span class='ocrx_word' id='word_1_395' title='bbox 2803 536 2911 592; x_wconf 79' lang='grc' dir='ltr'><strong>τῶν</strong></span> <span class='ocrx_word' id='word_1_396' title='bbox 2956 536 3126 606; x_wconf 81' lang='grc' dir='ltr'><strong>ἁγίων</strong></span> <span class='ocrx_word' id='word_1_397' title='bbox 3154 533 3468 603; x_wconf 81' lang='grc' dir='ltr'><strong>λεγόμενος,</strong></span> <span class='ocrx_word' id='word_1_398' title='bbox 3508 529 3675 585; x_wconf 84' lang='grc' dir='ltr'><strong>οἰκῶν</strong></span> <span class='ocrx_word' id='word_1_399' title='bbox 3705 529 3757 586; x_wconf 69' lang='grc' dir='ltr'><strong>δί</strong></span> 
     </span>
    </p>
   </div>
   <div class='ocr_carea' id='block_1_61' title="bbox 2186 622 3760 705">
    <p class='ocr_par' dir='ltr' id='par_1_61' title="bbox 2186 622 3760 705">
     <span class='ocr_line' id='line_1_62' title="bbox 2186 622 3760 705; baseline -0.006 -21"><span class='ocrx_word' id='word_1_400' title='bbox 2186 631 2245 684; x_wconf 79' lang='grc' dir='ltr'><strong>ὲν</strong></span> <span class='ocrx_word' id='word_1_401' title='bbox 2268 635 2335 703; x_wconf 75' lang='grc' dir='ltr'><strong>τῇ</strong></span> <span class='ocrx_word' id='word_1_402' title='bbox 2368 635 2563 705; x_wconf 75' lang='grc' dir='ltr'><strong>ἐρήμῳ</strong></span> <span class='ocrx_word' id='word_1_403' title='bbox 2609 629 3021 703; x_wconf 83' lang='grc' dir='ltr'><strong>Ἱεροσολύμων,</strong></span> <span class='ocrx_word' id='word_1_404' title='bbox 3071 626 3166 680; x_wconf 72' lang='grc' dir='ltr'><strong>καὶ</strong></span> <span class='ocrx_word' id='word_1_405' title='bbox 3201 622 3568 695; x_wconf 72' lang='grc' dir='ltr'><strong>ἐργαζόμενος</strong></span> <span class='ocrx_word' id='word_1_406' title='bbox 3608 622 3760 693; x_wconf 71' lang='grc' dir='ltr'><strong>κόπῳ</strong></span> 
     </span>
    </p>
   </div>
   <div class='ocr_carea' id='block_1_62' title="bbox 2188 710 3761 793">
    <p class='ocr_par' dir='ltr' id='par_1_62' title="bbox 2188 710 3761 793">
     <span class='ocr_line' id='line_1_63' title="bbox 2188 710 3761 793; baseline -0.007 -21"><span class='ocrx_word' id='word_1_407' title='bbox 2188 720 2274 773; x_wconf 79' lang='grc' dir='ltr'><strong>ἴνα</strong></span> <span class='ocrx_word' id='word_1_408' title='bbox 2291 722 2494 793; x_wconf 81' lang='grc' dir='ltr'><strong>ποιήσῃ</strong></span> <span class='ocrx_word' id='word_1_409' title='bbox 2510 721 2599 774; x_wconf 81' lang='grc' dir='ltr'><strong>τὸν</strong></span> <span class='ocrx_word' id='word_1_410' title='bbox 2620 719 2749 774; x_wconf 80' lang='grc' dir='ltr'><strong>ἴδιον</strong></span> <span class='ocrx_word' id='word_1_411' title='bbox 2772 718 2957 790; x_wconf 71' lang='grc' dir='ltr'><strong>ἄρτον.</strong></span> <span class='ocrx_word' id='word_1_412' title='bbox 2981 716 3092 768; x_wconf 80' lang='grc' dir='ltr'><strong>Καὶ</strong></span> <span class='ocrx_word' id='word_1_413' title='bbox 3118 714 3193 777; x_wconf 82' lang='grc' dir='ltr'><strong>ὡς</strong></span> <span class='ocrx_word' id='word_1_414' title='bbox 3216 714 3402 765; x_wconf 73' lang='grc' dir='ltr'><strong>ἵστατο</strong></span> <span class='ocrx_word' id='word_1_415' title='bbox 3424 712 3483 764; x_wconf 79' lang='grc' dir='ltr'><strong>ὲν</strong></span> <span class='ocrx_word' id='word_1_416' title='bbox 3502 713 3570 782; x_wconf 73' lang='grc' dir='ltr'><strong>τῇ</strong></span> <span class='ocrx_word' id='word_1_417' title='bbox 3588 710 3761 781; x_wconf 82' lang='grc' dir='ltr'><strong>ἀγορᾷ</strong></span> 
     </span>
    </p>
   </div>
   <div class='ocr_carea' id='block_1_63' title="bbox 2189 801 3762 883">
    <p class='ocr_par' dir='ltr' id='par_1_63' title="bbox 2189 801 3762 883">
     <span class='ocr_line' id='line_1_64' title="bbox 2189 801 3762 883; baseline -0.008 -17"><span class='ocrx_word' id='word_1_418' title='bbox 2189 810 2382 864; x_wconf 84' lang='grc' dir='ltr'><strong>πωλῶν</strong></span> <span class='ocrx_word' id='word_1_419' title='bbox 2411 812 2473 865; x_wconf 78' lang='grc' dir='ltr'><strong>τὸ</strong></span> <span class='ocrx_word' id='word_1_420' title='bbox 2504 811 2817 883; x_wconf 84' lang='grc' dir='ltr'><strong>ὲργόχειρον</strong></span> <span class='ocrx_word' id='word_1_421' title='bbox 2848 806 3034 871; x_wconf 72' lang='grc' dir='ltr'><strong>αὐτοῦ,</strong></span> <span class='ocrx_word' id='word_1_422' title='bbox 3070 805 3180 859; x_wconf 79' lang='grc' dir='ltr'><strong>ἰδοὺ</strong></span> <span class='ocrx_word' id='word_1_423' title='bbox 3212 802 3423 873; x_wconf 78' lang='grc' dir='ltr'><strong>ὲξαφίει</strong></span> <span class='ocrx_word' id='word_1_424' title='bbox 3446 815 3533 865; x_wconf 71' lang='grc' dir='ltr'><strong>τις</strong></span> <span class='ocrx_word' id='word_1_425' title='bbox 3564 801 3762 872; x_wconf 82' lang='grc' dir='ltr'><strong>βαλάν-</strong></span> 
     </span>
    </p>
   </div>
   <div class='ocr_carea' id='block_1_64' title="bbox 2186 895 3764 975">
    <p class='ocr_par' dir='ltr' id='par_1_64' title="bbox 2186 895 3764 975">
     <span class='ocr_line' id='line_1_65' title="bbox 2186 895 3764 975; baseline -0.006 -18"><span class='ocrx_word' id='word_1_426' title='bbox 2186 921 2302 957; x_wconf 82' lang='grc' dir='ltr'><strong>τιον</strong></span> <span class='ocrx_word' id='word_1_427' title='bbox 2338 903 2524 975; x_wconf 87' lang='grc' dir='ltr'><strong>χιλίων</strong></span> <span class='ocrx_word' id='word_1_428' title='bbox 2562 902 2945 975; x_wconf 72' lang='grc' dir='ltr'><strong>νομισμάτων·</strong></span> <span class='ocrx_word' id='word_1_429' title='bbox 2988 900 3085 954; x_wconf 78' lang='grc' dir='ltr'><strong>καὶ</strong></span> <span class='ocrx_word' id='word_1_430' title='bbox 3133 895 3311 968; x_wconf 80' lang='grc' dir='ltr'><strong>εὑρὼν</strong></span> <span class='ocrx_word' id='word_1_431' title='bbox 3349 895 3482 951; x_wconf 74' lang='grc' dir='ltr'><strong>αὐτὸ</strong></span> <span class='ocrx_word' id='word_1_432' title='bbox 3515 897 3546 949; x_wconf 84' lang='grc' dir='ltr'>ὀ</span> <span class='ocrx_word' id='word_1_433' title='bbox 3585 895 3764 966; x_wconf 82' lang='grc' dir='ltr'><strong>γέρων</strong></span> 
     </span>
    </p>
   </div>
   <div class='ocr_carea' id='block_1_65' title="bbox 2189 986 3767 1066">
    <p class='ocr_par' dir='ltr' id='par_1_65' title="bbox 2189 986 3767 1066">
     <span class='ocr_line' id='line_1_66' title="bbox 2189 986 3767 1066; baseline -0.004 -19"><span class='ocrx_word' id='word_1_434' title='bbox 2189 994 2319 1066; x_wconf 68' lang='grc' dir='ltr'><strong>ἔστη</strong></span> <span class='ocrx_word' id='word_1_435' title='bbox 2347 996 2441 1048; x_wconf 72' lang='grc' dir='ltr'><strong>ἐπὶ</strong></span> <span class='ocrx_word' id='word_1_436' title='bbox 2470 993 2564 1048; x_wconf 81' lang='grc' dir='ltr'><strong>τοῦ</strong></span> <span class='ocrx_word' id='word_1_437' title='bbox 2589 996 2778 1059; x_wconf 82' lang='grc' dir='ltr'><strong>τόπου,</strong></span> <span class='ocrx_word' id='word_1_438' title='bbox 2820 992 3027 1060; x_wconf 68' lang='grc' dir='ltr'><strong>λέγων’</strong></span> <span class='ocrx_word' id='word_1_439' title='bbox 3068 990 3161 1043; x_wconf 79' lang='grc' dir='ltr'><strong>Δεῖ</strong></span> <span class='ocrx_word' id='word_1_440' title='bbox 3191 989 3284 1042; x_wconf 69' lang='grc' dir='ltr'><strong>τὸν</strong></span> <span class='ocrx_word' id='word_1_441' title='bbox 3316 986 3655 1042; x_wconf 74' lang='grc' dir='ltr'><strong>ἀπολέσαντα</strong></span> <span class='ocrx_word' id='word_1_442' title='bbox 3674 986 3767 1040; x_wconf 72' lang='lat' dir='ltr'><strong>u-</strong></span> 
     </span>
    </p>
   </div>
   <div class='ocr_carea' id='block_1_66' title="bbox 2191 1077 3765 1154">
    <p class='ocr_par' dir='ltr' id='par_1_66' title="bbox 2191 1077 3765 1154">
     <span class='ocr_line' id='line_1_67' title="bbox 2191 1077 3765 1154; baseline -0.006 -17"><span class='ocrx_word' id='word_1_443' title='bbox 2191 1082 2305 1137; x_wconf 88' lang='grc' dir='ltr'><strong>θείν</strong></span> <span class='ocrx_word' id='word_1_444' title='bbox 2324 1100 2339 1114; x_wconf 76' lang='grc' dir='ltr'><strong>ο</strong></span> <span class='ocrx_word' id='word_1_445' title='bbox 2369 1084 2465 1137; x_wconf 77' lang='grc' dir='ltr'><strong>καὶ</strong></span> <span class='ocrx_word' id='word_1_446' title='bbox 2491 1082 2600 1138; x_wconf 79' lang='grc' dir='ltr'><strong>ἰδοὺ</strong></span> <span class='ocrx_word' id='word_1_447' title='bbox 2625 1083 2848 1154; x_wconf 78' lang='grc' dir='ltr'><strong>ἔρχεται</strong></span> <span class='ocrx_word' id='word_1_448' title='bbox 2876 1080 3099 1135; x_wconf 83' lang='grc' dir='ltr'><strong>κλαίων.</strong></span> <span class='ocrx_word' id='word_1_449' title='bbox 3127 1080 3237 1134; x_wconf 78' lang='grc' dir='ltr'><strong>Καὶ</strong></span> <span class='ocrx_word' id='word_1_450' title='bbox 3256 1077 3435 1132; x_wconf 77' lang='grc' dir='ltr'><strong>λαϐὼν</strong></span> <span class='ocrx_word' id='word_1_451' title='bbox 3461 1078 3623 1131; x_wconf 67' lang='grc' dir='ltr'><strong>αὑτὸν</strong></span> <span class='ocrx_word' id='word_1_452' title='bbox 3644 1078 3765 1131; x_wconf 76' lang='grc' dir='ltr'><strong>κατ’</strong></span> 
     </span>
    </p>
   </div>
   <div class='ocr_carea' id='block_1_67' title="bbox 2195 1169 3769 1247">
    <p class='ocr_par' dir='ltr' id='par_1_67' title="bbox 2195 1169 3769 1247">
     <span class='ocr_line' id='line_1_68' title="bbox 2195 1169 3769 1247; baseline -0.004 -19"><span class='ocrx_word' id='word_1_453' title='bbox 2195 1174 2329 1228; x_wconf 84' lang='grc' dir='ltr'><strong>ἰδίαν</strong></span> <span class='ocrx_word' id='word_1_454' title='bbox 2355 1177 2385 1228; x_wconf 83' lang='grc' dir='ltr'>ὁ</span> <span class='ocrx_word' id='word_1_455' title='bbox 2410 1175 2588 1247; x_wconf 80' lang='grc' dir='ltr'><strong>γέρων</strong></span> <span class='ocrx_word' id='word_1_456' title='bbox 2616 1175 2818 1229; x_wconf 69' lang='grc' dir='ltr'><strong>ἔδωκεν</strong></span> <span class='ocrx_word' id='word_1_457' title='bbox 2844 1174 3017 1244; x_wconf 77' lang='grc' dir='ltr'><strong>αὐτῷ.</strong></span> <span class='ocrx_word' id='word_1_458' title='bbox 3052 1173 3162 1227; x_wconf 73' lang='grc' dir='ltr'><strong>Καὶ</strong></span> <span class='ocrx_word' id='word_1_459' title='bbox 3191 1171 3412 1243; x_wconf 73' lang='grc' dir='ltr'><strong>ἐκράτει</strong></span> <span class='ocrx_word' id='word_1_460' title='bbox 3435 1169 3595 1224; x_wconf 74' lang='grc' dir='ltr'><strong>αὑτὸν</strong></span> <span class='ocrx_word' id='word_1_461' title='bbox 3623 1170 3769 1222; x_wconf 75' lang='grc' dir='ltr'><strong>ἐκεῖ·</strong></span> 
     </span>
    </p>
   </div>
   <div class='ocr_carea' id='block_1_68' title="bbox 2192 1258 3769 1336">
    <p class='ocr_par' dir='ltr' id='par_1_68' title="bbox 2192 1258 3769 1336">
     <span class='ocr_line' id='line_1_69' title="bbox 2192 1258 3769 1336; baseline -0.005 -17"><span class='ocrx_word' id='word_1_462' title='bbox 2192 1280 2303 1330; x_wconf 86' lang='grc' dir='ltr'><strong>νος,</strong></span> <span class='ocrx_word' id='word_1_463' title='bbox 2337 1263 2506 1319; x_wconf 82' lang='grc' dir='ltr'><strong>θέλων</strong></span> <span class='ocrx_word' id='word_1_464' title='bbox 2528 1263 2676 1335; x_wconf 79' lang='grc' dir='ltr'><strong>αὐτῷ</strong></span> <span class='ocrx_word' id='word_1_465' title='bbox 2710 1267 3017 1336; x_wconf 78' lang='grc' dir='ltr'><strong>παρασχεῖν</strong></span> <span class='ocrx_word' id='word_1_466' title='bbox 3049 1263 3215 1335; x_wconf 76' lang='grc' dir='ltr'><strong>μέρος</strong></span> <span class='ocrx_word' id='word_1_467' title='bbox 3254 1278 3329 1319; x_wconf 84' lang='grc' dir='ltr'><strong>τι.</strong></span> <span class='ocrx_word' id='word_1_468' title='bbox 3374 1261 3484 1315; x_wconf 77' lang='grc' dir='ltr'><strong>Καὶ</strong></span> <span class='ocrx_word' id='word_1_469' title='bbox 3526 1262 3556 1313; x_wconf 83' lang='lat' dir='ltr'><strong>b</strong></span> <span class='ocrx_word' id='word_1_470' title='bbox 3588 1258 3769 1327; x_wconf 78' lang='grc' dir='ltr'><strong>γέρων</strong></span> 
     </span>
    </p>
   </div>
   <div class='ocr_carea' id='block_1_69' title="bbox 2191 1349 3768 1429">
    <p class='ocr_par' dir='ltr' id='par_1_69' title="bbox 2191 1349 3768 1429">
     <span class='ocr_line' id='line_1_70' title="bbox 2191 1349 3768 1429; baseline -0.004 -17"><span class='ocrx_word' id='word_1_471' title='bbox 2191 1357 2291 1412; x_wconf 80' lang='grc' dir='ltr'><strong>οὐκ</strong></span> <span class='ocrx_word' id='word_1_472' title='bbox 2314 1356 2596 1429; x_wconf 73' lang='grc' dir='ltr'><strong>ἠθέλησεν.</strong></span> <span class='ocrx_word' id='word_1_473' title='bbox 2633 1357 2743 1411; x_wconf 69' lang='grc' dir='ltr'><strong>Καὶ</strong></span> <span class='ocrx_word' id='word_1_474' title='bbox 2778 1356 2937 1410; x_wconf 74' lang='grc' dir='ltr'><strong>εδαλε</strong></span> <span class='ocrx_word' id='word_1_475' title='bbox 2976 1354 3231 1427; x_wconf 77' lang='grc' dir='ltr'><strong>κράζειν-</strong></span> <span class='ocrx_word' id='word_1_476' title='bbox 3280 1351 3466 1413; x_wconf 82' lang='grc' dir='ltr'><strong>Δεῦτε.</strong></span> <span class='ocrx_word' id='word_1_477' title='bbox 3512 1349 3649 1405; x_wconf 68' lang='grc' dir='ltr'><strong>ἴδετε</strong></span> <span class='ocrx_word' id='word_1_478' title='bbox 3676 1351 3768 1405; x_wconf 80' lang='grc' dir='ltr'><strong>ἀν-</strong></span> 
     </span>
    </p>
   </div>
   <div class='ocr_carea' id='block_1_70' title="bbox 2193 1441 3767 1518">
    <p class='ocr_par' dir='ltr' id='par_1_70' title="bbox 2193 1441 3767 1518">
     <span class='ocr_line' id='line_1_71' title="bbox 2193 1441 3767 1518; baseline -0.004 -17"><span class='ocrx_word' id='word_1_479' title='bbox 2193 1445 2412 1517; x_wconf 85' lang='grc' dir='ltr'><strong>θρωπον</strong></span> <span class='ocrx_word' id='word_1_480' title='bbox 2440 1446 2536 1501; x_wconf 82' lang='grc' dir='ltr'><strong>τοῦ</strong></span> <span class='ocrx_word' id='word_1_481' title='bbox 2558 1445 2718 1511; x_wconf 75' lang='grc' dir='ltr'><strong>Θεοῦ,</strong></span> <span class='ocrx_word' id='word_1_482' title='bbox 2772 1446 2824 1500; x_wconf 86' lang='grc' dir='ltr'><strong>τί</strong></span> <span class='ocrx_word' id='word_1_483' title='bbox 2867 1446 3140 1518; x_wconf 73' lang='grc' dir='ltr'><strong>εποίησεν.</strong></span> <span class='ocrx_word' id='word_1_484' title='bbox 3191 1446 3251 1498; x_wconf 86' lang='lat'><strong>&#39;0</strong></span> <span class='ocrx_word' id='word_1_485' title='bbox 3287 1444 3344 1497; x_wconf 78' lang='grc' dir='ltr'><strong>δὲ</strong></span> <span class='ocrx_word' id='word_1_486' title='bbox 3382 1443 3560 1514; x_wconf 81' lang='grc' dir='ltr'><strong>γέρων</strong></span> <span class='ocrx_word' id='word_1_487' title='bbox 3594 1441 3767 1511; x_wconf 79' lang='grc' dir='ltr'><strong>λάθρα</strong></span> 
     </span>
    </p>
   </div>
   <div class='ocr_carea' id='block_1_71' title="bbox 2188 1535 3606 1611">
    <p class='ocr_par' dir='ltr' id='par_1_71' title="bbox 2188 1535 3606 1611">
     <span class='ocr_line' id='line_1_72' title="bbox 2188 1535 3606 1611; baseline -0.004 -18"><span class='ocrx_word' id='word_1_488' title='bbox 2188 1540 2381 1610; x_wconf 70' lang='grc' dir='ltr'><strong>φυγὼν</strong></span> <span class='ocrx_word' id='word_1_489' title='bbox 2414 1539 2638 1611; x_wconf 64' lang='grc' dir='ltr'><strong>ἐξῆλθεν</strong></span> <span class='ocrx_word' id='word_1_490' title='bbox 2659 1542 2724 1594; x_wconf 75' lang='grc' dir='ltr'><strong>ὲκ</strong></span> <span class='ocrx_word' id='word_1_491' title='bbox 2742 1540 2842 1610; x_wconf 75' lang='grc' dir='ltr'><strong>τῆς</strong></span> <span class='ocrx_word' id='word_1_492' title='bbox 2871 1539 3099 1604; x_wconf 71' lang='grc' dir='ltr'><strong>πόλεως,</strong></span> <span class='ocrx_word' id='word_1_493' title='bbox 3129 1539 3214 1591; x_wconf 82' lang='grc' dir='ltr'><strong>ἵνα</strong></span> <span class='ocrx_word' id='word_1_494' title='bbox 3246 1539 3321 1609; x_wconf 84' lang='grc' dir='ltr'><strong>μὴ</strong></span> <span class='ocrx_word' id='word_1_495' title='bbox 3351 1535 3606 1606; x_wconf 76' lang='grc' dir='ltr'><strong>δοξασθῇ.</strong></span> 
     </span>
    </p>
   </div>
   <div class='ocr_carea' id='block_1_72' title="bbox 2415 1802 3381 1872">
    <p class='ocr_par' dir='ltr' id='par_1_72' title="bbox 2415 1802 3381 1872">
     <span class='ocr_line' id='line_1_73' title="bbox 2415 1802 3381 1872; baseline -0.003 -13"><span class='ocrx_word' id='word_1_496' title='bbox 2415 1828 2420 1833; x_wconf 67' lang='lat'><strong>~</strong></span> <span class='ocrx_word' id='word_1_497' title='bbox 2573 1804 2712 1872; x_wconf 82' lang='grc' dir='ltr'><strong>Περί</strong></span> <span class='ocrx_word' id='word_1_498' title='bbox 2736 1804 2845 1859; x_wconf 79' lang='grc' dir='ltr'><strong>τοῦ</strong></span> <span class='ocrx_word' id='word_1_499' title='bbox 2881 1803 3032 1860; x_wconf 77' lang='grc' dir='ltr'><strong>ἀόΰᾶ</strong></span> <span class='ocrx_word' id='word_1_500' title='bbox 3061 1802 3289 1872; x_wconf 77' lang='grc' dir='ltr'><strong>Φορτᾶς</strong></span> <span class='ocrx_word' id='word_1_501' title='bbox 3315 1802 3381 1856; x_wconf 81' lang='grc'><strong>’⁸.</strong></span> 
     </span>
    </p>
   </div>
   <div class='ocr_carea' id='block_1_73' title="bbox 2269 1889 3762 1966">
    <p class='ocr_par' dir='ltr' id='par_1_73' title="bbox 2269 1889 3762 1966">
     <span class='ocr_line' id='line_1_74' title="bbox 2269 1889 3762 1966; baseline -0.001 -19"><span class='ocrx_word' id='word_1_502' title='bbox 2269 1889 2437 1949; x_wconf 79' lang='grc' dir='ltr'><strong>Εἶπεν</strong></span> <span class='ocrx_word' id='word_1_503' title='bbox 2469 1898 2497 1948; x_wconf 86' lang='lat' dir='ltr'><strong>b</strong></span> <span class='ocrx_word' id='word_1_504' title='bbox 2531 1894 2707 1959; x_wconf 74' lang='grc' dir='ltr'><strong>ἀὸὃᾶς</strong></span> <span class='ocrx_word' id='word_1_505' title='bbox 2740 1896 2948 1966; x_wconf 76' lang='grc' dir='ltr'><strong>Φορτᾶς</strong></span> <span class='ocrx_word' id='word_1_506' title='bbox 2968 1912 2980 1925; x_wconf 88' lang='grc'><strong>·</strong></span> <span class='ocrx_word' id='word_1_507' title='bbox 3024 1895 3086 1947; x_wconf 89' lang='grc' dir='ltr'><strong>Εἰ</strong></span> <span class='ocrx_word' id='word_1_508' title='bbox 3120 1893 3263 1947; x_wconf 75' lang='grc' dir='ltr'><strong>θέλει</strong></span> <span class='ocrx_word' id='word_1_509' title='bbox 3314 1910 3382 1963; x_wconf 85' lang='grc' dir='ltr'><strong>με</strong></span> <span class='ocrx_word' id='word_1_510' title='bbox 3422 1895 3452 1945; x_wconf 84' lang='grc' dir='ltr'>ὁ</span> <span class='ocrx_word' id='word_1_511' title='bbox 3482 1890 3615 1953; x_wconf 80' lang='grc' dir='ltr'><strong>Θεὸς</strong></span> <span class='ocrx_word' id='word_1_512' title='bbox 3648 1890 3762 1962; x_wconf 68' lang='grc' dir='ltr'><strong>ζῇν,</strong></span> 
     </span>
    </p>
   </div>
   <div class='ocr_carea' id='block_1_74' title="bbox 2197 1980 3767 2057">
    <p class='ocr_par' dir='ltr' id='par_1_74' title="bbox 2197 1980 3767 2057">
     <span class='ocr_line' id='line_1_75' title="bbox 2197 1980 3767 2057; baseline -0.002 -20"><span class='ocrx_word' id='word_1_513' title='bbox 2197 1980 2337 2038; x_wconf 70' lang='grc' dir='ltr'><strong>οἶδεν</strong></span> <span class='ocrx_word' id='word_1_514' title='bbox 2369 1984 2485 2049; x_wconf 83' lang='grc' dir='ltr'><strong>πῶς</strong></span> <span class='ocrx_word' id='word_1_515' title='bbox 2512 1987 2856 2057; x_wconf 72' lang='grc' dir='ltr'><strong>οἰκονομήσει</strong></span> <span class='ocrx_word' id='word_1_516' title='bbox 2903 2002 2971 2054; x_wconf 86' lang='grc' dir='ltr'><strong>με</strong></span> <span class='ocrx_word' id='word_1_517' title='bbox 2991 2002 3004 2015; x_wconf 90' lang='grc'><strong>·</strong></span> <span class='ocrx_word' id='word_1_518' title='bbox 3031 1983 3157 2037; x_wconf 82' lang='grc' dir='ltr'><strong>εἰδὲ</strong></span> <span class='ocrx_word' id='word_1_519' title='bbox 3188 1985 3249 2036; x_wconf 80' lang='grc' dir='ltr'><strong>οὐ</strong></span> <span class='ocrx_word' id='word_1_520' title='bbox 3273 1983 3436 2050; x_wconf 84' lang='grc' dir='ltr'><strong>θέλει,</strong></span> <span class='ocrx_word' id='word_1_521' title='bbox 3472 1983 3559 2035; x_wconf 78' lang='grc' dir='ltr'><strong>ἵνα</strong></span> <span class='ocrx_word' id='word_1_522' title='bbox 3589 1982 3641 2036; x_wconf 81' lang='grc' dir='ltr'><strong>τί</strong></span> <span class='ocrx_word' id='word_1_523' title='bbox 3679 1998 3767 2052; x_wconf 79' lang='grc' dir='ltr'><strong>μοι</strong></span> 
     </span>
    </p>
   </div>
   <div class='ocr_carea' id='block_1_75' title="bbox 2198 2072 3770 2148">
    <p class='ocr_par' dir='ltr' id='par_1_75' title="bbox 2198 2072 3770 2148">
     <span class='ocr_line' id='line_1_76' title="bbox 2198 2072 3770 2148; baseline -0.003 -20"><span class='ocrx_word' id='word_1_524' title='bbox 2198 2072 2260 2129; x_wconf 76' lang='grc' dir='ltr'><strong>τὸ</strong></span> <span class='ocrx_word' id='word_1_525' title='bbox 2303 2075 2439 2148; x_wconf 41' lang='lat' dir='ltr'><strong>(ﬁxa;</strong></span> <span class='ocrx_word' id='word_1_526' title='bbox 2469 2076 2543 2130; x_wconf 82' lang='grc' dir='ltr'><strong>Οὐ</strong></span> <span class='ocrx_word' id='word_1_527' title='bbox 2600 2075 2707 2147; x_wconf 83' lang='grc' dir='ltr'><strong>γὰρ</strong></span> <span class='ocrx_word' id='word_1_528' title='bbox 2747 2076 2900 2148; x_wconf 86' lang='grc' dir='ltr'><strong>παρά</strong></span> <span class='ocrx_word' id='word_1_529' title='bbox 2942 2076 3159 2129; x_wconf 80' lang='grc' dir='ltr'><strong>πάντων</strong></span> <span class='ocrx_word' id='word_1_530' title='bbox 3205 2074 3414 2144; x_wconf 80' lang='grc' dir='ltr'><strong>ἐδέχετό</strong></span> <span class='ocrx_word' id='word_1_531' title='bbox 3454 2091 3542 2136; x_wconf 81' lang='grc' dir='ltr'><strong>τι,</strong></span> <span class='ocrx_word' id='word_1_532' title='bbox 3594 2072 3770 2126; x_wconf 83' lang='grc' dir='ltr'><strong>καίτοι</strong></span> 
     </span>
    </p>
   </div>
   <div class='ocr_carea' id='block_1_76' title="bbox 2198 2162 3771 2239">
    <p class='ocr_par' dir='ltr' id='par_1_76' title="bbox 2198 2162 3771 2239">
     <span class='ocr_line' id='line_1_77' title="bbox 2198 2162 3771 2239; baseline -0.001 -20"><span class='ocrx_word' id='word_1_533' title='bbox 2198 2166 2458 2239; x_wconf 79' lang='grc' dir='ltr'><strong>κλινήρης</strong></span> <span class='ocrx_word' id='word_1_534' title='bbox 2481 2165 2557 2221; x_wconf 84' lang='grc' dir='ltr'><strong>ὥν</strong></span> <span class='ocrx_word' id='word_1_535' title='bbox 2576 2184 2589 2197; x_wconf 90' lang='grc'>·</span> <span class='ocrx_word' id='word_1_536' title='bbox 2619 2167 2774 2236; x_wconf 76' lang='grc' dir='ltr'><strong>ἔλεγε</strong></span> <span class='ocrx_word' id='word_1_537' title='bbox 2807 2168 2917 2239; x_wconf 82' lang='grc' dir='ltr'><strong>γάρ</strong></span> <span class='ocrx_word' id='word_1_538' title='bbox 2936 2184 2951 2198; x_wconf 90' lang='grc'><strong>·</strong></span> <span class='ocrx_word' id='word_1_539' title='bbox 3006 2166 3135 2221; x_wconf 84' lang='grc' dir='ltr'><strong>Ἐὰν</strong></span> <span class='ocrx_word' id='word_1_540' title='bbox 3171 2165 3454 2239; x_wconf 74' lang='grc' dir='ltr'><strong>προσφέρῃ</strong></span> <span class='ocrx_word' id='word_1_541' title='bbox 3496 2163 3587 2237; x_wconf 84' lang='grc' dir='ltr'><strong>μοί</strong></span> <span class='ocrx_word' id='word_1_542' title='bbox 3609 2164 3694 2227; x_wconf 83' lang='grc' dir='ltr'><strong>τις</strong></span> <span class='ocrx_word' id='word_1_543' title='bbox 3717 2162 3771 2218; x_wconf 76' lang='grc' dir='ltr'><strong>τί</strong></span> 
     </span>
    </p>
   </div>
   <div class='ocr_carea' id='block_1_77' title="bbox 2198 2252 3771 2328">
    <p class='ocr_par' dir='ltr' id='par_1_77' title="bbox 2198 2252 3771 2328">
     <span class='ocr_line' id='line_1_78' title="bbox 2198 2252 3771 2328; baseline -0.002 -20"><span class='ocrx_word' id='word_1_544' title='bbox 2198 2272 2350 2319; x_wconf 84' lang='grc' dir='ltr'><strong>ποτε,</strong></span> <span class='ocrx_word' id='word_1_545' title='bbox 2383 2258 2475 2310; x_wconf 75' lang='grc' dir='ltr'><strong>καὶ</strong></span> <span class='ocrx_word' id='word_1_546' title='bbox 2504 2256 2625 2328; x_wconf 68' lang='grc' dir='ltr'><strong>οὐχ).</strong></span> <span class='ocrx_word' id='word_1_547' title='bbox 2656 2257 2744 2310; x_wconf 78' lang='grc' dir='ltr'><strong>διὰ</strong></span> <span class='ocrx_word' id='word_1_548' title='bbox 2777 2257 2867 2311; x_wconf 76' lang='grc' dir='ltr'><strong>τὸν</strong></span> <span class='ocrx_word' id='word_1_549' title='bbox 2908 2256 3063 2322; x_wconf 78' lang='grc' dir='ltr'><strong>Θεὸν,</strong></span> <span class='ocrx_word' id='word_1_550' title='bbox 3094 2256 3217 2310; x_wconf 74' lang='grc' dir='ltr'><strong>οὔτε</strong></span> <span class='ocrx_word' id='word_1_551' title='bbox 3251 2255 3361 2325; x_wconf 71' lang='grc' dir='ltr'><strong>ἐγὼ</strong></span> <span class='ocrx_word' id='word_1_552' title='bbox 3382 2255 3493 2326; x_wconf 75' lang='grc' dir='ltr'><strong>ἔχω</strong></span> <span class='ocrx_word' id='word_1_553' title='bbox 3514 2271 3567 2307; x_wconf 86' lang='grc' dir='ltr'><strong>τι</strong></span> <span class='ocrx_word' id='word_1_554' title='bbox 3591 2252 3771 2306; x_wconf 78' lang='grc' dir='ltr'><strong>δοῦναι</strong></span> 
     </span>
    </p>
   </div>
   <div class='ocr_carea' id='block_1_78' title="bbox 2198 2344 3774 2421">
    <p class='ocr_par' dir='ltr' id='par_1_78' title="bbox 2198 2344 3774 2421">
     <span class='ocr_line' id='line_1_79' title="bbox 2198 2344 3774 2421; baseline -0.003 -20"><span class='ocrx_word' id='word_1_555' title='bbox 2198 2346 2367 2419; x_wconf 79' lang='grc' dir='ltr'><strong>αὐτῷ,</strong></span> <span class='ocrx_word' id='word_1_556' title='bbox 2391 2347 2515 2401; x_wconf 69' lang='grc' dir='ltr'><strong>οὔτε</strong></span> <span class='ocrx_word' id='word_1_557' title='bbox 2546 2348 2698 2421; x_wconf 87' lang='grc' dir='ltr'><strong>παρά</strong></span> <span class='ocrx_word' id='word_1_558' title='bbox 2726 2348 2822 2403; x_wconf 77' lang='grc' dir='ltr'><strong>τοῦ</strong></span> <span class='ocrx_word' id='word_1_559' title='bbox 2851 2348 2987 2403; x_wconf 74' lang='grc' dir='ltr'><strong>Θεοῦ</strong></span> <span class='ocrx_word' id='word_1_560' title='bbox 3020 2349 3286 2421; x_wconf 65' lang='grc' dir='ltr'><strong>Μμδάνει</strong></span> <span class='ocrx_word' id='word_1_561' title='bbox 3316 2346 3543 2419; x_wconf 80' lang='grc' dir='ltr'><strong>μισθόν·</strong></span> <span class='ocrx_word' id='word_1_562' title='bbox 3575 2347 3639 2398; x_wconf 81' lang='grc' dir='ltr'><strong>οὐ</strong></span> <span class='ocrx_word' id='word_1_563' title='bbox 3663 2344 3774 2417; x_wconf 85' lang='grc' dir='ltr'><strong>γάρ</strong></span> 
     </span>
    </p>
   </div>
   <div class='ocr_carea' id='block_1_79' title="bbox 2196 2437 3897 2518">
    <p class='ocr_par' dir='ltr' id='par_1_79' title="bbox 2196 2437 3897 2518">
     <span class='ocr_line' id='line_1_80' title="bbox 2196 2437 3897 2518; baseline -0.003 -27"><span class='ocrx_word' id='word_1_564' title='bbox 2196 2437 2285 2492; x_wconf 79' lang='grc' dir='ltr'><strong>διὰ</strong></span> <span class='ocrx_word' id='word_1_565' title='bbox 2334 2439 2426 2493; x_wconf 83' lang='grc' dir='ltr'><strong>τὸν</strong></span> <span class='ocrx_word' id='word_1_566' title='bbox 2466 2438 2599 2493; x_wconf 84' lang='grc' dir='ltr'><strong>Θεὸν</strong></span> <span class='ocrx_word' id='word_1_567' title='bbox 2659 2440 3003 2511; x_wconf 80' lang='grc' dir='ltr'><strong>προσήνεγκε</strong></span> <span class='ocrx_word' id='word_1_568' title='bbox 3029 2456 3043 2471; x_wconf 78' lang='grc' dir='ltr'><strong>ο</strong></span> <span class='ocrx_word' id='word_1_569' title='bbox 3091 2439 3186 2493; x_wconf 75' lang='grc' dir='ltr'><strong>καὶ</strong></span> <span class='ocrx_word' id='word_1_570' title='bbox 3235 2439 3500 2492; x_wconf 77' lang='grc' dir='ltr'><strong>ἀδικεῖται</strong></span> <span class='ocrx_word' id='word_1_571' title='bbox 3532 2437 3563 2489; x_wconf 82' lang='grc' dir='ltr'><strong>ὁ</strong></span> <span class='ocrx_word' id='word_1_572' title='bbox 3607 2449 3779 2506; x_wconf 83' lang='grc' dir='ltr'><strong>προσ-</strong></span> <span class='ocrx_word' id='word_1_573' title='bbox 3888 2508 3897 2518; x_wconf 32' lang='grc'><strong>1</strong></span> 
     </span>
    </p>
   </div>
   <div class='ocr_carea' id='block_1_80' title="bbox 2197 2524 3782 2601">
    <p class='ocr_par' dir='ltr' id='par_1_80' title="bbox 2197 2524 3782 2601">
     <span class='ocr_line' id='line_1_81' title="bbox 2197 2524 3782 2601; baseline -0.001 -20"><span class='ocrx_word' id='word_1_574' title='bbox 2197 2528 2448 2595; x_wconf 79' lang='grc' dir='ltr'><strong>ενὲγκας.</strong></span> <span class='ocrx_word' id='word_1_575' title='bbox 2490 2531 2582 2583; x_wconf 70' lang='grc' dir='ltr'><strong>Δεῖ</strong></span> <span class='ocrx_word' id='word_1_576' title='bbox 2631 2529 2741 2601; x_wconf 73' lang='grc' dir='ltr'><strong>γὰρ</strong></span> <span class='ocrx_word' id='word_1_577' title='bbox 2786 2531 2912 2595; x_wconf 77' lang='grc' dir='ltr'><strong>τοὺς</strong></span> <span class='ocrx_word' id='word_1_578' title='bbox 2954 2529 3348 2601; x_wconf 74' lang='grc' dir='ltr'><strong>ἀνακειμένους</strong></span> <span class='ocrx_word' id='word_1_579' title='bbox 3389 2528 3468 2599; x_wconf 82' lang='grc' dir='ltr'><strong>τῷ</strong></span> <span class='ocrx_word' id='word_1_580' title='bbox 3499 2527 3640 2599; x_wconf 79' lang='grc' dir='ltr'><strong>Θεῷ,</strong></span> <span class='ocrx_word' id='word_1_581' title='bbox 3680 2524 3782 2580; x_wconf 74' lang='grc' dir='ltr'><strong>καὶ</strong></span> 
     </span>
    </p>
   </div>
   <div class='ocr_carea' id='block_1_81' title="bbox 2199 2619 3780 2693">
    <p class='ocr_par' dir='ltr' id='par_1_81' title="bbox 2199 2619 3780 2693">
     <span class='ocr_line' id='line_1_82' title="bbox 2199 2619 3780 2693; baseline -0.003 -15"><span class='ocrx_word' id='word_1_582' title='bbox 2199 2621 2335 2692; x_wconf 83' lang='grc' dir='ltr'><strong>πρὸς</strong></span> <span class='ocrx_word' id='word_1_583' title='bbox 2371 2622 2535 2676; x_wconf 75' lang='grc' dir='ltr'><strong>αὑτὸν</strong></span> <span class='ocrx_word' id='word_1_584' title='bbox 2583 2622 2881 2692; x_wconf 81' lang='grc' dir='ltr'><strong>βλέποντας</strong></span> <span class='ocrx_word' id='word_1_585' title='bbox 2925 2624 3105 2693; x_wconf 83' lang='grc' dir='ltr'><strong>μόνον,</strong></span> <span class='ocrx_word' id='word_1_586' title='bbox 3154 2622 3327 2686; x_wconf 75' lang='grc' dir='ltr'><strong>οὕτως</strong></span> <span class='ocrx_word' id='word_1_587' title='bbox 3375 2620 3617 2684; x_wconf 72' lang='grc' dir='ltr'><strong>εὐλαϐῶς</strong></span> <span class='ocrx_word' id='word_1_588' title='bbox 3658 2619 3780 2674; x_wconf 72' lang='grc' dir='ltr'><strong>δια-</strong></span> 
     </span>
    </p>
   </div>
   <div class='ocr_carea' id='block_1_82' title="bbox 2199 2710 3781 2787">
    <p class='ocr_par' dir='ltr' id='par_1_82' title="bbox 2199 2710 3781 2787">
     <span class='ocr_line' id='line_1_83' title="bbox 2199 2710 3781 2787; baseline -0.001 -22"><span class='ocrx_word' id='word_1_589' title='bbox 2199 2711 2434 2776; x_wconf 82' lang='grc' dir='ltr'><strong>κεῖσθαι,</strong></span> <span class='ocrx_word' id='word_1_590' title='bbox 2466 2713 2543 2776; x_wconf 85' lang='grc' dir='ltr'><strong>ὼς</strong></span> <span class='ocrx_word' id='word_1_591' title='bbox 2579 2714 2718 2786; x_wconf 83' lang='grc' dir='ltr'><strong>μήτε</strong></span> <span class='ocrx_word' id='word_1_592' title='bbox 2749 2713 2908 2787; x_wconf 74' lang='grc' dir='ltr'><strong>ὓϐριν</strong></span> <span class='ocrx_word' id='word_1_593' title='bbox 2933 2714 3056 2768; x_wconf 80' lang='grc' dir='ltr'><strong>τινὰ</strong></span> <span class='ocrx_word' id='word_1_594' title='bbox 3073 2713 3349 2786; x_wconf 80' lang='grc' dir='ltr'><strong>ἡγεῖσθαι,</strong></span> <span class='ocrx_word' id='word_1_595' title='bbox 3382 2712 3485 2767; x_wconf 79' lang='grc' dir='ltr'><strong>κᾶν</strong></span> <span class='ocrx_word' id='word_1_596' title='bbox 3518 2710 3781 2784; x_wconf 78' lang='grc' dir='ltr'><strong>μυριάκις</strong></span> 
     </span>
    </p>
   </div>
   <div class='ocr_carea' id='block_1_83' title="bbox 2199 2801 2803 2876">
    <p class='ocr_par' dir='ltr' id='par_1_83' title="bbox 2199 2801 2803 2876">
     <span class='ocr_line' id='line_1_84' title="bbox 2199 2801 2803 2876; baseline 0.008 -22"><span class='ocrx_word' id='word_1_597' title='bbox 2199 2801 2543 2873; x_wconf 86' lang='grc' dir='ltr'><strong>ἀδικούμενοι</strong></span> <span class='ocrx_word' id='word_1_598' title='bbox 2570 2803 2803 2876; x_wconf 81' lang='grc' dir='ltr'><strong>τύχοιεν.</strong></span> 
     </span>
    </p>
   </div>
   <div class='ocr_carea' id='block_1_84' title="bbox 2637 2916 3351 2988">
    <p class='ocr_par' dir='ltr' id='par_1_84' title="bbox 2637 2916 3351 2988">
     <span class='ocr_line' id='line_1_85' title="bbox 2637 2916 3351 2988; baseline 0 -18"><span class='ocrx_word' id='word_1_599' title='bbox 2637 2917 2803 2988; x_wconf 81' lang='grc' dir='ltr'><strong>Ἀρχὴ</strong></span> <span class='ocrx_word' id='word_1_600' title='bbox 2850 2916 2944 2970; x_wconf 80' lang='grc' dir='ltr'><strong>τοῦ</strong></span> <span class='ocrx_word' id='word_1_601' title='bbox 2980 2918 3027 2970; x_wconf 85' lang='grc' dir='ltr'><strong>Χ</strong></span> <span class='ocrx_word' id='word_1_602' title='bbox 3062 2916 3351 2988; x_wconf 76' lang='grc' dir='ltr'><strong>στοιχείου.</strong></span> 
     </span>
    </p>
   </div>
   <div class='ocr_carea' id='block_1_85' title="bbox 2604 3022 3359 3099">
    <p class='ocr_par' dir='ltr' id='par_1_85' title="bbox 2604 3022 3359 3099">
     <span class='ocr_line' id='line_1_86' title="bbox 2604 3022 3359 3099; baseline 0.001 -15"><span class='ocrx_word' id='word_1_603' title='bbox 2604 3028 2743 3099; x_wconf 85' lang='grc' dir='ltr'><strong>Περί</strong></span> <span class='ocrx_word' id='word_1_604' title='bbox 2770 3030 2877 3084; x_wconf 83' lang='grc' dir='ltr'><strong>τοῦ</strong></span> <span class='ocrx_word' id='word_1_605' title='bbox 2909 3022 3057 3085; x_wconf 73' lang='grc' dir='ltr'><strong>ἅδ’σᾶ</strong></span> <span class='ocrx_word' id='word_1_606' title='bbox 3081 3026 3268 3099; x_wconf 82' lang='grc' dir='ltr'><strong>Χομαί</strong></span> <span class='ocrx_word' id='word_1_607' title='bbox 3294 3033 3359 3085; x_wconf 77' lang='grc'><strong>³⁸.</strong></span> 
     </span>
    </p>
   </div>
   <div class='ocr_carea' id='block_1_86' title="bbox 2270 3136 3786 3215">
    <p class='ocr_par' dir='ltr' id='par_1_86' title="bbox 2270 3136 3786 3215">
     <span class='ocr_line' id='line_1_87' title="bbox 2270 3136 3786 3215; baseline 0.003 -21"><span class='ocrx_word' id='word_1_608' title='bbox 2270 3142 2499 3211; x_wconf 79' lang='grc' dir='ltr'><strong>Ἔλεγον</strong></span> <span class='ocrx_word' id='word_1_609' title='bbox 2528 3143 2658 3215; x_wconf 78' lang='grc' dir='ltr'><strong>περὶ</strong></span> <span class='ocrx_word' id='word_1_610' title='bbox 2679 3141 2773 3197; x_wconf 82' lang='grc' dir='ltr'><strong>τοῦ</strong></span> <span class='ocrx_word' id='word_1_611' title='bbox 2809 3136 2953 3196; x_wconf 71' lang='grc' dir='ltr'><strong>ἀϐϐἄ</strong></span> <span class='ocrx_word' id='word_1_612' title='bbox 2983 3143 3180 3213; x_wconf 70' lang='grc' dir='ltr'><strong>Χομαὶ.</strong></span> <span class='ocrx_word' id='word_1_613' title='bbox 3223 3144 3305 3196; x_wconf 75' lang='grc' dir='ltr'><strong>ὅτι</strong></span> <span class='ocrx_word' id='word_1_614' title='bbox 3348 3144 3556 3215; x_wconf 74' lang='grc' dir='ltr'><strong>μέλλων</strong></span> <span class='ocrx_word' id='word_1_615' title='bbox 3590 3143 3786 3199; x_wconf 81' lang='grc' dir='ltr'><strong>τελευ-</strong></span> 
     </span>
    </p>
   </div>
   <div class='ocr_carea' id='block_1_87' title="bbox 2199 3227 3785 3307">
    <p class='ocr_par' dir='ltr' id='par_1_87' title="bbox 2199 3227 3785 3307">
     <span class='ocr_line' id='line_1_88' title="bbox 2199 3227 3785 3307; baseline 0.002 -22"><span class='ocrx_word' id='word_1_616' title='bbox 2199 3233 2297 3302; x_wconf 77' lang='grc' dir='ltr'><strong>τᾷν</strong></span> <span class='ocrx_word' id='word_1_617' title='bbox 2322 3227 2443 3286; x_wconf 79' lang='grc' dir='ltr'><strong>εἷπε</strong></span> <span class='ocrx_word' id='word_1_618' title='bbox 2472 3236 2587 3297; x_wconf 79' lang='grc' dir='ltr'><strong>τοῖς</strong></span> <span class='ocrx_word' id='word_1_619' title='bbox 2619 3236 2756 3298; x_wconf 84' lang='grc' dir='ltr'><strong>υἰοίς</strong></span> <span class='ocrx_word' id='word_1_620' title='bbox 2786 3232 2951 3288; x_wconf 74' lang='grc' dir='ltr'><strong>αὐτοῦ</strong></span> <span class='ocrx_word' id='word_1_621' title='bbox 2973 3252 2985 3263; x_wconf 87' lang='grc'><strong>·</strong></span> <span class='ocrx_word' id='word_1_622' title='bbox 3028 3229 3119 3304; x_wconf 81' lang='grc' dir='ltr'><strong>Μὴ</strong></span> <span class='ocrx_word' id='word_1_623' title='bbox 3155 3230 3414 3305; x_wconf 79' lang='grc' dir='ltr'><strong>οἰκήσητε</strong></span> <span class='ocrx_word' id='word_1_624' title='bbox 3455 3236 3598 3305; x_wconf 84' lang='grc' dir='ltr'><strong>μετά</strong></span> <span class='ocrx_word' id='word_1_625' title='bbox 3626 3237 3785 3307; x_wconf 81' lang='grc' dir='ltr'><strong>αἰρε-</strong></span> 
     </span>
    </p>
   </div>
   <div class='ocr_carea' id='block_1_88' title="bbox 2197 3324 3789 3398">
    <p class='ocr_par' dir='ltr' id='par_1_88' title="bbox 2197 3324 3789 3398">
     <span class='ocr_line' id='line_1_89' title="bbox 2197 3324 3789 3398; baseline 0.002 -21"><span class='ocrx_word' id='word_1_626' title='bbox 2197 3324 2386 3389; x_wconf 65' lang='grc' dir='ltr'><strong>λεικῶν,</strong></span> <span class='ocrx_word' id='word_1_627' title='bbox 2445 3325 2579 3396; x_wconf 78' lang='grc' dir='ltr'><strong>μηδὲ</strong></span> <span class='ocrx_word' id='word_1_628' title='bbox 2630 3324 2802 3396; x_wconf 74' lang='grc' dir='ltr'><strong>’σχῆτε</strong></span> <span class='ocrx_word' id='word_1_629' title='bbox 2853 3325 3053 3395; x_wconf 82' lang='grc' dir='ltr'><strong>γνῶσιν</strong></span> <span class='ocrx_word' id='word_1_630' title='bbox 3099 3325 3237 3397; x_wconf 87' lang='grc' dir='ltr'><strong>μετά</strong></span> <span class='ocrx_word' id='word_1_631' title='bbox 3290 3324 3586 3397; x_wconf 80' lang='grc' dir='ltr'><strong>ἀρχόντων,</strong></span> <span class='ocrx_word' id='word_1_632' title='bbox 3642 3327 3789 3398; x_wconf 64' lang='grc' dir='ltr'><strong>μηδὲ</strong></span> 
     </span>
    </p>
   </div>
   <div class='ocr_carea' id='block_1_89' title="bbox 2194 3398 3787 3489">
    <p class='ocr_par' dir='ltr' id='par_1_89' title="bbox 2194 3398 3787 3489">
     <span class='ocr_line' id='line_1_90' title="bbox 2194 3398 3787 3489; baseline 0.004 -22"><span class='ocrx_word' id='word_1_633' title='bbox 2194 3404 2440 3469; x_wconf 63' lang='grc' dir='ltr'><strong>ἔστωσαν</strong></span> <span class='ocrx_word' id='word_1_634' title='bbox 2489 3398 2547 3470; x_wconf 82' lang='grc' dir='ltr'><strong>αἰ</strong></span> <span class='ocrx_word' id='word_1_635' title='bbox 2607 3419 2788 3489; x_wconf 84' lang='grc' dir='ltr'><strong>χεῖρες</strong></span> <span class='ocrx_word' id='word_1_636' title='bbox 2832 3417 2987 3489; x_wconf 80' lang='grc' dir='ltr'><strong>ὑμῶν</strong></span> <span class='ocrx_word' id='word_1_637' title='bbox 3042 3416 3362 3489; x_wconf 78' lang='grc' dir='ltr'><strong>ήπλωμέναι</strong></span> <span class='ocrx_word' id='word_1_638' title='bbox 3408 3419 3492 3483; x_wconf 88' lang='grc' dir='ltr'><strong>εἰς</strong></span> <span class='ocrx_word' id='word_1_639' title='bbox 3540 3418 3601 3472; x_wconf 83' lang='grc' dir='ltr'><strong>τὸ</strong></span> <span class='ocrx_word' id='word_1_640' title='bbox 3653 3435 3787 3473; x_wconf 87' lang='grc' dir='ltr'><strong>συν-</strong></span> 
     </span>
    </p>
   </div>
   <div class='ocr_carea' id='block_1_90' title="bbox 2196 3504 3786 3579">
    <p class='ocr_par' dir='ltr' id='par_1_90' title="bbox 2196 3504 3786 3579">
     <span class='ocr_line' id='line_1_91' title="bbox 2196 3504 3786 3579; baseline 0.003 -20"><span class='ocrx_word' id='word_1_641' title='bbox 2196 3508 2374 3575; x_wconf 74' lang='grc' dir='ltr'><strong>ᾶγειν,</strong></span> <span class='ocrx_word' id='word_1_642' title='bbox 2406 3504 2524 3560; x_wconf 75' lang='grc' dir='ltr'><strong>ἀλλ’</strong></span> <span class='ocrx_word' id='word_1_643' title='bbox 2558 3506 2807 3560; x_wconf 74' lang='grc' dir='ltr'><strong>’ἔστωσαν</strong></span> <span class='ocrx_word' id='word_1_644' title='bbox 2854 3505 3054 3578; x_wconf 80' lang='grc' dir='ltr'><strong>μᾶλλον</strong></span> <span class='ocrx_word' id='word_1_645' title='bbox 3101 3507 3419 3579; x_wconf 73' lang='grc' dir='ltr'><strong>ήπλωμέναι</strong></span> <span class='ocrx_word' id='word_1_646' title='bbox 3471 3509 3551 3572; x_wconf 87' lang='grc' dir='ltr'><strong>εἰς</strong></span> <span class='ocrx_word' id='word_1_647' title='bbox 3598 3508 3660 3562; x_wconf 80' lang='grc' dir='ltr'><strong>τὸ</strong></span> <span class='ocrx_word' id='word_1_648' title='bbox 3702 3509 3786 3563; x_wconf 83' lang='grc' dir='ltr'><strong>δι-</strong></span> 
     </span>
    </p>
   </div>
   <div class='ocr_carea' id='block_1_91' title="bbox 2195 3590 2365 3653">
    <p class='ocr_par' dir='ltr' id='par_1_91' title="bbox 2195 3590 2365 3653">
     <span class='ocr_line' id='line_1_92' title="bbox 2195 3590 2365 3653; baseline 0.006 -2"><span class='ocrx_word' id='word_1_649' title='bbox 2195 3590 2365 3653; x_wconf 74' lang='grc' dir='ltr'><strong>δόναι.</strong></span> 
     </span>
    </p>
   </div>
   <div class='ocr_carea' id='block_1_92' title="bbox 2540 3709 3436 3783">
    <p class='ocr_par' dir='ltr' id='par_1_92' title="bbox 2540 3709 3436 3783">
     <span class='ocr_line' id='line_1_93' title="bbox 2540 3709 3436 3783; baseline 0.003 -21"><span class='ocrx_word' id='word_1_650' title='bbox 2540 3710 2682 3778; x_wconf 85' lang='grc' dir='ltr'><strong>Περί</strong></span> <span class='ocrx_word' id='word_1_651' title='bbox 2716 3709 2819 3763; x_wconf 81' lang='grc' dir='ltr'><strong>τοῦ</strong></span> <span class='ocrx_word' id='word_1_652' title='bbox 2857 3709 3008 3765; x_wconf 75' lang='grc' dir='ltr'><strong>ὰΰϐιὶ</strong></span> <span class='ocrx_word' id='word_1_653' title='bbox 3040 3712 3436 3783; x_wconf 75' lang='grc' dir='ltr'><strong>Χαιρήμωνος.</strong></span> 
     </span>
    </p>
   </div>
   <div class='ocr_carea' id='block_1_93' title="bbox 2272 3821 3783 3894">
    <p class='ocr_par' dir='ltr' id='par_1_93' title="bbox 2272 3821 3783 3894">
     <span class='ocr_line' id='line_1_94' title="bbox 2272 3821 3783 3894; baseline 0 -20"><span class='ocrx_word' id='word_1_654' title='bbox 2272 3821 2501 3889; x_wconf 80' lang='grc' dir='ltr'><strong>Ἔλεγον</strong></span> <span class='ocrx_word' id='word_1_655' title='bbox 2530 3823 2661 3894; x_wconf 77' lang='grc' dir='ltr'><strong>περὶ</strong></span> <span class='ocrx_word' id='word_1_656' title='bbox 2710 3822 2804 3876; x_wconf 74' lang='grc' dir='ltr'><strong>τοῦ</strong></span> <span class='ocrx_word' id='word_1_657' title='bbox 2854 3821 3000 3877; x_wconf 75' lang='grc' dir='ltr'><strong>ἀϐσᾶ</strong></span> <span class='ocrx_word' id='word_1_658' title='bbox 3036 3823 3392 3893; x_wconf 65' lang='grc' dir='ltr'><strong>Χαιρήμωνος</strong></span> <span class='ocrx_word' id='word_1_659' title='bbox 3431 3824 3510 3882; x_wconf 86' lang='grc' dir='ltr'><strong>εἰς</strong></span> <span class='ocrx_word' id='word_1_660' title='bbox 3554 3821 3783 3890; x_wconf 81' lang='grc' dir='ltr'><strong>Σκῆτιν,</strong></span> 
     </span>
    </p>
   </div>
   <div class='ocr_carea' id='block_1_94' title="bbox 2198 3910 3785 3985">
    <p class='ocr_par' dir='ltr' id='par_1_94' title="bbox 2198 3910 3785 3985">
     <span class='ocr_line' id='line_1_95' title="bbox 2198 3910 3785 3985; baseline 0.001 -19"><span class='ocrx_word' id='word_1_661' title='bbox 2198 3911 2281 3966; x_wconf 82' lang='grc' dir='ltr'><strong>ὃτι</strong></span> <span class='ocrx_word' id='word_1_662' title='bbox 2323 3912 2516 3983; x_wconf 79' lang='grc' dir='ltr'><strong>ἀπεῖχε</strong></span> <span class='ocrx_word' id='word_1_663' title='bbox 2558 3912 2620 3965; x_wconf 84' lang='grc' dir='ltr'>τὸ</span> <span class='ocrx_word' id='word_1_664' title='bbox 2664 3913 2929 3985; x_wconf 87' lang='grc' dir='ltr'><strong>σπήλαιον</strong></span> <span class='ocrx_word' id='word_1_665' title='bbox 2981 3912 3147 3967; x_wconf 76' lang='grc' dir='ltr'><strong>αὐτοῦ</strong></span> <span class='ocrx_word' id='word_1_666' title='bbox 3194 3913 3302 3966; x_wconf 85' lang='grc' dir='ltr'><strong>ἀπὸ</strong></span> <span class='ocrx_word' id='word_1_667' title='bbox 3341 3912 3440 3980; x_wconf 76' lang='grc' dir='ltr'><strong>τῆς</strong></span> <span class='ocrx_word' id='word_1_668' title='bbox 3481 3910 3785 3979; x_wconf 72' lang='grc' dir='ltr'><strong>ἐκκλησίας</strong></span> 
     </span>
    </p>
   </div>
   <div class='ocr_carea' id='block_1_95' title="bbox 2202 3998 3785 4074">
    <p class='ocr_par' dir='ltr' id='par_1_95' title="bbox 2202 3998 3785 4074">
     <span class='ocr_line' id='line_1_96' title="bbox 2202 3998 3785 4074; baseline 0.001 -21"><span class='ocrx_word' id='word_1_669' title='bbox 2202 4000 2355 4072; x_wconf 83' lang='grc' dir='ltr'><strong>μίλια</strong></span> <span class='ocrx_word' id='word_1_670' title='bbox 2385 4003 2815 4074; x_wconf 81' lang='grc' dir='ltr'><strong>τεσσαράκοντα,</strong></span> <span class='ocrx_word' id='word_1_671' title='bbox 2842 3998 2950 4057; x_wconf 76' lang='grc' dir='ltr'><strong>ἀπὸ</strong></span> <span class='ocrx_word' id='word_1_672' title='bbox 2974 4003 3031 4057; x_wconf 82' lang='grc' dir='ltr'><strong>δὲ</strong></span> <span class='ocrx_word' id='word_1_673' title='bbox 3051 4003 3144 4057; x_wconf 78' lang='grc' dir='ltr'><strong>τοῦ</strong></span> <span class='ocrx_word' id='word_1_674' title='bbox 3171 4001 3327 4066; x_wconf 71' lang='grc' dir='ltr'><strong>ἕλους</strong></span> <span class='ocrx_word' id='word_1_675' title='bbox 3355 4001 3563 4056; x_wconf 80' lang='grc' dir='ltr'><strong>καὶτοῦ</strong></span> <span class='ocrx_word' id='word_1_676' title='bbox 3587 4001 3785 4069; x_wconf 79' lang='grc' dir='ltr'><strong>ὕδατος</strong></span> 
     </span>
    </p>
   </div>
   <div class='ocr_carea' id='block_1_96' title="bbox 2202 4090 3785 4165">
    <p class='ocr_par' dir='ltr' id='par_1_96' title="bbox 2202 4090 3785 4165">
     <span class='ocr_line' id='line_1_97' title="bbox 2202 4090 3785 4165; baseline 0.001 -20"><span class='ocrx_word' id='word_1_677' title='bbox 2202 4091 2356 4164; x_wconf 87' lang='grc' dir='ltr'><strong>μίλια</strong></span> <span class='ocrx_word' id='word_1_678' title='bbox 2412 4090 2657 4149; x_wconf 80' lang='grc' dir='ltr'><strong>δώδεκα·</strong></span> <span class='ocrx_word' id='word_1_679' title='bbox 2719 4097 2814 4149; x_wconf 75' lang='grc' dir='ltr'><strong>καί</strong></span> <span class='ocrx_word' id='word_1_680' title='bbox 2874 4095 3049 4159; x_wconf 80' lang='grc' dir='ltr'><strong>οὕτως</strong></span> <span class='ocrx_word' id='word_1_681' title='bbox 3098 4093 3349 4165; x_wconf 76' lang='grc' dir='ltr'><strong>εἰσέφερε</strong></span> <span class='ocrx_word' id='word_1_682' title='bbox 3412 4090 3472 4146; x_wconf 78' lang='grc' dir='ltr'><strong>τὸ</strong></span> <span class='ocrx_word' id='word_1_683' title='bbox 3532 4094 3785 4165; x_wconf 83' lang='grc' dir='ltr'><strong>ὲργόχει-</strong></span> 
     </span>
    </p>
   </div>
   <div class='ocr_carea' id='block_1_97' title="bbox 2201 4182 3782 4259">
    <p class='ocr_par' dir='ltr' id='par_1_97' title="bbox 2201 4182 3782 4259">
     <span class='ocr_line' id='line_1_98' title="bbox 2201 4182 3782 4259; baseline 0.002 -23"><span class='ocrx_word' id='word_1_684' title='bbox 2201 4201 2294 4259; x_wconf 87' lang='grc' dir='ltr'><strong>ρον</strong></span> <span class='ocrx_word' id='word_1_685' title='bbox 2341 4184 2507 4238; x_wconf 84' lang='grc' dir='ltr'><strong>αὐτοῦ</strong></span> <span class='ocrx_word' id='word_1_686' title='bbox 2558 4187 2639 4247; x_wconf 87' lang='grc' dir='ltr'><strong>εἰς</strong></span> <span class='ocrx_word' id='word_1_687' title='bbox 2690 4187 2753 4239; x_wconf 81' lang='grc' dir='ltr'><strong>τὸ</strong></span> <span class='ocrx_word' id='word_1_688' title='bbox 2806 4187 3069 4258; x_wconf 82' lang='grc' dir='ltr'><strong>σπήλαιον</strong></span> <span class='ocrx_word' id='word_1_689' title='bbox 3110 4185 3297 4251; x_wconf 81' lang='grc' dir='ltr'><strong>αὐτοῦ,</strong></span> <span class='ocrx_word' id='word_1_690' title='bbox 3346 4184 3566 4238; x_wconf 73' lang='grc' dir='ltr'><strong>καὶδύο</strong></span> <span class='ocrx_word' id='word_1_691' title='bbox 3609 4182 3782 4254; x_wconf 82' lang='grc' dir='ltr'><strong>λαγύ-</strong></span> 
     </span>
    </p>
   </div>
   <div class='ocr_carea' id='block_1_98' title="bbox 2198 4268 3782 4348">
    <p class='ocr_par' dir='ltr' id='par_1_98' title="bbox 2198 4268 3782 4348">
     <span class='ocr_line' id='line_1_99' title="bbox 2198 4268 3782 4348; baseline -0.001 -19"><span class='ocrx_word' id='word_1_692' title='bbox 2198 4282 2288 4329; x_wconf 86' lang='grc' dir='ltr'><strong>νιά</strong></span> <span class='ocrx_word' id='word_1_693' title='bbox 2321 4268 2380 4328; x_wconf 82' lang='grc' dir='ltr'><strong>ἒν</strong></span> <span class='ocrx_word' id='word_1_694' title='bbox 2409 4278 2538 4348; x_wconf 78' lang='grc' dir='ltr'><strong>παρ’</strong></span> <span class='ocrx_word' id='word_1_695' title='bbox 2572 4275 2630 4329; x_wconf 82' lang='grc' dir='ltr'><strong>ἓν</strong></span> <span class='ocrx_word' id='word_1_696' title='bbox 2657 4278 2961 4344; x_wconf 73' lang='grc' dir='ltr'><strong>βαστάζων,</strong></span> <span class='ocrx_word' id='word_1_697' title='bbox 3011 4278 3107 4331; x_wconf 73' lang='grc' dir='ltr'><strong>καί</strong></span> <span class='ocrx_word' id='word_1_698' title='bbox 3152 4274 3464 4341; x_wconf 77' lang='grc' dir='ltr'><strong>ἐκαθέζετο,</strong></span> <span class='ocrx_word' id='word_1_699' title='bbox 3508 4274 3606 4330; x_wconf 71' lang='grc' dir='ltr'><strong>καὶ</strong></span> 
     </span>
    </p>
   </div>
   <div class='ocr_carea' id='block_1_99' title="bbox 2198 4366 2382 4438">
    <p class='ocr_par' dir='ltr' id='par_1_99' title="bbox 2198 4366 2382 4438">
     <span class='ocr_line' id='line_1_100' title="bbox 2198 4366 2382 4438; baseline 0.016 -18"><span class='ocrx_word' id='word_1_700' title='bbox 2198 4366 2382 4438; x_wconf 78' lang='grc' dir='ltr'><strong>χαζεν.</strong></span> 
     </span>
    </p>
   </div>
   <div class='ocr_carea' id='block_1_100' title="bbox 2635 4436 3351 4510">
    <p class='ocr_par' dir='ltr' id='par_1_100' title="bbox 2635 4436 3351 4510">
     <span class='ocr_line' id='line_1_101' title="bbox 2635 4436 3351 4510; baseline 0.004 -20"><span class='ocrx_word' id='word_1_701' title='bbox 2635 4436 2802 4509; x_wconf 78' lang='grc' dir='ltr'><strong>Ἀρχὴ</strong></span> <span class='ocrx_word' id='word_1_702' title='bbox 2836 4438 2929 4491; x_wconf 82' lang='grc' dir='ltr'><strong>τοῦ</strong></span> <span class='ocrx_word' id='word_1_703' title='bbox 2968 4438 3023 4491; x_wconf 80' lang='grc' dir='ltr'><strong><em>Ψ</em></strong></span> <span class='ocrx_word' id='word_1_704' title='bbox 3066 4439 3351 4510; x_wconf 81' lang='grc' dir='ltr'><strong>στοιχείου.</strong></span> 
     </span>
    </p>
   </div>
   <div class='ocr_carea' id='block_1_101' title="bbox 2510 4549 3464 4620">
    <p class='ocr_par' dir='ltr' id='par_1_101' title="bbox 2510 4549 3464 4620">
     <span class='ocr_line' id='line_1_102' title="bbox 2510 4549 3464 4620; baseline 0.005 -16"><span class='ocrx_word' id='word_1_705' title='bbox 2510 4552 2649 4620; x_wconf 83' lang='grc' dir='ltr'><strong>Περί</strong></span> <span class='ocrx_word' id='word_1_706' title='bbox 2683 4549 2791 4605; x_wconf 86' lang='grc' dir='ltr'><strong>τοῦ</strong></span> <span class='ocrx_word' id='word_1_707' title='bbox 2825 4551 2975 4607; x_wconf 77' lang='grc' dir='ltr'><strong>ὰόϐᾶ</strong></span> <span class='ocrx_word' id='word_1_708' title='bbox 3022 4556 3383 4610; x_wconf 75' lang='grc' dir='ltr'><strong>Ψενθαῖσίου</strong></span> <span class='ocrx_word' id='word_1_709' title='bbox 3425 4556 3464 4609; x_wconf 87' lang='grc'><strong>¹.</strong></span> 
     </span>
    </p>
   </div>
   <div class='ocr_carea' id='block_1_102' title="bbox 2267 4658 3783 4737">
    <p class='ocr_par' dir='ltr' id='par_1_102' title="bbox 2267 4658 3783 4737">
     <span class='ocr_line' id='line_1_103' title="bbox 2267 4658 3783 4737; baseline 0.002 -20"><span class='ocrx_word' id='word_1_710' title='bbox 2267 4658 2436 4717; x_wconf 73' lang='grc' dir='ltr'><strong>Εἶπεν</strong></span> <span class='ocrx_word' id='word_1_711' title='bbox 2470 4666 2499 4717; x_wconf 88' lang='grc' dir='ltr'><strong>ὁ</strong></span> <span class='ocrx_word' id='word_1_712' title='bbox 2532 4664 2709 4729; x_wconf 79' lang='grc' dir='ltr'><strong>ἀδϐἄς</strong></span> <span class='ocrx_word' id='word_1_713' title='bbox 2742 4664 3071 4731; x_wconf 73' lang='grc' dir='ltr'><strong>Ψενθατσιος</strong></span> <span class='ocrx_word' id='word_1_714' title='bbox 3103 4668 3125 4698; x_wconf 81' lang='grc'>⁸</span> <span class='ocrx_word' id='word_1_715' title='bbox 3152 4669 3250 4722; x_wconf 78' lang='grc' dir='ltr'><strong>καὶ</strong></span> <span class='ocrx_word' id='word_1_716' title='bbox 3284 4670 3315 4721; x_wconf 82' lang='grc' dir='ltr'><strong>ὁ</strong></span> <span class='ocrx_word' id='word_1_717' title='bbox 3358 4667 3535 4731; x_wconf 78' lang='grc' dir='ltr'><strong>ἀὸϐἄς</strong></span> <span class='ocrx_word' id='word_1_718' title='bbox 3573 4665 3783 4737; x_wconf 76' lang='grc' dir='ltr'><strong>Σοῦρος</strong></span> 
     </span>
    </p>
   </div>
   <div class='ocr_carea' id='block_1_103' title="bbox 2195 4754 3783 4828">
    <p class='ocr_par' dir='ltr' id='par_1_103' title="bbox 2195 4754 3783 4828">
     <span class='ocr_line' id='line_1_104' title="bbox 2195 4754 3783 4828; baseline 0.002 -21"><span class='ocrx_word' id='word_1_719' title='bbox 2195 4754 2291 4808; x_wconf 78' lang='grc' dir='ltr'><strong>καὶ</strong></span> <span class='ocrx_word' id='word_1_720' title='bbox 2329 4754 2534 4820; x_wconf 74' lang='grc' dir='ltr'><strong>Ψώῖος,</strong></span> <span class='ocrx_word' id='word_1_721' title='bbox 2580 4757 2663 4810; x_wconf 81' lang='grc' dir='ltr'><strong>ὅτι</strong></span> <span class='ocrx_word' id='word_1_722' title='bbox 2713 4756 3037 4827; x_wconf 50' lang='grc' dir='ltr'><strong>Ἀκούοντες,</strong></span> <span class='ocrx_word' id='word_1_723' title='bbox 3069 4757 3177 4811; x_wconf 81' lang='grc' dir='ltr'><strong>τῶν</strong></span> <span class='ocrx_word' id='word_1_724' title='bbox 3219 4757 3391 4828; x_wconf 80' lang='grc' dir='ltr'><strong>λόγων</strong></span> <span class='ocrx_word' id='word_1_725' title='bbox 3426 4757 3519 4811; x_wconf 78' lang='grc' dir='ltr'><strong>τοῦ</strong></span> <span class='ocrx_word' id='word_1_726' title='bbox 3560 4756 3783 4827; x_wconf 73' lang='grc' dir='ltr'><strong>Πατρδς</strong></span> 
     </span>
    </p>
   </div>
   <div class='ocr_carea' id='block_1_104' title="bbox 2194 4842 3783 4918">
    <p class='ocr_par' dir='ltr' id='par_1_104' title="bbox 2194 4842 3783 4918">
     <span class='ocr_line' id='line_1_105' title="bbox 2194 4842 3783 4918; baseline 0.001 -20"><span class='ocrx_word' id='word_1_727' title='bbox 2194 4842 2350 4916; x_wconf 82' lang='grc' dir='ltr'><strong>ήμῶν</strong></span> <span class='ocrx_word' id='word_1_728' title='bbox 2372 4846 2467 4900; x_wconf 85' lang='grc' dir='ltr'><strong>τοῦ</strong></span> <span class='ocrx_word' id='word_1_729' title='bbox 2492 4845 2639 4900; x_wconf 79' lang='grc' dir='ltr'><strong>ἀϐὁᾶ</strong></span> <span class='ocrx_word' id='word_1_730' title='bbox 2676 4847 2972 4918; x_wconf 87' lang='grc' dir='ltr'><strong>Παχωμίου</strong></span> <span class='ocrx_word' id='word_1_731' title='bbox 3006 4848 3254 4918; x_wconf 80' lang='grc' dir='ltr'><strong>μεγάλως</strong></span> <span class='ocrx_word' id='word_1_732' title='bbox 3281 4848 3661 4918; x_wconf 79' lang='grc' dir='ltr'><strong>ὠφελούμεθα.</strong></span> <span class='ocrx_word' id='word_1_733' title='bbox 3692 4849 3783 4911; x_wconf 82' lang='grc' dir='ltr'><strong>εἰς</strong></span> 
     </span>
    </p>
   </div>
   <div class='ocr_carea' id='block_1_105' title="bbox 2201 4934 3782 5010">
    <p class='ocr_par' dir='ltr' id='par_1_105' title="bbox 2201 4934 3782 5010">
     <span class='ocr_line' id='line_1_106' title="bbox 2201 4934 3782 5010; baseline 0.001 -21"><span class='ocrx_word' id='word_1_734' title='bbox 2201 4934 2361 5006; x_wconf 75' lang='grc' dir='ltr'><strong>ζῆλον</strong></span> <span class='ocrx_word' id='word_1_735' title='bbox 2384 4934 2607 5006; x_wconf 78' lang='grc' dir='ltr'><strong>ἀγαθῶν</strong></span> <span class='ocrx_word' id='word_1_736' title='bbox 2642 4936 2818 5006; x_wconf 77' lang='grc' dir='ltr'><strong>ἔργων</strong></span> <span class='ocrx_word' id='word_1_737' title='bbox 2849 4938 3260 5010; x_wconf 83' lang='grc' dir='ltr'><strong>διεγειρόμενοι.</strong></span> <span class='ocrx_word' id='word_1_738' title='bbox 3300 4939 3563 5009; x_wconf 84' lang='grc' dir='ltr'><strong>Ὀρῶντες</strong></span> <span class='ocrx_word' id='word_1_739' title='bbox 3591 4938 3650 4991; x_wconf 80' lang='grc' dir='ltr'>δὲ</span> <span class='ocrx_word' id='word_1_740' title='bbox 3672 4939 3782 4992; x_wconf 62' lang='grc' dir='ltr'><strong>αὐε-</strong></span> 
     </span>
    </p>
   </div>
   <div class='ocr_carea' id='block_1_106' title="bbox 2199 5024 3785 5100">
    <p class='ocr_par' dir='ltr' id='par_1_106' title="bbox 2199 5024 3785 5100">
     <span class='ocr_line' id='line_1_107' title="bbox 2199 5024 3785 5100; baseline 0.001 -21"><span class='ocrx_word' id='word_1_741' title='bbox 2199 5026 2293 5080; x_wconf 83' lang='grc' dir='ltr'>τοῦ</span> <span class='ocrx_word' id='word_1_742' title='bbox 2336 5028 2431 5080; x_wconf 73' lang='grc' dir='ltr'><strong>καὶ</strong></span> <span class='ocrx_word' id='word_1_743' title='bbox 2473 5027 2784 5092; x_wconf 83' lang='grc' dir='ltr'><strong>σιωπῶντος</strong></span> <span class='ocrx_word' id='word_1_744' title='bbox 2826 5027 2927 5100; x_wconf 85' lang='grc' dir='ltr'><strong>τὴν</strong></span> <span class='ocrx_word' id='word_1_745' title='bbox 2963 5027 3161 5098; x_wconf 80' lang='grc' dir='ltr'><strong>πρᾶξιν</strong></span> <span class='ocrx_word' id='word_1_746' title='bbox 3198 5029 3353 5098; x_wconf 86' lang='grc' dir='ltr'><strong>λόγον</strong></span> <span class='ocrx_word' id='word_1_747' title='bbox 3391 5024 3577 5091; x_wconf 84' lang='grc' dir='ltr'><strong>οὖσαν,</strong></span> <span class='ocrx_word' id='word_1_748' title='bbox 3611 5027 3785 5082; x_wconf 76' lang='grc' dir='ltr'><strong>ὲθαυο</strong></span> 
     </span>
    </p>
   </div>
   <div class='ocr_carea' id='block_1_107' title="bbox 2202 5116 3783 5190">
    <p class='ocr_par' dir='ltr' id='par_1_107' title="bbox 2202 5116 3783 5190">
     <span class='ocr_line' id='line_1_108' title="bbox 2202 5116 3783 5190; baseline 0.001 -21"><span class='ocrx_word' id='word_1_749' title='bbox 2202 5117 2464 5187; x_wconf 78' lang='grc' dir='ltr'><strong>μάζομεν,</strong></span> <span class='ocrx_word' id='word_1_750' title='bbox 2498 5116 2635 5188; x_wconf 76' lang='grc' dir='ltr'><strong>πρὸς</strong></span> <span class='ocrx_word' id='word_1_751' title='bbox 2676 5116 2940 5188; x_wconf 81' lang='grc' dir='ltr'><strong>ἀλλήλους</strong></span> <span class='ocrx_word' id='word_1_752' title='bbox 2984 5117 3255 5185; x_wconf 83' lang='grc' dir='ltr'><strong>λέγοντες,</strong></span> <span class='ocrx_word' id='word_1_753' title='bbox 3297 5121 3378 5172; x_wconf 85' lang='grc' dir='ltr'><strong>ὅτι</strong></span> <span class='ocrx_word' id='word_1_754' title='bbox 3420 5118 3783 5190; x_wconf 78' lang='grc' dir='ltr'><strong>Ἐνομίζομεν</strong></span> 
     </span>
    </p>
   </div>
   <div class='ocr_carea' id='block_1_108' title="bbox 2197 5207 3781 5277">
    <p class='ocr_par' dir='ltr' id='par_1_108' title="bbox 2197 5207 3781 5277">
     <span class='ocr_line' id='line_1_109' title="bbox 2197 5207 3781 5277; baseline 0.001 -16"><span class='ocrx_word' id='word_1_755' title='bbox 2197 5210 2405 5271; x_wconf 77' lang='grc' dir='ltr'><strong>πάντας</strong></span> <span class='ocrx_word' id='word_1_756' title='bbox 2437 5211 2564 5272; x_wconf 78' lang='grc' dir='ltr'><strong>τοὺς</strong></span> <span class='ocrx_word' id='word_1_757' title='bbox 2590 5207 2976 5277; x_wconf 79' lang='grc' dir='ltr'><strong>ἀγίουςοῦτως</strong></span> <span class='ocrx_word' id='word_1_758' title='bbox 3006 5211 3351 5263; x_wconf 84' lang='grc' dir='ltr'><strong>πεποιεῖσθαι</strong></span> <span class='ocrx_word' id='word_1_759' title='bbox 3374 5210 3481 5264; x_wconf 78' lang='grc' dir='ltr'><strong>ὑπὸ</strong></span> <span class='ocrx_word' id='word_1_760' title='bbox 3508 5210 3602 5264; x_wconf 81' lang='grc' dir='ltr'><strong>τοῦ</strong></span> <span class='ocrx_word' id='word_1_761' title='bbox 3634 5208 3781 5263; x_wconf 83' lang='grc' dir='ltr'><strong>Θεοῦ</strong></span> 
     </span>
    </p>
   </div>
   <div class='ocr_carea' id='block_1_109' title="bbox 2195 5300 3783 5372">
    <p class='ocr_par' dir='ltr' id='par_1_109' title="bbox 2195 5300 3783 5372">
     <span class='ocr_line' id='line_1_110' title="bbox 2195 5300 3783 5372; baseline 0.001 -20"><span class='ocrx_word' id='word_1_762' title='bbox 2195 5301 2259 5353; x_wconf 80' lang='grc' dir='ltr'><strong>ὲκ</strong></span> <span class='ocrx_word' id='word_1_763' title='bbox 2294 5300 2499 5363; x_wconf 84' lang='grc' dir='ltr'><strong>κοιλίας</strong></span> <span class='ocrx_word' id='word_1_764' title='bbox 2534 5300 2741 5371; x_wconf 82' lang='grc' dir='ltr'><strong>μητρὸς</strong></span> <span class='ocrx_word' id='word_1_765' title='bbox 2762 5300 2941 5353; x_wconf 78' lang='grc' dir='ltr'><strong>αὐτῶν</strong></span> <span class='ocrx_word' id='word_1_766' title='bbox 2973 5301 3163 5369; x_wconf 82' lang='grc' dir='ltr'><strong>ἁγίους</strong></span> <span class='ocrx_word' id='word_1_767' title='bbox 3196 5302 3292 5355; x_wconf 79' lang='grc' dir='ltr'><strong>καὶ</strong></span> <span class='ocrx_word' id='word_1_768' title='bbox 3322 5302 3647 5372; x_wconf 75' lang='grc' dir='ltr'><strong>ἀτρέπτους,</strong></span> <span class='ocrx_word' id='word_1_769' title='bbox 3677 5302 3783 5354; x_wconf 78' lang='grc' dir='ltr'><strong>καὶ</strong></span> 
     </span>
    </p>
   </div>
   <div class='ocr_carea' id='block_1_110' title="bbox 2195 5380 3782 5464">
    <p class='ocr_par' dir='ltr' id='par_1_110' title="bbox 2195 5380 3782 5464">
     <span class='ocr_line' id='line_1_111' title="bbox 2195 5380 3782 5464; baseline 0.002 -21"><span class='ocrx_word' id='word_1_770' title='bbox 2195 5391 2315 5461; x_wconf 75' lang='grc' dir='ltr'><strong>οὐχὶ</strong></span> <span class='ocrx_word' id='word_1_771' title='bbox 2339 5390 2741 5463; x_wconf 63' lang='grc' dir='ltr'><strong>αὐτεξουσίως·</strong></span> <span class='ocrx_word' id='word_1_772' title='bbox 2777 5392 2872 5447; x_wconf 78' lang='grc' dir='ltr'><strong>καὶ</strong></span> <span class='ocrx_word' id='word_1_773' title='bbox 2903 5392 3031 5454; x_wconf 80' lang='grc' dir='ltr'><strong>τοὺς</strong></span> <span class='ocrx_word' id='word_1_774' title='bbox 3060 5391 3416 5463; x_wconf 74' lang='grc' dir='ltr'><strong>ἁμαρτωλοὺς</strong></span> <span class='ocrx_word' id='word_1_775' title='bbox 3434 5380 3515 5464; x_wconf 63' lang='grc' dir='ltr'><strong>’μὴ</strong></span> <span class='ocrx_word' id='word_1_776' title='bbox 3535 5391 3782 5464; x_wconf 71' lang='grc' dir='ltr'><strong>δυναμέ-</strong></span> 
     </span>
    </p>
   </div>
   <div class='ocr_carea' id='block_1_111' title="bbox 2101 5517 2631 5590">
    <p class='ocr_par' dir='ltr' id='par_1_111' title="bbox 2101 5517 2631 5590">
     <span class='ocr_line' id='line_1_112' title="bbox 2101 5517 2631 5590; baseline 0.004 -19"><span class='ocrx_word' id='word_1_777' title='bbox 2101 5519 2121 5548; x_wconf 88' lang='grc'><strong><em>²</em></strong></span> <span class='ocrx_word' id='word_1_778' title='bbox 2151 5517 2239 5571; x_wconf 76' lang='grc' dir='ltr'><strong>ΑΙ.</strong></span> <span class='ocrx_word' id='word_1_779' title='bbox 2276 5519 2631 5590; x_wconf 79' lang='grc' dir='ltr'><strong>Ψενθαήσιος.</strong></span> 
     </span>
    </p>
   </div>
   <div class='ocr_carea' id='block_1_112' title="bbox 2279 5663 3255 5737">
    <p class='ocr_par' dir='ltr' id='par_1_112' title="bbox 2279 5663 3255 5737">
     <span class='ocr_line' id='line_1_113' title="bbox 2279 5663 3255 5737; baseline 0.002 -19"><span class='ocrx_word' id='word_1_780' title='bbox 2279 5665 2388 5735; x_wconf 61' lang='grc' dir='ltr'><strong>(Ξῖ)</strong></span> <span class='ocrx_word' id='word_1_781' title='bbox 2440 5664 2542 5721; x_wconf 71' lang='grc' dir='ltr'><strong>γει.</strong></span> <span class='ocrx_word' id='word_1_782' title='bbox 2586 5667 2737 5724; x_wconf 81' lang='lat' dir='ltr'><strong>Patr.</strong></span> <span class='ocrx_word' id='word_1_783' title='bbox 2768 5684 2804 5733; x_wconf 93' lang='lat' dir='ltr'><strong>l,</strong></span> <span class='ocrx_word' id='word_1_784' title='bbox 2837 5683 2889 5737; x_wconf 75' lang='grc' dir='ltr'><strong>ιι.</strong></span> <span class='ocrx_word' id='word_1_785' title='bbox 2934 5666 3129 5732; x_wconf 68' lang='lat' dir='ltr'><strong>l2l,c.</strong></span> <span class='ocrx_word' id='word_1_786' title='bbox 3164 5663 3255 5720; x_wconf 75' lang='lat' dir='ltr'><strong>ss.</strong></span> 
     </span>
    </p>
   </div>
  </div>
