4020 6196
427 1227 436 1334 l

458 234 561 298 43.9

1583 233 1928 292 APPENDIX
1967 234 2058 292 AD
2097 237 2440 296 PALLADIU
2450 240 2518 296 Μ.

3603 242 3707 299 ΗΟ

459 353 639 416 mitte,
675 350 833 412 abba,
878 355 936 401 ut
973 345 1156 400 veniat
1202 358 1266 399 ac
1313 343 1492 399 videat
1527 351 1600 400 te.
1631 346 1700 398 At
1732 361 1898 401 senex
1949 362 2038 402 re-

2173 348 2254 412 ὸν,
2296 349 2503 417 λέγων’
2554 349 2912 419 Συγχώρησον
2967 347 3126 400 αὐτὸν
3158 347 3199 411 ⁸,
3235 345 3400 410 ἀϐὗᾶ.
3454 347 3540 401 ἵνα
3583 351 3707 422 ἔλθῃ

461 443 680 517 spondit
708 461 720 496 :
746 441 903 495 Certe
928 451 1040 492 non
1071 435 1309 506 trajiciet
1347 437 1648 492 convallem
1682 437 1824 492 hanc
1853 453 2032 509 neque

463 552 550 591 me
576 538 969 600 conspecturus
995 535 1100 582 est.

532 624 584 675 7.
619 621 799 675 Abbas
855 617 1044 674 Sisoes
1091 633 1400 674 sermonem
1444 628 1796 688 percontatus
1834 628 1919 674 est
1966 620 2034 676 de

462 713 656 768 abbate
688 708 783 766 0r.
815 709 883 764 Et
928 708 1067 763 dixit
1116 709 1164 763 ei
1199 727 1212 763 :
1261 708 1467 763 Mihine
1502 710 1662 765 fidem
1692 711 1905 767 habes?
1946 713 2036 766 Ait

461 805 553 860 ille
589 826 600 858 :
627 802 825 857 Etiam.
859 805 1048 872 Itaque
1078 801 1146 856 ad
1174 817 1298 857 eum
1330 821 1342 855 :
1367 801 1537 869 Vade,
1565 805 1710 873 quod
1742 819 1828 860 me
1850 803 2036 860 vidisti

461 895 777 960 facientem,
806 901 863 948 tu
903 908 1120 964 quoque
1162 892 1268 947 fac.
1303 893 1528 964 Excepit
1555 912 1568 948 :
1595 894 1864 960 Quidnam
1897 896 1951 950 in
1985 904 2037 951 te

464 983 768 1053 conspicio,
811 983 1020 1038 Pater?
1063 981 1365 1052 Respondit
1412 998 1627 1038 senex:
1681 983 1838 1049 Quod
1883 1001 2039 1041 mens

464 1090 587 1130 mea
617 1073 759 1130 infra
791 1083 1018 1130 cunctos
1054 1073 1306 1130 homines
1333 1089 1392 1129 se
1420 1074 1713 1130 submittit.

539 1252 590 1306 8.
639 1249 970 1305 Referebant
990 1247 1057 1303 de
1087 1247 1282 1302 abbate
1303 1245 1380 1301 0r
1413 1254 1468 1301 et
1505 1245 1702 1301 abbate
1727 1245 2040 1312 Theodoro,

468 1343 615 1414 quod
638 1340 862 1398 exordia
884 1342 1024 1395 bona
1046 1339 1416 1406 instituerent,
1451 1352 1514 1393 ac
1549 1337 1660 1394 Deo
1681 1339 1888 1410 gratias
1919 1355 2046 1410 age~

409 1510 418 1534 .
467 1443 590 1490 rent
619 1446 853 1502 semper.

540 1527 592 1580 9.
627 1523 774 1578 Dixit
822 1523 992 1578 abbas
1033 1521 1111 1578 0r
1144 1542 1157 1578 :
1191 1523 1410 1578 Corona
1456 1523 1708 1576 monachi
1747 1531 1830 1576 est
1869 1523 2047 1577 humi-

469 1617 620 1672 litas.

546 1708 632 1762 10.
665 1705 808 1760 Dixit
845 1707 1041 1762 iterum
1070 1726 1082 1761 :
1114 1705 1218 1772 Qui
1264 1722 1431 1776 supra
1464 1707 1718 1761 meritum
1749 1707 2048 1763 honoratur
2077 1687 2123 1747 Β

478 1801 561 1854 vel
591 1799 866 1862 laudatur,
887 1798 1059 1852 multo
1085 1797 1320 1851 aﬂicitur
1343 1799 1546 1852 damno
1572 1814 1590 1850 :
1615 1798 1708 1866 qui
1731 1807 1914 1863 autem
1937 1799 2052 1854 nul-

476 1891 693 1945 latenus
727 1889 782 1943 in
813 1890 991 1960 pretio
1019 1897 1104 1943 est
1135 1888 1278 1960 apud
1306 1889 1828 1961 homines,gloriam
1856 1906 2049 1962 super-

478 1999 549 2038 ne
575 1983 810 2037 delatam
843 1987 1228 2051 consequetur.

552 2074 639 2128 11.
677 2071 876 2128 lterum
913 2072 1164 2126 monuit:
1197 2071 1423 2138 Quoties
1448 2079 1501 2126 te
1541 2071 1774 2127 subierit
1799 2071 2056 2143 cogitatio

479 2164 736 2223 elationis
770 2169 824 2218 et
846 2164 1137 2234 superbiae,
1159 2173 1408 2219 scrutare
1431 2164 1827 2218 conscientiam
1861 2170 2010 2216 tuam
2037 2178 2052 2228 ;

479 2265 664 2311 utrum
688 2255 870 2310 omnia
898 2255 1154 2310 mandata
1180 2254 1487 2310 servaveris
1513 2271 1528 2320 ;
1563 2269 1631 2307 an
1659 2253 1854 2322 diligas
1875 2253 2057 2307 inimi-

481 2361 576 2399 cos
601 2351 746 2408 tuos,
774 2358 838 2397 ac
865 2344 933 2398 de
974 2359 1165 2397 cormn
1205 2342 1510 2396 infortunio
1538 2349 1772 2396 moestus
1794 2342 1901 2406 sis;
1935 2351 2058 2396 tene

482 2450 699 2491 servum
725 2434 975 2488 inutilem
1000 2433 1193 2496 ducas,
1230 2446 1445 2486 necnon
1491 2446 1656 2501 supra
1681 2443 1909 2487 cunctos
1933 2448 2057 2502 pec-

481 2535 741 2580 eatorem.
775 2524 873 2580 His
902 2525 1045 2594 apud
1077 2534 1128 2579 te
1154 2523 1527 2594 deprehensis,
1549 2523 1661 2578 noli
1686 2523 1863 2579 adhuc
1889 2525 2058 2578 altum

484 2631 709 2687 sapere,
744 2607 908 2686 quasi
956 2623 1105 2672 recta
1153 2618 1337 2672 omnia
1386 2619 1706 2690 peregeris;
1751 2617 1847 2673 sed
1895 2618 2055 2685 scito,

483 2724 582 2780 per
604 2708 872 2779 ejusmodi
903 2709 1289 2780 cogitationem
1325 2710 1584 2765 universa
1607 2709 1845 2766 destrui.

559 2801 650 2857 12.
680 2801 945 2870 Praecepit
969 2801 1136 2856 etiam
1168 2818 1182 2856 :
1221 2800 1279 2855 ln
1308 2801 1457 2856 omni
1503 2803 1826 2866 tentatione,
1857 2803 1926 2858 de
1965 2803 2062 2856 hn-

484 2894 634 2948 mine
664 2905 939 2962 quoquam
981 2906 1052 2946 ne
1105 2883 1490 2961 conqueraris,
1535 2891 1634 2946 sed
1673 2890 1742 2947 de
1777 2899 1832 2946 te
1857 2893 2062 2947 solum-

2132 441 2226 494 καὶ
2259 440 2343 512 ἴδῃ
2377 458 2456 493 σε.
2497 442 2606 495 Καὶ
2647 439 2964 510 ἀποκριθεὶς
3019 441 3048 492 ὁ
3109 439 3285 508 γέρων
3338 435 3496 493 εἴπεο
3551 443 3708 496 Φύσει

2131 533 2192 585 οὐ
2223 535 2396 604 περνᾷ
2423 534 2521 604 τὴν
2553 534 2810 604 φάραγγα
2841 532 3066 602 ταύτην,
3097 531 3191 584 καὶ
3223 530 3411 600 βλέπει
3435 549 3522 603 με.

2199 623 2264 686 ξ’.
2313 623 2623 694 Ἢρώτησεν
2653 625 2682 676 ὁ
2715 623 2889 685 ἀδϐἄς
2925 622 3119 692 Σισόης
3141 620 3232 673 τὸν
3269 621 3445 675 ἀεϐἄν
3466 623 3588 694 “Dp,
3622 623 3708 676 λέ-

2135 730 2246 782 γων
2263 733 2275 745 ·
2313 715 2449 768 Εἰπέ
2476 732 2564 785 μοι
2583 714 2758 782 λόγον.
2785 713 2896 767 Καὶ
2919 708 3071 765 εἶπεν
3099 710 3248 781 αὐτῷ
3266 729 3278 741 ·
3315 713 3502 782 Ἔχεις
3530 714 3711 768 πίστιν

2135 811 2214 872 εἰς
2242 808 2379 879 sua;
2408 806 2518 859 Καὶ
2543 801 2696 858 εἶπε’
2739 803 2867 857 Ναί.
2904 802 3072 856 Εἶπεν
3107 798 3203 855 οὖν
3249 802 3429 872 αὐτῷ-
3472 803 3717 872 ’Υπαγε.

2137 901 2232 954 καὶ
2251 901 2281 952 ὃ
2301 897 2551 970 ἑώρακάς
2595 913 2662 967 με
2703 893 2981 959 ποιοῦντα,
3015 895 3243 966 ποίησον
3272 897 3366 947 καὶ
3394 894 3480 947 σύ.
3512 897 3620 949 Καὶ
3642 893 3716 949 εἷ-

2139 1008 2242 1043 πεν
2270 989 2418 1059 αὐτῷ
2442 1005 2456 1018 ·
2499 986 2564 1040 Τί
2599 985 2732 1058 ὁρῶ,
2767 987 2969 1056 Πάτερ,
3002 985 3081 1048 εἰς
3113 985 3204 1050 σέ;
3246 985 3389 1055 Ἔφη
3430 985 3487 1038 δὲ
3520 986 3668 1056 αὑτῷ
3691 989 3719 1040 ὁ

2141 1083 2338 1153 γέρων,
2376 1082 2458 1134 ὅτι
2505 1080 2562 1132 '0
2583 1077 2842 1148 λογισμός
2875 1094 2974 1147 μου
3010 1075 3318 1148 κατώτερός
3345 1078 3460 1131 ἐστι
3501 1079 3719 1131 πάντων

2143 1173 2240 1228 ἀνθ
2250 1170 2467 1243 ρώπων.

2213 1270 2282 1334 η’.
2324 1262 2551 1330 Ἔλεγον
2582 1261 2711 1332 περ)⁵
2744 1259 2836 1312 τοῦ
2867 1258 3010 1313 ἀόδᾶ
3036 1260 3135 1332 ’Ὡρ
3167 1259 3262 1312 καὶ
3291 1256 3384 1311 τοῦ
3415 1258 3560 1312 ἀ66ἄ
3590 1258 3719 1311 Θεο-

2143 1353 2340 1425 δώρου,
2374 1354 2456 1406 ὅτι
2483 1348 2624 1422 ἦσαν
2659 1351 2943 1420 βάλλοντες
2972 1351 3145 1421 ἀρχὰς
3177 1349 3407 1419 ἀγαθὰς,
3441 1351 3535 1403 καὶ
3561 1351 3720 1420 εὐχα-

2149 1444 2460 1515 ριστοῦντες
2493 1441 2725 1512 τῷΘεῷ
2754 1441 3066 1505 διαπαντός.

2219 1535 2285 1588 θ’.
2318 1532 2485 1587 Εἶπεν
2515 1535 2542 1587 ὁ
2569 1533 2742 1597 ἀϐὁᾶς
2786 1534 2886 1603 ’Ὡρ
2908 1549 2922 1564 ο
2970 1531 3238 1600 Στέφανός
3276 1533 3392 1584 ἐστι
3433 1530 3660 1603 μοναχοῦ
3686 1535 3719 1602 ἡ

2148 1643 2409 1694 ταπεινοφ
2419 1625 2637 1697 ροσύνη.

2226 1726 2276 1771 ι’.
2304 1713 2442 1770 Eine
2482 1715 2644 1769 πάλιν
2665 1729 2679 1742 ·
2728 1714 2786 1767 '0
2820 1713 2988 1795 ,πλέον
3031 1713 3130 1782 τῆς
3166 1713 3322 1778 ἀξίας
3361 1712 3720 1784 τιμώμενοςῆ

2152 1808 2547 1878 ἐπαινούμενος
2576 1805 2708 1858 πολὺ
2731 1801 3053 1875 ζημιοῦταιο
3093 1805 3121 1855 ὁ
3152 1801 3208 1854 δὲ
3241 1801 3374 1872 μηδὲ
3405 1802 3538 1864 ὅλως
3561 1799 3723 1872 τιμώ-

2157 1919 2315 1974 μενος
2345 1901 2449 1954 ὑπὸ
2480 1897 2589 1952 τῶν
2620 1895 2921 1975 ἀνθρώπων
2949 1893 3154 1950 ἀνωθεν
3180 1893 3588 1965 δοξασθήσεται.

2229 2089 2318 2136 ια’.
2351 2079 2519 2132 Πάλιν
2563 2072 2717 2130 εἶπεν
2738 2094 2752 2107 ο
2788 2076 2955 2129 Ὅταν
2987 2072 3245 2143 λογισμὸς
3281 2068 3727 2140 ὑψηλοφροσύνης

2155 2176 2188 2244 ἢ
2225 2169 2602 2242 ὑπερηφανίας
2629 2166 2939 2221 ὑπεισέλθοι
2967 2183 3071 2229 σοι,
3101 2163 3297 2236 ἐρεύνα
3327 2179 3422 2214 σου
3447 2161 3509 2213 τὸ
3548 2178 3726 2214 συνει-

2155 2266 2265 2328 δὸς,
2291 2265 2339 2315 εἰ
2365 2263 2546 2325 πασας
2579 2259 2677 2324 τὰς
2711 2257 2932 2321 ἐντολὰς
2959 2256 3250 2326 genus“,
3287 2257 3335 2306 εἰ
3362 2253 3579 2323 ἀγαπᾷς
3605 2254 3733 2316 τοὶς

2159 2354 2386 2426 ἐχθρούς
2421 2371 2537 2420 σου,
2571 2354 2665 2405 καὶ
2693 2351 2837 2422 λυπῇ
2861 2350 2954 2402 ἐπὶ
2983 2353 3049 2420 τῇ
3087 2346 3375 2402 ἐλαττώσει
3404 2344 3603 2409 αὐτῶν,
3635 2343 3737 2397 καὶ

2159 2448 2302 2518 ἔχεις
2339 2445 2529 2499 ἑαυτὸν
2557 2443 2741 2497 δοῦλον
2768 2445 3006 2515 ἀχρεῖον,
3048 2442 3140 2494 καὶ
3166 2440 3381 2493 πάντων
3414 2434 3738 2508 ἀμαρτωλὸ·

2157 2553 2346 2609 τερον·
2389 2538 2483 2589 καὶ
2535 2537 2655 2589 τότε
2712 2535 2844 2606 μηδὲ
2890 2533 3062 2596 οὕτως
3113 2533 3255 2602 μέγα
3303 2532 3599 2602 φρονήσῃς,
3658 2526 3738 2590 ὡς

2161 2630 2341 2683 πάντα
2371 2623 2718 2699 κατορθώσας
2739 2642 2751 2655 ⁸
2785 2625 2941 2689 εἰδὼς
2974 2626 3057 2678 ὅτι
3089 2619 3240 2687 οὗτος
3264 2625 3292 2676 ὁ
3319 2620 3576 2690 λογισμὸς
3595 2619 3737 2672 πάιν-

2158 2738 2226 2774 τα
2253 2720 2530 2775 καταλύει.

2234 2813 2321 2879 ιβ’.
2349 2808 2485 2865 Eine:
2516 2812 2706 2866 πάλινσ
2759 2810 2847 2863 Ἐν
2880 2810 3043 2862 παντὶ
3074 2805 3366 2878 πειρασμῷ
3407 2804 3483 2876 μὴ
3517 2803 3742 2874 μέμφου

2161 2904 2470 2976 ἄνθρωπον,
2505 2903 2639 2957 ἀλλά
2675 2902 2902 2955 σεαυτὸν
2947 2899 3128 2972 μόνον,
3161 2899 3357 2968 λέγων,
3392 2897 3474 2950 ὅτι
3499 2895 3599 2950 Διά
3636 2895 3745 2958 τὰς

485 2984 673 3052 modo,
701 2984 930 3042 dicens:
963 2984 1192 3057 Propter
1212 2997 1440 3057 peccata
1469 3001 1611 3051 mea,
1635 2987 1753 3042 haec
1781 2986 1918 3041 mihi
1937 3001 2058 3043 con-

2169 2993 2434 3065 ἁμαρτίας
2471 3011 2572 3064 μου
2594 2992 2768 3047 ταῦτα
2797 2990 3086 3062 συμϐαίνει
3118 3007 3226 3060 μοι.

485 3079 728 3150 tingunt.

564 3173 651 3225 15.
691 3170 805 3226 Hoc
853 3186 1072 3241 quoque
1121 3170 1344 3226 effatum
1395 3171 1544 3227 illius
1602 3169 1775 3227 fertur
1803 3190 1817 3226 :
1847 3171 1969 3226 Noli
2006 3172 2060 3225 in

491 3262 658 3317 corde
689 3269 783 3316 tuo
817 3270 1008 3316 contra
1043 3260 1266 3316 fratrem
1289 3271 1442 3316 tuum
1466 3262 1651 3317 dicere
1691 3280 1706 3316 :
1734 3261 1955 3331 Majoris
1977 3278 2066 3318 so-

492 3353 745 3409 brietatis
765 3368 829 3406 ac
860 3353 982 3407 vita:
1006 3352 1329 3409 austerioris
1350 3352 1512 3407 homo
1543 3368 1663 3407 sum
1691 3371 1704 3406 :
1748 3353 1843 3408 sed
1875 3352 2065 3423 gratias

493 3444 702 3498 Christi
742 3443 952 3513 subjice
979 3450 1055 3508 te,
1087 3443 1143 3498 in
1176 3443 1370 3513 spiritu
1398 3443 1754 3513 paupertatis,
1783 3450 1837 3498 et
1885 3444 2068 3497 chari-

495 3534 626 3593 tatis
655 3548 764 3587 non
790 3532 966 3600 fictas;
1003 3547 1072 3587 ne
1108 3531 1250 3588 forte
1275 3531 1620 3602 gloriationis
1653 3531 1850 3601 spiritu
1884 3532 2067 3602 prola-

494 3625 668 3683 baris.
693 3623 1024 3694 amittasque
1049 3623 1265 3679 labores
1298 3632 1443 3678 tuos.
1469 3622 1747 3692 Scriptum
1782 3623 1926 3678 enim
1947 3633 2064 3679 est:

497 3717 604 3783 Qui
630 3732 684 3771 se
709 3718 977 3771 existimat
1005 3728 1170 3780 stare,
1198 3715 1373 3771 videat
1397 3732 1459 3770 ne
1489 3714 1700 3770 cadat‘.
1729 3715 1854 3771 Sale
1883 3723 2068 3773 autem

494 3809 752 3864 conditus
783 3809 859 3863 sis
899 3808 956 3862 in
982 3806 1268 3862 Domino’.

567 3901 654 3956 14.
694 3899 760 3955 Ει
798 3901 941 3956 hanc
997 3901 1328 3956 sententiam
1393 3900 1621 3970 protulit
1661 3917 1674 3952 :
1712 3897 1812 3954 Vel
1861 3899 2072 3969 fugiens

496 3992 625 4064 fuge
653 3992 940 4058 homines;
972 3992 1056 4046 vel
1080 3989 1284 4046 mundo
1308 3999 1363 4046 et
1399 3990 1715 4046 hominibus
1739 3990 2072 4058 illude,stul-

495 4097 614 4139 tum
641 4095 692 4142 te
719 4087 773 4140 in
796 4085 984 4140 multis
1007 4086 1171 4142 rebus
1205 4084 1432 4140 faciens.

572 4175 659 4230 15.
698 4175 912 4231 Rursus
959 4177 1166 4231 istam:
1215 4173 1272 4228 Si
1315 4175 1460 4228 male
1516 4178 1735 4228 locutus
1794 4171 1965 4228 fueris
2006 4172 2075 4228 de

500 4267 670 4320 fratre
716 4273 832 4329 tuo,
866 4277 1027 4337 atque
1055 4267 1405 4321 conscientiae
1433 4265 1622 4321 aculeo
1655 4265 1936 4335 pungaris,
1963 4265 2072 4327 abi,

2235 3180 2321 3242 ιγ’.
2350 3172 2517 3227 Πάλιν
2545 3169 2665 3225 εἶπε
2687 3189 2700 3204 ·
2738 3173 2829 3243 Μὴ
2858 3172 3018 3242 εἴπῃς
3051 3172 3108 3222 ὲν
3139 3172 3204 3240 τῇ
3238 3167 3435 3240 καρδία
3471 3185 3564 3220 σου
3599 3168 3751 3220 κατὰ

2162 3263 2258 3316 τοῦ
2281 3263 2509 3333 ἀδελφοῦ
2548 3280 2663 3327 σου,
2701 3262 2898 3331 λέγων.
2925 3262 3008 3315 ὅτι
3038 3259 3463 3332 Νηφαλιώτερός
3497 3258 3612 3327 εἰμι
3646 3258 3752 3309 καὶ

2165 3351 2607 3425 ἀσκητικώτερος
2629 3369 2644 3382 ⁸
2684 3351 2800 3406 ἀλλ’
2833 3350 3137 3404 ὑποτάσσου
3168 3351 3233 3419 τῇ
3268 3349 3452 3418 χάριτι
3483 3345 3573 3398 τοῦ
3609 3346 3751 3414 Χρι-

2169 3447 2294 3500 στοῦ
2347 3448 2404 3498 ἐν
2451 3444 2721 3515 πνεύματι
2771 3442 3044 3511 πτωχείας
3075 3440 3170 3493 καὶ
3197 3439 3417 3508 ἀγάπης
3451 3436 3753 3505 ἀνυποκρί-

2165 3555 2282 3600 του,
2327 3536 2416 3590 ἵνα
2465 3535 2541 3606 μὴ
2593 3533 2862 3604 πνεύματι
2912 3531 3232 3600 καυχήσεως
3277 3525 3601 3597 περιπέσῃς.
3649 3525 3757 3578 καὶ

2168 3623 2439 3698 ἀπολέσῃς
2470 3642 2564 3678 σου
2593 3624 2684 3677 τὸν
2710 3623 2898 3676 κόπον.
2929 3621 3239 3691 Γέγραπται
3263 3619 3371 3687 γάρ
3391 3632 3408 3647 ο
3462 3616 3515 3668 '0
3549 3613 3758 3666 δοκῶν

2169 3719 2440 3785 ἑστάναι,
2469 3715 2751 3784 ,βλεπέτω
2772 3715 2859 3784 μὴ
2893 3714 3076 3782 πέσῃ.
3117 3712 3312 3765 Ἀλατι
3350 3708 3408 3762 δὲ
3441 3704 3756 3778 ἠρτυμένος

2169 3812 2262 3864 ἔσο
2285 3813 2343 3865 ὲν
2364 3811 2576 3884 Κυρίῳ.

2247 3904 2326 3957 ιδ’.
2370 3898 2506 3955 Eius
2548 3902 2740 3956 πάλιν·
2795 3900 2863 3952 Ἢ
2895 3897 3110 3966 φεύγων
3167 3893 3337 3964 φεῦγε
3375 3889 3501 3954 τοὺς
3534 3887 3755 3958 ἀνθρὼ-

2171 3984 2389 4066 πους,’ἢ
2422 3992 2686 4064 έμπαιξον
2728 3991 2820 4044 τὸν
2860 3991 3065 4059 κόσμον
3107 3986 3204 4040 καὶ
3242 3984 3369 4048 τοὺς
3404 3979 3754 4052 ἀνθρώπους,

2178 4090 2357 4160 μωρὸν
2386 4087 2606 4140 σεαυτὸν
2627 4088 2704 4149 εἰς
2733 4085 2802 4138 τὰ
2838 4081 3006 4136 πολλὰ
3034 4079 3222 4134 ποιῶν.

2246 4185 2328 4232 ιε’.
2364 4177 2535 4231 Πάλιν
2581 4173 2762 4229 εἶπενσ
2809 4175 2932 4227 Ἐὰν
2969 4169 3354 4241 καταλαλήσῃς
3387 4165 3482 4218 τοῦ
3517 4160 3753 4232 ἀδελφοῦ

2178 4287 2294 4333 σου,
2322 4269 2416 4322 καὶ
2448 4267 2622 4338 πλήξῃ
2653 4283 2712 4318 σε
2737 4265 2799 4318 τὸ
2826 4263 3207 4325 συνειδόςπου,
3236 4257 3458 4321 ἄπελθε,
3494 4254 3621 4325 βάλε
3649 4252 3750 4306 αὖ·

501 4366 558 4412 te
582 4355 686 4426 ipsi
717 4358 1045 4426 paenitenter
1079 4359 1304 4422 inclina,
1327 4365 1383 4412 et
1408 4359 1575 4413 dicito
1601 4377 1614 4412 :
1646 4357 1862 4412 Detraxi
1886 4357 1953 4411 de
1985 4367 2058 4410 te:

2175 4361 2253 4432 τῷ
2291 4362 2600 4430 μετάνοιαν,
2642 4359 2734 4412 καὶ
2766 4357 2908 4421 εἰπὲ,
2952 4356 3034 4408 ὅτι
3079 4349 3438 4422 Κατελάλησά
3485 4364 3600 4409 σου,
3653 4343 3750 4396 καὶ

506 4449 575 4504 ad
607 4449 722 4504 haec
761 4450 1115 4505 securitatem
1163 4459 1360 4521 pnesta
1393 4450 1539 4521 quod
1569 4465 1677 4504 non
1725 4449 1963 4520 amplius
2006 4448 2072 4500 il-

503 4541 728 4598 luderis.
765 4540 911 4598 Mors
932 4542 1078 4597 enim
1119 4542 1318 4596 animae
1363 4549 1447 4598 est
1475 4540 1765 4596 detractio.

918 4652 1071 4709 Finis
1100 4655 1300 4709 ordinis
1323 4653 1656 4724 alphabetici.

577 4811 599 4841 ‘
625 4810 646 4865 Ι
674 4812 803 4867 Cor.
843 4829 900 4876 x,
935 4811 1022 4868 12.
1097 4814 1116 4843 ⁷
1149 4811 1264 4866 Col.
1301 4827 1376 4878 IV,
1412 4809 1465 4864 6.
1533 4768 1562 4840 ’⁸
1599 4808 1685 4862 Al.
1717 4807 1886 4877 αὐτῷ.

2181 4452 2474 4520 ἀσφάλισαι
2526 4451 2720 4522 μηκέτι
2760 4447 3147 4518 ἐμπαιχθῆναι.
3200 4442 3438 4502 Θάνατος
3484 4437 3592 4507 γάρ
3635 4435 3751 4486 ἐστι

2179 4541 2277 4612 τῆς
2309 4540 2486 4612 ψυχῆς
2516 4542 2549 4612 ἡ
2578 4537 2900 4592 καταλαλιά.

2573 4649 2750 4714 Τέλος
2771 4649 2839 4703 τὸ
2868 4647 3019 4707 κατὰ
3043 4643 3366 4713 στοιχεῖον.

515 4929 3726 4994 W

1807 5056 2429 5148 MONITUM.

1482 5216 1829 5275 ((Σοτειειιιυε,
1854 5209 2035 5262 Εεειεε.
2062 5210 2218 5260 (ἓν-ωε.
2249 5208 2485 5265 Monum,
2511 5203 2576 5256 lll
2599 5242 2612 5263 ,
2649 5201 2782 5262 171.)

470 5294 490 5383 ς

581 5421 926 5489 Sequentch
941 5421 1244 5480 historiam,
1277 5417 1598 5489 Paradisum
1621 5415 1852 5489 dictam,
1870 5413 2162 5489 in_tribus_
2177 5402 2689 5489 codici‘bt’t‘snﬁcgii‘s

510 5487 580 5544 Et
604 5475 773 5543 codex
801 5488 1020 5557 quidem
1057 5475 1255 5556 Regius
1282 5504 1432 5543 num.
1478 5487 1596 5544 159.
1624 5484 2030 5557 titulumbahet

2169 5478 2379 5557 οξτο-,τὸ
2412 5475 2440 5545 β

511 5559 632 5627 θεία
655 5559 748 5610 καὶ
777 5547 889 5627 Egit:
906 5559 1014 5627 τοῖς
1031 5547 1244 5626 συνέσει
1272 5559 1612 5627 πνευματικῇ
1641 5553 2052 5627 ὲντυγχάνονσιν
2080 5551 2241 5627 αὐτῇ.
2261 5547 2384 5608 Bia;

511 5616 742 5702 Πρῶτην
767 5622 859 5680 οὖν
885 5615 1016 5676 θεοῦ
1031 5615 1320 5690 ’θέλοντοςι
1353 5615 1460 5685 etc.
1505 5615 1946 5695 ch'nitm'ctiatn
1983 5624 2048 5677 dc

2169 5615 2340 5674 unone
2364 5662 2375 5682 ,
2404 5615 2476 5668 De
2504 5656 2516 5679 ,

2103 5322 2172 5333 .—

2717 5440 2732 5462 ,
2765 5408 2819 5452 et
2877 5412 2986 5451 uno
3019 5392 3580 5462 Colhertinoﬂnaetus
3609 5398 3756 5462 sum.

2449 5454 2868 5537 ιϐλέοδίλέγεται
2905 5465 3249 5538 παρᾶιδεισος.
3265 5460 3413 5538 ,Φξλη
3429 5457 3503 5538 ’δέ
3519 5457 3596 5538 τῇ.
3625 5454 3760 5533 ἀλῃ-

2415 5529 2508 5598 Ζτοῦ
2543 5543 2687 5596 ἀϐϐἄ
2708 5529 2953 5592 Ἰωάννου
2977 5529 3070 5588 τοῦ
3092 5530 3339 5607 ΔΘηϐαίου
3487 5529 3756 5607 ὲνιλυκῷ.

2555 5595 2866 5682 Oxyrynchi
2903 5606 3053 5661 urbe.
3091 5595 3328 5664 Tithone,
3375 5597 3508 5661 Elia,
3544 5595 3754 5664 Apollo,
