4020 6196
502 257 609 314 4ίῖ»

1626 260 1968 319 APPENDIX
2005 262 2096 317 AD
2133 248 2548 321 PALLADIUM.

3630 272 3738 327 ιιι

506 374 595 439 qui
641 368 953 439 hujusmodi
999 369 1371 423 narrationem
1411 371 1730 441 aggrediar;
1779 374 1909 445 quia
1959 389 2064 430 non

2172 376 2388 446 γήσεως
2420 377 2812 451 κατάρξασθαι,
2844 378 2935 432 διὰ
2976 378 3038 432 τὸ
3082 378 3159 451 μὴ
3206 381 3388 434 ίκανὸν
3414 374 3575 449 εἶναι,
3612 387 3738 449 τοὺς

504 460 679 523 decet,
716 468 777 514 ut
815 458 966 528 parvi
998 472 1191 528 magna
1234 458 1507 528 attingant
1544 472 1890 531 argumenta,
1941 481 2068 521 cum

502 565 612 605 non
648 550 862 619 possint
900 548 1169 619 condigne
1208 549 1491 604 veritatem
1522 551 1849 620 edisserere,
1896 557 2069 612 maxi-

502 652 698 712 meque
754 657 867 698 rem
911 643 1149 714 scriptis,
1182 644 1545 714 consignare,
1595 662 1694 717 per
1730 649 2067 709 mediocrem

500 747 811 789 sermonem
852 735 1014 788 ellatu
1049 734 1290 789 difﬁcilia
1316 735 1467 790 effari
1501 739 1757 795 audendo
1786 758 1801 794 ε
1840 743 1892 797 id
1922 745 2071 814 quod

499 822 659 875 valde
682 822 1023 892 nimiumque
1055 823 1237 877 audax
1268 834 1358 879 est
1386 840 1451 879 ac
1486 828 1877 896 periculosum,
1910 833 2070 890 nobis

500 913 594 983 qui
626 908 871 968 ‘viliores
916 930 1131 983 sumus,
1176 916 1354 987 primo
1403 919 1471 973 ad
1515 919 1658 976 hanc
1704 921 2069 980 celsissimam

499 1008 786 1062 materiam
820 1023 918 1078 per
954 1011 1161 1080 scripta
1200 1011 1481 1068 accedere.
1512 1011 1899 1072 Verumtamen
1935 1033 2074 1088 quo-

498 1101 648 1155 niam
688 1116 831 1171 smpe
873 1103 1074 1171 saepius
1102 1111 1327 1174 rogatus
1372 1106 1447 1159 fni
1479 1121 1507 1158 a
1538 1108 1794 1179 religiosa
1812 1109 2072 1166 fraterni-

499 1199 633 1256 tale,
673 1206 794 1262 quae
832 1192 884 1246 in
913 1200 1095 1248 monte
1127 1202 1321 1249 sancto
1353 1195 1545 1251 Oliveti
1581 1207 1976 1263 commoratur,
2010 1210 2070 1255 ut

499 1281 570 1336 iis
607 1282 972 1339 describerem
1005 1284 1388 1356 Egyptiorum
1411 1290 1823 1346 monachorum
1852 1292 2070 1348 vivendi

500 1375 759 1437 rationes,
800 1392 938 1445 quas
984 1378 1275 1447 conspexi,
1324 1395 1574 1449 magnam
1613 1396 1802 1437 eorum
1831 1383 2071 1437 charita-

490 1472 631 1528 tem,
671 1473 724 1519 et
760 1468 986 1522 multam
1037 1470 1483 1525 exercitationem
1521 1472 1740 1541 pietatis
1774 1491 1789 1540 ;
1848 1474 2068 1529 illorum

496 1556 750 1624 precibus
788 1556 1095 1624 conﬁdens,
1127 1556 1272 1613 hanc
1299 1559 1617 1615 relationem
1649 1561 1932 1632 suscipere
1966 1579 2065 1620 au-

497 1661 595 1701 sus
615 1661 735 1700 sum
758 1665 773 1712 ;
799 1658 910 1716 quo
936 1657 990 1702 et
1029 1634 1164 1702 mihi
1200 1649 1447 1703 nonnihil
1482 1650 1617 1704 lucri
1648 1652 1873 1707 accedat
1903 1669 1971 1708 ex
2001 1670 2068 1710 eo

490 1735 888 1804 emolumento,
934 1738 1064 1792 dum
1102 1739 1348 1809 ipsorum
1391 1739 1639 1795 imitatus
1688 1740 1843 1797 fuero
1872 1744 2064 1809 vitam,

494 1832 660 1895 atque
708 1827 1015 1882 absolutam
1065 1843 1094 1883 a
1136 1829 1341 1884 mundo
1389 1831 1778 1899 secessionem,
1827 1834 2068 1908 itemque

488 1919 751 1986 quietem,
776 1935 873 1990 per
907 1920 1248 1975 tolerantiam
1283 1923 1567 1988 virtutum,
1602 1938 1768 1993 quam
1804 1925 1872 1981 ad
1905 1925 2064 1982 finem

493 2025 666 2081 usque
689 2012 948 2067 retinent.
977 2010 1115 2068 Vere
1140 2014 1287 2069 enim
1314 2013 1548 2069 intuitus
1582 2030 1703 2069 sum
1724 2013 1815 2070 Dei
1842 2015 2067 2073 thesau-

490 2114 638 2164 rum,
680 2101 975 2157 multorum
1024 2103 1336 2159 utilitatem.
1378 2101 1580 2159 Verum
1614 2104 1667 2158 in
1713 2118 1874 2160 usum
1914 2120 2069 2161 com-

488 2208 709 2248 munem
770 2193 985 2249 lucrum
1040 2194 1308 2266 produxi,
1355 2204 1509 2252 ratus
1556 2195 1878 2266 praeclaram
1930 2197 2064 2252 mihi

480 2281 607 2337 fore
632 2282 950 2353 huiusmodi
981 2285 1436 2355 negotiationem,
1477 2287 1524 2341 si
1560 2286 1833 2341 commodi
1869 2286 2065 2342 fratres

485 2375 784 2444 participes
816 2372 1081 2439 facerem,
1125 2383 1184 2428 ut
1233 2389 1332 2444 pro
1372 2389 1493 2429 mea
1533 2383 1828 2445 precentur
1860 2376 2059 2431 salute.

480 2462 672 2523 Primo
694 2469 878 2537 itaque
906 2467 1050 2522 hanc
1082 2467 1543 2536 conscriptionem
1583 2469 1889 2536 instituam,
1932 2470 2065 2526 assi-

484 2564 665 2611 stente
699 2553 992 2610 Servatore
1024 2563 1222 2609 nostro
1240 2554 1373 2610 Jesu
1411 2555 1670 2623 Christo;
1717 2556 2061 2627 quandoqui-

484 2648 606 2701 dem
638 2646 795 2715 juxta
822 2647 997 2717 ipsius
1021 2647 1355 2712 doctrinam,
1391 2648 1493 2702 hoc
1517 2658 1681 2718 pacto
1709 2650 1878 2703 vitam
1902 2665 2058 2706 suam

482 2737 726 2809 [Egyptii
769 2738 1021 2793 monachi
1072 2739 1449 2794 moderantur.
1516 2739 1639 2794 Vidi
1698 2741 1899 2812 quippe
1948 2741 2060 2796 illic

482 2831 685 2886 multos
709 2829 922 2896 Patres,
955 2830 1254 2901 angelicam
1287 2831 1451 2885 vitam
1475 2842 1719 2902 agentes,
1753 2848 1816 2888 ac
1840 2834 1897 2888 in
1927 2833 2060 2889 Ser-

481 2920 688 2976 vatoris
738 2922 914 2976 nostri
970 2918 1101 2976 .lesu
1147 2921 1454 2977 imitatione
1503 2922 1841 2988 incedentes,
1889 2940 2059 2981 novos

2176 468 2407 538 μικροὺς
2455 469 2565 523 τῶν
2614 470 2867 540 μεγάλωγ
2912 470 3252 537 ἐφάπτεσθαι
3293 473 3628 536 ὑποθέσεων,
3663 475 3738 547 μὴ
3781 487 3787 496 ·

2120 592 2128 599 ο
2165 557 2406 625 ἐπαξίως
2426 559 2449 591 ⁸
2468 560 2796 632 δυναμένους
2817 560 2888 615 τὰ
2901 560 3074 633 ἀληθῆ
3100 560 3351 627 ἐξειπεῖν,
3380 565 3475 617 καὶ
3504 564 3739 636 μάλιστα

2169 651 2354 719 γραφῇ
2391 648 2721 722 παραδοῦναι
2752 651 2813 703 τὸ
2843 653 3094 721 πρᾶγμα,
3125 651 3220 704 καὶ
3252 653 3461 726 μετρίῳ
3487 653 3632 726 λόγῳ
3670 659 3738 710 τὰ

2168 737 2487 809 δύσφραστα
2517 742 2745 812 φράζειν
2786 741 3273 812 κατατολμῶντας·
3308 745 3447 818 ὅπερ
3491 748 3586 799 καὶ
3616 747 3741 801 τολο

2173 828 2474 895 μηρότερον
2504 827 2645 894 ἄγαν
2669 827 2760 880 καὶ
2782 828 3139 893 ἐπικίνδυνον,
3166 829 3567 903 εὐτελεστέροις
3587 830 3742 887 οὖσιν

2169 916 2322 986 ⁴ἡμῖν,
2360 916 2590 987 πρώτως
2614 917 2707 971 ἐπὶ
2734 918 2832 989 τὴν
2855 919 3198 990 ὑψηλοτάτην
3223 920 3430 992 ταύτην
3456 922 3736 988 ὑπόθεσιν,

2171 1004 2257 1059 διὰ
2276 1006 2618 1077 γραμμάτων
2643 1010 2859 1079 χωρεῖν.
2899 1009 3076 1079 Ὀμῶς
3099 1009 3476 1081 παρακληθεὶς
3496 1014 3740 1083 συνεχῶς

2169 1098 2279 1151 ὑπὸ
2298 1098 2396 1167 τῆς
2424 1098 2689 1162 censos;
2715 1100 3095 1171 ἀδελφότητος,
3127 1101 3230 1170 τῆς
3262 1102 3321 1155 ἐν
3346 1100 3427 1172 τῷ
3452 1104 3593 1174 ἁγίῳ
3619 1105 3738 1175 δρει

2169 1191 2278 1243 τῶν
2323 1190 2547 1244 Ἐλαιῶν
2578 1191 3022 1264 πολιτευομένης,
3054 1191 3265 1267 γράψαι
3290 1193 3470 1258 αὐτοῖς
3501 1196 3600 1260 τὰς
3628 1197 3738 1250 τῶν

2170 1280 2229 1335 ἐν
2258 1281 2518 1352 Αἰγύπτῳ
2560 1283 2813 1352 μοναχῶν
2845 1283 3140 1348 πολιτείας,
3167 1283 3235 1348 ἃς
3277 1284 3607 1358 ἐθεασάμην,
3641 1287 3740 1359 τὴν

2171 1370 2373 1442 πολλὴν
2411 1372 2636 1443 ἀγάπην
2670 1372 2879 1437 αὐτῶν,
2906 1373 3000 1427 καὶ
3047 1374 3247 1445 πολλὴν
3304 1375 3570 1448 ἄσκησιν·
3619 1381 3739 1442 ταῖς

2169 1461 2349 1516 αὐτῶν
2400 1464 2587 1533 εὐχαῖς
2635 1464 3096 1530 καταπιστεύσας,
3133 1464 3410 1537 ἐτόλμησα
3458 1468 3596 1539 πρὸς
3640 1469 3738 1538 τὴν

2168 1552 2418 1623 διήγησιν
2442 1554 2645 1623 ταύτην
2671 1554 2950 1626 τραπῆναι
2970 1569 2985 1585 ’
3026 1556 3116 1610 ἵνα
3154 1556 3323 1627 κάμοί
3346 1575 3400 1611 τι
3429 1558 3622 1628 κέρδος
3647 1561 3738 1627 γέ-

2169 1659 2329 1713 νηται
2354 1644 2454 1714 τῆς
2491 1644 2664 1714 αὐτῆς
2708 1643 2995 1713 ὠφελείας,
3032 1647 3396 1718 μιμησαμένῳ
3426 1647 3609 1702 αὐτῶν
3638 1648 3737 1720 τὴν

2168 1732 2461 1797 πολιτείαν,
2486 1733 2585 1787 καὶ
2609 1732 2709 1805 τὴν
2742 1734 2979 1805 παντελῆ
3009 1733 3107 1788 τοῦ
3137 1736 3341 1807 κόσμου
3389 1737 3737 1810 ἀναχώρησιν

2168 1826 2261 1879 καὶ
2289 1825 2536 1896 ἡσυχίαν,
2570 1820 2660 1878 διὰ
2687 1824 2787 1894 τῆς
2821 1823 3096 1895 ὑπομονῆς
3136 1824 3244 1881 τῶν
3272 1828 3478 1901 ἀρετῶν
3499 1830 3542 1894 ⁵,
3578 1831 3740 1903 μέχρι

2165 1918 2354 1980 τέλους
2380 1917 2721 1986 κατέχουσιν.
2760 1915 2896 1968 Ἴδον
2942 1916 3049 1987 γὰρ
3082 1916 3295 1987 ἀληθῶς
3339 1918 3430 1973 τὸν
3460 1917 3555 1973 τοῦ
3602 1921 3740 1974 Θεοῦ

2168 2008 2462 2080 θησαυρὸν,
2491 2006 2590 2079 τὴν
2618 2006 2728 2061 τῶν
2760 2006 2973 2060 πολλῶν
2996 2006 3286 2075 ὠφέλειαν,
3311 2009 3427 2062 ἀλλ’
3452 2010 3535 2073 εἰς
3560 2013 3740 2063 κοινὸν

2163 2099 2225 2152 τὺ
2260 2098 2449 2171 κέρδος
2491 2098 2721 2170 ἤγαγον,
2774 2099 3120 2170 ἡγησάμενος
3176 2099 3397 2153 ἔσεσθαί
3431 2117 3521 2171 μοι
3566 2100 3739 2171 καλὴν

2164 2192 2367 2261 ταύτην
2415 2188 2707 2262 ἐμπορίαν,
2738 2191 2800 2245 τὸ
2849 2189 3173 2261 μεταδοῦναι
3213 2195 3324 2255 τοῖς
3368 2191 3614 2262 ἀδελφοῖς
3641 2194 3743 2264 τῆς

2162 2281 2451 2350 ὡφελείας,
2482 2281 2565 2334 ἴνα
2599 2280 2860 2345 εὔξωνται
2909 2282 3048 2355 ὑπὲρ
3080 2283 3203 2353 ’τῆς
3247 2284 3387 2354 ἐμῆς
3440 2285 3738 2355 σωτηρίας.

2162 2369 2386 2441 Πρῶτον
2416 2370 2515 2440 μέν
2565 2372 2862 2440 ποιήσομαι
2892 2372 2992 2441 τὴν
3028 2371 3246 2443 γραφὴν
3273 2372 3500 2443 ταύτην,
3525 2376 3591 2443 τῇ
3641 2374 3742 2427 τοῦ

2163 2460 2414 2534 Σωτῆρος
2450 2461 2607 2532 ἡμῶν
2646 2461 2820 2533 Ἰησοῦ
2869 2463 3109 2534 Χριστοῦ
3158 2464 3466 2536 παρουσίᾳ·
3510 2468 3607 2519 καλ⁵
3655 2466 3744 2519 ὅτι

2162 2551 2305 2606 κατά
2333 2553 2432 2622 τὴν
2463 2553 2628 2606 αὐτοῦ
2655 2554 3003 2608 διδασκαλίαν
3032 2556 3084 2608 oi
3115 2557 3173 2608 ἐν
3220 2556 3482 2627 Δίγύπτῳ
3515 2559 3748 2628 μοναχοὶ

2156 2640 2384 2708 ἄγουσιν
2443 2642 2615 2713 αὐτὴν
2669 2643 2880 2696 ἑαυτῶν
2933 2636 3229 2699 πολιτείαν.
3277 2646 3415 2698 Ἴδον
3460 2645 3571 2716 γὰρ
3620 2649 3746 2699 ἐκεῖ

2161 2733 2391 2797 πολλοὺς
2415 2735 2686 2805 Πατέρας,
2713 2730 3003 2803 ἀγγελικὸν
3027 2737 3142 2806 βίον
3178 2737 3447 2807 βιοῦντας,
3471 2739 3564 2791 καὶ
3594 2740 3745 2792 κατὰ

2164 2824 2394 2896 μίμησιν
2427 2825 2522 2879 τοῦ
2554 2826 2807 2897 Σωτῆρος
2833 2826 2992 2898 ἡμῶν
3032 2826 3207 2898 Ἰησοῦ
3257 2828 3604 2900 ἐρχομένους,
3638 2830 3746 2883 καὶ

2159 2918 2313 2981 νέους
2339 2917 2491 2981 τινας
2523 2919 2619 2971 καὶ
2644 2917 2837 2981 ἄλλους
2853 2920 3160 2991 προφήτας,
3189 2919 3331 2973 κατὰ
3342 2920 3441 2991 τὴν
3460 2922 3746 2975 πολιτείαν

479 3010 747 3082 quosdam
784 3012 1032 3082 aliosque
1074 3012 1395 3083 prophetas.
1426 3028 1491 3068 ex
1527 3014 1633 3070 ista
1666 3014 1848 3070 divina
1881 3024 1936 3071 et
1959 3016 2056 3070 ad-

2163 3008 2340 3063 ένθεον
2382 3008 2552 3079 αὐτὴν
2583 3010 2678 3062 καὶ
2722 3008 3041 3082 θαυμαστὴν
3086 3010 3180 3065 καὶ
3218 3010 3469 3083 ἐνάρετον
3514 3012 3748 3083 ἔχοντας

480 3104 719 3160 mirabili
750 3104 877 3160 vita;
904 3106 1340 3170 conversatione,
1368 3104 1662 3161 virtutibus
1687 3107 1914 3171 referta,
1946 3109 2055 3163 vim

479 3203 535 3249 et
571 3193 865 3249 efﬁcaciam
909 3194 1137 3263 adeptos
1195 3195 1355 3263 plane
1398 3194 1682 3259 divinam;
1725 3210 1918 3251 revera
1963 3197 2055 3253 Dei

480 3282 736 3345 famulos,
769 3282 862 3352 qui
891 3282 1031 3336 nihil
1061 3292 1340 3338 terrenum
1366 3290 1647 3352 saperent,
1672 3284 1806 3338 nihil
1833 3301 1899 3339 ex
1936 3286 2057 3342 istis

480 3374 872 3442 temporalibus
900 3375 1257 3431 aestimarent.
1298 3375 1400 3442 Qui
1440 3375 1688 3445 profecto
1730 3378 1857 3432 dum
1888 3379 1970 3434 sic
2001 3380 2055 3434 in

2155 3101 2436 3172 ἐνέργειαν
2487 3099 2692 3172 θεοειδῆ
2712 3116 2728 3133 ο
2787 3101 2864 3166 ὡς
2916 3101 3132 3172 ἀληθῶς
3179 3101 3315 3156 Θεοῦ
3372 3102 3744 3174 θεράποντας,

2157 3194 2315 3247 οὐδὲν
2344 3195 2532 3265 γήϊνον
2565 3195 2919 3267 φρονοῦντας,
2956 3195 3077 3249 οὐδέ
3127 3214 3179 3251 τι
3231 3196 3340 3250 τῶν
3390 3197 3751 3270 προσκαίρων

2155 3284 2361 3339 τούτων
2403 3285 2802 3357 λογιζομένους.
2842 3286 2981 3340 Ἀλλ’
3024 3286 3196 3353 ὅντως
3254 3288 3427 3353 οὕτως
3488 3291 3582 3343 ἐπὶ
3630 3292 3751 3360 γῆν

2159 3375 2379 3441 ζῶντες,
2415 3378 2472 3430 tv
2504 3377 2755 3449 οὐρανοῖς
2791 3378 3183 3433 πολιτεύονται.
3240 3382 3302 3433 Οἱ
3353 3382 3454 3451 μὲν
3487 3379 3598 3452 γὰρ
3642 3383 3754 3436 αὐ-

479 3472 628 3519 terra
662 3465 872 3533 vivunt,
907 3464 960 3520 in
990 3465 1147 3521 cmlis
1172 3478 1592 3523 conversantur.
1620 3466 1839 3523 Scilicet
1865 3485 2056 3525 eorum

2163 3467 2266 3520 τῶν
2301 3468 2410 3521 οὐδ’
2435 3468 2517 3523 ὃτι
2539 3470 2743 3540 κόσμος
2764 3469 2911 3523 ἐστὶν
2940 3469 3127 3542 ἕτερος
3152 3471 3245 3524 ἐπὶ⁵
3268 3470 3372 3542 γῆς
3392 3470 3749 3539 ἐπίστανται,

479 3555 728 3611 nonnulli
752 3573 822 3612 ne
853 3557 1070 3627 quidem
1112 3559 1257 3628 quod
1290 3560 1362 3615 sit
1392 3562 1445 3614 in
1477 3567 1624 3615 terra
1648 3560 1885 3617 mundus
1918 3563 2057 3618 alius

2163 3559 2265 3612 οὐδ’
2294 3560 2376 3612 ὅτι
2410 3561 2580 3615 κακία
2603 3562 2660 3614 tv
2691 3560 2910 3615 πόλεσιν
2947 3561 3392 3631 ἐμπολιτεύεται·
3421 3563 3537 3617 ἀλλ’
3566 3563 3754 3629 ὄντως

479 3655 704 3709 norunt,
744 3663 922 3718 neque
957 3649 1099 3718 quod
1134 3649 1343 3703 malitia
1367 3650 1420 3704 in
1451 3650 1682 3707 urbibus
1712 3661 1963 3707 versetur
1995 3669 2060 3708 ac

2163 3649 2376 3719 Ειρήνη
2418 3651 2618 3719 πολλὴ
2663 3651 2791 3718 τοῖς
2819 3652 3095 3722 ἀγαπῶσι
3124 3654 3232 3708 τὸν
3250 3655 3439 3724 νόμον
3463 3654 3561 3725 (3),
3586 3653 3753 3724 λέγει

478 3743 835 3801 exerceatur;
865 3735 961 3792 sed
990 3752 1117 3793 vere
1151 3735 1273 3790 Pax
1297 3736 1468 3791 "culta
1497 3737 1842 3807 diligentibus
1874 3738 2054 3810 legem,

2163 3744 2365 3816 Κύριος
2392 3745 2811 3817 παντοκράτωρ.

476 3828 614 3883 dicit
638 3827 900 3884 Dominus
926 3830 1279 3899 omnipotens
1297 3830 1339 3884 ³.
2379 3840 2387 3845 '

548 3919 699 3974 Multi
724 3927 904 3974 autem
956 3934 1025 3975 ex
1082 3934 1274 3975 eorum
1313 3934 1545 3974 numero
1594 3920 1761 3975 etiam
1815 3928 2057 3991 stupent,

2229 3921 2419 3975 Πολλοὶ
2445 3921 2501 3974 δὲ
2530 3921 2591 3985 ἐξ
2621 3921 2803 3975 αὐτῶν
2843 3923 2937 3976 καὶ
2970 3922 3287 3989 ξενίζονται,
3326 3924 3395 3978 τὰ
3433 3925 3493 3977 ἐν
3531 3924 3612 3995 τῷ
3641 3927 3777 3980 κό-’

476 4027 605 4068 cum
633 4028 722 4067 res
753 4010 937 4068 seaculi
966 4010 1221 4075 audiunt,
1252 4026 1483 4082 prorsus
1516 4011 1672 4065 obliti
1710 4013 2057 4067 terrestrium

2163 4029 2280 4082 σμῳ
2308 4011 2619 4075 ἀκούοντες,
2653 4011 2824 4083 λήθην
2849 4012 3131 4077 παντελῶς
3151 4014 3260 4067 τῶν
3276 4016 3478 4085 γηΐνων
3518 4017 3754 4087 φροντί-

474 4119 757 4161 curarum.
797 4104 1034 4160 Cernere
1065 4103 1195 4158 licet
1240 4118 1357 4169 eos,
1386 4105 1442 4158 in
1473 4101 1708 4159 desertis
1754 4103 2054 4174 dispersos,

2163 4100 2260 4154 δων
2291 4100 2525 4172 ἔχοντες.
2560 4101 2716 4155 Ἔστι
2747 4101 2857 4174 γὰρ
2891 4103 3088 4167 αὐτοὺς
3116 4103 3243 4158 ἰδεῖν
3264 4106 3322 4158 ἐν
3349 4107 3472 4169 ταῖς
3505 4106 3752 4178 ἐρήμοις

474 4202 735 4263 tanquam
768 4208 1061 4264 germanos
1107 4193 1309 4249 liberos
1346 4202 1555 4265 patrem
1589 4209 1748 4248 suum
1776 4193 2056 4250 Christum

2163 4194 2458 4266 σποράδην,
2500 4189 2590 4247 οίά
2632 4211 2693 4248 τε
2758 4196 2908 4259 υἱοὺς
2943 4195 3223 4266 γνησίους,
3257 4197 3349 4250 τὸν
3383 4197 3596 4251 ἑαυτῶν
3628 4216 3748 4252 πα-

475 4283 887 4356 praastolantes;
936 4293 1031 4339 aut
1078 4286 1254 4340 instar
1317 4285 1595 4342 exercitus
1624 4328 1638 4351 ,
1680 4300 1910 4355 regem,
1969 4286 2056 4341 vel

2163 4283 2314 4357 τέρα,
2358 4284 2448 4339 τὸν
2491 4285 2725 4357 Χριστὸν
2773 4287 3258 4360 περιμένοντας-ἦ
3293 4288 3557 4361 στρατιάν
3593 4274 3744 4352 τινα,

476 4375 697 4430 familiae
742 4383 890 4430 recte
938 4375 1275 4446 compositae,
1327 4375 1610 4431 dominum
1666 4392 1826 4431 suum
1883 4382 1938 4432 et
1983 4375 2053 4429 li-

2163 4373 2246 4427 τὸν
2297 4375 2507 4428 ἑαυτῶν
2560 4375 2815 4447 βασιλέαο
2853 4375 2886 4445 ἢ
2918 4376 3158 4432 οίκετίαν
3202 4379 3427 4451 σεμνὴν,
3472 4380 3567 4434 τὸν
3609 4383 3746 4436 ἐαυ-

473 4463 820 4531 beratorem,
873 4472 1278 4534 exspectantes.
1334 4463 1493 4520 Nulla
1547 4464 1688 4535 apud
1743 4479 1839 4520 eos
1901 4465 2054 4521 solli-

2163 4464 2262 4517 τῶν
2307 4465 2575 4536 δεσπότην
2629 4467 2725 4520 καὶ
2766 4467 3166 4541 ἐλευθερωτὴν
3213 4470 3605 4541 ἀναμένοντας.
3655 4473 3744 4525 Οὐ

473 4555 685 4621 citmlo,
725 4572 833 4611 non
866 4556 1217 4621 vestimenti,
1272 4572 1382 4612 non
1419 4556 1487 4613 de
1534 4557 1676 4612 cibis
1732 4570 1905 4621 cura,
1955 4556 2051 4612 sed

2163 4554 2374 4626 φροντὶς
2401 4556 2637 4628 ὖπάρχει
2682 4558 2815 4630 παρ’
2852 4560 3060 4624 αὐτοῖς,
3096 4560 3198 4613 οὐκ
3227 4560 3478 4631 ἐσθῆτος,
3513 4562 3576 4613 οὐ
3602 4560 3753 4632 βρω-

474 4650 639 4703 unica
672 4650 816 4704 inter
851 4648 1082 4719 hymnos
1125 4647 1463 4718 exspectatio
1496 4646 1769 4702 adventus
1818 4645 2050 4702 Christi.

2163 4646 2337 4715 μάτων
2409 4637 2673 4720 μέριμνα,
2719 4648 2855 4703 ἀλλὰ
2908 4650 3206 4719 προσδοκία
3241 4650 3376 4723 μόνη
3428 4651 3487 4703 tv
3541 4650 3755 4722 ὕμνοις

473 4738 747 4807 Quocirca
774 4738 996 4809 quoties
1029 4738 1231 4810 aliquis
1278 4753 1345 4793 ex
1386 4737 1525 4807 ipsis
1574 4738 1738 4793 rebus
1790 4736 1856 4790 ad
1889 4752 2046 4791 usum

2163 4737 2249 4807 τῆς
2289 4736 2383 4791 τοῦ
2416 4737 2651 4809 Χριστοῦ
2683 4740 3005 4810 παρουσίας.
3037 4739 3340 4812 Τοιγαροῦν
3368 4741 3500 4794 ὃταν
3526 4759 3614 4806 τις
3641 4744 3759 4797 αὒ-

474 4830 806 4886 necessariis
849 4829 1165 4901 indiguerit,
1200 4844 1308 4883 non
1333 4828 1612 4883 civitatem
1639 4829 1891 4897 requirit,
1934 4845 2047 4884 non

2163 4826 2263 4880 τῶν
2285 4828 2343 4879 ὲν
2373 4831 2495 4892 ταῖς
2527 4830 2855 4899 ἀναγκαίαις
2900 4828 3114 4902 χρείαις
3166 4829 3508 4903 ἐλλείπηται,
3542 4833 3607 4886 οὐ
3643 4835 3765 4886 τεό-

473 4923 679 4985 vicum,
734 4937 844 4977 non
883 4923 1130 4988 fratrem,
1186 4920 1444 4981 amicum,
1484 4926 1803 4987 cognatum,
1858 4934 2052 4988 paren-

2163 4917 2240 4970 λιν
2268 4918 2538 4989 ἐπιζητεῖ,
2583 4920 2643 4972 οὐ
2683 4918 2897 4992 κώμην,
2938 4919 3040 4973 οὐκ
3085 4920 3332 4991 ἀδελφὺν,
3366 4920 3427 4975 οὐ
3466 4922 3645 4991 φίλον.
3676 4924 3766 4976 οὐ

473 5025 576 5080 tes,
638 5015 872 5078 liberos,
933 5012 1191 5075 famulos,
1238 5016 1298 5064 ut
1338 5009 1464 5064 inde
1515 5024 1579 5064 ea
1620 5018 1900 5081 comparet
1921 5012 2046 5080 qui-

2163 5009 2415 5081 συγγενῆ,
2442 5011 2511 5063 οὐ.
2537 5014 2737 5080 γονεῖς,
2768 5011 2828 5064 οὗ
2854 5010 3040 5078 τέκνα,
3071 5013 3170 5065 οὐκ
3193 5010 3452 5074 οἰκετίαν,
3483 5012 3573 5065 ἵνα
3596 5013 3773 5064 ἐκεί-

472 5104 578 5161 bus
612 5120 752 5176 opus
782 5105 978 5170 habet;
1014 5100 1111 5158 sed
1134 5100 1248 5156 sola
1276 5098 1478 5158 sufﬁcit
1503 5100 1787 5161 voluntas,
1809 5116 1931 5170 qua:
1952 5117 2047 5156 ex-

2163 5103 2248 5158 Βεν
2278 5100 2378 5165 τὰς
2419 5102 2609 5174 χρείας
2652 5103 2944 5175 πορίσηται
2965 5119 2978 5131 ·
3024 5102 3139 5156 ἀλλ’
3168 5103 3202 5174 ὴ
3251 5102 3504 5173 βούλησις
3532 5102 3773 5173 ἢρκεσε.

474 5193 705 5248 tendens
742 5208 938 5249 manus
983 5191 1051 5245 ad
1098 5189 1305 5261 gratias
1350 5189 1461 5244 Deo
1498 5188 1736 5258 agendas
1774 5191 2046 5258 aperiens,

2163 5193 2314 5264 μόνη,
2346 5192 2483 5263 πρὸς
2517 5192 2726 5247 ἱκεσίαν
2754 5192 2852 5256 τὰς
2876 5194 3066 5264 χεῖρας
3095 5192 3401 5259 ἐκτείνασα,
3430 5193 3529 5245 καὶ
3546 5190 3775 5259 λόγους

474 5296 669 5341 cuncta
692 5287 810 5343 hazc
831 5288 879 5343 ci
899 5284 1169 5357 stupende
1192 5281 1356 5338 modo
1383 5283 1657 5337 exhibeat.
1681 5280 1747 5335 Et
1773 5298 1901 5338 vero
1918 5282 2049 5354 quid

2163 5282 2503 5355 εὐχαριστίας
2556 5282 2677 5353 Θεῷ
2725 5283 2791 5336 ἐκ
2839 5282 3064 5354 χειλέων
3121 5283 3497 5356 προφέρουσα,
3565 5282 3778 5339 ταῦτα

546 5464 568 5496 ³
597 5462 745 5519 Psal.
778 5480 963 5534 cum,
997 5466 1117 5522 165.
1188 5467 1210 5497 ⁸
1237 5465 1406 5522 Abest
1435 5465 1671 5534 ἐπαξίως
1703 5465 1773 5521 ab
1801 5465 1871 5521 al.
1954 5464 1975 5497 ⁵
1998 5466 2062 5521 ΑΙ

2163 5481 2279 5526 ιεει.
2306 5459 2394 5539 ἧς.

548 5619 626 5689 (3)
671 5618 1011 5690 τὸν-γόμον.
1082 5618 1333 5690 Rufinus,
1367 5636 1573 5681 nomen,
1615 5620 1809 5690 ὄνομα.
1851 5628 1909 5673 ιιι
1948 5620 2064 5676 habt

2163 5620 2321 5677 :odex
2350 5622 2774 5688 Alexandrinus,
2813 5638 3021 5679 necnon
3057 5622 3325 5690 Hilarius,
3355 5632 3406 5679 et
3455 5622 3775 5684 interdum

474 5686 763 5763 Origenes.
787 5686 919 5743 Vide
948 5702 1161 5757 quoque
1194 5688 1539 5745 Theodorum
1574 5690 1627 5742 in
1661 5686 1889 5742 catena.
