4020 6202
443 242 549 301 “.7

1564 234 1906 321 APPEN‘DIX
1945 235 2038 293 AD
2076 235 2414 292 PALLADIU
2427 235 2494 290 Μ.

3576 233 3689 292 ιω

446 355 733 409 steriorum
764 349 1024 413 oratoria,
1046 363 1142 419 per
1163 350 1590 420 unumquodque
1615 352 2008 406 monasterium

2149 353 2291 423 αχῶν
2324 353 2589 423 εὐκτήρια
2643 350 2765 403 καθ’
2790 349 3023 404 ἕκαστον
3065 346 3132 420 ἦν
3175 348 3565 420 μοναστήριονο
3593 352 3688 404 καὶ

447 453 605 504 sunt;
635 443 872 511 denique
902 439 1014 495 fere
1042 440 1295 495 monachi
1324 456 1555 496 numero
1585 449 1849 513 superant
1873 442 2019 497 cives

447 532 761 595 saeculares,
800 530 866 584 ad
902 545 1092 584 omnes
1138 530 1398 585 introitus
1445 530 1598 587 urbis
1639 540 1694 587 et
1739 533 1793 586 iu
1835 540 2021 602 porta-

447 638 566 676 rum
610 620 854 675 turribus
891 620 1077 689 positi.
1134 618 1294 674 Certe
1340 624 1486 674 intro
1539 622 1860 676 dicebantur
1900 637 2022 677 esse

449 712 705 765 monachi
760 712 1055 781 quinquies
1103 711 1287 775 mille,
1338 710 1675 781 totidemque
1725 721 1878 767 extra
1929 729 2025 783 per

450 804 745 869 ambitum;
801 818 976 872 neque
1002 803 1135 855 hora
1182 810 1301 857 erat
1357 802 1555 857 diurna
1596 804 1677 857 vel
1722 812 2022 867 nocturna,

452 897 507 950 iu
562 909 668 964 qua
710 892 821 948 Deo
875 908 1093 948 sacrum
1134 894 1342 947 cultum
1387 909 1495 947 non
1539 894 1878 949 ex‘hibercnt.
1919 892 2026 949 Sed

451 1000 553 1040 nec
586 985 731 1040 ullus
762 991 879 1038 erat
923 985 1101 1039 incola
1146 984 1439 1038 haereticus
1478 994 1570 1039 aut
1613 999 1880 1053 paganus,
1917 984 2028 1039 imo

450 1092 643 1130 omnes
676 1076 884 1144 pariter
901 1077 1070 1139 cives,
1102 1074 1291 1131 ﬁdeles
1321 1083 1376 1130 et
1401 1075 1813 1140 catecltumeui;
1856 1075 1930 1130 ita
1970 1083 2029 1129 ut

453 1166 631 1236 possit
683 1167 976 1235 episcopus
1028 1167 1082 1219 iu
1142 1166 1320 1236 platea
1382 1180 1572 1236 pacem
1620 1164 1752 1221 dare
1806 1167 2027 1237 populo.

453 1256 624 1310 l‘orro
676 1256 1032 1327 magistratus
1080 1272 1269 1311 eorum
1319 1271 1383 1310 ac
1428 1256 1705 1326 principes
1748 1257 1887 1325 viri,
1935 1260 2030 1328 qui

455 1364 678 1403 munera
711 1348 924 1417 populis
951 1356 1198 1417 erogaut,
1234 1348 1301 1402 ad
1339 1358 1524 1419 portas
1554 1356 1608 1403 et
1648 1349 1714 1402 ad
1750 1350 2031 1419 ingressus

456 1437 827 1504 speculatores
859 1437 1156 1504 collocant,
1180 1449 1238 1491 ut
1271 1439 1445 1493 sicubi
1477 1441 1801 1509 peregrinus
1831 1440 2031 1510 aliquis

455 1514 663 1597 pauper
710 1528 1048 1598 apparuerit,
1089 1529 1153 1583 ad
1182 1544 1277 1584 eos
1317 1530 1571 1594 ducatur,
1611 1541 1935 1600 accepturus
1976 1531 2032 1586 in

456 1620 712 1675 solatium
739 1630 991 1690 sumptus
1016 1622 1384 1676 necessarios.
1408 1620 1528 1675 Jam
1556 1637 1667 1691 quo
1707 1623 1868 1677 modo
1889 1632 2036 1678 retu-

2124 443 2307 512 σχεδδν
2354 443 2572 506 πλείους
2605 438 2744 513 ἦσαν
2776 444 2823 496 οἰ
2878 443 3119 513 μοναχοὶ,
3154 442 3295 511 ὑπὲρ
3322 440 3449 502 τοὺς
3499 456 3691 509 κοσμι-

2122 536 2249 597 κοὺς
2274 533 2520 598 πολίτας,
2555 533 2696 587 κατά
2730 534 2907 596 πάσας
2932 532 3030 595 τὰς
3051 532 3289 595 εἰσόδους
3322 530 3424 601 τῆς
3456 530 3683 598 πόλεως.

2122 611 2222 678 καῖ
2253 626 2310 677 ὲν
2338 627 2449 689 τοῖς
2483 624 2713 695 πύργοις
2740 626 2847 677 τῶν
2892 623 3076 676 πυλῶν
3106 623 3523 692 καταμένοντες.
3558 623 3691 675 Πεν-

2122 712 2441 783 τακισχίλιοι
2473 712 2571 784 μὲν
2606 712 2714 784 γὰρ
2749 713 2972 782 μοναχοὶ
3001 712 3246 781 ἐλέγοντο
3272 708 3409 765 εἶναι
3458 710 3689 772 ἔνδοθεν,

2122 797 2366 852 τοσοῦτοι
2411 799 2467 852 δὲ
2499 799 2667 869 αὐτὴν
2701 798 2897 865 ἔξωθεν
2938 799 3314 869 περιέχοντες
3351 800 3446 851 καὶ
3487 799 3589 852 οὐκ
3622 793 3694 869 ἦν

2124 881 2243 953 ὥρα
2270 885 2505 955 ήμερινὴ
2538 885 2658 938 οὐδὲ
2689 885 2997 957 νυκτερινὴ,
3026 889 3082 940 ὲν
3184 887 3283 949 τὰς
3307 886 3560 958 λατρείας
3592 888 3695 941 οὐκ

2125 971 2410 1026 ἐπετέλουν
2428 972 2507 1045 τῷ
2526 974 2661 1044 Θεῷ.
2709 975 2848 1028 Ἀλλ’
2885 976 3005 1029 οὐδὲ
3025 970 3107 1039 εἷς
3128 972 3196 1047 ἦν
3224 978 3466 1049 οἰκήτωρ
3490 978 3697 1047 αἱρετι-

2126 1063 2221 1126 κδς
2248 1064 2367 1116 οὐδὲ
2395 1064 2606 1129 ἐθνικὸς
2634 1068 2691 1118 ὲν
2719 1069 2785 1138 τῇ
2832 1068 3004 1134 πόλει,
3046 1068 3182 1123 ἀλλά
3229 1070 3428 1133 πάντες
3477 1070 3613 1141 ὁμοῦ
3644 1072 3697 1123 οἰ

2128 1156 2340 1208 πολῖται
2375 1157 2554 1210 πιστοὶ
2597 1158 2689 1211 καὶ
2718 1157 3140 1229 κατηχούμενοι,
3171 1158 3246 1221 ὡς
3272 1158 3530 1213 δύνασθαι
3575 1158 3699 1211 δοῦ-

2128 1265 2216 1302 ναι
2246 1248 2338 1301 τὸν
2385 1249 2682 1302 ἐπίσκοπον
2722 1252 2781 1302 ὲν
2827 1252 2894 1319 τῇ
2930 1250 3161 1321 πλατείᾳ
3188 1251 3413 1321 εἰρήνην
3443 1249 3523 1319 τῷ
3560 1249 3692 1319 λαῷ.

2129 1340 2191 1391 οἰ
2226 1339 2282 1392 δὲ
2311 1341 2609 1411 στρατηγοὶ
2630 1340 2810 1393 αὐτῶν
2848 1342 2940 1393 καὶ
2972 1342 3020 1393 οἰ
3051 1340 3331 1413 ἄρχοντες,
3358 1343 3407 1394 οἰ
3430 1341 3530 1404 τὰς
3553 1341 3700 1410 φιὶοο

2128 1432 2317 1502 τιμίας
2340 1435 2450 1496 τοῖς
2477 1433 2669 1503 δήμοις
2707 1432 3121 1504 παρέχοντες¹²,
3154 1433 3294 1487 κατά
3330 1434 3429 1496 τὰς
3467 1433 3699 1496 εἰσόδους

2133 1525 2368 1587 σκοποὺς
2421 1522 2676 1593 ἔστησαν,
2708 1524 2843 1595 πρὸς
2874 1523 2937 1576 τὸ
2982 1525 3031 1576 εἰ
3080 1523 3229 1588 ξένος
3275 1540 3360 1587 τις
3412 1523 3700 1592 πενόμενός

2134 1629 2236 1664 που
2270 1611 2465 1680 φανείη
2516 1611 2746 1681 ἀχθῆναι
2779 1611 2914 1683 πρὸς
2946 1612 3165 1675 αὐτοὺς.
3214 1611 3522 1682 ληψόμενον
3567 1609 3703 1681 πρὸς

456 1710 582 1765 lerit
612 1711 884 1780 quispiam
908 1712 1164 1781 pietatem
1191 1713 1540 1781 populorum,
1569 1728 1691 1766 cum
1719 1728 1819 1768 uos
1848 1714 2035 1784 hospi-

2149 1699 2491 1772 παραμυθίαν
2539 1701 2892 1772 ἀναλώματα.
2956 1703 3067 1756 Καὶ
3116 1701 3169 1755 τί
3224 1702 3287 1756 ἄν
3319 1718 3405 1765 τις
3433 1700 3704 1770 εἰποιτὴν

457 1815 542 1856 tes
571 1801 845 1864 viderunt,
874 1818 969 1870 per
1002 1802 1180 1856 lorum
1217 1811 1592 1869 transeuntes,
1633 1814 1812 1873 atque-
1836 1806 1900 1859 ad
1940 1821 2039 1860 nos

456 1894 610 1946 velut
633 1892 699 1945 ad
733 1892 956 1961 angelos
986 1893 1378 1947 accesserunt?
1403 1895 1522 1958 Quo
1562 1894 1723 1948 modo
1748 1909 2040 1949 enarrare-

460 1985 534 2037 rEt
566 1983 973 2036 multitudinem
1014 1984 1411 2038 monachorum
1440 1993 1493 2039 et
1529 1987 1821 2056 virginum,
1849 2002 2041 2041 nume—

460 2088 583 2126 rum
611 2073 1026 2128 excedentium?
1055 2077 1305 2128 Attamen
1328 2074 1469 2144 quod
1507 2090 1536 2128 a
1572 2083 1765 2129 sancto
1792 2075 1899 2128 loci
1924 2076 2040 2145 epi-

462 2178 630 2233 seopo
647 2175 981 2234 compertum
1010 2165 1324 2233 habuimus,
1345 2167 1730 2232 indicabimus,
1761 2166 2018 2220 habuisse

464 2254 617 2306 illum
652 2254 756 2308 sub
788 2270 887 2309 sua
914 2261 1186 2328 potestate
1208 2253 1393 2308 decem
1429 2253 1596 2304 millia
1629 2251 2039 2314 monachorum,

460 2344 653 2414 viginti
699 2345 869 2398 millia
927 2346 1222 2414 virginum.
1285 2342 1553 2397 Cmterum
1615 2340 2042 2409 hospitalitatem

462 2449 678 2498 eorum,
717 2442 771 2489 et
827 2435 1119 2488 charitatis
1170 2432 1601 2502 magnitudinem
1666 2431 1881 2486 edicere
1935 2447 2043 2485 non

464 2528 640 2579 valeo.
688 2524 1144 2579 Diseindebantur
1164 2523 1309 2577 enim
1339 2523 1501 2593 pallia
1536 2532 1745 2588 nostra,
1774 2522 1902 2577 dum
1939 2522 2048 2577 sin-

465 2616 580 2686 guli
620 2631 722 2670 nos
770 2614 839 2669 ad
894 2630 953 2669 se
995 2615 1390 2685 pertraherent.
1433 2615 1613 2683 Atque
1658 2613 1770 2667 illic
1806 2612 2045 2670 vidimus

466 2706 671 2759 multos
716 2720 1053 2774 magnosque
1108 2702 1318 2767 Patres,
1367 2701 1603 2758 diversis
1649 2702 2044 2757 charismatum

468 2796 629 2851 donis
651 2807 899 2860 ornatos,
930 2795 1070 2850 alios
1099 2796 1155 2848 in
1180 2794 1303 2849 vitae
1350 2794 1639 2859 institutis,
1665 2795 1801 2849 alios
1842 2795 1895 2849 in
1927 2810 2050 2865 pro-

468 2886 656 2958 digiis,
694 2886 992 2941 virtutibus
1023 2894 1078 2941 et
1104 2885 1300 2956 signis.

962 3017 1044 3073 De
1071 3016 1260 3072 abbate
1295 3015 1525 3087 Evagrio

540 3137 621 3208 (9)
665 3134 909 3191 Vidimus
949 3136 1155 3205 pariter
1186 3133 1480 3205 Evagrium
1525 3131 1701 3186 virum
1750 3130 2048 3201 sapientem

473 3238 528 3281 et
571 3229 810 3290 doctum,
864 3227 956 3295 qui
1013 3225 1401 3296 cogitationum
1459 3223 1944 3280 discernendarum
1997 3225 2049 3279 vi

358 3370 368 3380 ,
475 3317 631 3371 valde
674 3318 934 3385 praeditus
982 3316 1103 3379 l’uit,
1141 3332 1237 3386 per
1269 3316 1662 3385 experientiam
1708 3314 1763 3369 id
1796 3316 1871 3371 rei
1905 3331 2051 3371 con-

477 3414 720 3469 secutus,
773 3406 865 3476 qui
918 3420 1061 3474 sazpe
1115 3406 1169 3458 in
1229 3404 1615 3460 Alexandriam
1678 3404 2048 3472 descendens,

476 3494 787 3549 Graecorum
809 3496 1260 3566 etlmicorumque
1279 3496 1623 3566 philosophis
1647 3512 1711 3553 os
1737 3497 2047 3552 obturabat.

480 3583 529 3639 ls
559 3585 841 3638 admonuit
877 3583 1073 3639 fratres
1102 3586 1195 3656 qui
1221 3585 1505 3640 nobiscum
1545 3595 1727 3654 erant,
1760 3603 1829 3641 ne
1856 3603 2052 3658 aquam

479 3678 546 3729 ad
577 3677 881 3731 satietatem
914 3676 1184 3732 biberent.
1222 3676 1505 3732 Daemones
1535 3678 1705 3741 enim,
1753 3679 2055 3748 inquiebat,

482 3769 601 3822 loca
623 3784 746 3838 qua:
780 3785 951 3838 aquas
982 3768 1238 3834 fundunt,
1263 3768 1485 3824 assidue
1528 3770 1833 3824 incursant.
1861 3769 1966 3825 Sed
2004 3780 2060 3825 et

483 3860 683 3915 multos
725 3861 862 3916 alios
899 3860 967 3915 de
1008 3869 1200 3915 sancta
1226 3861 1619 3916 exercitatione
1646 3863 1804 3916 nobis
1836 3863 2061 3931 protulit

483 3968 783 4021 sermones,
811 3953 1011 4023 quibus
1036 3953 1249 4008 animas
1275 3962 1496 4008 nostras
1540 3954 1916 4010 conﬁrmabat.

905 4087 982 4142 De
1015 4087 1202 4142 abbate
1233 4085 1627 4153 Patermuthio.

558 4201 669 4272 (10)
709 4199 838 4255 Erat
874 4202 1018 4255 enim
1060 4209 1187 4257 ante
1215 4208 1329 4258 nos
1350 4202 1572 4273 quidam
1616 4201 1801 4267 Pater,
1842 4202 2064 4258 nomine

2137 1792 2424 1846 εὐλάϐειαν
2450 1792 2557 1845 τῶν
2607 1792 2794 1864 δήμων
2834 1793 3084 1866 ὁρώντων
3152 1794 3298 1864 ἡμᾶς
3327 1794 3454 1856 τοὺς
3501 1792 3701 1858 ξένους.

2137 1884 2226 1938 διὰ
2252 1886 2349 1957 τῆς
2381 1886 2586 1955 ἀγορᾶς
2612 1887 2928 1957 παριόντας,
2960 1886 3053 1939 καὶ
3076 1884 3263 1957 ὥσπερ
3286 1885 3538 1953 ἀγγέλοις
3577 1888 3706 1957 ἡμῖν

2140 1975 2467 2045 προσιόντων
2486 1992 2501 2041 ;
2521 1975 2572 2028 τί
2588 1976 2644 2028 δὲ
2674 1977 2734 2030 τὸ
2755 1975 2957 2046 πλῆθος
2985 1975 3189 2040 ἐξείποι
3215 1994 3298 2039 τις
3325 1977 3432 2030 τῶν
3462 1977 3707 2047 μοναχῶν

2140 2065 2232 2117 καὶ
2263 2065 2566 2136 παρθένων,
2593 2065 2979 2137 ἀναριθμήτων
3007 2066 3207 2134 ὃντων;
3241 2067 3388 2137 Πλὴν
3415 2067 3538 2121 ὅσον

2139 2152 2231 2206 τοῦ
2263 2157 2379 2207 ἐκεῖ
2425 2156 2579 2223 ἁγίου
2637 2156 2939 2210 ἐπισκόπου
2986 2155 3435 2227 ἠκριϐωσάμεθα,
3460 2156 3712 2227 δηλώσω-

2146 2259 2263 2313 μεν,
2296 2244 2519 2315 μυρίους
2574 2244 2673 2316 μὲν
2724 2248 2987 2318 μοναχοὺς
3020 2248 3110 2317 ὑφ’
3136 2246 3315 2301 αὐτῶν
3336 2248 3400 2312 ¹³,
3421 2247 3713 2319 δισμυρίας

2140 2333 2197 2387 δὲ
2238 2334 2544 2407 παρθένους
2582 2336 2793 2407 ἔχοντες
2823 2338 2888 2393 ’³.
2932 2337 3044 2409 Τὴν
3089 2337 3145 2391 δὲ
3190 2337 3491 2407 φιλοξενίαν
3535 2339 3716 2392 αὐτῶν

2144 2428 2237 2481 καὶ
2267 2428 2365 2499 τὴν
2394 2429 2612 2501 ἀγάπην
2633 2430 2752 2483 οἷαν
2782 2425 2946 2500 εἶχον,
2980 2430 3080 2499 ἐμὲ
3116 2430 3215 2501 οὐχ
3253 2424 3363 2483 οἷον
3384 2431 3429 2462 ³⁸
3455 2430 3719 2496 ἐξειπεῖν.

2143 2519 2414 2572 Διεσπᾶτο
2441 2518 2555 2590 γὰρ
2573 2520 2730 2591 ἡμῶν
2752 2519 2823 2573 τὰ
2850 2518 3071 2583 παλλία,
3104 2523 3168 2574 ὲκ
3214 2520 3381 2573 τῶν¹⁸
3406 2522 3553 2591 ἡμᾶς
3582 2520 3723 2592 πρὸς

2145 2609 2373 2673 ἑαυτοὺς
2407 2610 2794 2664 ἀνθελκόντων.
2839 2610 2948 2664 Καὶ
2995 2610 3176 2681 ἴδομεν
3207 2612 3324 2664 ἐκεῖ
3375 2610 3602 2674 πολλοὺς
3625 2612 3726 2663 καὶ

2150 2703 2414 2774 μεγάλους
2434 2704 2702 2776 Πατέρας,
2730 2705 2961 2776 διάφορα
2986 2704 3301 2775 χαρίσματα
3331 2701 3571 2773 ἔχοντας,
3594 2700 3725 2763 τοὺς

2150 2795 2253 2865 μὲν
2282 2797 2340 2848 ὲν
2370 2795 2533 2864 λόγῳ,
2564 2797 2691 2859 τοὺς
2719 2795 2775 2848 δὲ
2828 2797 2886 2848 ὲν
2940 2793 3205 2866 πολιτείᾳ,
3237 2793 3363 2858 τοὺς
3393 2793 3449 2846 δὲ
3478 2793 3535 2845 ὲν
3565 2790 3729 2844 δυνά-

2152 2904 2276 2957 μεσι
2300 2888 2394 2941 καὶ
2421 2887 2687 2958 σημείοις.

2635 3020 2776 3088 Περί
2803 3020 2953 3076 ἁόὄᾶ
2985 3022 3305 3090 Εὐατρίου.

2225 3134 2433 3204 Ἴδομεν
2464 3133 2521 3186 δὲ
2552 3134 2649 3188 καὶ
2680 3134 2953 3206 Εὺάγριον
2991 3135 3160 3207 ἀνδρα
3196 3134 3361 3204 σοφὸν
3399 3136 3494 3188 καὶ
3522 3134 3734 3204 λόγιον,

2149 3224 2210 3287 ὃς
2248 3224 2356 3277 τῶν
2386 3224 2662 3295 λογισμῶν
2702 3225 2892 3295 ἱκανὴν
2919 3221 3065 3296 εἶχεν
3118 3224 3411 3297 διάκρισιν,
3443 3227 3506 3279 ὲκ
3530 3226 3734 3296 πείρας

2151 3313 2212 3368 τό
2251 3316 2480 3386 πρᾶγμα
2530 3315 2899 3385 παρειληφὼς,
2930 3314 2991 3378 ὃς
3027 3316 3288 3380 πολλάκις
3337 3314 3615 3370 κατελθὼν
3646 3319 3737 3380 εἰς

2165 3407 2590 3479 ’Δλεξάνδρειαν,
2622 3409 2746 3471 τοὺς
2777 3406 2888 3461 τῶν
2928 3407 3196 3479 Ἑλλήνων
3244 3407 3563 3477 φιλοσόφως
3621 3408 3739 3462 ἀπο

2154 3499 2459 3570 εστόμιζεν.
2497 3495 2660 3565 Οὗτος
2706 3501 3041 3572 παρήγγειλε
3097 3503 3208 3565 τοῖς
3238 3501 3354 3570 μεθ’
3381 3502 3538 3572 ἡμῶν
3574 3502 3740 3556 ἀδελ-

2156 3592 2297 3657 φοῖς.
2330 3589 2520 3653 ὓδατος
2555 3591 2630 3661 μὴ
2661 3589 3033 3662 κορέννυσθαι.
3065 3591 3130 3644 Οἰ
3159 3590 3268 3660 γὰρ
3297 3589 3569 3661 δαίμονες,
3602 3591 3739 3661 ἔφη,

2155 3679 2280 3742 τοὺς
2308 3680 2581 3751 ὑδροχοεῖς
2609 3680 2807 3744 τόπους
2829 3681 2871 3711 ⁸⁷
2904 3680 3142 3750 συνεχῶς
3172 3680 3563 3734 ἐπιϐαίνουσιν.
3604 3681 3742 3733 "Al-

2157 3769 2284 3834 λους
2318 3789 2376 3824 τε
2411 3772 2639 3836 πολλοὺς
2669 3772 2805 3844 πρὸς
2855 3772 3005 3842 ἡμᾶς
3055 3772 3183 3842 περὶ
3228 3772 3518 3843 ἀσκήσεως
3545 3772 3744 3844 ἐποιή-

2161 3876 2291 3914 σατο
2316 3860 2525 3929 λόγους,
2557 3858 2911 3932 ὲπιστηρίξας
2939 3860 3095 3932 ήμῶν
3117 3860 3215 3924 τὰς
3237 3859 3435 3931 ψυχάς.

2476 4095 2614 4164 Περὶ
2637 4094 2789 4151 ἀϐϐἇ
2817 4096 3260 4165 Πατερμουθίου
3288 4095 3420 4166 (Η).

2233 4205 2342 4264 Ἦν
2374 4208 2485 4281 γάρ
2512 4227 2595 4275 τις
2621 4210 2812 4281 Πατὴρ
2840 4211 2947 4282 πρὸ
2974 4172 3130 4281 ἡμων
3154 4210 3382 4279 ὀνόματι
3412 4209 3740 4281 Πατερμού-

487 4293 880 4358 Patermutius,
933 4296 1026 4365 qui
1065 4296 1277 4364 primus
1323 4296 1471 4351 illius
1514 4295 1621 4350 loci
1671 4296 2042 4350 monachorum

2162 4315 2281 4363 τιος
2301 4298 2366 4363 ³⁸,
2403 4300 2623 4370 πρῶτος
2662 4300 2772 4354 τῶν
2796 4303 2855 4354 ὲν
2883 4301 2962 4372 τῷ
2986 4302 3137 4371 τόπῳ
3157 4301 3331 4372 τούτῳ
3366 4300 3613 4371 μοναχῶν
3640 4301 3742 4354 αὑ-

488 4386 722 4450 exstitit,
757 4398 809 4443 et
843 4388 1220 4443 monachicam
1262 4388 1407 4445 hanc
1441 4397 1646 4444 vestem
1682 4390 1894 4459 primus
1928 4389 2042 4459 ipsi:

2163 4390 2253 4454 τὸς
2307 4391 2614 4462 γενόμενος,
2663 4394 2692 4445 ὁ
2741 4392 2835 4445 καί¹
2875 4393 2937 4445 τὸ
2987 4392 3277 4463 μοναχικδν
3331 4391 3539 4462 ἔνδυμα
3581 4390 3744 4444 τοῦτο

491 4478 790 4534 adiuveuit.
819 4480 870 4534 Is
888 4495 1010 4535 cum
1030 4482 1299 4551 principio
1323 4488 1473 4537 esset
1495 4481 1749 4550 princeps
1769 4481 2063 4545 latronum,

491 4587 556 4626 ac
584 4572 808 4642 vespillo
833 4574 1139 4644 gentilium,
1165 4574 1520 4644 famosusque
1547 4574 1600 4628 iu
1629 4574 1894 4643 nequitia,
1926 4572 2067 4628 hanc

492 4672 685 4721 nactus
719 4673 799 4720 est
844 4667 1190 4722 occasionem
1241 4667 1455 4721 salutis.
1498 4666 1733 4719 Advenit
1764 4671 1929 4718 nocte
1969 4665 2069 4717 ali-

493 4755 711 4824 quando
747 4758 812 4810 ad
848 4757 1114 4826 virginem
1162 4757 1427 4826 aliquam,
1466 4755 1641 4824 ipsius
1675 4756 2066 4811 monasterium

493 4847 791 4917 depraedari
840 4848 1023 4901 animo
1065 4846 1390 4915 meditatus;
1426 4862 1660 4916 cumque
1682 4846 1916 4917 quadam
1953 4863 2068 4900 ma-

495 4940 656 4993 china
690 4940 743 4992 in
775 4944 917 4993 tecta
956 4938 1390 5004 conscendisset,
1426 4954 1528 4994 nec
1566 4939 1836 4993 inveniret
1876 4955 1981 5008 qua
2006 4939 2061 4993 in

568 5100 613 5131 "
642 5099 853 5154 Absuut
887 5097 956 5152 ah
984 5097 1055 5150 al.
1086 5095 1250 5150 verba
1282 5098 1330 5149 οἰ
1367 5095 1490 5158 τὰς.
1513 5131 1558 5148 ..
1595 5093 1946 5164 παρέχοντες.
2027 5096 2041 5126 ί

2149 5094 2193 5146 ,1.
2226 5093 2409 5164 αὐτόν.
2490 5093 2532 5124 ίδ
2570 5093 2656 5146 Al.
2707 5092 2942 5163 ἔχοντος.

503 5169 794 5239 ἑκατέρων.
872 5169 912 5200 ¹⁷
944 5168 1028 5222 Al.
1059 5169 1172 5229 τοῖς
1205 5166 1518 5237 δροκέλλοις
1547 5163 1733 5227 τόποις
1754 5179 1767 5192 ·
1807 5164 1879 5217 al.
1909 5164 2039 5227 τοὺς
2080 5163 2399 5235 ὑδροτελεῐς.

499 5238 712 5309 πρώην.

572 5415 647 5484 (9)
700 5416 804 5473 Vit.
837 5416 990 5475 Patr.
1019 5435 1080 5484 ιι,
1124 5419 1215 5476 27.

575 5486 685 5553 tl0)
737 5488 835 5540 Vit.
865 5488 1021 5545 Patr.
1048 5506 1109 5555 ll,
1137 5491 1192 5545 9.

575 5556 686 5619 (ll)
724 5556 863 5623 Περί
896 5558 1057 5627 νάὄὸᾶ
1109 5562 1572 5627 Πατερμουθίου.
1619 5558 1807 5615 Exstat
1856 5568 2074 5626 quoque

510 5624 611 5678 hoc
667 5635 827 5695 tatut
891 5626 944 5680 in
1005 5624 1545 5684 Historia—Laudato
1590 5629 1837 5691 l’aElatlii,
1874 5624 2072 5681 Vrtulicc

2172 4481 2387 4553 πρῶτος
2425 4483 2609 4546 αὐτοῖς
2667 4484 2944 4554 ὲφευρὼν·
2988 4484 3148 4546 αὐτὸς
3206 4481 3535 4555 ἀρχιλῃστὴς
3593 4480 3747 4553 πρῶο

2170 4590 2260 4638 τος
2284 4574 2326 4606 “
2357 4574 2452 4627 καὶ
2485 4575 2817 4645 νεκροτάφος
2861 4576 3129 4647 Ἑλλήνων
3181 4577 3461 4647 ὑπάρχων,
3496 4576 3590 4628 καὶ
3624 4574 3746 4626 δια-

2174 4664 2364 4735 ϐόητος
2392 4666 2485 4718 ἐπὶ
2513 4665 2681 4736 κακίᾳ
2707 4666 3018 4736 γενόμενος,
3050 4667 3321 4737 πρόφασιν
3343 4665 3549 4736 ηὕρατο
3571 4681 3752 4733 σωτη-

2178 4753 2301 4825 ρίας
2343 4755 2618 4826 τοιαύτην.
2676 4754 2908 4826 Ἐπέστη
2964 4757 3094 4809 ποτὲ
3141 4756 3335 4819 νυκτός
3388 4772 3491 4809 τινι
3541 4752 3753 4825 παρθε-

2172 4845 2422 4917 νευούσῃ,
2461 4846 2691 4916 συλῆσαι
2721 4848 2783 4901 τὸ
2817 4849 3179 4919 μοναστήριον
3236 4847 3407 4918 αὐτῆς
3461 4845 3751 4917 προθυμη-

2170 4936 2282 5002 θείς
2302 4955 2316 4970 ·
2342 4938 2545 5009 ηὑρέθη
2573 4938 2630 4991 δὲ
2666 4944 2879 5011 μηχανῇ
2911 4957 3016 4993 τινι
3046 4940 3138 4992 ἐπὶ
3171 4939 3243 4992 τὰ
3272 4937 3525 5008 δώματα⁶
3558 4937 3633 5009 μὴ
3660 4937 3753 4989 εὐ-

3018 5093 3063 5125 ”
3105 5093 3189 5147 Al.
3230 5094 3400 5147 inser.
3430 5109 3511 5147 τε.
3588 5091 3634 5122 ’⁸
3661 5092 3751 5146 ΑΙ.

2480 5164 2523 5195 ’⁸
2560 5165 2646 5219 Al.
2677 5162 3083 5234 Πατερμούθιος
3104 5179 3118 5195 ⁸
3151 5163 3221 5218 al.
3251 5162 3509 5226 Μούθιος.
3588 5163 3632 5194 ¹⁹
3662 5163 3753 5218 Al.

2179 5417 2496 5474 Colbertino
2527 5417 2698 5485 ηπ,
2724 5418 2820 5475 sed
2869 5433 2990 5474 cum
3051 5415 3299 5487 plurimis
3330 5411 3753 5487 “varietatibus;

2179 5505 2411 5557 quarum
2448 5504 2650 5559 paucas
2682 5480 2859 5545 visum
2881 5496 2964 5543 est
2997 5480 3294 5559 ascribere.
3321 5483 3579 5540 Continet
3610 5480 3752 5559 idem

2182 5552 2281 5615 ms.
2310 5559 2419 5614 duo
2448 5552 2732 5629 sequentia
2763 5559 2964 5630 capita,
3003 5572 3111 5613 non
3144 5555 3278 5612 adeo
3312 5563 3489 5609 tamen
3516 5552 3712 5621 ampla.
