4020 6196
245 233 356 290 με)

1506 227 1899 291 PARADISUS
1938 232 2245 294 PATRUM.

3396 226 3499 297 uio

253 349 365 421 ρὼν
424 346 483 400 δὲ
532 345 688 408 ποίας
712 345 756 375 ³⁸
801 343 1018 417 εἰσέλθῃ
1070 346 1148 408 εἰς
1201 344 1259 398 τὸ
1311 351 1551 415 ταμεῖον,
1601 346 1635 416 ἦ
1670 348 1829 400 πάλιν

1936 351 2193 405 conclave
2223 333 2619 421 ingrederetur,
2646 357 2699 406 et
2727 364 2835 421 qua
2872 364 3067 406 rursus
3089 348 3388 418 recederet,
3415 367 3504 405 re-

256 441 414 503 ποίας
436 442 479 472 ³⁸
544 436 911 508 ύπυχωρήση.
959 435 1140 505 έμεινε
1193 436 1543 507 λογιζόμενος
1592 439 1687 490 ἐπὶ
1733 438 1829 491 τοῦ

258 531 506 603 δώματος
534 530 696 601 ἄχρις
725 530 969 600 ἡμέρας
1002 531 1097 584 καὶ
1116 532 1311 602 μικρὸν
1342 532 1695 600 ἁφυπνώσας,
1731 533 1834 603 δρᾷ

259 624 335 688 ὡς
394 622 659 692 βασιλέως
710 621 876 683 τινὸς,
926 621 1176 689 λέγοντος
1219 624 1263 654 ’³
1307 623 1457 692 αὐτῷ
1511 622 1653 676 κατὰ
1706 624 1831 687 τοὺς

263 717 477 777 ὕπνους,
521 714 595 782 μὴ
625 712 753 782 περὶ
778 712 904 774 τοὺς
933 712 1125 780 φόνους
1148 714 1193 744 ’³
1218 714 1319 777 ἔτι,
1349 714 1445 765 καὶ
1483 714 1590 766 τῶν
1621 713 1831 783 μικρῶν

262 806 463 859 τούτων
505 803 895 874 κλεμμάτωνίδ
948 806 1046 875 τὴν
1096 805 1329 876 σπουδὴν
1372 806 1535 877 ἔχειν,
1594 809 1833 876 ἐπαγρυ-

264 898 516 959 πνοῦντα,
533 897 670 950 ἀλλὰ
684 898 733 949 εἰ
756 896 999 966 βούλοιτο
1023 897 1376 967 μεταϐάλλειν
1399 898 1489 951 τὸν
1516 900 1715 970 τρόπον
1744 901 1831 953 ἐπ’

261 986 479 1057 ἀρετὴν,
529 985 625 1038 καὶ
668 985 1002 1055 στρατηγίαν
1018 987 1063 1017 ’⁸
1094 986 1388 1056 ἀγγελικὴν
1417 990 1740 1058 στρατηγεῖν
1760 987 1828 1050 ’⁸,

261 1074 438 1128 λαϐεῖν
483 1076 611 1144 παρ’
641 1073 810 1127 αὑτοῦ
859 1074 1063 1145 ταύτην
1104 1075 1204 1147 τὴν
1244 1076 1512 1142 ἐξουσίαν.
1577 1078 1636 1130 '0
1664 1077 1722 1131 δὲ
1755 1077 1832 1141 ὡς

259 1166 508 1234 ἁσμένως
530 1164 843 1231 ὑπεδέξατο,
871 1166 966 1218 καὶ
989 1165 1055 1236 δὴ
1082 1167 1269 1236 τάγμα
1286 1167 1530 1237 μοναχῶν
1558 1168 1665 1237 ἄγη
1673 1184 1764 1238 ρον
1785 1168 1829 1200 ⁸⁷

258 1255 655 1315 ὑποδείκνυσιν.
698 1258 791 1309 καὶ
823 1257 1012 1327 ἄρχειν
1040 1258 1221 1312 αὐτῶν
1259 1258 1674 1331 παρεκελεύετο.
1707 1260 1834 1326 Ἐξ-

259 1362 427 1408 υπνος
453 1347 511 1400 δὲ
547 1347 837 1417 γενόμενος
862 1351 891 1401 6
914 1350 1055 1420 ἀνὴρ
1079 1351 1183 1420 ὁρᾷ
1230 1350 1327 1421 τὴν
1365 1350 1635 1420 παρθένον
1683 1350 1833 1421 αὐτῷ

258 1438 636 1509 παρεστῶσαν,
673 1440 767 1492 καὶ
795 1439 1056 1509 λέγουσαν
1075 1456 1089 1470 ’
1138 1442 1305 1495 Πόθεν
1357 1444 1422 1495 σὺ
1452 1443 1834 1513 παραγέγονας

257 1521 381 1591 ὧδε,
416 1523 462 1583 ὦ
498 1529 775 1600 ἄνθρωπε,
810 1531 843 1603 ἢ
892 1532 976 1595 τίς
1012 1532 1279 1604 ὑπάρχεις
1322 1534 1421 1605 τὴν
1469 1535 1639 1608 τύχην
1655 1538 1730 1604 ⁸⁸;
1774 1538 1833 1593 '0

255 1619 335 1682 δὲ,
374 1620 543 1689 μηδὲν
571 1621 824 1675 εἰδέναι²⁹
855 1623 1032 1694 φήσας
1056 1624 1218 1695 αὐτῇ,
1251 1626 1349 1699 τὴν
1376 1626 1674 1698 ἐκκλησίαν
1700 1629 1833 1683 ὐπο-

257 1707 571 1764 δείκνυσθαι
617 1710 766 1781 αύτῷ
799 1713 1121 1784 παρεκάλει.
1164 1716 1274 1768 Καὶ
1311 1716 1375 1787 δὴ
1404 1716 1481 1780 ὡς
1529 1718 1827 1788 ἐπέδειξεν,

257 1799 586 1871 προσπεσὼν
618 1803 729 1865 τοῖς
780 1803 888 1856 τῶν
927 1805 1312 1877 πρεσϐυτέρων
1344 1806 1563 1874 γόνασιν
1583 1808 1651 1873 ⁸⁸,
1674 1808 1828 1878 ἠξίου

259 1892 592 1963 Χριστιανὸς
619 1892 894 1961 γενέσθαι,
940 1896 1035 1950 καὶ
1074 1896 1361 1968 μετανοίας
1415 1898 1600 1968 χώραν
1626 1900 1826 1971 εὑρεῖν.

272 1982 620 2049 Ἐπιγνόντες
642 1983 697 2036 δὲ
716 1985 878 2038 αὐτὸν
903 1988 954 2039 oi
982 1987 1362 2058 πρεσϐύτεροι,
1389 1990 1485 2043 καὶ
1519 1989 1831 2061 θαυμάσαν-

260 2090 375 2136 τες,
430 2073 737 2128 ἐνουθέτουν
783 2075 970 2129 λοιπὸν
1021 2078 1115 2130 καὶ
1168 2078 1463 2138 ἐδίδασκον.
1495 2078 1590 2133 τοῦ
1633 2081 1829 2150 μηκέτι

256 2160 404 2218 εἶναι
462 2163 803 2234 ἀνδροφόνον.
866 2167 1047 2231 Ἠξίου
1093 2168 1150 2221 δὲ
1191 2169 1407 2232 αὐτοὺς,
1435 2168 1544 2222 τῶν
1599 2170 1830 2241 ψαλμῶν

255 2252 573 2317 ἐπακούειν,
610 2254 704 2307 καὶ
730 2255 898 2326 τριῶν
932 2256 1129 2326 στίχων
1183 2258 1493 2322 ἐπακούσας
1528 2259 1690 2327 μόνον
1733 2258 1828 2314 τοῦ

255 2346 482 2416 πρώτου
511 2345 754 2417 ψαλμοῦ,
780 2348 970 2418 ἀρκεῖν
995 2347 1173 2418 ἑαυτῷ
1204 2348 1341 2412 τέως
1360 2348 1465 2419 ἔφη
1492 2349 1666 2403 ταῦτα
1692 2350 1830 2421 πρὸς

258 2438 517 2509 μάθησιν.
550 2440 660 2492 Καὶ
703 2440 992 2510 ἐπιμείνας
1039 2440 1176 2511 πρὸς
1203 2442 1396 2505 αὐτοὺς
1423 2445 1572 2513 τρεῖς
1593 2443 1826 2514 ⁴ἡμέρας,

254 2527 492 2594 ἐξελθὼν
524 2531 686 2595 εὐθὺς
722 2532 815 2585 ἐπὶ
844 2530 942 2603 τὴν
969 2532 1173 2604 ἔρημον
1214 2533 1494 2605 ὥρμησεν.
1526 2537 1622 2588 καὶ
1641 2536 1829 2607 τριετῆ

251 2619 459 2689 διάγων
493 2622 687 2693 χρόνον
735 2622 878 2677 κατὰ
919 2623 1018 2694 τὴν
1047 2623 1271 2695 ἔρημον,
1307 2626 1365 2678 ὲν
1403 2626 1586 2696 εὐχαῖς
1615 2628 1708 2679 καὶ
1732 2627 1828 2680 δά-

228 2752 233 2757 .
256 2731 453 2785 κρυσιν
478 2715 845 2786 διημερεύων,
876 2715 1011 2785 πρὸς
1037 2709 1243 2786 τροφὴν
1268 2719 1388 2779 ταῖς
1418 2717 1639 2787 ἀγρίαις
1680 2717 1830 2785 βοτά-

254 2819 373 2867 ναις
419 2805 669 2874 ἠρκεῖτο,
712 2804 810 2856 καὶ
856 2803 1081 2866 ταύταις
1129 2804 1375 2875 ἐνέμετο.
1419 2804 1749 2875 Ἐπανῆλθεν
1772 2805 1829 2859 δὲ

252 2894 332 2956 εἰς
364 2894 471 2964 τὴν
502 2893 821 2963 ἐκκλησίαν,
855 2893 1173 2964 ἔμπρακτον
1213 2896 1575 2963 ἀπαγγέλλων
1607 2897 1668 2950 τὸ
1722 2899 1829 2967 μά-

256 2984 407 3053 θημα
428 3000 445 3012 ·
480 2984 640 3053 χάριν
672 2983 729 3036 δὲ
758 2982 907 3053 αὑτῷ
933 2983 1177 3037 δεδόσθαι
1219 2984 1401 3037 θεόθεν
1438 2986 1642 3054 ἔλεγεν,
1689 2988 1828 3040 ἀπο-

257 3073 537 3145 στηθίζειν
568 3072 764 3140 ἔξωθεν
792 3073 891 3138 τὰς
922 3074 1139 3146 Γραφάς
1164 3076 1229 3129 ³¹.
1270 3076 1608 3146 Ἐθαύμαζον
1636 3078 1693 3132 δὲ
1725 3081 1825 3133 αὐ-

252 3165 343 3217 τῦν
372 3163 542 3217 πάλιν
561 3163 610 3216 οἱ
642 3163 1018 3236 πρεσϐύτεροι,
1048 3165 1354 3237 ἀκροτάτην
1383 3166 1708 3236 μετελθόντα
1730 3168 1831 3239 τὴν

252 3256 516 3327 ἄσκησιν.

327 3350 443 3401 Καὶ
475 3349 809 3417 φωτίσαντες
837 3351 997 3404 αὑτὸν
1026 3351 1370 3422 παρεκάλουν
1410 3354 1826 3425 συνδιατρίϐειν.

262 3440 321 3491 ’0
346 3438 409 3491 δὲ
447 3441 735 3509 ἐπιμείνας
766 3442 899 3512 πρὸς
931 3443 1130 3506 αὐτοὺς
1160 3444 1301 3497 ἑπτὰ
1331 3446 1570 3515 ἡμέρας,
1610 3447 1703 3499 ἐπὶ
1732 3447 1832 3518 τὴν

251 3531 469 3601 ἔρημον
515 3530 675 3584 πάλιν
723 3532 888 3602 ἐξῄει,
928 3535 1022 3585 καὶ
1054 3534 1117 3605 δὴ
1162 3537 1220 3587 ἐν
1268 3536 1408 3588 ἑπτὰ
1440 3536 1617 3589 ἔτεσιν
1651 3538 1832 3602 ἄλλοις

251 3622 310 3674 ἐν
346 3624 417 3693 τῇ
456 3623 759 3694 πανερήμῳ
793 3622 1125 3689 διατελέσας,
1164 3625 1363 3696 πολλῆς
1398 3628 1616 3697 χάριτος
1644 3630 1673 3682 6
1693 3628 1833 3700 ἀνὴρ

250 3712 492 3783 ἠξιώθη.
546 3716 746 3785 Ἀρτος
797 3716 893 3785 μὲν
927 3715 1035 3786 γὰρ
1076 3718 1224 3789 αὐτῷ
1261 3722 1328 3790 τῇ
1366 3721 1619 3791 Κυριακῇ
1674 3723 1830 3794 μόνῃ,

249 3806 389 3875 πρὸς
428 3806 673 3877 κεφαλὴν
702 3807 995 3876 ηὑρίσκετο
1038 3808 1339 3880 εὐξαμένῳ,
1373 3804 1435 3864 οὗ
1482 3813 1834 3883 μεταλαμᾶξ-

248 3913 356 3949 νων
397 3897 509 3958 ἕως
555 3897 653 3967 τῆς
683 3897 849 3968 ἄλλης
889 3900 1177 3971 Κυριακῆς
1210 3902 1452 3973 ἠρκεῖτο.
1503 3904 1835 3975 Ἐπανῆλθεν

247 3986 305 4038 δὲ
346 3987 516 4042 πάλιν
548 3989 614 4041 ἐκ
646 3990 747 4059 τῆς
784 3993 1013 4061 ἐρήμου,
1049 3992 1167 4064 τὴν
1209 3994 1444 4064 ἄσκησιν
1489 3996 1835 4069 ἐνδεικνύμε-

236 4092 360 4139 νος,
396 4076 495 4129 καί
521 4093 675 4141 τινας
713 4077 846 4148 πρὸς
871 4080 970 4150 τὴν
996 4080 1160 4135 αὐτοῦ
1201 4082 1476 4137 πολιτείαν
1505 4084 1679 4140 ἐλθεῖν
1708 4088 1833 4158 ἐρε-

248 4164 444 4230 θίζων.
489 4167 770 4239 Πῳσῆλθε
811 4168 867 4221 δὲ
902 4170 1048 4241 αὐτῷ
1089 4187 1173 4235 τις
1204 4172 1441 4238 νεανίας,
1491 4175 1834 4247 μαθητευθῆ-

246 4274 337 4312 ναι
375 4258 724 4329 βουλόμενος.
790 4261 848 4314 'O
894 4262 952 4315 δὲ
1010 4264 1170 4326 εὐθὺς
1216 4265 1443 4330 ὲνδύσας
1474 4269 1639 4321 αὐτὸν
1690 4269 1838 4324 λε6ιο

1933 441 2136 496 mansit
2164 442 2219 495 in
2259 441 2831 513 tecto‘cogitabundus
2859 456 3035 510 usque
3059 439 3126 494 ad
3154 449 3334 495 ortum
3356 440 3501 501 diei:

1933 547 2234 602 parumque
2248 533 2622 594 obdormiens,
2645 531 2792 586 videt
2814 534 2969 600 quasi
2999 547 3180 601 regem
3208 534 3501 602 quemdam

1931 622 2024 691 qui
2053 622 2268 678 dicebat
2297 624 2399 692 ipsi
2437 623 2491 677 in
2528 623 2759 687 somnis,
2787 638 2855 677 ne
2879 623 3113 691 amplius
3149 625 3294 680 circa
3319 624 3504 694 sepul-

1932 725 2048 773 cra,
2072 711 2385 776 homicidia,
2414 728 2691 782 parvaque
2719 714 2835 767 haec
2863 712 3008 767 l‘urta
3037 723 3276 778 vacaret,
3302 715 3500 787 invigi-

1933 801 2128 869 lando;
2167 803 2262 858 sed
2286 804 2332 858 si
2367 805 2531 859 vellet
2566 819 2748 859 mores
2787 813 3001 858 mutare
3042 805 3109 858 ad
3144 805 3419 871 virtutem,
3449 817 3505 862 et

1933 894 2232 963 angelicam
2269 895 2517 965 militiam
2561 895 2863 965 suscipere,
2896 904 3245 965 accepturum
3281 897 3350 951 ab
3385 897 3505 966 ipso

1932 984 2204 1052 ejusmodi
2248 991 2594 1054 potestatem.
2667 984 2768 1041 Ubi
2824 995 3005 1041 autem
3053 987 3284 1042 libenter
3314 988 3506 1042 condi-

1932 1073 2135 1129 tionem
2168 1075 2510 1141 admisisset,
2535 1077 2777 1132 ostendit
2799 1078 2849 1132 ei
2880 1077 3185 1133 immortale
3215 1078 3508 1132 monacho—

1935 1179 2055 1219 rum
2088 1180 2304 1235 agmen,
2340 1167 2542 1236 quibus
2573 1168 2766 1237 jussus
2802 1176 2887 1223 est
2912 1168 3199 1239 imperare.
3218 1169 3387 1239 Igitur
3411 1185 3508 1224 ex-

1932 1253 2277 1324 pergefactus
2335 1255 2420 1308 vir
2476 1256 2654 1309 cernit
2702 1256 2968 1324 virginem
3027 1255 3132 1326 ipsi
3189 1262 3372 1310 astare
3443 1269 3508 1309 ac

1932 1342 2117 1398 dicere
2145 1359 2160 1395 :
2191 1342 2347 1399 Unde
2378 1352 2436 1397 tu
2467 1344 2575 1398 huc
2599 1345 2893 1410 advenisti,
2924 1360 2957 1398 ο
2994 1345 3188 1405 homo:
3221 1354 3312 1399 aut
3346 1346 3507 1414 cujus

1933 1434 2268 1491 conditionis
2307 1436 2404 1490 es?
2447 1437 2543 1492 Ille
2583 1451 2717 1491 vero
2758 1437 2895 1491 nihil
2933 1437 3077 1491 scire
3128 1446 3223 1490 aut
3255 1451 3380 1491 esse
3418 1452 3508 1490 re-

1936 1526 2234 1597 spondens,
2249 1528 2538 1583 ecclesiam
2568 1529 2671 1583 sibi
2700 1528 2912 1583 ostendi
2934 1528 3198 1598 poposcit.
3220 1525 3395 1597 thue
3416 1527 3505 1580 illa

1936 1620 2291 1687 monstravit;
2352 1618 2421 1675 ad
2487 1635 2664 1689 genua
2726 1619 3003 1690 pedesque
3062 1621 3505 1691 presbyterorum

1933 1712 2324 1780 procumbens,
2369 1712 2684 1781 postulabat
2724 1720 2783 1765 ut
2837 1712 3189 1769 Christianus
3231 1712 3403 1775 ﬁeret,
3443 1727 3508 1765 ac

1932 1803 2266 1874 poenitentia:
2285 1803 2463 1857 locum
2485 1802 2919 1859 nancisceretur.
2954 1802 3266 1874 Presbyteri
3297 1810 3505 1862 autem.

1930 1894 2024 1963 qui
2066 1901 2464 1962 cognoscerent
2515 1909 2676 1958 eum,
2738 1895 3029 1961 admirati,
3082 1897 3511 1951 commonebant

1931 1985 2193 2053 deinceps
2228 1995 2390 2054 atque
2417 1984 2745 2048 edocebant,
2778 2002 2847 2042 ne
2878 1988 3114 2057 amplius
3147 1995 3293 2044 esset
3330 1988 3511 2041 homi-

1931 2074 2071 2129 cida.
2107 2074 2341 2144 Rogavit
2377 2088 2543 2145 porro
2569 2089 2686 2137 eos,
2724 2083 2783 2128 ut
2816 2075 3059 2144 psalmos
3081 2075 3313 2128 audiret.
3341 2074 3510 2127 Cum-

1930 2183 2038 2238 que
2075 2176 2190 2221 tres
2219 2166 2569 2221 solummodo
2592 2182 2789 2222 versus
2819 2166 3083 2221 audiisset
3100 2165 3259 2235 primi
3288 2164 3508 2235 psalmi,

1931 2259 2037 2313 sibi
2089 2254 2307 2311 interim
2352 2272 2449 2313 eos
2505 2257 2755 2312 sulllcere
2809 2257 2951 2312 dixit
3005 2258 3071 2313 ad
3130 2256 3506 2327 disciplinam.

1930 2350 2071 2405 Tum
2121 2349 2267 2421 apud
2297 2350 2423 2405 illos
2454 2351 2631 2406 tribus
2669 2351 2865 2406 diebus
2899 2351 3219 2412 transactis,
3250 2362 3509 2419 egressus

1931 2443 2119 2498 statim
2143 2482 2160 2506 ,
2209 2443 2276 2497 ad
2319 2457 2564 2497 eremum
2608 2452 2891 2511 properat.
2924 2440 3027 2496 Ubi
3069 2455 3165 2511 per
3194 2447 3307 2494 tres
3333 2453 3511 2493 annos

1931 2542 2330 2596 commoratus,
2360 2533 2414 2587 in
2449 2532 2708 2601 precibus
2741 2539 2797 2587 et
2832 2531 3090 2602 lacrymis
3128 2523 3508 2601 perseverans,

1932 2638 2033 2691 pro
2062 2622 2187 2677 cibo
2230 2623 2542 2691 agrestibus
2582 2623 2767 2678 herbis
2801 2631 3096 2678 contentus
3128 2630 3272 2685 erat,
3309 2622 3513 2692 quibus

1931 2711 2278 2781 pascebatur.
2303 2709 2497 2765 Postea
2532 2725 2817 2777 regressus
2846 2721 2930 2766 est
2968 2711 3023 2764 in
3063 2711 3379 2771 ecclesiam.
3410 2709 3512 2764 do-

1930 2801 2165 2856 ctrinam
2226 2798 2471 2854 referens
2537 2800 2798 2868 Operihus
2841 2800 3140 2865 ﬁrmatam;
3189 2799 3512 2867 dicebatque

1932 2892 2037 2948 sibi
2070 2892 2334 2946 divinitus
2375 2891 2559 2953 datam
2599 2890 2774 2946 fuisse
2812 2892 3067 2961 gratiam,
3117 2890 3508 2958 expectorandi

1932 2984 2358 3052 memoriterque
2389 2981 2655 3036 recitandi
2709 2997 2900 3037 sacras
2931 2980 3267 3051 Scripturas.
3305 2978 3508 3034 lterutn

1935 3087 2116 3130 autem
2168 3074 2587 3129 demirabantur
2646 3074 2800 3127 illum
2853 3072 3191 3143 presbyteri,
3245 3071 3393 3142 quod
3441 3072 3510 3126 ad

1934 3177 2205 3220 summam
2234 3162 2576 3232 pervenisset
2601 3162 3078 3218 exercitationem.

2001 3364 2068 3418 Et
2096 3365 2368 3435 baptismo
2391 3372 2680 3437 postquam
2714 3366 2892 3435 ipsum
2922 3364 3347 3426 illuminassent,
3380 3365 3514 3419 hor-

1934 3457 2195 3511 tabantur
2221 3465 2279 3511 ut
2307 3473 2431 3511 cum
2465 3458 2573 3513 illis
2596 3464 2860 3512 maneret.
2890 3455 2993 3522 Qui
3025 3456 3167 3525 apud
3195 3472 3288 3510 eos
3319 3457 3506 3511 demo-

1932 3557 2088 3601 ratus
2114 3555 2329 3615 septem
2365 3547 2504 3611 dies,
2545 3548 2741 3601 iterum
2780 3546 2833 3598 in
2869 3546 3220 3599 solitudinem
3254 3549 3506 3603 secessit.

1933 3637 2111 3705 Atque
2145 3637 2269 3691 aliis
2308 3644 2514 3704 septem
2545 3636 2706 3690 annis
2755 3634 2810 3688 in
2841 3644 2992 3689 vasta
3023 3650 3208 3690 eremo
3251 3639 3508 3705 peractis,

1932 3728 2138 3797 ingenti
2166 3728 2341 3798 gratia
2364 3727 2601 3782 donatus
2628 3734 2734 3781 est.
2766 3726 2843 3779 Ac
2873 3727 3031 3795 panis
3053 3727 3272 3795 quidem
3297 3728 3365 3781 ab
3390 3729 3510 3796 ipso

1934 3828 2062 3891 post
2088 3820 2394 3875 orationem
2432 3819 2812 3874 inveniebatur
2849 3819 3006 3889 juxta
3036 3829 3219 3888 caput,
3266 3819 3356 3874 die
3405 3820 3510 3873 Do-

1934 3912 2138 3966 minico
2176 3911 2325 3977 solo;
2374 3912 2467 3979 qui
2502 3918 2774 3981 sumptus,
2815 3925 2990 3980 usque
3019 3911 3084 3964 ad
3121 3912 3282 3964 aliam
3331 3911 3507 3968 Domi-

1935 4003 2116 4056 nicam
2169 4000 2489 4057 sulllciebat.
2538 4002 2734 4057 lterum
2781 4013 2960 4056 autem
2997 4003 3158 4057 rediit
3198 4018 3262 4057 cx
3308 4002 3506 4057 solitu-

1936 4094 2084 4154 dine.
2116 4094 2335 4148 virtutis
2358 4095 2801 4149 exercitationem
2834 4109 2944 4163 pra:
2978 4110 3037 4150 se
3061 4095 3264 4157 ferens,
3290 4103 3345 4149 et
3371 4111 3509 4149 non-

1939 4186 2120 4242 nullos
2160 4188 2226 4241 ad
2269 4186 2412 4248 idem
2453 4186 2670 4239 vivendi
2712 4186 3024 4241 institutum
3071 4186 3509 4257 amplectendum

1936 4277 2215 4332 excitavit.
2255 4277 2503 4331 Accessit
2540 4276 2706 4345 igitur
2736 4276 2957 4345 quidam
2988 4275 3331 4342 adolescens,
3363 4277 3511 4333 desi-

244 4347 400 4401 τῶνα
432 4349 501 4413 ³²,
554 4348 648 4403 καὶ
695 4351 1036 4406 κουκούλλιον
1080 4355 1145 4423 τῇ
1193 4355 1402 4427 κεφαλῇ
1438 4359 1702 4429 περιθεὶς,
1740 4361 1832 4412 ἐπὶ

1939 4372 2138 4424 derans
2165 4368 2286 4437 ejus
2314 4383 2438 4424 esse
2469 4368 2788 4436 discipulus.
2816 4368 2988 4435 Quem
3023 4367 3115 4424 ille
3148 4369 3335 4425 statim
3374 4371 3511 4425 lebi-

247 4438 351 4509 τὴν
427 4438 659 4509 ἄσκησιν
724 4440 1114 4512 προσεᾶίϐαζεν
1144 4442 1209 4505 ³³,
1256 4442 1353 4514 τὴν
1406 4445 1661 4518 μηλωτὴν
1711 4447 1837 4518 περὶ

245 4531 382 4592 τοὺς
432 4528 613 4598 ῶμους
654 4530 818 4583 αὐτοῦ
854 4531 1231 4603 περιθέμενος,
1281 4536 1377 4588 καὶ
1422 4535 1626 4591 λέντιον
1675 4539 1838 4591 αὐτὸν

248 4618 729 4689 περιζωσάμενος.
781 4621 889 4674 Καὶ
919 4620 983 4693 δὴ
1029 4623 1182 4676 εῖπου
1213 4640 1299 4688 τις
1343 4624 1452 4678 τῶν
1496 4627 1840 4697 Χριστιανῶν

249 4709 540 4772 ἐτελεύτα,
573 4714 996 4784 προσκαρτερῶν
1023 4716 1187 4768 αὐτοῦ
1210 4718 1329 4780 ταῖς
1356 4719 1706 4789 ἀγρυπνίαις,
1737 4738 1839 4774 κα·

248 4799 469 4872 θαρίως
507 4803 781 4874 ἐκήδευεν.
834 4805 979 4860 Ἰδὼν
1009 4806 1066 4859 δὲ
1095 4808 1255 4861 αὐτὸν
1286 4810 1315 4861 6
1348 4809 1595 4882 μαθητὴς
1621 4812 1830 4883 θαυμα-

251 4892 392 4954 σίως
428 4895 556 4956 τοὺς
588 4894 890 4960 τεθνεῶτας
937 4898 1252 4970 κηδεύοντα,
1294 4897 1446 4956 εἶπεν
1474 4903 1612 4975 πρὸς
1639 4906 1834 4959 αὐτόν·

248 4980 314 5032 ΕΞ
347 4982 503 5052 κάμὲ
532 4983 761 5038 θανόντα
787 4985 960 5051 οὕτως
987 4988 1293 5058 κηδεύσεις,
1324 4991 1609 5048 διδάσκαλε
1637 5011 1651 5060 ;
1699 4996 1756 5050 Ὀ
1781 4997 1840 5051 δὲ

249 5073 396 5144 πρὸς
427 5074 591 5127 αὐτόν
625 5075 758 5147 ἔφη’
792 5077 948 5132 Οὕτω
986 5081 1232 5151 κηδεύσω
1262 5100 1341 5149 σε,
1373 5084 1533 5155 ἄχρις
1562 5085 1630 5139 ἂν
1653 5086 1837 5160 εἴπῃς,

260 5163 481 5233 Ἀρκεῖ.
512 5165 642 5219 Μετ’
678 5168 739 5220 ού
774 5169 907 5225 πολὺ
940 5170 996 5223 δὲ
1041 5172 1234 5244 χρόνου
1260 5174 1522 5246 τέθνηκεν
1546 5179 1575 5230 ό
1599 5179 1836 5244 νεανίας,

248 5256 347 5307 καὶ
395 5258 429 5309 6
472 5256 630 5325 λόγος
666 5258 714 5290 ³⁸
743 5259 903 5333 ἔργον
942 5262 1167 5330 ἐγίνετο.
1204 5266 1489 5335 Κηδεύσας
1527 5268 1636 5340 γὰρ
1676 5270 1843 5324 αὐτὸν

251 5347 530 5411 εὐσεϐῶς,
560 5348 708 5418 λέγει
740 5351 875 5419 πρὸς
903 5353 1062 5407 αὐτὸν
1084 5355 1177 5407 ἐπὶ
1205 5357 1420 5412 πάντων
1439 5375 1452 5389 ·
1492 5360 1688 5424 Καλῶς
1716 5364 1843 5435 ἐκη-

1934 4462 2069 4515 ’ῑοηε
2097 4460 2370 4520 indutum,
2401 4462 2618 4515 cuculla
2650 4461 2812 4531 capiti
2845 4461 3260 4530 circumposita.
3305 4476 3368 4515 ac
3398 4478 3511 4518 me-

1938 4552 2046 4606 lote
2075 4551 2143 4605 ad
2170 4552 2444 4613 hmueros,
2478 4553 2832 4622 cinctumque
2862 4553 3051 4615 linteo,
3091 4553 3156 4605 ad
3188 4553 3510 4608 monachale

1940 4641 2249 4695 institutum
2282 4641 2696 4711 exercitumque
2729 4642 3021 4711 promovit.
3054 4643 3130 4695 Ad
3164 4642 3299 4703 haec,
3326 4641 3502 4695 sicubi

1942 4746 1974 4786 e
2019 4732 2348 4788 Christianis
2398 4734 2524 4802 quis
2558 4734 2804 4800 obiisset,
2842 4734 3225 4804 perseverabat
3250 4733 3303 4786 in
3336 4734 3509 4803 ipsius

1942 4822 2167 4891 vigiliis,
2216 4832 2269 4878 et
2316 4824 2486 4879 nitide
2521 4825 2834 4893 sepeliebat.
2870 4823 3038 4890 Quem
3079 4839 3310 4878 cernens
3344 4823 3511 4878 disci-

1945 4914 2129 4983 pulus,
2173 4916 2572 4972 admirabiliter
2616 4916 2901 4971 defunctos
2953 4931 3168 4979 curare,
3229 4915 3365 4969 dixit
3408 4915 3505 4971 ei:

1945 5005 2100 5061 Mene
2123 5018 2395 5062 mortuum
2422 5009 2495 5061 ita
2526 5006 2827 5074 funcrabis,
2851 5008 3146 5077 magister?
3167 5006 3468 5076 Respondit
3492 5025 3508 5061 :

1945 5096 2036 5152 Sic
2061 5099 2380 5167 parentabo,
2410 5100 2584 5154 donec
2607 5100 2809 5154 dixeris
2840 5119 2854 5154 :
2892 5099 3037 5153 Satis
3064 5109 3165 5153 est.
3198 5097 3316 5152 Non
3339 5099 3511 5152 multo

1943 5195 2069 5258 post
2095 5196 2361 5258 tempore,
2382 5191 2632 5261 migravit
2661 5206 2692 5245 e
2723 5190 2829 5244 vita
2861 5189 3201 5253 adolescens,
3238 5204 3303 5243 ac
3330 5204 3511 5244 sermo

1945 5276 2195 5333 ellectum
2222 5280 2451 5334 sortitus
2473 5288 2576 5335 est.
2599 5280 2732 5334 Cum
2756 5280 2898 5333 enim
2929 5281 3015 5350 pie
3038 5295 3161 5334 eum
3195 5287 3513 5335 accurasset

1947 5366 2015 5421 ad
2063 5368 2428 5437 sepulturam,
2472 5368 2546 5420 ait
2596 5368 2697 5436 ipsi
2748 5383 2935 5422 coram
2994 5368 3369 5424 omnibus:0
3413 5369 3515 5432 illi,

320 5487 388 5572 ’θ’
416 5485 505 5536 .\l.
546 5486 699 5572 πιῗις..
744 5489 800 5572 θ¹¹
822 5488 1079 5572 Αιλπῶς.
1159 5493 1203 5523 ’⁸
1240 5492 1321 5547 ΑΙ.
1356 5493 1578 5563 βασιλέα
1610 5497 1732 5551 τινὰ
1757 5498 1832 5566 λέτ

1936 5517 2001 5572 ταί.
2074 5500 2119 5531 ’³
2143 5498 2239 5572 ΔΑΙ.
2266 5500 2490 5572 τάφους.
2533 5498 2715 5572 __“A_l.
2748 5500 2820 5554 τὰ
2856 5500 3164 5572 κλέμματα,
3242 5478 3295 5533 ’³.
3316 5502 3399 5572 Μ.
3433 5500 3520 5572 εις

259 5570 316 5618 ς.
458 5556 816 5656 παιραξῗιλεῖὶι.
895 5559 938 5591 ⁸⁸
971 5558 1055 5614 AI.
1106 5556 1485 5618 ἐπαναλαϐεῖν.
1559 5566 1606 5596 ¹⁷
1630 5565 1716 5620 ΑΙ.
1760 5556 1832 5636 ἆγ

259 5641 419 5656 ...νη
721 5630 823 5656 ...ι
880 5630 977 5656 ,ιη
1012 5631 1168 5656 ιηι--
1265 5634 1311 5656 ι.
1349 5633 1403 5656 Αι
1466 5632 1726 5656 μειωμη

1936 5571 2108 5656 ‘deest
2140 5570 2199 5656 in
2225 5556 2395 5656 aliis'.‘
2516 5570 2601 5625 Al.
2626 5570 2843 5654 ψυχήν.
2920 5556 2970 5607 ’θ’
2996 5556 3078 5626 Al.
3110 5566 3267 5626 εἶναι.
3344 5570 3389 5601 ³⁸
3418 5556 3518 5626 Al:

257 5629 446 5677 ausi).
528 5627 567 5656 ³¹
602 5626 687 5679 ΔΙ.
721 5627 977 5691 athla-:32;
1009 5631 1187 5699 ἁγίας.
1265 5634 1311 5665 ³⁸
1341 5633 1423 5686 Al.
1466 5632 1763 5705 λεδήτωνα.
1807 5626 1820 5636 ’

1936 5640 2008 5694 tt.
2032 5638 2219 5711 προεε.
2298 5640 2342 5672 ιι
2367 5638 2449 5695 Al.
2481 5626 2779 5709 inscitiae}:
