4020 6196
472 5817 495 5847 \

496 277 594 332 451

1632 273 1978 354 APPENDIX
2016 275 2106 328 AD
2147 274 2565 332 PALLADIUM.

3653 279 3756 334 65'!

499 408 630 447 num
681 392 817 447 bene
858 399 1081 446 curatus
1115 407 1196 454 es,
1237 407 1307 445 an
1346 391 1524 446 adhuc
1560 389 1714 446 deest
1760 392 2074 459 quidpiam?

2187 392 2388 463 Βεύθης,
2427 390 2472 445 ὢ
2509 394 2714 453 τέκνον,
2760 397 2790 464 ᾔ
2835 392 2914 445 ἔτι
2947 394 3135 465 μικρὸν
3167 395 3447 458 λείπεται,
3481 395 3668 467 Φωνὴν
3701 396 3751 450 δέ

500 483 656 538 'l'unc
689 497 874 537 vocem
907 483 1092 537 emisit
1127 482 1472 544 adolescens,
1519 482 1939 552 quamplurimis
1977 498 2074 535 au-

501 578 779 632 dientibus
810 595 824 631 :
860 576 1002 632 Bene
1039 577 1224 644 habet,
1256 576 1452 642 Pater;
1491 576 1731 645 implesti
1763 575 1907 646 quod
1944 589 2073 645 pro-

502 670 749 724 miseras.
797 667 1321 739 Obstupueruntque
1360 668 1452 738 qui
1488 674 1785 737 praesentes
1826 666 2072 729 aderant,

499 769 661 830 atque
683 776 847 831 super
871 777 935 815 ea
968 777 1025 814 re
1061 761 1227 815 Deum
1259 761 1512 816 deinirati
1549 768 1678 815 sunt
1711 769 1764 814 et
1797 758 2072 830 gloriﬁca-

500 859 716 905 verunt.
763 852 857 905 Ille
909 853 1094 906 statim
1129 852 1182 906 in
1231 851 1512 908 desertum
1557 852 1808 916 secessit,
1846 850 2074 921 gloriam

502 942 799 1011 laudesque
829 943 1027 996 vitans.
1049 943 1242 997 Postea
1265 943 1562 1035 descendit
1571 943 1806 1012 quodam
1834 949 2078 1012 tempore

501 1030 570 1084 de
616 1047 802 1086 eremo
845 1033 912 1085 ad
964 1033 1267 1088 visitandos
1300 1030 1696 1102 fratresfquos
1742 1033 2075 1093 instituerat,

502 1123 696 1176 morbo
735 1131 1051 1194 correptos;
1096 1141 1331 1195 cumque
1363 1141 1505 1179 unus
1532 1140 1600 1179 ex
1629 1127 1710 1180 eis
1747 1139 1874 1179 mox
1907 1124 2078 1177 mori-

502 1222 661 1267 turus
689 1223 854 1278 esset,
883 1229 946 1269 ac
975 1214 1115 1271 Deus
1148 1218 1197 1271 ei
1230 1217 1332 1270 hoc
1364 1217 1690 1279 revelasset,
1724 1230 1949 1286 veSpei-a
1981 1230 2079 1269 au-

503 1311 612 1357 tem
645 1305 1130 1376 appropinquaret,
1169 1316 1283 1360 tum
1326 1309 1481 1362 vicus
1518 1307 1706 1376 procul
1745 1307 1865 1359 loco
1910 1312 2076 1369 esset,

504 1396 693 1450 nolens
728 1405 893 1450 noctu
934 1396 1167 1466 ingredi,
1201 1398 1491 1467 vitansquc
1519 1396 2076 1467 intempestivitatem,

503 1503 715 1541 necnon
751 1489 1042 1545 meditatus
1073 1488 1379 1545 Servatoris
1417 1490 1713 1544 salutarem
1746 1487 2080 1543 admonitio-

503 1595 625 1633 nem
656 1597 669 1634 :
706 1581 984 1635 Ambulate
1030 1581 1155 1634 dum
1188 1581 1356 1635 lucem
1391 1581 1446 1634 in
1474 1581 1616 1634 vobis
1651 1580 1853 1634 habetis
1871 1579 1948 1645 ⁸⁸;
1977 1586 2032 1634 et
2065 1598 2077 1632 :

505 1670 610 1737 Qui
639 1671 878 1724 ambulat
908 1673 964 1725 in
995 1673 1130 1737 luce,
1165 1689 1269 1725 non
1301 1673 1621 1742 oﬂ'endet“;
1655 1672 1769 1728 sole
1797 1671 1911 1741 jam
1941 1671 2084 1726 occi—

2181 485 2390 554 ἀφῆκεν
2437 484 2465 534 ὁ
2509 481 2782 554 τεθνηκὼς
2832 485 3068 547 νεανίας,
3116 487 3196 548 εἰς
3229 487 3464 557 ἐπήκοον
3493 486 3603 540 τῶν
3634 489 3749 540 πολ-

2182 576 2288 628 λῶν
2319 577 2362 605 ⁵⁰
2387 591 2399 603 ·
2452 575 2604 644 Ἔχει
2664 573 2866 638 καλῶς.
2903 569 2948 626 ὦ
2982 576 3190 646 Πάτερ·
3238 577 3340 646 τὴν
3372 575 3478 648 γὰρ
3520 577 3750 644 ἐπαγγε-

2182 665 2300 718 λίαν
2345 663 2693 735 ἑπλήρωσας.
2747 663 2944 734 Θαῦμα
2987 664 3044 717 δέ
3100 665 3228 728 τοὺς
3271 667 3546 735 παρόντας
3605 665 3752 736 ἔσχεν

2185 757 2440 822 ἐξαίσιον,
2472 757 2565 809 καὶ
2594 756 2899 826 ἐθαύμαζον
2924 757 2966 788 ⁸⁸
3002 757 3089 810 ἐπ’
3123 757 3272 828 αὐτῷ
3298 758 3389 810 τὸν
3418 757 3571 811 Θεόν.
3619 759 3678 811 Ὀ
3707 760 3756 812 δὲ

2183 849 2276 902 ἐπὶ
2306 848 2404 919 τὴν
2436 847 2640 918 ἔρημον
2661 847 2838 911 ἐὐθὺς
2866 846 3154 918 ἀνεχώρει.
3185 850 3284 920 τὴν
3318 846 3557 911 εὐδοξίαν
3585 848 3760 902 ἐκκλίο

2184 961 2309 996 νων.
2345 943 2454 994 Καὶ
2502 942 2702 1010 δήποτε
2740 941 2804 992 ἐκ
2853 941 2950 1010 τῆς
2991 942 3200 1010 ἐρήμου
3251 938 3492 992 uariat"
3520 941 3601 994 si:
3641 940 3760 991 ἐπί-

2187 1034 2380 1104 σκεψιν
2425 1033 2690 1102 ἀδελφῶν,
2738 1031 2846 1083 τῶν
2895 1029 3027 1101 παρ’
3078 1029 3244 1084 αὑτοῦ
3297 1029 3758 1100 μαθητευθέντων,

2185 1127 2326 1195 νόσῳ
2349 1124 2802 1193 κατειλημμένων
2825 1139 2839 1152 ·
2873 1123 2969 1175 καὶ
3005 1121 3289 1192 μέλλοντος
3316 1123 3411 1174 τοῦ
3445 1121 3563 1184 ἐνὸς
3585 1120 3764 1173 αύτῶν

2186 1216 2483 1286 τελευτᾷν,
2536 1214 2694 1267 τοῦτο
2748 1213 2840 1266 τοῦ
2891 1212 3026 1266 Θεοῦ
3073 1211 3222 1282 αύτῷ
3277 1213 3723 1284 ἀποκαλύψαντος
3746 1230 3760 1245 ·

2187 1308 2396 1377 ἐσπὲρα
2445 1307 2501 1360 δέ
2553 1306 2652 1377 ήδη
2707 1305 2984 1376 προσῆγεν
3004 1304 3070 1368 ⁸³,
3123 1305 3219 1358 καὶ
3265 1306 3299 1376 ἡ
3357 1304 3519 1376 κώμη
3577 1305 3765 1376 πόρρω

2188 1395 2516 1464 ἐτύγχανεν·
2573 1393 2648 1463 μὴ
2699 1391 3022 1463 βουλομένου
3055 1393 3112 1445 δὲ
3146 1393 3313 1446 αὐτοῦ
3356 1395 3548 1458 νυκτὸς
3595 1395 3764 1446 εἰσελ-

2190 1485 2320 1549 θεῖν,
2367 1485 2464 1556 τὴν
2511 1485 2766 1556 ἀκαιρίαν
2812 1484 3188 1548 ἐκκλίνοντος,
3237 1487 3333 1538 καὶ
3383 1486 3444 1538 τὸ
3501 1487 3762 1556 σωτήριον

2190 1577 2554 1648 παράγγελμα
2587 1575 2919 1646 μελετῶντος
2943 1594 2956 1607 ’
2989 1577 3387 1646 Περιπατεῖτε,
3404 1579 3518 1644 ἕως
3547 1585 3616 1633 τὸ
3641 1579 3761 1650 φῶς

2188 1669 2259 1722 ἐν
2314 1668 2454 1735 ὑμῖν
2482 1668 2528 1699 ⁸⁸
2574 1667 2778 1738 ἔχετεο
2830 1670 2946 1735 καὶ,
3013 1669 3067 1722 '0
3122 1672 3526 1740 πορευόμενος
3572 1672 3644 1725 ἐν
3689 1671 3763 1736 τῷ

504 1764 684 1825 dente,
723 1763 863 1816 banc
897 1764 963 1817 ad
1001 1780 1127 1818 eum
1160 1780 1348 1819 vocem
1377 1763 1563 1819 emisit
1599 1780 1614 1818 :
1645 1763 1702 1816 In
1734 1763 1956 1817 nomine
1978 1760 2082 1814 Do-

2188 1762 2334 1830 φωτὶ
2381 1763 2454 1814 οὐ
2489 1759 2576 1829 μὴ
2620 1763 2967 1830 προσκόψῃ.
3023 1763 3292 1832 Δυομένου
3337 1758 3429 1818 οῦν
3461 1763 3648 1817 λοιπον
3674 1765 3762 1817 τοῦ

505 1853 636 1906 mini
662 1851 790 1908 Jesu
815 1853 1047 1919 Christi,
1079 1855 1210 1909 mibi
1241 1855 1519 1924 paulisper
1541 1839 1625 1910 sta
1660 1855 1714 1908 iu
1740 1853 1843 1908 hoc
1869 1853 2086 1908 itineris

507 1946 582 1998 tui
629 1955 854 2016 puncto,
894 1947 1071 2001 donec
1117 1946 1184 2000 ad
1221 1948 1403 2002 vicum
1449 1947 1786 2016 perveniam.
1833 1944 1926 1999 Sol
1959 1959 2086 1999 vero

506 2036 683 2091 media
713 2037 906 2092 circuli
935 2046 1087 2108 parte
1112 2038 1224 2108 jam
1250 2037 1510 2094 conditus
1538 2037 1760 2100 restitit,
1788 2051 1888 2090 nec
1932 2034 2086 2104 prius

504 2131 782 2193 occubuit,
830 2147 994 2201 quam
1050 2132 1140 2186 ille
1187 2131 1256 2186 ad
1309 2133 1490 2187 locum
1532 2131 1805 2196 venisset;
1855 2128 1994 2182 adeo
2027 2137 2089 2180 ut

505 2222 608 2275 hoc
657 2221 975 2276 hominibus
1023 2223 1264 2292 regionis
1287 2223 1452 2292 'jllius
1499 2221 1823 2282 innotuerit,
1869 2219 1964 2287 qui
2018 2218 2086 2271 ad

505 2313 674 2367 solem
705 2315 1063 2383 spectandum
1095 2315 1241 2369 facto
1262 2329 1534 2369 concursu
1567 2311 1912 2366 mirabantur
1938 2309 2084 2379 quod

504 2405 753 2474 pluribus
788 2405 941 2460 horis
974 2412 1262 2460 cernerent
1291 2420 1414 2459 eum
1457 2419 1568 2458 non
1599 2402 1795 2471 mergi.
1829 2399 1967 2454 Tum
1996 2401 2084 2454 iit-

504 2496 631 2549 tuiti
673 2493 1076 2550 Patermutium
1123 2495 1192 2551 de
1226 2493 1525 2550 solitudine
1563 2494 1892 2556 venientem,
1925 2491 1994 2546 ab
2021 2507 2086 2547 eo

506 2587 952 2648 sciscitabantur,
971 2587 1100 2656 quid
1126 2587 1230 2641 hoc
1256 2597 1403 2642 esset
1428 2587 1564 2657 signi
1594 2587 1649 2639 in
1680 2586 1815 2640 sole.
1847 2584 2089 2655 Respon-

505 2676 586 2728 dit
616 2692 746 2731 vero
782 2677 866 2732 eis
902 2697 916 2732 :
952 2676 1070 2731 Non
1122 2678 1488 2732 recordamini
1539 2677 1844 2733 Servatoris
1895 2692 2084 2732 vocem

507 2770 655 2823 illam
691 2785 706 2822 :
741 2768 798 2824 Si
831 2770 1124 2824 habueritis
1165 2771 1322 2838 ﬁdem
1369 2771 1505 2822 sicut
1543 2786 1770 2840 granum
1800 2769 2084 2835 sinapis",

503 2871 554 2914 et
585 2861 794 2930 majora
819 2861 1006 2915 horum
1028 2862 1179 2932 signa
1203 2863 1410 2931 facietis
1427 2862 1520 2914 ’3?

2188 1853 2362 1924 ἡλίου,
2397 1853 2582 1922 φωνὴν
2605 1855 2648 1885 ⁸⁵
2685 1852 2987 1922 ἐφθέγξατο
3022 1855 3159 1926 πρὸς
3206 1856 3368 1909 αὑτὸν
3429 1856 3602 1925 λέγων
3623 1874 3636 1886 ·
3681 1856 3765 1909 Ἐν

2187 1947 2413 2018 ὀνόματι
2465 1947 2560 2000 τοῦ
2593 1947 2799 2017 Κυρίου
2825 1947 3019 2018 -Ἰησοῦ
3062 1947 3324 2020 Χριστοῦ,
3365 1949 3523 2018 στῆθί
3557 1967 3647 2020 μοι
3679 1968 3766 2020 μι-

2188 2037 2320 2109 κρδν
2365 2038 2450 2090 ἐπ’
2485 2037 2634 2108 αύτῴ
2657 2038 2701 2068 ⁸⁸
2745 2037 2846 2105 τῆς
2889 2037 3008 2090 ὀδοῦ
3067 2055 3184 2104 σου,
3235 2038 3395 2108 ἄχρις
3435 2037 3502 2092 ἂν
3545 2039 3628 2100 εἰς
3672 2037 3769 2108 τὴν

2189 2129 2382 2198 κώμην
2432 2127 2734 2198 ἀφίκωμαι.
2801 2125 2860 2181 Ὀ
2915 2127 2973 2180 δὲ
3025 2127 3102 2190 ὼς
3144 2128 3472 2198 ἡμικύκλιον
3515 2128 3771 2198 δυόμενος

2191 2220 2475 2291 περιέστη,
2528 2221 2620 2272 καὶ
2663 2221 2724 2274 οὑ
2759 2220 2889 2291 πρὶν
2923 2218 3013 2272 ἔδυ
3059 2219 3219 2290 ἄχρις
3266 2219 3332 2274 ἀν
3380 2223 3586 2284 ἐκεῖνος
3637 2216 3772 2292 ἧκεν
3829 2293 3832 2295 Δ

2190 2311 2326 2382 πρὸς
2358 2311 2420 2364 τὸ
2451 2311 2648 2382 χωρίον
2670 2327 2684 2341 ·
2735 2312 2812 2375 ὼς
2854 2311 3087 2383 φανερὸν
3131 2311 3291 2365 τοῦτο
3323 2315 3439 2376 τοῖς
3487 2312 3775 2382 ἐγχωρίοις

2190 2402 2466 2470 γενέσθαι,
2521 2403 2571 2454 οἳ
2624 2403 2762 2474 πρὸς
2813 2401 2912 2472 τὴν
2959 2402 3054 2457 τοῦ
3095 2403 3246 2475 ἡλίου
3295 2405 3424 2459 θέαν
3468 2404 3778 2474 συνδρομὴν

2193 2493 2570 2563 ποιησάμενοι,
2593 2493 2904 2563 ἐθαύμαζον
2923 2496 3016 2548 ἐπὶ
3048 2495 3270 2559 πολλαῖς
3301 2495 3475 2568 ὥραις
3507 2493 3779 2564 θεωροῦν-

2189 2602 2282 2648 τες
2330 2585 2490 2638 αύτὸν
2536 2585 2611 2656 μὴ
2646 2586 2926 2655 δυόμενον.
2987 2588 3207 2652 Ἰδόντες
3238 2589 3295 2642 δὲ
3323 2589 3414 2642 τὸν
3453 2587 3782 2658 Πατερμού-

2191 2694 2303 2730 τιον
2321 2677 2362 2707 ⁸⁷
2397 2679 2462 2730 ἐκ
2491 2677 2592 2748 τῆς
2646 2679 2852 2748 ἐρήμου
2891 2680 3205 2752 ἐρχόμενον,
3242 2681 3604 2736 ἐπυνθάνοντο
3645 2680 3784 2749 παρ’

2195 2771 2382 2835 αὐτοῦ,
2412 2772 2465 2823 τί
2498 2772 2559 2824 τὸ
2590 2775 2815 2842 σημεῖον
2842 2773 3001 2826 τοῦτο
3032 2775 3140 2846 ἄρα
3165 2775 3252 2846 εἴη
3287 2776 3351 2828 τὸ
3378 2774 3472 2829 τοῦ
3503 2774 3680 2846 ἡλίου.
3728 2776 3786 2827 '0

2192 2863 2249 2916 δέ
2283 2881 2415 2933 φησι
2449 2863 2586 2934 πρὸς
2613 2863 2810 2927 αὐτούς
2831 2881 2845 2894 θ
2881 2865 2954 2916 Ού
2990 2866 3268 2937 μέμνησθε
3294 2867 3396 2938 τὴν
3453 2866 3548 2920 τοῦ
3589 2867 3784 2936 Σωτῆ-

508 2975 599 3029 ρος
643 2957 825 3028 φωνὴν
858 2958 1143 3027 λέγουσαν,
1201 2960 1336 3014 Ἐὰν
1365 2959 1546 3028 ἔχητε
1581 2959 1793 3012 πίστιν
1831 2957 1913 3023 ὼς
1943 2960 2169 3013 κόκκον
2233 2961 2557 3028 σινάπεως,
2600 2960 2697 3014 καὶ
2749 2960 2993 3029 μείζονα
3045 2964 3273 3018 τούτων
3338 2963 3558 3034 σημεῖα
3607 2961 3787 3028 ποιή-

501 3067 654 3119 σητε
672 3050 715 3082 ts
735 3070 750 3116 ;

573 3144 639 3196 At
668 3143 790 3198 illos
813 3143 1104 3198 confestim
1136 3145 1305 3200 subiit
1334 3143 1534 3206 timor;
1563 3152 1729 3214 atque
1761 3151 2084 3199 manserunt

2263 3142 2400 3205 Τοὺς
2449 3141 2506 3195 δέ
2560 3143 2723 3204 εὐθὺς
2779 3141 3029 3212 εἰσῆλθεν
3075 3141 3268 3225 φόϐοςσ
3321 3143 3664 3214 παρέμεινάν
3728 3165 3788 3200 τε

502 3245 628 3282 cum
661 3245 725 3282 eo
775 3232 1027 3286 nonnulli
1068 3247 1133 3285 ex
1170 3232 1308 3302 ipsis
1342 3235 1398 3286 in
1437 3232 1760 3303 discipulos.
1797 3227 1968 3288 Porro
2004 3234 2088 3288 in-

505 3335 727 3388 gressus
773 3321 994 3375 domum
1045 3323 1209 3378 unius
1239 3339 1304 3378 ex
1355 3323 1621 3380 fratribus
1665 3326 2080 3395 :egrotantibus,

507 3418 810 3480 nactusque
840 3411 991 3466 illum
1017 3412 1130 3481 jam
1164 3422 1466 3478 mortuum,
1495 3415 1731 3470 accessit
1761 3414 1828 3468 ad
1860 3415 2079 3480 lectum,

509 3500 756 3570 fusisque
797 3503 1072 3570 precibus,
1116 3519 1241 3558 eum
1272 3504 1522 3560 osculum
1555 3505 1820 3573 dedisset,
1854 3506 2086 3561 interro-

506 3595 676 3664 gavit,
716 3596 974 3650 malletne
999 3596 1234 3666 migrare
1264 3597 1329 3651 ad
1357 3595 1548 3664 Deum,
1573 3597 1656 3652 vel
1687 3598 1868 3652 adhuc
1889 3597 2088 3670 degere

506 3687 560 3738 in
599 3703 787 3741 carne.
831 3686 934 3752 Qui
973 3698 1261 3757 postquam
1302 3690 1504 3744 resedit
1535 3689 1610 3744 ait
1635 3691 1711 3744 illi
1745 3708 1758 3744 :
1790 3690 1983 3746 Melius
2002 3699 2086 3746 est

505 3777 728 3832 dissolvi
757 3789 946 3833 etesse
968 3794 1091 3832 cum
1117 3779 1373 3846 Christo;
1401 3783 1581 3838 vivere
1605 3793 1784 3839 autem
1815 3786 1869 3840 in
1899 3801 2084 3854 carne,

506 3870 638 3924 mihi
664 3873 1034 3926 necessarium
1069 3888 1175 3926 non
1202 3884 1285 3928 est
1312 3874 1379 3928 ⁸⁹.
1411 3873 1616 3945 Itaque,
1642 3879 1879 3947 excepit,
1909 3880 2085 3933 dormi

503 3964 557 4016 in
603 3979 756 4032 pace,
790 3964 885 4028 fili,
933 3980 998 4018 ac
1041 3965 1318 4021 intercede
1342 3983 1440 4036 pro
1477 3984 1563 4023 me
1587 3969 1729 4038 apud
1763 3969 1954 4025 Deum.
1992 3969 2086 4025 Ille

503 4055 686 4110 statim
714 4063 836 4124 post
870 4056 1018 4110 hunc
1063 4071 1370 4112 sermonem
1399 4059 1657 4114 accubuit
1688 4070 1852 4131 atque
1881 4061 2083 4115 obdur-

504 4145 690 4210 mivit;
737 4146 831 4214 qui
887 4147 1140 4200 astabant
1207 4162 1335 4201 vero
1404 4149 1588 4203 cuncti
1644 4149 2083 4219 obstupuerunt.

507 4237 905 4306 dixeruntque:
927 4237 1067 4292 Vere
1093 4237 1186 4293 Dei
1207 4239 1370 4294 homo
1391 4249 1476 4296 est
1501 4242 1609 4295 hic.
1627 4240 1782 4296 Tunc
1807 4242 2084 4297 munditer

507 4327 754 4395 sepelivit
803 4344 948 4390 cum,
981 4337 1262 4400 totamque
1307 4341 1523 4388 noctem
1563 4334 1619 4387 in
1650 4334 1869 4405 hymnis
1901 4343 2084 4389 trans-

501 4417 636 4487 egit.
662 4417 842 4472 Alium
897 4435 1115 4490 quoque
1162 4422 1385 4478 fratrem
1437 4425 1772 4480 laborantem
1820 4427 2080 4488 visitavit,

2187 3233 2336 3304 αύτῷ
2367 3251 2512 3296 τινες
2541 3233 2601 3297 ἐξ
2635 3235 2814 3288 αὐτῶν
2847 3234 3266 3306 μαθητεύοντες.
3295 3236 3567 3290 Εἰσελθὼν
3603 3239 3661 3291 δέ
3700 3243 3787 3304 είς

2188 3323 2286 3394 τὴν
2327 3324 2504 3377 οἰκίαν
2546 3323 2662 3388 ἐνὸς
2709 3324 2817 3377 τῶν
2867 3321 3115 3395 ἀδελφῶν
3153 3325 3263 3379 τῶν
3304 3329 3625 3396 νοσούντων,
3688 3335 3791 3387 καὶ

2190 3417 2365 3486 εὑρὼν
2413 3415 2574 3469 αὐτὸν
2611 3415 2710 3486 ἤδη
2745 3416 2995 3481 θανόντα,
3028 3417 3342 3488 προσελθὼν
3379 3423 3445 3490 τῇ
3484 3420 3640 3494 κλίνῃ
3689 3426 3793 3478 καὶ

2189 3506 2652 3580 προσευξάμενος,
2695 3510 2789 3561 καὶ
2841 3511 3220 3583 καταφιλήσας
3266 3513 3449 3575 αὑτὸν,
3484 3513 3680 3584 ἠρώτα
3739 3519 3790 3570 ει

2187 3597 2325 3667 πρὸς
2372 3599 2503 3651 Θεὸν
2551 3597 2794 3668 βούλοιτο
2835 3600 3056 3654 ἀπιέναι
3107 3602 3393 3674 μᾶλλον,ῆ
3447 3604 3526 3658 ἐτι
3574 3605 3682 3677 ζῇν
3731 3611 3792 3661 ἐν

2189 3687 2374 3759 σαρκί.
2429 3689 2489 3743 ’0
2518 3689 2576 3744 δὲ
2611 3689 2952 3755 ἀνακαθίσας
2993 3687 3146 3744 εἶπεν
3185 3692 3334 3765 αύτῷ
3359 3714 3371 3726 ·
3407 3698 3684 3770 κρεῖσσον
3728 3703 3793 3753 τὸ

2187 3781 2450 3835 ἀναλῦσαι
2488 3781 2582 3834 καὶ
2625 3783 2720 3836 σῦν
2762 3782 2984 3854 Χριστῷ
3011 3782 3151 3838 εἶναι
3173 3803 3184 3815 ·
3215 3786 3276 3838 τὸ
3305 3787 3362 3841 δέ
3391 3786 3491 3859 ζῇν
3519 3791 3576 3842 ἐν
3613 3795 3792 3864 σαρκὶ

2186 3871 2287 3924 ούκ
2338 3871 2637 3939 ἀναγκαῖον
2689 3872 2835 3942 ἐμοί.
2891 3873 3101 3928 Ούκοῦν
3153 3875 3403 3942 κάθευδε,
3461 3880 3666 3950 φησιν,
3729 3883 3789 3934 ἐν

2187 3964 2400 4034 εἰρήνῃ,
2445 3957 2492 4015 ὧ
2540 3961 2749 4026 τέκνον,
2807 3963 3124 4034 πρεσϐεύων
3157 3965 3296 4038 ὑπὲρ
3341 3967 3475 4037 ἐμοῦ
3520 3969 3662 4039 πρὸς
3687 3968 3787 4022 τὸν

2185 4054 2338 4106 Θεόν.
2385 4054 2444 4106 ’0
2474 4053 2531 4106 δὲ
2563 4052 2638 4116 ὡς
2672 4050 2910 4120 sim-2v",
2943 4056 3104 4119 εὐθὺς
3137 4056 3427 4112 ἀναπεσὼν
3471 4060 3748 4132 ἐκοιμήθη
3768 4078 3785 4092 ·

2186 4147 2233 4196 οξ
2292 4143 2349 4194 δὲ
2411 4144 2676 4212 παρόντες
2743 4143 2946 4208 πάντες
3015 4143 3428 4216 ἐξεπλάγησαν,
3487 4147 3785 4216 λέγοντες·

2200 4233 2440 4305 Ἀληθῶς
2474 4233 2610 4287 Θεοῦ
2655 4234 2942 4307 ἄνθρωπός
2987 4238 3133 4291 ἐστιν
3179 4231 3356 4303 οὗτος.
3391 4241 3686 4312 Κηδεύσας
3723 4242 3783 4296 δέ

2186 4326 2348 4379 αὑτὸν
2387 4325 2662 4398 καθαρίως
2680 4327 2749 4392 ⁸⁸,
2783 4328 2841 4378 ἐν
2873 4325 3062 4398 ὕμνοις
3103 4330 3284 4384 πᾶσαν
3330 4330 3428 4403 τὴν
3496 4335 3665 4388 νύκτα
3701 4335 3781 4388 δι-

2188 4418 2452 4471 ετέλεσεν.
2476 4417 2580 4470 Τὸν
2603 4418 2790 4489 ἕτερον
2825 4417 2883 4470 δὲ
2917 4417 3143 4489 ἀδελφὸν
3173 4421 3450 4493 κάμνοντα
3475 4427 3782 4496 ἐπισκεψά-

507 4515 674 4579 utque
701 4508 836 4562 vidit
867 4509 933 4564 de
963 4520 1139 4566 morte
1165 4514 1391 4567 anxium
1437 4531 1581 4578 esse.
1616 4527 1674 4571 ut
1708 4517 1802 4587 qui
1847 4520 2084 4582 graviter

2193 4527 2372 4580 μενος,
2393 4509 2469 4572 ὡς
2495 4509 2602 4562 ἴδεν
2630 4509 2794 4562 αὐτόν
2821 4510 3190 4581 δυσφοροῦντα
3219 4514 3355 4586 πρὸς
3375 4516 3473 4588 τὴν
3497 4518 3780 4589 τελευτὴν,

503 4597 857 4668 conscientia:
877 4600 1114 4654 stimulis
1149 4605 1658 4670 premeretur,dixit
1681 4607 1730 4661 ei
1760 4625 1772 4660 :
1804 4607 2084 4678 Tanquam

505 4690 807 4759 imparatus
830 4692 985 4746 vadis
1008 4691 1075 4745 ad
1117 4690 1286 4746 Deum
1309 4733 1324 4756 ,
1361 4695 1536 4748 instar
1568 4704 1951 4752 accusatorum
1988 4698 2086 4752 de-

507 4781 686 4836 ferens
717 4785 960 4836 rationes
999 4783 1185 4851 segnis
1224 4784 1369 4838 vitae.
1398 4784 1490 4840 Ille
1519 4794 1698 4842 autem
1729 4789 1924 4842 orabat
1959 4804 2083 4842 eum

500 4883 558 4928 et
583 4874 927 4936 obsecrabat,
958 4880 1016 4926 ut
1049 4887 1146 4941 pro
1177 4873 1297 4942 ipso
1325 4875 1469 4945 apud
1503 4877 1672 4932 Deum
1701 4879 2084 4944 intercederet,

501 4982 614 5036 quo
647 4966 812 5020 vitam
858 4965 961 5034 ipsi
1005 4964 1280 5018 tantillum
1315 4977 1656 5036 prorogaret.
1687 4969 1779 5038 qui
1828 4972 2078 5040 aliquan-

503 5058 679 5111 tulum
727 5071 786 5111 se
829 5063 974 5111 esset
1014 5053 1426 5110 emendaturus.
1471 5056 1626 5112 Tunc
1671 5061 1745 5113 ait
1791 5061 1860 5114 ad
1907 5077 2078 5117 eum:

503 5145 660 5203 Nunc
703 5155 919 5218 tempus
955 5147 1288 5218 paenitentiae
1325 5150 1552 5218 quaeris,
1587 5153 1808 5220 quando
1841 5154 1949 5207 vita
1986 5162 2081 5209 tua

500 5239 964 5306 eamplcmentum
999 5241 1230 5308 accepit.
1268 5238 1409 5305 Quid
1465 5240 1704 5299 faciebas
1755 5246 1901 5298 οιιιιιί
1958 5248 2080 5300 vita:

505 5330 790 5398 tmipore?
814 5330 1004 5388 Nonne
1035 5341 1253 5401 poteras
1270 5333 1492 5387 vulnera
1527 5342 1618 5388 tua
1653 5337 1888 5392 curare?
1915 5339 2079 5407 quin-

575 5439 620 5515 i"
651 5440 806 5495 Joan.
835 5444 1042 5515 3:535.
1120 5445 1165 5476 ³⁸
1197 5443 1356 5498 Joan.
1384 5461 1464 5507 ιιι.
1506 5448 1558 5503 9.
1634 5449 1678 5480 ³⁷
1703 5449 1891 5506 Matth.
1928 5465 2062 5515 xvu,
2112 5450 2200 5505 i9.

2188 4604 2377 4667 δεινῶς
2428 4603 2532 4656 ὑπὸ
2583 4603 2684 4673 τῆς
2739 4605 3099 4676 συνειδήσεως
3149 4607 3538 4680 ἐλεγχόμενον,
3591 4611 3785 4682 ἔλεγεν

2190 4697 2325 4768 πρὸς
2393 4696 2589 4750 αὐτόν·
2659 4697 2747 4760 Ὠς
2769 4697 2814 4728 ⁸¹
2877 4698 3161 4770 ἀνέτοιμος
3213 4701 3445 4770 ὑπάγεις
3492 4702 3630 4775 πρὸς
3683 4705 3785 4757 τὸν

2189 4787 2343 4847 Θεὸν,
2397 4787 2736 4859 κατηγόρους
2789 4789 3081 4861 ἀποφέρων
3134 4793 3261 4855 τοὺς
3317 4792 3617 4864 λογισμοὺς
3673 4795 3787 4865 τῆς

2193 4877 2438 4949 ῥᾳθύμου
2469 4878 2767 4942 πολιτείας.
2826 4879 2886 4935 '0
2914 4881 2970 4934 δὲ
3008 4882 3187 4936 ἐδέετο
3211 4884 3376 4938 αὐτοῦ
3406 4886 3500 4939 καλ⁵
3532 4885 3785 4938 ἱκέτευεν

2188 4969 2515 5042 πρεσϐεύειν
2553 4971 2696 5042 ὑπὲρ
2729 4972 2894 5025 αύτοῦ
2943 4977 3078 5044 πρὸς
3125 4977 3216 5028 τὸν
3262 4977 3414 5039 Θεὸν,
3447 4978 3638 5051 χρόνον
3681 4981 3783 5032 ἐν·

2185 5061 2368 5115 δοῦναι
2414 5061 2562 5133 αύτῷ
2615 5065 2812 5136 μικρὸν
2863 5068 2928 5136 τῇ
2981 5066 3092 5138 ζωῇ
3120 5068 3188 5132 ⁸¹,
3239 5069 3481 5139 μέλλοντί
3522 5087 3575 5123 τι
3627 5071 3787 5142 διορο

2189 5153 2496 5207 θοῦσθαι⁵⁸.
2546 5156 2606 5208 ὐ
2663 5155 2721 5209 δέ
2767 5173 2932 5226 φησιν
2989 5160 3127 5230 πρὸς
3181 5161 3379 5216 αὐτόν·
3415 5162 3531 5216 Νῦν
3579 5164 3784 5235 καιρὸν

2191 5248 2479 5317 μετανοίας
2517 5247 2719 5320 ζητεῖς,
2769 5251 2856 5303 ὅτε
2894 5253 2926 5322 ἡ
2961 5253 3072 5324 ζωή
3127 5271 3220 5307 σου
3274 5255 3649 5328 πεπλήρωται.
3704 5257 3782 5311 Τί

2186 5340 2392 5402 ἐποίεις
2421 5340 2598 5393 πάντα
2623 5342 2714 5395 τὸν
2744 5343 2936 5415 χρόνον
2956 5343 3005 5375 ’δ
3028 5362 3041 5410 ;
3064 5347 3163 5399 οὐκ
3191 5346 3375 5400 ἐδύνου
3396 5347 3465 5402 τά
3498 5347 3569 5401 σά
3598 5348 3786 5419 τραύ-

2310 5451 2356 5484 ⁸⁸
2405 5451 2572 5528 ιῐοιλιι.Δ
2623 5471 2734 5516 xiv,
2769 5455 2855 5528 12.
2930 5456 2982 5528 7⁸³
3012 5457 3249 5528 Philipp.
3280 5459 3414 5523 1.23.
3441 5459 3530 5514 id.
3607 5461 3652 5493 “
3677 5463 3783 5520 Al.

507 5508 742 5600 πάντων.
790 5511 861 5600 Δς¹
883 5513 966 5600 Al;
986 5513 1251 5600 ἐδόξαζον.
1284 5586 1297 5600 .
1327 5515 1477 5600 “.Al:
1499 5519 1710 5600 κατῄει.
1856 5521 1940 5600 Al.
1973 5508 2080 5600 ripe

2189 5522 2310 5600 γιςε
2325 5531 2379 5576 et
2407 5508 2826 5600 npoc‘hyttas
2844 5527 2891 5558 “
2912 5508 3086 5600 Abest
3516 5508 3576 5562 1'
3607 5508 3788 5589 Deest

500 5577 858 5647 φιωήνίηᾳοι.
919 5581 966 5612 ⁸⁸
1014 5577 1181 5639 Abest
1211 5586 1297 5638 ἐπ’
1337 5586 1487 5647 αὐτῷ
1537 5577 1710 5647 τηρεε,
1787 5591 1831 5623 ιτ
1871 5592 1956 5645 ΑΙ,

514 5643 564 5724 θ’
605 5642 691 5700 Αἰ.
720 5642 886 5724 Δεἶχεν
940 5658 993 5702 et
1039 5653 1290 5724 ῇκουσεν.
1395 5642 1806 5724 ’θ’ΛΙίκαλῶς.
1872 5642 1945 5693 ᾑ⁸ν¹

503 5715 956 5792 ἐπανορθοῦσθαι.
1035 5715 1081 5754 ⁸⁸
1103 5725 1193 5778 Al.
1228 5741 1320 5777 σου
1336 5725 1426 5777 τὸν
1456 5727 1589 5796 βίον.

1989 5594 2172 5662 Πατερ

2015 5662 2100 5718 Ai.
2147 5661 2281 5725 πῶς.

2179 5591 2480 5670 μ-ούθιονρὶ
2513 5591 2742 5670 ’πατέρα
2767 5591 3224 5670 Πατερμούθιον.’
3278 5601 3322 5633 ⁸⁸
3369 5601 3453 5653 Al.
3484 5603 3779 5670 ποιήσετε.

2398 5664 2445 5694 ⁸⁸
2498 5665 2580 5720 Al.
2622 5664 2772 5732 ὅπως
2821 5664 3202 5740 διορθὼσηται.
3292 5671 3336 5703 ³³
3387 5671 3470 5725 Al.
3519 5664 3780 5726 ndv'al.
