4020 6202
299 313 414 368 ιῖἑὸ

1547 311 1886 371 ΡΑΠΑΟΙΞΗ
1899 308 1936 365 5
1970 308 2200 368 PATRU
2213 314 2279 370 M.

3446 325 3550 380 ικι

305 451 453 500 ματα
482 433 854 505 θεραπεῦσαι;
903 435 1040 489 ἀλλὰ
1082 440 1176 491 καὶ
1210 439 1370 508 ἕτερα
1415 438 1779 508 προσετίθεις.
1825 436 1866 488 '(

1991 435 2098 488 imo
2139 434 2376 490 addebas
2417 436 2540 490 alia.
2568 438 2810 508 Cumque
2851 449 3224 509 perseveraret
3250 441 3303 495 in
3341 451 3538 512 suppli—

302 525 360 576 δὲ
392 525 466 587 ὼς
497 525 760 594 ἐπέμενεν
796 525 935 596 πρὸς
974 527 1196 579 αὑτὸν⁸⁵
1233 526 1514 592 ἱκετεύων,
1544 526 1881 598 ἀπεκρίνατο

472 617 630 670 αὑτὸν
657 618 685 670 ὁ
714 615 893 686 γέρων
914 635 926 648 ο
967 616 1053 688 Μὴ
1071 619 1116 650 ⁵⁸
1145 618 1308 690 ἕτερα
1335 621 1400 690 τῇ
1437 618 1548 690 ζωῇ
1589 636 1679 671 σου
1711 635 1878 689 προσ-

307 707 492 776 θήσεις
532 707 710 760 κακά’
770 707 878 759 si."
926 707 1069 761 κατὰ
1117 709 1376 776 ἀλήθειαν
1426 713 1723 780 μετανοείς,
1767 708 1879 761 δεό-

309 798 447 866 μεθα
471 799 610 868 ὑπὲρ
635 798 730 850 σοῦ
764 797 854 851 τοῦ
889 798 1023 850 Θεοῦ
1043 814 1057 826 ·
1089 799 1290 867 ἀγαθὸς
1327 801 1436 872 γάρ
1462 803 1611 854 ἐστιν
1645 802 1738 854 καὶ
1773 818 1876 870 μα-

307 887 599 959 κρόθυμος,
648 891 741 943 καὶ
793 889 1073 960 χαρίζεταί
1118 908 1199 944 σοι
1245 893 1323 946 ἔτι
1357 896 1561 965 μικράν
1591 895 1758 966 ζωὴν,
1792 892 1879 946 ἵνα

306 981 365 1032 τὸ
390 983 496 1033 πᾶν
524 981 831 1059 ἀποδώσῃς.
867 988 976 1040 Kal
1008 988 1302 1059 εὐξάμενος
1341 984 1494 1040 εἶπεν
1522 986 1671 1056 αὑτῷ
1690 1003 1704 1017 ·
1746 987 1876 1041 Ἰδοὺ

301 1070 428 1138 τρία
479 1071 574 1142 ἐτη
622 1091 703 1127 σοι
737 1079 1018 1148 χαρίζεται
1043 1081 1088 1110 ⁵⁸
1119 1081 1148 1130 ό
1175 1079 1307 1143 Θεὸς
1337 1081 1402 1148 τῇ
1416 1079 1460 1108 ⁵⁹
1510 1075 1621 1148 ζωῇ
1668 1077 1872 1148 ταύτῃ’

299 1161 466 1229 μόνον
500 1165 564 1217 ἐκ
590 1165 769 1236 ψυχῆς
801 1170 1150 1239 μετανόησον.
1182 1170 1292 1223 Kal
1315 1168 1610 1238 λαϐόμενος
1643 1169 1807 1222 αὑτοῦ
1831 1170 1874 1200 ⁸ο

294 1254 399 1320 τῆς
424 1255 626 1325 χειρὸς,
657 1257 952 1323 ἀνέστησεν
1003 1261 1362 1330 παραχρῆμα,
1401 1261 1495 1313 καὶ
1512 1260 1554 1290 ⁸⁸
1591 1260 1874 1330 ἀπήγαγεν

293 1344 464 1396 αὑτὸν
483 1347 564 1409 είς
598 1346 695 1416 τὴν
720 1347 944 1419 ἔρημον.
975 1351 1084 1403 Καὶ
1109 1351 1502 1422 πληρωθέντων
1528 1352 1662 1406 ἐτῶν
1685 1354 1870 1424 τριῶν,

293 1435 464 1487 πάλιν
506 1438 712 1506 ἤγαγεν
749 1440 842 1492 ἐπὶ
891 1441 983 1493 τὸν
1027 1442 1214 1506 τόπον,
1253 1443 1354 1497 οὑκ
1408 1444 1712 1516 ἄνθρωπον,
1755 1446 1872 1500 ἀλλ’

289 1524 533 1592 ἄγγελον
567 1529 677 1598 (12)
711 1530 789 1600 τῷ
831 1530 950 1602 Θεῷ
984 1533 1284 1602 παριστῶν,
1315 1535 1391 1599 ὼς
1424 1535 1699 1606 θαυμάσαι
1734 1539 1872 1591 πάν-

288 1629 400 1674 τας
429 1616 520 1666 ἐπὶ
548 1619 610 1686 τῇ
640 1618 802 1671 αὑτοῦ
835 1620 1076 1692 πολιτεία
1090 1622 1156 1676 ⁸⁸.
1190 1623 1300 1677 Kal
1346 1624 1706 1678 συνελθόντων
1735 1627 1869 1698 πρὸς

290 1705 462 1758 αὑτὸν
499 1707 606 1760 τῶν
651 1709 916 1778 ἀδελφῶν,
948 1711 1158 1784 τίθησιν
1181 1713 1226 1744 ⁸⁸
1253 1714 1415 1767 αὑτὸν
1445 1717 1502 1769 ἐν
1533 1717 1682 1787 μέσῳ
1715 1717 1864 1787 ὑγιῆ,

291 1797 391 1849 καὶ
426 1799 494 1850 δι’
533 1799 662 1870 ὅλης
706 1803 804 1872 τῆς
843 1804 1033 1868 νυκτὸς
1083 1805 1239 1873 λόγον
1289 1806 1630 1874 διδασκαλίας
1686 1809 1868 1872 αὑτοῖς

288 1893 604 1964 παρεδίδου.
653 1895 741 1959 Ὠς
781 1897 838 1949 δὲ
889 1898 1259 1966 ἀπενύσταξεν
1302 1901 1330 1953 ό
1374 1901 1621 1971 ἀδελφὸς,
1670 1901 1763 1955 καὶ
1803 1903 1867 1974 δὴ

289 1983 378 2044 είς
409 1982 575 2036 ὕπνον
621 1987 908 2056 γενόμενος
939 1988 1006 2051 ⁸⁸,
1049 1991 1326 2054 παντελῶς
1355 1992 1643 2064 ἐκοιμήθη.
1675 1993 1867 2046 Ἐπευ-

289 2073 534 2142 ξάμενος
563 2075 617 2126 δὲ
666 2076 832 2148 αὑτῷ,
880 2081 1166 2150 ἐκήδευσεν
1220 2083 1360 2137 κατά
1399 2085 1600 2154 τρόπον
1626 2085 1694 2150 ⁸⁸,
1737 2103 1870 2156 προ-

288 2164 525 2234 πέμψας
555 2167 688 2237 πρὸς
720 2169 820 2237 τὴν
861 2172 1058 2242 ταφήν.
1095 2172 1363 2236 Πολλάκις
1403 2173 1459 2226 δὲ
1501 2173 1662 2228 αὑτόν
1704 2192 1870 2245 φασιν

285 2256 392 2309 καὶ
421 2256 526 2310 τῶν
555 2261 892 2329 ποταμιαίων
915 2263 960 2293 ⁸⁸
987 2262 1194 2333 ὑδάτων
1219 2265 1503 2329 ἐπιϐάντα,
1530 2266 1621 2318 τὸν
1653 2268 1864 2334 Νεῖλον,

283 2347 422 2418 ἄχρι
455 2351 694 2416 γονάτων
735 2351 1168 2424 διαπορθμεῦσαι
1193 2373 1206 2385 ⁸
1262 2355 1447 2409 ἄλλοτε
1499 2358 1554 2411 δὲ
1594 2358 1661 2411 δι’
1707 2360 1868 2431 ἀέρος

282 2439 429 2509 πρὸς
453 2442 580 2504 τοὺς
610 2441 890 2511 ἀδελφοὺς,
915 2447 1006 2498 ἐπὶ
1038 2447 1131 2500 τοῦ
1164 2447 1412 2516 δώματος
1442 2451 1733 2521 ηὑρῆσθαι,
1759 2454 1866 2507 τῶν

1983 526 2216 590 catione,
2268 529 2342 582 ait
2383 545 2544 583 senex
2582 549 2593 582 :
2635 528 2689 582 Si
2728 530 2831 584 alia
2860 532 3146 586 additurus
3193 549 3297 586 non
3334 548 3393 589 es
3427 537 3548 588 vita)

1982 627 2086 673 tuae
2120 621 2282 682 mala,
2333 621 2425 676 sed
2480 637 2603 675 vere
2647 623 3026 690 pmnitentiam
3078 633 3322 687 acturus,
3380 625 3546 679 Deum

1981 730 2078 783 pro
2109 724 2160 769 te
2193 715 2470 784 orabimus
2513 733 2526 768 :
2568 715 2742 769 bonus
2776 724 2880 779 est,
2920 716 3152 785 patiens,
3199 717 3543 786 sequanimis,

1980 822 2044 860 ac
2076 807 2317 877 indulget
2357 808 2453 861 tibi
2502 809 2678 862 adhuc
2719 825 2908 877 parum
2950 810 3090 869 vim,
3126 818 3184 862 ut
3230 817 3424 862 cuncta
3458 825 3542 864 re-

1981 898 2211 952 tribuas.
2244 897 2307 950 Ει
2327 899 2571 952 oratione
2604 898 2743 952 facta
2773 899 2908 952 dixit
2933 899 2980 952 ei
3015 917 3028 950 :
3061 899 3200 952 Ecce
3227 904 3338 953 tres
3369 913 3542 952 annos

1977 989 2101 1042 vitae
2133 989 2296 1058 hujus
2339 990 2432 1043 tibi
2467 991 2732 1050 goncedit
2766 989 2938 1054 Deus;
2988 997 3198 1042 tantum
3250 1005 3314 1044 ex
3360 992 3543 1043 animo

1977 1080 2352 1148 pmnitentiam
2378 1095 2494 1149 age.
2519 1079 2655 1132 Tum
2681 1095 2842 1133 manu
2868 1079 2986 1146 ejus
3009 1080 3368 1149 apprehensa,
3397 1079 3540 1132 illico

1975 1169 2167 1232 erexit,
2203 1169 2328 1223 dein
2358 1169 2584 1223 abduxit
2621 1169 2676 1222 in
2709 1167 3058 1222 solitudinem
3091 1184 3106 1221 :
3140 1168 3537 1237 completisque

1975 1258 2151 1312 tribus
2180 1259 2360 1321 annis,
2397 1258 2594 1312 iterum
2635 1257 2850 1312 reduxit
2879 1257 2945 1310 ad
2988 1258 3185 1322 locum,
3222 1273 3328 1311 non
3366 1258 3541 1311 homi-

1974 1363 2121 1412 nem,
2163 1348 2258 1403 sed
2309 1348 2557 1418 angelum
2593 1347 2701 1401 Deo
2745 1347 3030 1412 exhibens,
3082 1348 3219 1402 adeo
3259 1360 3316 1400 ut
3349 1363 3541 1402 omnes

1974 1441 2261 1496 admiratio
2296 1448 2515 1510 caperet
2545 1440 2610 1494 de
2649 1439 2821 1509 ipsius
2863 1439 2971 1492 vita
3015 1453 3066 1493 et
3097 1441 3535 1494 conversatione.

1971 1533 2328 1604 Congregatis
2379 1548 2509 1603 ergo
2551 1532 2696 1586 circa
2748 1531 2924 1601 ipsum
2980 1530 3262 1595 fratribus.
3309 1532 3542 1584 collocat

1973 1623 2244 1679 hominem
2272 1624 2325 1677 in
2346 1624 2525 1678 medie
2552 1637 2767 1686 sanum,
2793 1637 2854 1674 ac
2883 1637 2978 1692 per
2999 1630 3168 1674 totam
3190 1629 3402 1675 noctem
3431 1636 3540 1674 ser-

1973 1731 2189 1771 monem
2215 1717 2474 1772 doctrinae
2499 1716 2632 1786 ipsis
2655 1713 2900 1768 tradidit.
2927 1712 3063 1767 Tum
3094 1712 3263 1767 frater
3285 1729 3314 1767 e
3344 1727 3538 1782 sopore

1972 1807 2026 1860 in
2059 1823 2309 1862 somnum
2342 1807 2611 1870 incidens,
2635 1806 2859 1861 omnino
2894 1804 3238 1860 obdormivit.
3259 1803 3384 1858 Inde
3415 1819 3540 1856 ora-

1969 1899 2117 1954 tione
2157 1913 2322 1968 super
2368 1915 2491 1953 eum
2529 1897 2694 1961 facta,
2750 1912 2849 1967 pro
2894 1912 3044 1951 more
3092 1896 3254 1951 funus
3302 1895 3533 1956 curavit,

1969 1991 2337 2060 praemisitque
2358 1989 2422 2044 ad
2449 1990 2805 2059 sepulturam.
2845 1990 3008 2042 Aiunt
3039 1990 3200 2042 etiam
3230 1989 3372 2058 quod
3397 2003 3537 2055 szrpe

1967 2082 2212 2137 ﬂuviales
2257 2098 2428 2153 aquas
2473 2097 2862 2153 supergressus
2908 2080 3086 2135 Nilum
3140 2081 3531 2150 perlransierit,

1968 2175 2035 2230 ad
2083 2190 2259 2246 genua
2311 2176 2577 2229 duntaxat
2635 2175 3059 2245 pertingeutcm;
3118 2173 3372 2242 quodque
3428 2171 3534 2222 alio

1967 2274 2211 2337 tempore
2251 2282 2346 2336 per
2386 2282 2566 2322 aerem
2611 2274 2822 2329 vectus,
2852 2266 2992 2319 inter
3020 2265 3214 2320 fratres
3251 2265 3303 2317 in
3334 2263 3536 2317 solario

1967 2357 2223 2410 inventus
2269 2356 2362 2419 sit,
2410 2356 2596 2424 jauuis
2647 2357 2872 2411 clausis.
2925 2354 3260 2424 Frequenter
3317 2372 3534 2425 quoque

1969 2449 2281 2519 ubicunque
2310 2448 2493 2513 vellet,
2515 2446 2803 2502 confestim
2834 2448 3038 2500 aderat.
3069 2445 3240 2500 Porro
3273 2447 3536 2501 fratribus

281 2527 472 2600 Θυρῶν
505 2531 926 2602 κεκλεισμένων.
965 2535 1230 2600 Πολλάκις
1277 2538 1333 2591 δὲ
1380 2540 1622 2614 ὅπουπερ
1656 2543 1864 2614 ἢθελεν,

1968 2541 2210 2596 narravit
2253 2540 2568 2610 aliquando,
2613 2555 2678 2593 ex
2717 2539 3014 2593 solitudine
3055 2538 3290 2599 rediens,
3321 2554 3537 2592 assum~

278 2622 633 2692 παραχρῆμα
662 2625 974 2696 ηὑρίσκετο.
1016 2630 1265 2699 Διηγεῖτο
1297 2630 1352 2683 δέ
1387 2650 1516 2685 ποτε
1558 2637 1670 2698 τοῖς
1715 2636 1867 2689 ἀδελ-

279 2714 430 2778 φοῖς,
462 2716 530 2765 ἐκ
560 2714 661 2784 τῆς
694 2717 905 2787 ἐρήμου
954 2719 1284 2785 ἐπανελθὼν,
1314 2723 1662 2795 ἀνειληφέναι
1695 2727 1738 2758 ⁸⁷
1770 2727 1866 2779 αὑ-

277 2803 372 2856 τὸν
404 2805 464 2855 ἐν
495 2804 735 2875 ὁράματι
761 2810 840 2871 είς
875 2809 1120 2879 οὑρανὸν,
1148 2814 1240 2866 καὶ
1269 2814 1555 2869 τεθεᾶσθαι
1585 2816 1684 2869 ὅσα
1717 2817 1866 2888 μένει

275 2895 468 2964 ἀγαθά
514 2899 641 2960 τοὺς
683 2899 825 2952 κατὰ
876 2900 1132 2972 ἀλήθειαν
1186 2907 1471 2974 μοναχοὺς.
1515 2907 1657 2979 ἅπερ
1693 2910 1867 2974 οὐδεὶς

276 2988 528 3054 ἐξειπεῖν
573 2989 726 3058 λόγος
758 2991 1015 3046 δύναται·
1069 2997 1162 3049 xal
1215 2997 1458 3068 ἀπῆχθαι
1504 2999 1560 3052 δὲ
1599 3001 1760 3054 αὑτὸν
1809 3005 1867 3056 ἐν

1967 2641 2118 2702 ptum
2144 2648 2203 2688 se
2225 2631 2393 2687 fuisse
2423 2631 2477 2684 in
2508 2631 2713 2685 visione
2738 2630 2804 2684 ad
2833 2632 3054 2692 coelum,
3091 2644 3154 2683 ac
3187 2630 3387 2684 vidisse
3415 2644 3538 2698 quae

1968 2724 2107 2778 bona
2141 2739 2300 2778 veros
2341 2723 2640 2777 monachos
2692 2731 2934 2788 manent,
2967 2738 3087 2792 quae
3140 2724 3322 2776 nullus
3355 2737 3536 2777 sermo

1967 2816 2182 2886 assequi
2234 2822 2444 2883 potest;
2494 2815 2739 2882 dixitque
2797 2829 2856 2868 se
2911 2814 2963 2866 in
3015 2828 3179 2867 carne
3238 2814 3534 2868 abductum

1969 2910 2138 2964 fuisse
2181 2908 2233 2961 in
2281 2905 2620 2977 paradisum.
2671 2918 2834 2974 atque
2882 2913 3162 2972 spectasse
3219 2912 3532 2957 sanctorum

1970 3000 2400 3062 multitudinem;
2453 2998 2519 3051 ad
2568 2997 2682 3050 haec
2728 2995 3085 3065 participasse
3140 2993 3205 3047 de
3266 2993 3534 3048 fructibus

277 3079 454 3148 σαρκὶ
495 3079 601 3150 ἔφη
640 3082 720 3144 είς
758 3082 849 3137 τὸν
882 3085 1229 3156 παράδεισον,
1264 3091 1354 3141 καὶ
1385 3091 1690 3161 ἑωρακέναι
1733 3095 1866 3165 πλῆ-

1969 3090 2227 3159 paradisi.
2263 3091 2437 3157 Atque
2469 3087 2522 3140 in
2554 3085 2924 3141 testiinonium
2966 3100 3078 3139 rem
3109 3084 3278 3153 ipsam
3312 3084 3530 3140 exhibe-

273 3171 372 3233 θος
415 3170 626 3238 ἀγίων·
669 3174 1052 3245 μετειληφέναι
1103 3177 1157 3230 δὲ
1217 3179 1378 3232 αὑτὸν
1427 3181 1610 3248 ἔλεγεν
1653 3185 1714 3235 ἐκ
1756 3184 1863 3236 τῶν

273 3263 516 3334 καρπῶν
535 3263 630 3316 τοῦ
660 3267 990 3336 παραδείσου
1012 3286 1026 3298 ο
1057 3270 1151 3322 καὶ
1185 3271 1436 3342 μάρτυρα
1473 3273 1534 3325 τὸ
1568 3275 1796 3344 πρᾶγμα
1819 3275 1864 3306 η

271 3355 588 3408 ἐδείκνυεν.
641 3356 810 3410 Σῦκον
857 3358 967 3428 γάρ
1031 3361 1173 3430 μέγα
1219 3363 1313 3415 καὶ
1359 3362 1632 3434 ἐξαίρετον
1650 3366 1716 3430 ⁸⁸,
1770 3366 1864 3420 καὶ

268 3445 517 3508 εὐωδίας
548 3445 748 3516 πολλῆς
784 3449 999 3517 μεστὸν,
1041 3452 1177 3521 πρὸς
1219 3453 1344 3515 τοὺς
1387 3453 1580 3507 ἐαυτοῦ
1619 3455 1863 3526 μαθητάς

266 3538 648 3608 ἀπεκόμισεν,
689 3539 1042 3594 ἐπιδεικνύων
1081 3543 1262 3605 αὑτοῖς
1302 3545 1382 3596 δτι
1417 3545 1588 3616 ἀληθῆ
1630 3549 1762 3600 εἰσιν
1795 3547 1863 3601 τὰ

269 3632 414 3703 παρ’
463 3632 632 3684 αὑτοῦ
679 3633 966 3703 λεγόμενα.
1019 3635 1195 3706 Ὅπερ
1225 3635 1410 3701 σῦκον,
1455 3639 1482 3691 ό
1507 3638 1859 3710 διηγούμενος

265 3725 414 3793 ἡμῖν
481 3721 654 3775 ταῦτα
719 3723 948 3794 Κόπρης
999 3724 1404 3798 πρεσϐύτερος,
1463 3729 1682 3793 νεανίας
1740 3731 1859 3784 τότε

266 3813 570 3884 ὑπάρχων,
604 3814 662 3867 ἐν
699 3816 817 3876 ταῖς
851 3814 1036 3886 χερσὶν
1069 3816 1177 3869 τῶν
1223 3817 1480 3888 μαθητῶν
1513 3821 1676 3874 αὑτοῦ
1707 3822 1862 3878 sese-

269 3921 439 3971 σατο,
491 3906 586 3958 καὶ
634 3907 1014 3976 κατεφίλησεν,
1051 3909 1143 3961 καὶ
1191 3909 1289 3981 τὴν
1334 3913 1501 3984 πνοὴν
1530 3915 1856 3984 ἐθαύμασεν.

268 3995 508 4058 Πολλοῖς
536 3995 647 4066 γάρ
676 3995 873 4061 ἐτεσιν,
908 3997 1092 4068 φησὶν,
1125 3998 1338 4069 ἔμεινεν
1365 4005 1516 4075 παρὰ
1547 4008 1658 4068 τοῖς
1695 4007 1860 4060 αὑτοῦ

271 4087 582 4158 μαθηταῖς,
611 4089 690 4151 είς
721 4087 977 4152 ἐπίδειξιν
1010 4089 1410 4163 φυλαττόμενον
1429 4113 1443 4128 ο
1475 4090 1544 4166 ἦν
1571 4096 1682 4168 γὰρ
1710 4115 1861 4169 παμ..

268 4179 552 4250 μεγεθέςο
587 4179 746 4248 μόνον
786 4179 894 4249 γάρ
942 4180 1256 4252 ὀσφρήσατο
1305 4185 1469 4239 αὑτοῦ
1507 4204 1591 4252 τις
1622 4189 1730 4241 τῶν
1771 4207 1862 4242 νο-

267 4272 526 4326 σούντων
547 4272 614 4335 ",
664 4272 864 4337 εὐθέως
919 4275 1016 4344 τῆς
1071 4276 1227 4329 νόσου
1268 4277 1662 4349 ἀπηλλάττετο.
1704 4279 1862 4334 Κατὰ

261 4363 327 4416 δὲ
355 4363 466 4433 τὴν
493 4361 666 4434 ἀρχὴν
697 4365 796 4433 τῆς
835 4363 893 4416 ἐν
923 4367 989 4435 τῇ
1021 4365 1214 4435 ἐρήμῳ
1243 4365 1408 4420 αὑτοῦ
1435 4367 1856 4440 ἀναχωρήσεως,

263 4458 369 4511 ἐπὶ
421 4455 586 4510 πέντε
629 4457 926 4528 ἑϐδομάδας
983 4457 1146 4511 αὑτὸν
1187 4459 1263 4529 μὴ
1304 4458 1699 4530 βεϐρωκέναιν¹
1722 4478 1736 4494 ·
1764 4463 1860 4518 ἀν-

263 4549 530 4619 θρωπον,
565 4549 748 4617 φασὶν,
780 4549 944 4602 αὑτὸν
983 4549 1274 4620 εὑρηκέναι
1316 4552 1458 4605 κατὰ
1501 4551 1598 4622 τὴν
1630 4551 1856 4623 ἔρημον,

261 4641 448 4710 ἄρτον
476 4637 868 4706 ἐπιφερόμενον
908 4638 1001 4691 καὶ
1030 4638 1174 4709 ὕδωρ
1193 4655 1206 4670 ο
1250 4639 1309 4702 ὃς
1351 4642 1543 4704 πείσας
1569 4643 1728 4696 αὑτὸν
1763 4661 1860 4714 με·

260 4728 562 4792 ταλαϐεῑν,
594 4727 880 4798 ἀπηλλάγη
901 4745 914 4759 °
959 4727 1145 4781 ἄλλοτε
1177 4729 1235 4782 δὲ
1274 4729 1364 4782 τὸν
1388 4730 1615 4800 δαίμονα
1652 4731 1854 4802 θησαυ-

262 4823 406 4892 pob;
448 4817 602 4887 αὑτῷ
647 4817 910 4880 ἐπιδεῖξαι
948 4818 1043 4872 τοῦ
1087 4818 1305 4890 Φαραὼ,
1349 4821 1572 4892 χρυσίου
1615 4823 1854 4896 καθαροῦ

343 4974 599 5062 'f‘Deest
630 4974 952 5062 apoiat‘ndv
978 4973 1045 5053 in
1081 4974 1151 5062 al.

260 5047 308 5077 “
352 5047 445 5099 ΑΙ.
474 5047 642 5098 inser.
671 5043 788 5113 μεθ’
814 5043 1028 5096 ἐαυτοῦ.
1121 5045 1165 5075 ⁸³
1195 5043 1221 5094 Α

259 5114 585 5184 ποταμίων.
699 5113 743 5184 ff
774 5114 856 5184 Al.
879 5111 1221 5184 ἀνειλῆφθαι.

258 5181 535 5240 νούντων.
611 5184 654 5214 ⁷⁸
685 5181 767 5235 AI.
800 5181 1130 5252 βεϐρωκότα.
1206 5182 1251 5212 ⁷⁸
1282 5181 1400 5236 Act.
1426 5199 1540 5243 vni.
1567 5185 1657 5237 20.

338 5298 468 5371 (ιε)
511 5299 651 5371 οὐκΔ
671 5297 1008 5365 ἄνθρωπον,
1052 5297 1191 5371 (μα’
1213 5296 1487 5368 ἄγγελον.
1534 5297 1867 5371 Prooemium

259 5366 505 5426 Catena:
544 5369 598 5440 in
628 5366 916 5440 Joannem,
949 5383 1016 5440 ex
1033 5366 1443 5440 ⁸(ὶιιγθέοειιρηιο
1464 5406 1479 5432 ,
1516 5370 1741 5440 fama;
1771 5371 1866 5426 λα-

258 5443 474 5502 ϐάντας
505 5438 607 5491 οὑκ
641 5437 719 5490 ἔνι
740 5437 926 5490 λοιπὸν
959 5433 1277 5507 ἀνθρώπους
1305 5433 1462 5501 εἶναι,
1490 5437 1612 5491 οὑτέ
1642 5433 1735 5492 ἐπὶ
1767 5443 1868 5507 τῆς

260 5512 375 5593 τῆς
401 5483 613 5593 ἴένῆιν,
641 5508 1036 5593 (ξλΥάγωπτιξροξ
1059 5483 1275 5593 πάντων
1297 5483 1522 5593 ,ἐστάηξαι
1543 5507 1648 5593 τέῦν
1686 5483 1867 5593 βιωτέῖ

459 5579 554 5664 κα)
588 5579 739 5664 πρὸςὶ
769 5579 868 5664 τὴν
920 5576 1182 5664 ἀτὶελικηνῗ
1228 5576 1660 5664 μερορῗμξσασθαι
1687 5576 1863 5664 λῆξιν,

263 5654 370 5705 καὶ
395 5645 664 5720 ’καθάπερ
688 5647 779 5720 τὸν
805 5645 1056 5720 οὐρανὸν.
1092 5645 1238 5720 οὑτω
1255 5645 1372 5718 τὴν
1388 5645 1492 5720 γῆν
1519 5649 1708 5704 οἰκεῖν.
1746 5645 1865 5717 Quo

264 5724 338 5776 ιοε
364 5736 402 5776 ο
435 5735 546 5776 vox
599 5716 889 5787 ἀτελικήν,
919 5716 1205 5787 lnterpreti
1254 5716 1622 5785 sempiternam
1649 5759 1663 5784 ,
1704 5716 1862 5775 nauci

1241 4973 1396 5052 T‘Al-
1433 4975 1482 5052 εἰ
1522 4978 1655 5052 ett-ﬂ
1691 4977 1744 5052 τ’,
1772 4976 1858 5052 AJ-

1966 4981 2046 5036 λά.
2127 4982 2176 5014 ³⁸
2198 4980 2282 5052 Al.
2315 4981 2671 5052 κεχάρισται.
2723 4978 2777 5052 _'_’
2915 4978 2974 5030 ἐν
3000 4978 3087 5046 τῇ.

1121 5045 1165 5124 ξ’
1195 5043 1277 5096 ΑΙ.
1301 5043 1536 5124 ἐξρυσίᾳ.
1585 5043 1657 5124 “.⁸³
1685 5047 1768 5124 ΑΙ.
1799 5049 2030 5121 ἵστησιν.
2109 5053 2157 5082 ⁸⁸
2179 5051 2264 5103 ΑΙ.
2296 5043 2545 5124 τραπείς.

1331 5113 1374 5143 ⁸⁸
1413 5113 1500 5166 Al.
1529 5113 1628 5188 τοῦ
1656 5113 1996 5188 πράγματος.

1968 3183 2077 3234 bat.
2130 3181 2260 3231 Nam
2309 3181 2470 3232 ficum
2525 3175 2894 3246 praegrandem
2937 3189 3000 3227 ac
3047 3175 3324 3240 eximiam,
3366 3176 3536 3244 pluri-

1965 3285 2174 3339 inatque
2211 3267 2539 3339 fragrantia,
2575 3269 2641 3320 ad
2687 3265 2884 3320 fratres
2918 3279 3049 3320 suos
3081 3263 3297 3328 detulit,
3336 3264 3402 3317 ad
3439 3265 3534 3316 dc-

1964 3361 2376 3415 monstrandum
2409 3359 2518 3413 illis
2543 3373 2669 3414 vera
2705 3373 2828 3412 esse
2872 3371 2994 3426 quae
3015 3355 3241 3410 diceret.
3272 3355 3442 3421 Quam
3475 3356 3535 3408 li-

1963 3467 2110 3514 cum,
2144 3452 2238 3521 qui
2281 3452 2394 3505 hac
2435 3451 2593 3506 nobis
2633 3451 2818 3504 retulit
2847 3447 3050 3517 Copres
3080 3447 3380 3516 presbyter,
3405 3453 3534 3498 tunc

1959 3545 2198 3614 juvenis,
2229 3544 2283 3597 in
2315 3543 2564 3597 manibus
2585 3541 2974 3611 discipulorum
2997 3542 3117 3607 ejus
3141 3539 3447 3610 conspexit,
3479 3548 3534 3592 et

1962 3637 2310 3691 deosculatus
2357 3643 2462 3697 est,
2507 3633 2840 3704 odoremque
2881 3633 3146 3702 suspexit.
3179 3631 3284 3685 Per
3331 3633 3532 3686 multos

1961 3729 2104 3782 enim
2151 3741 2344 3791 annos,
2393 3725 2592 3795 inquit,
2644 3723 3012 3793 perseveravit
3061 3723 3204 3776 inter
3231 3721 3528 3790 discipulos

1960 3821 2101 3890 ejus,
2133 3835 2253 3889 qua:
2277 3825 2588 3874 servaretur
2617 3816 2684 3870 ad
2711 3822 3020 3881 ostentum;
3052 3821 3275 3882 eratque
3301 3813 3532 3867 crassis-

1960 3913 2096 3966 sima
2128 3929 2142 3965 :
2170 3919 2224 3966 et
2255 3911 2346 3966 ubi
2376 3909 2643 3964 duntaxat
2667 3908 2927 3962 odoratus
2955 3905 3130 3958 fuerat
3151 3920 3270 3959 eam
3295 3913 3499 3974 aegroto
3517 3934 3530 3942 -

1963 4020 2082 4059 rum
2108 4005 2254 4074 quis,
2295 4003 2488 4058 morbo
2511 4001 2692 4056 statim
2731 3997 3082 4053 liberabatur.
3115 3993 3376 4049 Referunt
3400 4008 3532 4063 prai-

1963 4106 2044 4151 ter
2081 4096 2216 4158 haec,
2259 4094 2414 4148 initio
2452 4091 2783 4148 secessionis
2825 4087 2996 4157 ipsius
3043 4087 3097 4139 in
3153 4083 3527 4148 solitudinem,

1962 4195 2248 4258 postquam
2295 4201 2390 4255 per
2427 4185 2666 4254 quinque
2703 4177 3072 4236 hebdomadas
3115 4191 3224 4230 non
3269 4175 3526 4236 comedit,

1961 4278 2268 4333 occurrisse
2307 4276 2356 4331 ei
2406 4275 2680 4329 hominem
2731 4271 2784 4325 in
2833 4270 3072 4333 deserto,
3120 4265 3215 4336 qui
3249 4279 3444 4335 panem
3477 4275 3531 4319 et

1904 4379 1936 4439 ,ι
1964 4384 2158 4439 aquam
2209 4367 2487 4431 afferebat,
2535 4366 2922 4436 persuasitque
2963 4378 3200 4426 sumere,
3249 4368 3414 4429 atque
3457 4357 3529 4410 ita

1963 4459 2096 4514 abiit
2128 4478 2140 4512 :
2178 4459 2285 4513 alio
2313 4469 2556 4528 tempore
2591 4473 2620 4510 a
2663 4458 2907 4512 daemone
2953 4464 3207 4510 ostensos
3247 4450 3350 4521 ipsi
3392 4448 3533 4502 Pha-

1961 4553 2146 4607 raonis
2177 4551 2484 4614 thesauros,
2520 4566 2658 4619 puro
2689 4564 2822 4602 auro
2847 4545 3237 4610 redundantes,
3268 4545 3334 4598 ad
3368 4559 3528 4614 quem

1960 4644 2098 4698 dixit
2133 4645 2215 4698 vir
2243 4661 2255 4694 :
2283 4642 2516 4697 Pecunia
2570 4651 2660 4694 tua
2710 4651 2875 4694 tecum
2910 4641 2979 4693 sit
3016 4639 3069 4692 in
3101 4636 3442 4705 perditionem
3460 4636 3525 4688 ⁷⁸.

1962 4736 2107 4800 llaec,
2144 4737 2338 4805 inquit,
2369 4744 2423 4789 et
2451 4736 2554 4788 alia
2589 4733 2742 4802 plura
2775 4745 3076 4802 magnaque
3113 4729 3374 4798 praeclare
3405 4741 3528 4796 per-

1960 4829 2191 4898 petravit
2221 4827 2382 4882 Pater
2411 4835 2598 4881 noster
2630 4823 3020 4883 Patermutius.
3053 4822 3260 4876 faciens
3293 4819 3447 4890 signa
3475 4824 3534 4872 et

3167 4976 3212 5006 ⁸⁸
3235 4976 3317 5029 ΔΙ.
3343 4974 3526 5029 αὑτόν.

2627 5051 2672 5080 ⁸⁵
2708 5046 2790 5098 ΑΙ.
2818 5047 2972 5113 λόγον
2999 5045 3059 5098 et
3090 5045 3278 5098 τύπον.
3355 5048 3400 5077 ⁸⁸
3438 5045 3526 5101 ΑΙ.

2097 5121 2142 5152 ⁸⁸
2181 5122 2267 5174 AI.
2310 5115 2565 5184 ἐξαίσιον.
2661 5119 2706 5148 τ’
2747 5118 2830 5169 Al.
2883 5115 3232 5184 κακουμένων
3275 5124 3328 5168 ct
3364 5115 3529 5169 ἀσθε-

1967 5317 2074 5356 ηοιι
2109 5310 2211 5366 est,
2244 5302 2483 5370 legitque
2519 5316 2701 5356 veram
2757 5299 3347 5370 Chrysostomiinitio
3373 5297 3530 5354 Com-

1967 5372 2214 5426 mentarii
2235 5371 2287 5442 in
2304 5367 2604 5442 Ioannem,
2622 5369 2772 5442 πρὸς
2794 5367 2891 5442 τὴν
2917 5367 3208 5439 ἀγγελικὴν
3255 5367 3529 5442 μεθαρμο-

1968 5443 2244 5512 σαμένους
2263 5439 2432 5512 λῆξιν.
2462 5441 2592 5506 Qua:
2620 5439 2758 5493 bona
2803 5439 2892 5512 qui
2915 5449 3250 5505 acceperunt,
3283 5455 3386 5492 non
3404 5439 3528 5507 jam

1965 5509 2191 5579 amplius
2225 5511 2458 5564 [remittes
2487 5519 2631 5572 sunt,
2664 5525 2756 5563 nec
2808 5509 2860 5561 in
2915 5517 3057 5562 terra
3091 5519 3529 5579 commorantur;

1964 5578 2059 5634 sed
2083 5594 2237 5645 super
2264 5595 2440 5634 omnes
2481 5579 2637 5648 hujus
2673 5578 2858 5632 sa'euli
2887 5595 2967 5633 res
2993 5580 3241 5642 eminent,
3265 5578 3403 5632 etad
3432 5596 3531 5648 an-

1959 5650 2181 5721 gelicum
2225 5659 2499 5721 transeunt
2544 5647 2764 5716 statum,
2808 5659 2962 5721 atque
2999 5658 3191 5706 terram
3234 5665 3337 5705 non
3369 5647 3528 5703 aliter

1960 5718 2022 5773 ac
2060 5719 2243 5772 caelum
2269 5718 2522 5772 incolunt.
2877 5718 2886 5721 ⁷
3533 5718 3545 5726 ’
