4020 6202
313 251 426 306 457
1789 245 2063 311 ΝΟΤΙἸἸΑ
2076 289 2088 310 .
3480 258 3582 316 458

307 361 504 438 viginti
538 380 718 422 annos
753 367 828 436 (a)
856 366 1159 424 natus.liic
1195 369 1597 426 semi-Arianos
1632 387 1741 425 non
1785 374 1971 428 minus
2000 388 2166 444 quam
2222 373 2528 429 catholicos
2561 373 2798 444 graviter
2827 372 3031 443 passim
3062 372 3399 442 perstringit,
3426 373 3585 428 Aria-

310 478 414 517 nos
449 476 580 516 vero
611 469 666 515 et
698 451 1079 519 Eunomianos
1101 464 1366 532 defendit,
1402 453 1754 536 celebratque
1788 468 2040 537 libenter,
2070 482 2124 524 et
2151 468 2307 526 elIert
2340 470 2597 526 laudibus
2631 488 2644 522 :
2675 470 2817 524 unde
2840 471 2932 524 diu
2963 478 3066 535 est,
3118 469 3266 538 quod
3300 469 3587 524 historiam

313 553 434 623 ejus
469 568 576 608 non
609 553 898 608 historiam
927 594 942 620 ,
997 557 1091 611 sed
1130 559 1429 612 encomium
1465 559 1836 614 lucreticorum
1867 572 1913 615 et
1941 563 2371 617 criminationem
2396 572 2552 634 atque
2595 564 3032 633 vituperationem
3054 561 3587 621 orthodoxorumin-

318 648 662 704 scribendam
685 663 809 704 esse
831 650 1044 705 monuit
1070 649 1292 706 Photius
1322 652 1423 723 (ὁ),
1459 654 1583 710 cod.
1616 647 1728 708 XL.
1762 656 1999 712 Atheum
2032 673 2162 712 vero
2193 658 2399 713 dictum
2430 656 2601 714 fuisse
2629 649 3081 726 Philostorgium,
3132 657 3272 712 male
3325 655 3586 726 colligunt

320 745 415 800 viri
447 744 592 798 docti
627 759 693 798 ex
719 745 824 800 hoc
859 746 1274 817 epigrammate,
1308 764 1595 819 perperam
1636 753 1884 821 accepto,
1943 768 2054 823 quo
2105 751 2485 810 Eunomianus
2550 754 2773 824 quidam
2828 754 3052 810 laudare
3081 754 3289 823 utique,
3319 768 3425 810 non
3463 757 3584 824 pro-

323 838 569 895 scindere
591 853 732 908 opus
765 836 1099 894 Eunomiani
1133 841 1375 897 hominis
1404 837 1577 897 voluit
1604 862 1616 896 :

1148 927 1441 1010 ξζσζορίηιρ
1470 936 1792 1010 ἐτέλεσσα,
1829 937 2082 1010 Gemite)
2123 941 2440 1010 χαρίτεσσι
2473 930 2725 1010 σοφῇσι,

1133 1005 1430 1076 Πράγμιιτ’
1458 1007 1748 1075 ἀληθείης
1777 1009 2000 1063 ποικίλ’
2024 1005 2445 1080 ὖφῇνᾶμενος.

1144 1096 1406 1172 Historia:
1431 1097 1588 1152 telam
1613 1097 1738 1152 bene
1758 1098 1816 1172 ΑΝ
1821 1099 1998 1153 nmine
2018 1099 2177 1154 dante
2197 1105 2393 1172 peregi,

1206 1168 1502 1223 Contexens
1529 1185 1681 1238 opere
1712 1169 1944 1239 plurima
1983 1187 2103 1224 cera
2135 1168 2269 1226 meo.

387 1262 627 1332 Scripsit
656 1259 912 1317 Historiae
940 1260 1334 1316 ecclesiastica:
1376 1260 1453 1328 (ά)
1492 1261 1562 1315 ab
1609 1262 2256 1318 controversiae-hiante
2281 1263 2454 1320 initiis
2469 1265 2584 1319 sive
2617 1263 2686 1318 ab
2718 1279 2766 1318 a.
2803 1263 2868 1318 G.
2907 1263 3032 1330 500,
3073 1279 3248 1335 usque
3279 1264 3346 1320 ad
3381 1278 3432 1318 a.
3462 1263 3591 1330 425;

316 1369 429 1424 quo
466 1352 888 1409 Valentinianus
920 1351 1119 1408 Junior
1150 1352 1395 1409 Honorio
1426 1355 1718 1421 successit,
1756 1355 2042 1412 volumina
2065 1357 2197 1422 duo,
2229 1373 2462 1428 quorum
2487 1358 2699 1429 singula
2730 1359 2782 1413 in
2806 1359 3031 1429 τόμους,
3061 1358 3253 1428 λόγους
3286 1359 3399 1413 sive
3421 1358 3594 1412 libros

318 1469 416 1506 sex
443 1452 690 1506 distincti
729 1459 910 1514 erant,
944 1463 1001 1506 ut
1027 1451 1167 1505 adeo
1196 1451 1249 1504 in
1282 1451 1602 1507 universum
1635 1451 1759 1507 libri
1791 1462 1977 1508 essent
2008 1454 2323 1510 duodecim.
2355 1453 2563 1509 Horum
2600 1455 3001 1524 primaelitterae
3030 1456 3076 1511 si
3107 1455 3590 1526 conjungerentur,

319 1563 523 1601 nomen
560 1544 802 1601 auctoris
837 1543 1174 1606 referebant,
1213 1542 1529 1612 cujusmodi
1586 1545 1977 1615 ἁκροστιχίδας
2022 1546 2102 1617 (e)
2158 1547 2422 1617 operibus
2473 1548 2591 1603 suis
2642 1549 2924 1603 intexuere
2961 1549 3089 1602 olim
3143 1548 3502 1618 Epicharmus
3541 1557 3598 1604 et

319 1638 638 1692 Heraclides
705 1636 989 1698 Ponticus,
1027 1643 1194 1704 atque
1221 1635 1572 1706 Pliilostorgii
1611 1639 1865 1708 exemplo
1903 1638 2248 1709 Nicephorus
2279 1640 2560 1705 Callistus,
2603 1654 2633 1695 e
2661 1640 2848 1696 latinis
2875 1639 3105 1704 Ennius,
3142 1640 3595 1705 Commodianus,

318 1731 589 1786 Damasus
621 1732 844 1800 aliique.
869 1729 1020 1798 Opus
1049 1728 1229 1798 ipsum
1259 1727 1636 1800 Philostorgii,
1691 1731 1785 1785 diu
1816 1740 1923 1799 est,
1952 1734 2099 1802 quod
2127 1733 2441 1800 intercidit;
2490 1734 2584 1790 sed
2623 1744 2822 1806 praeter
2859 1734 3078 1789 brevem
3131 1734 3198 1787 de
3241 1747 3308 1787 eo
3345 1733 3595 1786 notitiam

319 1823 697 1894 iudiciumque
719 1839 784 1877 ac
818 1836 1134 1886 censuram,
1164 1821 1217 1876 in
1243 1819 1424 1876 Pbotii
1453 1820 1789 1878 Bibliotheca
1823 1823 1948 1878 cod.
1981 1822 2077 1877 XL
2109 1823 2351 1892 obviam,
2382 1825 2627 1896 ejusdem
2651 1825 2832 1881 Photii
2864 1826 3041 1896 ampla
3086 1841 3152 1880 ex
3183 1825 3415 1895 singulis
3453 1826 3596 1881 duoa-

320 1918 500 1972 decim
538 1917 693 1972 libris
724 1925 978 1986 excerpta
1010 1925 1223 1970 servata
1255 1924 1408 1982 sunt,
1438 1931 1562 1985 qua:
1613 1916 1809 1971 habuit
1835 1915 2080 1974 Venetiis
2109 1917 2315 1988 Diegus
2355 1918 2633 1975 ilurtadus
2662 1960 2677 1984 ,
2729 1919 2974 1976 Gesnero
3008 1927 3164 1986 teste,
3197 1928 3253 1973 et
3288 1919 3495 1990 primus
3530 1934 3596 1972 cx

321 2009 517 2063 codice
549 2007 922 2077 Bongarsiano
950 2005 1138 2061 Graece
1154 2005 1346 2073 edidit,
1373 2015 1429 2061 et
1457 2005 1734 2076 capitibus
1758 2006 2018 2062 distincta
2052 2022 2179 2062 cum
2206 2009 2462 2064 versione
2503 2024 2603 2065 sua
2637 2018 2691 2063 et
2714 2011 3007 2065 uberrimis
3049 2009 3337 2080 doctisque
3367 2009 3600 2064 adnota-

326 2100 574 2162 iionibus
607 2109 660 2154 et
709 2100 1112 2171 prolegomenis
1151 2099 1440 2168 indiceque
1479 2097 1913 2168 locupletissimo
1960 2097 2016 2153 in
2054 2099 2231 2154 lucem
2265 2099 2494 2170 protulit
2544 2099 2787 2156 Jacobus
2842 2098 3209 2166 Godofretlus,
3266 2100 3470 2155 Genev.
3527 2097 3598 2167 (Ῑ)

328 2195 492 2256 1045,
531 2184 581 2247 ι.
619 2192 819 2248 Eadem
871 2202 1128 2265 excerpta
1171 2208 1310 2251 mss.
1334 2192 1496 2247 editis
1529 2191 1686 2262 longe
1711 2191 2086 2247 emendatiora
2116 2192 2317 2248 habere
2352 2208 2411 2249 se
2445 2203 2675 2250 testatus
2714 2200 2798 2249 est
2826 2192 3132 2248 Bochartus
3168 2201 3300 2246 tom.
3333 2192 3373 2258 Ι,
3401 2190 3498 2245 lib.
3533 2205 3595 2246 ιι.

327 2274 632 2340 ιιὶειυῑοὶοἱ
674 2301 795 2355 cap.
819 2285 909 2340 55.
945 2285 1125 2356 Atque
1150 2274 1411 2340 Bocharti
1434 2273 1679 2338 codicem
1710 2273 1930 2337 Valcsio
1965 2299 1995 2337 a
2023 2299 2081 2338 se
2113 2283 2579 2339 communicatum
2610 2272 2776 2340 refert
2811 2283 3124 2353 Stephanus
3153 2283 3204 2337 le
3230 2281 3426 2352 Moyne
3455 2280 3600 2335 notis

323 2379 388 2432 aJ
437 2376 600 2431 Varia
629 2394 782 2432 sacra
812 2395 934 2450 pag.
966 2378 1094 2433 '579.
1117 2375 1307 2448 Itaque
1342 2375 1411 2430 ad
1435 2389 1560 2430 eum
1593 2383 1648 2430 et
1672 2371 2048 2430 Scoriacensis
2078 2373 2287 2429 codicis
2318 2374 2581 2430 lectiones
2608 2375 2815 2445 passim
2844 2385 3104 2445 provocat
3130 2373 3296 2428 llenr.
3322 2362 3591 2426 Valesius.

325 2489 425 2529 nec
455 2473 642 2529 minus
678 2474 745 2529 ad
797 2474 1236 2536 emendationes,
1291 2485 1434 2542 quas
1487 2469 1668 2527 codici
1703 2483 1802 2525 suo
1869 2466 2049 2525 Lucas
2077 2467 2399 2527 Holstenius
2431 2471 2781 2541 ascripserat.
2833 2469 3014 2525 Edidit
3051 2471 3305 2526 laudatus
3349 2469 3605 2526 Valesius

324 2562 675 2641 Philostorgii
703 2579 960 2639 excerpta
990 2567 1368 2625 emendatiora
1421 2582 1547 2622 cum
1582 2567 1810 2623 meliore
1839 2566 2096 2624 versione
2147 2584 2246 2624 sua
2305 2568 2563 2638 notisque
2595 2569 2661 2622 ad
2689 2569 2895 2623 calcem
2956 2567 3214 2622 Historia:
3258 2556 3600 2631 Theodoriti,

326 2662 545 2732 Evagrii
577 2673 633 2718 et
667 2662 964 2732 Theodori,
1006 2664 1250 2730 lectoris,
1273 2659 1450 2718 Paris.
1480 2662 1642 2728 1675,
1677 2661 1798 2729 fol.,
1827 2679 1951 2734 quae
1978 2663 2151 2720 editio
2179 2679 2377 2719 recusa
2412 2673 2497 2719 est
2535 2663 2848 2735 Moguntiae,
2893 2673 2953 2720 ut
3001 2665 3166 2720 habet
3217 2664 3433 2728 titulus,
3487 2664 3603 2720 sive

325 2759 508 2826 potius
538 2757 886 2814 Francol‘urti
940 2759 1120 2826 1679;
1157 2774 1284 2812 nam
1319 2773 1442 2828 qua:
1474 2758 1944 2814 Amstelodamum
1975 2774 2028 2815 a.
2065 2749 2226 2822 1695,
2261 2757 2314 2811 in
2347 2756 2530 2812 fronte
2559 2757 2800 2843 praefert,
2835 2760 2927 2815 illa
2989 2759 3104 2828 ipsa
3138 2757 3454 2830 Moguntina
3487 2767 3592 2821 cst,

327 2864 472 2904 novo
499 2851 659 2906 titulo
688 2861 904 2919 ornata,
929 2860 986 2907 et
1007 2850 1251 2923 Reading
1310 2867 1434 2906 cum
1485 2850 1686 2908 Valesii
1723 2861 1778 2907 et
1815 2854 2094 2907 variorum
2143 2851 2311 2916 notis,
2349 2852 2403 2906 in
2438 2860 2572 2908 tom.
2612 2852 2674 2905 lll
2704 2852 2806 2908 SS.
2842 2853 2968 2908 eccl.
3028 2869 3154 2908 cum
3194 2852 3529 2908 Theodorito
3549 2857 3606 2906 ct

330 2944 588 3010 Evagrio,
620 2959 742 3015 pag.
780 2944 887 2999 475
935 2960 1081 3014 sqq.,
1116 2943 1379 2999 Cantabr.
1435 2943 1596 3008 i720.
1630 2943 1729 3000 fol.
1764 2943 1897 3000 Vide
1950 2955 2116 3016 supra
2148 2945 2216 3001 ad
2251 2938 2474 3001 Eusebii
2530 2945 2735 3000 Histor.
2785 2946 2910 3000 eccl.
2948 2975 3018 2986 —
3051 2945 3338 3000 Florentiae
3386 2945 3440 2998 in
3479 2948 3603 3000 cod.
3684 3007 3695 3020 .

328 3036 578 3092 Mediceo
606 3035 674 3100 V,
702 3053 787 3092 ur.
819 3036 874 3101 9,
915 3037 1052 3106 plut.
1087 3034 1174 3103 70,
1207 3044 1336 3091 sunt
1358 3035 1469 3090 duo
1500 3045 1754 3106 excerpta
1797 3051 1864 3091 ex
1889 3035 2119 3091 Philost.
2152 3035 2220 3091 Η.
2257 3038 2320 3092 Ε.
2353 3036 2624 3107 epitome;
2655 3038 2807 3108 prius
2833 3047 2913 3093 est
2935 3053 3061 3108 pars
3081 3053 3201 3108 cap.
3234 3035 3322 3098 10,
3359 3035 3479 3090 libri
3505 3051 3605 3102 xit.

327 3132 610 3201 posterius
635 3140 720 3188 est
749 3147 870 3202 cap.
903 3146 1111 3186 nonum
1136 3131 1262 3186 libri
1290 3145 1350 3184 ιιι
1381 3130 1458 3201 (v.
1492 3129 1726 3186 Bandin.
1763 3138 1872 3187 cat.
1905 3130 2063 3186 codd.
2094 3131 2188 3186 Gr.
2226 3129 2292 3196 ιι,
2325 3146 2378 3200 p.
2420 3130 2570 3200 66L)
2598 3159 2666 3171 —-
2700 3127 2942 3186 Venetiis
2970 3131 3022 3184 in
3052 3131 3172 3185 cod.
3206 3123 3606 3193 CCCXXXVII,

328 3227 614 3282 Marciano
647 3225 883 3296 epitome
907 3239 975 3281 ex
1006 3241 1102 3291 xu,
1131 3225 1286 3280 libris
1319 3223 1390 3278 Η.
1444 3223 1512 3278 Ε.
1545 3223 1930 3294 Pbilostorgii,
1979 3239 2046 3280 ex
2095 3224 2310 3280 Photio.
2338 3257 2408 3267 —
2436 3223 2613 3281 Oxon.
2653 3226 2707 3279 in
2759 3225 2884 3280 cod.
2920 3225 3135 3282 Bodlci.
3167 3223 3375 3289 CXLII,
3431 3242 3514 3281 nr.
3551 3225 3602 3291 7,

326 3320 689 3390 Philotorgii
731 3318 804 3375 Η.
843 3319 912 3373 Ε.
958 3324 1185 3390 epitome
1223 3319 1330 3374 ἀπὸ
1364 3320 1551 3390 φωνῆς
1579 3318 1762 3376 Photii
1789 3316 2065 3386 CCXLI”,
2119 3336 2244 3391 quae
2279 3320 2606 3392 (secundum
2639 3329 2920 3378 auctorem
2955 3322 3116 3378 codd.
3163 3323 3391 3394 Angliaa,
3423 3332 3527 3378 etc.
3568 3323 3607 3388 Ι,

325 3431 458 3487 pag.
491 3413 582 3482 18)
611 3413 678 3468 ab
697 3429 779 3477 ea.
815 3429 936 3485 quin
962 3422 1144 3470 exstat
1174 3415 1318 3486 apud
1359 3413 1642 3480 Photium,
1691 3413 1926 3468 multum
1979 3415 2199 3470 diversa
2248 3425 2353 3480 est,
2389 3425 2445 3471 et
2474 3416 2707 3487 amplior
2765 3417 2936 3471 multo
2977 3430 2992 3468 :
3033 3414 3168 3470 ibid.
3211 3430 3266 3485 p.
3301 3413 3430 3479 27l,
3469 3415 3610 3468 inter

325 3511 658 3569 adversaria
691 3509 920 3566 Gerardi
974 3508 1292 3583 Langbaeni,
1332 3509 1682 3581 Philostorgii
1720 3500 1863 3567 Hist.
1917 3511 1986 3567 ab
2014 3527 2110 3568 ore
2157 3498 2336 3568 Photii
2362 3513 2554 3581 relata,
2581 3512 2679 3568 Gr.
2706 3542 2774 3551 —
2798 3513 2942 3568 inter
2978 3511 3135 3568 codd.
3171 3510 3467 3575 Mendozae,
3502 3519 3608 3565 etc.

325 3605 482 3676 apud
513 3604 690 3659 lriart.
721 3613 828 3660 cat.
860 3605 998 3660 codd
1053 3603 1150 3661 Gr.
1180 3604 1382 3660 Matrit.
1427 3621 1484 3676 p.
1527 3604 1656 3659 277.
1689 3603 1859 3659 Hann.
1887 3635 1960 3644 —
1994 3604 2200 3662 Praeter
2225 3605 2531 3677 fragmenta
2562 3605 2912 3674 Philostorgii
2943 3621 3010 3659 ex
3047 3603 3244 3657 Nicetze
3275 3603 3372 3657 lib.
3410 3619 3465 3667 v,
3497 3603 3611 3656 the-

326 3698 512 3760 sauri,
550 3712 613 3750 ex
637 3695 846 3752 Joanne
870 3698 1210 3753 Antiocheno
1228 3698 1408 3769 (cujus
1433 3699 1614 3753 locum
1633 3697 1842 3768 primus
1863 3697 2047 3752 attulit
2074 3695 2379 3753 Salmasius
2399 3713 2450 3767 p.
2471 3694 2599 3762 407,
2627 3698 2694 3749 ad
2718 3695 2938 3764 Solin.),
2962 3695 3130 3750 Suida
3146 3704 3200 3750 et
3225 3694 3422 3749 Photio
3442 3709 3470 3748 a
3489 3693 3608 3749 Jac.

328 3792 656 3848 Goiot‘redo
679 3794 965 3862 producta,
992 3809 1133 3849 nova
1155 3794 1320 3849 etiam
1353 3809 1419 3848 ex
1448 3791 1618 3848 Suida
1651 3809 1680 3848 a
1714 3808 1774 3849 se
1792 3793 2080 3849 observata
2105 3790 2355 3846 Valesius
2371 3789 2596 3844 editioni
2635 3804 2747 3843 suae
2797 3787 3105 3856 subjunxit.
3157 3788 3212 3841 lu
3237 3787 3382 3840 notis
3408 3785 3610 3841 Valesii

335 3885 696 3944 Godofredus
726 3887 1173 3958 frequentissime
1190 3887 1629 3957 reprehenditur,
1650 3886 1925 3942 interdum
1951 3887 2115 3943 etiam
2142 3884 2276 3940 satis
2311 3883 2528 3948 acerbe,
2560 3893 2616 3937 ut
2647 3881 2910 3954 pagJSO,
2937 3881 3370 3949 ubiimperitiam
3397 3879 3520 3947 ejus
3554 3879 3610 3932 in

336 3982 590 4052 legendis
618 3980 823 4035 Graecis
853 3980 1259 4050 exemplaribus
1280 3987 1335 4034 et
1358 3994 1481 4049 pag.
1507 3976 1630 4043 156,
1669 3978 1761 4056 ubi
1789 3977 1992 4032 Graeca:
2031 3978 2230 4046 linguae
2255 3976 2309 4030 in
2339 3974 2774 4044 illoimperitiam
2793 3974 3044 4041 castigat.
3073 3970 3271 4025 Verum
3303 3969 3611 4025 audiendus

337 4091 477 4133 sane
516 4089 636 4132 erat
665 4076 1033 4142 Godofredus,
1069 4077 1150 4130 vir
1178 4075 1316 4131 bene
1345 4076 1544 4130 doctus
1575 4081 1629 4127 et
1653 4071 1841 4128 multis
1891 4072 2208 4128 nominibus
2255 4071 2516 4142 prieclare
2540 4071 2607 4125 de
2629 4070 2824 4124 litteris
2850 4068 3102 4135 meritus,
3135 4069 3225 4136 qui
3259 4067 3315 4120 in
3359 4065 3608 4136 prolego—

338 4176 520 4231 menis
557 4191 683 4244 pag.
727 4174 793 4228 57
823 4188 944 4243 seq.
979 4172 1190 4226 veniam
1221 4187 1250 4226 a
1285 4171 1489 4226 lectore
1521 4183 1681 4238 aequo
1716 4167 1821 4223 sibi
1843 4168 2135 4236 pollicetur
2159 4166 2246 4222 bis
2274 4166 2455 4222 verbis
2487 4181 2498 4215 :
2538 4162 2674 4218 Novi
2701 4165 2830 4234 ipse,
2857 4179 3016 4232 quam
3050 4164 3102 4217 in
3129 4162 3310 4215 multis
3335 4171 3612 4216 contextus

339 4269 453 4337 ipse
489 4267 858 4321 inemendatns
882 4274 1056 4328 exeat,
1085 4279 1243 4335 qum
1275 4263 1448 4316 multa
1480 4277 1685 4334 quoque
1744 4260 2043 4314 desiderari
2089 4260 2293 4329 possint
2331 4261 2385 4314 in
2413 4260 2587 4328 prima
2627 4260 2724 4311 hac
2761 4258 3214 4326 interpretatione,
3241 4265 3368 4326 quot
3393 4256 3616 4326 denique

341 4360 551 4414 menda:
580 4361 768 4430 ubique
793 4359 1122 4431 irrepserint.
1172 4354 1361 4411 Verum
1393 4365 1442 4409 et
1480 4355 1608 4410 mihi
1631 4363 1681 4410 et
1710 4353 2031 4426 typograplto
2064 4353 2267 4408 veniam
2295 4370 2506 4423 sperare
2532 4353 2675 4420 licet,
2700 4368 2807 4408 non
2832 4367 2939 4406 una
2966 4352 3207 4416 ratione;
3239 4351 3352 4420 ipsa
3387 4352 3618 4421 primunt

414 4524 498 4595 (α)
534 4523 678 4580 Idem
707 4523 776 4592 Χ,
817 4526 871 4583 6.

420 4588 498 4666 (ὁ)
554 4588 823 4667 Pltotins:
864 4599 928 4650 'H
978 4595 1036 4667 δὲ
1103 4595 1335 4667 ἱστορία,
1383 4595 1493 4650 τῶν
1521 4588 1934 4667 Λαὶρετιζόντων

346 4668 503 4739 ὲστξν
541 4665 816 4739 ἐγκώμιον
865 4666 1048 4739 αὐτῷ,
1085 4665 1272 4739 ὥσπέρ
1325 4667 1418 4739 atati
1475 4665 1583 4739 τῶν
1621 4665 1935 4739 ὀρθοδόξων

342 4737 578 4810 διαϐολὴ
615 4738 709 4810 atati
737 4737 1190 4810 ψόγοςνμᾶλλογνῆ
1227 4737 1456 4810 inopia.
1478 4737 1667 4810 ﬁtque
1694 4738 1888 4789 iterum
1919 4753 1932 4790 :

357 4805 679 4880 Ἰστορεῖλδὲ
707 4805 964 4863 τὰνὰντίὰ
999 4805 1382 4880 σχεδὸνίᾷπαοίι
1413 4808 1526 4880 τοῖς
1547 4805 1935 4880 ἐκκλησιαστι-

346 4883 486 4941 κοῖς.
509 4874 766 4949 ’Ἑξαίρει
797 4881 924 4942 τοὺς
973 4874 1728 4949 Ἀ’ῥειανίζονταςεᾶπανζτας,
1763 4874 1937 4949 λοιᾷο-

352 4951 498 5018 ρξαις
534 4942 725 5002 πλύνέι
751 4951 875 5011 τοὺς
919 4942 1254 5019 ὀρθόδόξους,
1289 4948 1363 5010 ὼς
1393 4942 1532 5019 εἶναι
1563 4946 1661 5017 τὴν
1693 4944 1936 5019 ἱᾳτορίςιν

347 5014 519 5072 ὰύτοῦ
554 5021 631 5090 μὴ
687 5019 928 5086 ἱστορίαν
952 5014 1189 5090 μᾶλλον,
1241 5019 1356 5072 ἀλλ’
1391 5014 1664 5086 ἐγκώμιον
1698 5017 1796 5090 μὲν
1818 5014 1936 5090 ίτιξιν

347 5039 519 5072 αυτου
688 5039 928 5086 ιστοριαν
1007 5039 1189 5084 αλλον,
1241 5039 1340 5072 αΛΛ
1391 5039 1664 5086 εγκωμιον
1740 5039 1796 5068 εν
1824 5039 1936 5068 των

347 5091 671 5212 ςιῐςεξὲιὲὦν,
721 5089 888 5158 ψόγον
931 5039 1002 5144 δῖ
1030 5089 1236 5160 γυμνὸν
1288 5090 1383 5144 καὶ
1440 5039 1776 5160 κατηγορεῖν
1825 5084 1936 5140 τῶν

348 5174 414 5212 oo
452 5176 512 5212 oo
547 5179 672 5212 κων.

348 5160 672 5215 ὀρθοδόξων.

384 5177 776 5356 ρζὲῖοῖῒέοὸαδ
802 5231 1156 5302 Godofrcdus,
1191 5232 1283 5300 qui
1337 5231 1392 5286 in
1433 5228 1836 5299 prolegOmenis
1867 5229 1935 5284 ad

384 5302 429 5355 ’h
457 5304 782 5356 lostoraium
807 5302 927 5356 fuse
961 5311 1124 5356 atoue
1160 5301 1371 5355 erudite
1402 5301 1469 5354 de
1517 5299 1610 5353 illo
1640 5300 1933 5356 scriptore.

352 5299 782 5372 Plillostorgium
807 5302 927 5358 fuse
954 5299 1124 5372 atque
1160 5299 1371 5372 erudite
1402 5301 1469 5354 de
1517 5299 1610 5353 illo
1625 5300 1933 5372 scriptore,

351 5381 408 5427 et
451 5374 524 5428 de
570 5371 691 5442 ejus
723 5374 1033 5429 eruditione
1087 5372 1140 5425 in
1181 5371 1328 5442 omni
1378 5385 1577 5440 genere
1625 5371 1933 5424 litterarum

354 5440 617 5507 disserit,
665 5445 798 5513 legit
859 5443 1097 5497 ὲτέλεσσ’
1143 5440 1791 5513 dOéou,put_atque,_esse
1817 5441 1937 5510 epi-

355 5529 609 5582 gramma
661 5510 901 5568 hominis
951 5512 1226 5576 catholici,
1281 5512 1366 5567 cui
1422 5510 1940 5582 Eunoniiano_pro-

359 5579 536 5652 prium
575 5599 799 5638 nomen.
838 5582 943 5637 Sed
973 5583 1342 5639 Godol'redum
1388 5581 1586 5636 refellit
1614 5581 1703 5634 Jo.
1763 5579 1938 5652 Pear-

360 5651 540 5706 ionius
588 5655 733 5708 notis
777 5655 842 5707 ad
875 5654 1183 5726 symbolum
1231 5652 1596 5724 apostolicum
1639 5666 1764 5722 pag.
1806 5651 1935 5719 309,

362 5724 490 5778 edit.
532 5725 764 5778 Latinae.

362 5734 490 5780 Cdll.
532 5734 764 5781 Latinae.

601 5823 879 5883 Pnaoc.
922 5821 1039 5884 Gn.
1087 5819 1276 5883 LXV.

2112 4520 2189 4591 (ti)
2223 4519 2364 4591 Hinc
2401 4509 2700 4587 Nicephora
2731 4518 2884 4591 audit
2921 4518 2960 4591 _6
3003 4515 3486 4591 ‘Exx).qota_cr-rtx6c_
3523 4507 3617 4571 iih.

2040 4587 2262 4657 xrt,29.
2321 4589 2461 4644 Hist.
2515 4605 2677 4660 quem
2729 4587 2934 4660 alioqui
2975 4598 3236 4660 tanquam
3298 4588 3619 4660 haereticuni

2040 4656 2180 4717 solet
2213 4676 2412 4718 vocare
2446 4656 2698 4731 θεομισῆ,
2728 4656 2958 4712 invisum
2994 4659 3124 4723 Deo,
3156 4656 3249 4710 lib.
3288 4671 3328 4719 ι,
3369 4672 3422 4726 p.
3449 4656 3540 4724 55,
3569 4669 3620 4710 et

2040 4732 2134 4787 lib.
2166 4740 2263 4787 Vit.
2288 4745 2408 4787 cat).
2448 4731 2532 4785 i9.

2064 4734 2134 4788 ib.
2166 4740 2263 4797 vit,
2288 4745 2408 4797 cap.
2448 4734 2532 4785 l9.

2123 4775 2134 4787 .
2166 4745 2263 4797 Vn,
2288 4745 2408 4801 cap.
2448 4745 2532 4785 w.

2117 4803 2190 4875 (ιε)
2222 4802 2359 4858 Vide
2388 4799 2820 4875 blureti__Varias
2853 4797 2972 4875 lect.
3009 4794 3119 4875 DE;
3174 4799 3286 4875 ult_._
3313 4795 3618 4875 Lienagium

2040 4874 2109 4926 ad
2126 4865 2306 4928 Laert.
2336 4889 2388 4943 p.
2416 4872 2554 4943 227;
2586 4870 2846 4943 Vossium
2871 4867 3014 4943 ιζιδι.
3043 4866 3214 4922 ϐνίυε.
3249 4867 3312 4943 ll_,
3336 4867 3426 4922 20.
3457 4865 3622 4921 Vetus

2041 4937 2374 5032 ερίειοεηηηιει
2403 4942 2544 5032 aee
2580 4941 2708 5032 λέπος,
2733 4938 3208 5032 Qedatr99291.~.e
3220 4937 3332 5032 ,ίττ

2039 5005 2366 5087 Γρᾶμματα
2417 5005 2624 5066 δώδεκ’
2677 5011 2802 5079 ἔχει
2853 5005 3334 5087 Φιλοστόρλχιιοςι
3391 5005 3622 5087 corona

2046 5155 2307 5210 Τοῦνεκα
2330 5153 2407 5222 δὴ
2430 5158 2580 5208 κατὰ
2600 5151 2834 5222 γράμμα
2851 5155 3075 5225 λόγους
3089 5074 3622 5289 ἀνεγράξέἱὲἓῖζού-

3495 5238 3547 5283 ς.

3495 5238 3547 5283 ς.

2053 5295 2411 5365 Ἀρξάμενος
2427 5294 2659 5365 πρὼζου
2680 5294 2808 5365 ἀπὸΔ
2823 5291 3182 5365 γράμμαζος,
3195 5285 3298 5341 εἶτ’
3311 5285 3383 5365 ἐιξ
3397 5287 3622 5365 ἐφεξῆς

2041 5359 2284 5439 Κᾰλὶῇδιᾷ-
2434 5359 2640 5439 at:ch
2661 5359 2865 5431 άρχῆξ
2886 5359 2992 5439 ἐιξῦ
3012 5362 3243 5439 offam
3271 5359 3527 5439 magnai.

2116 5437 2183 5506 (Γ)
2238 5429 2584 5506 Male—1654,
2627 5429 2893 5506 excusem
2940 5431 3267 5506 inlinienda
3300 5429 3619 5506 [find

2044 5499 2359 5575 scriptorum
2389 5505 2574 5575 coclea.
2609 5513 2742 5557 tom.
2781 5501 2868 5575 IV,
2921 5519 2973 5572 p.
3012 5501 3099 5575 77.
3154 5499 3450 5575 Godofredi
3500 5499 3622 5554 Dis-

2043 5572 2370 5632 sert'ationes
2432 5576 2486 5628 in
2531 5573 2960 5643 Philostorgium
3011 5574 3331 5643 thesaurum
3392 5572 3624 5643 sincera!

2045 5648 2214 5701 totius
2251 5645 2495 5700 historiae
2517 5639 2908 5701 ecclesiasticae
2937 5652 3100 5699 vocat
3125 5641 3389 5698 Claudius
3419 5639 3618 5696 Sarra--

2047 5720 2168 5775 vius
2192 5718 2351 5790 epist.
2383 5717 2471 5774 45.

3320 5806 3395 5866 1ὃ
