4020 6202
446 310 550 397 ιῦᾷ
1815 308 2306 366 ῬΙΙΙΕΟΞΤΟΒΟΙΙ
3607 313 3714 370 480

447 404 635 496 scripti
670 425 885 496 hujusce
935 423 1071 477 ratio
1115 423 1168 476 id
1219 439 1429 492 sperare
1463 423 1631 491 jubet.
1667 421 1865 477 Notum
1896 428 1981 492 iis,
2033 427 2122 496 qui
2155 428 2206 478 in
2239 425 2614 494 manuscriptis
2644 435 2932 493 versantur,
2967 442 3120 496 quam
3157 428 3498 482 inemendatis
3523 429 3603 481 liis
3636 432 3715 483 uti

443 523 750 595 plerumque
787 522 1077 592 contingat,
1103 521 1404 589 cujusmodi
1435 530 1570 575 certe
1622 522 1723 590 fuit
1759 539 1826 586 is,
1861 539 1966 592 quo
2021 539 2114 574 nos
2152 523 2235 574 usi
2283 537 2466 573 sumus
2515 537 2578 573 ex
2623 521 2990 576 illustrissima
3029 521 3717 593 Bernatum-Bongarsiana

446 615 779 678 bibliotheca,
808 613 1140 665 humanitate
1185 611 1286 664 viri
1327 610 1623 664 doctissimi
1677 611 2068 682 clarissimique
2092 611 2157 664 Ι).
2187 610 2470 663 Lnitltardi
2499 611 2628 663 milii
2665 628 2932 666 concesso.
2999 610 3200 664 Notum
3234 611 3443 676 deinde,
3483 623 3716 681 quantus

442 707 596 762 labor
630 706 683 760 in
719 705 1026 776 ltujusmodi
1056 703 1269 773 eclogis,
1295 703 1628 773 fragmentis,
1665 703 2169 773 ἁποσπασματίοις,
2212 719 2434 770 quorum
2477 703 2636 756 series
2681 703 3002 772 interrupta,
3030 701 3187 772 probe
3217 703 3402 756 statim
3447 704 3502 756 in
3536 706 3717 773 capita

442 799 791 862 dissecandis,
818 799 974 867 inque
1003 796 1253 850 Latinum
1294 797 1552 850 vertendis
1584 806 1817 850 versetur
1846 812 1863 848 .'
1895 799 2106 865 quando
2145 795 2310 848 multa
2345 812 2480 866 sa’pe
2501 795 2716 848 aliunde
2748 794 2950 850 assumi
2978 804 3177 864 oportet
3209 793 3276 847 ad
3307 811 3486 848 eorum
3505 811 3716 848 sensum

442 893 602 961 probe
632 891 1034 955 assequendum,
1061 889 1284 943 mullum
1311 901 1446 944 certe
1476 906 1637 944 manu
1665 891 1943 959 animoque
1969 889 2226 942 versanda
2254 888 2369 955 illa,
2427 889 2740 958 priusquam
2775 887 2838 940 de
2881 887 2984 955 [ine
3013 897 3060 940 ct
3096 903 3251 956 scopo
3289 887 3560 956 cujusque,
3595 903 3717 939 sen-

441 1001 566 1040 suve
623 985 821 1052 liquido
855 992 1096 1037 constare
1129 985 1313 1052 possit.
1348 984 1517 1050 Adde,
1566 987 1706 1055 quod
1758 983 1938 1039 Pltotii
1962 1001 2239 1039 censuram
2276 985 2646 1054 judiciumque
2682 1001 2712 1037 a
2755 982 3203 1052 Philostorgianis
3232 983 3555 1052 distinguere
3577 999 3717 1053 same

445 1095 723 1148 operosum
745 1084 881 1129 erat.
911 1075 1094 1128 Altera
1124 1076 1487 1130 excusationis
1509 1077 1646 1129 ratio
1677 1087 1782 1141 est,
1810 1076 1922 1144 ipsa
1949 1075 2196 1130 editionis
2224 1076 2510 1144 festinatio,
2542 1091 2701 1146 quant
2727 1075 3008 1143 impatiens
3053 1075 3126 1127 rei
3166 1074 3441 1129 litterario:
3458 1076 3713 1145 juvana'a:

443 1172 688 1226 studium
729 1167 877 1222 nobis
911 1168 1161 1222 extorsit.
1201 1166 1342 1220 Nam
1363 1177 1418 1220 ut
1449 1169 1501 1221 in
1525 1168 1717 1222 studiis
1752 1168 1888 1221 illud
1912 1171 2116 1238 volupe,
2149 1185 2267 1220 cum
2298 1183 2361 1221 ea:
2399 1167 2580 1221 abdito
2609 1167 2735 1237 quid
2769 1182 2950 1220 eruere
2992 1167 3223 1234 primunt
3255 1167 3437 1233 datur,
3474 1170 3547 1222 ita
3578 1172 3714 1224 illud

445 1269 615 1337 ipsunt
644 1263 790 1318 illico
830 1263 886 1316 in
910 1261 1177 1331 publicum
1201 1262 1314 1315 sine
1338 1261 1451 1314 ulla
1491 1257 2044 1332 comperendinatione
2067 1264 2370 1331 depromere
2403 1263 2456 1314 in
2481 1277 2687 1315 summa
2715 1259 3003 1329 voluptatis
3043 1276 3171 1314 mea
3213 1271 3363 1328 parte
3386 1263 3497 1330 ipse
3523 1279 3714 1331 ponere

443 1355 605 1411 soleo.
636 1355 774 1409 Hinc
807 1355 972 1424 igitur
1000 1355 1274 1422 festinatio
1296 1353 1412 1419 illa,
1441 1367 1546 1408 non
1577 1356 1691 1408 sine
1725 1356 1852 1410 vitio
1873 1357 2053 1426 aliquo
2088 1372 2106 1410 :
2147 1364 2234 1410 sed
2282 1372 2463 1426 quam,
2507 1355 2711 1424 opinor,
2746 1353 3042 1422 praetulerit
3082 1355 3310 1422 optimus
3357 1356 3574 1424 quisque
3604 1369 3712 1408 tam

441 1450 597 1505 lentis
620 1449 918 1504 nominibus
949 1447 1474 1520 Itominibusque,qui
1503 1449 1663 1520 longa
1684 1452 2074 1518 exspectatione
2097 1450 2232 1505 alios
2257 1461 2496 1520 torquere
2520 1448 2711 1514 solent,
2737 1448 2910 1519 adque
2938 1448 3174 1502 scientia:
3200 1465 3314 1503 suto
3343 1459 3711 1502 auctoritatem

441 1549 702 1617 pertinere
722 1556 940 1616 putant.
964 1548 1011 1600 si
1038 1549 1255 1614 repertis
1287 1564 1318 1600 a
1349 1563 1405 1600 se
1441 1547 1544 1602 soli
1574 1563 1736 1616 quam
1758 1547 2062 1602 diutissime
2088 1548 2356 1602 incubent.
2387 1547 2566 1614 Quare
2591 1561 2688 1616 pro
2711 1555 2863 1600 scuto
2896 1545 3028 1598 mihi
3048 1543 3182 1597 illud
3207 1561 3225 1598 :

1293 1659 1376 1713 Da
1412 1661 1614 1730 ueniam
1643 1659 1868 1730 subitis;
1897 1678 1998 1714 non
2032 1661 2370 1730 displicuisse
2400 1670 2649 1725 meretur,

1403 1729 1674 1798 Festinat,
1711 1729 1917 1795 thsar,
1948 1734 2038 1802 qui
2063 1729 2326 1802 placuisse
2350 1730 2466 1784 tibi.

433 1849 718 1907 ’Postrema
742 1845 1098 1904 excusationis
1128 1853 1325 1898 nostra:
1353 1846 1493 1899 ratio
1523 1853 1622 1909 est,
1649 1846 1789 1916 quod
1818 1843 2170 1917 Pliitostorgii
2227 1844 2331 1900 sive
2368 1844 2536 1897 mavis
2580 1842 2760 1896 Photii
2805 1847 3081 1896 contextus
3115 1855 3222 1894 una
3249 1853 3366 1892 cum
3395 1839 3650 1903 versione,
3681 1853 3715 1892 ι

442 1959 523 1996 me
555 1941 728 1997 subito
767 1941 960 2010 e/fusa,
991 1937 1204 1992 absente
1229 1953 1310 1990 me
1347 1938 1800 2010 legationibusque
1821 1942 2032 1996 assidue
2055 1942 2326 2012 fungente,
2351 1939 2429 1994 vel
2460 1938 2738 1995 consulare
2770 1955 2958 1992 munus
3010 1937 3246 2000 abeunte,
3295 1936 3430 2006 typis
3459 1935 3715 1990 mandata

440 2045 563 2090 sunt
591 2051 609 2089 :
644 2051 762 2104 qua:
785 2033 1020 2102 alioquin
1045 2033 1140 2087 sub
1175 2032 1344 2087 oculis
1370 2033 1498 2086 meis
1523 2035 1818 2088 constituta
1872 2033 2020 2104 prelo
2048 2035 2240 2088 saltem
2271 2040 2512 2086 currente
2541 2033 2818 2085 emendare
2841 2032 3162 2096 accuratius,
3185 2029 3381 2098 subque
3419 2028 3602 2082 limam
3634 2045 3713 2082 re-

441 2145 628 2184 vocare
649 2130 901 2182 attentius
927 2128 1234 2196 potuissem.
1264 2124 1440 2182 Etiam
1475 2143 1503 2182 a
1537 2127 1816 2199 Stephano
1845 2129 2061 2188 Clerico
2088 2129 2521 2200 Philostorgium
2559 2128 2921 2191 recensitum,
2956 2135 3010 2181 et
3039 2127 3094 2182 in
3124 2140 3190 2182 eo
3220 2141 3326 2180 non
3363 2140 3558 2196 pauca,
3592 2139 3714 2194 qua:

420 2235 496 2283 .et
518 2225 892 2281 Godot‘redum
916 2234 970 2280 et
999 2222 1276 2280 Valesium
1310 2226 1694 2294 prasterierunt
1721 2229 2036 2298 observata,
2072 2240 2226 2286 notat
2248 2229 2412 2298 ﬁlius,
2441 2226 2682 2284 Joannes
2715 2227 2984 2293 Clericus,
3011 2224 3221 2297 praefat.
3250 2224 3316 2280 ad
3359 2223 3605 2295 parentis
3626 2222 3712 2276 sui

423 2321 750 2393 patruique,
787 2319 1008 2376 Davidis
1029 2319 1250 2386 Clerici,
1282 2319 1613 2385 Qittestiones
1640 2340 1844 2390 sacras,
1878 2327 2054 2384 Amst.
2089 2326 2247 2388 1685.
2280 2325 2333 2380 8.

479 2542 3690 2568 W

1038 2715 1193 2803 EK
1245 2712 1474 2802 ΤΩΝ
1537 2705 2532 2798 ΕΚΚΑΗΣΙΑΣΤΙΚΩΝ
2597 2707 3110 2797 ΙΣΤΟΡΙΩΝ

1503 2901 2641 3023 ΦΙΛΟΣΤΟΡΓΙΟΥ

1289 3125 1629 3192 ΕΠΙΤΟΜΗ,
1671 3125 1810 3180 ΔΠΟ
1843 3125 2074 3179 ΦΩΝΗΣ
2111 3125 2360 3180 ΦΩΤΙΟΥ
2401 3124 2870 3179 ΠΑΤΡΙΛΡΧΟΥ.

935 3395 1128 3510 ΕΧ
1211 3391 2378 3512 ECCLESIASTICIS
2463 3383 3199 3534 HISTORIIS

1143 3635 1151 3651 ’
1507 3647 2648 3778 PHILOSTORGII

1113 3885 1520 3962 -EPlTOME,
1567 3884 1986 3950 CONFECTA
2036 3887 2090 3950 Α.

2143 3885 2444 3949 ΡΗΟΤΙΟ
2483 3887 3023 3953 PATRIARCHA.

503 4049 609 4124 (ΕΞ
628 4052 850 4124 editione
869 4049 1079 4124 ilenrici
1099 4050 1316 4124 Ytursn,
1333 4056 1680 4124 quam‘postea
1704 4052 1959 4124 recensuit
1978 4054 2057 4124 et
2076 4051 2309 4124 plurium
2341 4052 3143 4124 eruditorumobsegvationibus
3158 4057 3485 4124 locupletavit
3523 4058 3726 4124 Guliel-

442 4112 553 4186 muis
576 4113 815 4186 (leading,
841 4113 962 4186 cleri
986 4112 1321 4186 Londinensis;
1333 4112 1757 4186 hibliothecarius.
1779 4112 2380 4186 _--.Cantabt_'igi.te,_typis
2399 4116 2725 4186 Academicis,
2771 4118 2915 4186 i720.
2940 4117 3209 4186 Splendida
3231 4112 3337 4168 haec
3361 4122 3533 4179 editio,
3557 4119 3726 4171 tribus

446 4174 1019 4224 voluminibus’constans
1040 4175 1207 4224 forum
1227 4178 1281 4224 iu
1301 4174 1418 4225 folio
1440 4177 1672 4236 maximo,
1696 4176 1957 4225 historicos
1978 4174 2094 4224 eccli

445 4237 668 4286 ediderat
696 4237 936 4285 Henricus
958 4235 1224 4295 Valesius.)

2143 4174 2345 4225 .iasticos
2368 4174 2717 4239 complectitur
2737 4191 2864 4240 quos
2897 4174 2996 4243 jam
3020 4193 3131 4230 cum
3169 4174 3589 4244 interpretatione
3626 4196 3724 4234 sua

445 4475 824 4550 Compendium
845 4479 1463 4555 Iiistoriqecclesiaticie
1495 4478 1862 4555 Pliilostorgii,
1889 4485 2028 4555 quod
2058 4464 2106 4521 Α
2145 4482 2422 4553 Ἐπιτομὴ

864 4482 1464 4565 ξιίειοζίαεὶςοοζεδξαιὶςαξ
1495 4482 1862 4565 Plt'ilostorgii,
1889 4485 2028 4555 quod
2058 4482 2106 4521 Α
2145 4482 2422 4565 Ἐρξιτρμὴ
2489 4483 2563 4565 ἐπι
2624 4482 2744 4565 τῶγ
2799 4485 3346 4565 ,ἐκκλησιαστικῶν
3408 4483 3720 4565 Ἰστοριῶν

819 4552 1046 4606 dictauit
1073 4550 1296 4606 Photius
1321 4551 1650 4620 patriarcha.

2204 4553 2666 4624 Φιλοστοργίου,
2697 4553 2817 4609 ἀπὸ
2842 4553 3048 4625 φωνῆς
3069 4558 3295 4610 Φωτίου
3321 4557 3717 4626 πατριάρχου.

515 4715 694 4788 Hujus
742 4712 1028 4784 scriptoris
1069 4709 1297 4765 historia
1339 4708 1626 4765 duodecim
1680 4709 1836 4765 libris
1875 4723 2027 4765 com-

445 4807 828 4881 prehenditur.
876 4803 1075 4858 Primse
1121 4813 1304 4856 autem
1342 4801 1538 4856 littera?
1589 4800 2026 4870 uniuscujusque

443 4899 574 4955 libri
613 4897 776 4956 simul
799 4895 1022 4964 iunctas,
1054 4905 1257 4946 nomen
1291 4892 1534 4946 auctoris
1565 4888 1825 4946 eliiciunt.
1851 4890 2025 4946 Porro

445 4992 734 5048 historiam
777 5001 936 5044 suam
986 4983 1202 5040 orditur
1256 4983 1326 5037 ab
1383 4981 1499 5036 Arii
1539 4981 1928 5046 Alexandrini,
1964 4991 2026 5038 ut

445 5083 668 5154 quidem
717 5081 834 5151 ipse
893 5085 1072 5142 vocat,
1095 5077 1215 5130 rixa
1263 5082 1318 5131 et
1367 5073 1716 5131 contentione
1763 5074 2026 5131 adversus

446 5177 818 5233 Alexandrum
862 5193 875 5229 :
922 5186 1090 5244 quam
1133 5169 1355 5240 quidem
1409 5183 1634 5225 causam
1678 5167 1812 5224 dicit
1850 5168 2026 5224 haere-

449 5281 597 5324 seos.
638 5265 992 5338 Progreditur
1051 5277 1182 5317 vero
1226 5277 1401 5332 usque
1451 5261 1519 5316 ad
1563 5262 2022 5330 nuncupationem

447 5367 738 5430 angustam
792 5357 1158 5414 Valentiniani
1218 5353 1496 5420 Junioris,
1559 5352 1655 5423 qui
1723 5351 1868 5409 ﬁlius
1924 5351 2027 5406 fuit

449 5447 706 5508 Placidia:
735 5457 790 5503 et
820 5448 1160 5514 Constantii;
1192 5455 1248 5504 et
1277 5459 1450 5517 usque
1476 5445 1544 5500 ad
1571 5444 1770 5501 easdem
1795 5442 2025 5499 Joannis

450 5538 691 5612 tyranni.
740 5535 1008 5594 Caeterum
1042 5538 1158 5595 haec
1189 5538 1418 5594 historia
1439 5535 1751 5592 encomium
1802 5535 2024 5606 quidem

451 5639 538 5688 est
567 5629 946 5685 haereticorum
977 5649 990 5684 :
1019 5631 1452 5686 orthodoxorum
1489 5641 1668 5687 autem
1703 5627 2014 5685 criminatio

458 5740 520 5780 ac
553 5721 868 5796 vituperatio
902 5723 1082 5790 potius
1115 5737 1278 5792 quam
1312 5724 1558 5779 historia.

2205 4708 2326 4761 Ὅτι
2357 4709 2414 4761 ὲν
2442 4707 2649 4765 δώδεκα
2671 4710 2849 4780 λόγοις
2870 4711 3034 4766 αὑτοῦ
3068 4715 3101 4784 ἠ
3137 4714 3350 4786 ίστορία
3374 4716 3720 4786 περαίνεται,

2130 4797 2540 4869 ἀπαρτιζόντων
2567 4801 2732 4856 αὑτοῦ
2764 4804 3001 4876 τοῦνομα
3027 4805 3137 4859 τῶν
3165 4808 3399 4861 ἑκάστου
3429 4808 3590 4878 λόγου
3614 4812 3725 4882 ἁρ-

2129 4892 2379 4963 χομένων
2416 4895 2761 4965 γραμμάτων
2801 4897 2858 4950 ὲν
2893 4897 3045 4962 τάξει
3086 4899 3726 4973 συντιθεμένων.Ἀρχε-

2129 5003 2219 5040 ται
2247 4986 2346 5058 μὲν
2371 4986 2478 5040 ἀπὸ
2501 4988 2602 5056 τῆς
2638 4989 2848 5061 Ἀρείου
2884 4989 3021 5058 πρὸς
3055 4990 3420 5063 Ἀλέξανδρον,
3453 4993 3528 5057 ὼς
3559 4985 3726 5058 οὗτος

2130 5078 2299 5147 λέγει,
2341 5078 2548 5149 ἔριδος·
2594 5079 2662 5150 ἣν
2695 5082 2788 5134 καὶ
2822 5081 2924 5152 τῆς
2952 5081 3218 5153 αἱρέσεως
3245 5085 3424 5138 αἰτίαν
3469 5086 3724 5156 ἀναγρά-

2130 5187 2220 5240 φει
2241 5187 2254 5201 ·
2284 5171 2495 5226 κάτεισι
2515 5171 2570 5224 δὲ
2603 5172 2762 5244 μέχρι
2789 5173 2889 5244 τῆς
2911 5175 3380 5243 Οὐαλεντινιανοῦ,
3407 5177 3467 5241 ὃς
3493 5173 3561 5249 ἦν
3585 5181 3726 5244 παῖς

2129 5262 2424 5327 Πλακιδίας
2474 5264 2568 5317 καὶ
2620 5266 3030 5334 Κωνσταντίου,
3078 5271 3158 5335 εἰς
3200 5269 3425 5340 βασιλέα
3471 5271 3728 5341 ἀναρρή-

2131 5369 2289 5420 σεως,
2331 5357 2424 5408 καὶ
2449 5357 2550 5427 τῆς
2587 5357 2834 5412 Ἰωάννου
2863 5359 2957 5414 τοῦ
2986 5362 3249 5432 τυράννου
3275 5362 3630 5435 ἀναιρέσεως.
3648 5362 3726 5418 Ἡ

2128 5447 2185 5501 δὲ
2216 5450 2426 5522 ἱστορία
2469 5451 2580 5506 τῶν
2612 5453 2993 5526 αἱρετιζόντων
3035 5456 3184 5508 ἐστὶν
3217 5454 3491 5525 ἐγκώμιον
3519 5453 3672 5526 αὐτῷ
3703 5470 3724 5487 ο

2129 5538 2317 5612 ὥσπερ
2348 5543 2443 5596 καὶ
2471 5543 2579 5600 τῶν
2607 5545 2901 5616 ὀρθοδόξων
2931 5544 3148 5618 διαϐολὴ
3189 5546 3280 5600 καὶ
3317 5545 3484 5616 ψόγος
3515 5544 3730 5618 μᾶλλον

2128 5631 2164 5702 ἢ
2196 5633 2427 5706 ἱστορία.
