4020 6196
413 225 521 285 465

1775 241 2261 302 PHILOSTORGﬂ

3567 253 3663 310 εθι

405 363 528 432 ejus
569 368 885 416 excreverat
951 367 1123 413 Instar
1176 359 1323 413 vasis
1371 358 1626 425 testaeei;
1678 358 1982 430 cuiusmodi

2097 363 2293 431 Ξγγους
2350 363 2670 435 όστρακίνου
2718 363 3058 435 ἐκμιμῆσθαι
3115 364 3333 435 σχῆμα,
3384 365 3529 437 ειπερ
3575 364 3662 418 οὖν

407 469 534 510 vasa
573 451 920 508 Alexandrini
969 451 1141 521 patrio
1183 468 1435 507 sermone
1463 451 1728 508 Baucalas
1760 464 1973 508 vocant.

411 543 560 603 ilnnc
585 543 769 614 igitur
800 545 1201 612 Alexandrum,
1246 561 1368 600 curn
1401 547 1699 602 secundum
1741 548 1810 602 ab
1849 549 1978 604 Ario

406 640 579 695 locum
627 636 767 690 inter
810 636 1156 707 presbyteros
1203 637 1504 705 obtineret,
1548 639 1626 693 ait
1680 639 1978 696 simultatis

401 740 541 785 mter
566 729 929 785 Alexandrum
951 731 1266 801 episc0pum
1285 743 1339 786 et
1364 731 1552 786 Arium
1583 748 1805 788 causam
1833 749 1976 804 pra:-

403 822 617 888 nuisse,
663 828 717 875 et
770 821 1249 880 consubstantialis
1304 823 1745 894 przedicationem
1796 826 1864 881 ab
1913 841 1979 882 eo

401 928 642 983 tempore
663 907 1019 982 excogitatam
1046 913 1235 969 fuisse.

473 1006 523 1059 5.
563 1005 907 1059 Conslantius
953 1004 1198 1061 Chlorus.
1252 1037 1317 1048 --
1360 1007 1750 1074 Constantius,
1801 1004 1978 1078 Magni

399 1097 744 1153 Constantini
774 1107 945 1167 pater,
979 1099 1048 1152 ob
1074 1097 1328 1152 eximiam
1383 1098 1784 1167 fortitudinem,
1818 1110 1878 1154 ut
1905 1101 1982 1154 ait

400 1189 828 1260 pbilostorgius,
871 1189 1172 1258 superioris
1220 1189 1445 1247 Calatiae
1481 1192 1535 1246 in
1577 1208 1685 1262 qua
1721 1201 1847 1247 sunt
1885 1189 1980 1247 Al-

401 1297 526 1350 pes,
581 1281 875 1350 imperator
911 1280 1256 1336 renuntiatus
1299 1289 1402 1336 est.
1453 1277 1578 1335 Haec
1633 1289 1812 1335 autem
1862 1281 1980 1336 loca

400 1388 624 1428 accessu
673 1366 910 1426 diﬂicilia
957 1383 1086 1426 sunt
1129 1380 1182 1426 et
1225 1371 1505 1441 impervia.
1535 1367 1704 1426 Porro
1733 1371 1850 1428 haec
1890 1387 1982 1427 su-

400 1463 583 1532 perior
637 1462 844 1518 Galatia
909 1477 1056 1517 nunc
1103 1477 1135 1517 a
1198 1458 1466 1518 Romanis
1509 1460 1682 1518 Gallia
1731 1472 1977 1518 vocatur.

403 1554 547 1611 Mors
593 1564 776 1610 autem
827 1551 1132 1610 Constantii
1165 1554 1393 1624 contigit
1448 1554 1502 1608 in
1546 1550 1814 1620 Britania,
1861 1569 1983 1624 qua:

404 1649 645 1706 Albionis
685 1648 862 1706 insula
907 1646 1038 1703 olim
1085 1644 1385 1700 dicebatur.
1421 1639 1542 1700 'lllic
1583 1641 1982 1702 Constantinus

2089 452 2372 516 Βαυκάλας
2417 455 2724 526 ἐπιχωρίως
2771 455 3136 526 Ἀλεξανδρεῖς
3182 455 3439 510 εἰώθασιν
3474 457 3664 527 {voya-

2089 543 2219 608 ζειν.
2253 544 2452 598 Τοῦτόν
2487 563 2618 617 φησι
2661 547 2759 618 τὴν
2808 547 3067 619 δευτέραν
3109 548 3261 613 τάξιν
3294 551 3413 617 μετ’
3455 551 3660 622 Ἀρειον

2087 635 2299 706 ἔχοντα,
2351 637 2512 708 ἄρξαι
2538 638 2638 706 τῆς
2666 638 2868 701 αἰτίας,
2901 639 2960 704 ἐξ
2983 633 3054 709 ἧς
3083 639 3116 709 ἡ
3145 638 3381 708 διαφορά
3419 640 3662 707 Ἀλεξαν-

2087 727 2198 802 δρῳ
2237 726 2316 798 τῷ
2359 728 2642 798 ἐπισκὸπῳ
2679 729 2772 782 καὶ
2810 727 3004 798 Ἀρείῳ
3053 727 3386 798 συνερῤάγη,
3432 728 3524 780 καὶ
3573 728 3663 782 τὴν

2087 817 2181 872 τοῦ
2211 819 2492 889 όμοουσίου
2516 819 2851 891 ἁνακήρυξιν
2882 817 3092 872 ἐκεῖθεν
3119 817 3595 890 ἐπιτεχνασθῆναι.

2159 1006 2218 1051 ε’.
2263 999 2407 1064 Ὅτι,
2439 997 2591 1068 φησὶ,
2625 995 3004 1061 Κωνστάντιος
3049 997 3076 1050 ό
3128 995 3214 1051 τοῦ
3253 999 3487 1068 μεγάλου
3517 994 3663 1053 Κων-

2090 1090 2366 1144 σταντίνου
2421 1090 2603 1161 πατὴρ
2653 1091 2772 1142 κατ’
2804 1087 3172 1160 ἀνδραγαθίαν
3210 1089 3320 1142 τῶν
3358 1092 3469 1144 ἄνω
3496 1092 3533 1143 Γ
3536 1093 3662 1146 αλαι

2086 1181 2237 1244 τιῶν,
2274 1179 2331 1232 ἐν
2379 1174 2466 1243 αἶς
2509 1185 2602 1233 καὶ
2641 1182 2698 1233 ai
2747 1180 3078 1250 καλούμεναι
3113 1177 3360 1243 Ἀλπεις,
3417 1181 3660 1252 βασιλεὺς

2087 1273 2403 1344 ἀπεδείχθη.
2435 1273 2752 1344 Δυσέμόολα
2789 1274 2846 1327 δὲ
2890 1273 2959 1326 τὰ
3005 1274 3181 1344 χωρία
3219 1273 3394 1328 ταῦτα
3421 1276 3514 1329 καὶ
3541 1274 3664 1330 δυσ-

2088 1363 2360 1436 πρόσοδα·
2395 1365 2494 1428 τὰς
2527 1365 2584 1418 δὲ
2625 1365 2894 1428 Γαλατίας
2919 1365 2969 1418 oi
2997 1364 3094 1418 νῦν
3135 1363 3368 1427 Γαλλίας
3403 1366 3672 1435 ἐπονομὼ¹

2089 1451 2376 1520 ξουσιν.Ἦ
2424 1455 2480 1508 δὲ
2528 1455 2754 1526 τελευτὴ
2788 1455 3168 1512 Κωνσταντίου
3203 1455 3346 1509 κατὰ
3374 1456 3665 1526 Βρετανίιιν

2089 1547 2302 1616 γέγονε,
2351 1547 2450 1620 τὴν
2492 1547 2807 1612 Ἀλουῒωνος
2855 1547 3326 1620 καλουμένην.Ἐν
3439 1549 3534 1602 καὶ
3581 1565 3662 1602 νο·

2091 1638 2288 1694 σοῦντα
2318 1637 2640 1694 καταλαϐὼν
2673 1640 2836 1694 αὑτὸν
2876 1640 3290 1703 Κωνσταντϊνος
3318 1642 3347 1693 ό
3379 1643 3529 1705 παῖς,
3572 1657 3665 1709 (pu-

401 1749 524 1810 post
556 1741 754 1794 vitatas
797 1737 1025 1794 feliciter
1069 1735 1389 1791 Diocletiani
1424 1731 1689 1803 insidias,
1732 1750 1856 1792 cum
1891 1753 1982 1808 pa-

2097 1729 2197 1800 γὼν
2230 1727 2552 1802 παραδόξως
2590 1729 2688 1802 τὴν
2728 1728 3022 1802 ἐπιϐουλὴν
3050 1730 3454 1802 Διοκλητιανοῦ,
3484 1732 3664 1786 τελευο

403 1847 539 1890 trem
574 1840 922 1904 aegrotantem
971 1831 1298 1901 reperisset,
1333 1844 1461 1886 eum
1492 1824 1648 1885 brevi
1688 1838 1812 1900 post
1841 1845 1988 1886 mor-

411 1939 559 1981 iuum
608 1923 903 1994 sepultura
959 1922 1279 1989 mandavit,
1318 1937 1383 1978 ac
1426 1936 1555 1977 mox
1603 1918 1821 1993 imperii
1861 1933 1990 1980 suc-

403 2033 590 2075 cessor
622 2016 800 2072 factus
826 2024 929 2072 est.

469 2109 526 2165 6.
554 2108 902 2164 Constantino
929 2105 1122 2178 Magno
1152 2122 1284 2161 crux
1301 2115 1527 2162 ostensa.
1545 2134 1617 2150 -
1633 2105 1866 2163 Causam
1889 2120 1990 2163 cur

403 2200 805 2257 Constantinus
834 2199 1063 2272 Magnus
1110 2215 1143 2255 a
1172 2199 1457 2270 gentilium
1489 2199 1880 2271 superstitione
1917 2199 1988 2255 ad

400 2293 766 2350 Christianam
829 2291 1148 2362 religionem
1206 2290 1522 2357 transierit,
1588 2286 1989 2361 Pbilostorgius

404 2386 626 2454 perinde
667 2401 732 2441 ac
771 2384 963 2455 reliqui
1027 2397 1220 2438 omnes
1285 2383 1361 2437 ait
1397 2381 1567 2437 fuisse
1603 2380 1888 2437 victoriam
1923 2382 1989 2438 de

404 2477 692 2534 Maxentio.
711 2475 770 2530 In
787 2491 894 2546 qua
922 2474 1104 2530 crucis
1123 2474 1340 2545 signum
1366 2473 1546 2528 visum
1570 2481 1656 2529 est
1677 2475 1730 2528 in
1745 2471 1986 2540 Oriente,

383 2568 722 2639 'iongissime
787 2572 1148 2636 protensum,
1208 2563 1332 2619 luce
1386 2563 1624 2634 quadam
1679 2563 1987 2619 admirabili

403 2674 520 2713 eam
542 2658 898 2728 depingente,
932 2665 985 2712 et
1027 2655 1200 2710 stellis
1251 2654 1495 2726 undique
1532 2655 1678 2710 circa
1714 2670 1836 2710 eam
1868 2669 1990 2710 cur-

403 2751 650 2810 rentibus
677 2750 852 2804 instar
899 2748 1142 2805 cmlestis
1190 2762 1389 2812 arcus,
1435 2755 1490 2802 et
1529 2745 1835 2802 litterarum
1874 2745 1989 2802 for-

404 2859 548 2900 mam
581 2842 1038 2913 exprimcntibus.
1067 2839 1245 2896 Porro
1276 2839 1473 2894 litterae
1512 2837 1709 2895 Latino
1732 2853 1989 2896 sermone

387 2936 515 2990 'iiarc
546 2934 709 2988 verba
733 2932 1092 3002 designabant
1117 2949 1131 2986 :
1163 2929 1229 2985 In
1253 2930 1350 2984 hoc
1379 2929 1544 3000 vince.

473 3027 524 3081 ’1.
550 3026 751 3081 Contra
777 3023 965 3078 Arium
997 3031 1164 3095 gesta.
1194 3051 1265 3066 -ο
1298 3021 1388 3075 Ait
1421 3019 1839 3091 Pbiiostorgius,
1863 3028 1989 3077 ante

2087 1821 2268 1876 τῶντα
2315 1820 2597 1892 ἐκήδευσε,
2633 1817 2730 1876 καὶ
2775 1819 2874 1891 τῆς
2925 1818 3204 1894 βασιλείας
3234 1823 3471 1895 κατέστη
3498 1818 3667 1879 διάδοι

2090 1925 2204 1982 χος.

2162 2096 2237 2158 ς’.
2280 2088 2404 2147 Ὀτι
2451 2093 2552 2164 τὴν
2601 2091 2695 2147 τοῦ
2729 2093 2965 2166 μεγάλου
2999 2093 3413 2150 Κωνσταντίνου
3442 2095 3668 2166 μεταϐο-

2090 2183 2186 2257 λὴν
2209 2185 2275 2238 ἐκ
2301 2184 2402 2254 τῆς
2447 2178 2748 2256 Ἑλληνίδος
2782 2185 3078 2258 θρησκείας
3111 2189 3192 2252 είς
3233 2189 3324 2244 τὸν
3357 2191 3670 2261 Χριστιανο-

2092 2274 2227 2346 σμδν
2277 2275 2373 2328 καὶ
2415 2270 2570 2338 οὗτος
2610 2279 2722 2340 τοῖς
2751 2277 2932 2342 ἄλλοις
2961 2278 3036 2348 (5)
3067 2279 3459 2351 φθεγγόμενος,
3492 2283 3670 2337 αἰτίαν

2089 2363 2343 2434 γενέσθαι
2369 2363 2676 2436 ἀναγράφει
2702 2365 2800 2436 τὴν
2829 2365 2970 2420 κατὰ
2997 2366 3300 2432 Μαξεντίου
3335 2371 3515 2442 νίκην.
3537 2371 3671 2426 Καθ’

2089 2458 2158 2529 ἢν
2204 2458 2300 2512 καὶ
2341 2458 2403 2512 τὸ
2431 2457 2526 2511 τοῦ
2559 2458 2794 2530 σταυροῦ
2843 2463 3068 2530 σημεῖον
3106 2460 3249 2514 κατὰ
3281 2463 3552 2526 ἀνατολὰς
3589 2467 3675 2520 ἐπὶ

2093 2551 2358 2622 μήκιστον
2402 2549 2558 2621 ὤφθη
2601 2550 2807 2622 διῆκον,
2840 2552 3034 2622 αἴγλης
3065 2553 3226 2608 αὐτὸν
3267 2556 3678 2628 καταπληττοὺ-

2093 2660 2194 2716 σης
2233 2643 2671 2715 διατυπουμένης
2706 2634 2805 2715 (θ),
2856 2644 2952 2698 καὶ
2995 2645 3240 2718 ἀστέρων
3284 2649 3448 2703 αὑτὸν
3491 2649 3676 2721 κύκλῳ

2091 2734 2487 2808 περιθεόντων,
2537 2735 2702 2809 ἴριδος
2747 2735 2954 2808 τρόπῳ,
3007 2739 3102 2790 καὶ
3149 2738 3287 2808 πρὸς
3331 2747 3676 2811 γραμμάτων
3724 2741 3732 2749 ’

2089 2827 2416 2898 χαρακτῆρα
2443 2826 2857 2899 ῥυθμιζομένων
2873 2843 2886 2856 ·
2907 2827 2977 2882 τά
2998 2827 3055 2881 δὲ
3080 2827 3186 2900 ἄρα
3209 2829 3500 2901 Ῥωμαίων
3525 2833 3679 2901 ἔλεγε

2090 2919 2242 2988 φωνῇ
2269 2932 2283 2947 ·
2331 2918 2428 2970 Ἑν
2455 2917 2644 2984 τούτῳ
2681 2917 2842 2971 νίκα.
3121 2961 3130 2969 .

2162 3007 2230 3072 ζ’.
2271 3009 2396 3064 Ὀτι
2428 3010 2523 3064 καὶ
2551 3009 2657 3082 πρὸ
2680 3009 2780 3080 τῆς
2813 3010 2872 3063 ἐν
2895 3010 3100 3083 Νικαίᾳ
3133 3012 3374 3080 συνόδου,
3405 3005 3572 3079 οὗτος
3595 3013 3680 3068 τὸν

400 3125 668 3193 synodum
711 3117 1009 3179 tvicaenam,
1062 3112 1431 3176 Alexandrum
1477 3111 1820 3167 Alexandriae
1865 3112 1982 3182 epi-

2099 3101 2508 3173 Ἀλεξανδρείας
2550 3103 2714 3174 φησιν
2762 3101 3110 3174 Ἀλέξανδρον
3155 3103 3536 3160 καταλαϐόντα
3581 3107 3681 3178 τὴν

405 3225 658 3278 scopum,
697 3223 822 3264 cum
873 3207 1112 3262 venisset
1149 3203 1556 3270 Nicomediam,
1593 3213 1648 3259 et
1677 3203 1982 3260 collocutus

2097 3194 2475 3268 Νικομήδειαν,
2507 3195 2601 3248 καὶ
2630 3194 2793 3266 Ὀσίῳ
2816 3212 2877 3248 τε
2906 3194 2982 3267 τῷ
3009 3195 3357 3269 Κουδρούδης
3384 3201 3680 3270 ἐντυχόντα

401 3311 544 3357 esset
567 3317 691 3356 cum
718 3299 864 3354 ‘Osio
895 3298 1278 3363 Cordubensi,
1321 3299 1556 3369 aliisque
1585 3297 1859 3368 episcopis
1891 3296 1982 3367 qui

2097 3290 2184 3345 καὶ
2227 3291 2341 3353 τοῖς
2387 3289 2484 3342 σὺν
2534 3287 2685 3359 αὐτῷ
2731 3288 3084 3354 ἐπισκόποις,
3127 3291 3434 3354 συνοδικαῖς
3475 3291 3682 3363 ψήφοις

405 3409 510 3446 una
539 3409 660 3446 eum
703 3391 797 3446 illo
827 3399 1014 3454 erant,
1045 3388 1340 3458 perfecisse
1383 3400 1444 3444 ut
1474 3389 1719 3461 synodali
1771 3396 1988 3443 senten-

405 3485 475 3534 tia
524 3480 724 3536 Filium
775 3479 921 3534 Patri
965 3478 1489 3535 consubstantialem
1517 3493 1639 3534 esse
1665 3477 1986 3548 proliteren-

404 3587 514 3640 tur,
545 3583 598 3629 et
627 3573 812 3628 Arium
840 3589 870 3628 a
905 3573 1288 3628 communione
1314 3578 1679 3627 removerent.

472 3666 526 3722 8.
580 3665 691 3721 Nec
735 3665 904 3720 multo
952 3673 1075 3736 post
1119 3672 1503 3736 congregatam
1549 3677 1672 3720 esse
1718 3663 1986 3735 synodum

403 3757 545 3828 apud
575 3755 844 3824 Nicaeam;
884 3757 972 3812 cui
1009 3767 1204 3827 praeter
1235 3757 1476 3826 reliquos
1503 3755 1780 3812 antistites
1820 3755 1990 3811 Basi-

403 3853 521 3907 leus
572 3848 806 3904 Amasiae
836 3849 1159 3920 episcopus,
1196 3858 1250 3904 et
1277 3847 1525 3904 Meletius
1566 3846 1987 3919 SebastOpoleos

407 3939 788 3996 interfuerunt.

473 4033 526 4087 9.
548 4030 775 4086 Fatetur
804 4031 969 4086 etiam
987 4028 1395 4103 Pliilostorgius
1410 4073 1425 4098 ,
1444 4040 1673 4086 cunctos
1695 4030 1984 4101 episcopos

405 4123 730 4195 expositioni
775 4123 894 4180 lidei
925 4138 1048 4193 qua:
1081 4122 1273 4179 Nicaea:
1306 4122 1447 4179 facta
1480 4131 1592 4188 est,
1615 4122 1983 4185 consensisse,

2086 3381 2484 3454 ἀνομολογῆσαι
2507 3383 2929 3452 παρασκευάσαι
2961 3381 3245 3451 ὁμοούσιον
3269 3381 3349 3453 τῷ
3381 3384 3566 3453 Πατρὶ
3592 3383 3683 3436 τόν

2089 3473 2238 3540 Υίὸν,
2274 3473 2484 3527 καὶτὸν
2521 3474 2740 3544 Ἄρειον
2773 3471 3247 3544 ἀποκηρύξασθαι.

2163 3659 2231 3726 η’.
2273 3653 2408 3706 Μετ’
2436 3653 2496 3705 οὐ
2529 3652 2697 3706 πολὺν
2720 3651 2777 3704 δὲ
2804 3651 2996 3724 χρόνον
3025 3651 3121 3705 καλ⁵
3148 3651 3248 3723 τὴν
3269 3651 3330 3705 ἐν
3360 3652 3576 3724 Νικαίᾳ
3599 3670 3685 3706 συ-

2092 3746 2284 3818 στῆναι
2302 3745 2542 3812 σύνοδον,
2559 3739 2669 3820 ἐνῇ
2695 3744 2832 3817 μετὰ
2860 3744 2967 3798 τῶν
2995 3744 3170 3799 ἄλλων
3193 3745 3494 3818 ἀρχιερέων
3512 3746 3682 3810 Θεοῦ,

2090 3843 2184 3896 καὶ
2215 3841 2453 3896 Βασιλέα
2481 3841 2572 3894 τὸν
2615 3841 2913 3913 Ἀμασείας
2947 3841 3246 3895 ἐπίσκοπον
3277 3841 3354 3911 (7t
3397 3845 3681 3913 παρεῖναι,

2091 3935 2187 3989 καλ⁸
2219 3933 2482 3989 Μελέτιον
2513 3934 2606 3988 τὸν
2639 3933 3127 3998 Σεϐαστουπὸλεως
3159 3933 3257 4004 (8).

2163 4027 2228 4082 θ’.
2275 4028 2396 4080 Ὅτι
2435 4028 2530 4080 καὶ
2557 4027 2720 4090 αὐτὸς
2753 4027 3105 4097 συνομολογεῖ
3136 4029 3344 4091 πάντας
3367 4011 3684 4101 ὁμόφρονῆο

2095 4136 2185 4174 σαι
2223 4117 2301 4188 τῷ
2325 4119 2381 4172 ὲν
2416 4119 2614 4191 Νικαίᾳ
2647 4120 2742 4190 τῆς
2777 4120 3011 4184 πίστεως
3044 4121 3174 4190 ὅρῳ,
3205 4120 3343 4192 πλὴν
3378 4122 3684 4179 Σεκοῦνδου

1630 4293 1872 4338 VALESII
1914 4291 2412 4337 ANNOTATIONES.

407 4451 518 4487 νον.
554 4429 709 4487 Certe
735 4431 788 4486 in
817 4430 1001 4486 codice
1024 4429 1364 4487 Scoriacensi
1391 4431 1654 4502 scriptum
1679 4439 1764 4502 est
1792 4430 1978 4502 αὐτοῦ.

2097 4428 2435 4502 scribendum
2467 4428 2948 4502 καταπληκτικῶς.

407 4507 464 4557 In
496 4503 867 4572 manuscripto
891 4511 1070 4557 autem
1100 4501 1395 4572 exemplari
1419 4500 1691 4572 sai'nuelis
1727 4500 1977 4572 Bocba‘rti

406 4574 663 4630 scribitur
695 4570 864 4645 αὐτῇς
893 4570 1288 4645 ἐσωρευμένον,
1313 4571 1603 4645 manifesto
1626 4587 1766 4645 verae
1792 4570 1976 4645 lectio-

405 4647 492 4700 nis
521 4645 764 4713 chtigio.
787 4641 958 4697 Porro
990 4641 1073 4697 bis
1095 4641 1276 4713 verbis
1309 4641 1516 4713 indicat
1551 4641 1977 4713 Pliilostorgius,

407 4720 551 4769 hunc
583 4711 954 4768 Alexandrum
985 4712 1242 4767 habuisse
1267 4712 1320 4764 in
1348 4712 1513 4765 dorso
1541 4711 1834 4780 quamdam
1859 4725 1980 4763 ear-

405 4787 489 4840 uis
538 4783 970 4845 exuberantiam,
1025 4796 1188 4850 quam
1225 4780 1439 4835 Gallico
1491 4779 1765 4850 sermone
1795 4779 1978 4846 lupam

405 4869 686 4918 ~ocamus,
718 4868 781 4908 ex
836 4849 1199 4921 quorumdam
1251 4850 1684 4919 perspicillorum
1726 4849 1981 4921 similitu-

404 4953 412 4972 ι
443 4928 550 4986 ine.
585 4940 708 4995 qua:
750 4919 917 4992 figura
958 4936 1214 4995 convexa
1269 4921 1603 4995 fabricantur
1640 4935 1669 4974 e
1713 4919 1876 4995 vitro,
1907 4921 1980 4974 ad

405 4998 508 5050 lioc
543 4991 618 5048 ut'
644 4991 837 5049 littera:
863 4991 1100 5058 majores
1141 4999 1193 5045 et
1227 4991 1591 5045 evidentiores
1635 4991 1982 5058 conspician-

406 5078 514 5118 ων.
547 5065 728 5131 Quare
775 5064 829 5118 in
860 5062 966 5117 hoc
1008 5061 1127 5116 loco
1162 5061 1378 5114 mallem
1429 5061 1668 5116 scribere
1699 5061 1838 5132 ὑπὲρ
1871 5061 1979 5114 τῶν

407 5135 778 5207 μετριφρένωνο

477 5199 571 5272 (ὕῖ
592 5199 716 5258 ’Καὶ
747 5203 922 5270 οὗτος
950 5201 1074 5269 τοῖς
1108 5199 1339 5272 ἅλλρις.
1373 5199 1742 5270 Supplendum
1775 5210 1857 5256 est
1885 5201 1980 5256 ad-

404 5265 648 5328 verbium
705 5275 807 5330 boc
845 5265 1007 5330 modo
1049 5265 1149 5326 καὶ
1197 5265 1348 5335 οὗτος
1396 5265 1596 5341 ὁμοίως
1633 5275 1744 5335 τοῖς
1798 5272 1978 5335 ἄλλοις

407 5342 796 5414 φθεγγόμενος.
839 5345 1110 5413 Interpres
1149 5343 1253 5398 hoc
1284 5343 1422 5414 loco
1453 5357 1608 5396 suam
1643 5342 1844 5398 Graecae
1873 5343 1978 5396 lin-

409 5428 527 5478 grue
560 5413 904 5484 imperitiam
958 5415 1093 5470 satis
1143 5413 1398 5484 prodidit,
1435 5422 1548 5468 tum
1598 5413 1654 5468 in
1708 5414 1975 5480 versione,

408 5492 523 5535 tum
559 5482 612 5534 in
644 5482 1123 5538 Aunotationibus.

479 5552 554 5622 (6)
585 5549 1133 5624 Krttarzlntzoéan'.‘
1167 5554 1665 5624 διατυπουμένης.
1687 5553 1866 5622 Inepta
1896 5562 1980 5610 est

409 5621 600 5677 borum
635 5621 864 5692 duorum
911 5623 1318 5692 partimpiorum
1367 5621 1702 5692 coniune'io.
1749 5621 1979 5678 Proinde

407 5704 497 5751 ast
533 5694 684 5763 prius
717 5689 844 5745 illud
877 5691 1221 5759 participium
1261 5689 1551 5751 delendum
1586 5703 1690 5758 est,
1715 5705 1807 5748 aut
1830 5704 1974 5750 certe

2164 4500 2240 4570 (7)
2273 4499 2539 4554 Βασιλέα
2578 4499 2687 4553 τὸν
2720 4501 3034 4567 Ἂμασειάς
3084 4501 3445 4557 ἐπίσκοπον.
3499 4499 3678 4569 Hujus

2093 4569 2344 4626 meminit
2389 4569 2781 4624 Constantinus
2830 4569 3379 4640 Porpbyrogennetns
3432 4572 3487 4626 in
3534 4574 3679 4627 libro

2092 4641 2267 4708 primo
2300 4640 2372 4693 De
2420 4641 2757 4701 thematibus,
2798 4641 2973 4709 capite
3019 4645 3278 4705 secundo,
3312 4642 3397 4696 bis
3440 4644 3627 4697 verbis
3660 4662 3674 4696 :

2087 4710 2342 4783 Φαίδιμός
2373 4727 2430 4783 τε
2461 4711 2490 4762 ὁ
2531 4710 2848 4780 Ἀμασείας,
2877 4710 2970 4763 καὶ
2996 4710 3254 4783 Βασιλεὺς
3285 4713 3313 4765 ό
3351 4712 3618 4783 ἀοίδιμος,
3650 4712 3680 4764 ό

2088 4782 2182 4833 ἐπὶ
2215 4781 2486 4852 Λικινίνου
2521 4783 2898 4852 μαρτυρῄσας,
2925 4791 3032 4834 etc.
3068 4781 3166 4836 Ubi
3193 4783 3462 4852 interpres
3499 4781 3677 4850 regem

2088 4851 2251 4906 vertit
2293 4851 2444 4919 gravi
2487 4823 2994 4910 erro‘rezriiasil’eus
3034 4854 3178 4906 enim
3218 4823 3484 4906 diceiidus
3529 4823 3677 4916 eiut,

2087 4921 2229 4992 sicut
2278 4922 2475 4976 dicitur
2523 4922 2575 4992 in
2631 4921 2892 4975 Chronico
2952 4921 3216 4977 Eusebii:
3273 4922 3681 4992 Pbilostorgius

2088 4991 2307 5062 quidem
2363 4992 2508 5062 linnc
2543 4990 2815 5045 Basileum
2868 4992 3183 5047 interfuisse
3226 4994 3416 5048 scribit
3460 4990 3678 5062 synodo

2085 5060 2337 5132 Nicaeum.
2377 5060 2576 5114 Verum
2623 5062 2815 5129 reliqui
2861 5079 3051 5116 omnes
3100 5064 3249 5116 illum
3294 5060 3680 5132 persecutione

2088 5131 2283 5204 Licinii
2299 5131 2624 5204 exstinctum
2655 5146 2776 5186 esse
2790 5133 3159 5198 consentiunt,
3184 5131 3418 5204 quorum
3452 5141 3681 5188 sentcn-

2086 5202 2178 5255 tia:
2213 5201 2385 5254 libens
2419 5199 2638 5255 accedo.

2159 5271 2235 5341 (8)
2270 5271 2378 5324 Καὶ
2415 5271 2705 5324 Μελέτιον
2735 5270 2842 5325 τὸν
2873 5273 3427 5339 Σεϐαστουπόλεως.
3462 5273 3534 5327 De
3567 5271 3684 5327 hoc

2086 5338 2302 5395 Me’le'tio
2334 5341 2453 5395 vide
2481 5356 2602 5410 quae
2635 5342 2812 5396 notavi
2839 5344 2903 5397 ad
2933 5344 3130 5398 librum
3158 5359 3230 5398 vn
3280 5338 3685 5398 Ecclesiasticiz

2086 5411 2321 5483 {tistoriw
2349 5410 2578 5483 Eusebii
2599 5411 2863 5481 Pamphili
2900 5429 3019 5482 cap.
3054 5415 3123 5468 5'2
3153 5432 3166 5470 :
3202 5415 3466 5483 interpres
3514 5411 3677 5466 enim

2087 5480 2456 5552 Philostorgii,
2490 5482 2613 5551 quis
2639 5480 2780 5553 esset
2809 5484 2896 5538 hic
2927 5480 3171 5540 Meletius
3199 5480 3482 5553 ignoravit,
3511 5497 3679 5553 eum-

2088 5569 2190 5626 que
2228 5568 2350 5626 cum
2370 5550 2601 5626 'Mcletio
2634 5552 2934 5626 Sebasteno
2966 5557 3055 5625 qui
3105 5550 3289 5626 postca
3327 5550 3675 5609 Antiochenv

2087 5623 2162 5678 sis
2193 5623 2479 5693 cpiscopus
2507 5623 2628 5690 fuit,
2657 5623 2923 5680 confudit.
