4020 6196
387 271 502 333 465

1431 266 1993 326 ECCLESIASTlC.-E
2036 263 2386 321 HISTORLIE
2429 265 2554 322 LIB.
2597 268 2663 325 ll.

3551 274 3656 328 466

372 388 469 442 τοῦ
517 384 906 455 Πτολεμαΐδος,
937 381 983 452 ᾧ
1031 385 1127 439 καὶ
1179 385 1328 440 Θέων
1371 387 1399 438 ὁ
1446 387 1544 456 τῆς
1584 387 1954 458 Μαρμαρικῆς

2064 389 2281 452 excepto
2328 380 2578 437 Secundo
2598 381 2948 440 Ptolemaidis
2965 384 3409 455 episcopo,quem
3433 398 3656 442 secutus

376 474 762 548 ἠκολούθησεν.
787 474 860 526 Τὸ
885 473 942 527 δὲ
979 474 1106 529 ἄλλο
1145 477 1330 543 στίφος
1367 473 1476 528 τῶν
1516 474 1805 545 Ἀρειανῶν
1857 473 1958 542 ὲφο

379 571 547 640 όρων,
585 564 847 628 Εύσέόιός
886 581 944 617 τε
964 607 978 632 ,
1019 566 1191 637 φημὶ,
1226 568 1256 619 6
1285 565 1654 636 Νικομηδείας
1673 607 1686 632 ,
1716 565 1775 619 ὃν
1803 557 1958 628 οὗτος

375 656 666 721 ἀποθεάξει
700 656 898 727 μέγαν,
930 658 1024 710 καὶ
1059 657 1283 725 Θέογνις
1305 659 1334 710 6
1365 658 1622 722 Νικαίας,
1660 657 1752 710 καὶ
1776 657 1955 727 Μάρις

371 754 401 805 ὁ
430 749 798 820 Καλχηδόνος,
827 748 923 802 καὶ
955 749 988 818 ἠ
1020 749 1156 820 άλλη
1184 749 1419 819 φάλαγξ,
1446 749 1582 820 πρὸς
1605 749 1704 818 τὴν
1739 748 1958 802 σύνοδον

373 839 706 911 μετετάξατο
725 858 738 869 ο
767 839 903 910 δόλῳ
934 840 1052 910 μὲν,
1076 841 1171 893 καὶ
1197 834 1351 904 οὗτός
1376 857 1530 911 φησι,
1562 839 1656 892 καὶ
1676 838 1738 894 τὸ
1759 838 1956 910 ὀμοού-

371 949 486 986 σιον
521 931 600 1003 (a)
648 933 707 986 ὲν
735 932 804 1002 τῇ
838 929 934 984 τοῦ
978 931 1266 1001 ὁμοουσίου
1311 933 1462 1002 φωνῇ
1511 929 1914 1000 ὑποκλέψαντες
1938 947 1952 961 ο

365 1024 510 1094 πλήν
536 1041 602 1090 γε
632 1025 962 1094 συμφρονεῖν
998 1024 1112 1086 τοῖς
1139 1023 1433 1086 συνοδικοῖς
1447 1023 1793 1095 ψηφίσμασιν
1826 1023 1958 1076 ἀνα-

362 1115 690 1186 δεξάμενοι,
759 1115 1179 1179 Κωνσταντίνας
1235 1115 1337 1186 τῆς
1393 1115 1488 1169 τοῦ
1541 1116 1954 1170 Κωνσταντίνου

367 1205 639 1280 βασιλεως
663 1209 900 1279 ἀδελφῆς
933 1209 1376 1280 είσηγησαμένης
1404 1209 1587 1274 αὐτοῖς
1612 1209 1711 1282 τὴν
1732 1210 1810 1274 είς
1834 1209 1955 1263 τοῦο

365 1316 430 1354 το
457 1299 802 1371 παραίνεσιν.

441 1484 492 1531 ι’.
531 1477 697 1545 Λέγει
737 1475 794 1528 δὲ
825 1475 920 1530 καὶ
951 1475 1242 1530 Σεκοῦνδον
1274 1477 1733 1548 ύπεροριξὸμενον
1779 1479 1954 1534 είπεῖν

367 1571 508 1642 πρὸς
542 1569 825 1623 Εὑσέὸιον·
861 1569 1109 1634 Εύσέόιε,
1157 1570 1500 1641 ὑπέγραψας,
1545 1572 1632 1625 ἵνα
1668 1571 1742 1643 μὴ
1778 1570 1955 1644 ἐξορι-

367 1657 524 1729 οθῇς.
562 1655 813 1710 Πιστεύω
840 1657 918 1728 τῷ
943 1656 1083 1728 Θεῷ,
1115 1657 1182 1711 δι’
1211 1659 1459 1714 ἐνιαυτοῦ
1505 1677 1564 1713 σε
1611 1660 1692 1714 δεῖ
1720 1661 1952 1732 ἀχθήσε-

2060 483 2144 529 est
2180 473 2367 529 Theon
2395 474 2679 543 episcOpus
2703 473 3054 531 Marmaricae.
3091 475 3319 546 Reliqua
3349 485 3533 531 autem
3563 493 3658 531 ca-

2057 573 2206 620 terva
2232 564 2561 619 Arianorum
2577 565 2904 629 antistitum,
2921 563 3207 631 Eusebius,
3225 567 3473 636 inquam,
3493 563 3658 619 Nico-
3745 595 3751 610 ο

2061 657 2390 720 mediensis,
2448 673 2610 727 quem
2652 657 3052 727 Philostorgius
3087 656 3336 728 Magnum
3371 659 3657 728 cognomi-

2060 757 2183 811 nat,
2228 746 2501 817 Theognis
2548 746 2832 811 Niczenus,
2879 756 2932 802 et
2974 745 3138 801 Maris
3183 747 3649 802 Chalcedonensis

2057 840 2380 912 episcopus,
2421 848 2473 894 et
2495 839 2675 894 caeteri
2700 853 2912 903 omnes,
2947 838 3273 894 sententiam
3303 839 3494 909 synodi
3536 856 3653 893 am-

2058 932 2200 1002 plexi
2241 941 2413 987 sunt:
2452 931 2642 985 dolose
2681 930 2897 998 quidem
2939 944 3003 984 ac
3032 927 3426 992 fraudulenter,
3472 938 3530 982 ut
3568 938 3648 983 ιον

2058 1031 2237 1078 statur
2265 1023 2430 1077 etiam
2464 1020 2865 1090 Pilostorgius,
2900 1034 3024 1074 cum
3064 1018 3328 1073 sub-voce
3371 1019 3643 1073 homousii

2056 1113 2119 1166 τὸ
2147 1113 2453 1184 ὁμοιούσιον
2483 1110 2678 1166 callide
2708 1110 3066 1165 occultarent.
3103 1109 3206 1164 Sed
3237 1117 3415 1164 tamen
3450 1110 3646 1180 synodi

2057 1202 2294 1260 decretis
2326 1203 2640 1258 consentire
2669 1217 2778 1256 non
2826 1210 3186 1270 recusarunt,
3218 1217 3342 1256 cum
3371 1200 3645 1258 Constan~

2057 1295 2167 1350 tina
2204 1310 2360 1350 soror
2412 1294 2761 1365 imperatoris
2814 1292 3163 1349 Constantini
3207 1294 3314 1350 hoc
3359 1294 3651 1350 consilium

2055 1385 2136 1439 eis
2156 1384 2540 1455 suggessisset.

2119 1475 2206 1530 10.
2220 1476 2382 1531 Addit
2396 1473 3162 1546 i’hilostorgius,Secuudum,
3181 1489 3304 1529 cum
3324 1473 3378 1528 in
3397 1474 3652 1530 exsilium

2053 1568 2508 1639 proﬁcisceretur,
2522 1566 2755 1623 Eusebio
2770 1567 2972 1622 dixisse
2991 1585 3002 1621 :
3025 1563 3244 1631 Eusebi,
3259 1566 3649 1636 subscripsisti.

2056 1675 2123 1714 ne
2149 1659 2201 1714 in
2223 1660 2478 1716 exsilium
2497 1658 2808 1714 mittereris.
2838 1657 2949 1730 Ego
2983 1673 3110 1712 vero
3132 1655 3240 1711 Deo
3261 1656 3313 1712 id
3338 1656 3470 1710 mihi
3495 1673 3650 1711 revc~

370 1748 494 1804 σθαι
543 1749 912 1819 ἀπαγόμενον.
951 1750 1062 1802 Καὶ
1103 1750 1385 1819 γεγονέναι
1437 1750 1517 1824 τῷ
1570 1751 1816 1826 Εύσεϐίῳ
1862 1752 1952 1807 τὸν

2064 1750 2185 1804 lunli
2211 1750 2457 1816 conﬁdo,
2483 1760 2535 1805 te
2567 1751 2707 1803 intra
2745 1764 2950 1803 annum
2981 1748 3035 1802 in
3057 1747 3308 1802 exsiliunt
3356 1747 3649 1801 abductum

369 1837 796 1910 ἐξοστρακισμὸν
844 1839 983 1911 μετὰ
1019 1841 1197 1914 μῆνας
1243 1843 1352 1896 ἀπὸ
1390 1843 1490 1914 τῆς
1532 1845 1751 1899 συνόδου
1780 1849 1960 1934 τρεῖς,⁵

373 1929 520 1986 καθά
562 1931 654 1985 καὶ
693 1930 984 1997 Σεκοῦνδος
1027 1936 1278 2006 προεῖπε,
1320 1936 1458 2007 πρὸς
1500 1937 1600 2009 τὴν
1651 1938 1785 1994 ίδίαν
1815 1929 1954 1994 κατᾶ

375 2021 438 2076 τὸ
476 2022 747 2094 προφανὲς
774 2024 1032 2080 ἀσέϐειαν
1057 2025 1531 2100 ἀνα[σ]τρέψαντι.

643 2226 740 2280 ΕΚ
772 2226 912 2281 ΤΗΣ
944 2228 1302 2282 ΔΕΥΤΕΡΑΣ
1338 2230 1674 2287 ΙΣΤΟΡΙΑΣ.

440 2347 513 2396 α’.
528 2341 657 2395 Ὀτι
678 2342 707 2394 6
730 2340 1058 2412 φιλοψευδὴς
1078 2333 1234 2407 οὗτος
1257 2343 1686 2416 Κακοστόργιος,
1704 2345 1842 2416 μετὰ
1854 2346 1953 2418 τὴν

362 2433 756 2504 οίκουμενικὴν
787 2432 1025 2497 σύνοδον,
1056 2435 1152 2488 καὶ
1182 2434 1281 2507 τὴν
1306 2436 1371 2488 ὲκ
1401 2435 1668 2507 προδήλου
1687 2438 1796 2492 τῶν
1826 2440 1955 2511 περὶ

365 2523 462 2576 τὸν
493 2521 756 2577 Εὐσέϐιον
780 2522 918 2594 πρὸς
943 2523 1044 2594 τὴν
1073 2523 1360 2579 εύσέὸειαν
1381 2525 1458 2596 (9)
1489 2526 1839 2598 παλινῳδίαν,
1862 2528 1954 2583 τὸν

370 2615 601 2685 βασιλέα
645 2617 782 2687 φησι⁸
811 2617 1220 2671 Κωνσταντῖνον
1247 2617 1470 2681 τούτους
1504 2618 1604 2690 μὲν
1635 2618 1791 2691 δίκην
1835 2622 1955 2674 είσ-

369 2707 688 2778 πράξασθαι
706 2738 729 2773 ,-
768 2708 886 2762 ἀνθ’
928 2701 1004 2763 ὧν
1049 2708 1186 2763 ἄλλα
1227 2708 1550 2781 φρονοῦντες
1577 2711 1658 2783 τῷ
1682 2712 1956 2786 ὁμοουσίῳ

366 2800 828 2873 ὑπεσημήναντοο
867 2801 996 2865 τοὺς
1022 2801 1081 2854 δὲ
1114 2801 1244 2874 περὶ
1285 2802 1573 2857 Σεκοῦνδον
1616 2805 1955 2861 ἀνακαλέσα-

362 2890 533 2946 σθαιο
588 2893 685 2946 καὶ
730 2891 1037 2964 γράμματα
1073 2891 1352 2964 πανταχοῦ
1383 2893 1718 2966 διαπέμψαι,
1752 2897 1814 2950 τὸ
1854 2897 1955 2968 μὲν

361 2984 656 3056 δμοούσιον
677 2985 1024 3057 διασύροντα,
1056 2985 1389 3058 κρατύνοντα
1421 2987 1480 3040 δὲ
1506 2987 1568 3040 τὸ
1597 2989 1952 3060 ἑτεροούσιον.

2061 1840 2301 1898 iri.Sane
2320 1842 2780 1898 Eusebiustribus
2801 1841 3080 1896 mensibus
3108 1839 3508 1912 postsynodum
3551 1855 3649 1894 ex-

2060 1933 2196 1988 actis
2229 1933 2500 2002 relegatus
2543 1941 2644 1997 est,
2667 1933 3128 2002 quemadmodum
3179 1932 3467 1988 Secundus
3516 1948 3650 2002 pra»

2060 2025 2301 2094 dixerat,
2332 2041 2459 2082 cum
2510 2026 2577 2080 ad
2623 2026 2912 2096 pristinam
2962 2025 3296 2096 impietatem
3334 2025 3510 2096 palam
3561 2040 3648 2078 rc-

2059 2133 2252 2175 VCI‘SUS
2273 2129 2436 2176 88881.

2486 2230 2579 2286 EX
2619 2229 2828 2286 LIBRO
2877 2226 3218 2286 SECUNDO.

2135 2342 2185 2397 1.
2222 2339 2602 2399 Constantinus
2627 2362 2722 2399 cur
2753 2344 2965 2399 Arionis
2997 2342 3334 2414 infensus.—
3364 2340 3456 2395 Ait
3486 2355 3646 2396 men-

2060 2431 2390 2491 dacissimus
2432 2434 2855 2507 Philostorgius,
2908 2444 3033 2506 post
3059 2433 3427 2490 universalem
3485 2449 3649 2504 syno-

2059 2525 2190 2582 dum
2243 2535 2300 2582 et
2343 2537 2468 2598 post
2516 2527 2954 2585 Eusebianorum
3006 2527 3340 2598 palinodiam
3380 2526 3649 2583 adversus

2060 2619 2377 2689 religionem
2397 2661 2414 2687 ,
2437 2619 2822 2691 imperatorem
2850 2621 3276 2678 Constantinum
3304 2633 3402 2675 eos
3428 2619 3646 2689 quidem

2059 2722 2223 2778 pana
2264 2707 2513 2766 aﬁ'ecisse
2536 2750 2554 2780 ,
2610 2719 2900 2781 propterea
2945 2710 3094 2782 quod
3141 2723 3269 2766 cum
3324 2708 3487 2763 aliter
3523 2722 3650 2763 seu-

2060 2799 2256 2867 tirent,
2296 2801 2590 2858 homousio
2629 2803 2992 2859 nihilominus
3033 2801 3516 2870 subscripserant;
3552 2798 3649 2852 Se-

2060 2892 2301 2949 cundum
2315 2908 2448 2950 vero
2462 2909 2585 2950 cum
2607 2894 2775 2950 sociis
2793 2893 2862 2949 ab
2876 2892 3071 2949 exsilio
3091 2905 3380 2947 revocasse
3398 2907 3414 2957 ;
3439 2890 3648 2944 litteras

2059 2984 2227 3040 etiam
2257 3000 2702 3056 quaquaversum
2739 2984 2997 3048 misisse,
3032 2983 3244 3054 quibus
3273 2981 3651 3037 consubstan-

362 3071 463 3142 Οἷς
488 3077 784 3150 γράμμασι
801 3078 1000 3133 καὶτὸν
1023 3079 1372 3150 Ἀλέξανδρον
1398 3079 1803 3152 ’Δλεξανδρείας
1819 3081 1954 3137 ὑπο-

2064 3075 2206 3132 tialis
2243 3075 2463 3148 quidem
2519 3091 2710 3132 vocem
2756 3073 3118 3145 explodebat,
3152 3069 3437 3127 dissimilis
3465 3076 3645 3124 autem

362 3168 600 3240 γράψαι,
631 3169 726 3223 καὶ
749 3167 840 3222 διὰ
858 3167 1018 3222 τοῦτο
1046 3169 1321 3223 συνελθεῖν
1341 3169 1505 3224 αὑτὸν
1536 3169 1646 3241 (10)
1693 3171 1789 3224 καὶ
1829 3172 1956 3235 τοὺς

362 3259 502 3331 περὶ
534 3260 757 3331 Ἀρειον
780 3275 794 3290 ⁸
827 3259 922 3312 τοῦ
952 3259 1011 3312 δὲ
1043 3260 1110 3314 ὲκ
1145 3259 1411 3331 βασιλέως
1437 3262 1820 3333 ὴρεμήσαντος
1860 3263 1957 3333 φό-

359 3352 490 3417 ϐου,
523 3351 618 3406 τὸν
653 3353 752 3424 μὲν
797 3352 1148 3424 Ἀλέξανδρον
1191 3354 1285 3407 ἐπὶ
1331 3355 1432 3425 τὴν
1482 3356 1689 3410 οίκείαν
1722 3357 1958 3428 ἀναδρα-

362 3445 496 3515 μεῖν
525 3443 771 3516 γνώμην.
805 3444 908 3498 Τὸν
931 3445 989 3499 δὲ
1015 3447 1234 3518 Ἀρειον
1263 3446 1426 3502 πάλιν
1455 3447 1620 3502 αὐτοῦ
1643 3466 1702 3502 τε
1733 3449 1828 3504 καὶ
1856 3450 1956 3522 τῆς

375 3535 710 3606 Ἑκκλησίας
739 3538 838 3593 σὺν
871 3540 983 3604 τοῖς
1017 3539 1318 3612 ὁμόφροσιν
1347 3540 1670 3614 ἀποστῆναι.

441 3801 507 3872 β’.
539 3802 662 3856 Ὅτι
689 3801 780 3857 τὸν
801 3803 1022 3875 Ἀρειον
1047 3804 1476 3877 ἀποπηδήσαντα
1503 3807 1603 3878 τῆς
1633 3809 1958 3881 Ἐκκλησίας

363 3893 505 3965 φησὶ
536 3893 758 3965 ᾀσματά
785 3912 846 3947 τε
870 3895 1105 3948 ναυτικά
1136 3897 1230 3949 καὶ
1277 3898 1543 3968 ἐπιμύλια
1577 3900 1654 3969 (ὁ)
1689 3899 1783 3954 καὶ⁵
1817 3902 1958 3957 ὁδοι-

362 3985 575 4058 πορικά
626 3987 859 4058 γράψαι,
901 3988 998 4043 καὶ
1047 3985 1254 4042 τοιαῦθ’
1298 3989 1463 4062 ἕτερα
1500 3991 1838 4058 συντιθέντα,
1878 3995 1959 4061 είς

368 4076 643 4150 μελῳδίας
675 4078 930 4144 ἐντεῖναι,
965 4078 1033 4143 ἃς
1084 4079 1335 4150 ἐνόμιζεν
1382 4081 1634 4147 ἑκάστοις
1670 4084 1956 4156 ἁρμόζειν,

363 4168 457 4224 διὰ
495 4169 604 4240 τῆς
635 4170 695 4223 ὲν
725 4171 847 4234 ταῖς
895 4169 1181 4241 μελῳδίαις
1229 4171 1423 4242 ἡδονῆς
1467 4173 1783 4229 ἐκκλέπτων
1821 4176 1961 4251 πρὸς

365 4262 470 4333 τὴν
517 4262 725 4317 οἰκείαν
778 4261 1031 4317 ἀσέϐειαν
1080 4263 1207 4327 τοὺς
1253 4264 1663 4337 ἀμαθεστέρους
1703 4267 1813 4322 τῶν
1859 4269 1957 4324 ἀν·

368 4354 398 4408 θ
405 4354 626 4426 ρώπων.

2057 3167 2382 3225 substantia:
2396 3168 2558 3225 [idem
2575 3169 2955 3227 conﬁrmabat.
2973 3166 3184 3234 Quibus
3203 3165 3400 3221 litteris
3411 3163 3648 3220 Alexan-

2056 3259 2218 3316 drum
2239 3274 2462 3332 quoque
2492 3260 2834 3331 episcopum.
2868 3258 3215 3316 Alexandria
3249 3255 3650 3326 subscripsisse

2055 3351 2223 3418 dicit,
2255 3360 2312 3408 et
2353 3351 2424 3406 ob
2454 3351 2599 3410 hanc
2632 3367 2862 3409 causam
2891 3351 3088 3407 Arium
3122 3350 3290 3407 etiam
3317 3350 3367 3404 ei
3398 3365 3649 3407 commu-

2058 3442 2310 3511 nicasse;
2355 3442 2451 3498 sed
2491 3459 2620 3499 cum
2665 3452 2848 3498 metus
2891 3443 2962 3498 ab
3005 3441 3343 3512 imperatore
3389 3442 3649 3514 deinceps

2002 3533 2009 3538 ’
2055 3543 2320 3599 cessaret,
2360 3534 2672 3590 Alexander
2699 3533 2918 3604 quidem
2949 3531 3017 3588 ad
3054 3534 3292 3602 priorem
3321 3535 3645 3591 sententiam

2057 3623 2243 3680 rediit.
2277 3624 2442 3680 Arius
2476 3640 2606 3680 vero
2644 3639 2752 3680 una
2779 3640 2905 3680 cum
2949 3625 3198 3694 ejusdem
3243 3625 3521 3694 opinionis
3555 3640 3646 3679 as-

2055 3715 2359 3774 sertoribus
2413 3717 2484 3773 ab
2511 3717 2823 3771 Alexandro
2852 3723 2907 3770 et
2939 3716 3009 3770 ab
3046 3715 3289 3771 Ecclesia
3324 3715 3572 3770 secessit.

2127 3809 2196 3865 2.
2217 3810 2335 3864 Arii
2377 3810 2607 3866 cantica.
2638 3838 2708 3851 οη-
2745 3807 2836 3862 Ait
2874 3807 3102 3872 Arium,
3139 3822 3264 3861 cum
3297 3806 3366 3860 ab
3403 3806 3647 3864 Ecclesia

2059 3901 2401 3966 recessisset,
2433 3901 2646 3956 cantica
2680 3903 2900 3955 nautica
2931 3907 2986 3954 et
3011 3897 3409 3952 molendinaria
3438 3912 3504 3952 ac
3531 3896 3646 3954 via-

2060 3994 2200 4050 toria
2232 3992 2654 4063 conscripsisse,
2691 3992 2909 4064 aliaque
2937 3990 3208 4061 ejusmodi
3243 3989 3644 4060 composuisse,

2059 4101 2182 4158 quae
2211 4087 2377 4142 certis
2407 4085 2876 4141 modulationibus
2907 4083 3134 4154 aptavit,
3160 4090 3324 4154 prout
3349 4080 3649 4150 unicuique

2059 4179 2275 4234 cantico
2305 4177 2600 4233 convenire
2623 4176 3004 4243 existimabat;
3037 4183 3202 4247 atque
3234 4175 3308 4230 ita
3337 4173 3647 4245 imperitiou

2060 4285 2183 4324 rum
2215 4270 2430 4326 animos
2460 4271 2730 4326 suavitate
2767 4277 2965 4325 cantus
2998 4269 3066 4324 ad
3110 4267 3446 4341 impietatem
3488 4283 3646 4328 suam

2061 4362 2266 4418 sensim
2301 4361 2622 4418 abduxisse.

443 4452 516 4516 γ’.
553 4447 676 4500 Ὅτι
717 4448 810 4503 τὸν
853 4450 1072 4519 ’Ἄρειον
1100 4450 1158 4502 ὲν
1191 4447 1268 4520 τῷ
1316 4447 1608 4521 θεομαχεῖν
1648 4449 1759 4522 (il)
1811 4451 1952 4505 κατὰ

2129 4454 2182 4510 3.
2214 4455 2332 4508 Arii
2358 4455 2626 4510 doctrina.
2656 4483 2730 4496 -—-
2771 4453 2886 4511 Etsl
2920 4454 3111 4510 Arium
3149 4452 3354 4510 divinis
3389 4450 3646 4506 laudibus

1606 4599 1844 4645 VALESII
1884 4601 2389 4651 ANNOTATIONES.

439 4702 517 4777 (ρ)
547 4702 705 4777 Πρὸς
732 4703 848 4777 τὴν
873 4705 1209 4777 εἰίσέϐειαν.
1243 4703 1466 4760 Rectius
1494 4704 1547 4758 in
1572 4708 1948 4777 manuscripto

368 4773 562 4846 codice
602 4773 876 4846 Samuelis
926 4775 1179 4830 Bocharti
1231 4777 1494 4846 scriptum
1537 4785 1621 4830 est
1665 4773 1946 4834 ἀσέϐειαν.

371 4843 638 4898 Eusebius
652 4846 797 4899 enim
824 4843 1278 4912 Nicomediensis,
1299 4843 1421 4900 cum
1443 4845 1693 4899 formula:
1716 4847 1948 4904 Nicaenae

373 4915 490 4967 ﬁdei
523 4915 767 4987 primum
803 4917 1219 4987 subscripsisset
1242 4958 1257 4980 ,
1291 4917 1454 4986 paulo
1468 4925 1614 4987 _post
1647 4917 1713 4970 ad
1764 4920 1949 4987 pristi-

369 4999 493 5038 nam
520 4986 851 5053 impietatem
877 4983 1056 5050 rcdiit,
1083 4997 1140 5042 ut
1167 4983 1435 5043 testantur
1462 4983 1740 5054 Socrates,
1764 4983 1951 5045 ’δοιο-

370 5070 564 5108 mentis
595 5069 659 5109 ac
691 5053 1080 5112 Theodoritus.

438 5125 1170 5201 (1())__.Ev1_fe.l(_)elr_ai)_toﬁ.
1239 5129 1296 5201 In
1343 5130 1719 5201 manuscripto
1761 5131 1951 5187 codice

373 5193 646 5269 Samuelis
693 5193 947 5269 Bccharti
998 5199 1065 5252 ad
1114 5199 1417 5269 marginem
1462 5193 1812 5256 emendatum
1867 5211 1952 5257 est

371 5265 550 5335 αὐτῷ,
599 5266 745 5335 quod
795 5268 1016 5338 quidem
1063 5265 1462 5340 magis'probo.
1520 5271 1595 5328 De
1640 5273 1742 5328 hac
1787 5287 1951 5343 porro

2051 4713 2375 4768 narratione
2412 4713 2570 4769 idem
2592 4713 2771 4769 sentio
2804 4712 2949 4782 quod
2985 4710 3248 4776 Photius,
3286 4725 3436 4782 mera
3488 4725 3644 4766 men-

2051 4783 2209 4838 dacia
2239 4785 2354 4839 haec
2383 4798 2506 4854 esse
2539 4785 2608 4838 ab
2649 4781 2952 4854 impudcn_ti
2990 4783 3213 4854 homine
3241 4781 3498 4836 conﬁcta.

2125 4854 2236 4924 (1|)
2281 4856 2382 4908 Ἑν
2405 4853 2487 4919 τῷ
2515 4850 2853 4924 θεομαχεῖν.
2889 4851 3087 4908 Totum
3123 4853 3227 4907 hoc
3258 4861 3421 4924 caput
3455 4850 3644 4924 prodi-

2050 4921 2226 4994 giosis'
2271 4926 2554 4980 erroribus
2613 4921 2894 4987 scatebat,
2945 4939 3053 4977 non
3099 4933 3208 4994 tam
3245 4922 3376 4976 vitio
3433 4921 3644 4994 codicis

2055 4992 2409 5066 fuanuscripti
2428 5011 2537 5065 quo
2564 5011 2697 5049 usus
2721 4993 3122 5066 est_Gothofred
3134 5009 3219 5057 us,
3239 5007 3402 5066 quam
3424 4992 3496 5046 ob
3519 4992 3644 5066 ejus

2053 5062 2382 5135 imperitiam
2425 5062 2476 5119 in
2523 5065 2766 5135 legendis
2801 5063 3006 5120 Grzecis
3048 5063 3474 5135 exemplaribus.
3524 5062 3640 5135 Ego

2055 5133 2159 5202 ope
2199 5151 2332 5190 mss.
2369 5133 2643 5199 codicum,
2676 5134 3046 5189 Scoriacensis
3076 5133 3289 5189 scilicet
3320 5144 3373 5189 ct
3409 5133 3646 5193 Bcchar-

2055 5204 2209 5268 tiaui,
2242 5221 2458 5261 errores
2493 5206 2616 5262 illos
2650 5206 2952 5260 emendavi.

1838 5413 2188 5460 VARIORUM.

441 5515 625 5591 (a)1d
675 5519 1024 5591 dyoroﬂqwr
1073 5518 1168 5587 (ita
1219 5520 1724 5591 enimplcgendum)
1759 5522 1828 5575 ἐν
1875 5520 1952 5588 τῷ

373 5586 674 5658 ὁμοουσίφ
700 5586 1286 5662 ύπρκλέψαντες.-Λ‹Ι
1309 5586 1602 5658 Ιιιι]ιιέ1ι›ι·ἰ
1631 5586 1952 5662 explicatio;

273 5709 278 5718 ,
376 5657 492 5711 nem
519 5659 748 5712 consule
779 5657 1158 5734 Fragtiientum
1191 5657 1538 5734 I’hilostorgii
1567 5679 1628 5717 ex
1659 5657 1841 5720 Niccta
1867 5666 1954 5721 dc-

377 5738 671 5799 sumptuut,
703 5740 755 5784 ct
783 5728 922 5784 infra
953 5730 1196 5786 citatum.

2136 5523 2208 5593 (ιι)
2259 5523 2597 5606 Tangat/ﬂ.
2634 5521 2856 5606 Cantica
2886 5522 3224 5606 in_pist_l_'_ini_s
3256 5526 3396 5582 inter
3431 5534 3711 5606 mole“,

2061 5591 2433 5679 dum'caultari
2466 5594 2646 5675 solita.
2696 5591 2911 5651 Nullam
2948 5591 3037 5679 hic
3067 5595 3272 5678 Thaliae
3295 5591 3668 5679 ἠιοιιιὶυηιξί

2064 5663 2194 5757 ’ῖίθθίθ
2216 5663 2611 5757 ¹’¹¹⁵ο¹ἓ’⁵ίο¹ῖεέυε
2639 5679 2703 5757 ³3
2725 5683 2831 5757 ίιιιεξ
2853 5677 2913 5757 ξτὲ
2937 5666 3270 5757 athenas“?
3295 5668 3404 5757 “et:
3423 5646 3618 5738 can'ii
3633 5646 3735 5757 ἓξ

2064 5736 2367 5806 distinguit,
2399 5736 2452 5792 in
2482 5731 2619 5793 ιὶδτυ
2650 5735 2724 5792 De
2746 5731 2913 5793 ῬΜρὶ
2949 5736 3185 5793 Νίεαήιε
3214 5736 3448 5790 decretis.
3568 5731 3580 5734 ’
3600 5731 3751 5772 ’τῖ’
