4020 6202
438 307 537 362 695

1798 302 2283 361 PHILOSTORGII

3570 302 3677 361 ‘98

438 425 609 479 ηιιοηε
632 441 695 479 ae
720 426 822 479 sub
851 426 966 492 ipso
998 425 1159 478 etiam
1192 425 1330 479 mari
1370 424 1556 479 Rubro
1600 424 1996 494 subterlapsus.

2110 424 2211 477 ὑπὸ
2243 423 2304 477 τὸ
2334 423 2433 495 τῆς
2457 422 2693 495 Σελήνης
2725 422 3053 493 καλούμενον
3075 423 3218 494 ὅρος.
3258 422 3344 475 Ἐν
3378 414 3423 489 ᾧ
3451 420 3545 474 δύο
3571 440 3679 490 πη-

438 520 503 570 ad
533 519 759 572 alterum
803 515 922 583 ejus
968 515 1111 570 latus
1138 518 1394 587 erumpit,
1448 519 1550 572 sub
1582 533 1648 572 eo
1681 526 1863 572 monte
1910 516 2004 586 qui

2110 512 2208 582 τὰς
2255 512 2471 582 λέγεται
2527 516 2704 567 ποιεῖν
2757 514 3017 584 μεγάλας,
3065 513 3308 584 ἀλλήλων
3356 512 3458 566 οὑκ
3500 512 3679 579 ὀλίγον

438 606 604 660 Lunze
639 617 879 659 voratur.
920 604 1152 662 lbiduos
1185 606 1362 662 fontes
1392 608 1659 663 maximos
1688 608 1897 663 eﬂicere
1923 607 2007 661 di-

436 700 598 764 citur,
628 712 733 751 neu
768 698 979 751 medic--
1008 699 1296 753 intervallo
1343 715 1373 753 a
1422 715 1482 755 se
1531 700 1765 755 invicem
1798 699 2008 754 distan-

438 800 539 848 les.
566 788 657 857 qui
694 805 756 840 ex
790 787 899 841 imo
929 789 1192 843 violenter
1232 791 1284 842 iu
1343 788 1576 843 sublime
1624 796 2004 860 prorumpunt.

439 878 575 933 lline
616 895 709 947 per
756 878 1090 949 Ethiopiam
1141 881 1325 949 lapsus
1375 882 1427 934 in
1466 880 1758 952 Egyptum
1814 882 2006 948 fertur,

437 990 533 1043 per
557 974 817 1040 abruptos
845 973 1098 1041 scopulos
1125 973 1512 1042 praecipitatus.

512 1062 596 1114 11.
641 1062 913 1114 Animalia
954 1062 1256 1117 orientulia.
1304 1093 1373 1103 ο·-
1417 1064 1507 1118 Ait
1562 1065 1872 1119 universam
1925 1079 2010 1120 re-

437 1151 650 1220 gionem
685 1167 806 1220 quae
835 1153 900 1205 ad
933 1153 1067 1207 solis
1104 1163 1283 1207 ortqu
1323 1164 1377 1207 et
1419 1154 1563 1207 circa
1595 1154 1875 1208 meridiem
1904 1155 2007 1210 sita

434 1253 539 1304 est,
565 1244 815 1312 quamvis
864 1244 1161 1300 immodico
1207 1256 1341 1300 a-stu
1379 1256 1669 1310 torreatur,
1703 1256 1898 1302 cuneta
1927 1256 2009 1301 ta-

438 1350 558 1388 men
585 1350 705 1405 quae
732 1345 871 1390 terra
904 1338 1149 1405 marique
1190 1340 1509 1409 gignuntur,
1545 1341 1701 1411 longe
1730 1342 1935 1410 optima
1955 1348 2010 1395 et

433 1427 672 1479 maxima
704 1428 1022 1495 producere.
1065 1429 1196 1483 Nam
1253 1440 1309 1483 et
1366 1432 1602 1486 habenas
1660 1431 2008 1487 incredibilis

435 1520 824 1589 magnitudinis
862 1536 931 1575 eo
979 1521 1033 1575 in
1067 1522 1203 1576 mari
1242 1522 1451 1589 inesse,
1484 1539 1604 1594 quae
1635 1538 2009 1593 saepenumero

432 1630 531 1683 per
559 1612 834 1670 Oceanum
871 1616 1021 1670 illum
1055 1617 1435 1686 navigantibus
1464 1618 1589 1672 visae
1632 1627 1762 1672 sunt
1799 1633 1831 1670 e
1861 1618 2009 1688 pela-

434 1717 503 1772 go
529 1713 887 1774 emergentes.
935 1706 1103 1758 Trrra
1146 1719 1365 1774 quoque
1411 1706 1499 1758 illa
1547 1705 1817 1759 maximos
1848 1706 2010 1760 habet

2104 606 2451 677 διεστηκυίας
2507 605 2752 660 κάτωθεν
2794 605 2983 676 βιαίως
3036 604 3535 678 άναρυὸδουμένας.
3571 606 3681 658 Κσι

2105 696 2193 749 διὰ
2226 696 2326 767 τῆς
2363 696 2647 759 Αἰθιοπίας
2678 695 2917 766 ἐνεχθεὶς
2944 695 3035 749 ἐπὶ
3067 694 3166 764 τὴν
3192 694 3466 763 Αἴγυπτον
3490 696 3679 765 χωρεῖ,

2105 786 2192 839 διὰ
2224 786 2437 857 πετρῶν
2455 786 2802 859 ὑψηλοτάτων
2829 784 3319 856 καταραττόμενος.

2180 1054 2270 1102 ια’.
2307 1047 2429 1101 Ὀτι
2463 1052 2627 1118 φησιν
2658 1049 2804 1103 ἅπαν
2833 1048 2894 1101 τὸ
2920 1046 3058 1119 πρὸς
3093 1047 3385 1116 ἀνίσχοντα
3415 1045 3567 1116 ἣλιον
3589 1047 3685 1100 καὶ

2109 1140 2238 1209 περὶ
2261 1137 2358 1210 τὴν
2385 1138 2732 1210 μεσημϐρίαν
2772 1139 2963 1210 κλίμα,
2994 1138 3173 1192 καίτοι
3198 1139 3338 1210 πέρα
3356 1137 3451 1191 τοῦ
3482 1139 3682 1210 μέτρου

2108 1229 2464 1302 θαλπόμενον,
2491 1232 2640 1302 ὅμως
2672 1233 2741 1285 τά
2787 1232 3055 1304 κράτιστα
3100 1231 3195 1285 καὶ
3233 1231 3467 1302 μέγιστα
3498 1231 3687 1303 φέρειν

2106 1321 2216 1374 τῶν
2235 1321 2337 1375 ὃσα
2356 1322 2429 1391 γῆ
2456 1323 2550 1375 καὶ
2580 1322 2817 1375 Θάλαττα
2845 1322 3045 1392 δυνατὴ
3082 1322 3324 1393 τρέφειν.
3360 1321 3442 1375 Τά
3470 1338 3533 1374 τε
3573 1322 3686 1392 γὰρ

2108 1414 2247 1483 κήτη
2279 1413 2346 1467 τά
2366 1412 2720 1484 ὑπερμεγέθη
2747 1412 2922 1486 ταύτῃ
2966 1415 3167 1468 ἐνεῖναι
3193 1416 3260 1484 τῇ
3295 1412 3561 1484 θαλάτττγ
3590 1415 3687 1466 καὶ

2107 1503 2208 1574 ήδη
2238 1503 2394 1575 ὤφθη
2434 1504 2693 1569 πολλάκις
2729 1504 3139 1559 ἐπιπολάσαντα
3173 1507 3287 1569 τοῖς
3317 1505 3412 1559 τὸν
3443 1504 3686 1558 ὠκεανὸν

2107 1595 2312 1648 ἐκεῖνον
2363 1594 2820 1665 ναυτιλλομένοις.
2880 1595 2954 1648 Ἦ
2997 1612 3058 1648 τε
3099 1595 3170 1666 γῆ
3224 1597 3351 1660 τοὺς
3388 1596 3686 1665 ἐλέφαντας

2109 1686 2222 1756 ἔχει
2245 1688 2370 1750 τοὺς
2398 1687 2687 1757 μεγίστους
2714 1688 2808 1742 καὶ
2840 1688 3339 1760 ὑπερφυεστάτους.
3363 1691 3472 1742 Καὶ
3497 1690 3562 1761 δὴ
3589 1693 3686 1743 καὶ

432 1796 751 1865 elephantos
793 1812 857 1850 ac
904 1796 1244 1850 vastissimas
1305 1795 1410 1850 Eos
1457 1797 1584 1851 item
1635 1798 1726 1867 qui
1769 1797 2005 1852 taurele—

2110 1779 2237 1841 τοὺς
2265 1778 2706 1849 ταυρελέφαντας
2733 1779 3059 1851 λεγομένους
3079 1798 3092 1812 ·
3117 1775 3195 1835 ὧν
3220 1781 3281 1834 τὸ
3304 1782 3403 1852 μὲν
3434 1783 3590 1851 γένος
3617 1784 3690 1836 τὰ

433 1888 622 1959 pbanti
662 1889 918 1943 dicuntur
962 1907 976 1943 :
1022 1890 1164 1958 quo]
1219 1890 1520 1943 helluarum
1573 1905 1766 1960 genus,
1811 1898 2005 1945 caetera

433 1980 652 2052 quidem
689 1980 786 2035 bos
819 1989 901 2035 est
934 1982 1206 2035 maximus
1232 2020 1246 2044 ,
1293 1982 1447 2036 corio
1494 1991 1674 2036 autem
1720 1992 1775 2037 et
1819 1984 2005 2039 colore

432 2072 575 2128 cutis
616 2080 670 2127 et
692 2071 1060 2142 magnitudine
1100 2070 1271 2128 ferme
1304 2072 1549 2142 elephas.
1582 2071 1692 2128 Hoc
1717 2074 1862 2128 enim
1891 2075 2010 2128 ani-

434 2165 545 2221 mal
571 2165 685 2235 ipse
708 2164 838 2225 vidi.
868 2179 990 2218 cum
1029 2164 1093 2218 ad
1140 2162 1419 2220 Romanos
1449 2164 1686 2220 delatum
1722 2174 1898 2220 esset:
1927 2164 2010 2218 id-

432 2273 540 2326 que
564 2256 710 2329 quod
737 2256 842 2310 vidi
875 2256 1075 2312 scribo.
1109 2255 1249 2311 Sunt
1281 2266 1539 2327 praetcrea
1569 2257 1714 2327 apud
1739 2257 1863 2312 illos
1883 2257 2009 2312 dra-

432 2366 621 2415 cones,
662 2349 1272 2418 crassitudiuequidem
1311 2348 1559 2403 trabibus
1583 2347 1820 2417 aequales
1843 2365 1859 2408 :
1885 2348 2010 2403 lon-

432 2441 679 2511 gitudine
707 2456 834 2495 vero
856 2441 921 2494 ad
950 2440 1259 2509 quindecim
1293 2453 1467 2507 usque
1487 2439 1703 2509 orgyias
1727 2440 2006 2508 protensi;

434 2547 559 2586 nam
600 2542 654 2586 et
706 2532 900 2585 horum
954 2531 1123 2598 pelles
1177 2530 1244 2583 ad
1313 2528 1688 2584 Romanorum
1749 2530 2007 2585 ditionem

433 2622 669 2691 perlatas
726 2620 855 2674 vidi.
898 2619 1216 2675 Monoi‘erns
1272 2619 1400 2674 item
1457 2619 1660 2674 animal
1712 2622 1859 2691 apud
1914 2636 2010 2677 eos

434 2712 698 2773 nascitur,
732 2719 895 2781 caput
931 2708 1151 2780 quidem
1185 2709 1440 2764 draconis
1466 2710 1691 2776 habens,
1723 2712 1824 2765 nisi
1864 2712 2008 2781 quod

432 2816 604 2854 cornu
652 2800 974 2864 ﬂexuosum,
1022 2814 1129 2854 non
1168 2799 1241 2854 ita
1281 2815 1538 2869 magnum
1577 2801 1627 2855 ei
1664 2802 2007 2868 innascitur;

434 2901 673 2946 mentum
735 2891 855 2960 ejus
919 2891 1189 2962 integrum
1257 2892 1426 2948 barba
1492 2893 1742 2948 vestitur.
1813 2894 2009 2949 Cervix

434 2983 594 3053 longa
636 2984 690 3037 in
732 2982 964 3037 sublime
1022 2992 1301 3051 protensa,
1358 2982 1424 3037 ad
1486 2982 1743 3038 draconis
1798 2993 2011 3039 tractus

431 3075 839 3130 similitudinem
893 3075 1133 3144 proxime
1188 3074 1471 3131 accedens.
1542 3074 1827 3145 Reliquum
1885 3092 2009 3133 eor-

430 3181 535 3235 pus
575 3164 719 3220 cervi
757 3164 933 3233 potius
976 3164 1389 3245 similitudinem
1426 3163 1592 3219 refert
1623 3182 1636 3219 :
1666 3168 1830 3234 pedes
1882 3182 2011 3221 vero

431 3256 605 3311 leonis
659 3256 852 3320 habet;
902 3254 1021 3322 ejus
1091 3254 1316 3326 efﬁgiem
1378 3255 1855 3326 COustantinOpoli
1910 3257 2009 3310 de-

431 3347 630 3415 pictam
687 3344 813 3397 lieet
878 3357 1121 3397 cernere.
1188 3342 1292 3397 Sed
1333 3353 1389 3398 et
1452 3344 1900 3415 camelopardalis
1954 3346 2009 3401 in

431 3434 619 3488 eadem
657 3434 875 3502 regione
917 3433 1176 3488 nascitur.
1213 3432 1345 3499 Qua:
1382 3444 1577 3489 caetera
1631 3436 1846 3505 quidem
1891 3453 2009 3491 cer-

433 3540 534 3580 vus
571 3534 653 3580 est
697 3524 999 3589 maximus;
1039 3527 1364 3593 proceritate
1397 3540 1525 3581 vero
1559 3528 1753 3581 canteli
1810 3543 2010 3598 corpus

433 3617 646 3672 videtur
679 3615 918 3681 imitari;
972 3616 1168 3671 collum
1210 3618 1428 3686 quidem
1474 3617 1873 3688 longissimum,
1911 3635 2010 3675 nec

434 3704 626 3773 reliqui
695 3704 944 3773 corporis
997 3705 1334 3773 proportiuni
1401 3705 1763 3775 respondens,
1805 3707 1858 3761 in
1910 3721 2006 3762 su-

432 3796 598 3850 blime
654 3804 895 3850 erectum
941 3803 1149 3865 gestat;
1202 3797 1370 3866 pellis.
1401 3807 1584 3852 autem
1637 3807 1747 3853 tota
1787 3815 1817 3853 a
1853 3814 2007 3854 sum-

433 3902 522 3940 mo
581 3888 781 3943 vertice
833 3903 1007 3957 usque
1057 3888 1123 3942 ad
1175 3888 1316 3943 imo‘s
1374 3890 1561 3957 pedes,
1624 3889 1883 3944 varietate
1934 3890 2009 3943 si-

434 3978 658 4032 millima
690 3988 772 4033 est
821 3980 989 4048 pardo
1015 3994 1028 4043 ;
1053 3980 1216 4048 pedes
1249 3978 1577 4045 anteriores,
1614 3980 2008 4049 posterioribus

430 4071 654 4125 altiores
696 4071 874 4125 habet.
905 4068 1000 4125 Est
1041 4070 1205 4125 etiam
1250 4072 1392 4139 apud
1441 4071 1565 4127 illos
1615 4071 2004 4142 sagopitbecus,

316 4172 319 4175 '
431 4163 605 4216 simia:
630 4178 803 4231 genus
833 4162 1107 4231 quoddam
1135 4181 1150 4218 :
1193 4162 1427 4232 plurima
1469 4163 1614 4218 enim
1647 4172 1777 4218 sunt
1808 4178 2007 4233 genera

431 4252 738 4306 simiarum.
770 4251 905 4308 Nam
936 4264 990 4309 et
1013 4255 1347 4326 arcopitheci
1378 4264 1509 4310 sunt
1537 4264 1593 4310 et
1620 4255 2006 4325 leontopitheei

429 4352 484 4397 et
517 4344 893 4414 cynocephali,
926 4344 1048 4400 aliis
1089 4356 1255 4415 atque
1300 4347 1424 4401 aliis
1462 4347 1783 4402 animalium
1816 4346 2008 4402 formis

2111 1869 2209 1939 μὲν
2233 1870 2367 1925 ἄλλα
2388 1872 2566 1925 πάντα
2595 1870 2721 1940 βοῦς
2771 1872 2890 1924 ἐστι
2934 1872 3216 1942 μέγιστος·
3248 1874 3346 1945 τὴν
3381 1874 3440 1927 δὲ
3480 1874 3689 1946 βύρσαν

2108 1962 2202 2014 καὶ
2228 1962 2287 2015 τὸ
2316 1962 2513 2033 χρῶμα
2542 1961 2736 2031 ἐλέφας
2769 1963 2864 2016 καὶ
2884 1963 3068 2033 σχεδὸν
3103 1964 3275 2017 εἰπεῖν
3308 1965 3405 2021 καὶ
3435 1965 3494 2017 τὸ
3518 1966 3685 2035 μέγε-

2109 2050 2219 2116 θος.
2245 2053 2355 2106 Καὶ
2382 2053 2492 2124 γὰρ
2512 2055 2592 2117 είς
2629 2053 2931 2124 Ῥωμαίους
2970 2053 3229 2125 κομισθὲν
3256 2055 3316 2108 τὸ
3345 2054 3484 2119 ζῶον
3531 2054 3691 2109 ἐθεα-

2111 2143 2318 2214 σάμην·
2361 2145 2455 2197 καὶ
2483 2144 2544 2197 τὸ
2585 2144 2763 2215 θέαμα
2804 2147 3022 2216 γράφω.
3066 2145 3349 2200 Ἀλλάκαὶ
3395 2147 3689 2219 δράκοντες

2109 2236 2166 2288 ἐν
2194 2235 2403 2299 τούτοις
2433 2235 2563 2302 εἰσὶ,
2589 2236 2761 2306 πάχος
2781 2236 2881 2306 μὲν
2908 2236 3080 2290 δοκῶν
3102 2237 3204 2292 οὑκ
3224 2237 3477 2302 ἐλάττους
3494 2255 3509 2269 ·
3541 2238 3604 2291 τὸ
3629 2239 3688 2291 δὲ

2113 2326 2286 2397 μῆκος
2332 2328 2413 2391 είς
2467 2326 2765 2381 δεκαπέντε
2803 2330 3263 2401 παρατεινόμενον
3310 2331 3543 2403 ὀργυιάς
3575 2331 3688 2400 (α)·

2110 2420 2204 2473 καὶ
2234 2418 2344 2490 γάρ
2362 2418 2683 2473 καὶτούτων
2698 2419 2795 2485 τὰς
2813 2421 2975 2493 δοράς
2996 2425 3075 2488 είς
3100 2422 3401 2494 Ῥωμαίους
3422 2426 3694 2499 ἀποκομι-

2112 2508 2329 2573 σθείσας
2356 2503 2518 2565 εἶδον.
2549 2510 2617 2565 ’0
2638 2528 2697 2565 τε
2741 2514 3053 2585 μονόκερως
3080 2514 3141 2568 τὸ
3180 2515 3319 2580 ζῶον
3351 2519 3479 2589 παρ’
3507 2518 3692 2583 αὑτοῖς

2114 2600 2250 2659 ἐστι.
2282 2598 2382 2670 τὴν
2426 2599 2526 2670 μὲν
2569 2600 2813 2673 κεφαλὴν
2849 2601 3144 2673 δράκοντος
3177 2604 3379 2680 φέρων,
3424 2608 3594 2681 κέρας
3629 2611 3689 2664 δὲ

2112 2690 2331 2744 σκολιὸν
2359 2690 2509 2763 αὑτῷ
2540 2692 2806 2761 πέφυκεν,
2845 2693 2966 2748 οὑτι
3011 2695 3216 2767 σφόδρα
3246 2697 3422 2767 μέγαο
3453 2701 3482 2753 ό
3512 2700 3572 2753 δέ
3596 2702 3694 2754 άν-

2112 2780 2314 2850 θερεὼν
2336 2782 2485 2853 αὑτῷ
2511 2782 2770 2851 πώγωνος
2795 2784 3212 2856 ὑποπίμπλαται
3260 2787 3430 2853 ἅπας.
3466 2791 3694 2863 Μακρὸς

2110 2872 2167 2925 δὲ
2190 2874 2218 2926 ό
2251 2872 2517 2945 τράχηλος
2545 2875 2625 2937 εἰς
2656 2873 2789 2943 ὕψος
2818 2877 3254 2948 ἀνατεινόμενος,
3295 2879 3441 2951 ὁλκῷ
3465 2882 3696 2954 δράκον-

2111 2978 2203 3026 τος
2227 2962 2502 3031 ἐγγύτατα
2532 2964 2932 3037 παραπλήσιος.
2969 2968 3043 3021 Τὸ
3071 2968 3128 3022 δὲ
3158 2970 3287 3024 ἄλλο
3320 2971 3483 3044 σῶμα
3506 2974 3695 3045 ἐλάφῳ

2114 3054 2400 3125 προσέοικε
2438 3055 2671 3125 μᾶλλον·
2707 3058 2831 3119 τοὺς
2870 3057 2928 3111 δὲ
2969 3060 3141 3125 πόδας
3178 3061 3389 3129 λέοντος
3422 3064 3571 3136 ἔχει·
3597 3068 3696 3120 καὶ

2038 3114 2081 3171 c
2114 3114 2227 3196 ἐστι
2265 3159 2326 3212 γε
2356 3114 2520 3198 αὑτοῦ
2555 3144 2616 3198 τὸ
2658 3114 2960 3217 ὲκτὺπωμα
3008 3114 3142 3221 ὑρᾷν

2112 3233 2288 3288 πόλει.
2334 3233 2446 3287 Καὶ
2491 3233 2555 3305 δὴ
2601 3236 2695 3288 καὶ
2740 3238 2772 3307 η
2817 3238 3296 3312 καμηλοπάρδαλις
3335 3243 3431 3315 τῆς
3478 3245 3697 3317 ἐκείνης

2111 3326 2354 3398 γέννημα
2397 3326 2601 3397 χώρας.
2652 3329 2722 3382 Ἦ
2772 3330 2840 3383 τά
2890 3331 2988 3401 μὲν
3036 3332 3173 3388 ἄλλα
3213 3333 3407 3403 ἒλαφός
3445 3337 3562 3390 ἐστι
3600 3355 3699 3409 με·

2113 3422 2268 3494 γίστη
2290 3438 2304 3452 °
2336 3422 2585 3495 καμήλου
2610 3423 2667 3476 δὲ
2692 3422 2826 3493 ὕψος
2850 3425 3075 3480 ἐνέδωκε
3103 3426 3164 3481 τὸ
3196 3427 3354 3499 σῶμα
3381 3430 3695 3500 μιμεῖσθαιο

2108 3513 2199 3567 τὸν
2243 3513 2425 3585 μέντοι
2471 3513 2673 3584 αὑχένα
2716 3516 2977 3585 μήκιστον
3001 3558 3015 3580 ,
3065 3518 3159 3571 καὶ
3191 3518 3334 3590 ὑπὲρ
3369 3518 3467 3591 τὴν
3502 3521 3700 3575 ἀναλο-

2108 3605 2234 3674 γίαν
2258 3605 2351 3658 τοῦ
2383 3604 2572 3660 λοιποῦ
2600 3605 2853 3677 σώματος
2881 3607 3037 3681 φέρει
3067 3611 3148 3675 είς
3189 3609 3322 3682 ὕψος
3360 3614 3699 3686 ἀνοροούμε.

2108 3713 2197 3750 νον
2214 3713 2229 3728 ο
2265 3697 2400 3751 ἀλλὰ
2424 3698 2520 3752 καὶ
2540 3697 2636 3769 τὴν
2666 3698 2829 3769 δορὰν
2862 3701 3080 3756 ἃπασαν
3119 3704 3228 3758 ἀπὸ
3253 3706 3495 3779 κεφαλῆς
3516 3708 3701 3778 άκρας

2107 3789 2214 3854 ἕως
2240 3790 2488 3862 ἐσχάτων
2537 3791 2715 3846 ποδῶν
2758 3793 3031 3865 παρδάλει
3092 3798 3326 3867 μάλιστα
3372 3800 3472 3871 τὴν
3512 3817 3698 3856 ποικι-

2107 3881 2227 3936 λίαν
2253 3883 2365 3954 (66)
2396 3884 2882 3956 προσφερεστάτην
2916 3886 3061 3956 ἔχει’
3100 3892 3196 3943 καὶ
3224 3891 3350 3954 τοὺς
3383 3876 3701 3963 ἔμπροσθεν

2109 3975 2275 4039 πόδας
2307 3976 2678 4047 ὑψηλοτάτους
2712 3977 2821 4031 τῶν
2858 3979 3056 4034 όπίσω.
3102 3982 3239 4053 Παρ*
3264 3984 3448 4048 αὑτοῖς
3483 3984 3542 4039 δέ
3580 3986 3704 4039 ἐστι

2107 4067 2202 4119 καὶ
2226 4067 2256 4119 ό
2278 4067 2571 4137 λεγόμενος
2603 4068 3242 4142 αίγοπίθηκος..πίθηκός
3273 4089 3359 4136 τις
3382 4072 3457 4126 ὥν
3474 4090 3488 4106 ·
3527 4075 3706 4146 μυρία

2106 4156 2215 4228 γάρ
2245 4158 2362 4212 ἐστι
2392 4157 2523 4229 γένη
2563 4158 2835 4230 πιθήκων.
2889 4162 3274 4234 ’Λρκοπίθηκοι
3318 4165 3427 4237 γάρ
3475 4166 3614 4219 εἰσιν
3642 4171 3705 4222 ἐν

2106 4250 2314 4314 αὑτοῖς,
2367 4251 2462 4304 καὶ
2522 4247 2949 4323 λεοντοττίθηκοι,
3005 4255 3097 4307 καὶ
3156 4255 3517 4323 κυνοκέφαλοι
3539 4273 3554 4287 ⁸
3601 4259 3704 4311 καὶ

2107 4338 2296 4402 ἄλλαις
2330 4338 2542 4393 πολλῶν
2573 4339 2729 4405 ζώων
2756 4343 2954 4406 εἰδέαις
2978 4343 3090 4409 (67)
3120 4345 3221 4412 τῆς
3250 4347 3540 4418 πιθηκείας
3564 4365 3704 4420 μορ-

431 4433 794 4503 permiscente
840 4448 899 4487 se
931 4433 1217 4488 simiarum
1250 4436 1445 4505 ﬁgura.
1480 4432 1650 4505 quue
1680 4443 1906 4505 apparet
1935 4449 2001 4487 ev

2114 4428 2223 4499 φῆς
2259 4429 2712 4503 ἐπιμιγνυμένης.
2742 4436 2853 4487 Καὶ
2884 4434 3046 4503 δῆλον
3086 4436 3261 4490 ταῦτά
3300 4438 3442 4503 ἐστι,
3484 4437 3703 4495 πολλῶν

431 4522 618 4579 multis
647 4522 964 4593 huiusmodi
1003 4524 1191 4579 bestiis
1226 4539 1349 4594 qum
1392 4523 1460 4578 ad
1507 4539 1608 4579 nos
1655 4532 2008 4593 comportan—

429 4623 565 4669 tur:
599 4613 905 4684 cujusmodi
939 4614 1104 4669 etiam
1150 4625 1234 4669 est
1273 4616 1319 4670 is
1363 4614 1458 4683 qui
1502 4629 1606 4683 pan
1646 4624 1892 4677 vocatur,
1927 4628 2012 4668 ca-

429 4708 563 4775 pite,
602 4706 777 4769 vultu,
814 4714 870 4759 et
898 4706 1161 4759 cornibus
1198 4720 1419 4774 capram
1453 4705 1717 4769 referens,
1753 4707 1822 4759 ab
1845 4706 2009 4761 ilibus

429 4801 685 4855 deorsum
721 4810 914 4852 versus
941 4796 1181 4866 caprinis
1213 4793 1468 4850 cruribus
1501 4793 1795 4868 insistens;
1824 4806 2009 4851 ventre

2115 4523 2196 4584 είς
2229 4522 2377 4592 ἡμᾶς
2430 4522 2810 4595 κομιζομένων
2829 4540 2859 4563 ·-
2882 4521 2995 4590 οἷος
3027 4528 3091 4599 δὴ
3121 4530 3216 4582 καὶ
3261 4529 3290 4581 ό
3331 4529 3438 4583 πὰν
3470 4530 3703 4602 ἐπικλη-

2115 4611 2225 4675 θεὶς
2261 4614 2515 4685 ὑπάρχει,
2558 4616 2617 4680 ὃς
2663 4616 2762 4688 τὴν
2818 4619 3059 4691 κεφαλὴν
3110 4621 3529 4692 αίγοπρόσωπός
3579 4623 3699 4676 ἐστι

2115 4704 2209 4757 καὶ
2244 4706 2565 4777 αἰγόκερως,
2599 4710 2694 4762 καὶ
2734 4713 2797 4763 ἐκ
2834 4711 3077 4780 λαγόνων
3128 4714 3195 4766 τά
3246 4714 3397 4767 κάτω
3441 4716 3700 4783 αἰγοσκε-

2114 4795 2234 4868 λὴς,
2269 4797 2368 4870 τὴν
2408 4799 2466 4853 δὲ
2507 4800 2714 4856 κοιλίαν
2746 4804 2842 4857 καὶ
2882 4803 2943 4856 τὸ
2987 4804 3204 4874 στέρνον
3242 4806 3338 4859 καὶ¹
3370 4804 3468 4870 τὰς
3505 4807 3698 4877 χεῖρας

1664 4966 1907 5011 VALESII
1944 4967 2423 5016 ANNOTATIONES

505 5103 788 5177 (66)_Thr
840 5092 1437 5177 nalxui'ar._§lallem
1486 5094 1726 5177 scribere
1774 5094 1841 5163 τῇ
1878 5109 2012 5177 ,ποι-

428 5162 794 5247 κιλίᾳίῐόιὶιο
834 5166 955 5245 post
989 5169 1153 5225 etiam
1185 5163 1555 5238 ὑψηλοτέρους
1583 5164 1704 5237 lego
1736 5162 1837 5235 pro
1871 5162 2012 5234 ὑψη-

427 5247 704 5311 λοτάτους.

2192 5093 2305 5164 (67)
2338 5094 2447 5148 Καὶ
2472 5093 2691 5161 ἄλλαις
2721 5095 2971 5150 πολλῶν
2997 5096 3158 5161 ζώων
3183 5097 3420 5164 εὶὸἐαις.
3449 5096 3569 5153 Non
3595 5098 3700 5154 du-

2120 5163 2234 5234 hito
2263 5164 2772 5234 quinscribendum
2805 5167 2898 5231 sit,
2925 5166 3113 5230 ἄλλαις
3143 5170 3236 5221 κοιλ⁵
3265 5163 3453 5234 ἄλλαις
3480 5168 3699 5226 πολλῶν

2120 5231 2531 5298 ζώωνέίόἐαις,
2563 5234 2618 5289 ld
2649 5235 2797 5290 enim
2832 5238 2992 5307 longe
3013 5238 3337 5309 elegantius.

1899 5362 2253 5409 VARIORUM.

501 5500 581 5572 (ιι)
629 5500 921 5572 ὀρτυιᾴς.
969 5496 1164 5572 Orgyia
1207 5506 1479 5572 mensura!
1529 5507 1702 5572 genus
1736 5500 1853 5572 est“.
1891 5505 2001 5572 “se:

501 5516 581 5572 (α)
633 5516 921 5569 ὐργυιας.
969 5516 1164 5623 υνῗγιθ
1207 5516 1479 5576 mensura!
1529 5516 1702 5563 genus
1736 5516 1853 5554 εει,
1909 5516 1936 5545 s

428 5571 719 5649 continens
760 5569 967 5649 pedes:
1015 5588 1046 5624 ιι
1075 5583 1198 5649 nam
1249 5566 1425 5649 Latini
1473 5566 1764 5649 appellant.
1809 5562 1936 5649 Polli

427 5640 654 5711 exponit
685 5634 921 5711 spatium
961 5647 1225 5711 quantum
1259 5634 1791 5711 protensa__hominis
1832 5634 2007 5711 utriu-

428 5702 538 5785 qui:
563 5702 805 5776 brachia,
842 5708 909 5760 ab
946 5702 1116 5761 altero
1157 5702 1373 5760 summo
1406 5702 1585 5758 medio
1626 5704 1795 5773 digito
1821 5702 1888 5757 ad
1916 5702 1997 5756 al-

1075 5562 1198 5623 itam
1249 5563 1425 5619 Latini
1473 5562 1764 5633 appellant.
1809 5562 2004 5619 Pollux
2044 5604 2049 5609 .

2116 5500 2290 5571 terum
2323 5495 2544 5571 trajecta
2575 5512 2672 5571 per
2694 5506 2881 5571 pectus
2907 5498 3249 5571 longitudine
3278 5507 3481 5571 patent.
3515 5498 3577 5571 Et
3611 5497 3696 5571 sic

2111 5562 2594 5640 fere_sclioliastes
2638 5562 3069 5640 in'Oppiauun'z:
3121 5562 3545 5640 Ὄργιὶιὰνάπὺ
3596 5566 3696 5640 τοῦ

2107 5631 2298 5699 όρούω
2315 5637 2377 5689 τὸ
2404 5637 2576 5761 όρμῶ,
2613 5638 2705 5691 καὶ
2733 5623 2829 5691 τοὺ
2849 5637 3021 5708 γυῖον
3107 5623 3257 5714 χείρ’·
3285 5644 3317 5713 η
3348 5623 3457 5693 τ’ὦν
3491 5637 3696 5710 χειρῶν

2107 5701 2323 5761 ἔκτασις
2352 5707 2441 5759 καὶ
2507 5707 2663 5761 οεεις.

2105 5701 2323 5767 έκτασις
2352 5701 2447 5759 καῖ
2471 5701 2663 5780 δρεξις.
