4020 6202
334 287 449 344 ‘97

1373 292 1925 361 ECCIESIA‘STICIE
1968 293 2311 355 ιιιεῑυιιιτε
2352 302 2477 357 LIB.
2511 302 2597 357 Ill.

3474 311 3578 368 498

337 404 581 474 καθαρὸς
626 402 874 474 πίθηκος.
929 407 1023 458 Ὃν
1067 406 1160 460 καὶ
1200 408 1228 459 ὁ
1273 407 1380 460 τῶν
1440 409 1616 461 Ἰνδῶν
1663 408 1906 479 βασιλεὺς

2016 428 2157 497 vero
2182 425 2236 470 et
2284 427 2500 486 pectore
2545 437 2610 475 ac
2660 422 2930 485 manibus,
2974 436 3156 478 merus
3200 425 3413 481 simius.
3468 426 3579 482 Hoc

342 493 703 565 I'vaa‘rawitp
742 496 1090 551 ἀπεστάλκει.
1127 499 1169 550 Τ
1172 498 1299 551 οὖτο
1331 498 1387 552 δὲ
1428 500 1489 551 τὸ
1518 499 1654 564 ζῶον
1683 499 1777 571 ἔζη
1816 500 1915 570 μὲν

344 589 641 659 φερόμενον
675 588 801 659 ἄχρι
835 590 1001 655 τινος,
1040 591 1098 644 έν
1142 610 1245 646 τινι
1278 593 1548 664 πλέγμα-ει
1586 594 1674 647 διὰ
1718 596 1779 647 τὸ
1819 595 1917 665 θη·-

344 678 532 748 ριῶδες
552 678 860 747 εἰργμένον.
904 680 1054 732 Ἐπεὶ
1089 680 1144 733 δὲ
1182 680 1439 746 ἀπέθανε,
1496 683 1914 754 ταριχεύσαντες

342 770 470 823 αὐτὸ
505 771 556 823 oi
597 770 934 840 κομίζοντες,
973 772 1240 845 θεάματος
1276 778 1579 847 παρασχεῖν
1613 780 1914 851 ἀσυνήθους

340 862 546 924 εἰκόνα,
580 863 740 933 μέχρι
768 864 865 930 τῆς
896 864 1304 919 Κωνσταντίνου
1333 866 1660 922 διεσώσαντο
1683 871 1909 936 πόλεως.

341 954 448 1006 Καί
475 969 566 1017 μοι
595 953 811 1007 δοκοῦσι
838 955 899 1007 τὸ
928 956 1065 1018 ζῶον
1093 956 1248 1010 τοῦτο
1280 958 1538 1030 Ἕλληνες
1566 961 1732 1014 πάλαι
1764 961 1910 1025 ἰδεῖν,

336 1045 433 1098 καὶ
470 1045 837 1113 ἐκπλαγέντες
854 1047 929 1118 τῷ
949 1048 1085 1118 ξένῳ
1103 1049 1202 1121 τῆς
1231 1050 1389 1114 θέας,
1419 1050 1540 1104 θεὸν
1573 1052 1754 1120 σφίσιν
1768 1055 1915 1124 νομί-

338 1154 451 1198 σαι,
478 1137 786 1207 εἰθισμένον
814 1139 997 1202 αὐτοῖς
1024 1139 1090 1192 τὰ
1120 1141 1395 1211 παράδοξα,
1423 1142 1706 1207 θεοποιεῖν,
1723 1143 1912 1216 ὥσπερ

335 1228 433 1281 καὶ
461 1229 557 1281 τὸν
590 1230 851 1299 σάτυρον·
887 1229 1002 1283 ἔστι
1034 1231 1092 1284 δὲ
1137 1233 1231 1286 καὶ
1276 1233 1434 1288 τοῦτο
1490 1234 1741 1307 πίθηκος,
1782 1240 1910 1308 ἐρυ-

330 1319 466 1389 θρὸς
495 1320 557 1372 τὸ
594 1320 900 1392 πρόσωπον,
938 1322 1032 1375 καὶ
1063 1322 1257 1394 γοργὸς
1289 1324 1387 1395 τὴν
1431 1326 1663 1398 κίνησιν,
1692 1328 1785 1381 καὶ
1817 1329 1907 1381 ού·-

332 1412 440 1481 ρὰν
480 1411 638 1481 ἔχων.
674 1413 785 1464 Kal.
832 1412 937 1483 μὴν
977 1414 1069 1467 καὶ
1110 1416 1142 1485 ἠ
1189 1416 1351 1485 σφίγξ
1389 1417 1546 1486 γένος
1591 1418 1706 1471 ἐστὶ
1746 1418 1906 1491 πιθή-

333 1520 451 1555 κων
470 1520 483 1532 ·
513 1502 644 1555 αὐτὸ
670 1503 780 1574 γὰρ
810 1504 1145 1575 θεασάμενος
1174 1508 1389 1576 γράφω.
1426 1504 1535 1571 7Ης
1561 1509 1621 1561 τὸ
1657 1510 1754 1581 μὲν
1782 1512 1911 1565 ἄλλο

332 1595 498 1663 σῶμα
524 1594 705 1647 λάσιόν
736 1596 852 1649 ἐστι
889 1596 966 1661 ώς
1011 1600 1121 1662 τοῖς
1162 1598 1369 1663 λοιποῖς
1417 1599 1669 1669 πιθήκοις
1694 1620 1705 1633 '
1748 1604 1809 1656 τὸ
1851 1603 1910 1657 δὲ

332 1685 559 1757 στέρνον
579 1687 707 1758 ἄχρι
740 1700 802 1755 γε
840 1686 1004 1741 αὑτοῦ
1032 1688 1127 1742 τοῦ
1160 1690 1428 1761 τραχήλου
1467 1690 1723 1761 ἑψίλωται
1748 1709 1761 1722 ·
1803 1710 1908 1764 μα·-

2014 505 2215 562 animal
2264 525 2358 564 rex
2400 510 2654 567 Indorum
2704 512 2848 568 dono
2892 516 3037 569 misit
3069 516 3135 569 ad
3188 518 3578 587 imperatorem

1974 616 1977 623 ί
2012 595 2411 657 Coustantium.
2447 603 2595 658 Vixit
2616 614 2794 659 autem
2827 606 3160 675 aliquandiu,
3186 624 3308 665 cum
3335 613 3386 665 in
3414 627 3579 668 cavea

2014 689 2247 756 quadam
2272 690 2541 749 inclusum
2560 697 2629 751 ob
2653 696 2983 756 ferocitatem
3009 702 3257 758 ferretur.
3281 702 3575 773 Postquam

2012 790 2193 835 autem
2244 798 2516 841 mortuum
2564 798 2668 855 est,
2720 790 2772 844 hi
2801 793 2891 861 qui
2921 794 3052 848 illud
3095 796 3411 859 all‘ereliant,
3462 796 3577 850 sale

2012 871 2358 937 eondierunt.
2400 878 2603 933 insoliti
2635 884 2927 950 spectaculi
2961 887 3267 940 ostentandi
3308 902 3495 951 causa,
3522 896 3578 941 et

2012 958 2537 1035 Constantiimpolim
2597 986 2769 1040 usque
2820 973 3088 1041 integrum
3142 986 3444 1029 servarunt.
3499 976 3576 1029 Ac

2014 1052 2144 1106 mihi
2180 1057 2396 1124 quidem
2455 1059 2707 1116 videntur
2762 1061 2935 1120 Graeci
2987 1066 3130 1120 istud
3187 1067 3390 1121 animal
3444 1066 3573 1120 olim

2011 1145 2234 1209 vidisse,
2278 1158 2330 1201 et
2364 1153 2656 1219 spectaculi
2702 1154 2939 1209 novitate
2981 1156 3363 1226 obstupefacti,
3413 1156 3573 1211 deum

2012 1237 2114 1290 sibi
2143 1237 2381 1303 ﬁnxisse,
2414 1257 2538 1294 cum
2569 1236 2921 1300 solemneeis
2962 1258 3123 1310 esset,
3167 1263 3230 1302 ex
3268 1248 3430 1301 rebus
3459 1256 3575 1302 stu-

2010 1328 2200 1395 pendis
2249 1340 2411 1399 atque
2454 1332 2787 1390 admirandis
2820 1336 2950 1392 deos
2984 1336 3180 1400 faecre,
3225 1339 3580 1407 quemadmo-

2010 1417 2138 1470 dum
2168 1418 2330 1471 etiant
2370 1419 2612 1476 fecerunt
2644 1424 2694 1477 in
2728 1435 2943 1497 satyro;
2986 1443 3110 1480 nam
3159 1436 3212 1481 et
3259 1429 3347 1482 bie
3379 1431 3575 1484 simius

2008 1516 2114 1573 est,
2152 1507 2286 1564 facie
2327 1511 2511 1574 ruber,
2536 1522 2684 1566 motu
2718 1516 2988 1578 concitus,
3023 1526 3075 1571 ct
3094 1517 3319 1570 caudam
3350 1518 3572 1572 habens.

2010 1596 2115 1652 Sed
2148 1601 2429 1669 etSpltinx
2494 1603 2666 1658 simia:
2719 1622 2890 1675 genus
2928 1619 3046 1673 est;
3096 1609 3146 1662 id
3201 1609 3344 1661 enim
3410 1618 3578 1662 testor

2009 1689 2153 1758 quod
2188 1689 2302 1759 ipse.
2328 1692 2455 1746 vidi.
2489 1692 2659 1762 Cujus
2679 1696 2945 1765 reliquum
2978 1698 3194 1766 quidem
3232 1713 3430 1766 corpus
3462 1697 3574 1752 hir-

330 1777 460 1843 ζοίις
492 1777 553 1831 δὲ
594 1779 851 1849 γυναικὸς
882 1778 1016 1849 ἔχει,
1051 1780 1283 1852 ἐρυθροῦ
1331 1799 1475 1846 τινος
1519 1783 1748 1855 βραχέος
1776 1802 1904 1854 κεγ-

2009 1789 2193 1834 sutum
2245 1790 2350 1848 est,
2397 1782 2539 1836 sicut
2589 1786 2800 1839 caeteris
2858 1786 3066 1850 simiis;
3104 1796 3290 1855 pectus
3335 1804 3461 1842 vero
3508 1791 3572 1842 ad

330 1868 612 1940 χροειδοῦς
651 1872 1101 1943 ὲπαναστήματος
1139 1872 1284 1928 ἅπαν
1316 1875 1375 1929 ἐν
1417 1874 1601 1946 κύκλῳ
1638 1875 1700 1929 τὸ
1742 1893 1905 1946 γεγυ-

334 1961 618 2031 μνωμένον
648 1960 744 2014 τοῦ
774 1960 1030 2032 σώματος
1059 1964 1424 2036 περιθέοντος,
1465 1967 1563 2020 καὶ
1596 1969 1676 2031 είς
1705 1967 1905 2039 πολλήν

332 2068 458 2105 τινα
506 2052 836 2125 εὐπρέπειαν
888 2053 1304 2127 ἀνθρωποφανεῖ
1347 2055 1461 2111 ὄντι
1516 2057 1594 2129 τῷ
1640 2059 1700 2112 ὲν
1753 2059 1904 2130 μέσῳ

334 2144 618 2213 χρώματι,
710 2146 1217 2218 συναρμοζομένουο
1280 2147 1400 2201 τότε
1463 2148 1752 2220 πρόσωπον
1817 2150 1906 2204 ὲν-

240 2243 248 2250 ·
332 2234 773 2305 εστρογγύλωται
803 2236 1023 2306 μᾶλλον,
1052 2238 1145 2292 καὶ
1170 2240 1248 2302 είς
1278 2240 1588 2308 γυναικείαν
1607 2240 1752 2295 ’ἐλκει
1773 2259 1906 2313 μορ-

329 2328 467 2398 φήν·
504 2328 539 2398 ἤ
572 2344 632 2381 τε
663 2330 815 2399 φωνὴ
854 2330 1112 2394 ἐπιεικῶς
1172 2330 1520 2403 ἀνθρωπείαο
1581 2334 1724 2406 πλὴν
1780 2336 1905 2390 ὅσον

326 2418 429 2471 οὐκ
465 2420 548 2482 εἰς
588 2418 766 2491 ἄρθρα
809 2419 1180 2493 διαιρουμένη,
1223 2422 1359 2476 άλλά
1396 2441 1500 2478 τινι
1540 2425 1770 2495 ταχέως,
1812 2428 1905 2480 καὶ

326 2504 441 2563 οἷον
473 2512 781 2582 μετά’τινος
814 2512 985 2583 ὀργῆς
1009 2530 1067 2565 τε
1102 2514 1197 2567 καὶ
1238 2514 1529 2586 ἀχθηδόνος
1559 2516 1749 2587 ἄσημα
1776 2518 1908 2571 ὑπο·

328 2600 679 2673 φθεγγομένη
738 2606 1088 2674 προσεοικυῖα
1157 2604 1289 2675 (68).
1331 2606 1613 2678 Βαρυτέρα
1662 2625 1721 2661 τε
1778 2608 1907 2678 μᾶλ-

327 2694 418 2747 λόν
472 2699 620 2749 ἐστιν
663 2695 977 2767 ὀξυνσμένη.
1043 2695 1265 2768 ’Ἄγριον
1310 2698 1371 2751 τέ
1435 2699 1549 2751 ἐστι
1610 2698 1799 2763 δεινῶς
1839 2699 1900 2754 τὸ

329 2785 521 2857 θηρίον
574 2786 668 2840 καὶ
716 2787 1147 2859 πανουργότατον
1169 2829 1186 2853 ,
1255 2789 1348 2843 καὶ
1390 2789 1511 2843 οὐδὲ
1579 2789 1777 2862 ῥᾳδίως
1832 2809 1906 2844 τι·

327 2879 751 2949 θασσευόμενον.
813 2880 1030 2952 Ταύτης
1086 2884 1166 2945 είς
1217 2882 1401 2954 Θήόας
1464 2901 1554 2954 μοι
1609 2884 1752 2938 δοκῶ
1808 2886 1905 2950 τὰς

332 2971 592 3033 Βοιωτίας
646 2971 816 3025 πάλαι
874 2973 1245 3045 κομισθείσης,
1275 2975 1369 3028 καί
1414 2993 1554 3030 τισιν
1623 2975 1753 3040 ἴσως
1797 2978 1905 3031 τῶν

330 3063 422 3115 ἐπὶ
445 3063 547 3134 θέᾳ
580 3065 1022 3135 συνερρυηκότων
1052 3066 1440 3137 ὲφαλλομένης,
1478 3070 1570 3123 καὶ
1597 3072 1711 3131 τοῖς
1739 3086 1904 3139 προσ-

327 3153 499 3217 ώποις
547 3154 953 3228 λυμηναμένης,
989 3157 1158 3211 δεινὸν
1196 3160 1561 3229 ποιησάμενος
1592 3162 1620 3213 ὁ
1649 3162 1903 3226 Οίδίπους

325 3245 425 3308 τὰς
464 3246 580 3298 τῶν
620 3246 905 3316 ὁμοφύλων
950 3247 1149 3316 λώϐας,
1206 3253 1602 3321 καταφονεῦσαι
1646 3255 1707 3308 τὸ
1743 3255 1901 3320 ζῶον,

327 3334 422 3385 καὶ
452 3332 626 3403 ὄνομα
650 3334 901 3404 λαμπρὸν
928 3338 1140 3392 ἐκεῖθεν
1178 3338 1380 3394 λαϐεῖν.
1407 3342 1518 3395 Καὶ
1550 3341 1713 3395 αὺτὸν
1741 3344 1770 3396 ὁ
1802 3343 1903 3414 μῦ-

328 3421 422 3484 θος
454 3425 536 3486 είς
572 3423 825 3496 ἀνδρείαν
858 3425 1100 3497 κοσμῶν,
1146 3429 1449 3501 ὑπόπτερον
1496 3432 1594 3503 μὲν
1627 3432 1685 3485 τὸ
1719 3433 1905 3504 θηρίον

327 3514 695 3578 ἀναπλάττει,
754 3516 841 3570 διὰ
890 3518 950 3570 τὸ
1005 3518 1172 3584 ὀξέως
1225 3521 1531 3593 ὲπιπηδᾷν’
1588 3523 1807 3596 στέρνον
1845 3524 1904 3577 δὲ

328 3604 593 3670 γυναικὸς
626 3605 983 3676 ὲιραρμόττει,
1017 3610 1110 3661 καὶ
1138 3609 1202 3663 τὸ
1237 3610 1395 3681 σῶμα
1431 3611 1676 3677 λέοντοςο
1716 3630 1905 3682 γυναι-

331 3696 425 3759 κὸς
453 3695 575 3765 μὲν,
597 3696 685 3750 διὰ
708 3698 771 3750 τὸ
804 3699 1091 3770 πρόχειρον
1117 3701 1214 3771 τῆς
1244 3701 1595 3771 γυμνώσεως,
1642 3705 1734 3757 καὶ
1770 3705 1905 3776 πρὸς

329 3788 390 3839 τὸ
423 3792 739 3855 γυναικεῖον
788 3786 925 3853 εἶδος
968 3790 1311 3861 ὁμοιώσεως⁹
1354 3793 1564 3858 λέοντος
1604 3794 1679 3860 δὲ,
1724 3796 1811 3849 διὰ
1847 3797 1907 3849 τὸ

328 3879 617 3951 θηριῶδες,
668 3882 763 3934 καὶ
792 3883 876 3934 ὅτι
915 3882 1058 3936 κατά
1092 3882 1154 3936 τὸ
1197 3883 1444 3938 πλεῖστον
1492 3888 1604 3949 τοῖς
1653 3886 1905 3959 τέτταρσι

330 3972 588 4041 τυγχάνει
619 3972 776 4025 ποσὶν
816 3974 1167 4046 ἐρειδόμενον.
1191 3976 1362 4044 Λόγου
1389 3975 1449 4029 δὲ
1476 3976 1534 4029 τὸ
1560 3976 1747 4049 θηρίον
1781 3995 1906 4049 μετ-

330 4065 500 4117 έδωκε
529 4064 592 4116 τὸ
623 4064 866 4135 πλάσμα,
908 4066 997 4119 διὰ
1029 4067 1090 4120 τὸ
1133 4067 1231 4138 τῆς
1260 4069 1439 4138 φωνῆς
1473 4066 1866 4139 ἀνθρωποειὸές
1888 4087 1904 4103 ο

329 4152 764 4222 αίνιγματώδους
809 4155 883 4216 δὲ,
930 4154 1020 4208 διὰ
1063 4155 1122 4209 τὸ
1168 4157 1355 4227 ἄσημα
1407 4157 1757 4227 φθέγγεσθαι.
1798 4161 1906 4214 Καὶ

331 4242 644 4313 θαυμαστὸν
681 4244 833 4297 οὐδέν
853 4261 870 4278 ·
903 4245 1072 4299 πολλά
1117 4245 1226 4320 γὰρ
1251 4249 1343 4301 καὶ
1372 4249 1504 4303 ἄλλα
1538 4250 1767 4322 σύνηθες
1794 4256 1905 4318 τοῖς

335 4332 563 4405 Ἕλλησι
597 4335 734 4405 πρὸς
761 4336 823 4390 τὸ
861 4338 1104 4407 μυθῶδες
1141 4339 1499 4394 διαπλάττειν.
1538 4342 1651 4397 Καὶ
1679 4344 1816 4412 αὐτὴ
1848 4344 1904 4397 δὲ

2008 1872 2276 1926 cervicem
2306 1888 2474 1942 usque
2514 1874 2759 1944 glabrum
2791 1884 2900 1943 est;
2944 1893 3208 1930 mammas
3249 1893 3378 1933 vero
3418 1878 3577 1933 habit

2009 1961 2277 2027 mulieris,
2316 1972 2601 2035 totumque
2634 1981 2833 2035 corpus
2872 1983 2977 2036 qua
3014 1967 3219 2021 nudum
3262 1979 3366 2030 est.
3408 1968 3574 2022 rubra

2007 2052 2253 2120 quaedam
2277 2054 2410 2107 milii
2435 2056 2669 2123 speciem
2696 2056 2934 2111 referens
2962 2057 3277 2122 eminentia,
3310 2059 3363 2112 in
3387 2059 3573 2112 orbem

2006 2143 2222 2211 circuit,
2249 2154 2302 2200 et
2330 2146 2570 2200 humano
2618 2147 2787 2201 colori
2825 2150 2965 2203 cutis
3003 2165 3124 2219 quae
3165 2151 3215 2203 in
3262 2152 3440 2205 medio
3469 2162 3572 2216 est,

2009 2234 2302 2303 plurimum
2333 2238 2520 2307 gratia:
2552 2247 2604 2291 et
2631 2238 2845 2292 decoris
2880 2239 3053 2293 alTert.
3104 2240 3294 2296 Facies
3333 2241 3443 2294 fere
3481 2256 3573 2293 r0-

2007 2327 2174 2381 lunda
2215 2337 2316 2393 est,
2357 2338 2411 2382 et
2446 2328 2511 2382 ad
2560 2329 2879 2385 muliebrem
2922 2330 3151 2403 formam
3187 2333 3431 2397 accedit;
3468 2348 3573 2386 vox

2008 2420 2259 2473 [initiante
2293 2419 2462 2473 ferme
2496 2420 2715 2485 similis,
2748 2423 2852 2476 nisi
2886 2423 3031 2492 quod
3067 2423 3288 2477 minimc
3326 2434 3408 2478 est
3438 2424 3571 2477 arti-

2006 2509 2210 2574 culata,
2264 2511 2358 2565 sed
2405 2517 2551 2567 velut
2594 2514 2840 2568 mulieris
2887 2516 3195 2583 cujusdam,
3244 2516 3491 2571 celeriter
3522 2525 3578 2571 et

2006 2617 2133 2656 cum
2168 2602 2249 2655 ira
2277 2617 2342 2656 ac
2374 2603 2560 2658 dolore
2593 2604 2829 2675 quodam
2872 2608 2978 2661 ver:
3001 2622 3030 2660 a
3065 2607 3288 2661 minime
3325 2607 3576 2665 distincta

2007 2691 2353 2761 proferentis.
2402 2691 2596 2748 Gravis
2635 2709 2796 2764 porro
2828 2705 2909 2750 est
2958 2697 3134 2766 magis
3178 2712 3340 2767 quam
3395 2682 3573 2754 acuta.

2007 2781 2275 2836 Czeterum
2320 2783 2423 2838 hoc
2457 2784 2660 2837 animal
2697 2783 2869 2838 ferum
2910 2787 3204 2840 admodum
3249 2796 3333 2842 est
3379 2797 3434 2842 et
3481 2803 3576 2841 va-

2007 2872 2170 2935 frum,
2223 2889 2323 2928 nec
2378 2872 2535 2929 facile
2594 2876 2946 2930 mansuescit.
2981 2878 3135 2942 Quod
3177 2893 3302 2932 cum
3359 2877 3577 2934 Thebas

2009 2964 2198 3018 urbem
2226 2963 2447 3019 Bmotiae
2478 2966 2606 3019 olim
2637 2966 2977 3035 deportatum
3009 2966 3223 3030 fuisset,
3256 2976 3307 3021 et
3334 2967 3385 3020 iu
3413 2982 3579 3036 quos-

2009 3056 2132 3110 dam
2166 3072 2355 3110 eorum
2392 3057 2487 3126 qui
2528 3056 2594 3111 ad
2628 3057 2997 3126 spectaculum
3028 3057 3147 3127 ejus
3180 3057 3573 3120 conﬂuxerant,

1933 3123 1977 3181 (ἶ
2010 3147 2332 3213 insiluisset,
2361 3123 2869 3219 vultusque'eorum
2900 3123 3213 3215 lacerasset,
3237 3150 3478 3219 OEdipus
3506 3151 3579 3204 ci-

2004 3241 2151 3294 vium
2189 3256 2414 3295 suorum
2468 3241 2832 3296 mutilationes
2862 3239 3318 3303 moleste.fereus,
3347 3241 3575 3296 bestiam

2005 3332 2317 3386 interfecit:
2350 3342 2514 3401 atque
2542 3347 2605 3386 ex
2633 3348 2695 3387 ea
2724 3348 2804 3396 re,
2837 3342 2895 3387 ut
2919 3334 3048 3387 milii
3081 3333 3300 3401 quidem
3331 3334 3569 3397 videtur,

2007 3423 2297 3477 maximam
2330 3423 2557 3493 gloriam
2581 3432 2665 3479 est
2692 3433 3042 3481 consecutus.
3070 3424 3336 3478 Caeterum
3365 3422 3574 3488 fabula,

2006 3525 2065 3569 ut
2092 3514 2425 3570 fortitudinis
2452 3515 2665 3569 laudem
2698 3516 2950 3571 conciliet
2978 3513 3205 3585 (Ὲλὶρο,
3236 3515 3413 3584 ipsum
3445 3514 3572 3583 qui-

2004 3605 2125 3657 dem
2157 3604 2357 3656 animal
2384 3604 2583 3658 alatum
2615 3604 2791 3667 ﬁnxit,
2828 3613 3111 3673 propterea
3142 3604 3284 3673 quod
3321 3604 3577 3657 \eluciter

2006 3694 2267 3760 iusiliret;
2320 3695 2491 3748 eidem
2552 3709 2681 3749 vero
2734 3706 2921 3764 pectus
2976 3695 3222 3749 mulieris
3272 3704 3326 3749 et
3374 3711 3575 3764 corpus

2006 3786 2179 3840 leonis
2209 3786 2431 3855 aptavit.
2469 3784 2601 3839 Illud
2644 3787 2863 3855 quidem
2899 3789 2967 3840 ob
3005 3788 3305 3857 expositam
3352 3788 3572 3841 mnlita-

2006 3888 2138 3941 tem,
2182 3886 2236 3932 et
2279 3878 2350 3931 ob
2397 3876 2679 3931 muliebris
2725 3876 2917 3931 formze
2959 3877 3373 3932 similittnlinem
3417 3894 3428 3929 :
3469 3879 3574 3931 hoe

2007 3988 2135 4026 vero
2155 3980 2375 4041 propter
2405 3968 2694 4033 feritatem,
2727 3982 2779 4024 et
2825 3969 2969 4039 quod
3014 3979 3072 4022 ιιι
3110 3968 3405 4038 plurimum
3442 3983 3574 4035 qua-

2009 4073 2130 4119 tuor
2162 4061 2391 4132 pedibus
2415 4061 2713 4116 iusisteret.
2756 4060 3008 4114 Rutiouis
3044 4074 3262 4128 (pioque
3303 4061 3576 4129 partior-ps

2008 4155 2138 4211 illud
2174 4154 2369 4208 fabulae
2400 4155 2609 4207 [iuxere
2631 4191 2646 4213 ,
2682 4151 2752 4205 ob
2786 4151 3194 4207 similitudinem
3222 4150 3575 4204 vncislnznsa-

2006 4263 2118 4312 nae;
2158 4246 2443 4315 aenigmata
2482 4258 2612 4298 vero
2665 4243 2731 4297 ab
2779 4243 2966 4297 eodem
3026 4242 3254 4312 proponi
3298 4243 3575 4307 dixerunt,

2006 4352 2072 4390 eo
2108 4336 2252 4406 quod
2290 4337 2503 4405 ignotas
2531 4349 2691 4388 voces
2719 4349 2781 4386 ac
2815 4332 3037 4386 minime
3066 4332 3351 4387 distinctas
3374 4334 3575 4385 νάιοι-ιι.

331 4424 486 4496 χώρα
530 4428 623 4479 καὶ
658 4427 811 4491 ὅνους
848 4429 1072 4500 ἀγρίους
1117 4430 1403 4500 μεγίστους
1448 4448 1508 4486 τε
1557 4434 1637 4505 τῷ
1682 4436 1897 4507 μεγέθει

2008 4427 2193 4498 Neque
2239 4444 2367 4483 vero
2416 4427 2469 4481 id
2530 4443 2854 4496 magnopere
2916 4427 3223 4479 tniratnlum
3290 4436 3408 4490 est,
3454 4441 3576 4479 cum

331 4516 512 4588 φέρει,
546 4519 642 4571 καὶ
676 4520 777 4591 τὴν
813 4520 976 4591 δορὰν
1018 4522 1157 4575 κατὰ
1195 4521 1256 4575 τὸ
1307 4523 1510 4588 ξενίζον
1552 4528 1903 4599 πεποικιλμέ-

334 4621 477 4671 νους,
508 4607 703 4660 λευκοῦ
751 4609 900 4677 σφίσι
951 4610 1045 4663 καὶ
1078 4611 1306 4680 μέλανος
1344 4613 1631 4684 χρώματος
1664 4618 1725 4669 ού
1764 4618 1903 4669 κατά

224 4690 243 4707 ”’
331 4698 534 4770 μικρὸν
586 4700 1129 4771 συμποικιλλομένου,
1180 4702 1314 4756 ἀλλὰ
1364 4704 1529 4769 ζῶναί
1580 4706 1725 4771 τινές
1767 4711 1903 4761 εἰσιν

336 4791 444 4843 ἀπὸ
481 4792 585 4859 τῆς
632 4794 841 4862 ῥάχεως
876 4796 970 4847 ἐπὶ
1000 4795 1097 4858 τάς
1139 4795 1376 4865 πλευρὰς
1423 4799 1516 4849 καὶ
1549 4798 1647 4869 τὴν
1695 4800 1903 4854 κοιλίαν

336 4881 709 4951 καθήκουσαι·
758 4884 853 4934 καὶ
891 4882 1121 4935 ἐνταῦθα
1163 4884 1593 4953 ὲπισχιζόμεναι,
1638 4887 1729 4940 καὶ
1763 4888 1906 4941 κατά

333 4989 482 5035 τινας
525 4972 879 5041 περιφερείας
924 4973 1179 5044 ἀλλήλαις
1228 4975 1645 5044 ὲνελιττόμεναι,
1696 4976 1907 5049 θαυμα-

338 5063 469 5133 στήν
496 5080 619 5115 τινα
647 5066 742 5115 καὶ
781 5063 937 5135 ξένην
981 5065 1382 5136 ἀπεργάζονται
1424 5066 1628 5137 πλοκὴν
1662 5071 1756 5123 καὶ
1786 5088 1904 5124 ποι·

335 5154 537 5209 ιιλίαν.
582 5154 743 5208 Ἀλλά
787 5172 851 5222 γε
885 5154 949 5227 δὴ
983 5152 1081 5210 καὶ
1102 5159 1130 5210 ὁ
1160 5156 1352 5227 φοῖνιξ,
1383 5157 1444 5210 τὸ
1474 5159 1905 5229 πολυθρύλλητον

337 5246 559 5317 πτηνὸν,
599 5248 932 5318 παράὺτοῖς
955 5248 1211 5318 τυγχάνει
1234 5249 1534 5318 γινόμενος.
1568 5251 1676 5305 Καὶ
1713 5253 1810 5324 μὲν
1840 5254 1905 5327 δὴ

2012 4521 2183 4577 (ΞΓωοί
2217 4522 2386 4576 multa
2421 4536 2640 4591 quoque
2672 4520 2777 4573 alia
2812 4519 2863 4572 in
2891 4519 3102 4573 fabulas
3147 4519 3357 4571 Soleant
3399 4524 3579 4569 detur-

2012 4630 2199 4684 quere.
2249 4616 2515 4669 Caeterum
2578 4612 2768 4666 eadem
2832 4613 2976 4679 regio
3036 4612 3138 4663 fert
3185 4610 3345 4662 etiam
3395 4609 3580 4663 asinos

2012 4716 2273 4777 agrestes,
2328 4716 2538 4761 statura
2574 4705 2863 4765 maximos.
2895 4713 2946 4756 ct
2979 4703 3113 4771 pelle
3150 4703 3343 4755 mirmn
3379 4703 3431 4753 in
3465 4715 3582 4754 mo-

2011 4802 2141 4855 dum
2175 4799 2471 4866 variegata,
2511 4796 2635 4852 allio
2667 4811 2730 4850 ac
2769 4794 2923 4865 nigro
2970 4795 3153 4849 colore
3196 4792 3297 4849 sibi
3348 4793 3581 4845 invicem

2009 4892 2165 4947 valde
2199 4890 2458 4961 permislo
2493 4907 2506 4944 :
2542 4889 2743 4958 quippe
2792 4904 2959 4942 zonas
2990 4889 3251 4957 quasdam
3289 4886 3507 4946 habent,
3549 4900 3582 4941 τι

2010 4985 2165 5053 Spina
2194 4982 2342 5037 dorsi
2375 4982 2438 5036 ad
2479 4982 2646 5035 latera
2682 4989 2740 5034 et
2774 4981 2840 5035 ad
2876 4993 3117 5035 ventrem
3166 4994 3336 5050 usque
3380 4978 3584 5033 demis-

2008 5091 2121 5135 Sas,
2149 5073 2330 5143 ibique
2369 5073 2597 5135 divisas,
2630 5087 2754 5140 qme
2782 5087 2877 5139 per
2911 5072 3149 5127 circulos
3173 5072 3439 5140 quosdam
3475 5068 3580 5124 sibi

2010 5167 2238 5219 invicem
2280 5166 2508 5227 innexae,
2538 5163 2839 5217 mirabilem
2877 5164 3167 5232 quamdam
3217 5170 3479 5217 texturam
3500 5163 3582 5216 ef—

2010 5255 2201 5309 liciunt
2231 5269 2297 5308 ac
2326 5254 2666 5306 varietatem.
2699 5250 2927 5305 Plimuix
2954 5252 3105 5317 item,
3136 5251 3254 5306 avis
3285 5254 3577 5307 multorum

1559 5426 1802 5472 VALESII
1831 5426 2313 5475 ANNOTATIONES

405 5550 518 5619 (68)
587 5548 1131 5625 ’Υτζοφθεγγομέκης
1164 5553 1588 5625 ῌπροσεοικυτα.
1643 5554 1899 5610 Scriberi-

2006 5574 2086 5611 mo
2113 5555 2398 5625 Βαρυτέρα
2441 5573 2500 5609 τε
2547 5554 2749 5625 μᾶλλόν
2787 5551 2931 5625 ἐστιν
2956 5551 2998 5625 ἢν
3030 5550 3352 5625 ὀξυνομένη,
3390 5555 3581 5609 addito

337 5611 461 5675 duin
489 5611 623 5690 puto
654 5611 1127 5691 ὑποφθεγγομένῇ
1162 5611 1411 5677 Refertur
1443 5625 1589 5677 cnim
1616 5625 1681 5678 ad
1712 5642 1899 5680 Vocem

339 5707 451 5761 qua:
475 5691 775 5762 praecessit,
808 5694 913 5745 τινί
953 5692 1176 5747 scilicet.
1216 5692 1335 5747 Mox
1382 5693 1668 5762 legendum
1711 5696 1901 5751 existi-

2000 5622 2261 5680 vuealntlu
2292 5622 2339 5695 ἦ
2368 5627 2417 5680 id
2454 5622 2577 5689 est,
2645 5627 2753 5678 Vox
2790 5623 3028 5694 spltingis
3068 5622 3243 5693 gravis
3277 5625 3445 5698 magis
3497 5636 3575 5680 est

1999 5714 2159 5764 quam
2195 5706 2377 5750 (ιειιιιι.
