4020 6202
429 295 547 400 ..ίθθ

1817 339 2300 398 PillLOSTORGII

3595 335 3696 393 500

443 465 697 508 sermone
732 449 1020 516 celebrata,
1051 451 1195 522 apud
1248 467 1344 509 eos
1391 453 1659 511 nascitur.
1716 453 2016 511 Psittacum

2125 453 2217 506 xui
2247 452 2344 523 τὴν
2379 451 2609 523 σιτάκην
2651 449 2863 506 ἐκεῖθεν
2901 448 3059 521 ῖσμεν
3102 445 3492 520 κομιζομένην,
3529 447 3560 502 δ
3591 451 3701 505 τῶν

442 557 662 612 quoque
686 541 808 596 inde
835 541 1061 596 allatum
1087 542 1217 606 ridi,
1253 544 1401 612 quod
1434 562 1605 615 genus
1641 546 1759 600 aris
1803 556 1888 600 est
1932 547 2016 599 lo-

443 633 857 702 quacissimum,
897 643 950 688 et
983 634 1050 687 ad
1099 635 1250 689 vocis
1304 637 1557 691 humana:
1604 638 2014 691 similitudinem

445 723 688 792 proxime
727 726 1014 789 accedens;
1064 727 1367 793 variegatas
1402 738 1655 797 prreterea
1696 745 1759 782 ac
1803 729 2018 798 punctis

447 815 738 869 distinctas
771 831 920 879 axes,
957 832 1093 884 quas
1121 817 1285 886 vulgo
1332 820 1738 888 garamantidas
1801 831 2014 885 vocant,

439 908 666 961 nomine
693 907 774 961 eis
807 908 976 960 indito
1003 924 1068 962 ex
1102 919 1285 979 gente,
1312 926 1375 964 ex
1406 927 1510 980 qua
1551 912 1796 980 plurimze
1825 914 1889 966 ad
1918 929 2018 967 nos

442 997 816 1066 deportantur.
846 997 963 1050 Alia
993 998 1228 1068 denique
1268 1002 1549 1068 complura
1585 1003 1842 1056 animalia
1881 1003 2016 1058 citra

443 1087 872 1142 controversiam
903 1089 1100 1143 eximia
1135 1090 1207 1144 ibi
1240 1093 1586 1160 proveniunt,
1615 1110 1844 1162 quormn
1873 1095 2016 1149 mul-

443 1177 726 1233 titudinem
771 1193 1053 1234 recensere
1099 1197 1338 1251 praesens
1385 1185 1625 1238 narratio
1675 1184 2015 1241 reformidat.

445 1267 549 1322 Sed
580 1277 633 1322 et
651 1283 846 1323 aurum
879 1272 1231 1339 purissimum
1263 1273 1370 1328 illic
1392 1275 1650 1344 gignitur,
1677 1278 1860 1332 aureis
1884 1294 2018 1347 qua-

443 1359 487 1413 si
520 1360 669 1416 tibris
716 1370 910 1430 sponte
959 1377 1026 1416 ex
1078 1379 1140 1419 ea
1173 1374 1314 1419 terra
1367 1369 1739 1438 surgentibus,
1787 1371 2019 1440 aliisque

444 1469 609 1524 super
646 1455 782 1510 alias
805 1456 1134 1526 jacentibus,
1165 1467 1217 1513 et
1254 1459 1372 1512 auri
1409 1459 1560 1512 illius
1600 1460 2014 1528 productionem

443 1555 684 1615 apertam
754 1561 819 1602 ac
898 1549 1244 1603 manifestam
1319 1549 1708 1617 praebentibus.
1763 1547 1904 1615 Quin
1964 1559 2018 1606 et

443 1635 655 1692 fructus
682 1638 824 1707 apud
851 1638 972 1693 illos
999 1639 1347 1709 pulcherrimi
1397 1647 1526 1693 sunt.
1566 1648 1620 1692 et
1655 1639 1900 1700 maximi.
1948 1655 2016 1694 ex

442 1728 642 1798 quibus
688 1728 987 1784 notissima:
1033 1739 1163 1784 sunt
1204 1745 1393 1784 nuces.
1470 1727 1732 1784 Universa
1782 1730 2016 1800 denique

2115 545 2316 615 δρνεων
2341 545 2457 596 ἐστὶ
2481 544 2822 605 λαλίστατον,
2847 542 2942 595 xui
2961 541 3063 611 τῆς
3083 540 3430 612 ἀνθρωπίνης
3451 540 3700 612 γλώττης

2119 633 2560 705 μιμητικώτατον
2579 653 2592 666 ·
2633 633 2730 687 xui
2761 635 2887 696 τοὺς
2917 632 3193 696 ποικίλους
3224 631 3281 684 δέ
3311 631 3407 684 xui
3437 649 3696 686 καταστι-

2117 727 2231 791 γεῖς
2273 722 2471 794 ὄρνεις,
2508 723 2602 787 οὓς
2628 723 2986 794 γαράμαντας
3034 719 3352 774 ἐπικαλοῦσί
3386 737 3551 784 τινες,
3588 722 3702 775 ἀπὸ

2117 813 2209 866 τοῦ
2257 813 2440 878 ἔθνους
2486 809 2547 868 οὗ
2595 815 2832 885 μάλιστα
2898 813 3137 866 πλεῖστοι
3201 813 3554 884 κομίζονται,
3600 814 3703 886 τὴν

2119 907 2432 978 ἐπωνυμίαν
2468 908 2707 979 θέμενοι.
2749 907 2860 960 Kui
2894 906 3028 961 ἄλλα
3075 905 3130 958 δὲ
3164 904 3389 959 πλεῖστα
3423 906 3702 977 διαφανῶς

2119 999 2537 1071 ὑπερφυέστατα
2584 998 2799 1069 φύεται,
2864 993 2939 1050 ῶν
3003 998 3065 1051 τὸ
3110 997 3314 1068 πλῆθος
3366 999 3400 1068 ἡ
3444 998 3703 1070 διήγησις

2119 1089 2524 1143 ὑποστέλλεται.
2577 1088 2738 1143 Ἀλλὰ
2773 1090 2866 1143 xui
2890 1091 2917 1142 ὁ
2945 1089 3145 1160 χρυσὸς
3176 1087 3414 1141 ἐνταῦθα
3443 1091 3703 1157 γεννᾶται

2119 1179 2526 1252 καθαρώτατος,
2573 1180 2897 1252 χρυσιτίδων
2952 1180 3115 1232 οἱονεὶ⁸
3163 1179 3368 1250 τριχῶν
3415 1179 3704 1248 αὐτοφυῶν

2116 1272 2214 1341 τῆς
2237 1270 2446 1340 ἐκείνης
2472 1271 2573 1341 γῆς
2600 1269 3014 1339 ἀναδιδομένων,
3056 1269 3149 1321 καὶ
3179 1269 3266 1323 ἐπ’
3310 1269 3562 1340 ἀλλήλοις
3590 1287 3707 1324 κει-

2123 1362 2319 1432 μένων,
2347 1363 2439 1415 καὶ
2468 1361 2719 1431 ἐπίδηλον
2742 1361 2908 1414 αὑτοῦ
2932 1361 3030 1433 τὴν
3051 1359 3263 1429 γένεσιν
3292 1362 3702 1433 παρεχομένων.

2120 1453 2226 1506 Καὶ
2259 1453 2464 1524 καρποὶ
2496 1452 2552 1505 δὲ
2586 1452 2863 1505 κάλλιστοί
2897 1469 2956 1505 τε
2992 1453 3086 1506 xui
3133 1451 3403 1522 μέγιστοι,
3449 1445 3525 1505 ὧν
3564 1451 3706 1518 γνώ-

2120 1564 2255 1618 ριμα
2282 1547 2375 1599 xui
2399 1545 2468 1598 τὰ
2495 1546 2696 1617 κάρυα.
2737 1543 2895 1598 Ἀλλά
2925 1545 3029 1616 μὴν
3057 1546 3147 1597 xui
3176 1545 3236 1598 τὸ
3269 1546 3361 1598 ἐπί⁵
3381 1547 3498 1609 τοῖς
3540 1545 3705 1616 Όμη-

2121 1637 2298 1710 ρίταις
2331 1635 2502 1708 κλίμα
2536 1639 2644 1689 πᾶν
2691 1637 2854 1707 μέχρι
2881 1635 2979 1706 τῆς
3019 1635 3288 1706 Ἐρυθρᾶς
3319 1635 3595 1706 θαλάσσης
3622 1636 3705 1700 δὶς

2118 1727 2209 1782 τοῦ
2257 1726 2505 1781 ἐνιαυτοῦ
2545 1728 2832 1781 ἀναδίδωσι
2875 1729 3003 1791 τοὺς
3047 1727 3317 1800 καρπούς.
3366 1727 3456 1792 Ἐξ
3507 1721 3571 1781 οὗ
3611 1728 3708 1786 xui

443 1816 848 1874 llomeritarum
881 1819 1026 1889 regio
1055 1837 1230 1888 usque
1253 1821 1318 1875 ad
1348 1819 1592 1874 Rubrum
1635 1836 1807 1884 mare,
1839 1821 2018 1890 dupli-

2125 1816 2218 1886 τὴν
2279 1815 2464 1886 χώραν
2531 1816 2791 1886 Ἀραϐίαν
2849 1816 3142 1888 εὐδαίμονα
3217 1818 3702 1889 προσηγόρευσαν·

443 1926 561 1965 cem
595 1911 892 1981 quotannis
928 1910 1202 1967 fructuum
1254 1922 1576 1983 proventum
1627 1914 1824 1968 reddit.
1862 1912 2016 1970 Unde

441 2000 606 2055 etiam
634 2001 833 2056 Arabia
865 2001 990 2056 felix
1033 2003 1415 2073 ragnominata
1461 2013 1579 2069 est;
1629 2005 1721 2058 sed
1772 2014 1826 2058 et
1864 2022 2018 2074 gene-

443 2095 661 2159 raliter,
711 2093 892 2149 omnis
936 2110 999 2149 ca
1049 2096 1196 2163 regio
1241 2112 1365 2165 quae
1417 2095 1483 2149 ad
1535 2096 1802 2150 Ol'lenlt'lil
1846 2097 2016 2150 solem

441 2187 635 2258 vergit,
670 2187 893 2258 reliquis
933 2188 1250 2258 regionibus
1291 2190 1438 2243 ontni
1469 2205 1535 2244 ex
1581 2199 1737 2260 parte
1785 2189 2015 2242 multum

442 2287 683 2348 praestat.
719 2278 1010 2334 Paradisus
1043 2295 1192 2341 vero.
1229 2295 1352 2334 eum
1399 2281 1567 2335 totius
1596 2279 1835 2333 Orientis
1880 2294 2018 2348 prte-

442 2371 816 2426 stantissimus
871 2385 934 2424 ac
977 2370 1308 2440 purissimus
1355 2370 1428 2424 sit
1466 2363 1693 2430 tractus.
1725 2378 1778 2424 ct
1820 2369 2016 2423 emtum

443 2459 643 2513 habeat
675 2457 1061 2512 nitidissimum
1097 2471 1161 2510 ac
1190 2455 1641 2524 pulcherrimum,
1674 2454 1831 2523 aquis
1867 2453 2020 2508 deni-

444 2563 552 2616 que
596 2545 992 2617 limpidiSsimis
1039 2544 1330 2613 irrigetur,
1385 2543 1574 2613 procul
1631 2543 1798 2598 dubio
1853 2542 2020 2597 totius

441 2646 709 2690 terrarum
732 2635 882 2689 orbis
905 2633 1117 2689 cunctis
1146 2635 1197 2686 in
1235 2633 1399 2688 rebus
1442 2634 1599 2703 longe
1629 2631 2020 2702 przestautissi-

2120 1909 2216 1960 xui
2250 1906 2442 1979 ὃλωςή
2480 1908 2617 1980 πρὸς
2665 1907 2952 1978 ἀνίσχοντα
2985 1909 3134 1980 ἥλιον
3175 1910 3364 1964 ἅπασα
3401 1910 3472 1980 γῆ
3510 1908 3708 1981 μακρῷ

2121 1999 2222 2069 τῆς
2251 1999 2416 2070 ἄλλης
2447 2001 2502 2052 ἐν
2531 2002 2662 2053 πᾶσι
2695 2000 2962 2071 διαφέρει.
3003 2002 3062 2054 Ὁ
3090 2002 3147 2056 δέ
3179 2004 3530 2075 Παράδεισος,
3562 2004 3707 2057 ἀπάο

2125 2105 2224 2160 σης
2273 2089 2376 2160 τῆς
2425 2088 2570 2162 ἐῴας
2625 2091 2685 2143 τὸ
2728 2093 3020 2163 κράτιστόν
3065 2111 3125 2146 τε
3175 2095 3270 2147 καὶ
3317 2096 3707 2167 καθαρώτατον

2123 2179 2403 2252 ὑπάρχων,
2442 2181 2534 2235 xui
2557 2183 2683 2243 τοὺς
2713 2183 2882 2255 ἀέρας
2916 2184 3422 2254 ἀκραιφνεστάτους
3447 2186 3542 2239 xui
3573 2184 3706 2238 καλ·-

2123 2267 2335 2334 λίστους
2367 2269 2504 2340 ἔχων
2531 2309 2545 2330 ,
2587 2272 2682 2324 xui
2735 2275 2848 2336 τοῖς
2880 2273 3324 2343 διαφανεστάτοις
3365 2273 3520 2329 ὕδασι
3573 2291 3709 2328 κατ-

2123 2361 2437 2432 αρδόμενος,
2483 2361 2644 2433 δῆλον
2686 2363 2760 2428 ὡς
2789 2364 3162 2438 ἀπαραϐλήτῳ
3214 2367 3454 2438 ὑπεροχῇ
3479 2368 3579 2438 τῆς
3617 2365 3711 2436 ὑφ’

2121 2452 2256 2523 ἡλίῳ
2295 2453 2473 2524 πάσης
2497 2455 2553 2506 ἐν
2579 2454 2730 2528 πασῃ
2763 2456 2824 2509 τὸ
2859 2459 3106 2527 κρεῖττον
3147 2457 3340 2528 φέρει·
3380 2459 3480 2530 τῆς
3507 2457 3714 2524 ἔξωθεν

2125 2541 2398 2614 θαλάσσης
2421 2544 2542 2595 κατ’
2568 2543 2855 2616 ἀνίσχοντα
2901 2546 2995 2600 τὸν
3039 2547 3192 2619 ἥλιον
3244 2547 3392 2621 αὑτῷ
3425 2549 3718 2621 παρακλυ-

2124 2631 2376 2704 ζομένης.

442 2745 564 2786 mus
609 2737 696 2786 est
739 2729 916 2795 locus,
944 2728 1037 2799 qui
1060 2727 1127 2782 ad
1168 2727 1302 2784 solis
1338 2736 1518 2783 ortum
1568 2726 1767 2781 Oceani
1821 2725 2078 2782 ﬂuctibus
2107 2728 2350 2784 alluitur.

512 2851 606 2898 ιτς
658 2847 982 2902 Athanasius
1038 2844 1344 2898 Constantis
1389 2851 1565 2913 gratia
1609 2842 1906 2896 restitutus.
1947 2870 2016 2881 —

441 2934 532 2990 Ait
569 2935 965 3006 Philostorgius
1002 2936 1394 3000 Athanasium,
1438 2950 1562 2989 cum
1606 2934 1670 2986 ad
1707 2935 2018 2988 occidenta-

2195 2841 2280 2912 ιβ’.
2313 2843 2457 2908 Ὅτι,
2490 2846 2676 2916 φησὶν,
2712 2845 3029 2911 Ἀθανάσιος
3046 2846 3184 2922 πρὸς
3202 2845 3292 2901 τὸν
3320 2845 3578 2917 ἑσπέριον
3606 2846 3718 2916 ἀφ-

2124 2933 2373 3003 ικόμενος
2407 2935 2631 3005 βασιλέα
2651 2977 2667 3002 ,
2704 2939 2798 2992 xui.
2835 2937 3024 3012 δώρων
3058 2941 3185 3004 τοὺς
3214 2939 3366 3010 αὑτῷ
3394 2939 3720 3010 παραδυναοο

442 3026 574 3082 lium
607 3026 841 3097 partium
879 3027 1258 3098 imperatorem
1291 3025 1547 3088 venisset,
1572 3023 1802 3094 ejusque
1828 3023 2015 3093 palatii

2125 3028 2411 3090 στεὺοντας
2435 3028 2736 3098 ὑπαγαγὼν
2759 3029 3012 3102 ἀφθονίᾳ,
3037 3031 3276 3101 μάλιστα
3299 3030 3358 3084 δὲ
3382 3029 3718 3094 nomen»,

442 3132 730 3186 proceres,
761 3132 826 3173 ac
855 3117 1125 3187 przecipue
1154 3114 1497 3170 Eustathium
1543 3113 1795 3168 comitem
1836 3127 2018 3165 rerum

444 3209 799 3278 privatarum,
821 3207 914 3278 qui
950 3206 1272 3262 auctoritate
1307 3203 1602 3274 plurimum
1634 3202 1847 3256 valebat
1876 3201 2020 3270 apud

443 3300 774 3368 principem.
817 3298 979 3354 donis
1025 3312 1088 3352 ac
1136 3297 1453 3351 muneribus
1497 3294 1597 3348 sibi
1641 3292 2021 3358 conciliasset,

444 3391 651 3447 litteras
685 3408 714 3446 a
737 3391 1036 3446 Constante
1065 3389 1130 3442 ad
1160 3387 1541 3444 Constantium
1575 3385 1860 3448 attulisse,
1884 3399 2023 3452 qua-

444 3498 566 3537 rum
598 3483 712 3538 haec
740 3488 897 3536 erant
934 3481 1096 3541 verba
1128 3497 1141 3534 :
1171 3478 1501 3532 Athanasius
1527 3476 1594 3531 ad
1638 3491 1738 3530 nos
1765 3477 2020 3539 veniens,

444 3574 814 3644 episcopatum
859 3571 1200 3627 Alexandriae
1226 3571 1291 3625 ad
1321 3570 1498 3640 ipsum
1543 3567 1811 3638 pertinere
1841 3566 2024 3621 mani-

447 3663 602 3720 festis
639 3664 1054 3734 probationibus
1100 3661 1358 3718 ostendit.
1409 3661 1590 3728 Quare
1643 3659 1794 3713 illum
1844 3673 1938 3729 per
1973 3667 2024 3712 te

447 3765 830 3824 consequatur,
873 3764 967 3809 aut
1013 3765 1160 3809 certe
1193 3753 1326 3808 meis
1361 3751 1530 3805 armis
1563 3749 1815 3804 eumdem
1868 3763 2026 3804 recu-

448 3847 678 3918 perabit.
704 3846 874 3902 Porro
901 3848 985 3903 lns
1020 3846 1214 3900 litteris
1239 3843 1476 3912 acceptis
1497 3884 1512 3908 ,
1545 3842 1618 3896 ait
1641 3841 2023 3897 Constantium

449 3936 733 4008 episcopos
761 3952 1097 3992 eonvocasse
1119 3975 1133 3999 ,
1175 3945 1234 3990 ut
1283 3951 1388 3989 una
1426 3949 1550 3990 cum
1581 3934 1689 3988 illis
1719 3932 1849 4003 quid
1884 3931 2026 3986 facto

448 4044 588 4100 opus
627 4039 771 4084 esset
804 4029 1160 4095 deliberaret;
1193 4042 1308 4082 eos.
1334 4041 1462 4080 vero
1505 4026 1555 4080 id
1589 4027 1880 4081 consilium
1931 4024 2026 4079 de-

449 4118 598 4176 disse
621 4121 974 4177 Constantio.
1017 4120 1192 4175 satius
1223 4133 1344 4173 esse
1383 4129 1442 4172 ut
1489 4117 1819 4172 Alexandria
1859 4120 2029 4176 Atha-

450 4211 590 4265 nasii
637 4212 769 4281 jugo
819 4211 1043 4264 minime
1095 4211 1449 4273 liberaretur,
1493 4225 1658 4279 quam
1704 4218 1764 4263 ut
1819 4210 2022 4266 bellum

449 4304 710 4357 adversus
758 4299 977 4354 fratrem
1030 4300 1353 4370 susciperet.
1403 4299 1784 4354 Constantium
1843 4303 2026 4368 itaque

449 4388 766 4459 permisisse
815 4389 1143 4456 Athanasio,
1203 4398 1263 4444 ut
1310 4390 1679 4458 episcopatum
1725 4391 2021 4461 reciperet,

449 4481 740 4550 Georgium
784 4495 913 4535 vero
953 4496 1049 4550 per
1094 4481 1381 4552 epistolam
1424 4482 1490 4536 ad
1537 4497 1596 4537 se
1641 4497 1919 4538 evocasse.
1949 4483 2026 4538 Ac

2123 3116 2180 3180 ὃς
2209 3119 2385 3190 κόμης
2412 3115 2480 3190 ἦν
2515 3119 2628 3174 τῶν
2659 3120 2970 3192 λεγομένων
3001 3123 3345 3194 πριουάτων,
3377 3121 3474 3175 xui.
3497 3120 3578 3192 τῷ
3608 3120 3719 3191 βα-

2083 3271 2095 3283 ,
2125 3209 2264 3262 σιλεῖ
2292 3209 2686 3278 πιθανώτατος,
2712 3213 3006 3285 ἐπιστολὴν
3039 3213 3180 3286 πρὸς
3206 3212 3588 3268 Κωνστάντιον
3619 3214 3702 3284 (α)

2123 3299 2432 3371 κομίζεται,
2462 3301 2728 3370 λέγουσαν
2749 3295 2883 3356 ὧδεο
2923 3303 3244 3368 Ἀθανάσιος
3269 3297 3407 3376 ἧκεν
3433 3303 3510 3368 ὡς
3538 3304 3715 3374 ἡμᾶς,

2123 3390 2300 3462 ἐαυτῷ
2340 3394 2638 3465 προσήκειν
2666 3394 2766 3466 τὴν
2795 3395 3102 3466 ἐπισκοπὴν
3138 3395 3240 3466 τῆς
3299 3394 3722 3465 Ἀλεξανδρείας

2123 3485 2464 3550 ἀποδεικνύς.
2496 3487 2826 3558 Τυγχανέτω
2851 3487 3032 3543 τοίνυν
3070 3488 3158 3543 διά
3187 3486 3283 3542 σοῦ
3305 3487 3545 3560 ταύτης,
3585 3488 3722 3543 ἐπεὶ

2124 3579 2238 3641 τοῖς
2267 3577 2420 3648 ἐμοῖς
2451 3595 2515 3646 γε
2545 3579 2716 3650 αὐτὴν
2751 3579 3117 3651 ἀνακτήσεται
3160 3579 3367 3644 ὅπλοις.
3401 3578 3719 3650 Δεξάμενον

2125 3664 2182 3719 δὲ
2215 3665 2315 3738 τὴν
2341 3667 2628 3740 ἐπιστολὴν
2660 3669 2752 3722 τὸν
2777 3671 3176 3734 Κωνστάντιον,
3210 3671 3306 3724 καὶ
3333 3672 3459 3736 τοὺς
3487 3671 3721 3725 ἐπισκό-

2127 3773 2260 3821 πους
2299 3759 2391 3812 ἐπὶ
2437 3759 2692 3831 κοινωνίᾳ
2735 3759 2933 3830 βουλῆς
2982 3761 3436 3830 συγκαλέσαντα,
3481 3760 3719 3832 γνώμην

2127 3848 2257 3920 παρ’
2289 3849 2468 3902 αὑτῶν
2499 3851 2707 3914 λαϐεῖν,
2734 3851 2960 3921 ἄμεινον
2992 3848 3133 3906 εἶναι
3169 3851 3245 3924 μὴ
3275 3853 3512 3924 πόλεμον
3539 3853 3718 3926 ἀναῤ-

2129 3935 2290 4006 ρἧαι
2317 3936 2395 4009 τῷ
2430 3939 2663 4010 ἀδελφῷ,
2705 3940 2738 4011 ἢ
2777 3940 2876 4011 τῆς
2917 3940 3240 3995 ’Δθανασίου
3277 3939 3581 4012 βαρύτητος
3609 3940 3720 4012 τὴν

2139 4027 2542 4100 Ἀλεξάνδρειαν
2573 4028 2899 4096 ἀπαλλάξαι.
2934 4031 3026 4084 Διὸ
3067 4032 3160 4084 xui
3189 4031 3401 4101 ἐφιέναι
3433 4031 3584 4103 αὑτῷ
3611 4031 3718 4103 τὴν

2127 4118 2432 4191 ἐπισκοπὴν
2459 4120 2570 4190 (69)
2623 4122 2936 4184 ἀναλαϐεῖν,
2991 4124 3088 4178 καὶ
3131 4124 3226 4177 τὸν
3277 4123 3552 4195 Γεώργιον
3589 4123 3718 4195 μετ’

2126 4208 2416 4280 ἐπιστολῆς
2465 4211 2545 4274 είς
2579 4210 2770 4266 ἐαυτὸν
2818 4212 3304 4284 μεταπέμψασθαι.
3365 4213 3504 4269 Ἀλλ’
3535 4216 3566 4268 ὁ
3612 4215 3719 4286 μὲν

2128 4301 2208 4363 είς
2248 4299 2347 4373 την
2390 4301 2586 4356 ἐαυτοῦ
2623 4305 2855 4376 πατρίδα
2883 4305 2982 4378 τὴν
3025 4306 3422 4362 Καππαδοκίαν
3459 4308 3715 4378 ἀφίκετο,

2127 4393 2288 4444 κάκεῖ
2331 4391 2486 4462 διῆγε
2519 4393 2588 4447 τά
2613 4395 2735 4448 καθ’
2777 4395 2969 4450 ἑαυτὸν
3011 4398 3503 4469 ἐπισκοπούμενος.
3553 4397 3616 4454 Ὀ
3655 4399 3720 4453 δὲ

2133 4483 2480 4552 Ἀθανάσιος,
2525 4487 2664 4558 μετά
2717 4488 2964 4558 μείζονος
3020 4491 3121 4563 ἥδη
3181 4493 3530 4565 φρονήματος
3560 4490 3720 4553 διιὼν

449 4572 714 4638 Georgius
737 4571 954 4642 quidem
989 4573 1041 4626 in
1073 4571 1504 4642 Cappadociam,
1538 4587 1602 4626 ex
1626 4587 1732 4642 qua
1761 4571 2020 4626 oriundus

2125 4571 2220 4636 τάς
2253 4575 2456 4640 πόλεις,
2491 4578 2613 4631 καθ’
2647 4578 2742 4642 οὓς
2774 4579 2979 4648 γίνοιτο
3013 4582 3124 4634 τῶν
3156 4583 3496 4649 ἐπισκόπων,
3529 4581 3718 4650 λόγοις

446 4672 597 4729 erat,
637 4679 886 4718 reversus
934 4670 1048 4729 est,
1081 4663 1266 4732 ibique
1303 4663 1507 4731 degens
1547 4662 1757 4732 privata
1809 4663 2020 4732 negotia

2125 4663 2324 4729 αὑτοὺς
2353 4665 2664 4733 ἐξεκαλεῖτο
2696 4669 2833 4740 πρὸς
2863 4669 2923 4722 τὸ
2952 4670 3238 4740 ὁμοοὺσιον
3261 4687 3274 4700 ⁶
3322 4673 3416 4726 xui
3446 4672 3574 4736 τοὺς
3610 4671 3719 4743 μὲν

448 4755 867 4810 administravit.
913 4753 1245 4808 Athanasius
1289 4766 1450 4818 vero,
1504 4752 1714 4822 majore
1767 4752 2020 4822 deinceps

2125 4755 2314 4820 ἀλλους
2354 4757 2430 4830 μὴ
2467 4759 2864 4831 προσδέχεσθαι
2895 4760 3035 4832 (70).
3072 4761 3276 4816 Ἀέτιον
3312 4761 3371 4816 δὲ
3397 4763 3490 4816 τὸν
3515 4761 3718 4836 ἔφορον

1599 4927 1609 4935 -
1672 4906 1914 4952 VALESII
1945 4909 2440 4958 ANNOTATIONES.

523 5017 637 5090 (69)
680 5014 931 5090 ‘Ertt‘rut
978 5013 1138 5090 αὐτῷ
1176 5013 1293 5090 τῂν
1319 5012 1688 5090 ὲπιρζκιξτήν.
1737 5011 1895 5090 llunc
1942 5015 2028 5068 lo-

449 5084 576 5143 cum
600 5087 884 5144 emendavi
909 5101 974 5142 ex
1010 5085 1198 5140 codice
1222 5085 1493 5156 Samuelis
1517 5084 1797 5156 Bocharti,
1828 5085 1880 5140 itt
1911 5101 2023 5156 quo

447 5157 652 5214 diserte
676 5159 945 5226 scriptum
963 5156 1192 5226 habetur
1215 5155 1446 5224 ἐφιέναι,
1482 5155 1707 5226 optime.

520 5228 636 5301 (70)
689 5223 802 5284 Kal.
859 5225 1000 5294 τοὺς
1050 5225 1170 5297 μὲν
1222 5225 1457 5293 ἄλλους
1521 5223 1611 5295 μὴ
1689 5225 2024 5296 προσδέχε-

2133 5021 2294 5073 σθαι.
2322 5018 2478 5075 Hune
2505 5020 2684 5076 locum
2709 5037 2816 5077 non
2855 5023 3118 5079 intellexit
3145 5021 3538 5087 Gothofredus,
3567 5022 3715 5081 sicut

2133 5091 2514 5163 g;__vet‘sione
2567 5099 2621 5163 et
2666 5093 2811 5163 notis
2861 5093 2982 5160 ejus
3025 5103 3269 5163 apparet.
3321 5085 3758 5163 Putaritenimi

2134 5157 2560 5234 Philostorgium
2591 5161 2643 5234 id
2670 5161 2873 5225 dicere,
2890 5157 3287 5225 Athanasium,
3311 5164 3440 5218 dum
3479 5179 3579 5234 per
3615 5162 3712 5220 Pa.

2133 5228 2712 5298 Iazstinam’transiret,
2743 5241 2977 5290 cunctos
3023 5235 3314 5304 episcopos
3356 5238 3424 5290 ad
3473 5228 3713 5290 consub-

1921 5363 2270 5411 VARIORUM.

521 5469 616 5544 (ex),
641 5469 1003 5544 Ἐπιστολὴν
1061 5475 1208 5543 πρὸς
1261 5474 1699 5530 Κωνστάντιον.
1760 5474 1836 5530 De
1886 5476 2025 5531 Con-

451 5543 652 5597 stantis
683 5544 748 5597 ad
791 5543 1013 5600 fratrem
1063 5545 1445 5600 Constantium
1485 5545 1790 5601 minacibus
1830 5546 2025 5602 litteris

454 5611 750 5686 vid._Socr.
774 5612 1108 5686 lib._tt,_cap_.
1131 5615 1229 5686 22,
1251 5615 1356 5686 25;
1389 5615 1522 5686 δοῖ.
1546 5615 1642 5672 lib.
1673 5617 1754 5679 ιἰι,
1779 5632 1900 5686 cap.
1931 5618 2022 5673 20.

457 5681 530 5754 lie
558 5681 716 5754 Aetio
749 5681 894 5751 quod
932 5683 1020 5736 hic
1041 5681 1176 5736 dicit
1201 5683 1616 5754 Plulostorgius.
1642 5681 2027 5754 proculdubio

414 5765 423 5788 ι
452 5752 854 5810 calumniosum
869 5766 1011 5818 esse,
1027 5766 1264 5821 eumque
1279 5752 1381 5809 hoc
1397 5752 2024 5821 tempore’orthodoxum

2131 5477 2323 5550 fuisse,
2353 5493 2667 5550 quanquam
2695 5479 2822 5536 olim
2855 5481 3055 5537 Ariana
3088 5481 3210 5537 labe
3241 5479 3523 5550 infectum,
3553 5479 3713 5537 docet

2129 5546 2384 5621 ._l_acobus'
2403 5546 2798 5615 Gothofredus,
2840 5552 3057 5608 dissert.
3101 5567 3154 5621 p.
3199 5551 3321 5606 ιιι.
3354 5549 3430 5605 De
3474 5550 3715 5606 Maximo

2133 5617 2401 5691 liierosol.
2426 5635 2539 5688 ep.,
2565 5621 2840 5691 quomodo
2860 5639 2918 5678 se
2935 5617 3312 5690 gessit'versus
3323 5622 3711 5688 Athanasium,

2133 5688 2242 5744 vid.
2278 5689 2435 5746 Socr.
2467 5692 2565 5747 lib.
2586 5688 2653 5760 ιι,
2687 5706 2810 5764 cap.
2849 5688 3087 5761 ἳιξιιοι.
3111 5707 3164 5749 c.
