4020 6202
185 324 269 384 5m
1196 330 1758 392 Ecccesmsrtcm
1800 325 2152 398 lltSTORl/E
2193 341 2322 399 Lm.
2366 339 2449 397 ut.

3317 339 3426 398 510

185 438 416 512 μαθητὴν
464 441 871 513 προχειρίζεται
896 483 910 508 ,
953 443 1046 497 καὶ
1077 445 1352 500 διδάσκειν
1391 449 1448 502 ὲν
1494 449 1760 524 ἐκκλησίᾳ.

1876 467 2144 513 ινοιηοιιιε
2186 456 2408 522 fuisset,
2453 455 2784 527 discipulum
2824 471 2983 513 suum
3033 455 3098 512 ad
3126 455 3445 511 diaconatus

178 535 238 590 τά
264 535 363 606 τῆς
415 535 742 607 Ἐκκλησίας
777 537 1063 608 ἐπιτρέπει
1101 539 1368 611 δόγματα.
1423 541 1484 594 '0
1522 542 1577 596 δὲ
1619 544 1756 616 πρὸς

182 629 275 700 μὲν
301 629 364 683 τὸ
396 629 492 700 τῆς
525 630 802 694 διακονίας
843 631 1006 704 ἔργον
1041 633 1320 706 ὑπεστάλη
1342 652 1356 666 ·
1392 635 1666 691 διδάσκειν
1698 639 1756 691 δὲ

177 720 468 785 ἀνεδέξατο.
493 719 698 791 Χρόνον
717 721 774 774 δὲ
791 722 1102 794 διατρίψας,
1123 724 1183 788 ὃς
1204 726 1452 798 ἐνόμιζεν
1473 729 1622 799 αὐτῷ
1639 729 1752 800 (88)

179 813 256 874 εἰς
279 812 371 882 τὴν
393 811 502 864 τῶν
527 811 687 864 θείων
715 812 1058 884 μαθημάτων
1085 815 1403 889 ἐξαρκέσειν
1429 819 1756 889 παράδοσιν,

182 902 270 954 ἐπὶ
293 900 384 971 τὴν
428 900 836 973 Ἀλεξάνδρειαν
863 899 1023 968 αὖθις
1054 905 1438 977 παραγίνεται.
1476 909 1614 980 Ἤδη
1645 910 1754 982 γὰρ

183 992 236 1044 ὲν
252 992 376 1062 αὐτῇ
399 992 428 1045 ό
469 991 785 1057 Ἀθανάσιος
807 993 976 1058 πολὺς
997 990 1066 1066 ἦν
1086 996 1180 1049 ἐπὶ
1208 997 1303 1050 τοῦ
1324 999 1611 1069 όμοουσίου
1637 1001 1750 1072 ι89)

184 1081 326 1152 ῥέων,
361 1083 452 1137 καὶ
479 1084 649 1156 ἐχρῆν
680 1083 820 1139 εἶναι
846 1085 937 1139 τὸν
962 1087 1342 1143 ἁντιπνέοντα.

1862 549 2090 619 gradum
2126 549 2324 613 evexit,
2367 548 2528 618 eique
2555 547 2798 618 permisit
2833 558 2890 602 ut
2932 547 3300 604 ecclesiastica
3345 548 3447 599 do-

1861 648 2042 706 gmata
2071 639 2286 709 publice
2319 640 2370 692 in
2415 636 2656 693 Ecclesia
2701 637 2920 692 doceret
2947 638 3082 708 (95).
3112 636 3311 692 Verum
3343 635 3450 688 Ae-

1863 731 1972 786 tius
2035 731 2253 788 diaconi
2309 730 2527 801 quidem
2575 728 2911 783 iunctionem
2961 728 3313 792 detrectavit,
3344 726 3448 781 do-

1859 823 2019 878 cendi
2064 839 2194 879 vero
2238 838 2440 880 munus
2470 823 2704 878 libenter
2735 822 3021 891 amplexus
3060 829 3163 876 est.
3202 818 3449 886 Cumque

1861 912 1972 966 illic
2005 913 2193 968 tandiu
2228 914 2552 978 mansisset,
2578 923 2846 984 quantum
2893 913 2996 968 sibi
3034 908 3450 978 suilicerejndi-

1860 1005 2023 1060 cabat
2048 1006 2113 1060 ad
2146 1022 2432 1062 sacrarum
2459 1007 2872 1077 disciplinarmn
2904 1005 3285 1066 traditionem,
3323 1016 3451 1056 rur-

1857 1109 1954 1150 sus
2002 1095 2388 1150 Alcxandriam
2438 1098 2694 1166 perrexit.
2741 1095 2861 1150 Jam
2910 1096 3057 1150 enim
3105 1095 3216 1149 illic
3255 1093 3453 1162 agebat

181 1179 535 1236 Athanasius.
566 1189 622 1233 et.
644 1179 707 1234 τὺ
762 1178 1048 1252 ὀμοούσιον
1103 1186 1317 1255 magnis
1363 1185 1576 1243 viribus
1621 1187 1977 1255 defendebat,
2040 1205 2379 1260 prorsusque
2427 1205 2653 1246 necesse
2724 1200 2842 1244 erat
2882 1199 2940 1244 ut
2971 1187 3174 1258 aliquis
3207 1186 3258 1242 ei
3306 1185 3446 1240 resi-

183 1285 351 1333 sterct.

243 1375 326 1441 ιη’.
391 1368 522 1423 Ὀτι
561 1370 696 1441 φησὶ
747 1364 1047 1427 Φλαϐιανδν
1093 1374 1188 1428 καὶ
1229 1375 1520 1440 Παυλῖνον,
1565 1377 1616 1429 οἳ
1661 1377 1756 1430 καὶ

182 1455 306 1526 μετὰ
334 1455 513 1512 ταῦτα
539 1458 630 1511 τὸν
679 1457 1010 1530 Ἀντιοχείας
1056 1461 1242 1534 θρόνον
1285 1459 1431 1533 εἶχον
1473 1463 1755 1535 διανειμά-

184 1563 357 1616 μενοι.
407 1547 630 1613 τούτους
675 1550 768 1606 τὸν
806 1551 1098 1622 εἰρημένον
1145 1553 1392 1607 Λεόντιον
1425 1553 1520 1608 ἆτε
1567 1555 1631 1626 δὴ
1681 1555 1754 1626 μὴ

180 1636 556 1709 ὁμοδοξοῦντας
581 1639 853 1694 καθελεῖν.
881 1633 1041 1693 Οὗτοι
1066 1641 1122 1693 δὲ
1150 1636 1287 1713 ἦσαν
1312 1643 1597 1716 Εύσταθίῳ
1626 1662 1755 1698 συν-

179 1729 664 1800 ακιιλουθήσαντες,
711 1731 769 1786 ὲε
809 1730 906 1803 τὴν
954 1731 1209 1804 μεθόριον
1254 1735 1612 1808 άπατομένῳ.
1659 1739 1756 1800 Ὃς

1932 1375 2019 1432 18.
2054 1374 2350 1429 Flavianus
2383 1383 2433 1428 et
2471 1371 2730 1426 Paulinus
2767 1387 2798 1422 ιι
2832 1367 3048 1421 Leontio
3095 1366 3344 1436 depositi.
3378 1398 3452 1412 --

1857 1464 1949 1519 Ait
1999 1465 2396 1536 Philostorgius
2457 1463 2776 1517 Flavianum
2845 1476 2909 1515 ac
2977 1458 3308 1525 Paulinum,
3355 1460 3451 1530 qui

1859 1558 2264 1612 Antiochenam
2310 1557 2688 1625 episcopatum
2737 1553 2875 1606 inter
2919 1567 2979 1606 se
3013 1560 3201 1620 postea
3251 1550 3446 1605 divise-

1861 1657 2022 1713 runt,
2064 1665 2094 1703 a
2137 1650 2454 1719 supradicto
2497 1647 2758 1711 Leontio,
2806 1653 2994 1712 utpOte
3036 1641 3312 1697 contraria
3345 1642 3450 1712 ipsi

1861 1743 2188 1804 sentientes,
2225 1741 2508 1811 depositas
2543 1755 2684 1795 esse.
2720 1737 2784 1792 lli
2816 1751 2942 1792 vero
2979 1734 3322 1789 Eustathium
3365 1748 3453 1789 se-

180 1821 278 1872 τῶν
311 1822 480 1893 ιερῶν
519 1823 619 1894 τῆς
680 1824 1010 1895 Ἀντιοχείας
1044 1826 1340 1896 φροντίδων
1368 1829 1480 1894 (90)
1511 1871 1524 1894 ,
1559 1829 1759 1900 μᾶλλον

1876 1833 1970 1888 :uti
1999 1831 2249 1897 fuerant,
2279 1847 2402 1886 cum
2438 1833 2484 1885 is
2523 1833 2576 1885 in
2617 1829 2872 1885 exsilium
2926 1828 3310 1882 abduceretur.
3345 1825 3452 1892 Qui

177 1913 227 1968 δὲ
267 1915 369 1986 τῆς
413 1915 544 1987 ὅλης
571 1916 890 1982 εὐσεϐείας,
923 1917 1076 1971 οὐδὲν
1107 1917 1366 1994 ἠνέσχετο
1391 1923 1504 1985 τοῖς
1549 1923 1761 1993 καιροῖς

180 2007 751 2076 συγκαπηλεύσασθαι.

241 2200 333 2257 ιϐ’.
383 2204 509 2256 Ὅτι
539 2201 830 2256 Σεκούνδου
866 2203 960 2257 καὶ
1003 2203 1180 2276 Σέρῤα
1206 2203 1285 2276 (a)
1331 2204 1412 2267 είς
1456 2202 1761 2274 ἐπισκοπὴν

176 2295 260 2351 τὸν
303 2295 513 2349 Ἀέτιον
537 2295 1050 2367 προχειριζομένων,
1081 2296 1268 2360 αὐτὸς,
1312 2296 1499 2366 φησιν,
1527 2297 1626 2349 οὑκ
1665 2298 1762 2366 ὴν-

180 2389 386 2459 ἐσχετο,
439 2387 517 2459 μὴ
553 2387 812 2460 καθαρῶς
848 2387 1050 2450 αὐτοὺς
1081 2386 1366 2459 ἱερᾶσθαι,
1399 2387 1489 2440 διὰ
1514 2387 1614 2457 τὴν
1634 2389 1759 2440 ἑπι-

181 2478 356 2548 μιξίαν
393 2477 508 2531 τῶν
546 2477 609 2532 τὸ
650 2478 942 2549 ὁμοούσιον
991 2478 1106 2549 (91)
1158 2477 1576 2550 θρησκευόντων
1619 2477 1756 2532 ἀπο-

180 2572 519 2643 φαινόμενος.

239 2747 326 2802 κ’.’
355 2747 486 2801 Ὅτι
507 2789 522 2811 ,
551 2746 741 2819 φησὶν,
772 2746 1038 2818 Εὐνόμιος
1075 2744 1220 2799 κατὰ
1260 2744 1458 2798 πύστιν
1487 2745 1586 2816 τῆς
1645 2746 1762 2798 Ἀε-

173 2835 281 2890 τίου
311 2837 513 2908 σοφίας
549 2840 630 2902 είς
673 2837 1004 2908 Ἀντιόχειαν
1048 2839 1115 2892 ὲκ
1140 2837 1538 2899 Καππαδοκίας
1565 2835 1762 2906 ἀφικό-

178 2948 354 3001 μενος,
378 2929 467 2997 τῷ
498 2929 779 3000 Σεκούνδῳ
797 2928 1108 3000 συνέμιξεν.
1145 2929 1206 2984 '0
1235 2929 1293 2983 δὲ
1323 2929 1488 2982 αὐτὸν
1513 2930 1570 2982 ὲν
1609 2929 1760 2982 Ἀλε-

177 3019 425 3094 εανδρείᾳ
448 3021 574 3074 τότε
595 3020 674 3092 τῷ
715 3021 912 3092 ’Δετίῳ
933 3021 1266 3092 διατρίϐοντι
1296 3020 1629 3091 συνέστηκε·
1664 3019 1761 3074 καὶ

173 3111 438 3181 συνίστην
466 3110 656 3180 ἄμφω,
685 3110 715 3162 ὁ
741 3110 838 3213 μὲν
871 3110 1161 3176 διδάσκων,
1199 3112 1229 3164 ὁ
1250 3110 1310 3164 δὲ
1335 3113 1450 3174 τοῖς
1493 3111 1662 3183 ἱεροῖς
1684 3109 1758 3179 (υ)
1788 3152 1833 3213 c

173 3201 314 3274 μαθὴ
323 3220 466 3274 μασι
495 3200 763 3255 συνασκού
771 3218 951 3272 μενος.

235 3382 342 3433 ια’.
381 3377 517 3430 Ὀτι
557 3376 830 3448 Εὐνομίου
865 3376 1033 3448 φησὶν
1062 3367 1219 3441 οὗτος
1256 3377 1286 3430 ὁ
1322 3376 1616 3449 δυσσεϐὴς,
1662 3377 1765 3432 οὐκ

169 3467 590 3539 αἰσχυνόμενος,
620 3465 898 3539 ἐγκώμιον
927 3467 1302 3535 ἀνατάξασθαι
1330 3467 1464 3538 (92).

235 3560 344 3628 κβ¹.
387 3561 516 3613 Ὅτι
537 3559 674 3630 φησὶ
697 3559 790 3614 τδν
807 3559 1166 3626 Κώνσταντα,
1186 3561 1278 3614 διὰ
1299 3561 1402 3632 τὴν
1424 3562 1565 3633 ὑπὲρ
1605 3561 1765 3615 Ἀθα-

170 3650 358 3704 νασίου
414 3649 654 3719 σπουδὴν
709 3649 815 3703 ὑπὸ
859 3650 1137 3720 τυραννίδι
1175 3653 1244 3722 τῇ
1284 3649 1626 3719 Μαγνεντίου
1663 3650 1764 3721 τὴν

169 3737 315 3812 ζωὴν
338 3739 858 3811 καταστρέψασθαι.
887 3741 1331 3812 Τελευτήσαντος
1356 3741 1414 3794 δὲ
1441 3740 1633 3806 αὑτοῦ,
1668 3742 1765 3795 καὶ

167 3832 260 3886 τοῦ
298 3833 409 3904 μὲν
444 3831 827 3888 Κωνσταντίου
871 3833 1015 3888 κατὰ
1043 3835 1143 3904 τὴν
1177 3833 1405 3886 Ἐδεσαν
1449 3833 1549 3902 τῆς
1588 3835 1768 3888 Μεσο-

171 3925 455 3996 ποταμίας
493 3924 865 3996 διατρίϐοντος
911 3925 1103 3994 (τοῦτο
1137 3925 1248 3998 γὰρ
1281 3927 1308 3979 ὁ
1343 3925 1613 3996 Περσικὸς
1660 3926 1769 3979 ἀπ-

167 4013 287 4084 ῄτει
327 4013 635 4085 πόλεμος),
667 4016 702 4087 ἡ
731 4014 1081 4088 πρεσϐυτάτη
1125 4016 1330 4071 τούτων
1373 4017 1578 4087 ἀδελφὴ
1612 4017 1766 4071 Κων-

1860 1924 2080 1996 quidem
2109 1940 2176 1978 ex
2223 1924 2548 1979 sacerdotali
2588 1937 2813 1977 munere
2851 1919 3241 1974 Antiochensis
3265 1917 3452 1974 Eccle-

1860 2018 1988 2078 siae.
2023 2032 2118 2072 seu
2157 2017 2338 2086 potius
2359 2032 2425 2071 ex
2464 2016 2717 2070 universa
2747 2013 3032 2083 religione,
3063 2011 3196 2065 nihil
3224 2013 3451 2067 omnino

1861 2119 2170 2178 temporum
2201 2109 2583 2164 vicissitudine
2616 2122 2813 2177 passus
2850 2115 2927 2161 est
2970 2104 3316 2174 interpolari.

1933 2203 2020 2255 19.
2054 2201 2238 2256 Aetius
2269 2202 2630 2270 episcopatum
2667 2208 2896 2254 recusat.
2921 2227 2994 2239 —
3015 2199 3104 2252 Ait
3141 2197 3452 2252 Philostor-

1861 2294 1984 2366 gius
1999 2295 2237 2358 Aetium,
2268 2309 2394 2350 eum
2425 2293 2712 2349 Secundus
2744 2303 2798 2349 et
2825 2293 3023 2350 Sen-as
3063 2290 3131 2346 ad
3161 2290 3453 2361 episcopa—

1862 2393 1976 2440 tum
2007 2385 2304 2455 gerendum
2349 2398 2474 2438 eum
2504 2382 2831 2450 elegissent,
2871 2377 3128 2436 assentiri
3175 2377 3450 2442 noluisse,

1860 2491 1987 2532 cum
2035 2477 2239 2531 diceret
2272 2490 2370 2530 eos
2403 2490 2511 2528 non
2545 2490 2683 2544 pure
2721 2489 2820 2528 nec
2866 2483 3055 2528 sancte
3093 2470 3278 2524 divina
3311 2470 3451 2524 cele-

1862 2567 2024 2623 brare
2057 2568 2334 2639 mysteria,
2385 2576 2572 2638 utpote
2623 2567 2718 2637 qui
2765 2561 3154 2621 ilomousianis
3207 2561 3461 2631 permisti

1861 2668 2068 2718 essent.

1937 2750 2030 2804 ‘20.
2056 2747 2448 2801 Emwmius.—-
2476 2745 2799 2813 Eunomius,
2834 2762 2957 2802 cum
3002 2746 3143 2803 fama
3177 2749 3243 2803 ad
3275 2749 3454 2819 ipsum

1861 2842 2069 2913 perlata
2135 2849 2278 2894 esset
2321 2837 2389 2892 de
2439 2835 2579 2892 Aetii
2634 2838 2929 2907 sapientia,
2993 2853 3060 2891 ex
3112 2839 3457 2908 Cappadocia

1861 2925 2206 2983 Antiochiam
2264 2923 2576 2994 profectus,
2641 2924 2693 2978 in
2737 2924 3074 2994 colloquium
3130 2928 3282 2981 venit
3328 2943 3455 2981 cum

1863 3017 2138 3074 Secundo.
2176 3013 2275 3069 ilic
2305 3028 2435 3068 vero
2479 3014 2662 3076 Aetio,
2689 3014 2782 3084 qui
2809 3024 2925 3069 tum
2972 3015 3316 3070 Alexandria:
3359 3018 3456 3071 de-

1864 3110 2042 3182 gebat,
2074 3107 2404 3163 Eunomium
2437 3105 2862 3162 commendavit.
2900 3106 3079 3161 Ambo
3101 3107 3266 3177 igitur
3288 3106 3456 3162 simul

1871 3202 2188 3256 habitarunt
2215 3217 2228 3253 :
2263 3198 2450 3252 Aetius
2473 3198 2692 3268 quidem
2720 3198 2948 3264 docens,
2991 3197 3297 3254 Eunomius
3327 3213 3458 3254 vero

1871 3306 2062 3348 sacras
2092 3289 2414 3360 disciplinas
2438 3290 2768 3357 percipiens.

1938 3384 2031 3440 21.
2072 3382 2163 3436 Ait
2210 3381 2411 3450 impius
2444 3378 2847 3450 Philostorgius
2900 3394 2960 3434 se
2995 3377 3312 3435 encominm
3343 3375 3458 3432 Eu-

1869 3476 2036 3532 nomii
2062 3473 2480 3543 conscripsisse,
2520 3486 2620 3527 nec
2655 3471 2930 3526 erubescit
2963 3470 3016 3525 id
3053 3467 3312 3540 proﬁteri.

1937 3564 2028 3618 22.
2061 3563 2353 3629 Constans,
2377 3561 2717 3631 Magnentius
2741 3573 2787 3615 et
2823 3560 3102 3615 Veteranio
3135 3560 3351 3630 tyranni
3362 3588 3460 3614 .—

1866 3654 1958 3710 Ait
1996 3654 2386 3719 Constantem,
2429 3657 2500 3708 ob
2548 3653 2791 3708 studium
2835 3667 2962 3722 erga
2998 3653 3388 3715 Athanasium,
3424 3668 3456 3708 a

1867 3744 2176 3813 Magnentio
2225 3753 2458 3814 tyranno
2500 3742 2834 3797 exstinctum
2891 3743 3080 3798 fuisse.
3128 3741 3261 3798 Post
3298 3742 3458 3811 cujus

1867 3835 2106 3898 obitum,
2152 3849 2277 3890 cum
2313 3833 2668 3890 Constantius
2709 3832 2930 3888 Edessre
2973 3833 3028 3887 in
3065 3833 3456 3902 MesOpotamia

1870 3935 2208 3982 moraretur:
2242 3927 2293 3980 id
2325 3926 2472 3980 enim
2498 3926 2752 3996 exigebat
2781 3925 2980 3980 bellum
3007 3924 3287 3980 Persicum
3308 3925 3454 3995 (95);

1869 4031 2059 4072 eorum
2099 4032 2254 4074 soror
2286 4025 2416 4072 natu
2446 4017 2687 4072 maxima
2724 4016 3119 4082 Constantina,
3144 4030 3267 4086 qua:
3292 4013 3458 4072 vidua

1411 4190 1654 4236 VALESII
1690 4189 2193 4237 ANNOTATIONES.

239 4314 362 4386 (88)
411 4314 512 4380 Ὃς
542 4312 808 4386 ἐνόμιζεν
842 4310 1021 4377 αὐτῷ.
1043 4309 1175 4386 Non
1211 4310 1412 4386 dubito
1464 4313 1764 4386 quinscri-

173 4382 422 4442 bendtim
447 4387 520 4438 sit
549 4385 673 4454 ὅσον
699 4385 950 4454 ἐνόμιζεν
997 4383 1144 4454 αύτῷ
1178 4382 1257 4445 είς
1294 4382 1392 4454 τὴν
1440 4382 1549 4435 τῶν
1601 4384 1764 4437 θείων

175 4454 536 4544 μαίὲηιμάττων
551 4452 874 4544 έξαρκέρειν
898 4453 1349 4544 παράδοσινηοιε.

1863 4313 2048 4386 malim
2079 4313 2280 4386 legere,
2321 4312 2409 4367 διὰ
2431 4312 2529 4386 τὴν
2547 4311 2830 4384 ἐπιμιξίαν
2851 4313 2989 4383 πρὸς
3017 4313 3147 4386 τοὺς
3170 4310 3236 4386 τὸ
3255 4311 3456 4386 όμοού-

1866 4402 1982 4437 σιον
2013 4381 2419 4454 θρησκεύοντας
2438 4400 2453 4414 ο
2479 4381 2793 4454 quanquam
2827 4381 2924 4450 pro
2952 4383 3220 4454 vocabulo
3259 4381 3457 4454 δμοού-

1871 4471 2009 4532 σιον,
2040 4452 2300 4509 libentius
2335 4455 2438 4508 hoc
2465 4452 2586 4532 loco
2633 4456 2864 4532 legerem
2899 4452 3222 4532 ὀμοιούσιρν.
3267 4453 3457 4532 Ariani

240 4519 362 4597 (89)
406 4522 612 4597 Πολὺς
635 4519 840 4597 ἧνλέπὶ
863 4519 1332 4597 τοῦριιοουςίογ.
1375 4521 1642 4597 In_codic_e
1665 4521 1762 4575 Bo-

1876 4527 2043 4588 euim,
2076 4539 2314 4592 quorum
2356 4519 2709 4597 antesignani
2749 4519 3299 4597 erant-Secundu‘set
3329 4521 3458 4575 Ser-

167 4583 355 4648 rharti
387 4583 669 4662 scriptu-tn.
717 4593 896 4648 inveni
921 4634 936 4655 ,
969 4583 1074 4645 ὑπὸ
1103 4591 1196 4644 τοῦ
1231 4583 1538 4661 όξὶοουσίου.
1587 4592 1770 4662 Quare

171 4679 279 4718 non
314 4661 520 4718 dubito
541 4666 673 4731 quin
706 4664 1054 4718 scribendum
1089 4663 1160 4715 sit
1189 4662 1289 4716 hoc
1314 4663 1434 4716 loco
1453 4702 1467 4721 .
1496 4662 1639 4731 ὑπὲρ
1672 4661 1767 4715 τοῦ

169 4733 495 4804 ὁμοουσίου.
525 4731 1054 4804 Eumdem_errorem
1081 4731 1246 4800 paulo
1267 4741 1428 4804 antea
1453 4733 1764 4804 obseruari.

239 4803 368 4872 (90)
392 4801 656 4872 νὊςᾲτῶν
685 4801 856 4868 ιερῶν
892 4801 999 4868 τῆς
1021 4802 1380 4872 Ἀντιοχείας
1412 4801 1765 4869 φροντίδων.

172 4870 858 4941 AsSentionGothofredo,
895 4873 986 4941 qui
1017 4871 1131 4924 hzcc
1152 4871 1218 4941 de
1246 4871 1494 4934 LeOntio,
1527 4887 1633 4925 non
1665 4887 1766 4924 au-

170 4951 280 4996 tem
341 4942 416 4994 de
453 4940 741 4995 Eustathio
795 4939 920 4994 diei
958 4939 1466 5010 recte‘observavit.
1510 4941 1764 5010 Ejusdem

169 5010 395 5066 Leontii
417 5011 810 5066 Antiochensis
829 5008 1318 5080 episcopielogium
1336 5020 1512 5065 exstat
1535 5008 1588 5065 in
1608 5009 1769 5066 Chro-

169 5082 289 5133 nico
324 5080 723 5142 Alexandrino,
762 5096 815 5148 ρ.
859 5081 986 5134 672.

237 5151 361 5220 (91)
410 5150 517 5203 Διά
541 5150 655 5216 τὴν
679 5149 997 5220 ἐπιμιξίαν-ξ
1027 5149 1146 5204 τῶν
1188 5149 1254 5205 τὸ
1282 5150 1764 5220 ὀμοούσιοννριο.

171 5217 224 5270 ln
256 5217 660 5290 manuscriptis
679 5217 958 5274 codicibus
978 5217 1321 5276 Scoriaccusi
1335 5229 1389 5275 et
1404 5219 1764 5290 Boeliartiano

171 5290 446 5360 Scriptum
481 5287 570 5346 est
599 5291 710 5344 τῶν
738 5290 876 5361 πρὸς
927 5289 990 5342 τὸ
1025 5290 1330 5362 ὁμοούσιον,
1385 5299 1490 5346 etc.
1530 5287 1761 5344 Proinde

1874 4609 1984 4657 ras,
2014 4591 2122 4646 non
2157 4591 2637 4647 communicabant
2663 4591 3051 4645 llomousianis
3071 4631 3084 4650 .
3113 4592 3206 4644 sed
3237 4591 3304 4644 iis
3336 4604 3457 4644 tan-

1874 4662 2112 4734 tumqui
2144 4661 2206 4714 τὸ
2231 4662 2990 4734 opotoﬁotovrproﬁtebantur.
3031 4659 3253 4734 Yerutu,
3283 4675 3342 4714 re
3369 4669 3454 4714 at-

1875 4730 2078 4787 tentius
2115 4730 2447 4796 examinata,
2511 4731 2646 4785 nihil
2703 4732 2791 4786 hic
2855 4730 3170 4783 mutandum
3232 4743 3453 4784 censeo.

1873 4803 2062 4857 Ariani
2119 4803 2264 4856 enim
2329 4801 2718 4856 llomousianis
2759 4817 2826 4853 eo
2863 4801 3082 4867 quidem
3117 4809 3357 4868 tempore
3400 4799 3454 4852 in

1874 4870 2097 4927 Oriente
2125 4872 2631 4938 conununicabant,
2685 4880 2743 4924 ut
2784 4870 2944 4924 docet
2973 4868 3230 4924 Socrates
3267 4870 3321 4922 in
3359 4869 3454 4923 lib.

1877 4956 1938 5005 ll,
1974 4957 2095 5005 cap.
2128 4942 2220 4996 22.

1947 4958 2437 5082 ’ἓῒκώμιον
2469 5008 2935 5082 ἁνατιὶιξίισξίξιιι.Δ
2972 5006 3333 5062 Scribcudum
3373 5014 3460 5062 cst

1875 5076 2262 5145 συντάξασθαι,
2293 5076 2386 5134 ’νει
2412 5091 2557 5135 certe
2579 5076 3023 5149 ἀναγράψασθαι.

1943 5151 2058 5218 (93)
2099 5149 2413 5203 Theodorit.
2453 5149 2489 5202 Ι.
2531 5165 2588 5212 ιι,
2623 5164 2674 5202 c.
2714 5149 2807 5202 2i.

1945 5218 2057 5291 (94)
2094 5218 2223 5274 Soz.
2252 5221 2346 5274 lib.
2379 5234 2452 5285 Iv,
2478 5234 2598 5289 cap.
2625 5220 2677 5272 1.

1662 5460 2011 5507 VARIORUM.

234 5584 311 5658 (a)
368 5586 716 5648 Σεκούνδου
739 5589 834 5644 καί
869 5589 1076 5659 Σέρῤα.
1108 5589 1276 5645 Erant
1326 5592 1379 5646 hi
1410 5591 1596 5647 Ariani
1649 5591 1764 5660 opi-

200 5667 352 5736 stapi,
395 5661 688 5736 Secundus
723 5660 942 5736 quidem
983 5661 1349 5736 _lf_tolemaidls
1385 5664 1439 5716 in
1502 5663 1758 5736 Aigypto,

202 5729 385 5785 Sen-as
415 5744 549 5786 vero
573 5728 858 5786 Partetonii
892 5731 944 5784 in
982 5731 1164 5799 Libya.

1943 5592 2020 5661 (ιι)
2071 5590 2123 5661 ’0
2144 5587 2358 5661 deieci};
2392 5586 2592 5655 ἱεροῖς.
2629 5586 2932 5643 Eunomius
2975 5588 3112 5644 Aetii
3142 5606 3248 5644 non
3289 5591 3456 5643 modo

1868 5659 2174 5730 discipulus
2214 5659 2337 5724 fuit,
2363 5674 2552 5730 verum
2580 5660 2746 5714 ctiam
2787 5662 3162 5727 amanuensis,
3195 5671 3255 5717 ut
3286 5661 3449 5713 habet

1871 5729 2021 5786 Socr.
2048 5731 2142 5785 lib.
2171 5745 2229 5799 ιι,
2272 5744 2391 5802 cap.
2419 5729 2508 5798 '55,
2543 5729 2594 5784 in
2626 5730 2718 5785 lin.
