4020 6202
560 264 623 330 Ei
640 262 662 321 ί
1927 272 2413 335 Ριιιιοετοιιςιι
3694 277 3803 335 5Ιῖ

561 389 684 439 erat
719 381 1137 449 llatmihalliani,
1174 382 1370 441 timens
1401 401 1470 441 ne
1500 386 1841 458 Magnentius
1866 398 2130 463 tyrannus

2258 394 2486 449 mvriva
2514 393 2624 466 (98)
2646 394 2665 465 (
2682 389 3084 447 Ἀνασιλλιανοῦ
3097 391 3151 446 δὲ
3163 387 3231 464 ἦν
3241 387 3603 462 κεχηρῳμένη
3618 393 3801 464 γυνὴ),

562 472 880 525 universum
931 471 1219 541 imperium
1271 475 1374 530 sub
1416 485 1736 545 potestatem
1792 493 1948 534 suam
1988 481 2134 536 redi-

2258 481 2462 536 ἱεὶσασα-
2501 482 2576 555 μὴ
2619 482 2874 552 φθάσειεν
2916 483 2946 535 6
2987 481 3328 553 τυραννήσας
3375 479 3716 549 Μαγνέντιος
3741 481 3802 536 τὸ

513 542 526 643 ζ
561 567 738 628 geret,
772 555 1209 625 Veteranionem,
1262 542 1431 616 unum
1478 577 1545 618 ex
1595 564 1871 636 magistris
1909 564 2131 633 ιιιίΙίιίςιι,

2258 572 2452 626 πάντων
2501 542 2909 645 ἂνάρτήσασθαι
2947 542 3176 643 κράτος,
3210 542 3641 642 Ὀύετερανίωνά
3685 542 3798 627 τινα

558 648 829 702 Οιιιεπθιη
859 649 1213 704 renuntiavit.
1261 650 1554 707 Videbatur
1588 664 1767 709 autem
1803 655 1892 710 illa
1937 656 1989 711 id
2035 673 2136 712 suo

2258 661 2344 715 τῶν
2374 662 2817 735 στρατηγούντων
2840 663 2936 716 ἕνα
2968 661 3255 733 καθίστησι
3284 662 3561 734 Καίσαρα.
3600 661 3798 716 Ἐδόκει

516 717 524 766 ⁹
557 740 683 808 jure
717 738 924 801 facere,
967 749 1249 810 propterea
1292 745 1436 813 quod
1475 747 1786 801 communis
1814 762 2003 803 eorum
2042 764 2138 819 pa-

2258 753 2291 806 ῑὲ
2326 717 2603 808 δύνασθαί.
2630 752 2730 824 τὴν
2773 753 2992 825 πρᾶξιν,
3027 753 3160 807 διότι
3186 717 3381 823 ’ζὴνων
3414 717 3524 823 (θθ)
3561 754 3591 805 6
3628 751 3800 815 κοινὸς

562 835 667 890 ter,
708 828 838 881 dum
885 829 1122 893 viveret,
1180 832 1485 888 diademate
1515 850 1636 891 eam
1665 846 2051 904 coronaverat,
2084 846 2139 892 ct

565 918 1319 995 Angustam.nuncupaverat.
1347 924 1702 981 Constantius
1741 941 1892 995 vero,
1935 928 2019 984 his
2046 944 2140 984 co-

568 1009 767 1079 gnitis,
800 1014 979 1067 statim
1012 1013 1259 1068 diadema
1298 1016 1448 1070 misit
1474 1017 1540 1072 ad
1570 1017 2009 1083 Veteranionem,
2038 1020 2141 1074 im-

568 1103 893 1168 peratoriam
924 1105 975 1160 ei
1004 1104 1324 1174 dignitatem
1361 1108 1619 1178 suﬁ'ragio
1651 1124 1753 1163 suo
1776 1111 2138 1177 conﬁrmans;

569 1202 755 1261 postea
811 1210 942 1251 vero
988 1197 1252 1252 adversus
1304 1196 1668 1269 Magnentium
1726 1201 1782 1255 in
1833 1202 2143 1259 Occidentis

571 1294 751 1351 partes
788 1300 912 1339 cum
946 1287 1188 1361 exercitu
1222 1287 1530 1357 profectus,
1564 1292 1667 1345 sub
1711 1293 1934 1347 obtentu
1976 1295 2143 1349 collo-

569 1373 683 1443 quii
710 1376 853 1443 quod
885 1391 1006 1430 cum
1028 1375 1385 1434 Veteranione
1413 1380 1589 1437 amice
1611 1381 1750 1438 inire
1781 1384 2044 1450 voluerat,
2076 1400 2143 1439 eo

570 1464 716 1534 quod
756 1466 804 1520 is
849 1465 1169 1523 defectionis
1220 1471 1588 1540 suspicionem
1637 1474 1985 1541 praebuisset,
2018 1490 2141 1529 enm

571 1557 1012 1626 comprehendit,
1072 1567 1127 1614 et
1179 1560 1525 1631 imperatoria
1577 1576 1725 1621 veste
1766 1567 1938 1622 exuit.
1985 1565 2145 1622 Nullo

2237 845 2418 900 αὐτῶν
2470 844 2653 917 πατὴρ
2693 843 2981 915 διαδήματί
3025 860 3086 897 τε
3114 842 3312 925 ,αὐτὴν
3356 841 3661 905 ὲταινίωσε,
3714 841 3804 895 καὶ

2236 934 2550 1004 Αύγοῦσταν
2588 935 2959 1004 ἐπωνόμασεν.
3010 933 3067 987 Ὃ
3118 933 3175 986 δὲ
3206 930 3577 995 Κωνστάντιος
3632 930 3808 985 ταῦτα

2243 1025 2430 1099 μαθὼν
2479 1024 2796 1096 παραυτίκα
2847 1023 2950 1094 μὲν
3008 1022 3403 1092 υύετερανίωνι
3450 1022 3511 1074 τὸ
3564 1021 3811 1092 διάδημα

2241 1119 2485 1189 πέμπει,
2535 1115 2910 1188 συνεπικυρῶν
2956 1113 3104 1185 αὐτῷ
3136 1113 3234 1167 καὶ
3281 1114 3343 1168 τὸ
3382 1114 3483 1185 τῆς
3531 1112 3813 1182 βασιλείας

2241 1210 2455 1281 ἀξίωμα
2474 1227 2487 1241 ·
2522 1208 2710 1262 ἔπειτα
2738 1208 2798 1262 δὲ
2830 1207 2964 1280 πρὸς
2989 1206 3274 1278 ἑσπερίους
3301 1205 3444 1259 κατὰ
3474 1205 3813 1275 Μαγνεντίου

2243 1300 2699 1373 στρατευόμενος,
2732 1300 2829 1354 καὶ
2867 1298 3134 1369 συμμίξαι
3182 1297 3371 1367 φιλίως
3413 1296 3492 1368 τῷ
3543 1298 3818 1367 ούετερα-

2242 1392 2390 1445 νίωνι
2422 1388 2702 1462 βουληθεὶς
2721 1431 2737 1457 ,
2773 1389 3004 1461 ἐπείπερ
3034 1391 3240 1452 ἐκεῖνος
3273 1388 3544 1460 παρέσχεν
3575 1384 3817 1458 ὑποψίαν

2244 1480 2684 1547 ἐπαναστάσεως,
2706 1478 2985 1552 χειροῦται
3016 1479 3115 1550 μὲν
3140 1480 3232 1532 τὸν
3260 1478 3690 1550 Ούετερανίωνα,
3718 1478 3817 1532 καὶ

2242 1572 2346 1643 τῆς
2373 1571 2661 1643 βασιλικῆς
2685 1570 2908 1626 ἁποδύει
2935 1570 3129 1640 στολῆς
3145 1587 3159 1600 ·
3190 1568 3356 1641 μηδὲν
3379 1569 3438 1623 δὲ
3462 1568 3632 1622 κακὸν
3651 1570 3819 1640 ἐπερ-

572 1655 752 1701 tamen
785 1647 895 1703 alio
936 1649 1186 1704 aﬁ'ectum
1224 1651 1608 1719 incommodo,
1642 1654 1752 1710 imo
1770 1671 1910 1734 vero
1943 1673 2146 1712 mensae

2258 1662 2552 1734 γασάμενος
2575 1662 2737 1727 ἄλλο,
2775 1661 2913 1717 ἀλλὰ
2946 1662 3041 1715 καὶ
3073 1660 3350 1733 τραπέζης
3377 1660 3523 1731 αύτῷ
3552 1660 3819 1729 κοινωνή-

573 1752 688 1791 suae
711 1738 1047 1805 adhibitum,
1082 1740 1307 1796 Prusam
1339 1742 1606 1815 Bithyniae
1645 1748 1991 1812 amandavit,
2029 1764 2146 1803 amo

2258 1771 2374 1820 τας,
2399 1733 2499 1819 είς
2528 1753 2778 1827 Προῦσαν
2809 1754 2912 1824 τῆς
2948 1751 3203 1814 Βιθυνίας
3234 1750 3530 1821 ἐκπέμπει,
3555 1749 3822 1820 λαμπρὰς

574 1827 693 1896 pios
729 1843 794 1883 ac
838 1831 1153 1899 magniﬁcos
1185 1842 1437 1903 sumptus
1464 1834 1512 1888 ei
1562 1838 1935 1904 constituens,
1960 1840 2146 1907 provi-

574 1919 816 1990 densque
866 1937 934 1977 ne
980 1924 1277 1994 quidquam
1325 1942 1518 1996 eorum
1562 1927 1762 1997 quibus
1810 1930 2144 1999 privatorum

576 2006 858 2063 hominum
892 2011 1002 2066 vita
1042 2013 1194 2067 beate
1221 2016 1562 2085 transigitur,
1589 2020 1639 2072 ei
1668 2018 1902 2075 deesset.

644 2099 734 2155 25.
758 2098 989 2157 Iacobus
1021 2102 1308 2160 Nisibenus
1340 2107 1480 2177 (95).
1508 2139 1580 2148 —
1610 2110 1695 2164 Ait
1720 2108 2147 2181 Philostorgins,

578 2188 838 2259 Saporem
860 2190 1150 2249 Persarum
1174 2212 1352 2267 regem
1374 2196 1634 2253 Romanis
1659 2200 1857 2253 bellum
1877 2200 2144 2265 intulisse,

574 2282 866 2340 et’Nisibin
919 2287 1109 2343 urbem
1157 2304 1532 2359 oppugnasse;
1581 2308 1769 2347 verum
1810 2309 1870 2349 re
1915 2293 2145 2359 infecta,

577 2384 770 2444 praeter
800 2378 1043 2433 omnium
1080 2381 1390 2449 0pinio::em
1439 2383 1644 2450 pudore
1683 2381 1938 2438 aﬁ'eetum
1971 2399 2151 2441 reces-

576 2463 737 2527 sisse,
770 2480 893 2519 cum
922 2464 1179 2532 Jacobus,
1227 2467 1377 2522 urbis
1407 2469 1554 2524 illius
1589 2471 1909 2542 episcopus,
1941 2473 2151 2529 civibus

575 2551 705 2619 quid
740 2551 1044 2607 faciendum
1070 2565 1216 2610 esset
1249 2566 1773 2626 commonstrasset,
1817 2570 1873 2615 et
1903 2561 2059 2616 ﬁrma
2092 2563 2147 2617 in

578 2638 744 2694 Deum
777 2657 873 2712 spe
898 2659 961 2699 ac
992 2644 1189 2701 ﬁducia
1216 2662 1315 2717 pro
1346 2648 1523 2704 salute
1561 2651 1716 2706 urbis
1757 2651 2151 2711 admirabiliter

576 2743 995 2802 prepugnasset.

645 2821 735 2877 24.
773 2823 928 2892 Alpes
965 2824 1124 2881 Succi
1163 2839 1212 2883 et
1254 2826 1419 2884 Julia:
1452 2829 1589 2899 (96).
1627 2861 1700 2873 -—
1739 2833 1942 2904 Alpes.
1976 2844 2035 2891 ut
2075 2837 2152 2891 ait

574 2914 998 2987 Philostorgius,
1035 2926 1142 2972 tam
1181 2918 1372 2986 Succi,
1404 2937 1568 2992 quam
1609 2922 1692 2978 hae
1725 2940 1847 2995 quae
1870 2924 2025 2981 Julia:
2050 2943 2150 2982 vo-

576 3013 789 3072 cantur,
830 3007 1094 3063 transitus
1136 3019 1263 3064 sunt
1310 3012 1557 3082 angusti,
1590 3015 1845 3070 maximis
1898 3018 2150 3086 utrinque

577 3095 855 3152 montibus
898 3112 1064 3151 unum
1098 3097 1150 3151 in
1190 3097 1404 3165 locum,
1440 3101 1513 3156 ita
1559 3110 1619 3156 ut
1664 3100 1777 3158 fere
1806 3104 1912 3159 sibi
1960 3116 2150 3164 mutuo

575 3183 892 3255 jungantur,
963 3190 1307 3247 coeuntibus.
1376 3190 1547 3248 Porro
1617 3195 1882 3253 transitus
1943 3197 2151 3254 similes

580 3278 980 3345 quodammodo
1018 3270 1146 3335 sunt
1194 3284 1458 3353 angustiis
1505 3284 2015 3359 Thermopylarum.
2047 3291 2149 3346 Sed

580 3362 738 3420 Iulias
761 3368 980 3436 quidem
1011 3370 1175 3440 Alpes
1207 3372 1409 3430 Gallias
1436 3386 1600 3445 atque
1629 3376 1832 3433 Italiam
1865 3379 2148 3447 dividunt;

584 3452 744 3511 Succi
798 3472 924 3513 vero
979 3459 1118 3514 inter
1157 3460 1374 3518 Daciam
1419 3465 1509 3521 siti
1558 3476 1686 3522 sunt
1731 3476 1787 3522 et
1818 3467 2150 3526 Thraciam:

582 3563 815 3618 quorum
861 3553 1140 3620 angustias
1187 3568 1310 3607 eum
1355 3571 1623 3625 occupare
1656 3565 1947 3629 tentasset
2001 3552 2155 3615 Vete-

584 3639 772 3703 ranio,
801 3639 1117 3696 defectionis
1149 3645 1517 3713 suspicionem
1556 3646 1877 3705 Constantio
1903 3651 2150 3719 pnebuit.

651 3728 743 3785 25.
789 3727 972 3784 Gallus
1005 3727 1141 3787 Caes.
1173 3762 1243 3774 —-
1296 3735 1430 3789 Dum
1489 3733 1842 3793 Constantius
1895 3739 2154 3797 adversus

584 3820 947 3890 Magnentium
995 3833 1286 3895 tyrannum
1315 3827 1708 3892 expeditionem
1737 3839 1981 3898 pararet,
2015 3847 2155 3885 nun-

583 3913 692 3967 tius
740 3913 808 3967 ad
848 3928 973 3969 eum
1008 3915 1245 3984 perlatus
1295 3928 1408 3982 est,
1448 3916 1647 3975 Persas
1673 3934 1800 3974 cum
1841 3921 2154 3990 iungentibus

583 4003 759 4073 copiis
802 4004 1065 4060 adversus
1096 4005 1332 4062 Orientis
1359 4009 1669 4078 provincias
1707 4011 1938 4065 moveri.
1971 4010 2154 4078 Quare

584 4107 807 4148 necesse
869 4093 1060 4149 habuit
1111 4095 1324 4150 Gallum
1377 4097 1645 4152 Caesarem
1701 4114 2051 4169 nuncupare,
2099 4109 2153 4156 et

584 4191 772 4237 contra
821 4182 1015 4240 Persas
1063 4185 1117 4239 in
1171 4184 1446 4242 Orientem
1499 4189 1733 4244 mittere.
1786 4190 1916 4244 Erat
1969 4201 2150 4246 autem

585 4269 772 4326 Gallus
830 4271 997 4327 frater
1050 4276 1171 4344 ejus
1218 4277 1512 4346 patruelis;
1558 4280 1759 4333 etenim
1814 4278 1950 4335 Galli
2000 4290 2154 4350 pater

2246 1845 2340 1899 καὶ
2392 1844 2828 1916 μεγαλοπρεπεῖς
2877 1843 3142 1915 ἀφορίσας
3187 1840 3336 1912 αύτῷ
3375 1840 3474 1905 τὰς
3529 1838 3817 1911 χορηγίας,

2249 1924 2473 2009 μηδενὸς
2519 1935 2882 2009 ύστερῆσθαι,
2911 1929 2986 1991 ὧν
3008 1934 3296 2007 ἀνθρώπου
3332 1933 3445 2005 βίος
3476 1934 3551 1998 ὡς
3579 1934 3638 1987 ὲν
3671 1930 3820 1986 ίδιώ-

2245 2042 2367 2089 ταις
2402 2026 2739 2096 εὐδαιμονεῖ,
2770 2025 3231 2097 προνοησάμενος.

2317 2121 2424 2183 κγ’.
2474 2115 2598 2168 Ὅτι
2634 2113 2903 2186 Σαπώρην
2931 2115 3022 2168 τὸν
3057 2113 3279 2184 βασιλέα
3313 2112 3539 2183 Περσῶν
3574 2108 3824 2182 ἀναγρά-

2247 2221 2337 2273 φει
2372 2205 2698 2275 στρατεῦσαι
2737 2204 2876 2259 κατὰ.
2908 2204 3008 2275 τῆς
3035 2202 3338 2267 Νισίϐιδος,
3370 2202 3463 2256 καὶ
3490 2202 3572 2264 είς
3598 2200 3824 2273 πολιορ-

2247 2295 2371 2349 κίαν
2394 2294 2564 2364 αὐτῆς
2588 2296 2924 2367 καταστῆναι
2943 2311 2957 2326 ⁸
2984 2296 3266 2366 ἄπρακτον
3285 2294 3343 2347 δὲ
3367 2294 3460 2348 καὶ
3480 2292 3634 2365 παρὰ
3660 2292 3833 2357 δόξαν

2248 2388 2659 2458 κατῃσχυμένον
2700 2386 3040 2461 ὑποστρέψαι
3058 2427 3074 2453 ,
3131 2385 3386 2441 Ἰακώϐου
3430 2383 3527 2438 τοῦ
3576 2384 3682 2455 τῆς
3725 2384 3834 2438 πό-

2247 2477 2385 2540 λεως
2428 2479 2728 2532 ἐπισκόπου
2758 2478 2820 2532 τό
2867 2496 2927 2533 τε
2967 2478 3238 2551 πρακτέον
3278 2481 3392 2541 τοῖς
3430 2476 3677 2541 πολίταις
3710 2478 3834 2529 είς-

2246 2568 2575 2640 ηγουμένου,
2599 2569 2693 2624 καὶ
2715 2573 2780 2642 τῇ
2802 2571 2939 2641 πρὸς
2962 2570 3093 2624 Θεὸν
3128 2570 3429 2643 παρρησίᾳ,
3472 2568 3702 2623 κατὰτὸ
3726 2568 3831 2621 tiv-

2249 2662 2586 2735 υπέρελητον
2610 2664 2709 2735 τῆς
2731 2663 2940 2729 πόλεως
2968 2663 3515 2736 ὑπερμαχεσαμένου.

2318 2820 2416 2876 κδ’.
2455 2821 2579 2875 Ὀτι
2610 2821 2668 2875 αί
2711 2820 2958 2885 Ἄλπεις,
3003 2820 3068 2874 αῖ
3092 2837 3152 2874 τε
3188 2818 3414 2882 Σούκεις
3446 2817 3779 2889 καλούμεναι
3810 2858 3832 2885 ,

2249 2914 2345 2967 καὶ
2380 2912 2438 2967 αι
2484 2911 2736 2977 Ἰούλιαι,
2778 2911 2939 2964 δίοδοί
2979 2912 3088 2964 είσι
3126 2911 3312 2964 στεναὶ
3360 2909 3634 2981 μεγίστων
3680 2908 3836 2978 ὀρῶν

2249 3003 2611 3076 ἑκατέρωθεν,
2640 3005 2734 3057 καὶ⁸
2762 3002 2853 3074 ὑφ’
2875 3003 2933 3057 ἓν
2960 3003 3157 3075 χωρίον
3175 3002 3343 3071 ἐγγὺς
3365 3001 3459 3054 τοῦ
3477 2999 3835 3070 συμπτύσσε-

2254 3095 2376 3150 σθαι
2406 3095 2860 3166 συγκλειομένων.
2890 3095 3131 3150 Ἐοίκασι
3155 3095 3211 3148 δὲ
3239 3096 3297 3148 αἱ
3330 3093 3492 3148 δίοδοι
3520 3087 3682 3146 αὗται
3711 3097 3836 3157 τοῖς

2253 3190 2311 3242 ὲν
2330 3188 2714 3259 Θερμοπύλαις
2754 3190 2982 3250 στενοῖς.
3027 3187 3167 3241 Ἀλλ’
3202 3188 3258 3242 ad
3294 3188 3392 3257 μὲν
3438 3178 3654 3240 Ἰούλιαι
3689 3184 3835 3238 Ἀλ-

2254 3298 2377 3345 πεις
2429 3280 2530 3345 τὰς
2582 3281 2813 3344 Γαλλίας
2868 3281 2964 3335 καὶ
3009 3280 3238 3344 Ἰταλίας
3280 3278 3569 3353 διορίζουσι
3608 3276 3682 3348 (Ι)
3716 3276 3839 3332 τῶν

2266 3373 2482 3428 Ἰταλῶν
2501 3391 2516 3407 ο
2552 3375 2609 3427 αἱ
2638 3373 2697 3427 δὲ
2728 3372 2953 3438 Σούκεις
2993 3370 3197 3444 μεταξὺ
3229 3372 3331 3441 τῆς
3358 3371 3560 3435 Δακίας
3592 3369 3702 3425 είσὶ
3728 3369 3840 3423 καὶ

2251 3468 2351 3537 τῆς
2378 3466 2629 3538 Θρᾴκης,
2657 3464 2723 3530 ἃς
2751 3466 2846 3519 καὶ
2874 3465 3203 3520 καταλαϐεῖν
3238 3464 3593 3534 ἐπειγόμενος
3622 3462 3841 3517 θύετε-

2256 3554 2455 3625 ρανίων
2507 3556 2606 3626 τὴν
2658 3553 2913 3608 ὑπόνοιαν
2967 3552 3068 3624 τῆς
3113 3552 3533 3615 ἐπαναστάσεως
3578 3548 3839 3621 παρέσχε

2252 3645 2632 3716 Κωνσταντίῳ.
3598 3686 3617 3708 ο

2322 3740 2419 3788 κε’.
2452 3736 2572 3789 Ὀτι
2602 3737 2660 3789 ὲν
2680 3726 2726 3803 ᾧ
2741 3735 3117 3800 Κωνστάντιος
3141 3734 3282 3789 κατὰ
3296 3733 3632 3803 Μαγνεντίου
3654 3748 3839 3804 mpe-

2255 3825 2548 3891 σκευάζετο
2578 3826 2672 3881 τοῦ
2704 3828 3000 3899 τυράννου,
3031 3829 3094 3883 τὸ
3120 3828 3385 3901 Περσικὸν
3408 3826 3650 3890 ἀκούσας
3681 3826 3839 3880 κατὰ

2253 3918 2350 3989 τῆς
2375 3916 2516 3989 ἑῴας
2545 3918 2820 3992 βαρυτέρᾳ
2843 3921 2988 3990 χειρὶ
3010 3920 3302 3984 κινεῖσθαι,
3336 3921 3418 3983 είς
3447 3920 3693 3988 ἀνάγκην
3719 3911 3836 3992 ἦα

2255 4006 2456 4062 Γάλλον
2488 4009 2743 4080 Καίσαρα
2788 4010 3199 4081 χειροτονῆσαι,
3241 4009 3338 4063 καὶ
3368 4009 3456 4062 ἐπ’
3487 4008 3686 4071 αὐτοὺς
3732 4007 3839 4060 ὲκ-

2257 4100 2491 4172 πέμψαι.
2521 4101 2766 4170 Ἀνεψιὸς
2791 4100 2849 4153 δὲ
2882 4097 2949 4172 ῆν
2978 4102 3007 4154 6
3036 4100 3268 4163 Γάλλος⁴
3298 4099 3395 4153 καὶ
3423 4099 3532 4170 γὰρ
3561 4100 3591 4152 6
3620 4098 3837 4152 Γάλλου

2256 4191 2436 4262 πατὴρ
2476 4190 2847 4256 Κωνστάντιος
2898 4192 3126 4261 ἀδελφὸς
3169 4188 3237 4263 ἦν
3281 4190 3685 4245 Κωνσταντίνου
3729 4189 3834 4243 τοῦ

2259 4281 2493 4353 μεγάλου
2516 4323 2532 4350 ,
2566 4282 2626 4347 ὃς
2670 4282 2917 4353 ἐγείνατο
2941 4284 3320 4339 Κωνστάντιον
3360 4284 3458 4337 καὶ
3489 4285 3618 4347 τοὺς
3657 4281 3834 4337 αὑτοῦ

585 4359 939 4417 Constantius
1001 4364 1167 4419 frater
1232 4367 1331 4422 fuit
1390 4368 1736 4427 Constantini
1799 4371 2035 4444 Magni:
2084 4388 2148 4427 ex

2258 4375 2542 4445 ἀδελφούς.

586 4461 695 4515 quo
725 4446 830 4500 orti
861 4458 1019 4503 erant
1044 4450 1397 4511 COnstantius
1428 4465 1482 4511 et
1513 4457 1707 4513 fratres
1739 4458 1880 4528 ejus.

653 4537 744 4592 26.
786 4538 934 4594 (ἕηκε
978 4540 1356 4614 Hierosolymis
1391 4548 1448 4600 in
1503 4547 1630 4602 cozlo
1654 4549 1766 4602 visa
1817 4550 2046 4620 (97).—
2088 4548 2152 4606 Et

584 4628 938 4686 Constantius
974 4632 1193 4702 quidem
1238 4636 1517 4690 victoriam
1551 4638 1619 4692 de
1648 4646 1880 4709 tyranno
1915 4650 2158 4709 reporta-

587 4722 684 4787 vit,
713 4736 838 4775 eum
867 4723 1082 4793 signum
1109 4725 1289 4780 crucis
1316 4726 1427 4781 illic
1449 4743 1668 4797 quoque
1692 4729 1870 4785 visum
1904 4739 2068 4798 esset,
2086 4732 2153 4786 ad

584 4812 960 4881 longissimum
1006 4814 1241 4883 spatium
1288 4827 1641 4886 protensum,
1688 4828 1744 4876 et
1781 4820 2034 4875 diurnam
2064 4821 2152 4876 lu-

2322 4554 2435 4620 κς’.
2473 4554 2531 4608 '0
2557 4555 2653 4626 μὲν
2683 4550 2775 4609 οὖν
2805 4555 3181 4620 Κωνστάντιος
3208 4556 3484 4628 ἐγκρατὴς
3512 4555 3607 4610 τοῦ
3636 4556 3833 4627 τυράν-

2252 4660 2345 4697 νου
2374 4645 2610 4714 γίνεται,
2642 4646 2920 4701 κάνταῦθα
2965 4646 3059 4701 τοῦ
3090 4648 3319 4718 σημείου
3345 4647 3440 4701 τοῦ
3471 4646 3707 4718 σταυροῦ
3733 4648 3837 4700 ἐπὶ

2257 4736 2513 4806 μέγιστόν
2540 4753 2599 4790 τε
2638 4739 3027 4809 προφανέντος,
3067 4741 3160 4791 καί⁵
3204 4739 3833 4810 καταπληκτικυντάταις

2253 4826 2470 4896 αῖγλαις
2498 4828 3011 4902 ύπεραστράψαντος
3030 4830 3091 4883 τὸ
3113 4831 3211 4901 τῆς
3236 4831 3450 4904 ἡμέρας
3479 4831 3616 4901 φῶς.
3645 4830 3834 4901 Ὠφθη

1800 4992 2043 5039 VALESII
2084 4995 2577 5045 ANNOTATIONES.

658 5095 766 5166 (95)
805 5096 1101 5152 Theodorit
1156 5097 1193 5151 Ι.
1229 5113 1288 5163 tl,
1318 5113 1368 5154 c.
1400 5097 1489 5154 50.

655 5166 770 5238 (96)
810 5166 964 5238 ξιοοικ
993 5183 1114 5238 pag.
1148 5168 1270 5238 108.
1304 5169 1438 5238 nil.

654 5236 767 5318 (.222
802 5236 926 5318 ξρι-
962 5236 1085 5308 vasi
1125 5237 1241 5318 1⁵4»
1270 5237 1396 5318 .137-
1448 5307 1482 5318 ..

656 5306 770 5375 (98)
798 5306 1241 5362 Κωνστιὶντίνα.
1269 5308 1327 5361 In
1364 5307 1549 5365 codice
1578 5309 1830 5364 Bocharti
1864 5312 2155 5366 Κωνσταν-

584 5373 676 5447 τία
706 5377 982 5447 scribitur.
1033 5376 1137 5432 Sed
1171 5393 1356 5432 verum
1390 5379 1510 5447 ejus
1544 5396 1741 5434 nomen
1764 5382 2153 5435 οδιΚωνσταν-

587 5441 726 5508 τίνα,
752 5455 808 5498 ut
836 5447 887 5499 in
928 5446 1386 5503 Annntationibus
1408 5441 1473 5503 ad
1508 5451 1851 5506 Amntianum
1882 5449 2150 5505 Marcelli-

587 5527 715 5564 num
738 5514 1038 5570 observavi.

658 5579 961 5651 (99iAtdﬂ
1010 5584 1217 5651 ζήνων.
1250 5584 1418 5643 Nemo
1455 5604 1560 5643 non
1617 5590 1760 5644 videt
1801 5590 2146 5643 scribendum

587 5665 710 5706 csse
742 5649 872 5717 ζῶν,
910 5649 1162 5720 quamvis
1193 5659 1545 5728 manuscripti
1582 5661 1796 5716 codices
1826 5668 2143 5730 repugnent.

2325 5107 2401 5180 (l)
2444 5108 2557 5180 Τὰς
2596 5109 2870 5180 Γαλλίας
2908 5107 3006 5162 καί
3057 5107 3326 5180 Ἰταλίαν
3374 5107 3725 5180 drop/(ovat.
3772 5110 3835 5164 In

2255 5177 2640 5246 manuscriptis
2668 5179 2944 5233 codicibus
2970 5180 3174 5233 nostris
3201 5178 3345 5232 hunc
3377 5177 3553 5231 locum
3586 5180 3658 5231 ita
3688 5182 3829 5232 seri-

2255 5257 2405 5318 ptum
2447 5247 2624 5318 inveni
2654 5266 2669 5301 :
2696 5246 2813 5318 Ῑὰς
2866 5247 3097 5310 Γαλλίας
3125 5249 3217 5301 καὶ
3267 5246 3494 5309 Ἰταλίας
3530 5248 3832 5318 διορίζουσι

2251 5315 2360 5370 τῶν
2397 5316 2656 5371 Ἰταλιῶιμ
2696 5315 2894 5371 Verum
2930 5320 3010 5372 ba!
3037 5333 3197 5379 voces
3226 5318 3320 5370 καὶ
3350 5318 3578 5380 Ἰταλίας
3599 5315 3832 5386 prorsus

2258 5390 2626 5456 expungenda:
2652 5396 2800 5447 sunt,
2836 5399 2888 5439 ιιι
2922 5387 3229 5456 superﬂuae.
3283 5387 3442 5441 Certe
3485 5387 3828 5455 Nicephorus

2259 5456 2313 5508 in
2341 5457 2480 5510 libro
2502 5471 2646 5511 nono
2670 5456 2846 5525 capite
2881 5457 3152 5511 tricesimo
3176 5458 3437 5520 secundo,
3472 5456 3617 5511 hunc
3644 5456 3838 5509 Philo-

2257 5526 2444 5605 storgii
2476 5526 2653 5582 locum
2677 5527 3016 5592 describens,
3046 5526 3155 5581 duo
3181 5527 3293 5582 haec
3311 5526 3569 5585 vocabula
3600 5535 3841 5597 praeteh

2257 5606 2422 5650 ιιιιειι.
