4020 6196
201 207 254 265 Η
268 211 299 264 3

1228 196 1792 254 Et".CI.ES|ASTlCIF.
1834 193 2182 250 HISTORIAE.
2225 196 2347 249 LIB.
2391 196 2475 251 lll.

3341 196 3445 252 5H

189 327 243 376 δὲ
282 322 506 375 ἐπὶτῶν
548 317 940 390 Ἱεροσολύμων
972 317 1100 388 περὶ
1132 317 1230 387 τὴν
1267 316 1459 389 τρίτην
1484 315 1632 387 ὥραν
1668 314 1770 386 μά·

1905 328 1990 367 em
2064 314 2522 384 splendidissimis
2586 313 2653 369 ad
2714 324 2989 385 stuporem
3045 330 3218 386 usque
3281 317 3449 372 radiis

188 420 353 469 λιστα
367 413 469 482 τῆς
485 411 714 482 ἡμέρας.
733 410 926 481 ἑορτῆς
946 409 1048 480 τῆς
1070 409 1371 481 λεγομένης
1396 406 1776 478 Πεντηκοστῆς

186 506 581 577 ἐνισταμένης.
643 504 703 556 '0
755 504 813 557 δὲ
852 502 1154 575 θεόγραφος
1195 501 1367 564 τύπος
1416 501 1624 563 ἐκεῖνος
1668 498 1776 551 ἀπὸ

187 600 291 654 τοῦ
338 597 631 667 λεγομένου
668 593 900 666 Κρανίου
934 593 1098 665 μέχρι
1138 593 1233 647 καὶ
1276 591 1371 645 τοῦ
1406 591 1514 645 τῶν
1552 588 1776 643 Ἐλαιῶν

190 690 363 759 ὅρους
400 685 601 755 διήκων
635 682 836 753 ὠρᾶτο,
879 680 1043 751 ἴριδος
1072 680 1314 751 μεγάλης
1352 677 1615 745 στεφάνου
1657 673 1813 746 τρό-,

195 796 306 833 πον
354 774 688 846 πανταχόθεν
734 774 896 828 αὑτὸν
942 770 1406 843 περιελιττούσης.
1458 767 1677 839 Ἐδὴλου
1720 766 1777 819 δὲ

195 872 315 942 ἄρα
359 872 395 940 ἡ
434 869 533 936 μὲν
583 867 690 940 τρις
734 864 833 938 τὴν
869 863 963 918 τοῦ
1000 863 1400 936 σταυρωθέντος
1433 863 1526 915 καὶ
1575 859 1777 930 ἀναλησ

197 961 430 1029 φθέντος
459 959 751 1028 εὐμένειαν
770 973 784 988 ο
819 958 848 1010 6
874 957 931 1010 δὲ
958 956 1221 1025 στέφανος
1258 954 1358 1025 τὴν
1388 953 1482 1006 τοῦ
1517 950 1781 1023 βασιλέως

195 1053 382 1121 νίκην.
413 1051 487 1103 Τδ
512 1050 570 1103 δὲ
598 1047 931 1119 οελασφόρον
961 1048 1137 1100 ἐκεῖνο
1163 1047 1257 1099 καὶ
1282 1044 1574 1114 σεϐάσμιον
1601 1042 1780 1113 θέαμα

195 1144 322 1198 οὐδὲ
352 1144 467 1204 τοῖς
509 1141 603 1193 ἐπὶ
627 1138 722 1194 τοῦ
753 1138 1116 1210 στρατοπέδου
1146 1136 1376 1190 ἀθέατον
1404 1132 1494 1207 ἦν,
1522 1134 1637 1187 ἀλλ’
1663 1136 1784 1186 ἐπι-

197 1237 377 1308 δήλως
405 1233 704 1307 ὁρώμενον,
738 1232 1076 1299 Μαγνέντιον
1112 1229 1209 1299 μὲν
1239 1229 1333 1282 καλ⁵
1357 1229 1481 1292 τοὺς
1509 1227 1606 1280 σὺν
1632 1226 1699 1279 αὖ
1712 1223 1782 1296 τῷ

196 1327 296 1383 ἅτε
330 1328 401 1397 τῇ
443 1328 554 1379 τῶν
601 1324 869 1394 δαιμόνων
918 1322 1184 1393 θεραπείᾳ
1216 1316 1781 1391 προσανακειμένους,

196 1417 280 1478 είς
329 1416 618 1485 ἀμήχανον
657 1412 778 1476 δέος
822 1410 1124 1480 κατέστησε
1145 1425 1160 1440 ’
1196 1408 1572 1463 Κωνστάντιον
1597 1406 1654 1458 δὲ
1687 1405 1783 1459 καὶ

196 1506 326 1570 τοὺς
359 1505 500 1577 περὶ
520 1502 681 1557 αὑτὸν
704 1503 784 1565 είς
811 1500 1009 1573 θάρσος
1030 1501 1240 1571 ἄμαχον
1264 1498 1614 1566 ἀνεκτήσατο.
1659 1495 1785 1546 Ἠτ-

198 1595 390 1668 τηθεὶς
416 1595 473 1649 δὲ
514 1594 583 1647 τὰ
615 1595 804 1664 πρῶτα
847 1591 1185 1660 Μαγνέντιος
1206 1629 1221 1652 ,
1252 1585 1371 1642 εἶτα
1400 1586 1541 1640 κατά
1590 1585 1782 1657 μικρὸν

1877 405 2034 474 longe
2060 420 2347 474 superans.
2378 405 2640 474 Apparuit
2670 416 2851 461 autem
2896 406 3313 477 Hierosolymis.
3344 414 3450 460 cir-

1876 506 1938 545 ca
1966 491 2154 545 horam
2182 491 2391 545 tertiam
2437 491 2558 559 ejus
2591 492 2694 546 diei
2732 508 2853 562 quae
2892 494 3052 564 vulgo
3082 495 3281 548 dicitur
3312 492 3453 547 Pen-

1879 592 2096 638 tecoste.
2127 582 2297 637 Porro
2333 583 2436 637 hoc
2468 583 2683 651 signum
2728 583 2990 638 divinitus
3033 586 3231 654 pictum
3276 599 3306 637 a
3331 585 3453 638 Gal-

1880 672 2043 725 t'arite
2065 681 2249 727 monte
2281 687 2453 741 usque
2477 672 2541 725 ad
2571 682 2813 725 montem
2848 671 3124 727 Otivarum
3153 676 3452 743 pertingere

1877 762 2191 827 videbatur,
2221 777 2415 832 magna
2453 762 2587 817 iride
2608 763 2781 817 instar
2807 763 3061 817 coronaei
3087 763 3177 817 lud
3217 765 3453 831 undique

1879 851 2168 906 ambientc.
2229 852 2294 906 Et
2348 854 2443 907 iris
2502 853 2720 924 quidem
2766 854 2967 909 Christi
3023 855 3267 909 crucifixi
3306 864 3359 908 et
3400 856 3452 907 iu

1878 942 2074 997 cadum
2126 945 2392 1013 assumpti
2442 945 2786 1000 clementiam
2850 946 3209 1016 designabat;
3255 964 3454 1000 corona

1880 1049 2030 1097 vero,
2058 1032 2403 1104 imperatoris
2427 1038 2734 1092 victoriam.
2754 1036 2926 1091 Porro
2955 1038 3295 1107 splendidum
3315 1039 3454 1093 istud

1881 1141 1946 1180 ac
1979 1127 2346 1181 venerandum
2393 1130 2608 1197 signum
2657 1145 2724 1183 ne
2761 1130 2994 1183 militum
3022 1130 3237 1199 quidem
3268 1131 3457 1184 oculos

1880 1213 2084 1284 etl‘ugit,
2107 1216 2199 1270 sed
2234 1217 2302 1271 ab
2336 1229 2567 1288 utroque
2600 1221 2845 1274 exercitu
2883 1221 3031 1273 clare
3063 1230 3416 1289 conspertttut
3441 1260 3457 1280 ,

1882 1310 2249 1382 Magnentium
2274 1315 2493 1384 quidem
2514 1325 2567 1370 et
2594 1332 2691 1370 eos
2723 1316 2814 1386 qui
2847 1332 2875 1370 a
2904 1316 3146 1385 partibus
3178 1315 3322 1370 illius
3349 1328 3459 1371 sta-

1883 1403 2046 1466 bant,
2084 1412 2268 1474 utpote
2306 1405 2613 1460 dtBtltOlllltll
2640 1408 2728 1460 cu!
2758 1409 2810 1461 tti
2843 1408 3108 1466 addictos,
3142 1424 3305 1476 supra
3348 1424 3455 1461 tuo-

1881 1492 2009 1547 dum
2056 1495 2286 1561 terruit;
2322 1496 2646 1552 Constantio
2684 1514 2815 1553 vero
2862 1511 2915 1553 et
2964 1499 3029 1554 iis
3074 1499 3165 1568 qui
3205 1515 3327 1553 cum
3373 1500 3460 1551 illo

1882 1595 2055 1661 erant,
2088 1586 2341 1641 invictam
2373 1590 2663 1657 quamdam
2697 1591 2949 1646 fiduciam
2980 1592 3203 1645 addidit.
3244 1593 3311 1644 At
3355 1594 3459 1644 lla-

195 1665 493 1740 άναλαὸὼν
528 1684 740 1750 ἑαυτὸν,
779 1684 872 1737 καὶ
910 1679 1254 1752 συμπλακεὶς
1299 1679 1363 1731 ἐκ
1410 1676 1663 1747 δευτέρου
1707 1673 1783 1743 τῷ

1902 1679 2136 1748 ςιιθιιιίιιε
2160 1695 2283 1734 cum
2319 1695 2349 1734 a
2395 1681 2719 1736 Constantio
2766 1684 2999 1752 primum
3030 1682 3202 1737 rictus
3245 1681 3462 1746 fuisset,
3558 1734 3564 1740 .

197 1778 457 1848 πολέμῳ,
488 1776 583 1829 καὶ
612 1775 752 1828 κατὰ
780 1773 838 1827 τὸ
862 1771 1253 1845 κραταιότατον
1291 1765 1782 1837 καταπολεμηθεὶς,

198 1860 298 1922 καὶ
331 1868 462 1930 τοὺς
499 1867 597 1919 σὺν
639 1863 788 1935 αὐτῷ
829 1860 1027 1934 μικροῦ
1060 1861 1267 1922 πάντας
1311 1855 1620 1916 ἀποϐαλὼν,
1651 1854 1788 1927 πρὸς

196 1959 301 2031 τὴν
361 1956 708 2026 Λουγδούνων
754 1951 1139 2024 ἀποδιδράσκει
1185 1948 1359 2003 πόλιν.
1418 1948 1529 2001 Καὶ⁹
1576 1946 1647 2000 τὰ
1691 1946 1788 2016 μὲν

200 2052 407 2123 πρῶτα
436 2050 556 2104 κατ’
588 2045 804 2101 εὔνοιαν
836 2044 999 2115 δῆθεν
1032 2043 1124 2096 τὸν
1153 2044 1354 2095 οίκεῖον
1393 2038 1619 2108 ἀδελφὸν
1650 2040 1780 2091 ἀπο-

202 2143 470 2211 σφάττει,
510 2138 776 2209 πολεμίας
808 2133 1182 2207 προαρπάζων
1216 2130 1427 2203 ὕϐρεως
1452 2130 1546 2183 καὶ
1581 2128 1783 2199 χειρός.

208 2237 448 2289 Ἔπειτα
472 2234 567 2286 καὶ
592 2230 747 2292 εἴτις
776 2229 932 2291 ἄλλος
956 2226 1139 2296 παρῆν
1163 2223 1272 2278 τῶν
1296 2222 1660 2276 οἰκειοτάτων.
1687 2221 1788 2273 Τε-

205 2325 457 2377 lautam:
484 2322 575 2383 δὲ,
608 2322 667 2375 τὺ
702 2320 852 2389 ξίφος
878 2318 1193 2388 ὑποστήσας
1238 2315 1434 2385 ἐαυτῷ,
1467 2313 1790 2385 ὲπηρῤάχθη

204 2431 267 2469 τε
303 2413 402 2467 καὶ
432 2412 701 2475 διελαθεὶς
735 2410 877 2464 κατά
916 2409 979 2462 τὸ
1008 2408 1346 2479 μετάφρενον
1377 2405 1654 2475 ἐξέψυξεν,
1681 2405 1791 2458 οὐδ’

207 2505 309 2558 ὅλα
337 2504 588 2575 τέσσαρα
612 2500 953 2572 τυραννήσας
984 2496 1102 2568 ἐτη.

283 2762 393 2828 κζ’.
426 2761 551 2815 Ὅτι
579 2758 715 2829 φησὶ
745 2748 871 2823 τοὺς
900 2757 1029 2829 περὶ⁵
1060 2755 1337 2809 Βασίλειον
1371 2754 1465 2808 καὶ
1497 2753 1795 2809 Εὑστάθιον

208 2856 282 2910 δι’
312 2853 518 2926 ἐχθρας
549 2851 842 2923 γεγονότας
886 2848 967 2920 τῷ
1009 2849 1225 2919 ’Δετίῳ,
1276 2847 1526 2910 διαϐολὰς
1561 2847 1795 2910 ἀτόπους

212 2945 522 3020 συρράψαι,
552 2945 648 2997 καὶ
687 2942 781 2995 τὸν
819 2941 1018 2995 Γάλλον
1046 2941 1138 2994 ἐπὶ
1169 2940 1331 2993 ταυτδ
1368 2939 1666 3008 παροξύναι
1688 2938 1794 3009 (2)·

211 3039 363 3092 ὥστε
401 3038 610 3090 ἐκεῖνον
644 3034 720 3097 ὡς
760 3032 1081 3095 ἐπισκόποις
1125 3030 1493 3083 πιστεύσαντα
1537 3029 1632 3083 καὶ
1666 3029 1801 3100 πρὸς

210 3129 392 3202 ὀργὴν
414 3126 840 3197 ἐκταραχθέντα,
871 3123 1127 3177 κελεῦσαι
1160 3121 1253 3178 τὸν
1296 3122 1498 3175 Ἀέτιον
1526 3119 1802 3191 ἀναζητη-

214 3220 410 3288 θῆναι.
447 3217 543 3271 καὶ
571 3218 773 3286 ἀμφοῖν
795 3218 907 3270 τοῖν
931 3214 1141 3269 σκελοῖν
1169 3216 1526 3283 κατεαγῆναι.
1552 3212 1804 3266 Λεοντίου

213 3312 273 3367 δὲ
318 3309 419 3364 τοῦ
464 3308 763 3363 ἐπισκόπου
820 3306 1150 3377 Ἀντιοχείας
1190 3304 1449 3358 τάναντία
1484 3302 1693 3366 τούτοις
1716 3305 1807 3356 τὸν

218 3401 485 3474 Καίσαρα
537 3398 916 3469 διδαξαμένου,
961 3398 996 3467 ἦ
1038 3414 1098 3450 τε
1151 3396 1591 3460 καταδικάζουσα
1630 3396 1809 3466 ψῆφος

218 3492 521 3564 ἀνεϐλήθη,
554 3491 650 3545 καὶ
689 3492 769 3554 εἰς
814 3490 939 3543 θέαν
973 3491 1002 3542 ό
1034 3487 1236 3551 Γάλλος
1275 3486 1393 3558 μετ’
1421 3488 1480 3540 οὐ
1532 3486 1664 3540 πολὺ
1713 3486 1808 3539 τοῦ

232 3585 450 3639 Ἀετίου
497 3582 758 3651 κατέστη,
815 3582 909 3635 καὶ
956 3579 1109 3648 φίλος
1156 3578 1369 3649 ἐκρίθη.
1406 3575 1510 3631 Καὶ
1552 3577 1812 3642 πολλάκις

223 3676 370 3748 πρὸς
424 3674 715 3728 Ἰουλιανόν
763 3672 1062 3742 ἀπεστάλη,
1099 3672 1194 3726 καὶ
1229 3671 1463 3741 μάλιστα
1510 3670 1672 3742 ἡνίκα
1728 3670 1801 3723 διο

222 3765 563 3821 επυνθάνετο
605 3764 741 3835 πρὸς
776 3764 867 3816 τόν
909 3763 1262 3834 Ἐλληνισμδν
1294 3762 1323 3813 6
1350 3761 1575 3831 ἁδελφὸς
1609 3764 1813 3815 ἐκεῖνον

225 3858 573 3912 ἀποκλίνειν·
607 3855 889 3909 ἐστέλλετο
923 3855 1002 3919 δὲ,
1029 3855 1128 3924 τῆς
1166 3854 1420 3917 ἀσεΰείας
1461 3854 1602 3908 κατά
1638 3853 1700 3906 τὸ
1724 3852 1806 3906 δυ-

224 3950 392 4004 νατὸν
445 3948 605 4003 αὐτὸν
643 3946 1050 4001 ἀνασώσασθαι.
1108 3946 1184 3998 Οὺ
1233 3945 1339 4016 μὴν
1391 3944 1526 3998 ἀλλὰ
1571 3944 1666 3998 καὶ
1707 3944 1816 3997 τῶν

224 4041 395 4094 θείων
431 4040 769 4111 μαθημάτων
811 4040 840 4092 6
880 4038 1079 4102 Γάλλος
1113 4036 1430 4092 διδάσκαλον
1473 4035 1565 4091 τὸν
1615 4037 1818 4090 Ἀέτιον

226 4134 494 4186 ἐποιεῖτο.

1887 1777 2068 1834 postea
2110 1770 2315 1824 viribus
2347 1771 2605 1839 paulatim
2646 1773 2968 1840 resumptis,
2996 1772 3238 1826 secundo
3268 1772 3463 1841 prmlio

1887 1873 2233 1928 congressus.
2260 1862 2473 1930 penitus
2490 1863 2791 1917 debellatus
2810 1872 2913 1928 est,
2940 1864 3254 1932 amissoque
3276 1879 3466 1933 prope-

1888 1951 2106 2005 molum
2150 1952 2300 2005 omni
2339 1954 2579 2008 exercitu
2627 1969 2758 2020 suo,
2796 1954 2862 2008 ad
2919 1956 3105 2009 urbem
3138 1956 3462 2027 Lugdunum

1888 2040 2148 2112 profugit.
2198 2043 2277 2098 Ac
2324 2044 2502 2113 primo
2563 2045 2781 2113 quidem
2836 2046 3227 2102 benevolentiae
3288 2051 3467 2118 specie

1890 2130 2111 2185 fratrem
2139 2147 2297 2185 suum
2324 2132 2622 2195 interfecit,
2660 2143 2717 2187 ut
2751 2134 2986 2189 hostium
3023 2138 3276 2191 manibus
3300 2147 3352 2190 et
3387 2142 3467 2190 in-

1886 2219 2047 2288 juriis
2083 2235 2206 2274 eum
2240 2220 2492 2287 eriperet.
2540 2221 2739 2276 Deinde
2779 2238 2907 2277 vero
2957 2239 3023 2277 ex
3068 2226 3470 2294 prepiuquiuri-

1893 2309 1993 2364 bus
2038 2324 2417 2379 quemcunque
2463 2311 2652 2365 adesse
2713 2313 2958 2378 viderat,
3007 2313 3198 2367 eodem
3247 2317 3468 2368 sustulit

1892 2403 2072 2456 modo.
2105 2400 2386 2455 Postremo
2412 2402 2528 2472 ipse
2567 2403 2620 2456 iu
2668 2403 2904 2473 gladium
2939 2420 3101 2474 quem
3136 2407 3337 2477 pectori
3368 2421 3470 2461 suo

1892 2502 2278 2562 supposuerat,
2309 2494 2593 2559 incubuit,
2641 2498 3015 2565 transfixoque
3044 2496 3208 2551 dorso
3234 2498 3468 2551 animam

1894 2583 2186 2647 exhalavit,
2210 2598 2334 2638 cum
2353 2599 2447 2652 per
2470 2600 2646 2640 annos
2678 2585 2849 2641 ferme
2868 2597 3111 2657 quatuor
3133 2589 3473 2662 tyrannidem

1893 2674 2253 2728 exercuisset.

1963 2764 2053 2819 27.
2102 2766 2305 2819 Aetium
2352 2765 2538 2820 Gallus
2582 2768 2634 2821 in
2675 2769 2972 2823 amicitiam
3032 2773 3239 2841 recipit.
3288 2801 3357 2813 —
3388 2774 3477 2828 Ait

1897 2855 2313 2924 Philostorgius,
2363 2855 2621 2910 Basiliqu
2673 2865 2728 2911 et
2775 2855 3157 2925 Eustathium,
3206 2863 3477 2931 susceptis

1903 2948 2164 3003 adversus
2189 2948 2402 3003 Aetium
2445 2949 2763 3012 inimicitiis,
2800 2951 3064 3006 absurdas
3093 2954 3356 3022 quasdam
3384 2969 3476 3008 ca-

1907 3038 2141 3092 lumnias
2162 3038 2511 3100 cooﬁuxisse,
2533 3046 2585 3092 et
2602 3037 2813 3092 Gallqu
2838 3049 3022 3094 contra
3046 3055 3171 3094 eum
3195 3040 3478 3096 incitasse:

1905 3130 2040 3182 adeo
2071 3136 2129 3182 ut
2152 3128 2338 3184 Gallus
2359 3139 2616 3199 tanquam
2645 3130 2916 3199 episcopis
2954 3130 3111 3185 fidem
3148 3134 3373 3191 habens.
3416 3141 3471 3186 et

1910 3219 1991 3272 ira
2022 3220 2444 3282 excandescens,
2477 3219 2690 3273 Aetium
2730 3220 2970 3291 perquiri
3000 3222 3247 3287 jusserit,
3282 3234 3337 3276 et
3369 3224 3477 3278 fra-

1908 3311 2011 3364 ctis
2042 3311 2295 3365 cruribus
2339 3309 2534 3365 occidi.
2580 3310 2684 3365 Sed
2729 3327 2853 3366 cum
2884 3311 3139 3368 Leontius
3186 3315 3479 3384 episcopus

1910 3401 2212 3454 Antiochia:
2255 3403 2531 3457 contraria
2579 3402 2646 3457 iis
2686 3419 2808 3473 quae
2838 3414 3026 3458 contra
3054 3405 3267 3459 Aetium
3306 3406 3481 3460 delata

1911 3492 2124 3546 fuerant
2147 3491 2348 3546 Czcsari
2380 3494 2675 3556 retulisset,
2704 3494 3071 3549 damnationis
3095 3495 3362 3548 sententia
3394 3510 3471 3548 re-

1911 3591 2098 3636 vocata
2136 3591 2238 3644 est,
2270 3591 2324 3635 et
2343 3582 2531 3637 Aetius
2564 3599 2669 3636 non
2699 3584 2868 3637 multo
2904 3584 3097 3653 postin
3128 3595 3482 3652 conspectum

1913 3671 2048 3726 Galli
2082 3673 2246 3734 venit.
2268 3681 2321 3726 et
2352 3674 2493 3726 inter
2511 3674 2717 3729 amicos
2747 3676 2868 3744 ejus
2901 3676 3119 3730 habitus
3144 3686 3248 3729 est.
3283 3676 3483 3734 Missus

1913 3771 1996 3816 est
2029 3763 2188 3817 etiam
2220 3764 2420 3831 saepius
2451 3765 2516 3817 ad
2544 3762 2840 3831 Juliauum,
2862 3781 2929 3819 ac
2954 3767 3220 3835 p:u:cipue
3251 3781 3317 3820 eo
3345 3777 3483 3821 tem-

1916 3868 2046 3923 pore
2097 3869 2207 3922 quo
2236 3853 2422 3909 Gallus
2463 3856 2683 3909 fratrem
2731 3872 2891 3910 suum
2943 3858 3007 3911 ad
3043 3858 3484 3926 superstitionem

1917 3942 2197 4012 gentilium
2236 3944 2512 3997 declinare
2542 3945 2842 4008 didicerat;
2876 3945 3187 3999 mittebatur
3218 3957 3395 4000 autem
3418 3961 3487 4002 eo

1917 4033 2169 4095 consilio.
2214 4045 2272 4088 ut
2298 4033 2573 4090 lulianum
2610 4036 2680 4091 ab
2718 4036 2992 4106 impietate
3026 4047 3320 4092 revocaret.
3380 4036 3486 4094 Sed

1917 4138 1971 4182 et
2006 4125 2193 4183 Gallus
2209 4128 2425 4183 Aetium
2443 4144 2726 4185 sacrarum
2743 4129 3151 4199 disciplinarum
3170 4133 3488 4203 magistrum

1920 4219 2023 4274 sibi
2058 4220 2306 4274 adscivit.

303 4319 419 4385 κη’.
456 4313 578 4366 Ὅτι
621 4310 827 4365 Γάλλου
871 4308 1013 4363 κατὰ
1046 4308 1275 4381 Περσῶν
1304 4307 1383 4372 εἰς
1424 4308 1486 4362 τὸ
1528 4308 1800 4381 κράτιστοε

1991 4310 2082 4366 28.
2124 4310 2306 4366 Gallus
2340 4311 2621 4366 calumniis
2663 4312 2945 4381 appetitus.
2968 4341 3038 4353 —-
3064 4311 3198 4367 Cum
3226 4312 3410 4369 Galius
3436 4313 3493 4368 in

231 4402 773 4475 ἁνδραγαθήσαντος,
816 4403 894 4464 είς
941 4399 1133 4471 φθόνον
1161 4401 1211 4453 οἱ
1255 4402 1373 4463 ταῖς
1400 4400 1672 4463 διαϐολαῖς
1699 4402 1820 4469 χαί-

237 4512 434 4567 ροντες
470 4493 832 4564 ἁναφλέγουσι
877 4493 967 4546 τὸν
1002 4492 1248 4563 βασιλέα.
1300 4493 1409 4545 Καὶ
1435 4490 1528 4546 τοῦ
1555 4492 1825 4563 Περσικοῦ

237 4586 487 4657 πολέμου
524 4589 644 4648 ταῖς
679 4584 771 4638 τοῦ
806 4585 1084 4654 Καίσαρος
1122 4582 1424 4653 ἀριστείαις
1451 4582 1824 4653 πεπαυμένον,

240 4676 561 4732 ἀποστέλλει
610 4676 936 4747 Δομετιανὸν
1000 4674 1241 4746 ἔπαρχον
1303 4673 1413 4726 τῶν
1482 4672 1828 4744 καλουμένων

243 4769 598 4843 πραιτωρίων
627 4769 655 4821 6
680 4768 1082 4833 Κωνστάντιος,
1114 4765 1492 4836 ἐντειλάμενος
1517 4763 1664 4835 αύτῷ
1690 4764 1830 4820 κατὰ

244 4863 310 4918 οδ
342 4863 566 4932 ἀφανὲς,
589 4861 688 4924 τάς
714 4860 808 4914 τοῦ
836 4859 1039 4913 Γάλλου
1067 4857 1419 4930 περικόπτειν
1450 4856 1559 4910 ἀπὸ
1581 4856 1684 4926 τῆς
1710 4856 1832 4909 Ἀν-

248 4953 482 5024 τιοχείας
513 4951 746 5019 ἐξόδους,
785 4951 887 5022 τὴν
918 4950 1005 5004 ἐπ’
1039 4949 1265 5022 ἀνδρείᾳ
1293 4949 1385 5002 καὶ
1413 4951 1480 5019 τῇ
1502 4949 1609 5001 τῶν
1636 4948 1830 5003 κοινῶν

254 5044 539 5117 ἐπιμελείᾳ
580 5041 740 5110 δόξαν
787 5042 954 5097 αὐτοῦ
997 5040 1464 5114 κατασμικρύνειν
1501 5039 1671 5112 ταύτῃ
1713 5039 1830 5094 δια-

256 5137 558 5212 νοούμενος.
611 5138 673 5192 '0
701 5137 759 5192 δέ
798 5135 1123 5208 Δομετιανὸς
1152 5134 1302 5190 οὐδὲν
1327 5132 1437 5187 τῶν
1466 5131 1834 5204 προσταχθέν-

1923 4402 2064 4457 bello
2094 4402 2355 4457 adversus
2386 4401 2581 4458 Persas
2615 4404 2906 4458 admodum
2936 4414 3156 4457 strenue
3201 4420 3260 4459 se
3294 4404 3495 4470 gessis-

1924 4500 2025 4556 set,
2056 4492 2482 4546 calumniatores
2506 4490 2889 4565 Coustantiutn
2920 4491 2984 4543 ad
3017 4489 3272 4543 imidiam
3304 4503 3493 4541 conc:-

1926 4590 2136 4637 tarunt.
2186 4582 2536 4638 Constantius
2570 4581 2750 4652 igitur,
2789 4582 2927 4635 bello
2954 4578 3171 4634 Persico
3206 4580 3402 4631 virtute
3432 4593 3496 4632 ac

1927 4672 2244 4728 fouitudine
2276 4672 2509 4729 Caesaris
2554 4672 2692 4728 Galli
2732 4672 2847 4742 jam
2896 4671 3095 4742 sopito,
3133 4670 3495 4724 Domitianum

1927 4764 2239 4834 praefectum
2280 4766 2532 4835 prtetorio
2580 4765 2747 4829 misit,
2797 4764 2899 4817 hoc
2934 4763 2985 4817 ei
3019 4763 3155 4815 dans
3188 4760 3402 4814 occulte
3445 4760 3495 4811 iu

1930 4858 2221 4919 mandatis,
2255 4868 2308 4909 ut
2339 4872 2589 4927 egressus
2610 4854 2747 4911 Galli
2778 4870 2841 4909 ex
2871 4856 3005 4909 urbe
3037 4852 3319 4907 Antiochia
3350 4866 3502 4905 com~

1927 4946 2207 5016 primeret.
2242 4944 2355 5002 llac
2395 4948 2540 5001 enim
2573 4946 2782 5000 ratione
2811 4947 3039 5017 gloriam
3086 4944 3221 4997 Galli
3248 4958 3311 4994 ex
3348 4942 3501 4999 ‘Orli-

1930 5038 2121 5094 tudin‘e
2151 5039 2337 5108 reique
2385 5038 2617 5108 publica:
2661 5053 2791 5093 cura
2845 5037 3169 5090 imuniuurre
3206 5033 3476 5102 cogitabat!

1931 5128 2274 5187 Domitianus
2328 5146 2477 5197 vero,
2530 5145 2639 5185 non
2690 5129 2853 5184 modo
2904 5144 3009 5182 non
3057 5124 3391 5180 moderatius
3437 5124 3505 5179 iis

1489 5301 1734 5349 VALESII
1772 5301 2274 5349 ANNOTATIONES.

330 5489 402 5556 f2)
454 5487 587 5545 Ἐπί
622 5488 673 5541 τ’
696 5486 882 5541 αὐτοῦ
923 5483 1296 5556 παροξύν-αις,
1329 5480 1544 5556 Mallem
1587 5479 1831 5556 scribere

287 5550 601 5616 nea-ams.
652 5556 716 5611 'ln
761 5550 1133 5625 manuscripto
1177 5552 1368 5625 codice
1422 5550 1831 5625 Samuelis__Bo-

295 5631 426 5688 curti
463 5631 678 5702 legitur,
710 5625 803 5681 ἐπὶ
829 5620 1198 5681 ταυτόνίΡοει
1232 5623 1323 5680 ubi
1357 5623 1552 5694 legitur
1578 5621 1670 5677 τὸν
1692 5620 1829 5676 Καί-

1935 5495 2079 5550 σαρα
2131 5473 2536 5550 διαδεξαμένου,
2575 5473 2944 5550 scribendum
2993 5480 3105 5550 est_
3132 5469 3514 5546 διδαξαμένου,

1935 5544 2076 5605 υιῖη
2114 5547 2303 5606 codice
2334 5544 2587 5604 Bocharti
2628 5545 2892 5616 scriptum
2927 5544 3130 5601 iuveni.
