4020 6196
470 258 576 316 διδ

1845 253 2328 311 Ριιιιοετυῐιοιι

3615 265 3720 325 πει

479 397 620 439 διον,
659 374 712 428 id
744 383 823 431 est
875 372 1069 429 similis
1106 373 1422 430 substantiae
1469 373 1790 428 vocabulum
1843 375 2040 430 conﬁr-

2152 377 2397 446 ικρότουν
2418 391 2429 404 °
2464 375 2557 428 καὶ
2581 375 2788 428 πολλῶν
2815 374 3168 444 πειθομένων,
3201 375 3293 428 καὶ
3321 374 3410 427 τὸν
3433 375 3721 432 Κωνσταν-

474 475 692 521 marunt
747 466 878 537 (18).
932 465 1193 535 Multique
1251 465 1304 518 in
1339 479 1529 520 eorum
1565 465 1891 520 sententiam
1921 481 2050 522 con-

475 555 822 619 cedentibus,
889 554 1261 611 Macedonium
1317 571 1536 626 quoque
1584 555 2050 628 Constantinopo-

475 647 588 702 leos
657 647 1015 718 episcOpum,
1087 647 1337 716 quamvis
1404 656 1564 702 antea
1619 647 1672 702 in
1725 649 2049 704 sententiam

478 732 732 789 Eunomii
769 743 912 790 esset
965 735 1315 806 propensior,
1373 735 1427 790 in
1483 751 1642 791 suam
1691 736 2050 792 nihilominus

474 825 797 881 sententiam
833 832 1231 894 pertraxerunt.
1284 822 1482 878 Multos
1531 825 1694 879 etiam
1742 825 1878 880 alios
1935 827 2051 896 epi-

474 931 692 985 scopos,
730 915 924 984 partim
959 915 1138 970 verbis
1169 915 1503 982 allicientes,
1535 915 1731 986 partim
1772 917 1880 972 vim
1925 932 2052 973 sua-

477 1004 731 1058 sionibus
758 1002 1156 1070 admiscentes,
1185 1005 1250 1060 ad
1282 1020 1410 1060 suas
1439 1014 1620 1074 partes
1638 1007 1945 1062 traduxere.

548 1093 634 1147 10.
671 1091 1011 1163 Patrophilus
1044 1104 1093 1148 et
1137 1094 1425 1150 Narcissus
1465 1095 1733 1150 Basiliam
1777 1114 1863 1163 ap.
1909 1096 2050 1166 Imp.

471 1195 744 1242 accusant.
790 1185 1033 1256 Synodns
1082 1188 1331 1242 Arimini.
1377 1186 1568 1242 Clades
1611 1186 2054 1243 Nicomedia—

481 1278 572 1332 Ait
609 1275 980 1346 Patmpbilum
1013 1277 1404 1348 Scytbopoleos
1435 1286 1490 1332 et
1515 1279 1833 1334 Narcissum
1868 1277 2052 1334 lreno-

475 1370 666 1439 poleos
709 1369 1020 1438 episcopum
1043 1409 1057 1435 ,
1092 1383 1198 1423 una
1230 1383 1353 1424 cum
1399 1367 1607 1438 aliquot
1641 1368 1765 1422 aliis
1802 1367 2050 1438 Singidu-

479 1478 608 1518 num
659 1461 863 1517 Mcesize
919 1460 1108 1515 urbem
1165 1460 1555 1523 adventantes,
1612 1459 1865 1514 retulisse
1907 1456 2055 1512 Con-

480 1555 681 1611 stantio
713 1569 776 1608 ea
805 1567 926 1622 quae
953 1567 1047 1622 per
1089 1550 1332 1606 fraudem
1377 1559 1586 1621 patrata
1635 1548 1856 1604 fuerant
1889 1543 1917 1604 ιι
1948 1547 2052 1603 Ba-

479 1647 621 1702 silio.
663 1645 1045 1701 Constantium
1099 1657 1228 1697 vero
1283 1641 1718 1711 obstupefactum
1763 1650 1816 1696 et
1860 1641 2050 1696 dolore

2159 468 2509 533 τινουπόλεως
2573 467 2921 531 Μακεδόνιον,
2956 466 3129 519 καίτοι
3158 469 3268 529 τοῖς
3305 467 3435 538 περὶ
3465 468 3721 539 Εὐνόμιον

2154 557 2691 628 προαποκεκλιμένον
2737 558 2870 629 (90),
2923 560 3004 621 είς
3054 559 3152 628 τὴν
3205 557 3414 613 ἑαυτῶν
3457 560 3609 631 ὅμως
3635 562 3722 615 ὲπ-

2151 648 2459 703 εσπάσαντο
2504 649 2661 716 δόξαν
2724 662 2739 677 ⁸
2775 649 2908 704 ἀλλὰ
2955 650 3047 704 καὶ
3101 648 3328 714 πολλοὺς
3371 650 3589 723 ἑτέρους
3621 653 3724 705 τῶν

2153 741 2484 805 ἐπισκόπων,
2523 743 2647 806 τοὺς
2684 743 2779 812 μὲν
2814 742 3112 810 ὑπάγοντες
3133 741 3330 810 λόγοις,
3368 743 3493 806 τοὺς
3520 743 3598 810 δὲ,
3632 745 3728 817 τὴν

2155 832 2326 886 πειθὼ
2356 833 2904 905 συνεπικεραννύντες
2930 838 2995 904 τῇ
3031 834 3140 906 βίᾳ.

2227 1099 2276 1146 ι’.
2311 1094 2432 1145 Ὀτι
2453 1093 2785 1164 Πατρόφιλον
2809 1093 2898 1146 τὸν
2929 1093 3334 1169 Σκυθοπόλεως,
3371 1098 3464 1151 καὶ
3484 1099 3730 1170 Νάρκισ-

2157 1199 2247 1234 σον
2281 1183 2370 1236 τὸν
2397 1183 2821 1254 Είρηνοπόλεως,
2877 1185 2970 1238 καὶ
3015 1185 3234 1256 ἑτέρους
3290 1188 3386 1242 σὺν
3436 1189 3638 1256 αὐτοῖς,
3673 1195 3727 1245 ἐν

2154 1273 2428 1341 Σεγγιδόνι
2451 1273 2548 1343 τῆς
2569 1275 2780 1337 Μυσίας
2810 1279 3305 1347 παραγενομένους,
3327 1278 3418 1332 τὸν
3443 1281 3729 1336 Κωνστάν-

2153 1365 2266 1417 τιόν
2297 1382 2460 1434 φησιν
2492 1364 2803 1431 ἀναδιδάξαι
2832 1366 2900 1419 τὰ
2933 1367 3081 1438 παρὰ
3115 1369 3208 1421 τοῦ
3232 1369 3510 1426 Βασιλεὶου
3539 1372 3727 1444 δεδρα-

2156 1467 2326 1521 ματου
2335 1469 2435 1522 ργη
2445 1455 2594 1522 μένα.
2620 1455 2728 1507 Καὶ
2750 1454 2840 1507 τὸν
2859 1455 3274 1524 καταπλαγέντα
3299 1458 3392 1511 καὶ
3415 1460 3516 1513 ύπε
3527 1461 3696 1533 ραλγή
3713 1493 3727 1504 -

2157 1560 2343 1608 σαντα,
2395 1544 2506 1597 τῶν
2573 1545 2673 1615 μὲν
2729 1545 2992 1617 μεθορίων
3051 1549 3178 1610 τοὺς
3221 1549 3726 1622 κατεψηφισμένους

2156 1633 2380 1697 ἀνεῖναι,
2413 1635 2662 1698 συνόδους
2687 1635 2742 1689 δὲ
2769 1636 3020 1705 γενέσθαι
3049 1640 3345 1710 προστάξαι
3367 1642 3478 1709 δύο,
3507 1646 3607 1716 τὴν
3639 1647 3726 1717 μὲν

475 1747 833 1803 commotum,
887 1749 982 1791 eos
1014 1734 1233 1804 quidem
1282 1734 1376 1803 qui
1423 1733 1666 1788 damnati
1720 1732 1938 1788 fuerant
1981 1733 2045 1788 ab

2153 1727 2210 1779 ὲν
2233 1725 2496 1796 Ἀριμίνῳ
2533 1727 2668 1790 τοὺς
2717 1727 2824 1780 ἀπὸ
2865 1727 3068 1790 δύσεως
3103 1731 3520 1798 συναλίξουσαν,
3551 1735 3655 1806 τὴν
3678 1736 3729 1788 δι

475 1827 670 1882 exsilio
700 1839 1020 1890 revocasse;
1048 1823 1187 1879 duas
1220 1837 1350 1877 vero
1385 1823 1625 1893 synodos
1649 1822 1909 1878 celebrari
1933 1822 2051 1892 jus-

477 1918 616 1972 sisse
662 1935 674 1971 :
709 1917 954 1971 alteram.
991 1914 1265 1978 Arimini,
1311 1915 1376 1968 ad
1415 1929 1582 1982 quam
1627 1913 2049 1969 Occidentalium

477 2007 710 2076 partium
743 2003 984 2076 episcopi
1016 2004 1394 2070 convenirent;
1433 2005 1658 2059 alteram
1691 2004 2047 2071 Nicomediae,

475 2110 599 2166 qua}
630 2095 916 2166 episcopos
948 2103 1014 2150 ex
1037 2091 1264 2149 Oriente
1305 2102 1361 2149 et
1405 2093 1571 2167 Libya
1607 2110 1672 2150 ac
1695 2095 1926 2150 Thracia
1963 2109 2052 2149 es-

475 2197 560 2244 set
590 2185 876 2252 habitura;
910 2193 970 2240 ut
999 2185 1051 2239 in
1085 2185 1171 2240 his
1221 2184 1445 2255 synodis
1477 2200 1542 2240 ea
1573 2201 1694 2256 qua:
1724 2185 1793 2240 ab
1823 2194 2050 2254 utraque

475 2288 628 2349 parte
657 2277 1000 2341 dicebantur,
1035 2275 1280 2346 diligenti
1333 2276 1585 2330 examine
1626 2275 2042 2345 discuterentur.

477 2369 582 2424 Sed
630 2367 1102 2424 Nicomediensem
1138 2367 1356 2436 quidem
1390 2365 1689 2435 synodum,
1737 2373 1797 2419 ut
1849 2364 2045 2434 impius

475 2459 579 2516 iste
605 2460 992 2524 calumniatur,
1029 2473 1097 2512 eo
1132 2457 1278 2526 quod
1325 2455 1570 2525 plerique
1609 2470 1798 2510 eorum
1835 2456 1889 2511 in
1914 2472 2045 2512 con-

474 2550 855 2606 substantialis
881 2549 1040 2604 ﬁdem
1073 2547 1328 2617 propensi
1358 2555 1535 2612 erant,
1558 2556 1713 2602 terra:
1747 2557 1929 2604 motus
1954 2564 2043 2604 re-

475 2640 706 2708 pressit,
741 2639 835 2708 qui
875 2636 1162 2707 episcopos
1206 2635 1515 2705 quindecim
1544 2651 1774 2691 numero
1799 2638 1890 2708 qui
1923 2648 2048 2693 ante

473 2729 609 2785 alios
636 2729 998 2792 advenerant,
1025 2742 1133 2782 una
1157 2741 1282 2783 cum
1323 2725 1588 2797 CecrOpio
1625 2726 1868 2797 ejusdem
1899 2729 2048 2784 urbis

471 2817 727 2888 episcopo
755 2817 1050 2882 exstinxit,
1079 2830 1345 2872 concussa
1390 2816 1620 2873 ecclesia
1652 2817 1706 2872 in
1747 2833 1854 2888 qua
1890 2829 2049 2874 erant

471 2909 804 2981 congregati.
855 2908 1219 2964 Ariminensis
1259 2916 1437 2964 autem
1463 2910 1734 2980 synodus,
1765 2909 1831 2963 ad
1875 2925 2041 2978 quam

2159 1817 2284 1880 τοὺς
2311 1814 2370 1880 ἐξ
2428 1815 2567 1887 ἑῴας
2589 1817 2683 1870 καὶ
2709 1817 2913 1888 Λιϐύης
2933 1819 3023 1871 καὶ
3040 1818 3258 1892 Θρᾴκης
3279 1823 3337 1875 ὲν
3364 1823 3726 1896 Νικομηδείᾳ·

2159 1909 2215 1964 αἳ
2249 1909 2316 1962 τὰ
2357 1911 2486 1980 παρ’
2519 1909 2777 1980 ἑκατέρου
2823 1911 3021 1981 μέρους
3071 1911 3336 1982 λεγόμενα
3386 1915 3728 1986 δοκιμασίαις

2159 1998 2380 2070 ἔμελλον
2415 1999 2801 2070 παραϐάλλειν.
2834 2000 2996 2054 Ἀλλὰ
3027 2001 3122 2070 τὴν
3155 2002 3254 2073 μὲν
3283 2004 3340 2055 ὲν
3369 2003 3728 2077 Νικομηδείᾳ,

2156 2091 2230 2154 ὡς
2258 2085 2410 2154 οὗτος
2456 2093 2484 2143 ὁ
2515 2091 2778 2162 δυσσεϐὴς
2823 2091 3118 2163 δυσφημεί,
3163 2094 3269 2148 τῶν
3309 2095 3571 2149 πλειόνων
3598 2097 3730 2168 πρὸς

2155 2183 2214 2236 τὸ
2239 2183 2520 2254 ὁμοούσιον
2549 2185 2900 2248 νενευκότων,
2928 2185 3147 2256 σεισμὸς
3169 2187 3505 2251 ἀναστέλλει,
3543 2187 3602 2252 ὃς
3624 2192 3730 2252 τοῖς

2156 2271 2659 2344 προκαταλαϐοῦσιν
2685 2274 2763 2338 είς
2801 2272 3094 2328 δεκαπέντε
3134 2275 3226 2329 τὸν
3255 2277 3485 2348 ἀριθμὸν
3539 2277 3733 2350 ἀνηνε-

2155 2365 2372 2434 γμένοις
2386 2364 2457 2433 (⁸)
2475 2363 2588 2432 ἅμα
2612 2362 2704 2416 τοῦ
2725 2363 2927 2433 ταύτης
2954 2365 3248 2418 ἐπισκόπου
3270 2364 3601 2438 Κεκροπίου,
3622 2369 3736 2420 tm-

2154 2456 2482 2522 κατασείσας
2524 2456 2614 2510 τὸν
2642 2456 2768 2510 ναὸν
2813 2458 2870 2510 ὲν
2915 2450 2959 2524 ᾧ
3004 2457 3368 2528 συνεδρίαζον,
3404 2457 3734 2531 διαφθείρει.

2165 2547 2226 2600 Ἢ
2267 2548 2323 2600 δὲ
2372 2549 2431 2600 ὲν
2495 2548 2788 2619 Ἀριμίνῳ,
2839 2549 2920 2611 είς
2964 2549 3305 2620 τριακοσίους
3355 2547 3556 2619 ἄνδρας
3610 2566 3735 2601 συν-

2153 2637 2402 2702 ελθοῦσα,
2455 2637 2516 2691 τὸ
2572 2638 2668 2708 μὲν
2713 2639 2812 2708 τῆς
2854 2638 3042 2702 οὐσίας
3081 2639 3250 2709 δνομα
3290 2641 3371 2702 είς
3421 2638 3482 2692 τὸ
3536 2657 3736 2694 παντεο

2154 2727 2242 2792 λὲς
2285 2728 2536 2791 διώσατο,
2576 2729 2757 2799 ὅμοιον
2791 2729 2847 2782 δὲ
2872 2729 2962 2783 τὸν
2990 2729 3119 2783 Υίὸν
3150 2729 3226 2800 τῷ
3257 2729 3428 2801 Πατρὶ
3458 2730 3604 2784 κατὰ
3642 2730 3738 2793 τὰς

2156 2819 2377 2892 Γραφὰς
2409 2820 2816 2892 ἀνακηρύξασα,
2855 2822 3198 2892 ύπογραφαίς
3219 2822 3375 2885 ἰδίαις
3397 2822 3739 2891 κατησιραλίν

2157 2927 2338 2964 σαντο.

469 3006 696 3061 trecenti
745 3012 1121 3061 convenerunt
1165 3003 1443 3078 episcopi.
1469 3004 1794 3064 substantiae
1824 3006 2044 3076 quidem
2085 3005 2412 3060 vocabulum
2441 3005 2658 3074 penitus
2694 3004 2902 3076 rejecit.
2971 3006 3168 3061 Filium
3231 3023 3359 3062 vero
3401 3007 3548 3063 Patri
3582 3009 3739 3064 simi-

471 3103 572 3158 lem
610 3101 908 3158 secundum
960 3102 1276 3173 Scripturas
1316 3101 1653 3172 praedicans,
1688 3098 1891 3156 additis
1935 3098 2276 3169 singulorum
2304 3099 2800 3169 subscriptionibus
2833 3099 3090 3154 ﬁrmavit.

538 3199 626 3250 11.
689 3196 933 3268 Synodus
985 3197 1256 3252 Seleucirc.
1291 3228 1361 3238 —-
1408 3196 1723 3252 Nicomedia
1779 3198 1928 3253 hunc
1983 3194 2036 3252 in

2217 3201 2305 3249 ια’.
2358 3196 2483 3250 Ὅτι
2528 3195 2628 3266 τῆς
2657 3195 3023 3266 Νικομηδείας
3072 3193 3282 3266 σεισμῷ
3333 3197 3428 3249 καὶ
3473 3198 3613 3268 πυρὶ
3647 3203 3736 3255 καὶ

469 3289 690 3342 modum
726 3298 882 3340 terra:
931 3296 1080 3340 motu
1125 3299 1179 3341 et
1221 3287 1471 3342 incendio
1511 3302 1574 3342 ac
1613 3289 1780 3342 maris
1812 3287 2045 3343 inunda-

471 3378 641 3440 tione,
671 3385 729 3430 ιιι
769 3376 870 3430 iste
909 3376 1005 3437 ait,
1041 3391 1262 3441 eversa,
1291 3370 1583 3448 multisque
1609 3379 1924 3435 [nominibus
1951 3395 2046 3435 ex-

477 3467 716 3531 stinctis,
757 3467 997 3538 synodus
1028 3465 1288 3522 Seleucia).
1326 3468 1540 3522 tandem
1575 3481 1900 3541 congregata
1925 3482 2039 3537 est,

480 3574 604 3611 rum
639 3557 870 3614 Basilius
895 3559 1113 3628 quidem
1141 3557 1375 3614 Nicaeam
1411 3573 1735 3627 recusasset,
1765 3562 2044 3622 Eudoxius

469 3665 600 3704 vero
629 3660 685 3706 et
723 3651 913 3706 Aetius
947 3649 1180 3706 Tarsum
1227 3650 1515 3708 admittere
1561 3654 1869 3709 noluissent
1906 3654 2040 3726 (I9).

461 3742 834 3807 AtBasiliani,
865 3759 988 3798 cum
1017 3744 1284 3814 synodum
1321 3745 1648 3815 quibusdam
1676 3745 2043 3801 machinatio-

468 3836 630 3892 nibus
665 3837 716 3891 in
742 3837 878 3891 duas
905 3834 1171 3893 factiones
1202 3837 1538 3902 divisissent,
1557 3845 1612 3893 et
1639 3824 1886 3892 secrsum
1912 3852 2045 3892 eon-

463 3929 776 3995 venissent,
814 3928 1050 3983 similem
1095 3927 1316 3998 quidem
1350 3928 1651 3985 secundum
1676 3927 2038 3983 substantiam

451 4020 904 4085 confirmarunt;
935 4035 1030 4074 eos
1070 4033 1200 4073 vero
1225 4019 1315 4089 qui
1353 4029 1544 4074 contra
1579 4019 1845 4074 sentirent
1878 4019 2043 4088 depo-

463 4117 717 4174 atterunt,
754 4108 1037 4164 dissimilis
1069 4108 1392 4164 substantiae
1424 4107 1678 4179 dogmate
1709 4112 2044 4164 condemna-

467 4209 542 4251 to.
575 4197 792 4267 Ipsique
812 4215 908 4268 per
937 4213 1060 4254 sese
1075 4199 1390 4254 Annianum
1407 4199 1711 4255 Antiochia.-
1725 4199 2039 4270 episcOpum

465 4288 810 4342 ordinarunt.
848 4287 1132 4344 Eudoxius
1179 4298 1358 4344 autem
1393 4301 1450 4346 et
1476 4290 1696 4356 Aetius,
1724 4305 1849 4347 cum
1881 4291 2044 4346 dissi-

463 4379 611 4435 milis
680 4380 1002 4435 substantize
1069 4380 1263 4450 dogma
1331 4381 1536 4452 scripto
1590 4382 2040 4443 confirmassent.

458 4468 672 4526 litteras
696 4484 827 4525 suas
856 4484 1295 4539 quaquaversum
1323 4471 1610 4526 miserunt.

533 4562 621 4619 12.
677 4559 922 4632 Synodus
969 4561 1757 4631 Constantinopoli.—Verum
1794 4563 2030 4634 impera-

460 4666 546 4710 tor
578 4655 663 4711 liis
705 4655 772 4708 de
807 4655 970 4708 rebus
996 4653 1197 4707 certior
1225 4651 1424 4715 iactus,
1454 4654 1736 4708 universos
1759 4653 2029 4709 Constan-

2141 3285 2418 3358 θαλάσσης
2456 3285 2738 3340 ἐπικλύσει
2782 3286 3304 3358 κατερειπωθείσης,
3345 3288 3422 3352 ὡς
3454 3282 3617 3355 οὗτος
3653 3292 3735 3345 λέ-

2139 3395 2244 3446 γει,
2285 3379 2379 3432 καὶ
2409 3379 2617 3435 πολλῶν
2655 3376 2956 3450 ἀνορώπων
2997 3377 3417 3451 διαφθαρέντων,
3453 3380 3487 3449 ἡ
3513 3379 3738 3446 σύνοδος

2139 3469 2198 3522 έν
2228 3467 2514 3538 Σελευκείᾳ
2539 3468 2636 3539 τὴν
2673 3469 2929 3522 σύστασιν
2959 3469 3257 3540 λαμϐάνει·
3314 3471 3422 3525 τῶν
3455 3470 3552 3542 μὲν

2140 3561 2416 3615 Βασίλειον
2439 3562 2536 3632 τὴν
2549 3562 2781 3616 Νικαίαν
2809 3562 3324 3635 παραιτησαμένων,
3362 3565 3468 3618 τῶν
3497 3565 3552 3619 δὲ
3586 3569 3738 3639 ἀμφὶ

2141 3654 2231 3707 τὸν
2261 3653 2508 3721 Εὐδόξιον
2543 3655 2636 3708 καὶ
2665 3655 2871 3710 Ἀέτιον
2910 3655 3010 3728 τὴν
3041 3657 3250 3728 Ταρσὸν
3278 3657 3339 3710 οὐ
3371 3661 3738 3730 προσηκαμέ-

2141 3762 2266 3800 νων.
2297 3747 2360 3800 Οί
2387 3747 2443 3800 δὲ
2481 3747 2608 3816 περὶ
2634 3747 2914 3801 Βασίλειον
2943 3751 3212 3818 μηχαναῖς
3245 3748 3340 3819 τὴν
3371 3748 3590 3803 σύνοδον
3623 3752 3740 3806 δια-

2143 3839 2456 3910 στήσαντες,
2484 3839 2578 3892 καὶ
2605 3838 2726 3893 καθ’
2747 3840 2972 3902 ἑαυτοὺς
3002 3838 3469 3912 συνεδριάσαντες,
3495 3843 3739 3912 κυροῦσι

2144 3928 2243 3999 μὲν
2277 3928 2338 3982 τὸ
2383 3929 2505 3982 κατ’
2537 3929 2724 3983 οὐσίαν
2767 3929 2973 4000 ὅμοιον,
3016 3928 3143 3992 τοὺς
3189 3929 3232 3982 δ’
3267 3930 3738 4000 ἀντιφερομένους

2141 4018 2511 4092 καθαιροῦσιν,
2541 4018 2988 4090 ἀποκηρύξαντες
3015 4019 3076 4073 τὸ
3103 4020 3460 4090 ἑτεροούσιον,
3489 4021 3587 4074 καὶ
3620 4041 3736 4094 χει-

2142 4109 2448 4181 ροτονοῦσιν
2481 4111 2634 4163 αὐτοὶ
2675 4110 2796 4164 καθ’
2817 4111 3044 4174 ἑαυτοὺς
3067 4111 3364 4172 ἐπίσκοπον
3393 4112 3491 4182 τῆς
3515 4113 3731 4169 Ἀντιο-

2141 4201 2292 4272 χείας
2335 4201 2596 4256 Ἀνιανόν.
2633 4202 2782 4273 Πλήν
2826 4219 2890 4271 γε
2935 4205 3030 4258 καὶ
3077 4205 3127 4258 oi
3183 4206 3311 4276 περ).
3348 4203 3605 4272 Εύδόξιον
3637 4206 3728 4260 καὶ

2140 4291 2364 4356 Ἀέτιον,
2391 4292 2454 4345 τὸ
2477 4293 2812 4364 ἑτεροούσιον
2841 4295 3133 4367 ἐγγράφως
3154 4297 3572 4366 κρατυνάμενοι,
3598 4315 3732 4350 παν-

2140 4383 2306 4454 ταχοῦ
2333 4385 2424 4438 τδν
2451 4386 2616 4456 τόμον
2643 4386 3062 4456 διαπέμπουσιν.

2213 4559 2298 4628 ιβ’.
2367 4559 2424 4612 '0
2469 4560 2526 4613 δὲ
2575 4560 2826 4630 βασιλεὺς
2878 4559 3050 4614 ταῦτα
3109 4561 3329 4630 μαθὼν,
3386 4563 3727 4634 προσέταξεν

2139 4654 2382 4716 ἅπαντας
2419 4655 2496 4715 εις
2540 4654 2639 4723 τὴν
2670 4653 3234 4735 Κωνσταντινούπολιν
3283 4656 3549 4726 ἀπαντᾷν.
3610 4659 3722 4712 Καὶ

1685 4839 1932 4884 VALESII
1977 4838 2450 4884 ANNOTATIONES
2461 4871 2473 4884 .

455 4987 526 5026 ex
576 4970 818 5042 sequenti
882 4966 1148 5042 vocabulo
1193 4980 1475 5042 perperam
1524 4966 1816 5042 geminata.
1865 4965 2030 5022 Paulo

457 5051 582 5109 post
605 5035 702 5111 pro
734 5039 1018 5112 ὁμοούσιον
1043 5079 1056 5102 ,
1110 5035 1303 5112 procul
1339 5036 1509 5112 dubio
1559 5035 1906 5112 scribendum
1946 5047 2032 5112 est

456 5105 781 5194 δμοιούριονζ
824 5109 980 5177 Quod
1017 5105 1296 5164 conﬁrmat
1339 5105 1738 5179 Philostorgius
1771 5107 1824 5160 in
1856 5109 2031 5178 capite

459 5179 548 5244 η,
579 5182 738 5237 infra.

528 5251 638 5318 (t8)
669 5251 1008 5314 Theodorit.,
1040 5249 1077 5304 1.
1111 5262 1238 5314 n,c.
1271 5247 1324 5301 6.

556 5253 638 5318 18)
669 5253 1008 5314 Theodorit.,
1040 5253 1077 5304 l.
1111 5262 1238 5314 n,c.
1271 5253 1324 5301 6.

527 5253 638 5392 ξω)
669 5321 1006 5385 Tlieodorit.,
1031 5320 1068 5375 l.
1108 5336 1169 5384 ιι,
1203 5334 1252 5374 c.
1283 5318 1372 5374 26.

2212 4961 3130 5037 (21))Προαίτοκεκλιμένον.Ιιιιῐιε
3166 4965 3346 5020 locum
3392 4965 3604 5022 restitui
3648 4983 3719 5023 ex

2140 5034 2242 5090 ms.
2285 5034 2471 5092 Codice
2508 5035 2778 5090 Samuelis
2810 5034 3060 5091 Bucharti
3084 5077 3098 5102 ,
3123 5037 3212 5091 cui
3245 5038 3516 5092 consentit
3545 5038 3715 5092 etiam

2141 5107 2530 5162 Scoriacensis.
2583 5105 3088 5175 Inter-pretationem
3134 5117 3315 5162 autem
3354 5106 3712 5169 Gothofredi,

2139 5176 2454 5233 llolstenius
2481 5177 2545 5229 ad
2576 5177 2715 5232 latus
2739 5177 2823 5230 sui
2854 5175 3062 5231 codicis
3084 5175 3156 5230 ita
3177 5186 3490 5232 correxerat
3517 5195 3531 5230 :
3560 5176 3718 5232 Inter

2138 5248 2272 5301 alios
2328 5246 2696 5317 Macedoniam
2751 5245 3426 5315 Constantinopolitanum,
3469 5249 3712 5317 quamvis

2139 5328 2260 5370 ante
2284 5319 2338 5370 in
2378 5316 2624 5370 Ennumii
2654 5326 2830 5386 partes
2877 5317 3216 5383 inclinatum,
3246 5319 3297 5370 in
3335 5316 3488 5371 snam
3513 5317 3714 5370 nihilo—

2139 5389 2312 5440 minus
2338 5388 2644 5441 sententiam
2667 5395 3058 5455 pertraxerunt.

1929 5517 2277 5563 V’ARIORUM.

522 5638 776 5714 ‘(a)_1_'gi¢_
819 5641 1922 5714 προκαταλαϐοῦσιν-ἀνηνεῃιένοις.
1979 5638 2199 5698 Videtur
2229 5643 2514 5714 legendum
2560 5644 2689 5705 τοὺς
2749 5638 3711 5714 προκαταλαϐοὗντας-ἁνηνεγμὲ·

457 5731 599 5778 νους.
633 5707 718 5766 W.
751 5707 952 5763 Lowtla.
1019 5773 1022 5778 λ
1485 5741 1490 5746 ο
