4020 6196
259 239 364 296 525
1289 233 1848 291 ECCLESIASTICIE
1886 231 2233 291 HlSTORl/E
2267 234 2393 291 LIB.
2434 235 2520 292 IV.
3409 241 3510 296 5‘26

257 353 322 423 δὴ
351 347 796 420 συναθροίζονται
829 345 893 400 ἔκ
925 364 982 400 τε
1013 347 1118 400 τῶν
1149 348 1416 420 ἑσπερίων
1448 350 1543 402 καὶ
1571 349 1668 418 τῆς
1699 348 1839 420 ἑῴας

1954 350 2228 421 tinopolim
2253 351 2548 407 convenire
2571 349 2757 422 jussit.
2793 349 3135 408 Conveniunt
3164 348 3368 425 itaque,
3399 363 3514 410 tum

264 444 358 498 καὶ
391 440 594 510 Λιϐύης
637 439 836 511 μικροῦ
888 439 1220 509 σύμπαντες.
1267 441 1734 512 -Προειστήκεισαν
1780 442 1839 497 δὲ

265 537 374 591 τῶν
404 535 500 607 μὲν
528 532 649 588 κατ’
683 532 872 585 οὐσίαν
899 532 1082 602 ὅμοιον
1107 531 1535 603 πρεσϐευόντων,
1564 533 1839 598 Βασίλειός

269 643 328 681 τε
367 625 458 678 καὶ
489 622 812 685 Εὐστὰθιος·
859 617 942 686 οἷς
962 622 1108 676 ἄλλοι
1141 640 1199 677 τε
1231 624 1325 678 καὶ⁵
1354 625 1628 688 Βασίλειος
1655 625 1841 696 ἔτερος

274 716 447 787 παρῆν
475 712 839 775 συνασπίξων,
869 713 1132 767 διακόνων
1157 712 1237 766 ἔτι
1259 716 1411 781 τάξιν
1433 714 1590 784 ἔχων,
1615 714 1842 786 δυνάμει

275 810 366 880 μὲν
389 807 484 860 τοῦ
524 806 703 874 λέγειν
739 805 950 859 πολλῶν
1003 807 1288 878 προφέρων
1315 847 1329 871 ,
1385 807 1463 878 τῷ
1487 807 1544 860 δὲ
1566 810 1665 878 τῆς
1697 807 1840 874 γνώ·

275 916 374 970 μης
403 898 636 968 ἀθαρσεῖ
663 896 775 964 (9.1)
809 899 947 968 πρὸς
980 899 1104 961 τοὺς
1142 898 1353 962 κοινοὺς
1386 899 1840 970 ὑποστελλόμενος

269 987 499 1055 ἀγῶνας.
534 985 654 1040 Ἰῶν
683 986 739 1039 δὲ
762 985 823 1038 τὸ
857 985 1211 1059 έτεροούσιον,
1243 988 1449 1048 Ἀέτιος
1485 988 1584 1059 μὲν
1619 989 1713 1043 καὶ.
1739 989 1843 1042 Εὐ-

268 1079 446 1151 νόμιος
473 1079 738 1149 ὑπῆρχον,
762 1079 811 1132 οἳ
835 1079 935 1148 τὴν
965 1078 1193 1149 δύναμιν
1220 1079 1401 1150 ἄκροι,
1427 1080 1688 1134 διακόνων
1711 1081 1841 1134 ἑκά-

266 1187 417 1242 τερος
445 1170 653 1241 βαθμὸν
686 1168 843 1240 ἔχων.
900 1170 1219 1224 Ἐπίσκοποι
1250 1171 1305 1224 δὲ
1335 1172 1842 1244 δευτεραγωνιστῶν

264 1263 420 1332 χορὸν
463 1261 882 1332 ἐκπληροῦντες,
911 1262 1108 1332 Μάρης
1150 1279 1207 1315 τε
1242 1264 1335 1316 καὶ
1361 1261 1630 1328 Εὐδόξιος,
1666 1264 1694 1315 ό
1721 1263 1843 1315 τότε

263 1354 703 1425 τῆςἋντιοχείας
723 1354 1120 1424 ὲπισκοπήσας,
1145 1353 1369 1426 ὕστερον
1391 1355 1448 1408 δὲ
1475 1356 1570 1408 καὶ
1592 1355 1683 1408 τὸν
1697 1357 1844 1410 Κων-

265 1445 758 1508 σταντινουπόλεως
787 1442 1034 1498 ὑπελθὼν
1068 1444 1275 1515 θρόνον.
1331 1445 1442 1498 Καὶ
1468 1445 1530 1515 δὴ
1557 1445 1650 1499 καὶ
1683 1443 1845 1498 Ἀκά-

175 1531 178 1535 Β
265 1551 381 1599 κιος
404 1536 433 1588 ό
453 1535 548 1605 τῆς
570 1533 940 1588 Παλαιστίνων
959 1523 1312 1606 Κάισαρείας,
1329 1535 1428 1607 τὴν
1446 1535 1581 1608 πρὸς
1605 1535 1845 1598 ἐκείνους

265 1626 694 1698 ὑποκρινόμενος
722 1626 1026 1695 όμοδοξίαν,
1057 1627 1142 1696 ἐφ’
1175 1620 1219 1694 ᾦ
1246 1628 1372 1690 τοὺς
1403 1627 1531 1698 περὶ
1563 1625 1844 1680 Βασίλειον

1939 457 2008 498 ex
2068 443 2378 498 Occidentis
2433 443 2717 511 partibus,
2772 453 2883 498 tum
2938 459 3002 499 ex
3045 443 3265 501 Oriente
3304 461 3368 501 ac
3423 445 3514 500 Li~

1944 535 2044 605 bya
2072 532 2184 589 fere
2228 534 2465 589 universi
2503 533 2636 603 (25).
2670 532 2738 588 Et
2784 548 2973 589 eorum
3023 536 3241 605 quidem
3286 536 3379 606 qui
3425 533 3517 590 Fi-

1941 626 2075 680 lium
2107 627 2340 681 similem
2373 627 2673 681 secundum
2706 626 3062 681 substantiam
3097 627 3510 696 proﬁtebantur,

1944 715 2292 788 antesignani
2342 729 2497 770 erant
2547 715 2785 771 Basilius
2829 723 2886 770 et
2925 715 3260 774 Eustathius.
3304 717 3516 784 Quibus

1941 817 2058 863 tum
2097 807 2189 885 alii
2233 808 2460 863 aderant
2492 808 2770 877 suppetias
2807 807 3075 871 ferentes,
3130 817 3246 863 tum
3280 809 3515 867 Basilius

1943 899 2103 964 alter,
2142 899 2282 953 intra
2315 899 2529 954 diaconi
2564 900 2791 968 gradum
2832 899 2994 954 etiam
3033 908 3146 954 tum
3176 901 3514 970 subsistens;

1943 987 2161 1043 dicendi
2187 987 2404 1058 quidem
2433 987 2690 1042 facultate
2717 987 2902 1042 multis
2931 989 3202 1058 superior,
3228 1004 3417 1044 verum
3446 992 3518 1045 ob

1946 1079 2297 1134 timiditatem
2331 1093 2395 1133 ac
2422 1078 2681 1148 pusillum
2720 1078 2964 1134 animum
2994 1081 3240 1150 publicas
3271 1083 3518 1153 disputa-

1945 1169 2122 1224 tiones
2148 1169 2479 1224 detrectans.
2513 1167 2716 1223 Eorum
2755 1185 2886 1225 vero
2905 1172 2998 1240 qui
3035 1171 3356 1229 dissimilem
3388 1175 3519 1230 sub-

1945 1259 2206 1315 stantiam
2226 1259 2611 1330 praedicabant,
2632 1260 2821 1315 Aetius
2855 1261 3076 1330 quidem
3107 1271 3162 1318 et
3192 1263 3517 1328 Eunomius,

1943 1357 2212 1420 quantum
2255 1349 2322 1405 ad
2372 1351 2480 1405 vim
2521 1365 2585 1408 ac
2635 1351 2936 1421 potentiam
2988 1354 3213 1418 attinet,
3262 1357 3519 1427 praecipui

1945 1449 2124 1506 erant,
2160 1450 2393 1510 uterque
2420 1438 2634 1495 diaconi
2665 1441 2933 1496 duntaxat
2975 1441 3229 1497 obtinens
3263 1445 3514 1513 gradum.

1941 1531 2230 1588 Secundas
2264 1540 2446 1588 autem
2477 1532 2546 1587 ab
2577 1533 2662 1587 his
2693 1539 2876 1603 partes
2908 1533 3205 1603 implebant
3235 1535 3474 1606 episcopi
3500 1577 3520 1603 ,

1945 1625 2110 1682 Maris
2147 1634 2202 1681 et
2248 1624 2559 1690 Eudovius,
2595 1625 2690 1696 qui
2727 1634 2838 1680 tum
2873 1626 3093 1696 quidem
3143 1627 3521 1698 episcopatum

263 1715 647 1785 ἀντιλυπῆσαι,
677 1715 811 1768 διότι
840 1715 1082 1769 κάκεῖνοι
1111 1715 1377 1786 Κύριλλον
1401 1716 1510 1770 τῶν
1551 1715 1844 1788 Ἱεροσολύο

1954 1727 2188 1787 gesserat
2216 1717 2540 1780 Antiochiae,
2574 1725 2758 1786 postea
2794 1731 2924 1772 vero
2958 1717 3025 1772 ad
3057 1717 3520 1789 Constantinopo-

269 1824 386 1878 μων
426 1807 517 1860 ὑπ’
560 1805 725 1860 αὐτοῦ
773 1805 1048 1860 παυθέντα
1094 1806 1188 1880 τοῦ
1243 1805 1512 1878 ἱερᾶσθαι,
1559 1805 1648 1860 διὰ
1675 1805 1845 1876 τιμῆς

264 1898 486 1970 ἔφερον.
511 1895 619 1952 Ἦν
645 1899 702 1952 δὲ
727 1898 1024 1964 όἈκάκιος
1049 1899 1348 1972 θαρσαλέος
1377 1900 1474 1970 μὲν
1500 1901 1557 1953 ὲν
1576 1900 1689 1961 τοῖς
1707 1897 1848 1966 ἀγῶ-

269 2007 346 2052 σι,
376 1989 722 2060 διανοηθῆναί
759 2006 818 2043 τε
849 1991 1173 2061 πράγματος
1206 1989 1368 2057 φύσιν
1410 1987 1556 2054 ὀξὺς,
1585 1988 1680 2042 xa‘t
1703 1987 1846 2059 λόγῳ

265 2079 509 2151 δηλῶσαι
537 2081 598 2134 τὸ
623 2079 828 2148 γνωθὲν
852 2081 1054 2144 ίκανός.
1112 2081 1203 2145 Ἐξ
1225 2074 1284 2134 οὗ
1315 2079 1410 2134 καὶ
1433 2079 1503 2133 τά
1525 2078 1729 2148 ταύτης
1750 2079 1848 2148 τῆς

269 2170 492 2224 συνόδου
534 2171 839 2240 γράμματα
870 2171 1014 2240 (22),
1064 2169 1234 2224 πολλά
1268 2169 1326 2222 δέ
1372 2171 1539 2234 ἐστιν,
1582 2163 1735 2232 οὗτος
1780 2164 1848 2239 ἦν

267 2261 432 2331 μόνος
461 2263 490 2314 ό
513 2260 901 2332 διατιθέμενος.
929 2262 1024 2326 Είς
1048 2262 1281 2332 ἅμιλλαν
1299 2256 1391 2314 οὖν
1411 2259 1697 2332 δογμάτων
1722 2260 1850 2312 ἑκα-

265 2352 431 2424 τέρας
475 2351 671 2421 μοίρας
721 2352 1092 2422 καταστάσης,
1138 2349 1167 2405 ό
1207 2352 1304 2422 μὲν
1346 2350 1624 2414 Βασίλειος
1655 2349 1763 2402 τῶν
1788 2349 1850 2402 τὸ

264 2443 552 2513 όμοούσιον
606 2442 934 2508 δοξαζὸντων
981 2441 1312 2513 προηγόρει,
1348 2443 1396 2494 οί
1437 2440 1494 2493 δὲ
1529 2439 1621 2494 τοῦ
1668 2441 1852 2511 ἑτερο-

264 2533 448 2588 ουσίου
478 2535 618 2605 ὑπὲρ
649 2535 901 2588 ἁπάντων
931 2533 1111 2602 λέγειν
1133 2533 1223 2585 τὸν
1246 2531 1447 2584 Ἀέτιον
1478 2529 1847 2602 προῦστησαν,

265 2626 694 2690 συνασπίζοντος
739 2624 887 2696 αὐτῷ
931 2625 1025 2678 καὶ
1060 2623 1348 2696 Εὐνομίου.
1396 2623 1482 2686 Ὠς
1525 2622 1581 2675 δὲ
1620 2617 1759 2675 ε’ίδον
1801 2625 1849 2674 oi

264 2719 411 2788 ἀμφὶ
452 2719 544 2771 τὸν
577 2717 853 2771 Βασίλειον
893 2716 1332 2789 προϐεϐλημένον
1371 2716 1552 2778 αὐτοῖς
1594 2716 1675 2778 είς
1705 2717 1852 2767 ἀντι-

262 2809 456 2878 λογίαν
487 2809 580 2862 τὸν
611 2807 836 2870 Ἀέτιον,
870 2807 1144 2870 δείσαντες
1173 2806 1336 2859 αὐτοῦ
1364 2805 1462 2876 τὴν
1486 2805 1715 2875 δύναμιν
1741 2804 1851 2858 τῶν

184 2933 200 2942 -
261 2902 464 2970 λόγων,
503 2901 603 2953 οὐκ
644 2900 850 2968 ἔφασαν
893 2899 1002 2952 δεῖν
1044 2899 1376 2962 ἐπισκόπους
1417 2898 1578 2961 ὄντας
1614 2896 1851 2966 διακόνῳ

263 2993 396 3063 περὶ
429 2992 711 3061 δογμάτων
753 2993 830 3054 είς
870 2989 1061 3058 λόγους
1095 2987 1477 3044 καθίστασθαι.
1545 2987 1852 3041 Ἀντειπόν-

263 3100 372 3136 των
404 3081 463 3136 δὲ
479 3081 586 3134 τῶν
609 3081 1030 3152 διαφερομένων,
1054 3079 1127 3143 ὼς
1148 3080 1248 3132 οὐκ
1275 3079 1430 3145 ἀξίας
1460 3079 1556 3132 νῦν
1580 3081 1696 3131 ἐστι
1729 3077 1853 3149 κρί·

264 3190 386 3240 σις,
445 3173 559 3227 ἀλλ’
601 3171 856 3242 ἀληθείας
900 3168 1246 3241 ἐπιζήτησις,
1315 3169 1558 3240 δέχονται
1617 3168 1714 3238 μὲν
1761 3169 1856 3221 καὶ

263 3267 498 3326 ἄκοντες
528 3265 579 3318 οί
611 3264 737 3337 περ)⁸
767 3262 1046 3315 Βασίλειον
1076 3260 1154 3334 (a)
1182 3261 1274 3314 τὸν
1299 3261 1484 3329 ἀγῶνα
1504 3277 1517 3290 ·
1542 3259 1633 3313 καὶ
1665 3259 1740 3322 ὼς
1768 3253 1857 3313 οὗ·

261 3376 356 3424 τος
381 3358 558 3426 λέγει,
590 3356 732 3411 κατά
756 3355 956 3428 κράτος
986 3358 1053 3427 τῇ
1079 3354 1173 3408 τοῦ
1203 3353 1410 3408 Ἀετίου
1443 3351 1664 3425 γλώσσῃ
1691 3351 1856 3422 ἡττή-

262 3450 470 3523 θησαν,
501 3448 578 3511 ὠς
629 3446 704 3520 μὴ
751 3447 910 3518 μόνον
950 3445 1302 3516 ὁμολογῆσαι,
1334 3441 1711 3515 παρηλλάχθαι
1758 3440 1858 3507 τὴν

262 3541 358 3596 τοῦ
389 3539 748 3610 γεννηθέντος
772 3537 959 3590 οὐσίαν
984 3535 1120 3608 πρὸς
1141 3535 1240 3606 τὴν
1267 3533 1360 3587 τοῦ
1391 3532 1733 3602 γειναμένου,
1761 3531 1856 3584 καὶ

263 3629 417 3684 κατὰ
449 3628 615 3698 μηδὲν
644 3629 941 3691 κοινωνεῖν,
965 3626 1100 3679 ἀλλά
1122 3625 1216 3679 καὶ
1239 3626 1382 3696 χειρὶ
1405 3624 1583 3696 οἰκείᾳ
1609 3625 1707 3695 τὴν
1729 3625 1858 3694 ὁμου

260 3721 486 3791 λογίαν,
510 3720 720 3772 Ἀετίου
753 3717 907 3772 τοῦτο
952 3716 1518 3790 προσαπαιτήσαντος,
1555 3713 1857 3784 βεϐαιώσα-

267 3813 427 3867 σθαι.
475 3809 736 3865 Μαθόντα
768 3809 825 3864 δὲ
858 3807 1032 3862 ταῦτα
1057 3808 1149 3860 τὸν
1198 3805 1442 3876 βασιλέα,
1477 3805 1570 3859 καὶ
1600 3805 1667 3876 ἢν
1693 3804 1860 3859 πάλαι

266 3903 564 3964 Βασίλειος
598 3900 741 3955 κατά
765 3899 973 3953 ’Δετίου
1007 3897 1259 3968 διαϐολὴν
1289 3895 1695 3958 συνεσκευάκει,
1719 3895 1860 3949 κατὰ

269 3995 458 4065 μέσης
485 3993 584 4064 τῆς
616 3991 845 4062 καρδίας
874 3990 1232 4060 ἀκμάζουσαν
1275 3987 1528 4059 φέροντα,
1558 3985 1620 4039 τὸ
1644 4003 1859 4039 συνενε-

264 4086 406 4158 χθὲν
437 4084 682 4158 ἁρπάσαι
707 4083 840 4154 πρὸς
865 4083 964 4154 τὴν
985 4082 1086 4152 τῆς
1123 4080 1294 4154 ὀργῆς
1321 4079 1687 4151 ἐκπλήρωσιν.
1745 4077 1863 4130 Διό-

264 4196 384 4252 περ
434 4176 602 4249 ἇμφω
633 4177 731 4247 μὲν
782 4178 860 4239 είς
903 4175 1031 4229 θέαν
1072 4174 1394 4245 παρίστησι,
1437 4169 1862 4226 διαπυνθάνεται

263 4269 329 4324 δὲ
371 4268 471 4324 τοῦ
514 4269 818 4336 Βασιλείου,
863 4267 985 4321 τίνα
1019 4265 1085 4321 ἂν
1149 4267 1256 4337 εἴη,
1302 4260 1384 4329 οἷς
1424 4265 1738 4318 ἐπαιτιᾶται
1770 4262 1862 4316 τὸν

1940 1807 2169 1866 litanam
2197 1808 2379 1864 sedem
2408 1816 2694 1877 promotus
2732 1816 2836 1873 est,
2875 1809 3114 1881 itemque
3141 1809 3374 1867 Aeacius
3407 1813 3522 1884 epi-

1946 1913 2150 1970 scopus
2174 1898 2440 1956 Casareae
2468 1898 2775 1955 Palaestina
2799 1901 2892 1970 qui
2926 1915 2984 1956 se
3017 1916 3139 1957 cum
3161 1903 3269 1959 illis
3290 1919 3522 1960 consen-

1945 1992 2052 2047 tire
2081 1991 2406 2057 simulabat',
2452 2001 2513 2046 ut
2539 1990 2800 2047 Basilium
2842 1993 3081 2049 vicissim
3123 1994 3315 2051 dolore
3341 1996 3521 2052 allice-

1947 2089 2054 2144 ret,
2105 2087 2390 2151 prepterea
2437 2083 2582 2151 quod
2618 2079 2856 2136 Basilius
2905 2083 3168 2154 Cyrillum
3206 2083 3522 2156 Hierosoly-

1949 2188 2166 2229 morum
2189 2172 2505 2243 episcopnm
2529 2173 2597 2228 ab
2636 2173 2756 2243 ipso
2794 2174 3100 2244 depositum
3123 2217 3136 2240 ,
3163 2175 3523 2232 nihilominus

1950 2264 2160 2320 honore
2215 2263 2506 2319 alliciebat.
2559 2262 2691 2319 Erat
2738 2279 2903 2335 porro
2948 2266 3184 2321 Aeacius
3243 2268 3420 2322 audax
3467 2267 3524 2323 in

1951 2354 2434 2426 disputationibus,
2460 2355 2602 2409 idem
2625 2355 2680 2409 in
2709 2356 3098 2427 dignoscendis
3124 2357 3360 2428 negotiis
3387 2372 3523 2414 acu-

1953 2431 2223 2505 tissimus,
2255 2448 2309 2496 et
2354 2441 2420 2495 ad
2455 2442 2812 2511 exponendas
2850 2443 3019 2498 animi
3045 2446 3132 2499 sui
3160 2460 3357 2501 sensus
3390 2447 3526 2502 satis

1951 2532 2210 2587 disertus.
2251 2530 2402 2587 Unde
2440 2533 2604 2588 etiam
2649 2543 2768 2589 acta
2812 2534 2976 2605 hujus
3018 2535 3243 2607 synodi,
3268 2551 3389 2606 qua:
3417 2553 3527 2592 non

1951 2636 2121 2692 pauca
2158 2633 2305 2686 sunt,
2330 2623 2398 2677 ab
2427 2623 2530 2678 hoc
2562 2640 2673 2680 uno
2708 2626 2917 2696 digesta
2961 2642 3025 2682 ac
3054 2627 3317 2698 disposita
3351 2627 3524 2684 fuere.

1952 2713 2089 2767 Cum
2120 2713 2284 2782 igitur
2326 2713 2498 2768 amba
2529 2724 2710 2784 partes
2745 2716 2798 2770 in
2839 2726 3115 2772 certamen
3162 2719 3230 2773 de
3259 2717 3531 2790 dogmati-

1952 2804 2056 2859 bus
2108 2804 2223 2859 suis
2274 2805 2576 2869 venissent,
2613 2820 2803 2860 eorum
2837 2808 3054 2878 quidem
3087 2808 3182 2879 qui
3219 2808 3422 2864 Filium
3451 2809 3528 2864 si-

1955 2897 2140 2952 milem
2177 2895 2475 2952 secundum
2500 2897 2859 2952 substantiam
2895 2897 3313 2967 proﬁtebantur,
3345 2907 3529 2967 patro-

1957 3005 2062 3045 nus
2095 2997 2211 3044 erat
2235 2988 2487 3043 Basilius.
2521 2987 2624 3054 Qui
2656 3002 2788 3044 vero
2811 2987 3131 3043 dissimilem
3163 2988 3527 3044 substantiam

1959 3080 2303 3142 asserebant,
2327 3078 2542 3133 Aetium
2572 3093 2750 3134 causa:
2781 3094 2894 3133 suae
2916 3088 3207 3149 patronum
3235 3077 3533 3134 constitue-

1959 3180 2120 3236 runt,
2166 3169 2424 3238 adjuncto
2474 3169 2525 3225 ei
2556 3168 2851 3224 Eunomio.
2881 3169 3052 3224 Porro
3080 3169 3318 3225 Basilius
3348 3178 3402 3225 et
3431 3171 3530 3241 qui

1959 3278 2084 3320 eum
2125 3262 2218 3316 illo
2249 3269 2406 3316 erant
2426 3303 2440 3329 ,
2471 3276 2599 3316 cum
2634 3262 2850 3316 Aetium
2881 3261 3254 3316 adversarium
3285 3261 3389 3318 sibi
3431 3277 3532 3333 op-

1958 3354 2200 3424 positum
2231 3351 2518 3414 vidissent,
2559 3350 2679 3421 ejus
2723 3351 2938 3407 dicendi
2987 3352 3093 3406 vim
3138 3351 3532 3418 formidantes,

1960 3443 2278 3498 indecorum
2305 3456 2427 3497 esse
2457 3440 2713 3496 dixerunt
2753 3449 2812 3494 ut
2845 3441 3086 3511 episcopi
3139 3442 3210 3496 de
3261 3441 3533 3512 dogmati-
3592 3514 3597 3518 '

1959 3535 2060 3590 bus
2091 3534 2214 3589 ﬁdei
2247 3547 2372 3588 eum
2409 3532 2644 3588 diacono
2673 3541 2965 3586 certarent.
3001 3530 3105 3586 Sed
3142 3547 3266 3586 cum
3295 3533 3535 3588 adversa:

1961 3626 2126 3696 partis
2192 3622 2463 3678 antistites
2517 3622 2931 3687 reclamassent,
2996 3637 3106 3676 non
3159 3622 3225 3677 de
3271 3623 3536 3694 dignitate

1963 3729 2200 3785 praesens
2235 3711 2533 3782 judicium,
2575 3710 2669 3764 sed
2708 3709 2957 3765 veritatis
2991 3710 3329 3780 inquirendae
3368 3729 3534 3768 causa

1963 3805 2272 3860 institutum
2323 3819 2445 3860 esse
2492 3803 2738 3859 dicentes
2761 3841 2776 3866 ,
2815 3801 3050 3858 Basilius
3085 3803 3208 3856 licet
3243 3804 3450 3859 invitus
3479 3805 3534 3858 in

1963 3905 2240 3952 certamen
2267 3894 2581 3961 descendit;
2613 3901 2668 3950 et
2695 3893 3152 3965 quemadmodum
3187 3896 3289 3949 iste
3321 3896 3532 3959 scribit.

1963 3989 2033 4044 ab
2063 3987 2204 4043 Aetii
2245 3988 2429 4057 lingua
2478 3985 2693 4057 penitus
2744 3984 2990 4040 devictus
3019 3994 3103 4040 est
3124 4025 3138 4048 ,
3171 3988 3307 4041 adeo
3339 3995 3400 4042 ut
3426 4003 3534 4043 non

1965 4080 2146 4136 solum
2181 4075 2469 4134 confessus
2492 4075 2677 4141 fuerit,
2713 4075 3075 4131 substantiam
3111 4075 3276 4147 geniti
3315 4077 3538 4134 differre

1966 4187 1998 4226 a
2038 4169 2342 4226 substantia
2380 4168 2681 4238 genitoris,
2735 4181 2838 4223 nec
2880 4166 2988 4222 ulla
3025 4168 3079 4222 in
3116 4183 3175 4222 re
3212 4171 3537 4236 convenire,

1966 4277 2154 4316 verum
2188 4259 2349 4314 etiam
2393 4258 2626 4330 propriae
2675 4272 2872 4313 manus
2911 4257 3350 4328 subscriptione,
3399 4263 3538 4316 sicut

281 4364 523 4416 Ἀέτιον.
568 4363 624 4416 Ὀ
665 4361 750 4426 δὲ,
793 4364 880 4426 Ὠς
903 4361 1182 4432 ἀνόμοιον,
1229 4360 1366 4428 ἔφη,
1417 4358 1496 4428 τῷ
1548 4356 1723 4427 Πατρὶ
1771 4355 1852 4408 τὸν

1966 4353 2154 4407 Aetius
2206 4350 2597 4420 postulaverat,
2653 4348 3056 4404 confessionem
3101 4365 3257 4404 suam
3287 4348 3542 4405 ﬁrmave-

268 4453 413 4506 Υἰὸν
437 4454 756 4524 εἰσηγεῖται.
793 4449 1152 4522 ’Λμείψασθαι
1182 4451 1236 4503 δὲ
1268 4450 1404 4522 πρὸς
1427 4449 1602 4503 ταῦτα
1630 4449 1721 4501 τὸν
1741 4447 1860 4500 Ἀέ-

265 4561 396 4598 τιον
421 4561 436 4574 ·
490 4543 743 4597 τοσοῦτον
783 4544 951 4597 ἐνδεῖν
986 4543 1062 4614 τῷ
1105 4544 1280 4614 Ila-cpi.
1317 4543 1410 4596 τὸν
1445 4541 1572 4594 Υἰὸν
1609 4540 1859 4610 ἀνόμοιον

1969 4446 2056 4499 rit.
2087 4441 2220 4509 Quae
2251 4456 2378 4495 cum
2416 4439 2697 4494 didicisset
2733 4438 3025 4509 imperator
3047 4479 3060 4504 ,
3101 4448 3156 4494 et
3202 4440 3536 4496 calumniam

1968 4551 2130 4606 quam
2164 4532 2398 4589 Basilius
2432 4531 2487 4585 in
2518 4528 2735 4586 Aetium
2763 4529 3121 4596 conduxerat,
3149 4529 3331 4584 adhuc
3357 4531 3536 4602 vigen-

1513 4666 1755 4712 VALESI!
1795 4660 2297 4709 ΑΝΝΟΤΛΤΙΟΝΕΒ.

349 4785 472 4855 (‘1!)
518 4782 604 4850 Τῷ
647 4783 716 4855 δὲ
763 4783 875 4853 τῆς
913 4783 1154 4855 γνώμης
1182 4779 1456 4855 Αᾲθαρςεῖ,
1493 4777 1860 4855 lgnaviamﬁac

267 4844 634 4912 timiditatem
659 4844 865 4908 Basilio
881 4844 1070 4922 Magni)
1105 4844 1311 4921 objicit-
1343 4844 1739 4918 Philostorgius
1762 4844 1861 4899 Eu-

270 4923 676 4982 nomianuan
705 4925 807 4978 hoc
846 4923 1170 4977 Eunomium
1197 4923 1389 4976 ducem
1419 4934 1579 4972 suum
1613 4923 1855 4978 secutus,

269 4999 376 5062 qui
425 4996 566 5049 idem
610 4994 796 5047 vitium
822 4992 1024 5048 Basilio
1053 4992 1501 5062 exprobraverat,
1537 4997 1595 5040 ut
1625 4995 1858 5062 testatur

322 5065 589 5135 regorius
615 5062 893 5135 Nyssenus
926 5063 978 5116 in
1019 5054 1157 5135 libro
1188 5062 1365 5130 primo
1399 5058 1649 5112 adversus
1685 5054 1857 5135 Euno-

269 5125 486 5195 ηιὶιιῖη,
530 5125 812 5202 ριιε.’518.
848 5131 1045 5205 Verum
1083 5125 1522 5205 Nys'seuuscam
1558 5125 1862 5205 accusatio-

267 5219 410 5260 nem
455 5193 727 5268 eleganter
757 5218 820 5256 ae
847 5193 1349 5272 luculente'rei'utat
1379 5198 1431 5272 in
1483 5193 1856 5272 serlueinibus.

348 5273 478 5344 (22)
532 5261 755 5338 Tarium
799 5270 910 5340 τῆς
971 5268 1237 5324 συνόδου
1289 5261 1615 5339 γράμματα.
1672 5261 1862 5332 Suspi-

1967 4785 2122 4829 catus
2182 4784 2304 4826 sum
2361 4767 2657 4839 aliquando
2706 4765 3055 4822 scribendum
3102 4765 3190 4839 hic
3226 4778 3348 4820 esse
3391 4765 3536 4839 πρά-

1966 4859 2174 4914 γματα.
2197 4839 2350 4914 Ferri
2375 4836 2556 4894 tanten
2581 4849 2759 4914 potest
2786 4839 3000 4914 vulgata
3022 4837 3321 4914 scriptura,
3337 4836 3538 4914 quippe

1966 4859 2174 4914 γματα.
2198 4851 2350 4896 Ferri
2375 4851 2556 4894 tamen
2581 4851 2759 4908 peteSt
2786 4851 3000 4922 vulgata
3022 4851 3321 4914 scriptura,
3337 4851 3538 4958 quippe

1965 4931 2088 4984 qua:
2116 4912 2368 4984 eumdem
2411 4923 2633 4984 sensum
2671 4908 2851 4962 habet.
2895 4907 3205 4984 Γραμματα
3237 4919 3387 4984 enim
3451 4919 3538 4984 ioc

1967 4975 2088 5038 loco
2116 4997 2222 5036 non
2251 4980 2510 5048 epistolas
2545 4977 2830 5041 duntaxat,
2867 4975 3071 5048 verum;
3101 4975 3261 5048 etiam
3308 4982 3434 5048 act_a_
3456 4981 3540 5026 to-

1966 5053 2075 5107 tius
2128 5041 2318 5121 synodi
2363 5049 2681 5121 .designant.
2745 5048 2927 5121 Certe_
2957 5045 3180 5121 verbum
3217 5041 3541 5121 suffusus.

1965 5139 2054 5185 νος
2089 5111 2234 5189 ρυοό
2265 5111 2532 5189 sequitur:
2553 5131 2672 5189 ‘non
2702 5113 2955 5189 convenit
2985 5113 3117 5168 solis
3147 5111 3410 5182 epistolis.

2038 5183 2150 5260 (23)
2185 5183 2522 5251 'l‘heodorit.,
2553 5184 2588 5239 l.
2619 5198 2680 5248 rt,
2710 5199 2758 5239 c.
2785 5183 2874 5236 27.

1779 5381 2112 5431 VARIOBUM
2121 5411 2132 5422 .

352 5515 448 5585 (a)
496 5517 563 5568 Οί
603 5511 736 5580 περὶ
766 5511 1108 5585 Βασίᾼειρτ.
1150 5506 1269 5562 Duo
1297 5504 1504 5585 Basilii
1533 5503 1586 5556 in
1630 5501 1732 5585 hoc
1763 5513 1868 5585 Ica-

273 5567 805 5655 pisciutemqraiitur
828 5598 843 5645 ς
870 5580 996 5655 scil.
1032 5577 1263 5655 Magnus
1296 5577 1387 5630 ille
1416 5573 1510 5644 qui
1545 5584 1734 5655 postea
1760 5567 1871 5655 (ia;-

276 5642 471 5709 ἔδησε
499 5653 552 5707 in
579 5642 916 5720 Cappadocia
941 5642 1166 5705 antiste's
1191 5644 1292 5702 fuit
1313 5685 1328 5712 ,
1360 5642 1502 5699 nunc
1533 5642 1661 5697 vero
1688 5642 1868 5694 diaco-

1969 5508 2073 5548 nus
2109 5505 2124 5542 :
2154 5497 2208 5543 et
2233 5484 2472 5541 Basilius
2504 5485 2729 5555 Ancyra:
2767 5482 3086 5554 episcopus.
3127 5480 3204 5539 De
3237 5481 3336 5539 hoc
3370 5494 3548 5552 poste-

1969 5561 2100 5617 riori
2134 5559 2220 5614 hic
2249 5569 2434 5612 sermo
2463 5567 2566 5612 εει.

3998 2355 4013 2566 ζ

4009 3247 4014 3268 ι

4007 3275 4020 3488 ί

4011 3519 4020 3602 ί

4011 3605 4018 3682 ξ

4013 3683 4018 3726 :
