4020 6202
435 302 542 360 5'27

1806 292 2296 355 PHILOSTORGII

3577 286 3686 344 528

433 427 542 474 tem
572 419 628 474 in
647 418 846 474 animo
865 429 967 474 suo
993 415 1398 483 circumferret,
1421 430 1651 475 eventus
1677 417 1824 475 illius
1845 429 2005 474 occa-

2117 416 2284 468 εἰπεῖν
2312 412 2344 484 ἢ
2377 403 2618 478 δοξάσαι,
2641 408 2784 464 ὥστε
2812 408 2905 463 καὶ
2929 407 3364 481 ἀπαραλλάκτως
3391 406 3578 478 ὅμοιον
3598 409 3682 461 αὑ-

434 511 645 564 sionem
688 509 754 563 ad
789 508 1114 578 explendam
1151 509 1294 564 iram
1325 525 1482 566 suam
1515 511 1767 582 arripuit.
1798 510 2006 566 Ambo-

435 602 536 654 bus
570 601 738 670 igitur
766 600 820 653 in
847 609 1401 670 conspectumsuum
1433 602 1620 658 venire
1639 601 1832 673 jussis,
1860 601 2011 657 Basi-

434 690 568 744 lium
599 687 960 758 interrogavit
979 703 1230 759 quamam
1254 699 1437 746 essent
1463 689 1550 744 illa
1572 689 1640 745 de
1668 689 1872 761 quibus
1897 690 2006 746 Ae-

435 779 569 834 tium
602 777 902 834 incusaret.
937 776 1239 848 Respondit
1273 777 1542 843 Basilius,
1581 779 1726 850 quod
1766 778 1815 834 is
1838 779 2006 836 dissi-

438 873 622 927 milem
677 869 832 926 ‘Patri
888 869 1086 925 Filium
1142 879 1434 926 assereret.
1480 869 1562 926 Ad
1618 870 1736 926 haec
1777 869 2006 928 Aetius:

437 963 672 1018 Tantum
703 962 894 1026 abest,
933 960 1147 1032 inquit,
1184 971 1245 1017 ut
1279 960 1480 1018 Filium
1508 961 1657 1017 Patri
1690 961 2010 1018 dissimilem

435 1057 614 1111 dicam
647 1063 740 1110 aut
768 1054 998 1110 sentiam
1021 1095 1035 1120 ,
1068 1055 1202 1124 quin
1229 1053 1411 1124 potius
1439 1053 1648 1124 absque
1678 1052 1791 1108 ullo
1815 1051 2012 1109 discri-

434 1149 586 1203 mine
611 1146 844 1203 similem
892 1147 1171 1218 profiteor.
1196 1147 1263 1202 At
1305 1145 1662 1201 Constantius
1685 1145 2010 1201 vocabulum

435 1240 570 1294 illud
599 1238 1019 1312 ἀπαράλλακτος
1050 1237 1398 1303 insimulans,
1427 1251 1528 1293 nec
1549 1237 1762 1293 discere
1778 1237 2011 1292 omnino

439 1331 718 1387 sustinens
775 1345 1014 1400 quonam
1065 1344 1230 1384 sensu
1285 1344 1408 1384 eam
1457 1343 1646 1385 vocem
1691 1335 2014 1399 usurpasset

436 1422 653 1487 Aetius,
708 1437 834 1478 eum
896 1421 1102 1490 palatio
1149 1420 1346 1490 expelli
1392 1420 1578 1491 jussit.
1629 1417 1824 1474 Postea
1885 1435 2014 1477 vero

438 1514 623 1570 Acacii
648 1529 813 1584 opera
849 1512 1102 1584 perfecit,
1127 1523 1187 1567 ut
1215 1512 1359 1568 idem
1388 1511 1581 1566 Aetius
1609 1509 1906 1581 episcopali
1924 1509 2015 1580 ju-‘

437 1605 580 1661 dicio
605 1606 988 1675 deponeretur,
1027 1601 1501 1659 subscribentibus
1536 1601 1656 1670 ejus
1684 1599 2014 1670 depositioni

433 1714 544 1753 non
593 1699 772 1754 solum
825 1695 1168 1762 orthodoxis,
1220 1709 1410 1750 verum
1448 1693 1614 1750 etiam
1663 1694 1730 1749 iis
1763 1693 1897 1764 ipsis
1917 1694 2014 1764 qui

2109 505 2201 558 τὸν
2246 503 2559 574 κηρύττειν.
2619 501 2731 572 Τῆς
2781 500 2838 554 δὲ
2879 497 2972 553 τοῦ
3028 498 3448 572 ἀπαραλλάκτου
3504 500 3683 570 φωνῆς

2113 595 2556 669 ὑποδραξάμενος
2589 596 2618 649 ό
2655 592 3054 656 Κωνστάντιος,
3106 592 3202 646 καὶ
3239 591 3358 663 μηδ’
3386 592 3687 662 ἀνασχόμε-

2111 703 2198 750 νος
2227 686 2362 750 eum;
2393 685 2475 739 ἔτι
2515 683 2873 753 καταμαθεῖν,
2905 683 3027 736 κατ’
3053 682 3114 734 ὃν
3140 683 3347 744 ἐκεῖνος
3369 681 3571 752 τρόπον
3599 684 3689 736 ἀν-

2111 776 2412 846 εφθέγξατο
2435 775 2497 829 τὸ
2518 774 2955 848 ἀπαράλλακτον,
2995 772 3326 844 ἐκϐληθῆναι
3359 773 3460 844 μὲν
3480 769 3690 826 κελεύει

2111 867 2220 921 τῶν
2256 866 2543 938 βασιλείων
2575 865 2668 919 τὸν
2700 865 2926 919 ’Δέτιονο
2962 864 3186 935 ὕστερον
3213 863 3292 927 δὲ,
3322 865 3389 935 τῇ
3419 863 3692 936 συνδρομῇ

2112 960 2392 1023 ’Δκακίου,
2429 958 2524 1012 καὶ
2564 957 2935 1030 καθαιρέσεως
2969 955 3340 1027 ὑποϐληθῆναι
3384 955 3604 1027 ψήφοις,
3630 957 3694 1009 οὑ

2112 1049 2218 1105 τῶν
2238 1050 2660 1122 όρθοδοξούντων
2689 1051 2864 1122 μόνων
2889 1048 3397 1120 ὑποσημηναμένων
3419 1051 3483 1120 τῇ
3508 1049 3694 1104 καθαιι

2117 1142 2284 1214 ρέσει,
2315 1141 2451 1196 ἀλλὰ
2480 1141 2574 1196 καί
2611 1141 2790 1194 αὑτῶν
2820 1139 2930 1194 τῶν
2957 1142 3037 1204 εἰς
3073 1139 3143 1193 τά
3185 1139 3420 1209 μάλιστα
3451 1139 3530 1209 τῷ
3559 1157 3696 1211 φρο-

2113 1234 2316 1306 νήματι
2362 1232 2789 1286 κοινωνούντωνο
2832 1232 2941 1285 τῶν
2968 1233 3068 1302 μὲν
3096 1232 3190 1284 καὶ
3214 1232 3314 1302 τὴν
3338 1231 3564 1302 γνώμην
3593 1248 3693 1302 με-

2113 1323 2510 1396 ταϐληθέντων,
2532 1324 2640 1378 τῶν
2676 1324 2734 1377 δὲ
2759 1323 2855 1396 τὴν
2879 1323 3133 1378 ἀκούσιον
3161 1323 3358 1394 πρᾶξιν
3385 1325 3696 1395 οἰκονομίας

2117 1418 2321 1489 ῥήματι
2354 1413 2968 1488 κατασχηματιξόντων.
3008 1417 3066 1470 '0
3092 1416 3149 1470 δὲ
3175 1416 3572 1480 Κωνστάντιος,
3603 1415 3696 1469 τὸν
3796 1449 3820 1459 -

2114 1507 2222 1561 τῶν
2252 1509 2525 1578 ἑσπερίων
2553 1509 2718 1580 τόμον
2743 1507 3240 1579 προκομισάμενος,
3261 1507 3448 1561 τοῦτον
3471 1508 3565 1562 καὶ
3586 1508 3695 1562 τῶν

2115 1600 2398 1671 παρόντων
2427 1599 2887 1674 ὑποσημήνασθαι
2912 1601 3056 1672 χειρὶ
3091 1600 3268 1671 οἰκείᾳ
3299 1599 3690 1656 διεκελεύσατο.

2117 1694 2430 1766 Περιείχετο
2459 1694 2517 1749 δὲ
2557 1695 2634 1765 τῷ
2671 1695 2846 1766 τόμῳ,
2880 1695 3064 1764 ὅμοιον
3104 1693 3181 1766 τῷ
3203 1693 3376 1765 Πατρὶ
3413 1693 3555 1748 κατὰ
3597 1693 3695 1756 τάς

437 1788 685 1858 ejusdem
745 1802 874 1842 eum
923 1787 1021 1842 illo
1072 1786 1346 1857 opinionis
1387 1795 1546 1841 erant
1592 1763 1879 1856 :quorum
1915 1763 2008 1840 alii

2117 1763 2339 1856 Γραφάς
2359 1763 2706 1856 ἀνομολογεῖν
2837 1763 2984 1839 Υἱόν.
3003 1784 3114 1838 Καὶ
3139 1763 3300 1838 πάλιν
3322 1763 3554 1838 ἐνταῦθα
3574 1801 3697 1836 συν·

432 1881 674 1950 priorem
705 1879 1035 1937 sententiam
1067 1885 1438 1946 mutaverant,
1467 1877 1560 1932 alii
1588 1876 1640 1932 id
1669 1877 1818 1947 quod
1850 1875 2010 1931 inviti

2117 1876 2289 1948 δρομῇ
2315 1875 2410 1930 τοῦ
2433 1876 2712 1944 Ἀκακίου,
2736 1877 2796 1941 ὃς
2821 1876 3005 1948 ἔτερος
3031 1877 3128 1947 μὲν
3150 1871 3218 1947 ἦν
3242 1874 3340 1946 τὴν
3375 1874 3552 1940 δόξαν,
3578 1873 3699 1927 ἔτει-

437 1966 1144 2037 fecerant,dispensationis
1175 1968 1396 2024 nomine
1418 1967 1808 2038 praetexebaut.
1837 1965 2011 2022 Porro

2119 1985 2211 2039 ρος
2237 1967 2296 2021 δὲ
2331 1966 2432 2040 τὴν
2481 1967 2746 2037 γλῶτταν,
2785 1968 3162 2040 ὑπογράφουσι
3197 1967 3398 2028 πάντες
3419 1965 3531 2017 ὅσοι
3551 1980 3698 2036 παρ-

435 2059 792 2118 Constantius
822 2059 1283 2118 Occidentalium
1329 2059 1616 2132 epistolam
1661 2060 1720 2116 in
1770 2059 2011 2115 medium

2117 2060 2278 2131 ἦσαν,
2314 2059 2410 2112 καὶ
2437 2058 2551 2112 ὅσοι
2581 2059 2711 2130 πρὶν
2734 2058 3068 2130 ἐπρέσϐευον
3091 2057 3152 2110 τὸ
3169 2055 3525 2129 ὲτεροούσιον.

436 2157 740 2228 proferens,
780 2159 1130 2229 prasentium
1189 2159 1568 2232 episcoporum
1627 2154 2121 2227 subscriptionibus
2175 2154 2380 2209 firmari
2417 2169 2540 2209 eam
2595 2154 2785 2219 jussit.
2832 2153 3230 2210 Continebatur
3281 2159 3456 2208 autem
3503 2149 3557 2203 in
3593 2149 3700 2203 hac

434 2251 684 2321 epistola,
713 2250 908 2306 Filium
931 2251 1081 2307 Patri
1112 2253 1348 2310 similem
1371 2267 1492 2309 esse
1524 2251 1825 2308 secundum
1863 2247 2199 2319 Scripturas.
2222 2249 2361 2302 Tum
2437 2261 2565 2303 vero
2599 2263 2767 2318 opera
2821 2248 2984 2304 etiam
3046 2246 3291 2316 ejusdem
3330 2243 3545 2309 Acacii,
3600 2243 3699 2311 qui

433 2344 654 2411 quidem
707 2346 853 2402 aliud
901 2347 956 2401 in
979 2356 1208 2416 pectore
1232 2347 1597 2407 reconditum.
1633 2343 1780 2400 aliud
1826 2343 1883 2396 in
1932 2342 2117 2412 lingua
2170 2348 2487 2414 promptum
2514 2369 2516 2372 ν
2543 2341 2816 2408 habebat,
2855 2339 3092 2396 universi
3123 2338 3219 2410 qui
3265 2337 3507 2404 aderant,
3553 2341 3608 2388 et
3658 2333 3700 2389 ii

435 2443 787 2513 quoqueipsi
821 2443 915 2512 qui
941 2442 1264 2499 dissimilem
1296 2441 1674 2497 substantiam
1701 2449 1860 2497 antea
1885 2435 2118 2511 professi
2150 2435 2392 2503 fuerant,
2428 2437 2897 2508 subscripserunt.

696 2552 789 2608 EX
830 2550 1034 2608 LIBBO
1072 2549 1335 2618 QUINTO
1374 2549 1750 2606 HISTORIA].

2398 2547 2493 2600 ΕΚ
2534 2546 2669 2599 ΤΗΣ
2707 2537 3044 2601 ΠΕΜΠἸῊΣ
3081 2545 3408 2600 ΙΣΤΟΡῙΑΣ.

507 2647 560 2701 1.
596 2645 820 2700 Aeacius
855 2643 1160 2698 Basilianos
1195 2651 1246 2697 et
1293 2642 1545 2697 Aetianos
1585 2643 1756 2712 pelfit.
1805 2640 2010 2698 Homo-

2189 2644 2256 2691 a'.
2289 2638 2431 2704 Ὅτι,
2463 2639 2613 2709 φησί,
2641 2637 2778 2708 μετά
2798 2639 2973 2693 ταῦτα
2999 2639 3252 2702 Ἀκάκιος
3276 2641 3401 2704 τοὺς
3438 2639 3565 2713 περὶ
3593 2639 3709 2695 Βα-

437 2736 646 2790 vusiani
690 2734 943 2787 ordinati.
971 2730 1224 2787 Meletius
1265 2732 1423 2801 cpisc.
1471 2732 1715 2786 Antioch.
1769 2761 1836 2771 —
1879 2729 2012 2787 Post

2121 2730 2317 2784 σίλειον
2353 2732 2447 2784 καὶ
2473 2731 2791 2798 Εὑστάθιον,
2828 2731 3048 2804 βασιλέα
3104 2733 3296 2797 πείσας
3349 2733 3444 2787 καὶ
3496 2735 3711 2800 αἰτίαις

436 2829 552 2884 haec
578 2827 831 2892 Aeacius,
851 2841 982 2880 cum
1013 2825 1394 2894 imperatorem
1423 2825 1477 2878 in
1503 2838 1658 2879 suam
1681 2823 2008 2879 sententiam

2117 2821 2308 2886 ἄλλους
2335 2823 2522 2888 ἄλλαις
2551 2822 2855 2890 ὑποϐαλὼν,
2883 2824 3135 2896 καθαιρεῖ
3159 2825 3267 2879 τῶν
3299 2825 3519 2896 θρόνων.
3553 2828 3711 2881 Καθ-

435 2918 812 2991 pertraxisset,
837 2915 1176 2971 Basilium‘et
1204 2915 1547 2971 Eustathinm
1567 2915 2010 2986 aliosqueplures

2117 2917 2263 2987 αιρεϊ
2307 2915 2366 2969 δὲ
2417 2916 2512 2970 καὶ
2560 2916 2888 2970 Μακεδόνιον
2935 2915 3026 2970 τὸν
3083 2916 3710 2982 Κωνσταντινουπόλεως

434 3012 603 3069 variis
649 3007 1127 3068 criminationibus
1156 3007 1476 3077 'appetitos,
1511 3021 1578 3062 ex
1627 3007 1743 3062 suis
1787 3005 2008 3062 sedibus

2117 3006 2435 3060 ἐπίσκοπον.
2473 3005 2778 3070 Παυθέντος
2813 3007 2870 3060 δὲ
2915 3005 3010 3060 τοῦ
3052 3005 3405 3070 Μακεδονίου,
3447 3005 3710 3072 Εὑδόξιος

436 3103 689 3176 deposuit
713 3101 845 3174 (24).
876 3099 1057 3171 Ipsum
1092 3113 1309 3170 quoque
1338 3096 1712 3153 Macedoniam
1741 3094 2012 3152 Constan-

2117 3097 2177 3162 ὲξ
2214 3098 2544 3170 Ἀντιοχείας
2582 3099 2962 3152 Κωνσταντίου
2998 3098 3194 3171 γνώμῃ
3234 3097 3714 3169 ἀντικαθιδρύεται

436 3195 696 3266 tin0polis
727 3192 1045 3264 episcopum
1085 3188 1398 3245 sacerdotio
1431 3187 1603 3246 exuit.
1639 3187 1809 3244 Porro
1839 3188 2009 3257 depo-

2117 3189 2195 3260 τῷ
2221 3188 2414 3262 θρόνῳ.
2451 3177 2895 3272 ’Ῠπερορίζονται
2934 3191 2990 3244 δὲ
3034 3190 3125 3244 καὶ
3169 3191 3218 3242 οἰ
3264 3189 3709 3262 καθαιρεθέντες,

436 3290 543 3344 sito
569 3285 921 3351 Macedonio,‘
943 3283 1221 3338 Eudoxius
1251 3298 1316 3338 ex
1348 3281 1701 3337 Antiochensi
1731 3282 2009 3351 episcopo,

437 3372 1110 3439 annuentc‘ConStautio,
1165 3373 1222 3427 in
1277 3371 1398 3443 ejus
1456 3372 1631 3428 locum
1685 3371 2012 3443 subrogatus

437 3482 540 3527 est.
573 3471 612 3525 Ii
640 3483 773 3524 vero
801 3467 896 3538 qui
930 3466 1163 3538 depositi
1193 3465 1454 3530 fuerant,
1490 3465 1544 3520 in
1575 3465 1828 3521 exsilium
1857 3463 2010 3520 missi

439 3562 838 3630 sunt,Basilius
869 3561 1088 3632 quidem
1123 3558 1494 3631 iu'lllyricum
1528 3577 1543 3614 :
1578 3557 1772 3628 reliqui
1806 3566 2010 3622 autem,

435 3653 579 3708 alius
605 3651 711 3706 alio
734 3650 965 3721 dispersi
997 3668 1013 3705 :
1039 3650 1130 3720 qui
1157 3664 1280 3703 cum
1313 3649 1365 3703 in
1386 3648 1638 3704 exsilium
1663 3649 2011 3710 ducerentur,

437 3742 868 3812 subscriptiones
927 3755 1055 3796 suas
1118 3738 1319 3810 quibus
1374 3734 1738 3793 Ariminensis
1795 3735 2013 3792 concilii

436 3834 598 3889 ﬁdem
623 3830 1101 3893 confirmaverant,
1132 3835 1500 3888 revocarunt;
1527 3834 1691 3896 atque
1716 3825 1768 3878 lii
1793 3825 2012 3895 quidem

439 3922 960 3981 consubstantialem
985 3960 1000 3981 ,
1035 3915 1111 3974 illi
1158 3934 1291 3974 vero
1340 3918 1535 3973 similis
1563 3917 1879 3972 substantia:
1923 3915 2015 3970 Fi-

439 4019 571 4074 lium
599 4017 802 4073 iterum
843 4013 1230 4084 praedicarunt.
1271 4011 1460 4065 Aetius
1492 4019 1674 4064 autem
1709 4008 2010 4077 depositus,

441 4119 726 4182 propterea
772 4107 917 4178 quod
948 4103 1369 4178 ἀπαράλλακτον
1411 4103 1721 4166 invexerat,
1753 4100 1901 4171 quod
1929 4115 2016 4155 re-

435 4203 608 4273 liquis
646 4201 765 4271 ejus
791 4197 1137 4254 sermonibus
1176 4211 1241 4252 ac
1275 4194 1494 4265 scriptis
1534 4192 1822 4248 manifeste
1847 4204 2016 4262 repu-

443 4294 665 4364 gnabat,
697 4289 1085 4361 Mopsucstiam
1120 4285 1329 4343 Ciliciae
1358 4286 1650 4356 relegatur,
1674 4295 2014 4339 cum'omnes

443 4400 611 4456 prope
659 4383 880 4438 modum
931 4383 1049 4452 ejus
1099 4379 1347 4435 fautores
1407 4392 1471 4434 ac
1519 4386 1852 4442 sectatores,
1905 4389 2013 4428 non

2120 3279 2393 3345 Βασίλειος
2427 3279 2525 3350 μὲν
2548 3281 2628 3344 εἰς
2660 3279 2967 3350 Ἰλλυριοὺς,
2997 3281 3045 3332 οἱ
3071 3278 3132 3332 δὲ
3153 3278 3331 3333 λοιποὶ
3356 3277 3508 3342 ἀλλος
3537 3276 3714 3332 sua.

2119 3372 2274 3443 χόσε·
2308 3371 2358 3425 οἳ
2391 3371 2527 3443 πρὸς
2559 3372 2657 3442 τὴν
2698 3372 2985 3442 ὑπερόριον
3029 3370 3402 3442 στελλόμενοι,
3450 3370 3715 3426 ἀθετοῦσι

2123 3461 2218 3531 μὲν
2245 3459 2343 3524 τὰς
2375 3459 2576 3523 οἰκείας
2605 3459 2946 3531 ὑπογραφὰς,
2982 3453 3071 3523 αἶς
3103 3461 3201 3531 τὴν
3239 3461 3296 3514 ὲν
3323 3460 3584 3531 ’Δριμίνῳ
3617 3462 3717 3513 ari-

2123 3567 2234 3604 στιν
2263 3551 2714 3623 ὑπεσημήναντο·
2750 3550 3180 3621 ἀνακηρῦττουσι
3223 3551 3282 3604 δὲ
3329 3551 3485 3604 πάλιν
3515 3553 3565 3603 οἱ
3601 3551 3718 3622 μὲν

2121 3639 2179 3692 τὸ
2211 3640 2514 3710 όμοούσιον,
2543 3641 2592 3692 οἱ
2637 3639 2692 3694 δὲ
2725 3639 2788 3693 τὸ
2814 3640 3136 3711 ὁμοιούσιον.
3184 3641 3295 3695 Καὶ
3325 3640 3353 3691 ὁ
3387 3640 3591 3704 ’Δέτιος
3624 3642 3714 3707 δὲ,

2119 3729 2466 3800 καθαιρεθεὶς
2494 3730 2630 3784 διότι
2662 3731 2724 3784 τὸ
2749 3730 3162 3801 ἀπαράλλακτον
3185 3731 3531 3804 εἰσηγήσατο,
3563 3731 3715 3804 ὅπερ

2121 3821 2283 3876 αὑτοῦ
2315 3825 2433 3885 ταῖς
2461 3822 2645 3887 ἄλλαις
2672 3822 2916 3893 ’ὁμιλίαις
2955 3824 3048 3877 καὶ
3100 3827 3442 3894 συγγραφαῖς
3473 3823 3718 3897 διαρρή-

2115 3915 2215 3986 δην
2246 3914 2579 3985 ἀπεμάχετο,
2616 3916 2902 3988 ὑπερόριος
2930 3917 3009 3980 εἰς
3047 3915 3424 3986 Μοψουεστίαν
3461 3916 3560 3985 τῆς
3593 3917 3713 3970 Κι-

2118 4006 2298 4070 λικίας
2341 4007 2704 4077 ἐκπέμπεται,
2745 4007 3184 4078 ὑπογραψάντων
3239 4006 3356 4060 κατ’
3411 4005 3602 4069 αὑτοῦ,
3639 4009 3713 4061 οὑ

2123 4099 2283 4170 μόνον
2319 4098 2406 4163 δὲ,
2446 4098 2582 4153 ἀλλὰ
2619 4099 2714 4153 καὶ
2752 4099 2893 4152 κατὰ
2929 4100 3025 4170 τῆς
3057 4099 3290 4162 πίστεως
3319 4098 3386 4170 ἢν
3413 4099 3710 4169 ἐκήρυττε,

2121 4191 2319 4264 μικροῦ
2353 4193 2567 4247 πάντων
2605 4191 2768 4245 αὑτοῦ
2806 4189 2914 4244 τῶν
2941 4189 3184 4261 ἐραστῶν
3217 4190 3313 4243 καὶ
3349 4190 3708 4260 όμοφρόνων·

2116 4283 2228 4338 τῶν
2265 4283 2360 4355 μὲν
2395 4283 2459 4336 ὲκ
2493 4273 2794 4353 μεταϐολῆς
2838 4281 2944 4358 τῷν
2993 4281 3158 4334 πάλαι
3203 4279 3554 4350 δεδογμένων,
3591 4280 3711 4332 τῶν

2117 4371 2178 4428 δὲ
2205 4376 2316 4437 τοῖς
2349 4375 2557 4445 καιροῖς
2586 4372 2860 4436 ἐνδόντων,
2892 4371 2985 4423 καὶ
3014 4369 3111 4440 τὴν
3135 4366 3228 4422 τοῦ
3261 4367 3522 4438 βασιλέως
3559 4367 3712 4435 γνὼ-

444 4454 622 4547 ipsum
653 4474 836 4540 modo,
865 4488 1056 4529 verum
1087 4473 1248 4526 etiam
1283 4470 1444 4525 fidem
1472 4484 1635 4539 quam
1661 4465 2006 4538 praedicabat,

2117 4480 2223 4534 μην
2251 4461 2483 4534 κρείττω
2503 4459 2601 4531 τῆς
2623 4459 2769 4530 παρά
2795 4454 2976 4528 σιρῖσιν
3003 4456 3258 4526 ἀληθείας
3288 4455 3708 4525 ποιησαμένων.

445 4566 848 4639 subscriptione
895 4579 994 4621 sua
1030 4565 1389 4619 damnassent
1433 4579 1447 4615 :
1494 4560 1584 4615 alii
1631 4559 1848 4629 quidem
1899 4556 2016 4626 opi-

445 4661 663 4716 nionem
707 4673 870 4732 quam
924 4657 1076 4728 prius
1124 4655 1363 4726 amplexi
1401 4654 1617 4708 fuerant
1662 4649 2012 4719 abjicientes;

441 4753 535 4808 alii
569 4764 696 4806 vero
732 4747 961 4818 tempori
997 4745 1320 4811 servientes,
1355 4751 1409 4798 et
1439 4741 1784 4811 imperatoris
1817 4739 2014 4793 volun-

379 4869 381 4871 ί
441 4852 609 4899 tatem
635 4841 861 4896 veritate
888 4838 1004 4907 ipsa
1031 4834 1298 4906 potiorem
1325 4832 1651 4903 judicantes.
1680 4829 1852 4883 Porro
1875 4829 2014 4882 Aca-

443 4939 588 4998 cius,
616 4947 741 4990 cum
776 4928 1037 4985 Basilium
1063 4924 1284 4995 quidem
1319 4923 1390 4978 ob
1416 4922 1656 4993 privatas
1682 4919 2017 4984 inimicitias,

441 5028 660 5083 ‘Aetium
688 5037 820 5080 vero
847 5019 918 5076 ob
943 5019 1261 5089 dogmatum
1291 5011 1713 5082 discrepantiam
1735 5010 2020 5081 deposuis-

445 5131 550 5186 set,
584 5131 640 5176 et
669 5119 722 5172 iu
752 5114 1005 5170 exsilium
1034 5109 1310 5175 trusisset,
1331 5106 1644 5162 Caesaream
1671 5103 1928 5168 rediens,
1963 5103 2016 5156 in

2123 4552 2195 4610 ~'0
2220 4555 2278 4608 δὲ
2319 4556 2569 4617 Ἀκάκιος
2595 4555 2720 4616 τοὺς
2751 4551 2880 4623 περὶ
2913 4550 3188 4603 Βασίλειον
3215 4548 3279 4601 δι’
3315 4547 3450 4602 ἰδίαν
3479 4546 3710 4617 ἔχθραν,

2122 4647 2215 4702 κα)⁸
2239 4649 2331 4701 τὸν
2365 4647 2567 4700 ’Δέτιον
2591 4645 2678 4699 διά
2691 4645 2750 4698 τδ
2779 4642 3103 4713 ὲτερσδοξείν
3133 4638 3396 4706 καθελὼν,
3421 4640 3514 4693 καὶ
3539 4641 3717 4710 ὑπερ-

2121 4739 2303 4810 ορίους
2335 4738 2718 4809 ποιησάμενος,
2743 4733 3056 4806 ἀνατρέχων
3089 4732 3183 4785 ἐπὶ
3214 4731 3311 4804 τὴν
3340 4731 3710 4812 Καισάρειαν,

2121 4833 2242 4894 ταῖς
2274 4829 2630 4902 χηρευούσαις
2661 4827 3006 4897 Ἐκκλησίαις
3048 4825 3326 4895 ἀρχιερεῖς
3365 4823 3612 4894 καθίστη,
3638 4825 3715 4877 τὸ

2118 4923 2401 4995 ὁμοούσιον
2433 4920 2862 4993 θρησκεύοντας·
2897 4918 2993 4972 καὶ
3036 4916 3326 4986 καθίστησι
3370 4915 3468 4986 μὲν
3509 4915 3567 4966 ἐν
3597 4913 3712 4966 Νι-

2121 5017 2379 5088 κομηδείᾳ
2404 5017 2523 5070 ἀντί
2557 5014 2886 5086 Κεκροπίου,
2921 5011 3209 5082 Ὀνήσιμον
3229 5025 3242 5039 ⁸
3273 5009 3394 5062 ἀντὶ
3436 5006 3494 5061 δὲ
3532 5006 3712 5060 Βασι-

2119 5106 2260 5159 λείου
2299 5109 2366 5178 τῇ
2399 5103 2664 5175 Ἀγκύρα,
2695 5101 3012 5159 Ἀθανὰσιον
3043 5099 3177 5172 (25).
3213 5098 3466 5153 Ἀκάκιον
3495 5098 3554 5152 δὲ
3582 5097 3713 5151 ιτε-

1671 5259 1751 5302 νΑ
1758 5257 1914 5302 LESII
1949 5257 2451 5306 «ANNOTATIONES.

509 5375 633 5454 (ἓξ)
668 5369 1046 5454 ’Ξιὶεράοτίέοιο
1072 5363 1423 5454 Ἠνέῖῗβᾼμ,
1481 5431 1550 5454 η-
1583 5430 1684 5454 ι--
1723 5427 1973 5454 ...η--.ε

507 5428 633 5514 i255
672 5439 750 5510 τῇ
787 5442 1033 5514 Ἀγκύρῃ
1075 5428 1438 5514 Ἀθανάςιον.
1459 5431 1554 5514 _De
1583 5428 2014 5514 hoantlianasio

447 5499 676 5581 Ancyra:
719 5499 1016 5581 episcopo,
1051 5516 1245 5581 praeter
1274 5503 1563 5581 _Socratern
1605 5499 2015 5581 etnBasiliuma

445 5567 784 5638 iiutl'iofredo
812 5567 1314 5642 citatos.,'meminit
1335 5567 1933 5642 Gregoriusﬁyssenus
1961 5567 2017 5642 in

447 5635 589 5710 libro
619 5648 792 5718 primo
817 5659 998 5718 contra
1023 5635 1362 5718 Eunomium,
1388 5635 1569 5718 p.39?
1593 5657 1608 5694 :
1634 5635 1720 5718 Τᾷ
1739 5639 1849 5718 γάρ
1877 5635 2019 5718 κατὰ

446 5709 542 5780 τὸν
598 5709 798 5773 ’Ᾱὲτιον
832 5715 1015 5769 τοῦτον
1077 5709 1407 5767 Ἀθανασίού
1443 5711 1571 5764 ποτὲ
1619 5709 1713 5762 τοῦ
1760 5709 2012 5762 Γαλατῶν

2780 5373 2983 5418 κουσα,
3036 5354 3229 5426 ἀνδρδς
3265 5354 3365 5408 οὑκ
3403 5353 3469 5426 ἀν
3498 5370 3551 5406 τι
3595 5353 3713 5425 arpi:

2121 5429 2223 5499 τῆς
2255 5422 3003 5552 ἀλῃθείαςξπρρτιὶιήσαντος,
3028 5422 3149 5507 etc.
3179 5425 3234 5479 Id
3269 5432 3372 5490 est,
3408 5422 3548 5478 Nam
3582 5422 3713 5492 quis

2121 5509 2171 5552 et
2188 5499 2362 5552 aualts
2390 5498 2548 5552 fuerit
2614 5515 2660 5552 ιε
2737 5509 2892 5552 enus.
2911 5494 3089 5550 auditu
3109 5493 3375 5552 quondam
3395 5506 3713 5548 narrantem

2121 5493 2362 5582 ειῗιιιαιίέ
2377 5493 2548 5581 fuerit
2570 5493 2660 5582 ,λίε
2688 5493 2892 5582 Aetius
2911 5494 3091 5582 Mt!"
3109 5493 3714 5582 9¥9",‘_’“f?'."f','.'3”_"1"'

2124 5563 2478 5623 Athanasium
2499 5571 2799 5639 episcopum
2825 5565 3076 5630 Galatia,
3111 5563 3278 5620 uirum
3311 5565 3398 5620 cui
3425 5563 3556 5618 nihil
3587 5577 3718 5616 un—

2123 5655 2280 5709 quam
2304 5641 2520 5696 veritate
2539 5640 2645 5711 [uit
2671 5639 2963 5710 antiquius.

2123 5359 2441 5430 ἐπισκόπου
2458 5359 2705 5430 λέγοντος
