  <div class='ocr_page' id='page_1' title='image "/cluster/home/n/w/nwhite01/storage/ocr_20150623/65/hvd.32044073501967/270.png"; bbox 0 0 4020 6196; ppageno 0'>
   <div class='ocr_carea' id='block_1_1' title="bbox 256 85 357 145">
    <p class='ocr_par' dir='ltr' id='par_1_1' title="bbox 256 85 357 145">
     <span class='ocr_line' id='line_1_1' title="bbox 256 85 357 145; baseline 0 0"><span class='ocrx_word' id='word_1_1' title='bbox 256 85 357 145; x_wconf 61' lang='lat'><strong>5&amp;9</strong></span> 
     </span>
    </p>
   </div>
   <div class='ocr_carea' id='block_1_2' title="bbox 1273 87 2498 156">
    <p class='ocr_par' dir='ltr' id='par_1_2' title="bbox 1273 87 2498 156">
     <span class='ocr_line' id='line_1_2' title="bbox 1273 87 2498 156; baseline 0.008 -12"><span class='ocrx_word' id='word_1_2' title='bbox 1273 87 1833 152; x_wconf 51' lang='lat' dir='ltr'><strong>ECCLESIASTICIE</strong></span> <span class='ocrx_word' id='word_1_3' title='bbox 1875 96 2226 156; x_wconf 67' lang='lat' dir='ltr'><strong>HISTORIE</strong></span> <span class='ocrx_word' id='word_1_4' title='bbox 2266 97 2394 156; x_wconf 83' lang='lat' dir='ltr'><strong>LIB.</strong></span> <span class='ocrx_word' id='word_1_5' title='bbox 2429 100 2498 155; x_wconf 72' lang='grc' dir='ltr'>Υ.</span> 
     </span>
    </p>
   </div>
   <div class='ocr_carea' id='block_1_3' title="bbox 3387 63 3497 157">
    <p class='ocr_par' dir='ltr' id='par_1_3' title="bbox 3387 63 3497 157">
     <span class='ocr_line' id='line_1_3' title="bbox 3387 63 3497 157; baseline -0.027 -1"><span class='ocrx_word' id='word_1_6' title='bbox 3387 63 3497 157; x_wconf 62' lang='lat'><strong>53»</strong></span> 
     </span>
    </p>
   </div>
   <div class='ocr_carea' id='block_1_4' title="bbox 255 198 1833 287">
    <p class='ocr_par' dir='ltr' id='par_1_4' title="bbox 255 198 1825 283">
     <span class='ocr_line' id='line_1_4' title="bbox 255 198 1825 283; baseline 0.006 -27"><span class='ocrx_word' id='word_1_7' title='bbox 255 219 342 274; x_wconf 99' lang='grc' dir='ltr'><strong>ρον</strong></span> <span class='ocrx_word' id='word_1_8' title='bbox 365 198 487 256; x_wconf 70' lang='grc' dir='ltr'>ἀντὶ</span> <span class='ocrx_word' id='word_1_9' title='bbox 514 199 796 265; x_wconf 84' lang='grc' dir='ltr'>Σιλϐανοῦ,</span> <span class='ocrx_word' id='word_1_10' title='bbox 822 201 888 273; x_wconf 77' lang='grc' dir='ltr'>τῇ</span> <span class='ocrx_word' id='word_1_11' title='bbox 926 200 1143 274; x_wconf 83' lang='grc' dir='ltr'>Ταρσῷ.</span> <span class='ocrx_word' id='word_1_12' title='bbox 1197 204 1284 259; x_wconf 78' lang='grc' dir='ltr'>Ἑν</span> <span class='ocrx_word' id='word_1_13' title='bbox 1320 206 1378 260; x_wconf 68' lang='grc' dir='ltr'>δὲ</span> <span class='ocrx_word' id='word_1_14' title='bbox 1414 211 1480 279; x_wconf 79' lang='grc' dir='ltr'>τῇ</span> <span class='ocrx_word' id='word_1_15' title='bbox 1509 209 1825 283; x_wconf 71' lang='grc' dir='ltr'><strong>Ἀντιοχείᾳ,</strong></span> 
     </span>
    </p>
   </div>
   <div class='ocr_carea' id='block_1_5' title="bbox 1937 198 3496 287">
    <p class='ocr_par' dir='ltr' id='par_1_5' title="bbox 1937 211 3496 287">
     <span class='ocr_line' id='line_1_5' title="bbox 1937 211 3496 287; baseline -0.001 -19"><span class='ocrx_word' id='word_1_16' title='bbox 1937 213 2190 272; x_wconf 85' lang='lat' dir='ltr'><strong>Ecclesiis</strong></span> <span class='ocrx_word' id='word_1_17' title='bbox 2213 229 2334 287; x_wconf 86' lang='lat' dir='ltr'><strong>qua</strong></span> <span class='ocrx_word' id='word_1_18' title='bbox 2355 221 2572 286; x_wconf 81' lang='lat' dir='ltr'><strong>pastore</strong></span> <span class='ocrx_word' id='word_1_19' title='bbox 2594 227 2695 271; x_wconf 88' lang='lat' dir='ltr'><strong>suo</strong></span> <span class='ocrx_word' id='word_1_20' title='bbox 2719 212 2953 269; x_wconf 76' lang='lat' dir='ltr'><strong>viduata</strong></span> <span class='ocrx_word' id='word_1_21' title='bbox 2972 219 3150 280; x_wconf 76' lang='lat' dir='ltr'><strong>erant,</strong></span> <span class='ocrx_word' id='word_1_22' title='bbox 3174 225 3269 268; x_wconf 86' lang='lat' dir='ltr'><strong>eos</strong></span> <span class='ocrx_word' id='word_1_23' title='bbox 3289 211 3496 282; x_wconf 78' lang='lat' dir='ltr'><strong>cpisco-</strong></span> 
     </span>
    </p>
   </div>
   <div class='ocr_carea' id='block_1_6' title="bbox 253 290 1829 371">
    <p class='ocr_par' dir='ltr' id='par_1_6' title="bbox 253 290 1829 371">
     <span class='ocr_line' id='line_1_6' title="bbox 253 290 1829 371; baseline 0.008 -25"><span class='ocrx_word' id='word_1_24' title='bbox 253 294 362 347; x_wconf 74' lang='grc' dir='ltr'>ὅσοι</span> <span class='ocrx_word' id='word_1_25' title='bbox 397 292 495 364; x_wconf 73' lang='grc' dir='ltr'><strong>μέν</strong></span> <span class='ocrx_word' id='word_1_26' title='bbox 524 309 656 346; x_wconf 73' lang='grc' dir='ltr'>ποτε</span> <span class='ocrx_word' id='word_1_27' title='bbox 694 290 803 346; x_wconf 87' lang='grc' dir='ltr'><strong>τῶν</strong></span> <span class='ocrx_word' id='word_1_28' title='bbox 845 295 905 347; x_wconf 91' lang='grc' dir='ltr'><strong>ἐν</strong></span> <span class='ocrx_word' id='word_1_29' title='bbox 940 294 1018 366; x_wconf 84' lang='grc' dir='ltr'><strong>τῷ</strong></span> <span class='ocrx_word' id='word_1_30' title='bbox 1058 295 1244 368; x_wconf 82' lang='grc' dir='ltr'>κληρῳ</span> <span class='ocrx_word' id='word_1_31' title='bbox 1289 299 1630 371; x_wconf 82' lang='grc' dir='ltr'><strong>συνέπραξαν</strong></span> <span class='ocrx_word' id='word_1_32' title='bbox 1668 303 1829 358; x_wconf 86' lang='grc' dir='ltr'>Βασι-</span> 
     </span>
    </p>
   </div>
   <div class='ocr_carea' id='block_1_7' title="bbox 256 384 1826 467">
    <p class='ocr_par' dir='ltr' id='par_1_7' title="bbox 256 384 1826 467">
     <span class='ocr_line' id='line_1_7' title="bbox 256 384 1826 467; baseline 0.007 -28"><span class='ocrx_word' id='word_1_33' title='bbox 256 385 376 454; x_wconf 80' lang='grc' dir='ltr'>λείῳ</span> <span class='ocrx_word' id='word_1_34' title='bbox 401 386 458 441; x_wconf 83' lang='grc' dir='ltr'><strong>ἐν</strong></span> <span class='ocrx_word' id='word_1_35' title='bbox 483 387 596 448; x_wconf 85' lang='grc' dir='ltr'>τοῖς</span> <span class='ocrx_word' id='word_1_36' title='bbox 625 384 765 439; x_wconf 87' lang='grc' dir='ltr'><strong>κατά</strong></span> <span class='ocrx_word' id='word_1_37' title='bbox 789 385 884 439; x_wconf 83' lang='grc' dir='ltr'><strong>τοῦ</strong></span> <span class='ocrx_word' id='word_1_38' title='bbox 920 387 1126 442; x_wconf 81' lang='grc' dir='ltr'><strong>Ἀετίου</strong></span> <span class='ocrx_word' id='word_1_39' title='bbox 1153 390 1246 444; x_wconf 71' lang='grc' dir='ltr'>καὶ</span> <span class='ocrx_word' id='word_1_40' title='bbox 1271 389 1520 456; x_wconf 82' lang='grc' dir='ltr'>Εὺδοξίου</span> <span class='ocrx_word' id='word_1_41' title='bbox 1545 394 1826 467; x_wconf 79' lang='grc' dir='ltr'>τολμηθεῖο</span> 
     </span>
    </p>
   </div>
   <div class='ocr_carea' id='block_1_8' title="bbox 263 476 1830 553">
    <p class='ocr_par' dir='ltr' id='par_1_8' title="bbox 263 476 1830 553">
     <span class='ocr_line' id='line_1_8' title="bbox 263 476 1830 553; baseline 0.006 -22"><span class='ocrx_word' id='word_1_42' title='bbox 263 494 358 544; x_wconf 90' lang='grc' dir='ltr'>σιν,</span> <span class='ocrx_word' id='word_1_43' title='bbox 379 478 590 548; x_wconf 78' lang='grc' dir='ltr'>ἐρήμην</span> <span class='ocrx_word' id='word_1_44' title='bbox 615 476 927 547; x_wconf 76' lang='grc' dir='ltr'>ἠλαύνοντο.</span> <span class='ocrx_word' id='word_1_45' title='bbox 961 478 1223 534; x_wconf 85' lang='grc' dir='ltr'>Μελέτιον</span> <span class='ocrx_word' id='word_1_46' title='bbox 1263 480 1319 534; x_wconf 81' lang='grc' dir='ltr'>δὲ</span> <span class='ocrx_word' id='word_1_47' title='bbox 1355 482 1458 553; x_wconf 83' lang='grc' dir='ltr'>τῆς</span> <span class='ocrx_word' id='word_1_48' title='bbox 1503 483 1830 551; x_wconf 85' lang='grc' dir='ltr'>Σεϐαστείας</span> 
     </span>
    </p>
   </div>
   <div class='ocr_carea' id='block_1_9' title="bbox 261 567 1830 649">
    <p class='ocr_par' dir='ltr' id='par_1_9' title="bbox 261 567 1830 649">
     <span class='ocr_line' id='line_1_9' title="bbox 261 567 1830 649; baseline 0.006 -28"><span class='ocrx_word' id='word_1_49' title='bbox 261 567 358 622; x_wconf 85' lang='grc' dir='ltr'><strong>τῶν</strong></span> <span class='ocrx_word' id='word_1_50' title='bbox 383 567 680 638; x_wconf 73' lang='grc' dir='ltr'><strong>⁹Δρμινίων</strong></span> <span class='ocrx_word' id='word_1_51' title='bbox 725 569 1242 641; x_wconf 77' lang='grc' dir='ltr'>μεταπεμψάμενος,</span> <span class='ocrx_word' id='word_1_52' title='bbox 1288 572 1410 626; x_wconf 79' lang='grc' dir='ltr'>ἀντὶ</span> <span class='ocrx_word' id='word_1_53' title='bbox 1456 575 1707 642; x_wconf 79' lang='grc' dir='ltr'>Εύδοξίου</span> <span class='ocrx_word' id='word_1_54' title='bbox 1749 578 1830 649; x_wconf 82' lang='grc' dir='ltr'><strong>τῷ</strong></span> 
     </span>
    </p>
   </div>
   <div class='ocr_carea' id='block_1_10' title="bbox 263 656 1830 730">
    <p class='ocr_par' dir='ltr' id='par_1_10' title="bbox 263 656 1830 730">
     <span class='ocr_line' id='line_1_10' title="bbox 263 656 1830 730; baseline 0.008 -20"><span class='ocrx_word' id='word_1_55' title='bbox 263 656 420 728; x_wconf 81' lang='grc' dir='ltr'><strong>θρόνῳ</strong></span> <span class='ocrx_word' id='word_1_56' title='bbox 462 656 842 728; x_wconf 55' lang='grc' dir='ltr'>ἐγκαθιδρύειν</span> <span class='ocrx_word' id='word_1_57' title='bbox 877 658 978 729; x_wconf 70' lang='grc' dir='ltr'><strong>ἤδη</strong></span> <span class='ocrx_word' id='word_1_58' title='bbox 1028 659 1139 730; x_wconf 88' lang='grc' dir='ltr'><strong>γὰρ</strong></span> <span class='ocrx_word' id='word_1_59' title='bbox 1192 660 1442 728; x_wconf 81' lang='grc' dir='ltr'>Εύδόξιος</span> <span class='ocrx_word' id='word_1_60' title='bbox 1486 665 1830 722; x_wconf 80' lang='grc' dir='ltr'>Κωνσταντι-</span> 
     </span>
    </p>
   </div>
   <div class='ocr_carea' id='block_1_11' title="bbox 260 747 1826 828">
    <p class='ocr_par' dir='ltr' id='par_1_11' title="bbox 260 747 1826 828">
     <span class='ocr_line' id='line_1_11' title="bbox 260 747 1826 828; baseline 0.008 -28"><span class='ocrx_word' id='word_1_61' title='bbox 260 747 549 810; x_wconf 80' lang='grc' dir='ltr'>νουπόλεως</span> <span class='ocrx_word' id='word_1_62' title='bbox 577 747 884 808; x_wconf 76' lang='grc' dir='ltr'>ἐπέϐαινεν.</span> <span class='ocrx_word' id='word_1_63' title='bbox 919 749 976 803; x_wconf 87' lang='lat'><strong>&#39;0</strong></span> <span class='ocrx_word' id='word_1_64' title='bbox 1001 749 1058 803; x_wconf 87' lang='grc' dir='ltr'>δὲ</span> <span class='ocrx_word' id='word_1_65' title='bbox 1082 749 1363 817; x_wconf 83' lang='grc' dir='ltr'>Μελέτιος,</span> <span class='ocrx_word' id='word_1_66' title='bbox 1390 752 1459 807; x_wconf 82' lang='grc' dir='ltr'>τὰ</span> <span class='ocrx_word' id='word_1_67' title='bbox 1489 755 1588 825; x_wconf 84' lang='grc' dir='ltr'>μὲν</span> <span class='ocrx_word' id='word_1_68' title='bbox 1614 756 1826 828; x_wconf 86' lang='grc' dir='ltr'>πρῶτα,</span> 
     </span>
    </p>
   </div>
   <div class='ocr_carea' id='block_1_12' title="bbox 259 836 1831 918">
    <p class='ocr_par' dir='ltr' id='par_1_12' title="bbox 259 836 1831 918">
     <span class='ocr_line' id='line_1_12' title="bbox 259 836 1831 918; baseline 0.008 -28"><span class='ocrx_word' id='word_1_69' title='bbox 259 842 316 910; x_wconf 78' lang='grc' dir='ltr'>τῇ</span> <span class='ocrx_word' id='word_1_70' title='bbox 361 836 456 892; x_wconf 81' lang='grc' dir='ltr'>τοῦ</span> <span class='ocrx_word' id='word_1_71' title='bbox 503 837 768 908; x_wconf 76' lang='grc' dir='ltr'>βασιλέως</span> <span class='ocrx_word' id='word_1_72' title='bbox 815 841 978 911; x_wconf 79' lang='grc' dir='ltr'>ῥοπῇ,</span> <span class='ocrx_word' id='word_1_73' title='bbox 1025 839 1341 912; x_wconf 88' lang='grc' dir='ltr'>θεραπεύων</span> <span class='ocrx_word' id='word_1_74' title='bbox 1392 843 1452 897; x_wconf 82' lang='grc' dir='ltr'>τὸ</span> <span class='ocrx_word' id='word_1_75' title='bbox 1493 845 1831 918; x_wconf 83' lang='grc' dir='ltr'>ἐτεροούσιον</span> 
     </span>
    </p>
   </div>
   <div class='ocr_carea' id='block_1_13' title="bbox 259 929 1834 1008">
    <p class='ocr_par' dir='ltr' id='par_1_13' title="bbox 259 929 1834 1008">
     <span class='ocr_line' id='line_1_13' title="bbox 259 929 1834 1008; baseline 0.008 -27"><span class='ocrx_word' id='word_1_76' title='bbox 259 929 568 1000; x_wconf 79' lang='grc' dir='ltr'><strong>ὑπεκρίνετο</strong></span> <span class='ocrx_word' id='word_1_77' title='bbox 614 929 749 1000; x_wconf 70' lang='grc'>(26),</span> <span class='ocrx_word' id='word_1_78' title='bbox 782 931 877 984; x_wconf 79' lang='grc' dir='ltr'>καὶ</span> <span class='ocrx_word' id='word_1_79' title='bbox 926 929 1004 1001; x_wconf 83' lang='grc' dir='ltr'>τῷ</span> <span class='ocrx_word' id='word_1_80' title='bbox 1057 931 1208 1004; x_wconf 86' lang='grc' dir='ltr'>τόμῳ</span> <span class='ocrx_word' id='word_1_81' title='bbox 1254 932 1362 986; x_wconf 85' lang='grc' dir='ltr'><strong>τῶν</strong></span> <span class='ocrx_word' id='word_1_82' title='bbox 1408 935 1676 1008; x_wconf 87' lang='grc' dir='ltr'>ἐσπερίων</span> <span class='ocrx_word' id='word_1_83' title='bbox 1728 939 1834 992; x_wconf 83' lang='grc' dir='ltr'>ύπ-</span> 
     </span>
    </p>
   </div>
   <div class='ocr_carea' id='block_1_14' title="bbox 255 1020 1833 1102">
    <p class='ocr_par' dir='ltr' id='par_1_14' title="bbox 255 1020 1833 1102">
     <span class='ocr_line' id='line_1_14' title="bbox 255 1020 1833 1102; baseline 0.005 -27"><span class='ocrx_word' id='word_1_84' title='bbox 255 1020 474 1092; x_wconf 73' lang='grc' dir='ltr'>έγραψε,</span> <span class='ocrx_word' id='word_1_85' title='bbox 495 1021 588 1075; x_wconf 80' lang='grc' dir='ltr'><strong>τοῦ</strong></span> <span class='ocrx_word' id='word_1_86' title='bbox 617 1023 674 1076; x_wconf 89' lang='grc' dir='ltr'><strong>δε</strong></span> <span class='ocrx_word' id='word_1_87' title='bbox 696 1023 795 1092; x_wconf 85' lang='grc' dir='ltr'><strong>τῆς</strong></span> <span class='ocrx_word' id='word_1_88' title='bbox 833 1021 1159 1093; x_wconf 78' lang='grc' dir='ltr'>’Δντιοχειας</span> <span class='ocrx_word' id='word_1_89' title='bbox 1184 1024 1431 1095; x_wconf 81' lang='grc' dir='ltr'>ἐπάρξας</span> <span class='ocrx_word' id='word_1_90' title='bbox 1459 1025 1671 1098; x_wconf 86' lang='grc' dir='ltr'>θρόνου,</span> <span class='ocrx_word' id='word_1_91' title='bbox 1707 1029 1833 1102; x_wconf 85' lang='grc' dir='ltr'>θερ-</span> 
     </span>
    </p>
   </div>
   <div class='ocr_carea' id='block_1_15' title="bbox 255 1107 1831 1189">
    <p class='ocr_par' dir='ltr' id='par_1_15' title="bbox 255 1107 1831 1189">
     <span class='ocr_line' id='line_1_15' title="bbox 255 1107 1831 1189; baseline 0.01 -27"><span class='ocrx_word' id='word_1_92' title='bbox 255 1112 347 1182; x_wconf 76' lang='grc' dir='ltr'>μὸς</span> <span class='ocrx_word' id='word_1_93' title='bbox 381 1107 452 1184; x_wconf 80' lang='grc' dir='ltr'>ἦν</span> <span class='ocrx_word' id='word_1_94' title='bbox 489 1113 584 1166; x_wconf 81' lang='grc' dir='ltr'>τοῦ</span> <span class='ocrx_word' id='word_1_95' title='bbox 614 1114 900 1183; x_wconf 86' lang='grc' dir='ltr'>όμοουσίου</span> <span class='ocrx_word' id='word_1_96' title='bbox 931 1114 1269 1186; x_wconf 80' lang='grc' dir='ltr'>ὑπέρμαχος.</span> <span class='ocrx_word' id='word_1_97' title='bbox 1293 1118 1603 1189; x_wconf 87' lang='grc' dir='ltr'>Χειροτονεῖ</span> <span class='ocrx_word' id='word_1_98' title='bbox 1639 1121 1697 1174; x_wconf 76' lang='grc' dir='ltr'>δὲ</span> <span class='ocrx_word' id='word_1_99' title='bbox 1737 1123 1831 1176; x_wconf 76' lang='grc' dir='ltr'>καὶ</span> 
     </span>
    </p>
   </div>
   <div class='ocr_carea' id='block_1_16' title="bbox 254 1203 1831 1279">
    <p class='ocr_par' dir='ltr' id='par_1_16' title="bbox 254 1203 1831 1279">
     <span class='ocr_line' id='line_1_16' title="bbox 254 1203 1831 1279; baseline 0.008 -23"><span class='ocrx_word' id='word_1_100' title='bbox 254 1203 511 1272; x_wconf 81' lang='grc' dir='ltr'>Πελάγιον</span> <span class='ocrx_word' id='word_1_101' title='bbox 537 1206 568 1258; x_wconf 99' lang='lat'><strong>6</strong></span> <span class='ocrx_word' id='word_1_102' title='bbox 607 1205 859 1269; x_wconf 83' lang='grc' dir='ltr'>’Δκάκιος</span> <span class='ocrx_word' id='word_1_103' title='bbox 902 1208 961 1260; x_wconf 74' lang='grc' dir='ltr'><strong>ἐν</strong></span> <span class='ocrx_word' id='word_1_104' title='bbox 1001 1206 1326 1279; x_wconf 78' lang='grc' dir='ltr'><strong>Λαοδικείᾳ·</strong></span> <span class='ocrx_word' id='word_1_105' title='bbox 1366 1208 1462 1262; x_wconf 75' lang='grc' dir='ltr'>καὶ</span> <span class='ocrx_word' id='word_1_106' title='bbox 1493 1209 1679 1275; x_wconf 82' lang='grc' dir='ltr'>ἁπλῶς</span> <span class='ocrx_word' id='word_1_107' title='bbox 1704 1211 1831 1269; x_wconf 77' lang='grc' dir='ltr'>ἔνθα</span> 
     </span>
    </p>
   </div>
   <div class='ocr_carea' id='block_1_17' title="bbox 250 1295 1832 1370">
    <p class='ocr_par' dir='ltr' id='par_1_17' title="bbox 250 1295 1832 1370">
     <span class='ocr_line' id='line_1_17' title="bbox 250 1295 1832 1370; baseline 0.006 -21"><span class='ocrx_word' id='word_1_108' title='bbox 250 1295 366 1367; x_wconf 79' lang='grc' dir='ltr'>ἀνή</span> <span class='ocrx_word' id='word_1_109' title='bbox 395 1296 622 1368; x_wconf 89' lang='grc' dir='ltr'>δύναμις</span> <span class='ocrx_word' id='word_1_110' title='bbox 642 1298 828 1350; x_wconf 81' lang='grc' dir='ltr'>εἵπετο</span> <span class='ocrx_word' id='word_1_111' title='bbox 857 1297 990 1368; x_wconf 70' lang='grc'>(27),</span> <span class='ocrx_word' id='word_1_112' title='bbox 1019 1297 1115 1370; x_wconf 82' lang='grc' dir='ltr'>τὴν</span> <span class='ocrx_word' id='word_1_113' title='bbox 1140 1298 1333 1370; x_wconf 80' lang='grc' dir='ltr'>βουλὴν</span> <span class='ocrx_word' id='word_1_114' title='bbox 1369 1300 1572 1364; x_wconf 90' lang='grc' dir='ltr'>ἐδίδου,</span> <span class='ocrx_word' id='word_1_115' title='bbox 1600 1303 1740 1357; x_wconf 82' lang='grc' dir='ltr'>κατὰ</span> <span class='ocrx_word' id='word_1_116' title='bbox 1771 1305 1832 1358; x_wconf 83' lang='grc' dir='ltr'>τὸ</span> 
     </span>
    </p>
   </div>
   <div class='ocr_carea' id='block_1_18' title="bbox 252 1386 1830 1461">
    <p class='ocr_par' dir='ltr' id='par_1_18' title="bbox 252 1386 1830 1461">
     <span class='ocr_line' id='line_1_18' title="bbox 252 1386 1830 1461; baseline 0.006 -22"><span class='ocrx_word' id='word_1_117' title='bbox 252 1387 535 1456; x_wconf 83' lang='grc' dir='ltr'>κράτιστον</span> <span class='ocrx_word' id='word_1_118' title='bbox 579 1387 700 1440; x_wconf 74' lang='grc' dir='ltr'>ἀντὶ</span> <span class='ocrx_word' id='word_1_119' title='bbox 737 1387 844 1440; x_wconf 85' lang='grc' dir='ltr'><strong>τῶν</strong></span> <span class='ocrx_word' id='word_1_120' title='bbox 884 1386 1240 1451; x_wconf 75' lang='grc' dir='ltr'><strong>ἐξελαθέντων</strong></span> <span class='ocrx_word' id='word_1_121' title='bbox 1283 1389 1412 1452; x_wconf 81' lang='grc' dir='ltr'>τοὺς</span> <span class='ocrx_word' id='word_1_122' title='bbox 1449 1390 1512 1442; x_wconf 84' lang='grc' dir='ltr'>τὸ</span> <span class='ocrx_word' id='word_1_123' title='bbox 1550 1391 1830 1461; x_wconf 85' lang='grc' dir='ltr'>όμοούσιον</span> 
     </span>
    </p>
   </div>
   <div class='ocr_carea' id='block_1_19' title="bbox 250 1476 1556 1549">
    <p class='ocr_par' dir='ltr' id='par_1_19' title="bbox 250 1476 1556 1549">
     <span class='ocr_line' id='line_1_19' title="bbox 250 1476 1556 1549; baseline 0.005 -20"><span class='ocrx_word' id='word_1_124' title='bbox 250 1479 326 1540; x_wconf 79' lang='grc' dir='ltr'>εἰς</span> <span class='ocrx_word' id='word_1_125' title='bbox 345 1476 406 1530; x_wconf 84' lang='grc' dir='ltr'>τὸ</span> <span class='ocrx_word' id='word_1_126' title='bbox 425 1478 830 1548; x_wconf 73' lang='grc' dir='ltr'><strong>ἀπροφάσιστον</strong></span> <span class='ocrx_word' id='word_1_127' title='bbox 854 1478 1128 1549; x_wconf 84' lang='grc' dir='ltr'>τιμῶντας</span> <span class='ocrx_word' id='word_1_128' title='bbox 1145 1477 1556 1548; x_wconf 82' lang='grc' dir='ltr'>ἐγκαθιστάναι.</span> 
     </span>
    </p>
   </div>
   <div class='ocr_carea' id='block_1_20' title="bbox 1930 303 3497 377">
    <p class='ocr_par' dir='ltr' id='par_1_20' title="bbox 1930 303 3497 377">
     <span class='ocr_line' id='line_1_20' title="bbox 1930 303 3497 377; baseline -0.003 -15"><span class='ocrx_word' id='word_1_129' title='bbox 1930 321 2030 377; x_wconf 92' lang='lat' dir='ltr'><strong>pos</strong></span> <span class='ocrx_word' id='word_1_130' title='bbox 2050 307 2349 373; x_wconf 75' lang='lat' dir='ltr'><strong>constituit,</strong></span> <span class='ocrx_word' id='word_1_131' title='bbox 2375 307 2466 376; x_wconf 90' lang='lat' dir='ltr'><strong>qui</strong></span> <span class='ocrx_word' id='word_1_132' title='bbox 2494 305 2972 362; x_wconf 84' lang='lat' dir='ltr'><strong>consubstantialis</strong></span> <span class='ocrx_word' id='word_1_133' title='bbox 2997 304 3155 360; x_wconf 82' lang='lat' dir='ltr'><strong>fidem</strong></span> <span class='ocrx_word' id='word_1_134' title='bbox 3181 303 3497 374; x_wconf 81' lang='lat' dir='ltr'><strong>profiteren-</strong></span> 
     </span>
    </p>
   </div>
   <div class='ocr_carea' id='block_1_21' title="bbox 1931 391 3498 467">
    <p class='ocr_par' dir='ltr' id='par_1_21' title="bbox 1931 391 3498 467">
     <span class='ocr_line' id='line_1_21' title="bbox 1931 391 3498 467; baseline -0.003 -14"><span class='ocrx_word' id='word_1_135' title='bbox 1931 407 2039 453; x_wconf 91' lang='lat' dir='ltr'><strong>tur.</strong></span> <span class='ocrx_word' id='word_1_136' title='bbox 2055 398 2134 454; x_wconf 82' lang='lat' dir='ltr'><strong>Ac</strong></span> <span class='ocrx_word' id='word_1_137' title='bbox 2151 396 2483 454; x_wconf 89' lang='lat' dir='ltr'><strong>Nicomedia</strong></span> <span class='ocrx_word' id='word_1_138' title='bbox 2503 397 2722 467; x_wconf 88' lang='lat' dir='ltr'><strong>quidem</strong></span> <span class='ocrx_word' id='word_1_139' title='bbox 2750 398 2803 452; x_wconf 88' lang='lat' dir='ltr'><strong>in</strong></span> <span class='ocrx_word' id='word_1_140' title='bbox 2820 397 3001 452; x_wconf 91' lang='lat' dir='ltr'><strong>locum</strong></span> <span class='ocrx_word' id='word_1_141' title='bbox 3019 394 3284 465; x_wconf 89' lang='lat' dir='ltr'><strong>Cecropii,</strong></span> <span class='ocrx_word' id='word_1_142' title='bbox 3304 391 3498 449; x_wconf 83' lang='lat' dir='ltr'><strong>Onesi-</strong></span> 
     </span>
    </p>
   </div>
   <div class='ocr_carea' id='block_1_22' title="bbox 1931 485 3513 561">
    <p class='ocr_par' dir='ltr' id='par_1_22' title="bbox 1931 485 3513 561">
     <span class='ocr_line' id='line_1_22' title="bbox 1931 485 3513 561; baseline -0.003 -17"><span class='ocrx_word' id='word_1_143' title='bbox 1931 505 2081 546; x_wconf 88' lang='lat' dir='ltr'><strong>mum</strong></span> <span class='ocrx_word' id='word_1_144' title='bbox 2097 490 2371 546; x_wconf 77' lang='lat' dir='ltr'><strong>ordinavit</strong></span> <span class='ocrx_word' id='word_1_145' title='bbox 2393 506 2407 555; x_wconf 93' lang='lat'><strong>;</strong></span> <span class='ocrx_word' id='word_1_146' title='bbox 2423 490 2650 561; x_wconf 81' lang='lat' dir='ltr'><strong>Ancyra</strong></span> <span class='ocrx_word' id='word_1_147' title='bbox 2663 503 2791 544; x_wconf 90' lang='lat' dir='ltr'><strong>vero</strong></span> <span class='ocrx_word' id='word_1_148' title='bbox 2803 488 2857 543; x_wconf 89' lang='lat' dir='ltr'><strong>in</strong></span> <span class='ocrx_word' id='word_1_149' title='bbox 2872 487 3050 542; x_wconf 90' lang='lat' dir='ltr'><strong>locum</strong></span> <span class='ocrx_word' id='word_1_150' title='bbox 3065 485 3248 541; x_wconf 86' lang='lat' dir='ltr'><strong>Basilii</strong></span> <span class='ocrx_word' id='word_1_151' title='bbox 3263 485 3513 540; x_wconf 53' lang='lat' dir='ltr'><strong>Athana»</strong></span> 
     </span>
    </p>
   </div>
   <div class='ocr_carea' id='block_1_23' title="bbox 1931 574 3499 636">
    <p class='ocr_par' dir='ltr' id='par_1_23' title="bbox 1931 574 3499 636">
     <span class='ocr_line' id='line_1_23' title="bbox 1931 574 3499 636; baseline -0.004 -1"><span class='ocrx_word' id='word_1_152' title='bbox 1931 579 2072 635; x_wconf 89' lang='lat' dir='ltr'><strong>sium</strong></span> <span class='ocrx_word' id='word_1_153' title='bbox 2092 579 2392 636; x_wconf 85' lang='lat' dir='ltr'><strong>substituit.</strong></span> <span class='ocrx_word' id='word_1_154' title='bbox 2413 578 2779 635; x_wconf 87' lang='lat' dir='ltr'><strong>Tarsensibus</strong></span> <span class='ocrx_word' id='word_1_155' title='bbox 2803 585 2985 633; x_wconf 85' lang='lat' dir='ltr'><strong>autem</strong></span> <span class='ocrx_word' id='word_1_156' title='bbox 3008 574 3213 630; x_wconf 87' lang='lat' dir='ltr'><strong>Silvani</strong></span> <span class='ocrx_word' id='word_1_157' title='bbox 3226 576 3348 630; x_wconf 91' lang='lat' dir='ltr'><strong>loco</strong></span> <span class='ocrx_word' id='word_1_158' title='bbox 3364 575 3499 628; x_wconf 81' lang='lat' dir='ltr'><strong>Aca-</strong></span> 
     </span>
    </p>
   </div>
   <div class='ocr_carea' id='block_1_24' title="bbox 1931 663 3498 740">
    <p class='ocr_par' dir='ltr' id='par_1_24' title="bbox 1931 663 3498 740">
     <span class='ocr_line' id='line_1_24' title="bbox 1931 663 3498 740; baseline -0.003 -16"><span class='ocrx_word' id='word_1_159' title='bbox 1931 668 2076 724; x_wconf 89' lang='lat' dir='ltr'><strong>cium</strong></span> <span class='ocrx_word' id='word_1_160' title='bbox 2095 670 2325 724; x_wconf 87' lang='lat' dir='ltr'><strong>alterum</strong></span> <span class='ocrx_word' id='word_1_161' title='bbox 2349 668 2608 740; x_wconf 85' lang='lat' dir='ltr'><strong>prafecit.</strong></span> <span class='ocrx_word' id='word_1_162' title='bbox 2627 667 2928 722; x_wconf 76' lang='lat' dir='ltr'><strong>Antiochia</strong></span> <span class='ocrx_word' id='word_1_163' title='bbox 2945 679 3077 721; x_wconf 88' lang='lat' dir='ltr'><strong>vero</strong></span> <span class='ocrx_word' id='word_1_164' title='bbox 3106 663 3286 720; x_wconf 91' lang='lat' dir='ltr'><strong>clerici</strong></span> <span class='ocrx_word' id='word_1_165' title='bbox 3305 679 3498 719; x_wconf 82' lang='lat' dir='ltr'><strong>omnes</strong></span> 
     </span>
    </p>
   </div>
   <div class='ocr_carea' id='block_1_25' title="bbox 1930 756 3497 832">
    <p class='ocr_par' dir='ltr' id='par_1_25' title="bbox 1930 756 3497 832">
     <span class='ocr_line' id='line_1_25' title="bbox 1930 756 3497 832; baseline -0.005 -16"><span class='ocrx_word' id='word_1_166' title='bbox 1930 760 2024 832; x_wconf 90' lang='lat' dir='ltr'><strong>qui</strong></span> <span class='ocrx_word' id='word_1_167' title='bbox 2043 777 2167 817; x_wconf 94' lang='lat' dir='ltr'><strong>cum</strong></span> <span class='ocrx_word' id='word_1_168' title='bbox 2188 761 2393 817; x_wconf 86' lang='lat' dir='ltr'><strong>Basilio</strong></span> <span class='ocrx_word' id='word_1_169' title='bbox 2416 761 2546 815; x_wconf 92' lang='lat' dir='ltr'><strong>olim</strong></span> <span class='ocrx_word' id='word_1_170' title='bbox 2570 766 2963 816; x_wconf 86' lang='lat' dir='ltr'><strong>consenserant</strong></span> <span class='ocrx_word' id='word_1_171' title='bbox 2983 757 3038 812; x_wconf 91' lang='lat' dir='ltr'><strong>in</strong></span> <span class='ocrx_word' id='word_1_172' title='bbox 3061 756 3146 812; x_wconf 91' lang='lat' dir='ltr'><strong>his</strong></span> <span class='ocrx_word' id='word_1_173' title='bbox 3168 770 3288 826; x_wconf 85' lang='lat' dir='ltr'><strong>qua</strong></span> <span class='ocrx_word' id='word_1_174' title='bbox 3309 763 3497 812; x_wconf 86' lang='lat' dir='ltr'><strong>contra</strong></span> 
     </span>
    </p>
   </div>
   <div class='ocr_carea' id='block_1_26' title="bbox 1930 845 3524 913">
    <p class='ocr_par' dir='ltr' id='par_1_26' title="bbox 1930 845 3524 913">
     <span class='ocr_line' id='line_1_26' title="bbox 1930 845 3524 913; baseline -0.004 -10"><span class='ocrx_word' id='word_1_175' title='bbox 1930 850 2146 906; x_wconf 79' lang='lat' dir='ltr'><strong>Aetium</strong></span> <span class='ocrx_word' id='word_1_176' title='bbox 2175 858 2230 908; x_wconf 89' lang='lat' dir='ltr'><strong>et</strong></span> <span class='ocrx_word' id='word_1_177' title='bbox 2252 849 2558 905; x_wconf 87' lang='lat' dir='ltr'><strong>Eudoxium</strong></span> <span class='ocrx_word' id='word_1_178' title='bbox 2588 857 2794 904; x_wconf 87' lang='lat' dir='ltr'><strong>tentata</strong></span> <span class='ocrx_word' id='word_1_179' title='bbox 2823 847 3060 913; x_wconf 81' lang='lat' dir='ltr'><strong>fuerant,</strong></span> <span class='ocrx_word' id='word_1_180' title='bbox 3089 845 3289 900; x_wconf 90' lang='lat' dir='ltr'><strong>indicta</strong></span> <span class='ocrx_word' id='word_1_181' title='bbox 3311 859 3524 909; x_wconf 38' lang='lat' dir='ltr'><strong>causa,</strong></span> 
     </span>
    </p>
   </div>
   <div class='ocr_carea' id='block_1_27' title="bbox 1929 934 3502 1011">
    <p class='ocr_par' dir='ltr' id='par_1_27' title="bbox 1929 934 3502 1011">
     <span class='ocr_line' id='line_1_27' title="bbox 1929 934 3502 1011; baseline -0.004 -15"><span class='ocrx_word' id='word_1_182' title='bbox 1929 942 2140 1011; x_wconf 77' lang='lat' dir='ltr'><strong>expulsi</strong></span> <span class='ocrx_word' id='word_1_183' title='bbox 2167 951 2312 997; x_wconf 89' lang='lat' dir='ltr'><strong>sunt.</strong></span> <span class='ocrx_word' id='word_1_184' title='bbox 2341 941 2406 996; x_wconf 84' lang='lat' dir='ltr'><strong>Et</strong></span> <span class='ocrx_word' id='word_1_185' title='bbox 2429 940 2676 997; x_wconf 85' lang='lat' dir='ltr'><strong>Meletius</strong></span> <span class='ocrx_word' id='word_1_186' title='bbox 2703 955 2766 995; x_wconf 88' lang='lat' dir='ltr'><strong>ex</strong></span> <span class='ocrx_word' id='word_1_187' title='bbox 2794 939 2928 995; x_wconf 88' lang='lat' dir='ltr'><strong>urbe</strong></span> <span class='ocrx_word' id='word_1_188' title='bbox 2952 937 3223 992; x_wconf 85' lang='lat' dir='ltr'><strong>Armenia</strong></span> <span class='ocrx_word' id='word_1_189' title='bbox 3252 934 3502 990; x_wconf 83' lang='lat' dir='ltr'><strong>Sebastia</strong></span> 
     </span>
    </p>
   </div>
   <div class='ocr_carea' id='block_1_28' title="bbox 1931 1026 3500 1100">
    <p class='ocr_par' dir='ltr' id='par_1_28' title="bbox 1931 1026 3500 1100">
     <span class='ocr_line' id='line_1_28' title="bbox 1931 1026 3500 1100; baseline -0.005 -12"><span class='ocrx_word' id='word_1_190' title='bbox 1931 1034 2157 1100; x_wconf 91' lang='lat' dir='ltr'><strong>accitus,</strong></span> <span class='ocrx_word' id='word_1_191' title='bbox 2182 1035 2236 1089; x_wconf 95' lang='lat' dir='ltr'><strong>in</strong></span> <span class='ocrx_word' id='word_1_192' title='bbox 2261 1033 2598 1089; x_wconf 84' lang='lat' dir='ltr'><strong>Antiochena</strong></span> <span class='ocrx_word' id='word_1_193' title='bbox 2629 1032 2757 1088; x_wconf 88' lang='lat' dir='ltr'><strong>sede</strong></span> <span class='ocrx_word' id='word_1_194' title='bbox 2784 1031 2853 1087; x_wconf 90' lang='lat' dir='ltr'><strong>ab</strong></span> <span class='ocrx_word' id='word_1_195' title='bbox 2876 1030 3065 1086; x_wconf 88' lang='lat' dir='ltr'><strong>eodem</strong></span> <span class='ocrx_word' id='word_1_196' title='bbox 3097 1028 3299 1083; x_wconf 82' lang='lat' dir='ltr'><strong>Acacio</strong></span> <span class='ocrx_word' id='word_1_197' title='bbox 3329 1026 3500 1083; x_wconf 86' lang='lat' dir='ltr'><strong>collo-</strong></span> 
     </span>
    </p>
   </div>
   <div class='ocr_carea' id='block_1_29' title="bbox 1931 1117 3502 1192">
    <p class='ocr_par' dir='ltr' id='par_1_29' title="bbox 1931 1117 3502 1192">
     <span class='ocr_line' id='line_1_29' title="bbox 1931 1117 3502 1192; baseline -0.004 -13"><span class='ocrx_word' id='word_1_198' title='bbox 1931 1133 2087 1179; x_wconf 89' lang='lat' dir='ltr'><strong>catus</strong></span> <span class='ocrx_word' id='word_1_199' title='bbox 2120 1132 2224 1188; x_wconf 88' lang='lat' dir='ltr'><strong>est,</strong></span> <span class='ocrx_word' id='word_1_200' title='bbox 2257 1124 2375 1179; x_wconf 89' lang='lat' dir='ltr'><strong>vice</strong></span> <span class='ocrx_word' id='word_1_201' title='bbox 2418 1122 2678 1188; x_wconf 80' lang='lat' dir='ltr'><strong>Eudoxii;</strong></span> <span class='ocrx_word' id='word_1_202' title='bbox 2713 1122 2824 1192; x_wconf 86' lang='lat' dir='ltr'><strong>jam</strong></span> <span class='ocrx_word' id='word_1_203' title='bbox 2861 1121 3006 1176; x_wconf 90' lang='lat' dir='ltr'><strong>enim</strong></span> <span class='ocrx_word' id='word_1_204' title='bbox 3048 1120 3325 1174; x_wconf 78' lang='lat' dir='ltr'><strong>Eudoxius</strong></span> <span class='ocrx_word' id='word_1_205' title='bbox 3357 1117 3502 1174; x_wconf 86' lang='lat' dir='ltr'><strong>Con-</strong></span> 
     </span>
    </p>
   </div>
   <div class='ocr_carea' id='block_1_30' title="bbox 1933 1206 3502 1284">
    <p class='ocr_par' dir='ltr' id='par_1_30' title="bbox 1933 1206 3502 1284">
     <span class='ocr_line' id='line_1_30' title="bbox 1933 1206 3502 1284; baseline -0.005 -16"><span class='ocrx_word' id='word_1_206' title='bbox 1933 1213 2469 1284; x_wconf 83' lang='lat' dir='ltr'><strong>slantinopolitanam</strong></span> <span class='ocrx_word' id='word_1_207' title='bbox 2502 1213 2568 1267; x_wconf 91' lang='lat' dir='ltr'><strong>ad</strong></span> <span class='ocrx_word' id='word_1_208' title='bbox 2595 1212 2777 1268; x_wconf 87' lang='lat' dir='ltr'><strong>sedem</strong></span> <span class='ocrx_word' id='word_1_209' title='bbox 2805 1209 3219 1265; x_wconf 88' lang='lat' dir='ltr'><strong>conscenderat.</strong></span> <span class='ocrx_word' id='word_1_210' title='bbox 3246 1207 3316 1262; x_wconf 81' lang='lat' dir='ltr'><strong>At</strong></span> <span class='ocrx_word' id='word_1_211' title='bbox 3341 1206 3502 1261; x_wconf 83' lang='lat' dir='ltr'><strong>Mele-</strong></span> 
     </span>
    </p>
   </div>
   <div class='ocr_carea' id='block_1_31' title="bbox 1934 1297 3500 1377">
    <p class='ocr_par' dir='ltr' id='par_1_31' title="bbox 1934 1297 3500 1377">
     <span class='ocr_line' id='line_1_31' title="bbox 1934 1297 3500 1377; baseline -0.004 -18"><span class='ocrx_word' id='word_1_212' title='bbox 1934 1307 2063 1370; x_wconf 89' lang='lat' dir='ltr'><strong>tius,</strong></span> <span class='ocrx_word' id='word_1_213' title='bbox 2112 1306 2266 1376; x_wconf 91' lang='lat' dir='ltr'><strong>prius</strong></span> <span class='ocrx_word' id='word_1_214' title='bbox 2319 1305 2535 1377; x_wconf 87' lang='lat' dir='ltr'><strong>quidem</strong></span> <span class='ocrx_word' id='word_1_215' title='bbox 2593 1302 2880 1359; x_wconf 90' lang='lat' dir='ltr'><strong>dissimilis</strong></span> <span class='ocrx_word' id='word_1_216' title='bbox 2933 1301 3250 1357; x_wconf 82' lang='lat' dir='ltr'><strong>substantia</strong></span> <span class='ocrx_word' id='word_1_217' title='bbox 3301 1297 3500 1353; x_wconf 86' lang='lat' dir='ltr'><strong>Filium</strong></span> 
     </span>
    </p>
   </div>
   <div class='ocr_carea' id='block_1_32' title="bbox 1931 1393 3502 1466">
    <p class='ocr_par' dir='ltr' id='par_1_32' title="bbox 1931 1393 3502 1466">
     <span class='ocr_line' id='line_1_32' title="bbox 1931 1393 3502 1466; baseline -0.005 -16"><span class='ocrx_word' id='word_1_218' title='bbox 1931 1395 2250 1466; x_wconf 86' lang='lat' dir='ltr'><strong>professus,</strong></span> <span class='ocrx_word' id='word_1_219' title='bbox 2289 1397 2356 1452; x_wconf 91' lang='lat' dir='ltr'><strong>ad</strong></span> <span class='ocrx_word' id='word_1_220' title='bbox 2407 1395 2754 1466; x_wconf 85' lang='lat' dir='ltr'><strong>imperatoris</strong></span> <span class='ocrx_word' id='word_1_221' title='bbox 2788 1393 3072 1449; x_wconf 87' lang='lat' dir='ltr'><strong>arbitrium</strong></span> <span class='ocrx_word' id='word_1_222' title='bbox 3125 1406 3247 1446; x_wconf 89' lang='lat' dir='ltr'><strong>sese</strong></span> <span class='ocrx_word' id='word_1_223' title='bbox 3285 1404 3502 1444; x_wconf 81' lang='lat' dir='ltr'><strong>accom-</strong></span> 
     </span>
    </p>
   </div>
   <div class='ocr_carea' id='block_1_33' title="bbox 1935 1480 3527 1555">
    <p class='ocr_par' dir='ltr' id='par_1_33' title="bbox 1935 1480 3527 1555">
     <span class='ocr_line' id='line_1_33' title="bbox 1935 1480 3527 1555; baseline -0.005 -13"><span class='ocrx_word' id='word_1_224' title='bbox 1935 1487 2192 1542; x_wconf 90' lang='lat' dir='ltr'><strong>modabat</strong></span> <span class='ocrx_word' id='word_1_225' title='bbox 2211 1529 2227 1554; x_wconf 92' lang='lat'><strong>,</strong></span> <span class='ocrx_word' id='word_1_226' title='bbox 2257 1497 2310 1542; x_wconf 92' lang='lat' dir='ltr'><strong>et</strong></span> <span class='ocrx_word' id='word_1_227' title='bbox 2338 1486 2769 1543; x_wconf 86' lang='lat' dir='ltr'><strong>Occidentalium</strong></span> <span class='ocrx_word' id='word_1_228' title='bbox 2801 1483 3044 1555; x_wconf 87' lang='lat' dir='ltr'><strong>epistola</strong></span> <span class='ocrx_word' id='word_1_229' title='bbox 3080 1480 3499 1550; x_wconf 82' lang='lat' dir='ltr'><strong>subscripserat.</strong></span> <span class='ocrx_word' id='word_1_230' title='bbox 3525 1481 3527 1483; x_wconf 80' lang='grc'><strong>’</strong></span> 
     </span>
    </p>
   </div>
   <div class='ocr_carea' id='block_1_34' title="bbox 253 1569 3502 1652">
    <p class='ocr_par' dir='ltr' id='par_1_34' title="bbox 253 1569 3502 1652">
     <span class='ocr_line' id='line_1_34' title="bbox 253 1569 3502 1652; baseline -0.001 -25"><span class='ocrx_word' id='word_1_231' title='bbox 253 1569 351 1627; x_wconf 85' lang='lat' dir='ltr'><strong>Sed</strong></span> <span class='ocrx_word' id='word_1_232' title='bbox 387 1580 680 1643; x_wconf 81' lang='lat' dir='ltr'><strong>postquam</strong></span> <span class='ocrx_word' id='word_1_233' title='bbox 731 1574 799 1629; x_wconf 90' lang='lat' dir='ltr'><strong>ad</strong></span> <span class='ocrx_word' id='word_1_234' title='bbox 847 1572 1247 1629; x_wconf 84' lang='lat' dir='ltr'><strong>Antiochenam</strong></span> <span class='ocrx_word' id='word_1_235' title='bbox 1299 1574 1486 1631; x_wconf 89' lang='lat' dir='ltr'><strong>sedem</strong></span> <span class='ocrx_word' id='word_1_236' title='bbox 1535 1586 1819 1646; x_wconf 90' lang='lat' dir='ltr'><strong>promotus</strong></span> <span class='ocrx_word' id='word_1_237' title='bbox 1857 1589 1975 1647; x_wconf 91' lang='lat' dir='ltr'><strong>est,</strong></span> <span class='ocrx_word' id='word_1_238' title='bbox 2009 1571 2498 1638; x_wconf 84' lang='lat' dir='ltr'><strong>consubstantialis</strong></span> <span class='ocrx_word' id='word_1_239' title='bbox 2527 1587 2900 1652; x_wconf 76' lang='lat' dir='ltr'><strong>propugnator</strong></span> <span class='ocrx_word' id='word_1_240' title='bbox 2967 1575 3265 1632; x_wconf 87' lang='lat' dir='ltr'><strong>acerrimus</strong></span> <span class='ocrx_word' id='word_1_241' title='bbox 3333 1571 3502 1628; x_wconf 82' lang='lat' dir='ltr'><strong>exsti-</strong></span> 
     </span>
    </p>
   </div>
   <div class='ocr_carea' id='block_1_35' title="bbox 252 1665 3504 1748">
    <p class='ocr_par' dir='ltr' id='par_1_35' title="bbox 252 1665 3504 1748">
     <span class='ocr_line' id='line_1_35' title="bbox 252 1665 3504 1748; baseline 0.001 -29"><span class='ocrx_word' id='word_1_242' title='bbox 252 1665 330 1720; x_wconf 88' lang='lat' dir='ltr'><strong>tit.</strong></span> <span class='ocrx_word' id='word_1_243' title='bbox 372 1665 654 1722; x_wconf 88' lang='lat' dir='ltr'><strong>Laodicea</strong></span> <span class='ocrx_word' id='word_1_244' title='bbox 682 1683 812 1723; x_wconf 88' lang='lat' dir='ltr'><strong>vero</strong></span> <span class='ocrx_word' id='word_1_245' title='bbox 840 1667 982 1724; x_wconf 91' lang='lat' dir='ltr'><strong>idem</strong></span> <span class='ocrx_word' id='word_1_246' title='bbox 1019 1667 1256 1724; x_wconf 81' lang='lat' dir='ltr'><strong>Aeacius</strong></span> <span class='ocrx_word' id='word_1_247' title='bbox 1316 1667 1596 1741; x_wconf 76' lang='lat' dir='ltr'><strong>Pelagium</strong></span> <span class='ocrx_word' id='word_1_248' title='bbox 1657 1673 1933 1730; x_wconf 83' lang='lat' dir='ltr'><strong>ordinavit</strong></span> <span class='ocrx_word' id='word_1_249' title='bbox 1997 1677 2342 1748; x_wconf 89' lang='lat' dir='ltr'><strong>episcopum.</strong></span> <span class='ocrx_word' id='word_1_250' title='bbox 2372 1677 2585 1748; x_wconf 86' lang='lat' dir='ltr'><strong>Atque,</strong></span> <span class='ocrx_word' id='word_1_251' title='bbox 2624 1683 2686 1729; x_wconf 93' lang='lat' dir='ltr'><strong>ut</strong></span> <span class='ocrx_word' id='word_1_252' title='bbox 2725 1674 2960 1730; x_wconf 87' lang='lat' dir='ltr'><strong>breviter</strong></span> <span class='ocrx_word' id='word_1_253' title='bbox 2998 1672 3174 1726; x_wconf 88' lang='lat' dir='ltr'><strong>dicam</strong></span> <span class='ocrx_word' id='word_1_254' title='bbox 3199 1709 3213 1735; x_wconf 95' lang='lat'><strong>,</strong></span> <span class='ocrx_word' id='word_1_255' title='bbox 3269 1667 3504 1724; x_wconf 82' lang='lat' dir='ltr'><strong>ubicun-</strong></span> 
     </span>
    </p>
   </div>
   <div class='ocr_carea' id='block_1_36' title="bbox 249 1759 3504 1840">
    <p class='ocr_par' dir='ltr' id='par_1_36' title="bbox 249 1759 3504 1840">
     <span class='ocr_line' id='line_1_36' title="bbox 249 1759 3504 1840; baseline 0 -26"><span class='ocrx_word' id='word_1_256' title='bbox 249 1775 354 1834; x_wconf 89' lang='lat' dir='ltr'><strong>que</strong></span> <span class='ocrx_word' id='word_1_257' title='bbox 381 1759 466 1814; x_wconf 85' lang='lat' dir='ltr'><strong>vis</strong></span> <span class='ocrx_word' id='word_1_258' title='bbox 507 1774 572 1814; x_wconf 91' lang='lat' dir='ltr'><strong>ac</strong></span> <span class='ocrx_word' id='word_1_259' title='bbox 599 1759 839 1830; x_wconf 87' lang='lat' dir='ltr'><strong>potentia</strong></span> <span class='ocrx_word' id='word_1_260' title='bbox 883 1759 933 1814; x_wconf 90' lang='lat' dir='ltr'><strong>ei</strong></span> <span class='ocrx_word' id='word_1_261' title='bbox 975 1759 1263 1815; x_wconf 88' lang='lat' dir='ltr'><strong>consilium</strong></span> <span class='ocrx_word' id='word_1_262' title='bbox 1299 1759 1494 1828; x_wconf 90' lang='lat' dir='ltr'><strong>dabat,</strong></span> <span class='ocrx_word' id='word_1_263' title='bbox 1541 1761 1595 1816; x_wconf 90' lang='lat' dir='ltr'><strong>in</strong></span> <span class='ocrx_word' id='word_1_264' title='bbox 1631 1776 1822 1818; x_wconf 89' lang='lat' dir='ltr'><strong>eorum</strong></span> <span class='ocrx_word' id='word_1_265' title='bbox 1857 1765 2037 1824; x_wconf 90' lang='lat' dir='ltr'><strong>locum</strong></span> <span class='ocrx_word' id='word_1_266' title='bbox 2069 1770 2168 1840; x_wconf 90' lang='lat' dir='ltr'><strong>qui</strong></span> <span class='ocrx_word' id='word_1_267' title='bbox 2215 1769 2432 1840; x_wconf 81' lang='lat' dir='ltr'><strong>expulsi</strong></span> <span class='ocrx_word' id='word_1_268' title='bbox 2469 1769 2711 1834; x_wconf 78' lang='lat' dir='ltr'><strong>fuerant,</strong></span> <span class='ocrx_word' id='word_1_269' title='bbox 2761 1781 2858 1822; x_wconf 82' lang='lat' dir='ltr'><strong>eos</strong></span> <span class='ocrx_word' id='word_1_270' title='bbox 2889 1764 2984 1836; x_wconf 90' lang='lat' dir='ltr'><strong>qui</strong></span> <span class='ocrx_word' id='word_1_271' title='bbox 3035 1760 3504 1820; x_wconf 80' lang='lat' dir='ltr'><strong>consubstantiale</strong></span> 
     </span>
    </p>
   </div>
   <div class='ocr_carea' id='block_1_37' title="bbox 251 1853 1810 1925">
    <p class='ocr_par' dir='ltr' id='par_1_37' title="bbox 251 1853 1810 1925">
     <span class='ocr_line' id='line_1_37' title="bbox 251 1853 1810 1925; baseline 0.003 -17"><span class='ocrx_word' id='word_1_272' title='bbox 251 1853 588 1925; x_wconf 80' lang='lat' dir='ltr'><strong>apertissime</strong></span> <span class='ocrx_word' id='word_1_273' title='bbox 607 1855 1012 1923; x_wconf 84' lang='lat' dir='ltr'><strong>profiterentur,</strong></span> <span class='ocrx_word' id='word_1_274' title='bbox 1036 1868 1253 1911; x_wconf 90' lang='lat' dir='ltr'><strong>summo</strong></span> <span class='ocrx_word' id='word_1_275' title='bbox 1283 1853 1468 1910; x_wconf 89' lang='lat' dir='ltr'><strong>studio</strong></span> <span class='ocrx_word' id='word_1_276' title='bbox 1499 1857 1810 1914; x_wconf 75' lang='lat' dir='ltr'><strong>collocavit.</strong></span> 
     </span>
    </p>
   </div>
   <div class='ocr_carea' id='block_1_38' title="bbox 321 1943 1833 2020">
    <p class='ocr_par' dir='ltr' id='par_1_38' title="bbox 321 1943 1828 2020">
     <span class='ocr_line' id='line_1_38' title="bbox 321 1943 1828 2020; baseline 0.011 -32"><span class='ocrx_word' id='word_1_277' title='bbox 321 1943 386 2013; x_wconf 72' lang='grc' dir='ltr'><strong>β’,</strong></span> <span class='ocrx_word' id='word_1_278' title='bbox 422 1945 564 2006; x_wconf 87' lang='grc' dir='ltr'>Ὅτι,</span> <span class='ocrx_word' id='word_1_279' title='bbox 604 1944 788 2015; x_wconf 78' lang='grc' dir='ltr'>φησὶν,</span> <span class='ocrx_word' id='word_1_280' title='bbox 836 1946 864 1998; x_wconf 90' lang='lat'><strong>6</strong></span> <span class='ocrx_word' id='word_1_281' title='bbox 913 1943 1166 2015; x_wconf 77' lang='grc' dir='ltr'>βασιλεὺς</span> <span class='ocrx_word' id='word_1_282' title='bbox 1207 1945 1358 2018; x_wconf 87' lang='grc' dir='ltr'>παρὰ</span> <span class='ocrx_word' id='word_1_283' title='bbox 1413 1946 1667 2001; x_wconf 78' lang='grc' dir='ltr'>’Δκακίου</span> <span class='ocrx_word' id='word_1_284' title='bbox 1714 1949 1828 2020; x_wconf 76' lang='grc'><strong>(28)</strong></span> 
     </span>
    </p>
   </div>
   <div class='ocr_carea' id='block_1_39' title="bbox 1937 1943 3508 2020">
    <p class='ocr_par' dir='ltr' id='par_1_39' title="bbox 1997 1947 3508 2018">
     <span class='ocr_line' id='line_1_39' title="bbox 1997 1947 3508 2018; baseline -0.001 -14"><span class='ocrx_word' id='word_1_285' title='bbox 1997 1951 2053 2004; x_wconf 76' lang='grc'>2.</span> <span class='ocrx_word' id='word_1_286' title='bbox 2089 1950 2228 2005; x_wconf 80' lang='lat' dir='ltr'><strong>Aetii</strong></span> <span class='ocrx_word' id='word_1_287' title='bbox 2273 1949 2547 2005; x_wconf 75' lang='lat' dir='ltr'><strong>exsilium.</strong></span> <span class='ocrx_word' id='word_1_288' title='bbox 2587 1947 2816 2004; x_wconf 87' lang='lat' dir='ltr'><strong>—Cum</strong></span> <span class='ocrx_word' id='word_1_289' title='bbox 2865 1947 3162 2018; x_wconf 84' lang='lat' dir='ltr'><strong>imperator</strong></span> <span class='ocrx_word' id='word_1_290' title='bbox 3205 1962 3269 2002; x_wconf 85' lang='lat' dir='ltr'><strong>ex</strong></span> <span class='ocrx_word' id='word_1_291' title='bbox 3301 1947 3508 2003; x_wconf 77' lang='lat' dir='ltr'><strong>Acacio</strong></span> 
     </span>
    </p>
   </div>
   <div class='ocr_carea' id='block_1_40' title="bbox 251 2031 1827 2106">
    <p class='ocr_par' dir='ltr' id='par_1_40' title="bbox 251 2031 1827 2106">
     <span class='ocr_line' id='line_1_40' title="bbox 251 2031 1827 2106; baseline 0.004 -20"><span class='ocrx_word' id='word_1_292' title='bbox 251 2031 458 2105; x_wconf 81' lang='grc' dir='ltr'>μαθὼν,</span> <span class='ocrx_word' id='word_1_293' title='bbox 487 2035 561 2098; x_wconf 85' lang='grc' dir='ltr'>ὡς</span> <span class='ocrx_word' id='word_1_294' title='bbox 589 2037 618 2087; x_wconf 92' lang='grc' dir='ltr'>ὁ</span> <span class='ocrx_word' id='word_1_295' title='bbox 646 2034 849 2098; x_wconf 83' lang='grc' dir='ltr'>Ἀἐτιος</span> <span class='ocrx_word' id='word_1_296' title='bbox 884 2035 987 2089; x_wconf 83' lang='grc' dir='ltr'><strong>ὑπὸ</strong></span> <span class='ocrx_word' id='word_1_297' title='bbox 1017 2034 1306 2100; x_wconf 82' lang='grc' dir='ltr'>Αύξεντίου</span> <span class='ocrx_word' id='word_1_298' title='bbox 1329 2035 1423 2090; x_wconf 79' lang='grc' dir='ltr'>τοῦ</span> <span class='ocrx_word' id='word_1_299' title='bbox 1451 2037 1827 2106; x_wconf 77' lang='grc' dir='ltr'>Μοψουεστίας</span> 
     </span>
    </p>
   </div>
   <div class='ocr_carea' id='block_1_41' title="bbox 250 2123 1824 2200">
    <p class='ocr_par' dir='ltr' id='par_1_41' title="bbox 250 2123 1824 2200">
     <span class='ocr_line' id='line_1_41' title="bbox 250 2123 1824 2200; baseline 0.005 -22"><span class='ocrx_word' id='word_1_300' title='bbox 250 2125 545 2180; x_wconf 84' lang='grc' dir='ltr'>ἐπισκόπου</span> <span class='ocrx_word' id='word_1_301' title='bbox 592 2127 647 2189; x_wconf 86' lang='grc' dir='ltr'><strong>ἐς</strong></span> <span class='ocrx_word' id='word_1_302' title='bbox 695 2123 764 2180; x_wconf 75' lang='grc' dir='ltr'>τὰ</span> <span class='ocrx_word' id='word_1_303' title='bbox 822 2127 1056 2198; x_wconf 80' lang='grc' dir='ltr'>μάλιστα</span> <span class='ocrx_word' id='word_1_304' title='bbox 1109 2127 1505 2200; x_wconf 76' lang='grc' dir='ltr'>φιλοφροσύνης</span> <span class='ocrx_word' id='word_1_305' title='bbox 1555 2129 1824 2197; x_wconf 79' lang='grc' dir='ltr'>ἀξιοῦται,</span> 
     </span>
    </p>
   </div>
   <div class='ocr_carea' id='block_1_42' title="bbox 249 2216 1828 2294">
    <p class='ocr_par' dir='ltr' id='par_1_42' title="bbox 249 2216 1828 2294">
     <span class='ocr_line' id='line_1_42' title="bbox 249 2216 1828 2294; baseline 0.003 -24"><span class='ocrx_word' id='word_1_306' title='bbox 249 2217 324 2282; x_wconf 81' lang='grc' dir='ltr'><strong>είς</strong></span> <span class='ocrx_word' id='word_1_307' title='bbox 353 2217 641 2289; x_wconf 79' lang='grc' dir='ltr'>’Δμϐλαδα</span> <span class='ocrx_word' id='word_1_308' title='bbox 677 2217 752 2289; x_wconf 90' lang='lat' dir='ltr'><strong>(a)</strong></span> <span class='ocrx_word' id='word_1_309' title='bbox 785 2216 896 2287; x_wconf 74' lang='lat'><strong>(29)</strong></span> <span class='ocrx_word' id='word_1_310' title='bbox 933 2217 1122 2272; x_wconf 83' lang='grc' dir='ltr'>τοῦτον</span> <span class='ocrx_word' id='word_1_311' title='bbox 1160 2219 1548 2291; x_wconf 84' lang='grc' dir='ltr'>μεθορισθῆναι</span> <span class='ocrx_word' id='word_1_312' title='bbox 1583 2238 1828 2294; x_wconf 89' lang='grc' dir='ltr'>παρακε-</span> 
     </span>
    </p>
   </div>
   <div class='ocr_carea' id='block_1_43' title="bbox 250 2308 1830 2384">
    <p class='ocr_par' dir='ltr' id='par_1_43' title="bbox 250 2308 1830 2384">
     <span class='ocr_line' id='line_1_43' title="bbox 250 2308 1830 2384; baseline 0.002 -22"><span class='ocrx_word' id='word_1_313' title='bbox 250 2308 479 2374; x_wconf 79' lang='grc' dir='ltr'>Αεύεται,</span> <span class='ocrx_word' id='word_1_314' title='bbox 509 2311 626 2363; x_wconf 85' lang='grc' dir='ltr'>ἐκεῖ</span> <span class='ocrx_word' id='word_1_315' title='bbox 657 2309 842 2374; x_wconf 85' lang='grc' dir='ltr'>κακῶς</span> <span class='ocrx_word' id='word_1_316' title='bbox 865 2309 1173 2381; x_wconf 75' lang='grc' dir='ltr'>ἀπορρῆξαι</span> <span class='ocrx_word' id='word_1_317' title='bbox 1197 2310 1289 2364; x_wconf 80' lang='grc' dir='ltr'>τὸν</span> <span class='ocrx_word' id='word_1_318' title='bbox 1311 2309 1447 2381; x_wconf 84' lang='grc' dir='ltr'>βίον,</span> <span class='ocrx_word' id='word_1_319' title='bbox 1477 2311 1567 2365; x_wconf 80' lang='grc' dir='ltr'><strong>διὰ</strong></span> <span class='ocrx_word' id='word_1_320' title='bbox 1601 2313 1662 2366; x_wconf 84' lang='grc' dir='ltr'>τὸ</span> <span class='ocrx_word' id='word_1_321' title='bbox 1698 2313 1830 2384; x_wconf 84' lang='grc' dir='ltr'><strong>βάρ-</strong></span> 
     </span>
    </p>
   </div>
   <div class='ocr_carea' id='block_1_44' title="bbox 249 2401 1830 2476">
    <p class='ocr_par' dir='ltr' id='par_1_44' title="bbox 249 2401 1830 2476">
     <span class='ocr_line' id='line_1_44' title="bbox 249 2401 1830 2476; baseline 0.001 -20"><span class='ocrx_word' id='word_1_322' title='bbox 249 2402 411 2474; x_wconf 85' lang='grc' dir='ltr'>ϐαρον</span> <span class='ocrx_word' id='word_1_323' title='bbox 443 2403 538 2455; x_wconf 72' lang='grc' dir='ltr'>καὶ</span> <span class='ocrx_word' id='word_1_324' title='bbox 573 2401 953 2473; x_wconf 80' lang='grc' dir='ltr'>μισάνθρωπον</span> <span class='ocrx_word' id='word_1_325' title='bbox 980 2401 1089 2456; x_wconf 82' lang='grc' dir='ltr'><strong>τῶν</strong></span> <span class='ocrx_word' id='word_1_326' title='bbox 1113 2402 1482 2458; x_wconf 84' lang='grc' dir='ltr'>ἐνοικούντων.</span> <span class='ocrx_word' id='word_1_327' title='bbox 1515 2403 1735 2476; x_wconf 78' lang='grc' dir='ltr'>Αύχμοῦ</span> <span class='ocrx_word' id='word_1_328' title='bbox 1772 2406 1830 2458; x_wconf 76' lang='grc' dir='ltr'>δὲ</span> 
     </span>
    </p>
   </div>
   <div class='ocr_carea' id='block_1_45' title="bbox 249 2490 1831 2564">
    <p class='ocr_par' dir='ltr' id='par_1_45' title="bbox 249 2490 1831 2564">
     <span class='ocr_line' id='line_1_45' title="bbox 249 2490 1831 2564; baseline 0.002 -17"><span class='ocrx_word' id='word_1_329' title='bbox 249 2494 334 2547; x_wconf 75' lang='grc' dir='ltr'>καὶ</span> <span class='ocrx_word' id='word_1_330' title='bbox 367 2493 562 2562; x_wconf 83' lang='grc' dir='ltr'>λοιμοῦ</span> <span class='ocrx_word' id='word_1_331' title='bbox 596 2491 690 2562; x_wconf 80' lang='grc' dir='ltr'>τὴν</span> <span class='ocrx_word' id='word_1_332' title='bbox 720 2490 901 2564; x_wconf 86' lang='grc' dir='ltr'>χώραν</span> <span class='ocrx_word' id='word_1_333' title='bbox 931 2493 1142 2562; x_wconf 81' lang='grc' dir='ltr'>ἔχοντος</span> <span class='ocrx_word' id='word_1_334' title='bbox 1175 2493 1520 2557; x_wconf 69' lang='grc' dir='ltr'>ἀνυποίστου,</span> <span class='ocrx_word' id='word_1_335' title='bbox 1557 2495 1632 2558; x_wconf 82' lang='grc' dir='ltr'>ὡς</span> <span class='ocrx_word' id='word_1_336' title='bbox 1678 2491 1831 2560; x_wconf 76' lang='grc' dir='ltr'>οὗτος</span> 
     </span>
    </p>
   </div>
   <div class='ocr_carea' id='block_1_46' title="bbox 249 2581 1832 2656">
    <p class='ocr_par' dir='ltr' id='par_1_46' title="bbox 249 2581 1832 2656">
     <span class='ocr_line' id='line_1_46' title="bbox 249 2581 1832 2656; baseline 0.004 -23"><span class='ocrx_word' id='word_1_337' title='bbox 249 2581 276 2633; x_wconf 97' lang='lat'><strong>6</strong></span> <span class='ocrx_word' id='word_1_338' title='bbox 308 2583 578 2653; x_wconf 81' lang='grc' dir='ltr'>δυσσεϐὴς</span> <span class='ocrx_word' id='word_1_339' title='bbox 620 2582 964 2652; x_wconf 73' lang='grc' dir='ltr'>ψευδολογεῖ,</span> <span class='ocrx_word' id='word_1_340' title='bbox 1023 2583 1114 2635; x_wconf 80' lang='grc' dir='ltr'>τὸν</span> <span class='ocrx_word' id='word_1_341' title='bbox 1157 2583 1360 2636; x_wconf 83' lang='grc' dir='ltr'>Ἀέτιον</span> <span class='ocrx_word' id='word_1_342' title='bbox 1409 2582 1832 2656; x_wconf 82' lang='grc' dir='ltr'>ἐξιλεωσὰμενον</span> 
     </span>
    </p>
   </div>
   <div class='ocr_carea' id='block_1_47' title="bbox 255 2673 1832 2748">
    <p class='ocr_par' dir='ltr' id='par_1_47' title="bbox 255 2673 1832 2748">
     <span class='ocr_line' id='line_1_47' title="bbox 255 2673 1832 2748; baseline 0.002 -20"><span class='ocrx_word' id='word_1_343' title='bbox 255 2675 302 2728; x_wconf 82' lang='lat' dir='ltr'><em>t6</em></span> <span class='ocrx_word' id='word_1_344' title='bbox 341 2674 503 2728; x_wconf 84' lang='grc' dir='ltr'><strong>Θείον</strong></span> <span class='ocrx_word' id='word_1_345' title='bbox 553 2673 710 2726; x_wconf 84' lang='grc' dir='ltr'>λῦσαι</span> <span class='ocrx_word' id='word_1_346' title='bbox 752 2674 852 2745; x_wconf 84' lang='grc' dir='ltr'>μὲν</span> <span class='ocrx_word' id='word_1_347' title='bbox 900 2673 969 2727; x_wconf 80' lang='grc' dir='ltr'><strong>τὰ</strong></span> <span class='ocrx_word' id='word_1_348' title='bbox 1006 2673 1172 2741; x_wconf 85' lang='grc' dir='ltr'>δεινά,</span> <span class='ocrx_word' id='word_1_349' title='bbox 1209 2674 1532 2746; x_wconf 80' lang='grc' dir='ltr'>παμπόλλης</span> <span class='ocrx_word' id='word_1_350' title='bbox 1565 2676 1622 2729; x_wconf 85' lang='grc' dir='ltr'>δὲ</span> <span class='ocrx_word' id='word_1_351' title='bbox 1650 2679 1832 2748; x_wconf 84' lang='grc' dir='ltr'>τυχεῖν</span> 
     </span>
    </p>
   </div>
   <div class='ocr_carea' id='block_1_48' title="bbox 248 2765 1828 2838">
    <p class='ocr_par' dir='ltr' id='par_1_48' title="bbox 248 2765 1828 2838">
     <span class='ocr_line' id='line_1_48' title="bbox 248 2765 1828 2838; baseline 0 -17"><span class='ocrx_word' id='word_1_352' title='bbox 248 2767 347 2821; x_wconf 75' lang='grc' dir='ltr'><strong>ὑπὸ</strong></span> <span class='ocrx_word' id='word_1_353' title='bbox 371 2767 488 2822; x_wconf 82' lang='grc' dir='ltr'>τῶν</span> <span class='ocrx_word' id='word_1_354' title='bbox 514 2765 864 2822; x_wconf 84' lang='grc' dir='ltr'>ἐνοικούντων</span> <span class='ocrx_word' id='word_1_355' title='bbox 894 2765 1106 2829; x_wconf 79' lang='grc' dir='ltr'>εὐνοίας</span> <span class='ocrx_word' id='word_1_356' title='bbox 1147 2782 1206 2818; x_wconf 86' lang='grc' dir='ltr'><strong>τε</strong></span> <span class='ocrx_word' id='word_1_357' title='bbox 1246 2766 1340 2819; x_wconf 59' lang='grc' dir='ltr'><strong>καλ⁵</strong></span> <span class='ocrx_word' id='word_1_358' title='bbox 1386 2767 1828 2838; x_wconf 82' lang='grc' dir='ltr'>σεϐασμιότητος.</span> 
     </span>
    </p>
   </div>
   <div class='ocr_carea' id='block_1_49' title="bbox 310 2857 1835 2928">
    <p class='ocr_par' dir='ltr' id='par_1_49' title="bbox 310 2857 1835 2928">
     <span class='ocr_line' id='line_1_49' title="bbox 310 2857 1835 2928; baseline -0.001 -15"><span class='ocrx_word' id='word_1_359' title='bbox 310 2857 384 2928; x_wconf 85' lang='grc' dir='ltr'><strong>γ’.</strong></span> <span class='ocrx_word' id='word_1_360' title='bbox 420 2860 543 2913; x_wconf 86' lang='grc' dir='ltr'>Ὅτι</span> <span class='ocrx_word' id='word_1_361' title='bbox 590 2858 698 2912; x_wconf 82' lang='grc' dir='ltr'><strong>τῶν</strong></span> <span class='ocrx_word' id='word_1_362' title='bbox 747 2859 877 2928; x_wconf 75' lang='grc' dir='ltr'>περὶ</span> <span class='ocrx_word' id='word_1_363' title='bbox 931 2857 1228 2911; x_wconf 82' lang='grc' dir='ltr'>Εὐστάθιον</span> <span class='ocrx_word' id='word_1_364' title='bbox 1286 2858 1380 2911; x_wconf 66' lang='grc' dir='ltr'><strong>καὶ¹</strong></span> <span class='ocrx_word' id='word_1_365' title='bbox 1424 2858 1687 2912; x_wconf 82' lang='grc' dir='ltr'>Εὐσέϐιον</span> <span class='ocrx_word' id='word_1_366' title='bbox 1740 2859 1835 2912; x_wconf 77' lang='grc' dir='ltr'>καὶ</span> 
     </span>
    </p>
   </div>
   <div class='ocr_carea' id='block_1_50' title="bbox 259 2948 1834 3021">
    <p class='ocr_par' dir='ltr' id='par_1_50' title="bbox 259 2948 1834 3021">
     <span class='ocr_line' id='line_1_50' title="bbox 259 2948 1834 3021; baseline -0.001 -17"><span class='ocrx_word' id='word_1_367' title='bbox 259 2950 532 3004; x_wconf 81' lang='grc' dir='ltr'>Ἑλεύσιον</span> <span class='ocrx_word' id='word_1_368' title='bbox 555 2948 1008 3020; x_wconf 82' lang='grc' dir='ltr'>καθαιρεθέντων,</span> <span class='ocrx_word' id='word_1_369' title='bbox 1035 2950 1084 3003; x_wconf 75' lang='grc' dir='ltr'>οἱ</span> <span class='ocrx_word' id='word_1_370' title='bbox 1117 2949 1259 3020; x_wconf 76' lang='grc' dir='ltr'>ἀμφὶ</span> <span class='ocrx_word' id='word_1_371' title='bbox 1282 2949 1371 3002; x_wconf 83' lang='grc' dir='ltr'><strong>τὸν</strong></span> <span class='ocrx_word' id='word_1_372' title='bbox 1397 2951 1579 3021; x_wconf 85' lang='grc' dir='ltr'>Μάριν</span> <span class='ocrx_word' id='word_1_373' title='bbox 1600 2950 1693 3004; x_wconf 75' lang='grc' dir='ltr'>καὶ</span> <span class='ocrx_word' id='word_1_374' title='bbox 1730 2951 1834 3003; x_wconf 82' lang='grc' dir='ltr'><strong>Εὐ-</strong></span> 
     </span>
    </p>
   </div>
   <div class='ocr_carea' id='block_1_51' title="bbox 246 3040 1838 3115">
    <p class='ocr_par' dir='ltr' id='par_1_51' title="bbox 246 3040 1838 3115">
     <span class='ocr_line' id='line_1_51' title="bbox 246 3040 1838 3115; baseline 0.001 -21"><span class='ocrx_word' id='word_1_375' title='bbox 246 3041 424 3107; x_wconf 82' lang='grc' dir='ltr'>δόξιον</span> <span class='ocrx_word' id='word_1_376' title='bbox 461 3040 654 3115; x_wconf 80' lang='grc' dir='ltr'>γνώμῃ</span> <span class='ocrx_word' id='word_1_377' title='bbox 692 3041 1094 3105; x_wconf 82' lang='grc' dir='ltr'>Κωνσταντίου,</span> <span class='ocrx_word' id='word_1_378' title='bbox 1133 3041 1229 3111; x_wconf 82' lang='grc' dir='ltr'>τῆς</span> <span class='ocrx_word' id='word_1_379' title='bbox 1269 3040 1508 3106; x_wconf 81' lang='grc' dir='ltr'>Κυζίκου</span> <span class='ocrx_word' id='word_1_380' title='bbox 1539 3041 1630 3095; x_wconf 81' lang='grc' dir='ltr'>τὸν</span> <span class='ocrx_word' id='word_1_381' title='bbox 1668 3041 1838 3095; x_wconf 83' lang='grc' dir='ltr'>Εὐνό-</span> 
     </span>
    </p>
   </div>
   <div class='ocr_carea' id='block_1_52' title="bbox 250 3129 1835 3203">
    <p class='ocr_par' dir='ltr' id='par_1_52' title="bbox 250 3129 1835 3203">
     <span class='ocr_line' id='line_1_52' title="bbox 250 3129 1835 3203; baseline 0 -18"><span class='ocrx_word' id='word_1_382' title='bbox 250 3149 364 3202; x_wconf 88' lang='grc' dir='ltr'>μιον</span> <span class='ocrx_word' id='word_1_383' title='bbox 397 3131 472 3203; x_wconf 84' lang='lat' dir='ltr'><strong>(b)</strong></span> <span class='ocrx_word' id='word_1_384' title='bbox 508 3132 805 3185; x_wconf 83' lang='grc' dir='ltr'>ἐπίσκοπον</span> <span class='ocrx_word' id='word_1_385' title='bbox 837 3129 1254 3202; x_wconf 80' lang='grc' dir='ltr'>χειροτονοῦσιν,</span> <span class='ocrx_word' id='word_1_386' title='bbox 1281 3131 1382 3183; x_wconf 81' lang='grc' dir='ltr'>οὐκ</span> <span class='ocrx_word' id='word_1_387' title='bbox 1420 3131 1594 3194; x_wconf 82' lang='grc' dir='ltr'>ἄλλως</span> <span class='ocrx_word' id='word_1_388' title='bbox 1626 3131 1835 3185; x_wconf 88' lang='grc' dir='ltr'>ἐκείνου</span> 
     </span>
    </p>
   </div>
   <div class='ocr_carea' id='block_1_53' title="bbox 246 3221 1838 3296">
    <p class='ocr_par' dir='ltr' id='par_1_53' title="bbox 246 3221 1838 3296">
     <span class='ocr_line' id='line_1_53' title="bbox 246 3221 1838 3296; baseline -0.001 -19"><span class='ocrx_word' id='word_1_389' title='bbox 246 3223 340 3296; x_wconf 82' lang='grc' dir='ltr'>τὴν</span> <span class='ocrx_word' id='word_1_390' title='bbox 366 3222 706 3295; x_wconf 85' lang='grc' dir='ltr'>χειροτονίαν</span> <span class='ocrx_word' id='word_1_391' title='bbox 735 3221 1126 3293; x_wconf 85' lang='grc' dir='ltr'>ἀνασχομένου,</span> <span class='ocrx_word' id='word_1_392' title='bbox 1154 3223 1202 3275; x_wconf 84' lang='grc' dir='ltr'><strong>εί</strong></span> <span class='ocrx_word' id='word_1_393' title='bbox 1245 3221 1319 3293; x_wconf 81' lang='grc' dir='ltr'>μὴ</span> <span class='ocrx_word' id='word_1_394' title='bbox 1351 3224 1476 3294; x_wconf 82' lang='grc' dir='ltr'>παρ’</span> <span class='ocrx_word' id='word_1_395' title='bbox 1503 3222 1682 3278; x_wconf 82' lang='grc' dir='ltr'>αὐτῶν</span> <span class='ocrx_word' id='word_1_396' title='bbox 1708 3223 1838 3278; x_wconf 84' lang='grc' dir='ltr'>ὑπο-</span> 
     </span>
    </p>
   </div>
   <div class='ocr_carea' id='block_1_54' title="bbox 1928 2034 3503 2106">
    <p class='ocr_par' dir='ltr' id='par_1_54' title="bbox 1928 2034 3503 2106">
     <span class='ocr_line' id='line_1_54' title="bbox 1928 2034 3503 2106; baseline 0.001 -16"><span class='ocrx_word' id='word_1_397' title='bbox 1928 2035 2213 2093; x_wconf 88' lang='lat' dir='ltr'><strong>didicisset</strong></span> <span class='ocrx_word' id='word_1_398' title='bbox 2234 2077 2249 2103; x_wconf 91' lang='lat'><strong>,</strong></span> <span class='ocrx_word' id='word_1_399' title='bbox 2277 2037 2492 2092; x_wconf 80' lang='lat' dir='ltr'><strong>Aetium</strong></span> <span class='ocrx_word' id='word_1_400' title='bbox 2517 2038 2586 2092; x_wconf 90' lang='lat' dir='ltr'><strong>ab</strong></span> <span class='ocrx_word' id='word_1_401' title='bbox 2601 2037 2870 2092; x_wconf 85' lang='lat' dir='ltr'><strong>Auxentio</strong></span> <span class='ocrx_word' id='word_1_402' title='bbox 2887 2035 3231 2105; x_wconf 83' lang='lat' dir='ltr'><strong>Mopsuestia</strong></span> <span class='ocrx_word' id='word_1_403' title='bbox 3245 2034 3503 2106; x_wconf 90' lang='lat' dir='ltr'><strong>episcopo</strong></span> 
     </span>
    </p>
   </div>
   <div class='ocr_carea' id='block_1_55' title="bbox 1929 2125 3504 2192">
    <p class='ocr_par' dir='ltr' id='par_1_55' title="bbox 1929 2125 3504 2192">
     <span class='ocr_line' id='line_1_55' title="bbox 1929 2125 3504 2192; baseline -0.001 -10"><span class='ocrx_word' id='word_1_404' title='bbox 1929 2127 2081 2182; x_wconf 90' lang='lat' dir='ltr'><strong>omni</strong></span> <span class='ocrx_word' id='word_1_405' title='bbox 2110 2127 2452 2182; x_wconf 83' lang='lat' dir='ltr'><strong>humanitate</strong></span> <span class='ocrx_word' id='word_1_406' title='bbox 2492 2143 2557 2184; x_wconf 90' lang='lat' dir='ltr'><strong>ac</strong></span> <span class='ocrx_word' id='word_1_407' title='bbox 2583 2128 2958 2184; x_wconf 82' lang='lat' dir='ltr'><strong>benevolentia</strong></span> <span class='ocrx_word' id='word_1_408' title='bbox 2999 2125 3195 2192; x_wconf 78' lang='lat' dir='ltr'><strong>foveri,</strong></span> <span class='ocrx_word' id='word_1_409' title='bbox 3225 2141 3349 2181; x_wconf 92' lang='lat' dir='ltr'><strong>eum</strong></span> <span class='ocrx_word' id='word_1_410' title='bbox 3379 2127 3504 2181; x_wconf 81' lang='lat' dir='ltr'><strong>Am-</strong></span> 
     </span>
    </p>
   </div>
   <div class='ocr_carea' id='block_1_56' title="bbox 1927 2217 3499 2289">
    <p class='ocr_par' dir='ltr' id='par_1_56' title="bbox 1927 2217 3499 2289">
     <span class='ocr_line' id='line_1_56' title="bbox 1927 2217 3499 2289; baseline 0 -16"><span class='ocrx_word' id='word_1_411' title='bbox 1927 2217 2090 2274; x_wconf 88' lang='lat' dir='ltr'><strong>blada</strong></span> <span class='ocrx_word' id='word_1_412' title='bbox 2121 2219 2395 2288; x_wconf 90' lang='lat' dir='ltr'><strong>deportari</strong></span> <span class='ocrx_word' id='word_1_413' title='bbox 2419 2219 2607 2289; x_wconf 84' lang='lat' dir='ltr'><strong>jussit,</strong></span> <span class='ocrx_word' id='word_1_414' title='bbox 2643 2228 2704 2274; x_wconf 90' lang='lat' dir='ltr'><strong>ut</strong></span> <span class='ocrx_word' id='word_1_415' title='bbox 2734 2219 2901 2274; x_wconf 87' lang='lat' dir='ltr'><strong>vitam</strong></span> <span class='ocrx_word' id='word_1_416' title='bbox 2936 2217 3046 2274; x_wconf 89' lang='lat' dir='ltr'><strong>illic</strong></span> <span class='ocrx_word' id='word_1_417' title='bbox 3073 2218 3274 2274; x_wconf 87' lang='lat' dir='ltr'><strong>misere</strong></span> <span class='ocrx_word' id='word_1_418' title='bbox 3297 2217 3499 2284; x_wconf 79' lang='lat' dir='ltr'><strong>ﬁniret,</strong></span> 
     </span>
    </p>
   </div>
   <div class='ocr_carea' id='block_1_57' title="bbox 1930 2308 3500 2380">
    <p class='ocr_par' dir='ltr' id='par_1_57' title="bbox 1930 2308 3500 2380">
     <span class='ocr_line' id='line_1_57' title="bbox 1930 2308 3500 2380; baseline 0 -15"><span class='ocrx_word' id='word_1_419' title='bbox 1930 2310 2002 2365; x_wconf 91' lang='lat' dir='ltr'><strong>ob</strong></span> <span class='ocrx_word' id='word_1_420' title='bbox 2062 2310 2373 2366; x_wconf 89' lang='lat' dir='ltr'><strong>barbariem</strong></span> <span class='ocrx_word' id='word_1_421' title='bbox 2435 2319 2600 2380; x_wconf 89' lang='lat' dir='ltr'><strong>atque</strong></span> <span class='ocrx_word' id='word_1_422' title='bbox 2659 2309 3115 2365; x_wconf 89' lang='lat' dir='ltr'><strong>inhumanitatem</strong></span> <span class='ocrx_word' id='word_1_423' title='bbox 3175 2308 3500 2364; x_wconf 88' lang='lat' dir='ltr'><strong>incolarum.</strong></span> 
     </span>
    </p>
   </div>
   <div class='ocr_carea' id='block_1_58' title="bbox 1929 2399 3502 2473">
    <p class='ocr_par' dir='ltr' id='par_1_58' title="bbox 1929 2399 3502 2473">
     <span class='ocr_line' id='line_1_58' title="bbox 1929 2399 3502 2473; baseline 0 -16"><span class='ocrx_word' id='word_1_424' title='bbox 1929 2400 2181 2473; x_wconf 89' lang='lat' dir='ltr'><strong>Cumque</strong></span> <span class='ocrx_word' id='word_1_425' title='bbox 2207 2411 2376 2458; x_wconf 90' lang='lat' dir='ltr'><strong>astus</strong></span> <span class='ocrx_word' id='word_1_426' title='bbox 2405 2416 2470 2457; x_wconf 90' lang='lat' dir='ltr'><strong>ac</strong></span> <span class='ocrx_word' id='word_1_427' title='bbox 2495 2400 2803 2472; x_wconf 88' lang='lat' dir='ltr'><strong>pestilentia</strong></span> <span class='ocrx_word' id='word_1_428' title='bbox 2839 2399 3201 2456; x_wconf 82' lang='lat' dir='ltr'><strong>intolerabilis</strong></span> <span class='ocrx_word' id='word_1_429' title='bbox 3245 2413 3371 2456; x_wconf 91' lang='lat' dir='ltr'><strong>eum</strong></span> <span class='ocrx_word' id='word_1_430' title='bbox 3418 2401 3502 2457; x_wconf 94' lang='lat' dir='ltr'><strong>lo-</strong></span> 
     </span>
    </p>
   </div>
   <div class='ocr_carea' id='block_1_59' title="bbox 1931 2491 3506 2564">
    <p class='ocr_par' dir='ltr' id='par_1_59' title="bbox 1931 2491 3506 2564">
     <span class='ocr_line' id='line_1_59' title="bbox 1931 2491 3506 2564; baseline -0.001 -14"><span class='ocrx_word' id='word_1_431' title='bbox 1931 2509 2055 2550; x_wconf 88' lang='lat' dir='ltr'><strong>cum</strong></span> <span class='ocrx_word' id='word_1_432' title='bbox 2082 2492 2438 2559; x_wconf 90' lang='lat' dir='ltr'><strong>infestarent,</strong></span> <span class='ocrx_word' id='word_1_433' title='bbox 2464 2493 2666 2564; x_wconf 91' lang='lat' dir='ltr'><strong>impius</strong></span> <span class='ocrx_word' id='word_1_434' title='bbox 2693 2491 2795 2548; x_wconf 87' lang='lat' dir='ltr'><strong>iste</strong></span> <span class='ocrx_word' id='word_1_435' title='bbox 2825 2491 3240 2548; x_wconf 83' lang='lat' dir='ltr'><strong>mendaciorum</strong></span> <span class='ocrx_word' id='word_1_436' title='bbox 3273 2492 3506 2562; x_wconf 88' lang='lat' dir='ltr'><strong>scriptor</strong></span> 
     </span>
    </p>
   </div>
   <div class='ocr_carea' id='block_1_60' title="bbox 1933 2580 3508 2654">
    <p class='ocr_par' dir='ltr' id='par_1_60' title="bbox 1933 2580 3508 2654">
     <span class='ocr_line' id='line_1_60' title="bbox 1933 2580 3508 2654; baseline -0.001 -16"><span class='ocrx_word' id='word_1_437' title='bbox 1933 2585 2009 2640; x_wconf 88' lang='lat' dir='ltr'><strong>ait</strong></span> <span class='ocrx_word' id='word_1_438' title='bbox 2032 2583 2254 2639; x_wconf 83' lang='lat' dir='ltr'><strong>Aetium</strong></span> <span class='ocrx_word' id='word_1_439' title='bbox 2294 2584 2510 2654; x_wconf 86' lang='lat' dir='ltr'><strong>placato</strong></span> <span class='ocrx_word' id='word_1_440' title='bbox 2538 2583 2728 2637; x_wconf 91' lang='lat' dir='ltr'><strong>divino</strong></span> <span class='ocrx_word' id='word_1_441' title='bbox 2757 2580 2994 2638; x_wconf 88' lang='lat' dir='ltr'><strong>Numine</strong></span> <span class='ocrx_word' id='word_1_442' title='bbox 3031 2581 3134 2637; x_wconf 87' lang='lat' dir='ltr'><strong>has</strong></span> <span class='ocrx_word' id='word_1_443' title='bbox 3170 2581 3508 2638; x_wconf 85' lang='lat' dir='ltr'><strong>calamitates</strong></span> 
     </span>
    </p>
   </div>
   <div class='ocr_carea' id='block_1_61' title="bbox 1931 2671 3505 2744">
    <p class='ocr_par' dir='ltr' id='par_1_61' title="bbox 1931 2671 3505 2744">
     <span class='ocr_line' id='line_1_61' title="bbox 1931 2671 3505 2744; baseline 0.001 -16"><span class='ocrx_word' id='word_1_444' title='bbox 1931 2672 2230 2744; x_wconf 89' lang='lat' dir='ltr'><strong>depulisse,</strong></span> <span class='ocrx_word' id='word_1_445' title='bbox 2251 2680 2306 2728; x_wconf 89' lang='lat' dir='ltr'><strong>et</strong></span> <span class='ocrx_word' id='word_1_446' title='bbox 2324 2687 2542 2728; x_wconf 89' lang='lat' dir='ltr'><strong>summa</strong></span> <span class='ocrx_word' id='word_1_447' title='bbox 2563 2671 2945 2729; x_wconf 82' lang='lat' dir='ltr'><strong>benevolentia</strong></span> <span class='ocrx_word' id='word_1_448' title='bbox 2970 2679 3134 2743; x_wconf 89' lang='lat' dir='ltr'><strong>atque</strong></span> <span class='ocrx_word' id='word_1_449' title='bbox 3157 2671 3505 2729; x_wconf 73' lang='lat' dir='ltr'><strong>observantia</strong></span> 
     </span>
    </p>
   </div>
   <div class='ocr_carea' id='block_1_62' title="bbox 1934 2761 2724 2833">
    <p class='ocr_par' dir='ltr' id='par_1_62' title="bbox 1934 2761 2724 2833">
     <span class='ocr_line' id='line_1_62' title="bbox 1934 2761 2724 2833; baseline 0 -17"><span class='ocrx_word' id='word_1_450' title='bbox 1934 2761 2004 2816; x_wconf 88' lang='lat' dir='ltr'><strong>ab</strong></span> <span class='ocrx_word' id='word_1_451' title='bbox 2043 2761 2239 2818; x_wconf 91' lang='lat' dir='ltr'><strong>incolis</strong></span> <span class='ocrx_word' id='word_1_452' title='bbox 2265 2771 2554 2833; x_wconf 89' lang='lat' dir='ltr'><strong>exceptum</strong></span> <span class='ocrx_word' id='word_1_453' title='bbox 2581 2776 2724 2818; x_wconf 86' lang='lat' dir='ltr'><strong>esse.</strong></span> 
     </span>
    </p>
   </div>
   <div class='ocr_carea' id='block_1_63' title="bbox 2003 2849 3506 2922">
    <p class='ocr_par' dir='ltr' id='par_1_63' title="bbox 2003 2849 3506 2922">
     <span class='ocr_line' id='line_1_63' title="bbox 2003 2849 3506 2922; baseline 0.001 -16"><span class='ocrx_word' id='word_1_454' title='bbox 2003 2850 2056 2906; x_wconf 78' lang='grc'>5.</span> <span class='ocrx_word' id='word_1_455' title='bbox 2094 2849 2386 2906; x_wconf 82' lang='lat' dir='ltr'><strong>Eunomius</strong></span> <span class='ocrx_word' id='word_1_456' title='bbox 2411 2866 2493 2920; x_wconf 87' lang='lat' dir='ltr'><strong>ep.</strong></span> <span class='ocrx_word' id='word_1_457' title='bbox 2538 2850 2742 2922; x_wconf 78' lang='lat' dir='ltr'><strong>Cyzici.</strong></span> <span class='ocrx_word' id='word_1_458' title='bbox 2788 2881 2860 2892; x_wconf 94' lang='lat'><strong>—</strong></span> <span class='ocrx_word' id='word_1_459' title='bbox 2896 2852 3028 2910; x_wconf 87' lang='lat' dir='ltr'><strong>Post</strong></span> <span class='ocrx_word' id='word_1_460' title='bbox 3055 2853 3351 2920; x_wconf 86' lang='lat' dir='ltr'><strong>Eustatbii,</strong></span> <span class='ocrx_word' id='word_1_461' title='bbox 3394 2850 3506 2908; x_wconf 80' lang='lat' dir='ltr'><strong>Eu-</strong></span> 
     </span>
    </p>
   </div>
   <div class='ocr_carea' id='block_1_64' title="bbox 1936 2942 3514 3016">
    <p class='ocr_par' dir='ltr' id='par_1_64' title="bbox 1936 2942 3514 3016">
     <span class='ocr_line' id='line_1_64' title="bbox 1936 2942 3514 3016; baseline 0 -16"><span class='ocrx_word' id='word_1_462' title='bbox 1936 2943 2070 3000; x_wconf 88' lang='lat' dir='ltr'><strong>sebii</strong></span> <span class='ocrx_word' id='word_1_463' title='bbox 2111 2951 2167 3001; x_wconf 91' lang='lat' dir='ltr'><strong>et</strong></span> <span class='ocrx_word' id='word_1_464' title='bbox 2227 2942 2432 3000; x_wconf 83' lang='lat' dir='ltr'><strong>Eleusii</strong></span> <span class='ocrx_word' id='word_1_465' title='bbox 2469 2944 2868 3015; x_wconf 90' lang='lat' dir='ltr'><strong>depositionem</strong></span> <span class='ocrx_word' id='word_1_466' title='bbox 2896 2984 2913 3009; x_wconf 94' lang='lat'><strong>,</strong></span> <span class='ocrx_word' id='word_1_467' title='bbox 2954 2943 3121 3002; x_wconf 85' lang='lat' dir='ltr'><strong>Maris</strong></span> <span class='ocrx_word' id='word_1_468' title='bbox 3176 2955 3340 3016; x_wconf 89' lang='lat' dir='ltr'><strong>atque</strong></span> <span class='ocrx_word' id='word_1_469' title='bbox 3396 2945 3514 3000; x_wconf 71' lang='grc' dir='ltr'>Ευει</span> 
     </span>
    </p>
   </div>
   <div class='ocr_carea' id='block_1_65' title="bbox 1936 3033 3512 3108">
    <p class='ocr_par' dir='ltr' id='par_1_65' title="bbox 1936 3033 3512 3108">
     <span class='ocr_line' id='line_1_65' title="bbox 1936 3033 3512 3108; baseline -0.001 -18"><span class='ocrx_word' id='word_1_470' title='bbox 1936 3035 2157 3101; x_wconf 87' lang='lat' dir='ltr'><strong>doxius,</strong></span> <span class='ocrx_word' id='word_1_471' title='bbox 2184 3043 2457 3092; x_wconf 88' lang='lat' dir='ltr'><strong>annuente</strong></span> <span class='ocrx_word' id='word_1_472' title='bbox 2477 3034 2820 3099; x_wconf 85' lang='lat' dir='ltr'><strong>Constantio,</strong></span> <span class='ocrx_word' id='word_1_473' title='bbox 2841 3033 3169 3091; x_wconf 86' lang='lat' dir='ltr'><strong>Eunomium</strong></span> <span class='ocrx_word' id='word_1_474' title='bbox 3195 3035 3377 3108; x_wconf 82' lang='lat' dir='ltr'><strong>Cyzici</strong></span> <span class='ocrx_word' id='word_1_475' title='bbox 3398 3036 3512 3106; x_wconf 79' lang='lat' dir='ltr'><strong>epi-</strong></span> 
     </span>
    </p>
   </div>
   <div class='ocr_carea' id='block_1_66' title="bbox 1937 3126 3532 3198">
    <p class='ocr_par' dir='ltr' id='par_1_66' title="bbox 1937 3126 3532 3198">
     <span class='ocr_line' id='line_1_66' title="bbox 1937 3126 3532 3198; baseline -0.006 -12"><span class='ocrx_word' id='word_1_476' title='bbox 1937 3143 2165 3198; x_wconf 80' lang='lat' dir='ltr'><strong>scapum</strong></span> <span class='ocrx_word' id='word_1_477' title='bbox 2203 3126 2550 3184; x_wconf 87' lang='lat' dir='ltr'><strong>ordinarunt.</strong></span> <span class='ocrx_word' id='word_1_478' title='bbox 2583 3126 2688 3195; x_wconf 88' lang='lat' dir='ltr'><strong>Qui</strong></span> <span class='ocrx_word' id='word_1_479' title='bbox 2722 3138 2904 3183; x_wconf 88' lang='lat' dir='ltr'><strong>tamen</strong></span> <span class='ocrx_word' id='word_1_480' title='bbox 2943 3127 3086 3184; x_wconf 86' lang='lat' dir='ltr'><strong>hanc</strong></span> <span class='ocrx_word' id='word_1_481' title='bbox 3113 3127 3532 3183; x_wconf 65' lang='lat' dir='ltr'><strong>ordinationem.</strong></span> 
     </span>
    </p>
   </div>
   <div class='ocr_carea' id='block_1_67' title="bbox 1938 3219 3526 3290">
    <p class='ocr_par' dir='ltr' id='par_1_67' title="bbox 1938 3219 3526 3290">
     <span class='ocr_line' id='line_1_67' title="bbox 1938 3219 3526 3290; baseline -0.002 -14"><span class='ocrx_word' id='word_1_482' title='bbox 1938 3221 2219 3290; x_wconf 86' lang='lat' dir='ltr'><strong>suscipere</strong></span> <span class='ocrx_word' id='word_1_483' title='bbox 2258 3220 2553 3286; x_wconf 87' lang='lat' dir='ltr'><strong>recusavit,</strong></span> <span class='ocrx_word' id='word_1_484' title='bbox 2587 3219 2696 3276; x_wconf 90' lang='lat' dir='ltr'><strong>nisi</strong></span> <span class='ocrx_word' id='word_1_485' title='bbox 2735 3219 2898 3289; x_wconf 87' lang='lat' dir='ltr'><strong>prius</strong></span> <span class='ocrx_word' id='word_1_486' title='bbox 2931 3220 3283 3290; x_wconf 89' lang='lat' dir='ltr'><strong>sponsionem</strong></span> <span class='ocrx_word' id='word_1_487' title='bbox 3333 3220 3403 3274; x_wconf 94' lang='lat' dir='ltr'><strong>ab</strong></span> <span class='ocrx_word' id='word_1_488' title='bbox 3443 3219 3526 3274; x_wconf 80' lang='lat' dir='ltr'><strong>iis</strong></span> 
     </span>
    </p>
   </div>
   <div class='ocr_carea' id='block_1_68' title="bbox 249 3304 1833 3388">
    <p class='ocr_par' dir='ltr' id='par_1_68' title="bbox 249 3313 1832 3388">
     <span class='ocr_line' id='line_1_68' title="bbox 249 3313 1832 3388; baseline -0.002 -19"><span class='ocrx_word' id='word_1_489' title='bbox 249 3315 468 3388; x_wconf 77' lang='grc' dir='ltr'>σχέσεις</span> <span class='ocrx_word' id='word_1_490' title='bbox 485 3313 659 3380; x_wconf 85' lang='grc' dir='ltr'>λάϐοι,</span> <span class='ocrx_word' id='word_1_491' title='bbox 683 3313 774 3367; x_wconf 78' lang='grc' dir='ltr'><strong>τὸν</strong></span> <span class='ocrx_word' id='word_1_492' title='bbox 799 3314 1002 3371; x_wconf 79' lang='grc' dir='ltr'>Ἀέτιον</span> <span class='ocrx_word' id='word_1_493' title='bbox 1033 3314 1246 3385; x_wconf 75' lang='grc' dir='ltr'>καὶτῆς</span> <span class='ocrx_word' id='word_1_494' title='bbox 1273 3313 1587 3386; x_wconf 81' lang='grc' dir='ltr'>ὑπερορίας,</span> <span class='ocrx_word' id='word_1_495' title='bbox 1610 3314 1706 3368; x_wconf 72' lang='grc' dir='ltr'>καὶ</span> <span class='ocrx_word' id='word_1_496' title='bbox 1735 3313 1832 3384; x_wconf 81' lang='grc' dir='ltr'>τῆς</span> 
     </span>
    </p>
   </div>
   <div class='ocr_carea' id='block_1_69' title="bbox 1937 3304 3516 3388">
    <p class='ocr_par' dir='ltr' id='par_1_69' title="bbox 1937 3311 3516 3383">
     <span class='ocr_line' id='line_1_69' title="bbox 1937 3311 3516 3383; baseline -0.003 -15"><span class='ocrx_word' id='word_1_497' title='bbox 1937 3312 2254 3383; x_wconf 83' lang='lat' dir='ltr'><strong>accepisset,</strong></span> <span class='ocrx_word' id='word_1_498' title='bbox 2284 3311 2502 3368; x_wconf 82' lang='lat' dir='ltr'><strong>Aetium</strong></span> <span class='ocrx_word' id='word_1_499' title='bbox 2533 3321 2588 3367; x_wconf 90' lang='lat' dir='ltr'><strong>et</strong></span> <span class='ocrx_word' id='word_1_500' title='bbox 2613 3311 2807 3368; x_wconf 82' lang='lat' dir='ltr'><strong>exsilio</strong></span> <span class='ocrx_word' id='word_1_501' title='bbox 2827 3321 2882 3368; x_wconf 92' lang='lat' dir='ltr'><strong>et</strong></span> <span class='ocrx_word' id='word_1_502' title='bbox 2907 3311 3266 3383; x_wconf 87' lang='lat' dir='ltr'><strong>depositionis</strong></span> <span class='ocrx_word' id='word_1_503' title='bbox 3296 3320 3516 3367; x_wconf 88' lang='lat' dir='ltr'><strong>senten-</strong></span> 
     </span>
    </p>
   </div>
   <div class='ocr_carea' id='block_1_70' title="bbox 248 3401 1836 3476">
    <p class='ocr_par' dir='ltr' id='par_1_70' title="bbox 248 3401 1836 3476">
     <span class='ocr_line' id='line_1_70' title="bbox 248 3401 1836 3476; baseline -0.001 -17"><span class='ocrx_word' id='word_1_504' title='bbox 248 3405 623 3475; x_wconf 82' lang='grc' dir='ltr'>καθαιρέσεως</span> <span class='ocrx_word' id='word_1_505' title='bbox 645 3403 992 3474; x_wconf 83' lang='grc' dir='ltr'>ἀθωωθῆναι·</span> <span class='ocrx_word' id='word_1_506' title='bbox 1030 3404 1125 3459; x_wconf 78' lang='grc' dir='ltr'>καὶ</span> <span class='ocrx_word' id='word_1_507' title='bbox 1156 3403 1346 3475; x_wconf 82' lang='grc' dir='ltr'>χρόνος</span> <span class='ocrx_word' id='word_1_508' title='bbox 1387 3401 1456 3476; x_wconf 80' lang='grc' dir='ltr'>ἦν</span> <span class='ocrx_word' id='word_1_509' title='bbox 1494 3405 1523 3458; x_wconf 90' lang='lat'><strong>6</strong></span> <span class='ocrx_word' id='word_1_510' title='bbox 1568 3405 1667 3475; x_wconf 84' lang='grc' dir='ltr'>τῆς</span> <span class='ocrx_word' id='word_1_511' title='bbox 1699 3420 1836 3475; x_wconf 87' lang='grc' dir='ltr'>προ-</span> 
     </span>
    </p>
   </div>
   <div class='ocr_carea' id='block_1_71' title="bbox 252 3495 1458 3570">
    <p class='ocr_par' dir='ltr' id='par_1_71' title="bbox 252 3495 1458 3570">
     <span class='ocr_line' id='line_1_71' title="bbox 252 3495 1458 3570; baseline 0 -20"><span class='ocrx_word' id='word_1_512' title='bbox 252 3498 485 3569; x_wconf 84' lang='grc' dir='ltr'>θεσμίας</span> <span class='ocrx_word' id='word_1_513' title='bbox 518 3499 598 3561; x_wconf 87' lang='grc' dir='ltr'><strong>είς</strong></span> <span class='ocrx_word' id='word_1_514' title='bbox 629 3499 776 3570; x_wconf 83' lang='grc' dir='ltr'>τρεῖς</span> <span class='ocrx_word' id='word_1_515' title='bbox 807 3495 1240 3568; x_wconf 79' lang='grc' dir='ltr'>ἀπαρτιζόμενος</span> <span class='ocrx_word' id='word_1_516' title='bbox 1262 3496 1458 3568; x_wconf 84' lang='grc' dir='ltr'>μῆνας.</span> 
     </span>
    </p>
   </div>
   <div class='ocr_carea' id='block_1_72' title="bbox 1942 3399 3523 3470">
    <p class='ocr_par' dir='ltr' id='par_1_72' title="bbox 1942 3399 3523 3470">
     <span class='ocr_line' id='line_1_72' title="bbox 1942 3399 3523 3470; baseline 0.004 -14"><span class='ocrx_word' id='word_1_517' title='bbox 1942 3401 2015 3456; x_wconf 91' lang='lat' dir='ltr'><strong>tia</strong></span> <span class='ocrx_word' id='word_1_518' title='bbox 2041 3401 2351 3457; x_wconf 87' lang='lat' dir='ltr'><strong>absolutum</strong></span> <span class='ocrx_word' id='word_1_519' title='bbox 2379 3401 2468 3456; x_wconf 91' lang='lat' dir='ltr'><strong>iri.</strong></span> <span class='ocrx_word' id='word_1_520' title='bbox 2500 3399 2676 3470; x_wconf 86' lang='lat' dir='ltr'><strong>Eique</strong></span> <span class='ocrx_word' id='word_1_521' title='bbox 2697 3401 2776 3455; x_wconf 86' lang='lat' dir='ltr'><strong>r&#39;ei</strong></span> <span class='ocrx_word' id='word_1_522' title='bbox 2801 3400 3144 3470; x_wconf 75' lang='lat' dir='ltr'><strong>perficienda</strong></span> <span class='ocrx_word' id='word_1_523' title='bbox 3169 3400 3523 3461; x_wconf 87' lang='lat' dir='ltr'><strong>intervallum.</strong></span> 
     </span>
    </p>
   </div>
   <div class='ocr_carea' id='block_1_73' title="bbox 1944 3489 2851 3551">
    <p class='ocr_par' dir='ltr' id='par_1_73' title="bbox 1944 3489 2851 3551">
     <span class='ocr_line' id='line_1_73' title="bbox 1944 3489 2851 3551; baseline -0.002 -4"><span class='ocrx_word' id='word_1_524' title='bbox 1944 3493 2108 3548; x_wconf 91' lang='lat' dir='ltr'><strong>trium</strong></span> <span class='ocrx_word' id='word_1_525' title='bbox 2138 3489 2410 3548; x_wconf 84' lang='lat' dir='ltr'><strong>mensium</strong></span> <span class='ocrx_word' id='word_1_526' title='bbox 2440 3489 2722 3551; x_wconf 80' lang='lat' dir='ltr'><strong>deﬁnitum</strong></span> <span class='ocrx_word' id='word_1_527' title='bbox 2746 3500 2851 3547; x_wconf 91' lang='lat' dir='ltr'><strong>est.</strong></span> 
     </span>
    </p>
   </div>
   <div class='ocr_carea' id='block_1_74' title="bbox 1491 3667 2274 3716">
    <p class='ocr_par' dir='ltr' id='par_1_74' title="bbox 1491 3667 2274 3716">
     <span class='ocr_line' id='line_1_74' title="bbox 1491 3667 2274 3716; baseline 0 -3"><span class='ocrx_word' id='word_1_528' title='bbox 1491 3669 1569 3714; x_wconf 73' lang='lat' dir='ltr'><strong>VA</strong></span> <span class='ocrx_word' id='word_1_529' title='bbox 1578 3669 1735 3714; x_wconf 83' lang='lat' dir='ltr'><strong>LESII</strong></span> <span class='ocrx_word' id='word_1_530' title='bbox 1773 3667 2274 3716; x_wconf 78' lang='lat' dir='ltr'><strong>ANNOTATIONES.</strong></span> 
     </span>
    </p>
   </div>
   <div class='ocr_carea' id='block_1_75' title="bbox 322 3777 1832 3852">
    <p class='ocr_par' dir='ltr' id='par_1_75' title="bbox 322 3777 1832 3852">
     <span class='ocr_line' id='line_1_75' title="bbox 322 3777 1832 3852; baseline 0.001 -18"><span class='ocrx_word' id='word_1_531' title='bbox 322 3778 442 3852; x_wconf 72' lang='lat'><strong>(26)</strong></span> <span class='ocrx_word' id='word_1_532' title='bbox 493 3778 904 3852; x_wconf 49' lang='lat' dir='ltr'><strong>&#39;Tzsxplreto.</strong></span> <span class='ocrx_word' id='word_1_533' title='bbox 922 3777 1305 3852; x_wconf 21' lang='lat' dir='ltr'><strong>AScribendum</strong></span> <span class='ocrx_word' id='word_1_534' title='bbox 1336 3790 1467 3852; x_wconf 77' lang='lat' dir='ltr'><strong>puto</strong></span> <span class='ocrx_word' id='word_1_535' title='bbox 1494 3778 1832 3852; x_wconf 84' lang='grc' dir='ltr'>ὑπεκλίνετο.</span> 
     </span>
    </p>
   </div>
   <div class='ocr_carea' id='block_1_76' title="bbox 258 3848 1832 3919">
    <p class='ocr_par' dir='ltr' id='par_1_76' title="bbox 258 3848 1832 3919">
     <span class='ocr_line' id='line_1_76' title="bbox 258 3848 1832 3919; baseline -0.001 -14"><span class='ocrx_word' id='word_1_536' title='bbox 258 3848 465 3906; x_wconf 73' lang='lat' dir='ltr'><strong>Eodem</strong></span> <span class='ocrx_word' id='word_1_537' title='bbox 492 3851 656 3906; x_wconf 88' lang='lat' dir='ltr'><strong>verbo</strong></span> <span class='ocrx_word' id='word_1_538' title='bbox 677 3848 853 3904; x_wconf 87' lang='lat' dir='ltr'><strong>utitur</strong></span> <span class='ocrx_word' id='word_1_539' title='bbox 874 3848 1271 3918; x_wconf 88' lang='lat' dir='ltr'><strong>Pbilostorgius</strong></span> <span class='ocrx_word' id='word_1_540' title='bbox 1294 3848 1350 3904; x_wconf 84' lang='lat' dir='ltr'><strong>in</strong></span> <span class='ocrx_word' id='word_1_541' title='bbox 1377 3849 1518 3919; x_wconf 90' lang='lat' dir='ltr'><strong>libro</strong></span> <span class='ocrx_word' id='word_1_542' title='bbox 1544 3865 1615 3916; x_wconf 83' lang='lat' dir='ltr'><strong>Iv,</strong></span> <span class='ocrx_word' id='word_1_543' title='bbox 1634 3865 1750 3919; x_wconf 81' lang='lat' dir='ltr'><strong>cap.</strong></span> <span class='ocrx_word' id='word_1_544' title='bbox 1777 3851 1832 3914; x_wconf 87' lang='lat'><strong>9,</strong></span> 
     </span>
    </p>
   </div>
   <div class='ocr_carea' id='block_1_77' title="bbox 257 3917 1836 3992">
    <p class='ocr_par' dir='ltr' id='par_1_77' title="bbox 257 3917 1836 3992">
     <span class='ocr_line' id='line_1_77' title="bbox 257 3917 1836 3992; baseline 0 -18"><span class='ocrx_word' id='word_1_545' title='bbox 257 3921 440 3992; x_wconf 80' lang='grc' dir='ltr'>καίτοι</span> <span class='ocrx_word' id='word_1_546' title='bbox 463 3921 573 3982; x_wconf 78' lang='grc' dir='ltr'>τοῖς</span> <span class='ocrx_word' id='word_1_547' title='bbox 596 3921 724 3992; x_wconf 81' lang='grc' dir='ltr'>περὶ</span> <span class='ocrx_word' id='word_1_548' title='bbox 756 3919 1018 3992; x_wconf 81' lang='grc' dir='ltr'>Εὐνόμιον</span> <span class='ocrx_word' id='word_1_549' title='bbox 1046 3917 1603 3992; x_wconf 80' lang='grc' dir='ltr'>προαποκεκλιμένον.</span> <span class='ocrx_word' id='word_1_550' title='bbox 1631 3917 1836 3974; x_wconf 78' lang='lat' dir='ltr'><strong>Gotho-</strong></span> 
     </span>
    </p>
   </div>
   <div class='ocr_carea' id='block_1_78' title="bbox 259 3989 1833 4058">
    <p class='ocr_par' dir='ltr' id='par_1_78' title="bbox 259 3989 1833 4058">
     <span class='ocr_line' id='line_1_78' title="bbox 259 3989 1833 4058; baseline 0 -14"><span class='ocrx_word' id='word_1_551' title='bbox 259 3991 455 4046; x_wconf 83' lang='lat' dir='ltr'><strong>fredus</strong></span> <span class='ocrx_word' id='word_1_552' title='bbox 490 4003 622 4044; x_wconf 89' lang='lat' dir='ltr'><strong>vero</strong></span> <span class='ocrx_word' id='word_1_553' title='bbox 663 3989 809 4044; x_wconf 85' lang='lat' dir='ltr'><strong>hunc</strong></span> <span class='ocrx_word' id='word_1_554' title='bbox 841 3989 1022 4044; x_wconf 87' lang='lat' dir='ltr'><strong>locum</strong></span> <span class='ocrx_word' id='word_1_555' title='bbox 1066 3989 1224 4044; x_wconf 84' lang='lat' dir='ltr'><strong>aliter</strong></span> <span class='ocrx_word' id='word_1_556' title='bbox 1264 3989 1600 4058; x_wconf 88' lang='lat' dir='ltr'><strong>interpunxit</strong></span> <span class='ocrx_word' id='word_1_557' title='bbox 1623 4028 1638 4052; x_wconf 95' lang='lat'><strong>,</strong></span> <span class='ocrx_word' id='word_1_558' title='bbox 1675 3998 1734 4043; x_wconf 91' lang='lat' dir='ltr'><strong>ut</strong></span> <span class='ocrx_word' id='word_1_559' title='bbox 1765 4004 1833 4044; x_wconf 83' lang='lat' dir='ltr'><strong>ex</strong></span> 
     </span>
    </p>
   </div>
   <div class='ocr_carea' id='block_1_79' title="bbox 258 4059 1834 4129">
    <p class='ocr_par' dir='ltr' id='par_1_79' title="bbox 258 4059 1834 4129">
     <span class='ocr_line' id='line_1_79' title="bbox 258 4059 1834 4129; baseline 0 -15"><span class='ocrx_word' id='word_1_560' title='bbox 258 4061 522 4129; x_wconf 82' lang='lat' dir='ltr'><strong>versione</strong></span> <span class='ocrx_word' id='word_1_561' title='bbox 555 4059 677 4126; x_wconf 89' lang='lat' dir='ltr'><strong>ejus</strong></span> <span class='ocrx_word' id='word_1_562' title='bbox 709 4068 950 4129; x_wconf 87' lang='lat' dir='ltr'><strong>apparet.</strong></span> <span class='ocrx_word' id='word_1_563' title='bbox 991 4059 1083 4114; x_wconf 90' lang='lat' dir='ltr'><strong>Sic</strong></span> <span class='ocrx_word' id='word_1_564' title='bbox 1113 4059 1256 4113; x_wconf 91' lang='lat' dir='ltr'><strong>enim</strong></span> <span class='ocrx_word' id='word_1_565' title='bbox 1290 4060 1677 4128; x_wconf 85' lang='lat' dir='ltr'><strong>interpretatur</strong></span> <span class='ocrx_word' id='word_1_566' title='bbox 1712 4078 1726 4112; x_wconf 90' lang='lat'><strong>:</strong></span> <span class='ocrx_word' id='word_1_567' title='bbox 1763 4059 1834 4114; x_wconf 79' lang='lat' dir='ltr'><strong>At</strong></span> 
     </span>
    </p>
   </div>
   <div class='ocr_carea' id='block_1_80' title="bbox 261 4128 1836 4199">
    <p class='ocr_par' dir='ltr' id='par_1_80' title="bbox 261 4128 1836 4199">
     <span class='ocr_line' id='line_1_80' title="bbox 261 4128 1836 4199; baseline -0.001 -17"><span class='ocrx_word' id='word_1_568' title='bbox 261 4128 532 4193; x_wconf 64' lang='lat' dir='ltr'><strong>Heluius,</strong></span> <span class='ocrx_word' id='word_1_569' title='bbox 581 4128 985 4199; x_wconf 31' lang='lat' dir='ltr'><strong>initio’quidem</strong></span> <span class='ocrx_word' id='word_1_570' title='bbox 1023 4130 1352 4199; x_wconf 65' lang='lat' dir='ltr'><strong>imperatoris</strong></span> <span class='ocrx_word' id='word_1_571' title='bbox 1387 4129 1540 4182; x_wconf 79' lang='lat' dir='ltr'><strong>uului</strong></span> <span class='ocrx_word' id='word_1_572' title='bbox 1587 4129 1836 4194; x_wconf 70' lang='lat' dir='ltr'><strong>serviens,</strong></span> 
     </span>
    </p>
   </div>
   <div class='ocr_carea' id='block_1_81' title="bbox 260 4197 1838 4269">
    <p class='ocr_par' dir='ltr' id='par_1_81' title="bbox 260 4197 1838 4269">
     <span class='ocr_line' id='line_1_81' title="bbox 260 4197 1838 4269; baseline 0.001 -19"><span class='ocrx_word' id='word_1_573' title='bbox 260 4200 604 4269; x_wconf 77' lang='grc' dir='ltr'>ἐτεροούσιον</span> <span class='ocrx_word' id='word_1_574' title='bbox 635 4197 926 4254; x_wconf 78' lang='lat' dir='ltr'><strong>simulavit.</strong></span> <span class='ocrx_word' id='word_1_575' title='bbox 965 4197 1163 4269; x_wconf 79' lang='lat' dir='ltr'><strong>Verum</strong></span> <span class='ocrx_word' id='word_1_576' title='bbox 1201 4197 1675 4269; x_wconf 17' lang='lat' dir='ltr'><strong>GraciisermOnis</strong></span> <span class='ocrx_word' id='word_1_577' title='bbox 1709 4213 1838 4269; x_wconf 69' lang='lat' dir='ltr'><strong>pro:</strong></span> 
     </span>
    </p>
   </div>
   <div class='ocr_carea' id='block_1_82' title="bbox 297 4264 1838 4340">
    <p class='ocr_par' dir='ltr' id='par_1_82' title="bbox 297 4264 1838 4340">
     <span class='ocr_line' id='line_1_82' title="bbox 297 4264 1838 4340; baseline -0.001 -19"><span class='ocrx_word' id='word_1_578' title='bbox 297 4264 473 4340; x_wconf 77' lang='lat' dir='ltr'><strong>rietas</strong></span> <span class='ocrx_word' id='word_1_579' title='bbox 514 4267 618 4324; x_wconf 87' lang='lat' dir='ltr'><strong>hoc</strong></span> <span class='ocrx_word' id='word_1_580' title='bbox 661 4269 916 4340; x_wconf 87' lang='lat' dir='ltr'><strong>loquendi</strong></span> <span class='ocrx_word' id='word_1_581' title='bbox 954 4265 1276 4340; x_wconf 67' lang='lat' dir='ltr'><strong>genusnon</strong></span> <span class='ocrx_word' id='word_1_582' title='bbox 1325 4267 1582 4340; x_wconf 72' lang='lat' dir='ltr'><strong>admittit,</strong></span> <span class='ocrx_word' id='word_1_583' title='bbox 1629 4264 1838 4340; x_wconf 53' lang='grc' dir='ltr'>τῇίτοῢ</span> 
     </span>
    </p>
   </div>
   <div class='ocr_carea' id='block_1_83' title="bbox 259 4284 1838 4462">
    <p class='ocr_par' dir='ltr' id='par_1_83' title="bbox 259 4284 1838 4462">
     <span class='ocr_line' id='line_1_83' title="bbox 297 4284 1838 4340; baseline -0.001 -19"><span class='ocrx_word' id='word_1_584' title='bbox 297 4284 473 4323; x_wconf 81' lang='lat' dir='ltr'><strong>rietas</strong></span> <span class='ocrx_word' id='word_1_585' title='bbox 515 4284 618 4324; x_wconf 90' lang='lat' dir='ltr'><strong>noc</strong></span> <span class='ocrx_word' id='word_1_586' title='bbox 661 4284 714 4322; x_wconf 88' lang='grc' dir='ltr'><strong>ιο</strong></span> <span class='ocrx_word' id='word_1_587' title='bbox 755 4284 916 4323; x_wconf 79' lang='lat' dir='ltr'><strong>uenat</strong></span> <span class='ocrx_word' id='word_1_588' title='bbox 966 4284 1138 4339; x_wconf 85' lang='lat' dir='ltr'><strong>genus</strong></span> <span class='ocrx_word' id='word_1_589' title='bbox 1169 4284 1276 4322; x_wconf 90' lang='lat' dir='ltr'><strong>non</strong></span> <span class='ocrx_word' id='word_1_590' title='bbox 1325 4284 1582 4330; x_wconf 81' lang='lat' dir='ltr'><strong>aunmtit,</strong></span> <span class='ocrx_word' id='word_1_591' title='bbox 1629 4284 1695 4340; x_wconf 84' lang='grc' dir='ltr'>τῃ</span> <span class='ocrx_word' id='word_1_592' title='bbox 1741 4285 1838 4320; x_wconf 92' lang='grc' dir='ltr'><strong>του</strong></span> 
     </span>
     <span class='ocr_line' id='line_1_84' title="bbox 259 4284 1838 4462; baseline 0.001 -73"><span class='ocrx_word' id='word_1_593' title='bbox 259 4284 531 4418; x_wconf 52' lang='grc' dir='ltr'>βασιλέως</span> <span class='ocrx_word' id='word_1_594' title='bbox 561 4340 703 4462; x_wconf 61' lang='grc' dir='ltr'>ρρπη</span> <span class='ocrx_word' id='word_1_595' title='bbox 715 4284 1067 4461; x_wconf 37' lang='grc' dir='ltr'><strong>ιθεραπεύων..</strong></span> <span class='ocrx_word' id='word_1_596' title='bbox 1108 4335 1355 4393; x_wconf 90' lang='lat' dir='ltr'><strong>Dicerent</strong></span> <span class='ocrx_word' id='word_1_597' title='bbox 1377 4337 1521 4418; x_wconf 75' lang='lat' dir='ltr'><strong>enim</strong></span> <span class='ocrx_word' id='word_1_598' title='bbox 1550 4337 1838 4406; x_wconf 84' lang='grc' dir='ltr'>δουλεύων,</span> 
     </span>
     <span class='ocr_line' id='line_1_85' title="bbox 261 4407 1838 4462; baseline 0.001 -2"><span class='ocrx_word' id='word_1_599' title='bbox 261 4416 361 4461; x_wconf 87' lang='lat' dir='ltr'><strong>aut</strong></span> <span class='ocrx_word' id='word_1_600' title='bbox 395 4409 529 4462; x_wconf 79' lang='lat' dir='ltr'><strong>quid</strong></span> <span class='ocrx_word' id='word_1_601' title='bbox 561 4424 682 4462; x_wconf 86' lang='lat' dir='ltr'><strong>sum</strong></span> <span class='ocrx_word' id='word_1_602' title='bbox 706 4423 756 4462; x_wconf 90' lang='lat' dir='ltr'><strong>e.</strong></span> <span class='ocrx_word' id='word_1_603' title='bbox 837 4417 954 4462; x_wconf 87' lang='lat' dir='ltr'><strong>ecte</strong></span> <span class='ocrx_word' id='word_1_604' title='bbox 989 4415 1152 4462; x_wconf 72' lang='lat' dir='ltr'><strong>lantur</strong></span> <span class='ocrx_word' id='word_1_605' title='bbox 1180 4409 1486 4462; x_wconf 74' lang='lat' dir='ltr'><strong>emendavn.</strong></span> <span class='ocrx_word' id='word_1_606' title='bbox 1521 4407 1838 4461; x_wconf 81' lang='grc' dir='ltr'>ὑπεκλίνετο</span> 
     </span>
    </p>
   </div>
   <div class='ocr_carea' id='block_1_84' title="bbox 261 4407 1842 4477">
    <p class='ocr_par' dir='ltr' id='par_1_84' title="bbox 261 4407 1842 4477">
     <span class='ocr_line' id='line_1_86' title="bbox 261 4407 1842 4477; baseline 0.001 -17"><span class='ocrx_word' id='word_1_607' title='bbox 261 4416 361 4461; x_wconf 87' lang='lat' dir='ltr'><strong>aut</strong></span> <span class='ocrx_word' id='word_1_608' title='bbox 395 4407 529 4477; x_wconf 83' lang='lat' dir='ltr'><strong>quid</strong></span> <span class='ocrx_word' id='word_1_609' title='bbox 561 4407 756 4463; x_wconf 86' lang='lat' dir='ltr'><strong>simile.</strong></span> <span class='ocrx_word' id='word_1_610' title='bbox 787 4407 954 4462; x_wconf 83' lang='lat' dir='ltr'><strong>Recte</strong></span> <span class='ocrx_word' id='word_1_611' title='bbox 989 4409 1152 4477; x_wconf 89' lang='lat' dir='ltr'><strong>igitur</strong></span> <span class='ocrx_word' id='word_1_612' title='bbox 1180 4407 1486 4469; x_wconf 87' lang='lat' dir='ltr'><strong>emendavi,</strong></span> <span class='ocrx_word' id='word_1_613' title='bbox 1521 4407 1842 4461; x_wconf 81' lang='grc' dir='ltr'>ὑπεκλίνετο</span> 
     </span>
    </p>
   </div>
   <div class='ocr_carea' id='block_1_85' title="bbox 261 4475 1838 4548">
    <p class='ocr_par' dir='ltr' id='par_1_85' title="bbox 261 4475 1838 4548">
     <span class='ocr_line' id='line_1_87' title="bbox 261 4475 1838 4548; baseline 0.002 -19"><span class='ocrx_word' id='word_1_614' title='bbox 261 4479 328 4547; x_wconf 76' lang='grc' dir='ltr'>τῇ</span> <span class='ocrx_word' id='word_1_615' title='bbox 361 4475 459 4529; x_wconf 83' lang='grc' dir='ltr'>τοῦ</span> <span class='ocrx_word' id='word_1_616' title='bbox 495 4475 756 4548; x_wconf 81' lang='grc' dir='ltr'>βασιλέως</span> <span class='ocrx_word' id='word_1_617' title='bbox 789 4479 951 4548; x_wconf 79' lang='grc' dir='ltr'>ῥοπῇ.</span> <span class='ocrx_word' id='word_1_618' title='bbox 985 4475 1118 4543; x_wconf 79' lang='lat' dir='ltr'><strong>Qua</strong></span> <span class='ocrx_word' id='word_1_619' title='bbox 1149 4477 1379 4548; x_wconf 66' lang='lat' dir='ltr'><strong>elegans,</strong></span> <span class='ocrx_word' id='word_1_620' title='bbox 1407 4487 1492 4532; x_wconf 87' lang='lat' dir='ltr'><strong>est</strong></span> <span class='ocrx_word' id='word_1_621' title='bbox 1520 4478 1838 4548; x_wconf 80' lang='lat' dir='ltr'><strong>metaphora</strong></span> 
     </span>
    </p>
   </div>
   <div class='ocr_carea' id='block_1_86' title="bbox 1940 3774 3506 3850">
    <p class='ocr_par' dir='ltr' id='par_1_86' title="bbox 1940 3774 3506 3850">
     <span class='ocr_line' id='line_1_88' title="bbox 1940 3774 3506 3850; baseline -0.001 -17"><span class='ocrx_word' id='word_1_622' title='bbox 1940 3778 2329 3850; x_wconf 70' lang='grc' dir='ltr'>ἐγκαθίστησι.</span> <span class='ocrx_word' id='word_1_623' title='bbox 2385 3775 2488 3832; x_wconf 84' lang='lat' dir='ltr'><strong>Sed</strong></span> <span class='ocrx_word' id='word_1_624' title='bbox 2543 3788 2690 3830; x_wconf 74' lang='lat' dir='ltr'><strong>nime</strong></span> <span class='ocrx_word' id='word_1_625' title='bbox 2743 3787 2806 3828; x_wconf 88' lang='lat' dir='ltr'><strong>re</strong></span> <span class='ocrx_word' id='word_1_626' title='bbox 2862 3774 3122 3830; x_wconf 88' lang='lat' dir='ltr'><strong>attentius</strong></span> <span class='ocrx_word' id='word_1_627' title='bbox 3179 3775 3506 3840; x_wconf 82' lang='lat' dir='ltr'><strong>examinata,</strong></span> 
     </span>
    </p>
   </div>
   <div class='ocr_carea' id='block_1_87' title="bbox 1942 3848 2672 3905">
    <p class='ocr_par' dir='ltr' id='par_1_87' title="bbox 1942 3848 2672 3905">
     <span class='ocr_line' id='line_1_89' title="bbox 1942 3848 2672 3905; baseline -0.005 -1"><span class='ocrx_word' id='word_1_628' title='bbox 1942 3849 2078 3905; x_wconf 91' lang='lat' dir='ltr'><strong>nihil</strong></span> <span class='ocrx_word' id='word_1_629' title='bbox 2110 3848 2430 3903; x_wconf 82' lang='lat' dir='ltr'><strong>mutandum</strong></span> <span class='ocrx_word' id='word_1_630' title='bbox 2454 3860 2672 3902; x_wconf 85' lang='lat' dir='ltr'><strong>censeo.</strong></span> 
     </span>
    </p>
   </div>
   <div class='ocr_carea' id='block_1_88' title="bbox 2013 3914 3511 3995">
    <p class='ocr_par' dir='ltr' id='par_1_88' title="bbox 2013 3914 3511 3995">
     <span class='ocr_line' id='line_1_90' title="bbox 2013 3914 3511 3995; baseline 0 -23"><span class='ocrx_word' id='word_1_631' title='bbox 2013 3917 2127 3989; x_wconf 77' lang='lat'><strong>(28)</strong></span> <span class='ocrx_word' id='word_1_632' title='bbox 2147 3918 2223 3995; x_wconf 84' lang='lat'><strong>__&#39;0</strong></span> <span class='ocrx_word' id='word_1_633' title='bbox 2242 3916 2548 3995; x_wconf 61' lang='grc' dir='ltr'><strong>ἔβοισιλειῦς</strong></span> <span class='ocrx_word' id='word_1_634' title='bbox 2575 3915 2735 3995; x_wconf 70' lang='grc' dir='ltr'>παρᾲ</span> <span class='ocrx_word' id='word_1_635' title='bbox 2777 3914 3073 3995; x_wconf 41' lang='grc' dir='ltr'>Ἀκακίου..</span> <span class='ocrx_word' id='word_1_636' title='bbox 3107 3915 3166 3969; x_wconf 83' lang='lat' dir='ltr'><strong>In</strong></span> <span class='ocrx_word' id='word_1_637' title='bbox 3198 3917 3511 3995; x_wconf 69' lang='lat' dir='ltr'><strong>apographo</strong></span> 
     </span>
    </p>
   </div>
   <div class='ocr_carea' id='block_1_89' title="bbox 1944 3985 3511 4056">
    <p class='ocr_par' dir='ltr' id='par_1_89' title="bbox 1944 3985 3511 4056">
     <span class='ocr_line' id='line_1_91' title="bbox 1944 3985 3511 4056; baseline -0.002 -13"><span class='ocrx_word' id='word_1_638' title='bbox 1944 3985 2214 4044; x_wconf 85' lang='lat' dir='ltr'><strong>Samuelis</strong></span> <span class='ocrx_word' id='word_1_639' title='bbox 2242 3987 2520 4050; x_wconf 88' lang='lat' dir='ltr'><strong>Bocharti,</strong></span> <span class='ocrx_word' id='word_1_640' title='bbox 2546 3993 2668 4056; x_wconf 83' lang='lat' dir='ltr'><strong>post</strong></span> <span class='ocrx_word' id='word_1_641' title='bbox 2698 3986 2796 4041; x_wconf 87' lang='lat' dir='ltr'><strong>bas</strong></span> <span class='ocrx_word' id='word_1_642' title='bbox 2835 3999 3016 4056; x_wconf 80' lang='lat' dir='ltr'><strong>voces,</strong></span> <span class='ocrx_word' id='word_1_643' title='bbox 3050 3985 3102 4038; x_wconf 91' lang='lat' dir='ltr'><strong>in</strong></span> <span class='ocrx_word' id='word_1_644' title='bbox 3136 3985 3379 4056; x_wconf 81' lang='lat' dir='ltr'><strong>margine</strong></span> <span class='ocrx_word' id='word_1_645' title='bbox 3405 3985 3511 4040; x_wconf 80' lang='lat' dir='ltr'><strong>an-</strong></span> 
     </span>
    </p>
   </div>
   <div class='ocr_carea' id='block_1_90' title="bbox 1943 4053 3516 4126">
    <p class='ocr_par' dir='ltr' id='par_1_90' title="bbox 1943 4053 3516 4126">
     <span class='ocr_line' id='line_1_92' title="bbox 1943 4053 3516 4126; baseline -0.001 -14"><span class='ocrx_word' id='word_1_646' title='bbox 1943 4060 2200 4112; x_wconf 80' lang='lat' dir='ltr'><strong>notantu’r</strong></span> <span class='ocrx_word' id='word_1_647' title='bbox 2238 4058 2353 4113; x_wconf 86' lang='lat' dir='ltr'><strong>hac</strong></span> <span class='ocrx_word' id='word_1_648' title='bbox 2381 4053 2596 4112; x_wconf 71' lang='lat' dir='ltr'><strong>verba:</strong></span> <span class='ocrx_word' id='word_1_649' title='bbox 2634 4053 2784 4110; x_wconf 81' lang='lat' dir='ltr'><strong>Adde</strong></span> <span class='ocrx_word' id='word_1_650' title='bbox 2822 4053 3006 4126; x_wconf 82' lang='grc' dir='ltr'>μαθών</span> <span class='ocrx_word' id='word_1_651' title='bbox 3030 4069 3095 4110; x_wconf 75' lang='lat' dir='ltr'><strong>ex</strong></span> <span class='ocrx_word' id='word_1_652' title='bbox 3127 4053 3363 4126; x_wconf 59' lang='lat' dir='ltr'><strong>margine</strong></span> <span class='ocrx_word' id='word_1_653' title='bbox 3401 4073 3516 4111; x_wconf 81' lang='lat' dir='ltr'><strong>ma-</strong></span> 
     </span>
    </p>
   </div>
   <div class='ocr_carea' id='block_1_91' title="bbox 1939 4126 2559 4198">
    <p class='ocr_par' dir='ltr' id='par_1_91' title="bbox 1939 4126 2559 4198">
     <span class='ocr_line' id='line_1_93' title="bbox 1939 4126 2559 4198; baseline -0.005 -16"><span class='ocrx_word' id='word_1_654' title='bbox 1939 4128 2206 4198; x_wconf 69' lang='lat' dir='ltr'><strong>nuscripti</strong></span> <span class='ocrx_word' id='word_1_655' title='bbox 2224 4126 2559 4198; x_wconf 69' lang='lat' dir='ltr'><strong>exemplaris.</strong></span> 
     </span>
    </p>
   </div>
   <div class='ocr_carea' id='block_1_92' title="bbox 2011 4194 3516 4269">
    <p class='ocr_par' dir='ltr' id='par_1_92' title="bbox 2011 4194 3516 4269">
     <span class='ocr_line' id='line_1_94' title="bbox 2011 4194 3516 4269; baseline 0 -17"><span class='ocrx_word' id='word_1_656' title='bbox 2011 4194 2130 4269; x_wconf 61' lang='lat'><strong>(29)</strong></span> <span class='ocrx_word' id='word_1_657' title='bbox 2163 4199 2267 4269; x_wconf 61' lang='grc' dir='ltr'><strong>ξι(-</strong></span> <span class='ocrx_word' id='word_1_658' title='bbox 2310 4194 2630 4269; x_wconf 58' lang='grc' dir='ltr'><strong>Ἀμσλαδω</strong></span> <span class='ocrx_word' id='word_1_659' title='bbox 2663 4197 2722 4252; x_wconf 87' lang='lat' dir='ltr'><strong>in</strong></span> <span class='ocrx_word' id='word_1_660' title='bbox 2767 4195 3147 4269; x_wconf 74' lang='lat' dir='ltr'><strong>manuscrin</strong></span> <span class='ocrx_word' id='word_1_661' title='bbox 3175 4195 3364 4269; x_wconf 80' lang='lat' dir='ltr'><strong>codice</strong></span> <span class='ocrx_word' id='word_1_662' title='bbox 3413 4194 3516 4252; x_wconf 89' lang='lat' dir='ltr'><strong>Sa-</strong></span> 
     </span>
    </p>
   </div>
   <div class='ocr_carea' id='block_1_93' title="bbox 1939 4264 3530 4338">
    <p class='ocr_par' dir='ltr' id='par_1_93' title="bbox 1939 4264 3530 4338">
     <span class='ocr_line' id='line_1_95' title="bbox 1939 4264 3530 4338; baseline -0.001 -16"><span class='ocrx_word' id='word_1_663' title='bbox 1939 4264 2137 4323; x_wconf 84' lang='lat' dir='ltr'><strong>muelis</strong></span> <span class='ocrx_word' id='word_1_664' title='bbox 2165 4264 2425 4338; x_wconf 82' lang='lat' dir='ltr'><strong>Bocharti</strong></span> <span class='ocrx_word' id='word_1_665' title='bbox 2464 4266 2702 4338; x_wconf 87' lang='lat' dir='ltr'><strong>legitur,</strong></span> <span class='ocrx_word' id='word_1_666' title='bbox 2737 4264 3070 4338; x_wconf 54' lang='grc' dir='ltr'>Ἀμϐλασαζ</span> <span class='ocrx_word' id='word_1_667' title='bbox 3096 4265 3162 4321; x_wconf 85' lang='grc' dir='ltr'>Ει</span> <span class='ocrx_word' id='word_1_668' title='bbox 3195 4267 3358 4338; x_wconf 80' lang='lat' dir='ltr'><strong>paulo</strong></span> <span class='ocrx_word' id='word_1_669' title='bbox 3394 4275 3530 4338; x_wconf 79' lang='lat' dir='ltr'><strong>post-</strong></span> 
     </span>
    </p>
   </div>
   <div class='ocr_carea' id='block_1_94' title="bbox 1939 4335 3522 4429">
    <p class='ocr_par' dir='ltr' id='par_1_94' title="bbox 1939 4335 3522 4429">
     <span class='ocr_line' id='line_1_96' title="bbox 1939 4335 3522 4429; baseline -0.004 -36"><span class='ocrx_word' id='word_1_670' title='bbox 1939 4352 2039 4429; x_wconf 51' lang='lat' dir='ltr'><strong>p‘ro</strong></span> <span class='ocrx_word' id='word_1_671' title='bbox 2065 4337 2405 4429; x_wconf 47' lang='lat' dir='ltr'><strong>«ivlult:oio&#39;i:oeuL</strong></span> <span class='ocrx_word' id='word_1_672' title='bbox 2425 4335 2565 4429; x_wconf 70' lang='lat' dir='ltr'><strong>idem</strong></span> <span class='ocrx_word' id='word_1_673' title='bbox 2579 4338 2785 4429; x_wconf 40' lang='grc' dir='ltr'>,θρόειὶ</span> <span class='ocrx_word' id='word_1_674' title='bbox 2801 4335 2964 4429; x_wconf 47' lang='lat' dir='ltr'><strong>habet</strong></span> <span class='ocrx_word' id='word_1_675' title='bbox 2991 4335 3366 4429; x_wconf 59' lang='grc' dir='ltr'>ἀνυποσξάτου</span> <span class='ocrx_word' id='word_1_676' title='bbox 3386 4335 3411 4399; x_wconf 31' lang='grc' dir='ltr'><strong>,ί</strong></span> 
     </span>
    </p>
   </div>
   <div class='ocr_carea' id='block_1_95' title="bbox 1939 4405 3523 4549">
    <p class='ocr_par' dir='ltr' id='par_1_95' title="bbox 1939 4405 3523 4549">
     <span class='ocr_line' id='line_1_97' title="bbox 1941 4405 3523 4532; baseline -0.003 -70"><span class='ocrx_word' id='word_1_677' title='bbox 1941 4405 2095 4490; x_wconf 64' lang='grc' dir='ltr'>οὗτος</span> <span class='ocrx_word' id='word_1_678' title='bbox 2122 4409 2150 4461; x_wconf 90' lang='lat'><strong>6</strong></span> <span class='ocrx_word' id='word_1_679' title='bbox 2173 4407 2442 4532; x_wconf 51' lang='grc' dir='ltr'>δυσσεϐὶές</span> <span class='ocrx_word' id='word_1_680' title='bbox 2471 4406 3002 4490; x_wconf 42' lang='grc' dir='ltr'>ψευδολογείηΡοιοιὊ</span> <span class='ocrx_word' id='word_1_681' title='bbox 3039 4421 3162 4492; x_wconf 74' lang='lat' dir='ltr'><strong>cum</strong></span> <span class='ocrx_word' id='word_1_682' title='bbox 3196 4405 3300 4460; x_wconf 91' lang='lat' dir='ltr'><strong>hoc</strong></span> <span class='ocrx_word' id='word_1_683' title='bbox 3339 4405 3523 4485; x_wconf 68' lang='lat' dir='ltr'><strong>capite</strong></span> 
     </span>
     <span class='ocr_line' id='line_1_98' title="bbox 1939 4474 3519 4549; baseline -0.004 -16"><span class='ocrx_word' id='word_1_684' title='bbox 1939 4477 2248 4549; x_wconf 73' lang='lat' dir='ltr'><strong>jungendus</strong></span> <span class='ocrx_word' id='word_1_685' title='bbox 2275 4487 2359 4549; x_wconf 84' lang='lat' dir='ltr'><strong>est</strong></span> <span class='ocrx_word' id='word_1_686' title='bbox 2408 4493 2553 4549; x_wconf 83' lang='lat' dir='ltr'><strong>ocus</strong></span> <span class='ocrx_word' id='word_1_687' title='bbox 2589 4475 2774 4532; x_wconf 72' lang='lat' dir='ltr'><strong>Surda</strong></span> <span class='ocrx_word' id='word_1_688' title='bbox 2808 4493 2869 4549; x_wconf 89' lang='lat' dir='ltr'><strong>m_</strong></span> <span class='ocrx_word' id='word_1_689' title='bbox 2895 4490 3028 4532; x_wconf 88' lang='lat' dir='ltr'><strong>voce</strong></span> <span class='ocrx_word' id='word_1_690' title='bbox 3056 4474 3346 4549; x_wconf 76' lang='grc' dir='ltr'>Αυξέντιος</span> <span class='ocrx_word' id='word_1_691' title='bbox 3367 4489 3519 4549; x_wconf 82' lang='lat' dir='ltr'><strong>,_qt_n</strong></span> 
     </span>
    </p>
   </div>
   <div class='ocr_carea' id='block_1_96' title="bbox 261 4541 3517 4626">
    <p class='ocr_par' dir='ltr' id='par_1_96' title="bbox 261 4541 3517 4626">
     <span class='ocr_line' id='line_1_99' title="bbox 261 4541 3517 4626; baseline -0.001 -27"><span class='ocrx_word' id='word_1_692' title='bbox 261 4541 604 4626; x_wconf 44' lang='lat' dir='ltr'><strong>{momento</strong></span> <span class='ocrx_word' id='word_1_693' title='bbox 627 4541 846 4626; x_wconf 67' lang='lat' dir='ltr'><strong>trutina</strong></span> <span class='ocrx_word' id='word_1_694' title='bbox 875 4541 1184 4626; x_wconf 75' lang='lat' dir='ltr'><strong>desumpta.</strong></span> <span class='ocrx_word' id='word_1_695' title='bbox 1207 4541 1326 4600; x_wconf 62' lang='grc' dir='ltr'><strong>ἔξω</strong></span> <span class='ocrx_word' id='word_1_696' title='bbox 1357 4561 1504 4626; x_wconf 89' lang='lat' dir='ltr'><strong>vero_</strong></span> <span class='ocrx_word' id='word_1_697' title='bbox 1518 4541 1839 4626; x_wconf 74' lang='grc' dir='ltr'>θεραπεύων</span> <span class='ocrx_word' id='word_1_698' title='bbox 1870 4565 1918 4625; x_wconf 76' lang='grc' dir='ltr'><strong>ι)</strong></span> <span class='ocrx_word' id='word_1_699' title='bbox 1939 4541 2288 4626; x_wconf 60' lang='lat' dir='ltr'><strong>absqueulla</strong></span> <span class='ocrx_word' id='word_1_700' title='bbox 2327 4547 2670 4626; x_wconf 63' lang='lat' dir='ltr'><strong>dubitatione</strong></span> <span class='ocrx_word' id='word_1_701' title='bbox 2695 4547 3019 4626; x_wconf 58' lang='lat' dir='ltr'><strong>descriptus</strong></span> <span class='ocrx_word' id='word_1_702' title='bbox 3030 4554 3116 4601; x_wconf 87' lang='lat' dir='ltr'><strong>est</strong></span> <span class='ocrx_word' id='word_1_703' title='bbox 3147 4559 3232 4626; x_wconf 53' lang='lat' dir='ltr'><strong>ex&quot;</strong></span> <span class='ocrx_word' id='word_1_704' title='bbox 3253 4545 3358 4626; x_wconf 75' lang='lat' dir='ltr'><strong>hoc</strong></span> <span class='ocrx_word' id='word_1_705' title='bbox 3382 4541 3517 4625; x_wconf 56' lang='lat' dir='ltr'><strong>[flii-</strong></span> 
     </span>
    </p>
   </div>
   <div class='ocr_carea' id='block_1_97' title="bbox 261 4614 1833 4700">
    <p class='ocr_par' dir='ltr' id='par_1_97' title="bbox 261 4614 1833 4700">
     <span class='ocr_line' id='line_1_100' title="bbox 261 4614 1833 4700; baseline 0.002 -31"><span class='ocrx_word' id='word_1_706' title='bbox 261 4615 323 4669; x_wconf 81' lang='grc' dir='ltr'>τὸ</span> <span class='ocrx_word' id='word_1_707' title='bbox 350 4616 688 4700; x_wconf 24' lang='grc' dir='ltr'>ἐᾼτεροούσιον</span> <span class='ocrx_word' id='word_1_708' title='bbox 705 4616 991 4700; x_wconf 49' lang='lat' dir='ltr'><strong>eleganter</strong></span> <span class='ocrx_word' id='word_1_709' title='bbox 1015 4614 1220 4697; x_wconf 68' lang='lat' dir='ltr'><strong>dicitur</strong></span> <span class='ocrx_word' id='word_1_710' title='bbox 1244 4631 1341 4685; x_wconf 90' lang='lat' dir='ltr'><strong>pro</strong></span> <span class='ocrx_word' id='word_1_711' title='bbox 1370 4617 1565 4687; x_wconf 69' lang='grc' dir='ltr'>τιμῶν,</span> <span class='ocrx_word' id='word_1_712' title='bbox 1583 4614 1654 4672; x_wconf 61' lang='grc' dir='ltr'><strong>ἰιι</strong></span> <span class='ocrx_word' id='word_1_713' title='bbox 1677 4619 1833 4688; x_wconf 86' lang='lat' dir='ltr'><strong>paulo</strong></span> 
     </span>
    </p>
   </div>
   <div class='ocr_carea' id='block_1_98' title="bbox 1937 4614 3516 4700">
    <p class='ocr_par' dir='ltr' id='par_1_98' title="bbox 1944 4614 3516 4700">
     <span class='ocr_line' id='line_1_101' title="bbox 1944 4614 3516 4700; baseline -0.006 -26"><span class='ocrx_word' id='word_1_714' title='bbox 1944 4614 2205 4700; x_wconf 41' lang='lat' dir='ltr'><strong>losto-rgii.</strong></span> <span class='ocrx_word' id='word_1_715' title='bbox 2230 4617 2395 4700; x_wconf 74' lang='lat' dir='ltr'><strong>libro.</strong></span> <span class='ocrx_word' id='word_1_716' title='bbox 2425 4617 2586 4700; x_wconf 43' lang='lat' dir='ltr'><strong>Nam.</strong></span> <span class='ocrx_word' id='word_1_717' title='bbox 2607 4627 2662 4672; x_wconf 91' lang='lat' dir='ltr'><strong>et</strong></span> <span class='ocrx_word' id='word_1_718' title='bbox 2711 4616 2850 4700; x_wconf 63' lang='lat' dir='ltr'><strong>Aetii</strong></span> <span class='ocrx_word' id='word_1_719' title='bbox 2873 4614 2936 4700; x_wconf 63' lang='lat' dir='ltr'><strong>et</strong></span> <span class='ocrx_word' id='word_1_720' title='bbox 2967 4614 3235 4700; x_wconf 45' lang='lat' dir='ltr'><strong>‘Eu_nomii</strong></span> <span class='ocrx_word' id='word_1_721' title='bbox 3270 4614 3516 4700; x_wconf 52' lang='lat' dir='ltr'><strong>elegit-rm</strong></span> 
     </span>
    </p>
   </div>
   <div class='ocr_carea' id='block_1_99' title="bbox 263 4684 1119 4755">
    <p class='ocr_par' dir='ltr' id='par_1_99' title="bbox 263 4684 1119 4755">
     <span class='ocr_line' id='line_1_102' title="bbox 263 4684 1119 4755; baseline 0.001 -15"><span class='ocrx_word' id='word_1_722' title='bbox 263 4696 393 4754; x_wconf 87' lang='lat' dir='ltr'><strong>post</strong></span> <span class='ocrx_word' id='word_1_723' title='bbox 428 4684 668 4755; x_wconf 86' lang='lat' dir='ltr'><strong>loquitur</strong></span> <span class='ocrx_word' id='word_1_724' title='bbox 702 4684 1119 4754; x_wconf 89' lang='lat' dir='ltr'><strong>Philostorgius.</strong></span> 
     </span>
    </p>
   </div>
   <div class='ocr_carea' id='block_1_100' title="bbox 337 4753 1839 4826">
    <p class='ocr_par' dir='ltr' id='par_1_100' title="bbox 337 4753 1839 4826">
     <span class='ocr_line' id='line_1_103' title="bbox 337 4753 1839 4826; baseline 0.001 -17"><span class='ocrx_word' id='word_1_725' title='bbox 337 4755 452 4826; x_wconf 70' lang='lat'><strong>(27)</strong></span> <span class='ocrx_word' id='word_1_726' title='bbox 481 4753 666 4810; x_wconf 80' lang='grc' dir='ltr'>Ἔνθα</span> <span class='ocrx_word' id='word_1_727' title='bbox 687 4755 822 4826; x_wconf 52' lang='lat' dir='ltr'><strong>dra)</strong></span> <span class='ocrx_word' id='word_1_728' title='bbox 845 4753 1097 4826; x_wconf 73' lang='grc' dir='ltr'>δύναμις</span> <span class='ocrx_word' id='word_1_729' title='bbox 1125 4757 1340 4809; x_wconf 78' lang='grc' dir='ltr'>εἵπετο.</span> <span class='ocrx_word' id='word_1_730' title='bbox 1370 4753 1691 4826; x_wconf 82' lang='lat' dir='ltr'><strong>Suspicatus</strong></span> <span class='ocrx_word' id='word_1_731' title='bbox 1716 4771 1839 4811; x_wconf 90' lang='lat' dir='ltr'><strong>sum</strong></span> 
     </span>
    </p>
   </div>
   <div class='ocr_carea' id='block_1_101' title="bbox 265 4823 1840 4894">
    <p class='ocr_par' dir='ltr' id='par_1_101' title="bbox 265 4823 1840 4894">
     <span class='ocr_line' id='line_1_104' title="bbox 265 4823 1840 4894; baseline 0.003 -17"><span class='ocrx_word' id='word_1_732' title='bbox 265 4823 568 4894; x_wconf 81' lang='lat' dir='ltr'><strong>aliquando</strong></span> <span class='ocrx_word' id='word_1_733' title='bbox 601 4827 747 4880; x_wconf 88' lang='lat' dir='ltr'><strong>hunc</strong></span> <span class='ocrx_word' id='word_1_734' title='bbox 776 4825 956 4894; x_wconf 90' lang='lat' dir='ltr'><strong>locum</strong></span> <span class='ocrx_word' id='word_1_735' title='bbox 984 4823 1057 4879; x_wconf 81' lang='lat' dir='ltr'><strong>ita</strong></span> <span class='ocrx_word' id='word_1_736' title='bbox 1091 4823 1491 4881; x_wconf 87' lang='lat' dir='ltr'><strong>restituendum</strong></span> <span class='ocrx_word' id='word_1_737' title='bbox 1513 4840 1636 4880; x_wconf 85' lang='lat' dir='ltr'><strong>esse</strong></span> <span class='ocrx_word' id='word_1_738' title='bbox 1668 4843 1681 4878; x_wconf 91' lang='lat'><strong>:</strong></span> <span class='ocrx_word' id='word_1_739' title='bbox 1710 4826 1840 4881; x_wconf 77' lang='grc' dir='ltr'>ἔνθα</span> 
     </span>
    </p>
   </div>
   <div class='ocr_carea' id='block_1_102' title="bbox 260 4892 1840 4968">
    <p class='ocr_par' dir='ltr' id='par_1_102' title="bbox 260 4892 1840 4968">
     <span class='ocr_line' id='line_1_105' title="bbox 260 4892 1840 4968; baseline 0.003 -21"><span class='ocrx_word' id='word_1_740' title='bbox 260 4892 331 4948; x_wconf 76' lang='grc' dir='ltr'>ἂν</span> <span class='ocrx_word' id='word_1_741' title='bbox 425 4894 650 4967; x_wconf 85' lang='grc' dir='ltr'>δύναμις</span> <span class='ocrx_word' id='word_1_742' title='bbox 675 4893 823 4965; x_wconf 83' lang='grc' dir='ltr'><strong>αύτῷ</strong></span> <span class='ocrx_word' id='word_1_743' title='bbox 847 4894 945 4964; x_wconf 82' lang='grc' dir='ltr'><strong>τὴν</strong></span> <span class='ocrx_word' id='word_1_744' title='bbox 974 4894 1166 4968; x_wconf 80' lang='grc' dir='ltr'>βουλὴν</span> <span class='ocrx_word' id='word_1_745' title='bbox 1196 4895 1386 4961; x_wconf 83' lang='grc' dir='ltr'>ἐδίδου,</span> <span class='ocrx_word' id='word_1_746' title='bbox 1419 4905 1523 4950; x_wconf 76' lang='lat' dir='ltr'><strong>ew.</strong></span> <span class='ocrx_word' id='word_1_747' title='bbox 1557 4894 1622 4950; x_wconf 81' lang='lat' dir='ltr'><strong>Et</strong></span> <span class='ocrx_word' id='word_1_748' title='bbox 1649 4895 1703 4952; x_wconf 83' lang='lat' dir='ltr'><strong>in</strong></span> <span class='ocrx_word' id='word_1_749' title='bbox 1735 4897 1840 4952; x_wconf 83' lang='lat' dir='ltr'><strong>line</strong></span> 
     </span>
    </p>
   </div>
   <div class='ocr_carea' id='block_1_103' title="bbox 1944 4682 3518 4763">
    <p class='ocr_par' dir='ltr' id='par_1_103' title="bbox 1944 4682 3518 4763">
     <span class='ocr_line' id='line_1_106' title="bbox 1944 4682 3518 4763; baseline -0.004 -21"><span class='ocrx_word' id='word_1_750' title='bbox 1944 4682 2245 4763; x_wconf 68' lang='lat' dir='ltr'><strong>quod_il_l_ic</strong></span> <span class='ocrx_word' id='word_1_751' title='bbox 2273 4687 2471 4763; x_wconf 79' lang='lat' dir='ltr'><strong>legitur</strong></span> <span class='ocrx_word' id='word_1_752' title='bbox 2493 4729 2508 4754; x_wconf 94' lang='lat'><strong>,</strong></span> <span class='ocrx_word' id='word_1_753' title='bbox 2537 4687 2590 4742; x_wconf 92' lang='lat' dir='ltr'><strong>id</strong></span> <span class='ocrx_word' id='word_1_754' title='bbox 2633 4685 3192 4763; x_wconf 60' lang='lat' dir='ltr'><strong>manifestedeclarat</strong></span> <span class='ocrx_word' id='word_1_755' title='bbox 3214 4721 3230 4748; x_wconf 96' lang='lat'><strong>,</strong></span> <span class='ocrx_word' id='word_1_756' title='bbox 3257 4693 3312 4739; x_wconf 90' lang='lat' dir='ltr'><strong>et</strong></span> <span class='ocrx_word' id='word_1_757' title='bbox 3339 4682 3518 4763; x_wconf 63' lang='lat' dir='ltr'><strong>stylus</strong></span> 
     </span>
    </p>
   </div>
   <div class='ocr_carea' id='block_1_104' title="bbox 1946 4753 3517 4829">
    <p class='ocr_par' dir='ltr' id='par_1_104' title="bbox 1946 4753 3517 4829">
     <span class='ocr_line' id='line_1_107' title="bbox 1946 4753 3517 4829; baseline -0.004 -16"><span class='ocrx_word' id='word_1_758' title='bbox 1946 4753 2061 4829; x_wconf 78' lang='lat' dir='ltr'><strong>ipse</strong></span> <span class='ocrx_word' id='word_1_759' title='bbox 2074 4753 2507 4829; x_wconf 22' lang='lat' dir='ltr'><strong>APbilostorgium</strong></span> <span class='ocrx_word' id='word_1_760' title='bbox 2536 4767 2816 4829; x_wconf 86' lang='lat' dir='ltr'><strong>auctorem</strong></span> <span class='ocrx_word' id='word_1_761' title='bbox 2845 4756 3082 4829; x_wconf 83' lang='lat' dir='ltr'><strong>indicat.</strong></span> <span class='ocrx_word' id='word_1_762' title='bbox 3111 4753 3517 4829; x_wconf 59' lang='lat' dir='ltr'><strong>&#39;Eqpopotenim</strong></span> 
     </span>
    </p>
   </div>
   <div class='ocr_carea' id='block_1_105' title="bbox 1947 4823 3525 4898">
    <p class='ocr_par' dir='ltr' id='par_1_105' title="bbox 1947 4823 3525 4898">
     <span class='ocr_line' id='line_1_108' title="bbox 1947 4823 3525 4898; baseline -0.004 -14"><span class='ocrx_word' id='word_1_763' title='bbox 1947 4823 2312 4898; x_wconf 70' lang='lat' dir='ltr'><strong>ibidicuntur</strong></span> <span class='ocrx_word' id='word_1_764' title='bbox 2348 4823 2591 4898; x_wconf 71' lang='lat' dir='ltr'><strong>episcopi</strong></span> <span class='ocrx_word' id='word_1_765' title='bbox 2637 4847 2651 4882; x_wconf 88' lang='lat'><strong>:</strong></span> <span class='ocrx_word' id='word_1_766' title='bbox 2689 4842 2810 4898; x_wconf 80' lang='lat' dir='ltr'><strong>qua</strong></span> <span class='ocrx_word' id='word_1_767' title='bbox 2844 4827 3052 4885; x_wconf 86' lang='lat' dir='ltr'><strong>locutio</strong></span> <span class='ocrx_word' id='word_1_768' title='bbox 3087 4823 3385 4896; x_wconf 88' lang='lat' dir='ltr'><strong>peculiaris</strong></span> <span class='ocrx_word' id='word_1_769' title='bbox 3431 4829 3525 4878; x_wconf 84' lang='lat' dir='ltr'><strong>est</strong></span> 
     </span>
    </p>
   </div>
   <div class='ocr_carea' id='block_1_106' title="bbox 1945 4894 2730 4968">
    <p class='ocr_par' dir='ltr' id='par_1_106' title="bbox 1945 4894 2730 4968">
     <span class='ocr_line' id='line_1_109' title="bbox 1945 4894 2730 4968; baseline 0.004 -18"><span class='ocrx_word' id='word_1_770' title='bbox 1945 4894 2330 4968; x_wconf 83' lang='lat' dir='ltr'><strong>Philostorgio.</strong></span> <span class='ocrx_word' id='word_1_771' title='bbox 2383 4894 2400 4898; x_wconf 74' lang='grc'><em>”</em></span> <span class='ocrx_word' id='word_1_772' title='bbox 2540 4894 2556 4898; x_wconf 78' lang='grc'><em>’</em></span> <span class='ocrx_word' id='word_1_773' title='bbox 2705 4894 2730 4902; x_wconf 68' lang='grc'><strong>“’</strong></span> 
     </span>
    </p>
   </div>
   <div class='ocr_carea' id='block_1_107' title="bbox 1737 5066 2088 5114">
    <p class='ocr_par' dir='ltr' id='par_1_107' title="bbox 1737 5066 2088 5114">
     <span class='ocr_line' id='line_1_110' title="bbox 1737 5066 2088 5114; baseline 0.006 -4"><span class='ocrx_word' id='word_1_774' title='bbox 1737 5066 2068 5114; x_wconf 72' lang='grc' dir='ltr'>νΑιιιοῐιυΜ</span> <span class='ocrx_word' id='word_1_775' title='bbox 2077 5101 2088 5112; x_wconf 93' lang='grc'><strong>.</strong></span> 
     </span>
    </p>
   </div>
   <div class='ocr_carea' id='block_1_108' title="bbox 335 5171 1841 5245">
    <p class='ocr_par' dir='ltr' id='par_1_108' title="bbox 335 5171 1841 5245">
     <span class='ocr_line' id='line_1_111' title="bbox 335 5171 1841 5245; baseline 0 -18"><span class='ocrx_word' id='word_1_776' title='bbox 335 5171 424 5245; x_wconf 82' lang='grc' dir='ltr'><strong>(α)</strong></span> <span class='ocrx_word' id='word_1_777' title='bbox 452 5173 769 5245; x_wconf 61' lang='grc' dir='ltr'>Ἄμιῖλαδα.</span> <span class='ocrx_word' id='word_1_778' title='bbox 799 5174 1014 5245; x_wconf 84' lang='lat' dir='ltr'><strong>Pisidia</strong></span> <span class='ocrx_word' id='word_1_779' title='bbox 1041 5174 1232 5230; x_wconf 88' lang='lat' dir='ltr'><strong>civitas</strong></span> <span class='ocrx_word' id='word_1_780' title='bbox 1257 5173 1449 5230; x_wconf 90' lang='lat' dir='ltr'><strong>dicitur</strong></span> <span class='ocrx_word' id='word_1_781' title='bbox 1475 5174 1841 5245; x_wconf 82' lang='lat' dir='ltr'><strong>Artemidoro,</strong></span> 
     </span>
    </p>
   </div>
   <div class='ocr_carea' id='block_1_109' title="bbox 261 5241 1844 5314">
    <p class='ocr_par' dir='ltr' id='par_1_109' title="bbox 261 5241 1844 5314">
     <span class='ocr_line' id='line_1_112' title="bbox 261 5241 1844 5314; baseline 0.002 -18"><span class='ocrx_word' id='word_1_782' title='bbox 261 5241 425 5314; x_wconf 59' lang='lat' dir='ltr'><strong>etei</strong></span> <span class='ocrx_word' id='word_1_783' title='bbox 465 5241 533 5314; x_wconf 83' lang='lat' dir='ltr'><strong>eo</strong></span> <span class='ocrx_word' id='word_1_784' title='bbox 578 5243 866 5313; x_wconf 84' lang='lat' dir='ltr'><strong>Straboni;</strong></span> <span class='ocrx_word' id='word_1_785' title='bbox 899 5244 1081 5301; x_wconf 86' lang='lat' dir='ltr'><strong>Tauro</strong></span> <span class='ocrx_word' id='word_1_786' title='bbox 1126 5245 1294 5300; x_wconf 88' lang='lat' dir='ltr'><strong>monti</strong></span> <span class='ocrx_word' id='word_1_787' title='bbox 1328 5245 1590 5314; x_wconf 85' lang='lat' dir='ltr'><strong>subjecta,</strong></span> <span class='ocrx_word' id='word_1_788' title='bbox 1625 5241 1844 5314; x_wconf 81' lang='lat' dir='ltr'><strong>Isauria</strong></span> 
     </span>
    </p>
   </div>
   <div class='ocr_carea' id='block_1_110' title="bbox 262 5311 1841 5386">
    <p class='ocr_par' dir='ltr' id='par_1_110' title="bbox 262 5311 1841 5386">
     <span class='ocr_line' id='line_1_113' title="bbox 262 5311 1841 5386; baseline 0.003 -22"><span class='ocrx_word' id='word_1_789' title='bbox 262 5311 399 5386; x_wconf 78' lang='lat' dir='ltr'><strong>olim</strong></span> <span class='ocrx_word' id='word_1_790' title='bbox 433 5313 635 5386; x_wconf 79' lang='lat' dir='ltr'><strong>vicina,</strong></span> <span class='ocrx_word' id='word_1_791' title='bbox 671 5324 731 5386; x_wconf 81' lang='lat' dir='ltr'><strong>et</strong></span> <span class='ocrx_word' id='word_1_792' title='bbox 758 5311 911 5386; x_wconf 82' lang='lat' dir='ltr'><strong>forte</strong></span> <span class='ocrx_word' id='word_1_793' title='bbox 927 5329 1054 5386; x_wconf 87' lang='lat' dir='ltr'><strong>pars</strong></span> <span class='ocrx_word' id='word_1_794' title='bbox 1080 5314 1206 5386; x_wconf 74' lang='lat' dir='ltr'><strong>eius</strong></span> <span class='ocrx_word' id='word_1_795' title='bbox 1237 5315 1338 5386; x_wconf 71' lang='lat' dir='ltr'><strong>hoc</strong></span> <span class='ocrx_word' id='word_1_796' title='bbox 1368 5311 1502 5378; x_wconf 76' lang='lat' dir='ltr'><strong>avo,</strong></span> <span class='ocrx_word' id='word_1_797' title='bbox 1531 5329 1640 5385; x_wconf 92' lang='lat' dir='ltr'><strong>quo</strong></span> <span class='ocrx_word' id='word_1_798' title='bbox 1671 5313 1841 5369; x_wconf 89' lang='lat' dir='ltr'><strong>Isauri</strong></span> 
     </span>
    </p>
   </div>
   <div class='ocr_carea' id='block_1_111' title="bbox 265 5379 1844 5453">
    <p class='ocr_par' dir='ltr' id='par_1_111' title="bbox 265 5379 1844 5453">
     <span class='ocr_line' id='line_1_114' title="bbox 265 5379 1844 5453; baseline 0.005 -21"><span class='ocrx_word' id='word_1_799' title='bbox 265 5379 576 5453; x_wconf 77' lang='lat' dir='ltr'><strong>latrociniis</strong></span> <span class='ocrx_word' id='word_1_800' title='bbox 614 5379 819 5450; x_wconf 85' lang='lat' dir='ltr'><strong>dediti,</strong></span> <span class='ocrx_word' id='word_1_801' title='bbox 850 5379 1132 5453; x_wconf 58' lang='lat' dir='ltr'><strong>ad&#39;gravia&#39;</strong></span> <span class='ocrx_word' id='word_1_802' title='bbox 1171 5383 1309 5440; x_wconf 89' lang='lat' dir='ltr'><strong>bella</strong></span> <span class='ocrx_word' id='word_1_803' title='bbox 1359 5379 1749 5452; x_wconf 74' lang='lat' dir='ltr'><strong>proruperant,</strong></span> <span class='ocrx_word' id='word_1_804' title='bbox 1784 5392 1844 5440; x_wconf 92' lang='lat' dir='ltr'><strong>ut</strong></span> 
     </span>
    </p>
   </div>
   <div class='ocr_carea' id='block_1_112' title="bbox 267 5451 1838 5524">
    <p class='ocr_par' dir='ltr' id='par_1_112' title="bbox 267 5451 1838 5524">
     <span class='ocr_line' id='line_1_115' title="bbox 267 5451 1838 5524; baseline 0.004 -20"><span class='ocrx_word' id='word_1_805' title='bbox 267 5451 482 5524; x_wconf 61' lang='lat' dir='ltr'><strong>scribit</strong></span> <span class='ocrx_word' id='word_1_806' title='bbox 513 5453 857 5524; x_wconf 66' lang='lat' dir='ltr'><strong>Marcellinus</strong></span> <span class='ocrx_word' id='word_1_807' title='bbox 910 5451 1003 5512; x_wconf 89' lang='lat' dir='ltr'><strong>lib.</strong></span> <span class='ocrx_word' id='word_1_808' title='bbox 1044 5471 1156 5522; x_wconf 77' lang='lat' dir='ltr'><strong>nv,</strong></span> <span class='ocrx_word' id='word_1_809' title='bbox 1213 5455 1268 5510; x_wconf 91' lang='lat' dir='ltr'><strong>in</strong></span> <span class='ocrx_word' id='word_1_810' title='bbox 1313 5453 1480 5524; x_wconf 85' lang='lat' dir='ltr'><strong>gestis</strong></span> <span class='ocrx_word' id='word_1_811' title='bbox 1531 5451 1660 5510; x_wconf 84' lang='lat' dir='ltr'><strong>anni</strong></span> <span class='ocrx_word' id='word_1_812' title='bbox 1713 5453 1838 5510; x_wconf 76' lang='lat'><strong>355.</strong></span> 
     </span>
    </p>
   </div>
   <div class='ocr_carea' id='block_1_113' title="bbox 269 5513 869 5592">
    <p class='ocr_par' dir='ltr' id='par_1_113' title="bbox 269 5513 869 5592">
     <span class='ocr_line' id='line_1_116' title="bbox 269 5513 869 5592; baseline 0.013 -20"><span class='ocrx_word' id='word_1_813' title='bbox 269 5513 327 5573; x_wconf 84' lang='grc'>1.</span> <span class='ocrx_word' id='word_1_814' title='bbox 352 5519 664 5592; x_wconf 71' lang='lat' dir='ltr'><strong>Gallio/red.</strong></span> <span class='ocrx_word' id='word_1_815' title='bbox 692 5525 746 5578; x_wconf 82' lang='lat' dir='ltr'><strong>in</strong></span> <span class='ocrx_word' id='word_1_816' title='bbox 772 5524 869 5580; x_wconf 85' lang='lat' dir='ltr'><strong>loc.</strong></span> 
     </span>
    </p>
   </div>
   <div class='ocr_carea' id='block_1_114' title="bbox 2015 5175 3526 5251">
    <p class='ocr_par' dir='ltr' id='par_1_114' title="bbox 2015 5175 3526 5251">
     <span class='ocr_line' id='line_1_117' title="bbox 2015 5175 3526 5251; baseline -0.003 -18"><span class='ocrx_word' id='word_1_817' title='bbox 2015 5181 2090 5251; x_wconf 75' lang='grc' dir='ltr'>(ὁ)</span> <span class='ocrx_word' id='word_1_818' title='bbox 2128 5179 2241 5249; x_wconf 82' lang='grc' dir='ltr'><strong>Τῆς</strong></span> <span class='ocrx_word' id='word_1_819' title='bbox 2278 5180 2533 5251; x_wconf 63' lang='grc' dir='ltr'>Κυζίκου</span> <span class='ocrx_word' id='word_1_820' title='bbox 2579 5179 2682 5233; x_wconf 84' lang='grc' dir='ltr'><strong>τὸν</strong></span> <span class='ocrx_word' id='word_1_821' title='bbox 2721 5178 3039 5251; x_wconf 63' lang='grc' dir='ltr'>Εὐνιξμιρν.</span> <span class='ocrx_word' id='word_1_822' title='bbox 3093 5175 3249 5251; x_wconf 76' lang='lat' dir='ltr'><strong>Socr.</strong></span> <span class='ocrx_word' id='word_1_823' title='bbox 3300 5175 3408 5251; x_wconf 72' lang='lat' dir='ltr'><strong>lib._</strong></span> <span class='ocrx_word' id='word_1_824' title='bbox 3440 5193 3526 5244; x_wconf 72' lang='grc' dir='ltr'><strong>ιν,</strong></span> 
     </span>
    </p>
   </div>
   <div class='ocr_carea' id='block_1_115' title="bbox 1945 5245 3526 5319">
    <p class='ocr_par' dir='ltr' id='par_1_115' title="bbox 1945 5245 3526 5319">
     <span class='ocr_line' id='line_1_118' title="bbox 1945 5245 3526 5319; baseline -0.001 -14"><span class='ocrx_word' id='word_1_825' title='bbox 1945 5245 2081 5319; x_wconf 55' lang='grc' dir='ltr'>(δορί</span> <span class='ocrx_word' id='word_1_826' title='bbox 2103 5251 2153 5315; x_wconf 88' lang='grc'>7,</span> <span class='ocrx_word' id='word_1_827' title='bbox 2185 5245 2239 5305; x_wconf 82' lang='lat' dir='ltr'><strong>et</strong></span> <span class='ocrx_word' id='word_1_828' title='bbox 2273 5249 2399 5305; x_wconf 78' lang='lat' dir='ltr'><strong>Soz.</strong></span> <span class='ocrx_word' id='word_1_829' title='bbox 2443 5250 2536 5304; x_wconf 91' lang='lat' dir='ltr'><strong>lib.</strong></span> <span class='ocrx_word' id='word_1_830' title='bbox 2581 5265 2812 5319; x_wconf 47' lang='grc' dir='ltr'>τίμιοι).</span> <span class='ocrx_word' id='word_1_831' title='bbox 2857 5245 2914 5319; x_wconf 86' lang='lat'><strong>8_,</strong></span> <span class='ocrx_word' id='word_1_832' title='bbox 2948 5245 3273 5319; x_wconf 64' lang='lat' dir='ltr'><strong>Eunomium</strong></span> <span class='ocrx_word' id='word_1_833' title='bbox 3307 5245 3526 5319; x_wconf 57' lang='lat' dir='ltr'><strong>faciunt</strong></span> 
     </span>
    </p>
   </div>
   <div class='ocr_carea' id='block_1_116' title="bbox 1943 5315 3541 5390">
    <p class='ocr_par' dir='ltr' id='par_1_116' title="bbox 1943 5315 3541 5390">
     <span class='ocr_line' id='line_1_119' title="bbox 1943 5315 3541 5390; baseline -0.003 -17"><span class='ocrx_word' id='word_1_834' title='bbox 1943 5315 2123 5390; x_wconf 55' lang='lat' dir='ltr'><strong>Cy&#39;zici</strong></span> <span class='ocrx_word' id='word_1_835' title='bbox 2158 5320 2470 5390; x_wconf 76' lang='lat' dir='ltr'><strong>episcopum</strong></span> <span class='ocrx_word' id='word_1_836' title='bbox 2502 5315 2856 5390; x_wconf 10' lang='lat' dir='ltr'><strong>subii/alente</strong></span> <span class='ocrx_word' id='word_1_837' title='bbox 2882 5315 3541 5390; x_wconf 46' lang='lat' dir='ltr'><strong>imp1i81tbCoIis_tan_tits</strong></span> 
     </span>
    </p>
   </div>
   <div class='ocr_carea' id='block_1_117' title="bbox 1945 5385 3532 5468">
    <p class='ocr_par' dir='ltr' id='par_1_117' title="bbox 1945 5385 3532 5468">
     <span class='ocr_line' id='line_1_120' title="bbox 1945 5385 3532 5468; baseline 0.001 -26"><span class='ocrx_word' id='word_1_838' title='bbox 1945 5385 2138 5468; x_wconf 80' lang='lat' dir='ltr'><strong>melius</strong></span> <span class='ocrx_word' id='word_1_839' title='bbox 2183 5385 2565 5455; x_wconf 74' lang='lat' dir='ltr'><strong>Thcodoritus,</strong></span> <span class='ocrx_word' id='word_1_840' title='bbox 2617 5389 2710 5443; x_wconf 89' lang='lat' dir='ltr'><strong>lib.</strong></span> <span class='ocrx_word' id='word_1_841' title='bbox 2754 5405 2812 5455; x_wconf 81' lang='grc' dir='ltr'><strong>ιι,</strong></span> <span class='ocrx_word' id='word_1_842' title='bbox 2845 5401 2964 5457; x_wconf 88' lang='lat' dir='ltr'><strong>cap.</strong></span> <span class='ocrx_word' id='word_1_843' title='bbox 2991 5385 3083 5455; x_wconf 73' lang='grc'>27,</span> <span class='ocrx_word' id='word_1_844' title='bbox 3131 5395 3186 5442; x_wconf 90' lang='lat' dir='ltr'><strong>et</strong></span> <span class='ocrx_word' id='word_1_845' title='bbox 3218 5389 3304 5444; x_wconf 89' lang='lat' dir='ltr'><strong>hic</strong></span> <span class='ocrx_word' id='word_1_846' title='bbox 3335 5385 3532 5442; x_wconf 58' lang='lat' dir='ltr'><strong>Philo-</strong></span> 
     </span>
    </p>
   </div>
   <div class='ocr_carea' id='block_1_118' title="bbox 1945 5469 2202 5528">
    <p class='ocr_par' dir='ltr' id='par_1_118' title="bbox 1945 5469 2202 5528">
     <span class='ocr_line' id='line_1_121' title="bbox 1945 5469 2202 5528; baseline -0.008 -15"><span class='ocrx_word' id='word_1_847' title='bbox 1945 5469 2202 5528; x_wconf 77' lang='lat' dir='ltr'><strong>storgius.</strong></span> 
     </span>
    </p>
   </div>
  </div>
