4020 6196
419 291 526 348 555

1801 305 2285 365 PHILOSTORGII
3568 302 3666 373 536

413 403 818 473 subscriberet,
893 407 1322 480 dispensationis
1390 418 1572 488 specie
1639 417 1983 490 illegitimum

2090 420 2292 493 θεσμον
2321 422 2506 489 αὐτοῖς
2548 425 2968 499 καταρυθμίζων
2998 428 3092 482 καὶ
3130 429 3408 500 ὰθέλητον.
3451 431 3563 500 Ἐφ’
3588 425 3666 497 οἷς

413 502 581 565 atque
612 495 1039 554 involuntarium
1071 500 1288 562 facinus
1331 506 1413 564 eis
1449 523 1742 566 excusans.
1773 510 1985 578 Quibus

414 585 718 668 Eunomius
763 591 1003 660 graviter
1051 607 1382 663 commotus,
1431 611 1687 658 neutrum
1725 612 1986 673 praestare

416 674 602 765 voluit,
638 678 730 731 sed
760 687 814 734 ct
840 679 1098 753 Cyzicum
1133 686 1237 757 ipsi
1281 689 1522 757 dimisit,
1556 694 1734 762 primo
1765 695 1984 765 quidem

413 763 827 856 verbis,ipostea
855 786 988 828 vero
1010 775 1176 831 etiam
1200 794 1296 848 per
1326 780 1556 847 litteras,
1578 793 1632 839 et
1660 785 1726 839 ad
1753 763 1984 856 patriam

412 866 568 908 suam
602 855 1002 928 Cappadociam
1037 881 1096 921 se
1129 870 1351 940 recepit.

481 946 538 1000 4.
568 946 796 1004 Aeacius
826 949 1146 1012 Eunomium
1177 961 1490 1016 insectatur.
1523 995 1594 1004 —
1623 966 1857 1022 Aeacius
1891 966 1988 1022 ad-

411 1053 607 1095 versus
654 1041 985 1102 Eunomium
1021 1061 1357 1118 commotus,
1405 1069 1470 1110 eo
1516 1057 1662 1126 quod
1698 1057 1987 1128 episcopus

413 1127 596 1198 Cyzici
629 1137 958 1194 constitutus
988 1138 1204 1209 fuisset,
1233 1143 1544 1202 Eudoxium
1575 1127 1791 1219 quoque
1822 1127 1987 1206 simul

413 1235 538 1276 cum
569 1239 636 1279 eo
663 1227 989 1288 criminatus
1011 1242 1116 1302 est,
1147 1239 1291 1306 quod
1318 1238 1525 1309 absque
1555 1242 1831 1295 communi
1862 1257 1991 1296 con-

413 1324 578 1366 sensu
627 1314 957 1386 discipulum
1009 1321 1151 1376 Aetii
1205 1325 1522 1396 episcopum
1565 1329 1984 1385 ordinavisset:

413 1400 592 1456 virum
615 1406 708 1474 qui
733 1407 1134 1467 ferventissimo
1164 1415 1219 1470 in
1246 1416 1493 1473 limresim
1519 1420 1636 1474 zelo
1668 1422 1985 1492 magistrum

415 1505 572 1548 suum
605 1513 862 1568 superare
892 1506 1263 1573 contenderet,
1293 1516 1615 1580 tantumque
1644 1511 1870 1580 perfecit
1897 1529 1988 1568 cas

411 1582 660 1672 iumniis,
713 1599 773 1644 ut
819 1591 1174 1652 Constantius
1222 1613 1384 1655 aures
1439 1601 1486 1656 ei
1543 1606 1984 1672 accommodans,

411 1671 743 1734 Eunomium
777 1682 1124 1742 Antiochiam
1171 1699 1443 1746 evocaret.
1480 1691 1583 1758 Qui
1619 1711 1744 1750 cum
1788 1711 1854 1752 eo
1894 1671 1988 1752 ve?

412 1765 608 1831 nisset,
644 1770 812 1839 jussit
848 1789 974 1830 eum
1006 1777 1363 1837 Constantius
1410 1784 1463 1837 in
1505 1785 1750 1856 synodali
1777 1787 1986 1857 judicio
2021 1781 2062 1835 Β

413 1858 782 1916 examinatum
817 1879 1037 1922 causam
1070 1869 1271 1925 dicere.
1319 1871 1423 1928 Sed
1453 1890 1577 1929 eum
1623 1877 1867 1947 synodus
1891 1895 1986 1935 ac-

412 1957 720 2005 cusatorem
777 1958 1114 2025 requireret,
1175 1963 1360 2018 nullus
1422 1966 1635 2036 uspiam
1709 1972 1982 2040 apparuit.

410 2036 646 2096 Aeacius
669 2043 814 2098 enim
840 2057 985 2102 metu
1013 2052 1332 2122 perculsus;
1359 2058 1561 2128 quippe
1581 2061 1673 2129 qui
1703 2036 1986 2118 existima-

410 2139 564 2184 verat
593 2132 708 2188 sola
743 2139 886 2206 apud
922 2141 1305 2212 imperatorem
1368 2149 1644 2207 calumnia
1701 2154 1984 2210 inimicum

412 2232 446 2275 a
478 2235 538 2277 se
575 2225 794 2292 penitus
836 2245 1158 2301 oppressum
1210 2238 1309 2302 iri,
1361 2241 1415 2295 in
1464 2243 1735 2299 altissimo
1767 2246 1986 2302 silentio

409 2316 744 2386 permansit;
776 2336 898 2390 quae
926 2339 1050 2378 cum
1083 2329 1364 2386 didicisset
1407 2332 1794 2399 Constantius,
1841 2337 1986 2394 Aca-

411 2400 559 2456 cium
592 2419 908 2477 suspectum
945 2413 1153 2482 habuit,
1190 2427 1376 2488 utpote
1405 2423 1498 2490 qui
1531 2437 1627 2492 per
1651 2425 1982 2482 simultatem

409 2493 627 2561 potius,
668 2513 834 2567 quam
879 2517 943 2556 ex
988 2519 1198 2560 morum
1255 2512 1527 2578 probitate
1577 2517 1983 2573 accusationem

408 2581 760 2642 instituisset.
793 2589 1041 2660 Eumque
1073 2595 1363 2652 confestim
1407 2601 1471 2656 ad
1507 2603 1792 2659 ecclesiam
1826 2621 1983 2663 suam

410 2678 608 2732 reverti
637 2679 825 2748 jussit,
856 2688 1140 2752 praesentis
1167 2691 1369 2760 negotii
1396 2692 1833 2764 disquisitionem
1867 2715 1984 2756 ma-

403 2765 512 2836 jori
545 2771 753 2839 synodo
781 2789 1085 2832 reservans.

484 2858 538 2916 5.
568 2860 679 2933 (59)
715 2865 1055 2924 Constantius
1076 2870 1357 2928 Iulianum
1386 2893 1723 2946 repressum:
1759 2882 1884 2937 obit.
1913 2913 1979 2924 —

409 2947 538 3008 Haec
557 2953 686 3009 dum
713 2956 1069 3018 Constantius
1091 2964 1276 3018 animo
1291 2967 1547 3035 volveret,
1575 2970 1719 3031 fama
1754 2974 1820 3028 ad
1857 2990 1982 3030 eum

407 3041 683 3112 perfertur
709 3047 776 3103 de
801 3049 1004 3106 Juliani
1037 3054 1350 3113 rebellione.
1388 3058 1584 3114 Statim
1609 3065 1864 3133 ergoiter
1893 3082 1978 3120 ar-

407 3135 578 3205 ripuit
623 3137 1171 3214 Constantinopolim.
1217 3145 1390 3201 Simul
1441 3126 1710 3219 synodum
1745 3126 1812 3207 in
1849 3154 1984 3210 urbe
2011 3126 2052 3184 C

405 3223 585 3282 Nicaea
610 3229 825 3296 indixit,
857 3234 923 3287 ad
952 3236 1373 3292 examinandum
1399 3239 1460 3292 τὸ
1485 3242 1840 3312 ὲτεροούσιον.
1873 3244 1978 3301 Sed

405 3331 532 3371 cum
566 3317 955 3389 Mopsucrenas
985 3327 1260 3390 venisset,
1297 3333 1488 3384 morbo
1521 3343 1834 3403 correptus,
1878 3336 1980 3391 ibi-

405 3409 640 3479 demque
671 3412 740 3466 ab
763 3411 972 3470 Euzoio
1007 3416 1335 3487 baptizatus,
1371 3423 1656 3492 imperium
1686 3427 1888 3494 pariter
1915 3443 1980 3483 ac

406 3500 595 3568 vitam,
627 3514 682 3558 et
710 3508 949 3576 synodos
974 3509 1041 3564 ad
1067 3511 1446 3568 stabiliendum
1487 3514 1819 3584 impietatem
1841 3561 1855 3584 ,
1887 3518 1980 3574 de-

407 3592 650 3666 reliquit.

2080 516 2116 568 ‘6
2143 513 2409 586 Εύνόμιος
2437 515 2646 588 βαρέως
2689 518 2933 588 ἐνεγκὼν
2971 520 3249 592 οὐδέτερον
3293 522 3390 591 μὲν
3427 519 3660 591 ὑπέστη⁴

2089 605 2600 678 προσαπολιμπάνει
2659 611 2703 663 δ’
2732 611 2947 676 αὐτοῖς,
3003 613 3098 665 καὶ
3153 613 3250 682 τὴν
3310 610 3546 675 Κύζικον
3572 613 3664 681 (a),

2090 696 2280 767 πρῶτα
2310 698 2408 768 μὲν
2445 699 2643 768 λόγοις,
2685 693 2802 756 εἶτα
2833 703 2891 755 δὲ
2925 703 3236 774 γράμμασι,
3280 704 3375 756 καὶ
3409 704 3544 776 πρὸς
3576 703 3670 777 τὴν

2090 785 2288 840 ἑαυτοῦ
2319 790 2554 861 πατρίδα
2585 791 2685 862 τὴν
2713 793 3110 848 Καππαδοκίαν
3137 796 3464 863 ἀφικνεῖται.

2157 985 2220 1040 δ’.
2251 983 2374 1040 Ὀτι
2419 989 2536 1040 κατ’
2566 989 2828 1060 Εὐνομίου
2877 990 3118 1062 κινηθεὶς
3159 991 3188 1043 6
3230 990 3475 1056 ’Λκάκιος
3511 993 3595 1061 ἐφ’
3630 987 3675 1062 ᾧ

2090 1075 2328 1141 Κυζίκου
2379 1079 2611 1152 κατέστη
2666 1081 2980 1148 ἐπίσκοπος,
3022 1082 3390 1136 συνδιαϐάλλει
3424 1084 3516 1136 καὶ
3553 1086 3676 1148 τοὺς

2091 1169 2218 1241 περὶ
2249 1170 2517 1237 Εὐδόξιον,
2546 1172 2622 1237 ὡς
2649 1174 2817 1245 χωρὶς
2849 1175 3031 1244 κοινῆς
3060 1172 3284 1244 γνώμης
3309 1174 3397 1227 τὸν
3434 1175 3676 1247 μαθητὴν

2104 1261 2307 1314 Ἀετίου
2343 1266 2853 1335 κεχειροτονηκότας
2897 1264 3224 1330 ἐπίσκοπον,
3270 1266 3438 1338 ἄνδρα
3469 1267 3560 1320 τὸν
3597 1268 3674 1320 οἱ-

2091 1353 2234 1402 κεῖον
2258 1351 2574 1406 διδάσκαλον
2602 1353 2708 1406 τῶν
2738 1355 2874 1427 πρὸς
2915 1355 3012 1426 τὴν
3038 1357 3250 1428 αἵρεσιν
3280 1355 3677 1428 όξυρῤεπεστά-

2089 1457 2197 1493 των
2243 1440 2420 1511 ζήλων
2463 1443 2894 1515 ὑπερϐάλλεσθαι
2923 1445 3034 1517 (40)
3073 1446 3542 1518 φιλονεικήσαντα,
3585 1447 3677 1500 καὶ

2091 1531 2265 1585 πείθει
2291 1536 2412 1598 ταῖς
2436 1535 2710 1600 διαϐολαῖς
2735 1538 2824 1590 τὸν
2841 1538 3255 1601 Κωνστάντιον,
3289 1537 3674 1610 μετάπεμπτον

2092 1625 2147 1677 ἐν
2183 1625 2479 1696 Ἀντιοχείᾳ
2512 1627 2840 1700 ποιήσασθαι
2888 1629 2978 1682 τὶν
3024 1629 3307 1701 Εὐνόμιον.
3345 1629 3456 1682 Καὶ
3500 1647 3675 1698 παρα-

2091 1716 2349 1784 γεγονότα
2375 1719 2452 1780 είς
2480 1719 2772 1789 ἀπολογίαν
2810 1719 3021 1772 κελεύει
3061 1721 3395 1789 καταστῆναι
3427 1720 3676 1790 συνοδικῇ

2090 1808 2266 1880 διαίτη
2302 1809 2769 1881 λογοθετούμενον.
2811 1812 2963 1865 Ἐπεὶ
2991 1812 3048 1865 δὲ
3087 1815 3120 1884 ή
3162 1812 3376 1876 σύνοδος
3408 1814 3500 1865 τὸν
3545 1831 3677 1866 κατ-

2087 1899 2284 1970 ήγορον
2336 1899 2536 1972 ἐζήτει,
2577 1903 2605 1954 6
2650 1901 2706 1954 δὲ
2753 1897 2822 1973 ἦν
2885 1903 3119 1974 οὐδαμοῦ
3171 1905 3218 1976 (6
3278 1904 3382 1975 γὰρ
3424 1889 3678 1969 Ἀκάκιος

2088 1991 2490 2057 ἀποδειλιάσας,
2531 1994 2625 2047 καὶ
2663 1993 2772 2066 γὰρ
2805 1994 3050 2066 ἐνόμιζεν
3091 1997 3156 2049 ὲκ
3201 1996 3370 2066 μόνης
3411 1996 3508 2067 τῆς
3542 1995 3677 2068 πρὸς

2090 2079 2312 2149 βασιλέα
2354 2081 2604 2153 διαϐολῆς
2629 2082 2720 2135 τὸν
2752 2083 2944 2156 ἐχθρὸν
2980 2085 3228 2155 αἱρήσειν
3266 2084 3408 2138 κατὰ
3452 2086 3674 2156 κράτος,

2087 2165 2170 2235 εἷς
2199 2167 2268 2243 ἦν
2309 2173 2418 2226 τῶν
2462 2174 2542 2237 είς
2579 2175 2639 2227 τὸ
2674 2174 2971 2244 βαθύτατον
3026 2175 3353 2245 σιγώντων),
3388 2176 3468 2229 διὸ
3512 2177 3613 2231 καὶ
3653 2179 3681 2230 6

2087 2263 2464 2328 Κωνστὰντιος
2493 2264 2666 2319 ταῦτα
2702 2265 2911 2336 μαθὼν,
2944 2268 3009 2321 δι’
3035 2269 3286 2333 ὑπονοίας
3313 2286 3372 2321 τε
3404 2269 3494 2321 τὸν
3520 2269 3684 2323 Ἀκάο

2087 2372 2204 2408 κιον
2238 2355 2413 2426 ἔσχεν,
2457 2356 2533 2419 ὡς
2570 2357 2996 2430 ἀπεχθημοσύνῃ
3030 2360 3228 2430 μᾶλλον
3261 2361 3294 2430 ἢ
3325 2360 3543 2431 τρόπων
3592 2361 3680 2412 es-

2088 2445 2278 2517 θύτητι
2304 2447 2401 2517 τήν
2424 2447 2756 2518 κατηγορίαν
2783 2450 3203 2519 ὲνστησάμενον,
3238 2450 3331 2503 καλ⁵
3361 2448 3559 2502 θᾶττον
3588 2448 3686 2500 αύ-

2085 2533 2176 2588 τὸν
2212 2536 2292 2597 είς
2324 2535 2420 2607 τὴν
2450 2535 2586 2590 ἰδίαν
2631 2537 3032 2608 ἐπαναδραμεῖν
3064 2539 3312 2592 ἐκέλευσε
3361 2537 3681 2608 παροικίαν,

2091 2623 2295 2694 μείζονι
2346 2625 2548 2697 συνόδῳ
2581 2628 2969 2698 ταμιευόμενος
3012 2629 3111 2701 τὴν
3149 2629 3258 2683 τῶν
3301 2629 3685 2702 προκειμένων

2085 2714 2393 2784 διάγνωσιν.

2155 2900 2216 2949 ε’.
2243 2893 2426 2948 Ταῦτα
2454 2895 2511 2948 δὲ
2546 2897 2907 2968 Κωνσταντίῳ
2941 2897 3322 2969 διανοουμένῳ,
3352 2901 3385 2969 ή
3416 2896 3511 2950 τοῦ
3553 2899 3686 2950 Ἰου-

2084 2981 2265 3036 λιανοῦ
2305 2985 2669 3048 ἐπανάστασις
2699 2989 2818 3050 ταῖς
2845 2987 3056 3059 φήμαις
3094 2987 3242 3058 αὐτῷ
3273 2986 3680 3057 διακομίζεται.

2097 3073 2155 3125 Ὀ
2189 3072 2246 3125 δὲ
2276 3073 2475 3126 αὐτίκα
2502 3090 2560 3126 τε
2593 3073 2689 3144 τὴν
2723 3075 2818 3127 ἐπὶ
2851 3073 3416 3134 Κωνσταντινούπολιν
3439 3074 3682 3138 ἐϐάδιζε,

2089 3163 2183 3216 καὶ
2210 3162 2424 3216 σύνοδον
2454 3165 2568 3234 ἅμα
2596 3163 2842 3236 διώριζεν
2872 3150 3012 3237 ὑπὲρ
3040 3165 3134 3219 τοῦ
3165 3163 3502 3234 ἑτεροουσίου
3535 3165 3686 3217 κατά

2087 3253 2318 3307 Νίκαιαν
2344 3253 2613 3308 ἵστασθαι.
2631 3255 2846 3320 Φθάσας
2872 3256 2929 3308 δὲ
2964 3257 3114 3327 παρὰ
3137 3256 3234 3320 τὰς
3267 3256 3454 3324 Μόψου
3487 3255 3687 3307 καλου-

2088 3344 2254 3414 μένας
2293 3347 2517 3418 κρήνας,
2565 3347 2659 3400 καὶ
2702 3347 2842 3418 νόσῳ
2893 3347 3131 3419 βληθεὶς,
3165 3343 3283 3400 εἶτα
3333 3347 3428 3400 καὶ
3474 3345 3683 3417 βαπτι-

2085 3434 2318 3506 σάμενος
2347 3437 2498 3508 παρὰ
2544 3437 2807 3502 Εύζωΐου,
2843 3440 2941 3509 τήν
2972 3457 3029 3492 τε
3062 3438 3334 3509 βασιλείαν
3367 3437 3516 3508 αὐτῷ
3557 3437 3683 3509 βίῳ,

2086 3526 2180 3578 καὶ
2205 3526 2304 3589 τὰς
2336 3528 2422 3580 ἐπ’
2456 3527 2679 3599 ἀσεϐείᾳ
2707 3529 2955 3593 συνόδους
2984 3530 3293 3586 ἀπολείπει.

1629 3740 1870 3786 VALESII
1910 3740 2386 3790 ANNOTATIONES
2395 3776 2408 3788 .

411 3836 738 3911 μῃναμξῖνων
779 3840 1192 3911 τῆκαθαιρέσει
1219 3881 1233 3905 ,
1264 3841 1524 3896 ἀλλὰκαὶ
1558 3843 1737 3897 αὐτῶν
1767 3845 1873 3898 τῶν
1904 3846 1984 3908 είς

404 3907 490 3985 τὰΔ
527 3907 758 3985 μάλιστα
800 3907 877 3980 τῷ
930 3907 1237 3985 φρονήματι
1275 3912 1695 3985 κοινωνούντων,
1738 3914 1858 3985 τῶν
1886 3907 1984 3985 μὲν

403 3977 622 4054 καὶῌτὴν
649 3977 873 4054 γνώμην
899 3977 1363 4054 μεταϐλὴθέντων,
1395 3982 1500 4034 τῶν
1526 3983 1700 4054 δὲτὴν
1731 3977 1983 4038 ἀκούσιον

406 4047 606 4129 πρᾶξιν
629 4047 939 4129 οἰκονομίας
973 4047 1184 4129 ῥήματι-
1202 4068 1448 4129 asangm
1459 4047 1826 4129 partﬁévrwv._
1841 4054 1980 4109 ldem

407 4117 500 4171 diu
532 4129 718 4191 postea
749 4117 996 4191 fecerunt
1024 4117 1303 4191 Acephali.
1337 4117 1593 4191 Qui—cum
1646 4124 1781 4178 duas
1815 4125 1868 4176 in
1897 4139 1984 4179 se-

407 4195 524 4240 ctas
553 4188 712 4242 divisi
733 4198 918 4242 essent
937 4188 1300 4254 Alexandrize,
1328 4191 1381 4244 in
1413 4190 1693 4246 Gaiauitas
1718 4202 1771 4246 et
1801 4193 1982 4247 Theo-

407 4255 670 4310 dosianos
693 4297 707 4320 ,
743 4267 931 4325 postea
963 4260 1102 4313 inter
1135 4276 1192 4314 se
1221 4262 1557 4316 reconciliati
1600 4264 1865 4318 unitatem
1902 4262 1979 4318 fe-

407 4339 551 4402 cere,
589 4341 753 4402 quam
789 4329 1038 4402 specioso
1066 4330 1379 4400 οἰκονομίας
1404 4331 1561 4386 titulo
1590 4335 1976 4402 praetexebant.

413 4392 1484 4473 Yerumiadvers—usha_uc_i\ceplialorum
1525 4392 1785 4456 uilitatem
1827 4419 1980 4473 egre-

406 4465 554 4531 gium
589 4465 786 4540 _librum
811 4469 1031 4536 scripsit
1064 4465 1325 4540 Eulogius
1346 4473 1637 4540 episcopus
1663 4465 1981 4527 Alexan'dri-

407 4551 546 4612 nus,
587 4535 640 4588 in
672 4552 781 4612 quo
811 4535 1060 4612 quietiam
1097 4535 1244 4595 esset
1279 4535 1584 4596 (Bconomia
1625 4557 1718 4596 seu
1755 4544 1977 4612 dispen-

407 4605 548 4658 satio
585 4605 977 4681 ecclesiastica,
1009 4620 1062 4664 et
1090 4621 1224 4681 quot
1255 4612 1374 4680 ejus
1404 4613 1613 4681 species
1646 4605 1860 4676 essent;
1886 4627 1978 4666 ac-

362 4733 368 4744 .
406 4686 594 4730 curate
625 4677 951 4744 observavit,
994 4690 1053 4733 ut
1081 4677 1264 4734 videre
1285 4677 1373 4734 est
1401 4677 1453 4733 in
1480 4680 1810 4734 Bibliotheca
1836 4681 1982 4735 Pho-

367 4745 467 4808 atii
511 4760 630 4819 cap.
664 4746 789 4800 227.
833 4746 1084 4819 Primum
1120 4750 1284 4816 igitur
1336 4759 1484 4802 notat
1528 4749 1825 4819 Eulogius,
1870 4767 1978 4805 non

405 4816 978 4888 omnibuspromiscue
991 4820 1151 4872 licere
1164 4819 1444 4888 οἰκονομίᾳ
1464 4834 1558 4873 seu
1573 4816 1981 4888 dispensatione

402 4886 504 4949 uti,
532 4885 623 4940 sed
655 4886 723 4940 iis
753 4886 1022 4967 duntaxat
1047 4888 1137 4967 qui
1171 4885 1982 4967 minisiri’suntac'dispensa-

403 4965 551 5026 tores
580 4955 965 5024 mysteriornm
989 4955 1102 5021 Dei,
1125 4957 1448 5026 praesidibus
1471 4959 1677 5014 scilicet
1703 4955 1975 5015 Ecelesiae.

342 5066 349 5085 ,
407 5025 614 5095 Deinde
639 5034 820 5092 notat,
859 5025 1140 5095 nunquani
1172 5028 1352 5081 locum
1384 5043 1504 5082 esse
1531 5030 1850 5083 oeconomiae
1883 5045 1978 5084 seu

335 5143 344 5155 ,
404 5094 820 5170 dispensationi,
851 5096 957 5170 nisi
985 5094 1585 5170 salva__prorsusatque
1621 5099 1979 5170 illibataper—

406 5175 659 5239 manente
684 5166 808 5222 fidei
831 5166 1101 5222 doctrina.
1129 5166 1222 5239 llis
1251 5167 1463 5237 positis,
1494 5167 1752 5239 Eulogius
1780 5166 1976 5239 triplex

405 5232 692 5307 distinguit
735 5253 906 5307 genus
934 5232 1266 5293 meonomiai
1291 5232 1692 5293 ecclesiasticae.
1733 5232 1976 5294 Primum

405 5306 659 5360 consiStit
695 5307 750 5362 in
781 5308 967 5374 rebus,
997 5309 1297 5365 secundum
1329 5309 1382 5363 in
1418 5310 1732 5365 nominibus
1762 5324 1827 5364 ac
1851 5324 1974 5363 ver-

2089 3847 2174 3922 bis
2199 3886 2212 3909 ,
2255 3848 2491 3922 tertium‘
2518 3848 2572 3922 in
2605 3850 2874 3918 personis.
2925 3848 3047 3906 llaec
3079 3849 3338 3922 Eulogius
3361 3850 3434 3922 fin
3471 3866 3681 3922 supra-

2090 3916 2421 3991 dicto__libro
2469 3916 2646 3991 fusius
2701 3921 3068 3991 persequitur.
3118 3916 3314 3976 Verum
3358 3916 3681 3990 interpres,

2089 3987 2180 4062 vir_
2214 3987 2415 4062 alioqui
2459 3989 2654 4044 doctus
2699 3987 3105 4062 etﬂde'litteris
3152 3993 3358 4062 optime
3402 3987 3680 4062 meritus,

2091 4057 2521 4133 pulcherrimum
2563 4068 2623 4133 et
2673 4061 3024 4133 utilissimum
3075 4057 3364 4133 tractatum
3399 4057 3681 4133 interpreQ

2092 4126 2299 4202 latione
2327 4144 2425 4182 sua
2454 4129 2670 4202 penitus
2695 4131 3041 4202 obscurat-it,
3074 4131 3388 4202 οἰκονομίαν
3415 4126 3570 4185 enini
3602 4135 3681 4187 in-

2091 4198 2452 4270 carnationem
2487 4199 2689 4270 ubique
2716 4199 2829 4255 fere
2862 4198 3404 4270 interpretatusest:
3441 4217 3559 4270 quo
3594 4204 3679 4257 ni-

2088 4265 2163 4318 hil
2196 4267 2324 4340 ﬁngi
2343 4277 2538 4340 potest
2573 4265 2892 4340 absurdius.
2925 4265 3083 4336 Quod
3115 4287 3239 4326 cum
3275 4285 3374 4340 ego
3405 4265 3533 4325 ante
3573 4289 3675 4326 an—

2015 4373 2057 4428 D
2088 4351 2188 4416 nos
2234 4337 2453 4419 triginta
2486 4344 2554 4420 _et
2582 4341 2816 4428 ampiius
2837 4338 3147 4428 .Frjancisco
3177 4337 3458 4428 Florenti,
3505 4342 3675 4397 docto

2088 4404 2357 4477 imprimis
2391 4404 2788 4477 jurisconsulto
2835 4411 3164 4466 iudicassem
3187 4453 3201 4476 ,
3237 4411 3286 4464 id
3317 4410 3406 4462 ille
3442 4404 3496 4464 in
3532 4427 3673 4465 suos

2081 4474 2223 4546 juris
2246 4474 2494 4532 canonici
2519 4481 2943 4534 commentarios
2975 4474 3259 4546 retulit,'et
3281 4479 3671 4535 Prmfationem

2087 4545 2351 4617 integram
2386 4548 2453 4602 de
2494 4548 2996 4617 dispensationibus
3043 4550 3429 4606 ecclesiasticis
3461 4567 3524 4603 ex
3577 4552 3674 4605 illo

2085 4613 2297 4686 Eulogii
2319 4617 2448 4691 loco
2477 4613 2844 4691 concinnavit,
2877 4635 2964 4675 me
2990 4634 3023 4674 a
3051 4637 3160 4691 quo
3192 4622 3325 4676 illud
3352 4633 3668 4691 acceperat,

2084 4700 2151 4739 ne
2182 4688 2462 4742 nominato
2493 4689 2737 4757 quidem.

2155 4757 2266 4826 (59)
2303 4757 2620 4811 Theodorit.
2651 4759 2687 4810 l.
2719 4774 2779 4824 ll,
2807 4773 2855 4812 c.
2894 4759 2992 4813 ult.

2154 4826 2279 4898 (4ολ
2299 4827 2513 4894 Ζήλων
2532 4827 3036 4894 ὑπερϐάλλεσθαι.
3073 4827 3129 4881 1η
3164 4830 3537 4898 manuscripto
3570 4845 3670 4883 eoa

2083 4895 2202 4970 dice
2247 4896 2503 4951 Bocliarti
2545 4899 2805 4970 scribitur
2854 4898 3278 4970 ὑπερϐαλέσθαι.
3318 4898 3423 4970 Sed
3448 4895 3666 4969 parum

2082 4964 2249 5019 refert
2279 4977 2401 5020 utro
2437 4968 2598 5020 modo
2625 4965 2894 5022 scribatur
2916 4964 3019 5022 hoc
3050 4969 3298 5022 verbum.
3330 4967 3442 5022 Vox
3464 4964 3665 5023 autem

2086 5032 2264 5109 ζήλων
2295 5039 2483 5109 procul
2525 5036 2689 5109 dubio
2725 5039 3043 5109 corrigenda
3072 5046 3160 5093 est
3191 5039 3295 5093 hoc
3331 5039 3492 5093 modo
3526 5058 3538 5092 :
3584 5037 3667 5109 τῷ

2087 5105 2544 5178 ῥξυρρεπεστάτῳ
2577 5107 2740 5178 ζήλῳ.
2776 5105 2984 5178 Similis
3009 5123 3165 5162 error
3191 5111 3389 5178 sa-pius
3416 5105 3670 5163 occurrit

2085 5173 2137 5248 in
2158 5173 2240 5230 his
2262 5176 2432 5248 libris,
2453 5173 2543 5245 qui
2568 5173 2723 5248 exieo
2746 5176 3018 5246 profluxit,
3037 5179 3181 5248 quod
3209 5173 3416 5233 veteres
3446 5197 3462 5230 t
3492 5181 3671 5232 aSrri-

2083 5243 2210 5299 bere
2246 5243 2494 5299 solebant
2539 5246 2604 5300 ad
2640 5243 2782 5301 latus
2829 5248 3024 5302 littera:
3051 5243 3158 5303 non
3192 5258 3378 5304 autem
3414 5250 3666 5304 subscri-

2083 5312 2232 5380 bere,
2264 5326 2324 5370 ut
2349 5331 2494 5370 nunc
2529 5315 2782 5372 facimus.

1865 5447 2194 5495 VARIORUM
2202 5481 2214 5494 .

476 5561 1148 5646 (αλζΐροοῃτςοαίιμπάνει
1185 5575 1237 5627 δ’
1283 5577 1486 5642 αὐτοῖς
1517 5577 1616 5630 καί
1658 5577 1774 5646 τὴν
1810 5572 1976 5642 Κύζῖ-

409 5633 536 5707 κως.
567 5633 705 5690 Male
737 5633 983 5707 Valesius
1014 5658 1200 5698 vocem
1237 5645 1420 5707 αὐτοῖς
1451 5633 1516 5701 de
1544 5633 1787 5702 Eudoxio
1818 5633 1975 5703 intel-

402 5702 565 5773 lexit;
601 5720 724 5762 cum
759 5706 903 5762 enim
936 5709 1006 5764 sit
1029 5715 1236 5767 numeri
1275 5702 1515 5782 pluralis,
1550 5717 1615 5773 de
1636 5719 1779 5773 clero
1812 5702 1970 5787 Cyzi-

2087 5593 2221 5634 ceno
2261 5585 2574 5652 exponenda
2610 5595 2692 5642 cst
2718 5627 2732 5652 ,
2768 5587 2859 5657 qui
2900 5586 3214 5664 inimicitias
3239 5584 3664 5664 Δςυιηωῐὲψῑοξίρξ)

2083 5664 2478 5773 interr/uerunt,
2532 5665 2588 5710 ut
2631 5653 2888 5713 narratur
2934 5673 3050 5728 cap.
3103 5659 3121 5712 1
3159 5657 3320 5728 hujus
3361 5657 3502 5711 libri.
3561 5653 3658 5709 η’.

2130 5734 2203 5773 ow
2247 5738 2282 5773 t.

2130 5734 2282 5774 οιιουι.
