4020 6196
357 285 462 344 539
1731 285 2213 346 PHILOSTORCH
3503 290 3615 350 540

355 403 658 472 praebuisse
706 403 1096 474 spectantibus.
1138 403 1384 474 Cumque
1429 405 1596 461 herba
1645 407 1712 461 ad
1760 409 1921 479 pedes

2031 413 2169 467 κατὰ
2189 410 2314 473 τοὺς
2345 409 2509 472 πόδας
2543 408 2897 480 ἀναφυείσης,
2931 409 3253 481 νοσημάτων
3287 410 3387 481 μὲν
3435 411 3608 465 ἀπάν-

247 495 252 498 ’
355 493 664 552 Servatoris
687 504 866 561 enata,
892 497 1154 552 adversus
1177 495 1396 552 morbos
1418 511 1629 564 omnes,
1656 500 1924 570 praecipue

2031 517 2151 564 των,
2181 500 2412 570 μάλιστα
2445 499 2502 552 δέ
2529 501 2626 569 τῆς
2655 498 2908 567 φθινάδος
2969 500 3125 568 ῐαμα,
3171 499 3265 553 καὶ
3302 498 3609 570 ζητούντων

355 599 488 640 vero
507 585 768 641 adversus
788 586 963 640 tabem
981 584 1414 640 efﬁcacissimum
1434 597 1578 642 esset
1600 589 1922 655 remedium,

356 691 521 731 causa
548 675 710 746 hujus
737 677 813 729 rei
843 675 1045 745 inquiri
1077 676 1260 744 coepit.
1288 675 1572 748 Temporis
1591 679 1736 732 enim
1769 678 1925 748 lapsu

361 769 626 822 memoria
660 767 935 821 exridcrat
956 806 970 830 ,
1004 776 1058 820 et
1097 766 1380 835 cujusnam
1413 783 1475 821 ea
1517 767 1720 837 elligies
1749 777 1925 832 esset,

358 869 414 914 et
449 874 611 929 quam
635 857 706 911 ub
737 871 957 910 causam
989 856 1164 912 fuerat
1189 859 1468 914 collocata.
1497 859 1708 929 Quippe
1734 857 1927 913 Serva-

357 961 447 1005 tor
475 949 576 1003 sub
604 948 694 1002 dio
724 956 875 1002 stans
905 947 1225 1017 nudusque,
1260 949 1406 1002 haud
1441 951 1636 1019 exigua
1679 950 1927 1019 corporis

358 1052 510 1109 parte
537 1039 764 1093 obrutus
792 1037 986 1102 fuerat,
1012 1048 1150 1092 terra
1177 1039 1433 1095 continue
1456 1055 1519 1094 ex
1550 1039 1926 1109 superioribus

354 1131 511 1197 locis,
543 1130 776 1184 maxime
807 1144 935 1184 vero
972 1131 1276 1200 pluviarum
1315 1141 1556 1201 tempore
1589 1131 1658 1186 ad
1690 1138 1922 1186 statuam

354 1233 594 1292 aggesta,
619 1237 738 1292 quae
769 1223 1072 1277 litterarum
1101 1223 1300 1290 quibus
1325 1221 1536 1293 singula
1563 1223 1928 1277 narrabantur

356 1311 604 1366 notitiam
655 1311 1060 1366 obliteraverat.
1111 1310 1247 1366 Cum
1289 1311 1453 1381 igitur
1499 1311 1732 1380 diligens
1774 1310 1928 1366 lieret

354 1403 669 1472 inquisitio,
717 1419 844 1472 pars
874 1403 1094 1472 quidem
1128 1413 1319 1457 stature
1357 1419 1479 1474 qua:
1515 1404 1683 1458 humo
1729 1403 1923 1458 obruta

353 1501 492 1555 erat,
524 1491 720 1545 eﬂ‘ossa
752 1501 856 1557 est,
888 1492 1079 1546 litterze
1107 1508 1235 1547 vero
1263 1502 1486 1562 repertae
1513 1501 1660 1558 sunt,
1693 1506 1814 1561 qua:
1840 1500 1923 1546 to-

352 1594 462 1638 tam
485 1584 562 1638 rei
596 1592 758 1654 gestaa
799 1584 995 1639 seriem
1027 1584 1356 1638 indicabant.
1387 1584 1465 1636 Ac
1491 1585 1675 1654 planta
1703 1584 1920 1654 quidem

352 1690 419 1730 ex
452 1689 517 1730 eo
545 1684 789 1743 tempore
830 1689 938 1728 non
969 1675 1202 1744 amplius
1239 1675 1350 1728 visa
1380 1685 1483 1739 est,
1532 1690 1632 1729 nec
1684 1675 1777 1736 ibi,
1821 1690 1923 1730 nec

2023 589 2121 652 τὴν
2143 588 2319 642 αἰτίαν
2349 587 2610 658 (ἐλελήθει
2639 587 2749 657 γάρ
2771 586 2849 657 τῷ
2872 587 3047 658 χρόνῳ
3077 588 3170 641 καὶ
3195 581 3400 652 οὗτινος
3443 587 3610 660 ἔφερε

2027 681 2261 752 μορφὴν,
2293 681 2387 734 καὶ
2419 681 2452 749 ἡ
2481 677 2678 749 πρᾶξις
2718 677 2786 732 δι’
2813 680 2879 748 ἢν
2918 678 3281 748 ἀνεστήλωτο.
3323 679 3410 732 Ἐν
3443 679 3608 735 ὑπαί-

2024 772 2138 842 θρῳ
2166 771 2273 842 γὰρ
2301 769 2505 840 γυμνὸς
2550 767 2740 834 ἑστὼς,
2790 768 2876 821 ἐπ’
2922 769 3021 821 οὐκ
3069 768 3250 836 ὀλίγον
3293 766 3609 841 συνεχώσθη

2023 862 2115 916 τοῦ
2157 861 2423 932 σώματος,
2459 861 2562 930 γῆς
2604 861 2693 914 ἐπ’
2731 860 2894 913 αὐτὸν
2922 862 2983 913 ἐκ
3010 859 3117 913 τῶν
3141 859 3484 930 ὑψηλοτέρων
3519 861 3612 915 ἀεὶ

2024 955 2201 1008 τόπων
2227 954 2284 1006 ἐν
2307 957 2418 1016 τοῖς
2447 953 2554 1006 τῶν
2581 951 2806 1023 ὄμϐριον
2837 951 3070 1022 μάλιστα
3108 955 3317 1022 καιροῖς
3350 955 3618 1023 ὲπιφερου

2027 1044 2216 1116 μένης,
2249 1044 2338 1113 ὑφ’
2367 1038 2434 1114 ἧς
2461 1044 2495 1113 ἡ
2523 1042 2630 1095 τῶν
2653 1041 2997 1112 γραμμάτων
3022 1041 3128 1095 τῶν
3161 1042 3366 1096 ἕκαστα
3393 1042 3616 1113 δηλούν-

2024 1153 2131 1191 των
2183 1135 2448 1205 ἠφάνιστο
2494 1133 2715 1205 γνῶσις)
2743 1149 2757 1165 ·
2793 1134 2892 1203 τῆς
2943 1128 3036 1187 οὖν
3085 1133 3362 1206 ζητήσεως
3404 1134 3613 1204 ταύτης

2025 1223 2360 1292 ἐπιστάσης.
2407 1221 2688 1294 ἀνωρύχθη
2745 1223 2844 1293 μὲν
2889 1223 2948 1276 τὸ
2997 1223 3478 1294 συγκεχωσμένον,
3518 1227 3613 1278 εὐε-

2027 1313 2157 1386 ρέθη
2210 1313 2267 1366 δὲ
2329 1312 2628 1384 γράμματα
2676 1313 2773 1383 τὴν
2828 1314 3067 1383 ἱστορίαν
3124 1315 3303 1368 πᾶσαν
3359 1316 3612 1369 ἀναδιδά-

2026 1421 2243 1458 σκοντα.
2269 1404 2378 1456 Καὶ
2401 1405 2434 1474 ἡ
2462 1403 2568 1456 πόα
2597 1403 2692 1475 μὲν
2721 1404 2824 1457 οὐκ
2861 1403 2940 1456 ἔτι
2970 1407 3086 1474 μετ’
3109 1406 3313 1460 ἐκεῖνον
3335 1403 3491 1476 ὤφθη
3517 1407 3610 1459 τὸν

2023 1496 2234 1565 χρόνον,
2257 1493 2382 1546 οὔτε
2413 1495 2546 1558 ἐκεῖ,
2581 1492 2704 1546 οὔτε
2743 1493 3024 1564 ἀλλαχόθι·
3075 1495 3165 1548 τὸν
3208 1495 3264 1548 δὲ
3319 1496 3609 1567 ἀνδριάντα

2027 1583 2490 1654 μεταστησάμενοι
2515 1583 2574 1634 ἐν
2606 1580 2684 1652 τῷ
2707 1581 2806 1652 τῆς
2830 1582 3124 1654 ἐκκλησίας
3154 1583 3444 1656 διακονικῷ
3473 1585 3608 1658 (46),
3653 1611 3664 1620 ’

2022 1672 2090 1726 τὰ
2139 1671 2415 1744 πρέποντα
2462 1670 2813 1744 ἐθεράπευον,
2861 1671 3109 1737 σέϐοντες
3151 1673 3247 1744 μὲν
3287 1675 3319 1745 ἢ
3367 1693 3608 1748 προσκυ-

352 1766 462 1820 alio
505 1768 556 1818 in
595 1766 747 1829 loco;
791 1775 1029 1821 statuam
1078 1781 1205 1820 vero
1252 1766 1305 1820 in
1351 1766 1634 1822 diaconico
1681 1767 1923 1822 ecclesiae

2031 1761 2238 1825 νοῦντες
2281 1761 2529 1833 οὐδαμῶς
2563 1761 2643 1832 (οὐ
2685 1761 2794 1832 γὰρ
2825 1757 2892 1832 ἦν
2927 1763 3083 1834 θέμις
3131 1763 3335 1835 χαλκῆν
3373 1765 3406 1835 ἢ
3442 1765 3611 1838 ἀλλην

353 1858 721 1919 collocarunt,
760 1867 1154 1927 competentem
1201 1857 1250 1912 ei
1294 1872 1482 1912 curam
1527 1865 1689 1926 atque
1735 1857 1922 1912 obser-

351 1948 588 2001 vantiam
617 1947 939 2011 deterentes,
962 1964 1306 2018 nequaquam
1335 1959 1514 2003 tamen
1540 1963 1658 2003 eam
1684 1949 1924 2004 colentes

351 2045 446 2091 aut
479 2036 788 2092 adorantes.
836 2037 1021 2109 Neque
1068 2039 1214 2093 enim
1266 2037 1348 2095 fas
1403 2048 1523 2094 erat
1567 2055 1770 2094 amcam
1829 2047 1920 2093 aut

355 2130 518 2183 aliam
559 2130 857 2199 quamlibet
887 2131 1170 2185 materiam
1218 2130 1480 2199 adorare,
1529 2133 1622 2187 sed
1659 2133 1762 2187 hoc
1793 2148 1920 2198 uno,

352 2222 498 2291 quod
555 2237 675 2276 eam
721 2223 1067 2277 honoratiore
1119 2222 1171 2276 in
1230 2224 1353 2278 loco
1403 2224 1830 2287 collocaveram,
1873 2233 1926 2278 et

351 2314 497 2384 quod
529 2314 806 2383 spectandi
841 2329 1004 2369 causa
1035 2315 1100 2369 ad
1133 2330 1254 2368 eum
1290 2315 1468 2368 locum
1501 2315 1695 2384 cupide
1727 2316 1925 2369 adven-

352 2414 552 2468 tarent,
585 2421 824 2460 amorem
861 2406 1035 2474 ipsius
1072 2406 1351 2474 archetypi
1382 2405 1742 2461 declarantes.
1773 2405 1922 2460 llanc

351 2494 517 2564 igitur
535 2503 791 2561 statuam,
813 2504 1073 2562 regnante
1094 2493 1333 2561 Juliano,
1369 2495 1592 2566 gentiles
1622 2496 1715 2566 qui
1752 2494 1926 2551 Pane-

350 2584 506 2638 adem
537 2584 862 2650 incolebant,
893 2585 957 2638 ad
989 2584 1320 2652 impietatem
1354 2585 1585 2652 incitati,
1618 2602 1647 2640 a
1679 2586 1795 2640 basi
1823 2602 1922 2642 sua

351 2675 623 2730 revulsam
643 2717 656 2739 ,
685 2674 906 2730 funibus
934 2675 999 2730 ad
1033 2676 1196 2747 pedes
1229 2677 1621 2733 circumlieatis
1641 2718 1655 2741 ,
1684 2694 1778 2748 per
1807 2695 1924 2734 me-

352 2767 496 2820 diam
528 2767 762 2836 plateam
805 2776 1124 2832 traxerunt;
1173 2779 1294 2838 post
1338 2769 1451 2824 haec
1492 2769 1761 2841 reliquum
1803 2770 1926 2840 qui-

351 2859 473 2914 dem
507 2874 710 2929 corpus
748 2859 1115 2916 distrahentcs
1147 2859 1563 2933 confregerunt;
1599 2870 1762 2933 caput
1793 2877 1924 2918 vero

351 2950 495 3004 inter
525 2949 849 3005 trahendum
889 2966 917 3004 a
954 2949 1166 3005 cervice
1199 2951 1557 3020 disiunctum,
1588 2951 1835 3006 nonnulli
1872 2951 1924 3007 id

353 3041 497 3110 quod
527 3041 689 3097 ﬁebat
712 3057 852 3114 (egre
880 3040 1116 3096 ferentes
1138 3082 1152 3104 ,
1182 3041 1432 3097 clanculo
1463 3042 1841 3113 abripuerunt,
1871 3051 1926 3096 et

2027 1855 2158 1928 ὕλην
2183 1857 2551 1926 προσκυνεῖν),
2570 1855 2701 1909 αὐτὸ
2723 1855 2778 1908 δὲ
2797 1854 2957 1908 τοῦτο
2971 1855 3108 1924 (47),
3133 1856 3316 1909 στάσει
3338 1873 3398 1910 τε
3421 1874 3610 1928 σεμνο-

2023 1947 2180 2018 τέρᾳ,
2216 1949 2310 2001 καὶ
2349 1947 2407 2001 τὸ
2443 1945 2560 2017 μεθ’
2590 1947 2779 2017 ἡδονῆς
2804 1947 3085 2016 ἐπιφοιτᾷν
3109 1946 3187 2016 τῷ
3211 1947 3362 2017 τόπῳ
3389 1947 3449 2000 τὸ
3474 1943 3612 2012 εἶδος

2025 2038 2529 2109 θεραπευσομένους
2586 2036 2814 2106 (48),τὸν
2859 2036 2988 2106 περὶ
3021 2036 3082 2090 τὸ
3115 2035 3420 2107 ἀρχέτυπον
3447 2036 3611 2090 πόθον

2026 2129 2476 2199 ἐπιδεικνύμενοι.
2498 2127 2668 2181 Τοῦτο
2687 2127 2747 2180 τὸ
2774 2127 2996 2198 ἄγαλμα
3020 2127 3158 2180 κατὰ
3178 2128 3302 2190 τοὺς
3317 2125 3611 2180 Ἰουλιανοῦ

2024 2223 2271 2292 χρόνους,
2323 2221 2384 2274 τὸ
2425 2218 2731 2290 Ἑλληνικὸν
2786 2218 2896 2288 (49)
2941 2221 3022 2282 εἰς
3069 2217 3318 2272 ἀσέϐειαν
3363 2216 3614 2286 ἀναφλε-

2024 2311 2241 2382 χθέντες
2280 2311 2330 2363 οἱ
2376 2309 2473 2380 τὴν
2506 2309 2753 2362 Πανεάδα
2784 2308 3079 2373 οἰκοῦντες,
3107 2306 3214 2360 τῶν
3247 2305 3461 2378 βάθρων
3489 2307 3616 2360 ἀνα-

2026 2403 2382 2474 σπασάμενοι,
2410 2402 2504 2454 καὶ
2541 2399 2650 2454 τῶν
2686 2399 2860 2453 ποδῶν
2903 2397 3281 2469 ἐκδησάμενοι,
3323 2395 3409 2450 διὰ
3438 2396 3614 2467 μέσης

2024 2495 2215 2566 ἔσυρον
2239 2493 2337 2564 τῆς
2367 2491 2674 2562 λεωφόρουο
2708 2491 2797 2560 ἐφ’
2819 2483 2862 2558 ᾧ
2896 2490 3006 2561 (50)
3038 2487 3099 2542 τὺ
3141 2489 3238 2559 μὲν
3279 2487 3406 2542 ἄλλο
3454 2487 3616 2556 σῶμα

2023 2584 2388 2654 διασπώμενοι
2426 2579 2786 2643 κατέκλασαν,
2817 2579 2913 2649 τὴν
2961 2578 3017 2631 δέ
3058 2577 3299 2647 κεφαλὴν
3323 2579 3381 2630 ἐν
3409 2575 3485 2646 τῷ
3513 2576 3578 2629 σύ
3598 2606 3612 2615 -

2027 2674 2232 2747 ρεσθαι,
2267 2673 2361 2727 τοῦ
2393 2672 2617 2742 αὐχένος
2649 2671 3013 2740 διαζυγεῖσαν,
3047 2671 3189 2733 τινες
3225 2669 3476 2732 λαθόντες
3502 2667 3612 2722 τῶν

2026 2765 2403 2835 ἐπαλγοῦντων
2441 2768 2550 2829 τοῖς
2590 2762 2911 2836 δρωμένοις,
2941 2760 3260 2815 ἀνελάϐοντό
3296 2777 3354 2812 τε
3394 2760 3488 2812 καὶ
3535 2758 3615 2822 ὡς

2023 2857 2285 2929 ἠδύναντο
2323 2855 2672 2914 διεσώσαντο,
2715 2853 2824 2908 Καί
2875 2869 3007 2924 φησι
3056 2851 3260 2922 ταύτην
3306 2850 3400 2904 καὶ
3449 2851 3614 2913 αὐτὸς

2027 2947 2343 3003 θεάσασθαι.
2394 2949 2456 3001 Ἠ
2491 2947 2674 3018 μέντοι
2714 2963 2776 3015 γε
2823 2945 3032 3008 Πανεὰς
3079 2943 3186 2997 Δάν
3228 2940 3615 3011 ἐπωνομάζετο

2027 3039 2087 3092 τὸ
2116 3039 2462 3101 παλαίτατον,
2484 3038 2582 3109 τὴν
2618 3036 2990 3109 προσηγορίαν
3031 3035 3139 3088 ἀπὸ
3177 3034 3268 3088 τοῦ
3298 3033 3484 3097 παιδὸς
3515 3034 3612 3087 τοῦ

353 3133 532 3204 quoad
564 3133 678 3188 fieri
714 3133 892 3203 potuit
925 3142 1342 3188 conservarunt.
1379 3133 1546 3203 quue
1589 3150 1619 3188 a
1654 3149 1713 3190 se
1747 3135 1921 3189 visum

2036 3128 2228 3184 Ἰακὼϐ
2261 3129 2366 3182 Δάν
2408 3129 2776 3198 ἐλκυσαμένη.
2823 3126 2916 3180 τοῦ
2962 3127 3239 3196 φυλάρχου
3287 3125 3396 3178 τῶν
3438 3124 3616 3198 ταύτῃ

355 3225 526 3279 fuisse
548 3233 779 3278 testatur
809 3223 1227 3294 Philostorgius.
1258 3223 1525 3279 Caeterum
1553 3223 1762 3280 Paucas
1792 3223 1921 3278 olim

355 3310 469 3367 Dan
499 3313 813 3380 vocabatur,
841 3328 907 3368 ex
939 3314 1161 3368 nomine
1182 3313 1295 3368 Dan
1320 3315 1416 3368 lilii
1438 3313 1628 3381 Jacob,
1655 3315 1748 3384 qui
1775 3314 1922 3384 prin-

2025 3221 2314 3276 οἰκούντων
2352 3220 2462 3292 (51)
2502 3220 2644 3273 τότε.
2691 3214 2822 3273 Εἶτα
2867 3218 2925 3272 δέ
2966 3217 3274 3288 Καισάρεια
3323 3217 3357 3286 ὴ
3409 3215 3615 3269 Φιλίπσ-

2027 3331 2130 3367 που
2190 3314 2267 3387 (α)
2325 3311 2681 3384 ἐπεκέκλητο.
2740 3309 2862 3364 Τῶν
2913 3311 2972 3365 δέ
3025 3309 3381 3382 Ἑλληνιστῶν
3438 3307 3617 3372 Πανὸς

1579 3508 1823 3553 VALESII
1852 3508 2358 3555 ANNOTATIONES.

427 3634 1085 3708 (46)Κατᾳστησάμενοι
1116 3636 1186 3690 ἐν
1212 3633 1291 3703 τῷ
1310 3634 1420 3705 τῆς
1445 3637 1780 3708 ἐκκλησίας
1808 3638 1932 3693 διαο

357 3706 594 3773 κονικῷ.
639 3707 810 3777 Magis
851 3707 1022 3776 probo
1071 3708 1397 3777 scripturam
1441 3706 1647 3764 codicis
1685 3709 1932 3764 Bochar~

358 3779 512 3838 tiani.
551 3777 602 3830 in
631 3775 749 3848 quo'
775 3775 861 3830 ita
884 3777 1102 3849 legitur.
1128 3775 1219 3830 τὸν
1246 3775 1302 3829 δὲ
1323 3777 1619 3849 ἀνδριάντα
1651 3795 1930 3849 μεταστη-

359 3849 581 3918 σάμενοι
620 3888 634 3912 ,
693 3856 797 3902 etc.
849 3849 1026 3916 Atque
1078 3848 1151 3901 ita
1202 3861 1422 3918 quoque
1475 3848 1730 3902 scribitur
1787 3848 1929 3917 apud

357 3916 719 3986 Nicephorum
753 3918 808 3971 in
836 3918 975 3971 libro
1011 3932 1064 3983 χ,
1093 3932 1213 3986 cap.
1242 3916 1330 3970 50.
1365 3916 1436 3986 [ξε
1466 3917 1722 3972 Ecclesia:
1749 3916 1927 3972 diaco-

355 3984 682 4044 nicdmulta
715 3987 805 4042 hic
832 3987 1045 4042 erudite
1093 3984 1348 4042 observat
1376 3984 1612 4043 Jacobus
1643 3987 1932 4042 Gothofre-

357 4059 482 4122 dus,
507 4058 560 4110 id
587 4072 729 4122 esse,
749 4059 890 4125 quod
911 4057 1088 4112 Latini
1113 4057 1239 4112 olim
1265 4059 1618 4112 secretarium
1646 4058 1929 4120 vocabant,

358 4144 462 4183 nos
519 4129 821 4183 sacristiam
861 4130 1095 4183 dicimus
1121 4169 1136 4194 ,
1178 4127 1270 4181 ubi
1323 4142 1453 4181 vasa
1504 4143 1568 4182 ac
1611 4129 1931 4183 vestimenta

357 4213 515 4252 sacra
545 4207 913 4253 asservantur.
938 4199 1044 4252 Sed
1070 4197 1216 4268 quod
1252 4198 1780 4268 negatrdiaconicum
1811 4213 1933 4252 esse

358 4277 564 4339 partem
590 4268 950 4339 ecclesi_ae,_in
988 4283 1053 4322 eo
1089 4266 1346 4339 ’graviter'
1369 4267 1592 4321 fallitur.
1639 4266 1932 4323 Verebatur

359 4334 568 4407 scilicet
587 4334 957 4407 Gothofredus
980 4377 995 4401 ,
1030 4334 1174 4392 ne'si
1229 4337 1573 4393 diaconicum
1603 4353 1727 4407 pars
1755 4339 1930 4393 eccle-

361 4406 456 4460 size
485 4414 650 4478 esset,
675 4406 968 4478 Christiani
999 4417 1212 4462 statuas
1235 4418 1398 4477 atque
1439 4406 1705 4478 imagines
1728 4408 1931 4464 Christi

358 4477 490 4529 olim
535 4476 588 4528 in
618 4475 865 4530 ecclesiis
896 4478 1152 4534 habuisse
1177 4475 1510 4532 viderentur.
1543 4475 1618 4531 De
1651 4479 1935 4532 diaconico

360 4547 600 4615 loquitur
623 4545 864 4601 Joannes
896 4545 1150 4602 Moschus
1185 4547 1238 4600 in
1274 4548 1456 4607 Prata.
1483 4549 1659 4615 capite
1685 4549 1778 4612 25,
1812 4549 1936 4600 Εἰσ-

356 4616 523 4688 ῆλθεν
568 4619 624 4688 ἐν
669 4616 746 4687 τῷ
777 4616 1068 4688 διίακονικῴ
1115 4617 1318 4671 κλαίων
1346 4619 1458 4688 -καὶ
1501 4617 1712 4688 ῥίπτων
1745 4618 1935 4671 ἐαυτὸν

358 4687 456 4739 ἐπὶ
485 4686 794 4757 πρόσωπον.
823 4686 1092 4756 lutet-pres
1115 4688 1302 4742 vertit:
1335 4686 1615 4755 Ingreésus
1643 4697 1719 4742 est
1749 4703 1936 4741 sacra-

359 4758 501 4828 rium
535 4757 771 4828 plorans,
795 4760 1114 4828 conditque
1133 4759 1188 4811 in
1215 4759 1406 4825 faciem
1431 4774 1607 4812 suam.

434 4827 546 4912 (47)
597 4827 746 4912 Mm?
781 4826 848 4879 δὲ
881 4825 1078 4910 τοῦτο.
1117 4828 1619 4912 gerihcndumdest
1675 4825 1824 4912 αὐτῷ
1880 4827 1936 4880 δέ

357 4897 560 4970 τούτῳ,
588 4897 776 4970 supple
803 4898 1095 4970 τιμῶντες.
1117 4898 1288 4952 Paulo
1315 4904 1438 4966 post
1478 4898 1642 4952 etiam
1685 4899 1933 4952 scriben-

359 4969 492 5040 dum
515 4968 628 5040 καὶ
655 4968 732 5038 τῷ
759 4969 875 5038 μεθ’
911 4968 1108 5040 ἡδονῆς
1128 5009 1142 5028 ,
1179 4980 1283 5023 etc.

435 5039 544 5110 (48)
573 5038 1011 5110 smmum-uc.
1047 5038 1404 5110 Scribendum
1433 5048 1517 5094 est
1545 5039 1735 5108 procul
1765 5038 1932 5093 dubio

362 5107 751 5180 θεασομένους.
775 5109 976 5165 Verum
1005 5113 1055 5164 in
1091 5111 1277 5165 codice
1304 5107 1559 5165 Bocharti
1589 5110 1748 5178 longe
1778 5110 1935 5180 aliter

363 5179 623 5251 scribitur
654 5183 740 5235 hic
769 5182 946 5244 locus,
982 5181 1084 5236 hoc
1114 5181 1321 5251 scilicet
1359 5182 1556 5235 modo:
1591 5181 1698 5233 Kal.
1730 5179 1790 5251 τδ
1816 5179 1934 5251 μεθ’

362 5244 554 5324 ἡβονῆς
577 5253 862 5324 ἐπιφοιτᾷν
886 5252 962 5323 τῷ
987 5252 1140 5322 τόπῳ
1160 5251 1228 5324 τὸ
1253 5247 1388 5324 εἶδος
1410 5244 1934 5324 θεραπευσομένους,

362 5314 456 5395 τὸν
480 5314 627 5395 περὶ.
651 5314 1054 5395 τδάρχέτύπον
1082 5314 1244 5376 πόθον
1277 5314 1732 5393 ἐπιδεικὶνύμενοιξ
1757 5321 1934 5395 Quali!

362 5385 582 5454 quidem
614 5385 898 5449 lectionem
930 5396 1268 5451 verissimam
1294 5408 1414 5449 esse
1445 5385 1717 5449 existimo.
1754 5385 1827 5444 Τὸ
1861 5386 1934 5444 εἷ-

2035 3639 2124 3702 δος
2157 3637 2622 3709 θεραπευσόμενοι
2649 3677 2664 3702 ,
2701 3637 2752 3691 id
2782 3645 2865 3709 est
2889 3677 2903 3702 ,
2935 3635 3215 3709 imaginem
3257 3635 3403 3709 illam
3445 3638 3619 3691 obser-

2036 3704 2235 3762 vaturi.
2287 3704 2901 3777 Certe'Philostorgius
2959 3704 3234 3776 σεϐασμὸν
3284 3706 3516 3777 quidem
3559 3719 3618 3762 et

2037 3778 2404 3849 προσκύνησιν
2432 3777 2626 3849 statuis
2655 3786 2709 3832 et
2730 3776 3056 3849 imaginibus
3083 3790 3427 3849 nequaquam
3455 3776 3615 3849 adhi-

2040 3845 2272 3902 bendam
2304 3845 2428 3902 esse
2453 3847 2703 3910 allirmat,
2723 3845 3018 3917 θεραπείαν
3051 3859 3201 3908 vero,
3227 3845 3405 3917 idest,
3433 3846 3619 3917 poluer-

2036 3919 2271 3972 vantiam
2304 3932 2412 3970 non
2447 3917 2697 3987 denegat.
2722 3915 2854 3970 Nam
2890 3915 3052 3986 paulo
3097 3925 3223 3987 ante
3246 3916 3384 3970 dixit
3412 3916 3478 3987 de
3507 3919 3618 3987 hac

2036 3998 2221 4058 statua
2245 4027 2260 4051 ,
2285 3988 2377 4058 τὸν
2400 3987 2458 4040 δὲ
2486 3985 2779 4058 ἀνδριάντα
2811 3985 3279 4058 μεταστησάμενοι
3311 3988 3369 4038 ἐν
3394 3985 3471 4057 τῷ
3501 3986 3617 4042 διαο

2035 4057 2334 4129 κονικῷντὰ
2371 4054 2650 4129 πρέποντα
2691 4054 3052 4129 ἐθεράπευον(
3080 4054 3204 4109 Haec
3230 4071 3392 4125 porro
3421 4054 3617 4129 obser-

2033 4128 2216 4182 vantia
2248 4128 2302 4181 in
2354 4128 2424 4183 eo
2460 4128 2828 4193 consistebat,
2863 4136 2921 4181 ut
2952 4135 3131 4181 statua
3166 4139 3329 4194 quam
3382 4128 3619 4182 maxime

2034 4199 2250 4258 niteret,
2282 4212 2382 4268 nec
2415 4198 2636 4268 pulvere
2662 4207 2757 4251 aut
2801 4196 3055 4252 sordibus
3085 4205 3180 4268 aut
3227 4197 3618 4268 rubigineim-

2035 4269 2292 4338 pleretur.
2345 4264 2823 4337 ln'mauuscripto
2853 4264 3448 4338 quoqueAScoriacensi
3482 4267 3618 4337 legi-

2037 4333 2124 4409 tur
2154 4337 2620 4409 ἐπιδεικνύμενοι,
2654 4333 2763 4392 non
2800 4333 3261 4392 ut'Gothol‘redus
3290 4335 3460 4391 edidit
3493 4333 3618 4389 ἐπι-

2035 4407 2088 4460 δε
2096 4424 2214 4478 ικνυ
2224 4407 2417 4478 μένους
2427 4447 2439 4461 .

1969 4457 2009 4512 Β
2054 4457 2437 4546 ἨίέθίῃΤὸὖξ
2483 4477 3051 4543 ἐκκλησιαστικούς.
3117 4475 3476 4530 Scribendum
3535 4487 3621 4532 est

2041 4549 2229 4616 procul
2279 4549 2446 4603 dubio
2477 4548 2538 4600 τὸ
2595 4547 2945 4616 Ἑλληνικόν,
2983 4556 3043 4600 ut
3093 4547 3291 4616 legitur
3334 4546 3388 4599 in
3427 4547 3620 4602 codice

2041 4615 2429 4682 Bochartiano,
2471 4627 2525 4671 et
2552 4619 2691 4687 apud
2717 4615 3106 4688 Nicephorum.
3124 4615 3364 4688 ,Phrasis
3385 4615 3620 4688 destPhi-

2039 4690 2309 4758 lostorgii.
2344 4705 2449 4758 qua
2475 4686 2610 4743 usus
2645 4699 2726 4743 est
2761 4686 2923 4757 patilo
2965 4699 3090 4758 ante
3121 4687 3174 4741 in
3209 4701 3332 4755 cap.
3376 4686 3412 4758 2
3455 4688 3622 4758 hujus

2039 4703 2210 4742 toswr
2252 4705 2309 4751 ει,
2344 4705 2449 4758 qua
2475 4705 2610 4743 usus
2645 4703 2726 4743 εει
2761 4703 2923 4757 paulo
2965 4703 3090 4742 ante
3121 4703 3174 4741 tn
3209 4703 3332 4755 cap.
3376 4703 3412 4739 τ
3455 4703 3620 4809 nugas

2038 4759 2185 4883 laibr‘ii.
2215 4705 2388 4813 gaulo
2425 4766 2549 4829 post
2575 4774 2640 4813 ex
2670 4759 2861 4814 iisdem
2891 4757 3173 4813 codicibus
3201 4757 3489 4811 emendavi
3558 4775 3620 4810 κ-

2069 4845 2140 4883 ησ
2185 4846 2354 4883 μενοι.

2109 4846 2354 4883 σαμενοι.

2069 4845 2411 4971 ηῖέξόῖνῗὲφ
2462 4891 2529 4966 ᾧ.
2575 4899 2633 4954 In
2686 4899 3066 4971 manuscriptg
3112 4897 3299 4971 codice
3349 4894 3623 4971 Samuelis

2042 4964 2298 5024 Bocha'rti
2333 4964 2598 5039 scriptum
2634 4971 2815 5024 inveni
2847 4971 2905 5022 ἐν
2933 4964 2996 5039 ᾧ.
3028 4969 3096 5022 Ει
3121 4968 3427 5039 statimpro
3449 4968 3622 5022 verbo

2086 5039 2322 5094 άσασθαι
2349 5037 2492 5109 quod
2522 5041 2679 5094 nauci
2713 5049 2817 5101 est,
2846 5037 2988 5095 idem
3017 5040 3189 5095 codex
3219 5037 3483 5109 scriptum
3517 5039 3620 5092 hac

2077 5122 2132 5165 et
2177 5110 2513 5174 θεάσασθαι,
2549 5111 2753 5179 Optime
2784 5113 2975 5179 procul
3015 5110 3214 5175 dubio,
3256 5108 3622 5179 quemadmo-

2041 5181 2170 5235 dum
2221 5182 2385 5236 etiam
2417 5178 2755 5250 conieceram
2775 5178 2800 5244 ,ί
2827 5190 3121 5251 antequam
3173 5179 3417 5234 codicem
3465 5178 3622 5234 illum

2045 5261 2239 5306 nactus
2275 5267 2474 5306 essem.

2135 5321 2246 5391 (51)
2291 5320 2415 5375 Τῶν
2465 5321 2653 5387 ταύτῃ
2713 5322 3059 5391 οἰκούντων.
3125 5320 3309 5375 Codex
3369 5316 3624 5373 Bocharti

2045 5388 2308 5461 scriptum
2343 5391 2504 5447 habet
2541 5391 2649 5444 τῶν
2677 5391 2882 5463 ταύτην
2913 5388 3226 5446 οἰκούντων.

1825 5543 2174 5588 VARIORUM.

437 5647 512 5728 (α)
539 5648 873 5728 ιξοιιίτάρειςιςιΔ
890 5657 926 5721 ή
949 5660 1264 5713 Φιλίππου.
1294 5659 1437 5712 Idem
1465 5657 1932 5728 scribitJosephus

368 5718 457 5778 De
489 5719 619 5775 bello
654 5718 782 5773 Iud.
821 5718 921 5777 lib.
953 5740 1011 5787 ll,
1040 5741 1088 5782 c.
1126 5728 1186 5781 l5
1212 5767 1225 5792 ,
1252 5729 1507 5788 Φίλιππος
1539 5740 1642 5805 (sc.
1705 5718 1930 5784 Herodis

2040 5657 2111 5713 Μ.
2148 5658 2324 5727 ﬁlius)
2357 5659 2604 5742 Πανεάδα
2630 5659 2728 5742 τῂν
2769 5658 2899 5742 ape;
2928 5658 3278 5742 τρῖς-πηγαῖς
3303 5655 3398 5742 τοΞ
3423 5651 3628 5742 1.996%-

2042 5747 2127 5782 νου
2198 5723 2610 5793 κατασκευάσας
2663 5723 3320 5805 6‘20;1.&Ce:Kat’sripeLav.
3359 5723 3509 5781 Unde
3564 5733 3623 5778 οι
