4020 6196
303 291 402 349 εει

1344 273 1904 335 ECCLESIASTICE
1943 268 2288 328 HISTORIA?
2330 269 2461 325 LIB.
2493 268 2606 322 Vll.

3475 259 3586 317 ειει

304 399 497 464 ξόανον
539 394 677 464 αὐτῇ
724 389 1189 463 καθιδρυσάντων,
1231 391 1312 455 είς
1346 389 1445 462 τὴν
1481 390 1581 460 τῆς
1632 386 1903 452 Πανεάδος

2010 398 2135 455 ceps
2166 384 2270 439 fuit
2294 384 2459 439 unius
2488 381 2694 445 tribus,
2731 393 2855 450 quat
2882 379 2939 433 in
2972 377 3057 433 bis
3089 376 3225 432 locis
3253 384 3383 431 tunc
3422 374 3581 431 sedes

307 494 466 545 tmv
481 485 633 555 δμίαν
661 478 979 553 μετέϐαλεν.

2010 476 2277 557 babebat.
2306 475 2356 529 id
2394 479 2814 545 cognomentum
2858 469 3102 525 trahens.
3139 463 3355 525 Secutis
3397 474 3581 521 autem

309 581 652 654 temporibus
678 577 927 635 Caesarva
959 577 1192 650 Philippi
1224 578 1607 652 cognominata
1645 584 1749 634 est.
1783 576 1889 632 Sed
1925 589 2051 631 cum
2075 573 2306 646 gentiles
2341 572 2507 627 Panis
2543 569 2903 641 simulacrum
2957 567 3014 622 in
3069 582 3134 622 ea
3187 564 3577 628 collocassent,

314 680 377 734 in
407 673 665 731 Paneadis
693 672 1022 729 vocabulum
1056 676 1292 729 transiit.

387 769 453 823 δ’.
484 767 607 820 Ὅτι
640 765 750 818 τῶν
794 765 1156 837 Ἑλληνιστῶν
1183 766 1251 820 τά
1277 765 1604 821 ἀτοπώτατα
1636 764 1778 820 κατά
1797 764 1906 818 τῶν

322 859 668 933 Χριστιανῶν
699 856 978 928 πανταχοῦ
1010 858 1450 928 παλαμωμένων,
1489 856 1766 911 καὶτοῦτο
1791 859 1905 920 τοῖς

325 949 551 1006 ἀσεϐέσι
605 947 750 1003 κατὰ
803 947 1167 1018 Παλαιστίνην
1214 946 1771 1019 δεδραματούργηται.
1824 944 1906 998 Τά

326 1037 419 1092 τοῦ
460 1038 743 1109 προφήτου
789 1034 1090 1089 Ἐλισσαίου
1134 1036 1269 1089 ὀστᾶ
1318 1037 1412 1088 καὶ
1459 1031 1554 1089 τοῦ
1600 1033 1904 1089 Βαπτιστοῦ

336 1129 584 1183 Ἰωάννου
610 1129 689 1198 (α)
742 1127 897 1198 (ἐκεῖ
946 1127 1056 1198 γὰρ
1085 1128 1252 1197 ἄμφω
1295 1126 1593 1198 ἐτέθαπτο)
1642 1127 1751 1180 τῶν
1805 1126 1905 1198 θη-

323 1218 435 1273 κῶν
469 1219 814 1289 ἐξελόμενοι,
860 1219 956 1272 καὶ
988 1217 1140 1284 ζώων
1175 1219 1353 1283 ὀστοῖς
1393 1218 1602 1287 ἀλόγων
1628 1234 1905 1287 συγκαταο

316 1308 579 1379 μίξαντες
598 1349 615 1371 ,
645 1308 779 1380 ὁμοῦ
813 1309 947 1381 πρὸς
979 1309 1129 1363 κόνιν
1156 1310 1501 1364 κατέκαυσαν
1522 1349 1540 1375 ,
1572 1310 1668 1365 καὶ
1703 1312 1783 1374 είς
1810 1310 1903 1364 τὸν

312 1399 459 1471 ἀέρα
486 1398 883 1471 διεσπείραντο.
902 1399 1013 1453 Καὶ
1038 1401 1167 1463 τοὺς
1184 1398 1664 1470 Χριστιανίζοντας
1694 1401 1753 1456 δὲ
1780 1400 1904 1455 συλ-

312 1489 688 1561 λαμϐάνοντες
711 1530 726 1555 ,
757 1489 906 1543 ἐστιν
960 1491 1049 1545 ὅτε
1080 1492 1195 1555 τοῖς
1245 1480 1450 1563 βωμοῖς
1502 1492 1902 1563 ἀναπτομένοις

311 1580 398 1647 ὡς
429 1582 603 1649 ἱερεῖα
634 1579 955 1634 ἐπετίθεσαν
978 1598 992 1611 ο
1028 1582 1123 1636 καὶ
1154 1583 1235 1646 είς
1280 1582 1480 1653 πολλὴν
1523 1582 1691 1655 ἄλλην
1727 1584 1901 1655 ἀρρη-

312 1670 580 1741 τουργίαν
606 1670 1103 1742 ἐξεϐακχεύθησαν.
1131 1671 1314 1744 ’Δπερ
1355 1673 1643 1738 Ἰουλιανὸς
1671 1675 1898 1729 ἐπιστά-

318 1779 485 1834 μενος
507 1763 607 1833 οὐχ
633 1763 780 1826 ὅπως
815 1761 1011 1833 ἤχθετο
1028 1803 1044 1826 ,
1077 1762 1216 1818 ἀλλὰ
1242 1765 1338 1817 καὶ
1366 1764 1733 1836 διαφερόντως
1758 1766 1905 1836 ἔχαι-

319 1870 440 1925 ρεν,
488 1853 580 1908 καὶ
611 1852 714 1923 τῆς
748 1853 850 1925 μὲν
876 1853 987 1924 (52)
1026 1855 1119 1908 ἐπὶ
1148 1857 1263 1918 τοῖς
1288 1854 1582 1928 δρωμένοις
1619 1855 1905 1921 δυσκλείας

316 1947 405 2009 είς
435 1944 654 2015 ἑτέρους
679 1943 936 2015 ἀνιούσης
957 1983 973 2010 ,
998 1945 1100 2016 τῆς
1122 1946 1167 1999 δ’
1193 1946 1355 1999 αὐτοῦ
1388 1944 1612 2019 γνώμης
1631 1949 1742 2010 τοῖς
1763 1947 1907 2002 ὲκεί-

319 2053 435 2089 νων
464 2035 643 2105 ἔργοις
667 2036 1089 2109 περαιουμένης.
1126 2035 1359 2091 Συνιδὼν
1413 2038 1471 2091 δὲ
1496 2076 1511 2101 ,
1549 2038 1637 2095 διὰ
1684 2038 1784 2111 τῆς
1810 2056 1905 2093 το·-

322 2124 540 2196 σαύτης
592 2124 787 2195 μανίας
834 2125 988 2180 οὐδὲν
1025 2118 1101 2181 ὧν
1158 2126 1410 2182 ἐϐούλετο
1466 2130 1858 2200 περαινόμενον
1887 2144 1902 2159 ⁸

323 2215 536 2288 μᾶλλον
563 2215 669 2286 γάρ
701 2215 763 2270 τὸ
780 2218 1124 2287 Χριστιανῶν
1152 2219 1605 2293 πολιορκούμενον
1629 2221 1907 2294 ὲπερρὠν-

319 2323 454 2361 νυτο
476 2309 765 2381 φρόνημα·
809 2311 1118 2382 μηχανᾶται
1152 2310 1277 2373 τοὺς
1312 2313 1371 2366 ὲν
1411 2313 1612 2375 αἰτίαις
1648 2313 1907 2385 ἐκϐεϐλη-

324 2395 526 2466 μένους
555 2398 668 2470 (55)
695 2399 805 2455 τῶν
842 2400 1156 2455 ἐπισκόπων
1180 2440 1195 2465 ,
1232 2403 1327 2456 καὶ
1372 2404 1500 2467 τούς
1536 2404 1652 2458 ἀντ’
1683 2405 1907 2460 ἐκείνων

322 2486 555 2558 ἔχοντας
602 2491 728 2556 τοὺς
756 2492 978 2564 θρόνους
1000 2532 1015 2556 ,
1063 2494 1143 2557 είς
1194 2494 1430 2566 πόλεμον
1472 2496 1759 2569 συῤῥάξαι.
1795 2500 1907 2554 Kal

322 2579 394 2651 δὴ
422 2581 606 2655 πάσης
632 2582 880 2651 ἐξουσίας
913 2586 1153 2659 ἑκατέρᾳ
1185 2588 1349 2661 μοίρᾳ
1383 2590 1657 2660 μετεδίδου
1679 2630 1695 2656 ,
1727 2592 1904 2663 πράτ-

323 2689 444 2727 τειν
476 2675 578 2728 ὅσα
611 2676 706 2730 καὶ
737 2675 942 2730 δυνατά
974 2677 1158 2742 αὐτοῖς
1207 2679 1292 2749 εἴη
1335 2681 1416 2744 είς
1448 2678 1545 2750 τὴν
1575 2681 1780 2734 οἰκείαν
1814 2682 1909 2735 σύ-

326 2765 523 2818 στασίν
555 2781 613 2820 τε
666 2768 761 2820 καὶ
800 2767 1121 2837 ἀσφάλειαν.
1164 2768 1259 2835 Ἐξ
1292 2763 1369 2824 ὧν
1422 2774 1617 2826 ἐκεῖνοι
1649 2773 1784 2844 πρὸς
1815 2775 1907 2828 ἀλ-

324 2853 529 2925 λήλους
559 2857 992 2929 συρῤηγνύμενοι
1016 2856 1087 2929 (b)
1115 2898 1131 2923 ,
1168 2860 1369 2931 πολλὴν
1400 2862 1786 2935 ἀσχημοσύνην
1815 2865 1910 2918 καὶ

329 2944 578 3015 μέμψιν,
609 2945 748 3016 ὅπερ
773 2941 841 3018 ἦν
870 2946 948 3017 τῷ
982 2949 1263 3020 ἀποστάτῃ
1298 2950 1620 3022 σπούδασμα
1647 2992 1663 3016 ,
1735 2969 1908 3024 προσ-

2071 774 2126 831 4.
2156 774 2387 830 Gentiles
2435 776 2494 829 in
2536 782 2748 828 sanctos
2787 780 3023 826 mortuos
3068 771 3306 841 vivosque
3332 770 3576 826 ueniunt.

2009 864 2263 920 Julianus
2290 866 2555 935 episcopos
2588 865 2730 918 inter
2758 880 2811 918 se
2838 863 3142 917 committit.
3161 859 3381 916 -—Cum
3410 862 3580 917 multa

2002 956 2206 1010 atrocia
2236 958 2462 1026 gentiles
2488 955 2753 1009 adversus
2781 952 3122 1009 Christianos
3154 952 3353 1022 ubique
3389 966 3582 1021 perpe-

2005 1056 2239 1112 trarunt,
2273 1056 2387 1102 tum
2415 1048 2559 1103 istud
2588 1045 2803 1101 facinus
2833 1046 2903 1100 ab
2933 1044 3127 1100 iisdem
3168 1044 3463 1098 admissum
3497 1051 3581 1097 est

2008 1138 2062 1193 in
2097 1139 2407 1194 Palmstina.
2447 1136 2625 1193 Elisaai
2661 1137 2937 1207 prOpbctaa
2970 1144 3026 1190 et
3051 1132 3279 1189 Joannis
3327 1131 3583 1201 Baptista

2008 1246 2132 1286 ossa
2158 1271 2176 1298 ,
2233 1247 2264 1285 e
2299 1230 2494 1285 loculis
2533 1230 2649 1285 suis
2681 1237 2957 1284 extracta:
3000 1227 3113 1282 illic
3157 1227 3301 1281 enim
3353 1235 3583 1295 uterque

2004 1337 2193 1377 eorum
2230 1322 2478 1391 sepultus
2532 1319 2739 1375 fuerat:
2773 1318 3055 1373 brutorum
3088 1315 3406 1370 animalium
3435 1315 3583 1371 ossi—

2006 1411 2110 1466 bus
2135 1411 2562 1480 permiscentes,
2616 1409 2727 1479 igni
2761 1407 3133 1462 tradiderunt.
3162 1413 3218 1460 et
3255 1404 3309 1458 in
3339 1403 3578 1458 cinerem

2006 1503 2224 1556 redacta
2253 1510 2573 1571 sparserunt
2620 1501 2673 1553 in
2710 1508 2953 1554 ventum.
3000 1495 3287 1551 Nonnullis
3314 1495 3478 1550 etiam
3522 1494 3579 1549 in

2004 1593 2142 1649 locis
2185 1592 2532 1649 Christianos
2559 1608 2682 1648 cum
2718 1588 3291 1660 comprehendissent,
3340 1586 3452 1641 aris
3492 1585 3581 1639 in-

1934 1728 1976 1781 η
2004 1687 2184 1743 censis
2215 1694 2474 1755 tanquam
2519 1685 2766 1740 victimas
2809 1683 3214 1750 imposuerunt;
3247 1678 3414 1731 multa
3443 1690 3582 1746 quo-

2008 1792 2117 1851 que
2148 1777 2253 1832 alia
2287 1776 2435 1831 dictu
2467 1774 2738 1832 horrenda
2761 1815 2777 1839 ,
2812 1773 2959 1828 velut
2991 1770 3176 1826 furore
3204 1766 3394 1838 perciti
3423 1780 3579 1820 cum-

2008 1866 2294 1920 miseruut.
2344 1864 2478 1931 Quae
2520 1879 2645 1920 cum
2691 1861 2946 1917 Julianus
2990 1858 3158 1929 probe
3213 1864 3437 1918 nosset.
3471 1868 3580 1908 non

2007 1957 2170 2012 modo
2200 1957 2512 2023 indignatus
2570 1969 2679 2010 non
2735 1962 2818 2009 est
2852 1992 2868 2017 ,
2925 1965 3111 2005 verum
3164 1947 3329 2003 etiam
3385 1945 3584 2016 gaudio

2005 2047 2319 2111 exsultavit,
2338 2062 2460 2102 cum
2494 2045 2717 2100 infamia
2744 2044 2961 2114 quidem
2987 2039 3253 2097 atrocium
3278 2038 3581 2094 facinorum

2007 2153 2175 2207 penes
2200 2137 2338 2192 alios
2369 2145 2548 2203 esset;
2574 2136 2745 2206 ipsius
2769 2142 2951 2189 autem
3001 2132 3258 2187 voluntas
3296 2127 3457 2183 factis
3482 2140 3582 2180 eo.-

2006 2243 2124 2282 rum
2151 2228 2557 2297 adimpleretur.
2592 2224 2696 2281 Sed
2728 2241 2852 2280 eum
2875 2221 3354 2283 animadverteret,
3390 2213 3582 2282 hujus-

2005 2318 2151 2373 modi
2180 2318 2466 2374 atrocitate
2500 2317 2632 2371 nihil
2681 2330 2870 2372 eorum
2901 2328 3024 2385 quae
3049 2310 3334 2380 cupiebat,
3365 2307 3433 2362 ad
3464 2305 3583 2361 exi-

2005 2418 2121 2466 tum
2157 2409 2412 2479 perduci:
2440 2409 2641 2479 quippe
2677 2408 3115 2464 Christianorum
3142 2418 3284 2474 quos
3308 2412 3585 2470 oppugna-

2006 2500 2143 2567 bat,
2179 2501 2399 2555 animus
2455 2499 2629 2570 magis
2681 2514 2747 2554 ac
2796 2498 2968 2569 magis
3025 2492 3487 2552 conﬁrmabatur,
3525 2487 3578 2541 id

2007 2599 2349 2646 commentus
2374 2598 2497 2657 est,
2530 2599 2592 2643 ut
2618 2589 2906 2659 episcopos
2947 2587 3041 2657 qui
3073 2585 3142 2640 ob
3178 2582 3357 2639 varias
3386 2593 3588 2635 causas

2007 2680 2219 2750 expulsi
2252 2680 2469 2735 fuerant
2492 2719 2508 2742 .
2535 2694 2739 2749 eosque
2764 2679 2858 2748 qui
2892 2677 2944 2732 in
2990 2677 3208 2732 illorum
3245 2675 3428 2729 locum
3457 2669 3589 2725 sub-

2008 2772 2179 2828 stituti
2227 2779 2426 2833 erant,
2466 2768 2608 2823 inter
2648 2783 2708 2824 se
2753 2767 3136 2823 committeret.
3167 2763 3395 2832 Utrique
3425 2760 3589 2831 igitur

2007 2862 2150 2934 parti
2200 2859 2477 2916 licentiam
2505 2859 2654 2913 dedit
2694 2856 2926 2913 faciendi
2971 2869 3311 2926 quacunque
3364 2859 3591 2921 possent

2010 2953 2078 3009 ad
2116 2952 2513 3007 restitutionem
2553 2963 2709 3005 suam
2758 2963 2824 3004 ac
2867 2947 3260 3003 defensionem.
3307 2941 3482 3010 Quam
3516 2940 3592 2993 ob

326 3032 614 3105 ετρίϐοντο
650 3037 715 3107 τῇ
739 3036 1010 3109 εὐσεϐείᾳ.
1040 3037 1152 3091 Kal
1178 3037 1313 3093 ἄλλα
1336 3038 1395 3092 δὲ
1425 3038 1526 3110 τῆς
1553 3040 1720 3111 αὐτῆς
1741 3058 1907 3095 κακο-

2011 3058 2238 3099 causam
2294 3041 2372 3095 illi
2416 3041 2559 3095 inter
2590 3055 2648 3096 se
2686 3039 2861 3096 collisi
2888 3079 2904 3105 ,
2933 3038 3124 3106 ingens
3156 3036 3391 3092 dedecus
3424 3040 3587 3101 atque

327 3124 553 3194 τεχνίας
602 3125 874 3196 συνεπῆγε
904 3141 917 3155 ⁸
958 3126 1084 3191 τούς
1133 3144 1193 3180 τε
1242 3127 1349 3201 γάρ
1386 3129 1445 3182 ὲν
1493 3129 1680 3201 κλήρῳ
1723 3148 1909 3185 κατει-

329 3214 635 3286 λεγμένους
663 3219 744 3281 είς
762 3219 860 3289 τὴν
886 3218 997 3271 τῶν
1026 3218 1327 3290 βουλευτῶν
1348 3221 1647 3293 ἀνέστρεφε
1676 3221 1911 3294 λειτουρ-

330 3306 596 3375 γίαν,καὶ
617 3307 727 3361 τῶν
755 3308 1089 3379 Ἐκκλησιῶν
1116 3309 1185 3364 τά
1213 3310 1499 3382 σιτηρέσια
1523 3313 1637 3376 τοῖς
1651 3311 1759 3365 τῶν
1792 3312 1910 3366 δαι-

333 3398 544 3469 μονίων
568 3398 929 3481 θεραπευταῖς
969 3401 1242 3473 μετεδίδου
1261 3441 1278 3468 ,
1314 3403 1410 3457 καὶ
1437 3403 1616 3459 πάντα
1651 3405 1911 3479 πράττειν

330 3494 442 3547 οὐκ
474 3494 701 3549 ἐνεδίδου
721 3512 735 3526 ’
770 3495 832 3563 ἐξ
880 3489 954 3552 ὧν
982 3498 1049 3551 τά
1089 3497 1188 3568 μὲν
1220 3498 1445 3572 ἀκμάσῃ
1476 3498 1545 3552 τὰ
1576 3498 1682 3553 τῶν
1717 3500 1910 3569 δαιμό-

332 3601 473 3653 νων,
489 3585 558 3640 τὰ
578 3586 634 3639 δὲ
654 3585 755 3658 τῆς
782 3588 1094 3657 εὐσεϐείας,
1118 3588 1193 3653 ὡς
1212 3587 1477 3659 ἐνόμιζεν,
1504 3590 1582 3654 είς
1606 3589 1910 3662 ἀφανισμὸν

336 3676 686 3750 συνελαθείη.

418 3941 481 3995 ε’.
509 3941 664 4006 Ὅτι,
696 3942 861 4012 φησι,
891 3943 1000 3996 τῶν
1029 3943 1368 4013 πραγμάτων
1400 3942 1543 3996 οὐτω
1574 3944 1913 4015 φερομένων,

340 4036 430 4098 είς
462 4034 680 4105 μνήμην
724 4033 975 4100 Εὐδόξιος
1027 4032 1264 4088 ἀνελθὼν
1295 4033 1403 4089 τῶν
1453 4036 1631 4106 ὅρκων
1686 4034 1917 4090 καὶτῶν

341 4125 693 4195 ὓποσχέσεων
722 4125 788 4189 ἃς
817 4124 958 4196 ὑπὲρ
999 4127 1203 4180 Ἀετίου
1243 4127 1381 4200 πρὸς
1421 4127 1686 4197 Εὐνόμιον
1735 4128 1921 4182 ἀνεδέ-

344 4215 485 4280 ξατο
503 4256 516 4277 ,
560 4214 775 4290 σύνοδον
824 4217 1127 4271 ἐπιστέλλει
1179 4217 1258 4290 τῷ
1314 4217 1640 4290 ’Δντιοχείας
1693 4218 1920 4290 Εὐζωῖῳ

2009 3132 2386 3203 opprobrium,
2412 3129 2871 3201 quemadmodum
2904 3134 3164 3196 apostata:
3192 3125 3247 3179 in
3276 3123 3418 3179 votis
3447 3129 3585 3188 erat,

2009 3220 2257 3291 religioni
2296 3230 2494 3274 nostra:
2526 3217 2848 3273 intulerunt.
2885 3216 3005 3270 Alia
3054 3227 3273 3284 quoque
3321 3212 3408 3267 bis
3437 3210 3589 3280 adje-

2011 3312 2088 3367 cit
2120 3327 2227 3367 non
2255 3311 2538 3367 dissimilis
2569 3308 2970 3380 malignitatis;
3014 3321 3110 3363 eos
3142 3305 3287 3361 enim
3315 3303 3412 3373 qui
3441 3302 3591 3357 clero

2012 3402 2237 3472 ascripti
2284 3413 2472 3468 erant,
2507 3403 2575 3457 ad
2626 3402 2875 3473 publicas
2904 3400 3255 3456 decurionum
3288 3395 3591 3451 functiones

2015 3497 2262 3560 retraxit,
2296 3503 2351 3551 et
2394 3494 2770 3551 Ecclesiarum
2800 3508 3049 3550 annonas
3080 3489 3346 3547 ministris
3391 3486 3595 3543 daemoz

2015 3604 2147 3644 num
2175 3589 2415 3644 tradidit.
2451 3587 2694 3657 Denique
2722 3588 2905 3642 omnia
2964 3584 3144 3640 facere
3176 3591 3241 3633 ac
3271 3578 3449 3633 moliri
3484 3593 3589 3633 non

2015 3679 2254 3744 destitit,
2286 3686 2348 3732 ut
2393 3678 2705 3733 daemonum
2736 3678 2955 3746 quidem
2994 3672 3308 3743 superstitio
3339 3671 3583 3735 ﬂoreret;

2017 3779 2200 3824 nostra
2232 3779 2409 3823 autem
2448 3766 2639 3837 religio
2673 3802 2689 3831 ,
2722 3766 2880 3821 sicuti
2915 3764 3200 3835 sperabat,
3256 3760 3470 3830 penitus
3499 3774 3592 3814 ex-

2015 3860 2398 3927 stingueretur.

2087 3949 2137 4003 5.
2171 3946 2406 4005 Eudoxii
2444 3958 2494 4005 et
2525 3947 2800 4003 Eusoiide
2844 3946 2994 4003 Aetio
3040 3944 3182 3998 rixa.
3222 3971 3291 3981 —
3322 3938 3458 3994 Dum
3504 3953 3592 3993 res

2019 4043 2126 4098 hoc
2148 4042 2202 4098 in
2239 4052 2384 4099 statu
2416 4049 2637 4107 essent,
2670 4038 2948 4094 Eudoxius
2978 4036 3033 4091 in
3085 4030 3404 4087 memoriam
3437 4043 3592 4083 revo-

2020 4147 2153 4187 cans
2181 4130 2565 4203 jusjurandum
2597 4138 2653 4185 et
2699 4127 3024 4199 sponsiones
3052 4123 3254 4195 quibus
3289 4134 3410 4175 sese
3451 4116 3593 4186 apud

2024 4218 2348 4276 Eunomium
2385 4218 2753 4275 obstrinxerat
2796 4216 2851 4272 in
2900 4214 3128 4287 gratiam
3168 4208 3343 4273 Aetii,
3388 4205 3596 4262 litteras

345 4287 735 4378 συναθρόϊσαι,
767 4307 835 4360 δι’
869 4302 937 4380 ἧς
982 4307 1087 4362 ἔδει
1125 4287 1239 4362 τὸν*
1264 4307 1467 4363 Ἀέτιον
1492 4287 1595 4382 ⁷τῆς
1624 4287 1911 4365 καταδικα-

2024 4311 2240 4382 scripsit
2263 4312 2331 4368 ad
2353 4310 2615 4367 Euzoium
2633 4308 3057 4365 Antiochensem
3079 4303 3421 4376 episcopum,
3443 4310 3601 4353 man-

1571 4481 1812 4526 VALESII
1849 4481 2348 4527 ANNOTATIONES.

410 4607 541 4679 ’(52)
562 4609 811 4679 νᾝχαιρε
829 4608 931 4663 καί
955 4607 1066 4678 τῆς
1085 4608 1223 4679 μέν.
1264 4606 1419 4675 Quod
1453 4608 1506 4662 in
1538 4607 1921 4679 AnnOtationi-

349 4677 462 4733 bus
508 4678 573 4732 ad
620 4677 910 4747 Evagrium
959 4677 1275 4741 observavi.
1325 4679 1379 4733 in
1437 4677 1707 4733 veteribus
1766 4678 1921 4732 libris

349 4761 499 4818 saepe
552 4747 641 4802 καί
675 4750 907 4817 positum
957 4764 1081 4805 esse
1124 4764 1220 4818 pro
1257 4748 1371 4812 ὡς,
1422 4748 1562 4818 idem
1588 4761 1825 4818 _quoque
1864 4748 1918 4802 in

352 4814 703 4888 Pbilostorgii
732 4818 886 4873 libris
927 4814 1167 4874 erratum
1198 4816 1549 4888 deprehendi.
1588 4814 1922 4888 L'ego'igitur

353 4889 466 4943 hoc
508 4885 899 4960 Ιυοοέχαιρεν
944 4888 1020 4954 ῶς
1048 4888 1148 4960 τῆς
1197 4885 1294 4959 μὲν
1347 4888 1440 4941 ἐπὶ
1487 4889 1598 4951 τοῖς
1624 4885 1922 4958 δρωμένοις

2026 4609 2330 4673 δυσκλείας,
2362 4618 2466 4665 etc.
2500 4607 2670 4663 Paulo
2701 4615 2825 4677 post
2854 4605 3198 4677 scribendum
3222 4612 3318 4677 est
3337 4601 3600 4677 Χριστια-

2026 4669 2648 4752 νῶνπολιορκουμένῳν,
2682 4669 2828 4748 quod
2852 4677 3021 4731 miror
3051 4691 3082 4729 τι
3113 4669 3447 4730 Gothofredo
3473 4671 3596 4725 ani-

2026 4748 2376 4805 madversum
2409 4748 2516 4804 non
2554 4748 2745 4809 fuisse.

2099 4821 2212 4891 (55)
2243 4819 2387 4887 Τοὺς
2410 4820 2481 4873 ἐν
2503 4807 2719 4891 αἰτίαις
2737 4815 3225 4891 ἐκϐεϐλημένους.
3242 4807 3599 4866 Scribendum

2027 4888 2117 4945 est
2128 4888 2319 4960 procul
2346 4890 2514 4946 dubio
2540 4890 2627 4942 ἐπ’
2658 4888 2880 4951 αἰτίαις.

1809 5013 2154 5062 VARIORUM.

356 5127 572 5184 Plinius
618 5125 714 5181 lib.
756 5141 812 5189 ν,
844 5138 966 5184 can.
1012 5125 1098 5180 15.
1133 5123 1398 5179 Jordanes
1447 5124 1620 5176 amnis
1666 5122 1841 5175 oritur
1897 5138 1926 5176 ε

356 5201 507 5270 [ante
539 5196 816 5270 Pqneade,
848 5200 1247 5270 qni_cog_uomen
1287 5193 1429 5270 dedit
1463 5193 1736 5270 Cttsareag:
1755 5190 1922 5270 IQuod

356 5262 544 5324 autem
596 5265 809 5320 Paucas
859 5262 895 5318 'a
942 5262 1103 5320 Panis
1159 5264 1451 5321 simulacro
1516 5263 1645 5316 olim
1696 5262 1769 5315 ibi
1828 5276 1928 5330 po-

356 5342 472 5396 sito
516 5335 894 5405 cognominata
945 5336 1137 5399 fuerit,
1184 5348 1371 5405 nemo
1429 5340 1925 5405 ye.terutn_praeter

362 5421 537 5462 unum
559 5398 979 5475 Pbilostorgium
1006 5398 1269 5475 prodidit,
1311 5411 1372 5458 ut
1395 5398 1647 5459 observat
1672 5398 1795 5455 Jac.
1829 5399 1928 5455 Go-

369 5476 640 5546 thofredus
662 5475 717 5528 in
741 5474 879 5546 hunc
902 5474 1091 5546 locum.
1233 5540 1261 5546 Α
1331 5541 1343 5546 _
1411 5541 1422 5546 _
1617 5538 1650 5546 __
1780 5513 1813 5546 ’Σ

435 5538 515 5615 ('a)
544 5543 884 5600 Βαπτιστοῦ
921 5542 1210 5615 Ἰωάννου.
1230 5540 1304 5615 De
1331 5541 1495 5615 hujus
1519 5538 1738 5615 ossibus
1763 5539 1929 5615 disje-

341 5609 471 5671 ctis
496 5609 859 5682 Philostorgto
886 5614 1231 5668 consentiunt
1261 5611 1487 5682 Ruﬁnus
1518 5611 1553 5663 I.
1587 5624 1800 5682 st,_cap.
1823 5609 1928 5682 28;

363 5684 685 5742 Theodorit.
721 5679 814 5737 lib.
847 5698 944 5745 ιιι,
975 5699 1093 5747 cap.
1126 5683 1179 5745 7,
1208 5691 1260 5737 ct
1283 5681 1576 5737 Chrouicon
1610 5679 1927 5734 Alexandri-

2030 5141 2178 5180 num.
2207 5124 2285 5180 De
2306 5123 2498 5179 Elisaao
2529 5130 2728 5178 tacent.

2105 5196 2180 5266 (ὁ)
2217 5195 2311 5259 Ἐξ
2339 5188 2678 5266 diremisset
2708 5190 2876 5266 πρὸς.
2904 5188 3217 5266 ἁλτινμους
3262 5190 3604 5266 (fumi-117115-

2028 5256 2216 5335 usi-ot.
2256 5256 2383 5317 Am.
2436 5256 2784 5335 Marcellinus
2830 5256 3242 5335 ait,_.|ulianum
3286 5256 3604 5335 disSidéntes

2031 5329 2456 5388 Christianorum
2482 5332 2744 5384 antistites
2781 5329 3043 5380 monuisse
3066 5368 3080 5393 ,
3116 5338 3173 5397 ut
3212 5329 3425 5397 quisque
3452 5330 3607 5385 nullo

2030 5412 2234 5457 vetante
2270 5401 2512 5471 religioni
2537 5415 2648 5471 sunt
2673 5398 2888 5471 serviret
2918 5396 3231 5471 intrepidus.
3274 5396 3427 5464 Quod
3449 5439 3465 5464 ,
3526 5403 3601 5458 in.

2029 5474 2179 5543 quit,
2214 5465 2396 5543 ageba't
2432 5471 2547 5543 ideo
2569 5467 2959 5543 obstinatetut
2992 5465 3348 5522 dissensiones
3383 5483 3613 5543 augente

2030 5536 2279 5609 licentia:
2327 5555 2429 5593 non
2482 5539 2683 5609 timeret
2720 5536 3113 5609 upuniptqntem
3146 5548 3328 5609 postea
3376 5536 3617 5609 ple'bem-

2035 5607 2297 5676 Libxxn,
2331 5625 2450 5680 cap.
2498 5626 2544 5662 ι.
2589 5606 2709 5661 Vid.
2743 5604 2870 5660 Soz.
2905 5605 2998 5661 lib.
3030 5621 3081 5675 γ,
3115 5604 3235 5679 cap.
3264 5608 3318 5664 5.
