4020 6202
463 307 568 366 843

1837 303 2321 361 PlllLOSTORGll

3602 299 3706 360 544

463 431 601 488 datis
632 433 690 480 ut
723 422 985 497 synodum
1033 420 1345 492 colligeret,
1375 435 1483 492 qua
1527 421 1714 478 Aelius
1746 437 1777 476 a
1813 421 2033 476 damna-

2140 422 2340 494 ζούσης
2364 422 2545 494 ψήφου
2575 420 2926 493 ἀπολυθῆναι.
2965 419 3022 473 '0
3051 419 3106 472 δὲ
3129 416 3366 483 Εύζὼῖος
3393 414 3546 470 οὐδὲν
3573 417 3706 483 πρὸς

466 520 631 577 tionis
659 513 926 572 sententia
957 513 1012 568 in
1038 514 1218 583 ipsum
1246 513 1374 568 olim
1404 514 1611 584 prolata
1641 514 2032 570 absolveretur.

469 611 664 665 Verum
700 605 939 660 Euzoius
993 605 1196 660 nullam
1251 604 1416 675 hujus
1447 605 1723 674 petitionis
1771 606 2035 661 rationem

464 699 686 766 habuit;
723 696 1029 752 Eudoxium
1081 697 1352 766 praecipue
1409 696 1703 763 incusans,
1749 698 1895 769 quod
1926 712 2036 753 non

462 795 578 863 ipse
609 792 759 862 prior
782 806 845 845 ea
879 788 1056 844 facere
1085 789 1363 859 cmpisset,
1392 805 1515 861 quae
1547 791 1668 848 aliis
1697 791 2032 861 iniungebat.

465 886 570 940 Sed
626 899 751 940 eum
805 881 1085 937 Eudoxius
1123 882 1265 937 idem
1317 881 1560 953 ﬂagitare
1614 893 2032 954 perseverasset,

464 975 702 1032 Euzoius
734 974 786 1028 id
831 989 889 1030 se
915 974 1184 1029 facturum
1209 975 1482 1044 promisit.

535 1067 588 1122 6.
625 1065 806 1120 Aetius
831 1066 1122 1120 restitutus.
1159 1097 1230 1108 —
1258 1065 1395 1120 Dum
1431 1066 1616 1123 Aetius
1651 1076 1705 1123 et
1734 1067 2035 1127 Eunomius

461 1157 931 1226 ConstantinOpoli
983 1167 1368 1223 morarentur,
1413 1169 1765 1215 accesserunt
1822 1162 1889 1216 ad
1941 1177 2035 1218 eos

463 1244 724 1301 Leontius
775 1245 1057 1317 Tripoleos
1113 1256 1168 1302 et
1221 1246 1536 1305 Theodulus
1591 1250 2032 1322 Chazretaporum

461 1340 750 1410 episcopus
776 1358 791 1406 ;
826 1340 1017 1396 Serras
1043 1341 1170 1394 item
1200 1356 1264 1396 ac
1286 1341 1620 1412 Theophilus
1641 1353 1693 1398 et
1717 1343 2035 1402 Heliodorus

460 1445 531 1484 ex
567 1439 794 1497 utraque
824 1427 990 1499 Libya
1017 1470 1032 1495 ,
1077 1439 1131 1483 et
1168 1431 1481 1500 quicunque
1505 1432 1596 1486 alii
1624 1427 1869 1488 eamdem
1907 1450 2035 1490 sen-

465 1518 684 1573 tentiam
714 1518 1179 1587 amplectebantur
1203 1558 1217 1583 ,
1249 1520 1342 1588 qui
1393 1535 1493 1575 nec
1519 1520 1860 1575 damnationi
1893 1520 2034 1575 Aetii

465 1624 565 1663 nec
615 1606 1045 1664 Occidentalium
1125 1611 1368 1678 epistolae
1452 1612 1795 1668 subscribere
1867 1613 2036 1668 susti-

463 1709 716 1754 nuerant.
751 1699 817 1753 Hi
851 1700 1016 1770 igitur
1046 1701 1101 1755 in
1125 1717 1295 1756 unum
1322 1702 1530 1757 collecti
1571 1703 1784 1758 Aetium
1817 1705 2032 1760 ordina-

461 1798 591 1844 runt
619 1791 932 1860 episcopum
957 1807 971 1856 ;
1008 1791 1301 1861 omniaque
1326 1791 1468 1860 apud
1519 1791 1640 1848 illos
1668 1803 1824 1848 erant
1848 1794 2036 1851 Aetius
2066 1779 2111 1836 Β

459 1889 515 1936 et
546 1878 867 1936 Eunomius.
910 1880 1015 1936 Sed
1071 1891 1125 1936 et
1181 1881 1316 1937 alios
1363 1881 1648 1952 episcopos
1697 1884 2036 1953 ordinarunt,

463 1971 717 2028 Eudoxio
749 1978 861 2025 tum
905 1973 1125 2042 quidem
1162 1987 1272 2028 non
1319 1973 1484 2028 modo
1544 1988 1651 2030 non
1701 1974 2036 2044 indignante,

461 2079 649 2120 verum
676 2064 838 2120 etiam
864 2065 1184 2136 suffragium
1215 2080 1374 2120 suum
1401 2081 1498 2136 pro
1529 2067 1596 2123 iis
1620 2068 1713 2137 qui
1749 2069 2036 2124 ordinandi

459 2165 618 2213 erant
667 2157 733 2212 ad
779 2156 997 2211 Aetium
1040 2156 1332 2213 deferente.
1370 2156 1471 2214 Per
1502 2159 1643 2214 idem
1678 2167 1892 2231 tempus
1928 2162 2039 2216 Eu-

461 2247 616 2304 zoius
648 2264 865 2318 quoque
889 2288 904 2313 ,
941 2262 1065 2303 cum
1113 2263 1309 2304 novem
1345 2249 1727 2318 episcoporum
1767 2253 2038 2322 synodum

459 2340 790 2410 collegisset,
815 2354 878 2395 ea
901 2355 1025 2409 quae
1049 2348 1236 2395 contra
1254 2338 1468 2393 Aetium
1489 2339 1618 2394 olim
1647 2349 1796 2410 gesta
1824 2340 2041 2397 fuerant

459 2432 756 2488 inﬁrmavit
796 2433 932 2502 (54).
963 2432 1266 2487 lnlirmavit
1311 2431 1473 2484 etiam
1507 2445 1601 2485 sex
1635 2432 1904 2487 mensium
1954 2433 2040 2487 in-

458 2521 682 2588 ducias,
739 2521 936 2590 quibus
989 2520 1535 2589 elapsis-sacerdotii
1574 2521 1806 2590 privatio
1863 2538 2038 2592 poenae

461 2609 583 2665 loco
614 2613 850 2679 irrogata
891 2608 1069 2666 fuerat
1107 2609 1282 2664 Serra:
1307 2650 1322 2673 ,
1366 2611 1472 2666 nisi
1517 2613 1658 2667 Aetii
1710 2615 2036 2684 depositioni

458 2712 514 2760 et
543 2701 971 2760 Occidentalium
1019 2711 1168 2758 tomo
1219 2703 1655 2775 subscripsisset.
1692 2705 1862 2762 Porro
1912 2723 2035 2764 cum

459 2803 752 2864 utrumque
785 2795 1058 2865 negotium
1091 2809 1281 2850 eorum
1340 2811 1481 2866 quos
1519 2813 1684 2867 supra
1733 2799 2034 2865 nominavi,

459 2885 514 2939 in
544 2885 688 2940 hunc
715 2885 937 2941 modum
971 2887 1354 2956 processisset,
1394 2886 1634 2945 Euzoius
1659 2889 1917 2959 epistolas
1968 2893 2035 2947 ad

461 2975 763 3030 Eudoxium
801 2977 1169 3033 transmittere
1218 2979 1513 3050 cogitabat.
1547 2978 1748 3036 Verum
1781 2996 2037 3051 persecu-

458 3067 536 3122 tio
558 3066 996 3124 Christianorum
1038 3086 1160 3140 qua:
1186 3079 1316 3128 tunc
1348 3081 1464 3128 erat
1497 3073 1888 3140 intolerabilis,
1933 3076 2037 3130 im-

457 3168 644 3230 petum
663 3159 784 3230 ejus
823 3162 1101 3230 repressit.

531 3247 583 3302 7.
624 3248 1027 3306 Valentinianus
1079 3252 1279 3310 Thebas
1335 3255 1619 3326 relegatus.
1664 3288 1733 3298 —
1783 3258 2034 3316 Julianus

458 3337 722 3406 Apostata
745 3338 1191 3397 Valentinianum
1224 3347 1434 3400 numeri
1469 3348 1748 3418 cujusdam
1781 3339 2045 3408 militaris

458 3438 724 3487 rectorem
757 3433 896 3502 (erat
927 3434 1073 3489 enim
1123 3450 1306 3505 comes
1337 3453 1526 3493 eorum
1563 3441 1655 3510 qui
1683 3441 1910 3499 Cornuti
1946 3445 2031 3498 di-

459 3523 682 3594 cuntur)
711 3539 835 3582 cum
860 3527 1118 3584 omnibus
1145 3527 1346 3588 frustra
1373 3533 1590 3588 tentatis
1616 3549 1643 3587 a
1673 3536 1870 3605 pietate
1893 3553 2036 3592 nun-

2063 3117 2112 3178 Ο

2143 518 2242 587 τὴν
2274 515 2495 582 ἀξίωσιν
2547 513 2861 586 ἐπεστράφη
2881 552 2896 576 ,
2931 509 3312 580 αἰτιασάμενος
3357 506 3594 579 μάλιστα
3619 506 3706 564 τὸν

2143 606 2426 672 Εύδόξιον,
2483 607 2565 660 ὅτι
2621 602 2696 677 μὴ
2731 604 2892 666 αὐτὸς
2949 598 3366 672 προκατήρξατο
3425 596 3708 668 πράττειν,

2143 698 2287 770 άπερ
2317 697 2635 769 ὑποτίθησιν
2679 696 2904 767 ἑτέροις.
2947 690 3329 762 Ἐπιμένοντος
3375 689 3432 742 δὲ
3475 687 3569 742 τοῦ
3603 689 3738 775 Εὑε

2141 789 2316 854 δοξίου
2357 792 2423 862 τῇ
2458 788 2699 857 ἀξιώσει,
2741 789 3082 860 ὑπισχνεῖται
3129 783 3225 838 καὶ
3275 783 3304 836 ό
3331 780 3568 847 Εύζώῖος
3609 780 3711 853 τὴν

2142 881 2361 953 πρᾶξιν.

2212 1063 2286 1123 ς’.
2321 1057 2444 1110 Ὀτι
2490 1057 2546 1108 ὲν
2593 1049 3154 1107 Κωνσταντινουπόλει
3202 1044 3569 1118 διατρίϐοντος
3613 1043 3716 1100 τοῦ

2153 1149 2357 1202 Ἀετίου
2394 1146 2488 1200 καὶ
2524 1145 2790 1215 Εύνομίου
2818 1184 2834 1208 ,
2864 1141 3222 1213 παραγίνεται
3252 1139 3500 1201 Λεόντιος
3539 1139 3568 1190 ὁ
3610 1137 3714 1207 τῆς

2141 1239 2453 1312 Τριπόλεως
2479 1237 2614 1307 πρὸς
2650 1237 2845 1299 αὐτοὺς
2868 1275 2882 1300 ,
2913 1235 3007 1287 καὶ
3037 1230 3326 1294 Θεόδουλος
3353 1230 3462 1284 ἀπὸ
3500 1231 3712 1298 Χαιρα-

2139 1330 2322 1384 τόπων
2348 1328 2496 1398 (55),
2532 1327 2587 1380 οἴ
2615 1343 2675 1380 τε
2707 1328 2849 1398 ἀμφὶ
2872 1326 2962 1379 τὸν
2989 1325 3197 1396 Σὲρραν
3218 1324 3310 1376 καὶ
3339 1320 3595 1390 Θεόφιλον
3617 1321 3712 1373 καὶ

2153 1417 2475 1488 Ἦλιόδωρον
2518 1417 2577 1483 ἐξ
2609 1416 2874 1488 ἑκατέρας
2905 1413 3110 1486 Λιϐύης
3137 1412 3284 1486 (56),
3316 1411 3413 1466 καὶ
3436 1411 3584 1474 ὅσοις
3613 1409 3708 1465 ἄλ-

2141 1510 2253 1572 λοις
2277 1524 2342 1577 γε
2375 1509 2408 1580 ἡ
2439 1509 2578 1579 αὑτὴ
2610 1509 2913 1580 συνήρεσκε
2940 1504 3066 1570 δόξα
3085 1548 3100 1573 ,
3128 1505 3195 1558 οῖ’
3212 1505 3346 1576 μήτε
3377 1505 3443 1575 τῇ
3468 1503 3563 1556 τοῦ
3598 1503 3710 1555 ’Δε-

2141 1607 2256 1659 τίου
2307 1602 2567 1675 καταδίκῃ
2595 1644 2611 1670 ,
2669 1604 2806 1674 μήτε
2855 1600 2934 1672 τῷ
2973 1600 3125 1670 τόμῳ
3176 1598 3284 1652 τῶν
3335 1596 3604 1668 ἑσπερίων
3634 1598 3708 1665 (ιι)

2143 1694 2454 1768 ὑπογράψαι
2488 1696 2797 1766 ἠνέσχοντο.
2849 1693 2958 1746 Καί
3017 1687 3493 1762 συναθροισθέντες
3526 1703 3710 1758 χειρο-

2138 1791 2351 1846 τονοῦσι
2381 1791 2474 1844 τὸν
2511 1787 2716 1842 ’Δέτιον
2743 1783 2852 1857 (57)
2871 1801 2887 1816 ⁸
2919 1785 3015 1838 καὶ
3041 1779 3110 1854 ἦν
3140 1781 3325 1845 αὐτοῖς
3347 1780 3508 1844 αύτός
3529 1797 3589 1833 τε
3618 1781 3715 1833 καὶ

2138 1885 2401 1957 Εύνόμιος
2431 1884 2665 1938 ἅπαντα.
2707 1876 3106 1949 Ἐχειροτόνουν
3129 1874 3185 1927 δὲ
3217 1873 3311 1927 καὶ
3340 1871 3558 1942 ἑτέρους
3591 1871 3714 1923 ἐπι-

2139 1979 2376 2040 σκόπους
2401 2017 2416 2042 ,
2448 1975 2600 2028 οὐδὲν
2636 1971 2774 2035 τέως
2817 1970 2912 2022 τοῦ
2955 1966 3202 2032 Εύδοξίου
3247 1963 3712 2035 δυσχεραίνοντος,

2137 2069 2272 2124 ἀλλὰ
2293 2069 2389 2122 καὶ
2408 2067 2622 2139 ψήφους
2651 2063 2907 2126 πολλάκις
2933 2059 3040 2115 ὑπὸ
3069 2058 3177 2113 τῶν
3207 2057 3508 2129 μελλόντων
3536 2071 3713 2125 χειρο-

2139 2160 2408 2216 τονεῖσθαι
2443 2158 2555 2230 (58)
2586 2159 2699 2220 τοῖς
2730 2154 2861 2226 περὶ
2904 2153 3104 2206 Ἀέτιον
3139 2147 3582 2222 προκομὶζοντος.
3625 2147 3715 2198 Ἐν

2138 2251 2310 2323 τούτῳ
2341 2252 2397 2306 δὲ
2428 2251 2520 2304 καὶ
2547 2246 2784 2313 Εύζὼῖος
2815 2247 2895 2310 είς
2927 2245 3084 2300 ἐννέα
3125 2243 3216 2297 τὸν
3247 2239 3477 2313 ἀριθμὸν
3523 2239 3714 2309 ἀθροι-

2139 2347 2371 2417 σάμενος
2401 2341 2636 2404 σύνοδον,
2666 2339 2766 2404 τὰς
2797 2336 2940 2392 κατὰ
2979 2335 3187 2390 Ἀετίου
3214 2331 3584 2403 γεγενημένας
3608 2332 3722 2384 πά-

2137 2437 2224 2491 λαι
2280 2435 2504 2508 πράξεις
2548 2431 2847 2486 διελύσατο.
2881 2429 3075 2483 Ἔλυσε
3109 2426 3165 2480 δὲ
3202 2425 3296 2478 καὶ⁵
3322 2423 3420 2495 τὴν
3467 2421 3560 2476 τοῦ
3591 2422 3720 2485 ἑξα-

2142 2528 2311 2598 μήνου
2345 2522 2703 2597 προθεσμίαν,
2734 2521 2850 2592 μεθ’
2874 2521 2940 2589 ἣν
2962 2521 3077 2582 τοῖς
3103 2519 3233 2589 περὶ
3255 2516 3464 2587 Σέρῤαν
3499 2513 3630 2584 (59),
3669 2515 3722 2564 ει

2141 2621 2216 2690 μὴ
2243 2621 2310 2689 τῇ
2343 2617 2437 2671 τοῦ
2479 2616 2685 2670 Ἀετίου
2720 2612 3037 2684 καθαιρέσει
3070 2611 3166 2664 κα)¹
3193 2608 3271 2679 τῷ
3294 2605 3532 2678 ἐσπερίῳ
3559 2604 3724 2674 τόμῳ

2137 2711 2531 2783 ὑπογράψαιεν,
2560 2709 2662 2780 τῆς
2692 2704 2993 2779 ἱερωσύνης
3034 2701 3322 2772 ἀφαίρεσις
3355 2699 3388 2770 ἠ
3429 2696 3602 2769 ζημία
3635 2694 3735 2749 δμ-

2135 2802 2380 2876 ωρίζετο.
2429 2800 2728 2871 Ἐκατέρας
2768 2797 2825 2850 δὲ
2855 2795 2964 2849 τῶν
2996 2791 3300 2864 εἰρημένων
3345 2785 3721 2856 προελθούσης

2139 2897 2430 2970 πράξεως.
2463 2895 2588 2955 τοὺς
2640 2891 2841 2960 τόμους
2887 2883 3235 2942 ἀποστέλλειν
3269 2879 3378 2970 (60)
3413 2880 3525 2942 τοῖς
3582 2885 3720 2948 περὶ

2138 2989 2385 3055 Εὐδόξιον
2412 2979 2885 3054 παρεσκευάζοντο
2909 2997 2922 3010 ·
2952 2975 3066 3031 ἀλλ’
3093 2976 3122 3027 ό
3151 2971 3291 3026 κατὰ
3314 2969 3421 3023 τῶν
3447 2970 3711 3039 Χριστιαο

2139 3081 2244 3135 νῶν
2266 3077 2634 3138 ἀνυπόστατος
2659 3072 2895 3143 διωγμὸς
2921 3070 3020 3140 τὴν
3041 3066 3218 3138 ὁρμὴν
3253 3061 3599 3134 περιέκοψεν.

2211 3257 2277 3322 ζ’.
2313 3258 2436 3310 "Oct
2483 3256 2575 3308 τὸν
2621 3247 3062 3307 Οὐαλεντινιανδν
3099 3248 3128 3300 ό
3157 3243 3468 3312 ἀποστάτης
3497 3239 3712 3310 τάγμα-

2139 3371 2230 3417 τος
2263 3352 2568 3423 ἐπάρχοντα
2594 3340 2984 3417 στρατιωτικοῦ
3020 3339 3219 3412 (κόμης
3246 3336 3355 3407 γὰρ
3377 3331 3719 3406 ἐχρημάτιζε

2139 3444 2248 3499 τῶν
2283 3441 2592 3512 λεγομένων
2628 3433 3000 3510 Κουρνούτων)
3027 3474 3040 3499 ,
3074 3430 3196 3484 ἐπεὶ
3247 3429 3425 3482 πάντα
3455 3424 3722 3496 πράττων

2140 3535 2390 3606 οὐδαμῶς
2441 3532 2602 3588 αύτδν
2652 3531 2837 3601 ἴσχυσε
2881 3527 2981 3599 τῆς
3031 3521 3311 3584 εὐσεϐείας
3353 3516 3723 3591 μεταστῆσαι,

1688 3756 1928 3802 VALESII
1956 3755 2456 3804 ANNOTATIONES.

554 3853 622 3910 54
669 3854 980 3911 Themlorit.
1019 3857 1056 3911 l.
1091 3872 1152 3924 ιι,
1191 3873 1240 3912 c.
1265 3857 1354 3912 28.

529 3855 642 3994 (55)
678 3927 812 3980 Ἀπὸ
845 3930 1248 3994 Χαιρατόπων.
1291 3927 1354 3982 De

2126 3876 2356 3932 eaquam
2415 3861 2486 3915 ab
2547 3859 2747 3932 exsilio
2778 3866 3079 3932 revocatus
3127 3854 3361 3932 fuisset,
3390 3856 3719 3932 attestatur

678 3927 812 4001 Ἀπῤ
845 3920 1248 4001 Χωρᾳτᾴπων.
1291 3927 1367 3982 De
1395 3929 1493 4001 hac
1533 3928 2022 4001 urbefﬂolstenius

2140 3920 2649 4001 Philostorgius,_et
2693 3929 3032 4001 Epiphanius
3065 3927 3120 4001 i_n
3172 3920 3364 4001 hatresj
3412 3920 3718 4001 ᾼηοιξιωιιτ

461 3997 530 4050 ad
551 4011 702 4072 oram
731 3997 814 4052 sui
838 3998 1044 4072 codicis
1071 3998 1186 4052 haec
1218 3998 1498 4072 annotavit
1523 4017 1535 4053 :
1571 3997 1755 4072 Scriba
1786 4001 2024 4072 Χερετά-

2129 4018 2272 4057 rum.
2309 3988 2480 4056 Por‘ro
2505 3988 2982 4068 cujusnain'urbis
3013 3998 3301 4068 episcopus
3335 3990 3510 4068 factus
3537 3988 3720 4068 fuerit

460 4083 599 4139 πων.
632 4066 744 4121 Hoc
764 4069 907 4139 enim
943 4083 1126 4139 verum
1160 4083 1356 4139 nomen
1406 4068 1459 4121 in
1495 4070 1734 4124 nummis
1785 4061 2022 4139 ipsorum
2126 4071 2339 4136 Aetius,
2373 4061 2666 4126 obscurum
2709 4080 2812 4136 est,
2849 4083 2949 4123 nec
2979 4061 3216 4122 ab'uilo'
3239 4061 3512 4128 proditum
3553 4062 3714 4130 quod

458 4135 689 4208 aliisque
726 4138 1225 4208 melioribus_libris
1275 4137 1488 4208 legitur.
1525 4139 1672 4193 ldem
1721 4135 1848 4196 ante
1894 4138 2024 4197 Hol-

459 4206 694 4258 stenium
727 4215 1010 4261 notaverat
1031 4205 1268 4262 Ortelius
1293 4205 1349 4262 in
1385 4208 1671 4264 Thesauro.

533 4273 643 4343 (56)
685 4274 1098 4351 ’E£_éxat_épac
1138 4277 1378 4351 Λιβύης.
1430 4278 1555 4351 Duae
1578 4279 1941 4351 erantiLibyas
1970 4280 2023 4336 in

461 4341 724 4421 Egypto:
753 4345 919 4421 altera
942 4341 1704 4421 Ifentapolis,alterasiccior
1736 4341 1900 4421 Liby'a
1937 4365 2027 4420 ap-

495 4413 674 4478 ellata,
695 4422 754 4467 ut
771 4414 932 4468 docet
946 4413 1268 4472 Ammianus
1287 4417 1629 4474 Marcellinus
1659 4420 1710 4474 in
1731 4413 1870 4475 libro
1888 4413 2020 4474 χιιί.

2129 4141 2321 4197 sciam.

2223 4209 2312 4286 5.8)
2346 4209 2496 4286 ’Υξτὸ
2529 4207 2649 4286 τῶν
2669 4207 3022 4286 μελλόνῖων
3052 4196 3718 4286 ,κειρρτοτῒεῖιζθέιςηῖῗὶβη

2131 4268 2321 4335 dubito
2347 4280 2478 4350 quin
2505 4268 2951 4350 scribendumsit
2973 4268 3119 4350 ὑπὲρ
3131 4268 3269 4350 τῶν,
3287 4281 3393 4350 etc.
3421 4268 3718 4350 Libentius

2130 4352 2293 4424 etiam
2329 4340 2548 4424 legerim
2585 4340 3285 4424 προσκομίζοντος.’Νρ‹ιιιθ
3308 4341 3452 4424 enim
3483 4340 3718 4424 audien-

2130 4420 2232 4475 dus
2286 4416 2914 4486 est'Gothot‘redus‘qui
2965 4419 3108 4472 hunc
3145 4416 3326 4486 locum
3377 4416 3451 4464 ita
3503 4416 3713 4486 vertit:

488 4481 742 4557 it_Serra§
766 4484 983 4557 quidem
1015 4487 1302 4556 episcopus
1336 4487 1746 4544 fuitParatonii
1775 4490 2026 4544 siccioris
2056 4491 2101 4546 Β
2129 4487 2375 4543 Eudoxio
2421 4488 2684 4541 calculum
2723 4489 2790 4542 iis
2836 4480 2927 4557 qui
2975 4483 3259 4541 ordinandi
3302 4487 3453 4538 erant
3507 4480 3714 4548 sepius

458 4550 660 4678 Libyae.
694 4550 1019 4610 Heliodorus
1044 4550 1170 4611 vero
1200 4550 1488 4627 episcopus
1518 4560 1742 4614 Sozuzze
1764 4558 2024 4628 Pentapo-
2127 4559 2366 4613 Aetiam’s
2395 4569 2680 4626 praeeunte.

457 4621 528 4677 lis
603 4625 754 4678 ibvaa.
786 4636 844 4678 ut
878 4625 1074 4678 legitur
1099 4627 1152 4678 in
1178 4629 1577 4678 subscriptione
1607 4629 1798 4678 svnodi
1831 4627 2022 4678 Selen-
2195 4629 2308 4678 (59)
2339 4627 2479 4678 Μεθ’
2506 4626 2588 4678 ’ἣν
2628 4643 2680 4678 τι

603 4625 754 4698 i‘byae,
786 4636 844 4698 ut
869 4625 1074 4698 legitur
1099 4627 1152 4681 in
1178 4625 1577 4697 subscriptione
1607 4629 1798 4698 synodi
1831 4625 2022 4685 Seleu-

456 4693 671 4764 ciensis'
697 4695 838 4763 apud
867 4693 1226 4764 Epiphanium
1255 4699 1307 4751 in
1333 4693 1524 4753 haeresi
1557 4693 1644 4752 73.

529 4762 1090 4844 (57)_‘Xelporoi'oﬁat
1117 4765 1223 4844 τὸν
1268 4766 1500 4844 ᾉέτιυγ.
1532 4765 1606 4844 De
1639 4766 2021 4844 Aetii_episco-

455 4843 586 4903 patu
610 4833 823 4907 illustre
837 4844 1014 4907 exstat
1035 4836 1407 4907 testimonium
1440 4837 1493 4890 in
1521 4837 1748 4906 epistola
1773 4833 2021 4907 Sl'impe-

457 4901 656 4958 ratoris
677 4901 917 4976 Iuliani,
968 4919 1091 4975 quae
1117 4906 1379 4976 inscripta
1406 4915 1489 4960 est
1519 4901 1586 4960 ad
1635 4907 1850 4961 Aetium
1903 4901 2020 4976 epi—

457 4985 702 5043 scopum.
754 4974 1000 5029 Nondum
1052 4985 1233 5030 tamen

457 5053 740 5116 promotus
765 5043 941 5116 fuerat
968 5053 1098 5116 tunc
1121 5060 1245 5099 cum
1273 5043 1524 5101 Julianus
1550 5043 1850 5116 epistolam
1870 5047 2017 5102 illam

457 5112 526 5167 ad
557 5131 684 5170 eum
733 5115 972 5186 scripsit.
1004 5115 1205 5172 Factus
1229 5126 1316 5171 est
1350 5117 1496 5173 enim
1530 5112 1841 5188 episcopus,
1869 5125 2018 5190 post-

2195 4629 2308 4706 (5.9)
2339 4615 2479 4706 M56?
2506 4626 2588 4706 ἣν
2628 4625 2790 4706 τοὺς.
2813 4627 2947 4695 περὶ
2981 4615 3717 4706 ξέρβτξϊ-.Αεεεεηιῑίξίςῖ¹ε’ἓο

2127 4687 2304 4753 stenio
2327 4737 2342 4763 ,
2374 4698 2465 4766 qui
2500 4687 2568 4752 ad
2619 4687 2918 4765 marginem
2949 4687 3284 4766 sui'eodicis
3322 4687 3604 4766 adnotavit
3631 4687 3716 4742 le-

2125 4759 2362 4892 gendum
2389 4759 2494 4822 sibi
2521 4767 2690 4822 videri
2719 4759 2834 4830 τοῖς
2859 4767 3009 4849 ’περὶ
3039 4765 3278 4836 Σέρραν,
3314 4771 3420 4816 etc.
3452 4759 3529 4813 lta
3559 4767 3716 4838 certe

2165 4847 2371 4892 agitant
2407 4839 2553 4892 leues
2588 4845 2976 4892 grammaticae.
3011 4834 3178 4888 Paulo
3224 4840 3348 4892 post
3383 4830 3474 4885 ubi
3506 4829 3716 4892 legitur

2165 4839 2371 4908 agitant
2407 4839 2553 4908 leges
2588 4827 3178 4908 grammaticani’aulo
3224 4827 3348 4908 post
3383 4830 3474 4885 ubi
3506 4827 3716 4908 legitur

2126 4899 2227 4989 καῖ
2248 4907 2326 4989 τῷ
2349 4899 2766 4989 ξσπέρίῳττόμῳ
2800 4904 3193 4976 ύπογράψαιεν,
3223 4899 3418 4957 melius
3443 4899 3713 4955 scribere-

1322 4977 1465 5048 etius
1519 4976 1584 5030 ad
1624 4976 2016 5048 episcopatum
2126 4987 2216 5032 tur
2243 4976 2321 5048 τῷ
2349 4976 2623 5048 ἐσπερίων
2647 4977 2820 5048 τόμῳ,

2197 5036 2308 5117 (60)
2345 5036 2504 5112 Τοὺς’
2531 5036 3210 5117 τόμοιξςῆπρστέλλειν.
3244 5041 3301 5117 In
3328 5036 3715 5117 manuscripto

2122 5107 2312 5173 codice
2340 5107 2818 5185 Bocharti'legitur
2840 5114 2932 5170 τὸν
2957 5113 3144 5184 τόμον,
3170 5111 3374 5169 rectius
3395 5117 3457 5167 ιιι
3485 5107 3710 5179 opinor.

1931 5310 2286 5388 νΑΙιΙριιυιιι.

533 5437 610 5517 _(a)
637 5439 934 5517 Τόμῳτῷν
957 5441 1537 5517 ἐσπερίωνηιιιιοιιίεἰι
1559 5434 1870 5517 Formulam
1897 5440 2020 5496 ﬁdei
2124 5437 2376 5517 cap_._18.
2411 5436 2560 5517 idem
2597 5439 2762 5494 etiam
2796 5439 3080 5517 episcopos
3105 5437 3308 5517 synodi
3339 5431 3708 5517 Ariminiensis

465 5511 546 5583 cui
578 5511 811 5583 episcopi
854 5513 909 5583 in
952 5511 1158 5583 synodo
1197 5511 1527 5568 Ariminensi
1553 5513 2016 5583 subscripserunt.

457 5579 634 5643 Quam
662 5580 807 5630 enim
841 5579 998 5633 ﬁdem
1036 5583 1293 5640 Socrates
1318 5585 1395 5638 ait
1419 5584 1646 5638 Arimini
1668 5579 1890 5646 edit-am,
1923 5580 2015 5634 lib.

461 5662 535 5707 Iv.
563 5661 684 5716 cap.
709 5647 764 5710 4,
804 5651 1046 5703 eamdem
1078 5653 1201 5706 ﬁdei
1236 5653 1524 5708 formulam
1571 5653 1639 5707 ab
1670 5651 2019 5707 occidentali-

459 5717 564 5776 bus
591 5715 857 5789 episcopis
886 5721 1280 5789 promulgatam
1308 5723 1538 5792 appellat
1568 5723 1788 5781 Sozom.
1819 5721 1911 5785 lib.
1947 5735 2018 5784 ιν,

2123 5503 2490 5564 occidentales
2518 5517 2698 5580 vocat,
2727 5503 2935 5579 cap223
2965 5503 3208 5580 ejusde'm
3231 5508 3374 5563 libri.
3397 5506 3515 5560 Alia
3541 5503 3707 5580 longe

2129 5593 2216 5634 res
2249 5587 2366 5633 erat
2406 5588 2586 5633 tomus
2621 5574 3048 5634 Occidentalium
3077 5618 3092 5642 ,
3150 5580 3203 5634 in
3257 5591 3466 5633 canone
3505 5574 3709 5643 quinto

2123 5649 2337 5706 concilii
2370 5649 2635 5720 generalis
2670 5649 2891 5705 secundi
2931 5657 3284 5706 memoratus.
3317 5646 3403 5704 W.
3429 5644 3622 5701 Lowth.
