4020 6196
412 229 525 287 6.ίό

1425 231 1986 293 ECCLESIAS'I‘ICE
2028 236 2375 297 HISTORle
2416 241 2542 300 LIB.
2584 243 2698 300 VII.

3567 259 3673 316 559

410 349 740 424 παραλύσας
767 351 863 406 τοῦ
896 351 1226 424 ἀξιώματος,
1251 354 1332 418 είς
1349 352 1533 426 Θήὸας
1554 355 1654 420 τὰς
1674 357 1985 428 Δίγυπτίους

2100 377 2265 432 quam
2290 362 2568 422 dimovere
2589 366 2880 437 potuisset,
2895 368 3154 441 dignitate
3175 373 3441 445 privatum
3459 375 3672 438 Thebas

409 445 735 515 φυγαδεύει.
766 445 968 500 Τοῦτόν
993 464 1156 516 φασιν
1180 487 1195 512 ,
1222 448 1383 519 ἡνίκα
1408 451 1782 514 Κωνστάντιος
1811 450 1996 504 ἐϐασί-

412 537 630 599 λευσεν,
669 536 796 590 ίδεῖν
826 554 949 592 τινα
983 538 1092 593 τῶν
1124 539 1434 611 λεγομένων
1465 539 1868 613 Σιλεντιαρίων,
1903 560 1998 596 πυ-

417 626 516 700 ρὸς
554 627 723 696 φλόγα
753 627 847 682 τοῦ
899 628 1165 701 στόματος
1215 631 1470 700 ἀφιένταο
1509 631 1634 686 ίδεῖν
1686 633 1741 687 δὲ
1769 633 1908 688 κατὰ
1937 635 1998 689 τὸ

413 719 638 773 δειλινὸν
663 718 808 790 (61),
840 721 1005 790 ἡνίκα
1057 721 1196 792 μετά
1233 723 1437 794 τροφὴν
1474 723 1566 777 τὸν
1614 724 1781 778 ὕπνον
1817 725 1998 798 αἱρού-

418 810 587 882 μεθω
633 812 730 864 καὶ
779 810 954 866 ταῦτα
1011 813 1270 884 σημηνῶν
1304 814 1416 887 (62)
1468 816 1852 887 Κωνστσντίῳ.
1887 817 1996 871 Καὶ

413 904 521 975 γὰρ
551 903 763 957 ἐκείνου
803 902 1122 973 πέμψαντος
1148 904 1310 958 αὑτὸν
1345 906 1433 961 διά
1461 925 1582 962 τινα
1609 907 1799 979 χρείαν
1830 925 1993 979 μετα-

413 993 743 1047 καλέσασθαι
783 992 877 1047 τὸν
905 993 1345 1050 Οὐαλεντινιανὸν
1365 1036 1380 1060 ,
1424 1000 1736 1068 περιτυχεῖν
1762 997 1841 1069 τῷ
1868 998 1992 1052 θεά-

413 1101 566 1154 ματι.
605 1084 668 1138 '0
713 1085 772 1139 δὲ
799 1086 1176 1151 Κωνστάντιος
1205 1090 1273 1159 τῇ
1328 1088 1558 1160 ἀγγελίᾳ
1609 1091 1690 1154 είς
1739 1091 1992 1144 ὑπόνοιαν

410 1177 511 1244 μὲν
538 1176 636 1230 καὶ
660 1175 782 1241 δέος
826 1177 1061 1249 κατέστη
1084 1194 1100 1210 ·
1127 1178 1281 1233 οὐδέν
1314 1179 1378 1249 γέ
1422 1198 1476 1234 τι
1515 1181 1870 1252 παρελύπησε
1900 1183 1992 1238 τὸν

405 1264 583 1336 ἄνδρα
602 1283 616 1297 ·
656 1267 1147 1338 παραμυθούμενος
1179 1269 1236 1323 δὲ
1270 1270 1332 1324 τὸ
1361 1271 1558 1328 οἰκεῖον
1577 1272 1724 1336 δέος,
1771 1274 1899 1345 περὶ
1923 1275 1994 1329 τά

407 1357 648 1430 φρούρια
687 1362 788 1430 τῆς
829 1361 1257 1432 Μεσοποταμίας
1285 1363 1561 1434 ἐκπέμπει
1587 1406 1602 1429 ,
1643 1365 1858 1434 φύλακα
1885 1367 1991 1421 τῶν

407 1451 595 1503 ικεῖσε
622 1450 804 1504 τόπων
827 1451 1104 1523 ἐσόμενον,
1139 1453 1234 1506 καὶ
1264 1454 1362 1518 τὰς
1389 1454 1496 1508 τῶν
1526 1455 1752 1529 ῌερσών
1785 1458 1992 1529 ἐπιδρο-

411 1543 526 1613 μὰς
549 1543 959 1598 ἀναστέλλοντα.
1539 1524 1554 1540 ’

482 1642 554 1706 η’.
592 1635 712 1688 Ὅτι
753 1635 822 1689 τά
873 1638 1003 1708 περὶ
1034 1637 1127 1692 τοῦ
1185 1640 1462 1712 μάρτυρος
1502 1641 1716 1696 Βαϐύλα
1742 1643 1855 1712 (α),
1888 1644 1988 1700 ὅσα

2100 452 2384 526 Egyptias
2405 457 2664 530 relegavit
2691 458 2824 531 (65).
2851 458 3006 518 Hunc
3037 463 3165 518 olim
3187 506 3202 532 ,
3238 466 3365 520 dum
3401 467 3672 526 Constan-

2098 544 2206 600 tius
2241 545 2466 617 imperio
2491 549 2754 618 potiretur
2775 591 2790 618 ,
2821 553 3042 623 quidam
3075 571 3142 610 ex
3165 547 3172 553 ’
3193 557 3378 612 schola
3415 557 3672 617 Silentia-

2096 637 2325 704 riorum,
2355 637 2627 694 ﬂammam
2660 656 2723 696 ex
2771 656 2867 698 ore
2897 652 3199 700 vomentem
3232 647 3433 704 vidisse
3461 649 3668 718 fertur;

2096 735 2212 781 erat
2240 735 2419 782 autem
2460 730 2818 786 meridianum
2865 740 3076 804 tempus
3103 776 3118 802 ,
3149 737 3369 806 quando
3413 755 3667 796 somnum

2095 831 2291 887 capere
2337 819 2578 876 solemus
2631 831 2753 892 post
2795 823 3011 891 cibum;
3044 824 3205 895 idque
3233 826 3553 886 Constantio
3582 849 3668 884 re-

2096 909 2394 965 nuntiasse.
2438 911 2520 964 Ab
2546 926 2611 968 eo
2644 915 2788 968 enim
2815 915 3018 972 missus
3041 919 3108 973 ad
3143 915 3530 989 accersendum
3563 921 3667 976 Va-

2095 998 2452 1056 lentinianum
2497 1004 2780 1074 cujusdam
2827 1008 3030 1078 negotii
3063 1023 3228 1063 causa
3251 1047 3267 1074 ,
3302 1009 3429 1064 huic
3460 1021 3664 1080 specta-

2094 1089 2219 1146 culo
2247 1090 3054 1162 interfuerat.AtConstantius,
3079 1113 3143 1153 ea
3175 1113 3234 1153 re
3262 1097 3361 1167 ipsi
3396 1101 3666 1165 nuntiata,

2094 1181 2148 1236 in
2177 1184 2542 1253 suspicionem
2588 1201 2653 1241 ac
2683 1195 2886 1243 metum
2935 1189 3217 1259 conjectus
3248 1199 3364 1256 est;
3414 1193 3559 1248 nulla
3591 1203 3668 1250 ta-

2092 1288 2217 1328 men
2255 1275 2507 1330 molestia
2537 1275 2976 1333 Valentinianum
3019 1280 3217 1334 affecit.
3257 1280 3454 1338 Verum
3501 1294 3559 1340 ut
3598 1287 3667 1340 ti-

2091 1378 2297 1420 morem
2330 1381 2490 1421 suum
2512 1367 2743 1432 sedaret,
2777 1369 2843 1423 ad
2867 1371 3085 1425 castella
3101 1369 3505 1442 Mesopotamiae
3535 1391 3663 1432 eum

2093 1455 2276 1523 misit,
2299 1464 2360 1510 ut
2395 1456 2463 1511 iis
2503 1457 2637 1513 locis
2667 1459 2919 1529 praesidio
2947 1471 3126 1527 esset,
3162 1469 3215 1516 et
3247 1459 3534 1518 Persarum
3569 1481 3666 1520 ex-

2091 1546 2374 1600 cursiones
2401 1547 2802 1616 comprimeret.

2161 1635 2216 1693 8.
2249 1636 2504 1707 Babylas.
2532 1669 2602 1680 —
2640 1637 2716 1694 De
2739 1638 2937 1711 Babyla
2966 1650 3222 1713 martyre,
3250 1653 3383 1713 quot
3411 1653 3464 1700 et
3489 1660 3665 1716 quan-

405 1743 468 1780 τε
493 1729 782 1793 Ἰουλιανὸς
810 1731 890 1794 είς
912 1730 974 1784 τδ
1000 1733 1333 1804 μαρτυρικὸν
1353 1737 1528 1791 ἐκεῖνο
1552 1736 1709 1808 σῶμα
1734 1739 1981 1812 παρῴνηο

2093 1725 2160 1780 tis
2193 1728 2538 1784 contumeliis
2593 1743 2808 1785 sacrum
2836 1730 2956 1800 ejus
2981 1745 3181 1802 corpus
3229 1733 3468 1790 aﬂ‘ecerit
3499 1734 3666 1791 Julia-

410 1835 504 1872 σεν
529 1861 544 1882 .
578 1821 678 1874 ὅσα
707 1832 766 1873 τε
791 1823 964 1875 εἰπεῖν
989 1822 1276 1893 ἐξεϐιάσθη
1299 1825 1369 1879 τά
1395 1826 1648 1896 δαιμόνια
1665 1867 1680 1890 ,
1721 1829 1815 1882 καὶ
1839 1829 1985 1894 ὅπως

403 1910 663 1981 κεραυνῷ
693 1910 753 1964 τὸ
775 1911 868 1964 τοῦ
903 1913 1234 1978 ’Λπόλλωνος
1264 1915 1412 1986 αὐτῷ
1481 1913 1838 1990 καθιδρύματι
1871 1919 1983 1990 (63)

409 1999 776 2073 ἀπετεφρώθη
804 2003 1028 2074 τέμενος
1047 2043 1062 2068 ,
1097 2007 1192 2059 καὶ
1213 2006 1314 2062 ὅσα
1342 2005 1476 2061 ἄλλα
1501 2008 1642 2062 κατὰ
1667 2008 1985 2080 ἀνθρώπους

411 2109 473 2145 τε
506 2093 600 2147 καὶ
649 2093 786 2166 ὑπὲρ
827 2094 1145 2167 ἀνθρώπους
1195 2097 1700 2171 παρεδοξοποιήθη,
1734 2101 1835 2154 οὑκ
1891 2102 1984 2154 ἐπὶ

412 2184 558 2254 μέγα
588 2187 1028 2257 παραλλάττοντα
1053 2192 1166 2254 τοῖς
1186 2190 1367 2254 ἄλλοις
1385 2186 1541 2256 οὗτος
1573 2193 1796 2264 ἱστορεῖ.
1819 2193 1982 2262 Λέγει

407 2277 464 2330 δὲ
499 2280 842 2350 μαρτυρῆσαι
875 2280 965 2336 τὸν
1010 2282 1156 2353 ἱερὸν
1186 2283 1430 2338 Βαδύλαν
1481 2284 1578 2339 σὺν
1609 2285 1755 2358 τρισὶ
1802 2285 1980 2349 παισὶ,

410 2367 605 2438 κομιδῇ
637 2369 735 2438 μὲν
761 2370 928 2436 νέοις,
956 2371 1018 2425 τὸ
1057 2371 1211 2440 γένος
1242 2373 1288 2426 δ’
1319 2372 1567 2442 ἀδελφοῖς
1591 2391 1605 2404 ·
1644 2373 1706 2427 τὺ
1748 2373 1804 2428 δὲ
1843 2391 1982 2444 μαρο

408 2456 595 2528 τύριον
626 2459 920 2532 ἀπ’ἀρχῆς
943 2462 1195 2533 τοιαύτης
1226 2463 1494 2534 προϐῆναι
1518 2504 1536 2521 .
1563 2463 1890 2526 Ἐπίσκοπος
1915 2460 1983 2534 ῆν

407 2547 508 2618 τῆς
545 2549 873 2619 Ἀντιοχείας
899 2553 926 2604 ό
949 2551 1214 2616 Βαϐύλας.
1254 2552 1614 2625 Νουμεριανῷ
1641 2553 1697 2606 δὲ
1727 2553 1806 2624 τῷ
1847 2555 1982 2608 Ῥω-

403 2641 588 2710 μαίων
619 2640 848 2711 βασιλεῖ,
880 2643 914 2714 ἢ
940 2643 1015 2708 ώς
1045 2644 1171 2698 ἔνιοι
1207 2646 1381 2716 Δεκίῳ
1414 2647 1568 2716 φασὶ,
1599 2645 1740 2700 κατὰ
1767 2647 1830 2716 δή
1865 2665 1983 2700 τινα

407 2732 638 2804 δαίμονα
664 2733 890 2806 γνώμην
923 2738 1203 2807 ἐμπεσεῖν,
1257 2738 1604 2808 πληθυούσης
1639 2739 1738 2810 τῆς
1784 2739 1986 2810 ἐκκλη-

412 2822 534 2887 σίας
556 2824 819 2878 είσελθεῖν
849 2827 907 2880 ὲν
933 2827 1089 2898 αὐτῇ.
1119 2827 1221 2880 Τὸν
1247 2827 1304 2880 δέ
1342 2844 1406 2896 γε
1437 2826 1531 2881 τοῦ
1553 2826 1687 2880 Θεοῦ
1721 2827 1984 2897 ἀρχιερέα

411 2908 552 2961 κατά
597 2909 668 2962 τὰ
723 2909 1037 2980 προπύλαια
1090 2911 1286 2965 στάντα
1317 2911 1410 2964 τοῦ
1456 2909 1596 2977 νεὼ,
1645 2910 1744 2982 τὴν
1782 2909 1984 2963 εῐσοδον

408 2997 796 3070 ἀποτειχίζειν,
826 3002 1132 3070 φάσκοντα,
1161 3004 1259 3056 ὅσα
1288 3019 1350 3072 γε
1381 3003 1601 3068 δυνατὸς
1636 3003 1721 3075 εἴη
1741 3041 1757 3066 ,
1786 3001 1862 3074 μὴ
1892 3018 1986 3054 περ

410 3089 693 3160 ριὰψεσθαι
745 3090 907 3145 λύκον
957 3093 1034 3164 τῷ
1077 3095 1310 3166 ποιμνίῳ
1364 3095 1840 3166 παρεισδυόμενον.
1874 3093 1983 3146 Καὶ

403 3181 500 3235 τὸν
517 3183 623 3254 μὲν
642 3182 841 3241 αὐτίκα
866 3185 964 3254 τῆς
985 3185 1163 3256 ὁρμῆς
1183 3185 1639 3257 ἀνακρουσθῆναι,
1662 3184 1771 3242 εἴτε
1798 3183 1984 3238 στάσιν

407 3275 782 3345 ὑπειδόμενον,
809 3275 920 3330 εἴτε
947 3278 1041 3334 καὶ
1066 3277 1240 3342 ἄλλως
1269 3278 1837 3350 μεταϐουλευσάμενον
1854 3293 1866 3306 °
1894 3277 1984 3330 τὸν

405 3366 707 3422 ἐπίσκοπον
745 3368 936 3440 πρῶτα
992 3370 1090 3441 μὲν
1121 3368 1232 3440 (64)
1273 3369 1374 3439 τῆς
1423 3371 1624 3440 τόλμης
1671 3367 1980 3434 αἰτιᾶσθαι,

406 3459 602 3513 ἔπειτα
636 3461 691 3513 δὲ
719 3460 960 3514 κελεύειν
993 3461 1084 3515 τὸν
1123 3461 1268 3516 ὅσιον
1293 3462 1406 3524 τοῖς
1433 3461 1648 3532 δαίμοσι
1674 3460 1821 3514 θύειν
1845 3475 1858 3489 ·
1891 3458 1986 3529 μό-

406 3569 508 3622 νην
544 3551 654 3622 γάρ
682 3547 818 3605 εἶναι
844 3552 942 3624 τὴν
969 3551 1246 3618 ὲξοσίωσιν
1272 3551 1494 3624 ταύτην,
1523 3553 1677 3606 λύσιν
1701 3570 1759 3606 τε
1789 3552 1987 3622 ἐγκλή-

409 3660 582 3714 ματος
607 3684 622 3706 ,
655 3645 749 3696 καὶ
773 3645 870 3715 τῆς
899 3645 1036 3715 μετὰ
1063 3645 1235 3698 ταῦτα
1267 3644 1432 3715 τιμῆς
1459 3661 1520 3698 τε
1550 3644 1643 3698 καὶ
1669 3643 1824 3716 δόξης
1854 3644 1987 3714 πρό-

409 3732 580 3796 ξενον.
616 3732 718 3785 Τὸν
746 3733 824 3797 δὲ,
859 3733 1124 3802 γενναίως
1155 3733 1291 3806 πρὸς
1322 3734 1532 3788 ἕκαστα
1562 3733 1670 3788 τῶν
1708 3751 1984 3804 προτεινο-

2089 1834 2195 1875 nus
2220 1859 2235 1884 ,
2275 1834 2398 1888 quae
2427 1820 2554 1875 item
2600 1821 2783 1876 dicere
2811 1825 2985 1879 coacti
3019 1824 3218 1881 fuerint
3255 1826 3534 1884 daemones
3559 1871 3572 1894 ,
3608 1841 3664 1884 et

2088 1911 2545 1980 quemadmodum
2582 1913 2849 1982 Apollinis
2880 1917 3138 1986 templum
3195 1934 3300 1974 una
3331 1934 3455 1975 cum
3491 1921 3663 1977 simu-

2089 2001 2258 2066 lacro,
2283 2000 2510 2076 fulmine
2539 2003 2705 2058 ictum
2740 2006 3175 2077 conflagraverit,
3194 2009 3404 2081 reliqua
3430 2012 3663 2083 denique

2087 2091 2446 2157 admiranda,
2489 2109 2611 2164 quae
2657 2096 2860 2164 partim
2921 2097 3162 2154 humano
3221 2117 3411 2171 more,
3462 2106 3660 2174 partim

2086 2195 2252 2251 supra
2283 2181 2552 2238 humanas
2580 2184 2724 2240 vires
2754 2193 2884 2240 tunc
2908 2198 3057 2257 gesta
3091 2198 3258 2258 sunt,
3294 2207 3402 2246 non
3431 2194 3662 2248 multum

2086 2272 2156 2328 ab
2179 2273 2298 2330 aliis
2324 2271 2540 2330 diversa
2573 2286 2756 2330 narrat
2781 2275 3178 2348 Philostorgius
3205 2279 3341 2351 (66).
3377 2281 3468 2336 Ait
3494 2299 3660 2354 porro

2087 2373 2336 2420 sanctum
2386 2363 2642 2436 Babylam
2687 2370 2949 2440 martyrio
2979 2370 3325 2440 perfunctum
3379 2387 3501 2429 esse
3553 2389 3660 2429 una

2086 2471 2211 2511 cum
2251 2457 2426 2512 tribus
2459 2460 2646 2527 pueris
2696 2458 2960 2516 fratribus
2983 2501 3000 2527 ,
3027 2463 3315 2519 admodum
3353 2465 3663 2522 adolescen-

2086 2546 2265 2612 tibus;
2293 2549 2612 2620 martyrium
2645 2567 2773 2606 vero
2816 2569 2882 2607 ex
2920 2552 3236 2624 hujusmodi
3267 2571 3431 2611 causa
3473 2573 3661 2627 prove-

2086 2638 2257 2694 nisse.
2290 2639 2420 2695 Erat
2460 2641 2692 2714 Babylas
2719 2645 3008 2716 episcopus
3039 2648 3359 2705 Antiochiae.
3415 2649 3661 2718 Quodam

2087 2729 2253 2799 igitur
2301 2741 2544 2802 tempore
2595 2733 2988 2793 Numeriauum
3040 2738 3203 2796 Rom.
3256 2744 3660 2814 imperatorem.

2088 2820 2222 2885 sive,
2259 2829 2319 2876 ut
2341 2822 2434 2877 alii
2461 2823 2671 2890 dicunt,
2699 2825 2920 2882 Decium
2942 2869 2958 2894 ,
2989 2845 3018 2883 a
3052 2833 3295 2887 dzemone
3327 2835 3537 2891 invecta
3565 2852 3662 2890 cu-

2089 2913 2290 2982 piditas
2320 2912 2544 2968 incessit
2577 2915 2916 2984 ingrediendi
2971 2919 3023 2972 in
3075 2920 3362 2974 ecclesiam
3395 2920 3664 2976 Christia-

2089 3015 2310 3068 norum,
2346 3015 2468 3056 cum
2504 3003 2738 3072 populus
2778 3004 2843 3059 ad
2878 3019 3000 3061 eam
3031 3007 3504 3077 frequentissimus
3535 3013 3660 3064 eon-

2090 3091 2345 3147 venisset.
2375 3090 2574 3148 Verum
2607 3097 2862 3152 sacerdos
2900 3095 2994 3152 Dei
3046 3099 3112 3152 ad
3144 3099 3388 3154 ecclesiae
3423 3100 3659 3154 vestibat.

2084 3183 2198 3237 lum
2241 3192 2436 3247 stans.
2493 3185 2699 3240 aditum
2747 3186 2796 3242 ei
2840 3187 3184 3254 interclusit,
3238 3204 3493 3245 asserens
3548 3205 3659 3244 non

2084 3291 2372 3344 passurum
2402 3292 2480 3345 se,
2511 3287 2775 3348 quantum
2803 3281 3026 3350 quidem
3058 3282 3111 3336 in
3152 3282 3270 3352 ipso
3300 3292 3438 3348 erat,
3480 3291 3542 3337 ut
3572 3280 3660 3338 lu-

2085 3382 2187 3437 pus
2217 3367 2270 3422 iu
2302 3369 2445 3424 ovile
2477 3368 2758 3439 irreperet.
2790 3369 3088 3440 Imperator
3122 3388 3254 3428 vero
3275 3410 3289 3436 ,
3327 3373 3506 3428 statim
3539 3374 3664 3444 qui-

2083 3459 2206 3514 dem
2243 3459 2313 3514 ab
2344 3459 2561 3529 incepto
2584 3460 2811 3528 destitit,
2834 3477 2930 3518 seu
2965 3463 3109 3532 quod
3134 3463 3457 3520 seditionem
3486 3462 3659 3519 refor-

2085 3549 2347 3613 midaret,
2376 3565 2472 3605 seu
2503 3551 2576 3604 ob
2607 3552 2770 3606 aliam
2821 3554 3138 3627 quampiam
3194 3567 3417 3608 causam
3453 3561 3659 3607 mutata

2081 3641 2384 3707 sententia;
2409 3641 2725 3712 episcopum
2756 3658 2888 3697 vero
2913 3683 2928 3709 ,
2969 3644 3206 3713 primum
3243 3644 3458 3714 quidem
3493 3653 3662 3700 teme-

2080 3732 2256 3788 ritatis
2281 3733 2580 3800 accusavit,
2609 3733 2804 3788 deinde
2832 3735 3176 3790 daemonibus
3195 3735 3510 3790 sacrificare
3533 3735 3654 3805 jus-

412 3822 593 3892 μένων
618 3823 1089 3895 ἀντιταττόμενον,
1116 3825 1209 3878 τὸν
1246 3823 1586 3896 μαρτυρικὸν
1614 3823 1980 3896 ἀναδήσασθαι

2089 3824 2148 3878 sit
2169 3839 2386 3880 annum
2418 3823 2562 3877 enim
2595 3824 2647 3878 id
2674 3824 3004 3879 sacrilicium
3031 3840 3152 3881 esse
3175 3864 3191 3890 ,
3223 3840 3334 3894 quo
3367 3835 3422 3880 et
3447 3825 3657 3879 crimen

409 3913 692 3982 στέφανον.

2078 3929 2236 3970 suum
2261 3913 2484 3977 diluere,
2519 3923 2574 3968 et
2608 3915 2661 3968 in
2690 3922 2964 3984 posterum
2999 3917 3260 3970 honorem
3300 3914 3404 3970 sibi
3436 3929 3501 3969 ac
3527 3913 3648 3983 glo-

409 4006 548 4060 riam
578 4021 894 4077 comparare
935 4014 1138 4077 posset.
1186 4008 1485 4078 Episcopus
1518 4023 1648 4064 vero
1676 4046 1692 4074 ,
1743 4023 1867 4064 cum
1912 4009 1980 4066 iis
2017 4024 2140 4080 quae
2196 4007 2298 4078 ipsi
2330 4007 2804 4079 proponebantur,
2837 4007 2960 4062 forti
3027 4024 3091 4064 ac
3141 4023 3409 4080 generoso
3469 4007 3658 4062 animo

407 4099 719 4168 restitisset,
755 4101 1000 4172 martyrii
1037 4116 1291 4157 coronam
1325 4103 1550 4172 adeptus
1589 4113 1694 4158 est.

479 4193 544 4248 θ’.
580 4194 704 4248 Ὀτι
731 4195 856 4258 τοὺς
897 4194 992 4249 τοῦ
1034 4195 1282 4268 Σωτῆρος
1317 4199 1599 4268 χρησμοὺς
1622 4238 1640 4263 ,
1671 4197 1721 4251 οἳ
1748 4198 1849 4270 τὴν
1881 4198 1978 4252 Ἰε-

411 4285 696 4359 ρουσαλὴμ
724 4287 1127 4359 ἀνατετράφθαι
1155 4289 1402 4358 λέγουσιν
1421 4329 1437 4357 ,
1475 4289 1614 4344 ὥστε
1659 4289 1791 4360 μηδὲ
1831 4287 1976 4342 λίθον

2142 4195 2194 4250 9.
2209 4195 2695 4264 Hierosolymorum
2721 4195 3036 4248 instauratio
3070 4194 3274 4263 frustra
3317 4205 3658 4265 suscepta.—

2083 4287 2344 4355 Apostala
2374 4285 2627 4342 Julianus
2649 4327 2664 4352 ,
2698 4285 3010 4342 Servatoris
3035 4287 3206 4341 nostri
3239 4289 3494 4354 oracula,
3530 4289 3655 4360 qui-

1636 4442 1872 4486 VALESII
1912 4439 2410 4486 ANNOTATIONES.

474 4551 616 4624 (61)Δ
638 4552 799 4624 Κατὰ
856 4552 922 4605 τὸ
963 4549 1245 4624 δειλινόν.
1280 4548 1438 4604 Circa
1475 4563 1781 4624 vesperam,
1817 4547 1976 4624 vertit

2089 4546 2197 4624 betm
2209 4547 2468 4624 anpivat.

405 4618 818 4684 Gothofredus,
887 4629 1108 4676 secutus
1179 4619 1677 4688 interpretationem
1749 4618 1976 4674 Joannis

2095 4612 2948 4688 (65)Αὗτῷκαθιᾷρύματι.ῌιιιιο
2963 4614 3140 4688 locum
3157 4612 3365 4688 restitui
3384 4627 3447 4667 ex
3464 4626 3655 4688 manu-

405 4692 620 4763 Langi‘,
650 4693 755 4771 qui
887 4691 1025 4771 libro
1073 4681 1360 4771 undecimo
1390 4687 1676 4771 Nicephori
1705 4688 1852 4771 ,nubi
1889 4688 1977 4742 hic
2074 4681 2278 4771 scripto
2300 4681 2486 4771 «addice
2504 4681 2772 4771 Samuelis
2788 4685 3138 4771 Bccharti‘nin
3155 4681 3649 4771 quesitasicrizbiturf

404 4755 757 4830 Philostorgii
790 4761 943 4816 locus
971 4761 1315 4830 descrlbitur,
1341 4759 1430 4830 ita
1447 4755 1699 4830 verterat.
1717 4755 1978 4830 Egovero

2089 4755 2223 4830 ιύτῷ
2243 4755 2626 4830 καθιδρύματι.
2655 4755 2714 4809 In
2736 4755 3646 4830 _eodem_codicescriptumjnveni

405 4835 551 4889 circa
601 4827 867 4886 meridiem
912 4837 1124 4886 vertere
1171 4829 1358 4883 malui.
1416 4828 1468 4882 ld
1516 4827 1661 4882 enim
1709 4828 1981 4897 significat

406 4903 600 4959 Graeca
624 4916 750 4964 vox,
782 4913 840 4955 ut
862 4909 1090 4956 testatur
1117 4899 1313 4956 Suidas
1337 4899 1389 4952 in
1419 4897 1598 4968 δείλη,
1624 4913 1747 4966 quae
1775 4906 1981 4951 utrum-

407 4988 516 5054 que
545 4981 758 5054 tem-pus
785 4971 1162 5052 denotathtam
1193 4969 1980 5054 meridiariumquam-vesper-

408 5035 606 5118 tinum.
642 5035 841 5095 Verum
896 5040 1076 5118 eshiis
1130 5053 1253 5118 quae
1304 5039 1526 5118 subjici}
1555 5035 1979 5118 lo’liilostorgius,

406 5112 546 5180 satis
576 5119 797 5180 apparet
823 5107 1184 5180 meridianum
1218 5117 1430 5180 tempus
1455 5107 1544 5180 hic
1568 5107 1816 5180 intelligi.

482 5173 1067 5263 (βξγέημηνῶγοβίο
1087 5179 1262 5263 etiam
1298 5173 1352 5232 δεῖ
1387 5173 1978 5263 ςρίξίεςᾼβίξεείῇιιίξηο

405 5245 674 5320 scriptum
693 5245 906 5306 inveni.
939 5247 1050 5306 Lex
1085 5256 1263 5303 tamen
1289 5246 1640 5320 grammatica
1671 5245 1837 5300 scribi
1879 5245 1966 5314 ju-

2073 4819 2299 4897 γνώμην
2313 4819 2593 4897 ἐμπεσεῖν,
2608 4840 2717 4880 non
2734 4823 3248 4897 sxmc_siv,utedidit
3262 4819 3650 4897 Gothofredus.

2151 4888 2266 4966 (643
2287 4888 2409 4966 Τὸν
2431 4888 2770 4966 ἐπίσκοπον
2797 4888 3000 4966 πρῶτα
3019 4894 3321 4966 μένηΑιιιε
3352 4891 3465 4966 hgec
3488 4888 3650 4966 verba

2081 4958 2445 5038 ponendaest
2472 4958 2984 5038 tinalisgdistirictio.
3018 4958 3219 5038 Deinde
3243 4958 3546 5038 supplenda
3565 4969 3649 5011 est

2081 5027 2392 5104 coniunctio
2415 5035 2520 5088 hoc
2547 5033 2848 5104 modo,frbv
2871 5033 2929 5086 δὲ
2959 5033 3272 5096 ἐπίσκοπον,
3292 5027 3422 5094 etc.,
3449 5037 3508 5082 ut
3534 5027 3650 5081 haec

2081 5102 2451 5174 respondeant
2483 5102 2876 5174 superioribus.

2153 5171 2269 5244 (ϐξ)
2293 5171 2605 5244 ’[Ιιθοᾲοτῖι.
2634 5173 2669 5228 I.
2697 5187 2787 5244 ιιι,
2822 5187 2871 5227 c.
2909 5171 2992 5224 l6.

2154 5241 2266 5313 (66)
2309 5241 2506 5298 Euseb.
2541 5257 2664 5318 pag.
2689 5241 2818 5308 294,
2845 5258 2898 5295 ιι.
2936 5256 2986 5292 a.

1869 5403 2200 5448 VARIORUM
2209 5430 2224 5445 .

479 5518 556 5586 (α)
585 5517 726 5586 Περι
757 5517 864 5571 τοῦ
891 5515 1193 5586 μάρτυρος
1222 5508 1828 5586 Βαϐύλαζῡεόηείειιί
1869 5509 1974 5563 hoc

2089 5507 2300 5586 gaggfa,
2331 5516 2462 5586 toni.
2494 5505 2560 5586 ιζ,
2585 5503 2716 5586 edit.
2750 5503 3062 5571 Savilianzr,
3091 5509 3146 5557 et
3177 5500 3402 5558 Suidam
3429 5499 3486 5557 in
3515 5515 3652 5558 vero

407 5580 687 5661 martyre,
717 5580 1138 5661 quem'pa'ssu'm
1179 5598 1318 5661 esse.
1355 5583 1458 5661 sub
1494 5581 1657 5661 Decio
1697 5580 1828 5661 imp.
1866 5593 1974 5661 non

405 5664 512 5717 sub
555 5649 1174 5714 'Nume'riano'constat.
1221 5652 1341 5708 Vid.
1381 5651 1664 5725 Chrysost.
1705 5658 1844 5704 orat.
1901 5649 1978 5704 Dc

2077 5573 2340 5639 Βαὸὖλας.
2374 5573 2463 5630 W.
2507 5573 2707 5628 Lowth.
