4054 6198
369 265 488 324 ’867

1755 248 2235 307 Ριιιιοετοιιςιι

3541 255 3649 310 518

387 380 489 434 bus
523 376 892 448 Hierosolyma
922 374 994 427 ita
1026 386 1278 429 eversum
1317 371 1384 426 iri
1419 368 1777 440 praedixerat,
1813 377 1873 421 ut
1903 382 1968 420 ne

2079 367 2162 420 ἐπὶ
2213 365 2345 436 λίθῳ
2393 367 2606 436 μεῖναι,
2661 363 2872 426 τούτοις
2922 363 2949 415 6
2981 361 3295 433 ἀποστάτης
3347 363 3427 426 είς
3453 362 3652 432 ψεῦδος

391 471 526 539 lapis
555 469 774 538 quidem
801 481 965 535 supra
995 464 1225 533 lapidem
1250 471 1394 517 esset
1424 474 1803 522 remansurus,
1840 456 1961 512 falsi

387 561 712 616 convincere
741 557 985 620 molitus,
1013 569 1120 608 non
1145 553 1307 608 modo
1332 567 1520 606 eorum
1549 565 1670 620 quae
1686 550 1965 604 studuerat

389 652 522 707 nihil
557 649 813 718 perfecit:
863 648 972 701 imo
1021 646 1184 701 etiam
1239 643 1600 700 certissimam
1647 640 1961 695 earumdem

390 741 669 795 veritatem
703 738 904 791 invitus
955 737 1080 790 licet
1122 733 1464 801 conﬁrmavit
1506 731 1642 800 (67).
1677 729 1811 784 Nam
1837 745 1963 786 cunt

392 841 581 881 omnes
615 826 855 894 undique
893 823 1110 878 Judaeos
1138 823 1476 894 collegisset,
1507 830 1560 876 et
1585 821 1845 891 pecunias
1872 820 1966 876 iis-

391 919 510 972 dem
546 934 610 970 ex
641 917 837 971 aerario
863 931 928 970 ac
955 915 1170 984 reliqua
1201 914 1443 970 subsidia
1473 913 1813 983 praebuisset,
1839 927 1969 981 prae-

393 1010 532 1078 cepit
564 1009 644 1063 eis
680 1016 738 1061 ut
765 1006 1025 1076 templum
1064 1006 1454 1059 instaurarent.
1501 1002 1697 1058 Verum
1733 1013 1967 1058 terrores

393 1099 656 1154 divinitus
681 1082 936 1162 immissi,
969 1110 1109 1166 quos
1145 1095 1292 1148 nulla
1329 1095 1411 1150 vis
1437 1094 1760 1164 eloquentiae
1795 1093 1969 1164 expli—

392 1203 521 1245 care
549 1189 750 1259 possit,
777 1203 887 1242 non
941 1187 1105 1241 modo
1158 1186 1416 1254 impetum
1448 1185 1665 1240 illorum
1693 1199 1971 1253 compres-

394 1290 616 1348 serunt,
652 1281 746 1336 sed
795 1281 957 1334 etiam
1003 1288 1117 1332 tum
1175 1278 1556 1347 imperatorem
1612 1275 1823 1346 ipsum,
1854 1283 1968 1328 tum

391 1368 606 1425 Jinlzeos
629 1411 642 1433 ,
676 1370 741 1422 ad
781 1368 1016 1437 inopiam
1048 1367 1261 1421 consilii
1299 1365 1542 1421 redactos
1569 1405 1584 1432 ,
1625 1380 1840 1420 summo
1881 1365 1972 1420 de-

392 1464 588 1518 decore
614 1461 925 1516 aﬂ‘ecernnt.
964 1459 1100 1514 Hinc
1129 1460 1272 1513 enim
1306 1459 1444 1528 ignis
1491 1475 1584 1513 eos
1622 1459 1715 1528 qui
1748 1474 1970 1513 manum

392 1553 542 1624 operi
596 1555 886 1607 admovere
936 1551 1053 1605 ausi
1095 1550 1349 1614 fuerant,
1387 1550 1645 1620 depastus
1693 1559 1808 1616 est;
1846 1550 1974 1605 hinc

392 1654 550 1699 terra:
582 1654 764 1698 motus
797 1643 1013 1709 obruit;
1060 1643 1198 1696 alios
1247 1642 1366 1696 alia:
1407 1642 1742 1696 calamitates
1771 1640 1976 1694 exstin-

2065 459 2310 528 ἐλέγχειν
2336 456 2659 527 διανοηθεὶς,
2689 457 2750 510 οὐ
2783 456 2940 527 μόνον
2961 456 3112 508 οὐδὲν
3129 456 3328 526 ἠνυσεν
3352 448 3428 508 ὧν
3451 455 3647 510 ἐσπού-

2064 551 2226 603 δασεν
2245 591 2260 614 ,
2287 548 2422 603 ἀλλὰ
2447 548 2507 602 τὸ
2533 550 2588 600 ἐν
2619 549 2729 610 τοῖς
2770 549 3037 618 χρησμοῖς
3055 587 3068 609 ,
3099 549 3148 599 εί
3184 547 3282 599 καὶ
3309 546 3458 600 ἄκων
3480 587 3496 610 ,
3532 547 3648 602 ἐσε-

2065 639 2296 692 6αίωσεν
2343 638 2755 709 ἀμετάπτωτον.
2815 638 2872 690 Ὀ
2911 636 3009 707 μὲν
3054 636 3163 707 γὰρ
3215 637 3344 700 τούς
3394 639 3646 710 πανταχῆ

2067 731 2394 802 συναγείρας
2455 730 2739 794 Ἰουδαίους
2763 771 2778 796 ,
2823 730 2913 783 καὶ
2967 728 3178 783 οἴκοθεν
3236 730 3496 800 χρήματα
3557 733 3652 784 καὶ

2066 821 2294 890 δύναμιν
2324 820 2491 890 ἄλλην
2521 821 2823 891 παρασχὼν
2843 859 2858 883 ,
2893 817 3264 882 ἀνακαινίζειν
3292 821 3567 890 ἐπέτρεπε
3593 821 3655 875 τὸ

2071 915 2236 983 ἱερόν.
2264 913 2508 984 Δείματα
2549 913 2606 965 δὲ
2641 912 2877 982 θεήλατα
2904 911 3166 979 γεγονότα
3199 912 3446 983 διήγησιν
3481 915 3654 986 ὐπερ-

2069 1004 2322 1057 δαίνοντα
2345 1042 2360 1066 ,
2393 1003 2455 1055 οὐ
2509 1002 2667 1071 μόνον
2705 1000 2929 1054 ἔσϐεσεν
2961 1001 3141 1054 αὐτῶν
3170 1000 3268 1074 τὴν
3315 1003 3651 1075 προθυμίαν,

2067 1094 2202 1148 ἀλλὰ
2259 1093 2354 1147 καὶ
2409 1093 2571 1147 αὐτὸν
2627 1093 2720 1146 καὶ
2760 1095 2886 1158 τοὺς
2940 1093 3228 1158 Ἰουδαίους
3281 1096 3362 1158 είς
3415 1097 3656 1167 ἐσχάτην

2070 1182 2378 1254 ἀμηχανίαν
2406 1184 2501 1236 καὶ
2543 1182 2804 1253 αἰσχύνην
2848 1183 3306 1254 κατεστρέψαντο.
3345 1184 3515 1239 Τοῦτο
3552 1188 3655 1257 μὲν

2070 1274 2180 1344 γὰρ
2244 1271 2356 1345 πῦρ
2404 1273 2702 1343 ἐπενέμετο
2757 1273 2883 1336 τοὺς
2923 1273 3251 1345 ἐργάζεσθαι
3297 1275 3650 1346 τολμῶντας*

2071 1366 2228 1419 τοῦτο
2258 1365 2314 1418 δὲ
2338 1405 2351 1428 ,
2389 1365 2610 1436 σεισμὸς
2648 1363 2912 1433 ἐχώννυεν
2933 1382 2946 1396 ο
2975 1365 3070 1419 καὶ
3113 1367 3305 1431 ἄλλους
3339 1368 3474 1422 ἄλλα
3503 1370 3651 1441 πάθη

2073 1454 2482 1524 κατεμερίζετο,
2509 1454 2604 1506 καὶ
2627 1455 2660 1524 ἡ
2683 1453 3065 1524 καταισχύνειν
3087 1455 3156 1507 τὰ
3176 1455 3474 1510 δεσποτικὰ
3492 1457 3652 1526 λόγια

2078 1549 2415 1618 μελετήσασα
2461 1547 2666 1615 τόλμα,
2697 1546 2758 1598 τὸ
2804 1547 3027 1599 ἐκείνων
3074 1548 3506 1618 ἀκαταίσχυντον
3555 1552 3651 1604 καὶ

2077 1637 2518 1709 σεϐασμιώτατον
2539 1636 2758 1708 λέληθεν
2785 1638 2984 1709 ἑαυτὴν
3004 1639 3470 1709 ἁνακηρύττουσα.

392 1754 545 1794 xere.
603 1740 694 1794 Sic
746 1739 976 1794 audacia
1025 1755 1148 1808 quae
1189 1739 1409 1794 oraCnla
1447 1737 1665 1793 Domini
1699 1736 1872 1792 nostri
1929 1735 2225 1804 ignominia
2266 1733 2477 1789 allicere
2520 1743 2855 1800 tentaverat,
2905 1733 3225 1788 earumdem
3278 1735 3652 1794 inviolabilem

391 1845 457 1885 ac
481 1833 844 1887 venerandam
884 1831 1178 1887 etiicaciam
1215 1833 1534 1902 imprudens
1569 1832 1745 1902 palam
1783 1831 2114 1902 praedicavit.
3254 1833 3259 1836 ‘

467 1945 555 2001 l0.
607 1947 819 2000 Iuliani
883 1949 1112 2014 comitis,
1185 1947 1415 2011 Felicis,
1478 1946 1682 2017 Elpidii
1733 1948 1975 2001 horrendi

2157 1953 2208 2002 t'.
2242 1947 2365 2001 Ὅτι
2410 1945 2592 2000 πολλοὶ
2622 1947 2719 2017 μὲν
2749 1945 2855 1999 τῶν
2889 1948 2967 2010 είς
3016 1948 3141 2009 τοὺς
3176 1948 3533 2018 Χριστιανοὺς
3561 1949 3656 2002 καὶ

391 2041 565 2094 exitus
584 2040 792 2110 (68)-
817 2039 954 2094 Cum
980 2039 1132 2093 multi
1149 2055 1214 2094 ex
1232 2039 1300 2094 iis
1325 2038 1418 2110 qui
1437 2037 1977 2095 adversusChristia—

393 2146 494 2186 nos
522 2141 577 2185 et
604 2140 794 2187 contra
829 2131 1144 2200 religionem
1184 2131 1508 2187 debacchati
1537 2130 1776 2195 fuerant,
1808 2131 1976 2185 meri-

393 2233 479 2278 tas
511 2237 701 2290 pinnas
753 2222 1064 2289 dederunt,
1115 2231 1231 2276 tum
1284 2222 1732 2278 manifestissime
1777 2230 1830 2276 ct
1877 2221 1978 2277 sub

393 2315 639 2368 omnium
667 2324 959 2384 conspectu
989 2326 1283 2384 praesentes
1315 2315 1596 2368 solverunt
1623 2327 1812 2382 pennas
1837 2352 1851 2375 ,
1881 2311 1980 2365 Ju-

396 2403 577 2459 lianus
609 2419 794 2459 comes
817 2402 1084 2469 Orientis,
1113 2403 1416 2456 avunculus
1443 2403 1718 2470 Apostatze
1753 2399 1976 2467 Juliani,

386 2502 450 2547 et
481 2492 630 2547 Felix
657 2509 843 2548 comes
872 2493 1225 2561 largitionum
1249 2532 1264 2556 ,
1290 2499 1343 2544 et
1371 2489 1614 2560 Elpidius
1655 2491 1977 2560 praepositus

395 2584 592 2636 domus
629 2583 790 2652 regiae.
817 2620 831 2645 ,
863 2596 1006 2652 quos
1038 2579 1270 2634 Romani
1313 2596 1508 2636 vocare
1541 2583 1977 2651 solentpomites

399 2687 580 2726 rerum
609 2673 964 2741 privatarum.
1000 2669 1067 2724 lli
1108 2686 1270 2740 porro
1303 2680 1414 2727 tres
1465 2682 1621 2727 erant
1650 2688 1714 2728 ex
1749 2690 1978 2730 numero

395 2777 584 2817 eorum
613 2763 704 2832 qui
730 2763 784 2816 in
816 2762 1161 2832 imperatoris
1187 2762 1415 2831 gratiam
1447 2777 1478 2818 a
1501 2763 1761 2832 religione
1796 2774 1978 2819 nostra

397 2856 765 2910 desciverant.
801 2855 878 2909 Ac
906 2854 1058 2909 Felix
1087 2854 1305 2924 quidem
1327 2895 1342 2919 ,
1365 2870 1490 2909 cum
1527 2856 1672 2908 nulla
1697 2855 1802 2909 alia
1838 2871 1979 2925 pra:-

400 2948 661 3003 cessisset
711 2963 918 3014 causa,
967 2963 1074 3001 una
1123 2963 1190 3002 ex
1241 2946 1594 3002 interioribus
1658 2947 1813 3001 venis
1860 2962 1982 3016 qua:

403 3043 648 3096 omnium
676 3042 912 3095 maxima
944 3039 1247 3104 est,subito
1275 3050 1455 3110 rupta,
1492 3040 1775 3110 sanguinis
1804 3039 1980 3093 rivum

403 3151 470 3189 ex
503 3151 596 3190 ore
628 3133 817 3188 effudit
845 3175 859 3197 ,
889 3144 939 3188 et
990 3133 1322 3188 horrendum
1373 3134 1587 3188 cunctis
1633 3135 1723 3202 qui
1755 3133 1984 3187 aderant

400 3226 770 3294 spectaculum
821 3225 1066 3293 praebens
1090 3264 1106 3287 ,
1143 3240 1212 3278 ne
1243 3224 1384 3278 diem
1435 3225 1652 3292 quidem
1682 3233 1852 3278 totum
1890 3239 1984 3279 su-

2079 2038 2176 2109 τὴν
2200 2039 2478 2091 εὐσέϐειαν
2503 2037 2866 2108 ἐκμανέντων,
2890 2038 3045 2102 δίκας
3078 2038 3260 2092 ἔτισαν
3279 2039 3340 2092 οὐ
3377 2041 3654 2110 μεμπτὰς·

2078 2132 2157 2194 είς
2202 2129 2264 2182 τὸ
2299 2130 2759 2201 περιφανέστατον
2801 2129 2856 2183 δὲ
2884 2130 2981 2189 καὶ
3009 2132 3325 2200 ἐπιφανεῖς,
3372 2130 3657 2195 Ἰουλιανός

2076 2238 2135 2273 τε
2186 2222 2214 2273 6
2245 2221 2342 2291 τῆς
2376 2219 2519 2290 ἑῴας
2566 2221 2748 2292 ἄρχων
2775 2260 2788 2283 ,
2840 2219 2983 2284 θεῖος
3011 2219 3085 2274 ὣν
3124 2221 3264 2275 κατὰ
3293 2221 3353 2275 τὸ
3405 2221 3662 2293 μητρῷον

2077 2313 2232 2380 γένος
2263 2311 2358 2364 τοῦ
2409 2313 2716 2365 ἁποστάτου
2761 2311 3086 2378 Ἰουλιανοῦ,
3120 2315 3214 2367 καὶ
3247 2313 3413 2383 Φήλιξ
3458 2313 3488 2364 6
3532 2314 3664 2378 τούς

2079 2402 2384 2474 θησαυροὺς
2430 2402 2900 2474 ἐπιτετραμμένος
2925 2445 2939 2468 ,
2971 2406 3065 2458 καὶ
3123 2404 3388 2468 Ἐλπίδιος
3429 2405 3526 2474 τῆς
3564 2402 3665 2474 βα-

2081 2491 2294 2561 σιλικῆς
2322 2491 2498 2554 οἰκίας
2523 2490 2830 2562 προεστώςο
2862 2492 3108 2562 κόμητας
3131 2494 3438 2564 πριουάτων
3463 2496 3498 2564 ἡ
3528 2494 3665 2547 Ῥω-

2083 2581 2256 2651 μαίων
2277 2581 2494 2649 γλῶττα
2515 2582 2690 2635 καλεῖ.
2721 2576 2880 2636 Οὗτοι
2903 2582 2946 2634 δ’
2972 2585 3019 2636 οί
3050 2586 3200 2655 τρεῖς
3227 2585 3336 2638 τῶν
3365 2585 3665 2656 ἐξαρνησαο

2084 2674 2258 2744 μένων
2311 2674 2410 2745 τὴν
2448 2675 2728 2728 εὐσέϐειαν
2783 2677 2861 2738 είς
2904 2674 2982 2744 τῷ
3031 2674 3240 2745 βασιλεί
3267 2676 3667 2746 κεχαρισμένον

2078 2761 2240 2837 ἦσαν.
2279 2767 2334 2819 ὐ
2363 2767 2460 2836 μὲν
2483 2762 2576 2820 οὖν
2605 2765 2768 2837 Φήλιξ
2799 2764 2858 2830 ἐξ
2885 2767 3138 2836 οὐδεμιᾶς
3162 2767 3436 2837 ἐμφανοῦς
3459 2767 3665 2830 αἰτίας,

2080 2856 2187 2910 τῶν
2217 2859 2273 2910 ἐν
2306 2856 2458 2927 βάθει
2490 2855 2700 2925 φλεϐῶν
2737 2859 2867 2926 μιᾶς
2897 2858 2996 2927 τῆς
3033 2856 3298 2927 μεγίστης
3337 2856 3666 2928 ἀναρραγεί-

2085 2963 2182 3016 σης
2208 2986 2222 3010 ,
2253 2948 2481 3018 αἵματός
2516 2965 2573 3000 τε
2621 2947 2790 3019 αὐλὸν
2813 2946 3114 3018 ἐξέπεμψεν
3147 2949 3210 3000 ἐκ
3251 2947 3342 3001 τοῦ
3377 2948 3666 3018 στόματος,

2085 3037 2179 3090 καὶ
2217 3036 2395 3108 Θέαμα
2430 3039 2541 3100 τοῖς
2588 3038 2755 3109 δρῶσι
2797 3038 3087 3108 γενόμενος
3131 3037 3359 3110 φοϐερὸν
3385 3078 3400 3101 ,
3435 3038 3550 3092 οὐδὲ
3599 3039 3667 3092 δι’

2082 3129 2212 3200 ὅλης
2250 3131 2469 3202 ἡμέρας
2509 3131 2744 3204 ἤρκεσεν
2768 3147 2782 3161 ·
2808 3129 2944 3183 ἀλλὰ
2984 3131 3112 3202 περὶ
3151 3130 3330 3202 δείλην
3363 3130 3522 3200 ὀψίαν
3571 3130 3667 3184 τοῦ

2084 3222 2315 3292 αἵματος
2351 3223 2725 3284 ἐπιλείποντος
2768 3221 2914 3292 (69),
2964 3223 3056 3276 καὶ
3099 3223 3194 3294 τὴν
3238 3222 3415 3293 ψυχὴν
3470 3238 3672 3276 συναπ-

403 3313 627 3384 perfuit,
652 3315 745 3368 sed
777 3315 881 3368 sub
907 3329 1210 3383 vesperam,
1246 3314 1526 3368 deficiente
1556 3315 1842 3386 sanguine,
1863 3317 1975 3369 ani-

2087 3314 2269 3368 έϐαλε.
2307 3315 2364 3368 'O
2391 3315 2447 3368 δέ
2486 3333 2548 3384 γε
2590 3315 2874 3379 Ἰουλιανὸς
2894 3316 3140 3388 ἀργαλέα
3164 3317 3258 3371 καὶ
3279 3316 3673 3388 δυστεκμάρτῳ

406 3419 552 3459 mam
586 3404 748 3458 simul
797 3403 1013 3458 efﬂavit.
1046 3402 1296 3458 Juiianus
1325 3419 1454 3459 vero
1477 3403 1677 3460 difﬁcili
1708 3417 1762 3461 et
1795 3407 1982 3478 ignoto

404 3505 690 3564 correptus
729 3495 922 3549 morbo
950 3537 964 3559 ,
1021 3503 1162 3549 totos
1214 3494 1573 3566 quadraginta
1604 3497 1719 3553 dies
1751 3498 1980 3568 supinus

401 3586 592 3656 jaenit,
626 3601 726 3641 nec
759 3587 992 3655 loquens
1021 3587 1344 3657 quidquam,
1378 3602 1479 3642 nec
1507 3603 1672 3644 sensu
1705 3590 1814 3645 ullo
1847 3605 1983 3659 prae-

407 3679 586 3745 ditus;
611 3686 796 3748 postea
829 3692 956 3732 vero
982 3693 1104 3732 cum
1136 3679 1298 3749 paulo
1327 3679 1667 3736 commodius
1694 3697 1754 3737 se
1782 3682 1982 3737 habere

405 3771 661 3840 cmpisset
683 3809 699 3834 ,
735 3769 964 3840 impium
1015 3768 1230 3827 facinus
1263 3774 1405 3842 quod
1434 3774 1763 3838 admiserat,
1799 3774 1984 3830 identi-

403 3861 527 3917 dem
557 3861 876 3924 damnavit,
908 3876 1140 3931 eamque
1169 3863 1240 3918 ob
1291 3879 1514 3919 causam
1552 3865 1604 3919 id
1655 3866 1981 3934 supplicium

405 3951 508 4008 sibi
565 3950 862 4020 irrogatam
916 3967 1036 4007 esse
1086 3952 1370 4009 confessus
1429 3964 1548 4022 est;
1607 3965 1661 4009 et
1719 3955 1983 4010 hactenus

406 4041 601 4096 inorbo
628 4042 872 4106 levatus,
919 4044 1097 4113 quoad
1127 4059 1300 4115 usque
1327 4061 1438 4100 sua!
1486 4047 1656 4116 ipsius
1688 4046 1982 4116 impietatis

408 4131 561 4186 testis
589 4133 909 4201 exstitisset,
925 4135 1073 4190 omni
1106 4137 1350 4191 ulcerum
1376 4152 1572 4207 genere
1591 4146 1834 4192 ventrem
1863 4137 1984 4207 ejus

403 4225 757 4292 dilacerante,
781 4227 1018 4281 animam
1052 4229 1192 4283 inter
1213 4230 1488 4284 cruciatus
1511 4229 1805 4284 exhalavit.
1825 4227 1975 4298 Elpi-

404 4317 528 4370 dius
559 4315 812 4387 denique,
847 4319 971 4374 licet
998 4319 1175 4376 serius
1204 4337 1368 4391 quam
1398 4321 1612 4391 reliqui,
1645 4328 1822 4375 tamen
1852 4335 1977 4376 cum

2089 3407 2304 3478 βληθεὶς
2341 3406 2481 3477 νόσῳ
2504 3449 2517 3471 ,
2573 3409 2666 3461 ἐπὶ
2693 3410 3104 3478 τεσσαράκοντα
3144 3408 3244 3472 τὰς
3285 3408 3414 3471 ὅλας
3459 3407 3672 3480 ἡμέρας

2087 3496 2361 3567 ἀποτάδην
2393 3497 2569 3550 ἐκειτο
2597 3498 2707 3568 (70)
2729 3539 2743 3561 ,
2779 3499 2913 3570 μήτε
2940 3498 3308 3570 φθεγγόμενος
3328 3540 3343 3565 ,
3379 3501 3514 3569 μήτε
3546 3499 3670 3551 τινὰ

2091 3586 2440 3658 συναίσθησιν
2471 3587 2610 3660 ἔχων
2633 3605 2647 3619 ο
2688 3589 2884 3661 μικρὸν
2917 3590 2973 3643 δέ
3002 3607 3120 3654 πως
3160 3591 3498 3660 ὐπορραῖσας
3530 3589 3669 3660 (71).

2091 3681 2260 3736 πολλὰ
2311 3683 2409 3753 μὲν
2460 3683 2862 3751 κατεγίνωσκεν
2904 3683 3096 3736 ἑαυτὸν
3127 3683 3226 3753 τῆς
3254 3682 3512 3752 ἀθεμίτου
3553 3683 3674 3736 τόλο

2091 3791 2199 3844 μης
2219 3815 2233 3839 ,
2263 3773 2356 3827 καὶ
2384 3774 2481 3842 τὴν
2509 3773 2663 3844 δίκην
2703 3774 2913 3829 ἐκεῖθεν
2945 3775 3094 3844 αὐτῷ
3134 3775 3485 3845 συναίσθησιν
3510 3773 3672 3830 ἔλασε

2089 3867 2506 3939 καταρραγῆναι
2528 3882 2540 3895 ·
2593 3869 2686 3920 καὶ
2718 3869 2877 3940 μέχρι
2905 3867 3000 3921 τοῦ
3052 3867 3301 3938 μάρτυρα
3330 3866 3492 3920 αὐτὸν
3545 3868 3673 3920 ἐαυ-

2087 3955 2182 4009 τοῦ
2209 3957 2308 4025 τῆς
2333 3957 2716 4028 ἀνοσιουργίας
2753 3958 3010 4027 γενέσθαι
3037 3956 3376 4027 ἀνενεγκὼν,
3409 3957 3674 4011 παντοδα-

2091 4053 2212 4112 ποῖς
2240 4048 2422 4102 ἕλκεσι
2448 4049 2546 4121 τὴν
2575 4050 2816 4120 γαστέρα
2853 4049 3116 4112 σπασθεὶς
3135 4090 3149 4114 ,
3183 4047 3545 4120 συνδιερῤἀγη
3575 4047 3674 4101 καὶ

2088 4136 2187 4206 τὴν
2215 4136 2412 4206 ψυχήν.
2445 4138 2554 4189 Καὶ
2596 4140 2626 4190 6
2663 4139 2928 4202 Ἐλπίδιος
2964 4139 3020 4192 δὲ
3045 4178 3059 4200 ,
3096 4140 3145 4191 εί
3193 4139 3288 4193 καὶ⁹
3336 4137 3447 4192 τῶν
3495 4137 3672 4190 ἄλλων

2090 4225 2454 4299 βραδύτερον,
2509 4229 2623 4282 ἀλλ’
2661 4225 2756 4284 οὖν
2809 4233 2874 4302 τῇ
2909 4230 3004 4284 τοῦ
3038 4229 3344 4302 Προκοπίου
3393 4229 3670 4301 τυραννίδι

2089 4317 2459 4388 συμπράττων
2492 4321 2802 4392 φωραθεὶς,
2851 4322 2911 4387 ὃς
2944 4323 3213 4395 ἐπανέστη
3260 4320 3340 4392 τῷ
3385 4321 3667 4385 Οὐάλεντι,

1630 4493 1871 4536 VALESII
1913 4492 2411 4539 ANNOTATIONES.

474 4639 585 4707 (67)
617 4638 928 4696 Thcodorit.
961 4642 997 4695 l.
1036 4657 1119 4704 ιιι,
1151 4657 1201 4694 c.
1227 4642 1317 4696 20.

498 4710 586 4781 68)
618 4709 824 4781 Theod.
857 4713 951 4766 lib.
983 4728 1062 4776 ιιι,
1093 4727 1213 4781 cap.
1249 4712 1336 4774 12,
1375 4713 1457 4765 15.

495 4780 585 4848 69)
632 4780 752 4850 Τοῦ
785 4782 1036 4850 αἵματος
1063 4780 1504 4848 ἐπιλείποντος.
1559 4782 1616 4836 In
1664 4783 1850 4839 codice
1881 4784 1981 4838 Sa-

624 4849 878 4905 Bocltarti
915 4852 1110 4922 legitur
1146 4851 1526 4921 ἐπιλείψαντος
1552 4853 1646 4905 καὶ
1678 4854 1777 4924 τὴν
1799 4855 1978 4926 ψυχὴν

401 4937 482 4976 απ
547 4939 578 4974 α
613 4937 658 4974 ε.

401 4937 658 4977 απεοαΑε.

473 4993 586 5062 (70)
635 4989 972 5060 Ἑπομὰδην
1015 4990 1225 5062 ἔκειτο.
1256 4990 1413 5046 Hunc
1443 4993 1621 5047 locum
1649 4995 1861 5048 correxi
1912 5011 1977 5050 ex

399 5060 771 5129 manuscripto
799 5064 986 5117 codice
1015 5060 1284 5118 Samuelis
1304 5062 1559 5119 Bocharti
1589 5103 1604 5126 ,
1660 5072 1713 5119 et
1745 5082 1811 5119 ex
1841 5066 1980 5120 libro

397 5133 611 5205 decimo
639 5130 927 5205 Nicephori
960 5133 1142 5205 capite
1168 5133 1236 5188 29
1262 5175 1276 5198 ,
1323 5133 1417 5203 qui
1464 5134 1666 5189 diserte
1713 5136 1976 5205 scriptum

396 5202 925 5275 halientﬁrnotdaqv.
960 5200 1314 5272 Repudianda
1340 5200 1422 5259 est
1463 5205 1630 5274 igitur
1661 5200 1974 5275 conjectura

393 5270 554 5342 Luca:
583 5269 873 5334 Holsrenii,
901 5276 992 5342 qni
1026 5269 1092 5327 ad
1146 5291 1299 5329 oram
1335 5275 1420 5329 sui
1456 5269 1661 5330 codicis
1696 5269 1977 5332 annotavit

392 5341 738 5417 scribendum
769 5341 993 5397 omnino
1015 5360 1136 5400 esse
1167 5345 1482 5417 ὲπωμάδην,
1509 5361 1632 5415 quae
1655 5348 1815 5402 lectio
1841 5349 1970 5403 ferri

392 5411 542 5465 nullo
574 5411 736 5464 modo
759 5422 954 5479 potest.

467 5481 579 5554 (71.)
607 5481 836 5554 Μικρὸν
879 5481 948 5536 δὲ
978 5485 1368 5554 ὐπορῤατσας.
1403 5485 1645 5544 Pessime
1680 5486 1968 5545 Gothofre-

2090 4651 2481 4724 interprﬁetatus
2514 4663 2595 4708 est
2621 4653 2678 4709 in
2712 4655 2887 4724 capite
2912 4654 2982 4709 29
3031 4654 3152 4709 libri
3188 4670 3218 4708 x
3279 4651 3541 4709 Historia
3567 4646 3664 4709 Ni-

2088 4723 2308 4796 cephori
2330 4764 2344 4786 ,
2379 4725 2469 4778 ubi
2497 4723 2880 4796 eademverba
2917 4726 3168 4791 leguntur
3195 4740 3260 4778 ex
3293 4725 3666 4796 Philostorgio

2085 4792 2403 4866 desumpta:
2439 4794 2632 4865 μικρὸν
2661 4794 2716 4846 δὲ
2741 4794 2878 4858 τέως
2920 4797 3219 4866 ὐποραῖσας
3245 4837 3261 4859 ,
3287 4804 3337 4850 et
3368 4792 3670 4866 valetudine

2084 4862 2361 4935 paululum
2399 4862 2730 4935 recuperata,
2768 4874 2872 4919 clc.
2919 4862 3311 4935 llarpocratiou
3354 4867 3406 4918 in
3440 4864 3665 4930 Lexico,

2087 4932 2323 5008 pateas,
2351 4932 2560 5008 inquit,
2605 4934 2725 4986 ἀντὶ
2757 4935 2867 5008 τοῦ-
2887 4932 3043 5008 ρᾲως
3059 4936 3210 5008 ἔχων
3249 4939 3312 4990 ἐκ
3344 4935 3444 5008 τῆς
3482 4936 3667 4989 νόσου*

2077 5003 2427 5077 ῥημοσθένης
2449 5005 2814 5067 Φιλιππικοῖς.
2846 5003 3024 5061 Locus
3059 5003 3458 5077 DEtnosthenis,
3496 5022 3662 5077 quem

2078 5072 2282 5145 indicat
2303 5073 2679 5142 Harpocratio.
2707 5084 2884 5129 exstat
2909 5077 2960 5130 in
2995 5077 3169 5145 prima
3203 5072 3540 5145 Olynthiaai,
3569 5074 3663 5132 tibi

2079 5096 2282 5126 ιιιυιιῑίιι
2303 5096 2679 5142 ηιμ-ρυίτέιιιο.
2707 5096 2884 5129 εχδιίιι
2909 5096 2960 5130 In
2995 5096 3169 5145 prima
3203 5096 3287 5132 UH
3308 5096 3540 5142 ιιιηιαεα,
3569 5096 3663 5132 ιιυι

2079 5141 2166 5218 de
2195 5142 2450 5218 Philippo
2483 5145 2775 5218 Macedone
2828 5147 2897 5199 ita
2929 5147 3158 5218 scribit,
3192 5096 3460 5218 hab/evntis
3500 5146 3666 5218 πάλιν

2079 5211 2399 5287 ῥαΐσας-οὐκ
2437 5215 2530 5267 ἐπὶ
2577 5215 2637 5268 τὸ
2667 5215 2932 5287 ῥᾳθυμεῖν
2973 5211 3255 5271 ἀπέκλινε.
3282 5219 3360 5272 Ad
3385 5211 3555 5287 'qnem
3585 5217 3666 5271 lo-

2077 5281 2199 5358 cum
2227 5281 2679 5358 Ulpianusnotat
2711 5281 2935 5341 verbum
2975 5287 3170 5358 ῥαΐσας
3192 5304 3306 5358 non
3353 5281 3670 5358 significare

2078 5352 2306 5422 ὑγιάνας
2334 5395 2347 5417 ,
2382 5356 2472 5429 sed
2503 5356 2797 5429 idem_es_se
2832 5352 2987 5429 quod
3029 5357 3361 5429 κουφότερον
3398 5352 3536 5427 ἔχων
3563 5398 3576 5424 ,
3609 5356 3665 5410 id

2074 5432 2178 5486 est,
2210 5425 2531 5479 commodius
2561 5441 2616 5478 sc
2645 5425 2862 5480 habens.
2893 5425 3209 5483 Eustathius
3250 5425 3317 5483 ad
3347 5425 3548 5483 librum
3611 5441 3666 5480 tv

2076 5491 2327 5568 Odyssea:
2364 5510 2486 5568 pag.
2524 5495 2660 5551 I509
2685 5538 2701 5562 ,
2733 5496 2949 5568 λέγεται
2980 5497 3068 5562 δὲ,
3110 5499 3323 5568 inquit,
3371 5499 3467 5552 καὶ
3512 5497 3666 5568 ῥᾴων

393 5557 504 5639 qui
532 5549 702 5639 hunc!
726 5549 903 5605 locum
943 5549 1108 5639 vertit
1129 5549 1253 5639 ;Iioc
1301 5549 1504 5639 modo:
1537 5556 1810 5639 Paufatim
1850 5575 1966 5639 vero

2079 5564 2098 5613 5
2253 5549 2407 5618 νόσου
2433 5549 2618 5639 υύγιὴς
2640 5607 2653 5631 ,
2687 5549 2784 5621 καὶ
2805 5549 3026 5638 ’ραῒξειν
3053 5549 3135 5624 ’τὸ
3172 5549 3280 5622 ἆπδ
3311 5549 3466 5624 νόσου
3512 5549 3665 5623 ἐἶναεί

398 5621 652 5690 diffluens.
682 5618 866 5693 Longe
902 5623 1096 5678 melius
1125 5623 1364 5682 Joannes
1391 5624 1609 5698 Langus
1657 5630 1770 5686 haec
1799 5630 1963 5684 verba

2073 5631 2326 5701 σφάλλειν
