4010 6210
257 263 360 320 M9

1258 258 1817 317 ECCLESIASTICE.
1858 255 2206 313 lllSTORle
2247 258 2375 314 LIB.
2419 257 2532 321 γη.

3436 283 3544 340 σω

254 380 368 434 τῶν
419 397 482 433 τε
536 379 837 451 χρημάτων
883 380 1192 451 γυμνωθεὶς
1218 419 1234 442 ,
1280 381 1375 434 καλ⁸
1406 382 1650 452 εἱρκταῖς
1684 397 1836 434 κατα·

1961 375 2213 448 Procopii
2246 379 2339 448 qui
2365 379 2627 436 adversus
2651 379 2928 441 Valentem
2954 387 3327 460 rebellaverat,
3355 405 3542 470 tyran-

255 468 416 532 ϐιοὺς
435 508 454 533 ,
482 471 696 534 ἀκλεῶς
726 486 936 525 καταστ
949 472 1100 543 ρέφει
1130 471 1221 525 τὸν
1251 471 1386 543 βίον,
1419 472 1694 544 ἐπάρατος
1723 474 1856 526 πᾶσι

258 561 548 629 γεγονὼς,
601 564 697 615 καὶ
748 563 774 616 ὁ
816 560 984 633 θύτης
1043 562 1308 626 Ἐλπίδιος
1363 563 1853 634 ἐπονομαζόμενος.

267 653 466 716 Ἄλλος
488 653 546 706 δέ
581 670 664 715 τις
711 652 1071 707 συνεισελθὼν
1095 656 1208 718 τοῖς
1235 653 1546 725 εἰρημένοις
1579 655 1638 706 ἐν
1663 655 1728 723 τῇ
1765 654 1855 706 ἐκ-

265 745 502 816 κλησίᾳ..
546 745 615 814 ἣν
647 745 915 817 ἐπόρθουν
954 745 1049 800 καὶ
1081 745 1370 799 ἀπεσύλων
1401 744 1850 817 τάἀναθήματα,

264 837 359 890 καὶ
396 837 467 889 τὰ
499 837 760 907 κειμήλια
801 835 1368 908 λαφυραγωγοῶτες,
1422 837 1514 890 τὸν
1567 838 1625 890 ἐν
1671 838 1853 901 αὐτοῖς

263 929 706 1000 θεραπευόμενον
745 929 1063 1001 ἐξύϐριζον·
1099 924 1253 992 οὗτος
1311 929 1375 1001 δὴ
1433 930 1854 1001 προσανασυρά-

261 1038 422 1092 μενος
452 1022 554 1092 τὴν
606 1021 814 1091 ἐσθῆτα
840 1061 854 1084 ,
904 1021 983 1092 τῷ
1029 1021 1402 1094 θυσιαστηρίῳ
1451 1021 1850 1091 ἐνασελγαίνων

257 1114 607 1187 ἐναπούρησε
638 1159 654 1182 ,
689 1118 786 1170 καὶ
837 1117 1154 1188 παραυτίκα
1212 1119 1406 1186 ποινὴν
1456 1117 1700 1189 χαλεπὴν
1756 1117 1852 1170 καὶ

252 1207 434 1271 ὀξεῖαν
469 1209 724 1263 ἀπέτισε.
763 1211 840 1262 Δι’
870 1202 944 1263 ὧν
988 1209 1099 1281 γὰρ
1155 1208 1347 1280 ὕϐρισε
1395 1211 1600 1281 μορίων
1625 1250 1640 1274 ,
1676 1208 1850 1264 ταῦτα

256 1298 422 1370 μέχρι
456 1299 568 1352 τῶν
601 1299 835 1371 ἐντέρων
887 1299 1176 1363 διασαπεὶς
1201 1339 1216 1364 ,
1252 1300 1347 1354 καὶ
1379 1300 1678 1371 σκωλήκων
1735 1300 1850 1354 ἀδιο

253 1390 466 1459 ήγητον
491 1391 684 1462 χρῆμα
707 1390 984 1454 τεκνώσας
1008 1431 1023 1455 ,
1048 1389 1284 1463 οἰκτρῶς
1315 1391 1453 1459 ἄγαν
1482 1391 1576 1445 καὶ
1605 1391 1712 1444 οὐδ’
1741 1392 1847 1460 ἀφ·-

252 1481 516 1550 ηγήσεως
542 1481 742 1547 ἀξίως,
791 1481 1164 1551 καταστρέφει
1209 1481 1302 1534 τὸν
1344 1481 1474 1551 βίον.
1515 1481 1626 1534 Καὶ
1655 1481 1754 1552 μὲν
1784 1482 1847 1553 δὴ

247 1569 348 1620 καὶ
377 1569 559 1639 ἓτεροι
591 1569 946 1641 παραπλήσια
971 1569 1368 1642 τετολμηκότες
1393 1569 1723 1642 ἐφαμίλλους
1748 1570 1848 1634 τάς

246 1661 545 1734 τιμωρίας
569 1661 890 1718 δεδώκασιν.

320 1933 417 1981 ια’.
457 1925 581 1980 Ὀτι
621 1924 912 1996 Ῥωμαίων
937 1927 966 1980 ό
999 1924 1255 1996 βασιλεὺς
1309 1927 1614 2000 Ἀδριανὸς,
1651 1927 1710 1994 ὂς
1748 1928 1844 1982 Δί-

245 2018 364 2082 λιος
395 2018 754 2089 ἐπωνόμαστο
777 2057 792 2082 ,
836 2018 906 2073 τά
953 2019 1305 2093 Ἰεροσόλυμα
1335 2021 1524 2076 Αἰλίαν
1553 2021 1613 2088 ἐξ
1645 2023 1840 2077 ἑαυτοῦ

250 2110 659 2181 μετεκαλέσατο
677 2126 692 2142 ο
725 2112 801 2176 ώς
825 2111 892 2166 ἂν
920 2112 1236 2167 παντάπασι
1277 2112 1339 2166 τὸ
1375 2113 1644 2169 Ἰουδαίων
1668 2115 1842 2186 αὐτῆς

245 2201 408 2266 ἔθνος
438 2203 721 2276 ἀποστήσῃ
751 2205 846 2259 καὶ
871 2203 1182 2278 ἀπορρήξῃ,
1212 2205 1307 2259 καὶ
1336 2206 1459 2277 μηδ’
1487 2208 1553 2260 ἐκ
1579 2206 1682 2278 τῆς
1709 2207 1843 2278 κλή-

246 2313 389 2360 σεως
442 2295 520 2360 ὡς
571 2295 833 2369 πατρίδος
886 2296 1057 2368 αὐτῆς
1101 2297 1501 2352 ἀντιποιεῖσθαι
1563 2298 1840 2370 πρόφασιν

244 2389 482 2460 ἐχούσης
510 2387 646 2461 (72).
689 2387 907 2442 Ἐδεδίει
935 2387 1045 2460 γὰρ
1073 2387 1254 2442 αὐτῶν
1289 2388 1350 2442 τὸ
1378 2387 1718 2461 θερμουργὺν
1745 2389 1840 2443 καὶ

244 2480 646 2551 ῥιψοκίνδυνον,
681 2481 779 2552 μὴ,
815 2481 1264 2552 συναγειρόμενοι
1301 2479 1446 2535 κατὰ
1474 2482 1748 2553 πρόφασιν
1780 2483 1839 2535 ἐν

241 2571 306 2642 τῇ
340 2570 502 2625 πόλει
520 2567 804 2644 λατρείας,
837 2569 1142 2642 πράγματα
1176 2570 1467 2642 Ῥωμαίοις
1506 2571 1835 2643 παρέξωσιν.

314 2835 408 2909 ιβ’.
445 2836 572 2892 Ὅτι
594 2877 611 2899 ,
639 2836 773 2908 φησὶ
797 2878 811 2897 .
841 2837 1059 2894 Βαϐύλα
1081 2839 1174 2894 τοῦ
1205 2840 1482 2912 μάρτυρος
1515 2840 1622 2894 τῶν
1650 2841 1837 2912 λειψάο

241 2949 346 2984 νων
377 2929 808 3001 μετατεθέντων,
843 2931 913 2984 τὰ
937 2931 1046 2985 τῶν
1081 2933 1351 3005 Ἐλλήνων
1382 2933 1712 3005 χρηστήρια,
1742 2934 1834 2988 τοῦ

239 3021 387 3075 κατὰ
414 3021 635 3090 Δάφνην
667 3019 1001 3092 ἀρξαμένου,
1037 3024 1322 3095 χρησμοὺς
1348 3022 1589 3078 ἀνεδίδου
1623 3025 1718 3078 καὶ
1743 3025 1831 3080 λό⁸

237 3131 372 3179 για,
406 3113 507 3184 τῆς
540 3111 690 3176 θείας
719 3113 984 3183 Προνοίας
1027 3113 1363 3183 φθέγγεσθαι
1399 3115 1498 3186 μὲν
1524 3116 1707 3181 αὐτοῖς
1749 3119 1837 3172 ἐν·

237 3202 525 3276 διδούσης.
577 3203 887 3275 τρεπούσης
927 3203 986 3257 δὲ
1039 3206 1140 3276 τὴν
1204 3207 1261 3270 ἐς
1318 3207 1484 3278 τιμὴν
1517 3210 1596 3277 (a)
1653 3209 1837 3274 αὐτοῖς

237 3296 416 3368 ὁρῶσι
450 3297 686 3368 σπουδὴν
726 3299 806 3358 εἰς
837 3297 1100 3370 αἰσχύνην
1133 3298 1357 3368 ἄφατον.
1394 3301 1503 3354 Καὶ
1534 3301 1643 3374 γὰρ
1676 3303 1734 3370 ἐξ
1759 3296 1836 3358 ὧν

238 3387 613 3452 ἐσπουδάζετο
653 3389 715 3441 τὸ
758 3389 1069 3459 Ἑλληνικὸν
1101 3392 1298 3461 κιχρᾷν
1331 3391 1400 3446 τὰ
1447 3392 1702 3464 δαιμόνια
1721 3435 1737 3459 ,
1767 3394 1834 3449 ἶν’

236 3479 418 3552 ἔχοιεν
455 3479 551 3531 ἐπὶ
576 3479 774 3550 μᾶλλον
802 3479 1041 3544 θειάζειν
1074 3481 1234 3544 αὑτά,
1260 3483 1324 3536 ἐκ
1355 3482 1560 3538 τούτων
1584 3485 1644 3538 τὸ
1673 3485 1835 3540 ἀσθε-

236 3570 328 3634 νὲς
348 3570 536 3624 αὐτῶν
564 3569 657 3624 καὶ
684 3570 1100 3642 πεπλανημένον
1121 3572 1421 3644 διελέγχειν
1444 3577 1512 3646 τῇ
1545 3574 1666 3648 θείᾳ
1692 3578 1832 3648 Προ-

236 3659 359 3731 vola
390 3658 808 3730 συνηλαύνοντο.
849 3659 1081 3724 Ψευδεῖς
1113 3659 1224 3733 γὰρ
1257 3661 1352 3716 καὶ
1376 3662 1655 3716 ἀτέλεστοι
1689 3663 1834 3718 κατά

234 3766 304 3817 γε
355 3749 422 3804 τὸ
459 3750 926 3821 περιφανέστατον
969 3752 1018 3804 οἰ
1052 3751 1262 3805 ἐκεῖθεν
1312 3754 1554 3824 χρησμοὶ
1601 3755 1833 3828 ἐγνωρί-

238 3841 430 3906 ζοντο·
470 3839 596 3894 ὅθεν
626 3840 721 3894 καὶ
763 3842 1247 3914 προθεσπισάντων
1292 3843 1412 3915 ἃμα
1456 3846 1674 3902 πάντων
1707 3847 1830 3901 καθ’

235 3935 476 3989 ῑκαστον
509 3934 617 3986 τῶν
654 3935 940 4004 μαντείων,
967 3934 1044 4000 ὡς
1077 3935 1363 4001 Ἰουλιανὸς
1384 3939 1412 3992 ό
1433 3936 1529 3992 τοῦ
1565 3938 1830 4010 βασιλέως

237 4027 384 4090 θεῖος
415 4027 591 4080 νοσῶν
619 4027 680 4080 οὐ
713 4025 1031 4096 τεθνήξεται
1058 4070 1072 4092 ,
1106 4031 1165 4082 ἐν
1194 4029 1381 4094 αὐταῖς
1422 4029 1532 4084 τῶν
1564 4031 1830 4103 χρησμῶν

235 4118 616 4187 ἀναγνώσεσιν
636 4158 651 4182 ,
680 4117 913 4189 οἰκτρῶς
955 4119 1161 4184 ἐκεῖνος
1193 4121 1288 4175 καὶ
1316 4120 1561 4188 ἐλεεινῶς
1586 4122 1676 4176 τὸν
1715 4123 1829 4194 βίον

237 4211 577 4284 ἀπέρρηξεν.

1961 471 2074 527 nidi
2106 470 2310 529 favisse
2342 473 2717 544 deprehensus
2741 479 2954 549 fuisset,
2991 485 3150 543 bouis
3177 491 3466 562 spoliatus,
3491 508 3546 554 et

1957 563 2011 618 in
2042 565 2357 620 carceribus
2390 576 2649 636 perpetuo
2678 569 2880 641 degens
2907 616 2922 640 ,
2967 591 3090 632 cum
3137 595 3354 639 summa
3388 587 3542 657 igno-

1958 654 2126 709 minia
2159 656 2324 711 vitam
2359 657 2551 721 linivit,
2587 662 2842 718 munibus
2864 679 2987 719 eum
3016 654 3450 740 detestantibus,
3486 689 3541 733 et

1955 746 2381 802 sacrificatorem
2441 747 2712 820 Elpidium
2790 758 3317 823 cognominantibus.
3383 766 3538 824 Alius

1956 847 2217 907 praeterea
2248 841 2471 911 quidam
2510 859 2617 898 una
2660 861 2782 900 cum
2815 851 3141 919 supradictis
3173 857 3452 929 ingressus
3481 864 3534 918 in

1953 927 2266 995 ecclesiam,
2294 947 2458 1001 quam
2494 933 2570 987 illi
2591 937 2880 994 vastabant
2908 958 2973 997 ac
2998 927 3342 1016 spoliabant,
3379 969 3535 1009 sacra

1955 1031 2082 1072 vasa
2108 1033 2172 1073 ac
2193 1019 2419 1075 donaria
2446 1023 2845 1095 depraedantes,
2870 1029 3150 1104 Deumque
3173 1039 3264 1106 qui
3299 1054 3393 1108 per
3419 1042 3535 1098 haec

1952 1110 2234 1165 colebatur
2255 1153 2268 1175 ,
2303 1117 2631 1172 contumelia
2657 1118 2984 1178 allicientes:
3021 1126 3110 1181 hic
3132 1167 3147 1191 ,
3175 1129 3428 1200 inquam,
3465 1135 3537 1190 le-

1951 1211 2074 1257 vata
2105 1213 2254 1260 veste
2283 1209 2586 1274 petulanter
2617 1211 2670 1264 in
2704 1213 2876 1269 altare
2901 1215 3207 1286 imminxit;
3241 1225 3536 1296 statimque

1950 1296 2334 1353 acerbissimas
2365 1314 2428 1352 ac
2473 1314 2768 1370 praesentes
2800 1321 2988 1375 poenas
3019 1313 3299 1379 persolvit.
3337 1316 3531 1372 Iisdem

1948 1387 2094 1442 enim
2113 1389 2371 1448 membris
2391 1393 2588 1462 quibus
2609 1397 2677 1450 ad
2699 1401 3084 1455 contumeliam
3106 1403 3311 1460 abusus
3331 1405 3531 1477 fuerat,

1949 1478 2014 1533 ad
2041 1479 2300 1535 interiora
2326 1500 2499 1554 usque
2522 1487 2730 1542 viscera
2760 1489 3102 1558 putrefactis,
3127 1504 3180 1548 et
3202 1495 3528 1554 immensam

1950 1570 2216 1625 vermium
2251 1575 2655 1632 multitudinem
2697 1579 3074 1649 gignentibus,
3106 1598 3334 1652 prorsus
3363 1589 3530 1644 mise-

1947 1660 2104 1715 rabili
2129 1663 2298 1730 exitu,
2326 1675 2377 1720 et
2404 1669 2498 1737 qui
2521 1684 2588 1724 ne
2608 1668 2796 1724 referri
2827 1672 3046 1742 quidem
3075 1686 3334 1743 meretur,
3357 1679 3528 1735 inter-

1872 1737 1915 1796 Β
1948 1750 2027 1806 iit.
2072 1752 2177 1808 Sed
2213 1764 2269 1809 et
2326 1758 2417 1812 alii
2454 1759 2638 1830 plures
2671 1763 2765 1832 qui
2807 1737 3074 1833 eiusmodi
3118 1737 3363 1826 facinora
3405 1787 3531 1842 per-

1945 1851 2164 1912 petrare
2195 1847 2318 1900 ausi
2346 1847 2581 1917 fuerant,
2616 1868 2721 1906 non
2749 1855 2993 1910 minores
3025 1872 3218 1927 pmnas
3242 1861 3526 1918 dederunt.

2015 1934 2102 1988 Η.
2125 1934 2238 2007 ‘73)
2268 1936 2638 2011 Hierosolyma
2666 1942 2819 1998 (Elin
2844 1947 3014 2002 dicta.
3034 1980 3102 1990 —
3121 1950 3397 2008 Adrianus
3427 1954 3531 2010 im-

1942 2035 2161 2094 perator
2191 2026 2562 2086 Romanorum
2584 2071 2600 2096 ,
2638 2035 2732 2103 qui
2764 2035 2945 2092 Elius
2975 2038 3258 2096 dicebatur
3280 2083 3294 2109 ,
3331 2045 3524 2114 urbem

1942 2114 2373 2189 Hierosolymam
2408 2136 2473 2176 ex
2505 2137 2606 2178 suo
2638 2127 2861 2183 nomine
2891 2128 3093 2186 Etiam
3119 2135 3430 2204 appellavit,
3460 2152 3528 2192 eo

1941 2210 2172 2266 consilio
2201 2219 2262 2268 ut
2287 2210 2602 2270 Iudaeorum
2631 2228 2846 2289 gentem
2878 2222 2950 2278 ab
2976 2239 3041 2279 ea
3074 2227 3292 2296 penitus
3316 2240 3527 2285 arceret

1938 2308 2105 2368 atque
2130 2301 2485 2373 excluderet,
2527 2322 2594 2363 ne
2624 2309 2708 2365 vel
2733 2325 2801 2364 ex
2835 2312 2953 2382 ipsa
2985 2315 3348 2385 appellatione
3385 2334 3527 2389 prae-

1940 2397 2149 2448 textum
2176 2393 2440 2452 haberent
2470 2396 2644 2454 Juda3i
2670 2443 2686 2468 ,
2710 2417 2829 2458 eam
2858 2413 3118 2476 tanquam
3162 2409 3390 2478 patriam
3420 2411 3525 2467 sibi

1939 2481 2275 2538 vindicandi.
2327 2484 2538 2558 Quippe
2579 2490 2856 2549 Adrianus
2884 2493 3151 2551 fervidum
3205 2498 3422 2554 illorum
3463 2517 3527 2556 ac

1939 2577 2291 2631 temerarium
2316 2577 2594 2649 ingenium
2639 2584 3054 2654 rel'ormidabat,
3086 2604 3154 2647 ne
3181 2589 3322 2647 forte
3351 2595 3529 2650 sacri-

1939 2665 2138 2722 ficandi
2171 2669 2351 2738 specie
2377 2670 2432 2724 in
2459 2687 2524 2727 ea
2555 2673 2688 2730 urbe
2720 2681 3056 2750 congregati,
3092 2684 3372 2754 negotium
3411 2686 3525 2741 Ro-

1939 2757 2121 2812 manis
2149 2758 2508 2816 facesserent.

2010 2848 2096 2902 12.
2138 2848 2375 2905 Oracula
2401 2853 2671 2921 falsidica.
2704 2886 2775 2897 —
2801 2856 2933 2915 Post
2959 2862 3376 2921 translationem
3406 2870 3528 2924 reli-

1938 2939 2194 3010 quiarum
2219 2945 2482 3015 martyris
2504 2943 2742 3018 Babylze,
2775 2952 3062 3018 gentilium
3087 2949 3331 3022 oracula,
3367 2959 3526 3013 initio

1939 3031 2087 3089 facto
2117 3036 2186 3090 ab
2215 3051 2281 3092 eo
2315 3039 2461 3107 quod
2493 3049 2612 3094 erat
2659 3042 2804 3111 apud
2846 3043 3132 3114 Daphnen,
3163 3062 3424 3118 responsa
3460 3066 3526 3106 ac

1939 3128 2196 3183 vaticinia
2221 3127 2547 3198 ediderunt,
2601 3148 2726 3188 cum
2755 3135 2939 3190 divina
2969 3135 3315 3195 Providentia
3351 3141 3432 3197 eis
3467 3154 3526 3197 ut

1936 3217 2295 3288 loquerentur
2333 3223 2553 3291 quidem
2611 3228 2992 3295 permisisset,
3041 3231 3282 3286 studium
3315 3249 3444 3291 vero
3471 3247 3525 3291 et

1934 3312 2144 3367 cultum
2180 3314 2314 3384 ipsis
2346 3330 2537 3370 eorum
2566 3318 2872 3377 cultoribus
2898 3321 2953 3376 in
2977 3337 3255 3378 summum
3287 3325 3524 3384 dedecus

1939 3405 2302 3461 convertisset
2330 3407 2464 3479 (74).
2519 3407 2734 3475 Quanto
2789 3412 2936 3467 enim
2984 3415 3295 3473 ardentiore
3345 3421 3524 3476 studio

1936 3496 2166 3564 gentiles
2198 3499 2530 3555 studuerunt
2565 3512 2624 3557 ut
2650 3504 2927 3560 daemones
2961 3508 3185 3563 oracula
3213 3510 3518 3575 redderent,

1942 3601 2055 3655 quo
2074 3587 2366 3657 iustiorem
2399 3607 2622 3648 causam
2658 3595 2924 3651 haberent
2970 3613 3068 3654 eos
3111 3601 3312 3656 divinis
3347 3603 3521 3657 hono-

1934 3677 2084 3733 ribus
2113 3678 2418 3747 alliciendi,
2474 3698 2541 3738 eo
2573 3687 2747 3756 magis
2798 3689 3169 3746 infirmitatem
3225 3708 3415 3748 eorum
3458 3712 3524 3750 ac

1933 3769 2202 3826 fallaciam
2235 3773 2641 3842 deprehendere
2667 3780 2936 3848 compulsi
2956 3791 3085 3837 sunt
3108 3798 3137 3837 a
3169 3783 3352 3840 divina
3375 3784 3515 3842 Pro-

1933 3861 2187 3918 videntia.
2224 3863 2437 3935 Quippe
2490 3869 2711 3923 oracula
2751 3885 2874 3940 quae
2934 3872 3062 3928 inde
3117 3875 3515 3944 proﬂuxerunt,

1932 3952 2068 4010 falsa
2095 3963 2261 4025 atque
2284 3955 2599 4026 imperfecta
2627 3973 2928 4028 apparuere
2956 3981 2970 4016 :
3001 3974 3148 4018 certe
3175 3979 3300 4020 cum
3329 3972 3516 4026 omnia

1933 4043 2250 4115 singillatim
2295 4048 2521 4102 oracula
2554 4051 2962 4119 respondissent
2990 4091 3005 4117 ,
3035 4053 3315 4112 Iulianum
3347 4061 3517 4133 impe-

1932 4137 2132 4192 ratoris
2163 4141 2494 4194 avunculum
2519 4181 2534 4205 ,
2567 4141 2659 4210 qui
2692 4149 2805 4196 tum
2843 4145 3037 4200 morbo
3072 4147 3386 4218 laborabat,
3419 4169 3518 4209 ne-

1932 4242 2209 4298 quaquam
2241 4244 2364 4285 esse
2390 4232 2742 4298 moriturum,
2783 4234 2914 4289 dum
2949 4252 3012 4292 ca
3055 4241 3172 4309 ipsa
3205 4240 3517 4314 legerentur

1933 4316 2180 4382 oracula,
2217 4318 2457 4372 animam
2487 4319 2872 4376 miserabiliter
2900 4325 3193 4381 exhalavit.

311 4395 406 4459 ιγ.
441 4389 604 4453 Ὅτι,
637 4389 800 4461 φησὶν
820 4429 834 4454 ,
867 4389 1092 4461 Ἥρωνα
1121 4405 1240 4441 τινα
1275 4390 1340 4442 ἐκ
1371 4390 1564 4461 Θηϐῶν
1593 4390 1702 4446 τῶν
1735 4395 1827 4447 Al-

2004 4409 2094 4465 15.
2131 4408 2243 4482 (75)
2274 4409 2547 4478 Apostaue
2583 4412 2688 4467 duo
2732 4416 2920 4471 misere
2956 4428 3193 4486 pereunt.
3232 4451 3302 4460 —
3334 4421 3514 4479 Heron

235 4482 491 4551 γυπτίων
527 4480 842 4552 ὁρμώμενον
863 4522 878 4548 ,
903 4481 996 4535 καὶ
1028 4481 1108 4544 είς
1148 4481 1479 4546 ἐπισκόπους
1507 4483 1822 4552 τελέσαντα,

237 4569 363 4628 εἶτα
415 4572 555 4644 πρὸς
613 4573 967 4646 Ἑλληνισμὺν
1019 4573 1389 4644 μεταϐαλόντα
1416 4617 1432 4641 ,
1485 4579 1826 4652 παραχρῆμα

237 4667 394 4730 νόσος
436 4664 810 4736 σηπεδονώδης
863 4665 1104 4720 ἀπέλαϐε
1130 4707 1144 4730 ,
1201 4666 1295 4720 καὶ
1345 4668 1452 4721 πᾶν
1482 4671 1828 4744 καταϐοσκη-

238 4758 393 4812 θεῖσα
425 4758 487 4811 τὸ
541 4756 739 4828 σῶμα,
793 4756 1065 4830 βδέλυγμα
1105 4759 1271 4814 πᾶσιν
1318 4759 1618 4825 ὑπέδειξεν,
1665 4763 1722 4816 '0
1767 4765 1826 4820 δὲ

239 4847 579 4921 πανταχόθεν
603 4849 976 4922 ἀπορούμενος
1001 4851 1059 4904 ἐν
1091 4857 1206 4916 τοῖς
1226 4851 1491 4922 ἀμφόδοις
1520 4853 1825 4923 κατέκειτο,

241 4943 364 5015 μηδ’
418 4943 603 4996 ὅντινα
632 4937 726 4997 οὖν
773 4941 1085 5013 μηδαμόθεν
1128 4943 1300 4998 ἕλκων
1356 4943 1504 4998 ἔλεον
1529 4962 1542 4978 ·
1569 4947 1678 5000 τῶν
1727 4949 1826 5020 μὲν

239 5033 584 5105 Χριστιανῶν
616 5031 895 5097 παντελῶς
919 5032 1082 5086 αὐτὸν
1111 5036 1549 5107 ἐκτρεπομένων,
1577 5038 1686 5093 τῶν
1718 5041 1826 5096 Ἐλ-

1931 4500 2152 4570 quidam
2203 4517 2271 4557 ex
2315 4503 2449 4558 urbe
2479 4503 2697 4578 Egypti
2728 4506 2930 4565 Thebis
2960 4512 3228 4569 oriundus
3253 4555 3267 4578 ,
3318 4524 3372 4570 et
3417 4518 3511 4586 qui

1931 4595 2306 4664 episcopatum
2337 4609 2619 4667 gesserat,
2657 4616 2782 4656 cum
2827 4611 3015 4671 postea
3053 4605 3119 4658 ad
3167 4609 3514 4675 superstitio-

1932 4695 2056 4734 nem
2081 4684 2364 4752 gentilium
2393 4687 2735 4756 descivisset,
2751 4700 2972 4762 repente
2995 4694 3300 4764 putredinis
3323 4699 3511 4753 morbo

1931 4783 2217 4844 correptus
2264 4787 2378 4834 est:
2411 4795 2534 4850 qua:
2588 4791 2762 4837 totum
2814 4785 2960 4841 illius
3012 4801 3213 4856 corpus
3262 4789 3508 4858 depasta,

1934 4862 2360 4923 abominabilem
2417 4871 2570 4925 illum
2621 4875 2892 4942 praestitit.
2935 4873 3187 4947 Undique
3247 4877 3412 4949 igitur
3443 4879 3510 4932 ad

1933 4971 2207 5013 summam
2233 4960 2483 5017 redactus
2520 4963 2784 5031 in0piam,
2816 4965 2870 5018 in
2900 4965 3092 5035 plateis
3116 4966 3350 5036 jacebat,
3383 4982 3508 5022 cum

1934 5064 2096 5106 nemo
2131 5051 2283 5106 illum
2329 5053 2701 5111 misericordia
2735 5057 2842 5113 ulla
2889 5070 3350 5130 prosequeretur;
3380 5077 3505 5116 nam

1481 5171 1726 5221 VALESII
1764 5180 2246 5232 ANNOTATIONES
2255 5218 2267 5231 .

307 5270 766 5352 (γεγηρόφαςιν
791 5272 1075 5352 ἐχούσης.
1115 5271 1283 5352 Leges
1318 5279 1699 5352 grammatica
1724 5300 1819 5352 po-

239 5342 445 5416 stulant
480 5349 541 5394 ut
565 5343 880 5416 scribamus
905 5343 1180 5416 πρό-φασιν
1196 5342 1352 5416 ξέχονζ
1385 5345 1464 5400 vel
1497 5347 1634 5413 ἓξον.
1677 5342 1820 5408 sub-

239 5412 460 5488 auditur
489 5411 636 5488 enim
667 5411 1145 5488 ’lou8aiwv'50vog.
1193 5411 1375 5470 Potest
1409 5411 1574 5472 etiam
1623 5422 1814 5488 scribi,

241 5482 514 5557 πρόφασιν
547 5479 712 5552 έχωσι
733 5524 747 5545 ,
781 5499 1010 5552 eamque
1042 5484 1366 5554 scripturam
1409 5489 1585 5558 magis
1621 5479 1812 5561 probo.

2147 5292 2345 5370 Euseb.
2373 5294 2512 5370 Hist.
2556 5298 2591 5352 l.
2629 5314 2702 5364 tv,
2728 5314 2848 5370 cap.
2878 5301 2938 5357 6.

2000 5362 2112 5435 (74)
2146 5362 2460 5435 '_I‘heodorit.
2499 5368 2535 5423 l.
2571 5385 2651 5435 ιιι,
2682 5362 2732 5424 c.
2777 5362 2863 5425 f0.

1997 5433 2111 5506 (75)
2144 5433 2502 5504 Theophanes
2534 5439 2586 5492 in
2614 5433 2896 5507 Chronico,
2930 5458 3050 5513 pag.
3083 5446 3139 5499 5.

1717 5622 2067 5670 νΑιιιοΒυιι.

309 5719 388 5788 (ο)
449 5718 542 5786 Ἐς
574 5718 769 5789 τιμήν.
815 5720 1074 5794 Ἑντιμήν
1111 5721 1238 5792 legit
1269 5721 1661 5788 Gothofredus.
1703 5729 1794 5787 ll’.
1829 5733 2029 5792 LawI/t.
