4054 6198
488 246 585 302 εεί

1861 231 1948 288 ΡΗ
1959 231 2353 288 ιιοδτοῐιοιι

3644 239 3746 296 5ῧῖ

486 356 780 415 Christiani
812 354 1032 428 quidem
1059 367 1182 408 eum
1212 352 1430 423 penitus
1466 351 1861 408 aversabantur
1881 392 1898 418 ,
1929 367 2060 422 gen-

2166 352 2342 423 λήνων
2375 351 2432 405 δέ
2475 353 2639 425 μέχρι
2693 352 2785 408 τοῦ
2829 353 3227 408 καθυποϐαλεῖν
3273 353 3434 408 αὑτὸν
3473 355 3538 425 τῇ
3573 355 3749 429 πλάνῃ

489 451 610 506 tiles
641 463 770 504 vero
802 462 928 502 eum
961 445 1227 500 hactenus
1257 453 1487 508 norant.
1523 452 1796 513 quatenus
1825 443 1878 498 in
1913 458 2066 499 erro-

489 543 568 596 ris
595 541 910 595 societatem
939 553 1066 593 eum
1105 538 1480 592 traduxerant.
1530 535 1596 590 Et
1629 535 1811 591 Heron
1843 537 2062 607 quidem

490 629 565 684 ita
605 630 804 685 acerbo
842 639 1006 698 atque
1035 627 1240 682 infelici
1270 627 1418 682 exitu
1452 629 1631 698 periit.
1663 628 1769 684 Sed
1800 638 1854 684 et
1890 629 2067 685 Theo-

492 731 682 776 tecnus
705 720 929 790 quidam
959 719 1025 774 ad
1057 718 1340 789 gentilium
1389 720 1832 788 superstitionem
1885 730 2064 775 trans-

489 827 731 884 gressus,
774 819 996 880 repente
1027 818 1142 865 toto
1165 825 1397 879 corpore
1425 809 1728 880 putrefacto
1752 850 1767 876 ,
1799 812 2064 866 vermium

491 905 894 976 receptaculum
923 903 1100 959 factus
1127 912 1233 960 est.
1265 902 1370 969 Qui
1402 918 1528 957 cum
1554 903 1743 959 oculos
1768 905 1815 958 ei
1844 903 2067 958 elfodis-

492 981 644 1066 sent,
681 995 748 1048 ad
777 1004 1082 1050 extremum
1130 995 1345 1050 insania
1395 1003 1678 1065 correptus
1727 1004 1844 1060 est,
1885 1004 1940 1051 et
1968 1011 2067 1052 sua

490 1087 665 1157 ipsius
703 1086 886 1158 lingua
940 1088 1162 1143 concisa
1214 1096 1268 1141 et
1300 1102 1554 1150 comesa,
1588 1103 1652 1142 ex
1695 1087 2068 1145 acerbissimis

489 1179 776 1234 tormentis
799 1179 865 1233 ad
898 1180 1069 1233 multo
1097 1179 1345 1249 graviora
1375 1178 1637 1248 supplicia
1662 1188 1745 1233 est
1777 1180 2068 1234 transmis-

489 1281 602 1322 sus.
634 1265 802 1321 Mulla
827 1266 1142 1336 huiusmodi
1171 1267 1416 1338 prodigia
1445 1266 1590 1322 Deus
1618 1275 1747 1323 tunc
1781 1268 1970 1333 edidit,
1999 1269 2069 1324 ab

494 1357 563 1411 iis
593 1357 688 1426 qui
723 1357 1066 1426 impudenter
1112 1372 1143 1411 a
1191 1358 1392 1426 pietate
1425 1357 1806 1426 desciverant,
1842 1359 2068 1415 meritas

487 1462 680 1504 eorum
713 1449 904 1503 sceleri
937 1448 1330 1518 respondentes
1357 1450 1581 1520 exigens
1608 1464 1819 1518 pmnas.

561 1539 651 1596 14.
679 1540 792 1611 (76)
828 1540 893 1594 Β.
918 1539 1146 1595 Joannis
1181 1540 1528 1612 Evangelium
1569 1542 1948 1614 Hierosolymis
1983 1561 2067 1598 re-

487 1641 715 1700 pertum.
750 1663 822 1674 —
848 1630 1121 1696 Julianus,
1151 1648 1274 1687 cum
1299 1635 1486 1689 urbem
1519 1633 1945 1706 Hierosolymam
1977 1636 2067 1690 in-

489 1723 726 1780 staurari
769 1723 1063 1793 iussisset,
1111 1737 1178 1778 eo
1203 1725 1438 1780 consilio
1470 1735 1530 1780 ut
1554 1724 1768 1781 Domini
1800 1728 1970 1782 nostri
1999 1729 2066 1782 de

497 1815 588 1870 illa
618 1815 998 1884 praedictiones
1030 1814 1215 1870 irritas
1248 1831 1370 1871 esse
1424 1816 1802 1885 convinceret,
1838 1833 2066 1888 prorsus

493 1906 831 1961 contrarium
864 1906 930 1960 iis
953 1903 1076 1975 qua:
1100 1906 1427 1962 moliebatur
1445 1907 1642 1964 effecit.
1664 1907 1797 1963 Nam
1819 1918 1872 1965 et
1897 1910 2065 1965 multa

488 1995 596 2052 alia
624 1996 871 2066 prodigia
899 1997 1116 2052 coalitus
1169 1997 1416 2053 immissa
1465 2013 1605 2070 opus
1649 2010 2063 2070 represserunt;

486 2095 543 2142 ct
565 2102 688 2142 cum
726 2086 1075 2142 fundamenta
1112 2099 1465 2158 pararentur,
1510 2105 1655 2147 unus
1691 2106 1758 2146 ex
1791 2092 2067 2162 lapidibus

487 2179 584 2249 qui
629 2178 684 2233 in
718 2178 827 2232 ima
871 2179 988 2234 basi
1044 2180 1454 2247 collocabatur,
1496 2198 1598 2238 suo
1647 2183 1767 2238 loco
1793 2185 2063 2249 demotus,

489 2269 690 2325 ostium
720 2269 863 2324 antri
901 2270 1192 2341 cujusdam
1216 2273 1450 2342 aperuit,
1483 2274 1628 2342 quod
1657 2273 1711 2327 in
1737 2289 1869 2344 rupe
1901 2290 2067 2331 exca-

487 2368 672 2415 vatum
701 2369 836 2416 erat.
867 2359 971 2416 Sed
1001 2377 1124 2416 cum
1159 2362 1231 2417 ob
1262 2361 1686 2431 profunditatem
1719 2378 1782 2417 ca
1828 2380 1949 2434 qua:
1983 2366 2066 2420 in-

487 2461 577 2505 tus
604 2460 760 2506 erant
790 2467 1012 2506 cernere
1052 2451 1268 2506 dillicile
1297 2463 1445 2506 esset
1469 2492 1484 2518 ,
1519 2461 1804 2510 curatores
1833 2470 2062 2527 operum

487 2541 566 2596 rei
592 2541 984 2610 cognoscendae
1011 2541 1217 2611 cupidi,
1237 2542 1530 2610 quemdam
1554 2559 1620 2599 ex
1648 2547 1913 2614 operariis
1936 2564 2068 2618 pro-

486 2631 599 2685 lixo
657 2629 772 2685 funi
844 2631 1147 2697 astrictum
1191 2632 1552 2688 demiserunt.
1616 2634 1716 2692 Hic
1767 2637 2061 2708 demissus,

486 2736 684 2794 aquam
717 2723 771 2777 in
806 2731 964 2780 antro
993 2723 1225 2779 residem
1273 2726 1340 2780 ad
1372 2726 1551 2781 media
1574 2743 1750 2798 usque
1779 2746 1938 2787 crura
1974 2749 2064 2789 re-

489 2814 647 2885 perit,
676 2823 876 2870 etcum
911 2816 1150 2886 undique
1181 2816 1364 2873 locum
1397 2818 1710 2886 circuisset,
1741 2831 1798 2877 et
1829 2823 2064 2892 parietes

485 2913 900 2972 contrectasset,
930 2915 1147 2961 antrum
1182 2907 1510 2978 quadratum
1535 2925 1656 2966 esse
1685 2911 2060 2981 deprehendit.

488 2991 761 3053 Reversus
788 2997 1016 3065 deinde,
1058 3014 1185 3054 cum
1222 2999 1275 3054 in
1327 3001 1507 3057 medio
1555 3003 1919 3072 constitisset,
1970 3022 2063 3061 co-
2088 3029 2131 3087 ο

485 3085 730 3144 lumnam
788 3090 1082 3160 quamdam
1116 3091 1342 3146 offendit
1396 3107 1519 3161 quae
1565 3093 1848 3162 paululum
1899 3112 2062 3166 supra

485 3194 684 3247 aquam
713 3181 982 3234 exstabat.
1017 3179 1191 3245 Quam
1225 3195 1348 3237 cum
1378 3197 1541 3235 mauu
1594 3185 2063 3254 apprehendisset,

487 3263 689 3320 librum
726 3266 773 3319 ei
809 3266 1126 3334 imposétum
1161 3269 1402 3337 reperit,
1436 3270 1759 3325 tenuissimo
1794 3288 1858 3328 ac
1883 3275 2065 3344 puris-

487 3355 629 3409 simo
659 3356 826 3409 linteo
863 3356 1187 3412 involutum.
1231 3358 1480 3429 Cumque
1517 3375 1641 3414 eum
1670 3363 1748 3418 uti
1783 3364 2062 3422 invenerat

489 3444 819 3507 sustulisset,
851 3445 1065 3516 signum
1091 3446 1240 3502 dedit
1275 3457 1334 3502 ut
1360 3449 1539 3519 ipsum
1568 3453 1930 3510 retraherent.
1958 3455 2063 3512 Re-

486 3542 693 3590 tractus
727 3535 890 3606 igitur
918 3537 1156 3592 ostendit
1178 3539 1402 3608 librum,
1432 3551 1487 3596 et
1511 3543 1796 3600 universos
1821 3547 2060 3604 admira-

486 3625 633 3680 tione
673 3628 940 3697 perculit,
983 3628 1053 3684 ob
1085 3629 1133 3684 id
1174 3631 1412 3686 maxime
1461 3633 1608 3702 quod
1641 3650 1834 3692 recens
1881 3639 2059 3695 adhuc

486 3726 648 3786 atque
679 3719 916 3773 intactus
945 3719 1253 3788 videbatur,
1293 3731 1348 3777 et
1374 3724 1521 3793 quod
1544 3723 1598 3778 in
1630 3739 1696 3781 eo
1729 3727 1849 3782 loco
1872 3744 2058 3799 reper-

485 3817 575 3864 tus
612 3808 822 3866 fuisset.
852 3810 949 3866 Hic
972 3811 1137 3882 igitur
1159 3813 1297 3868 liber
1317 3855 1333 3881 ,
1367 3816 1512 3886 quod
1549 3818 1843 3888 gentilibus
1870 3836 1934 3876 ac
1964 3822 2061 3878 Ju-

483 3902 617 3956 da‘is
641 3902 833 3973 majori
856 3902 1037 3958 adhuc
1059 3903 1410 3960 admirationi
1435 3905 1560 3975 fuit,
1588 3908 1877 3966 confestim
1901 3927 2060 3981 aper-

484 3999 574 4047 tus
598 4033 612 4058 ,
644 3992 698 4046 in
743 3993 948 4063 capite,
982 3993 1088 4048 hoc
1117 3995 1351 4058 habebat
1373 3998 1638 4066 scriptum
1675 4000 2058 4070 grandioribus

484 4084 711 4139 litteris:
751 4084 818 4138 In
866 4087 1128 4155 principio
1148 4097 1260 4142 erat
1304 4089 1524 4142 Verbum
1549 4131 1564 4157 ,
1597 4099 1647 4145 et
1689 4091 1909 4146 Verbum
1942 4104 2054 4148 erat

481 4174 625 4241 apud
665 4174 850 4240 Deum,
881 4187 930 4230 et
960 4176 1101 4231 Deus
1149 4188 1263 4233 erat
1306 4179 1550 4234 Verbum.
1579 4179 1920 4252 Prorsusque
1967 4184 2056 4240 hic

477 4257 618 4316 liber
648 4263 915 4336 integrum
953 4267 1084 4323 illud
1117 4271 1431 4327 continebat
1479 4272 1826 4344 Evangelium
1855 4315 1869 4339 ,
1908 4276 2053 4345 quod
2085 4285 2092 4293 ‘

2169 445 2329 514 μόνον
2349 444 2510 498 αὑτὸν
2553 445 2894 514 ἐγνωκότων.
2921 446 3062 498 Ἀλλ’
3089 449 3118 500 ὁ
3163 446 3262 518 μὲν
3301 446 3492 517 ’Ἥρων
3537 447 3747 520 πικρῶς

2164 535 2308 589 οὕτω
2357 537 2454 590 καὶ
2502 537 2814 602 παναθλίως
2868 538 2972 608 τῆς
3023 536 3170 608 ζωῆς
3224 537 3745 613 άπελήλαταικιωὶ

2164 629 2456 693 Θεότεκνος
2487 629 2544 683 δέ
2591 647 2677 694 τις
2709 630 2846 702 πρὸς
2886 631 2978 683 τὸν
3026 629 3376 700 Ἐλληνισμὺν
3429 630 3743 702 ἀπορρυεὶς,

2167 722 2348 773 πᾶσαν
2382 721 2592 793 ἀθρόως
2625 721 2724 793 τὴν
2771 723 2949 793 σάρκα
2993 721 3278 784 διασαπεὶς
3325 720 3420 774 καὶ
3447 719 3748 792 σκωλήκων

2167 811 2266 882 ὕλη
2301 811 2543 880 γεγονὼς
2563 853 2577 878 ,
2607 813 2702 864 καὶ
2731 812 2796 882 δὴ
2828 813 2922 866 καὶ
2957 812 3086 874 τοὺς
3113 810 3426 880 ὀφθαλμοὺς
3453 811 3544 864 ὑπ’
3569 810 3751 864 αὐτῶν

2165 904 2505 974 ἐξορυχθείς,
2550 903 2817 958 τελευτῶν
2868 905 2949 967 είς
2985 903 3182 974 μανίαν
3227 903 3474 974 ἐτράπη,
3523 902 3620 956 καὶ
3649 903 3754 974 τὴν

2166 994 2361 1049 ἐαυτοῦ
2393 996 2639 1064 γλῶτταν
2671 995 3024 1065 καταφαγὼν,
3057 997 3120 1048 ἐκ
3149 995 3361 1066 πικρῶν
3391 993 3641 1066 βασάνων
3671 996 3754 1059 είς

2167 1087 2304 1142 πολὺ
2325 1087 2683 1160 χαλεπώτερα
2701 1085 3072 1158 παρεπέμφθη
3087 1085 3438 1156 κολαστήρια.
3455 1085 3566 1139 Καὶ
3582 1084 3755 1139 πολλὰ

2166 1176 2390 1231 τοιαῦτα
2418 1177 2481 1231 τὸ
2498 1177 2652 1231 Θεῖον
2679 1175 3084 1247 ἐτερατούργει,
3114 1176 3477 1246 ἀντιρρόπους
3503 1173 3606 1238 τὰς
3629 1192 3753 1229 ποι-ο

2168 1270 2264 1335 νὰς
2295 1273 2444 1343 παρὰ
2473 1271 2582 1325 τῶν
2607 1271 2832 1342 ἀναίδην
2863 1269 3202 1324 ἀσεϐούντων
3229 1269 3715 1341 είσπραττόμενον.

2241 1533 2320 1587 ιδ’.
2351 1533 2472 1587 ’Ὁτι
2499 1533 2809 1605 προστάξας
2829 1573 2843 1596 ,
2874 1533 3059 1603 φησὶν,
3107 1531 3390 1596 Ἰουλιανὸς
3419 1531 3486 1584 τὰ
3518 1531 3748 1601 Ἰεροσό-

2166 1623 2312 1695 λυμα
2341 1624 2828 1694 ἀνοικοδομεῖσθαι,
2857 1624 2933 1687 ὡς
2963 1624 3028 1678 ἂν
3057 1624 3156 1688 τὰς
3194 1625 3324 1695 περὶ
3353 1623 3534 1677 αὐτῶν
3555 1623 3749 1676 δεσπο-

2100 1693 2141 1751 Β
2167 1693 2324 1778 τικὰς
2362 1693 2695 1786 προρρήσεις
2727 1714 2966 1786 ἀκύρους
2993 1714 3184 1784 ἐλέγξῃ
3205 1754 3220 1777 ,
3248 1693 3556 1767 τούναντίον
3602 1714 3750 1768 ἅπαν

2165 1800 2241 1860 ὧν
2274 1806 2638 1870 ἐσπούδασεν,
2677 1805 3052 1877 ἐξειργάσατο.
3087 1805 3257 1858 Ἀλλα
3285 1822 3343 1858 τε
3389 1805 3500 1877 γὰρ
3542 1804 3752 1876 τέρατα

2168 1897 2418 1968 ὑπερφυῆ
2443 1897 2504 1949 τὸ
2530 1896 2689 1968 ἔργον
2718 1897 3142 1969 κατασκήψαντα
3175 1895 3375 1965 ἐπέσχε
3397 1912 3410 1926 ⁸
3437 1897 3530 1949 καὶ
3557 1895 3622 1968 δὴ
3655 1895 3752 1949 καὶ

2166 1986 2275 2040 τῶν
2315 1986 2580 2057 θεμελίων
2610 1987 3082 2060 εὐτρεπιζομένων
3105 2030 3120 2055 ,
3154 1982 3235 2051 εἷς
3274 1987 3384 2040 τῶν
3437 1986 3635 2051 λίθων,
3669 1989 3751 2052 είς

2165 2080 2264 2151 τὴν
2294 2080 2529 2150 ἐσχάτην
2559 2081 2801 2151 κρηπῖδα
2827 2080 3178 2151 τεταγμένων
3211 2079 3490 2151 κινηθεὶς,
3523 2079 3752 2150 στόμιον

2165 2173 2364 2242 ἄντρου
2410 2172 2555 2235 τινὸς
2587 2172 2906 2244 παρέδειξεν
2930 2213 2945 2237 ,
2978 2173 3401 2244 ἐνειργασμένου
3437 2174 3504 2242 τῇ
3547 2172 3755 2243 πέτρᾳ.

2179 2265 2265 2327 Ὠς
2293 2264 2337 2318 δ’
2371 2265 2574 2336 ἄπορος
2603 2260 2670 2337 ἦν
2701 2264 2813 2334 (77)
2857 2265 2946 2318 διὰ
2988 2265 3048 2318 τὸ
3080 2263 3242 2334 βάθος
3285 2265 3415 2318 ἰδεῖν
3456 2264 3523 2320 τά
3574 2265 3752 2330 ἔνδον,

2166 2354 2477 2427 βουλόμενοι
2500 2355 2702 2424 γνῶναι
2747 2355 2808 2408 τὸ
2848 2354 3017 2424 σαφὲς
3047 2356 3097 2408 οἱ
3128 2357 3240 2418 τοῖς
3277 2355 3460 2425 ἔργοις
3500 2357 3756 2424 ἐφεστῶ-

2164 2463 2256 2512 τες
2281 2487 2298 2511 ,
2353 2445 2586 2502 καθιῶσί
2631 2464 2753 2499 τινα
2804 2446 2913 2499 τῶν
2965 2445 3212 2517 ἐργατῶν
3261 2445 3474 2516 σχοίνου
3530 2449 3757 2520 μακρᾶς

2166 2539 2544 2612 ἐκδησάμενοι.
2595 2539 2652 2592 '0
2683 2537 2741 2591 δέ
2770 2537 3124 2610 καθιμηθεὶς,
3157 2538 3302 2610 ὕδωρ
3344 2540 3445 2609 μὲν
3475 2535 3636 2611 εὗρεν
3669 2543 3759 2603 εἰς

2167 2633 2340 2704 μέσας
2370 2631 2581 2702 κνήμας
2603 2629 2742 2682 κατὰ
2769 2629 2830 2682 τὸ
2855 2629 3047 2701 ἄντρον
3090 2631 3448 2701 συνεστηκόςο
3476 2635 3762 2702 πανταχοί

2164 2725 2220 2778 δέ
2246 2721 2541 2796 περιελθὼν
2571 2720 2787 2776 καὶτῶν
2819 2721 3013 2792 τοίχων
3041 2721 3390 2792 ἐφαψάμενος
3414 2761 3428 2786 ,
3460 2723 3759 2794 τετράγω-

2165 2833 2254 2870 νον
2298 2816 2396 2885 μὲν
2423 2815 2484 2868 τὸ
2513 2815 2708 2886 ἄντρον
2739 2815 2898 2884 ἔγνω.
2957 2815 3339 2886 Ἀναστρέφων
3369 2814 3425 2868 δὲ
3454 2815 3550 2868 καὶ
3603 2813 3759 2870 κατὰ

2162 2909 2224 2962 τὸ
2253 2909 2418 2978 μέσον
2455 2907 2696 2977 γεγονὼς
2719 2947 2733 2972 ,
2775 2907 3092 2978 ἐντυγχάνει
3144 2906 3312 2978 στήλῃ
3363 2907 3511 2970 τινὶ,
3566 2905 3756 2978 βραχὺ

2164 2999 2414 3072 διεχούσῃ
2437 3000 2531 3053 τοῦ
2559 2999 2748 3063 ὓδατος
2770 3018 2784 3031 ·
2825 2994 2860 3075 ᾖ
2885 3000 2982 3071 τὴν
3008 3002 3167 3071 χεῖρα
3194 2999 3466 3053 ἐπιϐαλὼν
3497 2999 3757 3070 εὑρίσκει

2167 3091 2368 3162 βιϐλίον
2401 3093 2536 3162 αὐτῇ
2568 3091 2931 3162 ἐπικείμενον,
2957 3093 3268 3163 λεπτοτάτῳ
3304 3083 3399 3145 καί
3438 3091 3757 3164 καθαροτά-

2163 3201 2242 3255 τῳ
2292 3184 2705 3257 περιειλημένον
2751 3184 3022 3256 ὴμιτυϐίῳ
3054 3185 3130 3255 (a)
3154 3203 3166 3215 ο
3218 3184 3542 3256 ἀνελόμενος
3576 3184 3634 3238 δὲ
3671 3185 3758 3250 ὡς

2163 3271 2288 3346 εὗρε
2334 3276 2394 3328 τὸ
2424 3275 2626 3346 βιϐλίον
2653 3317 2666 3340 ,
2715 3276 2966 3347 σημαίνει
2999 3277 3108 3332 δεῖν
3152 3277 3312 3331 αὑτὸν
3362 3278 3754 3348 ἀνακομίζειν.

2177 3367 2588 3438 Ἀνακομισθεὶς
2633 3367 2697 3438 δὴ
2747 3368 3076 3422 ἐπιδείκνυσι
3120 3368 3179 3421 τὸ
3232 3368 3430 3438 βιϐλίον
3457 3409 3472 3433 ,
3519 3370 3614 3423 καὶ
3665 3371 3757 3433 είς

2164 3459 2372 3530 θάμϐος
2418 3461 2662 3525 ἅπαντας
2695 3461 2816 3529 ἄγει
2842 3503 2856 3527 ,
2897 3461 3132 3531 μάλιστα
3158 3461 3201 3514 δ’
3231 3462 3312 3514 ὅτι
3341 3461 3436 3514 καὶ
3480 3463 3754 3532 νεουργὸν

2163 3549 2258 3602 καὶ
2286 3548 2449 3620 άθιγῆ
2483 3549 2594 3618 (78)
2626 3553 2852 3620 παρεῖχε
2883 3551 2980 3622 τὴν
3021 3552 3147 3605 θέαν
3166 3591 3180 3615 ,
3213 3553 3308 3605 καὶ
3335 3551 3410 3614 ὡς
3441 3553 3498 3605 ἐν
3545 3552 3754 3624 ἐκείνῳ

2161 3638 2228 3693 ἂν
2261 3639 2480 3710 εὑρεθὲν
2531 3640 2607 3710 τῷ
2636 3642 2836 3714 χωρίῳ.
2869 3642 2942 3694 Τὸ
2973 3642 3030 3695 δὲ
3078 3643 3185 3714 ἄρα
3229 3643 3290 3695 τὸ
3324 3643 3548 3713 βιϐλίον,
3579 3642 3609 3696 δ
3645 3647 3754 3698 καὶ

2163 3730 2322 3784 πλέον
2355 3731 2704 3803 Ἑλληνιστάς
2735 3735 2830 3786 καὶ
2871 3735 3155 3799 Ἰουδαίους
3188 3735 3546 3806 κατέπληξεν,
3575 3735 3751 3801 εὐθὺς

2163 3824 2280 3878 κατ’
2312 3823 2487 3896 ἀρχὰς
2520 3825 2881 3896 ἁναπτυχθέν,
2923 3827 3179 3896 μεγάλοις
3207 3827 3358 3895 ἔλεγε
3388 3827 3750 3897 γράμμασιν,

2175 3917 2270 3970 Ἑν
2297 3915 2455 3986 ἀρχῇ
2486 3913 2566 3987 ἦν
2603 3921 2636 3972 ό
2665 3919 2889 3986 Λόγος,
2920 3918 3017 3971 καὶ
3054 3920 3087 3971 ό
3115 3918 3306 3987 Λόγος
3333 3914 3412 3986 ἦν
3440 3918 3593 3986 πρὸς
3628 3917 3749 3970 τὸν

2164 4007 2346 4072 Θεὸν,
2381 4007 2479 4062 καί
2522 4007 2668 4071 Θεὸς
2708 4003 2786 4078 ἦν
2817 4011 2848 4061 ό
2880 4009 3088 4078 Λόγος.
3130 4009 3240 4061 Καὶ
3272 4006 3458 4070 ἁπλῶς
3503 4006 3745 4076 ὀλόκλη-

2165 4114 2255 4168 ρον
2281 4101 2314 4169 ή
2338 4099 2524 4170 γραφὴ
2552 4099 2612 4152 τὸ
2639 4099 2966 4168 Εὑαγγέλιον
2989 4099 3219 4162 ἐδείκνυ,
3249 4101 3384 4170 ὅπερ
3416 4099 3449 4170 ἡ
3484 4096 3744 4166 θεολόγος

2158 4189 2252 4243 τοῦ
2289 4191 2532 4261 μαθητοῦ
2582 4192 2676 4244 καὶ
2723 4191 2990 4263 παρθένου
3042 4189 3435 4264 εὐηγγελίσατο
3487 4190 3737 4258 γλῶσσα.

2159 4284 2376 4356 Ἐδήλου
2404 4285 2460 4338 δέ
2491 4285 2599 4355 ἄρα
2634 4285 2771 4356 μετὰ
2810 4285 2916 4338 τῶν
2945 4284 3119 4340 ἄλλων
3146 4284 3462 4356 παραδόξων
3491 4283 3671 4355 ἔργων
3701 4285 3740 4340 ἃ

481 4368 636 4408 sacra
684 4355 937 4425 discipuli
990 4361 1324 4432 virginisque
1378 4363 1561 4434 lingua
1611 4368 2049 4426 annuntiavcrat.

2162 4379 2278 4432 κατ’
2309 4378 2484 4431 ἐκεῖνο
2509 4355 2705 4447 καιροῦ
2730 4375 3020 4447 οὐρανόθεν
3047 4355 3330 4445 ἐπεδείχθη
3351 4416 3364 4439 ,
3409 4375 3484 4446 μὴ
3511 4375 3577 4428 ἄν
3601 4391 3737 4428 ποτε

482 4443 653 4499 Porro
686 4446 791 4500 hoc
821 4447 1142 4504 miraculum
1174 4467 1281 4506 una
1316 4467 1440 4508 cum
1488 4455 1612 4509 aliis
1638 4457 1898 4526 prodigiis
1929 4473 2052 4528 qua:

484 4547 616 4593 tunc
667 4539 883 4595 coalitus
922 4549 1141 4596 ostensa
1193 4553 1349 4608 sunt,
1412 4547 1693 4616 perspicue
1753 4549 2050 4617 indicabat,

480 4645 762 4700 nunquam
797 4631 852 4686 in
883 4631 1096 4687 irritum
1134 4649 1385 4688 casuram
1432 4650 1552 4692 esse
1583 4640 1908 4693 sententiam
1941 4639 2054 4696 Do-

481 4724 638 4790 mini,
669 4739 790 4794 quae
819 4725 1004 4795 templi
1040 4727 1398 4782 vastationem
1435 4738 1698 4799 perpetuo
1731 4746 2047 4787 mansuram

479 4815 817 4880 praedixerat.
846 4814 1006 4871 Liber
1049 4817 1194 4872 enim
1247 4816 1336 4880 ille
1363 4857 1376 4882 ,
1423 4833 1548 4872 eum
1584 4819 1678 4888 qui
1724 4819 1825 4874 ista
1877 4823 2049 4878 multo

2155 4467 2432 4521 διαπεσεῖν
2460 4465 2785 4536 δεσποτικὴν
2814 4466 3088 4535 ἀπόφασιν
3113 4505 3128 4529 ,
3167 4466 3290 4536 ἣτις
3331 4465 3431 4534 τὴν
3460 4465 3542 4525 είς
3576 4463 3735 4526 τέλος

2156 4556 2437 4626 ἐρήμωσιν
2463 4555 2558 4609 τοῦ
2591 4555 2696 4610 νεὼ
2731 4558 3042 4626 προανεῖπε.
3073 4557 3183 4610 Καὶ
3208 4554 3317 4626 γὰρ
3343 4553 3475 4608 Θεόν
3495 4570 3554 4606 τε
3579 4552 3733 4605 ἐθεο-

2155 4644 2305 4713 λόγει
2337 4645 2396 4698 τὸ
2427 4645 2629 4716 βιϐλίον
2661 4646 2750 4700 τὸν
2793 4645 2965 4700 ταῦτα
3006 4647 3471 4717 προτεθεσπικότα
3505 4644 3600 4698 καὶ
3634 4643 3732 4714 δη·

2159 4732 2416 4806 μιουργδν
2449 4737 2735 4792 ἁπάντων
2767 4738 2862 4792 καὶ
2888 4738 3105 4808 ἐλεγχος
3129 4733 3196 4809 ἦν
3239 4735 3332 4790 τοῦ
3379 4736 3557 4806 μάτην
3588 4732 3732 4787 ἐκεί·

2155 4844 2278 4891 νους
2322 4828 2450 4899 περὶ
2495 4827 2593 4901 τήν
2648 4829 2936 4901 οἰκοδομὴν
2966 4829 3235 4884 ποιεῖσθαι
3267 4830 3412 4900 (79),
3446 4829 3546 4899 τῆς
3579 4825 3732 4887 Θείας

1699 4949 1943 4996 VALESII
1981 4953 2480 5004 ANNOTATIONES.

546 5049 659 5189 (76)
691 5049 887 5121 Supra,
919 5067 966 5108 c.
997 5049 1046 5108 9.

547 5121 636 5189 (77
702 5122 952 5189 ΙἈεττορος
1000 5118 1046 5189 ἧι

547 5118 659 5191 (77)
702 5118 952 5192 ᾎΞτορος
1000 5118 1096 5192 ἦν.
1143 5119 1502 5176 Scribendum
1539 5130 1623 5177 est
1651 5122 1840 5192 procul
1869 5123 2038 5181 dubio

473 5189 674 5310 “ibi”
694 5187 794 5310 ιθέξ

546 5259 654 5331 (78)
693 5259 995 5337 Νεουρτὸν
1039 5263 1136 5317 καί
1177 5259 1378 5330 dam}.
1429 5259 1506 5316 Ex
1547 5260 1736 5318 codice
1787 5261 2040 5320 Bocharti

2147 5061 2461 5134 emendavi,
2481 5061 2576 5116 καὶ
2609 5061 2793 5134 ἀθιγῆ.

2218 5129 2332 5200 (79)
2347 5131 2579 5202 ﬁddi
2599 5129 2872 5199 ἐκείνους
2892 5133 3024 5201 περὶ
3049 5132 3165 5198 τὴν
3191 5130 3516 5202 οἰκοδομὴν
3543 5132 3722 5185 ποιεί-

2145 5199 2319 5254 σθαι.
2341 5199 2699 5258 Scribendum
2729 5204 2941 5258 videtur
2964 5199 3264 5257 πονεῖσθαι.

1930 5378 2261 5428 VARIORUM
2271 5414 2288 5427 ,η

543 5476 996 5551 (αὶςιζμιτυόίῳ.
1029 5486 1153 5540 llaec
1197 5501 1303 5540 vox
1349 5483 1589 5540 occurrit
1637 5483 1799 5550 infra,
1837 5486 1932 5542 lib.
1971 5504 2032 5551 ιι,

471 5557 594 5626 cap.
631 5545 683 5626 1.
711 5544 805 5626 E_st
833 5544 1012 5626 autem
1041 5556 1328 5626 ἡμιτύϐιον
1355 5555 1604 5619 linteum,
1625 5544 1932 5626 sudarium,
1955 5544 2037 5612 fa:-

467 5615 607 5683 scia,
641 5613 857 5670 sindon.
905 5617 1010 5673 Hac
1063 5613 1193 5677 Voce
1225 5625 1336 5690 jam
1379 5625 1508 5679 olim
1552 5613 1634 5680 usi
1671 5635 1798 5682 sunt
1830 5613 2038 5685 Arisw-

2138 5494 2346 5568 phanes
2371 5537 2386 5564 ,
2427 5494 2802 5568 Hippocrates,
2831 5495 3156 5553 Plutarchus
3184 5537 3198 5562 ,
3231 5495 3349 5550 Jac.
3406 5487 3706 5566 Guilaofred.

2140 5565 2190 5617 in
2227 5565 2326 5618 lac.
