  <div class='ocr_page' id='page_1' title='image "/cluster/home/n/w/nwhite01/storage/ocr_20150623/65/hvd.32044073501967/282.png"; bbox 0 0 4010 6210; ppageno 0'>
   <div class='ocr_carea' id='block_1_1' title="bbox 288 257 399 320">
    <p class='ocr_par' dir='ltr' id='par_1_1' title="bbox 288 257 399 320">
     <span class='ocr_line' id='line_1_1' title="bbox 288 257 399 320; baseline 0 -2"><span class='ocrx_word' id='word_1_1' title='bbox 288 257 399 320; x_wconf 72' lang='lat'><strong>853</strong></span> 
     </span>
    </p>
   </div>
   <div class='ocr_carea' id='block_1_2' title="bbox 1291 263 2550 326">
    <p class='ocr_par' dir='ltr' id='par_1_2' title="bbox 1291 263 2550 326">
     <span class='ocr_line' id='line_1_2' title="bbox 1291 263 2550 326; baseline 0.003 -4"><span class='ocrx_word' id='word_1_2' title='bbox 1291 263 1853 326; x_wconf 63' lang='lat' dir='ltr'><strong>ECCLESIASTECIE</strong></span> <span class='ocrx_word' id='word_1_3' title='bbox 1893 264 2245 324; x_wconf 70' lang='grc' dir='ltr'><strong>1115Τοῐῖῐῶ</strong></span> <span class='ocrx_word' id='word_1_4' title='bbox 2271 267 2403 325; x_wconf 80' lang='lat' dir='ltr'><strong>LIB.</strong></span> <span class='ocrx_word' id='word_1_5' title='bbox 2438 264 2550 326; x_wconf 65' lang='grc' dir='ltr'>ιτιι.</span> 
     </span>
    </p>
   </div>
   <div class='ocr_carea' id='block_1_3' title="bbox 3454 266 3562 332">
    <p class='ocr_par' dir='ltr' id='par_1_3' title="bbox 3454 266 3562 332">
     <span class='ocr_line' id='line_1_3' title="bbox 3454 266 3562 332; baseline 0.019 -2"><span class='ocrx_word' id='word_1_6' title='bbox 3454 266 3562 332; x_wconf 68' lang='grc' dir='ltr'><strong>5εεῦ</strong></span> 
     </span>
    </p>
   </div>
   <div class='ocr_carea' id='block_1_4' title="bbox 285 375 1890 455">
    <p class='ocr_par' dir='ltr' id='par_1_4' title="bbox 285 375 1883 455">
     <span class='ocr_line' id='line_1_4' title="bbox 285 375 1883 455; baseline 0.004 -23"><span class='ocrx_word' id='word_1_7' title='bbox 285 377 390 436; x_wconf 62' lang='grc' dir='ltr'><strong>καὶ</strong></span> <span class='ocrx_word' id='word_1_8' title='bbox 433 375 772 448; x_wconf 69' lang='grc' dir='ltr'>ἀμεταθέτου</span> <span class='ocrx_word' id='word_1_9' title='bbox 803 378 988 450; x_wconf 62' lang='grc' dir='ltr'>ψήφου</span> <span class='ocrx_word' id='word_1_10' title='bbox 1034 378 1124 435; x_wconf 76' lang='grc' dir='ltr'>τὸν</span> <span class='ocrx_word' id='word_1_11' title='bbox 1155 381 1232 445; x_wconf 84' lang='grc' dir='ltr'>εἰς</span> <span class='ocrx_word' id='word_1_12' title='bbox 1258 382 1412 446; x_wconf 78' lang='grc' dir='ltr'>τέλος</span> <span class='ocrx_word' id='word_1_13' title='bbox 1457 384 1552 437; x_wconf 79' lang='grc' dir='ltr'><strong>τοῦ</strong></span> <span class='ocrx_word' id='word_1_14' title='bbox 1599 383 1704 437; x_wconf 85' lang='grc' dir='ltr'>νεὼ</span> <span class='ocrx_word' id='word_1_15' title='bbox 1740 385 1883 455; x_wconf 66' lang='lat' dir='ltr'><strong>diapa-</strong></span> 
     </span>
    </p>
   </div>
   <div class='ocr_carea' id='block_1_5' title="bbox 1994 375 3562 455">
    <p class='ocr_par' dir='ltr' id='par_1_5' title="bbox 1994 381 3562 454">
     <span class='ocr_line' id='line_1_5' title="bbox 1994 381 3562 454; baseline 0.006 -16"><span class='ocrx_word' id='word_1_16' title='bbox 1994 393 2114 438; x_wconf 76' lang='lat' dir='ltr'><strong>nnte</strong></span> <span class='ocrx_word' id='word_1_17' title='bbox 2143 384 2629 454; x_wconf 87' lang='lat' dir='ltr'><strong>pronuntiaverat,</strong></span> <span class='ocrx_word' id='word_1_18' title='bbox 2659 381 2825 438; x_wconf 73' lang='lat' dir='ltr'><strong>Deum</strong></span> <span class='ocrx_word' id='word_1_19' title='bbox 2863 393 2912 441; x_wconf 90' lang='lat' dir='ltr'><strong>et</strong></span> <span class='ocrx_word' id='word_1_20' title='bbox 2960 387 3199 444; x_wconf 73' lang='lat' dir='ltr'><strong>universi</strong></span> <span class='ocrx_word' id='word_1_21' title='bbox 3226 388 3562 448; x_wconf 87' lang='lat' dir='ltr'><strong>conditorem</strong></span> 
     </span>
    </p>
   </div>
   <div class='ocr_carea' id='block_1_6' title="bbox 289 469 1878 547">
    <p class='ocr_par' dir='ltr' id='par_1_6' title="bbox 289 469 1878 547">
     <span class='ocr_line' id='line_1_6' title="bbox 289 469 1878 547; baseline 0.002 -22"><span class='ocrx_word' id='word_1_22' title='bbox 289 469 481 544; x_wconf 72' lang='grc' dir='ltr'>νισμὺν</span> <span class='ocrx_word' id='word_1_23' title='bbox 537 469 1092 544; x_wconf 71' lang='grc' dir='ltr'>καταψηφισαμένης.</span> <span class='ocrx_word' id='word_1_24' title='bbox 1128 474 1211 528; x_wconf 85' lang='grc' dir='ltr'><strong>Τὰ</strong></span> <span class='ocrx_word' id='word_1_25' title='bbox 1265 474 1448 545; x_wconf 80' lang='grc' dir='ltr'>μέντοι</span> <span class='ocrx_word' id='word_1_26' title='bbox 1507 475 1878 547; x_wconf 81' lang='grc' dir='ltr'><strong>Ἱεροσόλυμα,</strong></span> 
     </span>
    </p>
   </div>
   <div class='ocr_carea' id='block_1_7' title="bbox 294 559 1882 636">
    <p class='ocr_par' dir='ltr' id='par_1_7' title="bbox 294 559 1882 636">
     <span class='ocr_line' id='line_1_7' title="bbox 294 559 1882 636; baseline 0.003 -21"><span class='ocrx_word' id='word_1_27' title='bbox 294 559 496 624; x_wconf 76' lang='grc' dir='ltr'><strong>Ἰεσοὺς</strong></span> <span class='ocrx_word' id='word_1_28' title='bbox 551 559 818 631; x_wconf 85' lang='grc' dir='ltr'>πρότερον</span> <span class='ocrx_word' id='word_1_29' title='bbox 865 561 1114 616; x_wconf 83' lang='grc' dir='ltr'>ἐκαλεῖτο</span> <span class='ocrx_word' id='word_1_30' title='bbox 1138 604 1153 630; x_wconf 82' lang='lat'><strong>,</strong></span> <span class='ocrx_word' id='word_1_31' title='bbox 1211 563 1320 617; x_wconf 86' lang='grc' dir='ltr'><strong>τῶν</strong></span> <span class='ocrx_word' id='word_1_32' title='bbox 1360 564 1463 635; x_wconf 85' lang='grc' dir='ltr'><strong>τῆς</strong></span> <span class='ocrx_word' id='word_1_33' title='bbox 1511 565 1882 636; x_wconf 80' lang='grc' dir='ltr'><strong>Βενιαμίτιδος</strong></span> 
     </span>
    </p>
   </div>
   <div class='ocr_carea' id='block_1_8' title="bbox 297 649 1882 728">
    <p class='ocr_par' dir='ltr' id='par_1_8' title="bbox 297 649 1882 728">
     <span class='ocr_line' id='line_1_8' title="bbox 297 649 1882 728; baseline -0.004 -11"><span class='ocrx_word' id='word_1_34' title='bbox 297 651 470 723; x_wconf 69' lang='grc' dir='ltr'><strong>φυλῆς</strong></span> <span class='ocrx_word' id='word_1_35' title='bbox 495 649 700 722; x_wconf 81' lang='grc' dir='ltr'>ταύτην</span> <span class='ocrx_word' id='word_1_36' title='bbox 724 652 1100 717; x_wconf 82' lang='grc' dir='ltr'>ἐνοικούντων,</span> <span class='ocrx_word' id='word_1_37' title='bbox 1141 655 1271 726; x_wconf 73' lang='grc' dir='ltr'>πρὶν</span> <span class='ocrx_word' id='word_1_38' title='bbox 1301 655 1334 726; x_wconf 82' lang='grc' dir='ltr'><strong>ἦ</strong></span> <span class='ocrx_word' id='word_1_39' title='bbox 1369 655 1533 710; x_wconf 77' lang='grc' dir='ltr'>Δαΰὶδ</span> <span class='ocrx_word' id='word_1_40' title='bbox 1563 658 1592 710; x_wconf 81' lang='grc' dir='ltr'><strong>ό</strong></span> <span class='ocrx_word' id='word_1_41' title='bbox 1625 657 1882 728; x_wconf 74' lang='grc' dir='ltr'>βασιλεὺς</span> 
     </span>
    </p>
   </div>
   <div class='ocr_carea' id='block_1_9' title="bbox 299 739 1876 817">
    <p class='ocr_par' dir='ltr' id='par_1_9' title="bbox 299 739 1876 817">
     <span class='ocr_line' id='line_1_9' title="bbox 299 739 1876 817; baseline 0.004 -19"><span class='ocrx_word' id='word_1_42' title='bbox 299 739 584 815; x_wconf 64' lang='grc' dir='ltr'>ὑποσχέσει</span> <span class='ocrx_word' id='word_1_43' title='bbox 618 744 959 815; x_wconf 76' lang='grc' dir='ltr'><strong>στρατηγίας</strong></span> <span class='ocrx_word' id='word_1_44' title='bbox 989 745 1127 799; x_wconf 80' lang='grc' dir='ltr'>ἐλὼν</span> <span class='ocrx_word' id='word_1_45' title='bbox 1157 747 1328 817; x_wconf 82' lang='grc' dir='ltr'>αὐτὴν</span> <span class='ocrx_word' id='word_1_46' title='bbox 1371 748 1460 802; x_wconf 77' lang='grc' dir='ltr'>διὰ</span> <span class='ocrx_word' id='word_1_47' title='bbox 1508 748 1604 802; x_wconf 80' lang='grc' dir='ltr'><strong>τοῦ</strong></span> <span class='ocrx_word' id='word_1_48' title='bbox 1648 750 1876 804; x_wconf 73' lang='grc' dir='ltr'><strong>Ἰωάϐου.</strong></span> 
     </span>
    </p>
   </div>
   <div class='ocr_carea' id='block_1_10' title="bbox 299 837 1882 908">
    <p class='ocr_par' dir='ltr' id='par_1_10' title="bbox 299 837 1882 908">
     <span class='ocr_line' id='line_1_10' title="bbox 299 837 1882 908; baseline 0.001 -15"><span class='ocrx_word' id='word_1_49' title='bbox 299 837 517 908; x_wconf 75' lang='grc' dir='ltr'>Ἕκείνῳ</span> <span class='ocrx_word' id='word_1_50' title='bbox 537 854 598 890; x_wconf 83' lang='grc' dir='ltr'><strong>τε</strong></span> <span class='ocrx_word' id='word_1_51' title='bbox 633 837 734 908; x_wconf 80' lang='grc' dir='ltr'>τὴν</span> <span class='ocrx_word' id='word_1_52' title='bbox 766 838 1064 908; x_wconf 74' lang='grc' dir='ltr'>ὑπόσχεσιν</span> <span class='ocrx_word' id='word_1_53' title='bbox 1089 838 1166 903; x_wconf 83' lang='grc' dir='ltr'>ὡς</span> <span class='ocrx_word' id='word_1_54' title='bbox 1212 839 1507 906; x_wconf 77' lang='grc' dir='ltr'>ὑπεδέξατο</span> <span class='ocrx_word' id='word_1_55' title='bbox 1539 840 1755 907; x_wconf 80' lang='grc' dir='ltr'>δίδωσι,</span> <span class='ocrx_word' id='word_1_56' title='bbox 1787 843 1882 894; x_wconf 75' lang='grc' dir='ltr'><strong>καὶ</strong></span> 
     </span>
    </p>
   </div>
   <div class='ocr_carea' id='block_1_11' title="bbox 298 929 1881 1006">
    <p class='ocr_par' dir='ltr' id='par_1_11' title="bbox 298 929 1881 1006">
     <span class='ocr_line' id='line_1_11' title="bbox 298 929 1881 1006; baseline 0.001 -20"><span class='ocrx_word' id='word_1_57' title='bbox 298 931 456 994; x_wconf 70' lang='grc' dir='ltr'>αὐτὸς</span> <span class='ocrx_word' id='word_1_58' title='bbox 501 929 657 983; x_wconf 77' lang='grc' dir='ltr'>πόλιν</span> <span class='ocrx_word' id='word_1_59' title='bbox 704 931 763 983; x_wconf 87' lang='grc' dir='ltr'><strong>ἐν</strong></span> <span class='ocrx_word' id='word_1_60' title='bbox 796 931 934 1001; x_wconf 82' lang='grc' dir='ltr'>αὐτῇ</span> <span class='ocrx_word' id='word_1_61' title='bbox 985 931 1351 1003; x_wconf 80' lang='grc' dir='ltr'><strong>δειμάμενος,</strong></span> <span class='ocrx_word' id='word_1_62' title='bbox 1401 933 1735 1006; x_wconf 78' lang='grc' dir='ltr'><strong>μητρόπολιν</strong></span> <span class='ocrx_word' id='word_1_63' title='bbox 1787 932 1881 988; x_wconf 80' lang='grc' dir='ltr'>τοῦ</span> 
     </span>
    </p>
   </div>
   <div class='ocr_carea' id='block_1_12' title="bbox 297 1014 1578 1098">
    <p class='ocr_par' dir='ltr' id='par_1_12' title="bbox 297 1014 1578 1098">
     <span class='ocr_line' id='line_1_12' title="bbox 297 1014 1578 1098; baseline 0.005 -22"><span class='ocrx_word' id='word_1_64' title='bbox 297 1015 498 1085; x_wconf 68' lang='grc' dir='ltr'>παντὸς</span> <span class='ocrx_word' id='word_1_65' title='bbox 523 1021 714 1086; x_wconf 76' lang='grc' dir='ltr'>ἔθνους</span> <span class='ocrx_word' id='word_1_66' title='bbox 744 1021 854 1075; x_wconf 80' lang='grc' dir='ltr'>τῶν</span> <span class='ocrx_word' id='word_1_67' title='bbox 892 1014 1160 1094; x_wconf 79' lang='grc' dir='ltr'>Ἐϐραίων</span> <span class='ocrx_word' id='word_1_68' title='bbox 1184 1025 1578 1098; x_wconf 79' lang='grc' dir='ltr'>ἀπειργάσατο.</span> 
     </span>
    </p>
   </div>
   <div class='ocr_carea' id='block_1_13' title="bbox 1987 475 3565 550">
    <p class='ocr_par' dir='ltr' id='par_1_13' title="bbox 1987 475 3565 550">
     <span class='ocr_line' id='line_1_13' title="bbox 1987 475 3565 550; baseline 0.003 -18"><span class='ocrx_word' id='word_1_69' title='bbox 1987 493 2110 532; x_wconf 87' lang='lat' dir='ltr'><strong>esse</strong></span> <span class='ocrx_word' id='word_1_70' title='bbox 2167 477 2518 546; x_wconf 62' lang='lat' dir='ltr'><strong>praedicabat.</strong></span> <span class='ocrx_word' id='word_1_71' title='bbox 2572 475 3064 549; x_wconf 87' lang='lat' dir='ltr'><strong>Certissimumque</strong></span> <span class='ocrx_word' id='word_1_72' title='bbox 3108 488 3227 535; x_wconf 86' lang='lat' dir='ltr'><strong>erat</strong></span> <span class='ocrx_word' id='word_1_73' title='bbox 3279 481 3565 550; x_wconf 81' lang='lat' dir='ltr'><strong>indicium,</strong></span> 
     </span>
    </p>
   </div>
   <div class='ocr_carea' id='block_1_14' title="bbox 1990 568 3569 639">
    <p class='ocr_par' dir='ltr' id='par_1_14' title="bbox 1990 568 3569 639">
     <span class='ocr_line' id='line_1_14' title="bbox 1990 568 3569 639; baseline 0.004 -15"><span class='ocrx_word' id='word_1_74' title='bbox 1990 569 2189 624; x_wconf 89' lang='lat' dir='ltr'><strong>frustra</strong></span> <span class='ocrx_word' id='word_1_75' title='bbox 2225 585 2321 625; x_wconf 90' lang='lat' dir='ltr'><strong>eos</strong></span> <span class='ocrx_word' id='word_1_76' title='bbox 2349 570 2403 624; x_wconf 91' lang='lat' dir='ltr'><strong>in</strong></span> <span class='ocrx_word' id='word_1_77' title='bbox 2437 568 2758 625; x_wconf 71' lang='lat' dir='ltr'><strong>trditicando</strong></span> <span class='ocrx_word' id='word_1_78' title='bbox 2781 570 3031 627; x_wconf 85' lang='lat' dir='ltr'><strong>laborare</strong></span> <span class='ocrx_word' id='word_1_79' title='bbox 3053 614 3068 639; x_wconf 93' lang='lat'><strong>,</strong></span> <span class='ocrx_word' id='word_1_80' title='bbox 3092 587 3218 627; x_wconf 89' lang='lat' dir='ltr'><strong>cum</strong></span> <span class='ocrx_word' id='word_1_81' title='bbox 3254 573 3569 630; x_wconf 84' lang='lat' dir='ltr'><strong>immutabi-</strong></span> 
     </span>
    </p>
   </div>
   <div class='ocr_carea' id='block_1_15' title="bbox 1988 659 3571 731">
    <p class='ocr_par' dir='ltr' id='par_1_15' title="bbox 1988 659 3571 731">
     <span class='ocr_line' id='line_1_15' title="bbox 1988 659 3571 731; baseline 0.006 -17"><span class='ocrx_word' id='word_1_82' title='bbox 1988 661 2056 716; x_wconf 87' lang='lat' dir='ltr'><strong>lis</strong></span> <span class='ocrx_word' id='word_1_83' title='bbox 2102 659 2195 716; x_wconf 89' lang='lat' dir='ltr'><strong>Dei</strong></span> <span class='ocrx_word' id='word_1_84' title='bbox 2253 660 2520 716; x_wconf 78' lang='lat' dir='ltr'><strong>sententia</strong></span> <span class='ocrx_word' id='word_1_85' title='bbox 2584 661 2842 729; x_wconf 79' lang='lat' dir='ltr'><strong>templum</strong></span> <span class='ocrx_word' id='word_1_86' title='bbox 2899 673 3155 731; x_wconf 86' lang='lat' dir='ltr'><strong>perpetua</strong></span> <span class='ocrx_word' id='word_1_87' title='bbox 3214 663 3571 724; x_wconf 86' lang='lat' dir='ltr'><strong>subversione</strong></span> 
     </span>
    </p>
   </div>
   <div class='ocr_carea' id='block_1_16' title="bbox 1988 751 3572 826">
    <p class='ocr_par' dir='ltr' id='par_1_16' title="bbox 1988 751 3572 826">
     <span class='ocr_line' id='line_1_16' title="bbox 1988 751 3572 826; baseline 0.004 -19"><span class='ocrx_word' id='word_1_88' title='bbox 1988 753 2324 808; x_wconf 59' lang='lat' dir='ltr'><strong>damnasset.</strong></span> <span class='ocrx_word' id='word_1_89' title='bbox 2350 751 2472 823; x_wconf 89' lang='lat' dir='ltr'><strong>lpsa</strong></span> <span class='ocrx_word' id='word_1_90' title='bbox 2499 752 2714 822; x_wconf 88' lang='lat' dir='ltr'><strong>quidem</strong></span> <span class='ocrx_word' id='word_1_91' title='bbox 2741 753 2874 808; x_wconf 85' lang='lat' dir='ltr'><strong>urbs</strong></span> <span class='ocrx_word' id='word_1_92' title='bbox 2903 752 3276 826; x_wconf 80' lang='lat' dir='ltr'><strong>Hierosolyma</strong></span> <span class='ocrx_word' id='word_1_93' title='bbox 3303 767 3459 814; x_wconf 90' lang='lat' dir='ltr'><strong>antea</strong></span> <span class='ocrx_word' id='word_1_94' title='bbox 3480 759 3572 814; x_wconf 83' lang='lat' dir='ltr'><strong>Je-</strong></span> 
     </span>
    </p>
   </div>
   <div class='ocr_carea' id='block_1_17' title="bbox 1991 835 3570 916">
    <p class='ocr_par' dir='ltr' id='par_1_17' title="bbox 1991 835 3570 916">
     <span class='ocr_line' id='line_1_17' title="bbox 1991 835 3570 916; baseline 0.006 -17"><span class='ocrx_word' id='word_1_95' title='bbox 1991 846 2096 900; x_wconf 89' lang='lat' dir='ltr'><strong>bus</strong></span> <span class='ocrx_word' id='word_1_96' title='bbox 2128 847 2427 901; x_wconf 73' lang='lat' dir='ltr'><strong>vocabatur</strong></span> <span class='ocrx_word' id='word_1_97' title='bbox 2453 888 2466 913; x_wconf 92' lang='lat'><strong>,</strong></span> <span class='ocrx_word' id='word_1_98' title='bbox 2500 845 2792 900; x_wconf 81' lang='lat' dir='ltr'><strong>tribulibus</strong></span> <span class='ocrx_word' id='word_1_99' title='bbox 2826 835 3196 916; x_wconf 70' lang='lat' dir='ltr'><strong>Benjamttica:</strong></span> <span class='ocrx_word' id='word_1_100' title='bbox 3239 851 3412 907; x_wconf 86' lang='lat' dir='ltr'><strong>ttibus</strong></span> <span class='ocrx_word' id='word_1_101' title='bbox 3445 867 3570 908; x_wconf 87' lang='lat' dir='ltr'><strong>eam</strong></span> 
     </span>
    </p>
   </div>
   <div class='ocr_carea' id='block_1_18' title="bbox 1991 939 3570 1012">
    <p class='ocr_par' dir='ltr' id='par_1_18' title="bbox 1991 939 3570 1012">
     <span class='ocr_line' id='line_1_18' title="bbox 1991 939 3570 1012; baseline 0.005 -19"><span class='ocrx_word' id='word_1_102' title='bbox 1991 939 2378 1005; x_wconf 84' lang='lat' dir='ltr'><strong>incolentibus,</strong></span> <span class='ocrx_word' id='word_1_103' title='bbox 2399 941 2714 1009; x_wconf 79' lang='lat' dir='ltr'><strong>priusquam</strong></span> <span class='ocrx_word' id='word_1_104' title='bbox 2737 955 2833 995; x_wconf 89' lang='lat' dir='ltr'><strong>rex</strong></span> <span class='ocrx_word' id='word_1_105' title='bbox 2857 939 3049 1006; x_wconf 81' lang='lat' dir='ltr'><strong>David,</strong></span> <span class='ocrx_word' id='word_1_106' title='bbox 3073 942 3426 1012; x_wconf 87' lang='lat' dir='ltr'><strong>operaJoabi,</strong></span> <span class='ocrx_word' id='word_1_107' title='bbox 3447 961 3570 1001; x_wconf 89' lang='lat' dir='ltr'><strong>eam</strong></span> 
     </span>
    </p>
   </div>
   <div class='ocr_carea' id='block_1_19' title="bbox 1991 1031 3596 1106">
    <p class='ocr_par' dir='ltr' id='par_1_19' title="bbox 1991 1031 3596 1106">
     <span class='ocr_line' id='line_1_19' title="bbox 1991 1031 3596 1106; baseline 0.006 -21"><span class='ocrx_word' id='word_1_108' title='bbox 1991 1031 2250 1100; x_wconf 81' lang='lat' dir='ltr'><strong>cepisset.</strong></span> <span class='ocrx_word' id='word_1_109' title='bbox 2282 1031 2383 1086; x_wconf 87' lang='lat' dir='ltr'><strong>Cui</strong></span> <span class='ocrx_word' id='word_1_110' title='bbox 2418 1046 2546 1086; x_wconf 91' lang='lat' dir='ltr'><strong>cum</strong></span> <span class='ocrx_word' id='word_1_111' title='bbox 2576 1031 2851 1088; x_wconf 88' lang='lat' dir='ltr'><strong>exercitus</strong></span> <span class='ocrx_word' id='word_1_112' title='bbox 2881 1033 3170 1103; x_wconf 88' lang='lat' dir='ltr'><strong>imperium</strong></span> <span class='ocrx_word' id='word_1_113' title='bbox 3203 1036 3596 1106; x_wconf 35' lang='lat' dir='ltr'><strong>promisisse;</strong></span> 
     </span>
    </p>
   </div>
   <div class='ocr_carea' id='block_1_20' title="bbox 294 1117 3577 1198">
    <p class='ocr_par' dir='ltr' id='par_1_20' title="bbox 294 1117 3577 1198">
     <span class='ocr_line' id='line_1_20' title="bbox 294 1117 3577 1198; baseline 0.004 -25"><span class='ocrx_word' id='word_1_114' title='bbox 294 1119 339 1174; x_wconf 92' lang='lat' dir='ltr'><strong>si</strong></span> <span class='ocrx_word' id='word_1_115' title='bbox 369 1133 433 1173; x_wconf 87' lang='lat' dir='ltr'><strong>ea</strong></span> <span class='ocrx_word' id='word_1_116' title='bbox 467 1117 604 1173; x_wconf 85' lang='lat' dir='ltr'><strong>urbe</strong></span> <span class='ocrx_word' id='word_1_117' title='bbox 631 1117 935 1188; x_wconf 84' lang='lat' dir='ltr'><strong>potiretur,</strong></span> <span class='ocrx_word' id='word_1_118' title='bbox 971 1117 1109 1174; x_wconf 83' lang='lat' dir='ltr'><strong>urbe</strong></span> <span class='ocrx_word' id='word_1_119' title='bbox 1161 1127 1352 1189; x_wconf 85' lang='lat' dir='ltr'><strong>capta,</strong></span> <span class='ocrx_word' id='word_1_120' title='bbox 1405 1119 1458 1174; x_wconf 90' lang='lat' dir='ltr'><strong>id</strong></span> <span class='ocrx_word' id='word_1_121' title='bbox 1487 1121 1633 1192; x_wconf 88' lang='lat' dir='ltr'><strong>quod</strong></span> <span class='ocrx_word' id='word_1_122' title='bbox 1697 1122 1746 1177; x_wconf 90' lang='lat' dir='ltr'><strong>ei</strong></span> <span class='ocrx_word' id='word_1_123' title='bbox 1793 1123 2122 1192; x_wconf 89' lang='lat' dir='ltr'><strong>promiserat</strong></span> <span class='ocrx_word' id='word_1_124' title='bbox 2181 1127 2423 1184; x_wconf 84' lang='lat' dir='ltr'><strong>tradidit.</strong></span> <span class='ocrx_word' id='word_1_125' title='bbox 2466 1126 2586 1198; x_wconf 92' lang='lat' dir='ltr'><strong>Ipse</strong></span> <span class='ocrx_word' id='word_1_126' title='bbox 2635 1126 2692 1181; x_wconf 90' lang='lat' dir='ltr'><strong>in</strong></span> <span class='ocrx_word' id='word_1_127' title='bbox 2729 1127 2922 1183; x_wconf 87' lang='lat' dir='ltr'><strong>eodem</strong></span> <span class='ocrx_word' id='word_1_128' title='bbox 2984 1127 3104 1184; x_wconf 90' lang='lat' dir='ltr'><strong>loco</strong></span> <span class='ocrx_word' id='word_1_129' title='bbox 3156 1130 3345 1186; x_wconf 91' lang='lat' dir='ltr'><strong>urbem</strong></span> <span class='ocrx_word' id='word_1_130' title='bbox 3405 1133 3577 1188; x_wconf 61' lang='lat' dir='ltr'><strong>aditi-</strong></span> 
     </span>
    </p>
   </div>
   <div class='ocr_carea' id='block_1_21' title="bbox 293 1209 2266 1284">
    <p class='ocr_par' dir='ltr' id='par_1_21' title="bbox 293 1209 2266 1284">
     <span class='ocr_line' id='line_1_21' title="bbox 293 1209 2266 1284; baseline 0.005 -20"><span class='ocrx_word' id='word_1_131' title='bbox 293 1223 450 1274; x_wconf 81' lang='lat' dir='ltr'><strong>cans,</strong></span> <span class='ocrx_word' id='word_1_132' title='bbox 488 1211 760 1266; x_wconf 74' lang='lat' dir='ltr'><strong>universa:</strong></span> <span class='ocrx_word' id='word_1_133' title='bbox 789 1211 967 1282; x_wconf 77' lang='lat' dir='ltr'><strong>gentis</strong></span> <span class='ocrx_word' id='word_1_134' title='bbox 998 1209 1351 1267; x_wconf 66' lang='lat' dir='ltr'><strong>Hebraeorum</strong></span> <span class='ocrx_word' id='word_1_135' title='bbox 1389 1214 1734 1284; x_wconf 86' lang='lat' dir='ltr'><strong>metr0polim</strong></span> <span class='ocrx_word' id='word_1_136' title='bbox 1761 1225 1881 1270; x_wconf 83' lang='lat' dir='ltr'><strong>eam</strong></span> <span class='ocrx_word' id='word_1_137' title='bbox 1923 1229 2046 1273; x_wconf 89' lang='lat' dir='ltr'><strong>esse</strong></span> <span class='ocrx_word' id='word_1_138' title='bbox 2077 1219 2266 1274; x_wconf 87' lang='lat' dir='ltr'><strong>voluit.</strong></span> 
     </span>
    </p>
   </div>
   <div class='ocr_carea' id='block_1_22' title="bbox 367 1304 1884 1380">
    <p class='ocr_par' dir='ltr' id='par_1_22' title="bbox 367 1304 1884 1380">
     <span class='ocr_line' id='line_1_22' title="bbox 367 1304 1884 1380; baseline 0.005 -24"><span class='ocrx_word' id='word_1_139' title='bbox 367 1304 455 1359; x_wconf 85' lang='grc' dir='ltr'>ιε’.</span> <span class='ocrx_word' id='word_1_140' title='bbox 492 1305 614 1358; x_wconf 87' lang='grc' dir='ltr'><strong>Ὅτι</strong></span> <span class='ocrx_word' id='word_1_141' title='bbox 645 1305 759 1367; x_wconf 84' lang='grc' dir='ltr'>τοῖς</span> <span class='ocrx_word' id='word_1_142' title='bbox 787 1305 1129 1374; x_wconf 71' lang='grc' dir='ltr'><strong>πανταχόθεν</strong></span> <span class='ocrx_word' id='word_1_143' title='bbox 1163 1308 1435 1378; x_wconf 75' lang='grc' dir='ltr'><strong>χρησμοῖς</strong></span> <span class='ocrx_word' id='word_1_144' title='bbox 1463 1306 1573 1362; x_wconf 81' lang='grc' dir='ltr'>τῶν</span> <span class='ocrx_word' id='word_1_145' title='bbox 1615 1307 1884 1380; x_wconf 79' lang='grc' dir='ltr'><strong>Ἐλλήνων</strong></span> 
     </span>
    </p>
   </div>
   <div class='ocr_carea' id='block_1_23' title="bbox 289 1393 1883 1470">
    <p class='ocr_par' dir='ltr' id='par_1_23' title="bbox 289 1393 1883 1470">
     <span class='ocr_line' id='line_1_23' title="bbox 289 1393 1883 1470; baseline 0.004 -24"><span class='ocrx_word' id='word_1_146' title='bbox 289 1394 320 1446; x_wconf 65' lang='lat'>&#39;6</span> <span class='ocrx_word' id='word_1_147' title='bbox 351 1393 682 1465; x_wconf 77' lang='grc' dir='ltr'><strong>Παραὸἀτης</strong></span> <span class='ocrx_word' id='word_1_148' title='bbox 709 1393 1060 1458; x_wconf 75' lang='grc' dir='ltr'><strong>ἀναπεισθεὶς</strong></span> <span class='ocrx_word' id='word_1_149' title='bbox 1093 1395 1168 1458; x_wconf 85' lang='grc' dir='ltr'><strong>ὡς</strong></span> <span class='ocrx_word' id='word_1_150' title='bbox 1188 1396 1401 1467; x_wconf 72' lang='grc' dir='ltr'>ἄμαχον</span> <span class='ocrx_word' id='word_1_151' title='bbox 1429 1397 1541 1463; x_wconf 77' lang='grc' dir='ltr'>ἔξει</span> <span class='ocrx_word' id='word_1_152' title='bbox 1567 1397 1628 1451; x_wconf 82' lang='grc' dir='ltr'>τὸ</span> <span class='ocrx_word' id='word_1_153' title='bbox 1661 1399 1883 1470; x_wconf 80' lang='grc' dir='ltr'><strong>κράτος,</strong></span> 
     </span>
    </p>
   </div>
   <div class='ocr_carea' id='block_1_24' title="bbox 289 1485 1886 1563">
    <p class='ocr_par' dir='ltr' id='par_1_24' title="bbox 289 1485 1886 1563">
     <span class='ocr_line' id='line_1_24' title="bbox 289 1485 1886 1563; baseline 0.003 -22"><span class='ocrx_word' id='word_1_154' title='bbox 289 1487 442 1541; x_wconf 58' lang='grc' dir='ltr'>κατὰ</span> <span class='ocrx_word' id='word_1_155' title='bbox 476 1485 700 1558; x_wconf 77' lang='grc' dir='ltr'>Περσῶν</span> <span class='ocrx_word' id='word_1_156' title='bbox 722 1485 1097 1558; x_wconf 80' lang='grc' dir='ltr'>ἐκστρατεύει.</span> <span class='ocrx_word' id='word_1_157' title='bbox 1142 1488 1325 1559; x_wconf 82' lang='grc' dir='ltr'>Γέρων</span> <span class='ocrx_word' id='word_1_158' title='bbox 1364 1489 1420 1543; x_wconf 80' lang='grc' dir='ltr'>δέ</span> <span class='ocrx_word' id='word_1_159' title='bbox 1467 1507 1550 1554; x_wconf 84' lang='grc' dir='ltr'>τις</span> <span class='ocrx_word' id='word_1_160' title='bbox 1590 1490 1698 1544; x_wconf 84' lang='grc' dir='ltr'>τῶν</span> <span class='ocrx_word' id='word_1_161' title='bbox 1737 1493 1886 1563; x_wconf 79' lang='grc' dir='ltr'>παρὰ</span> 
     </span>
    </p>
   </div>
   <div class='ocr_carea' id='block_1_25' title="bbox 291 1579 1882 1655">
    <p class='ocr_par' dir='ltr' id='par_1_25' title="bbox 291 1579 1882 1655">
     <span class='ocr_line' id='line_1_25' title="bbox 291 1579 1882 1655; baseline 0.002 -20"><span class='ocrx_word' id='word_1_162' title='bbox 291 1579 540 1652; x_wconf 78' lang='grc' dir='ltr'><strong>Πέρσαις</strong></span> <span class='ocrx_word' id='word_1_163' title='bbox 583 1580 681 1652; x_wconf 86' lang='grc' dir='ltr'><strong>τῆς</strong></span> <span class='ocrx_word' id='word_1_164' title='bbox 723 1580 1017 1652; x_wconf 79' lang='grc' dir='ltr'><strong>στρατείας</strong></span> <span class='ocrx_word' id='word_1_165' title='bbox 1049 1581 1362 1653; x_wconf 80' lang='grc' dir='ltr'>ἀφειμένων</span> <span class='ocrx_word' id='word_1_166' title='bbox 1391 1581 1490 1655; x_wconf 72' lang='grc' dir='ltr'>ήδη</span> <span class='ocrx_word' id='word_1_167' title='bbox 1521 1583 1732 1655; x_wconf 80' lang='grc' dir='ltr'><strong>ἀπέστη</strong></span> <span class='ocrx_word' id='word_1_168' title='bbox 1771 1582 1882 1655; x_wconf 87' lang='grc'>(80)</span> 
     </span>
    </p>
   </div>
   <div class='ocr_carea' id='block_1_26' title="bbox 291 1672 1887 1748">
    <p class='ocr_par' dir='ltr' id='par_1_26' title="bbox 291 1672 1887 1748">
     <span class='ocr_line' id='line_1_26' title="bbox 291 1672 1887 1748; baseline 0.003 -22"><span class='ocrx_word' id='word_1_169' title='bbox 291 1673 624 1744; x_wconf 82' lang='grc' dir='ltr'>μετέρχεται</span> <span class='ocrx_word' id='word_1_170' title='bbox 662 1673 754 1727; x_wconf 80' lang='grc' dir='ltr'><strong>τὸν</strong></span> <span class='ocrx_word' id='word_1_171' title='bbox 787 1672 1122 1745; x_wconf 80' lang='grc' dir='ltr'><strong>Παρασάτην</strong></span> <span class='ocrx_word' id='word_1_172' title='bbox 1155 1675 1215 1728; x_wconf 87' lang='grc' dir='ltr'><strong>ἐν</strong></span> <span class='ocrx_word' id='word_1_173' title='bbox 1260 1675 1480 1746; x_wconf 84' lang='grc' dir='ltr'>Περσίδι</span> <span class='ocrx_word' id='word_1_174' title='bbox 1519 1675 1887 1748; x_wconf 77' lang='grc' dir='ltr'>στρατευόμε-</span> 
     </span>
    </p>
   </div>
   <div class='ocr_carea' id='block_1_27' title="bbox 291 1759 1891 1834">
    <p class='ocr_par' dir='ltr' id='par_1_27' title="bbox 291 1759 1891 1834">
     <span class='ocr_line' id='line_1_27' title="bbox 291 1759 1891 1834; baseline 0.004 -22"><span class='ocrx_word' id='word_1_175' title='bbox 291 1770 388 1812; x_wconf 83' lang='grc' dir='ltr'>νον</span> <span class='ocrx_word' id='word_1_176' title='bbox 411 1774 424 1787; x_wconf 88' lang='grc'><strong>·</strong></span> <span class='ocrx_word' id='word_1_177' title='bbox 444 1759 538 1812; x_wconf 69' lang='grc' dir='ltr'><strong>καὶ</strong></span> <span class='ocrx_word' id='word_1_178' title='bbox 558 1760 817 1833; x_wconf 72' lang='grc' dir='ltr'><strong>ἐρημίαις</strong></span> <span class='ocrx_word' id='word_1_179' title='bbox 838 1761 899 1814; x_wconf 85' lang='grc' dir='ltr'><strong>ἐν</strong></span> <span class='ocrx_word' id='word_1_180' title='bbox 917 1761 1102 1825; x_wconf 72' lang='grc' dir='ltr'>τόποις</span> <span class='ocrx_word' id='word_1_181' title='bbox 1117 1761 1212 1816; x_wconf 69' lang='grc' dir='ltr'><strong>καὶ</strong></span> <span class='ocrx_word' id='word_1_182' title='bbox 1231 1763 1537 1834; x_wconf 75' lang='grc' dir='ltr'><strong>ἀμηχάνοις</strong></span> <span class='ocrx_word' id='word_1_183' title='bbox 1564 1764 1891 1834; x_wconf 78' lang='grc' dir='ltr'><strong>συγκλείσας</strong></span> 
     </span>
    </p>
   </div>
   <div class='ocr_carea' id='block_1_28' title="bbox 290 1845 1893 1928">
    <p class='ocr_par' dir='ltr' id='par_1_28' title="bbox 290 1845 1893 1928">
     <span class='ocr_line' id='line_1_28' title="bbox 290 1845 1893 1928; baseline 0.004 -24"><span class='ocrx_word' id='word_1_184' title='bbox 290 1849 578 1922; x_wconf 73' lang='grc' dir='ltr'><strong>ἀπορίαις,</strong></span> <span class='ocrx_word' id='word_1_185' title='bbox 595 1853 656 1906; x_wconf 79' lang='grc' dir='ltr'><strong>ἐν</strong></span> <span class='ocrx_word' id='word_1_186' title='bbox 678 1847 760 1917; x_wconf 78' lang='grc' dir='ltr'><strong>οἷς</strong></span> <span class='ocrx_word' id='word_1_187' title='bbox 781 1845 849 1906; x_wconf 77' lang='grc' dir='ltr'><strong>τὸ</strong></span> <span class='ocrx_word' id='word_1_188' title='bbox 875 1853 1126 1908; x_wconf 79' lang='grc' dir='ltr'>πλεῖστον</span> <span class='ocrx_word' id='word_1_189' title='bbox 1149 1855 1243 1908; x_wconf 81' lang='grc' dir='ltr'><strong>τοῦ</strong></span> <span class='ocrx_word' id='word_1_190' title='bbox 1262 1855 1394 1909; x_wconf 81' lang='grc' dir='ltr'>λαοῦ</span> <span class='ocrx_word' id='word_1_191' title='bbox 1434 1855 1724 1928; x_wconf 77' lang='grc' dir='ltr'><strong>διεφθάρη,</strong></span> <span class='ocrx_word' id='word_1_192' title='bbox 1751 1857 1893 1911; x_wconf 77' lang='grc' dir='ltr'>ἐτοι-</span> 
     </span>
    </p>
   </div>
   <div class='ocr_carea' id='block_1_29' title="bbox 296 1943 1894 2022">
    <p class='ocr_par' dir='ltr' id='par_1_29' title="bbox 296 1943 1894 2022">
     <span class='ocr_line' id='line_1_29' title="bbox 296 1943 1894 2022; baseline 0.003 -23"><span class='ocrx_word' id='word_1_193' title='bbox 296 1951 401 2014; x_wconf 75' lang='grc' dir='ltr'>μον</span> <span class='ocrx_word' id='word_1_194' title='bbox 433 1943 658 2016; x_wconf 79' lang='grc' dir='ltr'>θήραμα</span> <span class='ocrx_word' id='word_1_195' title='bbox 685 1945 812 2010; x_wconf 75' lang='grc' dir='ltr'>τοὺς</span> <span class='ocrx_word' id='word_1_196' title='bbox 842 1946 1138 2018; x_wconf 71' lang='grc' dir='ltr'>πολεμίους</span> <span class='ocrx_word' id='word_1_197' title='bbox 1169 1949 1285 2011; x_wconf 72' lang='grc' dir='ltr'>τοῖς</span> <span class='ocrx_word' id='word_1_198' title='bbox 1323 1947 1613 2020; x_wconf 70' lang='grc' dir='ltr'><strong>ὁμοφύλοις</strong></span> <span class='ocrx_word' id='word_1_199' title='bbox 1653 1949 1894 2022; x_wconf 81' lang='grc' dir='ltr'>παρέχε-</span> 
     </span>
    </p>
   </div>
   <div class='ocr_carea' id='block_1_30' title="bbox 294 2036 1896 2110">
    <p class='ocr_par' dir='ltr' id='par_1_30' title="bbox 294 2036 1896 2110">
     <span class='ocr_line' id='line_1_30' title="bbox 294 2036 1896 2110; baseline 0.001 -21"><span class='ocrx_word' id='word_1_200' title='bbox 294 2045 414 2090; x_wconf 80' lang='grc' dir='ltr'>ται.</span> <span class='ocrx_word' id='word_1_201' title='bbox 441 2036 515 2090; x_wconf 76' lang='grc' dir='ltr'><strong>Τὸ</strong></span> <span class='ocrx_word' id='word_1_202' title='bbox 539 2037 596 2090; x_wconf 78' lang='grc' dir='ltr'><strong>δέ</strong></span> <span class='ocrx_word' id='word_1_203' title='bbox 614 2038 886 2110; x_wconf 82' lang='grc' dir='ltr'>Περσικὸν</span> <span class='ocrx_word' id='word_1_204' title='bbox 906 2037 1196 2092; x_wconf 77' lang='grc' dir='ltr'>ἐπελαύνει</span> <span class='ocrx_word' id='word_1_205' title='bbox 1225 2037 1336 2110; x_wconf 82' lang='grc'>(81)</span> <span class='ocrx_word' id='word_1_206' title='bbox 1368 2041 1488 2093; x_wconf 83' lang='grc' dir='ltr'>κατ’</span> <span class='ocrx_word' id='word_1_207' title='bbox 1509 2039 1688 2094; x_wconf 74' lang='grc' dir='ltr'>αὐτῶν</span> <span class='ocrx_word' id='word_1_208' title='bbox 1707 2081 1723 2107; x_wconf 91' lang='grc'><em>,</em></span> <span class='ocrx_word' id='word_1_209' title='bbox 1770 2057 1896 2094; x_wconf 87' lang='grc' dir='ltr'>συν-</span> 
     </span>
    </p>
   </div>
   <div class='ocr_carea' id='block_1_31' title="bbox 299 2129 1890 2205">
    <p class='ocr_par' dir='ltr' id='par_1_31' title="bbox 299 2129 1890 2205">
     <span class='ocr_line' id='line_1_31' title="bbox 299 2129 1890 2205; baseline 0.004 -24"><span class='ocrx_word' id='word_1_210' title='bbox 299 2129 645 2201; x_wconf 66' lang='grc' dir='ltr'>επαγόμενον</span> <span class='ocrx_word' id='word_1_211' title='bbox 665 2132 760 2184; x_wconf 76' lang='grc' dir='ltr'><strong>καὶ</strong></span> <span class='ocrx_word' id='word_1_212' title='bbox 785 2132 914 2196; x_wconf 78' lang='grc' dir='ltr'>τοὺς</span> <span class='ocrx_word' id='word_1_213' title='bbox 936 2131 1303 2195; x_wconf 78' lang='grc' dir='ltr'><strong>ὑποσπόνδους</strong></span> <span class='ocrx_word' id='word_1_214' title='bbox 1328 2133 1687 2204; x_wconf 78' lang='grc' dir='ltr'>κοντοφόρους</span> <span class='ocrx_word' id='word_1_215' title='bbox 1712 2133 1890 2205; x_wconf 75' lang='grc' dir='ltr'>Σαρα-</span> 
     </span>
    </p>
   </div>
   <div class='ocr_carea' id='block_1_32' title="bbox 296 2215 1891 2296">
    <p class='ocr_par' dir='ltr' id='par_1_32' title="bbox 296 2215 1891 2296">
     <span class='ocr_line' id='line_1_32' title="bbox 296 2215 1891 2296; baseline 0.003 -22"><span class='ocrx_word' id='word_1_216' title='bbox 296 2220 502 2292; x_wconf 65' lang='grc' dir='ltr'>διηνούς</span> <span class='ocrx_word' id='word_1_217' title='bbox 521 2237 535 2250; x_wconf 78' lang='grc'><strong><em>⁸</em></strong></span> <span class='ocrx_word' id='word_1_218' title='bbox 568 2215 643 2276; x_wconf 79' lang='grc' dir='ltr'>ὧν</span> <span class='ocrx_word' id='word_1_219' title='bbox 673 2217 876 2294; x_wconf 26' lang='grc' dir='ltr'>εἷς-ἐπὶ</span> <span class='ocrx_word' id='word_1_220' title='bbox 901 2222 994 2278; x_wconf 64' lang='grc' dir='ltr'>τὸν</span> <span class='ocrx_word' id='word_1_221' title='bbox 1031 2224 1319 2278; x_wconf 81' lang='grc' dir='ltr'>Ἰουλιανὸν</span> <span class='ocrx_word' id='word_1_222' title='bbox 1347 2225 1409 2278; x_wconf 83' lang='grc' dir='ltr'><strong>τὸ</strong></span> <span class='ocrx_word' id='word_1_223' title='bbox 1438 2223 1567 2296; x_wconf 90' lang='grc' dir='ltr'>δόρυ</span> <span class='ocrx_word' id='word_1_224' title='bbox 1607 2225 1856 2290; x_wconf 81' lang='grc' dir='ltr'>ἐκτείνας</span> <span class='ocrx_word' id='word_1_225' title='bbox 1876 2265 1891 2290; x_wconf 86' lang='grc'><em>,</em></span> 
     </span>
    </p>
   </div>
   <div class='ocr_carea' id='block_1_33' title="bbox 295 2309 1891 2390">
    <p class='ocr_par' dir='ltr' id='par_1_33' title="bbox 295 2309 1891 2390">
     <span class='ocr_line' id='line_1_33' title="bbox 295 2309 1891 2390; baseline 0.004 -25"><span class='ocrx_word' id='word_1_226' title='bbox 295 2313 531 2384; x_wconf 73' lang='grc' dir='ltr'>πλήττει</span> <span class='ocrx_word' id='word_1_227' title='bbox 578 2311 676 2386; x_wconf 79' lang='grc' dir='ltr'>μὲν</span> <span class='ocrx_word' id='word_1_228' title='bbox 720 2316 884 2372; x_wconf 75' lang='grc' dir='ltr'>αὑτὸν</span> <span class='ocrx_word' id='word_1_229' title='bbox 926 2317 984 2369; x_wconf 90' lang='grc' dir='ltr'><strong>ἐν</strong></span> <span class='ocrx_word' id='word_1_230' title='bbox 1034 2309 1180 2386; x_wconf 80' lang='grc' dir='ltr'>ἰσχύϊ</span> <span class='ocrx_word' id='word_1_231' title='bbox 1227 2317 1373 2371; x_wconf 78' lang='grc' dir='ltr'>κατὰ</span> <span class='ocrx_word' id='word_1_232' title='bbox 1419 2316 1482 2370; x_wconf 79' lang='grc' dir='ltr'>τὸ</span> <span class='ocrx_word' id='word_1_233' title='bbox 1524 2319 1891 2390; x_wconf 82' lang='grc' dir='ltr'>περιτόναιον.</span> 
     </span>
    </p>
   </div>
   <div class='ocr_carea' id='block_1_34' title="bbox 297 2404 1900 2481">
    <p class='ocr_par' dir='ltr' id='par_1_34' title="bbox 297 2404 1900 2481">
     <span class='ocr_line' id='line_1_34' title="bbox 297 2404 1900 2481; baseline 0.005 -23"><span class='ocrx_word' id='word_1_234' title='bbox 297 2404 454 2475; x_wconf 83' lang='grc' dir='ltr'><strong>’Δμα</strong></span> <span class='ocrx_word' id='word_1_235' title='bbox 483 2405 543 2459; x_wconf 78' lang='grc' dir='ltr'>δὲ</span> <span class='ocrx_word' id='word_1_236' title='bbox 575 2409 642 2478; x_wconf 72' lang='grc' dir='ltr'><strong>τῇ</strong></span> <span class='ocrx_word' id='word_1_237' title='bbox 677 2407 854 2480; x_wconf 73' lang='grc' dir='ltr'>αἰχμῇ</span> <span class='ocrx_word' id='word_1_238' title='bbox 904 2406 1232 2481; x_wconf 80' lang='grc' dir='ltr'>ἐξελκομένῃ</span> <span class='ocrx_word' id='word_1_239' title='bbox 1256 2450 1270 2475; x_wconf 86' lang='grc'><strong>,</strong></span> <span class='ocrx_word' id='word_1_240' title='bbox 1313 2404 1408 2463; x_wconf 73' lang='grc' dir='ltr'><strong>καὶ</strong></span> <span class='ocrx_word' id='word_1_241' title='bbox 1449 2411 1656 2481; x_wconf 80' lang='grc' dir='ltr'>κόπρος</span> <span class='ocrx_word' id='word_1_242' title='bbox 1681 2428 1764 2475; x_wconf 91' lang='grc' dir='ltr'>τις</span> <span class='ocrx_word' id='word_1_243' title='bbox 1795 2406 1900 2466; x_wconf 73' lang='grc' dir='ltr'>ἐπ-</span> 
     </span>
    </p>
   </div>
   <div class='ocr_carea' id='block_1_35' title="bbox 293 2494 1895 2575">
    <p class='ocr_par' dir='ltr' id='par_1_35' title="bbox 293 2494 1895 2575">
     <span class='ocr_line' id='line_1_35' title="bbox 293 2494 1895 2575; baseline 0.006 -27"><span class='ocrx_word' id='word_1_244' title='bbox 293 2494 638 2567; x_wconf 65' lang='grc' dir='ltr'>ηκολούθησε</span> <span class='ocrx_word' id='word_1_245' title='bbox 672 2499 1130 2570; x_wconf 80' lang='grc' dir='ltr'>συνεπισπωμένη</span> <span class='ocrx_word' id='word_1_246' title='bbox 1156 2500 1236 2572; x_wconf 81' lang='grc' dir='ltr'>τῷ</span> <span class='ocrx_word' id='word_1_247' title='bbox 1265 2501 1483 2573; x_wconf 78' lang='grc' dir='ltr'>αἵματι.</span> <span class='ocrx_word' id='word_1_248' title='bbox 1514 2497 1648 2557; x_wconf 75' lang='grc' dir='ltr'><strong>Εἶτα</strong></span> <span class='ocrx_word' id='word_1_249' title='bbox 1668 2503 1759 2557; x_wconf 82' lang='grc' dir='ltr'><strong>τὸν</strong></span> <span class='ocrx_word' id='word_1_250' title='bbox 1796 2506 1895 2575; x_wconf 78' lang='grc' dir='ltr'>μὲν</span> 
     </span>
    </p>
   </div>
   <div class='ocr_carea' id='block_1_36' title="bbox 295 2577 1933 2677">
    <p class='ocr_par' dir='ltr' id='par_1_36' title="bbox 295 2577 1933 2677">
     <span class='ocr_line' id='line_1_36' title="bbox 295 2577 1933 2677; baseline 0.005 -37"><span class='ocrx_word' id='word_1_251' title='bbox 295 2582 536 2656; x_wconf 74' lang='grc' dir='ltr'>βαλόντα</span> <span class='ocrx_word' id='word_1_252' title='bbox 565 2588 883 2677; x_wconf 70' lang='grc' dir='ltr'>Σαρακηνδν</span> <span class='ocrx_word' id='word_1_253' title='bbox 910 2577 993 2654; x_wconf 71' lang='grc' dir='ltr'><strong>εἷς</strong></span> <span class='ocrx_word' id='word_1_254' title='bbox 1013 2589 1123 2644; x_wconf 84' lang='grc' dir='ltr'>τῶν</span> <span class='ocrx_word' id='word_1_255' title='bbox 1157 2591 1474 2664; x_wconf 80' lang='grc' dir='ltr'>δυρυφόρων</span> <span class='ocrx_word' id='word_1_256' title='bbox 1501 2593 1764 2659; x_wconf 81' lang='grc' dir='ltr'>ἐπελθὼν,</span> <span class='ocrx_word' id='word_1_257' title='bbox 1795 2594 1897 2666; x_wconf 81' lang='grc' dir='ltr'><strong>τῆς</strong></span> <span class='ocrx_word' id='word_1_258' title='bbox 1929 2636 1933 2640; x_wconf 86' lang='grc'><strong>-</strong></span> 
     </span>
    </p>
   </div>
   <div class='ocr_carea' id='block_1_37' title="bbox 293 2680 1894 2764">
    <p class='ocr_par' dir='ltr' id='par_1_37' title="bbox 293 2680 1894 2764">
     <span class='ocr_line' id='line_1_37' title="bbox 293 2680 1894 2764; baseline 0.005 -30"><span class='ocrx_word' id='word_1_259' title='bbox 293 2680 549 2764; x_wconf 60' lang='grc' dir='ltr'>κεφαλῆς</span> <span class='ocrx_word' id='word_1_260' title='bbox 599 2682 921 2755; x_wconf 77' lang='grc' dir='ltr'>ἀποτέμνει.</span> <span class='ocrx_word' id='word_1_261' title='bbox 955 2683 1248 2754; x_wconf 83' lang='grc' dir='ltr'>Τρωθέντα</span> <span class='ocrx_word' id='word_1_262' title='bbox 1278 2685 1335 2739; x_wconf 80' lang='grc' dir='ltr'><strong>δέ</strong></span> <span class='ocrx_word' id='word_1_263' title='bbox 1377 2683 1600 2758; x_wconf 79' lang='grc' dir='ltr'>καιρίαν</span> <span class='ocrx_word' id='word_1_264' title='bbox 1627 2685 1719 2742; x_wconf 78' lang='grc' dir='ltr'><strong>τὸν</strong></span> <span class='ocrx_word' id='word_1_265' title='bbox 1760 2689 1894 2742; x_wconf 88' lang='grc' dir='ltr'>Ἰου-</span> 
     </span>
    </p>
   </div>
   <div class='ocr_carea' id='block_1_38' title="bbox 294 2769 1894 2847">
    <p class='ocr_par' dir='ltr' id='par_1_38' title="bbox 294 2769 1894 2847">
     <span class='ocr_line' id='line_1_38' title="bbox 294 2769 1894 2847; baseline 0.004 -22"><span class='ocrx_word' id='word_1_266' title='bbox 294 2769 574 2840; x_wconf 79' lang='grc' dir='ltr'>λιανὺν,οί</span> <span class='ocrx_word' id='word_1_267' title='bbox 604 2773 796 2826; x_wconf 79' lang='grc' dir='ltr'>οίκεῐοι</span> <span class='ocrx_word' id='word_1_268' title='bbox 823 2772 913 2827; x_wconf 81' lang='grc' dir='ltr'>διὰ</span> <span class='ocrx_word' id='word_1_269' title='bbox 933 2774 1134 2845; x_wconf 79' lang='grc' dir='ltr'>τάχους</span> <span class='ocrx_word' id='word_1_270' title='bbox 1150 2774 1514 2840; x_wconf 74' lang='grc' dir='ltr'><strong>ἀναλαϐόντες</strong></span> <span class='ocrx_word' id='word_1_271' title='bbox 1537 2777 1624 2830; x_wconf 86' lang='grc' dir='ltr'>ἐπ’</span> <span class='ocrx_word' id='word_1_272' title='bbox 1645 2777 1894 2847; x_wconf 79' lang='grc' dir='ltr'>ἀσπίδος,</span> 
     </span>
    </p>
   </div>
   <div class='ocr_carea' id='block_1_39' title="bbox 293 2863 1897 2938">
    <p class='ocr_par' dir='ltr' id='par_1_39' title="bbox 293 2863 1897 2938">
     <span class='ocr_line' id='line_1_39' title="bbox 293 2863 1897 2938; baseline 0.005 -20"><span class='ocrx_word' id='word_1_273' title='bbox 293 2865 380 2928; x_wconf 88' lang='grc' dir='ltr'>είς</span> <span class='ocrx_word' id='word_1_274' title='bbox 410 2863 513 2936; x_wconf 83' lang='grc' dir='ltr'>τὴν</span> <span class='ocrx_word' id='word_1_275' title='bbox 547 2864 756 2937; x_wconf 74' lang='grc' dir='ltr'>σκηνὴν</span> <span class='ocrx_word' id='word_1_276' title='bbox 796 2864 1126 2938; x_wconf 80' lang='grc' dir='ltr'><strong>ἀνεχώρουν.</strong></span> <span class='ocrx_word' id='word_1_277' title='bbox 1163 2867 1273 2920; x_wconf 76' lang='grc' dir='ltr'><strong>Καὶ</strong></span> <span class='ocrx_word' id='word_1_278' title='bbox 1315 2869 1428 2932; x_wconf 86' lang='grc' dir='ltr'>τοτς</span> <span class='ocrx_word' id='word_1_279' title='bbox 1461 2867 1676 2934; x_wconf 79' lang='grc' dir='ltr'>πολλοῖς</span> <span class='ocrx_word' id='word_1_280' title='bbox 1711 2870 1798 2925; x_wconf 80' lang='grc' dir='ltr'>διὰ</span> <span class='ocrx_word' id='word_1_281' title='bbox 1836 2869 1897 2925; x_wconf 80' lang='grc' dir='ltr'>τὸ</span> 
     </span>
    </p>
   </div>
   <div class='ocr_carea' id='block_1_40' title="bbox 289 2957 1895 3035">
    <p class='ocr_par' dir='ltr' id='par_1_40' title="bbox 289 2957 1895 3035">
     <span class='ocr_line' id='line_1_40' title="bbox 289 2957 1895 3035; baseline 0.003 -23"><span class='ocrx_word' id='word_1_282' title='bbox 289 2957 504 3030; x_wconf 71' lang='grc' dir='ltr'>ἀθρόον</span> <span class='ocrx_word' id='word_1_283' title='bbox 525 2958 620 3012; x_wconf 71' lang='grc' dir='ltr'><strong>καὶ</strong></span> <span class='ocrx_word' id='word_1_284' title='bbox 646 2958 715 3012; x_wconf 79' lang='grc' dir='ltr'>δι’</span> <span class='ocrx_word' id='word_1_285' title='bbox 733 2957 914 3027; x_wconf 80' lang='grc' dir='ltr'>ὀλίγου</span> <span class='ocrx_word' id='word_1_286' title='bbox 944 2959 1220 3032; x_wconf 79' lang='grc' dir='ltr'>συμϐῆναι</span> <span class='ocrx_word' id='word_1_287' title='bbox 1255 2960 1353 3032; x_wconf 81' lang='grc' dir='ltr'><strong>τὴν</strong></span> <span class='ocrx_word' id='word_1_288' title='bbox 1387 2961 1624 3034; x_wconf 76' lang='grc' dir='ltr'>πληγὴν,</span> <span class='ocrx_word' id='word_1_289' title='bbox 1650 2962 1745 3018; x_wconf 76' lang='grc' dir='ltr'><strong>καὶ</strong></span> <span class='ocrx_word' id='word_1_290' title='bbox 1773 2964 1895 3035; x_wconf 85' lang='grc' dir='ltr'>μηδ’</span> 
     </span>
    </p>
   </div>
   <div class='ocr_carea' id='block_1_41' title="bbox 289 3043 1965 3133">
    <p class='ocr_par' dir='ltr' id='par_1_41' title="bbox 289 3043 1965 3133">
     <span class='ocr_line' id='line_1_41' title="bbox 289 3043 1965 3133; baseline 0.002 -29"><span class='ocrx_word' id='word_1_291' title='bbox 289 3045 426 3104; x_wconf 66' lang='grc' dir='ltr'>ὅθεν</span> <span class='ocrx_word' id='word_1_292' title='bbox 460 3049 592 3104; x_wconf 77' lang='grc' dir='ltr'>ίδεῖν</span> <span class='ocrx_word' id='word_1_293' title='bbox 633 3043 862 3122; x_wconf 72' lang='grc' dir='ltr'>ἠνέχθη,</span> <span class='ocrx_word' id='word_1_294' title='bbox 907 3051 1060 3123; x_wconf 68' lang='grc' dir='ltr'>παρὰ</span> <span class='ocrx_word' id='word_1_295' title='bbox 1094 3052 1206 3108; x_wconf 78' lang='grc' dir='ltr'>τῶν</span> <span class='ocrx_word' id='word_1_296' title='bbox 1257 3053 1476 3106; x_wconf 69' lang='grc' dir='ltr'>οἰκείων</span> <span class='ocrx_word' id='word_1_297' title='bbox 1515 3054 1776 3126; x_wconf 74' lang='grc' dir='ltr'>ἐνομίσθη</span> <span class='ocrx_word' id='word_1_298' title='bbox 1829 3054 1892 3108; x_wconf 83' lang='grc' dir='ltr'>τὸ</span> <span class='ocrx_word' id='word_1_299' title='bbox 1922 3071 1965 3133; x_wconf 81' lang='lat' dir='ltr'>c</span> 
     </span>
    </p>
   </div>
   <div class='ocr_carea' id='block_1_42' title="bbox 291 3138 1893 3210">
    <p class='ocr_par' dir='ltr' id='par_1_42' title="bbox 291 3138 1893 3210">
     <span class='ocr_line' id='line_1_42' title="bbox 291 3138 1893 3210; baseline 0.002 -18"><span class='ocrx_word' id='word_1_300' title='bbox 291 3138 476 3202; x_wconf 74' lang='grc' dir='ltr'>πάθος</span> <span class='ocrx_word' id='word_1_301' title='bbox 502 3139 806 3210; x_wconf 78' lang='grc' dir='ltr'>προελθεῖν.</span> <span class='ocrx_word' id='word_1_302' title='bbox 851 3141 988 3194; x_wconf 82' lang='grc' dir='ltr'><strong>Ἀλλ’</strong></span> <span class='ocrx_word' id='word_1_303' title='bbox 1019 3143 1048 3196; x_wconf 87' lang='grc' dir='ltr'><strong>ὃ</strong></span> <span class='ocrx_word' id='word_1_304' title='bbox 1078 3159 1142 3210; x_wconf 88' lang='grc' dir='ltr'>γε</span> <span class='ocrx_word' id='word_1_305' title='bbox 1169 3140 1401 3207; x_wconf 79' lang='grc' dir='ltr'>δείλαιος</span> <span class='ocrx_word' id='word_1_306' title='bbox 1447 3143 1765 3210; x_wconf 84' lang='grc' dir='ltr'><strong>Ἰουλιανὸς,</strong></span> <span class='ocrx_word' id='word_1_307' title='bbox 1797 3143 1893 3196; x_wconf 81' lang='grc' dir='ltr'>τοῦ</span> 
     </span>
    </p>
   </div>
   <div class='ocr_carea' id='block_1_43' title="bbox 290 3226 1894 3306">
    <p class='ocr_par' dir='ltr' id='par_1_43' title="bbox 290 3226 1894 3306">
     <span class='ocr_line' id='line_1_43' title="bbox 290 3226 1894 3306; baseline 0.001 -21"><span class='ocrx_word' id='word_1_308' title='bbox 290 3231 624 3306; x_wconf 79' lang='grc' dir='ltr'>τραύματος</span> <span class='ocrx_word' id='word_1_309' title='bbox 649 3231 772 3296; x_wconf 74' lang='grc' dir='ltr'>ταῖς</span> <span class='ocrx_word' id='word_1_310' title='bbox 802 3233 994 3303; x_wconf 88' lang='grc' dir='ltr'>χερσίν</span> <span class='ocrx_word' id='word_1_311' title='bbox 1030 3233 1426 3304; x_wconf 79' lang='grc' dir='ltr'>ὑποδεχόμενος</span> <span class='ocrx_word' id='word_1_312' title='bbox 1469 3226 1532 3288; x_wconf 80' lang='grc' dir='ltr'>τδ</span> <span class='ocrx_word' id='word_1_313' title='bbox 1563 3229 1724 3305; x_wconf 75' lang='grc' dir='ltr'>αἷμα,</span> <span class='ocrx_word' id='word_1_314' title='bbox 1757 3233 1894 3306; x_wconf 80' lang='grc' dir='ltr'>πρὸς</span> 
     </span>
    </p>
   </div>
   <div class='ocr_carea' id='block_1_44' title="bbox 289 3319 1891 3396">
    <p class='ocr_par' dir='ltr' id='par_1_44' title="bbox 289 3319 1891 3396">
     <span class='ocr_line' id='line_1_44' title="bbox 289 3319 1891 3396; baseline 0.002 -22"><span class='ocrx_word' id='word_1_315' title='bbox 289 3321 395 3374; x_wconf 80' lang='grc' dir='ltr'><strong>τὸν</strong></span> <span class='ocrx_word' id='word_1_316' title='bbox 435 3319 589 3392; x_wconf 74' lang='grc' dir='ltr'>ἥλιον</span> <span class='ocrx_word' id='word_1_317' title='bbox 617 3321 940 3393; x_wconf 74' lang='grc' dir='ltr'>ἁπέρῤαινε,</span> <span class='ocrx_word' id='word_1_318' title='bbox 975 3319 1277 3396; x_wconf 70' lang='grc' dir='ltr'>διαρρήδην</span> <span class='ocrx_word' id='word_1_319' title='bbox 1310 3319 1447 3396; x_wconf 85' lang='grc' dir='ltr'>πρὸς</span> <span class='ocrx_word' id='word_1_320' title='bbox 1488 3321 1650 3378; x_wconf 72' lang='grc' dir='ltr'>αὐτὸν</span> <span class='ocrx_word' id='word_1_321' title='bbox 1679 3325 1854 3394; x_wconf 75' lang='grc' dir='ltr'>λέγων</span> <span class='ocrx_word' id='word_1_322' title='bbox 1877 3341 1891 3356; x_wconf 88' lang='grc'><strong>·</strong></span> 
     </span>
    </p>
   </div>
   <div class='ocr_carea' id='block_1_45' title="bbox 289 3413 1894 3486">
    <p class='ocr_par' dir='ltr' id='par_1_45' title="bbox 289 3413 1894 3486">
     <span class='ocr_line' id='line_1_45' title="bbox 289 3413 1894 3486; baseline 0.002 -18"><span class='ocrx_word' id='word_1_323' title='bbox 289 3413 657 3482; x_wconf 77' lang='grc' dir='ltr'>Κορέσθητι.</span> <span class='ocrx_word' id='word_1_324' title='bbox 689 3414 794 3469; x_wconf 77' lang='grc' dir='ltr'><strong>Ναὶ</strong></span> <span class='ocrx_word' id='word_1_325' title='bbox 823 3415 886 3486; x_wconf 80' lang='grc' dir='ltr'>δή</span> <span class='ocrx_word' id='word_1_326' title='bbox 916 3417 1162 3480; x_wconf 71' lang='grc' dir='ltr'>καὶτοὺς</span> <span class='ocrx_word' id='word_1_327' title='bbox 1197 3416 1388 3481; x_wconf 78' lang='grc' dir='ltr'>ἄλλους</span> <span class='ocrx_word' id='word_1_328' title='bbox 1425 3417 1579 3482; x_wconf 81' lang='grc' dir='ltr'>θεοὺς</span> <span class='ocrx_word' id='word_1_329' title='bbox 1608 3418 1814 3483; x_wconf 83' lang='grc' dir='ltr'>κακούς</span> <span class='ocrx_word' id='word_1_330' title='bbox 1836 3437 1894 3472; x_wconf 88' lang='grc' dir='ltr'>τε</span> 
     </span>
    </p>
   </div>
   <div class='ocr_carea' id='block_1_46' title="bbox 290 3505 1896 3581">
    <p class='ocr_par' dir='ltr' id='par_1_46' title="bbox 290 3505 1896 3581">
     <span class='ocr_line' id='line_1_46' title="bbox 290 3505 1896 3581; baseline 0.004 -23"><span class='ocrx_word' id='word_1_331' title='bbox 290 3506 398 3558; x_wconf 63' lang='grc' dir='ltr'><strong>καὶ</strong></span> <span class='ocrx_word' id='word_1_332' title='bbox 444 3505 712 3576; x_wconf 74' lang='grc' dir='ltr'><strong>ὀλετῆρας</strong></span> <span class='ocrx_word' id='word_1_333' title='bbox 758 3506 962 3561; x_wconf 71' lang='grc' dir='ltr'>ἐκάλει.</span> <span class='ocrx_word' id='word_1_334' title='bbox 1017 3506 1242 3578; x_wconf 77' lang='grc' dir='ltr'><strong>’ἰατρῶν</strong></span> <span class='ocrx_word' id='word_1_335' title='bbox 1289 3507 1474 3578; x_wconf 77' lang='grc' dir='ltr'>μέντοι</span> <span class='ocrx_word' id='word_1_336' title='bbox 1525 3525 1586 3578; x_wconf 73' lang='grc' dir='ltr'>γε</span> <span class='ocrx_word' id='word_1_337' title='bbox 1621 3509 1896 3581; x_wconf 76' lang='grc' dir='ltr'>ἄριστοςδ</span> 
     </span>
    </p>
   </div>
   <div class='ocr_carea' id='block_1_47' title="bbox 290 3595 1895 3672">
    <p class='ocr_par' dir='ltr' id='par_1_47' title="bbox 290 3595 1895 3672">
     <span class='ocr_line' id='line_1_47' title="bbox 290 3595 1895 3672; baseline 0.002 -21"><span class='ocrx_word' id='word_1_338' title='bbox 290 3595 478 3659; x_wconf 73' lang='grc' dir='ltr'>Λυδὸς</span> <span class='ocrx_word' id='word_1_339' title='bbox 541 3595 854 3668; x_wconf 73' lang='grc' dir='ltr'>’θριδάσιος</span> <span class='ocrx_word' id='word_1_340' title='bbox 891 3596 1041 3667; x_wconf 75' lang='grc' dir='ltr'>αὐτῷ</span> <span class='ocrx_word' id='word_1_341' title='bbox 1084 3598 1250 3670; x_wconf 82' lang='grc' dir='ltr'>συνῆν</span> <span class='ocrx_word' id='word_1_342' title='bbox 1279 3600 1307 3652; x_wconf 84' lang='grc' dir='ltr'><strong>ὁ</strong></span> <span class='ocrx_word' id='word_1_343' title='bbox 1353 3599 1419 3651; x_wconf 76' lang='grc' dir='ltr'><strong>ἐκ</strong></span> <span class='ocrx_word' id='word_1_344' title='bbox 1455 3599 1706 3672; x_wconf 85' lang='grc' dir='ltr'>Σάρδεων</span> <span class='ocrx_word' id='word_1_345' title='bbox 1728 3618 1741 3631; x_wconf 76' lang='grc' dir='ltr'><strong><em>ο</em></strong></span> <span class='ocrx_word' id='word_1_346' title='bbox 1779 3599 1895 3654; x_wconf 81' lang='grc' dir='ltr'><strong>ἀλλ’</strong></span> 
     </span>
    </p>
   </div>
   <div class='ocr_carea' id='block_1_48' title="bbox 291 3685 1896 3764">
    <p class='ocr_par' dir='ltr' id='par_1_48' title="bbox 291 3685 1896 3764">
     <span class='ocr_line' id='line_1_48' title="bbox 291 3685 1896 3764; baseline 0.004 -25"><span class='ocrx_word' id='word_1_347' title='bbox 291 3689 327 3760; x_wconf 70' lang='grc' dir='ltr'><strong>ὴ</strong></span> <span class='ocrx_word' id='word_1_348' title='bbox 383 3686 572 3759; x_wconf 78' lang='grc' dir='ltr'>πληγὴ</span> <span class='ocrx_word' id='word_1_349' title='bbox 605 3690 788 3743; x_wconf 77' lang='grc' dir='ltr'>πᾶσαν</span> <span class='ocrx_word' id='word_1_350' title='bbox 824 3685 1161 3760; x_wconf 80' lang='grc' dir='ltr'>χλευάζουσα</span> <span class='ocrx_word' id='word_1_351' title='bbox 1213 3688 1542 3761; x_wconf 74' lang='grc' dir='ltr'>θεραπείαν,</span> <span class='ocrx_word' id='word_1_352' title='bbox 1592 3689 1678 3745; x_wconf 82' lang='grc' dir='ltr'>διὰ</span> <span class='ocrx_word' id='word_1_353' title='bbox 1726 3691 1896 3764; x_wconf 84' lang='grc' dir='ltr'>τριῶν</span> 
     </span>
    </p>
   </div>
   <div class='ocr_carea' id='block_1_49' title="bbox 291 3778 1896 3854">
    <p class='ocr_par' dir='ltr' id='par_1_49' title="bbox 291 3778 1896 3854">
     <span class='ocr_line' id='line_1_49' title="bbox 291 3778 1896 3854; baseline 0.002 -21"><span class='ocrx_word' id='word_1_354' title='bbox 291 3778 533 3852; x_wconf 75' lang='grc' dir='ltr'>ἡμερῶν</span> <span class='ocrx_word' id='word_1_355' title='bbox 555 3779 649 3834; x_wconf 76' lang='grc' dir='ltr'>τὸν</span> <span class='ocrx_word' id='word_1_356' title='bbox 693 3780 975 3836; x_wconf 78' lang='grc' dir='ltr'>Ἰουλιανὺν</span> <span class='ocrx_word' id='word_1_357' title='bbox 1021 3781 1355 3836; x_wconf 76' lang='grc' dir='ltr'>ἀπαλλάττει</span> <span class='ocrx_word' id='word_1_358' title='bbox 1399 3780 1494 3835; x_wconf 81' lang='grc' dir='ltr'>τοῦ</span> <span class='ocrx_word' id='word_1_359' title='bbox 1536 3781 1674 3853; x_wconf 87' lang='grc' dir='ltr'>βίου,</span> <span class='ocrx_word' id='word_1_360' title='bbox 1707 3783 1766 3836; x_wconf 90' lang='grc' dir='ltr'><strong>ἐν</strong></span> <span class='ocrx_word' id='word_1_361' title='bbox 1797 3783 1896 3854; x_wconf 74' lang='grc' dir='ltr'><strong>μὲν</strong></span> 
     </span>
    </p>
   </div>
   <div class='ocr_carea' id='block_1_50' title="bbox 289 3870 1897 3944">
    <p class='ocr_par' dir='ltr' id='par_1_50' title="bbox 289 3870 1897 3944">
     <span class='ocr_line' id='line_1_50' title="bbox 289 3870 1897 3944; baseline 0 -20"><span class='ocrx_word' id='word_1_362' title='bbox 289 3871 378 3941; x_wconf 78' lang='grc' dir='ltr'><strong>τῷ</strong></span> <span class='ocrx_word' id='word_1_363' title='bbox 400 3870 498 3924; x_wconf 76' lang='grc' dir='ltr'><strong>τοῦ</strong></span> <span class='ocrx_word' id='word_1_364' title='bbox 530 3871 806 3942; x_wconf 79' lang='grc' dir='ltr'>Καίσαρος</span> <span class='ocrx_word' id='word_1_365' title='bbox 836 3871 1076 3943; x_wconf 82' lang='grc' dir='ltr'>σχήματι</span> <span class='ocrx_word' id='word_1_366' title='bbox 1103 3873 1263 3926; x_wconf 74' lang='grc' dir='ltr'>πέντε</span> <span class='ocrx_word' id='word_1_367' title='bbox 1289 3874 1593 3936; x_wconf 78' lang='grc' dir='ltr'>ἐνιαυτοὺς,</span> <span class='ocrx_word' id='word_1_368' title='bbox 1630 3875 1688 3926; x_wconf 88' lang='grc' dir='ltr'><strong>ἐν</strong></span> <span class='ocrx_word' id='word_1_369' title='bbox 1721 3873 1778 3926; x_wconf 84' lang='grc' dir='ltr'>δὲ</span> <span class='ocrx_word' id='word_1_370' title='bbox 1816 3872 1897 3944; x_wconf 82' lang='grc' dir='ltr'>τῷ</span> 
     </span>
    </p>
   </div>
   <div class='ocr_carea' id='block_1_51' title="bbox 290 3961 1896 4036">
    <p class='ocr_par' dir='ltr' id='par_1_51' title="bbox 290 3961 1896 4036">
     <span class='ocr_line' id='line_1_51' title="bbox 290 3961 1896 4036; baseline 0 -18"><span class='ocrx_word' id='word_1_371' title='bbox 290 3965 598 4036; x_wconf 76' lang='grc' dir='ltr'>διαδήματι</span> <span class='ocrx_word' id='word_1_372' title='bbox 636 3963 778 4034; x_wconf 78' lang='grc' dir='ltr'>μετὰ</span> <span class='ocrx_word' id='word_1_373' title='bbox 814 3961 904 4018; x_wconf 76' lang='grc' dir='ltr'>τὸν</span> <span class='ocrx_word' id='word_1_374' title='bbox 957 3965 1336 4019; x_wconf 83' lang='grc' dir='ltr'>Κωνσταντίου</span> <span class='ocrx_word' id='word_1_375' title='bbox 1385 3965 1635 4029; x_wconf 79' lang='grc' dir='ltr'>θάνατον,</span> <span class='ocrx_word' id='word_1_376' title='bbox 1669 3963 1764 4018; x_wconf 85' lang='grc' dir='ltr'>δύο</span> <span class='ocrx_word' id='word_1_377' title='bbox 1801 3964 1896 4019; x_wconf 79' lang='grc' dir='ltr'>καὶ</span> 
     </span>
    </p>
   </div>
   <div class='ocr_carea' id='block_1_52' title="bbox 291 4049 1896 4128">
    <p class='ocr_par' dir='ltr' id='par_1_52' title="bbox 291 4049 1896 4128">
     <span class='ocr_line' id='line_1_52' title="bbox 291 4049 1896 4128; baseline 0.004 -24"><span class='ocrx_word' id='word_1_378' title='bbox 291 4052 478 4123; x_wconf 63' lang='grc' dir='ltr'>ἣμισυ</span> <span class='ocrx_word' id='word_1_379' title='bbox 507 4051 833 4107; x_wconf 80' lang='grc' dir='ltr'>διανύσαντα</span> <span class='ocrx_word' id='word_1_380' title='bbox 875 4054 990 4128; x_wconf 80' lang='grc' dir='ltr'>ἔτη.</span> <span class='ocrx_word' id='word_1_381' title='bbox 1022 4054 1132 4109; x_wconf 79' lang='grc' dir='ltr'><strong>Καὶ</strong></span> <span class='ocrx_word' id='word_1_382' title='bbox 1170 4049 1323 4120; x_wconf 78' lang='grc' dir='ltr'>οὗτος</span> <span class='ocrx_word' id='word_1_383' title='bbox 1357 4056 1457 4127; x_wconf 82' lang='grc' dir='ltr'>μὲν</span> <span class='ocrx_word' id='word_1_384' title='bbox 1500 4057 1580 4122; x_wconf 82' lang='grc' dir='ltr'><strong>είς</strong></span> <span class='ocrx_word' id='word_1_385' title='bbox 1627 4054 1718 4110; x_wconf 81' lang='grc' dir='ltr'>τὸν</span> <span class='ocrx_word' id='word_1_386' title='bbox 1743 4055 1896 4127; x_wconf 78' lang='grc' dir='ltr'>ἥλιον</span> 
     </span>
    </p>
   </div>
   <div class='ocr_carea' id='block_1_53' title="bbox 292 4140 1894 4217">
    <p class='ocr_par' dir='ltr' id='par_1_53' title="bbox 292 4140 1894 4217">
     <span class='ocr_line' id='line_1_53' title="bbox 292 4140 1894 4217; baseline 0.002 -19"><span class='ocrx_word' id='word_1_387' title='bbox 292 4145 660 4216; x_wconf 75' lang='grc' dir='ltr'>ἀπορραίνειν</span> <span class='ocrx_word' id='word_1_388' title='bbox 683 4145 744 4198; x_wconf 86' lang='grc' dir='ltr'>τὸ</span> <span class='ocrx_word' id='word_1_389' title='bbox 785 4140 945 4217; x_wconf 81' lang='grc' dir='ltr'>αἷμα,</span> <span class='ocrx_word' id='word_1_390' title='bbox 983 4147 1077 4200; x_wconf 73' lang='grc' dir='ltr'>καὶ</span> <span class='ocrx_word' id='word_1_391' title='bbox 1113 4149 1240 4212; x_wconf 82' lang='grc' dir='ltr'>τοὺς</span> <span class='ocrx_word' id='word_1_392' title='bbox 1266 4147 1432 4201; x_wconf 86' lang='grc' dir='ltr'><strong>αύτοῦ</strong></span> <span class='ocrx_word' id='word_1_393' title='bbox 1474 4148 1630 4212; x_wconf 81' lang='grc' dir='ltr'>θεοὺς</span> <span class='ocrx_word' id='word_1_394' title='bbox 1663 4148 1894 4202; x_wconf 77' lang='grc' dir='ltr'>κακολο-</span> 
     </span>
    </p>
   </div>
   <div class='ocr_carea' id='block_1_54' title="bbox 291 4236 1896 4312">
    <p class='ocr_par' dir='ltr' id='par_1_54' title="bbox 291 4236 1896 4312">
     <span class='ocr_line' id='line_1_54' title="bbox 291 4236 1896 4312; baseline 0.003 -22"><span class='ocrx_word' id='word_1_395' title='bbox 291 4240 421 4307; x_wconf 82' lang='grc' dir='ltr'>γεῖν</span> <span class='ocrx_word' id='word_1_396' title='bbox 443 4254 458 4268; x_wconf 92' lang='grc'><strong>·</strong></span> <span class='ocrx_word' id='word_1_397' title='bbox 485 4237 537 4289; x_wconf 87' lang='grc' dir='ltr'><strong>οἱ</strong></span> <span class='ocrx_word' id='word_1_398' title='bbox 562 4236 619 4291; x_wconf 76' lang='grc' dir='ltr'><strong>δὲ</strong></span> <span class='ocrx_word' id='word_1_399' title='bbox 648 4238 892 4293; x_wconf 73' lang='grc' dir='ltr'>πλεῖστοι</span> <span class='ocrx_word' id='word_1_400' title='bbox 926 4240 1034 4293; x_wconf 83' lang='grc' dir='ltr'>τῶν</span> <span class='ocrx_word' id='word_1_401' title='bbox 1077 4241 1434 4312; x_wconf 79' lang='grc' dir='ltr'><strong>ἱστορούντων</strong></span> <span class='ocrx_word' id='word_1_402' title='bbox 1469 4242 1549 4304; x_wconf 87' lang='grc' dir='ltr'><strong>είς</strong></span> <span class='ocrx_word' id='word_1_403' title='bbox 1575 4237 1665 4294; x_wconf 83' lang='grc' dir='ltr'>τὸν</span> <span class='ocrx_word' id='word_1_404' title='bbox 1690 4242 1896 4312; x_wconf 86' lang='grc' dir='ltr'>Κύριον</span> 
     </span>
    </p>
   </div>
   <div class='ocr_carea' id='block_1_55' title="bbox 294 4327 1896 4406">
    <p class='ocr_par' dir='ltr' id='par_1_55' title="bbox 294 4327 1896 4406">
     <span class='ocr_line' id='line_1_55' title="bbox 294 4327 1896 4406; baseline 0.002 -23"><span class='ocrx_word' id='word_1_405' title='bbox 294 4329 462 4403; x_wconf 69' lang='grc' dir='ltr'>ἡμῶν</span> <span class='ocrx_word' id='word_1_406' title='bbox 514 4330 719 4402; x_wconf 74' lang='grc' dir='ltr'>Ἰησοῦν</span> <span class='ocrx_word' id='word_1_407' title='bbox 747 4327 1001 4404; x_wconf 78' lang='grc' dir='ltr'>Χριστὸν,</span> <span class='ocrx_word' id='word_1_408' title='bbox 1031 4333 1122 4388; x_wconf 82' lang='grc' dir='ltr'>τὸν</span> <span class='ocrx_word' id='word_1_409' title='bbox 1168 4332 1419 4404; x_wconf 84' lang='grc' dir='ltr'>ἀληθινὸν</span> <span class='ocrx_word' id='word_1_410' title='bbox 1444 4333 1598 4398; x_wconf 85' lang='grc' dir='ltr'><strong>Θεὸν,</strong></span> <span class='ocrx_word' id='word_1_411' title='bbox 1634 4334 1896 4406; x_wconf 79' lang='grc' dir='ltr'><strong>ἑκάτερον</strong></span> 
     </span>
    </p>
   </div>
   <div class='ocr_carea' id='block_1_56' title="bbox 293 4421 1024 4494">
    <p class='ocr_par' dir='ltr' id='par_1_56' title="bbox 293 4421 1024 4494">
     <span class='ocr_line' id='line_1_56' title="bbox 293 4421 1024 4494; baseline 0.001 -19"><span class='ocrx_word' id='word_1_412' title='bbox 293 4421 611 4494; x_wconf 82' lang='grc' dir='ltr'>γράφουσιν</span> <span class='ocrx_word' id='word_1_413' title='bbox 635 4421 1024 4494; x_wconf 78' lang='grc' dir='ltr'>ἐναπορρίψαι.</span> 
     </span>
    </p>
   </div>
   <div class='ocr_carea' id='block_1_57' title="bbox 2058 1297 3594 1386">
    <p class='ocr_par' dir='ltr' id='par_1_57' title="bbox 2058 1297 3594 1386">
     <span class='ocr_line' id='line_1_57' title="bbox 2058 1297 3594 1386; baseline 0.004 -22"><span class='ocrx_word' id='word_1_414' title='bbox 2058 1312 2145 1368; x_wconf 77' lang='grc'><strong>15.</strong></span> <span class='ocrx_word' id='word_1_415' title='bbox 2190 1303 2447 1367; x_wconf 75' lang='lat' dir='ltr'><strong>Julianus</strong></span> <span class='ocrx_word' id='word_1_416' title='bbox 2495 1315 2624 1383; x_wconf 83' lang='lat' dir='ltr'><strong>imp.</strong></span> <span class='ocrx_word' id='word_1_417' title='bbox 2685 1311 2958 1368; x_wconf 80' lang='lat' dir='ltr'><strong>Persidem</strong></span> <span class='ocrx_word' id='word_1_418' title='bbox 3015 1316 3268 1371; x_wconf 78' lang='lat' dir='ltr'><strong>invadens</strong></span> <span class='ocrx_word' id='word_1_419' title='bbox 3325 1297 3594 1386; x_wconf 37' lang='lat' dir='ltr'><strong>perit.—=</strong></span> 
     </span>
    </p>
   </div>
   <div class='ocr_carea' id='block_1_58' title="bbox 1987 1397 3578 1474">
    <p class='ocr_par' dir='ltr' id='par_1_58' title="bbox 1987 1397 3578 1474">
     <span class='ocr_line' id='line_1_58' title="bbox 1987 1397 3578 1474; baseline 0.002 -19"><span class='ocrx_word' id='word_1_420' title='bbox 1987 1397 2244 1472; x_wconf 83' lang='lat' dir='ltr'><strong>Apostata</strong></span> <span class='ocrx_word' id='word_1_421' title='bbox 2275 1401 2528 1459; x_wconf 83' lang='lat' dir='ltr'><strong>Julianus</strong></span> <span class='ocrx_word' id='word_1_422' title='bbox 2560 1403 2776 1458; x_wconf 86' lang='lat' dir='ltr'><strong>cunctis</strong></span> <span class='ocrx_word' id='word_1_423' title='bbox 2801 1403 3044 1470; x_wconf 86' lang='lat' dir='ltr'><strong>undique</strong></span> <span class='ocrx_word' id='word_1_424' title='bbox 3064 1404 3347 1474; x_wconf 80' lang='lat' dir='ltr'><strong>gentilium</strong></span> <span class='ocrx_word' id='word_1_425' title='bbox 3379 1419 3578 1458; x_wconf 70' lang='lat' dir='ltr'><strong>oracu~</strong></span> 
     </span>
    </p>
   </div>
   <div class='ocr_carea' id='block_1_59' title="bbox 1989 1493 3574 1564">
    <p class='ocr_par' dir='ltr' id='par_1_59' title="bbox 1989 1493 3574 1564">
     <span class='ocr_line' id='line_1_59' title="bbox 1989 1493 3574 1564; baseline 0 -16"><span class='ocrx_word' id='word_1_426' title='bbox 1989 1493 2056 1549; x_wconf 88' lang='lat' dir='ltr'><strong>lis</strong></span> <span class='ocrx_word' id='word_1_427' title='bbox 2103 1493 2369 1558; x_wconf 77' lang='lat' dir='ltr'><strong>conﬁsus,</strong></span> <span class='ocrx_word' id='word_1_428' title='bbox 2419 1494 2564 1564; x_wconf 90' lang='lat' dir='ltr'><strong>quod</strong></span> <span class='ocrx_word' id='word_1_429' title='bbox 2623 1494 2879 1548; x_wconf 79' lang='lat' dir='ltr'><strong>invictam</strong></span> <span class='ocrx_word' id='word_1_430' title='bbox 2913 1493 3024 1546; x_wconf 86' lang='lat' dir='ltr'><strong>vim</strong></span> <span class='ocrx_word' id='word_1_431' title='bbox 3077 1502 3225 1548; x_wconf 84' lang='lat' dir='ltr'><strong>esset</strong></span> <span class='ocrx_word' id='word_1_432' title='bbox 3263 1493 3574 1559; x_wconf 89' lang='lat' dir='ltr'><strong>habiturus,</strong></span> 
     </span>
    </p>
   </div>
   <div class='ocr_carea' id='block_1_60' title="bbox 1989 1582 3577 1655">
    <p class='ocr_par' dir='ltr' id='par_1_60' title="bbox 1989 1582 3577 1655">
     <span class='ocr_line' id='line_1_60' title="bbox 1989 1582 3577 1655; baseline 0 -17"><span class='ocrx_word' id='word_1_433' title='bbox 1989 1584 2253 1639; x_wconf 83' lang='lat' dir='ltr'><strong>adversus</strong></span> <span class='ocrx_word' id='word_1_434' title='bbox 2279 1583 2478 1640; x_wconf 88' lang='lat' dir='ltr'><strong>Persas</strong></span> <span class='ocrx_word' id='word_1_435' title='bbox 2514 1585 2912 1655; x_wconf 83' lang='lat' dir='ltr'><strong>expeditionem</strong></span> <span class='ocrx_word' id='word_1_436' title='bbox 2938 1583 3202 1654; x_wconf 85' lang='lat' dir='ltr'><strong>suscepit.</strong></span> <span class='ocrx_word' id='word_1_437' title='bbox 3241 1582 3416 1639; x_wconf 85' lang='lat' dir='ltr'><strong>Senex</strong></span> <span class='ocrx_word' id='word_1_438' title='bbox 3444 1599 3577 1638; x_wconf 83' lang='lat' dir='ltr'><strong>vero</strong></span> 
     </span>
    </p>
   </div>
   <div class='ocr_carea' id='block_1_61' title="bbox 1991 1673 3579 1746">
    <p class='ocr_par' dir='ltr' id='par_1_61' title="bbox 1991 1673 3579 1746">
     <span class='ocr_line' id='line_1_61' title="bbox 1991 1673 3579 1746; baseline 0 -18"><span class='ocrx_word' id='word_1_439' title='bbox 1991 1674 2213 1744; x_wconf 89' lang='lat' dir='ltr'><strong>quidam</strong></span> <span class='ocrx_word' id='word_1_440' title='bbox 2253 1675 2347 1744; x_wconf 89' lang='lat' dir='ltr'><strong>qui</strong></span> <span class='ocrx_word' id='word_1_441' title='bbox 2402 1675 2728 1746; x_wconf 84' lang='lat' dir='ltr'><strong>jampridem</strong></span> <span class='ocrx_word' id='word_1_442' title='bbox 2783 1675 3046 1730; x_wconf 90' lang='lat' dir='ltr'><strong>missione</strong></span> <span class='ocrx_word' id='word_1_443' title='bbox 3108 1675 3346 1730; x_wconf 87' lang='lat' dir='ltr'><strong>donatus</strong></span> <span class='ocrx_word' id='word_1_444' title='bbox 3397 1673 3579 1729; x_wconf 79' lang='lat' dir='ltr'><strong>fuerat</strong></span> 
     </span>
    </p>
   </div>
   <div class='ocr_carea' id='block_1_62' title="bbox 1994 1761 3578 1836">
    <p class='ocr_par' dir='ltr' id='par_1_62' title="bbox 1994 1761 3578 1836">
     <span class='ocr_line' id='line_1_62' title="bbox 1994 1761 3578 1836; baseline 0.003 -19"><span class='ocrx_word' id='word_1_445' title='bbox 1994 1763 2135 1833; x_wconf 89' lang='lat' dir='ltr'><strong>apud</strong></span> <span class='ocrx_word' id='word_1_446' title='bbox 2177 1761 2397 1830; x_wconf 82' lang='lat' dir='ltr'><strong>Persas,</strong></span> <span class='ocrx_word' id='word_1_447' title='bbox 2443 1765 2570 1821; x_wconf 80' lang='lat' dir='ltr'><strong>dolo</strong></span> <span class='ocrx_word' id='word_1_448' title='bbox 2597 1780 2662 1823; x_wconf 85' lang='lat' dir='ltr'><strong>ac</strong></span> <span class='ocrx_word' id='word_1_449' title='bbox 2695 1765 2916 1836; x_wconf 84' lang='lat' dir='ltr'><strong>perlidia</strong></span> <span class='ocrx_word' id='word_1_450' title='bbox 2947 1766 3306 1822; x_wconf 76' lang='lat' dir='ltr'><strong>circumVeuit</strong></span> <span class='ocrx_word' id='word_1_451' title='bbox 3341 1765 3578 1836; x_wconf 79' lang='lat' dir='ltr'><strong>Aposta-</strong></span> 
     </span>
    </p>
   </div>
   <div class='ocr_carea' id='block_1_63' title="bbox 1999 1857 3580 1931">
    <p class='ocr_par' dir='ltr' id='par_1_63' title="bbox 1999 1857 3580 1931">
     <span class='ocr_line' id='line_1_63' title="bbox 1999 1857 3580 1931; baseline 0.004 -21"><span class='ocrx_word' id='word_1_452' title='bbox 1999 1866 2111 1910; x_wconf 88' lang='lat' dir='ltr'><strong>tam</strong></span> <span class='ocrx_word' id='word_1_453' title='bbox 2141 1858 2196 1911; x_wconf 91' lang='lat' dir='ltr'><strong>in</strong></span> <span class='ocrx_word' id='word_1_454' title='bbox 2218 1857 2443 1914; x_wconf 87' lang='lat' dir='ltr'><strong>Perside</strong></span> <span class='ocrx_word' id='word_1_455' title='bbox 2471 1859 2670 1915; x_wconf 85' lang='lat' dir='ltr'><strong>bellum</strong></span> <span class='ocrx_word' id='word_1_456' title='bbox 2703 1871 2978 1931; x_wconf 78' lang='lat' dir='ltr'><strong>gerentem</strong></span> <span class='ocrx_word' id='word_1_457' title='bbox 3004 1859 3139 1928; x_wconf 75' lang='grc'>(82).</span> <span class='ocrx_word' id='word_1_458' title='bbox 3170 1860 3274 1927; x_wconf 88' lang='lat' dir='ltr'><strong>Qui</strong></span> <span class='ocrx_word' id='word_1_459' title='bbox 3309 1875 3434 1916; x_wconf 89' lang='lat' dir='ltr'><strong>cum</strong></span> <span class='ocrx_word' id='word_1_460' title='bbox 3467 1859 3580 1916; x_wconf 83' lang='lat' dir='ltr'><strong>Ro-</strong></span> 
     </span>
    </p>
   </div>
   <div class='ocr_carea' id='block_1_64' title="bbox 1996 1949 3579 2021">
    <p class='ocr_par' dir='ltr' id='par_1_64' title="bbox 1996 1949 3579 2021">
     <span class='ocr_line' id='line_1_64' title="bbox 1996 1949 3579 2021; baseline 0.004 -20"><span class='ocrx_word' id='word_1_461' title='bbox 1996 1961 2190 2003; x_wconf 89' lang='lat' dir='ltr'><strong>manos</strong></span> <span class='ocrx_word' id='word_1_462' title='bbox 2218 1949 2273 2002; x_wconf 93' lang='lat' dir='ltr'><strong>in</strong></span> <span class='ocrx_word' id='word_1_463' title='bbox 2300 1949 2502 2005; x_wconf 86' lang='lat' dir='ltr'><strong>inviam</strong></span> <span class='ocrx_word' id='word_1_464' title='bbox 2529 1953 2823 2021; x_wconf 76' lang='lat' dir='ltr'><strong>quamdam</strong></span> <span class='ocrx_word' id='word_1_465' title='bbox 2847 1951 3217 2019; x_wconf 81' lang='lat' dir='ltr'><strong>solitudinem,</strong></span> <span class='ocrx_word' id='word_1_466' title='bbox 3247 1962 3301 2008; x_wconf 85' lang='lat' dir='ltr'><strong>et</strong></span> <span class='ocrx_word' id='word_1_467' title='bbox 3325 1953 3378 2006; x_wconf 93' lang='lat' dir='ltr'><strong>in</strong></span> <span class='ocrx_word' id='word_1_468' title='bbox 3402 1951 3579 2008; x_wconf 83' lang='lat' dir='ltr'><strong>maxi-</strong></span> 
     </span>
    </p>
   </div>
   <div class='ocr_carea' id='block_1_65' title="bbox 1996 2039 3578 2114">
    <p class='ocr_par' dir='ltr' id='par_1_65' title="bbox 1996 2039 3578 2114">
     <span class='ocr_line' id='line_1_65' title="bbox 1996 2039 3578 2114; baseline 0.003 -21"><span class='ocrx_word' id='word_1_469' title='bbox 1996 2054 2114 2094; x_wconf 89' lang='lat' dir='ltr'><strong>mas</strong></span> <span class='ocrx_word' id='word_1_470' title='bbox 2146 2039 2489 2097; x_wconf 74' lang='lat' dir='ltr'><strong>diliicultates</strong></span> <span class='ocrx_word' id='word_1_471' title='bbox 2518 2042 2863 2114; x_wconf 73' lang='lat' dir='ltr'><strong>coniecisset,</strong></span> <span class='ocrx_word' id='word_1_472' title='bbox 2882 2043 2937 2097; x_wconf 88' lang='lat' dir='ltr'><strong>in</strong></span> <span class='ocrx_word' id='word_1_473' title='bbox 2965 2043 3163 2114; x_wconf 89' lang='lat' dir='ltr'><strong>quibus</strong></span> <span class='ocrx_word' id='word_1_474' title='bbox 3181 2043 3416 2099; x_wconf 90' lang='lat' dir='ltr'><strong>maxima</strong></span> <span class='ocrx_word' id='word_1_475' title='bbox 3449 2057 3578 2114; x_wconf 83' lang='lat' dir='ltr'><strong>pars</strong></span> 
     </span>
    </p>
   </div>
   <div class='ocr_carea' id='block_1_66' title="bbox 1993 2130 3576 2202">
    <p class='ocr_par' dir='ltr' id='par_1_66' title="bbox 1993 2130 3576 2202">
     <span class='ocr_line' id='line_1_66' title="bbox 1993 2130 3576 2202; baseline 0.001 -20"><span class='ocrx_word' id='word_1_476' title='bbox 1993 2130 2271 2184; x_wconf 83' lang='lat' dir='ltr'><strong>exercitus</strong></span> <span class='ocrx_word' id='word_1_477' title='bbox 2319 2131 2507 2200; x_wconf 87' lang='lat' dir='ltr'><strong>periit,</strong></span> <span class='ocrx_word' id='word_1_478' title='bbox 2544 2132 2730 2187; x_wconf 86' lang='lat' dir='ltr'><strong>hostes</strong></span> <span class='ocrx_word' id='word_1_479' title='bbox 2783 2132 2932 2186; x_wconf 86' lang='lat' dir='ltr'><strong>velut</strong></span> <span class='ocrx_word' id='word_1_480' title='bbox 2984 2133 3220 2202; x_wconf 65' lang='lat' dir='ltr'><strong>prae-lam</strong></span> <span class='ocrx_word' id='word_1_481' title='bbox 3270 2132 3576 2188; x_wconf 87' lang='lat' dir='ltr'><strong>venaticam</strong></span> 
     </span>
    </p>
   </div>
   <div class='ocr_carea' id='block_1_67' title="bbox 1994 2218 3578 2289">
    <p class='ocr_par' dir='ltr' id='par_1_67' title="bbox 1994 2218 3578 2289">
     <span class='ocr_line' id='line_1_67' title="bbox 1994 2218 3578 2289; baseline 0.003 -17"><span class='ocrx_word' id='word_1_482' title='bbox 1994 2219 2351 2289; x_wconf 82' lang='lat' dir='ltr'><strong>popularibus</strong></span> <span class='ocrx_word' id='word_1_483' title='bbox 2381 2222 2498 2278; x_wconf 79' lang='lat' dir='ltr'><strong>suis</strong></span> <span class='ocrx_word' id='word_1_484' title='bbox 2541 2222 2781 2277; x_wconf 82' lang='lat' dir='ltr'><strong>tradidit.</strong></span> <span class='ocrx_word' id='word_1_485' title='bbox 2817 2220 3001 2278; x_wconf 56' lang='lat' dir='ltr'><strong>Persa}</strong></span> <span class='ocrx_word' id='word_1_486' title='bbox 3034 2223 3183 2278; x_wconf 89' lang='lat' dir='ltr'><strong>enim</strong></span> <span class='ocrx_word' id='word_1_487' title='bbox 3217 2223 3270 2277; x_wconf 92' lang='lat' dir='ltr'><strong>in</strong></span> <span class='ocrx_word' id='word_1_488' title='bbox 3301 2218 3578 2277; x_wconf 78' lang='lat' dir='ltr'><strong>Romanos</strong></span> 
     </span>
    </p>
   </div>
   <div class='ocr_carea' id='block_1_68' title="bbox 1994 2309 3580 2385">
    <p class='ocr_par' dir='ltr' id='par_1_68' title="bbox 1994 2309 3580 2385">
     <span class='ocr_line' id='line_1_68' title="bbox 1994 2309 3580 2385; baseline 0.004 -21"><span class='ocrx_word' id='word_1_489' title='bbox 1994 2309 2293 2378; x_wconf 87' lang='lat' dir='ltr'><strong>irruerunt,</strong></span> <span class='ocrx_word' id='word_1_490' title='bbox 2317 2312 2545 2382; x_wconf 81' lang='lat' dir='ltr'><strong>adjectis</strong></span> <span class='ocrx_word' id='word_1_491' title='bbox 2571 2314 2677 2370; x_wconf 88' lang='lat' dir='ltr'><strong>sibi</strong></span> <span class='ocrx_word' id='word_1_492' title='bbox 2722 2314 2998 2370; x_wconf 70' lang='lat' dir='ltr'><strong>fmderatis</strong></span> <span class='ocrx_word' id='word_1_493' title='bbox 3037 2315 3314 2385; x_wconf 84' lang='lat' dir='ltr'><strong>equitibus</strong></span> <span class='ocrx_word' id='word_1_494' title='bbox 3351 2315 3580 2370; x_wconf 83' lang='lat' dir='ltr'><strong>Sarace-</strong></span> 
     </span>
    </p>
   </div>
   <div class='ocr_carea' id='block_1_69' title="bbox 1993 2400 3579 2474">
    <p class='ocr_par' dir='ltr' id='par_1_69' title="bbox 1993 2400 3579 2474">
     <span class='ocr_line' id='line_1_69' title="bbox 1993 2400 3579 2474; baseline 0.003 -21"><span class='ocrx_word' id='word_1_495' title='bbox 1993 2400 2081 2455; x_wconf 90' lang='lat' dir='ltr'><strong>nis</strong></span> <span class='ocrx_word' id='word_1_496' title='bbox 2100 2401 2194 2470; x_wconf 91' lang='lat' dir='ltr'><strong>qui</strong></span> <span class='ocrx_word' id='word_1_497' title='bbox 2226 2409 2420 2458; x_wconf 87' lang='lat' dir='ltr'><strong>contos</strong></span> <span class='ocrx_word' id='word_1_498' title='bbox 2441 2404 2747 2474; x_wconf 76' lang='lat' dir='ltr'><strong>gestabant.</strong></span> <span class='ocrx_word' id='word_1_499' title='bbox 2766 2403 3006 2470; x_wconf 85' lang='lat' dir='ltr'><strong>Quorum</strong></span> <span class='ocrx_word' id='word_1_500' title='bbox 3037 2419 3182 2460; x_wconf 91' lang='lat' dir='ltr'><strong>unus</strong></span> <span class='ocrx_word' id='word_1_501' title='bbox 3207 2419 3330 2460; x_wconf 92' lang='lat' dir='ltr'><strong>cum</strong></span> <span class='ocrx_word' id='word_1_502' title='bbox 3364 2405 3579 2458; x_wconf 84' lang='lat' dir='ltr'><strong>hastam</strong></span> 
     </span>
    </p>
   </div>
   <div class='ocr_carea' id='block_1_70' title="bbox 1995 2493 3582 2567">
    <p class='ocr_par' dir='ltr' id='par_1_70' title="bbox 1995 2493 3582 2567">
     <span class='ocr_line' id='line_1_70' title="bbox 1995 2493 3582 2567; baseline 0.002 -20"><span class='ocrx_word' id='word_1_503' title='bbox 1995 2493 2050 2548; x_wconf 93' lang='lat' dir='ltr'><strong>in</strong></span> <span class='ocrx_word' id='word_1_504' title='bbox 2084 2493 2363 2550; x_wconf 86' lang='lat' dir='ltr'><strong>Julianum</strong></span> <span class='ocrx_word' id='word_1_505' title='bbox 2397 2495 2726 2563; x_wconf 87' lang='lat' dir='ltr'><strong>intorsisset,</strong></span> <span class='ocrx_word' id='word_1_506' title='bbox 2753 2513 2878 2553; x_wconf 90' lang='lat' dir='ltr'><strong>eum</strong></span> <span class='ocrx_word' id='word_1_507' title='bbox 2913 2499 2967 2552; x_wconf 92' lang='lat' dir='ltr'><strong>in</strong></span> <span class='ocrx_word' id='word_1_508' title='bbox 3013 2497 3224 2554; x_wconf 86' lang='lat' dir='ltr'><strong>femore</strong></span> <span class='ocrx_word' id='word_1_509' title='bbox 3257 2499 3402 2553; x_wconf 83' lang='lat' dir='ltr'><strong>circa</strong></span> <span class='ocrx_word' id='word_1_510' title='bbox 3434 2496 3582 2567; x_wconf 88' lang='lat' dir='ltr'><strong>peri-</strong></span> 
     </span>
    </p>
   </div>
   <div class='ocr_carea' id='block_1_71' title="bbox 2000 2588 3584 2662">
    <p class='ocr_par' dir='ltr' id='par_1_71' title="bbox 2000 2588 3584 2662">
     <span class='ocr_line' id='line_1_71' title="bbox 2000 2588 3584 2662; baseline 0.001 -22"><span class='ocrx_word' id='word_1_511' title='bbox 2000 2595 2238 2641; x_wconf 70' lang='lat' dir='ltr'><strong>tonreum</strong></span> <span class='ocrx_word' id='word_1_512' title='bbox 2263 2589 2551 2657; x_wconf 88' lang='lat' dir='ltr'><strong>percussit.</strong></span> <span class='ocrx_word' id='word_1_513' title='bbox 2570 2588 2638 2644; x_wconf 89' lang='lat' dir='ltr'><strong>Et</strong></span> <span class='ocrx_word' id='word_1_514' title='bbox 2665 2603 2788 2645; x_wconf 91' lang='lat' dir='ltr'><strong>cum</strong></span> <span class='ocrx_word' id='word_1_515' title='bbox 2815 2593 3000 2662; x_wconf 88' lang='lat' dir='ltr'><strong>cuspis</strong></span> <span class='ocrx_word' id='word_1_516' title='bbox 3026 2591 3424 2654; x_wconf 77' lang='lat' dir='ltr'><strong>extraheretur,</strong></span> <span class='ocrx_word' id='word_1_517' title='bbox 3443 2599 3584 2645; x_wconf 73' lang='lat' dir='ltr'><strong>ster-</strong></span> 
     </span>
    </p>
   </div>
   <div class='ocr_carea' id='block_1_72' title="bbox 1996 2681 3578 2752">
    <p class='ocr_par' dir='ltr' id='par_1_72' title="bbox 1996 2681 3578 2752">
     <span class='ocr_line' id='line_1_72' title="bbox 1996 2681 3578 2752; baseline 0.004 -22"><span class='ocrx_word' id='word_1_518' title='bbox 1996 2689 2096 2731; x_wconf 87' lang='lat' dir='ltr'><strong>cus</strong></span> <span class='ocrx_word' id='word_1_519' title='bbox 2135 2688 2353 2747; x_wconf 90' lang='lat' dir='ltr'><strong>quoque</strong></span> <span class='ocrx_word' id='word_1_520' title='bbox 2383 2694 2490 2733; x_wconf 93' lang='lat' dir='ltr'><strong>una</strong></span> <span class='ocrx_word' id='word_1_521' title='bbox 2542 2695 2668 2734; x_wconf 90' lang='lat' dir='ltr'><strong>cum</strong></span> <span class='ocrx_word' id='word_1_522' title='bbox 2700 2683 2968 2752; x_wconf 81' lang='lat' dir='ltr'><strong>sanguine</strong></span> <span class='ocrx_word' id='word_1_523' title='bbox 3011 2692 3261 2738; x_wconf 86' lang='lat' dir='ltr'><strong>secutum</strong></span> <span class='ocrx_word' id='word_1_524' title='bbox 3301 2681 3578 2752; x_wconf 82' lang='lat' dir='ltr'><strong>proﬂuxit.</strong></span> 
     </span>
    </p>
   </div>
   <div class='ocr_carea' id='block_1_73' title="bbox 1996 2766 3583 2844">
    <p class='ocr_par' dir='ltr' id='par_1_73' title="bbox 1996 2766 3583 2844">
     <span class='ocr_line' id='line_1_73' title="bbox 1996 2766 3583 2844; baseline 0.004 -24"><span class='ocrx_word' id='word_1_525' title='bbox 1996 2766 2074 2822; x_wconf 85' lang='lat' dir='ltr'><strong>Ac</strong></span> <span class='ocrx_word' id='word_1_526' title='bbox 2099 2769 2406 2836; x_wconf 88' lang='lat' dir='ltr'><strong>percussori</strong></span> <span class='ocrx_word' id='word_1_527' title='bbox 2447 2770 2666 2839; x_wconf 90' lang='lat' dir='ltr'><strong>quidem</strong></span> <span class='ocrx_word' id='word_1_528' title='bbox 2725 2773 3032 2840; x_wconf 87' lang='lat' dir='ltr'><strong>Saraceno,</strong></span> <span class='ocrx_word' id='word_1_529' title='bbox 3072 2787 3216 2829; x_wconf 89' lang='lat' dir='ltr'><strong>unus</strong></span> <span class='ocrx_word' id='word_1_530' title='bbox 3247 2785 3314 2829; x_wconf 77' lang='lat' dir='ltr'><strong>ex</strong></span> <span class='ocrx_word' id='word_1_531' title='bbox 3345 2774 3583 2844; x_wconf 47' lang='lat' dir='ltr'><strong>impera-</strong></span> 
     </span>
    </p>
   </div>
   <div class='ocr_carea' id='block_1_74' title="bbox 1997 2858 3578 2933">
    <p class='ocr_par' dir='ltr' id='par_1_74' title="bbox 1997 2858 3578 2933">
     <span class='ocr_line' id='line_1_74' title="bbox 1997 2858 3578 2933; baseline 0.003 -21"><span class='ocrx_word' id='word_1_532' title='bbox 1997 2858 2134 2913; x_wconf 86' lang='lat' dir='ltr'><strong>toris</strong></span> <span class='ocrx_word' id='word_1_533' title='bbox 2163 2860 2562 2928; x_wconf 87' lang='lat' dir='ltr'><strong>protectoribus</strong></span> <span class='ocrx_word' id='word_1_534' title='bbox 2601 2861 2655 2916; x_wconf 94' lang='lat' dir='ltr'><strong>in</strong></span> <span class='ocrx_word' id='word_1_535' title='bbox 2682 2877 2806 2917; x_wconf 91' lang='lat' dir='ltr'><strong>cum</strong></span> <span class='ocrx_word' id='word_1_536' title='bbox 2839 2863 3075 2930; x_wconf 83' lang='lat' dir='ltr'><strong>irruens,</strong></span> <span class='ocrx_word' id='word_1_537' title='bbox 3109 2872 3275 2933; x_wconf 88' lang='lat' dir='ltr'><strong>caput</strong></span> <span class='ocrx_word' id='word_1_538' title='bbox 3319 2863 3578 2919; x_wconf 86' lang='lat' dir='ltr'><strong>abscidit.</strong></span> 
     </span>
    </p>
   </div>
   <div class='ocr_carea' id='block_1_75' title="bbox 1995 2943 3581 3024">
    <p class='ocr_par' dir='ltr' id='par_1_75' title="bbox 1995 2943 3581 3024">
     <span class='ocr_line' id='line_1_75' title="bbox 1995 2943 3581 3024; baseline 0.004 -22"><span class='ocrx_word' id='word_1_539' title='bbox 1995 2943 2276 3005; x_wconf 81' lang='lat' dir='ltr'><strong>Julianum</strong></span> <span class='ocrx_word' id='word_1_540' title='bbox 2321 2965 2451 3006; x_wconf 90' lang='lat' dir='ltr'><strong>vero</strong></span> <span class='ocrx_word' id='word_1_541' title='bbox 2483 2951 2629 3008; x_wconf 92' lang='lat' dir='ltr'><strong>letali</strong></span> <span class='ocrx_word' id='word_1_542' title='bbox 2683 2951 2908 3010; x_wconf 87' lang='lat' dir='ltr'><strong>vulnere</strong></span> <span class='ocrx_word' id='word_1_543' title='bbox 2955 2970 3272 3024; x_wconf 88' lang='lat' dir='ltr'><strong>percussum</strong></span> <span class='ocrx_word' id='word_1_544' title='bbox 3297 2995 3312 3021; x_wconf 96' lang='lat'><strong>,</strong></span> <span class='ocrx_word' id='word_1_545' title='bbox 3346 2953 3581 3010; x_wconf 82' lang='lat' dir='ltr'><strong>Romani</strong></span> 
     </span>
    </p>
   </div>
   <div class='ocr_carea' id='block_1_76' title="bbox 1996 3038 3583 3116">
    <p class='ocr_par' dir='ltr' id='par_1_76' title="bbox 1996 3038 3583 3116">
     <span class='ocr_line' id='line_1_76' title="bbox 1996 3038 3583 3116; baseline 0.003 -21"><span class='ocrx_word' id='word_1_546' title='bbox 1996 3038 2285 3096; x_wconf 82' lang='lat' dir='ltr'><strong>confestim</strong></span> <span class='ocrx_word' id='word_1_547' title='bbox 2317 3052 2474 3098; x_wconf 92' lang='lat' dir='ltr'><strong>scuto</strong></span> <span class='ocrx_word' id='word_1_548' title='bbox 2505 3044 2821 3114; x_wconf 88' lang='lat' dir='ltr'><strong>impositum</strong></span> <span class='ocrx_word' id='word_1_549' title='bbox 2851 3047 2904 3100; x_wconf 94' lang='lat' dir='ltr'><strong>in</strong></span> <span class='ocrx_word' id='word_1_550' title='bbox 2929 3047 3340 3103; x_wconf 85' lang='lat' dir='ltr'><strong>tabernaculum</strong></span> <span class='ocrx_word' id='word_1_551' title='bbox 3382 3061 3583 3116; x_wconf 78' lang='lat' dir='ltr'><strong>aspor-</strong></span> 
     </span>
    </p>
   </div>
   <div class='ocr_carea' id='block_1_77' title="bbox 1996 3134 3582 3207">
    <p class='ocr_par' dir='ltr' id='par_1_77' title="bbox 1996 3134 3582 3207">
     <span class='ocr_line' id='line_1_77' title="bbox 1996 3134 3582 3207; baseline 0.002 -17"><span class='ocrx_word' id='word_1_552' title='bbox 1996 3143 2203 3190; x_wconf 88' lang='lat' dir='ltr'><strong>tarunt.</strong></span> <span class='ocrx_word' id='word_1_553' title='bbox 2255 3134 2517 3207; x_wconf 81' lang='lat' dir='ltr'><strong>Multique</strong></span> <span class='ocrx_word' id='word_1_554' title='bbox 2553 3152 2585 3192; x_wconf 89' lang='lat' dir='ltr'><strong>a</strong></span> <span class='ocrx_word' id='word_1_555' title='bbox 2623 3137 2884 3195; x_wconf 77' lang='lat' dir='ltr'><strong>Romanis</strong></span> <span class='ocrx_word' id='word_1_556' title='bbox 2925 3137 2980 3193; x_wconf 89' lang='lat' dir='ltr'><strong>id</strong></span> <span class='ocrx_word' id='word_1_557' title='bbox 3018 3137 3234 3196; x_wconf 85' lang='lat' dir='ltr'><strong>facinus</strong></span> <span class='ocrx_word' id='word_1_558' title='bbox 3279 3139 3582 3195; x_wconf 82' lang='lat' dir='ltr'><strong>admissum</strong></span> 
     </span>
    </p>
   </div>
   <div class='ocr_carea' id='block_1_78' title="bbox 1954 3228 3582 3318">
    <p class='ocr_par' dir='ltr' id='par_1_78' title="bbox 1954 3228 3582 3318">
     <span class='ocr_line' id='line_1_78' title="bbox 1954 3228 3582 3318; baseline 0.001 -34"><span class='ocrx_word' id='word_1_559' title='bbox 1954 3239 2117 3318; x_wconf 50' lang='lat' dir='ltr'><strong>.csse</strong></span> <span class='ocrx_word' id='word_1_560' title='bbox 2143 3228 2552 3296; x_wconf 82' lang='lat' dir='ltr'><strong>existimarunt,</strong></span> <span class='ocrx_word' id='word_1_561' title='bbox 2597 3245 2664 3286; x_wconf 92' lang='lat' dir='ltr'><strong>eo</strong></span> <span class='ocrx_word' id='word_1_562' title='bbox 2711 3231 2854 3301; x_wconf 84' lang='lat' dir='ltr'><strong>quod</strong></span> <span class='ocrx_word' id='word_1_563' title='bbox 2909 3240 3131 3302; x_wconf 88' lang='lat' dir='ltr'><strong>repente</strong></span> <span class='ocrx_word' id='word_1_564' title='bbox 3191 3247 3256 3287; x_wconf 84' lang='lat' dir='ltr'><strong>ac</strong></span> <span class='ocrx_word' id='word_1_565' title='bbox 3305 3240 3582 3286; x_wconf 89' lang='lat' dir='ltr'><strong>momento</strong></span> 
     </span>
    </p>
   </div>
   <div class='ocr_carea' id='block_1_79' title="bbox 1996 3319 3580 3388">
    <p class='ocr_par' dir='ltr' id='par_1_79' title="bbox 1996 3319 3580 3388">
     <span class='ocr_line' id='line_1_79' title="bbox 1996 3319 3580 3388; baseline 0.004 -16"><span class='ocrx_word' id='word_1_566' title='bbox 1996 3319 2260 3388; x_wconf 83' lang='lat' dir='ltr'><strong>temporis</strong></span> <span class='ocrx_word' id='word_1_567' title='bbox 2287 3319 2339 3374; x_wconf 93' lang='lat' dir='ltr'><strong>id</strong></span> <span class='ocrx_word' id='word_1_568' title='bbox 2371 3320 2568 3375; x_wconf 87' lang='lat' dir='ltr'><strong>vulnus</strong></span> <span class='ocrx_word' id='word_1_569' title='bbox 2605 3320 2868 3377; x_wconf 82' lang='lat' dir='ltr'><strong>intlictum</strong></span> <span class='ocrx_word' id='word_1_570' title='bbox 2897 3321 3097 3387; x_wconf 89' lang='lat' dir='ltr'><strong>fuerat,</strong></span> <span class='ocrx_word' id='word_1_571' title='bbox 3124 3339 3224 3380; x_wconf 89' lang='lat' dir='ltr'><strong>nec</strong></span> <span class='ocrx_word' id='word_1_572' title='bbox 3255 3325 3397 3379; x_wconf 90' lang='lat' dir='ltr'><strong>unde</strong></span> <span class='ocrx_word' id='word_1_573' title='bbox 3431 3323 3580 3379; x_wconf 85' lang='lat' dir='ltr'><strong>inlli-</strong></span> 
     </span>
    </p>
   </div>
   <div class='ocr_carea' id='block_1_80' title="bbox 1995 3411 3581 3482">
    <p class='ocr_par' dir='ltr' id='par_1_80' title="bbox 1995 3411 3581 3482">
     <span class='ocr_line' id='line_1_80' title="bbox 1995 3411 3581 3482; baseline 0.004 -16"><span class='ocrx_word' id='word_1_574' title='bbox 1995 3417 2143 3466; x_wconf 85' lang='lat' dir='ltr'><strong>ctum</strong></span> <span class='ocrx_word' id='word_1_575' title='bbox 2170 3421 2286 3468; x_wconf 84' lang='lat' dir='ltr'><strong>erat</strong></span> <span class='ocrx_word' id='word_1_576' title='bbox 2317 3411 2610 3482; x_wconf 88' lang='lat' dir='ltr'><strong>quisquam</strong></span> <span class='ocrx_word' id='word_1_577' title='bbox 2637 3414 2860 3471; x_wconf 88' lang='lat' dir='ltr'><strong>sciebat.</strong></span> <span class='ocrx_word' id='word_1_578' title='bbox 2888 3418 2956 3470; x_wconf 81' lang='lat' dir='ltr'><strong>At</strong></span> <span class='ocrx_word' id='word_1_579' title='bbox 2985 3432 3114 3471; x_wconf 90' lang='lat' dir='ltr'><strong>vero</strong></span> <span class='ocrx_word' id='word_1_580' title='bbox 3143 3417 3311 3474; x_wconf 88' lang='lat' dir='ltr'><strong>miser</strong></span> <span class='ocrx_word' id='word_1_581' title='bbox 3331 3417 3581 3472; x_wconf 76' lang='lat' dir='ltr'><strong>lulianus</strong></span> 
     </span>
    </p>
   </div>
   <div class='ocr_carea' id='block_1_81' title="bbox 1997 3504 3584 3578">
    <p class='ocr_par' dir='ltr' id='par_1_81' title="bbox 1997 3504 3584 3578">
     <span class='ocr_line' id='line_1_81' title="bbox 1997 3504 3584 3578; baseline 0.003 -20"><span class='ocrx_word' id='word_1_582' title='bbox 1997 3519 2248 3559; x_wconf 87' lang='lat' dir='ltr'><strong>cruorem</strong></span> <span class='ocrx_word' id='word_1_583' title='bbox 2279 3519 2343 3558; x_wconf 87' lang='lat' dir='ltr'><strong>ex</strong></span> <span class='ocrx_word' id='word_1_584' title='bbox 2375 3504 2596 3559; x_wconf 80' lang='lat' dir='ltr'><strong>vulnere</strong></span> <span class='ocrx_word' id='word_1_585' title='bbox 2627 3507 2882 3562; x_wconf 87' lang='lat' dir='ltr'><strong>manibus</strong></span> <span class='ocrx_word' id='word_1_586' title='bbox 2905 3509 3022 3564; x_wconf 90' lang='lat' dir='ltr'><strong>suis</strong></span> <span class='ocrx_word' id='word_1_587' title='bbox 3052 3509 3353 3578; x_wconf 87' lang='lat' dir='ltr'><strong>excipiens.</strong></span> <span class='ocrx_word' id='word_1_588' title='bbox 3387 3509 3453 3563; x_wconf 89' lang='lat' dir='ltr'><strong>ad</strong></span> <span class='ocrx_word' id='word_1_589' title='bbox 3490 3524 3584 3562; x_wconf 88' lang='lat' dir='ltr'><strong>so-</strong></span> 
     </span>
    </p>
   </div>
   <div class='ocr_carea' id='block_1_82' title="bbox 1997 3593 3585 3664">
    <p class='ocr_par' dir='ltr' id='par_1_82' title="bbox 1997 3593 3585 3664">
     <span class='ocr_line' id='line_1_82' title="bbox 1997 3593 3585 3664; baseline 0.003 -16"><span class='ocrx_word' id='word_1_590' title='bbox 1997 3594 2102 3650; x_wconf 90' lang='lat' dir='ltr'><strong>lem</strong></span> <span class='ocrx_word' id='word_1_591' title='bbox 2139 3593 2403 3664; x_wconf 87' lang='lat' dir='ltr'><strong>projecit,</strong></span> <span class='ocrx_word' id='word_1_592' title='bbox 2438 3596 2580 3652; x_wconf 90' lang='lat' dir='ltr'><strong>elata</strong></span> <span class='ocrx_word' id='word_1_593' title='bbox 2618 3613 2753 3654; x_wconf 90' lang='lat' dir='ltr'><strong>voce</strong></span> <span class='ocrx_word' id='word_1_594' title='bbox 2802 3599 2991 3655; x_wconf 88' lang='lat' dir='ltr'><strong>dicens</strong></span> <span class='ocrx_word' id='word_1_595' title='bbox 3030 3618 3044 3654; x_wconf 91' lang='lat'><strong>:</strong></span> <span class='ocrx_word' id='word_1_596' title='bbox 3095 3599 3333 3655; x_wconf 77' lang='lat' dir='ltr'><strong>Saliare.</strong></span> <span class='ocrx_word' id='word_1_597' title='bbox 3391 3599 3494 3654; x_wconf 90' lang='lat' dir='ltr'><strong>Sed</strong></span> <span class='ocrx_word' id='word_1_598' title='bbox 3531 3611 3585 3655; x_wconf 88' lang='lat' dir='ltr'><strong>et</strong></span> 
     </span>
    </p>
   </div>
   <div class='ocr_carea' id='block_1_83' title="bbox 1997 3685 3583 3761">
    <p class='ocr_par' dir='ltr' id='par_1_83' title="bbox 1997 3685 3583 3761">
     <span class='ocr_line' id='line_1_83' title="bbox 1997 3685 3583 3761; baseline 0.004 -23"><span class='ocrx_word' id='word_1_599' title='bbox 1997 3686 2134 3740; x_wconf 91' lang='lat' dir='ltr'><strong>alios</strong></span> <span class='ocrx_word' id='word_1_600' title='bbox 2165 3685 2297 3740; x_wconf 86' lang='lat' dir='ltr'><strong>deos</strong></span> <span class='ocrx_word' id='word_1_601' title='bbox 2329 3685 2504 3742; x_wconf 88' lang='lat' dir='ltr'><strong>malos</strong></span> <span class='ocrx_word' id='word_1_602' title='bbox 2557 3697 2721 3758; x_wconf 87' lang='lat' dir='ltr'><strong>atque</strong></span> <span class='ocrx_word' id='word_1_603' title='bbox 2760 3690 3008 3746; x_wconf 81' lang='lat' dir='ltr'><strong>exitiales</strong></span> <span class='ocrx_word' id='word_1_604' title='bbox 3035 3692 3343 3761; x_wconf 81' lang='lat' dir='ltr'><strong>appellavit.</strong></span> <span class='ocrx_word' id='word_1_605' title='bbox 3378 3691 3500 3747; x_wconf 86' lang='lat' dir='ltr'><strong>Erat</strong></span> <span class='ocrx_word' id='word_1_606' title='bbox 3528 3693 3583 3745; x_wconf 88' lang='lat' dir='ltr'><strong>in</strong></span> 
     </span>
    </p>
   </div>
   <div class='ocr_carea' id='block_1_84' title="bbox 2001 3779 3585 3850">
    <p class='ocr_par' dir='ltr' id='par_1_84' title="bbox 2001 3779 3585 3850">
     <span class='ocr_line' id='line_1_84' title="bbox 2001 3779 3585 3850; baseline 0.004 -17"><span class='ocrx_word' id='word_1_607' title='bbox 2001 3779 2124 3849; x_wconf 88' lang='lat' dir='ltr'><strong>ejus</strong></span> <span class='ocrx_word' id='word_1_608' title='bbox 2181 3779 2446 3835; x_wconf 90' lang='lat' dir='ltr'><strong>comitatu</strong></span> <span class='ocrx_word' id='word_1_609' title='bbox 2505 3783 2996 3850; x_wconf 69' lang='lat' dir='ltr'><strong>praestantissimus</strong></span> <span class='ocrx_word' id='word_1_610' title='bbox 3029 3785 3364 3840; x_wconf 89' lang='lat' dir='ltr'><strong>medicorum</strong></span> <span class='ocrx_word' id='word_1_611' title='bbox 3396 3787 3585 3841; x_wconf 75' lang='lat' dir='ltr'><strong>Oriba-</strong></span> 
     </span>
    </p>
   </div>
   <div class='ocr_carea' id='block_1_85' title="bbox 1997 3869 3578 3946">
    <p class='ocr_par' dir='ltr' id='par_1_85' title="bbox 1997 3869 3578 3946">
     <span class='ocr_line' id='line_1_85' title="bbox 1997 3869 3578 3946; baseline 0.003 -20"><span class='ocrx_word' id='word_1_612' title='bbox 1997 3870 2135 3934; x_wconf 84' lang='lat' dir='ltr'><strong>sius,</strong></span> <span class='ocrx_word' id='word_1_613' title='bbox 2158 3870 2426 3928; x_wconf 88' lang='lat' dir='ltr'><strong>oriundus</strong></span> <span class='ocrx_word' id='word_1_614' title='bbox 2456 3886 2522 3926; x_wconf 78' lang='lat' dir='ltr'><strong>ex</strong></span> <span class='ocrx_word' id='word_1_615' title='bbox 2558 3869 2822 3928; x_wconf 89' lang='lat' dir='ltr'><strong>Sardibus</strong></span> <span class='ocrx_word' id='word_1_616' title='bbox 2854 3874 3056 3946; x_wconf 58' lang='lat' dir='ltr'><strong>Lydia.</strong></span> <span class='ocrx_word' id='word_1_617' title='bbox 3079 3873 3186 3932; x_wconf 87' lang='lat' dir='ltr'><strong>Sed</strong></span> <span class='ocrx_word' id='word_1_618' title='bbox 3208 3877 3407 3932; x_wconf 89' lang='lat' dir='ltr'><strong>vulnus</strong></span> <span class='ocrx_word' id='word_1_619' title='bbox 3429 3877 3578 3932; x_wconf 90' lang='lat' dir='ltr'><strong>omni</strong></span> 
     </span>
    </p>
   </div>
   <div class='ocr_carea' id='block_1_86' title="bbox 1997 3963 3580 4034">
    <p class='ocr_par' dir='ltr' id='par_1_86' title="bbox 1997 3963 3580 4034">
     <span class='ocr_line' id='line_1_86' title="bbox 1997 3963 3580 4034; baseline 0.002 -14"><span class='ocrx_word' id='word_1_620' title='bbox 1997 3963 2284 4020; x_wconf 65' lang='lat' dir='ltr'><strong>medicina-</strong></span> <span class='ocrx_word' id='word_1_621' title='bbox 2316 3971 2432 4019; x_wconf 87' lang='lat' dir='ltr'><strong>arte</strong></span> <span class='ocrx_word' id='word_1_622' title='bbox 2463 3964 2736 4034; x_wconf 85' lang='lat' dir='ltr'><strong>superius,</strong></span> <span class='ocrx_word' id='word_1_623' title='bbox 2765 3963 2982 4020; x_wconf 87' lang='lat' dir='ltr'><strong>Juliano</strong></span> <span class='ocrx_word' id='word_1_624' title='bbox 3026 3967 3167 4021; x_wconf 87' lang='lat' dir='ltr'><strong>intra</strong></span> <span class='ocrx_word' id='word_1_625' title='bbox 3224 3968 3462 4023; x_wconf 88' lang='lat' dir='ltr'><strong>triduum</strong></span> <span class='ocrx_word' id='word_1_626' title='bbox 3497 3971 3580 4023; x_wconf 51' lang='lat' dir='ltr'><strong>vi-</strong></span> 
     </span>
    </p>
   </div>
   <div class='ocr_carea' id='block_1_87' title="bbox 2001 4055 3582 4132">
    <p class='ocr_par' dir='ltr' id='par_1_87' title="bbox 2001 4055 3582 4132">
     <span class='ocr_line' id='line_1_87' title="bbox 2001 4055 3582 4132; baseline 0.001 -20"><span class='ocrx_word' id='word_1_627' title='bbox 2001 4065 2110 4112; x_wconf 90' lang='lat' dir='ltr'><strong>tam</strong></span> <span class='ocrx_word' id='word_1_628' title='bbox 2143 4055 2365 4122; x_wconf 88' lang='lat' dir='ltr'><strong>ademit,</strong></span> <span class='ocrx_word' id='word_1_629' title='bbox 2399 4071 2524 4112; x_wconf 91' lang='lat' dir='ltr'><strong>cum</strong></span> <span class='ocrx_word' id='word_1_630' title='bbox 2549 4055 2783 4112; x_wconf 72' lang='lat' dir='ltr'><strong>Caesaris</strong></span> <span class='ocrx_word' id='word_1_631' title='bbox 2814 4058 3036 4128; x_wconf 89' lang='lat' dir='ltr'><strong>quidem</strong></span> <span class='ocrx_word' id='word_1_632' title='bbox 3071 4059 3390 4130; x_wconf 73' lang='lat' dir='ltr'><strong>dignitatem</strong></span> <span class='ocrx_word' id='word_1_633' title='bbox 3421 4061 3582 4132; x_wconf 88' lang='lat' dir='ltr'><strong>quin-</strong></span> 
     </span>
    </p>
   </div>
   <div class='ocr_carea' id='block_1_88' title="bbox 1998 4147 3578 4222">
    <p class='ocr_par' dir='ltr' id='par_1_88' title="bbox 1998 4147 3578 4222">
     <span class='ocr_line' id='line_1_88' title="bbox 1998 4147 3578 4222; baseline 0.002 -19"><span class='ocrx_word' id='word_1_634' title='bbox 1998 4147 2259 4218; x_wconf 90' lang='lat' dir='ltr'><strong>quennio,</strong></span> <span class='ocrx_word' id='word_1_635' title='bbox 2290 4148 2596 4217; x_wconf 83' lang='lat' dir='ltr'><strong>Augustum</strong></span> <span class='ocrx_word' id='word_1_636' title='bbox 2643 4157 2825 4202; x_wconf 86' lang='lat' dir='ltr'><strong>autem</strong></span> <span class='ocrx_word' id='word_1_637' title='bbox 2860 4148 3152 4219; x_wconf 89' lang='lat' dir='ltr'><strong>imperium</strong></span> <span class='ocrx_word' id='word_1_638' title='bbox 3184 4165 3310 4222; x_wconf 88' lang='lat' dir='ltr'><strong>post</strong></span> <span class='ocrx_word' id='word_1_639' title='bbox 3347 4161 3578 4208; x_wconf 90' lang='lat' dir='ltr'><strong>mortem</strong></span> 
     </span>
    </p>
   </div>
   <div class='ocr_carea' id='block_1_89' title="bbox 1999 4235 3583 4308">
    <p class='ocr_par' dir='ltr' id='par_1_89' title="bbox 1999 4235 3583 4308">
     <span class='ocr_line' id='line_1_89' title="bbox 1999 4235 3583 4308; baseline 0 -16"><span class='ocrx_word' id='word_1_640' title='bbox 1999 4235 2305 4292; x_wconf 83' lang='lat' dir='ltr'><strong>Constantii</strong></span> <span class='ocrx_word' id='word_1_641' title='bbox 2357 4235 2574 4290; x_wconf 85' lang='lat' dir='ltr'><strong>duobus</strong></span> <span class='ocrx_word' id='word_1_642' title='bbox 2625 4235 2787 4290; x_wconf 86' lang='lat' dir='ltr'><strong>annis</strong></span> <span class='ocrx_word' id='word_1_643' title='bbox 2829 4251 2895 4291; x_wconf 92' lang='lat' dir='ltr'><strong>ac</strong></span> <span class='ocrx_word' id='word_1_644' title='bbox 2943 4236 3170 4292; x_wconf 90' lang='lat' dir='ltr'><strong>dimidio</strong></span> <span class='ocrx_word' id='word_1_645' title='bbox 3200 4239 3479 4308; x_wconf 78' lang='lat' dir='ltr'><strong>gessisset.</strong></span> <span class='ocrx_word' id='word_1_646' title='bbox 3514 4239 3583 4293; x_wconf 81' lang='lat' dir='ltr'><strong>Et</strong></span> 
     </span>
    </p>
   </div>
   <div class='ocr_carea' id='block_1_90' title="bbox 1998 4327 3580 4399">
    <p class='ocr_par' dir='ltr' id='par_1_90' title="bbox 1998 4327 3580 4399">
     <span class='ocr_line' id='line_1_90' title="bbox 1998 4327 3580 4399; baseline 0.002 -16"><span class='ocrx_word' id='word_1_647' title='bbox 1998 4327 2398 4399; x_wconf 75' lang='lat' dir='ltr'><strong>Pbilostorgius</strong></span> <span class='ocrx_word' id='word_1_648' title='bbox 2439 4328 2656 4396; x_wconf 86' lang='lat' dir='ltr'><strong>quidem</strong></span> <span class='ocrx_word' id='word_1_649' title='bbox 2713 4328 2819 4384; x_wconf 93' lang='lat' dir='ltr'><strong>hoc</strong></span> <span class='ocrx_word' id='word_1_650' title='bbox 2876 4329 2999 4384; x_wconf 93' lang='lat' dir='ltr'><strong>loco</strong></span> <span class='ocrx_word' id='word_1_651' title='bbox 3045 4329 3268 4398; x_wconf 91' lang='lat' dir='ltr'><strong>scribit,</strong></span> <span class='ocrx_word' id='word_1_652' title='bbox 3300 4330 3580 4386; x_wconf 81' lang='lat' dir='ltr'><strong>Julianuin</strong></span> 
     </span>
    </p>
   </div>
   <div class='ocr_carea' id='block_1_91' title="bbox 1921 4417 3580 4489">
    <p class='ocr_par' dir='ltr' id='par_1_91' title="bbox 1921 4417 3580 4489">
     <span class='ocr_line' id='line_1_91' title="bbox 1921 4417 3580 4489; baseline -0.001 -13"><span class='ocrx_word' id='word_1_653' title='bbox 1921 4417 1971 4476; x_wconf 86' lang='lat' dir='ltr'><strong>D</strong></span> <span class='ocrx_word' id='word_1_654' title='bbox 1997 4426 2253 4474; x_wconf 88' lang='lat' dir='ltr'><strong>haustum</strong></span> <span class='ocrx_word' id='word_1_655' title='bbox 2283 4417 2608 4488; x_wconf 75' lang='lat' dir='ltr'><strong>sanguinem</strong></span> <span class='ocrx_word' id='word_1_656' title='bbox 2628 4417 2682 4472; x_wconf 92' lang='lat' dir='ltr'><strong>in</strong></span> <span class='ocrx_word' id='word_1_657' title='bbox 2711 4419 2881 4474; x_wconf 82' lang='lat' dir='ltr'><strong>solem</strong></span> <span class='ocrx_word' id='word_1_658' title='bbox 2909 4419 3225 4489; x_wconf 88' lang='lat' dir='ltr'><strong>projecisse,</strong></span> <span class='ocrx_word' id='word_1_659' title='bbox 3251 4429 3305 4475; x_wconf 92' lang='lat' dir='ltr'><strong>et</strong></span> <span class='ocrx_word' id='word_1_660' title='bbox 3333 4423 3438 4477; x_wconf 91' lang='lat' dir='ltr'><strong>diis</strong></span> <span class='ocrx_word' id='word_1_661' title='bbox 3463 4421 3580 4477; x_wconf 91' lang='lat' dir='ltr'><strong>suis</strong></span> 
     </span>
    </p>
   </div>
   <div class='ocr_carea' id='block_1_92' title="bbox 295 4511 3582 4588">
    <p class='ocr_par' dir='ltr' id='par_1_92' title="bbox 295 4511 3582 4588">
     <span class='ocr_line' id='line_1_92' title="bbox 295 4511 3582 4588; baseline -0 -18"><span class='ocrx_word' id='word_1_662' title='bbox 295 4515 669 4570; x_wconf 85' lang='lat' dir='ltr'><strong>conviciatum</strong></span> <span class='ocrx_word' id='word_1_663' title='bbox 701 4530 842 4571; x_wconf 89' lang='lat' dir='ltr'><strong>esse.</strong></span> <span class='ocrx_word' id='word_1_664' title='bbox 879 4515 1131 4587; x_wconf 84' lang='lat' dir='ltr'><strong>Plerique</strong></span> <span class='ocrx_word' id='word_1_665' title='bbox 1178 4525 1360 4572; x_wconf 88' lang='lat' dir='ltr'><strong>tamen</strong></span> <span class='ocrx_word' id='word_1_666' title='bbox 1402 4518 1645 4573; x_wconf 65' lang='lat' dir='ltr'><strong>historiae</strong></span> <span class='ocrx_word' id='word_1_667' title='bbox 1689 4519 2005 4588; x_wconf 84' lang='lat' dir='ltr'><strong>scriptores,</strong></span> <span class='ocrx_word' id='word_1_668' title='bbox 2059 4525 2352 4584; x_wconf 88' lang='lat' dir='ltr'><strong>utrumque</strong></span> <span class='ocrx_word' id='word_1_669' title='bbox 2384 4515 2579 4569; x_wconf 93' lang='lat' dir='ltr'><strong>horum</strong></span> <span class='ocrx_word' id='word_1_670' title='bbox 2619 4529 2650 4568; x_wconf 92' lang='lat' dir='ltr'><strong>a</strong></span> <span class='ocrx_word' id='word_1_671' title='bbox 2701 4511 2921 4569; x_wconf 88' lang='lat' dir='ltr'><strong>Juliano</strong></span> <span class='ocrx_word' id='word_1_672' title='bbox 2947 4513 3148 4569; x_wconf 89' lang='lat' dir='ltr'><strong>factum</strong></span> <span class='ocrx_word' id='word_1_673' title='bbox 3179 4531 3300 4572; x_wconf 86' lang='lat' dir='ltr'><strong>esse</strong></span> <span class='ocrx_word' id='word_1_674' title='bbox 3358 4517 3582 4572; x_wconf 89' lang='lat' dir='ltr'><strong>tradunt</strong></span> 
     </span>
    </p>
   </div>
   <div class='ocr_carea' id='block_1_93' title="bbox 297 4612 2236 4671">
    <p class='ocr_par' dir='ltr' id='par_1_93' title="bbox 297 4612 2236 4671">
     <span class='ocr_line' id='line_1_93' title="bbox 297 4612 2236 4671; baseline -0.003 -3"><span class='ocrx_word' id='word_1_675' title='bbox 297 4614 570 4668; x_wconf 84' lang='lat' dir='ltr'><strong>adversus</strong></span> <span class='ocrx_word' id='word_1_676' title='bbox 599 4612 886 4668; x_wconf 80' lang='lat' dir='ltr'><strong>Dominum</strong></span> <span class='ocrx_word' id='word_1_677' title='bbox 927 4621 1175 4669; x_wconf 83' lang='lat' dir='ltr'><strong>nostrum</strong></span> <span class='ocrx_word' id='word_1_678' title='bbox 1202 4629 1265 4669; x_wconf 88' lang='lat' dir='ltr'><strong>ac</strong></span> <span class='ocrx_word' id='word_1_679' title='bbox 1289 4612 1457 4670; x_wconf 85' lang='lat' dir='ltr'><strong>Deum</strong></span> <span class='ocrx_word' id='word_1_680' title='bbox 1486 4630 1674 4671; x_wconf 86' lang='lat' dir='ltr'><strong>verum</strong></span> <span class='ocrx_word' id='word_1_681' title='bbox 1705 4613 1890 4669; x_wconf 86' lang='lat' dir='ltr'><strong>Jesum</strong></span> <span class='ocrx_word' id='word_1_682' title='bbox 1931 4613 2236 4668; x_wconf 83' lang='lat' dir='ltr'><strong>Christum.</strong></span> 
     </span>
    </p>
   </div>
   <div class='ocr_carea' id='block_1_94' title="bbox 624 4729 1567 4784">
    <p class='ocr_par' dir='ltr' id='par_1_94' title="bbox 624 4729 1567 4784">
     <span class='ocr_line' id='line_1_94' title="bbox 624 4729 1567 4784; baseline 0 -2"><span class='ocrx_word' id='word_1_683' title='bbox 624 4731 715 4783; x_wconf 79' lang='grc' dir='ltr'><strong>ΕΚ</strong></span> <span class='ocrx_word' id='word_1_684' title='bbox 752 4729 889 4783; x_wconf 77' lang='grc' dir='ltr'><strong>ΤΗΣ</strong></span> <span class='ocrx_word' id='word_1_685' title='bbox 920 4729 1186 4784; x_wconf 80' lang='grc' dir='ltr'><strong>ΟΓΔΟΗΣ</strong></span> <span class='ocrx_word' id='word_1_686' title='bbox 1231 4731 1567 4783; x_wconf 78' lang='grc' dir='ltr'><strong>ΙΣΤΟΡῘΛΣ.</strong></span> 
     </span>
    </p>
   </div>
   <div class='ocr_carea' id='block_1_95' title="bbox 371 4812 1890 4894">
    <p class='ocr_par' dir='ltr' id='par_1_95' title="bbox 371 4812 1890 4894">
     <span class='ocr_line' id='line_1_95' title="bbox 371 4812 1890 4894; baseline -0.002 -18"><span class='ocrx_word' id='word_1_687' title='bbox 371 4821 444 4876; x_wconf 87' lang='grc' dir='ltr'>α’.</span> <span class='ocrx_word' id='word_1_688' title='bbox 487 4823 609 4876; x_wconf 83' lang='grc' dir='ltr'><strong>Ὅτι</strong></span> <span class='ocrx_word' id='word_1_689' title='bbox 629 4826 694 4894; x_wconf 79' lang='grc' dir='ltr'><strong>τῇ</strong></span> <span class='ocrx_word' id='word_1_690' title='bbox 725 4822 985 4894; x_wconf 85' lang='grc' dir='ltr'>ἐπαύριον</span> <span class='ocrx_word' id='word_1_691' title='bbox 1012 4821 1104 4876; x_wconf 82' lang='grc' dir='ltr'>τοῦ</span> <span class='ocrx_word' id='word_1_692' title='bbox 1133 4812 1599 4893; x_wconf 66' lang='grc' dir='ltr'>διαφθαρῆναιτδν</span> <span class='ocrx_word' id='word_1_693' title='bbox 1637 4816 1890 4873; x_wconf 78' lang='grc' dir='ltr'>Ἀποστά-</span> 
     </span>
    </p>
   </div>
   <div class='ocr_carea' id='block_1_96' title="bbox 2232 4719 3359 4780">
    <p class='ocr_par' dir='ltr' id='par_1_96' title="bbox 2232 4719 3359 4780">
     <span class='ocr_line' id='line_1_96' title="bbox 2232 4719 3359 4780; baseline 0.004 -5"><span class='ocrx_word' id='word_1_694' title='bbox 2232 4721 2320 4776; x_wconf 79' lang='lat' dir='ltr'><strong>EX</strong></span> <span class='ocrx_word' id='word_1_695' title='bbox 2391 4722 2597 4779; x_wconf 79' lang='lat' dir='ltr'><strong>LIBRO</strong></span> <span class='ocrx_word' id='word_1_696' title='bbox 2657 4724 2935 4780; x_wconf 73' lang='lat' dir='ltr'><strong>OCTAVO</strong></span> <span class='ocrx_word' id='word_1_697' title='bbox 2991 4719 3359 4780; x_wconf 54' lang='lat' dir='ltr'><strong>HISTORIA).</strong></span> 
     </span>
    </p>
   </div>
   <div class='ocr_carea' id='block_1_97' title="bbox 2070 4815 3578 4888">
    <p class='ocr_par' dir='ltr' id='par_1_97' title="bbox 2070 4815 3578 4888">
     <span class='ocr_line' id='line_1_97' title="bbox 2070 4815 3578 4888; baseline 0.003 -16"><span class='ocrx_word' id='word_1_698' title='bbox 2070 4820 2119 4872; x_wconf 83' lang='lat' dir='ltr'><strong>l.</strong></span> <span class='ocrx_word' id='word_1_699' title='bbox 2150 4815 2410 4872; x_wconf 80' lang='lat' dir='ltr'><strong>Jovianus</strong></span> <span class='ocrx_word' id='word_1_700' title='bbox 2457 4819 2584 4888; x_wconf 86' lang='lat' dir='ltr'><strong>imp.</strong></span> <span class='ocrx_word' id='word_1_701' title='bbox 2626 4848 2697 4858; x_wconf 90' lang='lat'><strong>-—</strong></span> <span class='ocrx_word' id='word_1_702' title='bbox 2735 4819 2864 4875; x_wconf 87' lang='lat' dir='ltr'><strong>Post</strong></span> <span class='ocrx_word' id='word_1_703' title='bbox 2923 4821 3130 4874; x_wconf 86' lang='lat' dir='ltr'><strong>obitum</strong></span> <span class='ocrx_word' id='word_1_704' title='bbox 3164 4817 3386 4885; x_wconf 80' lang='lat' dir='ltr'><strong>Juliaui,</strong></span> <span class='ocrx_word' id='word_1_705' title='bbox 3421 4835 3578 4876; x_wconf 81' lang='lat' dir='ltr'><strong>excr-</strong></span> 
     </span>
    </p>
   </div>
   <div class='ocr_carea' id='block_1_98' title="bbox 1532 4991 2311 5039">
    <p class='ocr_par' dir='ltr' id='par_1_98' title="bbox 1532 4991 2311 5039">
     <span class='ocr_line' id='line_1_98' title="bbox 1532 4991 2311 5039; baseline 0.001 -3"><span class='ocrx_word' id='word_1_706' title='bbox 1532 4992 1776 5036; x_wconf 78' lang='lat' dir='ltr'><strong>VALESII</strong></span> <span class='ocrx_word' id='word_1_707' title='bbox 1816 4991 2214 5039; x_wconf 77' lang='grc' dir='ltr'><strong>ΑΝΝΟΤΑΤῙΟΝ</strong></span> <span class='ocrx_word' id='word_1_708' title='bbox 2220 4995 2311 5039; x_wconf 86' lang='lat' dir='ltr'><strong>ES.</strong></span> 
     </span>
    </p>
   </div>
   <div class='ocr_carea' id='block_1_99' title="bbox 375 5095 1884 5169">
    <p class='ocr_par' dir='ltr' id='par_1_99' title="bbox 375 5095 1884 5169">
     <span class='ocr_line' id='line_1_99' title="bbox 375 5095 1884 5169; baseline -0.003 -15"><span class='ocrx_word' id='word_1_709' title='bbox 375 5100 496 5168; x_wconf 89' lang='lat'><strong>(80)</strong></span> <span class='ocrx_word' id='word_1_710' title='bbox 542 5096 692 5169; x_wconf 77' lang='grc' dir='ltr'><strong>Ἤδη</strong></span> <span class='ocrx_word' id='word_1_711' title='bbox 723 5100 980 5168; x_wconf 79' lang='grc' dir='ltr'>ἀπέστη.</span> <span class='ocrx_word' id='word_1_712' title='bbox 1024 5099 1080 5153; x_wconf 96' lang='lat' dir='ltr'><strong>ln</strong></span> <span class='ocrx_word' id='word_1_713' title='bbox 1129 5098 1317 5154; x_wconf 87' lang='lat' dir='ltr'><strong>codice</strong></span> <span class='ocrx_word' id='word_1_714' title='bbox 1366 5096 1741 5169; x_wconf 83' lang='lat' dir='ltr'><strong>manuscripto</strong></span> <span class='ocrx_word' id='word_1_715' title='bbox 1786 5095 1884 5149; x_wconf 90' lang='lat' dir='ltr'><strong>Sa-</strong></span> 
     </span>
    </p>
   </div>
   <div class='ocr_carea' id='block_1_100' title="bbox 300 5167 1881 5239">
    <p class='ocr_par' dir='ltr' id='par_1_100' title="bbox 300 5167 1881 5239">
     <span class='ocr_line' id='line_1_100' title="bbox 300 5167 1881 5239; baseline -0.004 -13"><span class='ocrx_word' id='word_1_716' title='bbox 300 5167 506 5226; x_wconf 84' lang='lat' dir='ltr'><strong>muelis</strong></span> <span class='ocrx_word' id='word_1_717' title='bbox 541 5167 790 5226; x_wconf 48' lang='lat' dir='ltr'><strong>Boch&#39;arti</strong></span> <span class='ocrx_word' id='word_1_718' title='bbox 827 5171 895 5225; x_wconf 91' lang='lat' dir='ltr'><strong>ad</strong></span> <span class='ocrx_word' id='word_1_719' title='bbox 928 5167 1114 5225; x_wconf 87' lang='lat' dir='ltr'><strong>vocem</strong></span> <span class='ocrx_word' id='word_1_720' title='bbox 1171 5169 1381 5239; x_wconf 78' lang='grc' dir='ltr'>ἀπέστη</span> <span class='ocrx_word' id='word_1_721' title='bbox 1437 5167 1734 5239; x_wconf 80' lang='lat' dir='ltr'><strong>asteriscus</strong></span> <span class='ocrx_word' id='word_1_722' title='bbox 1774 5181 1881 5239; x_wconf 78' lang='lat' dir='ltr'><strong>no-</strong></span> 
     </span>
    </p>
   </div>
   <div class='ocr_carea' id='block_1_101' title="bbox 300 5236 1877 5309">
    <p class='ocr_par' dir='ltr' id='par_1_101' title="bbox 300 5236 1877 5309">
     <span class='ocr_line' id='line_1_101' title="bbox 300 5236 1877 5309; baseline -0.006 -12"><span class='ocrx_word' id='word_1_723' title='bbox 300 5252 454 5298; x_wconf 83' lang='lat' dir='ltr'><strong>tatus</strong></span> <span class='ocrx_word' id='word_1_724' title='bbox 486 5249 592 5303; x_wconf 73' lang='lat' dir='ltr'><strong>est,</strong></span> <span class='ocrx_word' id='word_1_725' title='bbox 616 5251 671 5296; x_wconf 90' lang='lat' dir='ltr'><strong>et</strong></span> <span class='ocrx_word' id='word_1_726' title='bbox 690 5241 756 5295; x_wconf 89' lang='lat' dir='ltr'><strong>ad</strong></span> <span class='ocrx_word' id='word_1_727' title='bbox 784 5241 1086 5309; x_wconf 79' lang='lat' dir='ltr'><strong>marginem</strong></span> <span class='ocrx_word' id='word_1_728' title='bbox 1110 5241 1349 5307; x_wconf 87' lang='lat' dir='ltr'><strong>ascripta</strong></span> <span class='ocrx_word' id='word_1_729' title='bbox 1371 5236 1507 5292; x_wconf 83' lang='lat' dir='ltr'><strong>sunt</strong></span> <span class='ocrx_word' id='word_1_730' title='bbox 1529 5237 1643 5309; x_wconf 72' lang='lat' dir='ltr'><strong>haec</strong></span> <span class='ocrx_word' id='word_1_731' title='bbox 1676 5236 1837 5290; x_wconf 87' lang='lat' dir='ltr'><strong>verba</strong></span> <span class='ocrx_word' id='word_1_732' title='bbox 1864 5253 1877 5288; x_wconf 77' lang='grc' dir='ltr'><strong>ε</strong></span> 
     </span>
    </p>
   </div>
   <div class='ocr_carea' id='block_1_102' title="bbox 295 5307 1884 5376">
    <p class='ocr_par' dir='ltr' id='par_1_102' title="bbox 295 5307 1884 5376">
     <span class='ocr_line' id='line_1_102' title="bbox 295 5307 1884 5376; baseline -0.006 -8"><span class='ocrx_word' id='word_1_733' title='bbox 295 5310 453 5368; x_wconf 74' lang='lat' dir='ltr'><strong>locus</strong></span> <span class='ocrx_word' id='word_1_734' title='bbox 496 5328 599 5365; x_wconf 83' lang='lat' dir='ltr'><strong>non</strong></span> <span class='ocrx_word' id='word_1_735' title='bbox 650 5327 831 5366; x_wconf 79' lang='lat' dir='ltr'><strong>sanus.</strong></span> <span class='ocrx_word' id='word_1_736' title='bbox 869 5307 1069 5366; x_wconf 75' lang='lat' dir='ltr'><strong>Dcinde</strong></span> <span class='ocrx_word' id='word_1_737' title='bbox 1111 5308 1518 5364; x_wconf 87' lang='lat' dir='ltr'><strong>emendationes</strong></span> <span class='ocrx_word' id='word_1_738' title='bbox 1558 5307 1758 5375; x_wconf 69' lang='lat' dir='ltr'><strong>aliqua:</strong></span> <span class='ocrx_word' id='word_1_739' title='bbox 1786 5321 1884 5376; x_wconf 82' lang='lat' dir='ltr'><strong>ap-</strong></span> 
     </span>
    </p>
   </div>
   <div class='ocr_carea' id='block_1_103' title="bbox 1991 5094 3570 5154">
    <p class='ocr_par' dir='ltr' id='par_1_103' title="bbox 1991 5094 3570 5154">
     <span class='ocr_line' id='line_1_103' title="bbox 1991 5094 3570 5154; baseline 0.001 -3"><span class='ocrx_word' id='word_1_740' title='bbox 1991 5096 2110 5151; x_wconf 92' lang='lat' dir='ltr'><strong>dice</strong></span> <span class='ocrx_word' id='word_1_741' title='bbox 2147 5094 2420 5151; x_wconf 83' lang='lat' dir='ltr'><strong>Samuelis</strong></span> <span class='ocrx_word' id='word_1_742' title='bbox 2451 5095 2701 5151; x_wconf 86' lang='lat' dir='ltr'><strong>Bocharti</strong></span> <span class='ocrx_word' id='word_1_743' title='bbox 2743 5097 3002 5151; x_wconf 84' lang='lat' dir='ltr'><strong>scribitur</strong></span> <span class='ocrx_word' id='word_1_744' title='bbox 3037 5097 3124 5151; x_wconf 94' lang='lat' dir='ltr'><strong>hic</strong></span> <span class='ocrx_word' id='word_1_745' title='bbox 3158 5098 3308 5151; x_wconf 91' lang='lat' dir='ltr'><strong>locus</strong></span> <span class='ocrx_word' id='word_1_746' title='bbox 3342 5096 3394 5150; x_wconf 92' lang='lat' dir='ltr'><strong>in</strong></span> <span class='ocrx_word' id='word_1_747' title='bbox 3423 5097 3570 5154; x_wconf 90' lang='lat' dir='ltr'><strong>hunc</strong></span> 
     </span>
    </p>
   </div>
   <div class='ocr_carea' id='block_1_104' title="bbox 1990 5165 3568 5236">
    <p class='ocr_par' dir='ltr' id='par_1_104' title="bbox 1990 5165 3568 5236">
     <span class='ocr_line' id='line_1_104' title="bbox 1990 5165 3568 5236; baseline 0.003 -16"><span class='ocrx_word' id='word_1_748' title='bbox 1990 5167 2212 5220; x_wconf 87' lang='lat' dir='ltr'><strong>modum</strong></span> <span class='ocrx_word' id='word_1_749' title='bbox 2242 5185 2254 5218; x_wconf 91' lang='lat'><strong>:</strong></span> <span class='ocrx_word' id='word_1_750' title='bbox 2291 5167 2351 5219; x_wconf 75' lang='grc' dir='ltr'><strong>τδ</strong></span> <span class='ocrx_word' id='word_1_751' title='bbox 2374 5167 2431 5219; x_wconf 75' lang='grc' dir='ltr'>δὲ</span> <span class='ocrx_word' id='word_1_752' title='bbox 2455 5165 2724 5236; x_wconf 82' lang='grc' dir='ltr'>Περσικὸν</span> <span class='ocrx_word' id='word_1_753' title='bbox 2755 5167 3040 5220; x_wconf 86' lang='grc' dir='ltr'>ἐπελαύνει</span> <span class='ocrx_word' id='word_1_754' title='bbox 3088 5167 3209 5220; x_wconf 84' lang='grc' dir='ltr'>κατ’</span> <span class='ocrx_word' id='word_1_755' title='bbox 3237 5167 3434 5231; x_wconf 73' lang='grc' dir='ltr'>αὐτῶν,</span> <span class='ocrx_word' id='word_1_756' title='bbox 3459 5179 3568 5230; x_wconf 84' lang='lat' dir='ltr'><strong>etc.</strong></span> 
     </span>
    </p>
   </div>
   <div class='ocr_carea' id='block_1_105' title="bbox 1988 5235 3566 5306">
    <p class='ocr_par' dir='ltr' id='par_1_105' title="bbox 1988 5235 3566 5306">
     <span class='ocr_line' id='line_1_105' title="bbox 1988 5235 3566 5306; baseline 0.003 -17"><span class='ocrx_word' id='word_1_757' title='bbox 1988 5237 2131 5306; x_wconf 84' lang='lat' dir='ltr'><strong>quod</strong></span> <span class='ocrx_word' id='word_1_758' title='bbox 2163 5237 2383 5306; x_wconf 89' lang='lat' dir='ltr'><strong>quidem</strong></span> <span class='ocrx_word' id='word_1_759' title='bbox 2404 5235 2575 5291; x_wconf 88' lang='lat' dir='ltr'><strong>miror</strong></span> <span class='ocrx_word' id='word_1_760' title='bbox 2591 5237 2660 5291; x_wconf 91' lang='lat' dir='ltr'><strong>ab</strong></span> <span class='ocrx_word' id='word_1_761' title='bbox 2681 5235 2961 5291; x_wconf 82' lang='lat' dir='ltr'><strong>llolstenio</strong></span> <span class='ocrx_word' id='word_1_762' title='bbox 2985 5237 3426 5292; x_wconf 82' lang='lat' dir='ltr'><strong>animadversum</strong></span> <span class='ocrx_word' id='word_1_763' title='bbox 3458 5256 3566 5294; x_wconf 86' lang='lat' dir='ltr'><strong>non</strong></span> 
     </span>
    </p>
   </div>
   <div class='ocr_carea' id='block_1_106' title="bbox 1987 5305 3620 5379">
    <p class='ocr_par' dir='ltr' id='par_1_106' title="bbox 1987 5305 3620 5379">
     <span class='ocr_line' id='line_1_106' title="bbox 1987 5305 3620 5379; baseline 0.004 -20"><span class='ocrx_word' id='word_1_764' title='bbox 1987 5305 2368 5379; x_wconf 38' lang='lat' dir='ltr'><strong>fuissegPaulo</strong></span> <span class='ocrx_word' id='word_1_765' title='bbox 2397 5315 2520 5379; x_wconf 86' lang='lat' dir='ltr'><strong>post</strong></span> <span class='ocrx_word' id='word_1_766' title='bbox 2551 5306 2642 5360; x_wconf 92' lang='lat' dir='ltr'><strong>ubi</strong></span> <span class='ocrx_word' id='word_1_767' title='bbox 2679 5307 2894 5379; x_wconf 73' lang='lat' dir='ltr'><strong>legitur,</strong></span> <span class='ocrx_word' id='word_1_768' title='bbox 2943 5307 3165 5379; x_wconf 79' lang='grc' dir='ltr'>πλήττει</span> <span class='ocrx_word' id='word_1_769' title='bbox 3190 5308 3296 5379; x_wconf 77' lang='grc' dir='ltr'><strong>μὲν</strong></span> <span class='ocrx_word' id='word_1_770' title='bbox 3325 5308 3487 5362; x_wconf 83' lang='grc' dir='ltr'>αὑτὸν</span> <span class='ocrx_word' id='word_1_771' title='bbox 3509 5312 3570 5364; x_wconf 89' lang='grc' dir='ltr'><strong>ἐν</strong></span> <span class='ocrx_word' id='word_1_772' title='bbox 3612 5362 3620 5372; x_wconf 83' lang='grc'><em>,</em></span> 
     </span>
    </p>
   </div>
   <div class='ocr_carea' id='block_1_107' title="bbox 297 5373 3568 5508">
    <p class='ocr_par' dir='ltr' id='par_1_107' title="bbox 297 5373 3568 5508">
     <span class='ocr_line' id='line_1_107' title="bbox 380 5373 3568 5448; baseline 0 -13"><span class='ocrx_word' id='word_1_773' title='bbox 380 5392 587 5436; x_wconf 89' lang='lat' dir='ltr'><strong>nuntur</strong></span> <span class='ocrx_word' id='word_1_774' title='bbox 611 5383 747 5436; x_wconf 88' lang='lat' dir='ltr'><strong>adeo</strong></span> <span class='ocrx_word' id='word_1_775' title='bbox 790 5380 1059 5443; x_wconf 81' lang='lat' dir='ltr'><strong>infelices,</strong></span> <span class='ocrx_word' id='word_1_776' title='bbox 1104 5389 1163 5434; x_wconf 93' lang='lat' dir='ltr'><strong>ut</strong></span> <span class='ocrx_word' id='word_1_777' title='bbox 1206 5395 1300 5434; x_wconf 86' lang='lat' dir='ltr'><strong>eas</strong></span> <span class='ocrx_word' id='word_1_778' title='bbox 1337 5378 1616 5448; x_wconf 92' lang='lat' dir='ltr'><strong>conjector</strong></span> <span class='ocrx_word' id='word_1_779' title='bbox 1647 5373 1762 5446; x_wconf 87' lang='lat' dir='ltr'><strong>ipse</strong></span> <span class='ocrx_word' id='word_1_780' title='bbox 1788 5373 1883 5429; x_wconf 80' lang='lat' dir='ltr'><strong>de-</strong></span> <span class='ocrx_word' id='word_1_781' title='bbox 1991 5373 2135 5445; x_wconf 82' lang='grc' dir='ltr'>ίσχύ,</span> <span class='ocrx_word' id='word_1_782' title='bbox 2179 5375 2321 5431; x_wconf 90' lang='lat' dir='ltr'><strong>idem</strong></span> <span class='ocrx_word' id='word_1_783' title='bbox 2377 5373 2549 5432; x_wconf 79' lang='lat' dir='ltr'><strong>codex</strong></span> <span class='ocrx_word' id='word_1_784' title='bbox 2597 5373 2862 5446; x_wconf 87' lang='lat' dir='ltr'><strong>scriptum</strong></span> <span class='ocrx_word' id='word_1_785' title='bbox 2907 5373 3068 5431; x_wconf 75' lang='lat' dir='ltr'><strong>habet</strong></span> <span class='ocrx_word' id='word_1_786' title='bbox 3097 5380 3155 5430; x_wconf 86' lang='grc' dir='ltr'>ἐν</span> <span class='ocrx_word' id='word_1_787' title='bbox 3184 5373 3348 5448; x_wconf 74' lang='grc' dir='ltr'>ἰσχύϊ.</span> <span class='ocrx_word' id='word_1_788' title='bbox 3389 5383 3568 5448; x_wconf 86' lang='lat' dir='ltr'><strong>Atque</strong></span> 
     </span>
     <span class='ocr_line' id='line_1_108' title="bbox 297 5397 3560 5508; baseline -0.002 0"><span class='ocrx_word' id='word_1_789' title='bbox 297 5397 521 5508; x_wconf 48' lang='lat' dir='ltr'><strong>merit.</strong></span> <span class='ocrx_word' id='word_1_790' title='bbox 549 5452 662 5508; x_wconf 76' lang='grc' dir='ltr'>Εαο</span> <span class='ocrx_word' id='word_1_791' title='bbox 699 5467 830 5507; x_wconf 89' lang='lat' dir='ltr'><strong>vero</strong></span> <span class='ocrx_word' id='word_1_792' title='bbox 870 5461 1164 5508; x_wconf 82' lang='lat' dir='ltr'><strong>antequam</strong></span> <span class='ocrx_word' id='word_1_793' title='bbox 1209 5449 1455 5504; x_wconf 90' lang='lat' dir='ltr'><strong>codicem</strong></span> <span class='ocrx_word' id='word_1_794' title='bbox 1502 5447 1653 5500; x_wconf 92' lang='lat' dir='ltr'><strong>illum</strong></span> <span class='ocrx_word' id='word_1_795' title='bbox 1694 5455 1888 5500; x_wconf 88' lang='lat' dir='ltr'><strong>nactus</strong></span> <span class='ocrx_word' id='word_1_796' title='bbox 1996 5447 2068 5499; x_wconf 90' lang='lat' dir='ltr'><strong>ita</strong></span> <span class='ocrx_word' id='word_1_797' title='bbox 2104 5445 2217 5500; x_wconf 85' lang='lat' dir='ltr'><strong>fere</strong></span> <span class='ocrx_word' id='word_1_798' title='bbox 2239 5445 2412 5500; x_wconf 81' lang='lat' dir='ltr'><strong>codex</strong></span> <span class='ocrx_word' id='word_1_799' title='bbox 2446 5445 2838 5501; x_wconf 83' lang='lat' dir='ltr'><strong>Scoriacensis.</strong></span> <span class='ocrx_word' id='word_1_800' title='bbox 2869 5447 2982 5508; x_wconf 73' lang='lat' dir='ltr'><strong>Ego</strong></span> <span class='ocrx_word' id='word_1_801' title='bbox 3005 5461 3184 5502; x_wconf 90' lang='lat' dir='ltr'><strong>tamen</strong></span> <span class='ocrx_word' id='word_1_802' title='bbox 3215 5451 3560 5508; x_wconf 86' lang='lat' dir='ltr'><strong>scribendum</strong></span> 
     </span>
    </p>
   </div>
   <div class='ocr_carea' id='block_1_108' title="bbox 319 5468 352 5507">
    <p class='ocr_par' dir='ltr' id='par_1_108' title="bbox 319 5468 352 5507">
     <span class='ocr_line' id='line_1_109' title="bbox 319 5468 352 5507; baseline 0 0"><span class='ocrx_word' id='word_1_803' title='bbox 319 5468 352 5507; x_wconf 71' lang='grc' dir='ltr'>Θ</span> 
     </span>
    </p>
   </div>
   <div class='ocr_carea' id='block_1_109' title="bbox 353 5447 1888 5522">
    <p class='ocr_par' dir='ltr' id='par_1_109' title="bbox 353 5447 1888 5522">
     <span class='ocr_line' id='line_1_110' title="bbox 353 5447 1888 5522; baseline -0.004 -16"><span class='ocrx_word' id='word_1_804' title='bbox 353 5452 521 5506; x_wconf 87' lang='lat' dir='ltr'><strong>verit.</strong></span> <span class='ocrx_word' id='word_1_805' title='bbox 549 5452 662 5522; x_wconf 77' lang='lat' dir='ltr'><strong>Ego</strong></span> <span class='ocrx_word' id='word_1_806' title='bbox 699 5467 830 5507; x_wconf 88' lang='lat' dir='ltr'><strong>vero</strong></span> <span class='ocrx_word' id='word_1_807' title='bbox 870 5461 1164 5520; x_wconf 88' lang='lat' dir='ltr'><strong>antequam</strong></span> <span class='ocrx_word' id='word_1_808' title='bbox 1197 5449 1455 5522; x_wconf 82' lang='lat' dir='ltr'><strong>codicem</strong></span> <span class='ocrx_word' id='word_1_809' title='bbox 1502 5447 1653 5522; x_wconf 63' lang='lat' dir='ltr'><strong>illum</strong></span> <span class='ocrx_word' id='word_1_810' title='bbox 1694 5455 1888 5522; x_wconf 67' lang='lat' dir='ltr'><strong>nactus</strong></span> 
     </span>
    </p>
   </div>
   <div class='ocr_carea' id='block_1_110' title="bbox 295 5516 1890 5589">
    <p class='ocr_par' dir='ltr' id='par_1_110' title="bbox 295 5516 1890 5589">
     <span class='ocr_line' id='line_1_111' title="bbox 295 5516 1890 5589; baseline -0.007 -11"><span class='ocrx_word' id='word_1_811' title='bbox 295 5537 506 5589; x_wconf 80' lang='lat' dir='ltr'><strong>essem,</strong></span> <span class='ocrx_word' id='word_1_812' title='bbox 537 5516 683 5576; x_wconf 51' lang='lat' dir='ltr'><strong>hu&#39;nc</strong></span> <span class='ocrx_word' id='word_1_813' title='bbox 709 5522 892 5576; x_wconf 90' lang='lat' dir='ltr'><strong>locum</strong></span> <span class='ocrx_word' id='word_1_814' title='bbox 917 5523 988 5574; x_wconf 92' lang='lat' dir='ltr'><strong>ita</strong></span> <span class='ocrx_word' id='word_1_815' title='bbox 1017 5516 1436 5574; x_wconf 77' lang='lat' dir='ltr'><strong>emendaveram</strong></span> <span class='ocrx_word' id='word_1_816' title='bbox 1463 5537 1476 5572; x_wconf 90' lang='lat'>:</span> <span class='ocrx_word' id='word_1_817' title='bbox 1511 5517 1691 5589; x_wconf 83' lang='grc' dir='ltr'>Γέρων</span> <span class='ocrx_word' id='word_1_818' title='bbox 1717 5516 1890 5589; x_wconf 27' lang='grc' dir='ltr'>δελτις</span> 
     </span>
    </p>
   </div>
   <div class='ocr_carea' id='block_1_111' title="bbox 295 5585 1885 5663">
    <p class='ocr_par' dir='ltr' id='par_1_111' title="bbox 295 5585 1885 5663">
     <span class='ocr_line' id='line_1_112' title="bbox 295 5585 1885 5663; baseline -0.006 -17"><span class='ocrx_word' id='word_1_819' title='bbox 295 5593 411 5663; x_wconf 57' lang='grc' dir='ltr'><strong>⁴τῶν</strong></span> <span class='ocrx_word' id='word_1_820' title='bbox 455 5585 614 5663; x_wconf 81' lang='grc' dir='ltr'>παρὰ</span> <span class='ocrx_word' id='word_1_821' title='bbox 657 5589 891 5660; x_wconf 79' lang='grc' dir='ltr'>Πέρσαις</span> <span class='ocrx_word' id='word_1_822' title='bbox 938 5591 1036 5663; x_wconf 77' lang='grc' dir='ltr'><strong>τῆς</strong></span> <span class='ocrx_word' id='word_1_823' title='bbox 1071 5589 1359 5663; x_wconf 73' lang='grc' dir='ltr'>στρατείας</span> <span class='ocrx_word' id='word_1_824' title='bbox 1404 5585 1712 5658; x_wconf 74' lang='grc' dir='ltr'>ἀφειμένων</span> <span class='ocrx_word' id='word_1_825' title='bbox 1748 5585 1885 5657; x_wconf 73' lang='grc' dir='ltr'>ἠδη,</span> 
     </span>
    </p>
   </div>
   <div class='ocr_carea' id='block_1_112' title="bbox 297 5659 1379 5734">
    <p class='ocr_par' dir='ltr' id='par_1_112' title="bbox 297 5659 1379 5734">
     <span class='ocr_line' id='line_1_113' title="bbox 297 5659 1379 5734; baseline -0.007 -15"><span class='ocrx_word' id='word_1_826' title='bbox 297 5659 889 5734; x_wconf 46' lang='grc' dir='ltr'>ἀπιστίᾳξμετερχεται</span> <span class='ocrx_word' id='word_1_827' title='bbox 914 5661 1005 5734; x_wconf 83' lang='grc' dir='ltr'><strong>τὸν</strong></span> <span class='ocrx_word' id='word_1_828' title='bbox 1031 5659 1379 5734; x_wconf 78' lang='grc' dir='ltr'>Παραὸάτην.</span> 
     </span>
    </p>
   </div>
   <div class='ocr_carea' id='block_1_113' title="bbox 369 5727 1886 5806">
    <p class='ocr_par' dir='ltr' id='par_1_113' title="bbox 369 5727 1886 5806">
     <span class='ocr_line' id='line_1_114' title="bbox 369 5727 1886 5806; baseline -0.006 -18"><span class='ocrx_word' id='word_1_829' title='bbox 369 5727 606 5806; x_wconf 71' lang='grc' dir='ltr'><strong>(81)’Ί“ὃ</strong></span> <span class='ocrx_word' id='word_1_830' title='bbox 634 5727 718 5784; x_wconf 82' lang='grc' dir='ltr'><strong>δὲ’</strong></span> <span class='ocrx_word' id='word_1_831' title='bbox 739 5727 1039 5800; x_wconf 76' lang='grc' dir='ltr'>Περσικὸν</span> <span class='ocrx_word' id='word_1_832' title='bbox 1071 5727 1422 5787; x_wconf 65' lang='grc' dir='ltr'>ἀπελαύνει.</span> <span class='ocrx_word' id='word_1_833' title='bbox 1455 5727 1677 5784; x_wconf 80' lang='lat' dir='ltr'><strong>Rectius</strong></span> <span class='ocrx_word' id='word_1_834' title='bbox 1706 5728 1758 5780; x_wconf 92' lang='lat' dir='ltr'><strong>in</strong></span> <span class='ocrx_word' id='word_1_835' title='bbox 1791 5739 1886 5780; x_wconf 88' lang='lat' dir='ltr'><strong>co-</strong></span> 
     </span>
    </p>
   </div>
   <div class='ocr_carea' id='block_1_114' title="bbox 590 5823 1220 5888">
    <p class='ocr_par' dir='ltr' id='par_1_114' title="bbox 590 5823 1220 5888">
     <span class='ocr_line' id='line_1_115' title="bbox 590 5823 1220 5888; baseline -0.003 -2"><span class='ocrx_word' id='word_1_836' title='bbox 590 5825 860 5888; x_wconf 71' lang='lat' dir='ltr'><strong>PATROL.</strong></span> <span class='ocrx_word' id='word_1_837' title='bbox 905 5823 1020 5887; x_wconf 79' lang='lat' dir='ltr'><strong>Gn.</strong></span> <span class='ocrx_word' id='word_1_838' title='bbox 1050 5823 1220 5884; x_wconf 83' lang='lat' dir='ltr'><strong>LXV.</strong></span> 
     </span>
    </p>
   </div>
   <div class='ocr_carea' id='block_1_115' title="bbox 1996 5445 3560 5517">
    <p class='ocr_par' dir='ltr' id='par_1_115' title="bbox 1996 5445 3560 5517">
     <span class='ocr_line' id='line_1_116' title="bbox 1996 5445 3560 5517; baseline 0.002 -18"><span class='ocrx_word' id='word_1_839' title='bbox 1996 5447 2068 5499; x_wconf 87' lang='lat' dir='ltr'><strong>ita</strong></span> <span class='ocrx_word' id='word_1_840' title='bbox 2104 5445 2217 5500; x_wconf 85' lang='lat' dir='ltr'><strong>fere</strong></span> <span class='ocrx_word' id='word_1_841' title='bbox 2239 5445 2412 5517; x_wconf 83' lang='lat' dir='ltr'><strong>codex</strong></span> <span class='ocrx_word' id='word_1_842' title='bbox 2446 5445 2838 5501; x_wconf 83' lang='lat' dir='ltr'><strong>Scoriacensis.</strong></span> <span class='ocrx_word' id='word_1_843' title='bbox 2869 5447 2982 5517; x_wconf 82' lang='lat' dir='ltr'><strong>Ego</strong></span> <span class='ocrx_word' id='word_1_844' title='bbox 3005 5461 3184 5502; x_wconf 88' lang='lat' dir='ltr'><strong>tamen</strong></span> <span class='ocrx_word' id='word_1_845' title='bbox 3215 5445 3560 5508; x_wconf 80' lang='lat' dir='ltr'><strong>scribendum</strong></span> 
     </span>
    </p>
   </div>
   <div class='ocr_carea' id='block_1_116' title="bbox 1997 5516 3562 5592">
    <p class='ocr_par' dir='ltr' id='par_1_116' title="bbox 1997 5516 3562 5592">
     <span class='ocr_line' id='line_1_117' title="bbox 1997 5516 3562 5592; baseline 0.004 -24"><span class='ocrx_word' id='word_1_846' title='bbox 1997 5525 2128 5583; x_wconf 89' lang='lat' dir='ltr'><strong>puto</strong></span> <span class='ocrx_word' id='word_1_847' title='bbox 2169 5516 2344 5592; x_wconf 70' lang='grc' dir='ltr'>ίσχίιρ,</span> <span class='ocrx_word' id='word_1_848' title='bbox 2384 5517 2437 5592; x_wconf 77' lang='lat' dir='ltr'><strong>id</strong></span> <span class='ocrx_word' id='word_1_849' title='bbox 2470 5526 2555 5592; x_wconf 80' lang='lat' dir='ltr'><strong>est</strong></span> <span class='ocrx_word' id='word_1_850' title='bbox 2579 5557 2594 5581; x_wconf 95' lang='lat'><strong>,</strong></span> <span class='ocrx_word' id='word_1_851' title='bbox 2621 5518 2698 5592; x_wconf 49' lang='lat' dir='ltr'><strong>in</strong></span> <span class='ocrx_word' id='word_1_852' title='bbox 2742 5516 2955 5572; x_wconf 68' lang='lat' dir='ltr'><strong>lumbis.</strong></span> <span class='ocrx_word' id='word_1_853' title='bbox 3003 5517 3080 5573; x_wconf 87' lang='lat' dir='ltr'><strong>lla</strong></span> <span class='ocrx_word' id='word_1_854' title='bbox 3119 5521 3315 5592; x_wconf 70' lang='lat' dir='ltr'><strong>glossa:</strong></span> <span class='ocrx_word' id='word_1_855' title='bbox 3352 5530 3562 5577; x_wconf 83' lang='lat' dir='ltr'><strong>veteres</strong></span> 
     </span>
    </p>
   </div>
   <div class='ocr_carea' id='block_1_117' title="bbox 1994 5585 2694 5654">
    <p class='ocr_par' dir='ltr' id='par_1_117' title="bbox 1994 5585 2694 5654">
     <span class='ocr_line' id='line_1_118' title="bbox 1994 5585 2694 5654; baseline 0 -14"><span class='ocrx_word' id='word_1_856' title='bbox 1994 5585 2270 5654; x_wconf 82' lang='lat' dir='ltr'><strong>exponunt</strong></span> <span class='ocrx_word' id='word_1_857' title='bbox 2307 5585 2694 5654; x_wconf 53' lang='lat' dir='ltr'><strong>toxiovdumbi.</strong></span> 
     </span>
    </p>
   </div>
   <div class='ocr_carea' id='block_1_118' title="bbox 2064 5655 3030 5727">
    <p class='ocr_par' dir='ltr' id='par_1_118' title="bbox 2064 5655 3030 5727">
     <span class='ocr_line' id='line_1_119' title="bbox 2064 5655 3030 5727; baseline 0.009 -17"><span class='ocrx_word' id='word_1_858' title='bbox 2064 5655 2176 5727; x_wconf 72' lang='lat'><strong>(82)</strong></span> <span class='ocrx_word' id='word_1_859' title='bbox 2215 5655 2532 5714; x_wconf 74' lang='lat' dir='ltr'><strong>Theudorit.</strong></span> <span class='ocrx_word' id='word_1_860' title='bbox 2563 5658 2597 5711; x_wconf 92' lang='lat' dir='ltr'><strong>l.</strong></span> <span class='ocrx_word' id='word_1_861' title='bbox 2628 5674 2711 5726; x_wconf 84' lang='lat' dir='ltr'><strong>In,</strong></span> <span class='ocrx_word' id='word_1_862' title='bbox 2739 5674 2787 5715; x_wconf 92' lang='lat' dir='ltr'><strong>c.</strong></span> <span class='ocrx_word' id='word_1_863' title='bbox 2820 5659 2909 5726; x_wconf 73' lang='grc'><strong>21,</strong></span> <span class='ocrx_word' id='word_1_864' title='bbox 2941 5659 3030 5718; x_wconf 77' lang='lat'><strong>25.</strong></span> 
     </span>
    </p>
   </div>
   <div class='ocr_carea' id='block_1_119' title="bbox 3217 5818 3288 5879">
    <p class='ocr_par' dir='ltr' id='par_1_119' title="bbox 3217 5818 3288 5879">
     <span class='ocr_line' id='line_1_120' title="bbox 3217 5818 3288 5879; baseline -0.056 0"><span class='ocrx_word' id='word_1_865' title='bbox 3217 5818 3288 5879; x_wconf 80' lang='grc'>18</span> 
     </span>
    </p>
   </div>
  </div>
