4010 6210
457 239 566 299 555

1846 242 2334 303 PHILOSTORGII

453 363 598 420 citus
628 372 849 433 postero
879 363 967 418 die
994 363 1287 419 Jovianum
1323 363 1707 435 imperatorem
1753 371 2036 425 renuntia-

2147 387 2267 442 την,
2303 369 2585 442 ἀνίστησιν
2618 368 2648 421 6
2691 367 2919 440 στρατὸς
2962 367 3237 423 Ἰωδιανὸν
3281 365 3529 440 βασιλέα.
3585 367 3725 426 ὀδὶ

458 455 555 510 vit.
587 457 652 509 At
683 455 770 509 ille
805 456 1005 524 (neque
1030 455 1175 509 enim
1201 455 1306 510 alia
1329 457 1472 512 ratio
1505 460 1858 530 expediendae
1888 463 2040 517 salu-

455 547 526 603 tis
556 556 855 616 supererat,
891 563 1015 602 cum
1049 547 1339 604 universus
1368 551 1640 608 exercitus
1671 553 1736 608 ad
1771 555 2038 610 decimam

453 647 660 708 partem
715 639 968 695 redactus
1002 643 1174 709 esset)
1204 641 1540 699 tricennales
1571 644 1820 702 inducias
1848 655 2042 718 pactus

452 739 535 784 cst
565 746 690 785 cum
721 729 925 797 Persis,
955 729 1127 786 Nisibi
1168 731 1285 801 ipsa
1319 733 1399 788 eis
1420 734 1642 802 tradita,
1671 744 1728 792 et
1775 739 2038 804 castellis,

450 839 794 894 qumt‘unquc
842 827 1235 895 prOpugnaculi
1279 827 1459 884 instar
1485 827 1753 886 adversus
1787 830 1984 887 Persas
2011 848 2042 888 a

451 915 718 970 Romanis
746 916 962 985 objecta
997 918 1249 973 erantad
1279 921 1599 976 Armeniam
1631 938 1830 994 usque.
1869 923 2042 981 Porro

450 1007 929 1075 eadaverJuliani,
961 1007 1328 1066 Merobaudes
1362 1020 1417 1067 et
1439 1013 1534 1082 qui
1563 1027 1689 1068 cum
1738 1015 1830 1070 illo
1865 1027 2038 1084 erant,

451 1117 577 1156 cum
629 1101 683 1154 in
733 1100 986 1155 Ciliciam
1035 1100 1432 1170 deportassent,
1485 1120 1591 1159 non
1640 1108 1915 1172 consulto,
1948 1111 2041 1165 sed

452 1207 584 1248 casn
605 1194 842 1263 quodam
862 1209 892 1248 e
909 1195 1128 1266 regione
1146 1197 1382 1265 sepulcri
1401 1197 1454 1252 in
1473 1213 1584 1268 quo
1614 1197 1892 1255 Maximini
1917 1217 2043 1258 ossa

453 1295 614 1340 erant
658 1287 901 1351 condita,
936 1275 1344 1358 deposuerunt,
1385 1289 1469 1344 via
1515 1290 1735 1361 publica
1777 1292 2045 1349 duntaxat

453 1379 664 1434 loculos
692 1394 881 1433 eorum
927 1395 958 1433 a
1005 1395 1065 1435 se
1099 1380 1332 1436 invicem
1377 1393 1686 1452 separante.

524 1470 578 1522 2.
609 1469 848 1524 Euzoius
878 1479 932 1525 et
966 1471 1059 1540 qui
1094 1487 1216 1526 cum
1255 1473 1348 1528 illo
1396 1482 1554 1528 erant
1590 1473 1856 1544 episcOpi,
1889 1475 2044 1531 libel-

455 1561 568 1614 lum
598 1562 818 1631 quidem
854 1577 953 1632 pro
982 1562 1140 1618 Aetio
1179 1564 1292 1633 (85)
1333 1565 1565 1635 ejusque
1607 1565 1858 1622 doctrina
1905 1583 2042 1623 eon-

451 1653 829 1724 scripser'unt:
873 1669 1097 1724 operam
1131 1665 1312 1711 tamen
1346 1672 1453 1712 non
1477 1657 1827 1714 dederuntut
1852 1675 1940 1715 res
1971 1661 2038 1715 ad

2144 462 2228 532 (ού
2255 462 2366 532 γὰρ
2395 457 2465 533 ἦν
2493 460 2669 524 ἄλλως
2693 460 3045 531 διασωθῆναι,
3067 461 3147 523 είς
3175 460 3402 515 δέκατον
3434 459 3602 532 μέρος
3630 464 3724 534 τῆς

2142 553 2271 625 ὅλης
2287 555 2551 626 στρατιᾶς
2566 551 3087 623 ἀπολεπτυνθείσης)
3123 553 3562 623 τριακοντούτεις
3587 553 3724 608 τίθε-

2141 663 2232 699 ται
2262 645 2400 718 πρὸς
2433 645 2524 700 τον
2557 646 2775 718 Πέρσην
2809 645 3063 709 σπονδὰς,
3097 646 3198 716 τῆς
3227 662 3288 698 τε
3324 645 3598 710 Νισίϐεως
3631 647 3722 700 αύ-

2142 734 2244 805 τῆς
2266 736 2566 800 ὑπεκστὰς,
2599 736 2695 789 καὶ
2732 735 2843 789 τῶν
2870 734 3146 806 φρουρίων
3173 736 3278 790 ὅσα
3312 736 3605 806 Ῥωμαίοις
3636 739 3727 790 ἐπὶ

2145 825 2362 896 Πέρσας
2400 826 2529 897 ἄχρι
2579 825 2678 896 τῆς
2720 824 3008 897 Ἀρμενίας
3056 825 3218 877 οἱονεὶ
3273 827 3452 894 τεῖχος
3494 827 3729 898 προύϐε-

2144 918 2328 989 ὅλητο.
2360 918 2464 972 Τὸν
2489 918 2546 972 δέ
2579 917 2772 990 νεκρὸν
2813 917 3104 970 Ἰουλιανοῦ
3128 915 3487 988 Μεροὸαύδης
3516 918 3594 988 (α)
3635 919 3730 972 καὶ

2142 1011 2193 1063 ei
2221 1011 2317 1064 σὺν
2335 1009 2487 1082 αὐτῷ
2507 1011 2566 1064 ἐν
2584 1008 2813 1082 Κιλικίᾳ
2832 1007 3183 1078 κομίσαντες,
3204 1008 3266 1061 οὑ
3283 1008 3426 1061 κατὰ
3449 1009 3726 1079 πρόνοιαν,

2144 1103 2288 1156 κατὰ
2333 1103 2392 1156 δέ
2430 1119 2554 1155 τινα
2599 1101 2926 1173 περιφορὰν,
2975 1101 3206 1171 ἀντικρὺ
3237 1100 3332 1154 τοῦ
3374 1099 3546 1170 τάφου
3577 1100 3638 1164 ὃς
3663 1103 3731 1154 τὰ

2143 1193 2452 1264 Μαξιμίνου
2475 1197 2715 1262 συνεῖχεν
2741 1193 2894 1257 ὀστᾶ,
2913 1191 3226 1258 κατέθεντο,
3257 1190 3533 1262 λεωφόρου
3561 1193 3729 1264 μόνης

2144 1287 2241 1340 ἀπ’
2262 1286 2506 1357 ἀλλήλων
2521 1284 2620 1348 τὰς
2645 1284 2820 1356 θήκας
2853 1283 3030 1339 αὐτῶν
3059 1283 3514 1356 διατειχιζούσης.

2217 1468 2283 1538 β’.
2318 1468 2442 1521 Ὅτι
2470 1466 2730 1532 Εύζώῖος,
2763 1468 2919 1540 φησὶ,
2962 1469 3056 1522 καὶ
3080 1471 3128 1522 οἱ
3162 1469 3258 1522 σὺν
3291 1468 3461 1540 αὐτῷ,
3498 1467 3594 1522 τὸν
3628 1470 3725 1539 μὲν

2144 1559 2287 1630 ὑπὲρ
2327 1560 2532 1614 Ἀετίου
2565 1561 2660 1614 καὶ
2693 1560 2785 1614 τοῦ
2827 1561 3096 1631 δόγματος
3125 1561 3290 1632 τόμον
3323 1560 3579 1625 ἐξέθεσαν
3617 1579 3630 1590 ·
3665 1563 3723 1614 ού

2147 1653 2253 1723 μήν
2284 1669 2349 1718 γε
2393 1652 2675 1725 περαίνειν
2730 1651 2905 1705 ταῦτα
2959 1652 3320 1723 διανέστησαν
3363 1652 3498 1723 (84).
3536 1653 3630 1706 Διὸ
3676 1655 3726 1707 οἱ

452 1750 658 1804 exitum
710 1749 1121 1818 perduceretur.
1156 1747 1395 1804 Proinde
1426 1748 1618 1805 Aetius
1644 1757 1699 1805 et
1735 1751 2036 1807 Eunomius

2147 1744 2274 1816 περὶ
2305 1744 2511 1798 Ἀέτιον
2532 1745 2628 1799 καὶ
2662 1745 2928 1816 Εὐνόμιον
2957 1745 3016 1798 ἐν
3038 1745 3584 1798 Κωσταντινουπὸλει
3611 1744 3730 1800 δια-

452 1839 549 1910 qui
581 1839 1060 1908 Constantinopoli
1086 1839 1464 1906 morabantur,
1489 1855 1590 1894 sua
1616 1842 1832 1912 negotia
1861 1858 1958 1912 per
1983 1858 2043 1898 se

453 1933 558 2003 ipsi
587 1932 1066 1986 administrarunt.
1111 1932 1174 1987 Et
1220 1948 1344 1988 eum
1379 1934 1486 1988 alia
1537 1949 1638 2004 pro
1671 1936 1900 1990 arbitrio
1941 1952 2043 1992 suo

450 2024 852 2080 constituerant
907 2033 1072 2094 prout
1117 2025 1251 2095 ipsis
1277 2027 1786 2083 commodissimum
1819 2029 2042 2085 videba-

451 2131 561 2184 tur,
598 2129 708 2174 tum
745 2119 1032 2190 episcopos
1058 2119 1160 2174 sibi
1186 2120 1514 2175 ordinarunt
1543 2140 1556 2176 :
1582 2137 1647 2177 ex
1673 2138 1906 2192 quorum
1934 2140 2043 2178 nu—

451 2228 622 2276 mero,
653 2211 932 2267 Candidus
956 2211 1175 2282 quidem
1205 2222 1258 2266 ct
1283 2214 1553 2270 Arrianus
1575 2213 1832 2270 Ecclesiis
1863 2215 2044 2286 Lydia:

448 2315 504 2360 et
549 2303 716 2359 lonize
747 2303 1023 2374 prazpositi
1071 2313 1219 2359 sunt.
1255 2303 1559 2359 Palaestinae
1592 2321 1720 2360 vero
1753 2307 2042 2376 episc0pus

449 2396 632 2452 factus
683 2407 767 2452 est
801 2396 1122 2451 Theodulus
1165 2411 1230 2450 ex
1286 2395 1545 2465 episcopo
1575 2396 2039 2465 Chmretaporum.

449 2490 570 2544 Jam
605 2506 738 2544 vero
775 2486 1249 2556 Constantinopoli
1297 2487 1473 2556 (multi
1519 2487 1666 2542 enim
1722 2487 1776 2541 in
1807 2503 1870 2542 ca
1911 2490 2044 2544 urbe

451 2584 519 2638 ab
550 2581 802 2634 Eudoxio
852 2580 1089 2648 aliisque
1134 2577 1300 2632 sectis
1337 2577 1673 2639 deficientes,
1707 2578 1844 2633 Aetii
1880 2589 2044 2648 atque

449 2674 705 2730 Eunomii
759 2674 1098 2726 adauxerant
1123 2669 1360 2740 partem)
1385 2669 1621 2739 primum
1647 2669 1902 2726 Ecclesiae
1931 2688 2042 2727 su:e

449 2767 764 2836 episcopum
814 2763 1142 2817 ordinarunt
1190 2761 1560 2816 Pcemenium.
1610 2759 1768 2828 Quod
1818 2763 2040 2834 quidem

452 2857 676 2921 factum,
711 2853 1021 2908 Eudoxium
1063 2852 1157 2923 qui
1207 2852 1433 2907 unitatis
1471 2867 1596 2907 cum
1644 2853 1751 2910 illis
1790 2855 2043 2912 ineundae

450 2963 600 3019 spem
636 2947 898 3000 hactenus
956 2943 1189 3007 foverat,
1218 2958 1446 3013 prorsus
1478 2943 1614 3014 ipsis
1664 2945 2039 3000 adversarium

450 3037 702 3093 reddidit.
741 3036 1020 3093 Poemenio
1049 3044 1235 3091 autem
1273 3050 1383 3090 non
1426 3035 1598 3091 multo
1628 3044 1752 3106 post
1795 3046 2034 3102 mortuo,

449 3131 787 3186 Florentium
824 3130 877 3184 in
909 3129 1029 3198 ejus
1058 3127 1238 3184 locum
1271 3127 1696 3184 substituerunt.
1716 3127 1875 3184 Lesbi
1896 3145 2034 3201 pra:-

449 3233 617 3292 terea,
655 3237 782 3278 cum
816 3221 936 3292 ejus
970 3220 1076 3276 loci
1112 3221 1404 3292 episcopus
1449 3229 1698 3278 mortuus
1735 3230 1900 3288 esset,
1928 3235 2030 3276 an-

2142 1835 2442 1908 τρίϐοντες,
2477 1836 2598 1891 καθ’
2644 1837 2871 1900 ἐαυτοὺς
2905 1837 3007 1908 ἤδη
3057 1836 3165 1890 τῶν
3205 1837 3548 1909 πραγμάτων
3591 1853 3728 1909 προ-

2140 1930 2380 1984 ἲσταντο.
2401 1930 2483 1985 Τά
2501 1947 2562 1984 τε
2587 1930 2725 1985 ἄλλα
2750 1931 2826 1994 ὼς
2852 1930 3036 1994 αὐτοῖς
3055 1931 3227 1984 ἐδόκει
3254 1931 3390 2004 πρὸς
3419 1930 3481 1984 τὸ
3505 1932 3729 2003 ἄριστον

2141 2023 2455 2094 τιθέμενον
2488 2023 2584 2078 καὶ
2625 2023 2688 2094 δὴ
2733 2024 2826 2076 καὶ
2867 2023 3204 2086 ἐπισκόπους
3247 2023 3584 2078 καθίστασαν
3610 2041 3624 2054 ·
3655 2017 3731 2080 ὧν

2145 2115 2406 2178 Κάνδιδος
2432 2115 2506 2186 (b)
2542 2115 2641 2186 μὲν
2661 2116 2754 2168 καὶ
2789 2115 3072 2187 Ἀρριανὸς
3102 2117 3222 2180 ταῖς
3246 2114 3387 2169 κατὰ
3408 2115 3608 2170 Λυδίαν
3638 2117 3732 2170 καὶ

2157 2207 2358 2260 Ἰωνίαν
2409 2207 2753 2278 Ἐκκλησίαις
2804 2208 3121 2277 ἐφίστανται
3159 2208 3561 2280 ’Παλαιστίνης
3600 2210 3663 2264 δὲ
3706 2213 3735 2264 6

2149 2301 2261 2355 ἀπὸ
2320 2301 2686 2372 Χαιρατόπων
2731 2300 3020 2365 Θεόδουλος
3079 2303 3479 2374 ἐπεσκόπησεν.
3528 2303 3617 2355 Ἐν
3676 2303 3734 2358 δὲ

2149 2391 2718 2446 Κωνσταντινουπόλει
2752 2391 2868 2462 (καὶ
2907 2393 3016 2464 γὰρ
3050 2393 3303 2460 Εύδοξίου
3338 2393 3432 2447 καί
3452 2412 3616 2448 τινων
3639 2394 3738 2448 ἄλ-

2143 2483 2248 2536 λων
2290 2484 2553 2556 αἱρέσεων
2587 2485 2860 2556 ἀπορρυὲν
2889 2485 2990 2539 ούκ
3018 2485 3200 2550 ὀλίγον
3231 2485 3436 2556 πλῆθος
3465 2485 3565 2556 τὴν
3595 2487 3734 2557 περὶ

2156 2575 2360 2629 Ἀέτιον
2398 2575 2493 2628 καὶ
2517 2576 2782 2646 Εὐνόμιον
2816 2578 3010 2647 μοῖραν
3039 2575 3336 2647 ἐπηύξησε)
3361 2578 3736 2648 χειροτονοῦσι

2144 2667 2360 2740 πρῶτον
2391 2668 2492 2738 τῆς
2525 2668 2645 2722 καθ’
2663 2669 2893 2731 ἑαυτοὺς
2931 2667 3280 2740 Ἐκκλησίας,
3301 2669 3586 2739 Ποιμένιον
3611 2670 3739 2723 ὄνοέ

2147 2777 2243 2831 μα.
2273 2761 2339 2813 Ὅ
2373 2760 2466 2813 καὶ
2506 2760 2597 2814 τὸν
2646 2759 2916 2824 Εύδόξιον,
2969 2760 3130 2832 μέχρι
3162 2761 3284 2814 τότε
3318 2759 3417 2823 τὰς
3454 2760 3592 2831 πρὸς
3625 2762 3735 2815 αύ-

2141 2851 2267 2912 τοὺς
2300 2853 2400 2920 τῆς
2433 2849 2678 2914 ἐνώσεως
2700 2850 2926 2914 ἐλπίδας
2953 2851 3370 2920 ὑποστρέφοντα
3397 2850 3531 2922 (85),
3562 2853 3647 2918 εἰς
3672 2853 3740 2906 τὸ

2145 2939 2376 3010 βεϐαίως
2409 2941 2704 2995 ἀντίπαλον
2753 2943 3143 3015 μετεστήσατο.
3188 2943 3478 3012 Ποιμενίου
3511 2942 3570 2996 δὲ
3605 2945 3737 3014 μετ’

2141 3031 2202 3086 ού
2233 3033 2400 3089 πολὺν
2424 3033 2833 3099 ἀποϐιώσαντος
2863 3036 3054 3108 χρόνον
3073 3075 3088 3101 ,
3117 3035 3540 3090 ἀντικαθιστῶσι
3579 3037 3742 3090 Q10)-

2143 3127 2370 3197 ρέντιον.
2394 3129 2488 3192 Εἰς
2525 3127 2582 3181 δὲ
2609 3128 2707 3200 τὴν
2745 3129 2973 3192 Λέσϐον,
3005 3127 3101 3182 τοῦ
3122 3128 3328 3199 ταύτης
3359 3130 3739 3200 ἀποιχομένου

2140 3221 2421 3293 ποιμένος,
2450 3221 2816 3294 χειροτονοῦσι
2857 3221 2968 3294 (86)
2996 3222 3221 3278 ϐάλλον.
3260 3224 3337 3295 Τῇ
3377 3223 3432 3276 δὲ
3480 3223 3616 3294 πρὸς
3654 3223 3742 3292 τῷ

1676 3392 1919 3440 VALESII
1957 3394 2454 3441 ANNOTATIONES.

524 3503 638 3575 (83)
677 3501 752 3556 De
781 3500 935 3575 Aetio
962 3515 1112 3571 supr.
1141 3499 1180 3554 Ι.
1209 3514 1309 3575 _vtt,
1337 3515 1385 3556 c.
1416 3500 1489 3575 5,Δ
1511 3500 1564 3554 6.

521 3569 633 3647 (84)
677 3575 758 3647 Ού
782 3571 909 3647 μήν·
932 3588 999 3641 τε
1032 3569 1350 3647 θπεραίνειῖ
1381 3569 2030 3647 τᾳῦᾼταβδιαγέστησᾳν.

452 3640 694 3701 Pessime
727 3640 1071 3698 hunclo’cum
1106 3643 1264 3696 vertit
1299 3640 1669 3696 Gothofredus
1704 3641 1805 3696 hoc
1832 3640 2030 3697 modo:

457 3716 577 3770 Non
604 3715 719 3768 ideo
765 3723 941 3766 tamen
992 3713 1212 3767 suadere
1243 3712 1374 3775 ha’c,
1414 3728 1503 3765 seu
1549 3712 1619 3765 ad
1670 3712 1780 3766 [nec
1827 3713 2034 3767 hortari

452 3787 785 3840 sustinuisse.
819 3783 987 3850 Quasi
1011 3785 1299 3851 παραινεῖν
1327 3783 1613 3851 legeretur.
1643 3783 1808 3851 Atqui
1839 3792 1950 3838 tum
1979 3785 2032 3838 in

454 3867 625 3920 textu,
653 3865 764 3911 tum
803 3855 856 3908 in
879 3854 1328 3908 annotationibus
1363 3853 1498 3916 suis,
1527 3852 1896 3910 Gothofredus
1923 3871 2032 3907 πα-

372 3936 376 3941 ’
453 3929 666 4012 ραίνειν
709 3934 1027 4012 constanter
1061 3924 1262 3993 posuit.
1291 3921 1618 4012 Quareuipn
1654 3924 1864 4012 dubito,
1897 3924 2031 4012 quin

451 3993 506 4053 in
545 4015 648 4053 ms.
688 3997 876 4051 codice
923 4010 1030 4063 quo
1085 4010 1216 4048 usus
1253 4003 1355 4066 est,
1395 3993 1686 4066 scriptun
1717 3995 1805 4066 sit,
1837 3993 2032 4066 περαί-

451 4087 596 4131 νειν,
629 4067 902 4138 quomodo
934 4067 1132 4138 habent
1175 4065 1346 4138 nostri
1380 4064 1625 4138 codices,
1654 4063 2032 4138 ‘Seori‘ace'nsis

453 4133 707 4195 videlicet
732 4147 785 4192 et
816 4135 1237 4191 Bocbartianus.
1272 4133 1368 4188 Est
1395 4144 1574 4188 autem
1615 4133 1700 4188 hic
1726 4135 1890 4204 hujus
1924 4136 2030 4189 loci

456 4225 676 4265 sensus.
701 4210 836 4262 Cum
891 4205 1131 4261 Euzoins
1167 4213 1223 4259 et
1265 4204 1605 4259 Antiochena
1647 4208 1910 4275 synodus,
1941 4221 2028 4275 re-

457 4289 660 4349 gnante
705 4276 922 4349 Juliano
954 4276 1199 4349 collecta
1226 4315 1240 4339 ,
1272 4275 1561 4349 epistolam
1613 4273 1927 4349 synodieam
1965 4273 2034 4329 de

456 4346 805 4404 restitutione
849 4347 986 4400 Aetii
1017 4355 1072 4401 et
1112 4346 1454 4400 consertium
1504 4346 1623 4414 ejus
1667 4347 1981 4416 scripsisset
2016 4363 2030 4410 ;

2136 3510 2429 3565 verterent,
2451 3500 2812 3572 Theophilum
2839 3501 3029 3556 indum
3055 3499 3738 3572 miseruntAntiochiam:

2135 3573 2410 3642 praecipue
2442 3570 2664 3642 quidem
2705 3587 2772 3626 eo
2822 3573 3056 3628 consilio
3088 3580 3148 3627 ut
3194 3570 3459 3642 Euzoium
3507 3586 3742 3642 urgeret

2135 3641 2604 3712 atque'excitaret,
2623 3656 2734 3712 quo
2759 3657 2873 3697 rem
2896 3643 3046 3698 illam
3071 3644 3138 3697 ad
3166 3641 3740 3712 exitum‘perdueere,

2133 3709 2437 3781 et'synodi
2494 3729 2608 3768 suae
2639 3709 2993 3768 sententiam
3056 3709 3415 3772 exsecutioni’
3461 3712 3742 3769 mandare

2133 3782 2329 3847 vellet;
2361 3783 2446 3837 sin
2475 3785 2679 3847 minus,
2714 3792 2772 3836 ut
2819 3785 3064 3838 Aetianis
3099 3784 3210 3837 illic
3243 3782 3568 3848 degentibus
3588 3798 3743 3851 pra:-

2133 3863 2300 3924 esset.
2319 3851 2412 3907 Sic
2437 3854 2581 3908 enim
2608 3855 2714 3908 seri
2725 3855 2802 3924 bit
2826 3851 3427 3924 Pbilgstorgiusinfra:
3455 3853 3742 3924 ’ᾼφικνείο

2133 3941 2220 3977 ται
2262 3923 2522 3994 Θεόφιλος
2555 3927 2584 3978 6
2623 3923 2802 3988 Ἰνδὸς,
2834 3926 2921 3994 ἐφ’
2950 3917 2994 3992 ᾧ
3016 3917 3134 3977 τὸν’
3155 3922 3400 3994 Εύγζώῐον
3432 3917 3542 3992 μὲν
3581 3926 3740 3979 κατὰ

2132 3994 2219 4066 {to
2245 3994 2656 4066 προηγούμενον
2688 3993 3014 4066 ἀναστῆσαι,
3051 3997 3132 4066 είς
3183 3993 3335 4066 τέλος
3381 3993 3610 4066 ἀγαγεῖν
3665 3995 3742 4050 τὰ

2133 4063 2510 4136 ύπὲρἈετίου
2552 4063 2897 4136 ἐγνωσμένα.
2944 4064 3229 4136 Περαίνειν
3261 4063 3426 4133 igitur
3453 4063 3598 4120 idem
3631 4080 3742 4120 va-

2133 4135 2209 4191 let
2241 4135 2384 4204 quod
2421 4137 2500 4199 είς
2542 4135 2694 4200 τέλος
2724 4137 2973 4204 ἀγαγεῖν.

2203 4203 2318 4278 (85)
2358 4205 2479 4278 Τῆς
2499 4203 3045 4278 ἐνὼσεωςὲλπίδας
3069 4204 3551 4278 ὑποστρέφοντα.
3580 4203 3737 4278 Lon-

2141 4274 2440 4345 ge'rectius
2471 4277 2522 4330 in
2572 4292 2672 4330 ms.
2707 4277 2899 4331 codice
2937 4274 3488 4345 SamuelisBocbarti
3521 4276 3734 4330 scribi-

2143 4344 2232 4417 tur
2262 4346 2662 4417 ὑποτρέφοντα.
2697 4346 2978 4417 Eudoxius
3005 4344 3294 4417 enimCP.
3329 4345 3734 4417 episcopus.ad

455 4420 527 4474 ob
561 4418 993 4488 persecutionem
1027 4416 1463 4488 Christianorum
1495 4408 1618 4488 quae
1648 4408 2038 4488 tunc'maxime
2068 4408 2114 4462 1)
2143 4415 2197 4470 id
2223 4408 2683 4488 usque'temporis
2723 4433 2874 4486 spem
2906 4416 3112 4470 fecerat
3147 4415 3321 4488 Aetio
3347 4408 3402 4469 ét
3431 4408 3733 4488 Eunomia,

455 4486 740 4560 flagrabat,
770 4505 894 4542 cum
935 4489 1002 4560 ad
1035 4486 1342 4560 Eudoxium
1384 4487 1727 4560 ᾳιτοιίιιιιοεΔ
1744 4487 2030 4560 episcopos

453 4555 672 4616 mittere
699 4555 1028 4630 sopor-sedit,
1061 4567 1120 4612 ut
1165 4555 1798 4630 s_cr_ibit_Philostorgius
1831 4557 1893 4630 in
1932 4556 2028 4630 lib.

451 4649 550 4688 vn.
578 4630 708 4686 Post
739 4626 968 4686 mortem
1004 4644 1133 4683 vero
1177 4626 1379 4680 Juliani
1403 4667 1417 4688 ,
1459 4626 1668 4680 reddita
1700 4627 1814 4696 jam
1856 4627 2035 4681 Eccle-

453 4705 552 4759 siis
586 4718 752 4772 pace,
787 4701 1089 4772 epistolam
1119 4698 1340 4772 quidem
1395 4697 1542 4749 illam
1597 4698 1915 4772 synodieam
1963 4696 2031 4749 ad

451 4766 757 4828 Eudoxium
808 4766 862 4825 et
912 4770 980 4824 ad
1025 4766 1164 4824 alios
1206 4767 1496 4837 episcopos
1544 4766 2033 4837 transmisit,ope-

454 4859 574 4899 ram
628 4854 811 4898 tamen
849 4855 958 4894 non
1007 4839 1154 4894 dedit
1190 4835 1372 4890 utres
1407 4836 1473 4889 ad
1522 4837 1727 4889 exitum
1778 4835 2040 4905 perduce-

451 4929 621 4968 retur.
657 4914 836 4978 Quare
873 4911 1058 4963 Aetins
1083 4917 1136 4962 et
1167 4906 1470 4978 Eunomiuﬁs
1501 4906 1597 4978 qui
1622 4915 1746 4978 turn
1767 4907 2039 4978 Constan-

451 4975 1224 5056 tiuojioli'morabantur,eum
1256 4977 1540 5047 segnitiem
1562 4975 1751 5030 Enzoii
1783 4977 2039 5030 animad-

2141 4483 2417 4542 societatis
2475 4483 2640 4557 atque
2690 4483 2916 4542 unitatis
2961 4502 3086 4541 cum
3145 4485 3252 4540 illis
3311 4485 3588 4557 ineundae.
3617 4483 3734 4540 Sed

2139 4565 2430 4626 postquam
2488 4556 2623 4612 vidit
2674 4557 2974 4623 Eudoxius,
3019 4558 3234 4613 Aetium
3262 4570 3354 4626 ‘eo
3405 4556 3738 4610 temeritatis

2140 4623 2408 4696 erupisse,
2438 4637 2499 4682 ut
2542 4629 2859 4698 episcopum
2892 4636 3054 4682 secta:
3095 4642 3210 4682 sua:
3247 4623 3733 4698 Constantinopoli

2139 4699 2441 4762 ordinaret,
2473 4697 2594 4754 sese
2619 4699 2686 4752 ab
2707 4697 2847 4753 Aetii
2869 4699 3114 4766 partibus
3136 4697 3350 4766 penitus
3379 4697 3616 4766 abrupit.

2213 4768 2328 4836 (86)
2375 4767 2814 4837 Χειροτονοῦσι.
2869 4764 3005 4821 Post
3069 4764 3292 4838 verbum
3354 4764 3736 4838 χειροτονοῦσι

2146 4838 2444 4908 asteriseus
2471 4840 2775 4908 appositus,
2794 4839 3073 4908 quidpiam
3100 4837 3188 4892 hic
3214 4839 3404 4908 deesse
3431 4837 3734 4908 significat.

2147 4906 2710 4964 Desideratnnautetn
2767 4906 2964 4962 nomen
3016 4907 3256 4976 episcopi
3295 4922 3457 4976 quem
3506 4906 3733 4961 Aetiani

2147 4995 2242 5033 seu
2292 4979 2545 5034 Anomoei
2585 4982 2636 5034 in
2683 4979 2860 5035 insula
2907 4977 3084 5034 Lesbo
3124 4979 3547 5032 constituerunt.
3593 4977 3736 5048 Ejus

1933 5110 2281 5156 VARIOBUM.

525 5231 600 5299 fa)
621 5230 732 5284 Τὸν
752 5228 820 5282 δὲ
844 5225 1061 5299 νεκρρν
1081 5223 1412 5299 ’Iov.1ra}'oﬁ
1423 5225 1903 5299 Μεροΰιιύδης.Αι
1917 5225 2040 5282 Am.

454 5295 803 5354 Marcellinus
843 5300 894 5352 id
925 5299 961 5352 'a
995 5297 1261 5366 Procopio
1293 5295 1494 5366 factum
1529 5298 1739 5358 scribit,
1777 5299 1871 5351 lib.
1911 5313 2035 5362 xxv,

453 5374 625 5438 cap.9
665 5390 678 5425 :
710 5369 843 5424 Cum
872 5369 1082 5422 Iuliani
1137 5365 1395 5438 supremis
1435 5365 1729 5436 Procopius
1781 5369 2034 5430 mittitur,

453 5457 536 5500 ea,
570 5450 626 5492 ut
663 5450 920 5508 superstes
954 5439 1044 5494 ille
1087 5441 1459 5500 mandaverat,
1491 5439 1804 5491 humaturus
1833 5440 1883 5491 in
1913 5438 2038 5491 sub-

455 5511 658 5565 urbano
686 5509 932 5564 Tarsensi
964 5513 1016 5564 in
1052 5509 1262 5565 Cilicia.
1299 5508 1413 5562 Hoc
1440 5510 1620 5562 caueri
1643 5525 1833 5563 omnes
1865 5509 2037 5562 histo-

457 5582 552 5636 rici
574 5589 862 5634 testantur.
885 5580 1040 5634 Tarsi
1077 5581 1239 5633 etiam
1273 5579 1599 5632 Maximinus
1639 5580 1934 5648 imperator
1976 5588 2035 5633 et

455 5667 634 5710 saevus
655 5649 1090 5703 Christianorum
1120 5657 1438 5716 persecutor
1459 5653 1766 5704 exstinctus
1797 5659 1899 5704 est.
1922 5649 2031 5704 Eu-

461 5732 599 5794 trop.
632 5721 666 5777 l.
700 5736 753 5786 κ,
781 5717 905 5794 Ζοες
929 5718 964 5773 l.
999 5733 1055 5782 ιι,
1086 5732 1138 5786 p.
1203 5715 1757 5779 677.ctLactant.De
1775 5721 2029 5774 mortibus

2145 5239 2523 5300 persecut.rap
2562 5229 2652 5289 40,
2671 5243 2837 5300 quem
2861 5225 3293 5300 vid.ap.Euseb.
3324 5221 3733 5293 p.458,not.3.

2223 5299 2298 5368 rb)
2337 5297 2650 5365 Κάνδιδος.
2692 5297 2767 5353 De
2801 5297 3047 5353 Candide
3076 5308 3132 5352 et
3173 5297 3404 5368 Arriano
3442 5308 3568 5368 mox
3602 5311 3730 5366 cap.

2143 5369 2196 5433 4,
2232 5363 2290 5430 ’6,
2319 5371 2370 5432 7,
2401 5381 2456 5426 et
2483 5371 2572 5424 lib.
2608 5363 2660 5424 ix
2684 5412 2697 5436 ,
2735 5383 2854 5438 cap.
2882 5370 2934 5425 1.
2969 5368 3067 5424 Hic
3097 5381 3180 5423 est
3219 5367 3306 5419 ille
3334 5363 3613 5438 Candidus
3631 5363 3732 5432 qui

2145 5441 2363 5509 scripsit
2394 5442 2459 5495 ad
2492 5433 2722 5494 Marium
2785 5433 3122 5494 Victorinum
3168 5438 3367 5491 librum
3403 5433 3477 5486 De
3505 5450 3735 5509 genera-

2144 5503 2284 5563 tione
2336 5513 2538 5568 divina.
2589 5510 2662 5566 De
2694 5509 2974 5567 Theodulo
3006 5524 3201 5578 supra,
3238 5509 3329 5561 lib.
3372 5516 3469 5566 vit,
3501 5521 3548 5558 c.
3592 5503 3643 5567 6,
3670 5515 3734 5578 et

2317 5581 2752 5653 lib.tx,cap.l8.
2781 5580 2856 5638 De
2877 5576 3107 5653 reliquis
3147 5581 3273 5636 item
3300 5578 3392 5656 lib.
3430 5576 3726 5645 tx,cap.i.

2138 5661 2192 5706 οι
2227 5661 2310 5706 ιδ.
