4054 6198
376 251 474 309 561

1248 226 1251 231 “
1340 236 1909 299 ECCLESIASTIGAE
1949 231 2305 293 ntsronun
2340 231 2468 288 LIB.
2511 230 2646 287 vm.

3537 224 3645 281 56?.

450 362 524 430 ς’.
554 361 701 423 Ὅτι,
747 359 942 432 φησὶν,
978 359 1027 413 οἱ
1080 357 1209 430 περὶ
1240 358 1506 413 Κάνδιδον
1554 358 1648 413 καὶ
1678 355 1953 432 mpsim»

2137 349 2190 407 6.
2225 348 2499 406 Candidus
2540 356 2590 402 et
2623 346 2887 401 Arrianus
2921 342 3213 405 Athanasio
3253 342 3537 405 obsistunt.
3573 370 3645 384 --

376 453 694 527 προσγενεῖς
725 451 879 515 ὄντες
906 449 989 521 τῷ
1012 449 1247 529 βασιλεῖ,
1291 450 1429 522 πρὸς
1472 449 1636 505 αὐτὸν
1670 451 1729 504 ἐν
1767 448 1959 520 Ἐδέσῃ

380 544 790 619 παραγίνονται,
816 541 911 597 καὶ
941 541 1024 614 τῷ
1055 541 1363 615 ’Δθανασίῳ
1390 539 1836 608 ὲξοικειώσασθαι
1867 538 1958 593 τὸν

383 635 601 708 βασιλέα
649 634 1006 699 σπουδάζοντι
1046 634 1297 706 ἐμποδὼν
1338 635 1609 689 ἵστανται.
1657 633 1806 705 Πλὴν
1836 632 1866 687 6
1892 648 1956 702 γε

383 729 646 800 βασιλεὺς,
695 730 778 794 είς
825 728 1035 783 δίαιταν
1067 725 1255 799 κοινὴν
1299 728 1369 782 τά
1402 728 1533 799 παρ’
1569 725 1835 798 ἑκατέρου
1859 724 1958 797 μέ-

384 839 504 895 ρους
537 820 811 892 λεγόμενα
843 819 1197 890 ἀναθέμενος,
1240 819 1423 893 ῥοπὴν-
1467 818 1770 893 οὑδετέροις
1818 817 1957 883 τέως

380 911 651 989 παρέσχεν
680 910 959 983 ἐπίδηλον.

438 1094 506 1163 ζ’.
548 1094 674 1149 ’Ὁτι
721 1092 969 1161 Εὑδόξιος
1014 1093 1159 1148 κατά
1198 1094 1461 1150 Κανδίδου
1518 1092 1611 1148 καὶ
1675 1086 1956 1164 Ἀρριανοῦ

371 1186 508 1260 πρὸς
537 1184 778 1251 Εύζὼῖον
810 1187 1033 1258 γράφει.
1066 1185 1202 1242 ὐδὲ
1240 1186 1482 1258 ἠχθέσθη
1513 1186 1632 1258 μὲν,
1665 1200 1958 1257 συμπαρα-

368 1276 553 1332 λαϐὼν
593 1277 651 1331 δὲ
694 1278 791 1331 καὶ
829 1277 1095 1333 Ἐλπίδιον
1135 1278 1484 1350 ἀντιγράφει,
1511 1276 1861 1349 μεμφόμενός
1895 1293 1957 1329 τε

368 1369 469 1440 τὴν
497 1367 830 1440 συμβουλὴν,
858 1369 1197 1440 ἀποσχέσθαι
1235 1369 1294 1424 δὲ
1336 1370 1590 1424 κάκεῖνον
1634 1368 1833 1440 μᾶλλον
1859 1369 1958 1422 ἀν-

365 1460 708 1529 τιπαραινῶν
730 1461 830 1531 τῆς
857 1460 1114 1533 τοιαύτης
1144 1460 1398 1533 γνώμηςο
1426 1462 1485 1517 ὲν
1503 1460 1685 1533 ταυτῷ
1712 1461 1757 1515 δ’
1775 1460 1958 1534 ἡρέμα

367 1569 490 1618 πως
525 1552 793 1623 annuam
828 1549 927 1622 τὴν
961 1551 1180 1626 μακρὰν
1210 1551 1477 1623 ἀναϐολὴν
1504 1551 1614 1607 τῶν
1649 1550 1961 1623 διομολογη-

366 1642 574 1701 θέντων
605 1643 748 1716 ὑπὲρ
790 1643 1000 1701 Ἀετίου
1024 1644 1302 1717 Εὐνομίῳ.

435 1911 510 1976 η’.
532 1902 657 1961 Ὅτι
690 1905 965 1972 ἰωϐιανδς
983 1908 1012 1961 6
1038 1906 1292 1978 βασιλεὺς
1318 1907 1454 1981 πρὸς
1481 1907 1590 1979 τὴν
1611 1908 1956 1963 Κωνσταντι·

367 1997 619 2052 νούπολιν
656 1998 932 2071 ἀπαίρων,
975 2000 1071 2053 καὶ
1112 1999 1356 2069 γεγονὼς
1392 2002 1451 2054 έν
1502 1999 1769 2072 Ἀγκύρα,
1798 1998 1956 2054 θάτε-

368 2107 465 2160 ρον
514 2089 624 2145 τῶν
670 2090 865 2145 ἑαυτοῦ
904 2091 1112 2149 παίδων
1153 2093 1540 2165 Οὐαρονιανὺν,
1582 2093 1779 2165 κομιδῇ
1834 2093 1955 2149 νέον

362 2179 518 2249 ὄντα,
550 2183 1006 2253 ἐπιφανέστατον.
1027 2184 1055 2238 δ
1081 2184 1234 2258 παρὰ
1280 2183 1577 2257 Ῥωμαίοις
1604 2185 1697 2240 τὸν
1733 2184 1956 2240 νωὸελί-

365 2289 528 2343 σιμον
565 2273 811 2341 δύναται,
848 2276 1190 2349 ἀναγορεύει.
1227 2276 1468 2332 Ἐκεῖθεν
1497 2277 1555 2331 δὲ
1586 2277 1955 2351 σφοδροτάτου

363 2366 636 2436 χειμῶνος
665 2368 1045 2440 ἐπικειμένου,
1090 2369 1188 2424 σὺν
1225 2368 1303 2442 τῷ
1337 2369 1554 2441 στρατῷ
1577 2372 1747 2443 χωρεῖ
1769 2370 1864 2425 ἐπὶ
1885 2371 1955 2427 τὰ

362 2459 575 2530 πρόσω.
598 2460 711 2515 Καὶ
738 2460 925 2514 πολλοὶ
940 2524 947 2527 ν
955 2462 1056 2533 μὲν
1087 2461 1229 2517 κατὰ
1253 2461 1354 2533 τὴν
1378 2461 1499 2517 ὁδὸν
1525 2460 1954 2536 διαφθείρονται.

360 2550 541 2617 Αὐτὸς
561 2551 620 2605 δὲ
662 2552 802 2622 μετά
830 2553 958 2617 τοὺς
994 2553 1426 2624 ὑπολειφθέντας
1455 2554 1570 2626 (98)
1598 2555 1956 2628 καταλαμϐά-

361 2659 440 2695 νει
464 2640 541 2695 τά
560 2641 900 2697 Δαδάστανα.
931 2643 1030 2697 Ἐν
1055 2661 1163 2699 τινι
1180 2644 1239 2699 δὲ
1259 2644 1574 2711 καταλύσας
1593 2644 1845 2720 σταθμῷ,
1859 2649 1957 2703 καὶ

357 2728 570 2802 τροφῆς
602 2730 910 2802 μετασχὼν,
932 2732 990 2785 ὲν
1008 2732 1272 2805 οἰκήματί
1304 2750 1411 2791 τινι
1434 2735 1561 2808 ἄρτι
1580 2735 1956 2809 κεκονιαμένῳ

359 2821 752 2879 κατακλίνεται
774 2822 910 2895 πρὸς
934 2821 1124 2882 ὕπνον.
1156 2825 1334 2899 Πυρδς
1365 2825 1411 2880 δ’
1431 2826 1785 2897 ἀναφθέντος,
1812 2826 1956 2883 ὥστε

355 2910 527 2968 ἀλέαν
549 2912 870 2984 ἐγγενέσθαι
902 2914 980 2986 τῷ
1004 2915 1289 2987 οἰκήματι,
1316 2917 1459 2983 νοτὶς
1495 2917 1595 2987 μὲν
1613 2918 1722 2973 τῶν
1749 2920 1958 2993 νεοχρί-

357 3019 502 3080 erant
510 3004 709 3077 τοίχων
724 3006 1011 3061 ἀνεδίδοτο·
1031 3007 1376 3080 ὴρέμαδὲδιὰ
1389 3008 1495 3064 τῶν
1509 3009 1674 3084 ῥινῶν
1690 3012 1957 3086 παραδυο-

358 3092 497 3166 μένη
517 3134 536 3159 ,
560 3086 802 3160 καὶτοὺς
819 3096 1285 3164 ἀναπνευστικοὺς
1319 3099 1520 3172 πόρους
1543 3101 1953 3174 ἐπιφράττουσα

354 3181 447 3236 καὶ
474 3183 888 3253 ἀποπνίγουσα,
905 3184 1208 3258 διαφθείρει
1231 3186 1324 3241 τὸν
1353 3186 1600 3258 βασιλέα,
1625 3188 1956 3246 διανύσαντα

353 3274 419 3327 ὲν.
434 3278 520 3352 τῇ
539 3274 788 3349 βασιλείᾳ
818 3277 996 3348 μῆνας
1014 3278 1183 3346 ἐγγὺς
1208 3276 1365 3332 δέκα.
1408 3278 1548 3334 Ἀλλ’
1581 3281 1610 3335 6
1638 3281 1740 3351 μὲν
1759 3281 1953 3337 τούτου

355 3367 558 3440 νεκρὸς
607 3369 690 3433 είς
735 3367 837 3439 τὴν
880 3365 1457 3422 Κωνσταντινούπολιν
1520 3367 1712 3438 ἄγεται
1764 3384 1780 3401 ⁶
1826 3370 1856 3423 6
1897 3370 1955 3426 δὲ

355 3455 595 3528 στρατὸς
631 3456 773 3512 κατά
811 3455 1048 3513 Νίκαιαν
1087 3455 1350 3526 γεγονὼς,
1371 3457 1596 3531 ἡμερῶν
1637 3458 1955 3531 διαγενομέι⁵

354 3566 461 3603 νων
483 3547 722 3614 δώδεκα,
755 3548 848 3603 τὸν
887 3548 1332 3604 Οὑαλεντινιανδν
1360 3549 1682 3623 ἀναγορεύει
1708 3550 1950 3622 βασιλέα.

354 3637 635 3697 Δατιανοῦ.
661 3639 760 3709 μὲν
785 3638 881 3692 τοῦ
904 3638 1195 3710 πατρικίου
1230 3639 1296 3693 ὲκ
1335 3638 1606 3703 Γαλατίας
1631 3640 1731 3712 τὴν
1759 3640 1955 3712 βουλὴν

354 3731 688 3803 γράμμασιν
710 3729 1151 3802 είσηγησαμένου
1183 3729 1264 3801 (έν
1291 3729 1430 3801 αὐτῇ
1455 3728 1566 3802 γὰρ
1592 3728 1681 3790 διά
1700 3747 1756 3785 τε
1777 3731 1954 3803 γῆρας

356 3823 448 3877 καὶ
471 3822 537 3876 τὸ
553 3820 647 3877 τοῦ
676 3820 948 3892 χειμῶνος
974 3820 1329 3876 ὑπελέλειπτο
1350 3821 1623 3893 μέγεθος),
1642 3821 1953 3892 συνεφαψα-

359 3915 529 3986 μένου
547 3913 604 3968 δὲ
621 3916 688 3986 τῇ
710 3912 909 3987 πράξει
950 3912 1246 3968 Σεκούνδου
1268 3930 1327 3968 τε
1343 3912 1437 3967 τοῦ
1463 3913 1707 3988 ὲπάρχοευ
1728 3914 1838 3985 (99)
1860 3915 1955 3971 καὶ

367 4003 679 4079 Ἀρινθαίου
701 4003 797 4059 τοῦ
823 4003 1130 4077 στρατηγοῦ
1148 4045 1165 4070 ,
1191 4005 1288 4059 καὶ
1300 4005 1557 4075 Γλαῖφου,
1577 4006 1685 4061 τῶν
1708 4007 1955 4079 δομεστί-

355 4117 470 4155 κων
496 4089 658 4163 οὗτος
685 4099 891 4168 ἠγεῖτο.
919 4097 1028 4153 Τοῦ
1047 4098 1105 4153 δὲ
1129 4096 1362 4171 στρατοῦ
1386 4100 1506 4154 κατ’
1521 4098 1691 4172 αὐτὴν
1714 4098 1813 4171 τὴν
1829 4100 1957 4155 ἀνα-

355 4191 617 4263 γόρευσιν
633 4233 650 4258 ,
671 4191 874 4263 ὲπὶτῆς
893 4191 1120 4257 ἀσπίδος
1141 4191 1508 4263 έποχούμενον
1524 4191 1599 4264 (ιι)
1614 4193 1706 4248 τὸν
1729 4192 1955 4263 βασιλέα

353 4279 691 4354 προσλαβεῖν
724 4280 983 4336 κοινωνὸν
1016 4281 1096 4345 είς
1119 4279 1218 4353 τὴν
1246 4279 1523 4351 βασιλείαν
1552 4272 1851 4350 ἀξιοῦντος,
1885 4285 1965 4359 τῇ,

1978 3061 2028 3125 C

2066 439 2347 497 Candidus
2383 448 2437 493 et
2457 436 2747 499 Arrianus,
2777 433 2872 505 qui
2908 432 3197 504 propinqui
3227 438 3382 485 erant
3414 442 3648 499 tmpera-

2066 534 2204 590 toris
2231 531 2466 595 Joviani,
2513 544 2641 587 eum
2673 526 3238 601 Edessaemorantem
3285 522 3557 587 adierunt,
3592 529 3650 578 et

2064 625 2367 683 Athanasio
2386 620 2735 693 imperatoris
2755 617 3190 674 benevolentiam
3218 614 3321 672 sibi
3349 614 3649 671 conciliare

2066 717 2312 777 studenti
2363 715 2713 772 obstiterunt.
2765 709 3063 781 imperator
3116 722 3269 775 vero,
3300 722 3363 764 ea
3404 721 3527 778 qum
3577 715 3646 760 an

2067 819 2301 882 utraque
2333 817 2485 880 parte
2513 807 2665 863 dicta
2690 805 2930 868 fuerant,
2959 802 3029 858 ad
3060 816 3350 857 commune
3375 799 3645 872 judicium

2066 899 2281 972 reiecit,
2310 898 2464 954 nullo
2488 893 2790 953 manifesto
2811 894 3015 951 iudicio
3043 891 3260 948 interim
3289 891 3439 959 dato,
3467 900 3646 947 utram

2066 992 2120 1047 in
2149 1000 2356 1062 partem
2381 988 2764 1062 propenderet.

2136 1079 2189 1136 7.
2239 1081 2501 1135 Adversus
2552 1078 2647 1132 hoc
2697 1076 2976 1132 Eudoxius
3032 1074 3237 1131 scribit.
3266 1101 3339 1113 —
3369 1069 3650 1128 Eudoxius

2064 1171 2329 1228 adversus
2384 1169 2689 1231 Candidum
2727 1177 2783 1224 et
2835 1167 3128 1228 Arrianum
3171 1165 3384 1222 litteras
3431 1163 3652 1234 scripsit

2064 1263 2132 1320 ad
2165 1262 2455 1319 Euzoium.
2484 1260 2730 1318 Euzoius
2767 1274 2899 1317 vero
2955 1259 3010 1315 id
3041 1258 3265 1330 quidem
3298 1255 3533 1328 graviter
3558 1263 3649 1309 tu-

2064 1356 2148 1422 lit,
2193 1365 2249 1413 et
2297 1355 2555 1428 adjuncto
2602 1355 2707 1414 sibi
2748 1352 2983 1424 Elpidio,
3041 1350 3328 1421 rescripsit
3375 1346 3646 1414 Eudoxio,

2064 1454 2262 1523 partim
2312 1452 2716 1523 reprehendens
2745 1450 2867 1521 ejus
2915 1447 3232 1512 consilium,
3278 1444 3478 1515 partim
3519 1457 3645 1499 eum

2064 1551 2258 1602 contra
2290 1545 2613 1610 exhortans,
2644 1551 2710 1599 ut
2743 1542 2860 1613 ipse
2901 1540 3081 1611 potius
3111 1539 3183 1595 ab
3215 1535 3490 1607 ejusmodi
3521 1549 3649 1591 sen—

2064 1635 2238 1691 tentia
2264 1635 2538 1693 reeederet
2556 1633 2759 1702 :simul
2779 1633 2945 1689 etiam
2967 1630 3162 1688 leniter
3184 1643 3311 1684 eum
3338 1624 3644 1690 incusabat,

1983 1720 2026 1777 Β
2054 1727 2126 1783 ob
2157 1726 2327 1784 nimis
2350 1727 2669 1784 diuturnam
2694 1725 3015 1783 dilationem
3044 1737 3239 1781 eorum
3271 1736 3395 1793 quae
3421 1719 3478 1775 in
3516 1732 3645 1788 gra-

2056 1816 2189 1874 tiam
2220 1816 2363 1874 Aetii
2390 1816 2667 1875 Eunomia
2682 1814 3010 1886 jamdudum
3045 1812 3394 1885 promiserat.
3472 1846 3475 1849 ν

2125 1908 2181 1964 8.
2214 1906 2431 1964 Ioviani
2460 1909 2657 1965 obitus.
2696 1906 3101 1963 Valentinianus
3125 1906 3255 1975 ῖιιιρ.
3292 1902 3485 1959 Valens
3514 1902 3646 1972 imp.

2053 2029 2125 2040 —
2164 1998 2469 2071 Imperator
2522 1998 2788 2056 Iovianus
2833 1992 3369 2066 Constantinopolim
3428 1991 3647 2063 profici-

2056 2107 2238 2161 scens,
2270 2107 2397 2149 cum
2423 2092 2697 2164 Ancyram
2723 2090 2986 2154 venisset,
3009 2089 3241 2145 alterum
3268 2102 3336 2145 ex
3357 2085 3484 2143 filiis
3506 2084 3645 2151 suis,

2056 2181 2462 2240 Varronianum
2493 2184 2737 2249 nomine,
2766 2183 3061 2242 admodum
3100 2195 3368 2252 puerum,
3413 2176 3644 2234 nobilis-

2055 2276 2256 2333 simum
2294 2276 2624 2349 designavit.
2664 2275 2878 2332 Exinde
2927 2273 3232 2345 asperrimo
3268 2271 3466 2329 hiemis
3507 2278 3645 2327 tem-

2053 2380 2189 2435 pore
2217 2364 2449 2422 ulterius
2476 2380 2600 2423 cum
2630 2365 2880 2422 exercitu
2909 2362 3191 2435 profectus
3229 2370 3334 2426 est,
3366 2359 3555 2416 multis
3589 2359 3645 2415 in

2057 2458 2251 2515 itinere
2280 2458 2528 2517 amissis.
2561 2458 2676 2531 (9'2)
2711 2456 2833 2530 Ipse
2874 2470 3005 2514 vero
3030 2470 3140 2512 una
3164 2470 3291 2510 cum
3332 2453 3400 2510 iis
3423 2453 3518 2523 qui
3552 2467 3647 2509 su-

2054 2549 2391 2620 perfuerant,
2442 2550 2592 2607 venit
2640 2549 2973 2606 Dadastana.
3027 2547 3279 2618 Cumque
3325 2546 3384 2601 in
3413 2544 3648 2601 statione

2054 2637 2292 2708 quadam
2314 2638 2710 2705 diversaretur,
2738 2648 2958 2709 sumpto
2972 2637 3120 2703 cibo,
3140 2636 3196 2692 in
3225 2633 3482 2692 cubiculo
3508 2649 3649 2705 quu-

2055 2727 2179 2784 dam
2230 2744 2424 2787 recens
2466 2730 2614 2787 calce
2654 2730 2793 2789 illito
2818 2730 3105 2797 decubuit,
3160 2728 3341 2786 somni
3397 2729 3646 2799 capiendi

2055 2836 2244 2877 causa.
2268 2820 2438 2878 Porro
2467 2836 2594 2878 cum
2618 2822 2763 2896 ignis
2792 2837 3059 2879 accensus
3085 2830 3256 2888 esset,
3289 2829 3350 2878 ut
3376 2829 3531 2891 tepor
3551 2836 3648 2891 per

2055 2914 2370 2997 cubiculum
2402 2915 2834 2986 dispergeretur,
2863 2914 3061 2970 humor
3080 2913 3303 2984 quidam
3329 2928 3394 2970 ex
3418 2913 3644 2983 parieti-

2056 3010 2161 3067 bus
2195 3026 2389 3069 recens
2432 3010 2585 3075 illitis
2607 3010 2896 3082 exspirare
2932 3009 3120 3080 cmpit.
3154 3007 3260 3076 Qui
3309 3007 3516 3065 sensim
3548 3023 3647 3079 per

2056 3118 2221 3161 nares
2247 3104 2658 3174 subingressus,
2690 3100 2998 3173 respirandi
3020 3110 3237 3159 meauts
3259 3101 3554 3159 obstruens
3580 3115 3647 3157 ac

2054 3194 2384 3267 praefocans,
2422 3195 2810 3267 imperatorem
2842 3192 3128 3260 exstinxit,
3168 3202 3302 3264 post
3324 3201 3550 3250 exactos
3587 3192 3643 3247 in

2055 3286 2288 3359 imperio
2331 3301 2553 3344 menses
2583 3286 2808 3344 circiter
2852 3286 3066 3345 decem.
3099 3284 3167 3342 Et
3207 3283 3374 3357 hujus
3427 3283 3646 3356 quidem

2056 3377 2872 3460 cadaver‘Constantiuopolim
2920 3379 3163 3436 delatum
3218 3384 3321 3435 est.
3362 3375 3647 3434 Exercitus

2056 3487 2186 3528 vero
2212 3486 2337 3527 cum
2360 3469 2597 3527 Nicaeam
2621 3471 2885 3538 venisset,
2913 3469 3205 3527 duodecim
3225 3469 3420 3526 diebus
3444 3467 3646 3539 elapsis

2057 3562 2501 3620 Valentinianum
2537 3563 2925 3634 imperatorem
2978 3562 3332 3620 renuntiavit.
3366 3562 3508 3618 Cum
3538 3559 3644 3617 Da-

2058 3653 2239 3709 tianus
2271 3653 2493 3724 quidem
2542 3654 2808 3725 patricius
2859 3654 2914 3711 id
2959 3655 3248 3713 consilium
3291 3669 3390 3726 per
3435 3654 3643 3711 litteras

2058 3743 2423 3815 suggessisset
2463 3758 2531 3799 ex
2560 3742 2807 3812 Galatia;
2840 3744 2950 3802 illic
2998 3746 3169 3813 enim,
3204 3745 3403 3816 partim
3448 3746 3521 3802 ob
3557 3760 3646 3801 se-

2058 3845 2363 3903 nectutem,
2403 3835 2603 3907 partim
2646 3838 2719 3893 ob
2770 3838 2969 3895 hiemis
3016 3838 3367 3909 asperitatem
3421 3839 3645 3895 relictus

2058 3926 2254 3994 fuerat,
2290 3926 2578 3984 Secundus
2614 3942 2743 3984 vero
2779 3929 3070 3999 praefectus
3099 3928 3380 4001 pra-torio,
3403 3937 3457 3985 et
3477 3928 3642 3984 Arin-

2058 4017 2234 4073 thmus
2269 4017 2525 4088 magister
2552 4017 2809 4086 militum,
2842 4034 2966 4075 cum
2999 4019 3280 4093 Dagalaifo
3315 4021 3515 4075 comite
3535 4020 3639 4076 do-

2060 4109 2420 4165 mesticorum
2451 4125 2675 4181 operam
2708 4126 2865 4168 suam
2894 4112 2962 4168 ad
2998 4111 3053 4168 id
3086 4112 3477 4184 perliciendum
3511 4127 3641 4168 con-

2062 4200 2344 4269 tulissent;
2380 4215 2617 4272 cumque
2647 4204 2922 4260 exercitus
2970 4203 3155 4260 statim
3196 4214 3323 4275 post
3350 4219 3636 4275 nuncupa-

2061 4288 2264 4344 tionem
2303 4286 2605 4359 Augustam
2640 4298 2887 4361 rogasset
2922 4288 3308 4360 imperatorem
3352 4289 3512 4346 seuto
3538 4288 3639 4344 im-

1601 4436 1853 4485 VALESII'
1875 4438 2385 4489 ANNOTATIONES._

455 4513 551 4579 97)
579 4513 898 4569 Tlieoclorit.
931 4516 1024 4569 lib.
1060 4531 1132 4579 ιν,
1168 4531 1219 4570 c.
1260 4517 1314 4570 5.

452 4584 547 4662 9_8)
576 4584 1441 4662 M8r&_t0iic__ﬁ;to.l€ty0értaq.
1489 4584 1581 4643 Sic
1616 4589 1781 4645 etiam
1814 4590 1950 4662 legi-

429 4604 547 4656 (δυ)
576 4604 739 4640 mera
765 4604 908 4653 τους
943 4604 1441 4710 υπολειῖυεντας.
1489 4604 1581 4643 διο
1616 4604 1781 4645 etiam
1816 4604 1950 4662 tegi-

356 4664 452 4714 tur
485 4656 542 4729 in
581 4656 802 4726 scriptis
828 4657 1131 4729 codicibus.
1207 4673 1351 4729 eges“
1371 4668 1551 4729 tamen
1579 4662 1950 4729 grammaticae

356 4726 644 4798 postulant
677 4737 734 4781 ut
766 4727 1076 4798 scribamus
1106 4728 1244 4798 μετά
1278 4727 1393 4798 ,τῶν
1420 4726 1873 4798 ὑπολειφθέντων.

430 4796 546 4868 (99)
578 4796 918 4868 Σεκούνδου
950 4814 1014 4868 τε
1037 4795 1146 4850 τοῦ
1174 4797 1460 4867 ἐπάρχου.
1494 4795 1862 4857 Gothofredus
1890 4801 1944 4857 in

357 4865 828 4923 An‘notationibus
851 4867 918 4922 ad
950 4867 1095 4923 hunc
1129 4865 1520 4933 locum,’notat
1554 4870 1698 4925 hunc
1729 4869 1940 4926 Secun-

357 4936 490 5007 dum
509 4934 826 5007 prafectum
851 4937 1107 5007 praetorio
1126 4939 1375 4994 eumdem
1398 4955 1522 4996 esse
1534 4954 1599 4995 cu
1609 4956 1657 4993 m
1678 4938 1940 4998 Salustio.

356 5006 426 5079 Et
455 5009 586 5063 olim
615 5006 946 5079 quidem’ita
974 5023 1251 5079 senseram
1286 5009 1340 5062 in
1381 5010 1844 5067 Annotatiouibus
1874 5012 1943 5069 ad

357 5077 559 5134 librum
592 5077 725 5151 xxu
767 5078 1043 5133 Ammiani
1077 5078 1376 5151 Marcellini
1407 5094 1529 5151 pag.
1565 5078 1692 5146 266,
1739 5097 1945 5138 meam-

353 5164 469 5220 que
514 5149 829 5221 opinionem
865 5158 1088 5206 secutus
1122 5156 1209 5206 est
1261 5148 1630 5207 Gothofredus
1685 5151 1743 5207 in
1796 5152 1944 5209 dicto

1977 4528 2026 4587 D
2052 4523 2194 4594 loco.
2226 4520 2427 4580 Verum
2469 4532 2657 4594 postea
2698 4539 2756 4580 re
2799 4525 3065 4581 attentius
3112 4524 3443 4591 examinata,
3493 4524 3638 4580 hunc

2057 4592 2370 4666 Secundum
2424 4592 2739 4664 praefectum
2787 4595 3046 4666 praetorio
3085 4595 3414 4664 deprehendi
3467 4595 3636 4666 alium

2056 4680 2179 4720 esse
2204 4680 2234 4718 a
2268 4663 2532 4731 Salustio,
2558 4675 2616 4721 ut
2639 4663 2852 4723 ostendi
2881 4665 2934 4720 in
2956 4663 3417 4722 Annotatiunibus
3445 4664 3512 4720 ad
3536 4663 3634 4722 lib.

2055 4750 2107 4789 νι
2142 4733 2453 4808 Sozomeni,
2484 4751 2606 4808 pag.
2631 4737 2759 4808 222.
2786 4734 2963 4808 liuius
2986 4734 3480 4808 Secundiprrefecti
3505 4750 3637 4808 prae-

2054 4806 2195 4862 torio
2246 4804 2581 4862 mentionem
2628 4807 2758 4863 facit
2811 4804 3077 4863 Libanius
3135 4806 3189 4861 in
3235 4804 3463 4875 epistola
3511 4804 3633 4870 122,

2053 4875 2148 4948 lib.
2175 4891 2248 4940 Iv,
2276 4892 2399 4947 quae
2428 4878 2628 4948 scripta
2654 4888 2742 4933 est
2759 4878 2825 4933 ad
2848 4877 3106 4948 Jovinum
3134 4877 3201 4931 de
3224 4875 3479 4931 Petronio
3505 4891 3637 4945 quu-

2051 4946 2197 5017 dam,
2228 4946 2322 5016 qni
2362 4946 2597 5017 primum
2632 4950 2931 5017 advocatus
2972 4946 3168 5011 fuerat,
3203 4955 3400 5017 postea
3432 4961 3636 5016 przeses

2049 5014 2443 5153 Eup’lggtensis
2488 5019 2822 5090 provincia:
2859 5014 2966 5074 εἶδε
3000 5017 3099 5089 μὲν
3127 5018 3157 5071 6
3201 5014 3488 5088 κράτιστος
3534 5017 3634 5070 Σε-

2050 5103 2147 5139 κου
2276 5124 2290 5143 .
3380 5120 3394 5133 .

2050 5103 2290 5143 κουνοος.
3380 5120 3394 5133 ο

1828 5266 2113 5315 VARIORU
2120 5270 2185 5314 Mr.

427 5344 509 5419 (α)
542 5344 678 5404 Ἐπὶ
725 5346 835 5415 τῆς
881 5347 1143 5419 ἀσπίδος
1184 5347 1617 5419 ἐποχούμενον.
1670 5348 1787 5407 Mos
1830 5361 1949 5408 erat

352 5417 622 5473 solemnis
653 5425 784 5492 tunc
810 5418 1095 5489 temporis,
1129 5428 1189 5492 ut
1215 5419 1263 5474 is
1290 5417 1451 5488 quem
1481 5420 1677 5492 milites
1694 5421 1943 5492 impera-

350 5495 529 5560 torem
563 5488 965 5560 renuntiarent,
1001 5489 1252 5560 protinus
1299 5498 1485 5560 scutor,
1507 5488 1800 5559 impositus
1834 5494 1945 5549 cir-

350 5556 737 5631 cumferretur.
796 5557 953 5615 Unde
989 5556 1045 5631 et
1090 5560 1293 5631 passim
1339 5559 1393 5613 in
1445 5556 1627 5615 Fastis
1677 5560 1945 5620 ldacianis

352 5626 510 5699 [tegas
557 5629 932 5699 imperatorem
987 5626 1215 5684 leuatum
1258 5645 1356 5699 pro
1402 5631 1735 5697 renuntiato,
1780 5632 1945 5690 etiam

357 5693 807 5768 Yﬂeutipiandm
842 5698 944 5757 hoc
978 5701 1098 5773 ipso
1133 5693 1279 5757 anno
1312 5699 1437 5756 364.
1476 5693 1732 5768 Gothofr.
1753 5702 1803 5759 in
1838 5702 1941 5758 loc;

2044 5353 2201 5421 Quod
2226 5369 2351 5410 mox
2388 5355 2465 5411 ait
2496 5354 2919 5425 Philostorgius,
2948 5355 3269 5412 Gratianum
3300 5355 3479 5411 adhuc
3503 5356 3637 5414 ado-

2046 5425 2363 5494 lescentem,
2397 5442 2440 5497 Aa
2496 5435 2651 5497 patre
2698 5426 2771 5497 ad
2817 5426 3106 5497 imperium
3165 5443 3267 5481 non
3302 5425 3468 5483 multo
3515 5437 3637 5496 post

2044 5504 2315 5570 evectum,
2357 5495 2591 5570 idalium
2622 5496 2728 5552 567
2774 5495 3464 5570 consignantchronologi.
3502 5495 3634 5559 dum

2045 5564 2341 5693 Critianus
2371 5567 2547 5625 adhuc
2584 5583 2722 5639 puer
2755 5564 3087 5636 cssetfucto
3113 5577 3208 5626 aut
3241 5564 3434 5627 novent
3460 5584 3645 5627 annos

2046 5649 2117 5692 na
2145 5651 2227 5693 us.

2046 5649 2227 5694 natus.
