4054 6198
322 310 420 366 565
1260 312 1827 373 ECCLESIASTICA‘Z
1869 313 2226 382 HISTORIA:
2270 315 2398 370 LIB.
2446 312 2579 368 Vlll.
3491 312 3596 370 3366

310 423 596 489 Βασίλειος
615 424 718 497 μὲν
748 424 1158 501 ’Λπολλιναρίου
1179 426 1557 502 λαμπρότερος
1582 431 1657 502 (5)
1691 426 1781 503 ἦν.
1807 430 1898 504 Τῷ

2016 432 2126 488 lem
2157 431 2226 487 ad
2261 446 2448 488 sacras
2480 431 2691 487 litteras
2730 430 2980 502 pertinet,
3034 428 3253 499 utrique
3290 414 3593 496 anteponit.

313 517 374 572 δὲ
390 517 692 590 Γρηγορίῳ,
716 518 812 573 καὶ
833 520 1308 593 παρ’ἀμφοτέροις
1327 518 1719 594 ἐξεταζομένῳ,
1746 522 1910 594 μείζω

2016 524 2090 578 Ac
2107 522 2366 579 Basilium
2385 523 2607 593 quidem
2639 522 2950 594 Apollinare
2979 521 3405 593 splendidiorem
3430 519 3600 576 fuisse

320 610 478 682 βάσιν
503 612 582 673 είς
610 611 939 683 συγγραφὰς
962 611 1037 682 (4)
1063 607 1208 684 εἶχεν
1240 614 1269 666 6
1288 612 1445 681 λόγος
1467 631 1481 644 ο
1507 613 1601 668 καὶ
1640 609 1708 685 ἦν
1738 616 1910 670 εἰπεῖν

2016 614 2143 671 dicit
2175 615 2229 669 in
2258 616 2623 687 panegyricis.
2657 614 2907 684 Gregorii
2941 629 3091 679 vero,
3128 614 3174 670 si
3208 629 3333 669 cum
3367 621 3598 682 utroque

334 701 750 775 Ἀπολλιναρίου
782 702 883 775 μὲν
905 703 1215 777 ἀδρότερος,
1248 703 1528 759 Βασιλείου
1549 704 1604 759 δὲ
1637 705 1910 778 σταθερὼ-

2016 713 2383 776 comparetur,
2443 707 2621 778 magis
2678 704 2907 761 fundata
2958 706 3025 760 ad
3084 704 3429 760 scribendum
3496 703 3599 759 fuit

320 810 489 866 τερος.
2008 798 2223 862 oratio;
2268 804 2323 852 et
2369 797 2686 869 Apollinare
2735 797 2955 869 quidem
3004 795 3227 853 uberior
3270 796 3374 853 fuit
3413 797 3467 853 in
3515 797 3598 852 di-

2008 889 2216 957 cendo;
2248 887 2454 945 Basilio
2484 898 2668 946 autem
2705 889 2941 945 ﬁrmior.

386 1039 597 1114 [Placet
654 1041 804 1099 aliud
840 1041 1192 1116 Philostorgii
1246 1042 1617 1117 fragmentum
1669 1043 1859 1101 Graec
1912 1044 2004 1102 hic
2045 1046 2337 1117 collocare,
2377 1048 2525 1121 quod
2569 1048 2850 1106 Morellius
2896 1048 2954 1105 in
2984 1047 3184 1121 quinto
3210 1046 3414 1105 Nicetze
3458 1048 3599 1105 lihro

316 1134 410 1190 fol.
441 1134 551 1192 309
574 1133 773 1194 Latine
801 1139 1185 1195 tantummodo
1216 1139 1424 1211 posuit,
1458 1137 1648 1196 Graece
1685 1148 1867 1196 autem
1917 1140 2144 1197 nonnisi
2190 1141 2424 1213 carptim
2459 1143 2603 1213 apud
2639 1142 2866 1198 Suidam
2912 1156 3038 1198 voc.
3086 1139 3519 1209 Ἀπολινὰριος,
3549 1145 3602 1193 et

315 1229 372 1286 ι..
408 1232 685 1302 excerptis
720 1232 1008 1290 Photianis
1036 1233 1163 1290 libri
1192 1235 1372 1290 octavi
1408 1234 1629 1306 legitur.
1668 1235 1762 1292 Sic
1795 1235 1964 1308 igitur
1988 1252 2050 1293 se
2081 1237 2245 1295 habet
2273 1237 2625 1310 Philostorgii
2670 1239 2823 1296 locus
2847 1255 2879 1295 a
2910 1236 3101 1295 Niceta
3130 1240 3290 1296 nobis
3317 1238 3604 1295 exhibitas

311 1327 369 1382 in
401 1322 529 1379 cod.
567 1319 692 1379 Vat.
724 1337 848 1395 pag.
883 1322 987 1378 133
1019 1322 1056 1379 ι)
1086 1341 1101 1379 :
1140 1323 1202 1378 '0
1237 1322 1668 1389 δυσσεὸέστατος
1694 1324 1910 1379 Φιλοστό

2016 1343 2075 1389 ος
2108 1327 2167 1380 ὲν
2200 1326 2280 1398 τῷ
2307 1328 2480 1401 ὀγδόῳ
2517 1328 2620 1400 τῆς
2652 1329 2891 1401 ἱστορίας
2924 1328 3068 1400 λόγῳ
3113 1330 3206 1384 τὸν
3248 1329 3603 1385 δυσσεὸέστα·

308 1430 405 1471 τον
433 1414 626 1470 τοῦτον
646 1416 916 1486 Εὐνόμιον
953 1414 1191 1469 ἐπαινῶν
1233 1431 1417 1487 φησιν,
1451 1416 1529 1481 ὡς
1557 1418 1587 1472 6
1625 1416 2039 1488 ⁹Αστιτολλινάριος
2069 1417 2132 1471 τὸ
2170 1418 2625 1491 ὑπομνηματικὸν
2656 1416 2796 1484 εἶδος
2835 1420 2937 1491 τῆς
2977 1419 3176 1485 λέξεως
3213 1422 3413 1493 ἄριστα
3448 1419 3600 1493 εἶχεθ

307 1509 600 1573 Βασίλειος
636 1506 695 1563 δὲ
727 1505 1099 1577 πανηγυρίσαι
1133 1505 1296 1577 μόνον
1332 1505 1718 1579 λαμπρότατος
1743 1503 1846 1579 ἦν·
1882 1507 1961 1579 τῷ
1990 1507 2050 1561 δὲ
2081 1508 2368 1581 Γρηγορίῳ
2411 1509 2648 1581 ἑκάτερα
2680 1510 2810 1582 παρ’
2844 1510 3189 1582 ἀμφοτέρους
3229 1511 3605 1584 ἐξεταζομένῳ

312 1604 493 1677 μείζω
519 1602 674 1674 βάσιν
700 1604 781 1666 είς
799 1600 1122 1673 συγγραφὴν
1156 1597 1301 1673 εἶχεν
1328 1604 1357 1657 6
1386 1601 1545 1672 λόγος
1567 1616 1583 1633 ’
1613 1603 1708 1658 καὶ
1751 1599 1820 1676 ἦν
1852 1605 2030 1661 εἰπεῖν
2068 1604 2482 1679 ’Δπολλιναρίου
2530 1607 2631 1678 μὲν
2664 1606 2973 1681 ἀδρότερος,
2999 1606 3279 1660 Βασιλείου
3308 1606 3366 1659 δὲ
3402 1605 3603 1677 σταθη-

310 1700 541 1773 ρότερος
561 1716 578 1732 ο
605 1700 634 1754 6
662 1698 761 1769 μὲν
791 1693 887 1753 οὖν
915 1697 1324 1770 Ἀπολλινάριος
1356 1699 1451 1753 καὶ
1482 1700 1511 1753 6
1533 1698 1812 1764 Βασίλειος
1850 1700 2122 1776 κατάοτῆς
2163 1701 2462 1771 ἀπολογίας
2493 1697 2561 1774 ἦς
2593 1703 2858 1773 Εὐνόμιος
2886 1701 3200 1774 ἐξήνεγκεν,
3238 1699 3557 1773 ὲγραψάτην
3583 1715 3598 1727 ·

307 1796 410 1852 τοῦ
438 1796 497 1849 δὲ
529 1795 834 1869 Γρηγορίου
884 1794 999 1867 (καὶ
1024 1793 1184 1849 τοῦτό
1220 1812 1305 1861 τις
1350 1796 1432 1860 είς
1473 1796 1744 1860 συνέσεως
1776 1794 2051 1861 ἀπόδειξιν
2102 1797 2201 1868 οὐχ
2227 1797 2431 1868 ἥκιστα
2467 1796 2645 1866 λάὄοι)
2696 1796 3004 1867 διαγνόντος
3051 1795 3249 1850 ὁπόσον
3281 1793 3433 1865 αὑτῷ
3465 1794 3603 1867 πρὸς

316 1882 530 1949 ἐπεῖγον
557 1888 627 1964 ἦν
653 1892 713 1947 τὸ
749 1891 852 1958 τῆς
879 1891 1164 1964 δυνάμεως
1200 1891 1387 1964 μέσον,
1420 1893 1514 1946 καὶ
1549 1891 1651 1963 τὴν
1679 1892 1913 1964 ἡσυχίαν
1944 1892 2360 1964 ἀσπασαμένου,
2402 1893 2563 1964 μόνον
2598 1891 2658 1946 δέ
2684 1909 2807 1945 τινα
2848 1891 2958 1946 τῶν
2986 1890 3254 1963 Εὑνομίου
3295 1888 3607 1959 κεφαλαίων

311 1992 374 2045 ἐν
406 1988 486 2062 τῷ
513 1988 654 2058 Περὶ
691 1986 829 2043 Υἱοῦ
849 1987 994 2059 λόγῳ
1020 1987 1444 2060 ἀνατρέψαντος,
1476 1987 1551 2053 ὡς
1578 1990 1638 2042 ὲν
1661 1987 1793 2057 εἴδει
1821 1985 1914 2042 τοῦ
1942 1988 2405 2060 πρὸςἈνομοίους
2428 1989 2803 2062 ἀντιρρήσεως
2822 2002 2837 2019 ·
2866 1986 2896 2040 ὸ
2924 1986 2981 2041 δὲ
3005 1984 3604 2057 ΕὐνόμιοςἈπολλινά-

315 2102 439 2161 ριον
470 2085 565 2158 μὲν
587 2084 707 2139 οὐδὲ
736 2084 1110 2157 ἀντιρρήσεως
1138 2083 1338 2155 ἠξίωσε
1358 2099 1374 2116 ο
1405 2083 1500 2139 καὶ
1524 2083 1634 2157 γὰρ
1674 2083 1755 2155 τῷ
1782 2084 1896 2138 ὄντι
1923 2083 2192 2158 πλαδαρὸς
2224 2084 2306 2147 εἰς
2336 2082 2511 2138 ταῦτα
2552 2083 2836 2155 ἀπήντησε
2881 2082 2976 2136 καὶ
3018 2080 3368 2151 ἀσυστρεφής
3387 2095 3402 2111 ο
3444 2079 3607 2131 Βασι-

311 2182 450 2254 λείῳ
474 2181 531 2235 δὲ
563 2182 816 2236 ἀντεῖπεν
848 2182 907 2235 ὲν
939 2180 1099 2234 πέντε
1131 2180 1332 2251 λόγοις,
1362 2176 1439 2236 ὧν
1467 2181 1597 2245 τοὺς
1625 2178 2059 2252 προεκδοθέντας
2091 2179 2385 2253 δεξάμενος
2411 2178 2716 2245 Βασίλειος,
2758 2175 2865 2232 ὑπὸ
2894 2176 2995 2249 τῆς
3021 2174 3325 2246 δυσθυμίας
3360 2173 3454 2227 τὸν
3490 2171 3604 2244 βίον

310 2276 570 2332 ἀπέλιπε.
605 2306 671 2316 -
706 2273 836 2342 hist,
868 2273 1122 2347 Spicileg.
1158 2271 1339 2344 Rom.,
1362 2282 1499 2331 tom.
1531 2274 1623 2340 IV,
1652 2290 1706 2346 p.
1736 2271 1894 2347 424.]

385 2430 478 2503 ιβ’.
513 2432 636 2486 Ὅτι
670 2431 733 2487 οὐ
766 2430 926 2504 μόνον
960 2432 1055 2487 τὸν
1092 2432 1265 2505 μέγαν
1294 2432 1602 2498 Βασίλειον,
1636 2431 1775 2487 ἀλλὰ
1811 2432 1909 2487 καὶ

2081 2432 2170 2489 12.
2206 2430 2409 2488 Eorum
2437 2432 2640 2505 scripto
2686 2433 2743 2486 in
2782 2429 3035 2485 Eunomii
3076 2426 3496 2499 Apologeticum.
3530 2451 3605 2465 --

309 2523 405 2578 τὺν
438 2522 850 2595 Ἀπολλινάριον
883 2522 1036 2593 λέγει
1086 2523 1225 2594 πρὸς
1262 2523 1362 2593 τὴν
1397 2522 1713 2593 Ἀπολογίαν
1742 2524 1908 2578 Εὐνο-

314 2618 446 2688 μίου
470 2615 829 2688 ἀντιγράψαι.
863 2611 997 2669 Εἶτα
1041 2613 1203 2669 πάλιν
1232 2615 1500 2685 Εὐνομίου
1530 2617 1589 2669 ὲν
1618 2614 1781 2669 πέντε
1814 2616 1908 2669 λό-

310 2726 436 2779 γοις
484 2708 901 2779 συμπλακέντος
932 2706 1232 2779 Βασιλείῳ,
1278 2709 1524 2777 ἐντυχεῖν
1572 2707 1781 2761 ἐκεῖνον
1828 2705 1909 2778 τῷ

318 2798 551 2874 πρώτῳ,
582 2798 681 2852 καὶ
720 2796 1185 2871 βαρυθυμήσαντα
1214 2796 1393 2851 λιπεῖν
1422 2795 1515 2849 τὸν
1554 2795 1687 2867 βίον.
1718 2795 1908 2861 Οὕτως

308 2890 470 2964 αὐτῷ
519 2890 584 2944 τδ
609 2889 806 2962 ψεῦδος
839 2890 917 2962 (a)
958 2891 1053 2944 ἐπὶ
1102 2887 1285 2962 πολλῷ
1324 2890 1424 2961 τῆς
1460 2888 1722 2961 ἀληθείας
1762 2888 1907 2943 τετί-

312 3000 521 3057 μηται.

377 3174 479 3237 ιγ’.
515 3167 641 3220 Ὀτι
671 3164 781 3219 τῶν
816 3162 1123 3235 εἰρημένων
1158 3162 1331 3230 ἁγίων
1357 3160 1589 3233 ἀνδρῶν,
1623 3159 1906 3215 Βασιλείου

311 3260 417 3315 καὶ
454 3257 784 3331 Γρηγορίου,
830 3254 1148 3327 περιφανῶς
1181 3255 1278 3308 καὶ
1316 3254 1541 3325 ἀναίδην
1573 3254 1911 3325 καταψεύδε-

310 3368 450 3407 ται·
511 3349 586 3421 μὴ
628 3348 739 3419 γὰρ
776 3347 955 3416 λέγειν
997 3346 1197 3409 αὐτοὺς
1246 3345 1536 3417 ἄνθρωπον
1580 3345 1909 3418 γεγενῆσθαι

306 3449 408 3504 τὸν
441 3447 593 3511 Υἰδν,
623 3444 762 3500 ἀλλά
800 3445 1083 3515 ἐνοικῆσαι
1121 3442 1415 3515 ἀνθρώπῳ,
1469 3443 1759 3517 καὶταύτῃ
1791 3445 1909 3499 δια-

308 3539 552 3611 ζυγῆναι
580 3536 1098 3607 τὸνἌπολλινάριον
1123 3536 1225 3607 τῆς
1260 3536 1458 3608 μοίρας
1491 3536 1691 3591 αὐτῶν.
1724 3538 1912 3591 Alt-td-

310 3648 407 3685 ται
440 3630 498 3684 δὲ
546 3629 820 3693 κάκεῖνον,
854 3629 954 3681 οὐκ
982 3629 1069 3697 ἐφ’
1108 3622 1190 3692 οἷς
1218 3630 1332 3693 τοῖς
1359 3629 1611 3684 εὐσεϐέσι
1635 3632 1911 3703 παρέσχεν

311 3722 525 3787 αἰτίαν,
584 3722 699 3776 ἀλλ’
736 3724 816 3786 είς
864 3722 1058 3794 ἑτέραν
1106 3721 1269 3777 αὐτὸν
1318 3723 1650 3797 κατασύρειν
1700 3725 1911 3795 είσάγει

2010 2524 2103 2581 Ait
2147 2524 2569 2597 Philostorgius,
2620 2539 2732 2581 non
2784 2522 2962 2579 solum
3015 2519 3276 2576 Basilium
3319 2516 3602 2589 Magnum,

2010 2633 2200 2673 verum
2231 2617 2397 2673 etiam
2428 2616 2826 2688 Apollinarem,
2855 2612 3151 2684 scripsisse
3181 2609 3432 2664 adversus
3464 2610 3607 2678 Apo-

2010 2707 2293 2779 logeticum
2341 2707 2634 2773 Eunomii;
2668 2715 2857 2777 postea
2900 2720 3033 2760 vero
3079 2700 3413 2757 Eunomium
3443 2697 3607 2767 quin-

2010 2815 2117 2872 que
2143 2800 2300 2856 libris
2321 2799 2587 2856 adversus
2610 2798 2877 2855 Basilium
2898 2797 3245 2859 decertasse;
3280 2794 3425 2848 hunc
3449 2805 3599 2848 vero.

2010 2911 2135 2951 cum
2186 2895 2426 2966 primum
2459 2895 2726 2950 duntaxat
2778 2893 2978 2947 librum
3024 2890 3266 2961 legisset,
3304 2887 3457 2958 gravi
3504 2886 3621 2941 ἀοι.

2011 2988 2126 3044 lore
2163 2987 2472 3059 perculsum
2501 3002 2567 3042 ex
2595 2987 2698 3041 hac
2724 2985 2832 3040 vita
2859 2984 3146 3054 migrasse.
3168 2979 3317 3034 Adeo
3350 2976 3439 3033 hic
3464 2977 3604 3032 scri-

2009 3090 2134 3153 ptor
2172 3080 2519 3137 mendacium
2555 3078 2729 3151 pluris
2752 3077 2885 3134 facit
2915 3089 3080 3146 quam
3115 3072 3426 3129 veritatem.

2083 3174 2171 3228 l3.
2203 3170 2271 3226 In
2328 3171 2535 3226 eosdem
2584 3170 2888 3224 calumniae.
2934 3165 3170 3221 Eosdem
3222 3161 3604 3220 sanctissimos

2010 3262 2179 3328 viros,
2211 3262 2473 3317 Basilium
2508 3262 2720 3318 scilicet
2749 3270 2803 3317 et
2829 3258 3177 3330 Gregorium,
3208 3265 3393 3327 aperte
3413 3263 3468 3309 et
3503 3253 3605 3308 im-

2011 3355 2279 3426 pudenter
2311 3354 2682 3410 calumniatur
2711 3371 2726 3410 :
2773 3366 2949 3423 neque
2977 3350 3122 3406 enim
3168 3364 3264 3405 eos
3301 3347 3482 3403 dicere
3516 3343 3606 3399 Fi-

2012 3447 2146 3501 lium
2199 3446 2482 3501 hominem
2511 3445 2717 3501 factum
2763 3460 2906 3512 esse,
2942 3442 3038 3501 sed
3084 3442 3137 3496 in
3181 3439 3403 3496 homine
3448 3437 3607 3493 iuba-2

2011 3540 2250 3603 hitasse;
2286 3553 2521 3610 eamque
2559 3538 2630 3594 ob
2654 3553 2878 3593 causam
2911 3536 3284 3607 Apollinarem
3315 3532 3384 3587 ab
3411 3545 3602 3586 eorum

2011 3631 2259 3702 partibus
2320 3645 2441 3686 sese
2484 3629 2824 3700 abjunxisse.
2866 3627 3037 3683 Istum
3081 3640 3213 3681 vero
3248 3624 3412 3679 etiam
3439 3636 3604 3679 accu-

2013 3730 2119 3788 sat,
2150 3736 2259 3774 non
2313 3720 2384 3775 ob
2422 3735 2487 3775 ea
2519 3735 2752 3790 quorum
2789 3733 2955 3773 causa
2986 3732 3016 3770 a
3062 3715 3164 3786 piis
3202 3713 3458 3768 omnibus
3489 3726 3606 3765 me-

312 3816 583 3888 σπουδήν.
635 3814 798 3884 Λέγει
846 3813 904 3872 δὲ
955 3814 1093 3886 μετά
1132 3814 1241 3868 τῶν
1286 3815 1485 3883 ἀλλων,
1532 3817 1615 3871 ὅτι
1672 3818 1772 3890 τὴν
1802 3818 1910 3874 τῶν

2016 3814 2121 3869 rito
2149 3813 2515 3884 reprehensus
2539 3821 2646 3877 est,
2674 3811 2770 3867 sed
2800 3811 2853 3865 in
2886 3810 3034 3865 aliud
3060 3806 3333 3879 quoddam
3360 3805 3601 3861 studium

313 3909 595 3981 σωμάτων
625 3907 924 3963 ἀνάστασιν
961 3906 1308 3980 ἀπεκήρυξεν
1337 3909 1438 3980 (b).

390 4085 482 4142 ιδ’.
520 4086 665 4151 Ὅτι,
716 4086 872 4155 φησι,
941 4084 1351 4158 ’Δπολλινάριος
1400 4086 1543 4141 κατά
1593 4085 1907 4161 Πορφυρίου

311 4177 542 4250 γράψας
571 4178 666 4232 ἐπὶ
692 4177 826 4232 πολὺ
860 4179 1055 4252 κρατεῖ
1087 4177 1200 4233 τῶν
1237 4177 1628 4252 ἠγωνισμένων
1661 4179 1909 4254 Εὐσεσίῳ

2014 3905 2301 3975 abreptum
2345 3919 2468 3960 esse
2506 3903 2693 3958 tradit.
2729 3902 2876 3957 Inter
2925 3901 3031 3955 alia
3071 3906 3252 3953 autem
3285 3896 3438 3960 dicit,
3474 3910 3598 3949 eum

2017 3997 2476 4054 resurrectionem
2510 4009 2805 4065 corporum
2836 3992 3139 4061 negavisse.

2087 4088 2178 4145 14.
2212 4087 2546 4159 Apollinaris
2572 4087 2629 4142 in
2674 4084 3033 4156 Porphyrium
3076 4082 3296 4152 scripta.
3324 4108 3395 4120 —-
3433 4076 3599 4147 Apol—

2015 4179 2209 4237 linaris
2247 4180 2305 4236 in
2337 4179 2495 4236 libris
2532 4193 2672 4249 quos
2710 4185 2901 4234 contra
2951 4173 3312 4248 Porphyrium
3356 4167 3603 4241 scripsit,-

1552 4351 1798 4398 VALESII
1835 4351 2333 4399 ANNOTATIONES.

389 4489 478 4562 (3)
512 4488 963 4562 Ἀπομιναρίου
987 4487 1417 4562 λαμπρότερος.
1468 4487 1624 4562 Apud
1668 4481 1915 4562 'Sui_dam

319 4557 547 4617 additur
573 4560 796 4613 verbum
832 4558 1228 4629 πανηγυρίσαι,
1256 4559 1401 4629 quod
1433 4558 1618 4629 nescio
1645 4572 1744 4613 cur
1767 4557 1907 4614 Pho-

319 4634 435 4688 tius
470 4629 840 4701 praetermisit,
862 4628 1081 4701 Acunjin
1104 4643 1170 4682 eo
1213 4628 1351 4701 pene
1381 4635 1492 4701 tota
1526 4628 1608 4701 vis
1632 4629 1906 4701 consistat

316 4697 631 4759 sententia}.
668 4700 758 4754 Ait
788 4699 933 4771 enim
965 4697 1361 4771 Philostorgius
1387 4698 1489 4754 hos
1517 4697 1737 4771 quidem
1772 4708 1905 4771 tres,

316 4771 698 4844 Apollinarem
753 4770 983 4844 scilicet,
1018 4768 1295 4844 Basiliuin
1350 4768 1910 4844 atque'Gregoriu_m,

317 4839 576 4897 omnium
603 4840 688 4896 sui
716 4840 979 4910 temporis
1003 4840 1400 4911 disertissimos
1423 4839 1612 4911 fuisse.
1653 4839 1911 4911 Singulos

2023 4489 2344 4545 scribendos
2404 4486 2831 4545 commentarios
2902 4485 3272 4555 aptissimum.
3320 4483 3599 4555 Basilium

2016 4575 2149 4631 vero
2175 4560 2228 4613 in
2257 4559 2587 4631 panegyricu
2623 4556 2838 4631 dicendi
2871 4552 3068 4631 genere
3099 4552 3600 4631 excelluisse._Grc-
3635 4584 3642 4609 ι

2017 4630 2156 4701 gorii
2186 4618 2317 4701 vero
2346 4618 2649 4701 orationem
2681 4618 3382 4701 magis'funtlatamjuisse,
3414 4623 3465 4677 id
3490 4631 3596 4686 est,
3636 4642 3641 4646 '

2018 4695 2080 4756 ut
2102 4701 2278 4771 rvulgo
2308 4700 2461 4771 loqui
2501 4695 2972 4771 solemusfmagis
2998 4695 3353 4771 periodi‘cam.

2089 4770 2167 4842 (4)
2201 4764 2427 4833 Memor
2460 4772 2548 4842 εις
2584 4764 2959 4842 συγγραφάς.
2998 4764 3153 4842 l_lu_nc
3199 4765 3565 4842 locunt_cmeu
3586 4789 3601 4800 -

2015 4832 2226 4898 dari'ex
2250 4832 2439 4898 codice
2469 4832 3043 4905 samuelis'Bocharti,
3076 4838 3130 4891 in
3156 4851 3267 4905 quo
3290 4836 3360 4887 ita
3380 4832 3599 4905 legitur,

320 4925 509 4996 tamen
542 4900 913 5037 progrium'ac
934 4910 1263 4992 peculiarem
1292 4909 1505 4965 dicendi
1532 4900 1906 4990 charactEmm

320 4983 608 5037 habuisse.
692 4996 782 5037 am
809 4981 1143 5037 Apollinaris
1164 4980 1388 5037 eundem
1413 4978 1614 5037 stvlum
1644 4977 1817 5037 fuisse
1840 4981 1909 5037 ad

2018 4912 2191 4983 μείζω
2247 4912 2405 4983 βάσιν
2462 4914 2543 4975 είς
2594 4908 2919 4981 συγγραφὰς
2967 4900 3113 4977 εἶχεν
3142 4900 3187 4959 6⁷
3214 4904 3389 4971 λόγος.
3422 4900 3598 4967 Quam

2016 4982 2342 5037 scripturam
2371 4984 2659 5037 continuat
2688 4978 2887 5037 Suidas
2924 4978 2995 5034 in
3015 4992 3148 5033 voce
3163 4974 3594 5037 Ἀπολλινάριος.

319 4983 608 5039 habuisse.

692 4996 782 5037 am
809 4974 1143 5054 Apollinaris
1164 4980 1388 5053 quidem
1413 4978 1614 5050 stylum
1644 4977 1817 5037 fuisse
1840 4981 1909 5038 ad
1938 4975 1987 5035 D
2013 4974 2342 5054 scripturam
2371 4974 2887 5039 contirmat'Suidas
2924 4978 2995 5034 in.
3015 4974 3594 5044 νὀοοἋπολλινάριος.

1797 5153 2148 5201 VARIORUM.

398 5306 481 5378 (α)
523 5308 734 5378 οὕτως,
765 5303 1044 5378 αὐτῷ-τὸ
1066 5300 1513 5378 ᾲψεῦᾷοςζμιωξθ
1558 5302 1666 5378 ho_c
1703 5304 1921 5378 epipho-

321 5371 485 5433 ιωήια
532 5371 836 5445 narrationi
873 5375 963 5430 isti
995 5371 1278 5445 subiunxit
1318 5372 1568 5445 Photius.
1612 5371 1919 5445 Eunomius

320 5449 478 5504 enim
532 5443 711 5504 libros
756 5446 892 5502 istos
950 5460 1058 5499 non
1099 5443 1230 5500 ‘uisi
1285 5452 1410 5514 post
1447 5444 1665 5499 obitum
1728 5444 1919 5500 Basilii

323 5520 381 5573 in
435 5518 612 5574 lucem
676 5516 866 5581 edidit,
920 5524 1058 5573 teste
1112 5513 1303 5572 eodem
1341 5513 1561 5581 Photio,
1613 5514 1737 5571 cod.
1793 5515 1916 5570 136.

324 5587 423 5643 ιγ.
453 5587 656 5643 ιοιυιΙι.

406 5628 423 5642 .
453 5599 656 5643 Lowm.

403 5658 483 5726 (ὁ)
516 5658 638 5726 Τὴν
668 5657 786 5712 τῶν
812 5655 1102 5727 σωμάτων
1141 5656 1483 5711 ἀνάστασιν
1514 5654 1918 5727 ἀπεκήρυξεν.

332 5725 675 5799 Apollinaris
739 5725 1196 5785 resurrectionem
1257 5742 1369 5783 non
1431 5725 1676 5799 negavit,
1729 5740 1923 5784 verum

2015 5304 2161 5361 circa
2201 5303 2659 5360 resurrectionem
2714 5298 2989 5371 ineptivit;
3043 5301 3289 5371 mortuos
3329 5294 3478 5371 enim
3509 5311 3601 5349 re-

2015 5390 2272 5431 versuros
2304 5374 2445 5429 dixit
2479 5372 2548 5428 ad
2584 5374 2758 5444 legem
2799 5365 2854 5426 et
2877 5365 3396 5444 circumcisionem,
3437 5366 3599 5431 ritus,

2018 5445 2312 5509 sacrificia,
2353 5440 2770 5516 templuul'per
2818 5440 3302 5516 milleaunosiut
3330 5443 3605 5516 testantur

2017 5516 2253 5570 Basilius
2279 5503 2439 5583 epist.
2466 5503 2572 5577 Τις
2598 5503 2951 5583 Epiphanius
2970 5506 3161 5583 haeresi
3196 5505 3264 5557 ’Π
3286 5503 3603 5583 ;__Hierouy.

2018 5599 2141 5640 mus
2194 5586 2248 5637 in
2297 5576 2415 5652 cap.
2464 5576 3015 5652 ιιιωινπΕιριειιὲειὶε.Δ
3045 5577 3121 5631 De
3172 5576 3437 5645 peculiari
3482 5577 3604 5646 ejus

2018 5654 2211 5714 haeresi
2242 5649 2368 5712 vid.
2388 5655 2543 5713 Socr.
2582 5654 2676 5713 lib.
2716 5667 2779 5721 ll,
2815 5667 2935 5723 cap.
2967 5649 3090 5717 ult.,
3119 5656 3234 5704 not.
3269 5662 3324 5708 ε.
