4054 6198
469 316 533 373 τι
1821 322 2315 384 PllILOSTORGll

3600 332 3706 390 15ῗέ

423 443 536 501 quo
559 433 628 485 ab
656 430 790 486 urbe
832 429 1033 502 Cyzico
1061 432 1409 504 migraverat,
1440 445 1553 492 toto
1597 437 1853 510 deinceps
1878 439 2003 496 vitae

2112 458 2195 495 νον
2212 440 2535 513 (14),ἧψατο·
2562 441 2741 499 καίτοι
2770 444 2876 499 τῶν
2894 443 3162 516 ὁμοδόξων
3180 444 3502 501 ἐπισκόπων
3525 446 3709 511 οὐδεὶς

422 536 538 576 suae
590 529 857 590 tempore,
892 538 959 578 ne
994 539 1150 579 sacra
1186 528 1408 596 quidem
1461 532 1722 602 mysteria
1766 547 2007 601 unquam

423 609 753 675 celebravit,
802 613 1055 681 quamvis
1105 616 1487 685 episcoporum
1542 619 1786 689 ejusdem
1846 631 2011 678 sectae

422 698 606 754 nullus
643 710 809 767 esset,
849 704 944 772 qui
986 706 1193 776 absque
1227 707 1348 777 ejus
1389 711 1662 766 sententia
1710 711 2011 783 quidquam

422 804 487 845 ex
519 792 682 847 rebus
704 794 1093 853 ecclesiasticis
1117 809 1420 873 perageret.

495 878 551 935 5.
589 880 881 953 Procopius
905 894 1185 956 tyrannus.
1213 921 1286 931 —
1319 890 1519 947 Valens
1544 892 1765 947 tertium
1794 892 2010 963 imperil

423 970 509 1028 sui
530 988 736 1027 annum
766 974 1072 1045 ingressus,
1090 980 1491 1051 expeditionem
1520 982 1783 1038 adversus
1813 980 2010 1039 Persas

422 1064 682 1133 suscepit;
731 1082 843 1136 quo
877 1069 1100 1138 quidem
1139 1080 1386 1142 tempore
1429 1072 1732 1143 Procopius
1787 1087 2011 1144 quoque

420 1153 899 1228 Constantinopoli
954 1162 1301 1232 tyrannidem
1360 1145 1613 1235 arripuit.
1680 1164 1853 1220 Porro
1918 1164 2011 1220 hic

420 1242 722 1317 Procopius
779 1248 1191 1322 propinquitate
1238 1254 1455 1327 generis
1518 1253 1850 1325 coniunctus
1892 1261 2013 1310 erat

419 1333 668 1406 Iuliano,
700 1340 980 1413 multaque
1020 1342 1307 1400 hominum
1341 1345 1551 1417 judicia
1574 1346 1642 1403 de
1669 1346 1762 1402 illo
1783 1346 2010 1414 ﬁebant,

421 1430 625 1501 quibus
644 1433 932 1502 imperium
954 1434 1004 1489 ei
1022 1435 1393 1493 deferebatur.
1407 1438 1539 1506 Quae
1557 1436 1778 1508 quidem
1798 1438 2010 1508 judicia

420 1521 634 1578 crebris
687 1525 1040 1581 sermonibus
1088 1528 1507 1600 evulgabantnr.
1545 1528 1722 1596 Quam
1770 1530 1846 1585 ob
1893 1544 2008 1585 rem

421 1610 652 1669 Joviano
702 1616 771 1671 ad
823 1617 1116 1688 imperium
1165 1630 1379 1686 evecta,
1439 1620 1744 1692 Procopius
1787 1630 2010 1692 arrepta

422 1702 551 1776 fuga
582 1705 1033 1778 Mesopotamiam
1066 1711 1309 1782 reliquit.
1340 1722 1395 1769 et
1418 1729 1526 1768 una
1555 1728 1683 1767 cum
1703 1729 1871 1768 uxore
1888 1727 2011 1769 sese

2110 523 2198 599 ἦν,
2223 529 2280 594 ὃς
2299 530 2399 601 τῆς
2421 531 2633 586 ἐκείνου
2653 531 2878 604 γνώμης
2900 534 3070 605 χωρὶς
3097 533 3248 589 οὐδὲν
3265 534 3378 589 τῶν
3403 534 3705 606 ἐκκλησια-

2114 617 2312 672 στικῶν
2338 618 2710 691 διεπράττετο.

2180 892 2241 938 ε’.
2298 884 2420 939 ’Ότι
2457 883 2642 956 τρίτου
2676 884 2776 956 τῆς
2810 883 3093 956 βασιλείας
3123 885 3279 951 ἔτους
3328 886 3541 959 οὐάλης
3566 889 3709 943 ἐπι·

2111 975 2234 1040 ϐἀς,
2269 977 2364 1030 ἐπὶ
2393 976 2611 1049 Πέρσας
2636 977 2999 1048 ἐστράτευσε·
3030 976 3154 1031 καθ’
3184 978 3243 1032 ὃν
3270 979 3461 1052 καιρὸν
3495 981 3575 1052 (a)
3603 980 3708 1035 καὶ

2110 1066 2417 1138 Προκόπιος
2459 1066 2558 1139 τὴν
2604 1066 2899 1139 τυραννίδα
2940 1066 3084 1121 κατὰ
3122 1069 3704 1125 Κωνσταντινούπολιν

2109 1157 2475 1212 ἐσκευάσατο.
2518 1158 2577 1211 '0
2605 1156 2664 1211 δὲ
2699 1156 3007 1227 Προκόπιος
3040 1152 3196 1222 οὗτος
3227 1160 3308 1224 εἰς
3332 1159 3396 1213 τὺ
3423 1160 3518 1215 τοῦ
3565 1162 3706 1215 ’Ῑουο

2107 1249 2294 1305 λιανοῦ
2340 1250 2499 1321 γένος
2531 1250 2826 1321 ἀνεφέρετο
2843 1265 2858 1280 ·
2891 1250 2990 1304 καὶ⁸
3014 1250 3203 1305 οῖἰτολλολ⁵
3230 1252 3581 1309 ἀνεκινοῢντο
3605 1254 3703 1308 λο-

2108 1342 2319 1413 γισμοὶ,
2347 1342 2448 1414 τὴν
2480 1340 2762 1412 βασιλείαν
2792 1342 2945 1415 αὐτῷ
2974 1343 3393 1416 περιάπτοντες.
3435 1345 3545 1399 Καὶ
3568 1345 3706 1412 τοὺς

2108 1434 2405 1505 λογισμοὺς
2444 1434 2541 1488 καὶ
2574 1434 2724 1503 λόγοι
2764 1434 3031 1506 διέφερον.
3068 1433 3169 1488 Διά
3207 1434 3367 1488 τοῦτο
3418 1434 3700 1492 ’Ῑωϐιανοῦ

2112 1526 2538 1599 βασιλεύσαντος
2580 1527 2682 1599 τῆς
2738 1527 3171 1599 Μεσοποταμίας
3221 1520 3377 1592 οὗτος
3426 1527 3696 1601 ἀποδρὰς,

2108 1621 2206 1676 καὶ
2231 1619 2460 1684 πολλοὺς
2486 1621 2546 1673 ἐν
2573 1618 2925 1691 ταλαιπωρίᾳ
2946 1618 3150 1683 τόπους
3176 1618 3440 1690 ἀμείψας,
3476 1619 3698 1689 φεύγων

2110 1730 2171 1767 τε
2201 1712 2340 1786 μετά
2365 1712 2467 1784 τῆς
2492 1711 2757 1783 γυναικὸς
2775 1712 2871 1766 καὶ
2891 1712 3290 1784 κρυπτόμενος,
3319 1711 3397 1776 ὠς
3424 1711 3699 1784 ἀπείρηκε

418 1796 722 1862 occultans,
766 1798 1045 1870 variisque
1072 1801 1307 1857 subinde
1340 1802 1693 1858 commutatis
1724 1801 1862 1857 locis
1886 1816 1996 1856 non

2112 1804 2471 1876 πλανώμενος,
2500 1802 2593 1858 τὸν
2621 1802 2884 1875 ἔσχατον,
2921 1801 3110 1875 φησὶν,
3142 1802 3466 1875 ἀναρρίπτει
3505 1803 3699 1860 κύϐον.

420 1888 540 1943 sine
565 1889 772 1958 ingenti
802 1891 1121 1950 diﬂicultate
1168 1909 1232 1950 ac
1266 1895 1511 1961 miseria,
1546 1909 1800 1950 errorum
1838 1910 1904 1952 ac
1923 1896 2008 1950 la-

419 1982 700 2037 tebrarum
754 1994 1041 2054 pertzesus,
1103 1987 1321 2043 tandem
1359 1996 1687 2056 extremam,
1741 1998 1799 2043 ut
1828 1988 2006 2057 aiunt,

418 2075 591 2130 alearn
620 2075 779 2146 jecit.
809 2076 1210 2136 Chalcedonem
1243 2081 1408 2152 igitur
1443 2080 1746 2154 profecms,
1787 2080 1844 2135 in
1898 2080 2012 2134 Eu-

420 2165 592 2220 nomii
628 2182 761 2237 agro
815 2168 910 2239 qui
960 2178 1114 2225 extra
1163 2169 1353 2227 urbem
1413 2172 1553 2228 situs
1591 2179 1731 2237 erat,
1783 2170 2012 2226 absente

420 2266 551 2312 tunc
590 2258 836 2326 domino,
870 2260 1103 2317 delituit.
1162 2260 1318 2320 Unde
1351 2280 1478 2321 cum
1509 2263 1823 2333 traiecisset
1860 2262 2009 2317 Conv

420 2350 865 2421 stantinOpolim,
898 2354 1110 2425 absque
1138 2355 1245 2409 ulla
1277 2356 1425 2411 caede
1455 2356 1750 2425 imperium
1769 2370 2011 2435 occupa-

417 2440 515 2495 vit.
569 2440 681 2497 Nec
732 2445 906 2498 multo
940 2455 1067 2515 post
1098 2447 1292 2517 prtelio
1320 2462 1443 2502 cum
1472 2447 1699 2503 Valente
1745 2463 2008 2518 congres-

417 2546 535 2594 sus,
582 2531 785 2586 ducum
842 2549 1094 2599 suorum,
1127 2534 1373 2591 Gomarii
1411 2546 1466 2593 et
1497 2537 1767 2607 Agilonis,
1828 2537 2012 2608 prodi-

419 2621 566 2675 tione
614 2633 907 2692 snperatus
960 2634 1044 2681 est
1078 2643 1092 2680 :
1129 2635 1455 2697 arreptaque
1492 2627 1619 2699 fuga
1669 2626 1908 2685 Nicaeam
1947 2644 2009 2687 se

417 2712 639 2783 recepit.
678 2713 950 2770 Postridie
990 2731 1121 2772 vero
1151 2732 1277 2772 cum
1312 2719 1441 2775 inde
1465 2717 1747 2776 discedere
1775 2719 2009 2775 meditao

416 2814 590 2872 retur,
627 2821 658 2861 a
683 2804 984 2871 Florentio,
1016 2809 1105 2864 cui
1143 2809 1296 2867 urbis
1326 2810 1475 2868 illius
1512 2812 1822 2868 custodiam
1850 2828 2008 2869 com-

418 2897 668 2964 miserat,
702 2900 1211 2969 comprehenditur,
1267 2902 1598 2973 vinctusque
1624 2903 1693 2959 ad
1725 2901 2006 2959 Valentem

2110 1900 2222 1953 Καὶ
2250 1898 2351 1970 τὴν
2376 1895 2702 1967 Καλχηδόνα
2725 1894 3074 1960 καταλαϐὼν,
3106 1894 3164 1949 ἐν
3190 1893 3268 1967 τῷ
3299 1894 3396 1949 τοῦ
3426 1894 3699 1968 Εὐνομίου

2109 1988 2300 2062 ἀγρῷ,
2348 1988 2450 2059 τῆς
2479 1987 2689 2051 πόλεως
2730 1985 2930 2052 ἔξωθεν
2956 1985 3310 2059 διακειμένῳ,
3363 1987 3474 2041 οὐδ’
3508 1989 3701 2061 ἐπιδη-

2113 2078 2339 2152 μοῦντος
2363 2077 2457 2131 τοῦ
2495 2076 2782 2140 δεσπότου,
2814 2075 3007 2131 ἐαυτὸν
3036 2076 3416 2150 κατακρύπτει
3435 2090 3450 2107 ⁸
3485 2078 3698 2133 ἐκεῖθεν

2108 2172 2164 2226 δέ
2190 2174 2272 2236 είς
2301 2170 2399 2244 τὴν
2438 2169 2591 2225 πόλιν
2616 2168 2829 2241 διάρας,
2865 2168 3147 2241 ἐγκρατὴς
3170 2170 3444 2242 ἀναιμωτὶ
3471 2170 3572 2241 τῆς
3595 2169 3699 2241 βα-

2111 2263 2313 2327 σιλείας
2355 2263 2587 2332 γίνεται.
2630 2258 2763 2316 Εἶτα
2794 2263 2912 2334 μετ’
2939 2262 3000 2316 οὐ
3042 2261 3213 2315 πολὺν
3241 2261 3435 2333 χρόνον
3469 2260 3705 2333 πολέμῳ
3758 2318 3763 2327 ,

2111 2356 2411 2427 συρῤαγεὶς
2443 2354 2729 2421 Οὐάλεντι,
2757 2354 3019 2429 προδοσίᾳ
3044 2354 3152 2411 τῶν
3175 2354 3341 2409 αὐτοῦ
3370 2353 3703 2427 στρατηγῶν

2108 2447 2380 2518 Γομαρίου
2410 2446 2505 2500 καὶ
2546 2444 2811 2515 Ἀγελίου,
2841 2448 3107 2519 ἡττᾶται·
3138 2446 3234 2500 καὶ
3278 2444 3494 2516 φεύγων
3526 2463 3704 2500 κατα-

2107 2540 2375 2611 λαμϐάνει
2422 2540 2524 2610 τὴν
2568 2539 2826 2595 Νίκαιαν.
2869 2540 2948 2611 Τῇ
2977 2539 3035 2593 δέ
3079 2538 3342 2610 ἐπαύριον
3388 2538 3703 2611 διανοηθεὶς

2108 2632 2319 2688 ἐκεῖθεν
2367 2631 2651 2704 ἀπαίρειν,
2697 2631 2803 2686 ὑπὸ
2829 2631 3193 2703 Φλωρεντίου,
3237 2631 3297 2694 ὃς
3347 2630 3701 2705 φρούραρχος

2110 2724 2201 2778 ὑπ’
2245 2721 2410 2776 αὐτοῦ
2441 2722 2541 2794 τῆς
2573 2721 2784 2786 πόλεως
2820 2721 3084 2792 κατέστη,
3114 2720 3572 2792 συλλαμϐάνεται,
3600 2723 3701 2776 καὶ

2106 2809 2393 2883 δεσμώτην
2423 2809 2586 2864 αὐτὸν
2610 2811 2641 2863 ό
2679 2809 2960 2864 συλλαϐὼν
2993 2809 3130 2882 πρὸς
3164 2808 3379 2881 Οὐάλην
3406 2808 3550 2878 ἄγει.
3581 2809 3702 2865 Καὶ

2108 2903 2414 2977 Προκόπιος
2442 2901 2543 2974 μὲν
2570 2902 2670 2973 τῆς
2695 2902 2938 2975 κεφαλῆς
2967 2903 3357 2975 ἀποτέμνεται,
3391 2902 3485 2955 ἐπὶ
3513 2902 3700 2974 μῆνας

418 2991 756 3061 perducitur.
798 2990 865 3046 Et
894 2991 1200 3062 Procopius
1226 2993 1446 3063 quidem
1475 3010 1602 3050 mox
1632 2994 1809 3065 capite
1846 3003 2005 3049 trun-

2112 2994 2168 3061 ἐξ
2206 2993 2594 3067 μετεωρισθεὶς
2643 2997 2712 3067 τῇ
2746 2992 3051 3067 τυραννίδι·
3107 2994 3428 3066 Φλωρεντίῳ
3472 2994 3530 3047 δὲ
3571 2993 3699 3047 οὐδὲ

416 3091 571 3138 catus
592 3091 700 3151 est,
731 3098 856 3139 eum
890 3099 986 3140 sex
1021 3084 1295 3141 mensium
1330 3086 1508 3156 spatio
1532 3085 1883 3157 tyrannidem
1904 3100 2003 3141 ex-

2112 3088 2343 3160 ῆρκεσεν
2375 3087 2408 3157 ἡ
2437 3086 2705 3158 σωτήριος
2731 3086 2994 3159 προδοσία
3021 3086 3157 3157 (15),
3181 3085 3317 3141 ἀλλά
3352 3086 3486 3158 πυρὶ
3517 3085 3701 3140 διδόα-

417 3173 722 3242 ercuisset;
776 3173 1058 3230 Florentio
1112 3191 1273 3241 vero,
1316 3192 1386 3231 ne
1435 3176 1504 3233 ad
1557 3177 1724 3233 vitam
1786 3175 2004 3247 quidem

2116 3144 2200 3232 ἆὶν
2228 3144 2441 3231 αὐτδνΙὸ
2463 3144 2700 3247 στρατὸς
2728 3144 2850 3231 κατ’
2884 3144 3054 3248 ὀργὴν
3077 3144 3338 3239 παλαιάν,
3362 3144 3499 3228 διότι
3522 3191 3703 3246 φρου-

418 3263 593 3334 ipsius
627 3265 955 3319 servandam
985 3265 1202 3322 suliecit
1234 3268 1494 3338 proditio,
1529 3268 1622 3324 sed
1656 3266 1860 3322 milites
1880 3281 2007 3321 eum

2118 3268 2226 3341 ρῶν
2268 3269 2475 3332 ἐκεῖνος
2522 3267 2628 3321 ὑπὸ
2674 3268 2983 3340 Προκοπίου
3030 3267 3130 3338 τὴν
3183 3267 3419 3322 Νίκαιαν
3465 3265 3699 3330 πολλοὺς

419 3355 673 3411 incendio
719 3356 1085 3423 tradiderunt,
1140 3358 1212 3413 ob
1272 3369 1508 3415 veterem
1568 3360 1905 3414 simultatem
1960 3357 2009 3413 ei

2118 3358 2300 3412 αὐτῶν
2334 3357 2616 3414 ἐκάκωσεν
2645 3358 3001 3431 αἱρουμένους
3024 3358 3095 3414 τὰ
3115 3357 3436 3424 Οὐάλεντος.

422 3446 642 3517 infensi,
675 3459 959 3520 propterea
984 3452 1131 3520 quod
1152 3453 1351 3509 missus
1377 3469 1407 3509 a
1440 3452 1709 3525 Procopio
1740 3454 1810 3509 ad
1869 3453 2287 3512 custodiendam
2317 3453 2577 3521 Nicaeam,
2628 3456 2835 3511 multos
2888 3455 3134 3526 ipsorum
3176 3454 3320 3511 male
3379 3453 3697 3522 multasset,

422 3552 611 3615 utpote
640 3545 735 3615 qui
771 3543 1011 3602 Valentis
1044 3548 1287 3618 partibus
1319 3549 1584 3606 faverent.

490 3637 543 3691 6.
572 3639 713 3691 Aetii
748 3637 949 3693 obitus.
979 3668 1048 3680 --
1077 3639 1198 3706 Quo
1228 3649 1472 3711 tempore
1499 3640 1803 3713 Procopius
1830 3640 2009 3697 adhuc

2180 3648 2255 3706 ς’.
2293 3641 2415 3695 Ὅτι
2440 3641 2731 3713 Προκοπίῳ
2756 3640 2836 3694 ἔτι
2858 3642 2958 3713 τῆς
2985 3640 3296 3713 τυραννίδος
3316 3639 3699 3711 ἐποχουμέιιῳ,

422 3731 764 3801 tyrannidem
815 3731 1140 3798 exercebat,
1190 3731 1495 3790 Eunomius
1536 3734 1605 3790 ad
1652 3751 1780 3791 eum
1827 3736 2009 3807 Cyzici

2112 3733 2372 3803 Εὐνόμιος
2419 3733 2559 3805 πρὸς
2604 3732 2765 3787 αὐτὸν
2796 3733 2853 3786 ἐν
2888 3731 3118 3800 Κυζίκῳ
3151 3731 3410 3800 διάγοντα
3451 3729 3699 3802 παραγί-

422 3831 538 3876 tum
568 3822 852 3894 degentem
884 3824 1051 3879 venit.
1074 3818 1250 3879 Porro
1278 3824 1543 3881 adventus
1575 3825 1852 3892 Ennomii,
1879 3827 2009 3883 libe-

2112 3841 2278 3879 νεται,
2322 3824 2387 3878 Ἥ
2430 3823 2489 3877 δὲ
2540 3823 2727 3894 ἄφιξις
2765 3822 2919 3877 λύσιν
2949 3822 3189 3895 ἔπραττε
3233 3822 3347 3877 τῶν
3378 3826 3437 3876 ἐν
3475 3822 3702 3893 δεσμοῖς

420 3915 690 3969 rationem
717 3916 1029 3985 postulabat
1059 3932 1249 3972 eorum
1283 3917 1374 3989 qui
1425 3933 1457 3973 a
1496 3917 1764 3990 Procopio
1800 3918 1853 3973 in
1891 3919 2009 3974 vin-

2112 3916 2198 3971 ὑπ’
2248 3914 2415 3970 αὐτοῦ
2450 3914 2865 3986 κατεχομένων·
2900 3914 2931 3967 ὁ
2972 3913 3173 3985 δεσμὸς
3202 3914 3261 3967 δὲ
3290 3913 3516 3977 τούτους
3547 3912 3702 3966 ἐπίε-

420 4005 560 4060 culis
585 4006 1004 4076 detinebantur;
1037 4008 1274 4079 conjecti
1299 4018 1481 4065 autem
1529 4010 1764 4065 erantin
1787 4010 2005 4066 vincula

2112 4007 2199 4072 ξεν
2230 4045 2247 4072 ,
2276 4007 2470 4077 ὅτιπερ
2505 4004 2764 4075 ἔστεργον
2793 4004 2864 4059 τὰ
2903 4005 3234 4069 Οὐάλεντος·
3269 4006 3364 4059 καὶ
3390 4006 3439 4059 οἱ
3467 4003 3576 4059 τῶν
3610 4005 3700 4059 δε-

419 4111 487 4153 eo
510 4096 658 4168 quod
709 4095 958 4155 Valentis
1002 4108 1184 4169 partes
1230 4099 1469 4171 amplexi
1531 4108 1757 4169 essent;
1810 4100 2009 4157 horum

2112 4096 2285 4167 σμίων
2311 4098 2595 4165 συγγενεῖς
2614 4094 2969 4163 ἐξεϐιάσαντο
3020 4094 3113 4149 τὸν
3142 4093 3407 4165 Εὐνόμιον
3436 4093 3533 4166 τὴν
3557 4111 3702 4166 πρεη

420 4188 714 4259 propinqui
742 4188 1074 4246 Eunomium
1097 4198 1408 4263 coegerant,
1432 4199 1494 4247 ut
1515 4191 1659 4248 hanc
1682 4190 2009 4263 legationem

2112 4189 2300 4245 σϐείαν
2335 4187 2611 4244 ὑπελθεῖν.
2658 4187 2718 4243 '0
2755 4186 2835 4256 δὲ,
2890 4185 3138 4242 ὑπελθὼν
3176 4185 3270 4241 καὶ
3317 4187 3444 4251 τοὺς
3494 4185 3702 4257 ἄνδρας

1654 4363 1900 4410 VALESII
1926 4361 2422 4409 ANNOTATIONES.

423 4472 1037 4553 reliquerat,_perpe_tuo
1074 4476 1411 4533 abstinuisse
1440 4486 1675 4533 testatur
1701 4475 2006 4553 Philostor-
2039 4479 2082 4535 D
2110 4474 2252 4553 alius
2284 4489 2516 4553 quoque.
2534 4472 2716 4529 afferri
2746 4485 2941 4553 sensus
2973 4473 3169 4553 horum
3188 4470 3511 4553 verborum,
3535 4472 3697 4553 quasi

424 4541 568 4612 gius.
607 4541 1017 4615 SieEuséhius
1058 4558 1245 4602 noster
1272 4563 1393 4601 eam
1444 4563 1634 4603 vocem
1688 4555 1920 4615 usurpat
1948 4546 2004 4598 in
2109 4545 2257 4599 dicat
2284 4541 2764 4615 Eunomiumnon
2804 4542 2973 4615 modo
2995 4551 3121 4612 post
3152 4541 3551 4615 abdicationem
3575 4542 3699 4611 epi-

426 4615 568 4669 Ilbl‘O
609 4630 663 4687 Iv
703 4613 778 4667 De
804 4617 912 4670 vita
944 4616 1281 4672 Constantini
1326 4632 1448 4687 cap.
1484 4619 1574 4681 45,
1610 4612 1841 4679 θυσίαις
1854 4615 2008 4669 ἀναί-
2105 4626 2360 4685 scopatus
2388 4614 2667 4687 Cyziceni,
2695 4612 3070 4687 verum_etiam
3095 4622 3257 4667 antea
3278 4620 3392 4666 toto
3421 4612 3546 4687 vita:
3576 4626 3699 4666 suae

503 4702 551 4748 ις
574 4684 670 4737 καὶ
705 4690 995 4765 μυστικαῖς
1043 4687 1378 4765 ἱερουργίαις
1395 4682 1473 4765 ’τό
1513 4687 1665 4740 Θεῖον
1702 4687 2005 4765 ίλάσκρντο.

2112 4682 2396 4765 tempore,
2436 4682 2619 4741 'sacra
2673 4682 2934 4765 mysteria
2962 4697 3309 4765 “nunquam”
3353 4682 3694 4763 celebrasse.

475 4770 631 4834 erum
685 4752 940 4834 sacriﬁcii
994 4752 1208 4834 nomen'
1227 4752 1419 4834 potuit
1450 4756 1683 4834 fortasse
1717 4755 2009 4824 displicere
2104 4752 2457 4834 Quiquidem
2498 4768 2697 4834 sensus
2736 4752 2929 4834 ’yerbis
2961 4752 3311 4834 PhiloStorgii
3343 4753 3525 4834 aptius
3558 4766 3700 4832 con-

427 4824 784 4891 Gotholredo,
815 4828 1015 4895 quippe
1043 4828 1138 4896 qui
1164 4823 1374 4883 Calvini
1407 4826 1656 4883 haeresim
1682 4823 2003 4896 sectaretur.
2106 4823 2276 4896 venit;
2318 4826 2478 4883 Certe
2510 4823 2827 4881 llolstenius
2861 4823 3009 4880 hunc
3037 4824 3218 4881 locum
3245 4825 3322 4879 ita
3361 4823 3576 4878 videtur
3606 4823 3696 4875 in-

429 4896 751 4965 Holstenins
786 4892 1166 4965 vero—[utpote
1198 4896 1502 4951 catholicus
1534 4936 1575 4965 ,ν
1602 4898 1839 4951 retinere
1873 4892 2009 4948 illud
2106 4895 2402 4951 tellexisse.

426 4965 637 5048 debuit.
668 4964 970 5021 Fatendum
1005 4961 1186 5050 tamen
1213 4976 1298 5022 est
1337 4964 1648 5090 ἱερουργίαν
1684 4965 2009 5046 generaliter

428 5051 575 5090 sumi
625 5051 789 5090 nosse
834 5050 935 5090 ιιι-ο
977 5038 1157 5090 olhcio
1198 5036 1479 5090 sacerdota
1507 5052 1543 5090 ι.
1575 5034 1666 5090 Sic
1694 5050 1841 5090 emm
1873 5034 2009 5089 Plu-

2180 4965 2294 5037 (15)
2336 4966 2405 5021 Ἦ
2432 4966 2727 5039 σωτήριος
2776 4966 3093 5039 προδοσία.
3122 4964 3244 5020 Jam
3268 4963 3480 5035 pridem
3513 4961 3702 5031 conje-

2112 5050 2288 5090 eeram
2312 5038 2667 5090 scribendum
2699 5055 2822 5090 esse
2858 5036 3179 5090 Φλωοεντίω
3216 5035 3275 5089 δὲ
3303 5033 3427 5087 οὐδὲ
3452 5033 3698 5090 nexem

428 5037 575 5114 sumi
625 5051 789 5114 posse
834 5050 935 5106 pro
977 5037 1157 5114 cilicio
1198 5033 1543 5093 sacerdotali.
1575 5034 1666 5091 Sic
1687 5033 1841 5092 cnim
1873 5034 2009 5089 Phi-

2112 5033 2288 5114 eerani
2312 5033 2667 5114 scribendqu
2699 5033 2834 5114 esse:
2858 5036 3179 5114 Φλωρεντίῳ
3216 5033 3698 5114 δέοὐδὲνῆρκεσεγ

428 5103 723 5185 Ιρειοῃςῖιιε
750 5106 808 5161 in
836 5103 967 5177 'cap.
1000 5107 1090 5171 10,
1136 5120 1259 5163 eam
1287 5121 1480 5163 vocem
1520 5116 1749 5178 usurpat
1784 5120 1886 5177 pro
1918 5119 2009 5162 or-

2112 5108 2188 5170 είς
2242 5108 2579 5185 σωτηρίαν-ἡ
2609 5108 2892 5185 προδοσία.
2935 5103 3297 5185 P‘ostealvero
3322 5103 3519 5160 nactus
3542 5103 3697 5158 codi-

426 5174 729 5248 dinatione.
872 5174 930 5248 γ’
1376 5245 1422 5248 μ
1634 5174 1676 5248 ξ
1785 5174 1805 5177 “
1890 5247 1896 5248 ί
1960 5245 1971 5248 _
2104 5191 2224 5248 cem
2256 5174 2698 5248 manuscriptufn
2739 5179 3017 5236 Samuelis
3040 5175 3470 5248 Borbartitcam
3500 5188 3694 5230 emen-

500 5246 613 5322 (14)
641 5247 832 5322 "agor
855 5246 1063 5322 ἐνεϐζω
1088 5248 1331 5322 χρόνον.
1364 5245 1505 5322 Qlim
1554 5245 1773 5322 quidem
1815 5245 2007 5322 existi-

2112 5246 2383 5322 dationem
2421 5248 2485 5322 in
2524 5244 2787 5322 margine
2813 5249 3111 5322 ascriptam
3163 5244 3475 5322 inveni._ln
3534 5250 3690 5322 textu

431 5310 1241 5390 gnavi"scribendomhhic'Esse
1268 5319 1494 5390 ἐπεϐίω,
1526 5310 1805 5390 quomodo
1838 5318 2004 5372 etiam
2102 5331 2236 5390 vero
2270 5316 2343 5390 ita
2381 5310 2674 5390 scriptum"
2701 5318 2865 5375 habet
2910 5310 3054 5376 idem
3107 5317 3316 5381 codex,
3369 5315 3406 5386 ἡ
3444 5310 3695 5384 mpii:

432 5382 579 5441 hunc
624 5385 805 5443 locum
852 5388 1119 5445 intellexit
1169 5382 1562 5446 Gothofredus:
1586 5387 1775 5444 Potest
1823 5396 2003 5443 tamen
2105 5385 2385 5458 προδοσία.

1896 5517 2224 5563 VARIORUM
2231 5548 2244 5561 .

507 5614 584 5686 (α)
632 5619 773 5673 Καθ’
820 5620 892 5674 ὃν
934 5627 1164 5692 καιρόν.
1210 5620 1409 5678 Contra
1468 5622 1610 5677 hanc
1651 5620 2000 5691 Philostorgii

511 5689 844 5741 ronoloaiam
905 5701 1151 5741 statuunt
1178 5691 1376 5741 Pacius
1395 5701 1449 5741 et
1476 5691 1842 5741 Gothofredus
1864 5688 2001 5741 Pro-

2112 5619 2411 5741 Eglpiosvid.
2455 5619 2610 5680 Socr.
2645 5622 2741 5680 lib.
2788 5638 2863 5695 tv,
2915 5637 3040 5695 cap.
3091 5623 3156 5691 5;
3206 5629 3263 5679 et
3294 5620 3422 5679 Soz.
3478 5619 3567 5678 lib.
3615 5632 3693 5694 ιη,

435 5686 844 5757 chronologiam
905 5686 1151 5746 statount
1178 5691 1376 5760 Pagius
1395 5701 1449 5746 et
1476 5691 1842 5745 Gothofredus
1864 5686 2001 5743 Pro-
2107 5686 2227 5763 (οἱ).
2259 5691 2312 5751 8.

434 5762 718 5831 copianznu
752 5761 1089 5829 tyrannidem
1115 5761 1409 5831 contigisse
1443 5775 1589 5814 anno
1618 5760 1740 5815 365.
1768 5758 1842 5815 De
1866 5758 1999 5815 Pro-
