4054 6198
474 285 586 346 579

1865 271 2352 333 PHILOSTORGH

476 405 533 462 id
557 404 704 461 enim
734 407 855 460 erat
881 396 1236 472 protestatio;
1265 405 1322 454 et
1348 395 1675 454 Eanomium
1709 403 1824 451 tum
1853 395 2059 451 oratio-

2170 411 2292 458 νους
2316 391 2494 448 αὐτῶν
2524 391 2593 446 τὰ
2625 385 2947 464 μαθήματα,
2971 389 3078 445 ὑπὸ
3110 390 3203 464 τὴν
3227 389 3400 464 αὐτὴν
3424 389 3569 464 ἀρὰν
3595 409 3753 468 ποιη.

479 497 662 562 nibus,
691 504 805 551 tum
836 493 1058 564 scriptis
1084 491 1302 562 publice
1327 491 1651 546 Annmmum
1673 489 2055 560 appellassent,

478 587 750 656 ﬁdemque
783 600 972 640 eorum
1017 595 1073 640 et
1104 593 1332 641 cunctos
1379 583 1472 654 qui
1520 597 1708 638 eorum
1754 580 2057 636 doctrinam

477 678 956 747 amplecterentur,
1024 675 1198 732 eidem
1260 673 1594 730 anathemati
1661 671 2056 742 subjecissent,

483 770 698 824 tandem
719 768 970 840 Cyziceni
992 767 1388 823 ordinationem
1410 766 1766 828 admiserunt,
1787 765 2058 819 neminem

2168 485 2439 558 σαμένων,
2484 484 2808 554 ὑφίστανται
2855 482 2956 554 τὴν
3000 482 3373 554 χειροτονίανο
3419 484 3520 554 οὐγ
3567 484 3756 556 ἔτερόν

2164 592 2286 629 τινα
2316 573 2520 644 ταύτην
2552 572 2726 626 ἐλθεῖν
2768 571 2880 641 (51)
2912 571 3297 642 ἀνασχόμενοι,
3341 571 3458 625 ἀλλ’
3486 572 3547 626 δν
3572 574 3758 628 αὐτῶν

2167 667 2415 738 αἱψῆφοι
2456 665 2844 738 προσέταττον.
2886 665 2948 717 Ὀ
2981 663 3039 716 δέ
3088 679 3152 731 γε
3193 663 3616 734 χειροτονηθεὶς,
3665 653 3760 719 εὐέ

2167 759 2265 820 θυς
2293 757 2561 829 λαμπρῶς
2596 757 2863 827 ἐκήρυττε
2894 755 2955 807 τὸ
2991 755 3103 824 ('59.)
3128 753 3436 824 ὁμοούσιον.

479 864 652 918 alium
694 864 760 919 ad
782 865 1154 933 episcopatum
1201 861 1508 933 promoveri
1547 861 1732 932 passi,
1764 861 1872 915 nisi
1902 874 2065 930 quem
2105 856 2348 927 ipsorum
2395 853 2648 924 sull'ragia
2699 850 3087 922 praetulissent.
3141 847 3410 919 Caeterum
3442 849 3488 905 is
3523 849 3616 920 qui
3659 864 3758 905 or-

479 955 704 1010 dinatus
758 963 862 1018 est,
899 955 1042 1008 illico
1087 953 1604 1009 consubstantialem
1636 952 1834 1006 Filium
1882 951 2061 1021 palam
2097 945 2431 1018 praedicavit.

552 1047 638 1099 Μ.
679 1045 974 1098 Dorotheus
998 1061 1079 1114 ep.
1124 1044 1367 1099 Antioch.
1392 1043 1690 1098 —Mortuo
1725 1042 1929 1097 Euzoio
1953 1041 2060 1094 Anr

481 1137 747 1193 tiochensi
781 1137 1058 1206 episcopo,
1096 1135 1400 1191 Dorotheus
1429 1151 1494 1190 ex
1530 1134 1785 1189 Heraclea
1809 1131 2058 1187 Thraciae

482 1231 536 1283 in
573 1231 691 1298 ejus
721 1229 902 1284 sedem
940 1228 1239 1283 translatus
1271 1235 1374 1283 est.
1404 1226 1706 1297 Utrumque
1738 1241 1924 1296 porro,
1945 1234 2056 1279 tam

481 1319 884 1388 Demophilum,
937 1337 1099 1390 quam
1155 1321 1486 1376 Dorotheum
1520 1319 1835 1390 perstringit
1875 1318 2059 1372 Philo-

480 1413 742 1482 storgius,
776 1413 920 1467 hunc
965 1412 1186 1482 quidem
1224 1411 1585 1467 vanissimum
1632 1410 1928 1480 appellans,
1960 1407 2060 1462 Βοι-

481 1503 782 1572 mophilum
813 1518 944 1558 vero
1006 1503 1237 1558 miscere
1265 1503 1450 1556 omnia
1482 1510 1535 1556 et
1563 1500 1898 1556 confundere
1926 1500 2058 1555 solis

480 1603 620 1660 tum,
668 1609 734 1649 ac
767 1594 1038 1664 praecipue
1085 1594 1452 1650 ecclesiastica
1494 1593 1744 1663 dogmata
1779 1610 1792 1647 :
1827 1593 1961 1648 adeo
2000 1601 2061 1646 ut

480 1685 717 1753 quodam
751 1661 1015 1754 tempore,
1052 1685 1179 1738 dum
1203 1698 1510 1738 sermonem
1545 1661 1773 1737 haberet
1807 1681 1874 1736 ad
1898 1697 2061 1752 popu-
2096 1661 2135 1714 Β

481 1774 593 1827 lum
637 1774 1148 1843 Constantinopoli,
1195 1772 1398 1827 dixerit
1442 1786 1642 1842 corpus
1678 1769 1884 1827 Christi
1938 1787 2062 1842 per-

481 1864 707 1918 mistum
745 1863 1015 1918 divinitati
1070 1863 1284 1932 penitus
1311 1863 1621 1927 evanuisse,
1665 1877 1731 1916 eo
1757 1862 1920 1918 modo
1954 1877 2064 1932 quo

481 1952 638 2007 lactis
663 1953 934 2008 sextarius
962 1953 1014 2006 in
1053 1953 1368 2007 universum
1401 1951 1570 2005 maris
1593 1951 1916 2006 elementum
1935 1965 2066 2005 con-

476 2043 657 2112 jectus
688 2043 982 2098 evanescit.
1017 2044 1286 2096 leerum
1313 2040 1666 2110 Demophilus
1689 2039 1844 2096 ortus
1868 2039 1968 2100 fuit
1998 2055 2063 2094 ex

484 2137 618 2190 urbe
674 2135 1104 2198 Thessalonica,
1158 2149 1354 2206 genere
1409 2133 1552 2188 haud
1611 2133 1857 2205 ignobili.
1916 2131 2062 2186 idem

483 2227 844 2283 Ennomianis
883 2228 1177 2283 admodum
1231 2225 1476 2282 infensus
1511 2223 1854 2296 gravissimis
1907 2221 2066 2277 malis

481 2334 580 2376 eos
614 2319 813 2376 aﬂ‘ecit.

555 2413 641 2467 15.
678 2413 752 2466 De
786 2411 1022 2465 Valentis
1081 2424 1376 2464 successore
1432 2407 1671 2461 oracula.
1720 2435 1791 2446 -—
1821 2403 2066 2460 Valentis

483 2504 843 2573 temporibus,
884 2501 1169 2572 gentilium
1225 2499 1448 2553 oracula
1481 2498 1549 2554 iis
1583 2497 1675 2568 qui
1714 2498 1829 2568 ipsa
1861 2512 2066 2552 consu-

483 2593 717 2656 luerant,
771 2590 1010 2645 calculos
1060 2587 1327 2660 quosdam
1376 2587 1642 2643 dederunt
1671 2588 1838 2643 certis
1874 2585 2067 2643 litteris

483 2678 796 2748 insignitos.
861 2676 1081 2733 Litterae
1131 2677 1272 2732 inter
1327 2691 1383 2732 se
1409 2677 1633 2746 junctae,
1666 2677 1786 2732 aliis
1815 2675 2066 2732 Theodo-

483 2770 650 2833 sium,
685 2770 808 2825 aliis
838 2769 1177 2824 Theodulum
1217 2779 1311 2824 aut
1337 2768 1686 2824 Theodorum
1708 2811 1722 2836 ,
1761 2769 1874 2825 sive
1901 2770 2065 2824 alium

483 2864 796 2934 quempiam
837 2861 1122 2933 designare
1158 2861 1480 2916 videbantur
1519 2861 1651 2929 (55).
1693 2857 1831 2914 Nam
1883 2861 2069 2932 ﬁgura:

482 2951 788 3008 litterarum
814 2954 880 3007 ad
910 2953 939 3007 δ
979 2968 1153 3024 usque
1180 2951 1695 3022 progrediebantur,
1727 2950 2068 3007 daemonibus

481 3045 727 3116 obliqua,
763 3054 824 3101 ut
855 3045 1051 3112 solent,
1086 3059 1349 3114 responsa
1370 3042 1648 3108 dantibus,
1679 3041 1733 3094 in
1768 3040 2064 3110 perniciem

483 3153 676 3194 eorum
708 3139 802 3209 qui
860 3139 1019 3193 ﬁdem
1057 3137 1165 3191 illis
1212 3136 1434 3200 habent,
1469 3143 1521 3189 et
1545 3134 1612 3188 ad
1641 3133 1900 3204 etfugium
1938 3134 2067 3188 mali

484 3219 736 3284 eventus.
769 3227 922 3283 Unde
951 3235 1005 3282 et
1032 3226 1355 3282 Theodorus
1385 3225 1606 3295 quidam
1652 3226 1793 3294 apud
1818 3225 1984 3296 Syros
2012 3226 2067 3280 in

485 3319 737 3375 fraudem
770 3319 1046 3383 inductus,
1076 3335 1199 3374 cum
1227 3318 1566 3390 tyrannidem
1594 3316 1849 3372 invadere
1872 3318 2071 3387 coepis-

485 3422 592 3475 set,
629 3413 815 3466 statim
839 3426 964 3466 cum
986 3411 1052 3465 iis
1075 3412 1166 3482 qui
1193 3411 1369 3481 ipsum
1400 3411 1571 3466 secuti
1593 3408 1829 3478 fuerant,
1860 3410 2070 3466 exstin-

487 3511 610 3566 ctus
647 3510 765 3568 est;
799 3518 923 3558 cum
954 3501 1061 3558 illis
1089 3517 1218 3557 vero
1263 3503 1466 3558 multos
1507 3518 1724 3573 quoque
1750 3503 2070 3558 innocentes

487 3592 690 3652 Valens
748 3596 1017 3666 supplicio
1051 3595 1255 3662 all‘ecit,
1292 3611 1356 3651 eo
1379 3595 1528 3667 quod
1565 3597 1810 3667 ipsorum
1843 3597 2071 3651 nomina

485 3687 559 3744 ab
586 3688 674 3743 his
699 3689 896 3744 litteris
925 3689 1276 3760 incipiebant.

561 3781 648 3834 16.
691 3780 1094 3836 Valentinianus
1137 3780 1260 3837 Sen.
1287 3782 1436 3847 obiit,
1460 3781 1652 3836 Iunior
1674 3781 1722 3835 ei
1746 3781 2072 3837 succedit.—

487 3870 903 3928 Valentinianus
939 3875 1234 3944 imperator
1268 3874 1518 3940 moritur,
1561 3889 1685 3928 cum
1726 3889 1900 3929 annos
1937 3874 2074 3928 duo-

485 3965 662 4020 decim
709 3967 1052 4036 imperasset,
1110 3976 1164 4022 et
1197 3965 1518 4021 Gratianum
1577 3965 1750 4020 ﬁlium
1798 3965 2068 4020 haeredem

487 4057 703 4129 imperii
733 4059 981 4129 reliquit.
1007 4058 1252 4128 Reliquit
1287 4060 1449 4114 etiam
1492 4059 1629 4113 duos
1669 4057 1805 4114 alios
1843 4058 2067 4124 liberos,

489 4146 700 4204 Gallam
756 4149 970 4206 scilicet
1008 4150 1199 4216 ﬁliam,
1233 4160 1288 4205 et
1317 4149 1755 4205 Valentinianum
1785 4147 2067 4205 Juniorem

2239 1036 2321 1090 ιδ’.
2353 1036 2474 1087 Ὅτι
2521 1033 2945 1104 τελευτήσαντος
2971 1029 3212 1096 Εὑζωῖου
3251 1029 3345 1083 τοῦ
3395 1031 3757 1102 ’Δντιοχείας,

2163 1128 2192 1180 ό
2222 1127 2498 1197 Δωρόθεος
2528 1124 2604 1197 (a)
2638 1125 2696 1189 ἐξ
2732 1124 3062 1195 Ἡρακλείας
3095 1125 3195 1194 τῆς
3235 1124 3457 1195 Θρᾴκης
3491 1125 3628 1196 πρὸς
3653 1127 3758 1196 μὲν

2163 1219 2256 1272 τὸν
2309 1218 2518 1271 ἐκείνου
2569 1216 2890 1288 μεθίσταται
2912 1215 3120 1286 -θρόνον
3141 1255 3156 1280 ,
3199 1215 3444 1287 διασύρει
3476 1216 3534 1269 δὲ
3563 1217 3658 1270 τόν
3692 1234 3755 1270 τε

2164 1309 2473 1380 Δημόφιλον
2496 1310 2590 1362 καὶ
2620 1307 2896 1379 Δωρόθεον
2919 1310 2946 1361 ὁ
2965 1309 3340 1378 συγγραφεὺς,
3362 1308 3454 1361 τὸν
3485 1309 3584 1380 μὲν
3621 1310 3757 1364 ἀλαο

2165 1401 2485 1466 ζονέστατον
2511 1399 2709 1467 λέγων,
2739 1399 2830 1452 τὸν
2855 1399 2911 1452 δὲ
2937 1399 3244 1469 Δημόφιλον
3266 1399 3458 1470 φύρειν
3479 1417 3540 1452 τε
3571 1401 3754 1455 πάντα

2165 1495 2262 1546 καὶ
2296 1496 2518 1562 συγχεῖν
2543 1491 2970 1563 ἁκρατέστατον,
2999 1491 3094 1544 καὶ
3117 1491 3356 1561 μάλιστά
3370 1509 3431 1561 γε
3461 1493 3528 1546 τὰ
3550 1495 3754 1566 ἐκκληο

2169 1583 2426 1638 σιαστικὰ
2456 1585 2700 1654 δόγματα
2727 1599 2742 1613 ·
2804 1582 2945 1635 ὥστε
2977 1581 3109 1635 ποτὲ
3156 1583 3251 1637 καὶ
3282 1583 3424 1636 κατὰ
3458 1585 3751 1638 Κωνστανο

2163 1675 2469 1728 τινούπολιν
2501 1674 2936 1744 ἐκκλησιάζοντα
2975 1674 3160 1742 φάναι,
3185 1674 3246 1726 τὸ
3278 1673 3437 1744 σῶμα
3465 1675 3561 1728 τοῦ
3592 1676 3748 1740 Υἰοῦ,

2163 1766 2472 1839 ἀνακραθὲν
2531 1769 2597 1837 τῇ
2653 1765 2889 1836 θεότητι,
2921 1767 3000 1829 είς
3029 1766 3090 1818 τὸ
3133 1765 3461 1834 ἀδηλότατον
3493 1784 3753 1841 κεχωρηά

2165 1858 2342 1922 κέναι,
2369 1859 2428 1912 ὃν
2465 1857 2665 1930 τρόπον
2695 1859 2787 1910 καὶ
2826 1857 3097 1925 γάλακτος
3128 1857 3321 1928 ξέστης
3352 1858 3431 1928 τῷ
3459 1859 3626 1912 παντὶ
3649 1861 3751 1930 τῆς

2165 1948 2440 2019 Θαλάσσης
2466 1948 2778 2020 autemest;
2809 1950 3133 2019 συστήματι.
3153 1949 3358 2020 Πατρὶς
3379 1949 3425 2002 δ’
3455 1946 3522 2020 ἦν
3555 1953 3589 2022 ή
3615 1951 3752 2004 Θεσ-

2167 2038 2422 2110 σαλονίκη
2484 2039 2564 2110 τῷ
2623 2039 2923 2109 Δημοφίλῳ
2963 2038 3058 2108 (b),
3091 2040 3184 2092 tul.
3212 2039 3270 2092 τὸ
3295 2040 3423 2095 ἄλλο
3455 2043 3617 2109 γένος
3649 2043 3753 2096 οὑκ-

2165 2130 2398 2201 ἄσημον.
2430 2131 2585 2184 Κατὰ
2621 2132 2676 2184 δὲ
2706 2131 2815 2184 τῶν
2843 2132 3154 2204 λεγομένων
3185 2133 3532 2204 Εὑνομιανῶν
3582 2136 3751 2198 πολὺς

2166 2223 2316 2294 ἓρῤει
2342 2227 2462 2288 ταῖς
2499 2223 2807 2278 κακώσεσιν
2834 2224 2863 2276 ὁ
2893 2219 3224 2297 Δημόφιλος.

2255 2412 2338 2461 ιε’.
2365 2407 2507 2472 Ὅτι,
2539 2406 2680 2461 κατὰ
2711 2407 2838 2470 τοὺς
2869 2396 3169 2471 Οὐάλεντος
3204 2406 3450 2480 χρόνους,
3483 2413 3591 2467 τῶν
3633 2407 3752 2466 Ἕλ-

2171 2499 2409 2570 ληνικῶν
2427 2499 2774 2571 χρηστηρίων
2800 2503 2912 2563 τοῖς
2931 2499 3246 2571 προσιοῦσιν
3265 2502 3564 2556 ἀνεδίδοντο
3580 2504 3751 2575 ψῆφοι

2167 2591 2519 2645 κατάστικτοι
2567 2592 2914 2664 γράμμασιν.
2968 2591 3035 2645 Ἀ
3086 2593 3443 2664 συντιθέμενα
3487 2597 3602 2658 τοῖς
3650 2597 3751 2667 μὲν

2165 2682 2258 2735 τὸν
2288 2681 2567 2736 Θεοδόσιον
2601 2684 2776 2736 ἐδόκει
2825 2683 3042 2754 δηλοῦν,
3087 2689 3200 2750 τοῖς
3228 2685 3283 2738 δὲ
3309 2687 3399 2740 τδν
3435 2687 3747 2756 Θεόδουλον,

2167 2775 2200 2846 ἢ
2238 2774 2328 2828 τὸν
2373 2774 2669 2846 Θεόδωρον,
2703 2775 2737 2846 ἦ
2769 2792 2893 2830 τινα
2946 2776 3105 2829 ἄλλον
3145 2778 3544 2850 παραπλήσιον.
3569 2780 3752 2852 Μέχρι

2168 2866 2278 2938 γὰρ
2309 2866 2402 2920 τοῦ
2436 2866 2594 2920 δέλτα
2629 2867 2736 2920 τῶν
2769 2865 3110 2940 γραμμάτων
3143 2872 3192 2923 οἱ
3231 2864 3388 2924 τύποι
3427 2874 3747 2943 προήγοντο,

2169 2957 2329 3024 λοξὰς
2370 2957 2479 3011 τῶν
2532 2958 2822 3030 δαιμόνων,
2881 2958 2956 3023 ὡς
2987 2959 3263 3026 εἰώθασιν,
3290 2961 3376 3015 ἐπ’
3405 2962 3609 3033 ὀλέθρῳ
3641 2964 3752 3015 τῶν

2169 3053 2508 3125 πειθομένων
2524 3055 2618 3108 καὶ
2646 3055 2990 3127 ἀναχωρήσει
3019 3057 3117 3126 τῆς
3149 3043 3446 3128 ἀποτυχίας
3467 3058 3562 3123 τὰς
3587 3061 3752 3132 ἀναῤ-

2171 3147 2357 3218 ρήσεις
2384 3149 2742 3219 ποιουμένων.
2764 3149 2855 3202 Διὸ
2877 3149 2971 3202 καὶ
2998 3148 3273 3220 Θεόδωρός
3294 3167 3376 3214 τις
3410 3153 3754 3222 παρασυρεὶς

2169 3241 2233 3309 τῇ
2273 3238 2480 3311 ἀπάτῃ.
2541 3241 2637 3293 καὶ
2683 3241 3002 3312 τυραννίδος
3063 3241 3367 3295 ἐπιϐαίνειν
3425 3242 3752 3314 ἀρξάμενοςο

2172 3329 2363 3385 θᾶττον
2421 3332 2519 3384 σὺν
2572 3335 2687 3396 τοῖς
2735 3332 3021 3403 ἑπομένοις
3069 3331 3348 3386 ἀπώλετοο
3395 3333 3511 3404 μεθ’
3549 3329 3626 3387 ὧν
3660 3335 3757 3388 καὶ

2169 3418 2280 3477 τῶν
2343 3424 2597 3478 ἀναιτίων
2637 3426 2734 3478 οὐκ
2769 3425 2982 3494 ὀλίγους
3027 3424 3140 3496 (δέ)
3185 3425 3339 3488 δίκας
3386 3426 3596 3497 Οὐάλης
3650 3426 3761 3479 ἁπ-

2165 3511 2366 3584 ῄτησεν
2387 3558 2400 3581 ,
2431 3513 2612 3590 ὅτιπερ
2647 3519 2830 3582 αὐτοῖς
2864 3520 2896 3590 ἡ
2938 3519 3082 3589 ἁρχὴ
3108 3517 3202 3572 τοῦ
3236 3519 3499 3592 ὀνόματος
3517 3519 3584 3572 δι’
3611 3520 3760 3573 ἐκείο

2173 3622 2280 3660 νων
2311 3605 2421 3660 τῶν
2450 3608 2797 3680 γραμμάτων
2830 3608 3243 3677 ἀνεγινώσκετο.

2248 3794 2348 3853 ις’.
2387 3788 2506 3842 Ὅτι
2545 3787 2988 3852 Οὖαλεντινιανὸς
3015 3788 3262 3858 τελευτᾷ,
3298 3787 3624 3858 βασιλεύσας
3662 3789 3762 3861 ἔτη

2174 3878 2517 3942 δυοκαίδεκα,
2578 3883 2671 3935 καὶ
2721 3882 3057 3953 κληρονόμον
3098 3883 3198 3951 τῆς
3246 3883 3420 3954 ἀρχῆς
3459 3884 3768 3952 Γρατιανὺν

2173 3969 2265 4022 τὸν
2303 3970 2466 4024 παῖδα
2517 3972 2859 4026 καταλείπει.
2889 3971 3163 4026 Κατέλιπε
3197 3973 3252 4025 δὲ
3291 3973 3384 4026 καὶ
3414 3973 3632 4045 ἐτέρους
3666 3973 3767 4028 δύο

2174 4063 2394 4126 παῖδας,
2437 4063 2645 4117 Γάλλαν
2691 4083 2752 4118 τε
2799 4061 3104 4136 θυγατέρα,
3154 4064 3249 4117 καὶ
3292 4064 3761 4127 Οὑαλεντινιανδν,

2169 4154 2408 4226 τέτταρά
2435 4172 2536 4209 που
2553 4155 2817 4226 γεγονότα
2835 4156 3078 4228 Ετηῷὅ),
3106 4155 3166 4209 ὃν
3193 4156 3394 4210 αὐτίκα
3419 4157 3454 4228 ἧ
3483 4172 3544 4209 τε
3575 4158 3768 4232 μήτηρ

1715 4282 1958 4328 VALESII
1991 4284 2491 4332 ANNOTATIONES.

561 4362 674 4434 (3i)
706 4366 828 4434 Οὐχ
851 4365 1060 4434 ἔτερόν
1084 4384 1218 4422 τινα
1254 4368 1481 4438 ταύτην
1513 4365 1732 4424 ἐλθεῖν.
1764 4365 1964 4420 Deesse
1994 4367 2074 4438 vi-
2103 4373 2150 4426 D

489 4433 996 4510 deturpraapOSitio,
1029 4453 1150 4510 qua:
1166 4440 1404 4510 suppleri
1426 4433 1604 4510 potest
1619 4441 1723 4510 hoc
1746 4438 1938 4491 modo:
1961 4437 2076 4507 Οὐχ

487 4503 678 4580 ἔτερόν
715 4503 835 4560 τινα
869 4507 1004 4580 πρὸς
1037 4503 1440 4580 ταύτηνὲλθεῖν
1457 4509 1833 4580 ἀνασχόμενοι.

563 4576 674 4648 (5‘2)
705 4576 999 4648 Λαμπρῶς
1039 4576 1414 4647 ἐκηρῦττετο.
1463 4576 1642 4635 Codei
1670 4576 2076 4648 ‘Bocltartiiau-

489 4647 629 4701 ctior
656 4646 748 4703 hic
786 4646 955 4704 est—et
997 4646 1358 4706 emendatior.
1393 4651 1483 4706 Sic
1511 4651 1658 4705 enim
1699 4647 1885 4713 habet,
1914 4646 2077 4710 εὐθὺς

489 4718 756 4788 ἐκήρυττε
784 4719 844 4772 τὸ
865 4718 1172 4789 όμοούσιον.

563 4785 678 4858 (35)
725 4789 879 4842 Socr.
899 4785 1005 4858 :Iih.
1041 4806 1114 4848 ιν,
1151 4805 1271 4857 cap.
1301 4790 1398 4854 li);
1437 4788 1562 4844 Soz.
1601 4789 1693 4842 lib.
1721 4802 1796 4858 vt,
1826 4801 1946 4855 cap.
1982 4785 2073 4841 55.

564 4856 676 4926 (54)
699 4858 807 4912 Καὶ
847 4857 966 4911 τῶν
981 4859 1270 4912 ἐναντίων
1299 4863 1409 4913 οὐκ
1437 4861 1700 4930 ὀλίγους.
1738 4856 1856 4930 Non
1883 4858 2074 4930 dubito

491 4931 624 4997 quin
654 4930 1004 4984 scribendum
1037 4931 1106 4983 sit
1131 4930 1233 4984 hoc
1256 4930 1396 4991 loco,
1428 4927 1554 4982 τῶν
1575 4927 1852 4982 ἀναιτίων.
1888 4927 1940 4981 Id
1970 4938 2074 4992 est,

495 4998 612 5053 Una
645 5018 762 5054 cum
796 5000 902 5054 illis
941 4999 1130 5053 multos
1161 5016 1362 5070 quoque
1396 5002 1692 5054 innocentes
1736 4997 1922 5052 Valens
1956 5015 2080 5068 sup-

493 5071 652 5139 plicio
678 5072 875 5141 affecit.
904 5070 1355 5125 Emendntionem
1383 5081 1624 5125 nostram
1662 5070 1947 5141 conﬁrmat
1972 5086 2076 5123 lllS.

492 5138 664 5197 Cuth
712 5138 1006 5205 "Bocharti,
1064 5141 1116 5194 iu
1161 5158 1270 5211 quo
1331 5143 1590 5208 scriptum
1653 5149 1736 5195 est
1783 5138 1890 5192 τῶν
1925 5141 2081 5193 ἀναι-

493 5212 644 5281 τίων,
677 5224 840 5284 prout
866 5213 1156 5285 legendum
1185 5228 1308 5268 esse
1337 5211 1704 5280 conieceram.

2250 4370 2362 4440 (55)
2404 4368 2662 4437 Τέτταρὰ
2687 4366 3006 4437 που...ἕτη.
3033 4365 3088 4422 In
3105 4385 3208 4424 ms.
3242 4368 3430 4440 codice
3469 4367 3764 4440 Samuelis

2176 4439 2430 4512 Bocliarti
2489 4442 3003 4512 scriptuminveni,
3051 4439 3287 4512 τέτταρά
3336 4457 3424 4492 πω
3450 4439 3763 4512 temquod

2175 4509 2302 4566 licet
2329 4510 2586 4580 exiguum
2608 4509 2615 4510 7
2637 4511 2728 4574 sit,
2767 4510 2908 4566 haud
2937 4509 3228 4580 quaquam'
3263 4519 3443 4564 tamen
3480 4511 3767 4580 negligen-

2173 4581 2304 4634 dutn
2337 4579 2546 4648 putavi.
2579 4580 2848 4635 Caeterum
2881 4579 3133 4636 de’mtate
3167 4581 3528 4634 Valentiniani
3558 4579 3765 4634 Junio-

2176 4651 2274 4714 ris,
2303 4652 2578 4706 consentit
2606 4652 2768 4706 etiam
2792 4652 3114 4705 Ammianus
3142 4651 3490 4705 Marcellinus
3523 4649 3579 4704 in
3618 4651 3768 4705 libro

2175 4721 2478 4786 tricesimo,
2520 4723 2624 4775 sub
2677 4723 2867 4786 linem;
2899 4731 2954 4776 et
2989 4722 3220 4776 Victoris
3257 4721 3526 4789 Epitomc,
3563 4729 3619 4774 et
3656 4721 3766 4775 Zo-

2177 4792 2352 4846 simus
2407 4807 2470 4846 ac
2505 4791 2770 4845 Zonaras.
2804 4791 2973 4847 Natus
3007 4802 3091 4846 est
3143 4793 3306 4860 igitur
3344 4789 3770 4860 Valentinianus

2183 4861 2376 4916 Junior
2407 4878 2551 4917 anno
2577 4863 2780 4916 Christi
2829 4862 2952 4915 571.
2987 4859 3253 4917 Caeterum
3281 4862 3349 4916 ab
3379 4863 3482 4916 hoc
3516 4859 3768 4917 Valentiv

2177 4934 2343 4986 niano
2368 4930 2616 4995 Juniore,
2649 4933 2742 4999 qui
2780 4932 2924 4987 ﬁlius
2961 4933 3063 4987 fuit
3109 4933 3331 4998 majoris
3368 4930 3763 4993 Valentiniani.

2177 5003 2594 5072 distiuguendus
2611 5013 2693 5057 est
2717 5001 3134 5058 Valentinianus
3159 5005 3316 5069 alter,
3349 5003 3493 5056 ﬁlius
3521 5001 3767 5057 Valentis

2179 5076 2430 5145 Augusti,
2469 5083 2527 5127 ut
2575 5074 2687 5140 jam
2745 5074 2954 5142 pridem
2987 5075 3299 5145 observavi,
3334 5084 3447 5128 tum
3483 5074 3536 5126 in
3579 5076 3766 5145 Anno.

2180 5143 2481 5198 tati'ouibus
2508 5147 2572 5197 ad
2605 5145 2955 5198 Ammiannm
2983 5144 3384 5211 Marcellinum,
3415 5153 3530 5198 tum
3563 5145 3618 5198 in
3649 5143 3764 5197 Au-

2183 5215 2559 5268 notationibus
2583 5215 2649 5269 ad
2683 5215 2989 5269 Socratem.

1966 5320 2316 5366 VARIORUM.

567 5431 641 5502 (α)
684 5431 748 5482 '0
771 5431 1082 5498 Δωρόθεος.
1115 5427 1262 5484 idem
1317 5426 1409 5497 qui
1450 5421 1773 5502 Theodorus
1793 5426 2073 5502 ,A_in_verso

497 5495 718 5570 nomine
747 5495 1075 5570 promiscue,
1121 5508 1179 5553 ut
1219 5495 1407 5570 supra,
1436 5514 1556 5570 cap.
1609 5495 1696 5570 l9,
1725 5506 1779 5552 et
1807 5496 2072 5570 “huius

495 5569 593 5626 lib.
631 5566 847 5640 etiapud
883 5569 1038 5640 Socr.
1060 5571 1154 5625 lib.
1190 5586 1264 5636 tv,
1289 5566 1410 5640 cap.
1437 5566 1848 5640 55’,et_S_ozom.
1881 5567 1976 5640 l_ib.
1997 5581 2072 5640 vt,

494 5654 616 5711 mp.
644 5636 754 5711 3'71,
787 5638 841 5690 in
869 5639 984 5705 ﬁn.,
1023 5651 1076 5694 et
1095 5642 1190 5694 lib.
1216 5657 1314 5703 vn,
1345 5636 1841 5711 eapguuhiortem
1872 5636 2074 5711 _Enznii

493 5707 662 5770 reicit
691 5710 943 5765 Socrates
986 5712 1089 5765 loc.
1129 5712 1227 5766 cit.
1267 5707 1564 5766 amntlhr.
1599 5708 1726 5765 3‘17.
1756 5707 2072 5776 Gotlwfretl.

2249 5426 2324 5498 (ὁ)
2352 5425 2568 5496 Πατρὶς
2590 5425 2665 5498 δέ
2690 5422 2769 5496 ἦν
2784 5427 2822 5494 ἡ
2856 5427 3275 5493 Θεσσαλονίκη
3310 5420 3390 5492 τῷ
3415 5424 3757 5498 Antiopae).

2179 5496 2398 5552 Ben-ma
2431 5513 2598 5567 prope
2624 5496 3071 5552 Thessalonicam
3110 5499 3260 5553 locus
3289 5507 3408 5564 erat
3437 5505 3531 5549 aut
3561 5496 3762 5549 nativi-

2178 5569 2323 5632 tatis,
2364 5578 2457 5622 aut
2483 5568 2673 5621 saltem
2701 5569 3049 5638 episcopatus
3079 5567 3404 5638 Demophili,
3431 5575 3491 5620 ut
3519 5575 3665 5636 patet
3691 5581 3763 5622 ex

2178 5652 2336 5710 capp.
2353 5639 2385 5692 8
2408 5649 2461 5692 et
2492 5638 2556 5693 19
2587 5638 2866 5710 Ιιιιὶιιελιξὺ.
2897 5638 2973 5696 De
2997 5639 3316 5710 DemOphilo
3341 5639 3615 5708 \‘id.,plura
3630 5649 3765 5694 mox

2178 5708 2231 5764 in
2262 5709 2590 5781 Fragmento
2615 5724 2646 5763 e
2681 5707 2862 5762 Suida.
