4010 6210
307 262 409 323 εει
434 310 445 321 λ.

1314 246 1886 311 ECCLESIASTICZE
1926 246 2284 308 HlSTORlE
2326 246 2462 305 LIB.
2501 247 2596 305 1x.

3484 251 3595 311 ω
3614 272 3621 279 δ

315 373 605 437 Ἷουστῖνα,
633 368 731 426 καὶ
748 368 780 424 ό
793 368 936 425 κατά
953 365 1215 424 Παιονίαν
1236 367 1468 439 στρατὸς
1486 367 1708 439 βασιλέα
1734 367 1900 422 ποιεῖ.

2022 372 2242 434 |uatuor
2258 363 2476 420 circiter
2494 377 2672 420 annos
2696 368 2909 419 natum.
2928 359 3104 430 Quem
3127 361 3275 423 illico
3290 372 3406 422 tum
3417 375 3596 424 mater

305 464 610 540 Γρατιανδς
644 462 830 535 μέντοι
850 479 916 532 γε
938 461 1040 534 τὴν
1065 459 1427 532 ἀναγόρευσιν
1459 459 1670 532 μαθὼν,
1710 459 1793 514 ὅτι
1827 459 1903 533 μὴ

309 562 406 619 διὰ
429 559 656 632 γνώμης
692 556 864 612 αὐτοῦ
885 556 1134 626 γέγονεν,
1161 555 1263 608 οὐκ
1289 555 1575 627 ἐπῄνεσεν.
1615 552 1776 608 Ἀλλά
1808 553 1931 609 καί.

314 666 473 713 τινας
498 646 604 701 τῶν
628 644 794 701 αὐτοῦ
827 643 1269 716 νεωτερισάντων
1302 644 1439 715 (35")
1477 642 1778 699 ὲκολάσατο
1803 642 1901 715 (α).

319 741 511 812 Ὅμως
539 735 761 809 επερξε
789 735 884 790 τὸν
928 733 1159 807 ἀδελφὸν
1201 732 1346 804 ἔχειν
1381 732 1736 805 βασιλεύοντα
1765 733 1902 807 (56),

320 834 416 889 καὶ
441 831 647 905 πατρὸς
671 830 827 902 αὐτῷ
850 828 1006 897 τάξιν
1040 823 1416 902 ἀποπληροῦν.

260 1008 283 1079 ἒ

239 1138 246 1146 -
389 1102 479 1169 ιζ’.
509 1102 633 1157 Ὀτι
678 1100 727 1154 οἱ
772 1097 949 1171 πέραν
997 1096 1093 1151 τοῦ
1138 1097 1353 1169 Ἴστρου
1400 1096 1603 1153 Σκύθαι
1653 1097 1760 1169 (ὸ),
1798 1096 1909 1152 τῶν

319 1196 537 1252 Οὐννων
575 1194 762 1256 αὐτοῖς
809 1190 1375 1263 ἐπιστρατευσάντων,
1419 1191 1711 1245 ἀνάστατοι
1747 1189 1911 1258 γεγό-

317 1307 463 1354 νασι,
480 1287 580 1342 καὶ
592 1286 730 1358 πρὸς
745 1283 844 1356 τὴν
859 1283 1147 1355 Ῥωμαίων
1168 1282 1274 1353 γῆν
1292 1282 1427 1354 πρὸς
1448 1282 1632 1351 φιλίαν
1649 1284 1746 1335 ὲπε
1756 1279 1915 1353 ραιώ-

316 1383 516 1455 θησαν.
549 1377 674 1435 Εἶεν
691 1378 736 1444 δ’
757 1377 826 1432 ἂν
865 1378 917 1431 οί
972 1372 1187 1442 Οὗννοι,
1215 1376 1308 1440 οὓς
1335 1377 1386 1430 οί
1416 1375 1640 1430 παλαιοὶ
1666 1375 1914 1447 Νεϐρούς

318 1471 700 1545 ὲπωνόμαζον,
723 1470 821 1524 καὶ
850 1468 1002 1539 παρὰ
1028 1467 1100 1521 τὰ
1123 1469 1346 1522 Ῥιπαῖα
1376 1466 1757 1538 κατῳκημένοι
1786 1465 1911 1538 όρη,

319 1566 385 1632 ἐξ
418 1560 497 1621 ὧν
527 1567 556 1618 ὁ
589 1563 792 1626 Τάναϊς
824 1560 906 1624 είς
934 1559 1034 1630 τὴν
1070 1557 1354 1613 Μαιώτιδα
1386 1556 1581 1628 λίμνην
1606 1556 1915 1628 κατασυρό-

321 1672 491 1729 μενος
520 1652 583 1706 τὸ
615 1650 829 1724 ῥεῖθρον
863 1647 1242 1703 ἐκδίδωσιν.οἱ
1266 1647 1322 1700 δέ
1351 1663 1415 1717 γε
1437 1645 1643 1700 Σκύθαι
1672 1662 1907 1718 μετανα-

2003 452 2242 519 Iustina,
2279 463 2397 510 tum
2424 453 2699 511 exercitus
2731 452 2823 523 qui
2853 453 2908 508 in
2934 451 3219 510 Pannonia
3242 464 3386 523 erat,
3418 457 3599 528 impe-

2004 556 2242 603 ratorem
2289 556 2566 603 crearunt.
2608 544 2676 601 Et
2698 545 2993 602 Gratianus
3030 546 3247 616 quidem
3284 548 3429 604 hanc
3451 564 3601 605 nun-

2005 641 2354 712 cupationem
2408 655 2533 696 cum
2575 639 2879 708 didicisset,
2921 653 2988 695 eo
3017 640 3165 709 quod
3217 639 3426 711 absque
3456 656 3593 698 cou-

2005 749 2173 791 sensu
2210 733 2386 805 ipsius
2434 733 2581 789 facta
2621 732 2820 800 fuerat,
2855 748 2965 787 non
3007 734 3278 804 probavit.
3316 734 3596 801 Quosdam

2007 827 2174 882 etiam
2195 826 2289 896 qui
2319 824 2374 880 id
2406 834 2619 882 tentare
2665 826 2784 881 ausi
2818 822 3056 893 fuerant,
3088 826 3360 896 supplicio
3390 827 3593 882 all‘ecit.

2006 917 2256 973 Fratrem
2323 917 2686 974 nihilominus
2760 926 3072 973 consortem
3126 918 3344 988 imperii
3394 920 3600 974 habere

2009 1025 2119 1065 non
2150 1007 2361 1074 renuit,
2379 1015 2433 1063 et
2470 1008 2642 1077 patris
2682 1022 2811 1078 erga
2835 1022 2962 1061 eum
3000 1007 3175 1061 vicem
3203 1007 3465 1076 implevit.

2081 1098 2170 1153 ‘17.
2187 1096 2378 1152 Valens
2418 1096 2554 1151 bello
2585 1096 2832 1167 Scythico
2858 1098 3015 1166 perit.
3044 1096 3367 1151 Theodosius
3396 1099 3603 1167 imp.—

2014 1191 2231 1263 Scythae
2276 1191 2367 1261 qui
2421 1199 2577 1246 trans
2627 1189 2826 1245 lstrum
2881 1190 3043 1260 positi
3067 1199 3215 1257 sunt,
3267 1191 3337 1244 ab
3390 1189 3602 1244 [iunnis

2011 1281 2155 1337 bello
2188 1280 2433 1351 appetiti,
2461 1289 2516 1335 et
2552 1280 2774 1335 sedibus
2804 1279 2918 1335 suis
2961 1281 3194 1349 expulsi,
3228 1281 3284 1335 in
3322 1279 3609 1334 Romano»

2014 1388 2138 1428 rum
2188 1371 2452 1426 ditionem
2510 1371 2692 1438 specie
2725 1371 2983 1426 amicitiae
3035 1372 3389 1441 trajecerunt.
3434 1371 3611 1426 Porru

2015 1462 2199 1518 Hunni
2263 1462 2427 1518 iidem
2459 1463 2713 1518 videntur
2750 1478 2873 1519 esse
2898 1463 2993 1533 qui
3024 1464 3094 1518 ab
3151 1463 3394 1533 antiquis
3436 1461 3607 1519 Neuri

2013 1556 2375 1623 vocabantur,
2400 1556 2470 1611 ad
2498 1556 2716 1626 Ripmos
2746 1568 2959 1613 montes
2994 1558 3109 1622 siti,
3138 1572 3203 1613 ex
3230 1558 3430 1628 quibus
3451 1566 3607 1613 ortus

2018 1648 2221 1705 Tanais
2269 1648 2493 1717 ﬂuvius,
2535 1650 2591 1704 in
2635 1649 2941 1705 Maeotidem
2987 1651 3239 1721 paludem
3269 1666 3439 1721 aquas
3471 1666 3604 1708 suae

320 1746 579 1816 στάντες,
600 1742 707 1797 ἀπὸ
741 1739 834 1796 τοῦ
868 1738 1078 1813 μέτριοι
1119 1738 1188 1793 τὰ
1232 1737 1427 1811 πρῶτα
1454 1733 1594 1792 εἶναι
1625 1740 1740 1802 τοῖς
1775 1738 1910 1791 Ῥω-

2022 1742 2240 1797 evolvit.
2278 1740 2660 1813 Scythasvero
2691 1744 2743 1798 in
2793 1742 3172 1799 Romanorum
3217 1745 3393 1800 solum
3421 1754 3603 1801 trans-

324 1840 532 1912 μαίοις,
564 1837 645 1900 είς
674 1834 737 1889 τὸ
776 1832 1061 1906 λῃστεύειν
1103 1832 1406 1905 ἐτράποντο
1429 1846 1443 1861 ⁶
1476 1827 1595 1885 εἶτα
1626 1832 1721 1886 καὶ
1755 1831 1915 1886 πόλε-

325 1949 431 2004 μον
459 1930 766 2002 ἀκήρυκτον
795 1927 1017 1981 εἴλοντο.
1036 1924 1248 1997 Οὐάλης
1263 1925 1320 1979 δὲ
1340 1923 1515 1979 ταῦτα
1541 1924 1914 1995 πεπυσμένος,

323 2024 392 2090 ἑξ
416 2020 745 2093 Ἀντιοχείας
776 2019 1024 2093 ἀπαίρει.
1049 2018 1160 2072 Καὶ
1186 2017 1328 2073 κατά
1346 2017 1757 2072 Κωνσταντινού
1769 2017 1917 2072 πολιν

323 2112 570 2183 γεγονὼς
599 2113 689 2166 ἐπὶ
721 2110 943 2183 Θρᾴκην
976 2109 1211 2163 ἐλαύνει.
1244 2109 1357 2163 Καὶ
1394 2109 1540 2181 μάχῃ
1574 2109 1919 2180 συμπλακεὶς

324 2209 447 2269 τοῖς
470 2204 784 2278 βαρϐάροις,
833 2204 927 2258 καὶ
968 2195 1198 2266 πολλοὺς
1239 2200 1550 2265 ἀποϐαλὼν,
1580 2200 1685 2255 ἀνὰ
1717 2201 1920 2273 κράτος

324 2297 547 2370 φεύγει.
584 2298 697 2351 Καὶ
742 2297 895 2370 πάσῃ
930 2294 1215 2367 συσχεθεὶς
1240 2296 1524 2368 ἀμηχανίᾳ
1561 2295 1658 2349 καὶ
1692 2296 1917 2367 ἀπορίᾳ,

324 2393 385 2446 ἐν
414 2409 525 2446 τινι
561 2390 670 2446 τῶν
701 2390 846 2444 κατὰ
873 2390 1075 2462 ἀγροὺς
1105 2388 1422 2460 οἰκημάτων
1456 2387 1648 2459 χόρτον
1676 2386 1917 2458 φέροντι,

324 2486 431 2541 σὺν
465 2484 671 2553 ὀλίγοις
714 2484 827 2546 τοῖς
873 2480 1161 2553 ἑπομένοις
1199 2480 1577 2552 κατακρύπτει
1607 2479 1816 2532 ἑαυτόν.
1855 2479 1919 2531 Οί

2020 1833 2218 1905 gressi,
2248 1849 2370 1888 cum
2402 1824 2877 1905 initief‘moderate
2920 1852 2981 1892 se
3008 1838 3308 1907 gessissent
3337 1853 3464 1908 erga
3493 1838 3607 1892 Ro-

2020 1942 2231 1994 manos,
2264 1928 2485 1983 tandem
2517 1916 3073 1986 adlatrocinandum
3133 1932 3383 1986 conversi
3445 1940 3603 1995 sunt,

2020 2035 2085 2075 ac
2107 2019 2305 2076 deinde
2336 2020 2540 2076 bellum
2581 2021 2653 2083 iis
2705 2022 3028 2087 intulerunt,
3071 2024 3223 2079 nullo
3253 2024 3404 2093 prius
3436 2026 3606 2079 misso

2020 2111 2115 2180 qui
2150 2111 2347 2167 bellum
2392 2112 2674 2167 indiceret.
2704 2110 2837 2179 Quae
2884 2129 3009 2169 cum
3042 2116 3344 2184 accepisset
3375 2114 3599 2181 Valens,

2032 2204 2217 2259 statim
2251 2204 2545 2260 Antiochia
2592 2204 2874 2275 digressus
2922 2214 3025 2260 est.
3085 2204 3334 2276 Cumque
3368 2207 3611 2267 venisset

2034 2294 2589 2365 ConstantinOpolim,
2616 2296 2671 2349 in
2704 2295 2998 2352 Thraciam
3032 2290 3293 2368 perrexit.
3327 2295 3429 2353 Ubi
3466 2314 3613 2368 prm-

2022 2388 2098 2444 lio
2150 2402 2482 2459 congressus
2539 2403 2663 2441 cum
2704 2387 2994 2453 barbaris,
3045 2390 3341 2460 multisque
3384 2406 3610 2446 suorum

2024 2480 2269 2546 amissis,
2320 2488 2582 2537 contento
2645 2494 2808 2536 cursu
2861 2480 3047 2553 fugam
3109 2483 3363 2552 arripuit.
3408 2480 3613 2538 Ultima

320 2578 381 2632 δὲ
408 2575 680 2649 βάρϐαροι
727 2572 1175 2641 καταδιώκοντες,
1205 2570 1395 2643 ὥσπερ
1428 2570 1498 2625 τὰ
1548 2571 1683 2626 ἄλλα
1725 2568 1834 2623 τῶν
1861 2569 1916 2623 ἐν

2022 2573 2242 2627 tandem
2294 2572 2627 2627 necessitate
2653 2587 2971 2642 oppressus,
3016 2583 3071 2629 et
3100 2574 3168 2629 ad
3206 2575 3445 2645 inopiam
3480 2590 3613 2631 con-

322 2671 514 2736 ποσὶν,
541 2668 685 2724 οὕτω
737 2668 834 2722 καὶ
867 2667 929 2720 τὸ
950 2666 1159 2737 οἴκημα
1189 2664 1361 2736 πυρὸς
1391 2661 1638 2735 δαπάνην
1660 2661 1916 2729 ἐτίθεντο,

2024 2664 2132 2721 silii
2157 2663 2432 2731 redactus,
2492 2662 2546 2718 in
2606 2665 2806 2736 agresti
2849 2666 3085 2736 quadam
3126 2682 3254 2722 casa
3286 2683 3392 2737 qua
3429 2665 3615 2723 fenum

319 2762 590 2833 οὐδεμίαν
627 2759 779 2832 παρὰ
805 2757 898 2813 τοῦ
932 2756 1193 2828 βασιλέως
1216 2755 1326 2825 (57)
1357 2753 1614 2818 λαϐόντες
1645 2752 1916 2807 ὑπόνοιαν.

2025 2755 2309 2811 conditum
2338 2763 2477 2821 erat,
2528 2772 2637 2810 una
2687 2772 2813 2811 cum
2862 2758 3051 2826 paucis
3079 2759 3173 2828 qui
3206 2759 3387 2829 ipsum
3419 2776 3618 2830 seque-

332 2856 489 2910 ’Δλλ’
522 2857 553 2909 ό
607 2855 702 2927 μὲν
758 2851 931 2916 οὓτως
970 2850 1289 2922 ἠφάνισται,
1334 2847 1395 2901 τὸ
1434 2847 1685 2901 πλεῖστόν
1730 2863 1789 2900 τε
1828 2845 1916 2900 καὶ

2025 2848 2245 2913 bantur,
2281 2862 2401 2903 sese
2450 2848 2762 2903 occultavit.
2804 2847 2874 2901 At
2930 2848 3148 2902 barbari
3181 2851 3276 2919 qui
3315 2864 3439 2905 eum
3495 2868 3617 2920 pcr-

318 2950 629 3022 κρὰτιστον
669 2946 770 3017 τῆς
803 2944 1119 3017 Ῥωμαῖκῆς
1142 2940 1916 3015 ἀρχῆς’συνατιτοκειρόιμενος⁴

2028 2938 2422 3008 sequebantur,
2475 2946 2590 2994 tum
2648 2939 2809 2995 obvia
2860 2954 3122 3010 quaeque,
3173 2950 3289 2994 tum
3331 2942 3620 3010 tugurium

314 3042 372 3095 οἱ
402 3039 470 3095 δὲ
522 3036 790 3111 βάρϐαροι
838 3037 1022 3090 πᾶσαν
1046 3033 1220 3098 ἀδεῶς
1249 3032 1348 3105 τὴν
1377 3033 1601 3104 Θρᾴκην
1625 3032 1916 3103 ἐληίζοντο1

2029 3032 2161 3087 illud
2197 3031 2574 3095 incenderunt,
2630 3031 2765 3086 nihil
2800 3033 3018 3102 penitus
3060 3033 3126 3087 de
3167 3034 3493 3104 imperatore
3523 3049 3619 3089 su-

313 3130 722 3206 Φριτιγέρνους
758 3129 955 3193 αὐτοὺς
998 3128 1246 3196 ἄγοντος.
1287 3126 1345 3178 '0
1384 3125 1443 3179 δὲ
1477 3124 1771 3196 Γρατιανός
1800 3125 1916 3179 ὲκό-

2032 3126 2246 3197 spicati.
2286 3125 2352 3180 Et
2380 3123 2580 3181 Valens
2608 3125 2827 3196 quidem
2852 3127 2998 3182 hunc
3028 3126 3081 3181 in
3114 3128 3336 3183 modum
3368 3128 3618 3184 sublatus

309 3227 474 3299 ψατο
508 3225 609 3297 μὲν
638 3222 730 3276 τὸν
762 3221 926 3285 θεῖον,
963 3220 1231 3292 ὲθρήνησε
1256 3216 1315 3271 δὲ
1343 3216 1442 3289 τὴν
1475 3216 1764 3282 Ῥωμαίων
1787 3233 1916 3288 συμ-

2029 3226 2134 3283 est,
2157 3218 2606 3274 numerosissima
2670 3234 2735 3274 ac
2777 3218 3077 3275 fortissima
3120 3219 3354 3275 Romani
3399 3221 3619 3291 imperii

310 3317 510 3393 φοράν
532 3333 548 3348 ·
575 3314 852 3370 Θεοδόσιον
890 3312 948 3366 δὲ
992 3310 1213 3383 βασιλέα
1254 3309 1664 3381 χειροτονήσας,
1711 3309 1791 3371 εἰς
1823 3306 1916 3378 τὴν

2032 3318 2185 3380 parte
2205 3310 2366 3365 simul
2412 3310 2654 3378 amissa;
2685 3310 2903 3367 barbari
2939 3326 3071 3367 vero
3097 3311 3410 3368 universam
3443 3310 3622 3367 Thra-

303 3412 415 3468 τοῦ
448 3409 604 3464 θείου
644 3404 922 3479 βασιλείαν
962 3402 1301 3472 ἀναπέμπει.
1340 3401 1398 3453 '0
1435 3399 1493 3453 δὲ
1517 3397 1796 3462 Θεοδόσιος
1824 3395 1916 3461 τὰς

2032 3402 2173 3457 ciam
2234 3402 2443 3474 absque
2505 3403 2618 3458 ullo
2668 3404 2927 3476 deinceps
2993 3414 3140 3462 metu
3196 3413 3621 3477 pervastarunt,

315 3501 626 3566 Ἱσπανίας
652 3500 750 3574 μὲν
772 3496 887 3570 εἶχε
915 3495 1170 3568 πατρίδα,
1193 3493 1260 3558 ἃς
1278 3492 1376 3547 νῦν
1404 3490 1642 3564 Ἰϐηρίας
1671 3488 1916 3554 καλοῦσι,

2033 3498 2175 3550 (luce
2208 3493 2539 3567 Fritigerno.
2576 3495 2748 3552 Porro
2790 3496 3087 3553 Gratianus
3115 3508 3373 3568 patruum
3402 3499 3623 3567 quidem

299 3596 416 3653 τοῦ
440 3596 518 3650 δι’
549 3592 728 3647 αὐτῶν
753 3590 969 3662 ῥέοντος
984 3587 1202 3661 ¹ἰϐηρος
1224 3581 1618 3656 παταμοῦ,τὴν
1649 3580 1916 3653 προτέραν

2028 3599 2190 3642 suum
2222 3587 2380 3657 luxit,
2436 3596 2493 3645 et
2538 3587 2916 3644 Romanorum
2974 3590 3339 3645 calamitatem
3366 3589 3622 3657 deﬂevit;

302 3684 730 3756 ὲκνικήσαντος
756 3678 1073 3750 ὀνομασίαν.

2030 3678 2399 3739 Theodosium
2438 3696 2570 3737 vero
2612 3695 2738 3738 cum
2794 3662 3183 3752 imperatorem
3245 3686 3625 3739 renuntiasset

300 3780 379 3835 ad
408 3773 726 3846 regendum
749 3770 930 3842 patrui
956 3768 1244 3842 imperium
1270 3765 1444 3822 misit.
1467 3762 1567 3820 Hic
1583 3763 1931 3823 Theodosius
1963 3769 2200 3839 patriam
2257 3771 2451 3833 habuit
2492 3769 2831 3842 Hispaniam,
2862 3787 2985 3844 quae
3014 3788 3161 3829 nunc
3193 3771 3363 3830 Iberia
3433 3777 3622 3846 appel-

298 3872 511 3934 latur;
544 3862 931 3923 lberorscilicet
948 3861 1113 3917 ﬂuvio
1134 3860 1229 3931 qui
1251 3875 1348 3930 per
1375 3872 1496 3914 eam
1522 3856 1663 3923 ﬂuit,
1684 3858 1926 3928 priorem
1968 3863 2388 3934 appellationem
2432 3865 2706 3921 abolente.

385 3966 499 4032 ιη’.
540 3960 691 4021 Ὅτι,
733 3955 1160 4027 τελευτήσαντος
1211 3949 1503 4006 Θεοδούλου
1532 3948 1628 4003 τοῦ
1653 3949 1763 4004 ἀπὸ
1791 3950 1916 4004 Χαι-

2110 3955 2199 4010 18.
2233 3955 2561 4012 Eunomiam‘
2576 3958 2824 4028 episcopi.
2844 3988 2914 3999 —
2930 3955 3147 4014 Mortuo
3164 3958 3448 4016 Theodulo
3471 3962 3622 4018 Cha:-

301 4053 595 4125 Pgagamv
654 4047 795 4121 (τῆς
843 4045 1209 4116 Παλαιστίνης
1259 4042 1305 4096 δ’
1336 4033 1492 4105 οὗτος
1549 4040 1847 4095 ἐπεσκόπει
1875 4040 1916 4113 ),

2038 4051 2335 4118 retapensi,
2361 4049 2456 4121 qui
2480 4048 2785 4105 Palaestinae
2820 4057 2938 4105 erat
2963 4050 3278 4121 episcopus,
3320 4051 3626 4123 Eunomius

298 4146 359 4200 οι
383 4142 554 4216 ἀμφὶ
585 4140 680 4195 τὸν
705 4139 971 4212 Εὐνόμιον
1007 4136 1313 4209 Καρτέριον
1351 4131 1517 4189 αὐτοῦ
1540 4134 1916 4206 χειροτονοῦσι⁴

2037 4138 2345 4196 Carterium
2376 4142 2431 4197 in
2464 4142 2585 4213 ejus
2629 4143 2807 4200 locum
2836 4142 3131 4198 ordinavit.
3165 4143 3271 4212 Qui
3316 4160 3440 4202 cum
3470 4146 3625 4205 brevi

293 4237 431 4293 Τοῦ
465 4235 533 4289 δὲ
551 4233 749 4288 θᾶττον
771 4229 1172 4293 τελειωθέντος.
1203 4227 1460 4298 Ἰωάννην
1485 4225 1916 4282 ἀντικαθιστῶσιε

2035 4240 2223 4302 postea
2240 4249 2307 4289 ex
2335 4234 2439 4289 hac
2461 4233 2587 4291 luce
2602 4236 2913 4308 migrassel,
2937 4234 3178 4293 Joannes
3206 4237 3261 4292 in
3290 4237 3411 4310 ejus
3438 4238 3627 4294 locum

294 4331 413 4384 καὶ
453 4328 566 4381 σὺν
608 4322 759 4396 αὐτῷ
822 4322 935 4378 ἁπδ
982 4316 1613 4382 Κωνσταντινουπόλεως
1665 4317 1829 4383 αὐτός
1870 4335 1916 4373 τε

2038 4323 2369 4394 subrogatus
2408 4333 2511 4382 est.
2535 4324 2674 4382 Cum
2706 4326 2812 4382 hoc
2833 4323 3047 4382 Joanne
3071 4326 3215 4383 idem
3243 4326 3550 4385 Eunomius
3569 4341 3627 4386 et

290 4419 613 4491 εὐνόμιος
643 4417 740 4471 καὶ
779 4413 1061 4490 ’Δρῤιανδς
1083 4413 1177 4467 καὶ
1212 4411 1511 4484 Εὐφρόνιος
1548 4410 1642 4465 ἐπὶ
1666 4411 1766 4484 τὴν
1792 4411 1916 4484 ὲῴαι

2038 4414 2308 4473 Arrianus
2324 4424 2489 4487 atque
2511 4415 2885 4488 Euphronius,
2910 4417 3106 4473 relicta
3126 4417 3624 4491 Constantinopoli,

290 4507 722 4583 ἀφικνοῦνται,
766 4506 844 4571 ὡς
889 4505 1066 4559 ἐκεῖσε
1122 4502 1214 4559 τόν
1274 4520 1335 4559 τε
1393 4502 1679 4558 Ἰουλιανόν
1721 4504 1786 4558 ὲκ
1831 4504 1916 4577 τῆς

2042 4505 2097 4562 ἰη
2133 4507 2406 4564 Orientem
2440 4506 2672 4580 profecti
2688 4516 2838 4577 sunt,
2871 4517 2932 4565 ut
2954 4517 3010 4565 et
3033 4506 3310 4565 Julianum
3339 4525 3407 4567 ex
3433 4508 3627 4566 Cilicia

1579 4631 1828 4679 VALESII
1852 4632 2359 4713 ANNOTATIONFS.

374 4742 553 4822 (35‘)
576 4743 754 4822 Τινςὰς
804 4742 925 4822 τῷν
961 4740 1164 4822 ademi
1198 4737 1701 4821 νεωτερισάντων.
1719 4739 1933 4822 .Gotho-

288 4810 543 4886 fre'dqs'
576 4810 780 4886 legisse
822 4814 1057 4886 videtur,
1096 4811 1221 4886 τῶν.
1237 4810 1398 4864 τοῦτο
1439 4810 1881 4886 νεωτερισάντων
1912 4829 1929 4845 θ

288 4894 391 4950 sic
410 4881 593 4945 eﬁim
615 4880 779 4941 v'ertit
808 4901 831 4954 :7
859 4882 964 4939 Sed
990 4892 1041 4938 et
1055 4882 1333 4954 quosdam,
1360 4881 1450 4951 qui
1468 4880 1526 4954 id
1562 4883 1796 4954 aggressi
1816 4882 1935 4951 fug-

287 4972 477 5025 rant,
514 4957 750 5028 punivit.
792 4953 1019 5032 Yiitetur
1066 4950 1286 5023 aliquod
1324 4950 1580 5032 mendum
1623 4950 1712 5006 hic
1740 4950 1916 5032 latere.

2040 4950 2229 5026 ,”(57)
2259 4950 2559 5032 όύδεμίαν
2585 4961 2747 5032 παρὰ
2765 4963 2872 5018 τοῦ
2892 4963 3221 5030 βασιλέως.
3259 4962 3627 5022 Scribcntlum

285 5050 366 5090 ac
403 5020 677 5087 {mutasse
715 5024 1064 5107 scribendum
1090 5020 1207 5085 est,
1240 5023 1361 5076 κατ’
1387 5020 1550 5107 αὐτοῦ
1576 5022 1916 5107 νεωεερισάν

2040 5020 2130 5107 est
2176 5020 2369 5107 procul
2411 5020 2598 5089 'dubio
2635 5020 2909 5105 οὐδεμίαν’
2943 5034 3074 5106 περὶ
3111 5020 3205 5089 τού
3237 5034 3500 5107 βασιλέως
3527 5020 3631 5090 λάξ

281 5122 451 5169 των,
518 5107 661 5164 etc.,
723 5095 834 5154 nisi
889 5094 1056 5149 αὐτοῦ
1119 5103 1371 5150 sumatur
1424 5091 1806 5149 adverbialiter
1834 5102 1916 5164 prt

2042 5091 2230 5161 ϐόντές
2261 5097 2537 5161 ὑπόνοιαν.

1966 4757 2012 4814 n
2034 4744 2168 4809 illic,
2196 4746 2250 4801 id
2271 4753 2375 4813 est,
2407 4747 2462 4801 in
2496 4747 2799 4807 Pannonia.

2112 4816 2227 4887 (56)
2289 4819 2498 4888 Ἕχειν
2542 4820 2980 4885 βασιλεύοντα.
3051 4821 3247 4878 Melius
3293 4822 3624 4879 scriberetur

2039 4883 2129 4955 ἔχε
2138 4904 2183 4941 ιν
2209 4883 2702 4957 ’συμϐασιλεύονταο

1822 5227 2174 5275 VARIORUM.

400 5323 475 5397 a)
520 5323 702 5400 Τροας
727 5348 799 5400 -—_
824 5316 1184 5400 ἐκοτιᾲσατρ..
1221 5313 1335 5397 [loc
1364 5311 1916 5400 unusnPhilostorgiu:

2040 5319 2224 5400 victis,
2283 5328 2337 5375 et
2398 5321 2786 5400 ad_Ro_manos
2822 5302 3438 5400 confugientibusgvid.‘
3467 5325 3627 5400 ερον.

400 5326 475 5397 α)
520 5326 702 5387 Τινας
727 5348 799 5361 -
824 5326 1184 5397 exclamas.
1221 5326 1335 5397 Hoc
1364 5329 1507 5396 unus
1540 5326 1937 5397 t’huostorgms
2041 5326 2224 5384 victis,
2283 5328 2337 5375 et
2398 5326 2465 5377 ad
2510 5326 2786 5379 Romanos
2822 5326 3265 5396 confugientibus
3307 5326 3419 5383 vid.
3467 5326 3627 5388 Socr.

288 5326 529 5469 luget.
569 5391 753 5457 Quare
783 5389 901 5469 haec
939 5389 1080 5469 inter
1109 5387 1246 5441 altas
1274 5400 1475 5469 ejusln
1500 5383 1820 5468 Gratianum
1850 5403 1933 5468 ca:
2040 5389 2135 5469 lib.
2163 5406 2248 5469 ιν,
2280 5405 2400 5469 cap.
2441 5392 2531 5456 53,
2582 5393 2670 5459 54,
2716 5393 2844 5469 επ.
2882 5395 2976 5469 lib.
3010 5412 3084 5461 vt,
3117 5413 3236 5469 cap.
3269 5397 3371 5463 '57;
3407 5397 3499 5469 deA
3525 5397 3633 5454 Va-

291 5465 561 5525 lumnia
580 5461 855 5517 censenda
875 5468 962 5516 est
987 5475 1003 5524 ;
1030 5461 1084 5513 iu
1119 5472 1280 5528 quem
1323 5461 1657 5522 cactcroquin
1698 5461 1939 5526 iniquior
2047 5461 2208 5516 lentis
2253 5465 2517 5517 adversus
2567 5478 2662 5517 cos
2715 5464 3055 5533 profectione
3095 5474 3149 5521 et
3186 5461 3430 5530 interitu,
3469 5467 3630 5525 Socr.

296 5540 409 5580 fuit
477 5534 576 5580 nlt
632 5531 872 5580 rationes
925 5530 1101 5580 dictas
1151 5527 1244 5580 lib.
1272 5541 1366 5580 thl
1423 5541 1544 5580 cat).
1580 5524 1635 5580 8.
1662 5533 1717 5579 el.
1754 5527 1849 5580 lib.
1880 5543 1934 5580 κ.
2047 5531 2142 5580 lib.
2183 5546 2256 5580 tv-
2281 5547 2331 5580 η.
2358 5532 2466 5580 58:
2500 5532 2629 5580 Snz.
2660 5534 2753 5580 lib-
2789 5549 2861 5580 vr-
2906 5549 3025 5580 can-
3053 5535 3142 5580 39-
3169 5536 3264 5580 .50:
3293 5538 3359 5580 ιιρ
3385 5538 3630 5580 ΊῚιοιηιΙη.

296 5540 416 5598 fuit
477 5534 576 5592 ob
632 5531 872 5586 rationes
925 5530 1101 5583 dictas
1151 5529 1366 5609 lib.th
1423 5541 1544 5607 capt
1580 5529 1635 5607 8,
1662 5533 1717 5579 et
1754 5529 1910 5608 “9.35

301 5625 364 5667 ca
512 5603 584 5659 5.
632 5600 944 5672 Gothofred.
978 5599 1050 5652 De
1087 5598 1238 5653 obttu
1274 5595 1638 5682 Valentiniani
1690 5595 1916 5651 Sentort:

304 5627 437 5738 vix:
482 5675 666 5730 Socr.
699 5671 793 5727 lib.
829 5684 1053 5738 tv,.cap.
1080 5668 1169 5733 5|,
1197 5676 1252 5722 et
1291 5667 1554 5738 §oz.hb.
1591 5682 1662 5738 vt,
1690 5682 1810 5736 cap.
1844 5667 1913 5721 56

2046 5531 2142 5585 lib.
2183 5546 2257 5597 tv,
2281 5547 2331 5588 c.
2358 5532 2427 5587 58
2452 5547 2466 5596 ;
2500 5532 2629 5587 Suz.
2659 5529 2753 5590 lib.
2789 5549 2861 5597 γι,
2906 5549 3026 5603 cap.
3053 5535 3144 5600 59,
3169 5536 3267 5601 .50;
3293 5538 3359 5592 de
3385 5529 3633 5593 Theodo-

2045 5602 2202 5657 dosio
2235 5601 2290 5655 in
2326 5603 2662 5659 consortium
2691 5604 2900 5674 imperii
2930 5621 2960 5659 a
2983 5604 3249 5662 Gratiano
3275 5609 3447 5665 ascito
3466 5606 3628 5666 Socr.

2045 5671 2140 5727 lib.
2177 5689 2230 5738 v,
2255 5688 2377 5738 cap.
2400 5673 2454 5738 2,
2494 5673 2623 5731 Soz.
2650 5675 2746 5732 lib.
2776 5690 2873 5738 vn,
2904 5690 3026 5738 cap.
3060 5676 3115 5733 2.

304 5667 423 5739 viti.
482 5675 666 5730 Socr.
699 5667 1053 5739 lib.'tv,.cap.
1080 5668 1169 5750 ξι,
1197 5676 1252 5722 et
1291 5667 1554 5747 Sozalib.
1591 5682 1662 5731 vI,
1690 5682 1810 5748 cap.
1844 5667 1934 5721 '56.
2045 5671 2140 5727 lib.
2177 5689 2230 5741 v,
2255 5688 2377 5745 cap.
2400 5673 2454 5744 2,
2494 5673 2623 5731 Soz.
2650 5675 2746 5732 lib.
2767 5667 2873 5744 'vu,
2904 5690 3026 5749 cap.
3060 5676 3115 5733 2.

377 5751 474 5826 (β)
520 5742 783 5800 Σκύθαι.
816 5740 893 5799 De
916 5738 1134 5812 Scythis
1162 5753 1260 5796 seu
1282 5734 1479 5795 Gothis
1503 5739 1572 5794 ab
1602 5735 1816 5795 ﬂuuius
1843 5738 1938 5794 de-
2978 5786 2981 5789 _
