4010 6210
1786 252 2270 316 ιιιιιιοετοιιριι

3563 243 3659 314 5‘85

407 385 541 442 illuc
566 377 922 443 adducerent,
943 381 1002 432 et
1049 371 1414 444 Theophilum
1458 371 1652 427 Indum
1679 371 1986 427 Antiochiae

2110 367 2342 434 ςιλικίας
2375 366 2616 436 ἄξοντες,
2639 361 2737 419 καὶ
2765 361 3028 433 Θεόφιλον
3049 351 3143 416 τδν
3173 352 3333 416 Ἰνδὸν
3355 358 3414 416 ιν
3438 363 3507 434 τῇ
3553 365 3664 422 ’Λν-

400 475 778 541 convenirent,
808 479 866 526 et
911 467 1080 524 totius
1117 464 1357 522 Orientis
1391 475 1593 523 statum
1637 465 1978 522 ordinarent.

472 653 564 708 19.
607 648 948 712 Theodosius,
989 644 1140 700 victis
1177 643 1443 708 barbaris,
1478 641 1869 698 Homousianos
1894 657 1980 697 re-

403 745 599 802 stituit.
628 775 701 785 —
723 739 1068 798 Theodosius
1126 737 1424 807 imperator
1449 736 1607 806 juxta
1631 735 1820 790 urbem
1861 733 1980 789 Sir-

403 839 575 896 mium
627 847 960 904 congressus
1004 846 1132 887 cum
1183 828 1434 884 barbaris
1471 839 1485 879 :
1521 839 1588 882 eo
1636 827 1779 882 enim
1819 826 1984 882 simul

405 941 570 1002 atque
597 927 889 998 imperium
935 923 1260 994 accepisset,
1292 919 1526 975 utilitate
1544 919 1760 989 publica
1789 917 1844 972 id
1871 917 1986 971 exi-

406 1033 602 1096 gente,
657 1019 935 1092 profectus
979 1015 1158 1071 fuerat
1211 1030 1225 1065 :
1281 1011 1441 1068 victis
1489 1010 1682 1081 prazlio
1735 1008 1986 1064 barbaris

404 1115 602 1170 exinde
648 1107 1310 1178 Constantinopolitanam
1365 1103 1559 1159 urbem
1612 1116 1738 1156 cum
1778 1099 1986 1171 ingenti

404 1219 605 1277 pompa
656 1203 938 1273 ingressus
971 1208 1075 1254 est.
1113 1197 1179 1252 Et
1218 1194 1609 1251 llomousianis
1637 1193 1856 1263 quidem
1885 1193 1989 1247 Ec-

407 1297 696 1351 clesiarum
721 1308 908 1348 curam
936 1288 1250 1356 commisit;
1280 1285 1515 1342 Arianos
1545 1299 1676 1340 vero
1707 1294 1760 1340 et
1801 1283 1986 1340 Euno-

406 1390 622 1445 mianos
648 1387 783 1443 urbe
808 1384 1035 1454 expulit.
1061 1382 1139 1437 Ex
1163 1395 1397 1452 quorum
1429 1391 1660 1434 numero
1687 1374 1790 1431 fuit
1821 1375 1986 1430 etiam

407 1479 764 1551 Demophilus
802 1493 818 1530 :
850 1477 944 1546 qui
973 1490 1099 1530 cum
1138 1473 1344 1540 ejectus
1373 1470 1582 1535 fuisset,
1613 1467 1681 1522 ad
1712 1467 1988 1522 civitatem

407 1587 564 1629 suam
593 1569 870 1625 Berrream
901 1581 960 1622 se
983 1563 1235 1620 contulit.
1270 1560 1536 1632 Hypatius
1564 1571 1785 1628 quoque
1807 1555 1989 1613 Nicen

407 1662 689 1733 expulsus,
734 1659 938 1730 Cyrum
993 1656 1167 1728 Syriae
1216 1669 1284 1708 ex
1329 1667 1438 1722 qua
1473 1659 1592 1706 erat
1623 1648 1893 1704 oriundus
1929 1662 1990 1704 se

2086 461 2298 533 τιοχείᾳ
2337 457 2800 530 καταληψόμενοι,
2858 453 2956 510 καὶ
3025 452 3096 508 τὰ
3148 452 3254 524 τῆς
3305 453 3478 525 ἄλλης
3529 454 3665 527 ἑῴας

2087 554 2578 625 καταστησόμενοι.

2163 648 2249 702 ιθν.
2286 647 2410 700 Ὅτι
2448 643 2727 708 Θεοδόσιος
2752 642 2780 695 ό
2816 639 3074 712 βασιλεὺς
3115 639 3257 694 κατά
3309 632 3534 712 Σίρμιον
3560 639 3667 706 τοῖς

2092 741 2389 813 βαρϐάροις
2410 735 2703 810 συμϐαλὼν
2730 735 2808 806 (a)
2839 736 2980 805 (ἐκεῖ
3012 733 3121 803 γὰρ
3151 732 3354 788 αὐτίκα
3377 732 3471 786 τοῦ
3489 732 3670 788 λαϐεῖν

2089 835 2188 906 τὴν
2211 833 2408 906 ἀρχὴν,
2444 833 2542 904 τῆς
2571 829 2762 903 χρείας
2794 827 3155 897 ἀπαιτούσης,
3187 826 3569 899 παρεγένετο),
3583 829 3674 883 καὶ

2091 928 2320 998 νικήσας
2353 925 2524 997 μάχῃ,
2571 922 2779 977 ἐκεῖθεν
2824 920 3095 992 λαμπρῶς
3117 919 3211 972 ἐπὶ
3248 920 3348 991 τὴν
3381 921 3672 974 Κωνστανι

2091 1019 2401 1076 τινούπολιν
2451 1018 2646 1072 ἄνεισι.
2690 1015 2804 1069 Καὶ
2839 1015 2954 1077 τοῖς
2990 1013 3090 1083 μὲν
3127 1012 3188 1065 τὸ
3219 1011 3503 1083 όμοούσιον
3537 1029 3671 1083 φρο-

2093 1113 2247 1168 νοῦσι
2305 1112 2415 1166 τῶν
2461 1107 2770 1180 ἐκκλησιῶν
2832 1105 3120 1177 ἐπιτρέπει
3173 1104 3274 1175 τὴν
3316 1103 3672 1175 ἐπιμέλειαν·

2108 1203 2418 1274 ’Δρειανοὺς
2435 1200 2492 1255 δὲ
2512 1200 2606 1254 καὶ
2630 1198 2997 1269 Εύνομιανοὺς
3019 1195 3312 1251 ἀπελαύνει
3332 1196 3432 1266 τῆς
3446 1195 3671 1261 πόλεως.

2094 1287 2196 1347 Ὧν
2220 1288 2302 1357 εἷς
2318 1289 2386 1365 ἦν
2405 1292 2501 1346 καὶ
2524 1294 2553 1345 ό
2574 1289 2899 1362 Δημόφιλος·
2929 1287 3224 1353 ἀπελαθεὶς
3249 1288 3330 1356 δὲ,
3359 1289 3461 1361 τὴν
3482 1278 3675 1342 ἑαυτοῦ

2096 1387 2252 1441 πόλιν
2300 1384 2712 1456 καταλαμϐάνει
2763 1383 2862 1454 τὴν
2907 1381 3193 1454 Βὲῤῥοιαν.
3257 1383 3368 1434 Καὶ
3423 1380 3680 1446 ’Υπάτιος

2093 1477 2152 1530 δὲ
2182 1475 2284 1546 τῆς
2312 1473 2546 1538 Νικαίας
2578 1471 2956 1542 ἀποδιωχθεὶς,
2987 1471 3124 1543 πρὸς
3153 1471 3252 1542 τὴν
3270 1471 3678 1543 γεννησαμένην

2097 1569 2283 1642 Κῦρον
2313 1567 2413 1640 τὴν
2460 1569 2518 1621 ἐν
2548 1565 2719 1639 Συρίᾳ
2757 1565 3142 1636 παραγίνεται.
3196 1563 3354 1617 Ἀλλά
3387 1564 3482 1617 καὶ
3504 1563 3680 1636 Δωρὸέ

2098 1663 2219 1728 θεος
2265 1663 2368 1734 τῆς
2401 1659 2737 1732 Ἀντιοχείας
2782 1659 3098 1723 ἀπελαθεὶς,
3139 1657 3239 1729 τὴν
3290 1656 3534 1730 Θρᾴκην,
3559 1656 3681 1711 ὅθεν

407 1753 633 1822 recepit.
699 1751 805 1806 Sed
854 1758 909 1805 et
961 1747 1269 1803 Dorotbeus
1323 1743 1615 1800 Antiochia
1653 1741 1881 1812 ejectus,
1935 1741 1990 1796 in

2110 1758 2362 1828 ιγεγόνει,
2389 1754 2712 1811 κατέλαϐεν.
2753 1753 2864 1808 Καὶ
2895 1751 3048 1807 ἄλλοι
3073 1750 3130 1805 δὲ
3168 1749 3426 1820 ἀλλαχόθι
3457 1748 3684 1804 διεσπά-

409 1843 701 1899 Thraci-am
730 1842 875 1896 unde
898 1841 1166 1911 originem
1205 1838 1459 1905 ducebat,
1493 1835 1837 1906 demigravit.
1885 1832 1994 1888 Alii

409 1936 648 2006 denique
679 1935 736 1989 in
775 1934 882 1988 alia
912 1932 1148 2003 dispersi
1173 1940 1303 1986 sunt
1335 1931 1477 1986 loca.

675 2047 770 2104 EX
810 2047 1018 2102 ΜΒΒο
1049 2045 1304 2102 DECIMO
1341 2040 1746 2100 IllSTORlE..

482 2167 533 2220 l.
557 2165 699 2221 Cleri
725 2163 1036 2220 Antioclteni
1071 2161 1141 2216 ad
1182 2159 1505 2214 Eunomium
1539 2156 1763 2229 legatio.
1795 2186 1864 2197 —
1897 2151 1999 2208 Do-

411 2257 636 2313 rotheus
665 2255 910 2327 quidem,
932 2254 1011 2310 uti
1033 2267 1200 2322 supra
1217 2251 1424 2306 dictum
1450 2258 1552 2315 est,
1591 2245 1884 2302 Antiochia
1914 2251 2001 2299 est

410 2348 710 2419 expulsus;
759 2345 1062 2418 presbyteri
1098 2360 1228 2399 vero
1269 2340 1514 2412 ejusdem
1563 2339 1716 2393 urbis
1752 2336 2000 2393 Asterius

411 2453 466 2498 et
497 2441 809 2511 Crispinus,
842 2446 897 2493 et
951 2437 1196 2506 reliquus
1232 2435 1434 2496 clerus,
1473 2431 1703 2487 collecto
1742 2429 1998 2495 concilio,

413 2534 502 2588 cui
523 2531 772 2587 nonnulli
796 2530 963 2585 etiam
987 2544 1051 2583 ex
1091 2527 1287 2582 vicinis
1309 2525 1579 2597 episcopis
1611 2522 1998 2589 interfuerunt,

413 2627 482 2682 ad
520 2623 851 2679 Eunomium
893 2634 1100 2690 eosque
1127 2609 1220 2691 qui
1251 2634 1374 2674 cum
1417 2617 1510 2672 illo
1531 2624 1689 2671 erant
1711 2617 2000 2679 miserunt,

414 2714 860 2774 communionem
896 2727 1088 2769 eorum
1135 2711 1497 2783 postulantes.
1535 2704 1603 2762 Hi
1626 2722 1758 2764 vero
1791 2722 1888 2778 per
1915 2705 2005 2762 lit-

414 2819 561 2866 teras
609 2807 1033 2879 responderunt,
1067 2821 1178 2861 non
1217 2805 1324 2859 alia
1355 2801 1672 2859 conditione
1711 2817 1832 2858 sese
1882 2800 2005 2856 illos

416 2911 770 2975 suscepturus
818 2916 960 2967 esse,
991 2915 1158 2972 quam
1195 2899 1240 2955 si
1271 2896 1642 2954 damnationis
1679 2894 2004 2952 sententiam

416 2997 475 3054 in
506 2997 721 3052 Aetium
747 2995 976 3066 ejusque
1003 2993 1215 3064 scripta
1258 2991 1390 3046 olim
1432 2991 1598 3046 latam
1630 2988 2005 3067 rescidissent,

2101 1867 2304 1924 ρησαν.

2401 2049 2495 2103 ΕΚ
2533 2047 2670 2101 ΤΗΣ
2699 2035 3022 2100 ΔΕΚΑΤΗΣ
3051 2034 3388 2100 ΙΣΤΟΡῙΔΣ.

2170 2171 2240 2219 α’.
2274 2164 2398 2217 Ὅτι
2423 2160 2702 2234 Δωρόθεος
2726 2160 2848 2232 μὲν,
2866 2157 2941 2223 ὡς
2960 2157 3190 2230 ἐρρήθη,
3219 2156 3320 2227 τῆς
3355 2155 3692 2227 Ἀντιοχείας

2100 2256 2312 2328 ἠλάθη·
2380 2257 2430 2308 οἱ
2493 2255 2550 2308 δὲ
2607 2252 2814 2325 ταύτης
2875 2249 3240 2323 πρεσϐύτεροι
3277 2247 3557 2319 Ἀστέριος
3603 2247 3697 2300 καὶ

2102 2353 2430 2424 Κρισπῖνος,
2476 2348 2571 2402 καὶ
2609 2347 2670 2400 τὸ
2699 2346 2828 2402 ἄλλο
2879 2345 3154 2416 πλήρωμα
3209 2341 3696 2414 συνεδριάσαντες,

2105 2439 2506 2516 συμπαρόντων
2559 2439 2742 2502 αὐτοῖς
2782 2436 2876 2492 καί
2922 2453 3083 2490 τινων
3121 2434 3231 2487 τῶν
3261 2431 3421 2505 πέριξ
3483 2433 3701 2486 πόλεων

2103 2536 2439 2598 ἐπισκόπων,
2469 2533 2746 2604 πέμπουσι
2781 2531 2918 2602 πρὸς
2946 2530 3072 2592 τοὺς
3104 2517 3250 2598 ἀμφὶ
3276 2526 3366 2578 τὸν
3403 2516 3704 2596 Εὐνόμιον,

2105 2627 2202 2700 τὴν
2253 2623 2536 2682 κοινωνίαν
2587 2625 2769 2680 αὐτῶν
2813 2620 3220 2693 ἐπιζητοῦντες.
3257 2621 3321 2674 Oi
3363 2619 3419 2674 δὲ
3465 2622 3704 2675 ἀντεπιά

2108 2719 2409 2784 στέλλουσι,
2463 2718 2538 2790 μὴ
2580 2718 2754 2781 ἄλλως
2792 2715 2994 2780 αὐτοὺς
3037 2712 3477 2786 παραδέξασθαι,
3524 2714 3584 2766 εἰ
3631 2709 3706 2784 μὴ

2105 2815 2205 2888 τὴν
2235 2816 2323 2868 ἐπ’
2362 2813 2554 2883 ’Δετίῳ
2589 2810 2683 2866 καὶ
2735 2811 2850 2873 τοῖς
2885 2807 3050 2862 αὐτοῦ
3091 2805 3490 2877 συγγράμμασι
3523 2822 3708 2860 meae

2106 2904 2443 2978 χειροτονίαν
2475 2901 2934 2974 ἀποψηφίσωνται
2963 2915 2976 2930 ο
3023 2897 3100 2951 ἔτι
3151 2898 3208 2951 δὲ
3247 2897 3341 2950 καὶ
3395 2896 3710 2969 διακάθαρ·

2111 3013 2195 3050 σιν
2229 2995 2341 3068 (58)
2378 2993 2620 3066 ἀπῄτουν
2663 2987 2758 3046 τού
2815 2990 2967 3062 βίου’
3025 2988 3389 3060 συνεφύροντο
3445 2989 3563 3062 γὰρ
3615 2987 3710 3045 καί

418 3091 516 3147 sed
541 3099 596 3146 et
628 3089 754 3144 vitae
776 3102 967 3144 eorum
991 3084 1433 3142 emendationem
1471 3081 1824 3154 requirebant
1847 3081 2000 3151 ;qui-

2110 3106 2249 3144 τισιν
2283 3088 2343 3141 ού
2377 3087 2639 3159 καθαροῖς
2683 3087 3054 3158 διαιτήμασιν.
3105 3083 3167 3136 Oi
3197 3080 3256 3138 δὲ
3303 3085 3425 3139 τότε
3469 3085 3576 3156 μὲν
3611 3087 3714 3159 τὴν

417 3180 652 3238 busdam
679 3179 827 3236 enim
863 3178 1010 3233 haud
1035 3177 1190 3247 puris
1216 3175 1430 3230 actibus
1457 3171 2007 3230 erantcontaminati.

418 3270 490 3327 At
523 3271 621 3334 illi,
657 3279 771 3324 tum
809 3267 1032 3338 quidem
1083 3265 1459 3321 conditionem
1505 3263 1748 3320 oblatam
1779 3278 1888 3318 non
1917 3263 2012 3317 ad-

419 3357 724 3422 miserunt;
771 3363 960 3425 postea
1014 3367 1144 3409 vero
1195 3367 1262 3408 eo
1316 3367 1493 3423 usque
1533 3352 1812 3424 progressi
1861 3362 2009 3419 sunt,

421 3457 486 3505 ut
523 3457 577 3504 et
597 3445 929 3502 Eunomium
955 3453 1008 3502 ct
1033 3459 1129 3501 eos
1147 3446 1239 3516 qui
1274 3460 1400 3500 cum
1419 3445 1513 3501 illo
1534 3453 1712 3514 erant,
1743 3445 1797 3500 in
1822 3445 2012 3501 Eccle-

423 3541 506 3595 sia
559 3536 994 3611 pmscinderent,
1046 3537 1495 3609 μετεωρολέσχας
1552 3551 1649 3593 eos
1710 3545 2008 3602 vocantes,

335 3651 342 3659 ι
421 3633 712 3705 plerosque
739 3629 1138 3700 desperationis
1168 3644 1233 3684 ac
1253 3630 1507 3698 vesaniae.
1540 3644 1606 3686 eo
1628 3631 1772 3700 quod
1802 3629 2012 3686 scilicet

421 3721 735 3793 hujusmodi
765 3719 1134 3776 conditionem
1161 3719 1296 3790 ipsis
1326 3719 1468 3776 ferre
1498 3722 1620 3776 ausi
1644 3718 1902 3778 fuissent.

493 3813 548 3867 2.
580 3811 700 3868 Arii
761 3811 1035 3881 dogmata.
1068 3810 1354 3866 —-~Arium
1411 3812 1710 3882 impietatis
1765 3813 2013 3884 ipsorum

421 3904 844 3975 antesignanum
903 3911 1128 3958 accusat
1178 3901 1617 3974 Philostorgius,
1663 3903 1811 3975 quod
1851 3904 2016 3975 hujus

421 3997 670 4053 universi
699 3995 867 4051 Deum
894 4010 961 4050 ex
993 3995 1182 4050 multis
1213 3995 1462 4065 partibus
1493 3998 1858 4069 compositum
1894 4012 2016 4053 esse

425 4089 646 4146 dixerit.
672 4088 761 4141 Ait
779 4087 925 4142 enim
944 4084 1134 4141 Arium
1155 4087 1479 4152 asseruisse,
1505 4104 1628 4144 cum
1649 4105 1757 4144 non
1776 4096 2014 4160 quantus

422 4181 914 4250 cstcomprehcndi
955 4194 1139 4250 posse,
1166 4181 1259 4236 sed
1291 4181 1345 4236 in
1377 4192 1640 4253 quantum
1661 4183 2017 4254 uniuscujus-

423 4289 532 4345 que
547 4274 632 4328 vis
649 4273 1109 4342 comprehendere
1127 4273 1295 4341 valet;
1314 4275 1564 4331 eumdem
1581 4285 1801 4348 quoque
1813 4277 2017 4334 sensis-

423 4379 508 4431 se,
526 4363 696 4418 Deum
726 4377 904 4432 neque
927 4364 1290 4420 substantiam
1313 4381 1457 4432 esse,
1472 4383 1648 4439 neque
1671 4369 2012 4440 hypostasin,

2114 3182 2416 3254 πρόκλησιν
2477 3181 2537 3234 οὺ
2592 3181 2939 3252 προσήκαντο
2973 3179 3122 3252 (59)·
3175 3178 3352 3252 χρόνῳ
3390 3179 3435 3233 δ’
3470 3178 3714 3254 ὕστερον

2114 3279 2210 3332 καὶ
2248 3280 2328 3340 είς
2365 3276 2426 3330 τὸ
2457 3274 2704 3340 κακίζειν
2751 3276 2839 3329 ἐπ’
2883 3273 3182 3347 ἐκκλησίας
3219 3275 3312 3329 τόν
3339 3286 3398 3329 τε
3433 3273 3717 3347 Εὐνόμιον

2115 3369 2209 3424 καὶ
2239 3369 2368 3432 τοὺς
2398 3369 2496 3422 σὺν
2532 3366 2682 3438 αύτῷ
2722 3365 3208 3438 προεληλύθεισαν,
3257 3366 3719 3438 μετεωρολέσχας

2114 3462 2309 3526 αὐτοὺς
2326 3460 2642 3524 καλοῦντες,
2667 3459 2762 3514 καὶ
2793 3459 3022 3531 πλήρεις
3055 3457 3313 3522 ἀπονοίας
3331 3459 3424 3512 καὶ
3446 3460 3654 3512 σκαιότ
3664 3472 3723 3530 η-

2114 3571 2225 3620 τος,
2253 3553 2370 3609 ἀνθ’
2404 3545 2478 3609 ὧν
2507 3553 2692 3616 αὐτοῖς
2720 3550 2948 3605 τοιαῦτα
2980 3551 3287 3624 προτείνειν
3308 3549 3594 3621 ἔγνωσαν.

2189 3812 2255 3886 β’.
2285 3808 2408 3866 Ὅτι
2441 3811 2530 3867 τὸν
2559 3807 2800 3885 ἀρχηγὸν
2846 3809 3025 3867 αὐτῶν
3063 3813 3160 3884 τῆς
3199 3809 3453 3878 ἀσεϐείας
3487 3813 3730 3888 ’Δρειον

2115 3907 2143 3960 ὁ
2169 3907 2518 3978 συγγραφεὺς
2545 3905 2842 3972 διαϐάλλει,
2887 3903 2962 3968 ὼς
2998 3903 3284 3977 πολυμερῆ
3315 3906 3410 3958 καὶ
3437 3907 3730 3961 πολυσύν-

2118 3998 2271 4051 θετον
2293 3995 2522 4066 λέγοντα
2553 3995 2646 4050 τὸν
2674 3995 2808 4049 Θεὸν
2831 3995 2939 4049 τῶν
2961 3995 3118 4050 ὅλων.
3152 3997 3226 4048 Οὐ
3256 3995 3366 4067 γὰρ
3395 3996 3522 4049 ὅσον
3567 3999 3732 4052 ἐστὶν

2116 4091 2144 4144 ό
2199 4090 2333 4154 Θεὸς
2376 4088 2917 4160 καταλαμϐάνεσθαι,
2974 4089 3292 4161 κηρύσσειν,
3327 4088 3443 4143 ἀλλ’
3500 4090 3644 4144 ὅσον
3693 4094 3728 4160 ἡ

2119 4182 2350 4236 ἑκάστου
2379 4180 2609 4252 δύναμις
2642 4181 2778 4253 πρὸς
2807 4166 3123 4254 κατάληψιν.
3143 4184 3380 4256 ἔρρωται
3399 4199 3414 4214 °
3441 4183 3542 4238 καὶ
3576 4188 3732 4256 μήτε

2116 4272 2173 4326 δὲ
2202 4273 2392 4326 οὐσίαν
2426 4273 2586 4327 αὑτὸν
2625 4269 2766 4327 εἶναι
2799 4273 3170 4344 δογματίζειν,
3217 4274 3356 4345 μήτε
3382 4274 3731 4336 ὑπόστασιν,

2123 4365 2258 4436 μήτε
2280 4363 2407 4419 ἄλλο
2443 4365 2608 4438 μηδὲν
2662 4358 2739 4421 ὧν
2775 4366 3098 4438 ὀνομάζεται
3128 4375 3142 4396 ⁶
3186 4366 3281 4419 καὶ
3311 4366 3409 4438 τὴν
3442 4369 3503 4421 ὲν
3566 4369 3736 4437 ’Δριι

424 4470 602 4527 neque
614 4453 760 4510 aliud
775 4454 1074 4525 quidquam
1087 4469 1277 4512 eorum
1291 4474 1412 4530 qua:
1423 4460 1490 4516 de
1505 4460 1595 4514 illo
1607 4461 2000 4533 dicuntur(40);

2125 4457 2262 4529 μίνῳ
2295 4457 2350 4510 δὲ
2387 4451 2601 4511 σύνοδον
2633 4458 2726 4512 καὶ
2776 4459 2874 4530 τὴν
2926 4461 2984 4512 ὲν
3032 4459 3618 4512 Κωνσταντινουπόλει
3660 4461 3738 4514 τὰ

424 4547 522 4607 sed
535 4546 998 4604 etAriminensem
1013 4548 1279 4620 synodum
1290 4551 2012 4622 etConstantinopolitanam

2120 4551 2260 4604 αύτά
2300 4551 2566 4618 δοξάζειν,
2615 4552 2738 4623 ἥτις
2766 4552 2865 4622 τὴν
2915 4549 3010 4604 τοῦ
3055 4549 3394 4620 Μονογενοῦς
3453 4548 3737 4623 γέννησιν

1657 4724 1900 4769 VALESII
1927 4726 2428 4773 ANNOTATIONES.

496 4834 610 4906 (58)
625 4832 1041 4906 Διακὰθαρσιν.
1066 4833 1125 4906 in
1149 4834 1523 4906 manuscripto
1539 4835 1734 4906 codice
1751 4837 2001 4892 Bocharti

424 4906 625 4974 legitur
653 4905 925 4978 distinctis
953 4905 1204 4978 vocibus,
1228 4905 1324 4978 om
1361 4906 1658 4978 κάθαρσιν.
1695 4905 1850 4978 Unde
1876 4911 2004 4978 quis

423 4976 690 5056 suspicari
752 4976 934 5056 possit
985 4976 1338 5031 scribendum
1385 4975 1546 5042 esse,
1593 4975 1698 5048 ἰδίᾳ
1735 4975 2005 5051 κάθαρσιν

420 5046 664 5118 ἀπῄτουν
685 5045 780 5118 τοῦ
805 5045 944 5116 βίου.

495 5115 609 5189 (39)
649 5115 767 5187 Τὴν
808 5115 1171 5188 πρόκλησιν
1228 5119 1300 5173 οὐ
1350 5116 1762 5186 προσήκαντο.
1815 5118 2006 5176 Laudo

2111 4840 2427 4895 versionem
2486 4837 2834 4903 Gothofredi,
2873 4839 2966 4909 qui
3015 4840 3096 4894 sic
3127 4839 3522 4906 interpretatur
3565 4838 3743 4895 lmnc

2111 4911 2292 4965 locum
2327 4931 2339 4965 :
2367 4910 2736 4965 Conditionem
2760 4926 2862 4963 non
2879 4911 3230 4963 admiserunt.
3260 4909 3410 4970 Vide,
3432 4909 3479 4963 si
3506 4912 3738 4977 placet,

2271 4981 2339 5064 de
2369 4982 2472 5036 hac
2513 4995 2646 5036 voce
2691 4981 2878 5036 notavi
2913 4980 2983 5034 ad
3027 4981 3228 5034 librum
3278 4995 3490 5034 nonum
3548 4980 3747 5051 hujus

2173 5069 2217 5104 ts
2245 5068 2394 5104 ortae.

2173 5068 2394 5105 ιειοτιαξ.

2193 5122 2304 5195 (40)
2339 5122 2464 5178 Soz.
2494 5122 2591 5178 lib.
2625 5137 2699 5191 tv,
2723 5136 2846 5192 cap.
2882 5123 2971 5178 24.

1900 5273 1982 5316 VA
1988 5273 2231 5320 RIORUM
2241 5305 2253 5318 .

426 5373 586 5496 Erga
606 5377 766 5497 Iliaca
829 5375 1090 5460 ξίρμιον.
1120 5375 1244 5444 τοῖς
1284 5375 1612 5448 βαρϐάροις
1657 5377 2002 5464 ᾳυμόρλώις.

639 5462 712 5501 nc
766 5445 1185 5505 Plnlostortnus.
1231 5445 1366 5503 Nam
1415 5446 1758 5505 Thcodosuus
1816 5460 2002 5503 mrum

426 5460 586 5522 ιιι-ιόι
624 5460 712 5501 me
767 5460 1185 5520 t’lnlostorgtus.
1231 5460 1366 5503 Nam
1415 5460 1758 5505 ’[ιωοαοειυε
1816 5460 2004 5503 διτιιιιι

424 5511 970 5601 εωϋῚςξξξξψνξξυυτ
989 5517 1170 5601 Factus
1199 5517 1329 5601 [ξων.
1353 5527 1410 5574 ει
1435 5519 1574 5601 ite"!
1603 5521 1656 5601 in
1684 5519 2004 5601 Placsdonia

423 5583 752 5666 constitutus
777 5583 1182 5666 Thessalonica;
1207 5588 1426 5666 Gothos
1450 5589 1668 5666 devicit.
1684 5589 1820 5666 illud
1855 5600 2003 5666 recte

425 5651 821 5734 lfhilostorgius
849 5671 973 5734 cum
1001 5659 1234 5724 caeteris,
1284 5659 1430 5734 quod
1465 5657 1758 5734 Theodosii
1790 5661 1856 5715 de
1889 5659 2002 5714 Go-

425 5724 535 5783 this
555 5724 840 5780 victoriam
870 5725 938 5782 ad
969 5734 1182 5797 tempus
1216 5724 1403 5795 refcrt,
1431 5745 1540 5798 quo
1559 5729 1671 5800 jam
1703 5731 2002 5802 imperator

2116 5381 2461 5464 renuntiatus
2492 5392 2628 5464 erat.
2647 5380 2786 5464 Male
2817 5383 2964 5464 enim
2991 5379 3377 5464 Theodoritus,
3400 5384 3500 5455 qui
3527 5385 3641 5444 lib.
3684 5409 3750 5453 ν.

2113 5465 2245 5524 cap.
2272 5453 2327 5514 5,
2362 5462 2489 5507 ante
2532 5454 2653 5523 ejus
2711 5455 2997 5524 imperium
3052 5457 3102 5511 id
3156 5457 3357 5510 factum
3408 5453 3749 5518 memorat.

2110 5519 2419 5603 Proﬂigatis
2448 5519 2696 5603 barbaris
2713 5519 2877 5603 garrit
2905 5525 3758 5603 Theodosiusgenetiuitino-

2109 5594 2310 5670 polito,
2383 5595 2984 5670 statimque‘Ecclesias
3016 5595 3755 5670 restituitﬂomousiauis,

2109 5666 2226 5787 sui;
2257 5666 2416 5720 tinem
2469 5667 2597 5721 anni
2655 5665 2780 5734 580,
2839 5667 3016 5738 inquit
3063 5666 3186 5724 Jac.
3233 5667 3610 5738 Gothofredus
3678 5665 3756 5732 ili

2133 5751 2191 5787 oc
2234 5750 2305 5787 m.

2133 5749 2305 5789 acum.
