4054 6198
299 264 389 321 ειη
1285 269 1839 328 ΕρειεειΑετιωε
1881 268 2226 329 ΙΙΙΞΤΟΚΙᾹΞ
2266 272 2393 328 LIB.
2430 273 2521 329 ιιι.

3435 270 3540 328 6θῖ

300 376 652 449 (Αὐρηλιανδς
692 377 737 430 δ’
768 380 797 432 ὀ
845 379 1087 452 ὕπαρχος
1136 383 1227 437 καὶ
1266 382 1440 456 ’ἕτεροι
1494 384 1602 438 τῶν
1653 387 1710 438 ἓν
1753 386 1852 438 ταῖς

1973 395 2076 442 est.
2116 387 2362 458 Cumque
2412 386 2622 457 iudices
2667 387 2722 441 in
2776 385 3056 443 Panticbio
3114 386 3533 454 consedissent,

300 472 492 542 ἀρχαῇ
542 470 817 539 ἐπιφανῶν
855 471 1132 546 ἀρχόντων
1174 475 1495 529 διεσκόπουν
1524 476 1593 531 τὰ
1636 493 1852 548 κατηγο

1975 478 2303 535 Aurelianus
2351 494 2482 534 vero
2530 477 2814 549 praifectus
2868 482 3142 550 pnctorio,
3193 489 3249 535 et
3295 481 3386 535 alii
3441 481 3538 553 qui

306 564 583 637 ρούμενα),
613 564 815 630 αἰτίαις
853 566 883 620 ὁ
921 567 1218 641 Εύτρόπιος
1264 570 1423 634 ἁλοὺς
1472 570 1573 641 τὴν
1632 570 1852 641 κεφαλὴε

1973 571 2275 639 praecipuos
2327 569 2679 640 magistratus
2733 571 3024 639 gerebant,
3070 572 3137 627 ad
3175 573 3535 628 exercendam

307 658 628 728 ἀφαιρεῖται.
669 656 809 709 Ἀλλ’
836 660 865 711 ό
893 657 992 730 μὲν
1020 660 1393 733 Φιλοστόργιος
1415 661 1587 716 ταῦτα
1610 660 1739 731 περὶ
1771 661 1852 714 Eii

1971 661 2326 730 quaestionem
2359 660 2637 716 constituti
2664 669 2842 715 essent
2867 702 2884 726 ,
2929 660 3220 732 Eutropius
3249 665 3532 719 convictus

309 747 520 819 τροπίου
572 746 738 816 λέγει.
789 748 1006 820 Ἕτεροι
1059 750 1117 805 δὲ
1166 751 1330 817 ἄλλας
1375 750 1586 815 αἰτίας,
1636 750 1729 805 καὶ
1774 749 1869 805 τοῦ

313 840 678 912 παρώυθῆναι
715 841 816 912 τῆς
844 842 1041 914 ἀρχῆς.
1074 843 1292 916 καὶτῆς
1326 844 1644 921 ὑπερορίας,
1679 844 1772 898 καὶ
1803 843 1868 915 δὴ

311 936 393 990 tu".
413 934 501 989 τοῦ
534 934 766 990 θανάτου
796 934 1188 1006 ἀνιστοροῦσιν.

358 1215 421 1282 ξ’.
476 1219 636 1284 Ὅτι,
687 1219 842 1290 φησι,
882 1219 976 1274 καὶ
1027 1220 1155 1285 τοὺς
1196 1221 1283 1276 ἐπ’
1327 1222 1428 1294 ἐμὲ
1466 1223 1865 1295 γεγενημένους

290 1307 510 1380 χρόνους
553 1308 790 1381 τοσαύτη
844 1309 1019 1383 φθορά
1066 1310 1289 1381 γέγονεν
1345 1311 1678 1386 ἀνθρώπων,
1730 1314 1861 1385 ὅσην

287 1403 461 1467 οὐδεὶς
499 1403 690 1475 χρόνος
735 1403 793 1471 ἐξ
824 1406 1018 1469 αἰῶνος
1047 1404 1221 1476 ἔγνω·
1263 1406 1355 1462 καὶ
1395 1406 1598 1476 ταύτην
1626 1406 1733 1478 ἀρα
1767 1409 1862 1483 καὶ

286 1497 374 1549 τὸν
403 1495 590 1565 ξιφίαν
633 1496 916 1567 σημαίνειν
955 1498 1179 1572 ἀστέρα.
1212 1498 1290 1553 Οὐ
1323 1497 1432 1569 γάρ
1473 1497 1630 1569 μόνον
1660 1500 1721 1552 τὸ
1752 1500 1859 1571 μά-

284 1600 465 1654 χιμον,
485 1584 675 1657 ῶσπερ
702 1585 869 1640 πάλαι
902 1587 1043 1641 κατὰ
1069 1589 1196 1652 τοὺς
1223 1587 1535 1659 ἔμπροσθεν
1569 1588 1856 1660 πολέμους,

283 1676 651 1747 ἀπανηλιωη,
705 1676 813 1730 οὐδ’
854 1678 910 1731 ἑν
942 1679 1099 1751 μέρει
1139 1680 1242 1752 γῆς
1288 1682 1355 1736 τὰ
1400 1680 1545 1754 πάθη
1590 1682 1854 1753 συνέστη·

282 1765 418 1820 ἀλλὰ
449 1769 629 1822 πάντα
663 1770 761 1840 μὲν
795 1754 1135 1843 διεφθείρετο
1162 1772 1315 1844 γένη,
1339 1775 1487 1827 πᾶσα
1511 1773 1556 1826 δ’
1581 1773 1857 1827 ἀπόλωλεν

280 1860 314 1929 ὴ
356 1859 620 1931 Εὐρώπη,
667 1861 762 1915 καὶ
803 1863 902 1933 τῆς
948 1863 1128 1928 Ἀσίας
1161 1864 1262 1917 οὐκ
1294 1864 1449 1935 ὀλίγη
1488 1866 1651 1938 μοῖρα
1685 1864 1860 1917 συνδι-

282 1950 519 2022 εφθάρη.
553 1951 715 2005 ’Δλλά
739 1953 833 2006 καὶ
855 1953 955 2023 τῆς
977 1954 1183 2026 Λιϐύης
1216 1956 1249 2025 ἡ
1273 1954 1462 2026 πολλὴ,
1497 1956 1591 2009 κα³ι
1624 1955 1859 2027 μάλιστά

283 2059 347 2115 γε
378 2043 480 2113 ὅση
514 2044 805 2115 Ῥωμαίοις
849 2044 1115 2099 ὑποτελεῖ.
1162 2046 1480 2119 Βαρϐαρικὴ
1530 2048 1628 2117 μὲν
1660 2048 1766 2121 γὰρ
1797 2048 1858 2103 τὺ

282 2132 388 2204 τῆς
413 2133 613 2205 φθορᾶς
647 2135 848 2207 πλῆθος
876 2135 1163 2207 εἰργάζετο
1191 2138 1464 2211 μάχαιρα·
1496 2137 1652 2211 λιμὸς
1678 2139 1734 2191 δὲ
1764 2140 1856 2193 καὶ

279 2225 504 2297 λοιμὸς,
540 2229 634 2281 καὶ
681 2229 886 2302 θηρίων
932 2230 1140 2303 ἀγρίων
1180 2231 1372 2300 ἀγέλαι
1420 2231 1852 2286 συνεπετίθεντο.

277 2317 503 2389 Σεισμοί
537 2336 598 2373 τε
637 2318 883 2387 ἐξαίσιοι,
928 2322 1109 2387 πόλεις
1143 2322 1236 2377 καὶ
1274 2324 1449 2387 οἰκίας
1507 2322 1855 2387 ἀνασπῶντες

275 2412 335 2464 ἐκ
368 2410 613 2484 βάθρων,
648 2415 728 2478 εἰς
754 2412 814 2466 τὸ
854 2414 1225 2483 ἀφυκτότατον
1262 2415 1351 2470 τὸν
1384 2416 1603 2489 ὄλεθρον
1642 2415 1856 2487 ὲναφίε-

274 2521 397 2560 σαν.
430 2503 535 2559 Καὶ
578 2507 833 2577 χάσματα
870 2507 927 2560 δὲ
967 2507 1070 2579 γῆς
1116 2509 1350 2580 ἐνιαχόθι
1388 2513 1499 2573 τοῖς
1544 2511 1854 2584 οἰκήτορσιν

272 2597 771 2670 ύπορῤηγνυμένης
805 2600 971 2668 τάφος
1011 2596 1079 2672 ἦν
1108 2601 1485 2671 αὐτοσχέδιος·
1524 2601 1854 2672 ὲπικλυσμοί

270 2705 326 2741 τε
376 2688 490 2743 τῶν
538 2690 597 2757 ἐξ
642 2691 803 2763 ἀέρος
837 2692 1065 2755 ὑδάτων,
1117 2694 1211 2746 καὶ
1262 2695 1381 2747 κατ’
1410 2693 1603 2757 ἄλλους
1653 2694 1854 2764 αὐχμοὶ

270 2780 609 2852 φλογώδεις,
666 2785 978 2856 πρηστῆρές
1020 2802 1079 2839 τε
1127 2785 1275 2838 ἔστιν
1306 2780 1389 2849 οἷς
1439 2783 1850 2857 ἐμϐαλλόμενοι,

270 2873 521 2927 ποικίλον
548 2891 607 2928 τε
627 2874 688 2928 τὺ
722 2875 891 2930 δεινὸν
937 2876 1153 2929 ἐποίουν
1200 2877 1293 2931 καὶ
1326 2877 1615 2948 ἀφόρητον.
1647 2875 1758 2928 Καὶ
1786 2874 1852 2947 δὴ

268 2968 363 3019 καὶ
415 2965 626 3037 χάλαζα
658 2967 920 3040 μείζωνῆ
974 2969 1115 3023 κατά
1149 2969 1396 3041 χερμάδα
1439 2966 1704 3039 πολλαχοῦ
1748 2968 1851 3039 γῆς

1969 753 2219 808 criminis
2248 753 2408 822 cujus
2438 754 2818 815 accusabatur,
2853 753 3027 822 capite
3052 769 3241 823 poenas
3274 756 3435 810 dedit
3470 756 3532 809 Et

1970 843 2363 913 Pbilostorgius
2392 844 2609 915 quidem
2644 843 2711 898 de
2750 842 3012 914 Eutropio
3049 845 3151 900 ista
3185 849 3391 902 scribit.
3426 848 3532 904 Alii

1966 950 2096 991 vero
2127 937 2263 991 alias
2292 952 2491 992 causas
2528 937 2804 1001 referunt,
2837 938 2908 991 ob
2944 953 3083 1007 quas
3123 937 3411 1009 Eutropius
3450 940 3533 994 di-

1965 1029 2168 1098 gnitate
2202 1029 2439 1084 nudatus
2480 1044 2545 1084 ac
2593 1029 2885 1099 relegatus,
2925 1039 2980 1084 et
3035 1038 3311 1100 postremo
3358 1033 3532 1101 capite

1964 1123 2229 1176 multatus
2263 1133 2366 1176 est.

2032 1213 2087 1268 7.
2124 1212 2469 1269 Cafamilates
2494 1214 2831 1285 public¢.—
2863 1214 2950 1269 Ait
2986 1213 3402 1285 Pbilostorgius,
3430 1228 3529 1269 sua

1962 1306 2141 1361 adhuc
2189 1314 2347 1361 aetate
2397 1316 2600 1361 tantam
2675 1307 2955 1362 hominum
3023 1307 3166 1361 luem
3205 1308 3528 1374 exstitisse,

1961 1407 2166 1468 quanta
2228 1414 2508 1468 nunquam
2580 1399 2845 1470 superiori
2910 1400 3172 1454 memoria
3222 1400 3525 1456 exstiterat.

1959 1489 2137 1559 Atque
2161 1490 2266 1545 hoc
2294 1491 2369 1544 ait
2400 1492 2738 1561 portendisse
2764 1491 2972 1546 stellam
3007 1507 3129 1561 qua
3157 1491 3327 1545 instar
3360 1490 3525 1562 gladii

1959 1592 2304 1650 apparuerat.
2351 1580 2537 1653 Neque
2579 1588 2723 1638 enim
2774 1583 3037 1638 militares
3070 1584 3240 1652 sapiae
3290 1593 3521 1650 tantum,

1962 1685 2019 1728 ut
2046 1675 2422 1745 superioribus
2452 1676 2643 1740 bellis,
2686 1686 3025 1746 consumpta:
3055 1686 3220 1743 sunt,
3261 1692 3435 1742 neque
3470 1677 3524 1731 in

1959 1777 2109 1836 parte
2147 1767 2328 1836 aliqua
2371 1768 2522 1821 orbis
2568 1779 2830 1822 terrarum
2881 1768 3219 1845 calamitates
3267 1769 3524 1823 substite-

1956 1867 2119 1925 runt;
2160 1874 2347 1913 verum
2380 1860 2757 1930 cuiuscunque
2793 1862 3121 1917 conditionis
3152 1862 3398 1917 homines
3436 1861 3523 1915 in-

1954 1952 2241 2017 terierunt,
2271 1962 2325 2007 et
2361 1963 2473 2008 tum
2521 1955 2773 2009 universa
2821 1954 3054 2025 Europa.
3095 1966 3205 2009 tum
3239 1955 3380 2009 Asiae
3416 1969 3524 2010 non

1954 2043 2177 2097 minima
2204 2060 2329 2114 pars
2360 2045 2602 2099 funditus
2624 2046 2815 2117 periit;
2834 2047 3031 2102 Africa:
3053 2059 3305 2118 praetcrea
3330 2062 3523 2118 magna

1953 2150 2101 2205 pars,
2134 2150 2199 2190 ac
2244 2136 2512 2205 praecipue
2546 2151 2608 2191 ea
2646 2154 2767 2206 qn:e
2817 2137 3076 2193 Romanis
3120 2138 3357 2207 parebat.
3386 2134 3521 2190 Nam

1954 2236 2008 2282 et
2053 2227 2372 2283 barbaricus
2416 2228 2566 2281 ensis
2606 2232 2900 2284 maximam
2951 2230 3233 2284 hominum
3273 2228 3518 2282 multitu-

1952 2317 2132 2372 dinem
2162 2317 2395 2382 delevit;
2425 2325 2479 2371 et
2507 2319 2814 2386 pestilentia
2837 2334 2900 2374 ac
2927 2317 3119 2379 fames,
3143 2327 3197 2372 et
3223 2319 3520 2387 agrestium

1953 2408 2190 2464 ferarum
2225 2424 2417 2481 greges
2459 2410 2623 2465 simul
2658 2412 3039 2467 incubueruut.
3075 2413 3153 2465 Ad
3190 2411 3305 2466 lucc
3333 2420 3521 2465 terra:-

1952 2515 2135 2557 motus
2177 2503 2507 2573 gravissimi,
2538 2504 2702 2559 urbes
2734 2520 2796 2558 ac
2846 2505 3039 2560 domos
3073 2520 3101 2559 a
3157 2503 3522 2559 fundamentis

1953 2593 2089 2663 ipsis
2117 2605 2441 2659 evertentcs,
2476 2596 2527 2648 in
2559 2596 2783 2650 exitium
2813 2597 3120 2650 inevitabile
3148 2597 3514 2666 projecerunt.

1954 2681 2145 2738 lliatus
2172 2700 2390 2753 quoque
2422 2694 2579 2741 terrze
2609 2688 2661 2741 in
2706 2689 3030 2756 quihusdam
3079 2689 3214 2743 locis
3259 2697 3430 2758 rupta:
3456 2702 3523 2743 ac

1951 2774 2301 2839 deliiscentis,
2328 2776 2671 2831 subitaneum
2709 2780 3016 2847 sepulcrum
3049 2779 3239 2834 incolis
3272 2779 3518 2847 praebuit.

1950 2865 2229 2936 Aquarum
2259 2869 2385 2919 item
2414 2885 2443 2920 e
2470 2868 2609 2922 cado
2633 2868 2940 2922 cadentium
2963 2870 3165 2923 diluvia
3193 2871 3518 2940 quibusdam

1952 2957 2005 3011 in
2053 2958 2224 3012 locis:
2273 2958 2401 3012 alibi
2460 2975 2589 3012 vero
2634 2960 2909 3014 siccitates
2948 2961 3227 3020 ﬂammem.
3273 2971 3326 3015 et
3381 2962 3522 3031 ignis

266 3058 638 3131 κατεφέρετο·
700 3059 829 3137 ἄχρι
865 3059 973 3132 γὰρ
1024 3061 1119 3115 καὶ
1185 3059 1329 3114 ὀκτὼ
1372 3059 1481 3115 τῶν
1541 3060 1849 3131 λεγομένων

1954 3048 2199 3104 turbines
2226 3050 2442 3105 cmlilus
2487 3050 2741 3116 immissi,
2785 3054 3133 3123 multiplicem
3172 3064 3331 3124 atque
3375 3055 3520 3109 into-

265 3150 474 3223 λιτρῶν
501 3151 734 3207 ἕλκουσα
780 3152 945 3225 βάρος
986 3152 1142 3227 ὤφθη
1189 3154 1605 3227 κατασκήψασα.
1655 3154 1846 3220 Χιόνος

1953 3140 2223 3195 lcrabilem
2259 3142 2558 3197 intulerunt
2603 3144 2988 3200 calamitatem.
3039 3145 3143 3200 S-d
3197 3157 3249 3200 et
3290 3147 3517 3217 grando,

264 3242 317 3297 δὲ
361 3242 573 3315 πλῆθος
607 3245 701 3299 καὶ
750 3246 976 3321 κρυμῶν
1008 3247 1323 3320 ὑπερϐολαὶ,
1347 3246 1439 3312 οὓς
1486 3247 1619 3320 ἄλλη
1664 3246 1845 3319 πληγὴ

264 3336 323 3388 ού
360 3336 783 3409 προανήρπασε,
814 3338 1033 3402 τούτους
1065 3340 1579 3413 καταλαμϐάνουσαι
1604 3340 1698 3395 τοῦ
1727 3341 1844 3412 βίου

262 3427 583 3499 ἐξήλαυνον,
606 3430 701 3482 καὶ
727 3430 916 3501 σαφῶς
938 3432 1033 3503 τὴν
1056 3431 1205 3487 Θείαν
1232 3434 1600 3505 ἀνεκήρυττον
1628 3433 1847 3503 ἀγανά-

263 3537 370 3592 κτη
382 3514 572 3576 σιν.οὖ
600 3520 723 3574 καθ’
753 3522 983 3583 ἕκαστον
1013 3524 1319 3597 ἐπεξελθεῖν
1346 3526 1478 3599 (86),
1508 3527 1647 3601 ὑπὲρ
1668 3528 1847 3586 πᾶσαν
1928 3592 1931 3595 _

265 3613 633 3685 ἀνθρωπίνην
664 3614 732 3669 ἂν
767 3614 852 3687 εῖη
887 3615 1137 3691 δύναμιν.

331 3884 411 3950 η’.
471 3878 593 3930 Ὀτι
643 3877 750 3930 τῶν
779 3876 1015 3944 Οὖννων,
1064 3877 1248 3947 φησιν,
1284 3877 1333 3929 οἰ
1392 3875 1523 3947 μὲν,
1564 3875 1660 3947 τῆς
1698 3875 1849 3939 ἐντὸς

263 3972 495 4040 Ἴστρου
525 3967 758 4033 Σκυθίας
794 3968 893 4038 τὴν
921 3967 1121 4042 πολλὴν
1168 3968 1563 4040 χειρωσάμενοι
1607 3968 1702 4022 καὶ
1734 3967 1849 4021 δια-

262 4063 600 4133 φθείραντες
643 4062 927 4136 πρότερον,
965 4061 1154 4116 ἔπειτα
1183 4062 1425 4132 παγέντα
1470 4061 1561 4115 τὸν
1605 4062 1849 4133 ποταμὸν

259 4149 577 4214 διαϐάντες,
618 4150 830 4221 ἀθρόως
859 4152 938 4215 εἰς
980 4151 1082 4223 τὴν
1119 4149 1335 4224 Ῥώμην
1387 4152 1678 4224 εἰσήλασαν
1701 4168 1714 4182 ·
1756 4154 1848 4205 καὶ

262 4240 417 4294 κατὰ
457 4242 637 4295 πᾶσαν
679 4242 1005 4313 ἀναχθέντες
1035 4244 1131 4314 τὴν
1164 4244 1406 4317 Θρᾴκην,
1440 4244 1568 4316 ὅλην
1606 4243 1704 4317 τὴν
1746 4244 1850 4298 E0-

263 4330 467 4401 ρὼπην
493 4329 793 4401 ἐληίσαντο.
836 4332 899 4385 Οί
935 4332 993 4386 δὲ
1034 4333 1168 4405 πρὸς
1213 4332 1362 4403 ἥλιον
1405 4333 1720 4405 ἀνίσχοντα,
1759 4334 1849 4388 τὸν

1948 3233 2123 3305 lapide
2164 3251 2383 3289 manum
2420 3236 2677 3306 implente
2709 3238 2903 3303 major,
2938 3239 3124 3294 multis
3156 3240 3208 3293 in
3246 3240 3380 3295 locis
3423 3240 3521 3295 de-

1949 3326 2111 3390 cidit;
2143 3327 2476 3397 deprelicnsa
2508 3329 2654 3382 enim
2687 3338 2770 3383 est
2792 3328 3011 3394 alicubi,
3040 3346 3161 3400 qum
3200 3341 3324 3385 octo
3353 3331 3521 3385 libra-

1949 3436 2095 3485 rum,
2121 3430 2178 3475 ut
2209 3430 2425 3485 vocant,
2453 3424 2665 3491 pondus
2711 3433 2968 3493 aequaret.
3002 3422 3217 3478 Nivium
3261 3435 3519 3494 praeterea

1949 3511 2032 3566 vis
2071 3521 2124 3566 et
2149 3512 2366 3581 frigoris
2402 3513 2740 3573 immanitas.
2782 3530 2877 3570 eos
2914 3531 3054 3585 quos
3091 3516 3194 3570 alia
3239 3517 3521 3570 calamitas

1950 3616 2058 3654 non
2091 3603 2466 3672 praeripuerat,
2509 3604 2833 3673 corripiens,
2864 3606 2972 3659 vita
3003 3607 3255 3675 privavit,
3298 3605 3391 3661 Dei
3434 3608 3521 3661 iu-

1951 3688 2312 3759 dignationem
2346 3690 2633 3746 manifeste
2677 3692 3025 3748 denuntians.
3066 3695 3263 3749 Verum
3304 3697 3519 3767 singula

1949 3794 2401 3846 commemorare,
2440 3781 2694 3836 humanis
2728 3783 2937 3837 viribus
2972 3784 3149 3851 majus
3180 3786 3409 3840 videtur.

2020 3870 2072 3925 8.
2095 3870 2455 3926 Barbarorum
2479 3882 2672 3927 motus.
2701 3872 3041 3943 Tribigildut.
3059 3873 3250 3929 Gaiua.
3273 3875 3515 3933 Fraviln.

1949 3994 2019 4005 —
2039 3962 2152 4035 (88)
2172 3964 2348 4020 llunni
2370 3967 2462 4036 qui
2492 3964 2767 4038 Scythiam
2783 3981 2904 4036 quae
2927 3979 3077 4021 trans
3094 3965 3286 4020 Istrum
3309 3968 3411 4022 sita
3436 3979 3519 4022 est

1951 4065 2347 4127 occupaverant
2380 4058 2532 4127 prius
2559 4073 2624 4111 ac
2651 4057 3023 4124 devastarant,
3056 4069 3263 4129 postea,
3300 4075 3515 4115 amnem

1952 4149 2071 4219 gelu
2101 4148 2454 4203 constrictum
2487 4149 2837 4218 trajicientes,
2873 4149 2925 4203 in
2961 4149 3325 4205 llomanorum
3358 4150 3517 4205 ditio-

1952 4256 2074 4295 nem
2102 4241 2408 4310 irruperunt
2431 4256 2445 4304 ;
2472 4251 2524 4294 ct
2546 4256 2640 4310 per
2666 4242 2975 4297 universam
3003 4242 3287 4298 Thraciam
3311 4244 3513 4303 dimisi.

1954 4344 2119 4389 totam
2173 4331 2445 4403 Europam
2496 4333 2803 4403 depopulati
2873 4346 3021 4390 sunt.
3089 4335 3268 4391 Hunni
3334 4347 3512 4393 autem

259 4423 476 4477 Τάναϊν
502 4422 742 4493 ποταμὸν
758 4422 1058 4489 διαϐάντες,
1084 4427 1255 4496 καὶτῇ
1314 4422 1423 4495 ἑῴα
1444 4424 1843 4496 ἐπεισρυέντες,

1953 4425 2258 4489 orientales,
2305 4424 2532 4494 trajecto
2573 4440 2732 4480 amne
2776 4425 2968 4494 Tanai,
3004 4429 3059 4483 in
3100 4427 3338 4486 Orientis
3385 4447 3513 4501 pro.

257 4514 331 4570 δι’
376 4514 672 4589 Ἀρμενίας
698 4516 937 4589 μεγάλης
968 4519 1048 4582 εἰς
1067 4519 1165 4590 τὴν
1199 4516 1536 4589 καλουμένην
1562 4516 1846 4588 Μελιτινὴν

260 4610 719 4680 κατερράγησαν.
758 4610 852 4663 Ἐκ
900 4609 1106 4681 ταύτης
1149 4610 1203 4664 δὲ
1242 4608 1621 4680 Εὑφρατησίαν
1654 4626 1714 4662 τε
1747 4609 1846 4663 ἑπ-

260 4700 470 4754 έῧεσαν
504 4701 638 4773 (87),
673 4701 766 4755 καὶ
803 4700 962 4772 μέχρι
1004 4702 1106 4772 τῆς
1147 4701 1333 4773 κοίλης
1370 4700 1571 4772 Συρίας
1616 4700 1842 4772 ἤλασαν,

258 4793 366 4845 καὶ
413 4790 515 4863 τὴν
562 4790 813 4846 Κιλικίαν
850 4793 1289 4865 καταδραμόντες
1334 4792 1492 4864 φόνον
1539 4790 1843 4863 ἀνθρώπων

1952 4518 2161 4573 vincias
2192 4516 2371 4580 ell'usi,
2406 4532 2501 4586 per
2530 4518 2787 4588 majorem
2815 4520 3124 4575 Armeniam
3156 4521 3209 4575 in
3244 4516 3512 4592 regionem

1951 4626 2071 4681 quae
2100 4607 2339 4662 Melitiue
2366 4608 2584 4674 dicitur,
2622 4611 2917 4665 irruerunt.
2943 4610 3147 4666 Exinde
3178 4611 3515 4682 Euphraten-

1950 4716 2062 4756 Scm
2104 4699 2365 4771 aggressi,
2414 4699 2480 4754 ad
2529 4700 2882 4773 leesyriam
2931 4719 3103 4774 usque
3131 4712 3513 4773 penetrarunt,

1949 4803 2003 4848 et
2042 4808 2297 4863 percursa
2346 4792 2557 4861 Cilicia,
2594 4794 2963 4853 incredibilem
2997 4795 3276 4850 hominum
3313 4795 3514 4850 caedem

1492 4971 1571 5013 VA
1578 4967 1734 5013 LESII
1762 4967 2250 5014 ANNOTATIONES'

259 5103 441 5157 cleris.
482 5101 574 5157 Sic
613 5101 667 5156 in
696 5099 945 5172 Hesychii
974 5101 1171 5157 Lexico
1214 5102 1417 5172 legitur
1443 5101 1831 5171 κονσιστόριον,

261 5176 417 5227 θεῖον
450 5172 740 5243 συνέδριον.
763 5171 1157 5227 COnsistoriuin
1190 5171 1351 5241 porro
1371 5171 1475 5225 dici
1505 5188 1611 5226 non
1638 5182 1833 5240 potest,

265 5246 380 5299 nisi
410 5245 463 5297 in
500 5258 607 5313 quo
641 5246 889 5312 princeps
910 5243 1140 5311 judical.
1169 5244 1534 5298 assrdentibus
1562 5243 1838 5313 jndicibus

260 5312 713 5375 coosistorianis,
741 5321 799 5366 ut
820 5314 947 5367 alibi
979 5313 1178 5367 notavi.

339 5377 582 5453 (86),οὗ
601 5382 747 5453 ίκαάῖ
770 5382 1033 5438 ἕκαστον
1066 5381 1439 5453 ὑπεξελθεῖν.
1482 5380 1840 5437 Seribendum

264 5444 627 5525 puto,'ibv;tb
653 5451 775 5525 καθῘ
804 5453 1031 5525 ἕκαστον
1066 5444 1403 5525 ἐπεξελθεῖν.
1441 5453 1614 5520 Quam
1657 5453 1844 5513 lectio-

266 5521 404 5580 nem
435 5521 722 5594 confirmat
748 5524 1086 5585 Nicephorius
1117 5524 1171 5577 in
1197 5539 1317 5594 cap.
1343 5524 1432 5587 56,
1464 5525 1578 5577 libri
1608 5539 1726 5594 xm,
1751 5525 1840 5594 ubi

267 5596 427 5649 hunc
445 5592 792 5665 l’bilostorgii
815 5594 991 5649 locum
1021 5595 1093 5648 ita
1123 5586 1387 5665 expressit
1411 5611 1425 5646 :
1458 5594 1592 5665 Περὶ
1619 5586 1692 5665 ὧν
1716 5586 1844 5665 καθ’

265 5667 510 5719 ἱκαστον
551 5663 877 5735 ἐπεξελθεῖν,
909 5665 1047 5735 ὑπὲρ
1078 5663 1257 5735 πᾶσαν
1283 5664 1627 5735 ἀνθρωπίνην
1658 5664 1721 5718 ἂν
1750 5664 1844 5735 εἴη

268 5736 531 5805 δύναμιν.
555 5731 738 5791 Potest
769 5735 929 5791 etiam
962 5731 1146 5803 SCl'ibi,
1166 5734 1200 5790 ἃ
1231 5734 1349 5789 καθ’
1379 5731 1605 5788 ἕκαστος)
1629 5731 1845 5799 imas-’5

1940 5102 2074 5165 θεῖν,
2106 5113 2210 5157 etc.
2237 5100 2293 5155 In
2328 5118 2429 5155 ms.
2464 5100 2651 5155 codice
2682 5099 2934 5156 Bocharti
2966 5098 3301 5154 καθέκαστον
3324 5098 3512 5155 scribi-

1944 5182 2030 5227 tur
2064 5188 2170 5226 una
2204 5188 2355 5235 voce,
2388 5187 2491 5225 non
2526 5173 2686 5224 male.

2017 5243 2132 5310 (87)
2169 5242 2597 5312 Εὐφρατησίαν
2614 5258 2679 5294 τε
2698 5239 3019 5312 ἐπέθεσαν.
3040 5238 3401 5312 νδονίἰιειιιιιιιη
3426 5248 3512 5297 est

1947 5314 2135 5383 procul
2184 5310 2350 5383 dubio
2390 5311 2777 5383 Εὐφραῖησίᾳ,
2820 5310 3274 5383 quemadmodum
3317 5310 3371 5363 in
3404 5326 3509 5370 ms.

1948 5379 2240 5460 exemplari
2278 5379 2547 5460 Samuelis
2575 5379 2851 5460 ﬂuuii-arti
2876 5382 2942 5434 ad
2978 5380 3291 5460 marginem.
3325 5396 3508 5460 emen~

1948 5449 2133 5507 datum
2195 5451 2394 5506 inveni.
2453 5450 2524 5504 De
2575 5452 2675 5505 hac
2728 5449 3399 5520 Hunnorumirruptione
3452 5452 3505 5508 in

1949 5522 2242 5577 orientales
2275 5520 2580 5590 provincias
2608 5520 2817 5589 imperii
2853 5518 3104 5586 lloinaui,
3156 5518 3351 5590 praeter
3373 5522 3515 5577 seri-

1949 5604 2129 5663 plores
2159 5609 2186 5645 ιι
2220 5588 2551 5663 Gothofreth
2574 5588 2841 5663 modulos,
2870 5592 3105 5663 loquitur
3124 5593 3285 5647 etiam
3315 5588 3510 5649 Hiero-

1952 5659 2143 5732 iiyinns
2175 5666 2225 5732 in
2260 5660 2540 5730 I'Ipilaphio
2570 5659 2817 5715 Fabiolae.

2027 5734 2137 5802 (88)
2176 5729 2423 5787 Solulib.
2456 5747 2572 5802 \‘m,
2607 5747 2725 5802 cap.
2759 5733 2803 5785 l.
