4054 6198
538 245 643 303 605

1897 234 2378 292 PHILOSTORGII

3688 234 3795 291 (ἶοι

537 367 937 432 perpetrarent.
972 354 1204 409 Mazices
1248 364 1508 424 praeterea
1562 362 1615 407 et
1663 350 1982 415 Ausoriani,
2019 351 2111 420 qui

2217 350 2543 420 εἰργάσαντο
2571 350 2943 420 ἀνιστόρητον.
2977 348 3050 402 Οὐ
3086 347 3246 419 μόνον
3273 348 3350 410 δὲ,
3387 347 3520 401 ἀλλὰ
3553 348 3646 402 καὶ
3676 348 3788 402 Μά-

538 452 680 506 lnter
705 447 943 501 Africam
978 459 1042 499 ac
1074 442 1294 512 Libyam
1327 444 1487 497 sedes
1522 443 1745 499 habent.
1773 442 1841 496 ab
1862 438 2114 496 orientali

538 539 755 608 quidem
808 537 1050 606 ipset-um
1115 535 1272 605 plaga
1334 533 1558 606 Libyam
1600 536 1992 598 devastarunt,
2062 542 2113 589 et

537 630 754 701 JEgypti
791 629 935 683 haud
967 630 1219 699 exiguam
1252 637 1461 699 partem
1497 628 1665 682 simul
1703 639 2113 696 oppresserunt.

535 722 619 776 Ab
650 720 972 777 occidentali
1006 730 1185 776 autem
1225 720 1377 790 plaga
1414 718 1574 774 Afros
1623 719 1889 790 aggressi,
1949 719 2114 774 simili

535 815 690 870 clade
727 813 1045 869 affecerunt.
1081 812 1193 883 (89)
1232 810 1434 867 Praater
1468 812 1568 866 hos
1607 827 1799 866 omnes
1827 812 2115 873 barbaros.

538 904 875 975 Trihigildus
906 919 1156 974 quoque,
1191 903 1271 957 vir
1303 903 1525 957 natione
1561 901 1787 974 Scytha,
1825 918 1890 958 ex
1923 904 1988 958 iis
2022 904 2114 975 qui

538 1014 683 1053 nunc
727 996 890 1053 Gothi
926 996 1309 1062 nominantur;
1362 995 1558 1049 horum
1594 994 1737 1050 enim
1790 995 2113 1066 Scytharum

537 1100 723 1159 gentes
752 1099 879 1144 sunt
917 1104 1146 1143 numero
1180 1086 1428 1158 plurimae
1458 1103 1524 1142 ac
1565 1086 1940 1157 discrepantes
1971 1105 1984 1141 :
2027 1087 2116 1142 hic

479 1228 495 1240 .
540 1184 706 1251 igitur
736 1198 862 1236 cum
899 1181 1254 1236 barbarorum
1282 1179 1467 1250 copias
1496 1179 1642 1234 circa
1693 1194 1751 1234 se
1777 1179 2022 1243 haberet,
2052 1188 2107 1234 et

539 1275 773 1331 Nacolia:
803 1276 856 1329 in
884 1273 1117 1344 Phrygia
1156 1271 1439 1335 resideret,
1475 1270 1691 1327 comitis
1722 1271 1987 1342 dignitate
2018 1272 2117 1326 de-

538 1378 759 1422 curatus
778 1407 796 1430 ,
826 1383 893 1420 ex
921 1366 1099 1420 amico
1131 1372 1353 1435 repente
1393 1363 1564 1419 hostis
1598 1363 1970 1418 Romanorum
2000 1362 2116 1419 elli-

537 1460 698 1513 citur.
728 1457 791 1512 Et
816 1459 884 1512 ab
916 1459 1031 1527 ipsa
1062 1473 1291 1512 exorsus
1311 1454 1550 1519 Nacolia,
1576 1455 1843 1525 plurimas
1868 1455 2118 1527 Phrygiae

537 1552 701 1606 urbes
755 1551 1075 1621 occupavit,
1133 1564 1496 1622 magnamque
1548 1549 1828 1605 hominum
1876 1558 2113 1620 stragem

536 1644 683 1700 fecit.
717 1643 919 1703 Contra
957 1643 1103 1697 hunc
1132 1644 1337 1697 missus
1365 1640 1536 1697 Gaina
1566 1641 1825 1712 magister
1860 1642 2114 1704 militum,

2217 442 2366 507 ζικες
2393 442 2487 495 καὶ
2509 441 2843 514 Αύξωριανοὶ
2876 441 3111 511 (μεταξὺ
3132 441 3188 495 δέ
3211 440 3419 512 Λιϐύης
3442 440 3537 494 καὶ
3568 441 3788 510 ’Ἄφρων

2216 526 2361 587 οὗτοι
2392 533 2705 603 νέμονται),
2745 531 2887 586 κατὰ
2923 532 3020 603 μὲν
3048 532 3108 585 τὸ
3151 533 3370 586 ἑωθινὸν
3406 533 3591 585 αὐτῶν
3626 532 3786 605 κλίμα

2216 625 2313 695 τὴν
2352 624 2558 697 Λιϐύην
2595 623 2989 697 ἐξηρήμωσαν,
3025 622 3119 676 καὶ
3148 623 3250 692 τῆς
3288 624 3565 691 Αἰγύπτου
3601 626 3782 697 μοῖραν

2216 716 2316 769 οὐκ
2345 717 2634 787 ἐλαχίστην
2666 716 3049 779 συνδιὼλεσαν,
3084 716 3314 786 Ἀφροις
3357 732 3415 768 τε
3462 716 3782 788 ἐμϐαλόντες

2216 810 2355 863 κατὰ
2381 810 2640 881 δυόμενον
2662 810 2813 881 ἥλιον
2858 809 2922 863 τὰ
2952 808 3309 880 παραπλήσια
3354 808 3608 880 ἔδρασαν,
3658 809 3783 863 Ἀλλ’

2216 901 2309 953 ἐπὶ
2336 901 2543 967 τούτοις
2579 903 2712 955 πᾶσι
2754 901 2850 956 καὶ
2878 901 3250 973 Τριγιὸίλδος,
3284 901 3423 973 ἀνὴρ
3452 901 3667 974 Σκύθης
3700 901 3788 973 μὲν

2215 992 2392 1061 γένος.
2417 993 2524 1047 τῶν
2560 993 2656 1048 νῦν
2684 992 3131 1065 ἐπικαλουμένων
3154 992 3366 1048 Γὸτθων
3388 1010 3402 1027 ’
3432 993 3661 1047 πλεῖστα
3689 994 3791 1066 γὰρ

2217 1088 2312 1141 καὶ⁸
2349 1087 2580 1159 διάφορα
2623 1087 2830 1142 τούτων
2882 1086 3000 1139 ἐστὶ
3048 1085 3273 1139 Σκυθῶν
3314 1087 3484 1158 γένηο
3531 1082 3688 1150 οὗτος
3733 1088 3791 1159 δὴ

2215 1178 2444 1250 δύναμιν
2485 1178 2824 1252 βαρϐαρικὴν
2861 1178 3032 1250 ἔχων,
3087 1177 3309 1249 καὶτῆς
3350 1178 3593 1250 Φρυγίας
3639 1180 3699 1231 ἐν
3730 1183 3791 1248 τῇ

2216 1270 2508 1343 Νακωλείᾳ
2538 1269 2923 1343 καθεζόμενος,
2954 1270 3047 1323 καὶ
3075 1267 3316 1341 κόμητος
3349 1267 3487 1339 ἔχων
3517 1270 3707 1340 τιμὴν,
3736 1271 3795 1323 ἐκ

2219 1361 2401 1432 φιλίας
2434 1364 2515 1427 εἰς
2541 1361 2740 1434 ἔχθραν
2777 1362 3065 1435 Ῥωμαίων
3098 1362 3455 1434 ἀπορραγείς.
3487 1362 3606 1415 Ἀπ’
3630 1362 3796 1432 αὐτῆς

2216 1454 2539 1519 Νακωλείας
2566 1454 2891 1528 ἀρξάμενος,
2927 1453 3187 1519 πλείστας
3214 1472 3275 1508 τε
3309 1454 3495 1519 πόλεις
3520 1455 3623 1524 τῆς
3657 1455 3798 1527 Φρυ-

2216 1545 2340 1615 γίας
2375 1540 2485 1599 εἷλε
2510 1588 2524 1611 ,
2568 1545 2660 1600 καὶ
2700 1545 2868 1599 πολὺν
2922 1545 3082 1615 φόνον
3130 1544 3433 1618 ἀνθρώπων
3485 1546 3792 1618 εἰργάσατο.

2230 1636 2346 1709 Ἐφ’
2375 1637 2435 1693 δν
2467 1638 2665 1702 Γαῖνᾶς
2703 1640 2731 1692 ὁ
2779 1637 3082 1710 στρατηγὸς
3114 1638 3475 1709 ἐκπεμφθεῖςν
3528 1636 3795 1710 βάρθαρθῖ

535 1735 653 1804 ipse
681 1750 898 1805 quoque
935 1733 1157 1789 natione
1201 1732 1490 1799 barbarus,
1535 1732 1821 1787 victoriam
1856 1732 2112 1805 prodidit,

2216 1731 2260 1786 δ’
2288 1700 2382 1785 οὖν
2436 1730 2530 1784 καὶ
2563 1700 2748 1794 αὐτὸς,
2794 1700 3076 1802 προύδωκε
3122 1728 3220 1801 τὴν
3258 1700 3543 1799 viscum—si
3585 1700 3675 1781 ἶσα

535 1843 661 1880 cum
701 1835 755 1880 et
801 1827 915 1896 ipse
971 1826 1122 1896 paria
1176 1826 1440 1883 adversus
1486 1823 1763 1879 Romanos
1812 1825 2116 1880 moliretur.

539 1917 746 1973 Exinde
776 1917 1128 1989 Tribigildus,
1165 1918 1322 1990 quasi
1358 1919 1585 1974 Gainam
1622 1917 1858 1988 fugiens,
1888 1917 1946 1975 in
1974 1916 2119 1973 Pisi-

538 2007 682 2061 diam
717 2022 781 2062 ac
819 2006 1192 2080 Pamphyliam
1233 2009 1468 2075 invasit,
1504 2024 1708 2080 easque
1756 2009 2118 2080 depopulatus

534 2110 648 2161 est;
687 2097 815 2152 dein
844 2098 1010 2154 variis
1049 2099 1295 2154 locorum
1338 2097 1749 2155 difﬁcultatibus
1778 2108 1833 2154 et
1860 2096 2119 2155 lsauricis

538 2189 746 2258 prmliis
792 2189 1043 2257 attritus,
1089 2194 1309 2249 tandem
1363 2191 1417 2246 in
1472 2189 1881 2261 Hellespontum
1921 2190 2113 2248 evasit.

538 2279 693 2336 Unde
722 2297 849 2337 cum
882 2280 936 2337 iu
971 2283 1262 2338 Thraciam
1292 2282 1621 2353 traiecisset,
1657 2297 1765 2337 non
1796 2283 1969 2340 multo
1994 2291 2118 2355 post

534 2373 840 2429 exstinctus
868 2382 972 2430 est.
1001 2373 1071 2428 At
1094 2373 1267 2430 Gaina
1291 2384 1414 2444 post
1444 2375 1804 2444 proditionem
1836 2389 1963 2433 cum
1994 2392 2115 2432 ma-

537 2465 694 2535 gistri
724 2466 958 2521 militum
987 2467 1250 2537 dignitate
1278 2482 1535 2524 reversus
1558 2467 2116 2543 Constantinopolim,

533 2570 655 2610 eam
681 2570 951 2626 occupare
972 2565 1204 2612 conatus
1237 2565 1342 2612 est.
1387 2554 1585 2612 Verum
1619 2558 1858 2615 cmlestis
1890 2559 2115 2630 quidam

533 2646 846 2714 exercitus,
882 2656 1212 2716 conspectus
1239 2648 1308 2703 ah
1357 2648 1425 2704 iis
1460 2650 1555 2720 qui
1610 2666 1723 2705 rem
1773 2652 2116 2709 exsecutioni
2158 2638 2199 2699 3-7

534 2740 795 2795 mandare
857 2741 1100 2811 aggressi
1157 2751 1336 2807 erant,
1399 2758 1524 2798 cum
1573 2758 1669 2799 eos
1713 2747 2113 2816 perterruisset.

534 2832 727 2888 urbem
794 2833 1013 2903 quidem
1068 2835 1486 2905 expugnationis
1541 2837 1778 2906 periculo
1826 2838 2114 2909 liberavit;

535 2925 658 2981 illos
691 2941 821 2981 vero
859 2926 1250 2996 deprehensos,
1284 2927 1564 2984 hominum
1592 2929 1844 2987 vindicta:
1867 2933 2111 2989 tradidit.

2218 1824 2381 1889 αὐτὸς
2434 1822 2729 1896 Ῥωμαίοις
2778 1821 2973 1894 δρᾶσαι
3026 1820 3426 1893 διανοούμενος.
3480 1820 3720 1875 Ἐκεῖθεν
3767 1822 3796 1873 ὁ

2219 1916 2579 1989 Τριγιὸἰλδος,
2609 1915 2685 1980 ὡς
2723 1915 2881 1988 δῆθεν
2913 1914 3004 1969 τὸν
3032 1915 3230 1969 Γαῖνᾶν
3271 1912 3573 1984 διαφυγὼν,
3606 1913 3705 1985 τήν
3737 1930 3794 1965 τε

2219 2008 2464 2063 Πισιδίαν
2503 2010 2597 2063 καὶ
2632 2009 2733 2081 τὴν
2774 2006 3103 2080 Παμφυλίαν
3150 2004 3319 2061 ἐπιὼν
3353 2008 3792 2079 κατελυμήνατοο

2218 2095 2338 2154 εἶτα
2368 2098 2586 2164 πολλαῖς
2613 2100 2708 2153 καὶ
2742 2098 2905 2162 αὐτὸς
2940 2098 3205 2171 πρότερον
3232 2098 3564 2170 δυσχωρίαις
3608 2116 3667 2151 τε
3702 2099 3798 2153 καὶ

2231 2193 2560 2264 Ἰσαυρικαῖς
2591 2190 2792 2262 μάχαις
2826 2188 3247 2263 περιθραυσθεὶς
3277 2188 3377 2260 τὴν
3407 2190 3564 2261 ἰσχὺν
3590 2187 3684 2244 ἐπὶ
3709 2190 3799 2243 τὸν

2229 2284 2621 2358 Ἑλλήσποντον
2667 2282 3025 2349 διασώζεται·
3057 2283 3154 2338 καὶ
3199 2283 3527 2357 περαιωθεὶς
3560 2283 3652 2338 ἐπὶ
3699 2283 3802 2355 τὴν

2216 2378 2438 2450 Θρᾴκην
2465 2377 2525 2430 ού
2559 2375 2700 2448 μετὰ
2727 2375 2863 2429 πολὺ
2905 2374 3304 2449 διαφθείρεται.
3348 2376 3544 2441 Γαῖνᾶς
3572 2377 3626 2431 δέ
3660 2377 3805 2448 μετὰ

2216 2470 2314 2542 τὴν
2348 2468 2660 2544 προδοσίαν,
2695 2470 2753 2523 ἐν
2804 2467 2883 2541 τῷ
2916 2468 3011 2523 τοῦ
3058 2468 3366 2541 στρατηγοῦ
3394 2469 3632 2541 σχήματι
3665 2471 3804 2541 πρὸς

2214 2562 2314 2636 τὴν
2346 2559 2912 2616 Κωνσταντινούπολιν
2949 2559 3280 2626 ἐπανελθὼν,
3318 2562 3399 2626 εἰς
3432 2560 3663 2633 μελέτην
3694 2558 3802 2635 ἧκε

2215 2654 2418 2729 ταύτην
2450 2653 2931 2727 παραστήσασθαι.
2966 2652 3205 2726 Οὐρανία
3226 2652 3283 2706 δέ
3312 2670 3397 2717 τις
3433 2652 3655 2717 ἔνοπλος
3681 2654 3806 2707 ἐπι-

2218 2749 2451 2823 φανεῖσα
2473 2746 2722 2819 δύναμις,
2763 2746 2859 2801 κιιλ⁵
2888 2745 3013 2810 τοὺς
3042 2744 3319 2799 ἐπιϐαλεῖν
3361 2745 3707 2817 ὁρμηθέντας
3729 2751 3801 2816 τῇ

2219 2838 2417 2912 πράξει
2439 2837 2842 2911 δειματώσασα,
2859 2838 2959 2909 τὴν
2988 2837 3088 2909 μὲν
3104 2836 3259 2891 πόλιν
3278 2837 3379 2909 τῆς
3399 2835 3651 2902 ἁλώσεως
3672 2838 3807 2908 ῥύε-

2216 2948 2329 2999 ται,
2354 2932 2595 2995 ἐκείνους
2614 2931 2671 2985 δὲ
2701 2929 3055 3003 φωραθέντας
3075 2931 3195 2994 ταῖς
3226 2928 3597 3001 ἀνθρωπίναις
3620 2929 3806 2993 δίκαις

533 3014 728 3086 lugens
758 3017 941 3087 itaque
985 3033 1174 3073 eorum
1226 3018 1402 3075 caedes
1441 3028 1747 3089 perpetrata
1797 3031 1902 3077 est.
1941 3023 2112 3080 Gaina

2220 3021 2489 3086 ἐκδίδωσι,
2507 3020 2602 3074 καὶ
2632 3020 2793 3091 φόνος
2815 3019 2994 3074 αὐτῶν
3017 3019 3190 3092 ἐρρύη
3219 3019 3407 3084 πολύς.
3438 3020 3495 3073 Ὀ
3520 3020 3575 3074 δὲ
3599 3020 3808 3085 Γαῖνᾶς

534 3125 664 3164 vero
720 3120 870 3165 tanto
923 3120 1066 3166 metu
1120 3112 1404 3180 perculsus
1445 3112 1571 3180 fuit,
1621 3123 1681 3167 ut
1731 3116 1914 3169 statim
1958 3126 2112 3171 nocte

2216 3116 2297 3178 είς
2336 3111 2592 3167 τοσοῦτον
2627 3113 2866 3184 κατέστη
2897 3113 3072 3178 δέους,
3122 3113 3199 3176 ὼς
3242 3113 3441 3167 αὐτίκα
3474 3114 3668 3177 νυκτὸς
3701 3117 3810 3168 ἐπα

536 3204 974 3269 superveniente.
1016 3218 1140 3257 cum
1177 3203 1243 3257 iis
1282 3219 1421 3273 quos
1464 3204 1719 3274 colligere
1750 3206 1948 3276 potuit,
1986 3222 2115 3278 por-

533 3304 717 3345 tarum
775 3294 1032 3348 ευειοιίυε
1087 3293 1136 3345 vi
1201 3293 1342 3348 facta
1392 3310 1792 3364 perrumpens,
1856 3312 1924 3353 ex
1980 3299 2113 3354 urbe

536 3399 794 3453 egressus
830 3384 921 3438 sit.
947 3383 1219 3448 Quoniam
1249 3400 1377 3440 vero
1397 3385 1628 3442 Thracia
1660 3389 1872 3458 penitus
1902 3399 2111 3446 vastata

530 3483 674 3538 erat,
706 3490 771 3529 ac
809 3490 984 3544 neque
1031 3476 1465 3531 necessariorum
1514 3477 1810 3549 quidquam
1848 3481 2110 3551 praebere,

533 3580 712 3635 neque
748 3566 911 3619 aliam
943 3565 1401 3633 depraedatiouem
1438 3568 1711 3625 sustinere
1733 3570 1846 3641 jam
1876 3580 2109 3642 poterat,

530 3657 707 3713 Gaina
759 3657 813 3713 in
870 3658 1275 3715 Chersonesum
1332 3661 1580 3732 trajecit,
1629 3664 1839 3721 ratibus
1874 3664 1999 3721 inde
2053 3666 2108 3721 in

537 3751 716 3805 Asiam
778 3751 1137 3808 transfretare
1189 3754 1454 3825 cogitans.
1516 3754 1673 3823 Quod
1718 3760 1936 3827 quidem
1988 3760 2109 3831 ejus

530 3843 820 3899 consilium
873 3859 999 3900 cum
1059 3846 1354 3915 imperator
1401 3848 1718 3915 didicisset,
1765 3852 1969 3908 missus
2026 3863 2112 3910 est

529 3945 723 3991 contra
775 3937 928 3992 illum
990 3937 1207 3995 Fravita
1273 3941 1534 4012 magister
1587 3942 1831 4010 militiae,
1897 3944 2109 4002 Gothus

527 4028 753 4097 quidem
780 4029 1023 4096 natione,
1048 4031 1140 4086 sed
1174 4031 1435 4104 religione
1468 4048 1733 4103 paganus.
1760 4034 1901 4092 [idus
1926 4047 2105 4092 autem

532 4117 814 4186 Romanis,
845 4130 899 4176 et
948 4121 1028 4176 rei
1077 4123 1330 4178 militaris
1371 4124 1758 4195 peritissimus,
1784 4124 1883 4189 llic
1921 4126 2105 4198 igitur,

528 4214 660 4268 dum
715 4213 887 4270 Gaina
936 4217 1236 4272 exercitum
1276 4231 1437 4272 suum
1484 4218 1539 4272 in
1589 4218 1896 4289 oppositam
1929 4218 2110 4274 conti-

530 4313 750 4360 uentem
799 4305 1010 4361 ratibus
1051 4307 1344 4377 trajiceret,
1379 4309 1607 4364 navibus
1650 4310 1873 4365 armatis
1920 4309 1974 4364 iu
2012 4323 2108 4363 eas

2214 3206 2464 3280 ἐχούσης,
2495 3205 2615 3279 μεθ’
2642 3207 2783 3261 ὅσων
2810 3204 3042 3277 ἠδύνατο
3071 3206 3198 3271 τοὺς
3215 3206 3308 3261 ἐπὶ
3327 3205 3436 3259 τῶν
3469 3206 3651 3259 πυλῶν
3676 3207 3808 3277 βια-

2216 3302 2469 3372 σάμενος,
2506 3299 2784 3367 ἐξελαύνει
2830 3300 2931 3372 τῆς
2966 3298 3195 3364 πόλεως.
3245 3300 3397 3353 Ἐπεὶ
3431 3298 3486 3352 δὲ
3521 3300 3554 3371 ἡ
3605 3299 3809 3373 Θρᾴκη

2209 3391 2558 3465 ἐξηρήμωτο,
2589 3393 2682 3446 καὶ
2709 3390 2833 3446 οὔτε
2866 3393 3128 3463 παρέχειν
3155 3410 3208 3445 τι
3238 3391 3348 3444 τῶν
3380 3391 3704 3460 ἐπιτηδείων
3730 3387 3811 3463 ἦν

2211 3485 2433 3557 δυνατὴ,
2460 3485 2584 3539 οὔτε
2614 3485 2820 3558 φθορὰν
2849 3485 3017 3556 ἄλλην
3042 3487 3305 3555 ἐνεγκεῖν,
3331 3485 3424 3538 ἐπὶ
3448 3484 3812 3556 Χερρόνησον

2211 3578 2240 3631 ὁ
2272 3576 2470 3640 Γαῖνᾶς
2515 3576 2821 3640 στέλλεται,
2858 3577 3098 3648 σχεδίαις
3134 3575 3513 3648 διανοούμενος
3561 3576 3653 3628 ἐπὶ
3702 3577 3814 3647 τὴν

2224 3669 2409 3723 Ἀσίαν
2447 3668 2923 3741 διαπεραιοῦσθαι.
2954 3668 3394 3739 Διαγνωσθείσης
3432 3668 3488 3722 δὲ
3523 3668 3601 3740 τῷ
3644 3669 3815 3740 βασι-

2210 3759 2293 3813 λεῖ
2320 3760 2417 3831 τῆς
2447 3760 2612 3814 αὑτοῦ
2642 3760 2901 3827 διανοίας,
2927 3760 3205 3832 πέμπεται
3230 3760 3533 3832 στρατηγὸς
3554 3762 3680 3814 κατ’
3704 3763 3818 3816 αὐ·-

2210 3850 2305 3905 τοῦ
2330 3852 2626 3924 Φραυῖτας,
2674 3852 2869 3917 Γότθος
2901 3851 3000 3924 μὲν
3039 3852 3100 3905 τὸ
3126 3852 3304 3921 γένος,
3351 3851 3552 3924 Ἕλλην
3591 3852 3647 3906 δέ
3697 3855 3814 3926 τὴν

2210 3943 2387 4010 δόξαν,
2420 3945 2611 4010 πιστὸς
2636 3945 2681 3998 δ’
2702 3942 2795 3999 οὖν
2835 3946 3145 4018 Ῥωμαίοις,
3177 3945 3271 3999 καὶ
3302 3945 3371 4000 τὰ
3394 3945 3628 4016 πολέμια
3655 3948 3814 4017 κρά-

2211 4052 2413 4100 τιστος.
2439 4030 2628 4103 Οὗτος,
2664 4038 2721 4090 ἐν
2749 4031 2795 4106 ᾧ
2820 4037 3019 4102 Γαῖνᾶς
3054 4038 3378 4115 προέπεμπε
3401 4039 3492 4092 τὸν
3527 4039 3621 4092 ὑπ’
3647 4039 3813 4111 αὐτῷ

2211 4125 2442 4196 στρατὸν
2477 4129 2599 4191 ταῖς
2644 4126 2882 4197 σχεδίαις
2927 4127 3396 4201 διαπεραιοῧσθαι,
3427 4128 3585 4201 νηΐτῃ
3622 4129 3809 4200 στόλῳ

2212 4216 2584 4276 συμπλέκεται
2606 4218 2852 4283 ταύταις,
2879 4220 2976 4275 καὶ
2997 4222 3059 4274 ἐκ
3088 4219 3181 4275 τοῦ
3210 4221 3409 4293 ῥᾴστου
3433 4221 3645 4284 πάντας
3666 4222 3809 4286 τοὺς

2211 4308 2587 4379 συμπλέοντας
2608 4314 2728 4375 ταῖς
2762 4313 3000 4384 σχεδίαις
3028 4312 3355 4385 διαφθείρει.
3396 4312 3485 4378 Ἐξ
3511 4303 3573 4366 οὗ
3594 4313 3812 4377 Γαῖνᾶς

530 4396 801 4463 invectus,
828 4397 933 4452 levi
976 4400 1193 4470 negotio
1230 4410 1460 4457 cunctos
1486 4404 1583 4473 qui
1626 4404 1735 4459 illis
1769 4405 2106 4460 vehebantur

2214 4401 2275 4455 τὰ
2304 4401 2427 4455 καθ’
2462 4404 2654 4457 ἑαυτὸν
2706 4405 2999 4474 ἀπογνοὺς,
3034 4408 3115 4469 είς
3159 4404 3229 4459 τὰ
3256 4406 3353 4477 τῆς
3395 4405 3619 4478 Θρᾴκης
3650 4408 3811 4459 ἀνω-

528 4490 783 4547 confeeit.
827 4489 1007 4557 Quare
1050 4491 1222 4547 Gaina
1269 4494 1472 4548 nullam
1504 4496 1607 4551 sibi
1656 4513 1808 4567 spem
1856 4498 2100 4553 relictam

527 4586 742 4652 videns,
802 4584 858 4639 in
896 4587 1180 4655 superiora
1227 4584 1478 4643 Thraciae
1530 4589 1648 4646 loca
1705 4590 1935 4662 aufugit.
1995 4588 2105 4646 Nec

530 4678 706 4733 multo
737 4686 861 4748 post
906 4676 1085 4732 llunui
1112 4678 1331 4749 quidam
1368 4680 1571 4749 impetu
1608 4681 1753 4737 facto
1781 4698 1905 4737 eum
1931 4683 2103 4737 inter-

529 4769 806 4830 fecerunt.
831 4779 1102 4841 caputque
1129 4769 1249 4840 ejus
1303 4773 1416 4828 sale
1453 4774 1732 4828 conditum
1787 4773 2104 4829 Constanti-

529 4862 770 4930 nopolim
828 4863 1095 4932 perlatum
1153 4873 1256 4918 est.
1315 4863 1517 4920 Prmter
1575 4865 1675 4920 has
1725 4865 2096 4933 calamitates,

528 4954 840 5009 lsaurorum
873 4972 1003 5025 gens
1033 4956 1211 5011 varias
1242 4958 1422 5012 clades
1450 4958 1634 5014 intulit
1661 4958 1937 5015 Romanis.
1961 4960 2098 5016 Nam

532 5046 598 5101 ad
635 5047 766 5102 solis
799 5049 1019 5119 quidem
1075 5058 1254 5105 ortum
1295 5049 1541 5106 Ciliciam
1591 5064 2002 5122 percursaruul,
2045 5064 2099 5109 et

531 5139 819 5196 ﬁnitimam
858 5140 1095 5215 Syriam,
1120 5157 1229 5198 non
1263 5159 1384 5199 eam
1419 5142 1597 5200 solum
1633 5159 1755 5214 qua:
1788 5142 1939 5201 Coele
1966 5146 2101 5202 dici-

2205 4493 2350 4566 τέρω
2378 4494 2600 4562 φεύγει,
2630 4496 2725 4548 καί
2756 4513 2901 4560 τινες
2929 4496 3039 4549 τῶν
3069 4495 3285 4550 Οὖννων
3312 4496 3374 4549 ού
3417 4495 3612 4549 πολλοῦ
3635 4497 3811 4570 διαρ-

2207 4585 2427 4655 ρυέντος
2465 4586 2659 4657 χρόνου
2698 4588 3018 4653 ἐπελθόντες
3058 4589 3221 4643 αὐτὸν
3265 4589 3580 4659 ἀναιροῦσιο
3625 4592 3726 4644 καὶ
3761 4594 3805 4663 ἡ

2206 4678 2419 4750 κεφαλὴ
2447 4679 2832 4752 ταριχευθεῖσα
2861 4682 2942 4744 εἰς
2990 4680 3562 4736 Κωνσταντινούπολιν
3594 4683 3764 4753 ἐκομί
3783 4712 3807 4723 ο

2208 4773 2328 4845 σθη.
2350 4772 2534 4843 Χωρὶς
2551 4773 2608 4827 δὲ
2635 4772 2744 4826 τῶν
2769 4772 3073 4844 εἰρημένων
3096 4772 3282 4827 κακῶν
3306 4773 3399 4827 καὶ
3428 4773 3489 4825 τὸ
3526 4773 3671 4827 ’ίσαύ
3679 4792 3805 4846 ρων

2205 4865 2360 4935 γένος
2411 4864 2787 4929 παντοδαποὺς
2840 4866 3142 4937 ἐπήνεγκεν
3186 4866 3463 4937 ὀλέθρους.
3505 4867 3652 4936 Πρὸς
3691 4867 3805 4938 μὲν

2206 4960 2316 5032 γὰρ
2344 4960 2496 5031 ἥλιον
2528 4960 2816 5030 ἀνίσχοντα
2859 4964 2956 5030 τήν
3000 4978 3059 5013 τε
3103 4959 3357 5015 Κιλικίαν
3410 4961 3791 5031 κατέδραμον,

2206 5056 2301 5108 καὶ
2330 5052 2430 5121 τὴν
2481 5054 2678 5124 ὅμορον
2709 5053 2946 5124 Συρίαν,
2989 5054 3050 5106 ού
3090 5052 3188 5123 τὴν
3218 5053 3404 5125 κοίλην
3436 5054 3613 5124 μόνον,
3648 5053 3799 5106 ἀλλὰ

2206 5147 2301 5200 καὶ
2321 5146 2418 5218 τὴν
2447 5145 2612 5217 ἄλλην
2636 5144 2797 5218 μέχρι
2827 5143 3051 5215 Περσῶν
3073 5144 3254 5199 αὐτῶν
3282 5145 3620 5217 ἀφικομένην
3646 5146 3798 5215 (90).

1744 5339 1823 5383 VA
1831 5339 1986 5384 LESII
2013 5302 2509 5387 ANNOTATIONES.

604 5485 718 5558 (89)
760 5485 886 5558 qu.
920 5488 1015 5542 lih.
1043 5504 1162 5558 vin.
1192 5504 1310 5557 cap.
1343 5488 1396 5542 Ιι.

2200 5497 2315 5543 tum
2356 5492 2788 5568 cra_t_d:ptxdgs,
2838 5505 3069 5551 accentu
3121 5497 3173 5568 in
3221 5496 3646 5568 autepeuultima
3674 5538 3691 5561 ,
3737 5508 3816 5557 et

609 5554 721 5641 ltiti)
749 5554 1207 5641 μέχρι-Περσῶν
1226 5554 1423 5641 αὐτῶν
1443 5557 1829 5641 ᾀερικομέικνπνιε
1854 5555 1971 5641 Non
1995 5556 2099 5639 du-

2214 5575 2366 5641 s_upra
2405 5554 2919 5641 ulti.tt.iam_litmram_
2955 5567 3248 5641 apponitur
3279 5554 3494 5641 qfqua‘.
3526 5578 3652 5623 nuta
3681 5554 3806 5621 ’ἰιιέ

541 5627 657 5700 bito
676 5626 805 5699 quin
827 5626 1170 5700 scribendum
1196 5630 1285 5691 sit,
1311 5626 1653 5700 ἀφικόμενοι,
1675 5629 1864 5697 supple
1896 5627 2092 5682 Isauri.

548 5695 710 5757 Certe
727 5700 782 5757 in
815 5714 917 5755 ms.
951 5695 1138 5751 codice
1169 5712 1278 5765 quo
1308 5695 1439 5754 ustis
1468 5695 1549 5755 est
1573 5695 1904 5764 Bocliar‘tus,
1931 5700 2099 5775 serip-

2201 5631 2383 5687 dieare
2417 5633 2547 5689 mihi
2586 5635 2794 5691 videtur
2823 5631 3084 5707 syllaba-tn
3106 5654 3206 5692 νοι.
