4054 6198
308 242 410 300 617

1303 247 1860 308 ECCLESIASTICE
1904 254 2252 310 lllSTORI/E
2293 257 2420 312 LIB.
2460 259 2571 318 XII.

3449 273 3555 332 6l8

305 351 600 426 προῦϐαινε
633 355 994 427 πορευόμενος
1029 358 1120 411 ἐπὶ
1147 361 1375 430 δυσμάς.
1425 363 1576 417 Ἐπεὶ
1601 366 1658 418 δὲ
1695 365 1869 436 διεμέ-

1979 368 2150 422 cauda
2187 367 2340 424 Ursa:
2385 372 2544 426 sitam
2598 384 2962 446 transgressa,
3007 381 3264 447 paulatim
3301 383 3367 438 ad
3399 399 3558 441 occa-

299 465 419 520 τρει
443 446 536 501 τόν
568 448 816 517 οὐρανὸν,
855 451 1063 523 ἀφανὴς
1090 448 1188 523 ἦν,
1214 455 1430 519 πλείους
1461 459 1739 528 τεσσάρων
1773 476 1876 529 μη-

304 540 409 595 νῶν
449 540 833 611 ὲξᾳνυσθεέσης
866 544 1013 616 αὑτῷ
1044 547 1142 615 τῆς
1175 548 1416 619 πορείας.
1475 551 1537 602 Ἦ
1565 551 1622 603 δὲ
1663 553 1872 622 κορυφὴ

304 626 396 680 τοῦ
425 626 694 694 φέγγους,
721 628 816 681 νῦν
846 631 945 700 μὲν
981 635 1060 696 εἰς
1101 636 1273 704 μῆκος
1310 637 1450 706 μέγα
1493 637 1746 704 ὠξύνετο,
1799 640 1874 702 ὡς

306 717 571 772 ἐκϐαίνειν
606 720 732 782 τοὺς
773 720 867 773 τοῦ
909 720 1082 776 κώνου
1129 725 1351 793 λόγους·
1401 726 1494 781 νῦν
1535 728 1592 781 δὲ
1640 729 1777 800 πρὸς
1813 729 1873 782 τὸ

308 806 507 858 ἐκείνου
557 807 754 881 μέτρον
790 812 1184 868 συνεστέλλετο.
1223 817 1330 870 Καὶ
1369 817 1504 871 ἄλλα
1543 819 1600 872 δὲ
1641 822 1871 890 παρεῖχε

308 895 571 967 τερατώδη
600 898 868 970 θεάματα,
904 901 971 955 δι’
1005 900 1077 956 ὧν
1104 906 1201 976 τῆς
1231 907 1338 960 τῶν
1369 908 1612 980 συνήθων
1650 911 1869 980 φασμά-

307 1005 402 1039 τιιιν
427 988 782 1056 ἐξηλλάττετο
821 992 1055 1061 φύσεως.
1095 996 1334 1068 Ἠρξατο
1368 998 1426 1052 δὲ
1460 1000 1568 1052 άπὸ
1591 1001 1755 1070 μέσου
1778 1001 1869 1053 θέ-

309 1093 420 1147 ρους
451 1078 638 1147 σχεδόν
671 1097 725 1132 τι
756 1082 915 1153 μέχρι
957 1083 1057 1154 τῆς
1085 1084 1175 1138 τοῦ
1223 1090 1540 1159 μετοπώρου
1585 1088 1864 1159 τελευτῆς.

304 1165 486 1234 Γέγονε
516 1169 573 1221 δὲ
605 1172 712 1241 ἄρα
740 1172 832 1223 καὶ
865 1172 1023 1226 τοῦτο
1055 1179 1278 1246 σημεῖον
1309 1178 1559 1249 πολέμων
1591 1180 1863 1249 μεγάλων,

298 1261 385 1310 καί
424 1259 631 1330 φθορᾶς
676 1262 978 1333 ἀνθρώπων
1023 1267 1082 1318 οὐ
1126 1269 1315 1338 ῥητῆς.
1353 1269 1443 1339 Τῷ
1486 1269 1543 1322 δὲ
1586 1271 1710 1346 ἐξῆς
1756 1272 1865 1326 ἔτει

293 1348 524 1420 ἤρξαντο
552 1353 785 1421 σεισμοὶ,
812 1354 872 1406 οὐ
899 1355 1062 1425 ῥᾴους
1087 1357 1240 1422 ὅντες
1263 1362 1376 1424 τοῖς
1406 1361 1736 1432 προλαϐοῦσι
1764 1383 1866 1418 πα⁴

293 1441 566 1510 ραὸαλεῖν.
594 1443 717 1506 Τοῖς
739 1444 794 1497 δὲ
821 1450 1065 1515 σεισμοῖς
1092 1449 1185 1502 καὶ
1216 1449 1326 1522 πῦρ
1357 1452 1643 1522 οὐρανόθεν
1668 1471 1867 1523 συγκα-

289 1533 754 1603 ταρρηγνύμενον,
788 1537 968 1588 πᾶσαν
994 1537 1182 1590 ἐλπίδα
1215 1541 1483 1611 σωτηρίας
1512 1544 1858 1614 περιέκοπτε·

291 1622 430 1692 πλὴν
471 1642 534 1692 γε
565 1625 770 1696 φθορὰν
809 1627 1114 1697 ἀνθρώπων
1147 1632 1248 1685 οὐκ
1281 1634 1658 1704 ἐνειργάσατο.
1722 1638 1859 1690 Ἀλλ’

289 1713 320 1782 ἡ
353 1713 475 1766 θεία
519 1714 774 1784 εὐμένεια
813 1718 1030 1789 πνεῦμα
1075 1721 1305 1791 σφοδρὸν
1340 1724 1587 1777 καθιεῖσα
1609 1766 1623 1790 ,
1657 1725 1752 1778 καὶ
1801 1725 1862 1778 τὸ
1895 1704 1935 1758 Β

288 1803 398 1874 πῦρ
450 1806 784 1875 πανταχόθεν
825 1810 1216 1879 περιελάσασα,
1257 1814 1399 1868 κατὰ
1440 1817 1537 1886 τῆς
1588 1816 1864 1888 θαλάσσης

286 1895 584 1967 ἀπέρριψε.
610 1899 717 1952 Καὶ
743 1894 810 1969 ἦν
840 1899 966 1952 ἰδεῖν
992 1900 1149 1971 ξένην
1177 1903 1326 1968 θέαν,
1353 1905 1460 1957 τῶν
1486 1907 1742 1977 κυμάτων
1772 1911 1864 1962 ἐπὶ

288 1987 541 2042 πλεῖστον
582 1989 658 2059 (9)
696 1989 884 2062 ὥσπερ
914 1992 1075 2046 τινῶν
1113 1993 1316 2048 λασίων
1364 1998 1577 2068 χωρίων
1614 1999 1691 2070 τῷ
1731 2001 1864 2070 πυρὶ

285 2081 800 2153 καταφλεγομένων,
830 2083 958 2156 ἄχρι
991 2085 1215 2148 τελείως
1249 2086 1309 2141 τὸ
1348 2087 1544 2156 φλέγον
1589 2090 1862 2162 ἐναπέσϐη

286 2171 362 2243 τῷ
394 2173 648 2241 πελάγει.
1533 2188 1535 2190 ’

353 2458 424 2512 θ’.
465 2459 587 2512 Ὀτι
615 2459 757 2513 κατὰ
778 2461 1005 2524 πολλοὺς
1027 2461 1225 2526 τόπους
1248 2464 1356 2519 τῶν
1380 2467 1617 2536 σεισμῶν
1639 2469 1866 2538 γενομέ-

285 2567 412 2615 νων,
437 2548 698 2620 ὥφθησαν
726 2551 919 2622 όροεραὶ
939 2554 1124 2606 οἰκιῶν
1146 2555 1239 2606 ἀπ’
1262 2555 1505 2625 ἀλλήλων
1530 2557 1668 2627 μετὰ
1699 2559 1868 2626 μεγά-

284 2641 390 2695 λων
421 2642 686 2710 πατάγων
711 2642 803 2695 καὶ
825 2644 1127 2715 ἀῤῥαγμῶν
1153 2645 1325 2716 (ιο-ι)
1344 2647 1648 2712 διαστᾶσαι,
1675 2650 1752 2713 ὼς
1772 2651 1867 2704 καὶ

283 2736 407 2798 τοὺς
433 2733 582 2787 ἔνδον
624 2735 1031 2805 παρατυχόντας
1063 2737 1314 2808 καθαρῶς
1339 2740 1404 2808 τῇ
1433 2739 1551 2808 ὄψει
1577 2740 1666 2794 τὸν
1697 2741 1867 2812 οὐρα-

283 2825 370 2878 νὸν
408 2824 756 2880 ὑποϐάλλειν.
798 2826 908 2878 Καὶ
953 2826 1090 2896 μετά
1131 2826 1230 2897 τὴν
1263 2828 1532 2898 τοσαύτην
1566 2830 1867 2900 διάστασιν,

282 2915 426 2968 οὕτω
463 2915 624 2969 πάλιν
659 2916 979 2985 άρμοθεῖσαί
1015 2935 1073 2970 τε
1113 2918 1206 2970 καὶ
1244 2919 1614 2988 συναφθεῖσαι,
1653 2922 1728 2986 ὡς
1763 2942 1870 2995 μη·

1977 474 2096 513 sum
2152 463 2436 530 processit.
2481 463 2772 536 Postquam
2823 484 2951 523 vero
3002 472 3313 528 universum
3357 476 3557 534 malum

1975 567 2259 620 permensa
2300 565 2402 621 est,
2434 558 2650 612 tandem
2697 559 2994 629 disparuit,
3027 581 3151 619 cum
3193 581 3388 624 cursus
3437 573 3559 640 ejus

1975 643 2093 711 plus
2141 661 2303 713 quam
2358 655 2595 716 quatuor
2633 665 2848 706 menses
2895 654 3166 710 durasset.
3211 656 3383 714 Porro
3438 661 3557 731 ejus

1975 743 2197 802 vertex,
2264 754 2415 794 nunc
2476 742 2692 809 quidem
2752 744 2806 797 in
2861 761 3110 814 magnam
3166 749 3555 820 longitudinem

1979 829 2295 893 acuebatur,
2329 832 2462 886 adeo
2494 843 2554 886 ut
2575 834 2696 887 coni
2729 836 2947 890 modum
2980 853 3044 891 ac
3067 854 3374 896 mensuram
3398 857 3560 899 exce-

1971 921 2151 985 deret;
2189 938 2333 977 nunc
2368 939 2494 980 vero
2526 926 2592 979 ad
2630 927 2750 981 coni
2784 944 3095 984 mensuram
3140 931 3369 987 redibat.
3408 937 3557 993 Alias

1970 1020 2228 1078 praeterea
2253 1015 2592 1083 prodigiosas
2631 1020 2841 1086 species
2875 1021 3051 1076 oculis
3083 1021 3338 1091 subjecit,
3370 1041 3492 1094 qua:
3525 1043 3557 1082 a

1969 1101 2272 1169 vulgarium
2317 1105 2599 1174 signorum
2631 1117 2823 1162 natura
2861 1109 3004 1164 illam
3045 1111 3260 1166 dilierre
3304 1115 3558 1171 ostende-

1971 1189 2123 1244 bant.
2165 1191 2343 1261 Cmpit
2376 1205 2557 1249 autem
2593 1211 2623 1249 a
2669 1197 2846 1251 media
2889 1207 3096 1260 aestate,
3135 1209 3189 1254 ct
3231 1201 3300 1255 ad
3348 1203 3555 1258 exitum

1969 1279 2141 1335 ferme
2186 1285 2433 1338 autumni
2477 1289 2858 1353 perseveravit.
2907 1289 3140 1359 Fuitque
3175 1294 3390 1362 signum
3431 1311 3556 1364 gra-
3603 1345 3606 1347 Α

1967 1371 2113 1424 vium
2155 1362 2419 1429 bellorum
2456 1389 2508 1431 et
2547 1380 2893 1436 mortalitatis
2931 1383 3213 1438 hominum
3265 1362 3558 1443 incredibi-

1966 1461 2050 1516 lis.
2083 1464 2388 1533 lnsequenti
2422 1483 2568 1523 anno
2607 1479 2762 1525 terra:
2795 1483 2978 1526 motus
3010 1488 3245 1541 cmpere,
3287 1477 3383 1545 qui
3425 1493 3551 1533 cum

1963 1555 2334 1623 superioribus
2389 1559 2531 1614 haud
2587 1559 2745 1616 facile
2794 1563 3030 1618 conferri
3088 1567 3319 1635 possint.
3377 1567 3553 1626 Simul

1964 1654 2142 1699 autem
2175 1663 2296 1702 cum
2328 1658 2486 1706 terra:
2515 1653 2754 1710 motibus
2796 1655 2934 1726 ignis
2961 1673 3177 1728 quoque
3219 1675 3248 1714 e
3281 1662 3423 1718 cmlo
3458 1665 3554 1720 de-

1967 1736 2198 1803 missus,
2243 1755 2461 1795 omnem
2539 1743 2734 1800 salutis
2781 1761 2930 1816 spem
2976 1751 3288 1818 praeclusit;
3345 1755 3549 1810 nullam

1968 1835 2145 1882 tamen
2175 1830 2490 1887 hominibus
2519 1834 2724 1890 cladem
2761 1837 2964 1892 intulit.
3002 1840 3194 1896 Divina
3222 1843 3365 1898 enim
3394 1845 3552 1901 beni-

1965 1920 2164 1989 gnitas,
2195 1923 2443 1979 immisso
2475 1927 2786 1983 vehementi
2816 1940 2976 1984 vento
3005 1948 3128 1987 cum
3171 1937 3350 2002 ignem
3391 1938 3550 1992 undi-

1966 2027 2073 2082 que
2113 2011 2372 2082 fugasset,
2405 2016 2457 2070 in
2513 2033 2664 2074 mare
2700 2021 2915 2076 tandem
2968 2025 3217 2094 projecit.
3263 2026 3328 2081 Et
3368 2028 3551 2085 videre

1966 2113 2084 2158 erat
2118 2121 2316 2160 novum
2351 2109 2622 2178 quoddam
2675 2117 3067 2181 spectaculum,
3099 2119 3268 2174 maris
3301 2121 3552 2176 videlicet

1967 2195 2167 2251 fluctus
2205 2199 2360 2266 quasi
2409 2201 2582 2255 saltus
2635 2205 2900 2272 quosdam
2947 2223 3012 2262 ac
3057 2209 3242 2272 silvas,
3289 2211 3550 2266 diuturno

1968 2291 2211 2353 tempore
2237 2287 2592 2358 conflagrare,
2624 2293 2797 2349 donec
2835 2294 3058 2351 ﬂamma
3081 2299 3295 2368 penitus
3328 2301 3381 2355 in
3408 2303 3547 2356 mari

1967 2373 2236 2427 exstincta
2264 2385 2428 2431 esset.

2041 2463 2093 2516 9.
2131 2464 2301 2519 Porro
2336 2467 2522 2522 multis
2548 2471 2600 2524 in
2632 2471 2768 2528 locis
2795 2488 2917 2528 cum
2945 2484 3088 2531 terra
3119 2477 3401 2545 movisset,
3431 2479 3550 2534 visa

1971 2561 2097 2608 sunt
2130 2555 2325 2608 aedium
2361 2559 2599 2615 culmina
2634 2577 2832 2631 magno
2864 2579 2986 2618 cum
3023 2565 3237 2636 fragore
3261 2582 3325 2622 ac
3366 2569 3549 2624 sonitu

1969 2645 2253 2715 disrumpi,
2288 2648 2424 2702 adeo
2456 2658 2516 2704 ut
2546 2651 2584 2704 ii
2616 2653 2709 2721 qui
2745 2655 2886 2708 intra
2923 2656 3117 2712 domos
3143 2645 3322 2722 erant,
3347 2659 3550 2716 ccelum

1972 2736 2145 2806 ipsum
2176 2738 2348 2792 oculis
2379 2740 2493 2795 suis
2521 2754 2823 2798 cernerent.
2857 2745 2982 2801 Post
3022 2748 3336 2818 huiusmodi
3369 2761 3550 2806 autem

1971 2829 2330 2884 divulsionem
2363 2830 2435 2884 ita
2475 2847 2668 2888 rursus
2693 2834 2881 2903 juncta
2908 2845 2962 2891 et
2996 2843 3372 2910 compaginata
3399 2855 3550 2910 sunt.

1973 2928 2032 2972 ut
2064 2919 2272 2974 nullum
2311 2921 2433 2991 ejus
2481 2924 2558 2977 rei
2607 2941 2729 2994 qua:
2759 2928 3056 2992 acciderat,
3086 2931 3343 2987 iudicium
3379 2935 3548 2990 relin-

281 3006 480 3076 δεμίοιν
522 3004 776 3075 αἴσθησιν
824 3005 918 3058 τοῦ
960 3007 1405 3077 νεωτερισθέντος
1461 3009 1648 3080 μηδενὶ
1692 3030 1869 3084 παρα-

1974 3023 2253 3078 queretur.
2300 3011 2442 3069 Idem
2487 3031 2704 3086 quoque
2749 3020 3072 3087 pavimentis
3113 3023 3310 3078 mdium
3354 3026 3551 3081 accidit

284 3102 458 3168 σχεῖν.
497 3096 571 3149 Τὸ
604 3097 734 3149 αὐτὸ
766 3097 822 3150 δὲ
856 3097 1011 3150 τοῦτο
1055 3099 1245 3162 πάθος,
1282 3100 1377 3153 καὶ
1411 3101 1539 3170 περὶ
1584 3102 1654 3154 τά
1699 3104 1870 3173 ἐδάφη

283 3188 559 3258 πολλαχοῦ
609 3188 925 3258 συνηνέχθη.
970 3187 1075 3242 Καὶ
1120 3189 1229 3261 γὰρ
1276 3192 1564 3244 σιτοϐόλων
1615 3193 1690 3262 (‘2)
1746 3197 1872 3258 τοὺς

281 3281 533 3336 κάτωθεν
549 3278 830 3343 οἰκοῦντας
851 3280 1176 3346 ἀπέπνιξαν,
1195 3281 1286 3333 τὸν
1313 3284 1457 3335 σῖτον
1474 3285 1657 3346 αὐτοῖς
1677 3283 1871 3355 ἁθρόον

279 3374 639 3444 ἐπιχεάμενοι
667 3372 754 3426 διὰ
774 3373 881 3425 τῶν
907 3373 1090 3426 πάλων
1116 3373 1190 3444 (5)
1212 3391 1224 3403 ·
1253 3374 1346 3427 καὶ
1373 3374 1532 3428 πάλιν
1557 3375 1700 3429 οὕτω
1728 3394 1868 3448 παρ-

282 3465 449 3535 έσχον
487 3464 542 3516 τὸ
569 3464 762 3532 ἔδαφος
794 3463 1157 3535 ἡρμοσμένον,
1188 3464 1263 3527 ὼς
1291 3465 1577 3534 ὲξαπορεῖν
1622 3467 1868 3532 ἅπαντας

281 3557 454 3610 πόθεν
484 3559 512 3610 ὁ
537 3557 728 3625 φονεὺς
749 3557 998 3628 ἀπερρύη
1022 3559 1166 3620 σῖτος
1191 3557 1287 3628 (Δ).
1321 3558 1432 3610 Καὶ
1462 3558 1596 3612 ἄλλα
1620 3559 1676 3611 δὲ
1697 3577 1868 3613 τοιου-

279 3648 529 3720 τότροπα
567 3648 712 3718 πάθη
747 3647 1044 3718 τηνικαῦτα
1087 3647 1440 3719 ὲνεωχμὼθη,
1470 3650 1757 3703 δεικνύντα
1794 3653 1867 3722 μὴ

280 3741 493 3809 φυσικῇ
550 3756 655 3792 τινι
707 3739 877 3792 ταῦτα
920 3739 1200 3810 προελθεῖν
1233 3740 1542 3811 ἀκολουθίᾳ.
1574 3741 1650 3804 ὡς
1683 3742 1871 3812 Ἐλλή-

280 3847 387 3882 νων
419 3830 612 3892 παῖδες
643 3830 919 3900 ληροῦσιν,
949 3830 1084 3885 ἀλλὰ
1114 3830 1264 3894 θείας
1294 3831 1724 3902 ἀγανακτήσεως
1769 3833 1874 3903 μά-

283 3938 485 3991 στιγας
517 3915 881 3991 ἐπαφεθῆναι.

1971 3103 2200 3158 diversis
2234 3104 2289 3158 in
2333 3105 2489 3160 locis.
2523 3104 2658 3161 Nam
2709 3119 2763 3164 et
2808 3110 3003 3166 horrea
3039 3128 3135 3168 eos
3164 3116 3254 3184 qui
3287 3118 3386 3170 sub
3415 3120 3550 3187 ipsis

1972 3192 2294 3249 habitabant
2337 3209 2748 3268 oppresserunt,
2800 3200 3059 3258 frumenti
3111 3221 3365 3262 acervum
3417 3209 3552 3279 ipsis

1972 3288 2417 3356 superfundentia
2439 3306 2535 3360 per
2560 3292 2774 3347 subitos
2805 3293 2988 3350 hiatus
3013 3314 3026 3350 :
3059 3312 3124 3352 ac
3149 3314 3345 3354 rursus
3372 3302 3552 3356 solum
3579 3357 3589 3367 ,

1980 3377 2053 3431 ita
2079 3379 2305 3442 coaluit,
2341 3390 2400 3435 ut
2432 3382 2615 3437 cuncti
2644 3384 2980 3454 ambigerem
3008 3389 3275 3443 undenam
3308 3389 3554 3447 frumen-

1976 3479 2089 3522 tum
2116 3469 2248 3524 illud
2271 3472 2466 3526 lethale
2485 3473 2819 3530 deduxisset.
2840 3476 2942 3530 Alii
2962 3486 3219 3546 praeterea
3240 3481 3554 3550 hujusmodi

1974 3573 2138 3614 casus
2168 3562 2291 3616 novi
2332 3573 2495 3633 atque
2541 3557 2739 3620 insueti
2788 3582 2852 3621 eo
2897 3579 3140 3637 tempore
3189 3573 3551 3643 contigerunt,

1974 3650 2066 3718 qui
2099 3651 2318 3718 quidem
2350 3652 2794 3710 manifestissime
2839 3660 3220 3725 ostendebant,
3250 3677 3358 3716 non
3394 3676 3554 3719 natu-

1976 3740 2074 3794 rali
2097 3741 2259 3794 modo
2280 3752 2444 3811 atque
2471 3744 2659 3799 ordine
2686 3746 2786 3800 ista
2811 3748 3046 3814 evenire,
3085 3759 3144 3804 ut
3167 3752 3392 3817 gentiles
3412 3754 3552 3810 falso

1971 3831 2300 3900 opinantur;
2330 3833 2426 3887 sed
2461 3833 2658 3890 divina:
2687 3836 3073 3906 indignationis
3101 3840 3306 3910 ﬂagella
3357 3845 3410 3896 in
3445 3845 3546 3897 lto--

1973 3926 2147 3980 mines
2171 3927 2417 3983 immissa
2447 3943 2586 3984 esse.

1523 4037 1765 4082 VALESII
1793 4039 2265 4087 ANNOTATIONES
2275 4075 2289 4090 .

354 4147 435 4215 (9)
499 4146 632 4199 Ἐπὶ
680 4147 986 4201 πλεῖστον.
1023 4146 1138 4200 Non
1172 4147 1339 4215 probo
1373 4147 1872 4216 interpretationem

281 4214 484 4286 Langi,
511 4217 605 4284 Qui
637 4225 806 4270 totum
851 4219 996 4272 hunc
1036 4214 1212 4271 locum
1250 4220 1322 4272 ita
1352 4214 1561 4272 vertit:
1599 4220 1663 4273 Et
1702 4221 1876 4275 videre

280 4292 397 4338 erat
429 4287 784 4352 spectaculum
814 4304 1018 4351 novum,
1054 4289 1245 4357 ﬂuctus
1275 4290 1414 4355 ipsos
1451 4290 1664 4355 perinde
1695 4307 1756 4343 ac
1790 4309 1873 4344 re-

1983 4153 2117 4207 Male
2153 4154 2313 4222 igitur
2335 4171 2387 4208 in
2417 4153 2720 4222 Nicephoro
2753 4172 3014 4210 excusum
3043 4166 3124 4210 est
3155 4158 3245 4210 καί
3267 4175 3410 4222 τινες
3443 4161 3553 4216 τῶν

1986 4171 2117 4207 male
2153 4171 2313 4222 Igitur
2335 4171 2387 4208 ιιι
2417 4171 2544 4209 mcc
2589 4171 2720 4209 noro
2753 4172 3014 4210 excusum
3043 4171 3124 4210 est
3155 4171 3245 4210 και
3267 4175 3410 4222 τινες
3443 4171 3553 4216 των

1986 4223 2272 4276 σιτοδόλων
2294 4239 2393 4292 pro
2419 4171 2800 4280 «rogaldwwv.
2837 4227 3035 4280 Auctor
3072 4226 3207 4280 Vita!
3233 4228 3299 4281 Β.
3317 4229 3554 4284 Athana-

1981 4295 2048 4346 sii
2075 4293 2364 4377 δημοσίου-ς
2397 4294 2767 4377 6L1050latlai.
2783 4307 2940 4377 vocat
2966 4297 3176 4377 publica
3208 4299 3421 4377 horrea.
3442 4299 3555 4377 pii-

281 4357 470 4424 giones
503 4359 1026 4431 quasdam_marinas
1069 4360 1355 4431 plurimum
1390 4359 1500 4431 ἰριιί
1533 4361 1734 4431 ardere.
1766 4359 1872 4415 ϐο·
1903 4364 1947 4418 D
1979 4372 2066 4415 tur
2111 4357 2272 4418 eiiam
2327 4365 2427 4418 hac
2473 4380 2604 4419 voce
2657 4364 2930 4420 Palladius
2967 4357 3026 4420 in
3057 4365 3342 4431 Lausiaca,
3368 4369 3458 4423 ubi
3487 4371 3554 4424 de

283 4425 579 4498 thofredt_ts
611 4441 738 4498 vero
772 4425 1266 4496 interpretationem
1309 4425 1476 4497 Laugi
1533 4429 1599 4480 ita
1639 4430 1875 4498 interpo-

282 4495 470 4566 ltht:
503 4493 571 4546 Et
605 4494 776 4548 videre
805 4493 928 4549 erat
963 4498 1158 4549 mirum
1199 4493 1578 4565 spectaculum.
1618 4493 1874 4566 procellas

283 4575 340 4617 ut
378 4564 675 4632 plurimum
722 4569 857 4618 velut
905 4567 1135 4640 regiones
1181 4564 1438 4640 quasdam
1483 4564 1720 4640 mari—nas
1767 4570 1875 4640 igni

283 4636 558 4704 ardentes.
583 4636 741 4698 Atqui
771 4637 862 4686 ἐπὶ
885 4636 1130 4688 πλεῖστον
1161 4638 1428 4704 signiﬁcat
1457 4639 1710 4690 diuturno
1739 4636 1874 4694 tein-

281 4719 436 4772 pore,
465 4703 546 4774 vel
582 4715 745 4766 certe,
781 4721 871 4772 per
909 4703 1272 4774 longissimum
1312 4707 1564 4774 spatium.
1591 4709 1694 4760 Aut
1730 4712 1872 4764 enim

283 4771 619 4826 Subauditur
657 4771 865 4842 χρόνον,
914 4771 1017 4827 aut
1049 4776 1230 4829 τόπον.
1278 4771 1542 4829 Praeterea
1586 4780 1743 4830 verba
1787 4781 1872 4835 illa

283 4845 483 4915 ὥσπερ
508 4843 706 4896 λασίων
746 4845 979 4915 χωρίων,
1026 4860 1130 4898 nou
1153 4854 1284 4900 sunt
1328 4847 1574 4913 regiones
1629 4849 1873 4914 marium,

281 4923 346 4964 ut
378 4911 603 4982 Langus
630 4911 1011 4982 interpretatus
1051 4925 1167 4980 est;
1212 4916 1307 4970 sed
1339 4911 1517 4980 potius
1555 4915 1672 4970 loca
1719 4911 1875 4974 frutié

279 4995 444 5043 cosa,
483 4995 538 5034 ut
566 4981 878 5038 llolsteiiius
907 4986 970 5036 ad
1001 4984 1141 5038 latus
1171 4985 1253 5038 sui
1281 4985 1481 5039 codicis
1510 4986 1802 5039 adnotavit.

362 5052 542 5125 (ωτι)
579 5052 688 5106 Kal
706 5051 1040 5122 ἀρῤαγμών.
1061 5053 1149 5106 Sic
1175 5055 1334 5125 etiam
1353 5069 1614 5108 excusum
1633 5065 1715 5109 est
1733 5057 1873 5125 apud

282 5116 657 5192 {Nicephorum
695 5139 708 5173 :
739 5116 916 5192 magis
950 5136 1129 5176 tamen
1163 5124 1335 5191 placet
1367 5124 1634 5192 scriptura
1669 5116 1873 5181 codicis

282 5187 974 5263 Bocliartiani,Aapaﬁtt‘bv,
1003 5207 1096 5263 p_er
1121 5187 1349 5263 simplex
1384 5210 1432 5263 ρ.

347 5259 447 5380 ἐὲζ
462 5260 597 5340 ,Καὶ
623 5259 742 5339 Tag
767 5259 1116 5315 σιτοϐολῶν.
1160 5259 1348 5316 Scribe
1375 5259 1492 5342 ineo
1524 5261 1772 5345 perieith
1797 5281 1874 5317 σι-

385 5345 417 5379 ο
440 5345 616 5380 .ωνες.
669 5332 718 5380 td
769 5341 871 5380 est.
922 5331 1127 5380 horrea.
1165 5329 1485 5380 Hesvclnus:
1519 5332 1874 5380 Σιτοϐολωνεε

281 5329 646 5402 τοὸολιῖινεςη
669 5330 718 5382 id
769 5341 872 5392 est,
922 5329 1485 5402 lwrgea._Hesychius:
1518 5329 1874 5402 Σιτοᾷολῶνες

281 5396 439 5467 όρια..
491 5395 588 5452 Ubi
623 5399 747 5464 ὅρια
785 5415 889 5454 vox
921 5409 1005 5454 est
1036 5397 1227 5453 Latina
1258 5395 1464 5452 Iiorrea.
1514 5395 1872 5466 Σιτοϐολῶνες

283 5465 567 5540 legumine
593 5470 754 5522 etiam
795 5469 936 5540 apud
989 5467 1314 5540 Suidamin
1350 5465 1868 5540 vncehzttoﬁolimg.

284 5533 396 5589 Ι]ῧί
441 5533 636 5608 Surdas
670 5533 1143 5608 notat'utrumque
1189 5539 1317 5603 dici,
1350 5537 1618 5591 σιτοὸόλια
1663 5533 1872 5596 scilicet

285 5613 341 5658 et
381 5605 744 5670 σιτοεολῶνας
793 5610 858 5662 de
904 5605 1113 5662 horreis
1157 5623 1250 5662 seu
1286 5608 1581 5670 apothecis.
1625 5609 1782 5664 Certe
1817 5613 1868 5664 in

288 5673 510 5730 Glossis
529 5675 1150 5748 Grzeeo-Latinislegitur
1165 5693 1177 5728 :
1191 5673 1510 5743 Σιτοόόλιον,
1536 5681 1864 5747 granarium.

625 5769 892 5828 Ριιτιιοι..
942 5767 1060 5828 GR.
1108 5768 1298 5829 LXV.

1979 4431 2295 4487 Severiano.
2330 4432 2396 4486 Et
2433 4433 2611 4498 Philo,
2644 4435 2696 4488 in
2736 4435 2872 4489 libro
2909 4452 2938 4488 v
2979 4436 3425 4495 Meo/tunicarum.
3457 4441 3549 4494 ubi

1977 4503 2133 4555 docet
2165 4505 2440 4570 quomodo
2468 4506 2817 4559 construendi
2842 4506 2949 4559 sint
2977 4507 3345 4571 σιτοϐολῶνες,
3371 4508 3413 4560 si
3439 4525 3554 4562 ma-

1979 4574 2127 4626 teria:
2152 4573 2307 4640 copia
2335 4572 2493 4628 desit.

2053 4641 2130 4710 (5)
2168 4641 2272 4711 Arg
2294 4641 2414 4695 τῶν
2437 4642 2665 4698 πάλων.
2709 4643 2764 4697 lu
2790 4642 3093 4710 Nicephoro
3124 4645 3322 4711 legitur
3342 4645 3428 4698 διὰ
3444 4646 3552 4700 τῶν

1979 4709 2184 4783 πάτων.
2221 4709 2322 4783 Ubi
2365 4711 2582 4781 Langus
2617 4709 3001 4782 interpretatur
3033 4730 3126 4782 per
3165 4709 3330 4767 rimas
3364 4725 3548 4783 paten-

1979 4789 2075 4850 tes.
2111 4779 2278 4850 Langi
2316 4779 2811 4850 interpretationem
2858 4779 3074 4837 secutus
3119 4792 3202 4838 est
3254 4779 3373 4837 suo'
3399 4799 3552 4836 more

1977 4849 2362 4905 Gothofredus.
2398 4849 2510 4920 Ego
2541 4869 2666 4906 vero
2693 4853 2943 4920 pabulata
2979 4853 3161 4906 malim
3189 4862 3426 4914 vertere,
3451 4855 3554 4907 πά-

1974 4936 2066 4990 τος
2097 4921 2243 4990 enim
2289 4921 2644 4988 pavimentum
2695 4923 2978 4990 signiﬁcat,
3015 4933 3074 4976 ut
3116 4925 3310 4976 docent
3346 4922 3553 4977 Glossae

1976 4988 2422 5044 Graeco-Latinum.
2451 4992 2616 5043 Πάτοι
2649 4988 2810 5059 igitur
2844 4992 2945 5045 hoc
2986 4992 3104 5046 loco
3136 4999 3261 5046 sunt
3291 4991 3550 5054 tabulata,

1975 5074 2096 5126 quae
2146 5074 2244 5112 nos
2287 5060 2564 5128 plancaria
2592 5060 2809 5130 Gallice
2855 5063 3232 5130 appellamus:
3264 5076 3385 5130 qua:
3425 5076 3550 5115 cum

1977 5136 2135 5210 terrae
2163 5138 2310 5210 motu
2337 5130 2547 5210 divulsa
2583 5129 2939 5210 fuissent,per
2965 5145 3027 5185 ea
3052 5129 3381 5210 frumentum
3397 5130 3552 5210 quod

1975 5207 2094 5268 erat
2115 5199 2166 5249 in
2201 5198 2430 5268 horreis,
2452 5198 2906 5268 eﬂ‘undebaturin
2930 5212 3026 5252 eos
3053 5199 3143 5268 qui
3173 5199 3366 5252 subtus
3395 5198 3551 5253 habi-

1977 5267 2182 5336 tabant.
2219 5266 2374 5321 Certe
2416 5269 2559 5336 quod
2611 5267 3008 5335 Pliilostorgius
3054 5266 3156 5321 lioc
3200 5270 3319 5322 loco
3365 5268 3552 5321 πάλων

1976 5335 2297 5421 δειιιπάτων
2326 5335 2482 5421 digit,
2513 5338 2693 5416 statim
2717 5339 2956 5421 appellat
2984 5336 3194 5421 ἔδαφος.
3322 5407 3352 5421 υ
3452 5407 3484 5421 η

2047 5405 2136 5486 (4).
2175 5406 2454 5486 ’ᾼπερῤύη
2487 5405 2672 5486 ᾳῖτρς.
2717 5405 2770 5486 In
2795 5405 3422 5486 finanuscriptmcodice
3452 5407 3554 5462 Sa-

1976 5475 2168 5548 muelis
2197 5475 2447 5528 ltocharti
2498 5475 2692 5548 legitur
2721 5474 3136 5548 anepptixst,_et
3160 5477 3226 5530 ad
3251 5476 3552 5548 marginem

1977 5491 2168 5528 mueus
2197 5491 2447 5528 Isocuartt
2498 5491 2543 5527 te
2587 5491 2692 5528 itur
2721 5491 3046 5544 απερρυκει,
3083 5491 3136 5530 et
3160 5491 3226 5530 ad
3251 5492 3552 5548 marginem

1977 5544 2090 5598 hanc
2121 5551 2301 5597 notata
2329 5553 2455 5598 sunt
2488 5561 2502 5599 :
2534 5491 2598 5596 Ιεξι
2631 5555 2988 5612 manuscripto
3015 5545 3351 5600 obliteratum
3386 5557 3461 5601 est
3492 5547 3553 5600 τὸ

1974 5628 2077 5666 κει.

3157 5770 3234 5830 20
