4010 6210
518 245 623 300 0W

1930 232 2405 293 PHILOSTORGH
3634 251 3717 309 σεο

592 360 678 415 ιο.
701 357 845 414 Unde
865 360 1064 428 factum
1088 358 1225 427 quod
1260 367 1399 411 terra
1425 353 1947 421 moveatur.——ldem
1960 350 2091 405 Phi-

2272 360 2322 407 ι’,
2385 354 2505 406 Ὅτι
2577 353 2850 425 διαφόροις
2904 352 3291 424 ἐπιχειρήμασι
3347 361 3721 426 κατασκευάζειν

522 452 814 522 loslorgius
842 449 1008 505 variis
1040 450 1379 521 argumentis
1402 446 1692 503 ostendere
1724 453 1972 509 conatur,
1989 452 2095 497 ter-

523 563 596 602 rte
629 554 807 599 motus
833 558 1011 613 neque
1039 558 1107 597 ex
1142 543 1498 597 inundatione
1532 555 1796 610 aquarum
1831 538 1968 602 ﬁeri,
2002 552 2090 592 ne-

521 653 624 708 que
653 645 936 690 ventorum
968 635 1020 689 vi
1052 635 1193 689 intra
1224 634 1379 689 sinus
1423 644 1580 689 teme
1608 633 1964 691 inclusorum.
1996 644 2097 683 nec

518 744 709 783 rursus
756 742 822 782 ex
872 727 1054 797 aliqua
1098 736 1257 781 terra:
1312 725 1684 788 inclinatione,
1716 722 1809 778 sed
1854 721 1969 775 sola
2005 719 2096 774 Dei

519 819 792 874 voluntate
824 819 1072 873 accidere
1103 818 1168 871 ad
1199 815 1612 871 conversionem
1665 822 1718 867 et
1762 808 2097 866 emendatio-

517 924 640 963 nem
678 918 1046 977 peccatorum.
1085 906 1283 975 Aitque
1327 904 1428 959 ista
1458 919 1515 959 se
1546 910 1859 957 constanter
1883 913 2097 954 asseve-

518 1016 659 1065 rare,
697 1009 978 1069 propterea
1026 997 1171 1067 quod
1211 1005 1464 1050 neutrum
1499 1009 1568 1050 ex
1616 992 1943 1062 supradictis
1986 991 2096 1045 ele-

516 1093 717 1147 mentis
746 1089 1012 1160 ejusmodi
1056 1104 1217 1143 casus
1250 1088 1301 1142 vi
1334 1086 1570 1141 naturali
1610 1084 1867 1154 perﬁcere
1896 1091 2091 1152 potest.

517 1183 673 1250 Quod
706 1182 750 1237 si
787 1180 929 1235 Deus
962 1180 1033 1233 ita
1063 1178 1316 1242 voluerit,
1350 1176 1435 1230 vel
1470 1175 1695 1230 minima
1719 1178 1871 1243 gutta
1902 1187 1932 1226 e
1956 1171 2095 1226 εωΙο

516 1273 758 1343 delapsa,
787 1270 869 1325 vel
900 1269 991 1324 nix
1022 1268 1293 1323 levissima
1318 1263 1604 1335 Olympum
1633 1258 1978 1321 Macedoniae,
2002 1265 2097 1312 aut

517 1365 683 1419 alium
722 1361 1028 1432 quempiam
1075 1374 1141 1413 ex
1180 1356 1463 1412 altissimis
1510 1352 1806 1409 montibus.
1838 1349 2097 1403 facillime

520 1472 733 1513 movere
762 1455 933 1526 possit
966 1473 978 1508 :
1007 1452 1223 1524 quando
1255 1450 1474 1522 quidem
1501 1447 1765 1509 videmus,
1794 1444 1961 1499 Deum
1992 1456 2096 1496 ste-

517 1564 816 1621 penumero
856 1548 941 1602 his
991 1546 1158 1600 rebus
1192 1560 1351 1599 usum
1386 1556 1507 1597 esse
1539 1539 1606 1594 ad
1660 1534 2095 1593 emendationem

517 1643 733 1716 generis
764 1640 1006 1695 humani.
1036 1637 1172 1691 Nam
1222 1644 1277 1691 et
1307 1634 1553 1692 Rubrum
1591 1646 1743 1686 mare
1784 1643 1907 1684 cum
1938 1625 2097 1682 facile

2200 445 2477 519 πειρᾶται,
2516 444 2643 506 τοὺς
2692 443 2949 514 σεισμοὺς
2998 443 3133 514 μήτε
3170 442 3256 496 διά
3284 444 3591 519 πλημμύραν
3618 452 3722 505 ﬁdi-

2198 552 2306 589 των
2338 534 2712 600 συνίστασθαι,
2742 535 2879 607 μήτε
2913 534 3238 604 πνευμάτων
3265 535 3724 608 ὲναπολαμδανομέ.

2199 644 2305 680 νων
2340 629 2453 691 τοῖς
2476 622 2698 690 κόλποις
2729 626 2829 697 τῆς
2852 629 2983 697 γῆς’
3013 625 3147 679 ἀλλὰ
3178 625 3305 696 μηδὲ
3332 627 3428 697 γῆς
3450 645 3582 692 τινος
3604 632 3720 696 ὅλως

2199 719 2560 791 παρεγκλίσει
2588 736 2602 751 ’
2633 721 2770 791 μόνῃ
2798 720 2855 773 δὲ
2875 723 2941 791 τῇ
2977 719 3096 792 θείᾳ
3123 718 3332 790 γνώμῃ,
3359 720 3486 789 πρὸς
3512 722 3730 794 ἐπιστρο-

2201 812 2306 883 φὴν
2342 813 2435 865 καὶ
2467 812 2753 884 διόρθωσιν
2803 812 2910 866 τῶν
2956 812 3429 883 ἁμαρτανομένων.
3464 809 3559 865 Καὶ
3584 815 3733 868 ταῦτά

2200 921 2364 974 φησιν
2388 904 2793 976 ίσχυριζὸμενον
2822 904 3020 974 λέγειν,
3048 904 3181 957 διότι
3211 903 3279 957 τὰ
3307 903 3583 975 τηλικαῦτα
3609 908 3732 974 πάθη

2201 995 2275 1066 μὴ
2304 993 2523 1047 δύναται
2550 994 2847 1065 μηδέτερον
2874 995 2982 1046 τῶν
3012 992 3316 1064 εἰρημένων
3338 993 3592 1062 στοιχείων
3613 995 3733 1047 κατὰ

2198 1084 2435 1156 φυσικὴν
2472 1085 2755 1138 ἀποτελεῖν
2786 1084 3033 1155 δύναμιν.
3053 1082 3206 1136 Ἐπεὶ
3235 1082 3369 1135 Θεοῦ
3400 1100 3458 1150 γε
3489 1082 3735 1154 βουληθένε

2196 1191 2307 1238 τος,
2344 1174 2437 1228 καὶ
2460 1172 2634 1243 ψεκὰς
2671 1174 2701 1244 ἡ
2731 1171 3071 1243 σμικροτάτη
3105 1169 3477 1241 προσπεσοῦσα
3496 1171 3582 1223 καὶ
3601 1175 3734 1238 νιφὰς

2197 1267 2228 1335 ἡ
2259 1265 2591 1336 κουφοτάτῃ,
2620 1263 2712 1317 τὸν
2733 1262 3012 1333 Ὄλυμπον
3040 1262 3140 1331 τῆς
3165 1260 3514 1323 Μακεδονίας,
3541 1260 3571 1329 η
3595 1277 3639 1312 τι

2196 1357 2256 1410 λο
2300 1356 2410 1411 τῶν
2470 1356 2741 1428 μεγίστων
2789 1353 2928 1426 ὀρῶν
2974 1356 3244 1426 κινήσειεν
3288 1353 3350 1407 ἂν
3395 1352 3593 1425 ῥαδίως.
3610 1353 3735 1406 Ἐπεὶ

2196 1448 2291 1500 καὶ
2329 1448 2577 1516 φαίνεται
2610 1446 2869 1510 πολλάκις
2895 1446 2955 1499 τὸ
2987 1445 3140 1499 Θεῖον
3172 1444 3264 1497 ἐπὶ
3295 1445 3501 1516 παιδεία
3533 1442 3629 1494 τῶν
3662 1445 3735 1497 ἁν-

2199 1539 2455 1613 θρώπων,
2499 1539 2709 1603 τούτοις
2763 1538 3065 1609 χρώμενον.
3098 1538 3209 1608 Τήν
3261 1554 3318 1590 τε
3374 1536 3475 1609 γὰρ
3509 1536 3733 1608 Ἐρυθρὰν

2199 1631 2494 1695 θάλασσαν,
2549 1632 2679 1702 ῥᾷον
2722 1629 2785 1684 ὃν
2830 1629 3026 1701 ἀθρόον
3066 1629 3384 1700 διαστῆσαι,
3434 1628 3561 1699 νότῳ
3605 1628 3735 1698 βιαίῳ

517 1707 703 1804 posset
730 1733 909 1789 subito
934 1730 1265 1794 discindere,
1295 1734 1489 1781 austro
1516 1724 1757 1778 violento
1785 1720 1937 1791 prius
1963 1716 2091 1772 illud

2201 1721 2462 1791 πρότερον
2497 1719 2850 1790 μαστιγώσας
2897 1718 2989 1770 καὶ
3039 1716 3362 1779 συνωθίσας,
3401 1716 3533 1770 οῦτω
3556 1717 3733 1784 διέστη-

519 1826 810 1881 verberans
838 1832 998 1894 atque
1029 1820 1335 1891 impellens,
1365 1819 1439 1873 ita
1471 1817 1689 1872 demum
1718 1810 1904 1868 divisit
1937 1824 1951 1860 :
1989 1823 2095 1863 non

521 1916 665 1987 quod
707 1916 813 1970 ulla
862 1911 1174 1983 hujusmodi
1224 1911 1397 1965 virtus
1434 1909 1489 1963 in
1521 1914 1710 1962 austro
1754 1902 1918 1958 insita
1963 1899 2096 1955 sita

520 2018 711 2063 natura
743 2024 756 2060 :
789 2006 882 2061 sed
915 2004 1061 2074 quod
1095 2002 1280 2057 divina
1329 2001 1413 2055 vis
1462 1999 1531 2054 ad
1576 1996 1909 2052 voluntatem
1939 2006 2095 2047 suam

518 2093 919 2163 exsequendam
943 2106 1008 2145 eo
1041 2105 1136 2145 usa
1171 2088 1351 2144 fuerit.
1376 2087 1479 2143 Sed
1510 2094 1565 2142 et
1592 2089 1737 2156 virga
1765 2081 2095 2154 percutiens.

520 2185 696 2243 fontes
716 2197 980 2253 aquarum
1016 2179 1202 2236 elicuit
1232 2193 1299 2233 ex
1334 2186 1504 2247 petra.
1531 2170 1867 2229 EtJordanis
1896 2167 2095 2223 ﬂuenta

517 2280 721 2344 lepram
759 2282 1025 2329 sanarunt
1050 2291 1063 2326 :
1091 2287 1200 2327 non
1227 2268 1374 2341 quod
1401 2282 1590 2323 eorum
1614 2271 1809 2318 natura
1838 2261 1940 2314 ista
1969 2272 2097 2327 ope-

519 2369 624 2422 rari
651 2366 846 2430 valeat,
887 2365 980 2419 sed
1019 2365 1147 2433 quia
1187 2361 1413 2416 Creator
1446 2355 1688 2427 singulas
1717 2360 1998 2407 creaturas
2027 2349 2094 2403 ad

517 2477 639 2517 cum
665 2475 823 2530 quem
854 2457 1082 2512 voluerit
1114 2469 1273 2510 usum
1303 2447 1724 2512 transmutaudi,
1765 2445 1980 2516 plenam
2011 2452 2093 2496 at-

516 2568 620 2622 que
649 2549 1019 2604 omnimoﬂam
1053 2547 1248 2601 habeat
1277 2551 1621 2615 potestatem.

492 2677 513 2696 ρ
588 2643 676 2696 Η.
709 2642 976 2695 Luciauus
996 2636 1455 2707 Constantinopoli
1476 2650 1621 2689 novre
1640 2641 1793 2688 sectw
1815 2639 2098 2686 auctor.—

515 2734 645 2790 Post
689 2743 916 2789 mortem
965 2729 1216 2793 Eudoxii,
1246 2729 1340 2799 qui
1389 2724 1860 2795 Constantinopoli
1909 2720 2093 2776 Euno-

515 2825 820 2879 mianorum
865 2833 1026 2879 sectae
1063 2821 1384 2891 praefuerat,
1427 2818 1703 2873 Luciauus
1754 2815 1961 2871 sororis
1994 2812 2097 2866 Eu-

514 2919 682 2973 nontii
710 2917 853 2971 filius
884 2916 938 2969 iu
969 2914 1088 2985 eius
1114 2914 1293 2969 locum
1333 2911 1703 2968 substituitur.
1743 2909 1898 2964 Hunc
1929 2919 2094 2977 porro

512 3014 684 3076 aiunt,
702 3026 837 3067 cum
886 3009 939 3064 in
983 3008 1264 3062 avaritiam
1294 3014 1348 3061 et
1377 3015 1605 3076 cognata
1635 3003 1765 3058 vitia
1808 3001 2093 3071 prolapsus
2120 3036 2165 3097 C

512 3111 675 3169 esset,
705 3116 1031 3173 pmnamque
1064 3099 1134 3154 ob
1154 3098 1207 3153 id
1239 3107 1521 3161 metueret,
1554 3112 1583 3150 a
1613 3095 1944 3165 reliquorum
1970 3092 2092 3161 qni-

511 3196 634 3249 dem
672 3193 1140 3247 Eunomianorum
1169 3200 1316 3244 secta
1350 3203 1471 3243 sese
1504 3186 1822 3255 abrupisse;
1863 3184 2091 3253 propriae

512 3297 640 3337 vero
668 3280 919 3335 factionis
948 3279 1248 3349 principem
1280 3278 1574 3341 exstitisse,
1609 3290 1710 3330 nec
1737 3283 2091 3330 contemnen-

475 3376 594 3429 ἰΙειι
634 3370 969 3426 multitudini
1015 3368 1317 3439 praefuisse,
1364 3382 1489 3422 cum
1530 3366 1759 3436 improbi
1802 3381 1992 3421 omnes
2035 3373 2090 3421 et

510 3465 743 3521 diversis
778 3463 922 3518 vitiis
948 3462 1204 3532 implicati
1234 3461 1303 3516 ad
1336 3476 1461 3516 eum
1486 3459 1894 3515 confluxissent.

583 3558 671 3611 12.
686 3555 989 3610 Constantii
1012 3554 1158 3608 breve
1189 3552 1561 3623 imperium(5)
1599 3579 1667 3591 --
1691 3550 1967 3607 Honorius
1987 3552 2088 3605 im-

510 3656 727 3719 perator
760 3646 1140 3701 Constantium
1187 3645 1505 3715 magistrum
1542 3642 1773 3696 militum
1810 3642 1882 3695 ob
1917 3641 2089 3695 amni-

509 3743 639 3796 tatis
671 3741 929 3795 honorem
977 3738 1043 3792 ad
1095 3738 1430 3792 consortium
1472 3735 1683 3805 imperii
1721 3735 1932 3798 ascivit,
1963 3749 2085 3789 cum

508 3832 744 3887 Placidia
774 3828 1214 3884 Valentinianum
1255 3828 1305 3882 ei
1356 3827 1523 3881 ﬁlium
1570 3827 1681 3897 jam
1738 3826 2080 3896 peperisset:

508 3925 593 3978 cui
624 3912 841 3997 quidem
884 3919 1264 3974 Valentiniano
1301 3916 1574 3973 Honorius
1620 3916 1951 3972 nobilissimi
2003 3914 2087 3969 di-

507 4014 766 4084 gnitatem
800 4011 1006 4065 tribuit.
1041 4006 1343 4063 Constantii
1372 4007 1535 4077 igitur
1565 4005 1851 4075 imagines,
1884 4013 1943 4059 ut
1968 4019 2087 4058 mo-

508 4105 583 4158 ris
627 4112 747 4156 erat
792 4116 983 4155 eorum
1032 4099 1125 4170 qui
1176 4113 1366 4153 recens
1418 4097 1484 4152 ad
1537 4096 1823 4166 imperium
1852 4095 2083 4166 promoti

506 4202 681 4257 erant,
723 4191 903 4245 missa:
952 4198 1081 4245 sunt
1125 4190 1178 4244 in
1223 4187 1520 4244 Orientem.
1561 4186 1665 4243 Sed
1717 4186 2080 4249 Theodosius,

506 4300 630 4340 cum
664 4282 1122 4351 nuncupationem
1155 4293 1439 4351 augustam
1471 4278 1779 4335 Constantii
1812 4271 2085 4348 improba-

2201 1830 2313 1873 σεν,
2335 1816 2403 1884 τῇ
2431 1812 2526 1865 τοῦ
2548 1813 2705 1865 νότου
2731 1810 2891 1880 φύσει
2923 1809 3194 1881 μηδεμιᾶς
3216 1809 3495 1880 δυνάμεως
3520 1808 3734 1877 τοιαύτης

2198 1903 2689 1975 ἐγκαθιδρυμένης,
2723 1902 2858 1957 ἀλλὰ
2891 1903 2991 1973 τῆς
3034 1902 3241 1957 ἄνωθεν
3284 1902 3454 1974 ῥοπῆς
3484 1900 3735 1972 ὑπερφυῶς

2198 1994 2348 2067 αὐτῷ
2375 1995 2729 2067 χρησαμένης
2751 1992 2887 2064 πρὸς
2912 1993 2974 2046 τὺ
2999 1994 3195 2046 οἰκεῖον
3226 1991 3490 2064 βούλημα.
3530 1990 3624 2046 Καὶ
3664 1991 3737 2063 ράο

2197 2085 2319 2151 ὁδος
2359 2086 2417 2141 δὲ
2450 2085 2632 2158 πηγὰς
2665 2088 2729 2139 ὲκ
2758 2085 2961 2157 πέτρας
2989 2085 3246 2157 ναμάτων
3296 2085 3588 2155 πλήττουσα
3630 2100 3736 2153 πρυ-

2196 2177 2339 2249 χέει·
2393 2179 2487 2231 καὶ
2532 2177 2795 2249 Ἰορδάνου
2840 2177 3032 2249 ῥεῖθρα
3080 2176 3405 2250 καθαίρουσι
3447 2175 3653 2248 λέπραν,
3686 2174 3738 2226 ου

2195 2270 2294 2340 τῆς
2321 2269 2537 2340 φύσεως
2563 2268 2742 2324 αὐτῶν
2773 2269 2947 2324 ταῦτα
2983 2269 3115 2341 δρᾷν
3141 2268 3558 2341 ἐνδυναμούσης,
3593 2266 3672 2320 τοῦ
3694 2267 3740 2318 δὲ

2198 2362 2440 2417 πλάστου
2473 2362 2870 2435 μεταπλάττειν
2900 2362 3128 2415 ἕκαστον
3154 2361 3265 2414 τῶν
3290 2357 3742 2432 δημιουργημάτων

2196 2456 2333 2528 πρὸς
2362 2454 2428 2525 ἣν
2456 2454 2522 2508 ἂν
2549 2454 2723 2508 ἐθέλοι
2751 2454 2962 2528 χρείαν,
2989 2453 3187 2525 πολλὴν
3215 2454 3313 2505 καὶ
3339 2450 3600 2505 ἀκώλυτον
3624 2450 3743 2518 ἕχον-

2195 2565 2287 2612 τος
2308 2548 2409 2618 τὴν
2434 2546 2703 2612 ἐξουσίαν.

2272 2643 2363 2692 ια’.
2407 2638 2529 2691 Ὅτι
2581 2637 2719 2708 μετά
2764 2635 2991 2690 θάνατον
3046 2634 3304 2702 Εῦδοξίου
3335 2635 3431 2706 (a),
3464 2632 3521 2697 δς
3563 2631 3652 2702 τῆς
3696 2630 3745 2679 ἐν

2196 2727 2764 2783 Κωνσταντινουπόλει
2818 2726 3159 2797 Εὑνομιανῆς
3259 2729 3573 2799 συναγωγῆς
3657 2722 3743 2773 ὐπ-

2194 2822 2331 2891 ῆρχε
2343 2818 3207 2896 (ὁ),Λουκιανὸςάντικαθίσταται,
3255 2819 3384 2881 παῖς
3426 2816 3500 2871 ὣν
3539 2811 3746 2881 ἀδελφῆς

2195 2908 2484 2982 Εὑνομίου.
2513 2909 2715 2963 Τοῦτον
2757 2910 2821 2980 δή
2863 2927 3028 2979 φασιν
3069 2912 3149 2973 είς
3191 2908 3557 2982 φιλαργυρίαν
3580 2924 3635 2959 τε
3664 2904 3745 2958 καὶ

2194 3000 2261 3053 τὰ
2288 3000 2524 3071 συγγενῆ
2556 2999 3020 3073 κατολισθήσαντα
3048 3001 3217 3071 πάθη,
3252 3003 3348 3057 καὶ
3378 3001 3475 3073 τὴν
3500 2998 3580 3053 ἐπ’
3600 2996 3749 3067 αὐτῆς

2195 3091 2545 3163 ὑφορώμενον
2579 3093 2756 3165 δίκην.
2797 3094 3089 3166 ἀποσχίσαι
3126 3093 3226 3164 μὲν
3261 3094 3363 3165 τῆς
3404 3092 3562 3166 ἄλλης
3602 3090 3745 3143 Εὐνο-

2196 3186 2405 3255 μιανῶν
2436 3186 2659 3257 μοίρας·
2700 3187 2836 3251 ίδίας
2862 3187 2919 3241 δὲ
2955 3187 3269 3259 συμμορίας
3308 3186 3544 3259 ἀρχηγὸν
3582 3181 3748 3238 ἑαυτὸν

2191 3275 2485 3343 ἀναδεῖξαι,
2509 3277 2604 3330 καὶ
2635 3278 3016 3349 συντάγματος
3042 3278 3142 3332 οῦκ
3172 3278 3641 3348 εὐκαταφρονήτου
3664 3272 3747 3342 ἄρ-

2191 3367 2308 3434 ξαι’
2348 3368 2569 3422 πάντων
2589 3368 2697 3421 τῶν
2728 3371 3041 3440 έπιρρήτων
3069 3386 3128 3421 τε
3158 3368 3254 3422 καὶ
3286 3367 3550 3430 ποικίλοις
3576 3362 3747 3418 nelias:

2190 3458 2656 3529 καθωπλισμένων
2684 3459 2819 3530 πρὸς
2842 3460 3006 3514 αὐτὸν
3035 3462 3492 3534 ἀπερρυηκότων.

2270 3552 2359 3607 ιϐ’.
2405 3553 2526 3605 ’Ότι
2575 3550 2828 3623 Ὀνὼριος
2870 3556 2899 3606 ὁ
2948 3553 3199 3622 βασιλεὺς
3252 3554 3627 3609 Κωνστάντιον
3674 3547 3753 3600 τὸν

2190 3642 2491 3715 στρατήγὸν
2516 3643 2658 3697 κατά
2688 3644 2852 3714 τιμὴν
2885 3644 2979 3697 τοῦ
3027 3646 3224 3716 κήδους
3268 3648 3351 3710 είς
3392 3646 3453 3699 τὸ
3489 3644 3587 3713 τῆς
3617 3641 3752 3711 βαϐι-

2188 3736 2337 3800 λείας
2389 3734 2870 3806 προσλαμϐάνεται
2939 3737 3257 3808 σκῆπτρον·
3312 3737 3416 3808 ἠδη
3467 3734 3560 3790 καὶ
3611 3730 3756 3785 παῖδα

2188 3826 2635 3882 Οὐαλεντινιανὸν
2672 3827 2771 3898 τῆς
2803 3826 3098 3890 Πλακιδίας
3151 3826 3305 3897 αὐτῷ
3351 3825 3692 3896 γειναμένης*

2188 3920 2283 3973 καὶ
2334 3919 2435 3989 τὴν
2495 3918 2589 3972 τοῦ
2644 3917 3075 3987 ἐπιφανεστάτου
3137 3917 3410 3988 περιῆψεν
3460 3917 3489 3969 ό
3528 3911 3756 3982 Ὀνώριος

2190 4009 2365 4076 ἀξίαν.
2397 4010 2463 4061 Δί
2514 4008 2571 4061 δὲ
2619 4008 2712 4061 τοῦ
2761 4006 3144 4062 Κωνσταντίου
3174 4008 3408 4071 εἰκόνες,
3440 4007 3517 4068 ὡς
3559 4004 3671 4065 ἔθος
3698 3996 3756 4069 ἦν

2184 4103 2297 4164 τοῖς
2326 4100 2450 4172 ἄρτι
2491 4098 2852 4171 παρελθοῦσιν
2899 4100 2978 4161 εἰς
3028 4098 3305 4168 βασιλείαν
3336 4097 3616 4170 πράττειν,
3642 4094 3754 4147 ἀνα-

2187 4193 2493 4264 πέμπονται
2523 4192 2658 4263 πρὸς
2694 4192 2795 4263 τὴν
2826 4190 2987 4261 ἑῴαν.
3034 4190 3173 4244 Ἀλλ’
3198 4191 3228 4244 ὃ
3254 4208 3321 4260 γε
3365 4190 3639 4250 Θεοδόσιος
3671 4184 3755 4237 οὐκ

2184 4284 2547 4359 ἀρεσκόμενος
2570 4286 2634 4355 τῇ
2660 4285 2978 4356 ἀναρρήσει,
3013 4284 3074 4336 οὐ
3113 4284 3373 4353 προσίετο
3411 4281 3629 4343 ταύτας.
3661 4273 3754 4329 Καὶ

508 4385 607 4440 ret,
644 4373 907 4443 imagines
951 4372 1068 4441 ejus
1117 4388 1221 4425 non
1268 4372 1506 4426 admisit.
1542 4371 1789 4440 Cumque
1815 4369 2081 4426 Constan-

2193 4376 2249 4449 δὴ
2278 4374 2641 4445 Κωνσταντίῳ
2671 4372 3215 4446 παρασκευαζομένῳ
3247 4373 3341 4428 διὰ
3369 4373 3473 4444 τὴν
3502 4372 3651 4444 ὓϐριν
3676 4365 3756 4419 ἐπὶ

508 4469 615 4522 tius
640 4465 710 4521 ob
746 4466 885 4519 hanc
907 4464 1289 4518 contumeliam
1322 4479 1443 4519 sese
1490 4463 1558 4518 ad
1608 4463 1810 4518 bellum
1843 4473 2079 4533 pararet,

505 4570 655 4611 mors
687 4554 1091 4625 superveniens,
1123 4556 1229 4608 vita
1261 4554 1423 4609 simul
1469 4563 1520 4608 et
1561 4554 1709 4607 curis
1733 4568 1858 4607 eum
1886 4553 2083 4607 libera-

505 4647 601 4711 vit,
632 4660 755 4701 cum
786 4645 1109 4715 imperasset
1137 4645 1415 4699 mensibus
1454 4659 1569 4698 sex.

577 4738 660 4792 15.
708 4736 930 4790 llonorii
987 4736 1183 4789 obitus.
1237 4733 1468 4787 Joannes
1531 4746 1805 4803 tyrannus.
1836 4733 2081 4786 Ardeba-

501 4843 636 4883 rms.
680 4827 853 4896 Aspar
881 4826 980 4896 (6).
1004 4855 1074 4866 ——
1094 4825 1389 4879 Consulatu
1421 4826 1763 4895 imperatoris
1787 4823 2079 4879 Theodosii

500 4920 712 4978 decimo
764 4927 818 4974 et
860 4916 1085 4972 flonorii
1139 4914 1551 4982 tertiodecimo,
1615 4915 1755 4969 idem
1811 4912 2079 4969 Honorius

2187 4469 2445 4538 πόλεμον,
2478 4466 2573 4521 καὶ
2601 4466 2699 4536 τῆς
2733 4465 2880 4535 ζωῆς
2903 4466 2997 4519 καὶ
3028 4464 3137 4518 τῶν
3164 4464 3473 4536 φροντίδων
3502 4459 3713 4519 ἐπιστὰς
3730 4458 3756 4507 6

2186 4559 2413 4621 θάνατος
2453 4556 2552 4629 τὴν
2601 4555 2920 4627 ἀπαλλαγὴν
2968 4555 3219 4626 παρέχει,
3253 4554 3634 4625 βασιλεύσαντι
3666 4551 3756 4619 μῆ·

2187 4666 2281 4710 νας
2307 4645 2386 4710 ἓξ.
3661 4692 3671 4700 ,

2259 4667 2281 4710 ς
2309 4666 2386 4711 ες·
3661 4692 3671 4700 .

2259 4743 2345 4804 ιγ’.
2395 4737 2515 4790 Ὅτι
2560 4738 2618 4788 ὲν
2667 4735 2905 4807 ὑπατείᾳ
2949 4734 3043 4789 τοῦ
3096 4733 3365 4805 βασιλέως
3402 4730 3676 4787 Θεοδοσίου
3706 4726 3758 4777 τὸ

2183 4826 2431 4889 δέκατον,
2445 4826 2539 4879 καὶ
2563 4823 2821 4896 Ὀνωρίου
2851 4824 2914 4878 τὸ
2933 4822 3592 4896 τρισκαιδέκατον,αὐτὸς
3613 4813 3759 4871 Ὁνώ-

2187 4936 2301 4987 ριος
2343 4918 2516 4990 ὑδέρῳ
2541 4917 2785 4988 τελευτᾷ.
2815 4917 2927 4971 Καὶ
2961 4917 3215 4988 Ἰωάννης
3268 4914 3554 4989 τυραννίδι
3596 4904 3758 4967 ἐπιθέ-

1730 5089 1968 5132 VALESII
2007 5089 2502 5135 ANNOTATIONES.

573 5196 649 5268 (5)
689 5197 842 5252 Socr.
874 5195 963 5248 lib.
1001 5210 1094 5258 vn,
1136 5208 1254 5263 cap.
1293 5194 1382 5247 21.

2255 5197 2331 5269 (6)
2370 5197 2524 5253 Socr.
2559 5196 2650 5251 lib.
2681 5212 2779 5264 vit,
2812 5213 2932 5268 cap.
2961 5196 3052 5254 25.

1964 5336 2309 5381 VARIORUM.

574 5432 652 5499 (a)
690 5434 849 5487 Μετὰ
875 5434 1134 5489 θάνατον
1153 5434 1469 5500 Εὑδοξίου.
1516 5435 1639 5493 Hmc
1663 5437 1829 5494 refert
1860 5439 2067 5497 Gotho-

501 5497 687 5581 fredus
730 5516 872 5581 anno
900 5497 1633 5581 {20.'_quando_Eunotuiani
1681 5510 1872 5581 procul
1920 5510 2065 5566 Con-

501 5572 856 5649 stantinopoli
882 5574 1057 5649 abacti
1080 5572 1233 5649 sunt.
1265 5576 1655 5649 Anno_quippe
1674 5572 1810 5649 315,
1838 5595 2067 5636 conven-

498 5649 588 5694 tus
628 5655 813 5696 eorum
845 5642 897 5692 in
931 5642 1059 5696 urbe
1087 5644 1391 5701 inhibuerat
1416 5642 1750 5705 'l‘l'tedd'osius
1780 5642 1883 5705 sub
1906 5666 2065 5721 pana

2174 5441 2565 5511 deportationis
2590 5442 2896 5509 domusque
2925 5437 3368 5511 proscriptionis.
3400 5438 3461 5511 d.
3494 5436 3588 5511 tie.
3614 5445 3761 5511 ut".

2175 5501 2306 5635 ﬂeor.
2337 5510 2530 5634 T'IIBOd.
2555 5513 2619 5565 de
2651 5501 2952 5566 heret'itis':
2975 5509 3119 5579 quod
3140 5501 3475 5565 'observavit
3506 5509 3646 5562 idem
3670 5501 3761 5560 Go-

2218 5598 2268 5635 io
2300 5597 2370 5635 ret
2397 5598 2482 5635 us.

2175 5583 2644 5722 ῑὴϊίᾏειὲβὲἷρχε.
2689 5651 2998 5723 Legendum
3029 5650 3260 5723 ἐπῆρχε.
3296 5646 3391 5705 ιγ.
3419 5646 3628 5701 Lowth.
