4010 6210
353 236 449 294 69.1

1356 195 1907 292 ECCLESIASTICAJ
1947 235 2299 292 illSTORl/E
2340 234 2466 291 LIB.
2511 233 2622 296 xu.

3494 228 3607 288 6:22

353 368 530 425 μενος,
560 347 1015 420 διαπρεσϐεύεται
1046 349 1181 422 πρὸς
1205 349 1511 405 Θεοδόσιον·
1549 352 1834 423 ἀπράκτου
1866 352 1922 406 δὲ

2038 368 2180 423 ιιιιιαι
2218 352 2515 409 intercutis
2561 349 2753 406 morbo
2802 349 3026 404 interiit.
3054 348 3290 405 Joannes
3325 362 3451 403 vero
3479 364 3604 404 cum

351 444 447 514 τῆς
474 440 776 513 πρεσϐείας
809 439 1201 512 γεγενημένης,
1237 441 1333 494 καὶ
1375 443 1424 494 οἱ
1469 441 1727 513 πρέσϐεις
1775 441 1929 513 ὑδρι-

359 528 584 593 dare;
620 529 779 593 ἄλλος
833 528 1037 599 ἀλλαχῆ
1086 529 1228 583 κατά
1265 528 1365 600 τὴν
1405 530 1742 601 Προποντίδα
1784 533 1927 602 φυγῇ

368 620 814 692 προετιμῌὶησαν.
849 620 960 690 Τὴν
1019 620 1200 690 μέντοι
1242 621 1534 675 Πλακιδίαν
1568 620 1663 674 καὶ
1692 621 1783 674 τὸν
1814 622 1931 693 τρί-

363 728 446 765 τον
499 708 939 762 (ὶύαλεντινιανὸν
971 709 1132 780 (μετά
1167 710 1276 782 γὰρ
1314 712 1719 764 Κωνσταντίνου
1763 712 1927 767 θάνα-

364 818 462 867 τον,
502 800 638 871 πρὸς
678 800 739 853 τὺ
785 798 1077 865 Βυζάντιον
1107 801 1565 872 ἀνεκομίσθησαν)
1612 803 1928 857 ἀποστέλλει

366 892 489 967 πρὸς
517 892 917 963 Θεσσαλονίκην
944 891 1239 949 Θεοδόσιος.
1273 894 1453 947 Κάκεῖ
1500 894 1600 966 τὴν
1650 894 1747 948 τοῦ
1786 896 1927 949 Καί-

365 998 517 1054 σαρος
540 983 698 1049 ἀξίαν
732 981 811 1053 τῷ
838 981 1041 1053 ἀνεψιῷ
1066 982 1426 1061 παρατίθησιν
1447 984 1927 1057 (7),Ἀρδαδουρίῳ

367 1074 430 1144 τῷ
461 1073 770 1145 στρατηγῷ,
795 1074 889 1126 καὶ
931 1073 1010 1145 τῷ
1044 1079 1234 1131 τούτου
1263 1073 1366 1146 υἱῷ
1397 1077 1637 1149 Ἀσπαρι
1664 1078 1762 1149 τὴν
1787 1080 1928 1134 κατά

364 1167 444 1220 τοῦ
489 1165 753 1238 τυράννου
788 1166 1120 1238 στρατηγίαν
1153 1167 1484 1237 ἐγχειρίσας.
1508 1169 1571 1222 υἳ
1600 1169 1662 1241 δὴ
1692 1172 1785 1224 καὶ
1811 1187 1928 1225 συν-

356 1260 683 1327 επαγόμενοι
735 1257 1030 1311 Πλακιδίαν
1078 1274 1135 1310 τε
1181 1259 1276 1311 κα1⁵
1317 1259 1779 1323 Οὐαλεντινιανδν,
1835 1263 1928 1314 καὶ

361 1347 477 1412 τούς
512 1364 572 1400 τε
606 1346 842 1409 Παίονας
869 1349 960 1401 καὶ
980 1346 1107 1410 τοὺς
1136 1346 1423 1420 Ἰλλυριοὺς
1442 1346 1804 1412 διελάσαντες,
1829 1348 1929 1411 τὰς

357 1441 626 1503 Σάλωνας.
654 1437 817 1492 ’πόλιν
879 1436 979 1505 τῆς
1069 1439 1404 1513 Δαλματίας,
1467 1439 1749 1512 ἀναιροῦσι
1788 1441 1928 1495 κατὰ

355 1531 554 1602 κράτος
572 1535 671 1605 (8).
696 1527 1513 1601 ἘντεῦθενόμὲνἈρδαόούριος
1560 1531 1717 1601 νηΐτῃ
1756 1530 1927 1602 στόλῳ

355 1622 494 1676 κατά
522 1621 615 1674 τοῦ
642 1622 904 1693 τυράννου
944 1623 1128 1692 χωρεῖ.
1148 1621 1205 1673 '0
1229 1620 1285 1673 δὲ
1318 1621 1540 1693 Ἀσπαρ
1568 1621 1666 1693 τὴν
1696 1622 1927 1694 ἱππικὴν

2032 444 2369 514 tyrannidem
2402 442 2743 513 arripuisset,
2778 440 3097 511 legationem
3143 440 3291 494 misit
3330 440 3396 495 ad
3429 439 3609 494 Theo-

2029 532 2279 600 dosium;
2328 533 2420 589 sed
2471 549 2527 587 re
2576 532 2798 595 infecta,
2836 530 2996 601 legati
3027 531 3247 599 insuper
3281 530 3609 586 contumelia

2031 620 2229 688 aﬂ‘ecti,
2278 624 2419 677 alius
2465 623 2571 677 alio
2626 637 2718 692 per
2767 620 3149 690 Pr0pontidetn
3193 620 3413 690 relegati
3458 630 3606 675 sunt.

2031 708 2325 766 Placidiam
2369 726 2497 766 vero
2534 721 2589 765 et
2630 710 3064 766 Valentinianum
3100 711 3341 775 tertium,
3370 711 3460 781 qui
3490 720 3612 780 post

2028 803 2235 857 obitum
2266 803 2490 857 Honorii
2524 803 2842 875 Byzantium
2881 801 3247 873 profugerant,
3276 802 3612 858 Theodosius

2030 893 2480 951 Thessalonicam
2516 897 2683 950 misit.
2723 895 2836 950 Illic
2877 895 3109 964 patrueli
3141 911 3242 951 suo
3275 894 3505 950 Caesaris
3532 896 3615 950 di-

2029 985 2285 1054 gnitatem
2319 986 2613 1052 concessit,
2661 995 2715 1040 et
2746 985 3053 1040 Ardahurio
3092 986 3353 1055 magistro
3382 982 3612 1041 militum

2029 1078 2256 1146 ejusque
2294 1078 2405 1133 ﬁlio
2445 1078 2661 1147 Aspari,
2713 1078 2839 1132 belli
2879 1077 3142 1133 adversus
3192 1086 3482 1149 tyrannum
3525 1080 3615 1133 ad-

2027 1168 2483 1223 ministrationem
2522 1169 2820 1225 commisit.
2857 1168 2920 1223 lli
2959 1168 3258 1224 Plaeidiam
3290 1178 3344 1223 et
3379 1166 3615 1223 Valenti-

2028 1260 2247 1315 nianum
2278 1277 2462 1316 secum
2492 1262 2774 1319 ducentes.
2813 1276 2936 1315 cum
2974 1260 3314 1315 Pannoniam
3357 1269 3410 1314 et
3448 1260 3617 1331 Illyri-

2029 1367 2150 1407 cum
2177 1352 2618 1422 pertransissent,
2645 1351 2874 1407 Salonas
2911 1353 3103 1406 urbem
3134 1351 3412 1406 Dalmatia:
3444 1353 3494 1405 vi
3533 1366 3616 1406 ce-

2027 1450 2247 1512 perunt.
2280 1443 2411 1498 Post
2448 1443 2564 1499 haec
2607 1442 2947 1498 Ardaburius
2991 1442 3209 1512 quidem
3245 1457 3370 1497 cum
3407 1442 3614 1495 navali-

2028 1533 2130 1589 bus
2167 1534 2345 1602 cepiis
2380 1547 2571 1590 contra
2626 1544 2917 1605 tyrannum
2963 1534 3240 1604 prolectus
3286 1542 3386 1589 est.
3436 1534 3613 1602 Aspar

2029 1641 2177 1688 vero,
2199 1625 2497 1695 assumptis
2526 1640 2709 1681 secum
2732 1626 3078 1696 equestribus
3099 1624 3359 1694 cepiis,et
3386 1623 3614 1693 impres-

353 1714 585 1783 δύναμιν
620 1711 919 1774 συλλαϐὼν,
962 1713 1054 1765 καὶ
1089 1711 1167 1783 τῷ
1200 1713 1357 1782 τάχει
1384 1711 1482 1782 τῆς
1511 1712 1698 1781 ἐφόδου
1733 1711 1935 1783 κλέψας

2040 1718 2209 1773 sionis
2260 1718 2496 1788 inepinze
2546 1719 2823 1774 celeritate
2863 1718 3226 1788 suspicionem
3254 1716 3610 1786 praeveniens,

353 1806 447 1868 τὰς
470 1806 770 1874 αἰσθήσεις,
790 1805 889 1874 τῆς
917 1805 1207 1876 Ἀκυληίας
1234 1805 1476 1876 μεγάλης
1502 1806 1709 1871 πόλεως
1732 1809 1928 1879 ἐγκρα-

354 1897 449 1964 τὴς
473 1896 707 1964 γίνεται,
744 1897 1008 1949 συνόντων
1034 1895 1184 1964 αὑτῷ
1205 1896 1648 1950 Οὐαλεντινιανοῦ
1674 1898 1765 1951 καὶ
1790 1899 1934 1951 Πλα-

355 1989 550 2052 κιδίας.
568 1988 709 2041 Ἀλλ’
738 1990 766 2041 ό
798 1988 895 2058 μὲν
933 1986 1076 2041 οὕτω
1113 1989 1213 2059 τὴν
1252 1987 1495 2059 μεγάλην
1536 1987 1935 2060 ἀταλαιπώρως

357 2085 751 2153 παρεστήσατο.
800 2084 902 2136 Τὸν
933 2084 990 2138 δὲ
1028 2083 1405 2155 Ἀρδαϐούριον
1447 2081 1618 2152 βίαιον
1662 2081 1933 2136 ἀπολαεὸν

359 2173 593 2242 πνεῦμα,
627 2174 723 2226 σὺν
750 2174 903 2226 δυσὶν
940 2173 1151 2244 ἑτέραις
1178 2174 1463 2245 τριήρεσιν
1488 2174 1567 2234 εἰς
1600 2175 1787 2244 χεῖρας
1812 2171 1934 2240 ἄγει

356 2264 444 2318 τοῦ
475 2266 758 2337 τυράννου.
779 2267 834 2318 Ὀ
864 2266 921 2319 δὲ
951 2266 1087 2338 πρδς
1108 2265 1340 2329 σπονδὰς
1366 2266 1606 2336 ἀφορῶν,
1628 2264 1935 2336 φιλανθρώ-

354 2375 469 2420 πως
513 2356 779 2428 ἐκέχρητο
831 2357 908 2429 τῷ
951 2356 1333 2429 Ἀρδαϐουρίῳ.
1368 2357 1477 2409 Καὶ
1535 2355 1733 2425 πολλῆς
1782 2348 1936 2418 οὗτος

352 2447 644 2502 ἀπολαύων
694 2449 792 2520 τῆς
844 2448 1196 2512 ἀδείας,τοῦς
1245 2449 1689 2520 ἀποστρατήγους
1727 2446 1801 2518 (α)
1844 2446 1936 2499 τοῦ

351 2538 619 2609 τυράννου
653 2539 749 2608 (9),
786 2538 885 2610 ἠδη
920 2539 1012 2593 καὶ
1056 2539 1251 2602 αὐτοὺς
1293 2538 1815 2609 ὑποκεκινημένους,
1837 2538 1938 2608 τὴν

352 2629 650 2700 ἐπιϐουλὴν
678 2630 935 2702 κρατύνει
960 2630 1056 2702 τὴν
1084 2630 1226 2684 κατὰ
1256 2629 1350 2683 τοῦ
1384 2630 1645 2702 τυράννου
1667 2646 1680 2659 ’
1712 2630 1806 2682 καὶ
1838 2645 1935 2698 ση-

356 2721 544 2790 μαίνει
575 2722 816 2792 ’Λσπαρι
850 2721 926 2792 τῷ
949 2721 1096 2775 παιδὶ
1131 2720 1553 2793 παραγενέσθαι,
1583 2720 1659 2785 ὡς
1694 2721 1777 2789 ἐφ’
1799 2720 1939 2772 ἑτοί-

355 2830 442 2884 μῳ
476 2811 558 2882 τῷ
608 2812 1012 2884 κατορθώματι.
1046 2812 1152 2866 Τοῦ
1183 2814 1241 2866 δὲ
1275 2813 1469 2867 θάττον
1505 2812 1601 2865 σὺν
1630 2810 1707 2881 τῷ
1737 2810 1937 2881 ἱππότῃ

351 2904 577 2976 στρατῷ
610 2906 1055 2977 παραγεγονότος,
1094 2906 1189 2958 καὶ
1239 2905 1419 2977 μάχης
1449 2903 1594 2967 τινος
1646 2901 1939 2974 συρῤαγεί-

352 3013 476 3068 σης,
508 2996 942 3066 συλλαμϐάνεται
989 2999 1018 3050 ό
1059 2997 1311 3068 Ἰωάννης
1343 2999 1409 3068 τῇ
1454 2995 1562 3049 τῶν
1610 2994 1748 3067 ἀμφ’
1775 2993 1938 3048 αὑτὸν

2033 1808 2341 1878 Aquileiam
2393 1809 2584 1864 urbem
2622 1810 2915 1863 maximam
2948 1808 3252 1878 occupavit,
3288 1806 3524 1861 Placidia
3560 1815 3613 1861 et

2034 1898 2416 1954 Valentiniano
2465 1901 2645 1970 ipsum
2689 1899 3096 1954 comitantibus.
3152 1897 3219 1952 Et
3266 1898 3353 1954 hic
3392 1897 3611 1968 quidem

2037 1992 2330 2046 maximam
2360 1992 2632 2046 civitatem
2669 1991 2875 2061 absque
2923 1991 3032 2046 ullo
3061 1991 3278 2062 negotio
3314 1990 3475 2058 cepit.
3512 1989 3617 2044 Ar-

2036 2083 2326 2137 daburium
2364 2098 2492 2137 vero
2537 2083 2808 2137 violentus
2840 2081 3059 2150 quidam
3090 2089 3283 2136 ventus
3315 2078 3614 2149 excipiens.

2038 2189 2142 2228 una
2173 2188 2297 2228 cum
2322 2173 2535 2230 duabus
2572 2173 2883 2228 triremibus
2907 2172 2962 2226 in
2991 2187 3185 2227 manus
3219 2171 3434 2243 tyranni
3463 2169 3613 2225 detu-

2037 2264 2115 2320 lit.
2165 2264 2255 2319 llle
2299 2266 2364 2320 de
2406 2264 2609 2321 {cedere
2648 2265 2884 2320 ineundo
2930 2264 3196 2335 cogitans,
3246 2261 3612 2321 Ardaburium

2038 2356 2349 2411 humaniter
2370 2357 2598 2426 excepit.
2635 2356 2740 2422 Qui
2769 2372 2894 2412 cum
2930 2356 3166 2410 maxima
3197 2355 3443 2410 libertate
3473 2352 3617 2408 frue-

2038 2456 2209 2515 retur,
2255 2448 2511 2504 ductores
2548 2448 2788 2519 tyranni,
2835 2448 2929 2517 qui
2970 2449 3083 2518 jam
3137 2447 3204 2502 ad
3252 2445 3616 2503 defectionem

2038 2539 2290 2610 propensi
2321 2547 2495 2606 erant,
2528 2547 2718 2594 contra
2770 2548 3059 2608 tyranuum
3110 2538 3391 2593 animavit.
3441 2537 3618 2592 Simul

2038 2626 2232 2697 Aspari
2264 2628 2376 2708 lilio
2402 2644 2499 2698 per
2526 2629 2734 2685 litteras
2768 2629 3113 2701 signiﬁcavit,
3143 2637 3204 2685 ut
3248 2638 3509 2700 tanquam
3547 2631 3616 2685 ad

2038 2729 2284 2787 paratam
2316 2719 2600 2774 victoriam
2642 2721 2875 2776 adesset.
2912 2721 3015 2788 Qui
3058 2736 3183 2776 cum
3232 2721 3480 2776 celeriter
3521 2722 3618 2778 ad-

2040 2819 2314 2865 ventasset
2340 2826 2444 2864 una
2475 2826 2599 2865 cum
2634 2812 2977 2881 equestribus
3016 2813 3208 2881 cepiis,
3233 2822 3487 2869 conserto
3513 2814 3616 2868 levi

2039 2900 2226 2969 proelio
2283 2909 2473 2969 captus
2512 2910 2596 2955 e-t
2636 2900 2892 2965 Joannes,
2942 2902 3245 2971 proditione
3287 2918 3477 2957 eorum
3520 2905 3615 2973 qui

2040 3008 2186 3048 circa
2229 2994 2405 3063 ipsum
2448 3004 2623 3059 erant,
2652 3004 2703 3049 et
2747 2994 3049 3065 Aquileiam
3104 2994 3170 3049 ad
3224 2993 3516 3051 Placidiam
3564 3007 3619 3050 et

350 3089 639 3160 προδοσίᾳ,
667 3090 759 3142 καὶ
809 3088 946 3160 πρὸς
989 3088 1285 3142 Πλακιδίαν
1342 3089 1436 3141 καὶ
1491 3084 1933 3140 Οὑαλεντινιανδν

2046 3089 2486 3144 Valentinianum
2533 3090 2843 3145 deducitur.
2878 3090 2995 3146 illic
3040 3091 3229 3146 dextra
3272 3106 3434 3145 manu
3466 3090 3617 3160 prius

348 3183 434 3245 εἰς
460 3181 753 3249 Ἀκυληΐαν
782 3180 1154 3250 ἐκπέμπεταιο
1185 3181 1348 3233 κάκεῖ
1376 3178 1473 3249 τὴν
1504 3177 1682 3242 δεξιάν
1715 3175 1937 3248 προδιαο

348 3272 588 3343 τμηθεὶς
622 3273 757 3343 (10),
803 3269 923 3326 εἶτα
964 3273 1059 3325 καὶ
1107 3271 1204 3342 τῆς
1257 3269 1499 3340 κεφαλῆς
1549 3267 1935 3338 ἀποτέμνεται,

347 3362 446 3415 ἕνα
473 3364 819 3432 τυραννήσας
864 3362 958 3417 ὲπὶ
1000 3359 1079 3430 τῷ
1124 3361 1310 3430 ἡμίσει
1363 3359 1627 3412 ἐνιαυτόν.
1658 3357 1791 3411 Τότε
1844 3357 1938 3410 καὶ

349 3454 590 3522 βασιλέα
631 3454 659 3504 ό
691 3452 970 3515 Θεοδόσιος
1014 3452 1097 3505 τὸν
1130 3451 1566 3505 Οὐαλεντινιανδν
1616 3447 1939 3510 ἀποστείλας

347 3544 704 3616 ἀναγορεύει.

431 3660 517 3713 ιδ’.
564 3659 688 3712 Ὅτι
726 3660 933 3724 Ἀέτιος
958 3661 987 3712 ὁ
1017 3659 1423 3732 ὑποστράτηγος
1462 3658 1703 3712 Ἰωάννου
1727 3656 1820 3711 τοῦ
1841 3673 1938 3710 τυ-

347 3753 582 3823 ράννου,
626 3750 763 3820 μετά
808 3753 959 3823 τρεῖς
1007 3750 1221 3823 ἡμέρας
1264 3752 1363 3821 τῆς
1408 3749 1612 3803 ἐκείνου
1662 3747 1939 3819 τελευτῆς,

347 3844 675 3915 βαρϐάρους
706 3843 856 3912 ἄγων
886 3842 1191 3913 μισθωτοὺς
1221 3845 1301 3906 είς
1341 3841 1382 3906 ξ’
1418 3840 1659 3911 χιλιάδας
1701 3838 1942 3908 παραγί-

346 3950 548 3986 νεται·
588 3932 679 3986 καὶ
727 3933 1043 4005 συμπλοκῆς
1086 3932 1252 3988 αὐτοῦ
1299 3949 1358 3987 τε
1405 3932 1498 3985 καὶ
1542 3932 1653 3985 τῶν
1691 3930 1818 4002 περὶ
1848 3930 1940 3983 τὸν

351 4026 629 4095 ’Δσπαρα
657 4024 1052 4095 γεγενημένης,
1084 4024 1241 4095 φόνος
1269 4021 1814 4096 ἑκατέρωθενὲῤῥύη
1839 4038 1940 4073 πο-

347 4114 723 4179 ).ύς.⁹Επειτα
762 4116 993 4178 σπονδὰς
1024 4119 1051 4168 ὁ
1093 4117 1294 4180 Ἀέτιος
1321 4115 1527 4169 τίθεται
1571 4113 1706 4185 πρὸς
1736 4111 1939 4166 Πλακι-

344 4206 477 4257 δίαν
506 4206 604 4259 καὶ
638 4203 1098 4268 Οὐαλεντινιανὸν,
1129 4204 1220 4258 καὶ
1247 4203 1346 4275 τὴν
1382 4202 1475 4255 τοῦ
1511 4201 1748 4271 κόμητος
1785 4196 1941 4263 ἀξίαν

2044 3188 2343 3249 amputata,
2371 3189 2557 3249 postea
2597 3179 2758 3235 etiam
2809 3181 2984 3250 capite
3027 3188 3308 3236 truncatus
3358 3188 3461 3245 est,
3490 3195 3613 3234 cum

2038 3287 2133 3342 per
2165 3288 2332 3327 unum
2384 3288 2448 3328 ac
2492 3272 2777 3328 dimidium
2825 3288 3026 3327 annum
3075 3271 3413 3343 tyrannidem
3461 3287 3616 3326 exer-

2040 3364 2262 3418 cuisset.
2301 3361 2437 3417 Tum
2486 3376 2617 3416 vero
2657 3359 2997 3417 Theodosius
3031 3359 3467 3415 Valentinianum
3506 3359 3617 3415 Ro~

2044 3470 2185 3507 mam
2216 3453 2466 3519 missum,
2501 3454 2887 3522 imperatorem
2925 3452 3275 3506 renuntiavit.

2117 3653 2197 3705 l4.
2242 3651 2422 3705 Aetius
2448 3666 2617 3703 comes
2646 3650 2841 3719 factus.
2882 3680 2950 3688 -—
2980 3651 3170 3705 Aetius
3199 3666 3338 3705 unus
3368 3665 3433 3706 ex
3464 3651 3620 3706 duci-

2040 3745 2141 3799 hns
2168 3742 2398 3798 Joannis
2429 3742 2664 3813 tyranni,
2694 3741 2856 3796 tertio
2883 3748 3002 3812 post
3028 3741 3146 3810 ejus
3173 3742 3380 3797 obitum
3406 3743 3494 3798 die
3523 3758 3618 3798 su-

2042 3833 2303 3903 pervenit,
2330 3831 2593 3886 barbaros
2622 3830 2896 3886 adducens
2926 3830 3176 3886 mercede
3205 3831 3522 3897 conductos,
3549 3833 3615 3886 ad

2039 3924 2320 3994 sexaginta
2347 3922 2458 3977 fere
2493 3921 2774 3976 hominum
2807 3922 3001 3989 millia;
3033 3921 3439 3991 commissaque
3476 3924 3620 3981 inter

2039 4017 2217 4081 ipsum
2247 4023 2302 4068 et
2339 4013 2562 4083 Asparis
2590 4013 2886 4067 exercitum
2928 4014 3132 4082 proelio,
3180 4012 3338 4068 multi
3366 4029 3430 4068 ex
3461 4025 3617 4068 utra.

2040 4120 2147 4174 quc
2186 4114 2338 4173 parte
2381 4102 2711 4157 ceciderunt.
2756 4102 3003 4159 Posthazc
3035 4105 3223 4160 Aetius
3274 4102 3454 4160 foedus
3500 4105 3620 4159 iniit

2041 4211 2165 4250 eum
2201 4193 2440 4248 Placidia
2469 4201 2523 4246 et
2542 4191 2940 4258 Valentiniano,
2979 4204 3033 4249 et
3057 4196 3274 4251 comitis
3297 4194 3618 4266 dignitatem

344 4296 635 4368 λαμϐάνει
660 4315 674 4328 ο
709 4299 801 4353 καὶ
833 4300 882 4352 oi
926 4298 1185 4370 βάρϐαροι
1217 4296 1424 4367 χρυσίῳ
1462 4292 1819 4363 καταθέμενοι
1845 4290 1935 4360 τὴν

2047 4284 2286 4353 accepit;
2323 4282 2539 4337 barbari
2575 4297 2703 4336 vero
2733 4298 2867 4335 auro
2896 4292 3139 4353 accepto,
3167 4283 3303 4337 iram
3330 4295 3492 4354 atque
3524 4298 3615 4338 ar-

1608 4484 1848 4527 VALESII
1890 4481 2388 4526 ANNOTATIONES.

425 4623 515 4692 (⁸7)
562 4621 647 4692 Τῷ
689 4617 917 4692 ἀνεψιῷ
962 4619 1379 4692 παρατίθησιν.
1441 4614 1798 4668 Scrihendum
1861 4620 1946 4692 est

346 4682 729 4764 περιτίθησιν.
770 4682 940 4758 Quem
988 4682 1248 4744 errorem
1274 4685 1387 4753 jam
1433 4699 1599 4754 supra
1634 4699 1742 4737 non
1778 4682 1945 4738 semel

340 4761 649 4819 castigari.

426 4777 649 4830 sugavt.

426 4832 517 4901 (8)
532 4824 1198 4901 Σάλιιηνας...ἀναιροιῖνσι
1211 4823 1360 4901 κατὰ
1382 4824 1595 4901 κράτος
1607 4865 1620 4878 .
1641 4821 1908 4901 Manuscri
1922 4849 1941 4860 -

344 4893 449 4973 pti'
472 4893 699 4973 quidem
733 4893 950 4973 codices
986 4896 1388 4973 ni_liil_variant.
1439 4893 1808 4973 blihiloniiuus
1834 4901 1944 4973 [ta-

344 4960 869 5026 inen'scribemlum
893 4979 975 5023 est
998 4967 1230 5038 αἱροῦσι,
1255 4962 1716 5038 quemadmodum
1748 4960 1944 5030 legitur

340 5040 511 5111 apud
548 5039 911 5111 Nicephorum
949 5040 998 5090 in
1036 5033 1128 5111 li‘b.
1166 5033 1285 5097 xw,
1308 5049 1357 5111 σε
1388 5033 1439 5085 7.

421 5112 514 5181 (9)
564 5098 1228 5181 Τοὺξ’ἀποστρατιξτους
1256 5102 1361 5157 τοῦ
1386 5100 1703 5170 τυράννου.
1745 5098 1949 5181 Gellio:

337 5168 557 5235 l‘re‘ulus
603 5168 989 5247 interpretatur
1019 5168 1399 5247 eiauctoratos
1442 5168 1472 5225 a
1505 5182 1756 5247 tyran_n_q._
1785 5168 1940 5235 Quod

337 5251 516 5305 nullo
547 5249 712 5301 modo
738 5239 968 5317 probare
994 5260 1236 5317 possum.
1256 5241 1439 5310 Neque
1468 5239 1611 5295 enim
1638 5239 1939 5294 Philostor-

336 5322 478 5391 gius
524 5318 615 5373 hic
642 5316 880 5387 loquitur
904 5317 969 5370 de
1001 5316 1065 5369 iis
1091 5329 1227 5385 quos
1266 5323 1527 5383 tyrannus
1555 5320 1940 5365 exauctorave—

2043 4620 2156 4677 rat;
2187 4611 2280 4666 sed
2329 4610 2397 4665 de
2440 4608 2671 4665 ducibus
2719 4609 2812 4678 qui
2855 4608 2957 4662 sub
2990 4608 3442 4678 illomilitahant.
3468 4608 3621 4662 Adde

2044 4675 2193 4763 quod
2214 4681 2630 4763 ἀποστράτηγος
2658 4675 2973 4763 ρινέεοοηοη
2998 4677 3216 4763 dicitur.
3238 4675 3620 4763 iProind'ernon

2046 4746 2236 4806 dubito
2269 4746 2406 4821 quin'
2430 4746 2996 4821 scribendumAsithoc
3012 4747 3132 4821 loco
3150 4746 3616 4821 ῥποστρατήγους.

2048 4815 2507 4899 ln-ntannseripto
2540 4820 2724 4899 codice
2770 4818 3023 4899 Bogliarti
3064 4815 3259 4896 legitur
3279 4815 3623 4899 ἀποστρατη-

2048 4892 2177 4959 γοὺς
2207 4885 2429 4945 accentu
2485 4890 2538 4942 in
2592 4888 2799 4959 ultima.
2840 4887 2908 4941 Et
2938 4889 2989 4942 in
3037 4885 3280 4959 margine
3323 4885 3619 4955 ascriptum

2048 4954 2129 5014 est
2157 4960 2341 5029 eadem
2375 4974 2560 5021 manu,
2594 4957 2721 5029 ἴσως
2753 4954 3217 5029 ὑποστρατηγούς.

2118 5028 2230 5098 (t0)
2276 5028 2393 5097 Τὴν
2418 5069 2431 5084 .
2459 5066 2473 5080 .
2502 5069 2515 5080 .
2556 5022 3028 5098 προδιατμηθὲις.
3052 5022 3236 5098 "Apud
3255 5022 3620 5098 Nicephorum

2051 5093 2140 5152 hie
2187 5093 2463 5167 locus'ita
2502 5093 2720 5167 legitur,
2775 5093 2873 5167 τὴν
2919 5098 3077 5167 χεῖρα
3119 5093 3620 5167 Ῑιρῷτον-διατμη-

2050 5167 2183 5230 θείς,
2218 5177 2324 5222 etc.
2357 5166 2412 5221 In
2446 5162 2773 5221 msfcodice
2819 5162 3087 5220 Samuelis
3114 5162 3370 5217 Bocharti
3393 5165 3458 5218 ad
3483 5162 3623 5220 mar-

2047 5238 2224 5306 ginem
2256 5239 2328 5290 ita
2355 5236 2649 5304 ascriptum
2684 5235 2860 5288 inveni
2900 5252 2913 5287 :
2954 5234 3103 5288 Deest
3138 5232 3623 5305 vocabulumJorte

2047 5306 2311 5373 γλῶττανί

1835 5479 2183 5523 VARIORUM.

425 5637 520 5707 (α)
573 5635 1104 5704 ’Υποστρατήγους.
1149 5633 1305 5690 Deest
1334 5650 1434 5689 vox
1470 5633 1533 5687 ad
1562 5645 1780 5687 sensum
1812 5627 1935 5696 perii

2038 5624 2213 5678 udum.
2240 5621 2327 5677 W.
2362 5620 2562 5677 Lowth.
