4054 6198
297 296 400 355 625
1337 300 1839 361 ευΡΡιΕΜΕΝτΑ
1881 304 2504 363 PIIILOSTORGIANA.
2944 361 2968 384 .
3028 336 3033 339 -
3441 305 3549 362 626

295 409 428 482 quod
478 408 557 462 tui
600 418 741 463 metu
788 410 1016 479 perculsi
1062 412 1324 483 impietati
1377 415 1860 486 subscripserimus.
1892 417 1971 473 Ex
2000 433 2110 489 quo
2137 416 2343 473 factum
2375 416 2467 481 sit,
2497 423 2556 471 ut
2603 415 2898 486 imperator
2940 416 3342 473 exeandescens
3370 431 3467 474 eos
3495 417 3552 471 in

300 498 539 590 Galatiae
562 513 659 555 seu
688 497 892 557 Gallias
923 501 1182 560 occiduas
1211 505 1486 576 relegat-it,
1510 516 1567 562 et
1593 506 1829 563 Arianos
1857 523 1957 564 sua
1985 523 2259 579 quemque
2287 506 2462 577 patria
2493 506 2751 563 excedere
2777 506 3022 576 jusserit.

522 610 602 666 De
632 610 862 669 Paulino
893 630 974 684 ep.
1006 614 1329 671 Antiochum
1358 617 1500 687 facto
1525 634 1544 673 :
1570 618 1709 689 quod
1739 618 1897 690 refert
1935 617 2155 676 Nicetas
2187 620 2243 673 in
2268 617 2559 673 Thesauro
2582 617 2798 672 orthod.
2832 617 2948 683 lid.,
2979 618 3072 673 lib.
3102 632 3154 681 ν.
3185 636 3232 675 ι.
3261 620 3313 676 9.

370 723 529 780 Solus
557 722 953 797 Pbilostorgius
981 727 1122 784 libro
1155 727 1518 785 Historiarum
1550 732 1807 798 secundo,
1843 731 2131 789 Paulinum
2164 732 2306 806 Tyro
2335 731 2683 787 Antiochiam
2714 731 3036 788 translatum
3081 732 3171 803 (in
3213 733 3394 790 locum
3442 730 3556 791 Eu-

308 818 501 888 stathii)
526 828 717 874 auctor
741 831 845 875 est.

3588 886 3599 978 ἔ

556 947 632 1002 De
659 948 813 1004 Aetio
845 957 899 1004 et
920 949 1209 1019 Eunomia,
1235 968 1299 1008 ea:
1324 970 1426 1009 uno
1456 972 1483 1010 e
1509 972 1600 1011 sea:
1627 957 1895 1026 prioribus
1917 962 2031 1029 ejus
2057 958 2231 1024 libris,
2258 958 2512 1027 referente
2546 957 2736 1012 Photio
2772 957 2824 1010 in
2850 955 3107 1012 Biblioth.
3135 973 3191 1011 ιι.
3219 956 3308 1012 ίθ.

379 1059 612 1130 Ἐξαίρει
636 1059 694 1113 δὲ
720 1061 778 1114 ἀν
805 1060 904 1131 μὲν
935 1061 1112 1131 λόγοις
1148 1063 1384 1134 μάλιστα
1420 1067 1626 1121 Ἀέτιον
1656 1068 1751 1121 καὶ
1768 1069 1873 1122 Εὐ·-
1898 1081 1944 1130 Α

2056 1069 2278 1124 Extollit
2309 1083 2440 1123 vero
2492 1068 2547 1123 in
2599 1068 2948 1124 sermonibus
2999 1068 3237 1123 maxime
3261 1067 3478 1122 Aetium
3504 1076 3561 1123 et

300 1150 503 1222 νόμιον,
541 1150 733 1222 μόνους
766 1151 1114 1223 ἀνακαθᾶραι
1144 1152 1213 1207 τά
1235 1157 1336 1225 τῆς
1361 1156 1644 1220 εὐσεϐείας
1670 1157 1876 1227 δόγμα-

1983 1157 2337 1219 Eunomium,
2393 1156 2534 1213 falso
2585 1173 2861 1221 asserens,
2889 1172 2986 1213 eos
3040 1158 3189 1214 solos
3237 1166 3560 1228 repurgato

297 1260 362 1296 τα
392 1242 476 1313 τῷ
509 1243 686 1314 χρόνῳ
713 1243 1144 1315 συγκεχωσμένα
1174 1246 1616 1318 τερατευόμενος.

1567 1266 1616 1311 ς.
1981 1249 2199 1319 pietatis
2226 1248 2481 1319 dogmata
2509 1257 2754 1314 tempore
2778 1249 3168 1304 contaminata.

964 1355 1040 1411 De
1066 1359 1265 1415 Acacio
1293 1360 1552 1418 Cresam:
1575 1361 1697 1419 Pol.
1731 1380 1836 1433 ep.,
1863 1365 2005 1435 apud
2046 1363 2292 1418 Pharium
2332 1366 2388 1419 in
2426 1362 2682 1420 Bibliotn.
2711 1382 2765 1420 ιι.
2803 1365 2891 1419 40.

363 1471 685 1539 Κατηγορεῖ
730 1467 786 1521 δὲ
828 1468 1085 1523 ’Δκακίου
1134 1471 1369 1541 μάλιστα
1404 1474 1498 1528 τοῦ
1532 1475 1873 1545 Καισαρείας

2049 1472 2417 1544 Reprehendit
2443 1490 2570 1531 vero
2587 1476 2772 1532 Acacii
2792 1477 3028 1531 maxime
3043 1476 3303 1533 Caesarea:
3318 1475 3563 1534 Palaesti-

268 1560 394 1629 ,τῆς
419 1558 558 1613 κατά
594 1557 957 1631 Παλαιστίνην
984 1560 1456 1632 ὲπισκοπήσαντος
1495 1563 1777 1636 δεινότητά
1815 1581 1869 1617 τε

1981 1579 2064 1620 nte
2091 1566 2332 1635 episcopi
2361 1566 2469 1620 vim
2500 1567 2719 1622 dicendi
2753 1566 3150 1623 intolerabilem
3178 1576 3232 1622 et
3259 1568 3556 1625 versutiam

293 1648 702 1720 ἀνυπέρϐλητον
747 1650 842 1702 καὶ
873 1649 1211 1721 κακουργίαν
1253 1649 1489 1722 ἄμαχον,
1525 1652 1643 1722 μεθ’
1673 1647 1750 1706 ὧν
1782 1654 1875 1707 καὶ

1982 1655 2489 1727 inexpugnabilem,
2525 1657 2726 1727 quibus
2776 1672 2902 1713 eum
2963 1658 3172 1735 artibus
3218 1656 3562 1728 oppressisse

297 1744 517 1797 πάντων
546 1741 682 1812 φησὶ
710 1740 1033 1812 κατισχύσαι
1072 1741 1183 1794 τῶν
1217 1758 1278 1795 τε
1307 1743 1626 1813 ὁμοφρόνων
1653 1743 1875 1797 δοκούν-

1982 1747 2069 1799 ait
2091 1760 2203 1815 pra:
2227 1746 2482 1801 omnibus
2517 1755 2624 1801 tam
2651 1762 2746 1803 eos
2777 1749 2869 1818 qui
2903 1748 3044 1803 idem
3080 1749 3284 1805 sentire
3312 1750 3562 1805 videren-

293 1850 426 1895 των.
450 1834 531 1896 είς
554 1832 754 1904 ἔχθραν
774 1832 831 1888 δέ
855 1849 974 1886 τινα
997 1831 1404 1897 καταστάντων,
1437 1834 1661 1888 καὶτῶν
1684 1835 1878 1889 τάναν-

1984 1847 2093 1900 tur,
2129 1838 2255 1892 odio
2289 1846 2470 1893 tamen
2501 1838 2738 1908 quodam
2770 1837 2997 1904 divisos,
3021 1853 3187 1907 quam
3208 1839 3485 1896 contraria
3504 1840 3561 1895 in

293 1929 386 1982 τία
412 1926 850 1999 θρησκευόντων.

1984 1930 2246 2000 religione
2276 1931 2592 1987 sentientes.

1396 2065 1472 2120 De
1494 2065 1668 2130 Aetio,
1703 2083 1767 2139 ex
1793 2066 1974 2122 Photii
2005 2067 2261 2124 Biblioth.
2304 2083 2358 2122 η.
2390 2065 2477 2121 40.

368 2188 601 2260 Ἱστορεῖ
629 2186 687 2241 δὲ
718 2185 827 2241 ἀπὸ
854 2186 952 2258 τῆς
982 2183 1193 2256 Ἀρείου
1225 2185 1355 2256 περὶ
1373 2185 1471 2256 τὴν
1495 2184 1705 2257 αἵρεσιν
1729 2203 1893 2239 σπου.
1924 2194 1966 2252 ﬂ

2063 2187 2331 2243 Narrandi
2366 2202 2528 2257 porro
2557 2185 2772 2241 initium
2802 2186 2932 2241 fecit
2974 2187 3044 2242 ab
3086 2185 3201 2240 Arii
3245 2185 3300 2240 in
3332 2185 3568 2241 ἥξει-θείη

293 2281 388 2351 ea;
413 2296 477 2333 τε
504 2277 599 2331 καὶ
627 2274 962 2347 κατάρξεως,
1002 2276 1162 2348 μέχρι
1209 2275 1310 2346 τῆς
1343 2274 1549 2328 Ἀετίου
1582 2274 1676 2329 τοῦ
1704 2275 1886 2330 δυσσε-

1987 2280 2170 2335 studio
2199 2287 2255 2336 et
2286 2279 2464 2344 initio,
2497 2279 2565 2333 ad
2603 2278 2744 2333 Aetii
2799 2277 3111 2348 impiissimi
3161 2276 3573 2332 revocationenr

293 2370 558 2424 ϐεστάτου
582 2367 953 2437 ἀνακλήσεως.
976 2361 1142 2429 Οὗτος
1170 2364 1226 2419 δὲ
1251 2367 1279 2419 ὁ
1321 2364 1525 2429 Ἀέτιος
1554 2365 1684 2438 παρ’
1706 2365 1885 2420 αὐτῶν

2017 2387 2183 2444 Isque.
2222 2370 2322 2427 Hic
2364 2385 2492 2427 vero
2541 2370 2734 2425 Aetius
2768 2385 2798 2425 a
2832 2369 3171 2425 cohaereticis
3228 2369 3384 2439 ipsis,
3417 2369 3569 2441 quod

295 2459 398 2530 μὲν
448 2456 559 2510 τῶν
606 2454 1059 2526 συναιρεσιωτῶν,
1090 2453 1178 2507 διά
1205 2452 1266 2506 τὸ
1298 2453 1583 2517 κάκείνους
1614 2453 1887 2525 ὑπερϐάλ-

1987 2465 2137 2534 ipsos
2166 2464 2441 2532 impietate
2468 2471 2771 2532 superaret,
2813 2469 2872 2515 ut
2900 2461 2991 2528 hic
3021 2459 3250 2531 ipsemet
3281 2460 3447 2515 etiam
3476 2459 3568 2515 in-

297 2548 497 2603 λεσθαι
545 2550 615 2618 τῇ
642 2544 951 2618 δυσσεϐείᾳ,
978 2544 1055 2609 ὡς
1087 2543 1249 2608 αὐτὸς
1283 2539 1435 2607 οὗτος
1465 2544 1558 2598 καὶ
1590 2545 1665 2617 μὴ
1700 2544 1886 2615 βουλό-

1988 2553 2132 2609 vitus
2182 2561 2392 2618 narrat,
2420 2552 2710 2608 diaconatu
2772 2552 3096 2620 submotus;
3128 2553 3197 2607 ab
3243 2551 3570 2622 impiissimo

296 2656 465 2711 μενος
492 2639 714 2709 ἱστορεῖ,
741 2637 840 2707 τῆς
876 2635 1155 2699 διακονίας
1201 2635 1481 2707 καθῃρέθη
1509 2652 1523 2666 ο
1558 2636 1663 2688 ὑπὸ
1698 2636 1754 2688 δὲ
1788 2634 1882 2689 τοῦ

1989 2658 2119 2698 vero
2168 2641 2386 2697 Iuliano
2436 2652 2721 2699 revocatus
2770 2655 2826 2699 et
2870 2644 3268 2700 humanissime
3315 2651 3571 2715 exceptus

293 2730 729 2785 δυσσεὸεπάτου
769 2727 1056 2783 Ἰουλιανοῦ
1089 2726 1359 2799 ἀνεκλήθη
1396 2744 1457 2779 τε
1502 2728 1597 2779 καὶ
1624 2725 1883 2797 φιλοφρό-
1991 2732 2109 2787 fuit.

294 2840 401 2886 νως
439 2821 719 2892 essetnon.

1378 2933 1452 2988 De
1485 2931 1710 2996 Basilio,
1734 2949 1800 2987 ex
1828 2931 2005 2987 Pltott'i
2029 2932 2291 2989 Bibliotb.
2329 2951 2381 2989 η.
2419 2934 2510 2990 ιο.

366 3046 657 3101 Βασιλείου
683 3049 743 3102 δὲ
775 3045 869 3102 τοῦ
898 3047 1136 3118 μεγάλου
1167 3047 1527 3120 ἐπεχείρησεν
1557 3048 1753 3117 ὑφάναι
1779 3047 1896 3118 μῶ-

2071 3049 2277 3105 Basilio
2303 3064 2434 3105 vero
2458 3048 2654 3120 Magno
2684 3049 3015 3105 calumniam
3051 3058 3235 3103 texere
3265 3063 3436 3104 ausus
3463 3059 3548 3104 est

298 3157 427 3210 μον,
468 3138 537 3192 δι’
560 3133 624 3193 οὗ
666 3139 1042 3212 λαμπρότερον
1087 3139 1275 3204 ἔδειξε.
1307 3140 1418 3211 Τὴν
1465 3140 1564 3210 μὲν
1598 3139 1708 3210 γὰρ
1741 3140 1896 3209 ἰσχὺν

1996 3156 2105 3213 qua
2137 3140 2491 3197 illustriorem
2525 3155 2644 3193 eum
2678 3139 2932 3195 reddidit.
2969 3137 3090 3194 Vim
3124 3138 3270 3193 enim
3315 3147 3371 3206 et
3398 3152 3569 3195 ventio

298 3232 487 3287 καὶτὸ
516 3232 713 3295 κάλλος
744 3232 842 3303 τῆς
885 3233 943 3286 ὲν
982 3235 1095 3296 τοῖς
1137 3232 1509 3305 πανηγύρεσιν
1552 3231 1769 3303 ὁμιλίας
1798 3229 1892 3283 ὑπ’

1994 3243 2188 3290 statem
2225 3232 2497 3289 sermonis
2526 3231 2580 3286 in
2611 3231 2989 3299 coneionibus,
3025 3231 3142 3301 ipsa
3170 3232 3250 3288 rei
3296 3231 3571 3288 evidentia

299 3321 485 3391 αὐτῆς
512 3320 614 3391 τῆς
653 3320 764 3375 τῶν
808 3320 1149 3393 πραγμάτων
1186 3320 1469 3391 ἐνεργείας
1497 3318 1724 3389 ὲϐιάσθη
1751 3334 1891 3387 συμ-

1992 3324 2149 3381 fateri
2182 3333 2411 3380 coaetus
2436 3332 2538 3379 est.
2574 3321 2948 3378 Temerarium
2991 3332 3169 3379 tamen
3198 3323 3381 3394 ipsum
3410 3323 3574 3380 homo

299 3411 683 3482 φθέγξασθαι·
731 3411 937 3483 θρασὺν
983 3411 1028 3465 δ’
1054 3412 1217 3468 αὑτὸν
1255 3411 1285 3466 ὁ
1323 3411 1555 3475 δείλαιος
1599 3409 1888 3473 ἀποκαλεῖ,

1990 3415 2165 3472 futilis
2214 3415 2470 3486 appellat,
2497 3431 2599 3471 nec
2646 3414 2702 3473 in
2753 3413 3044 3471 refutando
3092 3414 3473 3481 exercitatum,
3504 3429 3573 3471 eo

299 3506 395 3559 καὶ
444 3482 806 3573 άπιλογικῶν
832 3505 1004 3575 λόγων
1027 3506 1274 3576 ἄπειρον,
1309 3504 1412 3567 ὅτι,
1437 3505 1622 3573 φησιν,
1655 3502 1886 3560 ἀπετόλ-

1928 3482 1957 3539 δ
1994 3506 2161 3576 quod,
2193 3482 2380 3570 ut'ait,
2402 3504 2657 3560 Eunomii
2694 3504 2849 3561 libris
2872 3504 3205 3574 respondere
3233 3519 3404 3561 ausus
3427 3514 3529 3561 est.

303 3612 491 3668 μησεν
517 3596 785 3664 Εὐνομίου
810 3599 931 3660 ταῖς
960 3598 1300 3666 συγγραφαῖς
1327 3593 1733 3659 ἀντιτάξασθαι.

1156 3712 1234 3768 De
1259 3712 1487 3769 Leontio
1521 3727 1603 3781 ep.
1633 3708 1884 3780 Tripolis,
1925 3706 2065 3778 apud
2094 3702 2319 3760 Suidam
2351 3683 2404 3756 in
2440 3704 2705 3770 Λεόντιος.

377 3831 494 3884 Τὸν
516 3827 754 3882 τοιοῦτον
774 3828 1023 3881 Λεόντιον
1048 3826 1521 3899 προσεταιρίζεται
1546 3826 1574 3878 ὁ
1603 3823 1896 3894 κακόφρων

2076 3816 2233 3870 Hunc
2263 3830 2394 3870 vero
2424 3812 2711 3868 Leontium
2738 3814 2843 3869 sibi
2876 3814 3115 3871 vindicat
3142 3815 3424 3886 improbus
3444 3816 3572 3873 Phi-

298 3921 697 3992 Φιλοστόργιος
733 3921 790 3973 ὲν
815 3920 883 3989 τῇ
914 3918 1079 3988 βίϐλῳ
1106 3918 1227 3971 ἀντὶ
1245 3915 1361 3981 τοῦ,
1389 3916 1464 3981 ὡς
1489 3914 1768 3986 ὁμόφρονα
1797 3912 1897 3983 τῆς

2002 3907 2293 3979 lostorgius
2322 3907 2377 3961 in
2407 3906 2548 3961 libro
2577 3945 2593 3960 .
2621 3944 2637 3959 .
2664 3943 2680 3961 .
2713 3906 2861 3962 velut
2892 3907 3317 3963 consentientem
3356 3908 3574 3965 Arinnm

317 4012 675 4084 Ἀρειανικῆς
701 4010 866 4064 αὐτοῦ
895 4008 1329 4081 κακοφροσύνης.

897 4008 1329 4081 κακοφροσύνης.
2003 4015 2117 4056 suae
2145 3996 2498 4068 improbitati.

402 4143 487 4197 De
513 4140 769 4211 Iordane,
795 4153 843 4196 et
876 4143 942 4197 de
971 4141 1239 4205 Paneade,
1269 4142 1408 4212 quod
1439 4141 1590 4195 habet
1621 4139 1854 4197 Joannes
1882 4138 2003 4193 Anti

1815 4156 1854 4195 es
1882 4134 2246 4193 Antiochensis
2308 4125 2447 4199 Περὶ
2481 4126 2860 4199 ἀρχαιολογίας
2897 4126 3004 4182 ἀπὸ
3036 4120 3136 4192 τῆς
3176 4120 3416 4189 ἱστορίας

1746 4230 2142 4303 Φιλοστοργίου.

390 4333 521 4387 Ἐπ’
544 4331 790 4401 ἐσχάτοις
816 4330 913 4400 τῆς
942 4329 1302 4401 Παλαιστίνης
1335 4329 1590 4399 τέρμασι,
1629 4325 1744 4397 μεθ’
1767 4324 1834 4396 ἢν
1862 4324 1896 4394 ή

2078 4317 2159 4373 Ad
2184 4324 2460 4372 extremos
2482 4310 2784 4368 Palestina:
2815 4311 2972 4376 lines,
3020 4320 3311 4382 postquam
3360 4309 3581 4373 Nurni-

303 4429 421 4480 τῶν
481 4424 741 4477 Φοινίκων
793 4422 1091 4492 ἐκδέχεται,
1124 4424 1302 4476 κεῖται
1348 4421 1503 4483 πόλις
1550 4419 1657 4472 Δάν
1707 4419 1902 4487 ὀνομα-

2006 4411 2086 4465 cia
2111 4407 2334 4477 excipit,
2368 4406 2472 4460 sita
2496 4414 2581 4460 est
2612 4404 2745 4460 urbs
2783 4418 2906 4474 qua
2936 4401 3051 4457 Dan
3103 4404 3259 4475 {rius
3287 4402 3583 4458 vocabatur

307 4520 515 4571 σθεῖσα
547 4515 811 4586 πρότερον
832 4515 896 4566 ὲκ
916 4490 1020 4583 τῆς
1049 4512 1144 4566 τοῦ
1165 4513 1271 4566 Δάν
1294 4510 1488 4581 φυλῆς,
1518 4510 1756 4581 ὁπηνίκα
1776 4507 1906 4579 χρό-

2007 4498 2074 4552 de
2102 4496 2244 4551 tribu
2290 4495 2399 4549 Dan
2436 4511 2449 4548 :
2486 4507 2596 4562 quo
2622 4500 2862 4560 tempore
2906 4504 3084 4560 eoque
3136 4490 3279 4543 haud
3328 4503 3504 4558 parvo
3525 4490 3578 4543 lui

308 4553 515 4571 μνη...
554 4553 808 4586 "Fuﬁ.-.
832 4553 896 4566 ..η
934 4553 1018 4583 ..μ
1060 4553 1144 4566 ..η
1165 4553 1267 4566 -.η
1296 4553 1488 4581 νην,
1520 4553 1756 4581 -..Ἱππ
1778 4553 1874 4579 Μ.-

308 4626 404 4661 νον
437 4607 527 4662 ἐπ’
556 4608 657 4660 οὐκ
690 4606 869 4673 ὀλίγον
902 4596 1047 4657 οὗτοι
1077 4604 1141 4676 δὴ
1173 4603 1324 4673 μόνοι
1354 4602 1449 4656 τοῦ
1486 4601 1685 4664 παντὸς
1721 4598 1907 4661 ἔθνοπ

2042 4588 2109 4644 oli
2157 4587 2322 4642 totius
2364 4553 2540 4653 gentis
2567 4553 2831 4647 errantes,
2864 4553 3080 4636 tandem
3111 4580 3251 4637 locis
3280 4553 3387 4636 illis
3417 4594 3582 4635 occu-

310 4700 692 4770 πλανώμενοι,
722 4672 1027 4750 τελευταῖον
1071 4672 1140 4748 τά
1178 4672 1354 4767 ταύτῃ
1397 4692 1756 4763 κατασχόντες
1800 4708 1908 4761 χω-

2009 4680 2150 4750 patis
2183 4678 2274 4733 vix
2303 4686 2356 4733 et
2381 4690 2522 4747 (egre
2550 4674 2936 4734 consederunt,
2976 4673 3277 4743 urbemque
3309 4672 3375 4727 ad
3404 4680 3584 4727 extre—

315 4791 440 4863 ρία,
481 4762 642 4859 μόγις
669 4785 1011 4859 ἱδρύνθησαν.
1044 4789 1138 4841 καὶ
1169 4762 1442 4839 πόλιν-,επὶ
1462 4762 1579 4846 τοῖς
1601 4784 1789 4854 ἄκροις
1810 4781 1908 4834 αὺ-

2010 4786 2129 4827 mos
2177 4783 2368 4824 eorum
2419 4768 2553 4822 lines
2610 4764 2962 4829 aediﬁcantes,
3002 4762 3293 4836 Phylarcbi
3339 4763 3594 4834 ipsorum

312 4851 436 4936 τῶν
464 4851 980 4950 όρεσιδεξμάμενοι,
1004 4876 1102 4948 τὴν
1128 4876 1222 4929 τοῦ
1243 4875 1524 4947 Φυλάρχου
1547 4851 1695 4942 σφῶν
1721 4871 1912 4942 ἐπέθη-

2009 4877 2209 4917 nomen
2233 4859 2563 4915 indiderunt.
2585 4854 2791 4925 Hicque
2814 4853 3041 4909 ultimus
3063 4863 3179 4908 erat
3204 4852 3404 4908 Judaeae
3425 4851 3584 4907 Phoe-

314 4986 428 5023 καν
484 4943 697 5037 κλῆσιν.
886 4943 1070 5017 τοῦτο-
1092 4960 1160 5034 ἦν
1200 4962 1301 5033 τῆς
1334 4943 1595 5023 Ἰουδαίας
1626 4959 1654 5011 ὁ
1686 4958 1910 5029 ἔσχατος

2011 4954 2210 5008 niciam
2239 4965 2431 5007 versus
2463 4949 2750 5004 terminus.
2775 4944 2928 5001 Hane
2952 4961 3076 5001 cum
3099 4943 3341 5001 Herodes
3360 4943 3586 5015 Magnus

316 5059 472 5131 πρὸς
505 5055 759 5124 Φοινίκην
786 5053 931 5124 ὅρος.
959 5051 1176 5124 Ταύτην
1206 5051 1383 5123 χρόνῳ
1414 5050 1636 5120 ὕστερον
1666 5046 1910 5119 Ἡρώδης

2014 5044 2410 5116 posterioribus
2458 5039 2797 5110 temporibus
2844 5037 3188 5102 aediﬁcasset,
3234 5043 3444 5091 mutato
3482 5050 3584 5093 no—

312 5154 348 5205 ὁ
367 5125 571 5219 ’μέγας
602 5146 985 5216 οἰκοδομήσας.
1013 5145 1348 5215 Καισάρειαν
1374 5142 1641 5196 Φιλίππου
1677 5140 1913 5210 μετωνό-

2013 5138 2158 5192 ιιιὶηε
2180 5134 2481 5190 Cesaream
2508 5130 2741 5200 Philippi
2771 5130 2983 5184 vocavit
3008 5147 3023 5197 ;
3049 5142 3195 5183 nunc
3216 5141 3347 5182 vero
3376 5125 3588 5184 Paucas

320 5257 484 5313 μασε
503 5253 519 5268 ⁸
564 5237 660 5290 νῦν
691 5236 748 5289 δὲ
780 5235 989 5299 Πανεάς
1016 5238 1126 5289 ἐστι
1154 5235 1479 5305 καλουμένη.
1512 5234 1585 5286 Τὸ
1609 5232 1716 5303 γάρ
1740 5232 1913 5293 Πανὸς

2014 5237 2256 5285 vocatur.
2287 5226 2425 5280 Cum
2474 5223 2618 5278 enim
2670 5221 2835 5275 Panis
2867 5222 2923 5275 in
2958 5237 3021 5275 ea
3050 5219 3402 5275 simulacrum
3434 5220 3585 5290 posi—

319 5308 384 5385 έν
420 5328 605 5402 ταύτῃ
636 5328 836 5399 βρέτας
871 5328 1220 5396 στησάμενοι,
1250 5328 1329 5388 είς
1357 5326 1515 5378 τοῦτο
1546 5326 1644 5396 τὴν
1688 5324 1786 5395 τῆς
1820 5322 1918 5376 πό-

2015 5330 2127 5374 tum
2157 5316 2368 5379 luisset,
2402 5326 2598 5367 nomen
2636 5311 2779 5365 istud
2829 5309 2958 5364 urbs
3003 5309 3092 5363 illa
3126 5308 3355 5378 accepit.
3388 5308 3446 5363 ln
3488 5308 3589 5364 hac

314 5425 471 5485 λεως
498 5398 729 5492 ἐτρεψὲιν
752 5419 1143 5491 προσηγορίαν.
1163 5420 1249 5471 Ἐν
1268 5417 1439 5490 ταύτῃ
1461 5420 1527 5488 τῇ
1556 5417 1787 5470 Πανεάδι
1807 5416 1915 5469 τῶν

2014 5408 2261 5466 Paneade
2281 5405 2414 5460 alter
2433 5419 2463 5457 e
2483 5401 2696 5457 duobus
2719 5399 2974 5455 Jordanis
2997 5398 3239 5456 fontibus
3260 5401 3435 5456 oritur
3458 5398 3592 5471 (duo

317 5514 425 5569 τοῦ
466 5511 735 5583 Ἰορδάνου
773 5510 965 5580 πηγῶν
996 5512 1028 5580 ἡ
1058 5510 1220 5580 ἑτέρα
1259 5510 1522 5573 τίκτεται,
1552 5509 1695 5562 δυοῖν
1718 5507 1917 5573 οὐσῶν,

2015 5503 2158 5558 enim
2207 5497 2383 5552 fontes
2412 5494 2572 5564 sunt)
2597 5495 2690 5564 qui
2721 5492 2833 5548 Dan
2858 5493 3158 5548 etiamnum
3189 5506 3254 5549 ex
3289 5491 3463 5549 veteri
3492 5506 3592 5545 no-

320 5604 441 5659 Δάν
478 5602 547 5655 ἐκ
573 5600 667 5655 τοῦ
700 5599 927 5654 παλαιοῦ
957 5600 1219 5670 ὀνόματος
1264 5598 1343 5651 ἔτι
1388 5600 1481 5652 καὶ
1524 5597 1619 5651 νῦν
1659 5595 1919 5669 ὀνομαζο-

2017 5594 2162 5650 mine
2196 5597 2459 5655 vocatur;
2513 5588 2743 5643 alterum
2790 5602 2919 5642 vero
2967 5585 3060 5655 qui
3112 5583 3208 5640 Jor
3252 5584 3589 5643 nominatur,

325 5696 482 5767 μένη
512 5711 524 5724 ο
571 5694 667 5763 τὴν
716 5693 821 5763 γάρ
854 5692 1065 5763 ἑτέραν,
1096 5693 1215 5762 ἥτις
1250 5691 1352 5760 Ἰὸρ
1397 5689 1752 5755 ἐπικαλεῖται,
1793 5690 1919 5760 πάρ-

2020 5683 2209 5757 procul
2236 5682 2305 5739 ab
2339 5682 2430 5738 illo
2460 5680 2651 5739 stadiis
2679 5678 2893 5736 circiter
2928 5676 3049 5743 160,
3083 5676 3237 5733 collis
3274 5675 3490 5746 quidam
3518 5683 3585 5721 ex
