4054 6198
490 360 553 411 27
683 341 703 368 ·’
728 368 737 375 ί
1545 355 2046 412 surpLEuENrA
2083 354 2705 412 PHILOSTORGIANA.

3596 356 3687 419 629

457 472 642 525 eodem
682 477 863 523 monte
887 465 1185 535 profundit.
1207 466 1285 521 Ex
1316 477 1547 538 utroque
1577 470 1772 524 horum
1802 470 2035 526 elfundi-

2143 468 2311 539 ρωθεν
2336 470 2506 540 αὐτῆς
2532 469 2608 532 ὡς
2640 468 2747 521 άπὸ
2775 466 3003 521 σταδίων
3028 476 3105 537 ρξ’
3134 465 3363 530 κολωνός
3388 482 3467 529 τις
3490 467 3576 521 τοῦ
3607 470 3690 524 ab.

454 574 544 619 tur
571 561 765 615 fluvius
787 558 877 612 hic
898 557 1117 627 quidem
1147 555 1384 622 Jorates,
1404 559 1545 614 sicut
1570 560 1661 615 ille
1689 561 1911 617 Dauites
1937 577 2034 615 vo-

454 660 628 707 catur.
664 646 765 714 Qui
794 663 890 717 per
924 655 1165 702 montem
1197 645 1383 713 delati,
1409 646 1501 702 ubi
1530 648 1583 702 in
1619 649 1778 718 plana
1807 651 2033 706 descen-

454 742 653 807 derint,
694 740 818 794 inde
856 739 970 809 jam
1020 738 1322 805 confluunt,
1359 740 1767 810 maximumque
1810 740 2032 796 ﬂuvium

454 828 693 886 elﬁciunt
724 829 1039 886 Jordanem.
1069 829 1172 896 Qui
1218 831 1412 885 exinde
1446 840 1499 885 et
1528 846 1700 901 aquas
1745 841 1801 886 et
1835 847 2035 886 nomen

456 923 743 993 utriusque
768 923 819 976 in
849 938 1017 976 unum
1048 922 1434 986 commiscens,
1463 938 1559 992 per
1580 924 1757 977 lacum
1790 922 2039 978 Tiberia-

457 1013 543 1068 dis
578 1013 795 1078 transit,
826 1013 1060 1067 medium
1087 1028 1211 1067 eum
1243 1028 1454 1074 secans,
1482 1003 1684 1084 perque
1708 1022 1880 1068 totum
1912 1028 2039 1069 eum

458 1103 681 1173 proprio
735 1102 888 1158 alveo
941 1102 1137 1166 fluens.
1170 1101 1352 1172 quoad
1393 1118 1566 1172 usque
1615 1103 1681 1158 ad
1731 1094 2069 1174 oppositam.

461 1194 826 1250 continentem
863 1195 1175 1266 perveniat;
1211 1194 1313 1249 sibi
1341 1194 1445 1262 ipsi
1466 1194 1692 1264 aequalis
1737 1211 1952 1264 semper
1979 1210 2045 1252 ac

462 1286 681 1342 similis.
715 1286 845 1342 lude
871 1286 984 1356 jam
1038 1302 1133 1356 per
1183 1286 1529 1342 Palmstinam
1564 1287 1773 1353 labens,
1813 1296 1957 1344 totus
1987 1288 2042 1342 iu

463 1394 615 1433 mare
648 1381 790 1449 qpod
819 1378 1090 1433 Mortuum
1119 1379 1318 1433 dicitur
1349 1379 1574 1448 illapsus
1598 1378 1987 1449 exstinguitur.

2132 564 2226 614 τοῦ
2279 562 2533 634 προῖησιν
2579 552 2867 631 δρους.⁷Ων
2892 559 2953 623 ἐξ
2985 558 3256 628 ἑκατέρας
3290 556 3399 626 (l2)
3435 562 3694 629 προχεῖται

2134 652 2396 723 ποταμὸς,
2432 654 2461 705 ὁ
2505 651 2601 722 μὲν
2645 651 2903 722 Ἰοράτης,
2945 653 2975 703 ὁ
3008 648 3065 701 δὲ
3099 647 3329 716 Δανίτης
3365 648 3696 721 ἐπικαλούμε-

2132 760 2249 807 νος·
2287 744 2335 796 οἳ
2368 741 2456 795 διὰ
2490 741 2585 795 τοῦ
2633 742 2794 814 ὅρους
2843 741 3155 813 ἐνεχθέντες
3202 738 3390 810 ἐπειδὴ
3420 740 3696 795 καταϐαῖεν

2134 835 2212 898 είς
2245 833 2306 887 τὸ
2340 834 2542 899 πεδίον,
2571 834 2803 887 ἐνταῦθα
2849 834 2949 904 ἤδη
2994 832 3259 897 ξυνίασ.ν,
3292 833 3385 885 καὶ
3426 831 3517 885 ἕνα
3554 832 3688 903 μέγι-

2135 944 2258 980 στον
2306 925 2627 980 ἀποτελοῦσι
2675 925 2941 996 ποταμὸν,
2971 924 3063 977 τὸν
3101 922 3491 996 Ίορδάνῳῧίέν
3514 922 3684 993 ται)τῷ

2135 1020 2235 1091 ἤδη
2282 1020 2345 1073 τό
2391 1038 2449 1073 τε
2482 1018 2660 1092 ῥεῦμα
2696 1017 2790 1072 καὶ
2828 1016 2926 1089 τὴν
2961 1014 3338 1088 προσηγδρίαν
3364 1016 3687 1086 κιρνάμενος,

2135 1112 2237 1182 τὴν
2287 1112 2388 1183 τῆς
2436 1110 2754 1182 Τιϐεριάδος
2781 1109 3003 1173 διέξεισι
3044 1107 3262 1178 λίμνην,
3308 1106 3475 1177 μέσην
3505 1106 3701 1175 τέμνων

2139 1199 2328 1271 αὐτὴν,
2362 1200 2455 1254 καὶ
2487 1201 2553 1253 δι’
2578 1201 2705 1269 ὅλης
2733 1198 2906 1268 αὐτῆς
2941 1201 2999 1250 ἐν
3032 1195 3109 1267 τῷ
3136 1196 3324 1267 οἰκείῳ
3347 1194 3487 1265 ὁλκῷ
3526 1195 3701 1266 ῥεόμε-

2139 1307 2229 1355 νος
2256 1292 2368 1362 (15)
2424 1292 2617 1362 μέχρις
2661 1292 2726 1344 ἂν
2774 1291 2867 1342 ἐπὶ
2914 1288 3014 1359 τὴν
3062 1287 3354 1340 κατέναντι
3403 1285 3703 1357 ἐκπεράσειε

2141 1382 2265 1452 γῆν,
2300 1382 2414 1447 tuo;
2437 1383 2598 1446 αὐτὸς
2624 1381 2804 1452 ἐαυτῷ
2829 1382 2921 1435 καὶ
2955 1380 3337 1451 παραπλήσιος
3362 1376 3435 1430 ὧν
3455 1395 3467 1409 ·
3495 1375 3700 1431 κάντεῦ-

464 1471 555 1524 Θεν
582 1472 683 1541 ήδη
719 1471 808 1524 διὰ
835 1471 936 1541 τῆς
967 1470 1332 1541 Παλαιστίνης
1405 1469 1663 1539 ἐνεχθεὶς,
1701 1470 1845 1533 ἅπας
1916 1471 1997 1533 εἰς
2024 1473 2123 1544 τὴν
2163 1474 2385 1543 Νεκράν
2428 1474 2769 1546 καλουμένην
2829 1471 3097 1526 εἰσπεσὼν
3160 1470 3477 1540 ἀφανίζεται
3528 1467 3697 1522 Θάλασ-

464 1579 582 1617 σαν.

614 1700 684 1754 De
710 1699 1068 1770 Apollinari»,
1104 1696 1323 1770 Basilio.
1353 1706 1405 1751 et
1429 1695 1692 1770 Gregorio
1714 1697 2094 1770 Nazianzeno._
2112 1695 2252 1770 quod
2279 1695 2561 1770 ipsigsintjs
2605 1691 2946 1770 Pliifostorgii
2974 1691 3143 1745 verbis
3175 1692 3415 1745 recitatis
3439 1691 3583 1746 habet

1168 1767 1367 1821 Suidar
1394 1763 1563 1820 tribui
1587 1767 1737 1831 locis,
1770 1768 1822 1821 in
1849 1784 1897 1821 υ.
1916 1769 2044 1821 Ἀπο

2143 1766 2341 1837 νάριος,
2373 1764 2672 1828 Βασίλειος,
2702 1763 3021 1835 Γρηγὸριος.

535 1911 900 1984 Apollinarius
930 1909 1077 1964 enim
1120 1907 1227 1963 illis
1255 1904 1593 1976 temporibus
1626 1904 1810 1960 floruit
1838 1904 2038 1960 Laodi-
2068 1914 2117 1971 Β

464 2019 574 2061 ceae
624 2003 812 2075 Syriae,
854 2010 909 2056 et
963 1998 1198 2055 Basilius
1248 1996 1509 2053 Caesarea:
1556 1996 1934 2066 Cappazfocim,
1989 2006 2044 2051 et

465 2094 760 2166 Gregorius
788 2090 1049 2147 Naziauzi
1088 2108 1100 2143 :
1138 2098 1220 2144 est
1244 2103 1370 2143 vero
1402 2087 1555 2143 locus
1590 2088 1678 2141 bic
1707 2087 1872 2141 statio
1889 2086 2042 2156 ejus-

464 2188 586 2241 dem
613 2182 987 2255 Cappadocire.
1023 2180 1157 2236 Tres
1191 2194 1318 2235 vero
1348 2178 1448 2233 viri
1488 2178 1577 2234 isti
1619 2187 1745 2232 tunc
1775 2178 2044 2230 bomoou-

466 2280 586 2336 sion
636 2276 1075 2351 propugnabant,
1108 2272 1371 2328 adversus
1417 2270 1829 2332 bcteroousion,
1882 2268 2043 2336 longe

467 2376 788 2441 superantes
843 2382 1035 2422 omnes
1066 2365 1159 2435 qui
1205 2365 1375 2432 prius,
1436 2360 1642 2430 quique
1686 2359 1939 2427 deinceps
1974 2356 2043 2411 ad

466 2477 643 2516 meam
678 2468 891 2514 atatem
941 2470 1115 2525 usque
1160 2454 1238 2507 illi
1272 2450 1463 2505 haeresi
1494 2447 1863 2519 pr.cfuerunt;
1907 2448 2043 2502 adeo

466 2561 527 2605 ut
551 2564 661 2619 pra:
684 2548 752 2603 iis
776 2534 1106 2601 Athanasius
1133 2558 1265 2612 puer
1310 2541 1649 2611 judicaretur
1685 2557 1697 2592 :
1737 2555 1863 2594 nam
1902 2548 1955 2594 et
1987 2541 2041 2594 in

466 2656 533 2697 ro
565 2640 830 2695 doctrinze
858 2651 1054 2709 genere
1082 2634 1226 2705 quod
1256 2642 1541 2689 externum
1579 2632 1696 2700 (seu
1727 2631 2041 2701 profanum)

465 2733 686 2799 dicitur,
738 2732 1033 2801 plurimum
1097 2728 1150 2781 bi
1201 2726 1542 2796 profecerant
1592 2741 1605 2777 :
1656 2732 1708 2778 ct
1759 2737 2042 2777 sacrarum

468 2824 898 2894 Scripturarum,
937 2833 1279 2891 quaecunque
1311 2818 1379 2872 ad
1434 2818 1721 2872 lectionem
1765 2827 1819 2871 et
1857 2830 2037 2885 prom~

464 2926 614 2986 ptam
650 2913 967 2969 memoriam
990 2909 1361 2970 conferebant,
1383 2922 1635 2978 magnam
1650 2908 1913 2961 notitiam
1944 2906 2043 2961 lia-

463 3004 686 3065 bebant,
716 3011 769 3057 et
790 3002 931 3056 inter
960 3016 1055 3055 eos
1090 3000 1327 3053 maxime
1347 2998 1718 3068 Apollinarius
1744 3016 1755 3051 :
1786 2998 1877 3053 bic
1897 2998 2041 3052 enim

464 3095 788 3153 llebraicam
817 3093 979 3148 etiam
1015 3092 1258 3162 linguam
1288 3090 1588 3160 intelligere
1629 3097 1862 3159 poterat.
1898 3089 2042 3156 Quin

464 3201 519 3246 et
549 3188 925 3259 unusquisque
970 3200 1156 3241 eorum
1191 3185 1246 3239 iu
1280 3198 1381 3238 suo
1415 3183 1612 3253 singuli
1647 3182 2043 3255 generepluri-

467 3297 616 3336 mum
651 3280 791 3351 stylo
819 3278 1070 3333 valebant
1117 3295 1129 3330 :

465 3386 664 3444 genere
718 3370 866 3441 quod
925 3365 1483 3424 commentationibus
1536 3374 1619 3420 est
1673 3365 2042 3435 aptissimum,

467 3462 628 3533 longe
654 3461 979 3532 praestabat;
1009 3458 1243 3513 Basilius
1264 3472 1391 3512 vero
1418 3456 1472 3511 in
1499 3472 1696 3528 genere
1719 3457 2047 3527 panegyrico

466 3553 944 3624 splendidissimus
965 3558 1102 3608 erat.
1120 3549 1189 3604 At
1211 3548 1460 3619 Gregorii
1488 3563 1611 3603 cum
1637 3556 1872 3618 utroque
1893 3562 2047 3602 com-

468 3644 642 3714 parati
669 3643 866 3708 oratio,
893 3642 1268 3697 sublimiorem
1319 3640 1371 3693 in
1415 3638 1714 3708 scriptione
1741 3637 1919 3693 locum
1952 3638 2049 3693 ob-

468 3736 650 3790 tinuit.
676 3735 888 3790 Etenim
922 3733 1262 3803 Apollinario
1306 3740 1422 3786 erat
1464 3729 1683 3786 uberior
1709 3730 1764 3785 in
1795 3730 2045 3796 dicendo,

470 3829 668 3885 Basilio
700 3844 827 3883 vero
856 3830 1088 3900 gravior.
1114 3826 1250 3881 Cum
1283 3835 1463 3881 autem
1515 3826 1605 3881 isti
1654 3834 1802 3881 tanta
1833 3825 2047 3899 dicendi

469 3931 522 3975 ut
560 3921 829 3977 scribendi
855 3929 908 3975 ct
942 3919 1199 3974 facultate
1229 3919 1440 3989 praediti
1475 3929 1677 3983 essent,
1713 3934 1821 3973 non
1866 3920 2048 3976 minus

469 4010 630 4065 etiam
665 4025 843 4065 mores
868 4025 978 4080 prae
1007 4025 1066 4064 se
1096 4009 1338 4064 tulerunt
1366 4009 1431 4062 ad
1461 4007 1805 4069 alliciendam
1850 4009 1915 4064 ad
1961 4009 2045 4065 sui

469 4102 836 4172 spectaculum
889 4101 1291 4155 multitudinem
1332 4110 1487 4169 aptos
1527 4116 1541 4153 :
1579 4099 1717 4154 adeo
1767 4111 1824 4155 ut
1875 4116 1970 4155 eos
2014 4117 2045 4155 a

471 4196 670 4263 quibus
715 4194 1185 4262 conspicerentur,
1212 4203 1266 4249 ct
1313 4194 1455 4264 apud
1488 4209 1629 4264 quos
1680 4195 1843 4248 verba
1901 4192 2046 4248 face-

472 4294 612 4346 rent,
639 4293 694 4337 et
725 4298 1065 4352 quacunque
1098 4286 1297 4354 scripta
1323 4285 1563 4357 ederent,
1595 4284 1821 4340 omnino
1848 4294 2050 4355 pertra-

472 4376 661 4429 herent
685 4373 737 4427 in
765 4373 849 4427 sui
885 4377 1352 4441 communionem,
1378 4384 1651 4446 quotquot
1694 4378 1887 4447 quavis
1917 4376 2048 4430 ista—

472 4481 591 4520 rum
626 4465 899 4520 rationum
932 4464 1091 4520 facile
1117 4468 1235 4535 capi
1269 4476 1539 4536 poterant.

1175 3248 1543 3345 Apollinarius
1590 3248 1798 3330 scilicet
1826 3248 2040 3328 dicendi
2069 3248 2112 3305 ο

2228 1902 2636 1975 Ἀπολλινάριος
2662 1899 2771 1971 γὰρ
2806 1898 3021 1971 ἤκμαζε
3052 1898 3172 1952 κατ’
3189 1898 3437 1962 ἐκείνους
3466 1899 3585 1962 τοὺς
3605 1900 3697 1969 χρὸ

2147 2012 2270 2059 νους
2305 1997 2364 2049 ἐν
2394 1997 2459 2066 τῇ
2488 1993 2777 2064 Λαοδικείᾳ
2822 1993 2921 2062 τῆς
2963 1992 3184 2061 Συρίας,
3224 1990 3321 2044 καὶ
3362 1991 3629 2054 Βασίλειος
3661 1992 3709 2044 ἐν

2144 2087 2453 2158 Καισαρείᾳ
2495 2086 2594 2157 τῆς
2627 2085 3047 2147 Καππαδοκίας,
3094 2085 3187 2138 καὶ
3233 2084 3534 2157 Γρηγόριος
3572 2085 3624 2136 ἐν
3652 2085 3710 2154 τῇ

2144 2178 2466 2249 Ναζιανξῴ·
2508 2176 2746 2248 σταθμὸς
2778 2176 2836 2230 δὲ
2870 2169 3025 2241 οὗτος
3060 2178 3088 2229 ὁ
3133 2175 3296 2238 τόπος
3329 2176 3455 2228 ἐστὶ
3497 2175 3588 2246 τῆς
3627 2174 3711 2226 αὑ-

2142 2272 2241 2342 τῆς
2274 2269 2689 2333 Καππαδοκίας.
2723 2270 2883 2341 Τρεῖς
2937 2269 2993 2321 δὲ
3039 2261 3186 2321 οὗτοι
3231 2267 3430 2339 ἄνδρες
3476 2267 3590 2320 τότε
3629 2264 3713 2319 τοῦ

2142 2361 2429 2433 ὁμοουσίου
2465 2360 2816 2430 προὺμάχουν
2848 2358 2988 2412 κατὰ
3019 2358 3112 2412 τοῦ
3147 2357 3511 2429 έτεροουσίου,
3541 2354 3715 2427 μακρῷ

2145 2452 2354 2516 πάντας
2409 2452 2841 2524 παρενεγκόντες
2883 2452 3008 2513 τοὺς
3056 2439 3320 2522 πρότερον
3373 2451 3464 2504 καὶ
3511 2447 3717 2517 ὔστερον

2144 2546 2304 2615 ἄχρις
2328 2541 2461 2615 ἐμοῦ
2485 2542 2581 2613 τῆς
2611 2542 2876 2613 αἱρέσεως
2909 2543 3250 2613 προστάντας
3272 2559 3284 2572 ·
3312 2542 3398 2606 ὡς
3424 2542 3579 2595 παῖδα
3601 2539 3716 2609 παρ’

2144 2639 2329 2701 αὐτοῖς
2371 2635 2624 2708 κριθῆναι
2672 2636 2762 2689 τὸν
2803 2633 3137 2688 Ἀθανάσιον.
3170 2635 3281 2707 Τῆς
3308 2652 3376 2688 τε
3403 2636 3508 2706 γάρ
3541 2634 3719 2701 ἔξωθεν

2145 2728 2484 2799 καλουμένης
2515 2726 2846 2790 παιδεύσεως
2866 2727 2959 2780 ἐπὶ
2986 2726 3233 2779 πλεῖστον
3258 2720 3412 2780 οὗτοι
3442 2724 3721 2798 προεληλύ-

2145 2819 2351 2884 θεισαν,
2385 2820 2481 2872 καὶ
2505 2817 2613 2871 τῶν
2646 2818 2808 2890 ίερῶν
2838 2818 3070 2889 Γραφῶν
3101 2817 3275 2871 ὁπόσα
3315 2822 3404 2884 είς
3433 2819 3723 2886 ἀνάγνωσιν

2145 2911 2239 2964 καὶ
2270 2912 2369 2982 τὴν
2400 2911 2687 2983 πρόχειρον
2737 2911 2956 2981 μνήμην
3002 2911 3193 2975 ἐτέλει,
3222 2910 3433 2982 πολλὴν
3474 2905 3610 2979 εἶχον
3635 2905 3722 2975 τὴν

2145 3003 2436 3074 ἐμπειρίαν
2458 3020 2471 3034 ·
2503 3003 2597 3055 καὶ
2634 3002 2870 3073 μάλιστά
2905 3019 2968 3070 γε
2997 3000 3179 3055 αὐτῶν
3220 3003 3248 3054 ὁ
3287 3000 3720 3071 Ἀπολλινάριος’

2144 3088 2299 3161 οὗτος
2331 3096 2439 3167 γὰρ
2473 3096 2536 3167 δὴ
2590 3096 2685 3148 καὶ¹
2730 3095 2832 3165 τῆς
2867 3093 3147 3166 Ἐϐραῖδος
3192 3093 3481 3147 διαλέκτου
3530 3090 3723 3144 ἐπαΐειν

2145 3184 2258 3250 οἷός
2281 3203 2340 3239 τε
2367 3183 2457 3257 ἦν.
2489 3186 2598 3240 Καὶ
2630 3186 2738 3257 μὴν
2786 3185 2878 3238 καὶ
2913 3185 3247 3256 συγγράφειν
3280 3183 3521 3245 ἕκαστος
3560 3182 3614 3244 ἐς
3642 3177 3723 3230 τὸν

2145 3276 2310 3330 αὑτοῦ
2341 3276 2543 3347 τρόπον
2569 3272 2638 3348 ἦν
2667 3274 3027 3338 ἱκανώτατος·
3056 3273 3135 3345 τῷ
3176 3274 3275 3345 μέν
3305 3290 3381 3343 γε
3427 3271 3722 3326 Ἀπολλινα-

2146 3370 2247 3441 ρίῳ
2274 3368 2335 3421 τὸ
2362 3368 2818 3449 ὑπομνηματιΙκὸν
2846 3364 2985 3431 εἶδος
3008 3367 3109 3437 τῆς
3137 3367 3364 3432 λέξεως,
3396 3363 3589 3437 μακρῷ
3613 3361 3725 3449 άριυ

2146 3478 2246 3513 στα
2274 3455 2418 3532 εἶχε·
2452 3448 2730 3525 Βασίλειος
2758 3460 2814 3513 δὲ
2842 3459 3214 3531 πανηγυρίσαι
3233 3458 3622 3530 λαμπρότατος
3641 3448 3724 3523 ἦν.

2144 3551 2237 3622 Τῷ
2268 3552 2328 3606 δέ
2359 3571 2425 3623 γε
2454 3553 2761 3625 Γρηγορίῳ,
2790 3552 2885 3605 καὶ
2934 3552 3064 3622 παρ’
3093 3551 3436 3622 ἀμφοτέροις
3486 3546 3726 3615 ἐξεταζο-

2147 3647 2315 3720 μένῳ,
2339 3646 2508 3718 μείζω
2540 3647 2697 3718 βάσιν
2730 3647 2810 3709 εἰς
2844 3645 3168 3717 συγγραφὴν
3202 3639 3353 3713 εἶχεν
3379 3646 3408 3698 ὁ
3435 3642 3609 3710 λόγος.
3628 3637 3727 3693 Καὶ

2146 3736 2214 3812 ἣν
2247 3742 2423 3794 είπείν
2462 3737 2867 3809 Ἀπολλιναρίου
2898 3736 2996 3807 μὲν
3032 3736 3345 3807 ἁδρότερος,
3378 3732 3653 3789 Βασιλείου
3676 3726 3729 3780 δέ

2149 3831 2573 3903 παθερὼτερος.
2608 3830 2887 3901 Τοσαύτης
2932 3830 2988 3883 δέ
3016 3830 3199 3892 αὐτοῖς
3232 3830 3288 3881 ἐν
3318 3828 3405 3899 τῷ
3432 3827 3608 3893 λέγειν
3641 3820 3727 3875 καὶ

2145 3925 2378 3996 γράφειν
2416 3923 2702 3994 δυνάμεως
2726 3921 2914 3992 οὔσης,
2951 3922 3043 3973 καὶ
3078 3920 3137 3973 τὸ
3164 3916 3295 3992 ἦθος
3325 3920 3484 3974 οὐδὲν
3512 3914 3667 3991 ἧττον
3682 3913 3727 3966 oi

2145 4018 2337 4089 ἄνδρες
2368 4018 2688 4088 παρείχοντο
2710 4016 2845 4089 πρὸς
2864 4015 2961 4086 τὴν
2986 4014 3093 4068 τῶν
3121 4012 3331 4067 πολλῶν
3361 4013 3491 4067 θέαν
3526 4013 3727 4076 ἐπαγω-

2145 4112 2406 4179 γότατον·
2455 4109 2596 4162 ὥστε
2646 4108 2741 4162 καὶ
2784 4103 2866 4173 οἷς
2887 4106 3127 4178 ὡρῶντο,
3161 4106 3253 4159 καὶ
3284 4101 3370 4170 οἷς
3403 4105 3610 4172 ἔλεγον,
3641 4097 3727 4153 καὶ

2145 4203 2321 4257 ὁπόσα
2364 4202 2667 4272 γράφοντες
2709 4199 3022 4264 διεδίδοσαν,
3063 4198 3153 4251 διὰ
3190 4199 3416 4251 πάντων
3462 4197 3627 4266 ᾕρουν
3657 4191 3726 4251 εἰς

2146 4297 2245 4366 τὴν
2280 4296 2486 4348 ἑαυτῶν
2516 4293 2801 4347 κοινωνίαν
2837 4293 2962 4355 τοὺς
3003 4291 3125 4345 καθ’
3154 4290 3331 4345 ὁτιοῦν
3368 4289 3553 4345 αὐτῶν
3582 4286 3719 4355 eux:-

2151 4387 2404 4459 ρέστερον
2435 4384 2753 4440 ἁλίσκεσθαι
2786 4384 3133 4453 δυναμένους.

1715 4671 1949 4715 VALESII
1978 4671 2470 4718 ANNOTATIONES-

541 4846 653 4917 (l2)
694 4839 804 4917 Ὧν
829 4844 898 4917 ἐξ
930 4844 1233 4917 ἑκατέρας.
1274 4841 1874 4917 Pessinualruuclucum
1892 4840 2044 4917 Joan-

2155 4843 2402 4917 dum_lii_c
2433 4855 2559 4917 esse
2584 4852 2777 4917 nonicu
2813 4839 3023 4917 πηγῶν,

472 4911 559 4971 nis
578 4911 903 4971 Antioclieni
931 4923 1163 4968 verterat
1187 4912 1423 4968 Jacobus
1455 4911 1823 4967 Gothofredus
1848 4929 1861 4964 :
1891 4912 2050 4981 cujus

473 5003 572 5042 nos
598 4986 906 5041 versionem
935 4984 1039 5039 boc
1067 4984 1185 5038 loco
1206 4984 1638 5038 errrendavimus.
1670 4981 1763 5038 Sic
1791 4983 1936 5037 enim
1962 4986 2048 5037 in-

473 5065 800 5125 terpretatus
830 5062 912 5110 cst
944 5073 956 5108 :
993 5052 1041 5105 E
1068 5070 1169 5123 quo
1196 5054 1440 5123 utrinque
1481 5053 1770 5122 eﬂ'unditur
1811 5052 2046 5125 ﬂuvius;

475 5123 595 5176 rum
641 5127 956 5181 vertendum
1003 5133 1166 5182 esset.
1204 5140 1269 5178 ex
1310 5136 1528 5193 turaque
1578 5125 1763 5193 florum
1818 5123 2046 5191 fontium

475 5194 880 5262 proﬂuitamuis
908 5211 926 5249 .'
953 5196 1091 5249 alter
1133 5193 1366 5256 Joraler,
1395 5197 1531 5247 alter
1580 5192 1798 5249 Dam'tes
1847 5195 2040 5246 dictus.

478 5260 593 5314 Non
639 5266 1013 5322 animadvertit
1065 5266 1269 5322 scilicet
1296 5264 1663 5322 Gothofredus
1717 5264 2048 5321 subaudien-

2225 4911 2340 4985 (15)
2372 4906 3121 4985 Ἒντῷοοοὸρκφρέόμενος.
3144 4906 3536 4985 Uniuslitlertc
3562 4912 3725 4985 muta-

2153 4972 2299 5039 tione
2319 4972 2507 5036 locum
2536 4972 2701 5035 hunc
2728 4972 2934 5036 san—avi
2954 4983 3055 5036 hoc
3076 4972 3247 5034 'modo
3277 4997 3290 5033 :
3318 4978 3399 5048 τῷ
3434 4977 3620 5048 οἰκείῳ
3648 4972 3725 5048 ὁλτ

2135 5055 2252 5107 .κῶ.
2287 5051 2730 5106 Emendationem
2784 5060 3026 5104 nostram
3072 5044 3401 5105 conﬁrmant
3450 5044 3723 5102 Suidaset

2154 5108 2475 5193 llesychius,
2504 5122 2601 5193 qui
2631 5119 2956 5193 ὁλκόνοίωη
2994 5133 3045 5174 et
3066 5131 3319 5193 _tractum
3345 5134 3452 5193 seu
3486 5119 3723 5193 impetum

2152 5188 2390 5261 ﬂuniinis
2434 5188 2740 5262 signiﬁcare
2768 5192 3034 5248 scribunt.
3065 5190 3320 5247 Facessat
3343 5188 3515 5259 igitur
3546 5188 3721 5249 conje-

2154 5271 2310 5317 ctura
2343 5261 2678 5319 Gothofredi.

1932 5477 2346 5494 ’μς-*ος
3406 5458 3435 5484 .
