4010 6210
240 344 349 404 639

270 571 549 587 —-—-—~

1409 344 1893 404 PHILOSTORGII
1936 344 2381 402 FRAGMENTA.

3413 349 3533 407 630'

866 739 1742 854 FRAGMENTA
1827 738 2895 855 PHILOSTORGII.

1427 1032 1506 1088 Ex
1539 1033 1710 1089 Suida
1746 998 1810 1088 in.
1848 1048 1984 1089 voce
2023 1033 2353 1104 Ἀγαπητός.

330 1152 641 1223 ’Δγαπητὸς
655 1151 953 1215 ἐπίσκοπος
974 1152 1242 1217 Συνάδων,
1266 1154 1326 1209 όν
1347 1155 1404 1208 ἐν
1422 1154 1629 1225 ἐπαίνῳ
1649 1153 1831 1224 πολλῷ

2005 1154 2282 1223 Agapetus
2337 1150 2683 1223 Synadorum
2738 1153 3057 1222 episcopus,
3118 1167 3281 1221 quem
3334 1152 3524 1207 multis

253 1242 461 1297 τίθεται
511 1240 772 1304 Εὐσέϐιος
816 1243 844 1295 ό
891 1240 1176 1311 Παμφίλου
1218 1242 1352 1313 (14),
1404 1245 1498 1297 καὶ
1544 1243 1834 1314 θαυμάτων

252 1333 416 1386 αὑτοῦ
446 1332 700 1398 ἐξαισίων
733 1332 955 1403 μνήμην
1000 1335 1254 1397 ποιεῖται,
1294 1334 1436 1406 όρῶν
1476 1337 1837 1406 μεταστάσεις

253 1423 345 1477 καὶ
376 1422 661 1494 ποταμῶν,
714 1424 809 1477 καὶ
840 1422 1048 1496 νεκρῶν
1094 1425 1342 1497 ἐγέρσεις
1365 1443 1379 1457 ·
1417 1427 1512 1480 καὶ
1550 1428 1633 1480 ὄτι
1668 1445 1836 1500 στραα

254 1516 454 1588 τιώτην
476 1516 605 1568 ὅντα
634 1515 901 1588 ἐϐουλήθη
929 1513 1233 1588 Μαξιμῖνος
1256 1518 1332 1583 ὡς
1357 1520 1684 1591 Χριστιανὸν
1704 1523 1837 1576 ἁπο-

253 1612 486 1672 χτεῖναι,
519 1608 608 1661 διὰ
649 1608 709 1661 τὸ
739 1607 1101 1662 πυνθάνεσθαι
1147 1609 1373 1674 πολλοὺς
1399 1612 1467 1666 τά
1507 1611 1636 1683 παρ’
1667 1613 1831 1666 αὐτοῦ

255 1702 555 1772 τελούμενα
582 1701 1061 1772 ὑπεραγαμένους.

1940 1245 2194 1301 laudibus
2208 1244 2720 1300 exornatEnsebins
2742 1243 3034 1313 Pamphili.
3054 1245 3382 1300 etmiracula
3406 1244 3527 1313 ejus

1943 1330 2202 1386 inusitata
2227 1341 2619 1387 commemorat
2644 1343 2809 1401 atque.
2826 1333 3074 1399 insolita;
3107 1341 3323 1389 montes
3344 1349 3408 1388 ac
3425 1334 3530 1389 llu-

1944 1422 2061 1477 vios
2077 1422 2242 1477 alium
2264 1423 2318 1477 in
2339 1422 2520 1478 locum
2544 1424 2859 1491 translatos,
2877 1433 3123 1481 mortuos
3139 1426 3206 1481 ad
3224 1426 3390 1481 vitam
3412 1442 3530 1483 sus-

1943 1514 2164 1570 citatos.
2204 1513 2298 1568 Ait
2337 1514 2501 1568 etiam
2538 1515 2923 1585 imperatorem
2971 1516 3355 1582 Maximinum,
3399 1534 3528 1573 eum

1940 1603 2120 1658 adlmc
2147 1603 2397 1671 militem,
2440 1614 2625 1675 utpote
2650 1605 3050 1671 Christianum,
3089 1609 3395 1664 interﬁcere
3428 1596 3533 1663 νος

1941 1692 2131 1759 luisse,
2167 1701 2458 1762 propterea
2486 1695 2632 1763 quod
2659 1695 3017 1764 comperisset
3048 1696 3270 1760 tuultos,
3298 1711 3528 1765 operum

1940 1799 2063 1853 qua:
2091 1784 2160 1837 ab
2182 1781 2426 1853 Agapeto
2455 1784 2654 1839 fiebant
2690 1784 3058 1842 admiratione
3094 1796 3303 1857 captos,
3339 1786 3528 1842 relicto

1941 1874 2221 1945 gentilium
2257 1874 2404 1929 cultu
2440 1876 2505 1929 ad
2536 1875 2905 1932 Christianam
2942 1878 3101 1935 fidem
3125 1878 3364 1934 transire
3391 1877 3526 1949 (l5).

1488 1990 1563 2045 Ex
1597 1989 1765 2046 Suida
1800 1992 1857 2046 in
1882 2007 2017 2047 voce
2061 1992 2289 2056 Ἀέτιος.

340 2105 543 2169 Ἀἐτιος
569 2104 629 2172 ἐξ
664 2105 993 2177 ’Δντιοχείας
1017 2107 1118 2177 τῆς
1153 2106 1374 2180 Συρίας,
1397 2107 1715 2172 διδάσκαλος
1738 2108 1842 2161 Εὑ-

259 2198 468 2268 νομίου,
503 2197 612 2250 ἀπὸ
661 2197 933 2268 πενιχρῶν
975 2198 1071 2251 καὶ
1116 2197 1349 2253 εὐτελῶν
1392 2198 1594 2267 γονέων
1636 2201 1841 2270 τυγχά-

256 2305 384 2344 νων.
409 2288 468 2341 '0
484 2287 542 2340 δὲ
556 2287 738 2360 πατὴρ
760 2288 909 2360 αὐτῷ
930 2287 1038 2343 τῶν
1054 2289 1112 2343 ἐν
1135 2290 1363 2363 στρατιᾷ
1373 2290 1744 2360 δυσπραγέστε
1754 2308 1845 2362 ρος

255 2378 648 2452 ἐνειλεγμένων
699 2381 1027 2452 γενόμενος,
1082 2381 1361 2453 ἐτεθνήκει
1414 2384 1612 2455 κομιδῇ
1666 2384 1834 2438 παῖδα

257 2472 444 2526 τοῦτον
472 2472 654 2542 ἀφείς.
688 2473 859 2536 Αὐτὸς
903 2473 961 2527 δὲ
1006 2474 1086 2537 εἰς
1128 2473 1355 2545 ἔσχατον
1388 2475 1626 2546 ἀπορίας
1664 2476 1837 2546 ἥκων,

256 2564 350 2616 ἐπὶ
391 2564 719 2634 χρυσοχοϊαν
774 2561 1087 2635 ἐχώρησεν,
1146 2565 1447 2635 ἀκρότατός
1491 2581 1559 2618 τε
1605 2565 1839 2633 ἐγένετο.

268 2652 423 2705 Ἐπεὶ
448 2652 507 2704 δὲ
534 2655 568 2722 ή
605 2651 769 2722 φύσις
806 2651 958 2723 αὐτῷ
994 2652 1259 2724 μειζόνων
1301 2653 1542 2726 ὠρέγετο
1584 2652 1843 2725 μαθημά-

259 2758 389 2807 των,
414 2740 555 2811 πρὸς
573 2741 799 2809 λογικὰς
822 2741 1055 2814 θεωρίας
1086 2743 1374 2815 ἐτράπετο.
1417 2746 1528 2798 Καὶ
1554 2744 1688 2815 δῆτα
1716 2761 1845 2813 συγ-

256 2832 472 2901 γίνεται
512 2832 783 2903 Παυλίνῳ,
813 2834 1015 2905 ἀρτίως
1044 2834 1153 2889 ἀπὸ
1189 2835 1365 2906 Τύρου
1404 2837 1483 2900 είς
1517 2836 1845 2906 Ἀντιόχειαν

255 2925 583 2997 ἀφικομένῳ
630 2924 711 2977 ἔτι
756 2926 899 2980 κατά
951 2927 1078 2989 τοὺς
1129 2926 1541 2980 Κωνσταντίνου
1595 2927 1840 2997 χρόνους.

258 3016 468 3070 Τούτου
508 3018 767 3089 ἠκροᾶτο,
817 3017 1016 3089 πολλὴν
1048 3018 1307 3082 ἐπιεικῶς
1345 3018 1551 3089 φαίνων
1588 3019 1689 3090 τῆς
1715 3019 1845 3072 ἀσε-

256 3108 417 3172 δείας
446 3108 547 3180 τὴν
572 3108 767 3181 ῥώμην
799 3109 877 3183 (α)
908 3111 991 3173 είς
1023 3109 1122 3173 τὰς
1164 3110 1299 3181 πρὸς
1332 3112 1457 3174 τοὺς
1485 3110 1846 3182 διαφορουμέ-

258 3217 386 3264 νους
415 3200 672 3273 ζητήσεις
694 3219 708 3233 ν
741 3204 836 3256 καὶ
880 3203 978 3272 οὐχ
1011 3202 1314 3266 ὑπόστατος
1346 3202 1449 3273 ἤδη
1492 3204 1601 3267 τοῖς
1632 3201 1846 3265 πολλοῖς

257 3290 349 3365 ἦν.
388 3294 546 3349 Ἐπεὶ
587 3296 643 3348 δὲ
687 3295 951 3359 Παυλῖνος
1001 3294 1301 3366 ἐτεθνήκει,
1357 3293 1618 3348 Εύλαλίου
1658 3296 1845 3366 τρίτου

258 3387 355 3440 καὶ
394 3386 641 3440 εἰκοστοῦ
671 3389 780 3442 ἀπὸ
798 3387 908 3441 τῶν
933 3388 1252 3440 ἀποστόλων
1275 3386 1489 3457 ἔχοντος
1514 3388 1606 3439 τὸν
1632 3386 1842 3459 θρόνον,

258 3478 453 3531 πολλοὶ
501 3478 611 3531 τῶν
664 3479 768 3533 ὑπὸ
815 3478 912 3533 τοῦ
971 3478 1176 3531 Ἀετίου
1227 3478 1624 3549 ἐλεγχομένων,
1673 3479 1847 3533 δεινὸν

260 3572 626 3643 ποιησάμενοι
653 3574 788 3644 πρὸς
818 3573 1010 3642 ἀνδρὸς
1040 3571 1374 3643 δημιουργοῦ
1415 3572 1511 3625 καὶ
1555 3572 1675 3624 νέου
1704 3572 1848 3625 κατὰ

258 3666 468 3734 κράτος
520 3665 858 3732 ἐλαύνεσθαι,
897 3667 1189 3730 συστάντες
1238 3665 1507 3737 ἐξήλασαν
1538 3665 1698 3720 αὐτὸν
1747 3666 1846 3737 τῆς

273 3757 631 3828 Ἀντιοχείας.
673 3756 976 3823 Ἐξελαθεὶς
1019 3758 1074 3811 δὲ
1116 3759 1197 3821 εἰς
1239 3757 1569 3828 Ἀνάξαρόον
1608 3758 1844 3827 ἀφικνεῖ-

1949 3759 2184 3816 convicti
2230 3757 2469 3821 fuerant,
2514 3771 2655 3827 :egrc
2703 3754 2936 3809 ferentes
2971 3751 3119 3821 quod
3165 3752 3234 3805 ab
3269 3750 3459 3819 opiliec
3480 3759 3553 3804 ets

260 3863 375 3901 ται.
418 3848 475 3900 '0
503 3847 579 3913 δὲ,
613 3848 713 3919 ἤδη
759 3848 989 3918 τάχιστα
1020 3848 1303 3919 δυνάμεως
1346 3848 1529 3919 πάσης
1575 3850 1849 3920 πιπλάμε-

1876 2436 1918 2495 Β

2012 2108 2201 2163 Aetius
2240 2111 2499 2180 magister
2546 2108 2837 2175 Eunomii,
2877 2116 3032 2164 ortus
3071 2124 3137 2164 ex
3181 2109 3319 2164 urbe
3359 2106 3533 2179 Syria)

1944 2200 2268 2266 Antiochia,
2314 2201 2634 2271 parentibus
2674 2200 2861 2272 egenis
2904 2216 2968 2256 ac
3009 2199 3316 2255 vilissimis.
3371 2196 3533 2253 Pater

1946 2294 2067 2363 ejus
2094 2294 2359 2348 cohortati
2402 2293 2610 2348 militiae
2660 2293 2954 2364 ascriptus,
2987 2308 3112 2367 cum
3148 2291 3375 2346 adversa
3414 2288 3551 2367 [οι-’κ

1950 2399 2081 2443 tuna
2115 2404 2249 2444 usus
2279 2396 2445 2451 esset,
2476 2385 2589 2442 fato
2614 2363 2836 2443 functus
2864 2396 2969 2455 est,
2996 2363 3183 2441 relicto
3204 2386 3310 2440 isto
3336 2363 3541 2452 admo-I~

1946 2481 2076 2535 dum
2117 2495 2308 2551 puero.
2352 2480 2456 2546 Qui
2492 2479 2560 2534 ad
2606 2495 2878 2534 summam
2924 2488 3217 2549 egestatem
3251 2462 3541 2539 redactus,

1946 2569 2286 2624 aurilicinam
2337 2583 2591 2624 exercere
2622 2568 2875 2632 instituit,
2893 2576 2946 2621 et
2975 2567 3040 2621 ad
3069 2564 3532 2633 summamhujus

1946 2660 2081 2716 artis
2108 2660 2500 2729 perfectionem
2534 2659 2725 2713 evasit.
2755 2657 2858 2713 Sed
2894 2656 3152 2729 quoniam
3176 2656 3297 2726 ejus
3320 2654 3530 2709 indoles

1946 2751 2011 2805 ad
2045 2751 2265 2805 altiores
2299 2750 2615 2819 disciplinas
2665 2749 2961 2818 aspirabat,
3004 2754 3069 2802 at
3112 2748 3300 2818 logica:
3348 2744 3531 2800 studia

1946 2840 2192 2895 animum
2220 2840 2499 2909 applicuit.
2534 2841 2611 2894 Ac
2642 2840 2880 2909 primum
2916 2839 3137 2908 quidem
3180 2836 3399 2889 auditor
3425 2834 3528 2887 fuit

1946 2931 2185 2997 Paulini,
2212 2932 2307 3002 qui
2355 2932 2517 3001 paulo
2549 2939 2676 2985 ante
2723 2945 2788 2983 ex
2828 2929 2963 2984 urbe
3010 2927 3155 2999 Tyro
3187 2923 3530 2979 Antiochiam

1948 3023 2245 3078 translatus
2272 3021 2472 3088 fuerat,
2501 3021 2863 3077 Constantino
2889 3019 3050 3074 etiam
3092 3029 3205 3071 tum
3238 3015 3529 3086 imperium

1944 3116 2307 3187 gubernante.
2350 3112 2508 3169 Hunc
2556 3128 2677 3167 cum
2736 3110 2951 3165 audiret
2998 3109 3213 3172 Aetius,
3250 3123 3357 3161 non
3412 3122 3530 3161 mc-

1947 3209 2187 3264 diocrem
2230 3207 2340 3261 vim
2390 3206 2595 3273 ingenii
2642 3202 2984 3266 ostendebat,
3035 3202 3089 3255 in
3136 3199 3545 3272 qttmstionibus-

1948 3300 2211 3356 adversus
2245 3314 2341 3354 eos
2383 3297 2713 3368 quibuscum
2760 3292 3111 3364 disputabat;
3158 3292 3381 3362 jamque
3413 3290 3533 3360 ejus

1949 3392 2183 3462 impetus
2205 3406 2234 3446 a
2261 3390 2539 3461 plerisque
2573 3388 2997 3458 haudquaquam
3026 3382 3279 3439 sustineri
3300 3390 3530 3453 poterat.

1949 3482 2163 3538 Mortuo
2208 3481 2406 3537 deinde
2452 3481 2715 3545 Paulino,
2766 3495 2892 3534 cum
2951 3476 3199 3532 Eulalius
3247 3475 3409 3531 tertio
3470 3490 3537 3529 ac

1947 3577 2210 3632 vicesimo
2252 3576 2373 3630 loco
2422 3584 2550 3644 post
2594 3574 2875 3643 apostolos
2908 3573 3089 3627 sedem
3131 3569 3532 3625 Antiochenam

1949 3669 2239 3740 regendam
2283 3665 2635 3734 suscepisset,
2672 3664 2848 3718 ‘multi
2901 3678 2965 3716 ex
3014 3662 3082 3716 iis
3131 3661 3224 3730 qui
3264 3660 3333 3714 ab
3376 3659 3534 3713 Aetio

1949 3856 2299 3910 adolescente
2332 3851 2462 3907 victi
2495 3866 2559 3906 ac
2594 3848 2860 3920 proﬂigati
2893 3856 3096 3909 essent,
3128 3844 3536 3913 conspiratione

261 3956 374 4003 νος,
424 3937 644 4009 μείζους
675 3940 763 3993 ἀεὶ
811 3940 919 3995 τῶν
955 3940 1247 4011 διδομένων
1297 3940 1561 4013 ἀφορμῶν
1599 3942 1844 4014 εἰσέφερε

1951 3944 2122 4008 facta,
2180 3959 2305 3999 eum
2350 3941 2644 3998 Antiochia
2692 3942 3040 4009 expulerunt.
3092 3936 3312 4007 Ejectus
3370 3935 3535 4005 igitur

261 4032 389 4094 τοὺς
423 4030 691 4100 καρπούς.
733 4031 792 4084 Ὀ
836 4032 894 4085 δὲ
931 4032 1083 4085 οὐδὲν
1137 4030 1389 4096 ἐπαύετο,
1439 4031 1564 4094 τοὺς
1623 4032 1719 4101 μὲν
1773 4032 1847 4085 δι-

1948 4037 2137 4092 Actins
2168 4036 2513 4090 Anazarbum
2546 4050 2604 4090 se
2632 4032 2883 4088 contulit.
2912 4032 3160 4099 Cumque
3177 4028 3285 4082 vim
3313 4040 3537 4080 omnem

265 4121 526 4191 ἐλέγχων,
583 4120 800 4190 φαύλως
837 4120 892 4174 δὲ
950 4120 1378 4191 ἀμπισχόμενος,
1423 4121 1516 4173 καὶ
1568 4121 1643 4183 ὡς
1690 4122 1844 4193 ἔτυχε

1949 4145 2012 4183 ac
2040 4128 2355 4185 facultatem
2386 4128 2539 4183 brevi
2581 4126 2875 4182 admodum
2910 4132 3152 4192 tempore
3179 4119 3532 4191 percepisset,

265 4211 398 4277 ζῶν.

1947 4219 2184 4290 majores
2227 4234 2443 4288 semper
2487 4219 2683 4274 edebat
2725 4217 2964 4278 fructus,
3013 4230 3178 4286 quam
3226 4220 3384 4268 erant
3424 4211 3537 4266 elc-

267 4315 453 4360 menta
491 4314 657 4377 atque
699 4306 1072 4365 institutiones
1110 4326 1248 4381 quas
1283 4312 1351 4365 ab
1379 4300 1844 4382 aliis'acceperat.
1917 4311 2140 4367 Interim
2187 4326 2319 4367 vero
2360 4311 2761 4381 reprehendere
2809 4309 2948 4364 alios
2986 4317 3035 4363 et
3097 4304 3381 4363 confutare
3429 4319 3543 4358 nou

265 4402 593 4468 desistebat;
634 4403 750 4473 ipse
771 4404 876 4474 ⁸ιιὶιὶ
921 4405 1082 4475 pallio
1128 4414 1324 4471 tectus,
1353 4415 1407 4460 et
1442 4410 1587 4462 tenui
1619 4424 1683 4461 ac
1712 4408 2033 4476 paupertino
2065 4417 2219 4461 utens
2249 4407 2392 4462 victu
2417 4405 2551 4478 (16).

1478 4525 1552 4579 Ex
1587 4525 1755 4581 Suida
1793 4527 1846 4581 in
1870 4542 2002 4583 voce
2034 4526 2339 4593 Αὐξέντιος.

340 4640 629 4705 Αὖξέντιβς
658 4642 1036 4713 Μοψουεστίας
1063 4644 1363 4708 ἐπίσκοπος
1383 4662 1395 4675 ·
1423 4643 1481 4707 ὃς
1502 4638 1570 4714 ἦν
1594 4644 1706 4695 τῶν
1729 4644 1857 4713 ὀμο-

272 4731 515 4801 λογητῶν
544 4731 984 4805 ὀνομαζομένων.
1014 4730 1123 4788 Ἦν
1150 4735 1206 4788 δὲ
1233 4737 1297 4788 ἐκ
1334 4734 1444 4788 τῶν
1471 4732 1751 4803 ἐπιφανῶς
1779 4732 1856 4803 τῷ

273 4821 484 4887 βασιλεί
521 4823 747 4894 Λικινίῳ
786 4826 1294 4895 στρατευσαμένων,
1340 4824 1449 4877 τῶν
1493 4823 1855 4894 ὑπογραφέων

1891 4872 1934 4927 ι)

2035 4642 2338 4697 Auxentius
2380 4642 2669 4711 episcopus
2711 4638 3094 4709 Mopsuestiae,
3129 4652 3269 4689 unus
3300 4650 3367 4687 ex
3407 4648 3535 4687 con-

1963 4732 2289 4787 fessoribus.
2328 4731 2454 4787 Fuit
2485 4732 2571 4786 hic
2609 4746 2674 4786 ex
2709 4744 2939 4785 numero
2967 4742 3156 4782 eorum
3185 4725 3278 4795 qui
3309 4724 3362 4778 in
3390 4724 3539 4790 pala-

1963 4825 2036 4878 tio
2087 4824 2436 4894 imperatoris
2484 4822 2681 4877 Licinii
2725 4821 3006 4891 splendide
3056 4818 3378 4882 militabant,
3419 4815 3540 4884 ejus

275 4910 467 4966 τούτου
493 4913 806 4984 γενόμενος,
843 4916 936 4979 οὓς
981 4915 1046 4985 δὴ
1092 4914 1393 4985 Νοταρίους
1436 4915 1701 4984 Ῥωμαῖοι
1758 4931 1844 4967 κα-

1960 4917 2166 4971 scilicet
2224 4925 2482 4986 exceptor
2538 4931 2679 4986 quos
2738 4913 2978 4971 lloman'r
3025 4910 3269 4965 notarios
3318 4918 3535 4963 vocant.

1504 5089 1746 5133 VALESII
1787 5088 2266 5135 ANNOTATIONES
2277 5121 2287 5130 .

347 5196 460 5265 (Η)
497 5197 789 5263 Εὐσέϐιος
817 5202 850 5252 o'
895 5199 1230 5267 ﬂung/dav.
1279 5199 1376 5254 Hic
1413 5201 1691 5255 memoria:
1719 5200 1853 5254 vitio

276 5266 463 5340 lapsus
488 5276 576 5340 est
619 5270 841 5329 Suidas,
888 5266 991 5339 qui
1035 5269 1328 5340 Eusebium
1368 5270 1553 5339 posuit
1583 5286 1683 5340 pro
1724 5270 1847 5325 Phi-

276 5338 558 5411 lostorgio.
606 5340 830 5411 Agapeti
868 5338 1014 5393 enim
1065 5338 1448 5411 Sytmazlorum
1498 5338 1740 5411 episcopi
1792 5340 1847 5395 in

282 5406 524 5479 Historia
571 5406 931 5479 ecclesiastica
973 5406 1243 5479 nusquam
1290 5406 1546 5465 meminit
1584 5406 1852 5464 Eusebius

277 5478 650 5534 Casariensis.
679 5478 808 5549 Ejus
829 5489 1008 5534 autem
1028 5478 1369 5535 mentionem
1406 5481 1537 5535 facit
1564 5482 1854 5536 ΡΙιὶὶωιοτ-

1877 5349 1883 5356 ι

1960 5203 2080 5272 gius
2115 5202 2168 5254 in
2206 5201 2342 5272 libro
2375 5217 2441 5263 tt,
2480 5200 2655 5270 capite
2687 5200 2741 5265 2,
2780 5200 2873 5254 ubi
2910 5197 3100 5253 eadem
3138 5195 3249 5251 fere
3286 5194 3539 5264 leguntur

1959 5269 2080 5342 qua:
2111 5273 2252 5342 apud
2267 5341 2271 5342 ν
2287 5269 2508 5342 διιὶιῌιηι
2520 5311 2531 5323 .

2058 5336 2310 5405 15)“νὶι1ε
2342 5336 2568 5394 Philost.
2607 5341 2700 5393 lib.
2736 5356 2796 5402 tt,
2826 5340 2880 5393 in
2904 5355 3023 5408 cap.
3051 5336 3106 5389 2.

2058 5344 2141 5405 15)
2179 5344 2310 5394 Vide
2342 5344 2568 5394 Philost.
2607 5344 2700 5393 lib.
2736 5356 2796 5402 tt,
2826 5344 2880 5393 in
2904 5355 3023 5408 cap.
3051 5344 3106 5389 2.

1988 5428 1995 5437 ·
2032 5344 2143 5481 itii)
2189 5411 2320 5464 Vide
2350 5410 2577 5465 Philost.
2615 5409 2709 5465 lib.
2749 5425 2827 5473 ιιι,
2862 5424 2984 5478 cap.
3022 5407 3107 5463 l5.

1743 5652 2067 5695 VARIORUM
2082 5680 2091 5690 .

350 5796 425 5863 (rt)
472 5799 717 5870 Πολλὴν
743 5830 812 5841 --
840 5802 950 5869 τῆς
985 5801 1261 5867 ἀσεϐείας
1304 5799 1415 5869 τὴν
1457 5798 1682 5869 ῥώμην.
1729 5797 1844 5854 Vcrl

1949 5801 2079 5867 lum,
2114 5816 2211 5852 non
2239 5800 2543 5855 "mliorrcm
2572 5801 2855 5870 impietatis
2887 5802 3008 5856 vim.
3042 5801 3129 5857 W.
3162 5804 3372 5860 Lowtlt.

3586 1102 3601 1131 λ
