4010 6210
396 326 491 381 (331

1783 324 2268 385 PHILOSTORGII

3537 328 3646 383 652

395 445 567 498 Porro
610 444 727 513 ejus
776 438 1051 496 confessio
1100 440 1415 510 hujusmodi
1457 441 1577 496 fuit.
1639 441 1696 495 lu
1727 440 1963 512 quodam

2087 440 2237 495 ιοῦσι.
2276 442 2350 495 Τὸ
2397 442 2453 495 δὲ
2484 444 2581 513 τῆς
2620 440 2907 512 ὁμολογίας
2955 440 3154 494 τοιόνδε
3200 438 3425 508 γέγονεν
3466 434 3643 504 είδοςο

387 536 528 591 atrio
560 531 855 602 lmperialis
895 530 1080 600 palatii
1125 538 1242 586 erat
1282 530 1427 598 fons,
1469 541 1522 588 et
1553 548 1719 603 supra
1760 530 1965 587 fontem

388 621 587 677 Bacchi
631 627 835 684 statua,
875 626 930 672 et
960 634 1158 690 magna
1206 620 1638 690 circumquaque
1672 620 1798 675 vitis
1847 636 1970 690 quae

389 714 704 768 universum
746 710 899 765 illum
946 711 1127 765 locum
1169 718 1373 767 tectum
1403 720 1567 782 atque
1601 726 1829 780 Opacum
1858 711 1970 766 elli-

387 805 586 860 ciebat.
647 803 726 858 Eo
776 818 902 859 cum
959 802 1203 859 Licinius
1253 804 1519 858 avocandi
1573 804 1741 858 animi
1805 817 1969 857 causa

386 894 651 960 venisset,
684 904 795 948 tum
847 894 1118 948 Auxentio
1158 896 1298 964 ipso,
1328 901 1447 949 tum
1478 894 1600 949 aliis
1631 894 1882 963 pluribus
1902 909 1968 946 ex

386 983 508 1052 ejus
548 983 755 1053 palatio
802 983 981 1053 ipsum
1035 984 1414 1049 sectantibus;
1466 983 1519 1037 in
1568 983 1732 1037 vitem
1778 982 1970 1036 oculos

389 1071 725 1142 conjiciens,
785 1086 947 1125 uvam
1010 1071 1301 1140 quamdam
1356 1071 1641 1140 conspexit
1698 1068 1971 1124 inusitata:

389 1163 782 1233 magnitudinis
822 1177 887 1216 ac
930 1161 1265 1228 venustatis,
1313 1177 1381 1217 ex
1420 1161 1735 1231 palmitibus
1769 1161 1971 1230 depen—

389 1254 626 1310 dentem.
664 1253 812 1308 Hanc
843 1253 1116 1307 Auxentio
1158 1253 1324 1323 jussit
1367 1262 1426 1306 ut
1469 1251 1832 1307 abseinderet.
1879 1248 1971 1306 Ille

391 1343 576 1400 statim
624 1353 842 1412 arrepto
883 1344 1059 1398 cultro
1106 1359 1266 1413 quem
1301 1341 1648 1398 feminalibus
1669 1355 1969 1411 appensum

392 1437 656 1509 gestabat,
680 1451 841 1490 uvam
869 1437 1114 1491 exsecuit
1136 1435 1269 1489 nihil
1294 1435 1622 1506 suspicatus.
1651 1435 1805 1488 'l'uttc
1832 1433 1969 1488 Lici-

392 1526 518 1581 nius
552 1527 618 1580 ad
638 1541 763 1581 eum
805 1540 1108 1581 conversus
1150 1542 1162 1577 :
1202 1525 1368 1591 Pone,
1412 1524 1610 1594 inquit,
1641 1523 1779 1578 hanc
1808 1537 1968 1577 uvam

391 1619 461 1672 ad
498 1618 659 1687 pedes
683 1617 906 1673 Bacchi.
945 1618 1023 1672 Ad
1058 1618 1170 1672 haec
1201 1616 1504 1671 Auxentius
1536 1631 1549 1667 :
1591 1613 1968 1685 Nequaquam,

392 1726 428 1764 0
474 1709 806 1778 imperator,
860 1708 1177 1778 respondit;
1234 1707 1578 1763 Christianus
1624 1706 1768 1760 enim
1823 1720 1969 1759 sum.

2069 524 2178 580 Ἦν
2199 527 2256 580 ἕν
2284 545 2390 582 τινι
2416 530 2516 598 τῆς
2549 529 2828 601 βασιλικῆς
2855 528 3037 592 ἑστίας
3063 528 3199 598 αὐλῇ
3229 528 3405 599 κρήνη
3435 543 3495 580 τε
3520 527 3642 582 66¢-

2068 637 2177 685 τες,
2217 622 2311 673 καὶ
2358 620 2445 675 ἐπ’
2496 624 2631 692 αὐτῇ
2681 619 2935 675 Διονύσου
2977 619 3217 690 ἄγαλμα,
3246 619 3341 673 καὶ⁵
3404 618 3661 689 ἄμπελος

2074 713 2282 783 μεγάλη
2314 713 2693 785 περικειμένη,
2728 713 2823 767 καὶ
2864 712 3081 783 σκιερὸν
3110 710 3367 773 ἐπιεικῶς
3403 711 3500 764 καὶ
3526 727 3646 764 συν-

2069 805 2247 875 ηρεφῆ
2269 805 2362 858 τὸν
2385 804 2600 859 ἅπαντα
2627 805 2789 857 τόπον
2817 802 3179 874 ἐργαζομένη.
3208 800 3470 854 Ἐνταῦθα
3497 803 3527 855 ὁ
3548 801 3649 855 Δι-

2071 895 2240 957 κίνιος
2277 894 2417 947 κατὰ
2450 895 2721 965 πρόφασιν
2756 894 3058 963 ἀπαγωγῆς
3085 891 3435 962 ἀφικόμενος,
3462 891 3558 945 τοῦ
3587 910 3647 945 τε

2070 984 2358 1051 Αὐξεντίου
2391 985 2541 1056 αὑτῷ
2574 986 2667 1039 καὶ
2694 985 2869 1040 ἄλλων
2896 982 3107 1038 πολλῶν
3133 985 3199 1037 ἐκ
3229 983 3328 1054 τῆς
3349 983 3650 1056 θεραπείας

2072 1074 2490 1146 παρεπομένων,
2520 1077 2601 1140 είς
2634 1076 2733 1146 τὴν
2762 1074 3003 1145 ἄμπελον
3033 1072 3248 1139 ἀνιδὼν,
3275 1074 3537 1127 ἐθεάσατο
3561 1075 3649 1144 βό-

2071 1182 2206 1237 τρυν
2238 1164 2436 1236 ὡραῖόν
2466 1181 2585 1218 τινα
2621 1164 2714 1218 καὶ
2747 1164 2940 1234 μέγαν,
2972 1162 3079 1216 τῶν
3110 1163 3404 1233 κλημάτων
3436 1156 3650 1218 ἀπαιω-

2077 1254 2354 1324 ρούμενον.
2391 1253 2590 1307 Τοῦτον
2623 1254 2922 1324 προσέταξε
2950 1252 3027 1323 τῷ
3049 1252 3319 1321 Αὑξεντίῳ
3342 1254 3551 1322 τεμεῖν,
3590 1253 3648 1306 Ὀ

2071 1345 2127 1398 δὲ
2160 1346 2380 1405 αὐτίκα,
2411 1345 2470 1398 τὸ
2506 1345 2950 1416 προσηρτημένον
2985 1347 3102 1407 ταῖς
3137 1342 3451 1415 ἀναξυρίσιν
3482 1344 3648 1398 αὑτοῦ

2077 1437 2364 1506 μαχαίριον
2398 1435 2747 1508 ἀφελόμενος,
2778 1435 2937 1506 ἔτεμε
2975 1435 3140 1507 μηδὲν
3184 1434 3554 1504 ὑπειδόμενος.
3591 1435 3648 1488 ὐ

2073 1524 2164 1581 οὖν
2194 1528 2433 1592 Λικίνιος
2456 1528 2592 1600 πρὸς
2616 1527 2808 1591 αὐτὸν,
2838 1525 2939 1590 Θὲς
2962 1526 3138 1577 τοίνυν
3166 1524 3255 1578 τὸν
3284 1523 3496 1594 βότρυν,
3524 1523 3647 1592 ἔφη,

2076 1619 2211 1690 πρὸς
2242 1623 2355 1685 τοῖς
2379 1619 2473 1673 τοῦ
2505 1620 2759 1673 Διονύσου
2789 1616 2963 1672 ποσίν.
3003 1615 3063 1671 Ὀ
3091 1616 3167 1676 δὲ,
3194 1615 3306 1686 Μὴ,
3333 1609 3376 1668 ὦ
3407 1613 3648 1685 βασιλεῦ,

2074 1711 2408 1781 ἀπεκρίνατο
2426 1727 2440 1740 ⁶
2470 1709 2797 1782 Χριστιανὸς
2817 1708 2925 1779 γάρ
2946 1710 3082 1778 είμι.
3111 1708 3373 1769 Κάκεῖνος
3395 1723 3409 1736 ·
3444 1703 3650 1758 Οὐκοῦν

392 1800 513 1865 Quo
550 1798 756 1866 audito,
786 1798 1030 1854 Licinius
1061 1798 1236 1852 dixit:
1271 1799 1374 1852 Abi
1400 1799 1565 1870 igitur
1588 1797 1803 1852 solutus
1831 1796 1974 1850 mili-

2087 1800 2319 1855 ἐκποδὼν
2394 1803 2590 1873 οίχήσῃ
2638 1800 2740 1871 τῆς
2808 1799 3096 1871 στρατείας
3157 1797 3647 1866 ἀποπαυσάμενος⁶

395 1889 470 1941 tia
492 1905 508 1953 ;
531 1888 768 1942 duorunt
801 1888 947 1942 enim
993 1887 1226 1942 alterum
1257 1887 1354 1942 abs
1387 1895 1438 1942 te
1471 1885 1586 1940 ﬁeri
1617 1899 1843 1940 necesse
1866 1893 1971 1940 est.

395 1975 535 2030 Tum
567 1991 697 2031 vero
727 1976 1031 2032 Auxentius
1064 1976 1197 2031 nihil
1228 1983 1515 2031 cunctatus
1552 1974 1790 2029 balteum
1808 1973 1974 2043 depo-

394 2071 526 2137 suit,
570 2078 733 2140 atque
775 2077 836 2123 ut
866 2077 984 2122 erat
1024 2067 1344 2132 discinctus,
1390 2065 1580 2121 libenti
1609 2065 1795 2120 animo
1818 2079 1849 2119 e
1878 2078 1974 2133 pa-

396 2162 526 2217 latio
561 2161 815 2218 excessit.
839 2157 948 2215 Nec
979 2159 1148 2214 multo
1165 2167 1287 2229 post
1308 2156 1549 2227 episcOpi
1567 2171 1691 2212 eum
1724 2155 1975 2225 Mapsue-

395 2253 515 2308 stia'
545 2252 843 2308 antistitem
871 2252 1219 2308 ordinarunt.
1252 2249 1428 2320 Hujus
1447 2249 1618 2304 frater
1641 2256 1767 2300 natu
1800 2246 1977 2300 minor

397 2343 501 2399 fuit
545 2343 891 2407 Theodorus,
934 2339 1021 2398 vir
1063 2344 1158 2414 qui
1189 2342 1417 2397 Athenis
1452 2340 1782 2395 rhetoricam
1837 2337 1975 2390 didi--

396 2442 564 2490 cerat.
608 2432 712 2500 Qui
744 2433 963 2503 quidem
993 2442 1054 2486 et-
1086 2433 1201 2502 ipse
1224 2439 1416 2501 postea
1449 2429 1819 2498 episcopatum
1845 2426 1977 2480 Tar-

399 2539 612 2579 srnsem
645 2524 870 2578 sortitus
901 2531 1003 2578 est.
1039 2521 1254 2576 Etenim
1296 2519 1485 2574 Aetius
1512 2534 1637 2574 eum
1672 2528 1831 2573 antea
1865 2518 2009 2589 ipse,

399 2630 498 2684 per
535 2630 613 2678 se,
659 2622 714 2668 ct
759 2614 1088 2669 Eunomium
1131 2613 1310 2682 ipsum
1352 2620 1409 2667 et
1434 2611 1574 2667 alios
1620 2613 1711 2680 qui
1752 2611 1979 2681 majoris

402 2704 583 2759 meriti
609 2715 788 2770 erant,
818 2704 1013 2759 docere
1035 2704 1231 2759 solitus
1267 2712 1432 2769 esset,
1471 2713 1757 2773 postquam
1791 2703 1981 2759 Euno-

402 2793 571 2848 mium
615 2794 682 2848 ad
716 2795 941 2849 docendi
986 2810 1186 2850 munus
1232 2795 1524 2864 promovit,
1562 2810 1687 2849 eum
1723 2795 1979 2865 deinceps

402 2883 723 2955 magistrum
768 2899 866 2954 pro
917 2900 977 2940 se
1023 2900 1088 2939 ac
1130 2884 1405 2939 doctorem
1456 2900 1578 2939 esse
1624 2885 1815 2952 voluit,
1866 2896 1979 2941 tum

402 2973 781 3039 aliorum,tum
798 2990 987 3031 eorum
1005 2976 1273 3046 praecipue
1285 2975 1378 3046 qui
1399 2974 1721 3046 perfectiore
1735 2977 1981 3032 doctrina

403 3073 459 3119 et
517 3064 858 3122 institutione
911 3066 1257 3135 indigebant;
1308 3082 1433 3122 naut
1483 3068 1598 3137 ipse
1645 3067 1867 3137 quidem
1914 3068 1980 3122 ad

402 3155 671 3228 principia
696 3166 859 3228 atque
881 3158 1150 3214 elementa
1183 3159 1306 3215 aliis
1347 3157 1609 3213 tradenda
1644 3158 1982 3228 praestantis-

406 3247 581 3304 simus
612 3258 743 3304 erat.
785 3248 1088 3306 Eunomius
1136 3265 1263 3306 vero
1291 3250 1358 3306 ad
1403 3249 1674 3305 elemet.ta
1707 3266 1829 3319 quae
1868 3259 1979 3306 tra-

408 3339 521 3394 dita
553 3339 789 3406 fuerant,
819 3342 1111 3397 excolenda
1157 3356 1222 3396 ac
1267 3341 1654 3412 promovenda,
1694 3351 1746 3395 et
1791 3341 1857 3395 ad
1897 3340 1977 3395 in-

2075 1891 2299 1965 θάτερον
2326 1891 2435 1964 γὰρ
2472 1895 2584 1945 τοῖν
2624 1892 2771 1945 δυοῖν
2803 1891 3017 1961 ἀνάγκη
3067 1892 3258 1943 ποιεῖν.
3307 1889 3367 1942 Ὀ
3401 1888 3458 1941 δὲ
3490 1887 3652 1958 μηδὲν

2078 1982 2350 2054 μελλήσας
2382 1983 2481 2054 τήν
2518 1999 2578 2035 τε
2607 1980 2783 2051 ζώνην
2828 1979 3022 2034 ἑαυτοῦ
3059 1978 3265 2039 λύεται,
3298 1978 3393 2030 καὶ
3422 1978 3654 2046 ἄσμενος

2075 2070 2414 2143 ἐξεχώρησεν
2433 2073 2509 2136 ὡς
2532 2068 2645 2143 εἶχε
2669 2071 2778 2125 τῶν
2805 2070 3110 2142 βασιλείων.
3140 2070 3249 2123 Καὶ
3273 2068 3432 2122 αὐτὸν
3450 2069 3500 2122 οἱ
3529 2068 3656 2137 ἐφο-

2077 2181 2161 2236 ροι
2195 2165 2305 2234 (19)
2350 2164 2487 2234 μετά
2516 2180 2638 2221 τινα
2678 2163 2869 2234 χρόνον
2914 2161 3140 2231 ὕστερον
3177 2160 3471 2213 ἐπίσκοπον
3500 2160 3660 2231 ἑστή-

2078 2272 2240 2308 σαντο
2265 2255 2364 2325 τῆς
2402 2254 2799 2324 Μοψουεστίας.
2831 2252 3034 2307 Τούτου
3063 2251 3119 2304 δὲ
3152 2249 3378 2319 ἀδελφὸς
3399 2248 3661 2321 νεώτερος

2076 2339 2348 2412 Θεόδωρος
2374 2337 2463 2412 ἦν.
2498 2342 2638 2414 ἀνὴρ
2663 2340 2773 2395 τῶν
2818 2341 3075 2412 Ἀθήνῃσι
3103 2338 3528 2394 παιδευθέντων.
3566 2342 3661 2401 ’ος

2076 2433 2170 2485 καὶ
2198 2432 2360 2495 αὐτὸς
2392 2433 2582 2504 χρόνον
2609 2432 2838 2505 ὕστερον
2867 2433 3174 2504 ἐπισκοπὴν
3204 2433 3301 2502 τῆς
3328 2429 3543 2504 Ταρσοῦ
3570 2431 3662 2485 ὲκ-

2078 2521 2308 2593 κλησίας
2352 2522 2508 2593 ἔτυχε
2542 2521 2988 2592 κληρωσάμενος.
3029 2521 3090 2577 ’0
3121 2521 3230 2591 γὰρ
3256 2519 3320 2590 δὴ
3365 2520 3566 2582 Ἀέτιος
3595 2518 3664 2573 τὰ

2079 2612 2323 2683 πρότερα
2360 2612 2424 2666 δι’
2460 2612 2653 2668 ἑαυτοῦ
2686 2613 2776 2668 τόν
2809 2630 2869 2666 τε
2910 2612 3158 2677 Εὐδόξιον
3203 2611 3364 2669 αὑτὸν
3397 2610 3511 2681 (20)
3563 2610 3662 2665 καὶ

2078 2702 2270 2767 ἄλλους
2305 2705 2431 2767 τοὺς
2466 2705 2719 2759 πλείστου
2749 2705 2909 2773 λόγου
2940 2705 3121 2771 ἀξίους
3152 2703 3440 2767 διδάσκων,
3471 2700 3660 2771 ἐπειδὴ

2077 2796 2172 2850 τὸν
2201 2796 2465 2867 Εὐνόμιον
2511 2800 2591 2861 εἰς
2639 2795 2700 2851 τὸ
2742 2798 2842 2868 τῆς
2890 2794 3240 2858 διδασκαλίας
3292 2791 3662 2864 προὺὅίὸασεν

2082 2886 2264 2958 ἔργον,
2295 2887 2468 2958 τούτῳ
2504 2888 2606 2960 ἤδη
2639 2888 2780 2942 κατὰ
2812 2888 2874 2942 τὸ
2908 2887 3158 2942 πλεῖστον
3199 2885 3315 2940 ἀνθ’
3354 2883 3549 2938 ἑαυτοῦ
3580 2884 3664 2937 δι-

2082 2979 2334 3051 δασκάλῳ
2362 2981 2561 3051 ἐχρῆτο
2593 2981 2726 3052 πρὸς
2751 2982 2874 3043 τοὺς
2902 2980 3093 3044 ἄλλους
3111 2996 3125 3011 ·
3159 2978 3403 3041 καὶτοὺς
3431 2977 3664 3046 μάλιστα

2082 3070 2417 3143 τελεωτέρας
2466 3071 2755 3142 μαθήσεως
2805 3071 3112 3143 δεομένους.
3149 3070 3260 3124 Καὶ
3302 3069 3410 3140 γὰρ
3456 3070 3664 3128 ἐκεῖνος

2092 3160 2192 3232 μὲν
2222 3156 2291 3233 ἦν
2320 3162 2493 3234 ἀρχὰς
2527 3166 2825 3234 παρασχεῖν
2854 3163 3097 3234 ἄριστος,
3127 3154 3282 3225 οὗτος
3300 3160 3357 3214 δὲ
3386 3158 3486 3223 τὰς
3503 3157 3665 3212 δοθεί-

2090 3269 2189 3316 σας
2216 3253 2572 3325 ὲργάσασθαι,
2601 3255 2696 3309 καὶ
2736 3256 2923 3324 σαφῶς
2954 3272 3014 3308 τε
3044 3255 3162 3325 ἅμα
3202 3255 3297 3309 καὶ
3329 3251 3659 3325 μεγαλοπρε-

2088 3343 2206 3408 πῶς
2238 3345 2570 3417 ἑρμηνεῦσαι
2610 3346 2895 3419 παραπολὺ
2922 3347 3308 3419 δυνατώτερος.

410 3434 813 3506 tcrpretandum
872 3436 1156 3508 perspicue
1206 3435 1368 3491 simul
1419 3444 1582 3508 atque
1649 3435 1969 3507 magniﬁce,
2005 3437 2164 3509 longe
2196 3440 2289 3495 illo
2314 3445 2657 3510 praestantior
2684 3443 2985 3499 habebatur
3013 3442 3145 3511 (17).

1627 3549 1702 3605 Ex
1739 3549 1908 3608 Suida
1937 3552 1994 3608 in
2025 3569 2158 3611 voce
2190 3557 2466 3623 Εὐδόξιος.

483 3669 760 3725 Eudoxius
799 3671 1090 3741 episcopus
1116 3670 1444 3736 Antiochiae,
1494 3686 1561 3725 ex
1596 3670 1858 3727 Arabisso
1890 3672 1992 3726 mi-

416 3762 567 3818 noris
602 3762 873 3818 Armeniae
910 3762 1109 3833 oppido
1148 3763 1434 3818 oriundus.
1467 3761 1630 3818 Pater
1659 3764 1780 3834 ejus
1810 3763 1989 3819 Caesa-

414 3856 550 3921 rius,
588 3852 885 3910 Maximino
928 3855 1218 3925 imperium
1260 3855 1696 3919 administrante,
1747 3855 1993 3927 martyrii

416 3959 673 4000 coronam
718 3954 1112 4016 reportaverat,
1159 3946 1284 4002 licet
1313 3947 1467 4016 prius
1499 3946 1870 4016 voluptatibus
1898 3947 1993 4002 ad-

415 4035 615 4091 dictior
650 4037 802 4092 visus
835 4035 1048 4094 luisset.
1089 4035 1292 4095 Verum
1344 4037 1544 4106 prioris
1584 4040 1707 4094 vita:
1747 4039 1993 4094 maculas

415 4129 663 4200 martyrii
680 4130 764 4184 sui
786 4135 984 4186 cruore
1010 4130 1219 4186 studuit
1241 4131 1445 4186 eluere.
1468 4129 1605 4185 Nam
1631 4146 1754 4185 cum
1781 4141 1994 4186 utrum-

417 4235 527 4288 que
554 4220 604 4274 ei
634 4221 823 4289 pedem
858 4236 954 4277 sex
1005 4222 1262 4278 maximis
1300 4223 1471 4278 clavis
1496 4222 1781 4278 carniﬁces
1816 4232 1994 4278 trans-

419 4307 690 4371 fixissent,
719 4325 845 4364 eum
871 4311 926 4365 in
959 4327 1151 4382 rogum
1177 4313 1572 4383 conjeeerunt;
1604 4312 1699 4367 sed
1733 4313 1990 4381 quoniam

2161 3676 2411 3743 Εὐδόξιος
2441 3680 2737 3744 ἐπίσκοπος
2772 3678 3103 3749 Ἀντιοχείας
3129 3677 3189 3742 ἐξ
3220 3674 3547 3747 Ἀραϐισσοῦ
3572 3675 3668 3747 τῆς

2092 3771 2295 3843 μικρᾶς
2340 3770 2649 3841 Ἀρμενίας.
2696 3771 2754 3824 ’0
2797 3771 2855 3823 δὲ
2908 3768 3090 3840 πατὴρ
3130 3767 3293 3823 αὐτοῦ
3344 3767 3669 3838 Καισάριος,

2088 3862 2182 3915 ἐπὶ
2207 3861 2551 3933 Μαξιμιανοῦ
2589 3863 2678 3916 τὸν
2717 3862 2808 3916 τοῦ
2841 3860 3141 3935 μαρτυρίου
3187 3859 3448 3928 στέφανον
3481 3858 3670 3928 ἀνεδή-

2092 3970 2242 4019 σατο,
2297 3955 2471 4007 καίτοι
2524 3954 2788 4026 πρότερον
2831 3953 3033 4025 ἡδονῶν
3064 3953 3242 4022 ἥττων
3285 3950 3489 4021 φανείς.
3532 3949 3670 4002 Ἀλλ’

2092 4042 2353 4115 ἐϐουλήθη
2384 4044 2484 4108 τὰς
2519 4043 2742 4115 πρώτας
2771 4043 2992 4115 κηλίδας
3021 4043 3109 4098 διὰ
3128 4042 3221 4098 τοῦ
3255 4040 3557 4116 μαρτυρίου
3580 4040 3671 4094 τοῦ

2092 4135 2323 4206 αἵματος
2354 4135 2795 4207 ἀπορῤύψασθαι.
2828 4135 3026 4199 ’Ἡλους
3048 4134 3157 4205 γὰρ
3190 4132 3458 4204 μεγάλους
3486 4131 3673 4212 ἑκατέ-

2094 4243 2190 4296 ρου
2225 4225 2334 4287 τῶν
2369 4224 2546 4279 ποδῶν
2578 4224 2636 4291 ἓξ
2666 4224 2758 4277 τὸν
2791 4223 3025 4295 ἀριθμὸν
3054 4219 3219 4275 αὐτοῦ
3246 4220 3673 4290 διαπερονήσαν·

2090 4332 2184 4379 τες
2212 4316 2344 4385 πυρὶ
2392 4315 2727 4385 παρέδοσαν
2769 4315 2863 4369 καὶ
2915 4312 3102 4384 ἐπειδὴ
3155 4311 3351 4365 αὐτίκα
3401 4309 3540 4382 πρὸς
3578 4308 3675 4380 τὴν

419 4400 488 4455 ad
520 4399 695 4470 ignem
716 4416 1013 4471 properans
1038 4402 1325 4459 confestim
1347 4403 1742 4471 exsiliraverat,
1763 4404 1984 4456 cadavei

2096 4405 2270 4475 φλόγα
2297 4405 2490 4475 χωρῶν
2529 4404 2820 4469 ἀπέθανεν,
2847 4402 3180 4475 ήμίφλεκτον
3213 4400 3294 4453 ἔτι
3328 4398 3423 4453 καὶ
3454 4397 3596 4452 σῶον
3627 4399 3676 4450 οἱ

421 4492 543 4561 ejus
574 4493 896 4547 semiustum
930 4493 1110 4549 adhuc
1139 4503 1193 4549 et
1231 4494 1501 4567 integrum
1540 4493 1836 4566 propinqui
1863 4508 1989 4548 cum

421 4596 455 4637 e
483 4596 615 4652 rogo
638 4584 1008 4648 sustulissent,
1034 4585 1091 4639 in
1116 4599 1246 4656 agro
1275 4585 1510 4655 quodam
1533 4585 1626 4655 qui
1658 4583 1822 4640 Subel
1856 4585 1993 4639 dici-

374 4693 378 4698 "
423 4682 513 4729 tur
538 4672 907 4745 deposuerunt
945 4677 1078 4747 (18).

497 4889 610 4959 (17)
649 4887 1045 4959 _\_'ide_Philost.
1079 4888 1132 4943 in
1165 4888 1259 4942 lib.
1291 4903 1345 4949 v,
1382 4904 1502 4959 cap.
1537 4888 1589 4941 ε.

498 4958 611 5023 H8)
648 4957 769 5011 Vid.
793 4956 1022 5011 Philost.
1055 4959 1148 5011 lib.
1188 4973 1260 5021 tv,
1297 4973 1346 5013 c.
1380 4957 1435 5011 4.

498 5029 612 5099 (l9)
651 5027 760 5099 Καὶ
788 5027 976 5082 αὐτὸν
1001 5030 1055 5099 οι
1077 5028 1309 5099 Δἔφοροι.
1345 5027 1457 5099 Hoc
1490 5027 1702 5097 insigne
1736 5028 2005 5097 fragmen-

425 5096 568 5162 tum,
595 5096 661 5153 ex
690 5098 1036 5168 Philostorgii
1066 5096 1112 5149 Η
1123 5098 1314 5151 istoria
1340 5096 1672 5168 descriptum
1704 5096 1845 5168 esse.
1870 5099 2007 5151 mul—

428 5169 501 5239 tis
527 5169 865 5239 argumentis
890 5165 1143 5239 convinci
1167 5175 1365 5239 potest.
1390 5165 1533 5239 Nam
1544 5175 1609 5239 et
1636 5167 1834 5239 locutio
1850 5168 2007 5239 plane

427 5234 856 5310 Philostorgium
885 5238 1125 5310 redolet:
1154 5234 1729 5310 verl)i_gt'atia,_t_tpopm
1755 5234 1862 5291 hoc
1887 5237 2006 5310 loco

430 5306 691 5378 dicuntur
713 5305 994 5378 episcopi.
1029 5306 1183 5371 Quod
1230 5306 1476 5378 quidem‘
1497 5305 1626 5359 alibi
1648 5305 1835 5375 'quam
1868 5307 2007 5378 apud

429 5372 855 5447 Philostorgium
894 5372 1109 5447 diﬂicile
1143 5372 1419 5447 reperias,
1445 5372 1709 5447 Praeterea
1742 5391 1864 5445 qua:
1903 5372 2009 5430 Sub

433 5444 598 5515 tinem
634 5444 904 5502 adduntur
940 5447 1007 5502 de
1034 5444 1273 5502 Aetio‘et
1300 5447 1366 5502 de
1406 5445 1695 5512 Eunomio,
1724 5444 2010 5515 perspicue

432 5511 682 5586 indicant
714 5516 998 5586 fragtnenti
1044 5518 1211 5586 hujus
1238 5525 1520 5571 auctorem
1550 5530 1671 5571 esse
1703 5511 2008 5570 Philostor-

432 5584 608 5655 giuta.
647 5586 781 5648 Quis
806 5584 956 5639 enim
991 5584 1131 5641 alius
1167 5586 1548 5642 haereticomm
1589 5586 1808 5640 illorum
1857 5591 2009 5640 dotes

431 5666 502 5710 ac
528 5652 718 5708 laudes
749 5663 860 5708 tam
891 5655 1179 5709 ambitiose
1204 5654 1692 5710 commemoraret?

1023 5670 1179 5709 ιιιοεθ
1204 5670 1636 5710 commemorare

508 5721 621 5796 (ὶο)
669 5723 777 5777 Τόν
805 5739 866 5777 τε
897 5721 1416 5788 Εὑδόξιοναὺτόν.
1450 5723 1644 5780 Procul
1675 5723 1840 5780 dubio
1873 5725 2019 5781 scri-

1258 5822 1374 5848 .L..'L.

2096 4496 2464 4565 προσήκοντες
2508 4494 2600 4547 τὸν
2648 4492 2842 4564 νεκρὸν
2885 4491 3218 4562 ἀνελόμενοι,
3266 4488 3324 4543 ἐν
3360 4505 3467 4543 τινι
3517 4486 3680 4558 ἀγρῷ

2096 4585 2297 4638 Σουϐὲλ
2319 4584 2595 4656 λεγομένῳ
2620 4583 2937 4645 κατέθεσαν.

1655 4781 1895 4826 V’ALESII
1936 4775 2433 4823 ANNOTATIONES.

2105 4885 2340 4939 bendum
2369 4891 2471 4944 est,
2506 4881 2595 4936 τόν
2625 4897 2683 4934 τε
2724 4880 3007 4949 Εὐνόμιον.
3041 4878 3226 4949 Neque
3258 4878 3410 4949 enim
3438 4876 3688 4935 Eudoxii

2104 4954 2362 5024 magister
2385 4952 2485 5024 fuit
2507 4951 2717 5024 Aetius,
2740 4951 2836 5024 sed
2857 4948 3432 5024 Eunomii.’_Eudoxius
3453 4948 3685 5024 quidem

2102 5018 2487 5079 Antiochensis
2513 5022 2803 5091 episcopus
2824 5020 2878 5073 in
2902 5020 3100 5074 divinis
3114 5019 3333 5091 Litteris,
3352 5018 3685 5091 magistrum

2105 5094 2291 5147 habuit
2319 5087 2630 5161 Lucianumi
2650 5087 2969 5161 martyrem,
3002 5098 3058 5141 ttt
3095 5089 3253 5161 t_radit
3278 5087 3686 5161 Philostorgius

2103 5163 2157 5242 in
2192 5163 2340 5242 librq
2360 5176 2576 5242 uncap.
2612 5160 2715 5242 153A
2738 5157 2850 5229 Ego
2886 5167 3063 5242 tamen
3100 5157 3689 5242 [tEudemum-discipu-

2104 5234 2281 5287 lorum
2316 5227 2542 5286 Luciani
2573 5227 2874 5283 auditorem
2907 5229 3086 5297 potius
3108 5228 3279 5283 fuisse
3307 5227 3675 5281 crediderim:

2106 5318 2231 5357 nam
2281 5318 2404 5357 cum
2442 5300 2720 5355 Eudoxius
2753 5297 2990 5353 Valentis
3025 5301 3328 5367 principatu
3370 5310 3679 5350 extremum

2106 5373 2247 5427 diem
2293 5372 2511 5436 obierit,
2559 5370 2834 5440 quomodo
2866 5367 3425 5440 Lucianiumartyris,
3458 5369 3555 5435 qui
3588 5380 3679 5440 re-

2106 5452 2304 5511 gnante
2333 5435 2629 5496 Maximino
2661 5453 2853 5511 passus
2884 5449 2988 5511 est,
3018 5438 3235 5511 auditor
3259 5435 3383 5511 esse
3416 5435 3677 5511 potuerit,

2106 5506 2356 5581 équidem
2386 5526 2491 5581 non
2515 5506 2694 5564 video.
2727 5508 3005 5581 Asterium
3029 5508 3247 5581 quidem
3271 5506 3675 5581 Cappadocem,

2108 5575 2201 5650 qui
2234 5596 2376 5645 unus
2404 5580 2509 5634 fuit
2537 5597 2600 5635 ex
2629 5577 2914 5650 discipulis
2956 5575 3197 5650 Luéiani,
3228 5575 3552 5650 magistrum
3582 5575 3679 5650 ha-

2108 5644 2295 5706 buisse
2335 5652 2548 5705 videtur
2593 5644 2893 5714 Eudoxius,
2939 5658 2997 5703 ut
3026 5648 3228 5704 indicat
3278 5644 3677 5715 Pbilostorgius

2108 5720 2163 5776 in
2193 5722 2285 5776 lib.
2329 5736 2400 5776 tv.
2440 5735 2559 5776 cao.
2585 5721 2637 5775 4.

2108 5720 2163 5776 in
2193 5722 2285 5778 lib.
2329 5736 2400 5786 tv,
2440 5735 2559 5791 cap.
2585 5721 2637 5775 4.
