4054 6198
284 280 391 334 635

1695 304 2142 363 FRAGMENTA.

3445 319 3551 376 65L

1382 437 1454 493 Ex
1498 441 1688 497 eodem
1726 441 1893 498 Suida
1916 442 1971 498 in
2000 457 2135 499 voce
2165 442 2444 512 Θεόφιλος.

358 534 617 607 Θεόφιλος
663 530 821 604 οὗτος
863 542 972 596 ἀπὸ
1010 544 1187 601 Ἰνδῶν
1207 549 1519 606 ἐπανελθὼν
1557 554 1616 607 ἐν
1665 556 1866 610 Ἀντιο-

2042 554 2377 627 Theophilus
2418 571 2485 613 ex
2533 557 2685 614 lndia
2718 575 2990 628 reversus,
3020 565 3321 622 Antiochiae
3368 568 3547 625 domi-

286 628 418 700 χεία
449 629 669 700 διῆγεν’
703 631 1001 704 ἐκκλησίαν
1039 635 1138 707 μέν
1182 641 1580 714 ἀφωρισμένως
1616 645 1869 717 οὐδεμίαν

289 718 432 789 ἔχων
466 718 656 783 αὐτός·
687 721 867 784 κοινὸς
891 725 948 778 δέ
994 743 1079 791 τις
1104 726 1203 794 ὢν,
1234 731 1310 796 ὡς
1339 733 1539 798 πάσαις
1565 735 1711 807 αὐτῷ
1752 740 1868 809 μετ’

290 809 471 873 ἀδείας
501 810 786 883 ἐπιφοιτᾷν
825 813 903 876 ὡς
943 815 1102 881 ἰδίαις
1135 819 1274 884 ἐξὸν,
1326 821 1590 892 βασιλέως
1621 827 1780 883 αὐτὸν
1813 831 1870 894 ἐς

291 901 357 953 τὰ
385 900 615 969 μάλιστα
652 901 741 956 διὰ
770 907 935 976 τιμῆς
973 922 1033 959 τε
1069 909 1250 981 πάσης
1282 913 1373 965 καὶ
1406 914 1583 979 αἰδοῦς
1608 918 1864 986 ἄγοντος

291 993 381 1045 καὶ
411 993 519 1045 τῶν
546 993 721 1047 ἄλλων
746 997 1021 1061 ἁπάντων,
1046 1000 1267 1066 ὁπόσοις
1293 1005 1569 1078 ἐπισταίη,
1602 1010 1740 1079 μετὰ
1763 1010 1869 1064 πά-

287 1100 387 1155 σης
408 1084 719 1155 προθυμίας
745 1087 909 1142 αὐτὸν
941 1090 1369 1163 ὑποδεχομένων,
1400 1098 1495 1151 καὶ⁵
1520 1099 1582 1152 τὸ
1601 1101 1699 1171 τῆς
1739 1104 1868 1173 ἀρε-

281 1175 381 1245 τῆς
430 1175 597 1228 αὑτοῦ
652 1177 879 1248 μέγεθος
931 1183 1480 1257 καταπληττομένων.
1523 1186 1633 1244 Ἦν
1686 1193 1795 1265 γὰρ
1839 1196 1869 1248 ὁ

278 1264 423 1338 ἀνὴρ
471 1267 741 1338 κρείσσων
771 1269 805 1339 ἢ
848 1268 924 1334 ὠς
951 1272 1017 1325 ἄν
1057 1290 1142 1340 τις
1172 1275 1430 1347 δηλώσειε
1472 1279 1613 1352 λόγῳ
1636 1299 1651 1313 ο
1689 1264 1771 1347 ὡς
1802 1285 1867 1340 ἄν

279 1371 366 1420 τις
395 1356 507 1410 τῶν
548 1359 860 1412 ἀποστόλων
890 1361 1076 1415 εἰκών.
1126 1365 1361 1434 Λέγεται
1386 1369 1451 1436 γέ
1484 1371 1568 1423 τοί
1615 1389 1742 1426 ποτε
1772 1375 1867 1428 καὶ

279 1447 476 1518 νεκρὸν
503 1450 802 1521 ἀναστῆσαι
834 1452 893 1505 ὲν
932 1453 1228 1527 Ἀντιοχείᾳ
1268 1457 1526 1525 Ἰουδαίας
1552 1464 1720 1528 τινός.
1754 1463 1862 1519 Θαο

278 1539 503 1604 λὰσσιος
542 1540 600 1593 δὲ
642 1540 800 1595 τοῦτό
843 1560 1000 1615 φησι,
1029 1546 1138 1599 τῶν
1182 1549 1268 1601 ἐπ’
1306 1551 1405 1604 οὐκ
1451 1553 1631 1623 ὀλίγον
1676 1558 1866 1629 τάνδρί

280 1633 696 1703 συγγενομένων
736 1634 947 1705 χρόνον,
983 1636 1076 1689 καὶ
1107 1637 1305 1708 ἥκιστα
1330 1641 1395 1713 δὴ
1425 1645 1505 1707 εἰς
1542 1646 1610 1700 τὰ
1640 1648 1866 1703 τοιαῦτα
1900 1662 1913 1676 ⁸

275 1727 569 1797 ψεύδεσθαι
607 1729 847 1792 ὕποπτος
879 1728 955 1784 ὢν
974 1748 988 1762 ο
1027 1731 1204 1797 ἄλλως
1247 1753 1305 1789 τε
1349 1738 1443 1792 καὶ
1467 1738 1607 1811 ἔχων
1632 1742 1732 1796 οὐκ
1756 1742 1867 1797 όλί-

278 1835 414 1888 γους
459 1820 567 1873 τῶν
612 1822 750 1875 κατά
780 1822 869 1875 τὸν
910 1826 1071 1880 αὐτὸν
1119 1827 1266 1899 αὐτῷ
1309 1833 1619 1902 γενομένων
1673 1837 1864 1908 χρόνον

277 1909 406 1971 τοὺς
432 1910 960 1983 ἐπιμαρτυροῦντας.

1976 648 2160 702 cilium
2207 649 2322 703 lixit
2355 666 2369 704 :
2404 651 2681 719 propriam
2726 651 2945 720 quidem
3000 668 3063 707 ac
3095 656 3424 724 peculiarem
3461 673 3550 715 ec-

1973 739 2192 792 clesiam
2242 738 2449 793 nullam
2494 738 2732 805 habens;
2770 743 3076 798 communis
3121 759 3250 800 vero
3302 748 3550 802 omnium

1969 831 2221 893 antistes,
2269 831 2405 905 adeo
2450 839 2509 886 ut
2542 840 2771 886 cunctas
2800 831 2967 887 libere
3008 849 3108 904 pro
3144 836 3411 892 arbitratu
3447 855 3549 894 suo

1970 929 2234 991 tanquam
2259 922 2511 991 proprias
2537 922 2689 978 adire
2716 923 2765 977 ei
2790 924 2998 987 liceret,
3031 941 3153 980 cum
3183 936 3236 982 et
3258 927 3550 997 imperator

1972 1010 2273 1064 maximum
2300 1012 2348 1065 ei
2384 1008 2645 1067 honorem
2674 1030 2738 1069 ac
2773 1018 3137 1071 reverentiam
3171 1019 3475 1088 exhiberet,
3499 1031 3551 1077 et

1967 1103 2163 1173 reliqui
2202 1119 2393 1160 omnes
2435 1106 2503 1159 ad
2534 1122 2673 1175 quos
2719 1119 3049 1177 accesserat,
3084 1127 3298 1167 summa
3348 1114 3550 1168 alacri-

1969 1201 2077 1249 tate
2105 1211 2231 1249 eum
2280 1197 2615 1266 exciperent,
2657 1198 2991 1270 virtutisque
3020 1202 3141 1272 ejus
3177 1206 3550 1274 praestantiam

1967 1284 2395 1340 admirarentur.
2445 1286 2578 1352 Quae
2629 1288 2850 1358 quidem
2908 1292 3030 1346 talis
3080 1308 3145 1348 ac
3178 1302 3327 1349 tanta
3381 1296 3432 1350 in
3486 1312 3550 1351 eo

1967 1374 2091 1439 fuit,
2122 1386 2182 1430 ut
2211 1392 2330 1431 eam
2370 1394 2533 1433 neruo
2567 1380 2749 1436 verbis
2783 1382 3056 1451 explicare
3095 1386 3271 1453 possit
3300 1404 3313 1440 :
3348 1387 3551 1458 quippe

1967 1469 2061 1538 qui
2094 1468 2275 1539 imago
2304 1469 2553 1539 quaedam
2582 1470 2745 1525 fuerit
2775 1474 3169 1543 apostolorum.
3197 1475 3365 1531 Aiunt
3384 1481 3546 1533 etiam

1966 1576 2092 1616 eum
2142 1561 2437 1631 aliquando
2491 1562 2792 1619 Antiochiae
2841 1563 3083 1620 Iudaeam
3143 1569 3434 1637 quamdam
3481 1585 3549 1624 ex

1968 1656 2203 1710 mortuis
2250 1650 2568 1711 susci'tasse.
2609 1656 2661 1710 Id
2702 1667 2885 1712 autem
2932 1657 3167 1714 aﬂirmat
3200 1660 3546 1726 Thalassius,

1966 1746 2059 1816 qui
2107 1761 2231 1802 cum
2285 1748 2378 1803 illo
2419 1748 2729 1805 diutissime
2761 1759 3012 1807 versatus
3038 1760 3142 1819 est,
3180 1762 3235 1807 et
3265 1753 3319 1806 in
3349 1752 3540 1822 hujus-

1968 1838 2116 1893 modi
2170 1840 2335 1899 rebus
2390 1850 2543 1894 extra
2592 1839 2962 1910 suspicionem
3002 1850 3087 1897 est
3134 1843 3404 1899 mendacii
3442 1860 3457 1896 :
3493 1851 3548 1897 et

1893 1913 1934 1968 Β
1962 1925 2056 1997 qui
2085 1924 2289 1996 alioqui
2324 1925 2469 1980 haud
2507 1943 2710 1996 paucos
2745 1928 2909 1983 habet
2940 1929 3108 2001 hujus
3139 1932 3216 1986 rei
3258 1940 3425 1987 testes
3452 1930 3547 2002 qui

1962 2016 2152 2071 eodem
2187 2026 2433 2086 tempore
2470 2019 2740 2073 vixerunt.

1398 2120 1534 2179 Item
1565 2141 1631 2182 ex
1669 2127 1836 2186 Suida
1866 2132 1925 2188 in
1954 2147 2088 2188 voce
2125 2132 2398 2199 Λεόντιος.

349 2225 602 2289 Λεόντιος
635 2227 946 2299 Τριπόλεως
973 2233 1072 2304 τῆς
1099 2234 1298 2299 Λυδίας
1321 2237 1642 2306 ἐπίσκοπος,
1679 2242 1866 2308 Μυσὸς

276 2317 340 2369 τὸ
366 2318 521 2385 γένος
548 2317 655 2370 τῶν
685 2319 819 2391 πρὸς
856 2323 932 2390 τῷ
966 2324 1167 2400 Ἴστρῳ
1192 2331 1621 2400 κατῳκημένων,
1651 2333 1746 2397 οὓς
1769 2335 1869 2404 ἁγ-

277 2428 333 2481 χι
341 2410 550 2479 μάχους
571 2410 718 2482 Ὂμη
727 2429 819 2483 ρος
835 2413 1008 2468 καλεῖ.
1027 2416 1131 2469 Τὸν
1154 2419 1391 2474 τοιοῦτον
1420 2423 1670 2478 Λεόντιον
1690 2444 1861 2499 προσ-

278 2499 614 2570 εταιρίζεται
658 2502 688 2555 ὁ
730 2504 1022 2576 κακόφρων
1062 2507 1441 2580 Φιλοστόργιος
1491 2514 1549 2568 ἐν
1584 2518 1651 2587 τῇ
1697 2518 1866 2589 βίϐλῳ

279 2591 403 2642 ἀντὶ
443 2590 535 2644 τοῦ
574 2591 708 2662 (21),
740 2593 816 2657 ὡς
864 2595 1139 2667 ὁμόφρονα
1178 2599 1279 2669 τῆς
1323 2600 1664 2677 Ἀρειανικῆς
1701 2609 1865 2664 αὐτοῦ

284 2682 723 2752 κακοφροσύνης.
763 2683 853 2748 Ὠς
879 2681 1032 2751 οὗτος
1057 2689 1223 2744 παῖδα
1243 2690 1340 2744 ἕνα
1374 2694 1643 2766 ἐσχηκὼς,
1678 2700 1864 2773 ἐπειδὴ

286 2773 364 2863 μὴ
397 2773 639 2844 χρηστὰς
666 2773 888 2841 ἐλπίδας
916 2779 1079 2832 αὐτὸν
1103 2781 1471 2851 ὑποφαίνοντα
1508 2788 1644 2857 πρὸς
1665 2791 1866 2863 ἀρετὴν

282 2860 414 2926 εἶδε,
438 2865 754 2936 εὐξάμενος,
777 2866 853 2932 ὥς
881 2887 1064 2939 φασιν,
1086 2872 1168 2927 ἐτι
1201 2876 1485 2946 μειράκιον
1503 2880 1653 2945 ὁντα,
1689 2860 1869 2954 ἐποίη-

282 2972 377 3009 σεν
398 2956 690 3013 ἀποθανεῖν
706 2975 719 2989 ·
742 2960 1025 3017 κάλλιστον
1049 2965 1412 3036 ἡγησάμενος,
1432 2969 1493 3022 τὸ
1512 2972 1619 3042 πρὸ
1639 2974 1867 3045 αἰσχροῦ

280 3065 429 3112 τινος
474 3050 877 3108 καταλύσασθαι
916 3055 1007 3109 τὸν
1057 3057 1193 3128 βίον,
1245 3061 1351 3115 τῶν
1389 3063 1675 3135 σφαλερῶν
1723 3068 1865 3121 κατά

2039 2243 2302 2303 Leontius
2330 2247 2626 2317 episcopus
2664 2246 2904 2320 Tripolis
2941 2250 3097 2306 urbis
3143 2250 3347 2323 Lydiae,
3393 2259 3548 2307 ortus

1969 2353 2037 2393 ex
2064 2336 2249 2394 Mmsis
2277 2339 2371 2407 qui
2397 2340 2596 2395 lstrum
2627 2342 2900 2403 accolunt,
2932 2356 3072 2412 quos
3102 2340 3370 2398 Homerus
3393 2343 3550 2412 ἀγχι·

1970 2431 2176 2502 μάχους
2222 2432 2492 2501 appellat,
2525 2431 2723 2498 idest,
2758 2435 2997 2488 cominus
3037 2446 3353 2505 pugnantes.
3391 2433 3546 2490 lluuc

1969 2515 2260 2573 Leontium
2292 2521 2410 2576 suis
2452 2521 2701 2590 partibus
2735 2521 2986 2592 adjungit
3011 2522 3213 2593 impius
3240 2522 3549 2579 Philostor-
3576 2587 3583 2595 ι

1970 2608 2094 2678 gius
2123 2609 2177 2662 in
2209 2609 2305 2665 lib.
2339 2610 2598 2666 Historiae
2627 2629 2742 2668 suae
2768 2614 3024 2683 septimo,
3050 2623 3308 2685 tanquam
3337 2615 3550 2670 Arianae

1969 2707 2133 2755 secta:
2162 2716 2325 2770 quam
2358 2700 2474 2770 ipse
2526 2705 2906 2772 proﬁtebatur,
2955 2707 3256 2761 addictum.
3294 2705 3394 2761 Hic
3425 2722 3549 2760 cum

1972 2790 2195 2844 unicum
2224 2790 2453 2845 haberet
2487 2792 2683 2856 tilium,
2735 2809 2836 2849 nec
2870 2794 3036 2848 ullam
3069 2798 3122 2849 in
3163 2811 3229 2851 eo
3274 2796 3429 2850 bona:
3461 2796 3551 2850 in-

1968 2876 2112 2936 dolis
2141 2889 2327 2936 notam
2359 2883 2840 2947 animadverteret,
2872 2887 3216 2942 orationibus
3242 2904 3272 2941 a
3304 2886 3412 2940 Deo
3446 2887 3550 2940 im—

1970 2975 2225 3040 petravit,
2273 2981 2333 3026 ut
2370 2973 2549 3028 adhuc
2598 2974 2919 3031 adolescens
2956 2991 3024 3031 ex
3074 2977 3176 3032 hac
3214 2977 3322 3031 vita
3372 2977 3550 3032 disce-

1971 3064 2154 3129 deret,
2196 3062 2372 3117 satius
2404 3077 2526 3118 esse
2551 3065 2804 3130 judicans
2831 3075 2891 3120 ut
2922 3076 3047 3121 ante
3077 3066 3249 3121 ullum
3288 3067 3546 3136 probrum

280 3142 373 3195 τὸν
396 3140 510 3211 βίον
529 3142 755 3198 ὁλίσθων
783 3144 888 3210 ἔξω
909 3148 1218 3219 γενόμενον.
1243 3154 1460 3207 Κανόνα
1479 3156 1534 3208 δὲ
1558 3157 1720 3210 αὑτὸν
1743 3160 1867 3213 ἐκάη

1970 3172 2035 3211 ac
2083 3155 2349 3227 ﬂagitium
2401 3156 2726 3217 admissum.
2763 3167 2992 3213 mortem
3034 3167 3336 3229 oppeteret,
3366 3175 3433 3214 ex
3465 3160 3549 3213 in-

280 3231 407 3286 λουν
441 3236 541 3305 τῆς
578 3234 921 3307 Ἐκκλησίας.
952 3235 1059 3294 Ἦν
1089 3242 1146 3295 δὲ
1187 3243 1472 3317 ἐλεύθερος
1502 3248 1601 3319 τὴν
1638 3250 1863 3325 γνώμην

280 3324 480 3396 ἐπίσης
502 3326 581 3388 εἰς
605 3327 812 3392 πάντας
835 3330 930 3382 καὶ
951 3333 1439 3403 παρῤησιαστικός.
1460 3338 1570 3392 Καί
1590 3357 1719 3394 ποτε
1741 3324 1866 3395 συν-

279 3414 401 3468 όδου
446 3417 762 3487 γενομένης,
792 3418 1086 3484 Εὑσεϐείας
1125 3422 1224 3492 τῆς
1271 3425 1649 3480 Κωνσταντίου
1679 3445 1867 3497 γυναι-

283 3506 375 3569 κὸς
405 3508 488 3570 εἰς
530 3509 726 3578 οἴδημα
774 3510 1036 3582 ἀρθείσης
1068 3516 1433 3586 φρονήματος,
1481 3520 1575 3571 καί⁵
1623 3521 1727 3574 ὑπὸ
1757 3521 1865 3576 τῶν

281 3590 596 3651 ἐπισκόπων
630 3603 1131 3674 προσκυνουμένης,
1170 3606 1331 3673 μόνος
1359 3599 1513 3672 οὗτος
1540 3610 1691 3681 παρὰ
1723 3611 1864 3680 φαῦ-

282 3688 371 3742 λον
403 3690 577 3762 αὐτὴν
609 3691 909 3762 τιθέμενος,
953 3695 1089 3749 οίκοι
1138 3696 1350 3760 ἔμενεν.
1390 3701 1456 3753 Ἦ
1499 3701 1556 3755 δέ
1591 3703 1680 3759 διά
1707 3704 1865 3760 τοῦτο

280 3781 757 3852 ύποθερμανθείσα
776 3787 889 3847 τοῖς
909 3784 1120 3856 θυμοῖς.
1144 3789 1238 3841 καὶ
1257 3789 1353 3861 τὴν
1372 3790 1599 3865 γνώμην
1620 3795 1866 3868 φλεγμή-

279 3887 440 3935 νασα,
474 3872 681 3943 πέμπει
715 3874 852 3945 πρὸς
876 3876 1040 3930 αὐτὸν
1066 3880 1385 3952 αἰτιωμένη,
1413 3886 1509 3939 καί⁹
1537 3886 1864 3958 ὑποσχέσεσι

280 3964 671 4027 κολακεύουσα,
695 3968 771 4032 ὼς
807 3969 1132 4041 Ἐκκλησίαν
1159 3990 1241 4026 σοι
1267 3975 1530 4047 μεγίστην
1554 3979 1748 4050 ἐγερῶ.
1771 3982 1865 4034 καὶ

278 4058 542 4127 χρήματα
571 4058 1075 4133 ἐπιδαψιλεύσομαι,
1106 4064 1154 4116 εἰ
1176 4065 1394 4134 ἀφίκοιο
1424 4068 1560 4139 πρὸς
1591 4069 1679 4140 μέ.
1728 4072 1786 4125 '0
1807 4071 1865 4126 δὲ

278 4148 617 4218 ἀντεδήλωσε
631 4166 646 4180 ·
676 4150 892 4205 Τούτων
910 4152 1008 4222 μὲν
1032 4154 1086 4207 εί
1104 4171 1156 4206 τι
1179 4154 1499 4229 βουληθείης
1518 4160 1861 4228 τελέσασθαι,

275 4236 325 4298 ὧ
356 4242 622 4311 βασίλεια.
654 4245 753 4296 οὐκ
791 4245 916 4315 ἐμοὶ
946 4245 1169 4315 μᾶλλον,
1198 4246 1230 4316 ἧ
1261 4250 1325 4319 τῇ
1368 4252 1433 4320 σῇ
1457 4251 1602 4323 ψυχῇ
1637 4253 1743 4307 ίσθι
1766 4272 1865 4326 χα-

280 4331 565 4403 ριουμὲνη.
599 4333 663 4386 Εἰ
704 4333 761 4386 δὲ
799 4331 1082 4405 θελήσειας
1118 4335 1412 4403 ἀφικέσθαι
1461 4340 1596 4410 πρὸς
1650 4343 1729 4406 σὲ,
1787 4344 1863 4408 ὡς

276 4422 381 4490 τῆς
418 4424 531 4485 τοῖς
559 4423 875 4487 ἐπισκόποις
910 4423 1227 4496 πρεπούσης
1256 4427 1743 4504 φυλαχθησομένης
1777 4435 1864 4487 αἰ-

277 4511 403 4577 δοῦς
430 4529 443 4542 ·
477 4513 544 4566 ἶν’
569 4512 864 4584 εἰσέλθοιμι
905 4515 1002 4584 μὲν
1042 4493 1277 4585 ἐγὼξσυ
1303 4518 1348 4571 δ’
1373 4493 1586 4575 αύτίκα-
1613 4493 1861 4597 «eaeps—
1897 4493 1939 4548 θ

279 4619 373 4679 νου
406 4601 502 4655 τοῦ
531 4602 737 4673 ὑψηλοῦ
764 4603 1069 4669 καταϐᾶσα,
1120 4605 1236 4676 μετ’
1272 4607 1454 4672 αἰδοῦς
1497 4611 1863 4685 ύπαντήσειας

278 4693 428 4764 ἐμοὶ,
461 4694 554 4747 καὶ
594 4695 692 4765 τὴν
734 4695 974 4767 κεφαλὴν
1017 4696 1260 4769 ὑπόσχῃς
1285 4700 1407 4762 ταῖς
1443 4702 1606 4770 ἐμαῖς
1651 4706 1860 4774 χερσὶν,

282 4784 545 4853 εὐλογιῶν
606 4786 897 4858 ἀξιουμένη
924 4805 938 4818 ·
994 4788 1229 4843 κᾶπειτα
1276 4790 1597 4863 καθεσθείην
1649 4796 1747 4865 μὲν
1797 4797 1863 4853 ἂν

284 4876 414 4944 ἐγὼ,
447 4878 511 4931 σὺ
541 4877 586 4930 δ’
625 4879 690 4931 ἂν
723 4880 975 4951 ἐστήκοις
1008 4880 1326 4952 αἰδουμένη,
1360 4884 1560 4938 ὁπόταν
1586 4886 1643 4939 δὲ
1678 4889 1866 4942 κελεύ-

286 4985 463 5039 σαιμι,
488 4969 884 5041 καθεδουμένη,
914 4971 1076 5041 ἡνίκα
1109 4972 1255 5043 δοίην
1285 4974 1348 5028 τὸ
1378 4974 1649 5048 σύνθημα.
1675 4979 1739 5032 Εἰ
1778 4980 1869 5034 οὖ-

284 5073 389 5121 τως
410 5061 636 5130 αἱρήσῃ,
661 5060 962 5131 ἀφικοίμην
993 5062 1142 5133 παρὰ
1162 5062 1249 5115 σέ·
1282 5064 1331 5117 εἰ
1360 5062 1403 5117 δ’
1430 5064 1616 5136 ἕτερον
1645 5068 1863 5138 τρόπον,

210 5186 230 5197 -
285 5150 382 5219 οὐχ
429 5149 573 5204 οὕτω
624 5150 794 5203 πολλά
820 5151 1034 5216 δώσεις,
1079 5152 1186 5206 οὐδ’
1211 5154 1353 5207 οὕτω
1387 5155 1602 5225 μεγάλα
1643 5157 1864 5230 δυνήσῃ,

285 5241 358 5303 ὼς
378 5244 521 5313 ἡμᾶς
550 5244 650 5314 τῆς
674 5243 1059 5317 προσηκούσης
1085 5246 1248 5316 τιμῆς
1265 5250 1375 5310 τοῖς
1392 5247 1714 5312 ἐπισκόποις
1736 5249 1868 5304 καθ-

292 5335 635 5405 υφιεμένους,
678 5338 758 5399 εἰς
795 5335 885 5389 τὸν
925 5334 1068 5389 θεῖον
1107 5335 1389 5407 ἐξυϐρίσαι
1422 5339 1522 5410 τῆς
1567 5339 1867 5411 ἰερωσύνης

1967 3246 2132 3300 certis
2167 3260 2231 3299 ac
2258 3245 2585 3315 periculosis
2615 3245 2781 3316 hujus
2813 3248 2938 3302 vita:
2966 3249 3188 3304 casibus
3216 3248 3544 3305 subductus.

1965 3336 2139 3392 Porro
2171 3351 2298 3392 eum
2348 3335 2607 3392 Ecclesia;
2666 3352 2917 3392 normam
2966 3341 3128 3411 vulgo
3184 3341 3546 3410 appellabant.

1965 3426 2108 3481 Idem
2152 3442 2369 3482 summa
2415 3427 2687 3493 libertate,
2721 3438 2831 3483 tam
2863 3429 2917 3483 in
2950 3432 3254 3498 sentiendo,
3292 3448 3457 3502 quam
3494 3433 3548 3486 in

1965 3517 2261 3588 loquendo,
2293 3534 2421 3587 erga
2463 3534 2655 3576 omnes
2694 3536 2762 3575 ex
2792 3536 2951 3591 mquo
2984 3524 3257 3578 utebatur.
3303 3525 3550 3594 Cumque

1964 3609 2260 3678 aliquando
2329 3610 2572 3679 synodus
2617 3610 3003 3680 episcoporum
3064 3615 3435 3679 convenisset,
3494 3625 3549 3669 et

1964 3696 2193 3753 Eusebia
2224 3700 2467 3770 Augusta
2503 3714 2645 3754 uxor
2679 3701 2813 3770 imp.
2851 3700 3161 3757 Constantii
3217 3704 3361 3759 fastu
3404 3706 3546 3760 elata

1965 3790 2035 3844 ab
2065 3790 2343 3845 universis
2374 3791 2650 3862 episcopis
2672 3792 3027 3859 salutaretur,
3056 3795 3209 3849 solus
3242 3796 3328 3850 hic
3357 3797 3548 3868 Augu-

1965 3893 2106 3940 stam
2153 3885 2308 3954 parvi
2350 3885 2615 3955 pendens,
2646 3887 2791 3942 domi
2828 3890 3052 3943 mansit.
3100 3886 3158 3943 ld
3189 3886 3391 3943 factum
3434 3891 3548 3942 Au»

1966 3987 2124 4049 gusta
2151 3992 2292 4047 aegre
2323 3976 2503 4033 ferens
2523 4016 2539 4041 ,
2569 3985 2625 4033 et
2662 3980 2742 4033 ira
2769 3979 3207 4045 excandescens,
3242 3980 3539 4049 quemdam

1964 4082 2032 4122 ex
2063 4066 2328 4122 ministris
2354 4067 2471 4123 suis
2498 4068 2564 4122 ad
2596 4083 2720 4123 eum
2746 4070 2918 4133 misit,
2952 4071 3149 4139 partim
3180 4085 3547 4138 conquerens,

1964 4156 2162 4225 partim
2188 4155 2469 4210 blanditiis
2502 4164 2558 4211 et
2582 4156 3085 4227 pollicitationibus
3115 4174 3239 4214 eum
3278 4161 3547 4216 demereri

1965 4248 2211 4303 studens.
2238 4246 2529 4303 Maximam
2556 4249 2674 4313 tibi,
2696 4250 2896 4315 aiebat,
2926 4250 3218 4307 ecclesiam
3245 4250 3545 4316 aedificabo,

1922 4400 1929 4405 ο
1963 4347 2018 4394 et
2055 4338 2317 4409 pecunias
2344 4340 2570 4411 insuper
2599 4328 2822 4412 largiar,
2850 4343 2896 4398 si
2923 4343 2991 4398 ad
3024 4359 3111 4399 me
3137 4345 3419 4400 visendam
3456 4360 3549 4402 ac-

1965 4429 2218 4485 cesseris.
2241 4429 2453 4496 Quibus
2474 4428 2739 4486 Leontius
2764 4432 2834 4486 ita
2858 4433 3165 4500 respondit:
3196 4433 3402 4488 Horum
3427 4449 3549 4503 quae

1970 4521 2105 4575 mihi
2135 4521 2429 4591 promittis,
2464 4521 2732 4593 Augusta,
2765 4522 2810 4577 si
2844 4522 3126 4593 quidpiam
3159 4524 3420 4592 perlicere
3447 4538 3547 4595 vo-

1969 4612 2162 4677 lueris,
2203 4614 2346 4669 scias
2384 4612 2544 4667 velim
2587 4612 2733 4683 quod
2766 4614 2966 4667 animae
3009 4622 3115 4667 tua:
3164 4613 3344 4681 potius
3382 4627 3548 4682 quam

1970 4703 2105 4757 mihi
2150 4702 2566 4770 gratiﬁcaberis.
2617 4701 2774 4769 Quod
2804 4703 2850 4759 si
2883 4718 2970 4758 me
3001 4703 3069 4757 ad
3101 4711 3153 4757 te
3200 4702 3547 4757 salutandam

1969 4794 2127 4863 cupis
2149 4794 2432 4860 accedere,
2458 4793 2713 4848 accedam
2738 4793 2981 4864 quidem,
3010 4793 3310 4848 dummodo
3334 4808 3395 4847 ea
3429 4807 3550 4862 quae

1968 4884 2240 4955 episcopis
2270 4884 2519 4949 debetur,
2561 4895 2811 4941 servetur
2861 4885 3198 4948 reverentia,
3252 4885 3324 4939 ita
3360 4892 3421 4939 ut
3463 4884 3549 4937 in-

1969 4976 2189 5046 grediar
2213 4978 2435 5048 quidem
2466 4993 2589 5048 ego,
2628 4989 2685 5033 tu
2722 4992 2850 5031 vero
2877 4979 3124 5047 statime
3152 4977 3373 5032 sublimi
3404 4975 3547 5030 solio

1968 5070 2332 5133 descendens,
2367 5069 2672 5123 verecunde
2714 5067 2850 5121 mihi
2883 5082 3164 5128 occurras,
3202 5075 3257 5119 et
3291 5064 3545 5118 manibus

1970 5159 2107 5212 meis
2137 5173 2301 5229 caput
2346 5168 2499 5214 tuum
2539 5159 2854 5222 submittas,
2908 5157 3339 5212 benedictionem
3383 5172 3414 5211 a
3460 5171 3546 5212 me

1969 5253 2276 5320 postulans.
2320 5251 2525 5306 Deinde
2555 5259 2614 5304 ut
2646 5252 2864 5307 sedeam
2896 5251 3115 5320 quidem
3159 5265 3289 5320 ego;
3329 5257 3385 5305 tu
3416 5264 3545 5304 vero

1969 5353 2080 5397 stes
2123 5358 2246 5396 cum
2296 5341 2633 5408 reverentia;
2685 5351 2972 5411 postquam
3020 5341 3238 5410 iussero
3297 5357 3576 5423 sessurat

1509 5510 1750 5556 VALESII
1790 5511 2288 5559 ANNOTATIONES.

358 5644 496 5728 (20"
515 5645 619 5697 Ἐν
729 5644 923 5728 ,ϐίϐλος
943 5646 1075 5728 ἀρῄτί
1100 5646 1226 5728 τοᾷ.
1255 5648 1612 5728 Scribendum
1640 5650 1850 5706 videtur

1971 5656 2038 5728 τῆ
2071 5653 2113 5719 ξ’
2144 5653 2310 5725 βίδλφ
2339 5653 2524 5724 αὑτοῦ,
2573 5665 2677 5713 etc.
2713 5653 2848 5711 Nam
2913 5652 3315 5726 Philostorgius
3382 5647 3544 5715 hujus

258 5751 269 5761 ο
302 5711 498 5772 LeOntii
532 5715 863 5770 mentionem
898 5715 1023 5771 facit
1052 5717 1103 5770 in
1137 5718 1230 5773 lib.
1266 5732 1362 5784 vn,
1392 5734 1511 5788 cap.
1547 5721 1601 5774 6.
