4054 6198
549 297 657 354 655

1712 294 2188 352 PlllLOSTOllGll
2229 293 2669 352 FRAGMENTA.
3672 293 3762 351 030

542 407 635 461 ubi
668 406 880 476 signum
923 402 1020 457 tibi
1050 401 1274 459 dedero.
1317 401 1374 457 Si
1406 402 1627 473 quidem
1680 403 1733 461 id
1761 406 2010 477 elegeris,
2045 408 2111 462 ad

2222 408 2435 478 θεσμόν.
2491 406 2675 461 Ταῦτα
2710 406 2786 470 ώς
2828 406 3180 478 ἀπηγγέλθη.
3227 407 3640 480 ἀναπίμπραται
3676 410 3760 483 τὴν

538 509 590 554 te
621 497 894 554 accedam.
930 495 1028 551 Sin
1062 495 1243 560 aliter,
1274 512 1554 566 nunquam
1588 505 1668 552 tot
1697 513 1761 554 ac
1797 507 1944 555 tanta
1975 500 2109 555 mihi

537 589 743 643 donare
771 588 999 658 poteris,
1026 594 1086 642 ut
1117 602 1220 658 ego
1254 587 1322 642 de
1354 588 1560 643 honore
1590 589 1681 659 qui
1712 591 1986 662 episcopis
2015 592 2112 648 de-

539 685 715 742 betur,
759 679 966 750 aliquid
1013 681 1320 743 remittens,
1376 678 1592 734 divinas
1626 682 1916 736 sacerdotii
1967 683 2113 754 leges

537 770 741 824 violare
770 786 1012 840 unquam
1044 770 1227 826 velim.
1281 767 1408 824 llzec
1435 770 1525 825 ubi
1558 770 1806 825 nuntiata
1840 781 1993 837 sunt,
2027 787 2113 828 re-

538 861 667 930 gina
713 861 915 915 mirum
967 861 1020 915 in
1066 860 1289 915 modum
1316 860 1625 927 excanduit,
1671 859 1979 929 hujusmodi
2026 879 2113 918 re—

538 968 804 1022 sponsum
834 952 938 1007 sibi
983 967 1010 1004 a
1051 951 1279 1007 Leontio
1314 951 1498 1007 afferri
1554 952 1975 1024 haudquaquam
2018 969 2116 1024 pa-

538 1043 734 1098 tienter
757 1044 1058 1098 sustinens.
1094 1042 1342 1113 Cumque
1386 1043 1616 1097 multum
1651 1045 2021 1110 intumuisset,
2059 1055 2116 1099 et

540 1150 868 1206 magnopere
898 1146 1173 1191 commota
1222 1144 1370 1190 esset
1420 1135 1626 1197 animo.
1661 1147 1714 1191 et
1754 1151 1852 1207 pro
1900 1136 2116 1191 levitate

540 1236 703 1295 atque
736 1227 1068 1296 impatientia
1111 1226 1361 1281 muliebri
1409 1227 1587 1282 minas
1618 1227 1961 1289 intentasset.
2000 1244 2112 1283 rem

542 1317 608 1371 ad
656 1318 910 1372 maritum
960 1318 1163 1381 retulit,
1220 1317 1483 1371 ultionem
1534 1316 1806 1387 ﬂagitans.
1856 1317 1955 1374 Hic
1983 1332 2115 1372 vero

540 1408 866 1462 laudandam
916 1410 1099 1479 potius
1133 1423 1254 1462 esse
1287 1407 1441 1461 duxit
1476 1407 1531 1460 in
1582 1405 1810 1461 Leontio
1843 1408 2011 1462 animi
2047 1408 2114 1461 li-

537 1499 806 1553 bertatem
832 1540 846 1562 ,
885 1508 939 1553 et
979 1498 1167 1553 uxoris
1213 1499 1348 1551 iram
1394 1497 1621 1563 sedavit,
1654 1513 1885 1568 eamque
1919 1499 1985 1552 ad
2021 1514 2118 1554 cu-

537 1591 777 1646 biculum
813 1607 972 1647 suum
1007 1591 1237 1645 remisit.
1271 1588 1519 1656 Quodam
1552 1589 1679 1643 item
1713 1598 1958 1660 tempore
1985 1592 2113 1645 dum

535 1680 893 1738 Constantius
927 1685 1307 1753 episcoporum
1359 1680 1524 1737 (ξωιυί
1560 1680 1897 1750 praesideret,
1928 1692 1982 1737 et
2010 1681 2114 1738 Ec-

2213 499 2461 570 γνώμην,
2489 500 2589 552 οὐκ
2616 499 2907 569 ἀνασχετὸν
2935 500 3210 571 ἡγουμένη
3239 501 3383 569 πρὸς
3405 501 3651 555 Λεοντίου
3672 518 3761 557 τοι.

2213 591 2404 655 ούτους
2430 590 2683 658 δέξασθαι
2724 590 2935 659 λόγους.
2976 591 3085 644 Καὶ
3125 588 3290 644 πολλὰ
3340 592 3641 662 διοιδήσασα
3678 595 3756 647 καὶ

2214 682 2592 753 παθηναμένη,
2616 680 2711 734 καὶ
2737 680 2901 734 πολλὰ
2932 683 2995 733 ἐκ
3028 680 3335 749 γυναικείας
3360 681 3646 752 ἁκροχόλου
3677 686 3760 738 καὶ

2214 774 2423 845 κούφης
2464 772 2804 844 ἀπειλήσασα
2853 772 3111 836 διανοίας,
3159 772 3253 824 καὶ
3298 772 3480 844 τάνδρὶ
3520 773 3761 845 διηγησα-

2219 865 2377 936 μένη,
2413 864 2548 935 πρὸς
2574 864 2843 934 τιμωρίαν
2873 862 3115 934 ἐξώρμα.
3164 864 3220 917 '0
3250 863 3305 917 δέ
3330 864 3525 935 μᾶλλον
3553 865 3763 935 ἐπῄνεσε

2213 953 2312 1024 τὴν
2341 954 2652 1025 ἐλευθερίαν
2682 955 2780 1025 τῆς
2814 954 3059 1026 γνώμης,
3095 955 3191 1008 καὶ
3232 956 3331 1024 τὴν
3368 958 3594 1022 γυναῖκα
3636 972 3764 1026 παρα

2215 1045 2411 1114 ήνεγκε
2432 1047 2532 1115 τῆς
2563 1045 2753 1116 όργῆς,
2777 1046 2871 1098 καὶ
2890 1046 3210 1116 ἀποπέμπει
3241 1048 3320 1109 είς
3352 1047 3449 1118 τὴν
3466 1050 3764 1115 γυναικωνῖο

2216 1153 2319 1188 τιν.
2359 1136 2466 1190 Καί
2504 1155 2635 1190 ποτε
2684 1137 2886 1207 μεταξὺ
2926 1139 3346 1210 προκαθημένου
3391 1137 3483 1190 τοῦ
3531 1138 3766 1208 βασιλέως

2216 1227 2595 1281 Κωνσταντίου
2622 1228 2729 1282 τῶν
2758 1229 3093 1293 ἐπισκόπων,
3123 1229 3216 1283 καὶ
3251 1229 3441 1300 ἄρχειν
3468 1229 3573 1283 τῶν
3593 1229 3768 1298 ἐκκλη-

2217 1317 2349 1372 σιῶν
2382 1317 2676 1385 ἐθέλοντος,
2699 1320 2749 1371 οί
2774 1320 2872 1390 μέν
2897 1319 3214 1381 πολλοὶ,πᾶν
3238 1321 3266 1373 ὃ
3294 1338 3350 1373 τι
3374 1321 3611 1391 φήσειεν.
3631 1321 3768 1390 ἐκρό-

2216 1428 2340 1465 τουν
2374 1412 2467 1464 καὶ
2511 1411 2839 1481 ἐθαύμαζον,
2875 1412 3071 1482 ἄριστα
3113 1412 3366 1483 εἰρῆσθαι
3400 1411 3732 1482 διοριζόμενοι
3753 1425 3764 1439 ·

2213 1505 2242 1557 ό
2269 1503 2325 1557 δὲ
2359 1502 2589 1559 ἐσιώπα.
2625 1504 2714 1567 Ὠς
2744 1504 2801 1556 δέ
2827 1504 2991 1575 ἤρετο
3020 1503 3183 1557 αὐτὸν
3209 1505 3237 1556 ό
3265 1501 3540 1571 βασιλεὺς,
3570 1502 3631 1554 Τί
3660 1519 3768 1555 σιω-

2217 1596 2325 1665 πᾷς
2353 1594 2510 1665 μόνος
2540 1594 2649 1648 τῶν
2674 1595 2957 1660 ἀπάντων;
2985 1592 3282 1665 Θαυμάζω,
3307 1593 3443 1664 ἔφη,
3467 1591 3609 1655 ὅπως
3628 1592 3769 1662 ἕτερα

2216 1686 2422 1743 διέπειν
2435 1687 2675 1757 ταχθεὶς,
2691 1687 2898 1758 ἐτέροις
2920 1688 3239 1759 ἐπιχειρεῖς,
3265 1684 3662 1758 στρατιωτικῶν
3688 1685 3768 1753 μὲν

537 1774 733 1828 clesias
789 1788 891 1843 pro
943 1775 1208 1827 arbitratu
1259 1786 1360 1827 suo
1412 1786 1599 1842 regere
1656 1772 1865 1826 vellet:
1903 1773 2117 1829 eunetis

2222 1777 2315 1830 καὶ
2347 1776 2641 1830 πολιτικῶν
2684 1777 3028 1849 πραγμάτων
3060 1775 3446 1847 προεστηκὼς,
3482 1773 3769 1834 ἐπισκόποις

538 1866 700 1919 verl:a
726 1866 1074 1936 imperatoris
1107 1881 1230 1921 eum
1271 1866 1463 1933 plausu
1497 1876 1551 1919 et
1579 1864 1938 1921 admiratione
1962 1866 2113 1922 exci-

2222 1865 2273 1918 δέ
2313 1868 2442 1938 περὶ
2479 1867 2587 1921 τῶν
2615 1870 2694 1931 είς
2727 1868 2920 1939 μόνους
2951 1867 3283 1931 ἐπισκόπους
3314 1867 3558 1938 ἡκόντων
3584 1866 3770 1918 διατατ-

539 1956 844 2025 pientibus;
879 1970 933 2011 et
959 1968 1104 2011 recte
1124 1966 1317 2012 cuncta
1350 1957 1419 2011 ab
1445 1972 1511 2011 eo
1535 1957 1677 2011 dieta
1702 1971 1821 2011 esse
1845 1956 2113 2011 allirman-

2222 1956 2466 2028 τόμενος.
2500 1959 2605 2012 Τὸν
2650 1959 2707 2012 δὲ
2753 1958 2975 2029 βασιλέα
3027 1957 3453 2012 καταιδεσθέντα
3491 1953 3771 2009 παύσασθαι

540 2034 707 2106 tibus.
741 2049 892 2103 solus
936 2047 1199 2103 Leontius
1236 2048 1523 2103 conticuit.
1564 2046 1631 2102 Et
1665 2063 1789 2102 cum
1820 2048 2113 2118 imperator

2222 2049 2318 2120 τῆς
2351 2052 2408 2102 ἐν
2440 2051 2554 2113 τοῖς
2586 2051 2848 2114 τοιούτοις
2881 2050 2981 2122 ἢδη
3009 2049 3430 2112 διακελεύσεως.
3459 2047 3690 2109 Τοιοῦτος
3716 2041 3772 2115 ἦν

539 2153 659 2190 run)
690 2138 1102 2208 interrogasset,
1139 2153 1303 2207 quam
1350 2138 1422 2194 ob
1452 2153 1676 2194 causam
1708 2138 1858 2192 solus
1889 2154 1956 2192 ex
1993 2152 2112 2191 om-

2222 2141 2246 2192 ό
2277 2140 2528 2203 Λεόντιος
2557 2140 2881 2213 ἐλευθέριος.

537 2233 697 2288 nibus
735 2233 937 2298 sileret,
970 2232 1249 2304 respondit
1277 2232 1539 2289 Leontius
1569 2251 1583 2286 :
1615 2232 1803 2296 Miror,
1842 2232 2038 2301 inquit,
2074 2240 2125 2287 te
2162 2232 2255 2302 qui
2283 2234 2405 2290 aliis
2441 2235 2605 2289 rebus
2662 2233 3112 2289 administrandis
3145 2233 3477 2303 prazpositus
3528 2232 3621 2295 sis,
3661 2231 3773 2286 alias

538 2329 800 2398 regendas
827 2330 1107 2399 suscipere
1136 2349 1149 2384 :
1181 2340 1235 2385 ct
1260 2344 1384 2384 cum
1425 2329 1739 2383 militarium
1773 2343 1837 2383 ac
1862 2328 2104 2382 civilium
2145 2332 2487 2397 negotiorum
2518 2331 2614 2386 tibi
2647 2331 2900 2386 mandata
2952 2332 3025 2386 sit
3083 2346 3235 2395 cura,
3275 2329 3554 2401 episcopis
3622 2337 3774 2381 tamen

538 2426 830 2494 praecipere
870 2427 937 2480 de
976 2426 1142 2481 rebus
1202 2440 1324 2494 quae
1363 2424 1429 2478 ad
1472 2424 1621 2479 solos
1684 2426 1972 2495 episcopos
2033 2426 2322 2502 pertinent.
2400 2427 2610 2494 Quibus
2659 2428 2879 2494 auditis,
2929 2426 3282 2482 Constantius
3349 2424 3663 2481 verecundia
3725 2436 3779 2475 ac

538 2514 740 2580 pudore
772 2513 1037 2577 summus,
1069 2512 1124 2565 in
1161 2511 1429 2581 ejusmodi
1461 2512 1693 2581 negotiis
1724 2511 1976 2581 deinceps
2005 2526 2102 2581 pro
2143 2513 2372 2586 imperio
2408 2532 2569 2588 agere
2595 2532 2659 2570 ac
2680 2516 2871 2586 jubere
2906 2517 3137 2573 destitit.
3183 2515 3370 2573 Tanta
3419 2518 3474 2572 in
3534 2512 3775 2587 loquendo

538 2604 784 2657 libertate
817 2603 1077 2672 praeditus
1107 2601 1207 2656 fuit
1235 2601 1495 2657 Leontius
1535 2600 1672 2671 (‘22).

1644 2713 1778 2770 Item
1808 2733 1872 2771 ex
1909 2714 2077 2773 Suida
2110 2719 2165 2774 in
2196 2735 2331 2777 voce
2365 2722 2693 2793 Δημόφιλος.

609 2850 965 2921 Demophilus
1007 2850 1649 2921 Constantinopolitanus
1686 2852 1997 2923 episcopus,
2030 2853 2113 2907 vir

539 2959 731 2999 tnsano
746 2944 979 3012 quodam
1002 2943 1206 3012 impetu
1226 2952 1423 2997 cuncta
1441 2942 1604 2997 simul
1625 2943 1853 2997 miscere
1877 2944 2072 2999 solitus
2099 2963 2113 3000 :

542 3043 593 3087 et
634 3033 725 3103 qui
764 3033 938 3088 instar
980 3032 1152 3101 rapidi
1200 3033 1435 3101 vagique
1483 3032 1760 3095 torrentis,

544 3124 642 3176 luti
676 3138 740 3177 ac
767 3123 1010 3177 sordium
1045 3123 1097 3174 in
1139 3121 1484 3175 sermonibus
1514 3121 1630 3175 suis
1660 3122 2027 3184 convolveret,
2060 3134 2119 3175 ut

544 3214 725 3281 quivis
771 3212 928 3266 facile
957 3211 1324 3284 deprehendet
1355 3228 1420 3265 ex
1454 3211 1627 3279 prima
1660 3210 1925 3265 concione
1954 3227 2116 3279 quam

545 3303 737 3357 habuit
780 3302 1277 3370 Constantinopoli.
1329 3300 1448 3367 Qua
1495 3302 1713 3371 quidem
1764 3304 1820 3356 in
1859 3305 2121 3357 concione

545 3390 846 3446 verisimile
901 3398 1135 3444 esleum
1179 3392 1571 3445 accuratiorem
1607 3406 1672 3446 ac
1720 3392 2120 3463 diligentiorem

545 3483 716 3537 fuisse
746 3498 760 3536 :
789 3481 990 3551 quippe
1015 3497 1136 3536 cum
1177 3481 1491 3551 hujusmodi
1526 3499 1809 3541 sermones
1837 3487 2011 3556 excipi
2039 3502 2124 3542 so-

547 3579 694 3630 leant
727 3591 757 3628 a
799 3574 1051 3628 notariis.
1106 3575 1263 3629 Certe
1310 3574 1365 3628 in
1405 3575 1524 3644 ejus
1569 3575 1994 3633 Commentariis
2028 3580 2123 3650 qui

544 3670 839 3722 etiamnum
873 3674 1188 3734 supersunt,
1225 3666 1392 3720 tnulta
1426 3667 1647 3723 disserit
1676 3668 1906 3724 confusa
1954 3680 2120 3740 atque

547 3758 884 3818 indistincta,
933 3765 987 3811 ct
1020 3756 1087 3811 de
1118 3754 1279 3812 Patre
1317 3771 1382 3812 ac
1424 3755 1562 3811 Filio
1607 3758 1858 3829 loquens,
1906 3761 2125 3817 disertis

548 3852 727 3907 verbis
760 3851 832 3904 ita
860 3850 1198 3921 pronuntiat.
1230 3849 1405 3905 Filius
1431 3851 1605 3906 solius
1635 3851 1815 3908 Patris
1847 3855 2127 3910 voluntate

547 3943 765 4012 genitus
793 3942 1050 4008 est,-sine
1081 3952 1326 4012 tempore
1370 3957 1434 3996 ac
1460 3942 1578 3997 sine
1611 3944 1823 4010 melio,
1866 3954 1925 4000 ut
1951 3947 2128 4016 jusse-

548 4049 670 4088 rum
702 4034 888 4088 Patris
924 4033 1174 4088 minister
1205 4034 1278 4087 sit
1300 4042 1353 4088 et
1382 4031 1642 4088 famulus.
1670 4032 1803 4089 Nam
1837 4052 1960 4091 cum
1990 4053 2128 4106 prte-

548 4127 759 4181 videret
807 4129 968 4191 Deus,
1023 4141 1088 4181 ea
1139 4141 1263 4195 quae
1309 4124 1559 4181 facturus
1608 4135 1746 4188 erat,
1803 4143 1909 4182 non
1967 4144 2129 4198 posse

548 4216 872 4281 consistere,
906 4217 1107 4286 quippe
1147 4232 1270 4287 qua:
1304 4217 1427 4287 puri
1467 4226 1633 4287 atque
1681 4218 2008 4288 impermi‘sti
2044 4236 2129 4275 or-

548 4308 693 4364 dinis
736 4308 920 4361 futura
952 4316 1158 4373 essent,
1204 4310 1432 4378 perinde
1458 4326 1522 4365 ac
1564 4309 1710 4365 Deus
1754 4312 1849 4379 qui
1879 4312 1993 4381 ipsa
2044 4312 2125 4368 fe-

2285 2836 2593 2907 Δημόφιλος
2641 2835 2941 2899 ἐπίσκοπος
2984 2832 3406 2890 Κωνσταντίνου
3443 2837 3660 2899 πόλεως,
3686 2831 3778 2897 οἷος

2213 2932 2471 3002 ἐμπεσὼν
2497 2931 2633 3002 ὁμοῦ
2676 2930 2966 3001 σύμπαντα
3005 2930 3197 3002 φύρειν
3229 2929 3355 3000 (25)
3386 2931 3606 3002 ἀκόσμῳ
3637 2931 3778 3000 φορᾷ,

1819 3032 2113 3100 plurimum
2143 3035 2185 3090 c
2217 3023 2467 3095 καθάπερ
2495 3024 2729 3088 ἄτακτος
2749 3025 3103 3095 χειμάρρους,
3137 3024 3257 3077 ὅλον
3285 3025 3355 3079 ἐν
3377 3026 3490 3088 τοῖς
3516 3024 3682 3092 λόγοις
3704 3023 3777 3074 τὸν

2220 3115 2483 3185 συρφετὸν
2523 3115 2691 3184 ἄγων,
2726 3115 2801 3179 ώς
2832 3115 3036 3169 εἴσεταί
3080 3132 3165 3177 τις
3205 3117 3270 3167 ἐκ
3302 3115 3537 3187 πρώτης
3574 3118 3627 3169 ἐν
3669 3112 3778 3182 γοῦν

2219 3209 2333 3270 τοῖς
2375 3207 2456 3260 ἔτι
2503 3207 2832 3278 σωζομένοις
2873 3209 3256 3279 ὑπομνήμασιν
3302 3208 3480 3262 αὐτοῦ
3526 3206 3779 3277 γεγονυίας

2219 3298 2580 3370 δημηγορίας,
2613 3299 2744 3353 ἔνθα
2764 3301 2858 3353 καὶ
2887 3299 3086 3370 μᾶλλον
3114 3300 3262 3362 εἰκὸς
3289 3295 3370 3370 ἦν
3402 3299 3685 3373 ἀσφαλείας
3703 3297 3778 3351 ag.

2220 3387 2312 3442 τὸν
2350 3388 2606 3462 φροντίδα
2641 3388 2830 3442 Οέσθαι
2862 3389 3004 3454 τινὰ,
3045 3389 3122 3453 ώς
3160 3390 3470 3460 ἐγγράφοις
3494 3386 3780 3457 ἀναλαμϐα-

2223 3479 2464 3550 νομένων
2508 3479 2619 3535 τῶν
2659 3480 2989 3552 λεγομένων.
3032 3483 3121 3534 Ἐν
3166 3482 3388 3545 τούτοις
3419 3481 3547 3550 γοῦν
3583 3479 3705 3533 ἄλλα
3734 3493 3779 3528 τε

2225 3572 2394 3626 πολλὰ
2417 3572 2708 3627 διείλεκται
2737 3572 3001 3643 ἄναρθρα,
3033 3572 3331 3644 διαρρήδην
3377 3590 3436 3625 τε
3461 3576 3517 3625 ἐν
3544 3575 3649 3632 τοῖς
3676 3570 3782 3639 περὶ

2225 3664 2438 3736 Πατρὸς
2469 3666 2563 3718 καὶ
2592 3663 2724 3718 Υἱοῦ
2749 3664 2947 3733 λόγοις.
2970 3664 3108 3734 Φησὶ
3136 3664 3266 3735 γὰρ,
3296 3663 3437 3726 Tib;
3474 3665 3570 3734 μὲν
3600 3661 3782 3730 Πατρός

2227 3756 2442 3828 θελήσει
2484 3757 2807 3829 γεγέννηται
2849 3757 3034 3827 μόνου,
3081 3756 3353 3828 ἀχρόνως,
3403 3754 3782 3827 ἀμεσιτεὺτιο›ς’

2228 3850 2316 3904 ἵνα
2346 3850 2591 3913 διάκονος
2622 3849 2844 3920 γένηται
2871 3849 2965 3901 καὶ
3005 3847 3288 3918 ὑπηρέτης
3330 3848 3680 3919 βουλημάτων
3705 3843 3780 3896 τοῦ

2226 3943 2459 4013 Πατρός.
2531 3940 2744 4012 Ἐπειδὴ
2791 3941 2899 4011 γὰρ
2931 3942 2959 3994 ό
3018 3937 3416 4012 προγινώσκων
3470 3939 3598 4003 θεὸς
3647 3933 3780 3990 sua

2228 4033 2419 4104 ἔμελλε
2450 4033 2728 4104 πράττειν,
2763 4032 2999 4087 ἀδύνατα
3034 4028 3102 4103 ἦν
3142 4031 3242 4102 τῆς
3270 4032 3585 4103 ἁκρατήτου
3607 4029 3782 4095 τάξεως

2228 4125 2322 4178 τοῦ
2359 4124 2647 4196 μέλλοντος
2675 4124 2813 4178 αὐτὰ
2839 4127 3011 4178 ποιεῖν
3037 4122 3170 4176 Θεοῦ
3196 4124 3252 4175 ἐν
3285 4123 3364 4192 τῷ
3405 4122 3653 4191 γενέσθαι
3680 4118 3780 4189 μέλ-

2228 4215 2421 4270 λονταο
2451 4217 2484 4287 ἦ
2532 4216 2642 4289 γὰρ
2671 4216 2778 4269 ἔδει
2825 4216 2964 4270 αὐτὰ
3000 4216 3176 4270 πάντα
3213 4214 3372 4279 Θεοῦς
3393 4214 3644 4282 γενέσθαι

2231 4308 2388 4373 ἀξίαν
2441 4307 2536 4361 τοῦ
2571 4308 2870 4372 ποιοῦντος.
2916 4309 3010 4362 καὶ
3054 4310 3117 4361 ἐκ
3159 4308 3366 4361 τούτων
3416 4307 3638 4378 ἔμελλον
3666 4301 3782 4356 sim

549 4410 720 4458 cerat.
753 4398 888 4454 Nam
923 4415 1150 4470 prorsus
1187 4415 1409 4456 necesse
1442 4410 1577 4466 erat,
1608 4410 1668 4456 ut
1700 4403 1782 4457 vel
1830 4405 2015 4458 omnia
2051 4406 2120 4459 dii

2232 4398 2373 4452 οεοί·
2409 4399 2442 4470 ἢ
2473 4399 2580 4452 ἔδει
2609 4399 2748 4451 αὐτὰ
2772 4400 3040 4469 γενόμενα
3076 4398 3185 4468 (id)
3216 4372 3467 4459 λύεσθαι,
3501 4396 3680 4463 ὥσπερ
3705 4408 3785 4460 κη’

546 4499 735 4547 essent
775 4489 928 4559 juxta
974 4489 1295 4561 dignitatem
1338 4490 1458 4559 ejus
1499 4492 1594 4560 qui
1641 4491 1732 4544 illa
1762 4494 2121 4549 condiderat:

545 4598 613 4636 ex
645 4595 757 4652 quo
790 4592 1113 4636 e\enturum
1149 4590 1267 4636 erat
1311 4590 1369 4635 ut
1419 4580 1604 4649 plures
1651 4581 1725 4635 dii
1773 4591 1979 4636 essent.
2028 4581 2124 4638 Vel

544 4684 695 4729 certe
731 4688 952 4730 necesse
987 4682 1127 4741 erat,
1159 4687 1217 4728 ut
1242 4681 1533 4743 postquam
1569 4670 1711 4727 facta
1741 4670 1980 4737 fuerant,
2010 4682 2124 4729 sta-

546 4768 643 4821 tim
689 4767 1139 4830 dissolverentur,
1186 4764 1413 4835 perinde
1453 4777 1517 4817 ac
1565 4778 1689 4817 cera
1737 4764 2125 4820 ardentissimo

546 4861 658 4930 igni
700 4860 938 4914 admota.
990 4856 1198 4913 Idcirco
1241 4856 1413 4910 Filius
1467 4852 1682 4908 medius
1725 4853 1935 4908 exstitit
1986 4854 2125 4909 inter

547 4961 830 5007 creaturas
861 4965 984 5021 qua:
1010 4947 1307 5004 condendae
1340 4954 1519 5007 erant,
1551 4954 1605 4998 et
1642 4944 1781 4997 inter
1813 4941 2029 4998 Patrem
2058 4961 2122 4999 ex

547 5065 658 5118 quo
691 5050 907 5121 genitus
935 5056 1038 5109 cst,
1076 5055 1135 5100 ut
1165 5045 1210 5101 is
1242 5060 1361 5099 sese
1390 5041 1702 5103 demittcns,
1731 5054 1898 5109 seque
1936 5041 2127 5110 aljun-

2236 4491 2327 4562 ρὺν
2363 4490 2496 4561 πυρὶ
2530 4487 2719 4560 Θερμῷ
2748 4489 3173 4560 προσαγόμενον.
3206 4489 3406 4557 Γέγονε
3444 4489 3545 4560 μὲν
3582 4483 3669 4542 οὖν
3708 4498 3787 4553 με.

2235 4584 2388 4653 σίτης
2415 4582 2524 4636 τῶν
2559 4599 2618 4636 τε
2646 4582 2941 4653 ἐσομένων,
2974 4583 3069 4634 καὶ
3103 4580 3196 4633 τοῦ
3229 4582 3622 4651 γεγεννηκότος
3652 4575 3784 4631 αὑτὸν

2232 4673 2393 4737 Θεοῦ,
2416 4674 2444 4726 ὁ
2480 4659 2630 4736 Υἱὸς,
2662 4673 2749 4725 ἵνα
2792 4670 3058 4736 συντάξας
3092 4671 3283 4723 ἐαυτὸν
3318 4671 3418 4724 καὶ
3448 4664 3785 4739 συγκαταϐαί-

2232 4783 2338 4819 νων
2368 4768 2479 4828 τοῖς
2499 4766 2824 4836 γινομένοις,
2848 4763 3190 4817 ἀποτελέσειε
3217 4763 3279 4815 τὸ
3307 4763 3559 4834 βούλημα
3580 4760 3666 4815 τοῦ
3697 4757 3781 4809 ﬂa-

2229 4856 2378 4928 τρὸς,
2410 4857 2505 4910 καὶ
2553 4856 2780 4927 μεσίτης
2812 4855 3035 4925 γένηται
3072 4854 3168 4908 τοῦ
3211 4854 3347 4907 Θεοῦ
3385 4854 3483 4907 καὶ
3525 4852 3675 4925 ἡμῶν
3698 4846 3791 4900 τῶν

2230 4948 2296 5002 δι’
2332 4949 2496 5002 αὐτοῦ
2544 4948 2872 5020 γενομένων.
2921 4946 3207 5002 Ἐλάνθανε
3250 4946 3305 4998 δὲ
3346 4946 3435 4999 διὰ
3475 4945 3672 4999 τούτων
3714 4939 3790 4991 τοῦ

2233 5040 2366 5094 Θεοῦ
2403 5041 2509 5093 τῶν
2540 5040 2675 5093 ὅλων
2718 5039 3003 5093 ἀσθένειαν
3031 5040 3124 5093 καὶ
3158 5038 3464 5108 βασκανίαν
3493 5031 3786 5103 καταψευδό-

1796 5213 2038 5259 \‘ALESII
2081 5214 2578 5261 ANNOTATIONES.

524 5394 531 5401 .
625 5346 738 5418 (22)
776 5352 911 5406 Vide
942 5347 1392 5418 Philostorgium,
1431 5344 1523 5397 lib.
1554 5360 1694 5418 vn.__
1867 5411 1897 5418 __
2097 5412 2105 5418 _

627 5409 740 5486 αὖ)
790 5420 961 5488 Ὁμοῦ
1004 5409 1329 5488 σύμπαῖλτα
1364 5418 1594 5488 φύρειν.
1634 5412 1731 5466 llic
1776 5409 2129 5488 l’hilostorgii

557 5484 729 5559 locus:
750 5489 817 5541 de
842 5484 1189 5557 'Denmphilo
1215 5484 1473 5559 episeopo
1500 5484 2130 5559 Constautinopolitano.

555 5554 861 5623 descriptus
904 5566 989 5609 est
1034 5553 1098 5611 et
1136 5553 1329 5611 libftx
1364 5553 1485 5625 ejus
1537 5556 1811 5609 Ilistoriw.
1852 5555 2021 5625 Certe
2079 5553 2133 5605 in

557 5626 833 5695 excerptis
868 5626 1111 5695 ejusdem
1146 5628 1268 5679 libri
1299 5632 1476 5694 capite
1502 5626 1589 5689 lsi,
1622 5628 1810 5679 eadem
1837 5624 1947 5677 fere
1974 5625 2134 5677 verba

562 5693 816 5765 leguntur
846 5695 912 5750 dc
938 5693 1279 5761 Detnophilo,
1314 5693 1402 5747 τιν
1431 5696 1485 5748 δὲ
1518 5695 1825 5766 Δημόφιλον
1856 5695 2047 5766 φύρειν
2081 5711 2139 5747 τε

2229 5343 2405 5396 πάντα
2454 5343 2547 5395 καὶ
2595 5344 2815 5412 συγχεῖν
2864 5340 3287 5412 ἀκρατέστατον,
3332 5338 3426 5389 καὶ
3469 5330 3694 5404 μάλιστά
3736 5340 3789 5391 γε

2228 5415 2297 5465 τὰ
2322 5413 2750 5483 ἐκκλησιαστικὲι
2778 5413 3045 5483 δόγματα,
3073 5420 3179 5464 etc.

2303 5484 2417 5550 (Ἥ)
2459 5478 2525 5537 Ἦ
2549 5484 2670 5537 ἔδει
2694 5478 3180 5553 αὑτὰγενόμετια.
3208 5478 3443 5553 Primam
3466 5479 3790 5553 voevm‘sop:

2237 5540 2375 5622 pleri
2401 5540 2483 5607 ἐκ
2511 5556 2847 5624 conjectura.
2879 5540 3059 5607 'lleest
3090 5555 3233 5605 enim
3267 5550 3317 5603 in
3352 5546 3583 5615 vu'gatis
3627 5540 3789 5592 Suida:

2238 5626 2587 5680 editionihus.

3978 2882 3979 2941 ί

3978 3410 3979 3443 ι

3977 3446 3979 3507 i
