4010 6210
250 328 354 385 637
436 328 455 335 ’
1497 347 1554 403 S.
1599 348 1843 408 ATTlCl;

1935 353 2040 410 ΟΡ.
2082 355 2298 414 EPlSC.
2846 424 2855 427 _
3409 375 3512 430 (πθ

251 463 437 516 μενος,
456 448 550 499 καὶ
568 448 660 502 τὸν
678 450 807 506 Υίὸν
830 453 1044 510 πάντων
1064 458 1173 511 τῶν
1190 463 1502 531 κτισμάτων
1524 466 1841 536 ἀποφαίνων

1943 488 2075 543 gens
2104 485 2158 529 et
2186 478 2404 533 socians
2444 480 2509 536 iis
2544 496 2664 551 qua:
2690 486 2921 540 creati-la
2961 498 3136 554 erant,
3174 490 3503 544 γυιιιιιιίιινηι

248 537 803 644 καταξεέστερῖνκὈ
831 546 930 615 μὲν
952 546 1060 620 γὰρ
1089 551 1321 625 ἀσθενὴς
1350 556 1415 609 ἂν
1442 554 1531 629 ἦν,
1560 562 1700 617 κατὰ
1731 567 1837 635 Δη-

1935 561 2114 620 Patris
2160 567 2505 638 adimpleret,
2553 584 2808 644 essetque
2858 579 3125 633 mediator
3163 579 3304 634 inter
3336 580 3505 635 Deum

250 627 506 733 μόφιέον,
535 632 587 733 εἰ
615 630 916 701 βουληθεὶς,
949 637 1140 693 ἔπειτα
1173 643 1391 714 ἀπόρως
1419 627 1533 719 εἶχε
1556 654 1670 716 τοῖς
1698 627 1834 708 «se;

1934 665 2101 723 atque
2131 656 2277 711 inter
2303 674 2404 715 nos
2428 662 2520 731 qui
2548 678 2645 733 per
2677 665 2827 720 illum
2860 666 2986 722 facti
3016 684 3229 724 sumus.
3266 672 3368 724 Sed
3399 688 3506 725 non

249 721 314 772 τὸ
362 716 500 775 εἶναι
529 722 874 794 δωρήσασθαι
896 745 910 758 ο
939 729 1132 796 φθόνου
1172 735 1219 787 δ’
1248 738 1347 790 οὐκ
1388 716 1703 812 ἀπήλλακτο
1741 746 1829 810 ἂν,

248 815 303 865 εὶ
352 812 469 877 ἐξὸν
504 814 652 885 αὐτῷ
678 816 835 879 Θεοὺς
878 821 947 874 τὰ
983 824 1152 877 τάντα
1195 831 1392 893 ποιεῖν,
1418 834 1447 884 ὁ
1475 833 1531 886 δὲ
1580 836 1832 904 ἐφαίνετο

254 904 646 1000 μηχανώμξενος
672 909 819 971 ὅπως
851 912 926 983 μὴ
969 914 1172 987 ταύτης
1202 920 1351 992 αὐτῷ
1376 924 1515 997 τύχῃ
1558 927 1626 980 τὰ
1667 946 1832 1000 γενη-

252 996 450 1089 σόμενα
476 998 577 1067 τῆς
607 1000 786 1065 ἀξίας.
820 1003 926 1056 Τοῦ
969 1005 1026 1058 δέ
1065 1010 1117 1076 γ’
1149 1006 1217 1063 αὖ
1257 1014 1450 1078 Παιδὸς
1487 996 1588 1071 ὸύκ
1724 996 1832 1076 τῶν

246 1087 564 1156 κτισμάτων
588 1089 760 1154 οὐδὲν,
784 1088 813 1142 ὃ
842 1092 916 1164 μὴ
945 1092 1166 1164 ἄμεινον
1193 1093 1461 1171 ὑπάρχειν
1500 1087 1711 1175 ἐδείχθη
1742 1107 1832 1173 ἂν,

238 1177 402 1246 εἴπερ
429 1194 494 1245 γε
538 1178 613 1251 μὴ
653 1181 720 1234 δι’
750 1184 943 1237 ἑαυτὸν
972 1187 1177 1251 ἐκεῖνος
1215 1189 1370 1261 ἔτυχε
1401 1200 1663 1261 γεγονὼς.
1695 1197 1832 1251 ἀλλά

236 1266 325 1320 διὰ
353 1269 560 1323 σκοπὸν
586 1272 682 1324 καὶ
718 1275 906 1343 χρείαν
946 1278 1045 1349 τῆς
1088 1280 1294 1335 τούτων
1323 1285 1610 1352 γενέσεως.
1641 1289 1823 1343 ’Ἀπαν

236 1358 343 1429 γάρ
365 1376 450 1413 τοι
470 1361 534 1415 τὸ
553 1363 621 1415 δι’
639 1365 843 1437 ἑτέρων
869 1370 1151 1440 γινόμενον
1180 1376 1390 1445 χρείαν,
1408 1377 1628 1432 ἔλαττον
1653 1381 1824 1452 ὑπάρ-

237 1467 353 1519 χειν
385 1452 614 1506 ἐκείνων
661 1456 896 1529 ἀνάγκη,
926 1459 992 1513 δι’
1016 1461 1053 1516 ἃ.
1096 1464 1189 1517 τοῦ
1229 1462 1368 1518 εἶναι
1407 1469 1680 1539 τυγχάνει.
1714 1473 1822 1526 Καὶ

237 1539 373 1593 ἀλλα
404 1541 462 1594 δὲ
492 1543 752 1615 ὲληρῴδει
777 1548 968 1603 πολλά.

1934 745 2317 802 animadvertit
2373 750 2746 822 Demophilus,
2814 772 2873 810 se
2923 756 3008 810 his
3066 760 3244 813 verbis
3292 777 3511 815 summo

1934 837 2180 891 omnium
2226 840 2336 895 Deo
2380 843 2751 901 infirmitatem
2797 858 2852 903 et
2898 849 3152 904 invidiam
3187 850 3327 906 falso
3352 852 3510 907 aliin-

1931 941 2077 995 gere,
2106 938 2160 982 et
2198 928 2395 986 Filium
2429 935 2717 993 deterioris
2750 941 3082 996 conditionis
3129 941 3312 997 facere
3344 959 3505 1013 quam

1931 1018 2171 1089 reliquas
2201 1038 2395 1082 omnes
2420 1037 2721 1085 creaturas.
2758 1031 2890 1085 Nam
2919 1032 3082 1087 Pater
3106 1035 3324 1103 quidem
3358 1036 3509 1087 inlir-

1931 1124 2053 1163 mus
2084 1110 2247 1168 fuerit
2276 1131 2495 1173 necesse
2520 1130 2604 1174 est
2628 1120 2785 1190 juxta
2817 1121 3124 1194 Demophili
3153 1125 3503 1187 sententiam,

1931 1200 2130 1270 quippe
2157 1205 2250 1273 qui
2275 1221 2400 1261 eum
2432 1209 2697 1265 voluisset
2724 1214 2939 1269 cunctis
2972 1216 3264 1269 essentiam
3298 1215 3502 1284 largiri,

1929 1292 1982 1346 id
2020 1304 2204 1361 postea
2240 1302 2497 1366 perlicere
2530 1318 2636 1356 non
2664 1305 2922 1373 potuerit.
2962 1305 3046 1360 Ab
3081 1307 3284 1360 invidia
3320 1315 3500 1360 autem

1930 1400 2273 1458 nequaquam
2306 1393 2520 1451 alienus
2553 1397 2737 1460 fuerit,
2779 1399 2823 1453 si
2857 1414 2982 1453 cum
3025 1400 3126 1468 ipsi
3158 1400 3345 1453 liceret
3375 1413 3504 1452 cun-

1927 1486 2043 1541 ctas
2076 1493 2359 1537 creaturas
2385 1485 2515 1541 deos
2544 1488 2778 1552 edicere,
2817 1490 2931 1559 ipse
2976 1491 3221 1545 studiose
3258 1490 3401 1544 cavit
3435 1503 3503 1542 ne

1855 1564 1897 1618 Β
1925 1578 2190 1625 creaturae
2227 1573 2472 1641 ejusdem
2517 1594 2641 1633 cum
2678 1581 2799 1650 ipso
2842 1583 3174 1637 conditionis
3214 1598 3278 1636 ac
3322 1582 3502 1652 digni-

236 1635 363 1689 tatis
388 1644 594 1690 essent.
622 1634 741 1690 Jam
775 1654 902 1694 vero
939 1639 1099 1709 Filio,
1128 1644 1277 1699 nulla
1297 1654 1382 1701 est
1409 1660 1661 1704 creatura
1689 1667 1812 1722 quae
1848 1670 1957 1710 non
1990 1661 2169 1727 potior
2197 1678 2261 1718 ac
2290 1666 2498 1721 beatior
2519 1669 2643 1738 jure
2674 1634 2866 1725 merito
2925 1687 3046 1727 esse
3085 1671 3336 1727 videatur
3448 1667 3493 1719 si

237 1729 760 1830 quidemille-non
810 1743 1031 1830 propter
1061 1740 1450 1830 semetipsum,
1516 1744 1610 1797 sed
1655 1745 1727 1799 ob
1767 1754 2285 1821 contemplationem
2333 1767 2497 1830 atque
2519 1729 2685 1816 usum
2728 1774 3104 1820 creaturarum
3151 1763 3327 1819 factus
3391 1773 3494 1819 est.

236 1817 685 1924 Quidquidenim
705 1824 781 1924 ob
803 1825 1036 1880 aliorum
1068 1829 1355 1886 utilitatem
1386 1834 1465 1899 fit,
1516 1835 1749 1892 inferius
1812 1840 1883 1894 sit
1922 1817 2146 1902 necesse
2190 1860 2275 1905 est
2308 1851 2375 1906 iis
2407 1817 2656 1924 .quorum
2708 1817 2876 1913 causa
2891 1817 3124 1914 factum
3170 1817 3500 1913 estvililulta

234 1926 455 1981 quoque
489 1914 596 1968 alia
624 1914 939 1985 huiusmodi
969 1919 1176 1989 profert
1200 1923 1392 1979 deliria
1422 1926 1560 1998 (25).

1466 2098 1711 2145 VALESII
1750 2101 2225 2150 ANNOTATIONES
2236 2136 2248 2149 .

307 2214 421 2285 (25)
460 2214 590 2272 Vide
612 2215 946 2293 Philostorg.
978 2222 1033 2277 in
1057 2223 1152 2278 lib.
1189 2239 1265 2291 ix,
1293 2239 1414 2296 cap.
1449 2226 1537 2282 14.

252 2405 3207 2456 m

1469 2586 1643 2633 ANNO
1697 2589 1923 2636 DOMINI
1969 2590 2209 2638 CDXXV.

1084 2768 1296 2978 S.
1469 2770 2648 2990 ATTICUS

714 3064 2276 3219 CONSTANTINOPOLfTANUS
2342 3058 2990 3223 EPISCOPUS

1574 3498 2174 3613 NOTITIA

1246 3715 1387 3777 (Acta
1426 3715 1525 3766 SS.
1552 3715 1804 3779 Bolland.,
1838 3717 1967 3781 Aug.
2004 3725 2123 3768 tom.
2148 3717 2190 3781 Ι,
2213 3734 2324 3783 pag.
2346 3722 2471 3783 32'.)

296 3932 1806 4009 l.Sozomenns,lib.vmcap.27.tempusordinationis
1835 3946 1878 4003 ο.
1912 3942 2066 3997 illum
2113 3942 2405 4007 ambirent,
2452 3957 2683 4012 eamque
2730 3944 2800 3998 ob
2842 3960 3063 3999 causam
3107 3945 3340 4001 multum
3372 3946 3487 4016 jam

217 4029 265 4084 S
316 4029 485 4083 Attici
507 4030 580 4083 ita
598 4029 803 4085 definit:
835 4049 853 4082 ι
881 4030 985 4085 Sed
1008 4035 1337 4089 etArsaeius
1357 4050 1479 4088 cum
1505 4033 1805 4090 Ecclesiam

212 4119 892 4189 Constantinopolitanam
941 4120 1091 4177 brevi
1131 4124 1391 4193 temporis
1429 4125 1606 4193 Spatio
1634 4124 1808 4179 admi-

213 4211 540 4277 nistrasset,
577 4225 643 4266 ex
694 4212 796 4267 hac
840 4212 960 4267 luce
986 4214 1237 4283 migravit
1263 4231 1276 4278 ;
1301 4214 1464 4284 ‘cujus
1496 4217 1805 4273 successio-

213 4315 357 4354 nem
386 4315 511 4354 cum
550 4301 704 4355 multi
750 4311 934 4357 essent
975 4304 1067 4372 qui
1123 4304 1416 4369 ambirent,
1460 4317 1657 4375 quarto
1684 4319 1808 4376 post

211 4393 442 4449 obitum
464 4392 610 4448 illius
639 4409 825 4449 mense
848 4395 1133 4452 ordinatus
1156 4411 1238 4452 est
1264 4398 1496 4464 Atticus,
1526 4400 1808 4469 presbyter

211 4483 362 4539 cieri
394 4482 1004 4555 Cnnstantinopolitani,
1039 4487 1131 4556 qui
1167 4503 1309 4543 unus
1338 4487 1516 4543 fuerat
1543 4504 1605 4543 ex
1641 4488 1799 4545 Joan-

212 4572 312 4627 nis
345 4571 779 4628 iusidiatoribus.
817 4593 835 4625 ι
890 4576 1243 4633 δίᾺνεδείιιε
1289 4592 1435 4632 anno
1481 4579 1608 4644 405,
1642 4580 1725 4635 die
1749 4597 1803 4635 ιιι

213 4660 558 4716 Novembris
584 4661 747 4725 obiit,
777 4669 837 4716 ut
868 4664 1123 4733 superius
1151 4680 1214 4720 ex
1248 4666 1473 4722 Socrate
1496 4668 1805 4735 retulimus,

211 4761 271 4806 et
299 4751 465 4819 juxta
517 4751 882 4807 Sozomenuin
940 4774 959 4805 ι
1011 4765 1210 4825 quarto
1239 4767 1361 4826 post
1401 4759 1611 4813 obitum
1659 4760 1806 4815 illius

212 4856 420 4896 ineatse
458 4841 743 4896 ordinatus
785 4852 870 4898 est
906 4844 1137 4912 Atticus,
1185 4864 1204 4897 ι
1248 4848 1436 4902 debuit
1473 4849 1618 4904 circa
1656 4864 1809 4904 men-

210 4947 345 4989 sem
384 4931 634 4987 Martium
684 4934 814 4988 anni
863 4937 1149 5006 sequentis
1173 4938 1403 4993 Arsacio
1439 4939 1652 4996 Atticus
1682 4956 1807 4996 suc-

206 5023 486 5079 cessisse.
542 5023 744 5079 Verum
785 5041 909 5080 cum
965 5026 1221 5085 Socrates
1256 5031 1517 5096 sedecim,
1549 5043 1602 5088 et
1628 5034 1808 5088 Palla-

156 5174 160 5181 ,
208 5115 361 5168 dius
382 5115 760 5169 tantummodo
780 5103 1196 5185 quatuordecim
1220 5122 1631 5191 gubernationis
1656 5141 1809 5180 nien-

120 5219 140 5229 ’
210 5221 311 5261 ses
370 5202 599 5259 Arsaeio
657 5206 921 5273 tribuant,
979 5210 1048 5264 de
1103 5209 1464 5267 determinato
1522 5215 1806 5272 electionis

1914 4036 2174 4105 temporis
2202 4036 2446 4105 elapsum
2478 4046 2642 4103 esset,
2684 4038 2855 4093 altero
2887 4048 3010 4107 post
3047 4053 3213 4102 anno,
3254 4040 3489 4094 Arcadio

1910 4137 2124 4183 sextum
2150 4135 2203 4181 et
2228 4126 2407 4182 Probo
2440 4128 2783 4191 consulibus,
2811 4147 2829 4181 ι
2866 4130 3064 4183 horum
3089 4132 3408 4186 consulatus
3430 4131 3483 4185 in

1910 4234 2113 4272 annum
2140 4218 2246 4272 406
2268 4218 2506 4273 incidit?
2530 4238 2548 4271 ι
2584 4223 2651 4274 ad
2682 4221 3058 4291 episcopatum
3091 4232 3375 4291 promotus
3402 4232 3488 4276 est

1908 4309 2120 4366 Atticus
2142 4310 2227 4364 vir
2260 4310 2570 4380 religiosus.
2614 4329 2633 4361 ι

1977 4487 2033 4540 2.
2074 4484 2188 4541 Etsi
2233 4487 2448 4541 Atticus
2497 4501 2527 4539 a
2573 4486 2802 4541 Socrate
2824 4486 2904 4540 vir
2941 4487 3221 4557 religiosus
3251 4485 3484 4556 appelle-

1911 4585 2018 4640 tur,
2047 4592 2154 4631 non
2175 4578 2295 4630 ideo
2321 4575 2650 4637 inﬁciamur,
2690 4577 3006 4648 religionem
3037 4577 3280 4646 aliasque
3312 4577 3484 4645 ipsius

1908 4670 2139 4724 virtutes
2192 4667 2359 4723 ntevis
2407 4668 2738 4738 quibusdam
2796 4666 3482 4723 contaminatas'fuisse:

1910 4777 2035 4816 nam
2079 4776 2189 4815 non
2234 4759 2393 4815 modo
2430 4760 2698 4816 Joannem
2740 4760 3189 4832 Chrysostomum
3221 4760 3275 4813 in
3302 4757 3485 4815 conci~

1908 4851 2112 4906 liabulo
2146 4852 2213 4906 ad
2235 4852 2508 4917 Quercum
2538 4854 2840 4917 accusavit,
2868 4869 3059 4908 verum
3097 4853 3260 4907 etiam
3298 4852 3481 4906 sedem

1909 4945 2574 5015 Constantinopolitanatn
2646 4948 2927 5017 illegitime
2994 4947 3230 5009 invasit,
3293 4954 3486 4999 sancto

1914 5036 2146 5104 praesule
2186 5037 2366 5092 adhuc
2398 5038 2634 5105 vivente,
2659 5048 2709 5093 et
2752 5039 2926 5107 ipsius
2957 5038 3199 5091 fautores
3226 5035 3486 5090 indiscre-

1910 5137 1968 5182 to
2012 5128 2128 5182 zelo
2158 5139 2480 5199 persecutus
2519 5140 2623 5194 est,
2673 5130 2746 5184 ita
2793 5140 2853 5184 ut
2892 5146 2919 5181 a
2964 5128 3204 5182 Palladio
3248 5144 3368 5198 pag.
3413 5124 3485 5182 95

1919 5238 1937 5269 ι
1983 5219 2228 5272 omnium
2257 5220 2520 5276 adversus
2556 5220 2820 5274 Joannem
2855 5221 3193 5274 molitionum
3224 5218 3415 5272 artifex
3458 5238 3477 5270 ι

212 5294 381 5349 ilfius
415 5310 600 5351 mense
631 5307 725 5352 aut
771 5299 860 5354 die
913 5300 1051 5354 nihil
1090 5302 1222 5356 certi
1248 5304 1410 5358 statui
1459 5314 1677 5373 potest:
1710 5307 1805 5361 sed
1842 5290 1888 5348 Ῑ)
1918 5316 2160 5359 vocetur.
2205 5307 2309 5361 Sed
2363 5308 2578 5361 videtur
2626 5309 2767 5362 hanc
2809 5311 3022 5377 culpam
3072 5309 3389 5377 pmnitentia
3430 5317 3484 5364 et

213 5388 412 5442 solum
442 5389 711 5458 sequitur,
760 5391 998 5446 Atticum
1050 5393 1271 5450 ineunte
1305 5411 1450 5450 anno
1485 5397 1591 5451 406
1614 5399 1803 5453 cathe-

215 5482 386 5536 dram
411 5478 1070 5552 Constantinopolitanam
1100 5500 1420 5557 occupasse,
1464 5500 1521 5543 ut
1548 5505 1612 5545 ex
1644 5507 1808 5561 supra

220 5570 394 5626 dictis
429 5571 667 5636 eruitur,
702 5583 756 5628 et
790 5576 1106 5632 testimonio
1145 5577 1389 5633 Socratis
1428 5579 1806 5650 conﬁrmatur,

223 5662 317 5728 qui
363 5662 461 5715 lib.
511 5677 562 5715 vt
607 5678 728 5732 cap.
769 5664 842 5718 20
884 5681 1089 5721 annum
1125 5670 1489 5726 ordinationis
1542 5672 1700 5728 istius
1737 5674 1809 5728 ita

219 5754 433 5809 diserte
471 5754 752 5824 exprimit:
797 5776 815 5807 ι
850 5756 987 5814 Cum
1025 5769 1205 5861 autgm
1251 5763 1405 5818 multi
1438 5764 1809 5834 episcopatum

1916 5397 2266 5452 revocatione
2291 5398 2512 5459 ciuisse,
2542 5408 2601 5453 ut
2628 5400 2788 5467 paulo
2816 5410 2940 5469 post
2963 5411 3154 5455 contra
3187 5399 3483 5456 Tillcmnn-

1915 5489 2050 5541 tium
2099 5488 2388 5543 ostendere
2439 5489 2780 5543 conabimur.
2833 5490 2991 5545 Certe
3040 5494 3251 5548 Atticus
3298 5502 3483 5561 postea

1913 5596 2113 5635 nomen
2144 5578 2201 5634 S.
2231 5579 2460 5637 Joannis
2496 5583 2868 5656 Chrysostomi
2899 5586 3073 5640 sacris
3102 5587 3299 5641 tabulis
3338 5588 3479 5642 inse-

1909 5672 2040 5738 ruit,
2070 5673 2209 5727 utin
2260 5671 2504 5728 Historia
2536 5676 2827 5745 tripartite,
2865 5678 2957 5734 lib:
2985 5691 3083 5746 xu;
3125 5696 3241 5751 cap.
3276 5681 3331 5748 Ξ,
3367 5689 3480 5732 tra~

1912 5764 2060 5821 ditur
2108 5766 2192 5820 his
2233 5764 2455 5823 verbis:
2502 5787 2521 5819 ι
2560 5768 2772 5826 Atticus
2826 5787 2988 5842 porro
3028 5774 3314 5844 episcopus
3349 5787 3477 5827 eau-
