4054 6198
539 325 644 384 €39

1659 322 1715 376 8.
1757 318 2059 376 ATTICUS
2093 317 2196 373 (ΞΡ.
2240 317 2634 377 EPISCOPUS.

3698 331 3810 390 650

544 458 635 497 sas
705 437 961 494 Ecclesia:
1022 438 1288 509 sapientia
1358 439 1682 495 mirabiliter
1738 435 2065 506 disponebat
2096 474 2111 499 ,
2141 437 2189 493 A
2215 433 2420 489 crimen
2447 434 2764 505 poenitentia
2791 435 2986 492 deinde
3012 452 3077 494 ac
3103 447 3250 495 recte
3284 439 3445 496 factis
3475 440 3691 511 egregie
3707 458 3805 496 ex-

542 531 911 599 tloctrinisque
959 531 1217 600 populum
1247 531 1314 586 ad
1363 531 1583 587 virtutis
1634 529 1880 585 studium
1920 541 2115 597 provo-

541 624 740 676 cabat:
798 637 1036 691 cumque
1084 624 1294 679 videret
1337 624 1570 678 divisam
1619 619 1940 682 Ecclesiam,
1988 633 2113 673 cum

540 713 806 768 Joannitze
845 729 1090 769 seorsum
1126 717 1266 784 apud
1295 731 1352 770 se
1377 717 1526 784 ipsos
1549 729 1703 778 sacra
1741 712 2002 768 solemnia
2025 726 2115 764 ee-

542 805 834 872 lebrarent,
864 806 1051 873 jussit,
1077 817 1134 859 ιιι
1163 807 1214 859 ἰιι
1244 805 1583 861 orationibus
1601 804 1860 858 memoria
1889 800 2117 855 Joannis

542 895 855 960 haberetur,
883 899 1026 951 sicut
1056 898 1286 951 aliorum
1317 895 1701 950 dormientium
1734 894 2116 962 episcoporum

544 988 658 1042 lleri
691 990 994 1053 consuevit,
1043 1006 1138 1059 per
1185 991 1288 1045 hoc
1330 1005 1580 1059 sperans,
1627 988 1891 1056 plurimos
1918 983 1984 1036 ad
2012 980 2117 1036 Ec-

543 1078 763 1131 clesiam
814 1082 1077 1134 revocari.
1120 1099 1141 1133 ι
1180 1080 1449 1135 Caeterum
1503 1089 1695 1134 auctor
1729 1076 1981 1130 Historia:
2018 1072 2118 1124 tri-

541 1171 752 1235 partito:
786 1178 840 1223 et
877 1172 964 1224 alii
999 1174 1209 1242 antiqui
1263 1173 1555 1238 scriptores
1600 1168 1923 1239 pastoralem
1953 1163 2116 1217 Attici

544 1260 898 1329 vigilantiam,
924 1261 1216 1318 ferventem
1242 1265 1523 1319 catholica:
1556 1263 1675 1317 fidei
1702 1262 1902 1324 zelum,
1935 1257 2118 1312 muni-

544 1348 702 1402 ficam
728 1365 853 1420 erga
896 1368 1162 1420 pauperes
1196 1353 1652 1414 misericordiam,
1690 1353 1939 1419 aliasque
1974 1348 2121 1402 illius

545 1439 772 1494 virtutes
805 1443 1014 1512 magnis
1053 1444 1306 1500 laudibus
1341 1447 1630 1508 extollunt,
1657 1454 1714 1497 ut
1745 1441 1914 1496 videri
1944 1446 2124 1518 potest

543 1531 596 1584 in
633 1529 804 1600 Opere
835 1543 1022 1587 nostro
1046 1536 1112 1588 ad
1146 1537 1287 1589 diem
1326 1554 1425 1592 VIII
1461 1535 1729 1600 Januarii,
1773 1533 1864 1587 ubi
1900 1532 2122 1586 Bollan-

541 1621 643 1677 dus
664 1624 789 1679 Acta
825 1623 996 1692 ipsius
1027 1625 1332 1680 illustravit.
1819 1629 1821 1632 ⁴

611 1713 666 1768 5.
705 1711 816 1767 Nos
848 1729 1117 1770 memores
1157 1715 1422 1784 propositi
1461 1715 1657 1779 nostri,
1697 1729 1808 1784 quo
1829 1711 2118 1768 chronolo-

2221 525 2406 594 piavit,
2455 537 2508 583 et
2564 527 2783 598 scriptis
2844 528 3040 584 litteris
3096 540 3284 586 auctor
3343 541 3534 586 sancto
3598 530 3812 602 Cyrillo

2221 619 2588 675 Alexandrino
2622 619 2748 687 fuit,
2786 630 2844 674 ut
2882 620 3258 691 Chrysostomi
3290 637 3488 678 nomen
3526 623 3812 694 diptychis

2222 699 2560 769 inscriberet.
2603 733 2621 766 ι

2291 803 2345 856 5.
2403 801 2608 858 Deinde
2657 803 2950 859 Bollandus
3015 819 3245 859 numero
3275 814 3535 874 sequente
3583 805 3812 860 exhibet

2223 892 2522 948 honoriﬁca
2565 896 2814 962 quaedam
2853 906 3095 950 veterum
3133 897 3464 966 scriptorum
3511 900 3580 952 de
3612 897 3672 951 8.
3706 898 3810 952 At-

2224 981 2330 1037 tico
2348 985 2678 1050 testimonia,
2700 1002 2822 1056 qua:
2839 987 2987 1041 Actis
3009 987 3128 1055 ejus
3151 988 3525 1055 praemittenda
3551 988 3806 1054 censuit,

2231 1092 2248 1124 ι
2311 1090 2378 1128 ne
2423 1077 2701 1145 asperiore
2736 1078 3068 1146 'aliquorum
3135 1080 3187 1131 in
3249 1089 3498 1133 sanctum
3559 1079 3811 1135 Atticum

2226 1164 2383 1232 stylo,
2422 1183 2440 1216 ι
2481 1166 2674 1235 inquit,
2710 1185 2729 1216 ι
2759 1167 2877 1236 ejus
2911 1166 3161 1222 fortassis
3192 1168 3242 1220 in
3275 1169 3498 1222 dubium
3539 1173 3808 1227 sanctitas

2226 1263 2532 1308 revocetur.
2581 1274 2598 1307 ι
2628 1254 2830 1310 Praeter
2858 1257 2986 1324 alia,
3024 1274 3146 1328 qua:
3181 1257 3474 1314 Bollandus
3504 1275 3611 1314 non
3645 1262 3815 1324 vidit,

2229 1354 2324 1398 aut
2349 1346 2532 1400 videre
2573 1363 2679 1401 non
2711 1349 2990 1418 potuit,ad
3013 1350 3476 1420 comprobandam
3510 1352 3670 1422 hujus
3699 1354 3809 1407 At.-

2231 1437 2318 1492 tici
2347 1438 2716 1508 sanctitatem,
2741 1441 2961 1512 allegari
2994 1452 3172 1512 potest
3209 1441 3569 1514 fragmentum
3597 1447 3808 1514 episto-

2229 1526 2327 1581 lam
2349 1528 2488 1582 beati
2517 1530 2677 1585 Attici
2700 1531 3290 1602 Constantinopolitani
3317 1534 3576 1604 episc0pi,
3607 1554 3626 1587 ι
3654 1539 3808 1606 quod

2230 1618 2284 1672 in
2315 1621 2550 1675 concilio
2567 1621 3000 1678 Chalcedonensi
3021 1626 3162 1694 apud
3187 1624 3526 1679 Harduinum
3554 1631 3806 1681 nostrum

2230 1718 2377 1764 tomo
2419 1709 2462 1762 11
2503 1710 2868 1768 Conciliorum
2905 1716 3012 1770 col.
3068 1715 3174 1771 654
3220 1716 3420 1770 citatur
3467 1717 3605 1770 inter
3651 1719 3806 1772 varia

542 1804 718 1874 gicam
746 1804 1130 1874 episcoporum
1163 1804 1895 1874 Constantinopolitaoorum
1920 1804 2115 1856 seriem
2147 1793 2192 1848 Β
2225 1819 2244 1850 ι
2276 1802 2585 1856 testimonia
2628 1813 2941 1858 sanctorum
2965 1803 3212 1869 Patrum,
3237 1806 3328 1874 qui
3352 1816 3403 1860 et
3423 1807 3558 1861 duas
3579 1816 3806 1863 naturas

543 1895 811 1962 praecipue
843 1896 1125 1950 texendam
1151 1897 1514 1965 suscepimus,
1553 1894 1774 1949 omissis
1797 1895 1920 1948 aliis
1953 1893 2116 1946 Attici

544 1985 732 2051 gestis,
772 1985 1048 2054 pergimus
1081 1985 1147 2039 ad
1189 1985 1308 2052 ejus
1356 1993 1610 2050 mortem,
1648 1999 1813 2054 quam
1861 1983 2117 2036 Socrates

540 2076 637 2132 iii).
662 2093 757 2140 vu,
789 2093 908 2146 cap.
937 2077 1026 2143 25,
1057 2078 1129 2131 ita
1149 2077 1347 2130 refert:
1379 2095 1398 2128 ‹
1428 2075 1696 2131 Caeterum
1720 2076 1931 2130 Atticus
1953 2077 2115 2128 etiam

545 2180 757 2236 tempus
789 2169 972 2223 obitus
1005 2169 1089 2224 sui
1132 2168 1443 2236 praescivit;
1479 2183 1605 2221 nam
1637 2183 1760 2220 cum
1794 2164 1969 2220 Nicaea
2001 2164 2116 2220 dis-

539 2275 795 2314 cessurus
845 2269 1010 2321 esset,
1063 2259 1326 2330 CalliOpio
1369 2259 1514 2312 illius
1553 2259 1656 2312 loci
1691 2259 2012 2327 presbytero
2042 2257 2115 2309 ita

539 2352 676 2406 dixit
703 2372 714 2406 :
740 2351 910 2417 Cura,
941 2363 998 2407 ut
1047 2362 1174 2407 ante
1214 2363 1542 2406 autumnum
1581 2350 2113 2419 Constantinopolim

541 2442 749 2506 venias,
799 2443 842 2495 si
888 2459 972 2496 me
1031 2443 1206 2496 adhuc
1263 2442 1446 2494 vivum
1497 2440 1680 2494 videre
1729 2440 1906 2508 cupis.
1959 2439 2114 2504 Quod

539 2548 662 2586 cum
693 2533 938 2596 dtxisset,
971 2549 1000 2587 a
1029 2534 1250 2586 veritate
1269 2548 1376 2586 non
1411 2532 1720 2585 aberravit:
1743 2546 1888 2584 anno
1916 2529 2117 2599 quippe

539 2624 885 2692 episcOpatus
931 2625 1012 2678 sui
1058 2626 1234 2693 primo
1275 2631 1327 2677 et
1366 2623 1648 2684 vicesimo,
1678 2622 1766 2676 die
1807 2631 1961 2675 sexto
1993 2620 2115 2675 ldus

540 2715 810 2778 Octobris,
829 2715 960 2770 abiit
980 2732 1009 2770 e
1029 2717 1158 2776 vita,
1173 2716 1465 2770 consulatu
1483 2714 1779 2770 Theodosii
1802 2714 2112 2778 undecimo,

538 2817 592 2860 et
620 2807 976 2862 Valentiniani
1010 2809 1244 2864 Caesaris
1275 2810 1473 2877 primo.
1516 2828 1532 2860 ι
1575 2807 1697 2863 Haec
1722 2807 1987 2861 denotant
2011 2822 2111 2860 an-

541 2915 668 2952 nttm
699 2898 901 2953 Christi
931 2900 1056 2964 425,
1091 2908 1144 2955 et
1177 2901 1318 2954 diem
1349 2917 1383 2954 ι
1419 2901 1694 2956 Octobris.
1749 2900 1830 2954 Ex
1873 2901 1958 2955 his
1990 2914 2114 2954 cor-

541 2989 653 3059 rige
698 3004 935 3044 errorem
987 2990 1435 3061 chronologicum
1497 2991 1853 3060 Papebrochii
1905 2992 2113 3052 nostri,

2220 1888 2274 1941 in
2307 1888 2528 1946 Christo
2563 1892 2801 1948 confessi
2838 1904 2986 1960 sunt,
3019 1906 3073 1950 et
3099 1898 3616 1951 consubstantialem
3651 1897 3805 1952 Patri

2220 1978 2388 2033 Deum
2414 1979 2672 2048 Verbum,
2715 1986 2878 2038 etiam
2929 1987 3086 2042 nobis
3139 1988 3437 2042 secundum
3483 2005 3698 2042 carnem
3733 2006 3804 2044 ex

2219 2068 2384 2125 Maria
2434 2075 2956 2129 consubstantialem
2989 2076 3215 2141 factum,
3248 2079 3516 2132 veraciter
3552 2095 3818 2134 asserue-

2219 2172 2365 2227 runt,
2406 2183 2424 2216 ι
2457 2176 2513 2219 ιιι
2555 2165 2749 2220 ibidem
2792 2168 2897 2222 col.
2932 2166 3031 2222 651
3077 2169 3289 2238 legitur.
3326 2167 3420 2225 "is
3476 2172 3612 2227 adde
3657 2175 3804 2226 anti-

2217 2269 2324 2323 qua
2383 2253 2442 2307 8.
2473 2253 2703 2309 Dahnati
2751 2258 2907 2319 Acta,
2945 2274 3066 2327 qua:
3105 2260 3171 2313 ad
3215 2259 3354 2313 diem
3387 2277 3445 2315 ιιι
3475 2263 3705 2332 Augusti
3737 2264 3802 2318 il-

2221 2347 2500 2400 lustranda
2564 2357 2731 2414 sunt,
2787 2356 2841 2403 et
2898 2354 2951 2403 in
2990 2351 3188 2419 quibus
3256 2353 3400 2420 apud
3477 2354 3803 2408 Anselmutn

2219 2436 2531 2492 Bantlurum
2585 2449 2734 2492 torno
2789 2438 2829 2491 11
2887 2439 3106 2510 Imperii
3168 2442 3460 2498 Orientalis
3518 2460 3640 2516 pag.
3697 2446 3803 2500 699

2217 2529 2420 2598 praesul
2510 2530 2600 2584 ille
2657 2531 3292 2602 Con-stantinopolitanus
3356 2536 3550 2590 merito
3624 2541 3804 2592 sancti

2218 2620 2374 2673 titulo
2421 2621 2494 2674 ita
2528 2621 2836 2676 decoratur:
2868 2643 2886 2674 ι
2918 2623 3022 2678 Nec
3053 2624 3144 2678 diu
3180 2634 3363 2693 postea
3399 2627 3532 2680 obiit
3577 2640 3804 2685 sanctus

2216 2710 2502 2779 episcopus
2534 2710 2767 2776 Atticus,
2813 2714 2866 2766 in
2907 2713 3065 2782 cujus
3106 2714 3285 2769 locum
3336 2715 3613 2772 Sisinnius
3636 2719 3801 2773 sufic-

2217 2808 2339 2854 ctus
2369 2811 2471 2866 est,
2502 2802 2584 2855 vir
2614 2803 2736 2871 pius
2770 2819 2833 2858 ac
2858 2803 3168 2874 religiosus.
3211 2824 3231 2857 ι

2288 2890 2341 2947 6.
2384 2891 2762 2949 Tillemontius
2810 2905 2956 2950 tomo
3007 2893 3100 2948 XII
3161 2895 3490 2951 Monument.
3543 2898 3726 2952 eccles.
3773 2917 3801 2955 a

2220 2995 2342 3050 pag.
2375 2980 2480 3034 M6
2512 2982 2661 3036 hisce
2686 2985 2946 3039 omnibus
2972 3000 3081 3039 non
3110 2987 3437 3056 acquiescit;
3466 2988 3560 3043 sed
3587 3000 3801 3054 contra,

539 3081 631 3150 qui
665 3090 812 3135 tomo
843 3079 909 3136 Ill
931 3081 1101 3146 Junii,
1145 3098 1266 3153 pag.
1291 3083 1416 3147 507,
1445 3093 1676 3138 tnortem
1713 3082 1772 3134 S.
1802 3082 1966 3137 Attici
1997 3083 2114 3137 obi-

2223 3071 2385 3124 citato
2425 3073 2490 3125 ad
2529 3073 2830 3144 marginem
2863 3075 3147 3143 Bollantlo,
3183 3078 3385 3134 famam
3429 3081 3594 3135 Attici
3633 3082 3802 3138 libere

541 3180 622 3225 ter
663 3186 808 3225 anno
862 3171 967 3226 428
1015 3172 1382 3243 consignavit.
1438 3170 1592 3226 Haud
1645 3171 1807 3226 dubie
1861 3172 2113 3228 Socrates

539 3260 905 3329 computando
944 3261 1268 3314 vicesimum
1326 3260 1561 3330 pritntttn
1615 3259 1958 3329 episcopatus
2016 3277 2115 3316 an-

541 3367 692 3417 num,
733 3353 1098 3408 hallucinatus
1136 3361 1239 3416 est,
1271 3361 1367 3406 aut
1397 3367 1554 3406 error
1584 3353 1637 3406 in
1664 3353 1783 3421 ejus
1824 3366 2111 3408 numerum

542 3442 787 3512 irrepsit:
814 3458 935 3497 cum
954 3443 1100 3496 enim
1126 3442 1334 3496 Atticus
1351 3442 1540 3496 orimis
1561 3444 1842 3497 mensibus
1867 3445 2114 3500 anniJOG

539 3531 852 3585 cathedram
883 3530 1547 3601 Constantinopolitanam
1579 3533 1907 3601 ascenderit,
1936 3544 1994 3588 ut
2023 3553 2116 3590 su—

541 3637 636 3689 pra
685 3623 888 3676 dictum
935 3633 1039 3689 est,
1088 3623 1156 3677 ab
1208 3623 1428 3677 ineunte
1479 3637 1626 3677 anno
1681 3623 1786 3677 406
1829 3641 2000 3695 usque
2048 3627 2115 3680 ad

543 3726 781 3766 mensem
823 3713 1108 3768 Octobrem
1147 3714 1274 3767 anni
1303 3713 1409 3767 425
1459 3728 1567 3767 non
1597 3712 1702 3767 nisi
1742 3717 2113 3771 noventdecim

540 3803 670 3858 anni
714 3803 1054 3868 eﬂluxerant,
1087 3815 1142 3859 et
1175 3807 1387 3860 Atticus
1437 3814 1563 3859 ante
1596 3814 1823 3859 mortem
1875 3807 2113 3860 nondum

541 3897 860 3952 vicesimum
896 3899 1241 3967 episcopatus
1283 3913 1491 3952 annum
1541 3898 1879 3964 absolverat,
1933 3911 1984 3954 ut
2014 3899 2118 3954 Ba»

541 3990 750 4051 ronius,
787 3987 1009 4056 Pagius,
1040 3989 1240 4057 aliique
1273 3988 1374 4042 viri
1411 3988 1608 4042 eruditi
1641 3997 1765 4042 ante
1807 4003 1893 4041 me
1930 3989 2118 4044 obser-

540 4089 754 4138 varunt.
797 4076 976 4144 Quare
1006 4079 1060 4132 in
1092 4079 1258 4132 variis
1292 4078 1584 4148 praesulum
1618 4077 2118 4148 Constantinopoli-

540 4179 792 4224 tanorutn
838 4171 1100 4242 catalogis
1144 4171 1284 4240 apud
1317 4169 1634 4225 Bandurum
1672 4181 1806 4225 tom.
1853 4171 2116 4238 llmperii

539 4260 824 4314 Orientalis
877 4279 906 4315 a
969 4278 1090 4331 pag.
1136 4262 1236 4316 188
1277 4263 1472 4317 melius
1528 4263 1718 4333 viginti
1765 4263 1893 4317 anni
1939 4263 2117 4317 Attico

541 4353 771 4405 rotunde
792 4353 1125 4406 tribuuntur.

2225 3161 2522 3230 proscindit
2551 3203 2566 3227 ,
2613 3173 2668 3218 ct
2717 3166 2973 3221 audacter
3021 3172 3355 3238 pronuntiat,
3423 3173 3567 3227 nulla
3622 3175 3801 3243 ipsum

2221 3252 2554 3320 pmnitentia:
2588 3254 2742 3324 signa
2780 3272 3017 3326 unquam
3056 3259 3290 3325 dedisse,
3321 3270 3372 3314 et
3404 3262 3533 3315 nihil
3578 3263 3798 3330 fecisse,

2224 3350 2283 3394 ut
2322 3342 2664 3412 illegitimam
2713 3363 2868 3401 suam
2910 3350 3310 3406 ordinationem
3349 3365 3644 3420 repararet.
3693 3355 3798 3410 Into

2223 3431 2380 3502 plane
2405 3433 2701 3492 laudabiles
2732 3436 2790 3492 S.
2820 3439 2982 3494 Attici
3023 3443 3289 3504 actiones,
3336 3453 3461 3513 puta
3489 3447 3795 3500 misericor-

2222 3524 2367 3579 diam
2416 3541 2544 3594 erga
2591 3544 2875 3598 pauperes,
2929 3533 2980 3585 in
3022 3533 3342 3588 deteriorem
3388 3548 3595 3604 partem
3636 3540 3795 3594 inter-

2223 3625 2488 3686 prctatur,
2510 3629 2563 3671 et
2585 3629 2706 3688 post
2731 3622 2952 3691 explosa
2985 3633 3075 3678 aut
3105 3626 3338 3695 maligne
3361 3628 3628 3695 explicata
3657 3632 3798 3686 illius

2223 3710 2394 3780 elogia
2426 3711 2643 3766 tandem
2698 3727 2820 3782 pag.
2854 3714 2959 3768 419
3000 3715 3298 3782 concludit,
3343 3717 3485 3770 haud
3527 3719 3799 3776 immerito

2227 3800 2522 3854 timendum
2555 3818 2696 3866 esse,
2746 3820 2814 3859 ne
2865 3806 3194 3860 desiderium
3245 3823 3367 3862 sese
3409 3810 3702 3866 extollendi
3739 3830 3806 3869 ac

2225 3891 2279 3945 in
2306 3893 2442 3948 alios
2473 3894 2785 3948 dominandi
2828 3893 2846 3964 (
2875 3897 2990 3949 sive
3024 3912 3117 3965 per
3148 3898 3526 3953 auctoritatem
3572 3900 3798 3956 benevo.

2224 3985 2576 4056 lentiamque,
2605 3989 2718 4042 sive
2743 3989 2929 4044 saltem
2957 4006 3049 4060 per
3066 4003 3325 4047 terrorem
3358 3994 3408 4048 id
3442 4009 3802 4064 pusset.assr-

2223 4078 2338 4146 qui)
2375 4079 2426 4132 itt
2463 4078 2638 4134 Attico
2668 4079 2832 4134 fuerit
2859 4083 3130 4151 prsecipna
3159 4085 3327 4139 animi
3355 4089 3670 4156 propensio,
3705 4102 3802 4146 aut

2230 4187 2248 4220 ι
2297 4171 2569 4240 cupiditas
2602 4173 2784 4227 cordis
2827 4173 2947 4241 ejus
2977 4175 3330 4242 dominatrix,
3368 4196 3388 4228 ι
3434 4190 3489 4231 ιιι
3534 4179 3798 4238 Gallicam

2225 4257 2556 4314 Tillentontii
2581 4262 2824 4330 phrasint
2859 4264 3069 4319 fidelius
3106 4263 3295 4320 Latine
3323 4269 3655 4336 exprimam.

2297 4349 2346 4404 7.
2389 4350 2505 4405 Νοιι
2539 4353 2714 4418 video,
2762 4372 2871 4424 quo
2905 4357 3030 4426 jure
3061 4358 3440 4417 Tillemontius
3471 4363 3537 4417 de
3573 4365 3803 4420 internis

611 4440 663 4494 4.
702 4438 996 4494 Bollandus
1030 4450 1218 4495 noster
1246 4442 1496 4514 religioni
1530 4443 1634 4498 sibi
1661 4443 1838 4509 duxit,
1868 4445 2110 4499 Atticum
2152 4470 2195 4524 υ
2227 4442 2283 4497 8.
2329 4445 2490 4499 Attici
2537 4446 2923 4502 affectionibus
2957 4451 3065 4505 tale
3107 4452 3290 4506 tulerit
3320 4452 3612 4522 judicium,
3651 4459 3800 4525 quod

540 4533 1200 4603 Constantinopolitanutn
1265 4536 1622 4605 episcopum,
1688 4539 1848 4608 cujus
1916 4555 2115 4594 nomen

539 4623 865 4694 quibusdam
937 4623 1250 4679 Graecorum
1307 4624 1740 4696 Latinorumque
1793 4627 2116 4698 Menologiis

539 4715 861 4784 inscriptum
911 4716 1134 4786 legerat,
1194 4733 1262 4773 ex
1315 4717 1739 4773 immemorabili
1799 4721 1984 4775 cultus
2030 4725 2114 4776 sui

539 4805 886 4873 possessione
919 4805 1230 4874 deturbare.
1279 4805 1320 4858 11
1350 4821 1416 4859 nc
1444 4807 1509 4860 ad
1543 4807 1684 4861 diem
1731 4824 1828 4863 vnt
1865 4809 2113 4866 Januarii

539 4897 669 4948 Acta
711 4894 857 4950 illius
895 4911 962 4950 cx
998 4896 1164 4951 variis
1204 4897 1445 4967 antiquis
1487 4897 1851 4967 scriptoribus
1889 4916 2116 4972 Operose

537 4985 774 5056 collegit,
821 4994 875 5040 et
921 4985 1391 5042 Commentariun:
1435 5004 1596 5042 suum
1655 4991 1728 5044 ita
1784 4991 2110 5048 inchoavit:

541 5094 561 5126 ι
592 5076 744 5132 Multi
789 5087 1039 5134 sanctum
1078 5078 1535 5150 Chrysostomum
1567 5082 1678 5134 acri
1712 5084 1896 5138 studio
1931 5085 2113 5153 impu-

539 5181 793 5236 gnarunt,
838 5173 931 5242 qui
969 5182 1148 5226 tamen
1178 5190 1422 5228 errorem
1460 5174 1656 5229 deinde
1684 5192 1844 5232 suum
1878 5194 2114 5248 agnove-

540 5271 682 5324 runt,
713 5273 877 5334 atque
921 5266 1072 5320 omni
1117 5267 1429 5321 sanctitatis
1476 5267 1634 5322 laude
1679 5269 2001 5325 floruerunt.
2057 5271 2111 5326 In

541 5349 624 5404 his
656 5351 712 5404 S.
740 5354 950 5412 Atticus
983 5358 1272 5427 episcopus
1309 5358 1953 5428 Constantinopolitanus
1988 5361 2110 5425 fuit,

542 5442 632 5508 qui
687 5447 800 5500 zelo
861 5451 1222 5506 immoderato
1282 5463 1335 5506 et
1389 5469 1734 5524 nequaquam
1809 5455 2111 5509 secundum

542 5530 820 5588 scientiam
876 5542 1172 5610 abreptus,
1226 5559 1332 5598 non
1382 5545 1704 5600 adversatus
1754 5553 1967 5599 tantum
2030 5555 2114 5600 est

541 5630 730 5675 sancto
767 5622 1177 5697 Chrysostomo,
1231 5635 1322 5688 sed
1372 5646 1492 5704 post
1538 5639 1822 5692 Arsaeium
1877 5645 1928 5692 in
1969 5640 2109 5708 ejus.

542 5710 835 5769 etiamnum
871 5721 1202 5786 superstitis,
1245 5725 1558 5781 cathedram
1606 5730 1869 5784 successit
1911 5749 1922 5784 :
1965 5733 2113 5801 quod

2221 4535 2320 4589 soli
2360 4535 2468 4590 Deo
2494 4539 2768 4604 convenit,
2800 4541 3056 4610 quodque
3088 4558 3341 4610 supremo
3365 4547 3615 4601 cordium
3643 4564 3799 4603 scru-

2219 4629 2380 4681 tatori
2427 4631 2750 4698 prudentius
2791 4633 3119 4701 reliquisset.
3155 4634 3288 4690 Nolo
3325 4636 3411 4691 hic
3449 4637 3798 4695 leemontio

2219 4717 2454 4787 objicere
2481 4721 2754 4790 vulgarem
2791 4721 2933 4790 juris
2964 4724 3229 4792 regulam,
3271 4743 3377 4794 qua
3418 4730 3606 4784 tandiu
3639 4733 3798 4800 quis-

2219 4811 2362 4878 piam
2407 4812 2754 4880 prtesumitur
2797 4814 3002 4877 bonus,
3054 4817 3225 4872 donec
3278 4819 3538 4887 probetur
3595 4825 3795 4879 malus.

2219 4902 2354 4958 Nolo
2382 4905 2484 4972 ipsi
2513 4920 2788 4974 opponere
2835 4908 3176 4963 notissimam
3208 4911 3535 4968 Christiana:
3557 4914 3796 4969 charita-

2220 4996 2287 5050 tis
2315 4995 2506 5065 legem,
2548 5011 2656 5066 qua
2688 4997 2948 5066 jubemur
2985 5001 3230 5056 actiones
3279 5004 3510 5071 proximi
3561 5006 3794 5076 benigne

2216 5087 2508 5156 explicare,
2557 5089 2798 5157 quandiu
2832 5092 3134 5148 manifestae
3169 5094 3388 5148 malitia:
3425 5113 3530 5150 non
3567 5100 3793 5152 convin-

2217 5190 2434 5235 cuntur.
2475 5179 2609 5234 Nolo
2639 5183 2874 5251 denique
2903 5186 2989 5239 hic
3044 5188 3286 5254 proferre
3332 5190 3508 5244 varias
3537 5191 3597 5243 S.
3628 5192 3794 5246 Attici

2216 5274 2463 5335 virtutes,
2489 5289 2608 5342 qure
2631 5275 2683 5328 in
2708 5275 2859 5329 Actis
2891 5277 3010 5346 ejus
3032 5279 3100 5332 ad
3126 5278 3267 5332 diem
3300 5296 3394 5333 vrtt
3435 5279 3681 5337 Januarii
3709 5285 3794 5336 in-

2215 5364 2386 5417 veniri
2433 5373 2680 5432 possunt.
2728 5363 2841 5420 Iloc
2888 5368 3047 5422 unice
3093 5369 3394 5434 contendo,
3437 5373 3674 5427 Atticum
3735 5375 3790 5428 in

2218 5454 2574 5515 immoderato
2612 5471 2712 5512 suo
2747 5468 2936 5512 contra
2982 5459 3039 5514 8.
3071 5460 3522 5531 Chrysostontutn
3557 5467 3674 5520 zelo
3704 5478 3799 5518 at-

2215 5559 2322 5612 que
2354 5544 2404 5597 in
2437 5547 2715 5617 illegititna
2752 5550 3100 5619 episcopatus
3137 5555 3486 5622 possessione
3517 5572 3694 5626 usque
3725 5557 3799 5612 ad

2217 5648 2445 5695 mortem
2481 5657 2588 5696 non
2639 5657 3033 5711 perseverasse.
3078 5643 3132 5700 Id
3173 5657 3351 5701 autem
3376 5649 3663 5702 ostendere
3694 5665 3799 5703 co.

2220 5734 2389 5792 nabor
2417 5734 2617 5804 duplici
2643 5744 2985 5805 argumento,
3015 5754 3248 5807 quorum
3280 5754 3447 5793 unum
3472 5741 3578 5794 erit
3607 5756 3636 5794 a
3666 5755 3804 5810 pos-
