4054 6198
207 259 298 316 αι

205 474 464 534 quuntur.
493 461 651 516 Nunc
684 477 797 516 rem
833 463 1003 531 ipsam
1036 464 1344 534 aggredior.

274 553 333 608 8.
392 551 765 606 Theodoretus
824 552 921 609 lib.
993 569 1022 606 v
1080 553 1222 607 Hist.
1269 554 1476 619 erdem,
1531 570 1650 624 cap.
1687 556 1778 619 35,

206 644 447 714 primum
487 643 755 710 opinionis
797 655 994 698 nostra:
1019 643 1429 700 fundamentum
1472 647 1544 700 ita
1581 647 1730 715 ponit
1766 665 1780 702 :

213 755 234 786 ι
278 734 386 788 Sed
414 743 466 788 et
485 733 738 788 defuncto
770 734 918 788 orbis
949 744 1214 789 terrarum
1237 737 1516 805 magistro,
1544 737 1782 806 episcopi

211 821 588 878 Occidentales
611 838 717 877 non
741 824 891 892 prius
915 824 1291 893 episcoporum
1317 824 1554 895 Egypti,
1590 825 1784 880 Orien-

214 914 410 981 lisque,
445 921 496 965 et
527 909 794 982 Bosphori
824 928 886 966 ac
919 911 1163 967 Thraciae
1200 916 1639 968 communionem
1688 916 1782 970 ad-

217 1004 429 1066 misere,
471 1017 640 1071 quam
683 1003 850 1056 divini
888 1003 986 1056 viri
1021 1023 1040 1054 ι
1100 1009 1317 1074 (nempe
1357 1007 1529 1060 sancti
1561 1003 1785 1062 Joannis

215 1091 617 1162 Chrysostomi)
669 1110 687 1143 ι
746 1108 944 1147 nomen
993 1093 1133 1148 inter
1173 1093 1461 1151 defunctos
1498 1097 1785 1166 episcopos

209 1183 539 1238 retulissent.
574 1181 639 1235 Et
676 1182 956 1238 Arsaeium
1002 1185 1245 1254 quidem,
1277 1188 1368 1256 qui
1413 1188 1462 1241 ei
1518 1188 1781 1244 suffectus

210 1271 406 1335 fuerat,
435 1287 536 1324 nec
575 1272 902 1326 salutatione
936 1273 1140 1345 dignati
1181 1285 1348 1329 sunt:
1383 1275 1620 1330 Atticum
1656 1294 1785 1332 vero

209 1363 418 1417 Arsacii
451 1380 824 1419 successorem
863 1376 984 1436 post
1019 1369 1217 1422 multas
1237 1368 1532 1438 legationes
1552 1379 1606 1424 et
1637 1370 1786 1439 pacis

207 1455 525 1522 petitiones,
566 1457 781 1510 tandem
824 1469 1166 1526 receperunt,
1201 1475 1324 1512 cum
1357 1459 1558 1514 tabulis
1588 1475 1783 1514 nomen

207 1545 598 1613 inscripsisset.
652 1563 670 1596 ι
712 1547 971 1610 Audisne,
1002 1547 1088 1601 hic
1114 1565 1132 1598 ‹
1173 1548 1371 1602 multas
1411 1549 1701 1617 legationes
1735 1558 1786 1602 et

207 1635 360 1700 pacis
391 1634 678 1702 petitiones
716 1653 733 1683 ι
780 1636 1234 1689 commemorari?
1268 1637 1382 1702 Qua
1423 1637 1586 1703 igitur
1610 1637 1787 1691 fronte

207 1723 593 1777 'I‘illemoutius
616 1741 863 1780 asserere
889 1727 1085 1795 potuit,
1111 1727 1348 1782 Atticum
1378 1729 1510 1781 nihil
1542 1744 1777 1797 unquam
1813 1722 1854 1776 Β

208 1816 427 1883 fecisse,
461 1827 519 1872 ut
553 1819 880 1888 illegitimam
929 1836 1084 1874 suam
1121 1820 1523 1876 ordinationem
1555 1838 1781 1892 repara-

205 1920 288 1962 ret
312 1908 337 1966 3
365 1910 450 1961 An
481 1909 613 1962 nihil
638 1907 832 1963 fecisse
869 1908 1130 1964 dicendus
1164 1920 1266 1975 est,
1300 1911 1392 1980 qui
1425 1927 1564 1981 sape
1593 1927 1778 1981 pacem

205 2002 349 2069 petit
383 2000 598 2061 abillis,
624 2015 762 2068 quos
809 2000 994 2069 iniqua
1027 2002 1370 2071 episc0patus
1396 2002 1782 2056 Constantino-

205 2091 441 2159 politani
476 2091 829 2160 occupatione
849 2090 1164 2154 offenderat,
1198 2102 1250 2146 et
1280 2093 1476 2146 multas
1506 2093 1668 2145 mittit
1695 2093 1775 2145 lea

205 2183 482 2252 galioncs,
516 2181 845 2236 utEcclesize
878 2181 1138 2237 Romanae
1174 2184 1590 2238 reconcilietur?
1619 2184 1784 2253 Equi-

204 2271 337 2324 dem
383 2270 611 2335 fatebor,
649 2280 890 2340 tempore
927 2272 1228 2326 Innocentii
1265 2272 1282 2324 ι
1315 2274 1583 2343 pontificis
1615 2273 1784 2327 inuti-

205 2364 321 2416 lem
371 2360 538 2416 fuisse
577 2360 890 2414 Maximiani
929 2362 1167 2432 episcopi
1209 2362 1650 2418 intercessionem
1687 2379 1786 2433 pro

207 2452 415 2514 Attico,
465 2453 591 2520 quia
633 2451 940 2520 propositas
980 2451 1048 2505 ab
1091 2450 1404 2508 Innocentio
1448 2454 1786 2508 conditiones

207 2543 460 2597 nondum
493 2543 829 2613 impleverat.
872 2543 940 2597 At
979 2558 1044 2598 ex
1094 2545 1197 2598 hoc
1230 2545 1347 2613 ipso
1387 2546 1601 2616 colligo,
1637 2557 1787 2615 post-

206 2635 440 2689 modum
476 2635 656 2688 omnia
703 2635 814 2697 illa,
861 2649 980 2703 quae
1022 2633 1366 2690 Innocentius
1406 2646 1678 2706 exegerat,
1719 2637 1788 2691 ab

205 2727 397 2780 Attico
423 2726 594 2780 fuisse
633 2725 794 2790 facta,
824 2727 1185 2794 antequamin
1218 2728 1658 2782 communionem
1676 2728 1787 2783 Ro-

205 2835 394 2873 manae
417 2817 670 2872 Ecclesia:
695 2818 765 2871 sit
793 2828 1058 2886 receptus.

288 2913 340 2966 9.
378 2911 585 2964 Juverit
614 2911 681 2964 de
704 2911 805 2965 hac
833 2925 889 2964 re
917 2911 1102 2965 audire
1128 2911 1411 2980 epistolam
1438 2911 1606 2981 ipsius
1633 2911 1790 2967 Inno-

205 3003 382 3058 centii
413 3002 476 3055 ad
497 3001 904 3065 .‘llaximianum,
944 3018 1064 3070 quae
1099 3005 1238 3071 apud
1264 3002 1540 3056 Labbeum
1571 3014 1717 3058 tomo
1744 3003 1788 3057 Il

1688 259 1986 315 ΝΟΤΙΤΙᾹ.

204 370 411 435 teriori,
445 379 498 426 et
519 368 670 425 aliud
705 369 771 425 ad
801 369 1097 437 hominem,
1127 382 1184 425 ut
1207 369 1260 426 in
1288 372 1491 428 scholis
1520 373 1677 443 vulgo
1699 373 1776 427 io-
1806 378 1851 435 Α

3357 279 3457 334 669

1956 374 2040 428 lt).
2090 395 2107 426 ι
2157 375 2550 446 Ελερθοιειηηιε
2583 394 2712 449 ergo
2741 388 2793 434 ct
2820 379 3215 450 professionem
3255 400 3455 442 memo-

1885 466 1990 520 rati
2035 467 2102 521 de
2129 469 2415 538 completis
2452 470 2708 527 omnibus
2747 473 3170 539 conditionibus,
3206 491 3344 545 quas
3373 477 3460 532 di-

1883 557 2058 612 versis
2085 560 2419 629 temporibus
2449 562 2801 630 praediximus
2826 603 2840 627 ,
2875 573 2926 619 et
2963 567 3277 634 petitionem
3311 585 3460 624 com-

1884 649 2184 712 munionis,
2206 660 2264 704 ut
2283 661 2431 705 recte
2447 663 2499 706 et
2524 654 2754 722 petenti.
2775 663 2828 707 et
2851 655 3096 724 probanti
3128 673 3186 712 se
3215 661 3459 715 eamdem

1887 739 2107 806 mereri,
2149 739 2464 794 reddamus.
2503 758 2522 790 ι
2561 739 2706 806 Quas
2752 757 2880 795 vero
2927 743 3264 802 conditiones
3295 750 3461 804 Inno-

1885 827 2094 882 eentius
2139 829 2491 896 requisiverit
2518 870 2530 893 ,
2568 840 2621 882 et
2668 831 2945 899 quomodo
2991 848 3084 887 eas
3129 841 3461 894 cxsecutioni

1886 918 2132 972 mandari
2177 919 2445 987 voluerit,
2493 921 2608 990 ipse
2655 922 2787 976 satis
2825 922 3065 976 declarat
3108 925 3162 977 in
3213 928 3461 996 epistola,

1885 1023 2046 1076 quam
2069 1009 2121 1064 in
2148 1011 2335 1065 eadem
2367 1018 2530 1066 causa
2547 1012 2692 1066 dedit
2716 1013 2780 1066 ad
2809 1012 3069 1067 Acacium
3099 1014 3300 1072 Beroea:
3349 1020 3461 1088 epio

1887 1114 2133 1170 sc0pum,
2183 1103 2276 1156 ubi
2327 1104 2466 1172 apud
2513 1103 2809 1167 I.abbeum,
2838 1112 2986 1158 tomo
3016 1107 3257 1174 proxime
3299 1110 3464 1165 citato

1889 1191 1990 1247 col.
2026 1191 2184 1257 l270,
2215 1203 2334 1262 post
2363 1195 2469 1248 alia
2505 1195 2582 1250 sic
2607 1196 2834 1250 scribit:
2871 1216 2891 1248 ι
2927 1195 3080 1252 Unde
3111 1200 3207 1254 has
3232 1201 3294 1254 ad
3327 1217 3464 1271 prte-

1891 1283 2285 1338 stantissimum
2357 1284 2578 1340 fratrem
2641 1296 2696 1341 et
2756 1289 3142 1358 coepiscOpum
3213 1303 3462 1348 nostrqu

1887 1371 2255 1428 Alexandrum
2313 1377 2612 1429 reddendas
2653 1385 2756 1431 tua:
2803 1379 3206 1436 transmisimus
3272 1385 3464 1438 unani-

1887 1463 2096 1530 mitati;
2146 1465 2400 1521 videlicet
2439 1475 2516 1533 ut,
2575 1469 2619 1522 si
2669 1485 2859 1524 omnes
2914 1471 3232 1538 inimicitite,
3285 1479 3464 1530 omnis

1887 1552 2186 1616 :emulatio,
2222 1567 2328 1608 tam
2371 1556 2436 1609 de
2479 1559 2696 1612 nomine
2747 1560 2920 1613 sancti
2961 1559 3187 1618 Joannis
3231 1565 3462 1618 mirandi

1888 1643 2147 1714 episcopi,
2175 1662 2337 1716 quam
2386 1649 2451 1703 de
2489 1651 2742 1706 omnibus
2773 1652 3015 1720 ejusdem
3060 1657 3465 1714 communionis

1886 1735 2256 1804 participibus,
2283 1753 2313 1792 a
2339 1746 2428 1793 tua
2459 1741 2806 1797 animositate
2837 1743 3109 1809 discessit,
3143 1747 3240 1801 has
3265 1756 3463 1802 nostrae

1888 1825 2162 1882 societatis
2228 1830 2458 1899 recipias
2529 1833 2737 1886 litteras
2773 1874 2788 1898 ,
2852 1834 3019 1888 frater
3081 1837 3405 1892 charissime
3445 1878 3462 1898 .

1887 1917 2071 1981 modo,
2106 1929 2164 1973 ut
2188 1921 2368 1974 omnia
2416 1939 2535 1991 quae
2573 1922 2700 1994 hisi
2743 1926 2813 1979 al.
2853 1926 2936 1979 hic
2967 1928 3046 1981 vel
3077 1927 3139 1980 de
3173 1930 3252 1983 his
3283 1927 3303 2001 ]
3329 1933 3465 1988 actis

1889 2013 2105 2065 firmata
2147 2022 2294 2078 sunt,
2320 2015 2462 2084 apud
2493 2016 2846 2071 mediatorem
2895 2027 3141 2076 nostrum
3177 2022 3463 2077 amabilem

1889 2098 2226 2154 Alexaudum
2259 2117 2351 2157 ore
2374 2105 2591 2172 preprio
2611 2145 2624 2167 ,
2650 2115 2708 2160 ut
2745 2109 3235 2165 communicantem
3271 2127 3469 2167 convc-

1890 2187 2005 2254 nit,
2041 2187 2286 2243 fatearis.
2340 2209 2358 2241 ι
2394 2190 2468 2244 Ex
2503 2193 2586 2247 his
2629 2193 2926 2250 Innocentii
2960 2197 3152 2252 litteris
3177 2199 3352 2254 infero
3382 2216 3468 2254 se-

1891 2280 2110 2343 quentia
2144 2295 2156 2330 :
2193 2281 2386 2349 primo,
2423 2283 2660 2338 Atticum
2693 2288 2921 2340 necdum
2958 2289 3254 2357 quidquam
3315 2290 3468 2346 feciso

1892 2384 1951 2424 se
1988 2384 2132 2424 anno
2165 2370 2288 2435 415,
2327 2387 2436 2441 quo
2464 2373 2678 2427 videtur
2719 2375 2885 2430 fuisse
2931 2377 3127 2446 scripta
3174 2377 3320 2447 prior
3349 2380 3466 2448 epi-

1893 2458 2054 2522 stola,
2078 2468 2135 2513 ut
2155 2462 2593 2517 communionem
2614 2465 2862 2522 Ecclesia)
2888 2465 3145 2521 Romanre.
3164 2469 3467 2536 obtineret;

1894 2548 2166 2615 secundo,
2207 2551 2408 2605 nullam
2448 2552 2612 2622 hujus
2651 2557 3055 2610 communionis
3099 2575 3248 2628 spem
3291 2561 3470 2614 Attico

1894 2638 2140 2692 relictam
2176 2638 2366 2705 fuisse,
2399 2643 2503 2697 nisi
2541 2647 2849 2714 propositas
2896 2647 2962 2700 ab
2995 2647 3308 2702 Innocentio
3340 2665 3470 2704 con-

1895 2731 2130 2783 ditiones
2183 2731 2464 2799 impleret;
2503 2735 2684 2797 tertio,
2720 2735 3087 2791 Innocentium
3122 2739 3189 2792 ab
3220 2743 3474 2794 adversa-

1897 2822 1997 2876 riis
2019 2821 2394 2892 Chrysostomi
2426 2840 2529 2877 non
2553 2827 2859 2893 postulasse
2889 2829 3170 2893 duntaxat,
3193 2843 3248 2883 ut
3280 2847 3470 2884 nomen

1897 2912 2070 2966 sancti
2092 2913 2248 2966 istius
2269 2913 2514 2982 praesulis
2544 2915 2716 2969 sacris
2747 2916 2944 2970 tabulis
2978 2917 3353 2982 inscriberent,
3379 2920 3470 2972 sed

1897 3003 2056 3056 etiam
2092 3014 2281 3057 contra
2326 3004 2446 3074 ejus
2481 3003 2720 3060 fautores
2773 3021 2988 3059 omnem
3027 3008 3366 3061 inimicitiam
3405 3024 3467 3062 ac

207 3093 587 3151 Conciliorttm
621 3094 726 3147 col.
754 3094 894 3146 1266
923 3104 975 3147 et
1009 3103 1265 3162 sequente
1293 3095 1372 3148 sic
1396 3104 1554 3149 sonat
1587 3113 1600 3148 :
1647 3114 1664 3146 ι
1700 3094 1795 3148 Mi-
1825 3062 1866 3118 c
1898 3093 2298 3148 azmulationem
2335 3062 2686 3163 deponerent,
2723 3103 2885 3164 atque
2916 3097 3032 3151 haec
3059 3098 3197 3164 apud
3233 3098 3472 3151 Alexan-

209 3202 434 3250 ratnur,
465 3186 805 3254 prudentiam
849 3194 992 3239 tuam
1027 3185 1226 3254 scripta
1268 3185 1332 3238 ad
1376 3185 1638 3248 Atticum,
1680 3186 1797 3256 epi-

206 3297 445 3348 scopum
472 3279 1088 3348 Constantinopolitanze
1127 3281 1296 3345 urbis,
1335 3297 1363 3334 a
1405 3280 1559 3335 nobis
1585 3292 1636 3335 et
1671 3296 1796 3350 pro-

207 3371 502 3426 secutione
527 3372 739 3439 propria
765 3380 820 3424 et
845 3372 971 3425 dato
1002 3372 1203 3432 libello.
1224 3372 1313 3441 qui
1340 3373 1528 3427 subter
1553 3389 1799 3428 annexus

207 3473 333 3524 est,
365 3461 664 3530 postulare,
695 3477 724 3515 a
755 3478 864 3531 quo
894 3477 992 3515 nec
1028 3463 1226 3517 missas
1261 3463 1400 3518 ullas
1444 3465 1632 3518 saltem
1686 3465 1801 3534 cpi-

207 3555 393 3607 stolas
424 3553 490 3606 ad
541 3569 642 3607 nos
667 3555 748 3607 vel
797 3555 862 3608 ad
890 3563 1119 3609 vestram
1151 3557 1414 3626 synodum
1453 3557 1639 3625 utique
1676 3572 1800 3625 per-

207 3643 436 3706 tulisti;
488 3643 648 3714 idque
691 3659 795 3696 non
844 3644 1041 3712 petenti
1093 3644 1438 3696 tribuendum
1487 3643 1797 3709 existimes,

206 3734 369 3804 quod
409 3735 559 3789 vides
589 3723 1010 3803 deprecantibus
1034 3735 1279 3788 discussa
1312 3738 1539 3799 ratione,
1573 3751 1800 3790 conces-

205 3841 341 3881 sum
368 3842 385 3890 ;
415 3826 732 3879 communio
762 3825 905 3878 enim
937 3840 1204 3892 suspensa
1241 3824 1546 3879 restituitur
1575 3827 1802 3877 demon-

209 3916 441 3979 stranti,
482 3931 698 3981 causas,
745 3916 944 3985 quibus
978 3915 1027 3968 id
1058 3917 1352 3980 acciderat,
1392 3917 1503 3983 jam
1541 3931 1663 3970 esse
1710 3916 1803 3969 de-

205 4018 438 4070 tersas,
497 4015 549 4060 et
594 4008 866 4076 profitenti
922 4007 1265 4061 conditiones
1322 4008 1472 4075 pacis
1531 4007 1801 4075 impletas.

206 4099 380 4166 Quod
429 4114 604 4167 neque
645 4099 786 4168 apud
828 4117 944 4164 vos,
987 4115 1164 4168 neque
1208 4099 1347 4167 apud
1393 4114 1491 4153 nos
1535 4099 1616 4168 (ut
1662 4114 1801 4164 pra.“

205 4190 359 4257 dixi)
403 4189 640 4248 Atticus,
686 4188 867 4244 missis
905 4190 1179 4258 aliquibus
1220 4205 1467 4255 suorum,
1501 4189 1582 4244 vel
1626 4189 1807 4244 dicere

207 4281 402 4334 voluit
427 4280 510 4332 vel
543 4282 917 4335 demonstrare
950 4282 1302 4350 completum,
1341 4281 1804 4351 quemadmodum

1899 3183 2082 3248 drum,
2119 3192 2211 3236 aut
2239 3183 2405 3236 alium
2432 3200 2460 3237 a
2495 3185 2748 3253 pontifice
2773 3185 3021 3239 Romano
3047 3186 3468 3255 designandum,

1901 3289 1996 3328 ore
2031 3275 2254 3342 proprio
2278 3273 2598 3338 faterentur,
2632 3285 2688 3328 ut
2718 3276 3120 3330 communionis
3159 3277 3386 3346 cupidos
3423 3289 3474 3332 et

1901 3370 2071 3422 errori
2099 3385 2199 3424 suo
2233 3370 2609 3424 renuntiantes
2639 3369 2884 3424 decebat.

1973 3461 2060 3514 il.
2101 3463 2235 3515 Cum
2274 3462 2436 3531 igitur
2463 3463 2696 3525 Atticus.
2725 3471 2861 3517 teste
2891 3463 3258 3528 Theodoreto,
3299 3482 3316 3514 ι
3358 3475 3479 3534 post

1902 3552 2104 3606 multas
2147 3552 2443 3621 legationes
2473 3561 2526 3606 et
2568 3554 2715 3621 pacis
2747 3555 3055 3622 petitiones,
3103 3574 3120 3605 ι
3167 3557 3380 3608 tandem
3423 3556 3476 3609 in

1901 3642 2340 3697 communionem
2383 3641 2641 3696 Romame
2683 3641 2939 3696 Ecclesiae
2987 3645 3236 3711 receptu‘s
3294 3644 3475 3702 fuerit.

1902 3729 2347 3801 probabilissime
2409 3729 2699 3792 concludo,
2733 3729 2907 3798 ipsum
2957 3741 3112 3783 antea
3159 3731 3368 3786 oblatas
3411 3733 3478 3786 ab

1903 3821 2217 3875 Innocentio
2246 3821 2586 3877 conditiones
2609 3823 2832 3875 omnino
2855 3822 3187 3890 implevisse,
3223 3825 3476 3891 adeoque

1905 3911 2225 3967 sufficientia
2272 3911 2603 3980 pmoitentia:
2642 3911 2839 3966 indicia
2880 3911 3128 3977 dedisse;
3168 3929 3292 3966 nam
3340 3915 3477 3968 enti-

1905 4002 2264 4056 nentissimus
2290 4001 2553 4057 Baronius
2577 4003 2630 4056 in
2655 4003 2948 4057 Annalibus
2967 4019 3111 4058 anno
3130 4003 3331 4059 Christi
3350 4003 3476 4070 408,

1907 4109 2055 4146 num.
2086 4092 2174 4158 il,
2211 4093 2273 4145 ad
2305 4092 2536 4162 priorem
2571 4091 2868 4148 Innocentii
2891 4095 3178 4163 epistolam
3208 4104 3353 4149 recte
3378 4095 3479 4149 ob-

1907 4193 2107 4248 servat,
2143 4203 2159 4234 ε
2203 4199 2310 4237 non
2355 4184 2531 4238 solere
2577 4183 2882 4238 Romanum
2920 4186 3229 4251 pontificem
3257 4187 3482 4242 reddere

1908 4273 2488 4338 communicationem,
2545 4274 2649 4328 nisi
2706 4275 3004 4344 propositis
3061 4284 3186 4329 ante
3243 4277 3482 4346 impletis

206 4372 588 4425 λιιιῑυριιρηπ
641 4371 898 4426 Ecclesia;
942 4371 1106 4426 frater
1138 4381 1192 4426 ρι
1219 4373 1576 4440 coepiscopus
1620 4380 1885 4448 noster],
1910 4364 2335 4429 conditionibus,
2361 4378 2411 4422 et
2453 4367 2753 4420 emendatis
2775 4366 3053 4420 erroribus
3081 4366 3208 4429 illis,
3243 4384 3478 4437 quorum

209 4464 540 4517 Alexander
595 4464 753 4534 digna
809 4463 1076 4533 legatione
1129 4473 1183 4517 et
1234 4474 1556 4532 prosecutus
1612 4473 1693 4517 est
1755 4472 1809 4518 et

209 4553 506 4623 probavit.
547 4550 753 4617 Quibus
775 4553 1024 4606 omnibus
1055 4553 1243 4620 utique
1271 4553 1531 4606 interesse
1559 4551 1810 4622 dignatus

209 4642 1036 4712 cogumisti,quemadmodum
1070 4643 1386 4711 singulatim
1436 4642 1618 4695 omnia
1666 4643 1808 4695 scri-

211 4741 449 4803 ptorum
501 4742 812 4786 nostrorum
866 4733 1094 4787 antehac
1141 4730 1252 4804 [aL
1306 4730 1681 4801 anteriorum]
1743 4732 1810 4786 de

213 4839 401 4878 causa
435 4824 727 4878 beatissimi
756 4821 982 4878 Joannis
1026 4823 1300 4892 quondam
1349 4824 1584 4891 episcopi
1638 4821 1812 4875 nostri

217 4916 613 4980 discusseritn,
649 4925 707 4969 ut
729 4932 851 4986 qua:
875 4916 982 4970 illis
1007 4917 1058 4968 in
1086 4916 1344 4969 omnibus
1384 4915 1516 4968 satis
1539 4915 1812 4969 evidenter

216 5005 596 5068 ostenderint,
623 5006 898 5070 universa,
916 5020 1038 5074 quae
1057 5005 1193 5074 apud
1217 5003 1560 5058 Antiochiam
1591 5003 1704 5056 fieri
1728 5004 1814 5057 de-

217 5098 476 5158 buerint,
508 5094 676 5150 fuisse
701 5097 988 5166 completa.
1017 5097 1259 5162 Quorum
1292 5095 1579 5163 amplexati
1604 5110 1809 5164 pacem,

215 5187 428 5257 utique
479 5186 639 5241 tidem
679 5186 929 5250 fecimus,
964 5196 1016 5240 et
1071 5201 1268 5255 magno
1314 5186 1529 5240 tramite
1561 5186 1813 5242 omnibus

215 5278 482 5331 eamdem
541 5277 893 5345 postulaturis
932 5275 1025 5348 [aL
1056 5292 1172 5346 qua:
1201 5275 1550 5349 pra'stolaris]
1581 5278 1818 5332 ostendi-

220 5385 394 5432 mus;
443 5369 488 5423 si
524 5369 708 5431 modo,
744 5382 864 5437 qua:
893 5367 1144 5421 discussa
1172 5375 1299 5421 sunt
1336 5375 1495 5436 atque
1523 5368 1811 5437 completa,

223 5461 396 5515 etiam
429 5461 533 5530 ipsi
564 5477 623 5515 se
646 5477 741 5529 pro
765 5476 866 5515 suo
888 5460 1010 5515 loco
1037 5458 1231 5516 fecisse
1255 5460 1334 5515 vel
1363 5461 1663 5530 complesse
1680 5501 1693 5519 .
1717 5461 1815 5514 ali-

228 5550 455 5615 quando
474 5549 916 5623 monstraverint,
941 5549 1511 5617 communionemque,
1535 5558 1595 5603 ut
1613 5550 1721 5616 isti,
1743 5550 1815 5605 le-

231 5642 452 5709 gatione
463 5640 784 5697 solemniter
794 5641 1054 5696 destinata
1065 5640 1187 5706 ,sibi
1201 5642 1508 5709 rogaverint
1521 5642 1811 5698 redhiberi.

1911 4469 2076 4510 causa
2107 4458 2611 4529 communicatione
2664 4457 2909 4512 interdici
2965 4467 3298 4514 meruerant.
3351 4480 3370 4513 ι
3425 4460 3482 4515 Si

1911 4547 2094 4617 itaque
2124 4547 2336 4602 Atticus
2380 4549 2450 4604 ob
2493 4549 2748 4618 injustam
2797 4548 2852 4602 S.
2887 4550 3260 4619 Chrysostomi
3301 4566 3484 4618 perse-

1910 4637 2184 4691 cutionem
2221 4647 2275 4691 ct
2316 4639 2648 4710 illegitimam
2679 4640 2952 4694 cathedrae
2980 4640 3478 4709 Constantinopoli-

1913 4736 2054 4783 tante
2088 4731 2499 4800 occupationem
2529 4734 2921 4786 communione
2961 4731 3216 4784 Ecclesiae
3242 4731 3483 4799 privatus

1913 4819 2095 4887 fuerit,
2129 4821 2316 4889 debuit
2349 4823 2496 4891 prius
2525 4822 2748 4889 exsequi
2781 4821 2966 4874 omnia
3002 4821 3112 4885 illa,
3144 4836 3262 4889 qua:
3291 4820 3357 4874 ad
3384 4821 3483 4875 hos
3565 4841 3568 4846 ν

1914 4928 2131 4967 errores
2177 4913 2550 4968 emendandos
2585 4927 2614 4966 a
2655 4911 2916 4967 Romanis
2961 4912 3307 4980 pontiﬁcibus
3345 4927 3482 4981 prae~

1917 5005 2320 5059 scribebantur.

1988 5095 2078 5149 l9...
2130 5095 2315 5166 Neque
2368 5097 2598 5150 multum
2644 5095 2840 5159 refert,
2896 5103 3076 5148 utrum
3126 5096 3338 5149 Atticus
3383 5095 3486 5162 sub

1915 5188 2034 5257 ipso
2074 5186 2412 5252 Innocentio,
2448 5196 2505 5242 ut
2551 5187 2721 5256 aliqui
2748 5188 2956 5248 volunt,
3007 5202 3076 5240 an
3119 5187 3222 5240 sub
3255 5186 3488 5256 egregiis

1917 5281 2064 5336 illius
2112 5279 2528 5334 successoribus
2572 5278 2793 5334 Zosimo
2842 5278 2922 5332 vel
2962 5276 3241 5332 Bonifacio
3289 5292 3488 5332 nomen

1919 5373 1977 5426 S.
2012 5371 2386 5442 Chrysostomi
2422 5370 2694 5441 diptychis
2731 5369 3054 5424 inseruerit:
3087 5384 3195 5422 non
3219 5368 3364 5423 enim
3389 5368 3492 5423 mi.

1921 5463 1972 5516 hi
2015 5461 2172 5517 facile
2220 5462 2535 5531 persuaderi
2571 5461 2765 5532 patiar,
2810 5469 3064 5515 strenuos
3108 5461 3272 5515 hosce
3303 5470 3494 5516 aucto-

1921 5553 2100 5607 ritatis
2152 5550 2463 5620 apostolicae
2514 5549 2829 5605 defensores
2875 5548 2927 5602 in
2981 5563 3043 5603 ea
3096 5562 3154 5602 rc
3212 5547 3495 5602 molliores

1921 5642 2113 5708 fuisse,
2163 5641 2465 5711 praesertim
2505 5656 2628 5698 cum
2679 5638 2990 5695 Bonifacius
3045 5638 3099 5694 in
3143 5637 3374 5710 epistola
3423 5635 3494 5693 ad
