4010 6210
517 277 622 334 (543

1627 264 1684 321 8.
1729 258 2031 318 ATTICUS
2069 257 2171 315 CP.
2214 257 2611 317 EPlSCOl’L’S.

3680 268 3781 324 ρει

514 390 777 464 quosdam
818 385 1145 441 Macedonia:
1185 383 1472 454 episcopos
1514 382 1657 454 apud
1686 382 1987 446 Labbeum,
2014 385 2100 431 to~
2126 376 2173 434 Α
2201 374 2312 429 lum
2354 376 2420 431 ad
2454 377 2690 432 studium
2722 376 2937 433 virtutis
2966 377 3260 446 excitavit;
3289 385 3342 432 et
3363 377 3430 431 ad
3466 376 3781 434 misericor-

511 500 604 538 tuo
646 481 713 535 IV
739 478 1117 543 Conciliorum,
1144 476 1249 531 col.
1292 476 1452 541 1708,
1474 475 1685 540 innuat,
1721 472 2096 529 Innocentium

516 575 568 629 in
587 571 937 627 admittendis
958 571 1024 625 ad
1044 570 1490 625 communionem
1508 567 1839 622 adversariis
1856 564 1915 620 S.
1932 564 2101 634 Chry-

514 665 742 721 sostomi
777 680 879 717 non
915 661 1187 717 difficilem
1219 659 1409 725 fuisse,
1446 669 1611 731 atque
1651 659 1717 714 ad
1754 660 2098 729 propositum

513 768 766 813 nostrum
814 763 937 826 post
967 756 1074 809 alia
1101 755 1181 809 sic
1212 738 1474 823 loquatur
1508 770 1521 807 :
1559 770 1577 803 ‹
1612 755 1754 806 Ante
1779 751 1940 805 breve
1972 758 2100 804 tem-

514 868 638 922 pus,
681 851 730 905 id
755 857 857 910 cst,
889 847 991 902 sub
1025 846 1424 917 praedecessore
1471 859 1592 898 meo
1638 843 1809 897 beatae
1841 841 2097 895 recorda-

520 945 683 998 tionis
716 940 1053 1004 lnnocentio,
1078 937 1441 993 Orientalium
1482 935 1852 990 Ecclesiarum
1880 932 2099 1003 pontifi-

518 1050 610 1089 ces
628 1033 893 1094 dolentes,
921 1043 980 1084 se
1002 1044 1032 1083 a
1064 1028 1208 1083 beati
1231 1025 1375 1082 Petri
1393 1027 1778 1082 communione
1796 1025 2094 1094 scjunctos,

518 1141 616 1196 per
656 1125 861 1194 legatos
912 1137 1122 1191 pacem,
1163 1121 1307 1174 sicut
1356 1118 1599 1174 cbaritas
1648 1128 1830 1171 vestra
1877 1116 2094 1183 retinet,

519 1224 886 1288 poposcerunt
921 1230 934 1265 :
985 1229 1093 1282 quo
1124 1219 1373 1281 tempore
1397 1212 1696 1280 apostolica
1729 1209 1887 1264 sedes
1913 1208 2096 1262 omnia

520 1326 629 1364 tton
663 1306 945 1363 dillieulter
986 1303 1232 1359 indulsit.
1288 1322 1306 1354 ι
1360 1300 1516 1357 Nunc
1563 1301 1934 1356 adversarium
1974 1314 2097 1368 pro-

519 1402 656 1470 priis
695 1401 809 1454 suis
855 1397 1023 1452 armis
1057 1395 1457 1466 aggrediamur,
1484 1403 1556 1460 et,
1596 1402 1653 1447 ut
1684 1392 1845 1462 vulgo
1874 1392 1977 1446 dici
2002 1406 2093 1445 so.

522 1496 616 1561 let,
648 1494 711 1548 ad
744 1492 1019 1546 hominem
1061 1500 1527 1560 argumentemur.

594 1587 680 1641 15.
753 1584 1133 1638 Tillemontius
1204 1590 1353 1637 tonio
1417 1579 1533 1634 XIV
1607 1579 1840 1633 Monum.
1907 1578 2091 1634 εει-[εδ.

519 1694 640 1748 pag.
669 1678 776 1732 280
805 1677 1022 1738 fatetur,
1054 1675 1110 1730 S.
1152 1674 1412 1745 Cyrillum
1442 1672 1871 1727 Alexandrinum
1907 1671 1959 1725 in
1993 1686 2094 1726 suo

522 1769 881 1824 immoderato
949 1774 1138 1821 contra
1199 1763 1257 1818 S.
1322 1763 1585 1818 Joannem
1639 1762 2096 1833 Cltrysostomum

522 1864 638 1916 zelo
664 1863 865 1916 diutius
889 1876 1051 1931 quam
1082 1860 1216 1914 alios
1242 1873 1431 1913 omnes
1457 1871 1859 1927 perseverasse,
1883 1856 2095 1923 ipsum-

520 1968 629 2023 que
663 1953 920 2007 maluisse
953 1953 1020 2007 ab
1052 1949 1568 2006 Ecelesia‘Romana
1601 1958 1655 2003 et
1683 1947 1821 2002 forte
1849 1947 2096 2015 pluribus

521 2044 645 2100 aliis
674 2053 982 2113 separatum
1010 2056 1249 2103 manere,
1275 2054 1439 2110 quam
1469 2052 1667 2091 nomen
1683 2036 1802 2105 ejus
1825 2032 2097 2104 diptychis

521 2136 841 2192 inscribere.
891 2133 996 2187 Sed
1041 2132 1235 2186 deinde
1277 2131 1453 2185 citans
1525 2129 1577 2181 in
1634 2126 1881 2197 margine
1936 2124 2098 2179 Nice—

522 2229 755 2299 phorum
785 2226 1064 2281 Callistum
1094 2224 1189 2278 lib.
1217 2239 1309 2277 xw
1339 2221 1483 2275 Hist.
1519 2220 1703 2273 eccles.
1738 2233 1855 2285 cap.
1885 2216 1976 2279 28,
2004 2232 2096 2271 er-

524 2336 746 2375 roneam
778 2319 834 2373 S.
866 2317 1052 2389 (Iyrilli
1088 2316 1496 2386 persuasionem
1534 2312 1621 2366 bis
1649 2309 1938 2379 Nicephori
1977 2324 2097 2363 ver-

522 2417 607 2470 bis
636 2422 863 2471 excusat
904 2431 917 2467 :
950 2433 967 2464 ί
994 2411 1264 2478 Quoniam
1292 2425 1420 2464 vero
1440 2405 1728 2461 dissidium
1757 2404 1860 2457 hoc
1875 2402 2093 2473 quidem

521 2521 587 2560 ex
619 2502 988 2563 annulatione,
1025 2498 1276 2567 quamvis
1313 2510 1418 2550 non
1450 2492 1749 2548 secundum
1788 2487 2092 2550 scientiam,

521 2612 630 2650 non
664 2603 844 2648 autem
887 2607 953 2644 cx
987 2587 1212 2653 invidia,
1246 2601 1420 2656 neque
1454 2583 1720 2638 diabolica
1748 2579 2097 2636 contentione

523 2685 786 2746 manavit,
823 2700 930 2736 non
958 2686 1214 2750 oportere
1243 2677 1418 2730 virum
1449 2685 1501 2729 ct
1529 2673 1777 2728 doctrina
1816 2678 1870 2723 ct
1894 2670 2096 2721 virtute

522 2783 893 2848 praestantem,
940 2772 1042 2825 ltac
1075 2785 1178 2823 una
1219 2769 1273 2822 in
1305 2782 1363 2821 re
1401 2765 1734 2828 claudicare,
1775 2777 1883 2832 quo
1913 2763 2095 2813 minus

521 2869 588 2924 ad
634 2881 904 2923 summam
951 2860 1338 2935 perfectionem
1382 2857 1709 2929 per-veniret,
1759 2853 1867 2909 Deo
1914 2852 2092 2906 visum

519 2969 621 3016 est.
652 2958 912 3013 Homines
938 2958 1082 3010 enim
1109 2953 1184 3008 illi
1213 2963 1389 3015 erant,
1430 2960 1483 3004 et
1508 2947 1766 3003 humanis
1795 2944 2097 2999 all'ectioni-

522 3056 623 3109 bus
652 3051 897 3108 obnoxii.
952 3069 971 3103 ι
1009 3046 1133 3103 llaec
1176 3044 1455 3101 excusatio
1489 3043 1652 3096 etiam
1684 3055 1781 3110 pro
1806 3037 1984 3092 Attico
2014 3034 2096 3088 af-
2122 3073 2165 3130 ϐ

520 3146 647 3201 ferri
679 3152 874 3214 potest.
1637 3207 1641 3211 θ

592 3236 679 3289 14.
722 3233 964 3303 Denique
990 3230 1370 3285 Tillemontius
1396 3225 1593 3280 ibidem
1625 3238 1747 3293 pag.
1778 3219 1877 3275 9.8l
1906 3235 1972 3274 ex
2003 3233 2095 3272 eo-

517 3328 641 3383 dem
682 3326 990 3395 Nicepboro
1036 3324 1263 3378 Callisto
1299 3326 1506 3381 narrat,
1551 3313 1827 3386 quomodo
1876 3316 2092 3365 tandem

521 3421 578 3477 S.
633 3420 864 3491 Cyrillus
902 3432 1098 3471 nomen
1139 3415 1195 3468 S.
1246 3409 1621 3483 Cltrysostomi
1673 3405 1847 3463 sacris
1893 3403 2094 3458 tabulis

520 3513 831 3577 inseruerit,
874 3522 929 3565 ιιι
970 3527 1068 3565 nos
1107 3510 1171 3562 ad
1213 3509 1352 3561 diem
1387 3519 1553 3558 xxvttt
1584 3499 1830 3555 Januarii
1863 3499 1917 3552 itt
1945 3496 2094 3551 Actis

522 3606 579 3662 S.
607 3605 793 3676 Cyrilli
818 3603 844 3675 §
875 3602 906 3656 6
934 3602 1236 3655 retulimus.
1265 3597 1367 3651 Sed
1391 3592 1770 3649 Tillemontius
1794 3590 1993 3648 ibidem
2026 3588 2095 3644 de

520 3712 622 3752 suo
646 3695 816 3760 addit,
852 3691 1115 3762 Cyrillum
1139 3688 1281 3743 haud
1310 3684 1591 3740 dilliculter
1613 3680 1916 3737 obtinuisse
1940 3692 2092 3733 com-

523 3789 836 3844 munionem
887 3783 1141 3839 Ecclesize
1199 3779 1480 3836 Romanae.
1532 3773 1620 3828 cui
1682 3782 1812 3828 tunc
1865 3776 2094 3841 praeerat

519 3878 795 3940 Zusimus,
831 3874 998 3928 missa
1036 3870 1177 3925 haud
1214 3867 1377 3923 dubie
1413 3864 1641 3919 Romam
1672 3862 1959 3934 legatione.
1985 3856 2093 3912 Sed

519 3969 700 4025 nullos
736 3966 900 4036 hujus
957 3960 1244 4032 legationis
1280 3966 1447 4012 testes
1477 3964 1572 4010 aut
1619 3954 1833 4009 tabulas
1871 3953 2088 4021 allegat,

519 4062 662 4118 sicut
694 4068 872 4114 tamen
907 4057 959 4109 in
992 4054 1114 4108 aliis
1155 4052 1410 4106 Historlw
1442 4062 1556 4102 sua:
1584 4041 1957 4099 ecclesiastica:
1986 4056 2092 4094 mo-

518 4153 777 4206 numentis
820 4149 1018 4218 ubique
1062 4146 1249 4201 sedqu
1288 4143 1467 4199 facere
1519 4138 1827 4197 consuevit.
1861 4135 1974 4190 lloc
2011 4134 2088 4189 si-

517 4244 684 4298 lentio
716 4241 993 4305 indicavit,
1029 4236 1485 4293 sese‘Romanam
1537 4232 1725 4304 Cyrilli
1763 4227 2088 4300 legationem

517 4350 785 4403 nusquam
814 4332 952 4401 apud
986 4340 1192 4386 veteres
1211 4329 1504 4397 scriptores
1529 4324 1823 4387 invenisse,
1856 4332 2088 4388 eamque

517 4408 775 4480 duntaxat
806 4422 1054 4476 intulisse
1087 4437 1114 4472 ει
1150 4418 1462 4489 posteriori,
1502 4416 1630 4486 quia
1665 4412 1915 4468 videlicet
1948 4411 2086 4462 inter

514 4513 918 4569 communionis
950 4521 1004 4567 et
1040 4513 1193 4581 pacis
1219 4510 1563 4565 conditiones
1596 4522 1625 4561 a
1655 4503 1919 4560 Romanis
1950 4517 2085 4571 pon-

517 4605 753 4661 Iilieibus
784 4604 1185 4674 requirebatur.
1208 4599 1572 4656 Adversarius
1605 4598 1768 4662 igitur
1798 4609 1904 4648 non
1945 4606 2086 4660 regre

511 4698 651 4752 ferat
687 4710 789 4749 nos
827 4695 1079 4763 superius
1124 4690 1314 4746 eodem
1363 4688 1668 4758 argumenti
1712 4698 1908 4754 genere
1953 4697 2085 4736 usos

511 4804 652 4853 esse,
689 4798 848 4855 atque
879 4802 907 4840 a
952 4783 1239 4854 posteriori
1269 4781 1576 4850 collegisse,
1617 4778 1760 4848 quod
1790 4776 1848 4829 8.
1870 4774 2084 4830 Atticus

513 4880 716 4951 (cujus
744 4879 932 4934 saltem
966 4876 1243 4931 Romanas
1279 4873 1573 4943 legationes
1632 4868 1862 4924 testatur
1907 4868 2085 4923 Tltco-

509 4973 752 5039 dorelus)
786 4965 1113 5024 satisfecerit
1140 4966 1396 5021 omnibus
1424 4962 1847 5025 conditionibus,
1878 4976 1996 5030 quae
2016 4960 2084 5014 ab

510 5063 827 5119 Innocentio
853 5060 1107 5129 pontifice
1140 5058 1511 5127 exigebantur.

587 5152 676 5207 15.
730 5150 788 5205 Si
830 5149 1208 5204 Tillemontius
1246 5148 1300 5202 in
1342 5162 1509 5202 causa
1559 5145 1617 5200 S.
1657 5143 1843 5217 Cyrilli
1876 5154 2080 5198 tantam

509 5246 886 5302 auctoritatem
908 5243 1109 5298 tribuat
1133 5240 1439 5311 Nicepltoro
1466 5239 1713 5304 Callisto,
1747 5239 1906 5293 nobis
1919 5240 2079 5291 etiam

512 5338 633 5393 licet
646 5339 893 5393 eumdem
914 5345 1190 5391 auctorem
1209 5335 1463 5404 allegare,
1479 5333 1574 5402 qui
1598 5333 1691 5386 lib.
1711 5347 1822 5397 xw,
1844 5344 1962 5399 cap.
1988 5328 2079 5394 24,

513 5417 872 5485 Αιιίςιιιιι’ἰιει
923 5430 1106 5485 lattdat
1156 5431 1245 5480 :‘t
1294 5426 1506 5482 Atticus
1559 5435 1739 5480 autem
1791 5423 2081 5493 episcopus

511 5519 1144 5590 Constantinopolitauus
1167 5560 1182 5583 ,
1226 5530 1284 5574 ut
1323 5517 1563 5573 Ecclesia
1614 5518 1946 5572 incrementa
1982 5529 2079 5567 sua

511 5619 749 5678 caperet,
783 5613 1011 5666 mit-ilice
1049 5627 1266 5683 operam
1301 5612 1475 5665 dedit:
1519 5624 1735 5664 summa
1775 5608 1918 5662 enim
1951 5622 2081 5675 pru-

509 5703 691 5761 dentia
723 5719 839 5757 cant
867 5705 1276 5769 administrans,
1322 5706 1579 5758 continua
1618 5702 1864 5758 doctrina
1907 5716 2079 5772 popu-

2200 466 2345 522 diam
2376 479 2541 538 atque
2583 468 2924 537 largitionem
2965 462 3073 523 tam
3117 468 3379 538 prociivis
3417 465 3542 529 fuit,
3575 483 3636 522 ut
3671 484 3783 525 non

2200 558 2364 614 modo
2399 558 2500 623 eis,
2541 558 2637 628 qui
2679 558 2731 612 in
2767 558 3021 628 parmciis
3048 558 3166 627 ejus
3207 568 3384 622 erant,
3430 573 3619 628 egents
3655 574 3787 625 pro-

2198 648 2489 703 videndum
2542 650 2784 711 duceret,
2822 649 2913 703 sed
2965 649 3126 701 etiam
3170 647 3364 700 vicinis
3394 646 3785 702 ConStantino-

2196 740 2307 819 poli
2329 739 2590 795 Ecclesiis
2617 740 2903 811 pecuniam
2943 739 3169 793 multam
3201 739 3267 793 ad
3306 754 3607 808 pauperum
3652 755 3788 793 ειειι-

2198 831 2523 889 solationem
2577 832 2832 886 mitteret.
2882 850 2901 882 ›
2959 830 3190 885 Easdem
3247 829 3302 884 S.
3344 831 3504 884 Attici
3552 830 3787 885 virtutes

2197 923 2292 977 lib.
2346 937 2441 985 vn,
2480 937 2598 990 cap.
2641 923 2732 985 25,
2765 933 3030 975 memorat
3083 920 3358 981 Socrates,
3402 935 3565 989 quem
3602 928 3784 982 tamen

2198 1015 2580 1071 Tillemontius
2641 1014 2902 1085 explodit.
2975 1013 3145 1068 Porro
3223 1012 3364 1067 idem
3440 1010 3786 1081 Nieepltorus

2197 1108 2295 1162 ltl).
2358 1125 2471 1171 xw,
2529 1122 2649 1177 cap.
2695 1106 2806 1171 25,
2860 1106 3072 1169 innuit,
3145 1104 3386 1157 Atticum
3459 1118 3585 1155 vere
3654 1116 3784 1154 cum

2200 1198 2259 1253 S.
2292 1200 2693 1270 Chrysostomo
2728 1207 2949 1251 mortuo
2971 1197 3023 1249 in
3057 1196 3287 1266 gratiam
3320 1194 3565 1259 rediisse,
3597 1194 3789 1248 talem—

2197 1304 2304 1359 que
2356 1286 2526 1342 fuisse
2571 1287 2714 1341 illius
2763 1286 3200 1342 emendationem
3250 1301 3313 1339 ac
3364 1285 3784 1355 paenitentiam,

2203 1401 2222 1432 ‹
2252 1390 2309 1435 ut
2335 1380 2813 1450 reprehensionem
2859 1394 3002 1443 eam,
3040 1394 3143 1448 qua
3185 1378 3461 1447 expetitus
3498 1391 3604 1441 εδει,
3634 1378 3787 1446 quod

2195 1472 2423 1528 Joannis
2462 1484 2757 1528 sectatores
2798 1472 2939 1527 male
2978 1473 3271 1540 acceperit,
3320 1487 3349 1526 a
3393 1487 3452 1526 se
3493 1473 3785 1534 amoiitus,

2197 1559 2318 1623 aliis
2355 1568 2688 1623 obvelaverit
2731 1568 2910 1621 bonis.
2956 1585 2974 1617 ι
3015 1564 3156 1631 Quid
3196 1580 3326 1635 ergo
3369 1564 3612 1633 peccavit
3652 1563 3789 1616 Bul-

2196 1662 2414 1729 landus,
2455 1664 2581 1717 dum
2625 1662 2780 1717 initio
2812 1659 3199 1716 Commentarii
3239 1660 3320 1712 sui
3356 1658 3512 1720 dixit,
3557 1658 3613 1710 S.
3645 1657 3791 1710 Atti-

2203 1773 2326 1811 cum
2367 1756 2597 1810 crimina
2628 1754 2844 1823 injustas
2873 1769 2986 1807 sua:
3026 1752 3420 1822 perseeutiOnis
3463 1765 3525 1804 ac
3558 1748 3787 1819 illegiti-

2205 1864 2306 1903 mre
2338 1847 2638 1901 invasionis
2678 1846 2994 1915 poenitentia
3040 1854 3093 1899 et
3125 1853 3270 1899 recte
3300 1842 3458 1898 factis
3487 1841 3787 1910 expiasse?

2275 1940 2360 1995 16.
2402 1939 2746 2008 Nicepltorus
2768 1939 3003 2006 denique
3019 1938 3242 1993 citatum
3268 1947 3430 2005 caput
3453 1935 3523 1988 25
3550 1936 3621 1988 ita
3645 1949 3786 1988 cou-

2205 2033 2408 2088 cludit:
2451 2051 2468 2083 ι
2503 2029 2772 2085 Cazterum
2817 2045 2941 2085 cum
2974 2028 3187 2082 Atticus
3232 2043 3451 2097 quoque
3488 2028 3784 2095 episc0pus

2203 2134 2423 2198 propter
2437 2123 2719 2179 Joannitas
2744 2121 3036 2177 Ecclesiam
3055 2136 3175 2176 esse
3200 2120 3430 2175 scissam
3464 2119 3687 2181 videret,
3712 2117 3783 2170 de

2203 2217 2510 2286 principum
2565 2213 2832 2269 sententia
2866 2214 2980 2282 ipse
3005 2227 3222 2282 quoque
3263 2209 3592 2264 mentionem
3630 2207 3780 2260 illius

2203 2309 2320 2363 fieri
2347 2309 2399 2362 in
2432 2305 2842 2378 precationibus
2868 2304 3057 2374 jussit,
3079 2300 3539 2372 quemadmodum
3566 2298 3617 2351 id
3642 2308 3693 2351 et
3725 2298 3779 2350 in

2202 2400 2325 2454 aliis
2359 2397 2654 2468 episcopis,
2683 2395 2778 2466 qui
2835 2396 2940 2449 vita
2972 2393 3368 2454 excessissent,
3402 2389 3517 2444 fieri
3551 2388 3781 2443 solitum

2201 2499 2336 2547 erat.
2361 2494 2536 2561 Atque
2563 2505 2627 2544 ex
2654 2503 2720 2545 eo
2751 2496 2995 2557 tempore
3019 2501 3122 2556 pax
3137 2484 3362 2545 exstitit,
3389 2483 3559 2537 donec
3586 2489 3782 2551 postea

2204 2596 2422 2652 quoque
2464 2580 2709 2651 reliquiae
2750 2578 2868 2650 ejus
2913 2578 3032 2632 urbi
3078 2574 3362 2645 imperanti
3413 2573 3571 2626 illane
3622 2580 3776 2625 sunt.

2204 2673 2418 2726 Atticus
2461 2671 2745 2732 invidiam,
2799 2669 2851 2723 in
2887 2684 3048 2737 quam
3080 2676 3296 2738 propter
3337 2666 3576 2720 divinum
3606 2661 3773 2716 Joan-

2206 2780 2326 2818 nem
2357 2762 2653 2827 deciderat,
2705 2761 2809 2815 hoc
2845 2760 3007 2813 modo
3054 2757 3337 2828 magnifice
3373 2754 3625 2809 abolevit.
3661 2750 3785 2806 Nec

2205 2856 2293 2909 ille
2321 2855 2487 2910 modo
2515 2854 2564 2908 id
2595 2852 2758 2920 fecit;
2788 2851 2880 2906 sed
2918 2849 3038 2904 aliis
3068 2865 3282 2918 quoque
3310 2846 3531 2901 Joannis
3558 2859 3783 2898 memo-

2205 2949 2341 3003 riam
2373 2948 2626 3017 precibus
2658 2946 2895 3000 inserere
2918 2940 3319 3003 recusantibus,
3342 2947 3395 2992 et
3421 2938 3623 3009 Cyrillo
3652 2953 3789 2991 ma-

2205 3043 2348 3096 xime
2385 3039 2729 3094 Alexandriae
2772 3035 3012 3108 prmsnli,
3048 3033 3143 3104 qui
3196 3031 3460 3086 hostiliter
3507 3026 3791 3083 Joannem

2198 3133 2408 3198 oderat,
2448 3131 2592 3201 quod
2640 3130 2729 3183 ille
2764 3143 2793 3182 a
2837 3125 3139 3195 'l‘beupbilo
3187 3133 3381 3193 patruo
3424 3137 3523 3174 suo
3555 3119 3792 3173 diSSPn'

2198 3226 2384 3291 sisset,
2435 3221 2724 3294 persuasit.
2778 3239 2796 3273 ι
2846 3220 2985 3273 Tum
3042 3215 3380 3281 Niccpltorus
3422 3212 3789 3282 sequentibus

2196 3316 2470 3386 capitibus
2517 3313 2709 3367 reeitat
2744 3312 2948 3364 litteras
2995 3306 3154 3361 Attici
3193 3314 3243 3359 et
3273 3303 3476 3375 CyrilEi,
3517 3303 3658 3356 ultro
3696 3302 3778 3355 ci-

2196 3418 2390 3478 troque
2421 3407 2473 3460 itt
2504 3406 2605 3459 hac
2641 3418 2804 3457 causa
2843 3400 3093 3469 scriptas,
3132 3415 3196 3451 ex
3243 3396 3440 3466 quibus
3478 3393 3790 3446 Tillemon-

2196 3503 2307 3557 tius
2355 3512 2503 3556 tomo
2547 3496 2643 3552 ΧΠ
2677 3494 3004 3548 Monument.
3041 3489 3227 3545 eccles.
3271 3505 3394 3558 pag.
3441 3486 3544 3541 M6
3579 3485 3783 3549 infert,

2200 3598 2439 3653 Atticum
2464 3590 2687 3658 reliquis
2713 3590 2830 3642 suis
2852 3585 3092 3657 peccatis
3115 3582 3387 3638 addidisse
3413 3579 3781 3650 bypocrisim,

2197 3688 2244 3742 si
2279 3688 2333 3741 itt
2365 3686 2547 3739 animo
2579 3679 2832 3735 habuerit
2861 3692 3042 3739 sensa,
3081 3690 3201 3744 quae
3230 3674 3281 3726 in
3304 3671 3424 3727 istis
3458 3671 3652 3725 litteris
3674 3684 3785 3724 ex-

2195 3778 2415 3851 pressit.
2447 3777 2647 3830 Durum
2679 3766 3271 3838 enimvcrojudicium!

2268 3870 2353 3923 17.
2399 3869 2637 3938 lugcnuc
2666 3864 2861 3931 fateor,
2893 3878 2957 3917 ex
2983 3861 3196 3916 duabus
3235 3859 3291 3913 S.
3329 3856 3491 3911 Attici
3522 3856 3783 3924 epismlis

2194 3962 2510 4019 nonnullam
2564 3956 2933 4013 diﬂicultatem
2984 3953 3189 4008 moveri
3230 3966 3408 4021 posse,
3435 3964 3559 4003 cum
3602 3948 3655 4000 in
3702 3946 3782 4000 iis

2193 4055 2477 4126 signiticet,
2539 4067 2598 4106 se
2644 4051 2838 4104 timore
2891 4056 2945 4102 et
2995 4045 3321 4101 necessitate
3364 4040 3542 4111 potius
3593 4054 3773 4107 quam

2192 4160 2380 4201 amore
2420 4151 2515 4196 aut
2557 4139 2873 4212 paenitentia
2909 4137 3189 4192 inductum
3237 4132 3424 4197 fuisse,
3467 4140 3526 4183 ιιι
3557 4142 3777 4183 meum-

2194 4238 2328 4291 riam
2351 4233 2408 4289 S.
2431 4232 2660 4288 Joannis
2678 4227 3056 4301 (iltrysostomi
3075 4227 3127 4281 in
3142 4224 3413 4296 diptycbis
3444 4220 3771 4276 celebraret.

2191 4330 2458 4385 Praeterea
2497 4327 2730 4388 Atticus,
2782 4325 2835 4377 itt
2877 4320 3116 4390 Epistola
3149 4320 3218 4373 ad
3257 4318 3471 4373 Petrum
3494 4325 3546 4370 et
3581 4312 3777 4368 Ede-

2117 4439 2162 4492 ι)
2190 4423 2324 4476 sium
2365 4421 2614 4474 diaconos
2660 4416 2882 4485 scripta,
2932 4414 3157 4467 inuuere
3199 4410 3431 4471 videtur,
3460 4405 3774 4475 depositio-

2190 4529 2310 4567 nem
2342 4508 2723 4579 Cltrysostomi
2748 4506 2801 4560 in
2833 4502 3282 4574 pseudo-synodo
3321 4501 3664 4567 Quercetana
3686 4498 3774 4552 le-

2186 4606 2431 4676 gitimam
2465 4604 2655 4657 fuisse.
2697 4599 2801 4655 Sed
2829 4612 2954 4652 cum
2982 4597 3180 4665 scripta
3203 4603 3256 4649 et
3281 4601 3430 4665 gesta
3463 4590 3766 4646 illustrium

2186 4708 2280 4750 aut
2310 4703 2625 4751 sanctorum
2660 4692 2905 4744 virorum
2970 4701 3187 4755 semper
3220 4686 3273 4739 in
3321 4682 3603 4737 meliorem
3638 4696 3772 4750 par-

2187 4795 2292 4841 tent
2319 4784 2638 4855 explicanda
2678 4781 2807 4844 sint,
2849 4778 3118 4848 imprimis
3152 4773 3415 4843 suspicari
3449 4786 3766 4842 possemus.

2183 4878 2420 4932 Atticum
2460 4876 2613 4930 initio
2644 4874 3011 4933 existimasse,
3042 4868 3184 4937 quod
3219 4867 3283 4919 :td
3319 4880 3474 4919 suam
3516 4863 3767 4918 reconci-

2184 4969 2459 5024 liationem
2483 4976 2536 5021 et
2562 4964 2925 5020 Ecclesiarum
2951 4967 3137 5030 panem
3170 4956 3458 5017 sulIiceret,
3485 4955 3531 5009 si
3561 4969 3764 5008 nomen

2183 5056 2557 5130 Cltrysostomi
2586 5053 3075 5125 quomodoeunque
3112 5047 3286 5101 sacris
3318 5044 3517 5098 tabulis
3561 5044 3769 5097 insere-

2181 5160 2284 5207 ret.
2306 5148 2399 5204 Sic
2429 5149 2600 5219 potuit
2630 5146 2687 5200 S.
2710 5144 2938 5217 Cyrillo,
2964 5157 3123 5213 quem
3149 5138 3344 5192 Joanni
3365 5136 3503 5206 Cbr)
3516 5144 3768 5190 sostomo

2180 5242 2418 5298 maxime
2460 5237 2736 5294 adversari
2786 5243 3029 5298 noverat,
3077 5231 3216 5285 hanc
3262 5228 3567 5282 molliorem
3610 5227 3769 5295 pacis

2181 5333 2546 5391 conditionem
2574 5341 2896 5399 pr0p0nere.
2917 5334 2975 5378 ιιι
3005 5338 3125 5377 eatn
3157 5320 3368 5375 facilius
3396 5316 3771 5385 amplectere-

2182 5436 2288 5481 tur.
2318 5425 2386 5477 At
2411 5422 2534 5491 quis
2573 5426 2799 5482 asseret,
2834 5417 2977 5470 illam
3011 5412 3171 5467 Attici
3201 5408 3524 5481 bypotltcsin
3552 5408 3624 5461 ab
3659 5406 3767 5459 Ec—

2179 5515 2345 5573 clesia
2405 5511 2649 5565 Romana
2710 5508 2988 5577 probatam
3045 5503 3250 5558 fuisse?
3296 5500 3457 5555 Forte
3506 5498 3627 5553 haec
3659 5498 3778 5553 fuit

2180 5608 2354 5677 prima
2392 5604 2541 5674 pacis
2581 5600 2842 5658 conditio,
2887 5613 3051 5668 quam
3098 5596 3308 5648 Atticus
3338 5592 3452 5649 sedi
3496 5589 3777 5645 Romanu-

2180 5700 2396 5767 obtulit,
2448 5705 2497 5751 et
2543 5704 2735 5766 prretcr
2770 5707 2930 5762 quant
2982 5688 3220 5745 Ecdesia
3255 5685 3497 5741 Romana
3538 5682 3608 5739 ab
3644 5683 3781 5747 ipso
