4010 6210
265 258 323 315 66
331 259 365 311 5

1747 268 2050 326 ΝΟΤΙΤΙΑ.

3434 286 3537 343 646

258 379 391 433 alias
431 377 635 448 exegit,
678 392 803 448 quae
847 378 1134 450 implenda:
1176 391 1353 447 erant,
1396 392 1685 453 antequam
1735 401 1848 440 suae
1877 397 1922 449 Α
1951 387 2127 443 adhuc
2157 404 2381 446 erronee
2409 393 2682 462 putaverit
2721 409 2961 451 canones
2983 398 3381 456 ecclesiasticos
3411 418 3536 473 pos-

257 468 637 524 commuuioni
664 470 1048 525 restitueretur
1082 490 1095 527 :
1128 472 1258 527 dum
1293 475 1435 528 enim
1470 473 1843 531 Theodoretus

260 560 475 624 scribit,
509 560 743 615 Atticum
782 582 801 613 t
840 573 961 633 post
997 567 1198 620 multas
1245 567 1545 635 legationes
1596 582 1661 622 ac
1692 568 1843 638 pacis

260 655 557 725 petitiones
586 658 801 710 tandem
850 678 867 709 ι
906 658 976 711 ab
1020 658 1461 715 Occidentalibus
1499 661 1563 715 ad
1591 676 1841 716 commu-

262 744 483 801 nionem
539 746 840 801 admissum
900 737 1113 814 fuisse‘,
1170 751 1309 805 satis
1362 750 1601 815 iudicat,
1659 752 1842 821 plures

265 834 513 903 utrinque
569 836 875 905 propositas
921 836 1093 892 fuisse
1138 839 1504 904 conditiones,
1546 848 1839 911 antequam

267 932 405 985 inter
432 929 670 983 Atticum
718 943 771 986 et
817 928 1119 985 Romanam
1155 930 1453 988 Eeclesiam
1504 935 1835 990 conveniret.

336 1021 417 1076 l8.
460 1023 633 1087 Adde,
680 1023 828 1092 quod
864 1025 965 1094 ipsi
1009 1024 1316 1079 Orientales
1356 1023 1595 1079 Atticum
1641 1027 1840 1081 exhor-

260 1115 350 1169 tati
396 1113 620 1178 fuerint,
670 1124 729 1170 ut
766 1115 1151 1172 defensoribus
1198 1116 1426 1173 Joannis
1460 1117 1834 1189 Chrysostomi

252 1220 372 1261 sese
402 1208 804 1263 reconciliaret.
857 1208 913 1264 ld
954 1209 1240 1265 manifeste
1276 1211 1586 1282 colligimus
1630 1227 1693 1265 ex
1730 1209 1835 1282 Sy-

253 1298 426 1361 m-sio,
464 1299 725 1369 episcopo
759 1299 1021 1370 Cyrenaeo
1048 1312 1102 1355 et
1132 1315 1354 1357 auctore
1387 1302 1722 1373 syncbrono,
1740 1302 1833 1372 qui

250 1390 540 1445 occasione
592 1391 877 1461 cujusdam
918 1393 1235 1460 Alexandri,
1284 1409 1446 1464 quem
1497 1392 1554 1448 S.
1594 1392 1834 1450 Joannes

251 1481 679 1551 Chrysostomus
717 1484 1221 1554 Basinopolitanum
1269 1488 1586 1557 episcopum
1634 1503 1832 1543 conse-

245 1581 519 1632 craverat,
546 1572 701 1640 epist.
732 1572 800 1627 66
831 1574 900 1627 ad
931 1574 1283 1643 Theotimum,
1311 1588 1436 1647 post
1466 1579 1571 1632 alia
1603 1579 1683 1633 sic
1706 1579 1835 1634 scri-

245 1660 325 1715 bit
353 1679 366 1713 :
408 1679 428 1713 ι
461 1662 600 1716 Cum
631 1662 843 1720 Joanne
877 1667 1136 1725 defunc.o
1183 1669 1556 1725 familiaritate
1603 1670 1832 1742 conjun—

1944 479 2177 533 sessioni
2212 496 2325 535 sua:
2356 480 2554 538 favere.
2594 484 2659 536 At
2699 500 2764 539 eo
2815 493 3058 556 tempore
3092 486 3150 542 S.
3196 490 3429 560 Cyrilltts
3473 493 3528 546 in

1941 568 2131 623 eodem
2176 587 2362 627 errore
2407 575 2749 639 versabatur,
2797 587 2854 629 ut
2898 587 3047 646 patet
3080 595 3144 632 ex
3190 583 3529 647 rt-sponsoria

1943 662 2089 719 illius
2138 664 2208 717 ad
2238 666 2473 719 Atticum
2503 665 2771 735 Epistola,
2819 684 2940 738 quae
2985 672 3125 739 apud
3161 670 3530 741 Nicephorum

1940 753 2222 811 Callistum
2266 757 2358 811 lib.
2433 773 2557 823 xiv,
2594 774 2714 828 cap.
2752 758 2843 821 27,
2877 759 2957 814 sic
3004 761 3195 831 incipit
3229 779 3242 814 :
3274 782 3291 812 ι
3330 762 3530 831 Lectis,

1939 857 2061 912 quae
2090 858 2120 898 a
2138 845 2335 913 pietate
2357 852 2448 899 tua
2474 845 2538 899 ad
2565 859 2652 899 me
2680 844 2862 901 missae
2883 859 3032 909 sunt,
3058 848 3273 912 litteris,
3297 849 3530 909 Joannis

1940 948 2139 988 nomen
2176 935 2351 990 sacris
2385 935 2710 1005 inscriptum
2741 952 2863 992 esse
2904 938 3101 994 tabulis
3132 940 3392 996 intellexi.
3427 942 3526 1000 Ubi

1937 1040 2068 1079 vero
2092 1041 2207 1091 eos,
2241 1026 2335 1095 qui
2361 1027 2485 1081 inde
2530 1027 2602 1082 ad
2650 1043 2751 1082 nos
2780 1044 2993 1095 venere,
3025 1030 3373 1102 interrogavi,
3418 1050 3525 1088 non

1939 1117 1993 1171 in
2036 1116 2299 1172 laicorum
2355 1118 2448 1172 sed
2497 1118 2877 1189 episcoporum
2934 1121 3179 1191 catalogo
3226 1124 3524 1192 ascriptum

1937 1224 2059 1265 esse
2083 1209 2287 1265 audivi.
2331 1208 2504 1265 Porro
2534 1210 2852 1280 despicienti
2892 1212 3046 1276 mihi,
3075 1225 3235 1282 atque
3265 1213 3315 1267 in
3342 1215 3527 1269 animo

1937 1301 2230 1370 reputanti,
2279 1316 2346 1355 an
2387 1301 2479 1371 qui
2520 1301 2624 1356 hoc
2669 1301 2866 1368 fecere,
2913 1301 3256 1358 Nictcnorum
3303 1303 3522 1359 Patrum

1935 1388 2155 1444 decreta
2202 1400 2525 1459 sequantur,
2558 1401 2611 1446 et
2643 1392 3040 1460 aliquantulum
3074 1395 3272 1450 mentis
3302 1396 3526 1450 lumini-

1934 1480 2039 1535 bus
2082 1482 2136 1535 iu
2170 1497 2422 1552 magnam
2452 1482 2598 1537 illam
2643 1483 2910 1554 synodum
2947 1485 3272 1551 intendenti,
3298 1488 3522 1542 univer-

1935 1587 2057 1627 sum
2091 1581 2404 1628 sanctorum
2441 1574 2660 1629 illorum
2711 1573 2932 1629 Patrum
2962 1577 3250 1645 collegium
3288 1578 3522 1647 quibus-

1936 1662 2061 1717 dam
2087 1663 2251 1719 veluti
2282 1666 2458 1720 oculis
2500 1681 2749 1730 renuere,
2775 1676 2829 1719 et
2864 1666 3073 1722 viribus
3103 1668 3385 1731 omnibus,
3409 1682 3521 1739 quo

244 1761 371 1806 ctus
393 1762 510 1819 est;
550 1755 853 1812 honeretur
880 1758 1025 1813 enim
1054 1776 1084 1814 a
1112 1762 1267 1816 nobis
1298 1764 1562 1817 memoria
1603 1763 1824 1830 mortui,
1858 1760 1901 1815 Β
1930 1754 2115 1809 minus
2141 1755 2206 1810 ad
2241 1771 2356 1811 rem
2391 1771 2511 1812 eam
2542 1757 3005 1826 compl‘Oball'lam
3033 1773 3341 1823 “murram,
3373 1759 3527 1814 οιιεί-

243 1843 378 1911 quia
405 1844 583 1899 omnis
608 1846 986 1903 malevolentia
1032 1865 1157 1905 cum
1189 1851 1291 1905 hac
1320 1851 1430 1905 vita
1467 1867 1573 1906 una
1603 1852 1831 1923 deponi-

244 1943 355 1988 tur.
399 1934 535 1991 Cum
593 1954 660 1993 eo
706 1938 1073 1998 familiaritate
1119 1932 1481 2013 conjunctus,
1536 1955 1827 2016 antequam

232 2024 505 2109 .Ecclesiae
530 2030 798 2086 seditione
821 2032 1281 2101 conflictarentur,
1304 2035 1375 2091 ab
1404 2035 1551 2091 illius
1572 2038 1828 2096 manibus

240 2119 538 2190 episcopus
568 2121 881 2179 declaratus
927 2134 1012 2179 est
1054 2124 1410 2197 Bithynorum
1458 2128 1823 2200 Basinopolis.

240 2210 605 2283 Posteaquam
647 2224 828 2271 autem
854 2226 972 2273 orta
998 2229 1078 2274 est
1104 2219 1398 2284 dissensio,
1431 2224 1728 2291 permansit
1751 2226 1823 2291 ei,

238 2317 276 2358 a
308 2318 421 2373 quo
449 2305 765 2375 designatus
797 2307 991 2371 fuerat,
1029 2311 1259 2378 amicus,
1287 2320 1342 2366 et
1372 2312 1473 2367 fuit
1498 2328 1562 2368 ex
1593 2314 1701 2371 illis
1730 2318 1826 2387 qui

238 2394 301 2447 in
329 2395 591 2453 seditione
613 2396 735 2466 ejus
764 2407 946 2468 partes
968 2401 1140 2455 secuti
1172 2411 1319 2457 sunt.
1340 2401 1703 2476 Posteaquam
1728 2423 1826 2463 au-

235 2498 349 2540 tem
373 2488 586 2542 concilii
609 2490 874 2545 sententia
900 2490 1029 2546 vicit
1054 2532 1069 2557 ,
1095 2494 1410 2564 aliquandiu
1443 2498 1664 2566 quidem
1700 2515 1826 2570 per-

234 2577 446 2632 mansit
494 2579 707 2635 seditio.
752 2581 892 2647 Quid
928 2598 1055 2637 vero
1082 2599 1297 2639 narrem
1321 2585 1533 2654 scienti,
1563 2587 1673 2643 imo
1699 2590 1821 2660 ipsi,

233 2668 336 2738 qui
370 2668 776 2725 administravit
800 2672 1234 2728 conciliationem
1264 2674 1459 2730 factam
1477 2676 1500 2729 ’ἔ
1516 2675 1822 2733 Praesertim

231 2774 363 2813 eum
385 2761 673 2829 quemdam
691 2762 933 2817 libellum
948 2763 1166 2834 legerim
1185 2765 1423 2831 doctum,
1437 2782 1596 2837 quem
1611 2769 1676 2823 ad
1695 2768 1822 2825 bea-

232 2857 376 2915 tum,
413 2851 467 2903 ni
499 2850 678 2917 fallor,
710 2851 947 2908 Atticum
985 2854 1282 2919 scribebas,
1315 2855 1540 2913 hortans
1571 2858 1719 2913 illum
1754 2860 1822 2914 ad

228 2942 606 3010 receptionetn
639 2943 856 2999 illorum
889 2946 1149 3009 virorum,
1178 2964 1196 2996 ι
1225 2948 1319 3017 qui
1346 2947 1599 3004 videlicet
1639 2959 1821 3021 partes

226 3030 614 3102 Cltrysostomi
673 3036 1059 3105 sequebantur.
1115 3036 1276 3093 Forte
1296 3037 1530 3103 Atticus,
1567 3039 1652 3096 bis
1676 3041 1822 3095 aliis-

227 3101 1060 3193 qtthOrientaliumamicorum
1101 3131 1575 3186 exhortationibus
1611 3143 1815 3198 motus,
1845 3101 1889 3160 ο

222 3225 428 3283 postea
463 3216 733 3273 sinceram
760 3235 883 3274 cum
935 3220 1242 3278 fautoribus
1270 3222 1648 3295 Chrysostomi
1682 3228 1821 3282 ami-

222 3304 422 3358 citiam
456 3307 604 3371 iniit,
638 3316 692 3361 et
717 3308 872 3378 plene
907 3310 1171 3367 satisfecit
1205 3316 1611 3373 conditionibus
1634 3358 1649 3382 ,
1681 3333 1819 3387 quas

221 3397 482 3455 ltontana
501 3400 741 3457 Ecclesia
775 3403 844 3458 ab
870 3404 989 3474 ipso
1012 3406 1279 3477 exigebat.
1314 3406 1370 3462 Si
1398 3410 1510 3464 haec
1536 3411 1817 3480 conjectu-

220 3508 287 3547 ra
332 3503 519 3547 nostra
551 3510 658 3548 non
695 3497 888 3566 placet,
915 3498 1143 3553 alteram
1177 3504 1588 3571 responsionem
1622 3504 1813 3559 offero.

301 3590 393 3644 19.
420 3591 630 3647 Atticus
652 3607 715 3646 ex
740 3609 842 3647 una
870 3610 934 3663 pa
950 3605 1027 3649 rte
1061 3612 1159 3666 per
1186 3614 1470 3654 erroneam
1500 3600 1814 3670 Opinionem

217 3684 543 3747 verebatur,
587 3693 643 3739 ut
671 3685 898 3741 colendo
942 3690 1259 3743 memoriam
1294 3687 1522 3745 Joannis
1569 3691 1813 3763 Chryso-

217 3774 394 3827 stomi
432 3774 831 3831 ecclesiasticos
855 3792 1091 3833 canones
1116 3780 1249 3835 satis
1271 3790 1460 3837 exacte
1480 3782 1810 3851 observaret;

217 3883 284 3922 ex
319 3868 493 3921 altera
524 3883 652 3922 vero
684 3869 897 3924 videbat
946 3886 1006 3927 se
1057 3888 1085 3926 a
1118 3874 1245 3928 sedc
1292 3873 1539 3929 Romana
1595 3890 1813 3945 separa-

218 3966 365 4023 tum,
399 3967 456 4014 et
502 3958 799 4015 Ecclesium
851 3964 1064 4033 magnis
1106 3965 1608 4033 perturbationibus
1644 3968 1812 4038 agita-

218 4058 359 4112 tam,
386 4065 455 4104 eo
482 4051 627 4119 quod
671 4054 988 4109 memoriam
1006 4066 1007 4069 ‘
1026 4055 1403 4129 Chrysostomi
1429 4059 1701 4115 celebrare
1728 4075 1811 4115 re-

215 4150 467 4197 cusaret.
486 4142 622 4198 Cum
654 4143 709 4198 in
738 4144 843 4202 hoc
868 4149 1120 4219 perplexo
1142 4166 1323 4205 rerum
1356 4161 1504 4208 stattt
1537 4153 1629 4209 diu
1654 4154 1809 4209 dubi-

217 4235 593 4304 tasset,quid
643 4236 746 4291 sibi
795 4239 976 4308 potius
1025 4239 1332 4296 faciendum
1378 4253 1543 4308 esset,
1592 4245 1806 4300 tandem

212 4328 567 4396 scrupulosze
616 4343 886 4383 canonum
924 4330 1289 4387 observationi
1335 4334 1698 4391 obedientiam
1755 4344 1810 4391 et

1934 1856 2079 1902 stere
2108 1848 2379 1904 videntur.
2417 1848 2704 1915 Quomodo
2737 1864 2976 1920 namque
3018 1852 3157 1905 inter
3205 1851 3518 1906 sacerdotes

1933 1932 2027 1990 Dei
2053 1936 2383 2001 censebitur,
2413 1937 2700 1993 illorumve
2729 1938 2866 1993 feret
2890 1949 3111 2004 sortem,
3140 1941 3226 1996 cui
3254 1941 3518 1995 sacerdo-

1934 2025 2056 2080 talis
2088 2027 2325 2098 dignitas
2355 2029 2618 2099 abrogata
2650 2029 2771 2084 est?
2808 2028 3096 2095 Quomodo
3146 2046 3277 2085 vero
3325 2031 3378 2085 in
3428 2045 3515 2086 ca-

1932 2118 2112 2189 talogo
2146 2136 2428 2176 sacrorum
2470 2106 2848 2177 miriistrorum
2878 2125 3004 2190 erit,
3045 2124 3139 2194 qui
3174 2124 3512 2179 ecclesiasti-

1936 2209 2017 2265 cis
2042 2212 2317 2266 mtenibus
2343 2213 2547 2282 ejectus
2573 2215 2694 2269 est?
2722 2233 2740 2265 ι
2778 2213 2983 2270 Omitto
3022 2216 3286 2285 reliquam
3314 2214 3372 2270 S.
3404 2214 3511 2287 Cy-

1930 2300 2037 2355 rilli
2083 2302 2389 2371 epistolam,
2453 2319 2575 2373 quae
2631 2305 2940 2360 durissimis
2972 2316 3161 2359 contra
3185 2304 3241 2360 8.
3280 2305 3510 2375 Chryso-

1931 2398 2169 2445 stomum
2195 2391 2643 2460 expressionibus
2676 2408 2740 2448 ac
2769 2394 2974 2449 odiosis
3006 2396 3509 2464 comparationibus

1894 2478 2086 2551 'plena
2130 2490 2236 2548 est,
2289 2492 2347 2535 ut
2393 2484 2558 2538 etiam
2615 2482 2910 2540 Facundos
2959 2483 3367 2540 llermianensis
3407 2500 3510 2555 pro

1928 2572 2243 2642 Defensione
2260 2576 2422 2629 trium
2450 2577 2805 2645 capitulorum
2838 2577 3051 2629 conctlit
3069 2574 3511 2631 Citatrtdmteuats

1926 2664 2023 2719 lib.
2060 2680 2131 2729 tv,
2164 2681 2284 2735 cap.
2322 2666 2371 2732 l,
2403 2677 2525 2737 post
2562 2668 2784 2722 allatum
2825 2668 3071 2737 ejusdem
3111 2669 3354 2738 epistolae
3402 2669 3505 2723 fra-

1924 2762 2228 2825 gmentum,
2262 2757 2635 2825 conqueritur.

1994 2863 2085 2916 ﬁl.
2129 2860 2246 2916 Non
2280 2873 2363 2916 est
2392 2863 2503 2917 ullo
2538 2864 2699 2917 modo
2726 2865 3038 2929 verisimile,
3078 2866 3134 2921 8.
3185 2866 3425 2921 Atticum
3452 2866 3503 2920 in

1924 2969 1989 3009 ea
2037 2954 2292 3023 Opinione
2341 2968 2741 3023 perseverasse,
2790 2970 2914 3009 cum
2967 2954 3213 3010 Ecclesia
3260 2955 3502 3011 Romana

1925 3046 2109 3116 plures
2142 3045 2211 3100 ab
2236 3045 2354 3115 ipso
2387 3046 2623 3113 exegerit
2655 3047 2808 3116 pacis
2842 3048 3206 3113 conditiones,
3242 3057 3301 3102 ut
3339 3063 3501 3119 supra

1923 3138 2180 3193 diximus.
2210 3138 2322 3192 lmo
2362 3138 2575 3192 etiamsi
2611 3140 2777 3207 gratis
2806 3143 3186 3204 concederem,
3229 3141 3382 3196 illum
3415 3144 3498 3195 in-

1923 3240 2081 3288 caute
2108 3231 2165 3285 in
2215 3246 2286 3285 eo
2331 3245 2517 3284 errore
2546 3232 2934 3299 permansisse,
2969 3247 3035 3285 an
3069 3241 3359 3302 propterea
3392 3244 3495 3289 sta-

1925 3323 2018 3376 tim
2058 3337 2123 3376 ex
2165 3320 2289 3375 albo
2328 3331 2642 3376 sanctorum
2686 3322 3077 3391 expungendus
3119 3321 3259 3376 erit?
3299 3321 3370 3378 Ut
3416 3321 3504 3376 hic

1919 3413 2025 3467 alia
2061 3411 2494 3482 prietermittam,
2525 3410 2806 3480 quomodo
2829 3410 2881 3463 in
2902 3418 3215 3464 sanctorum
3239 3411 3495 3494 catalogo

1919 3505 2265 3574 relinquetur
2288 3502 2341 3557 S.
2373 3503 2632 3574 Cyrillus,
2668 3503 2761 3572 qui
2793 3517 2936 3557 anno
2960 3502 3055 3555 451
3092 3503 3172 3556 vel
3193 3501 3319 3565 452,
3353 3513 3494 3571 post-

1917 3612 2080 3667 quam
2106 3595 2219 3665 jam
2252 3595 2344 3649 diu
2376 3610 2573 3649 nomen
2608 3593 2664 3647 S.
2694 3595 3072 3665 Chrysostomi
3113 3595 3387 3664 diptycltis
3419 3596 3490 3647 in-

1917 3697 2184 3751 seruerat,
2209 3694 2390 3740 tamen
2417 3686 2470 3739 in
2502 3684 2746 3754 Epistola
2781 3685 2850 3737 ad
2876 3686 3132 3739 Acacium
3165 3683 3493 3739 Bcrwensem

1916 3780 1990 3833 ita
2033 3777 2225 3833 scribit
2263 3794 2275 3828 :
2316 3795 2334 3828 ι
2382 3775 2515 3832 Volo
2550 3785 2732 3831 autem
2775 3787 2924 3830 tuam
2970 3777 3313 3831 sanctitatem
3367 3779 3490 3833 utile

1916 3869 2127 3943 [Lupus
2159 3879 2215 3923 ut
2257 3868 2370 3941 ille]
2399 3870 2599 3939 aliquid
2626 3884 3076 3935 commemorare,
3102 3870 3245 3939 quod
3273 3871 3337 3923 ad
3360 3885 3489 3939 prte-

1914 3979 2042 4019 sens
2068 3962 2302 4032 pertinet
2338 3971 2551 4031 tempus
2575 3977 2588 4013 :
2613 3962 2830 4031 quando
2855 3961 3000 4015 enim
3023 3962 3076 4015 in
3114 3977 3307 4031 magna
3348 3961 3488 4016 Cun-

1913 4054 2477 4124 stantinopolisancta
2515 4063 2694 4110 vestra
2736 4052 2980 4124 synodus
3023 4063 3346 4124 congregata
3388 4063 3491 4119 est,

1911 4153 2044 4200 tunc
2092 4146 2313 4215 quando
2353 4143 2596 4200 Joannes
2637 4152 2720 4199 est
2767 4152 3081 4209 accusatus,
3109 4143 3306 4198 deinde
3342 4154 3490 4214 gesta

1910 4249 2039 4294 sunt
2088 4255 2254 4309 super
2295 4254 2362 4294 eo
2407 4253 2434 4291 a
2490 4236 2674 4291 multis
2719 4237 2771 4291 in
2816 4238 3024 4307 scripto
3072 4238 3490 4303 commentaria,

1909 4346 2035 4386 cum
2084 4330 2328 4385 futurum
2377 4339 2542 4397 esset,
2590 4337 2649 4383 ttt
2693 4338 2880 4383 contra
2925 4345 3049 4384 eum
3086 4330 3329 4384 definitio
3365 4346 3487 4401 pro-

211 4432 576 4471 cnmmunem
629 4419 885 4475 Ecclesiae
934 4437 1120 4491 pacem
1166 4425 1427 4493 prtetulit,
1471 4436 1531 4480 ut
1580 4428 1805 4496 ipsemet
1837 4442 1880 4496 υ
1911 4423 2164 4485 ferretur,
2207 4431 2262 4477 et
2309 4438 2483 4477 essent
2537 4437 2637 4489 ego
2675 4436 2814 4475 unus
2846 4423 3170 4486 astantium,
3221 4424 3369 4487 scio,
3402 4439 3489 4479 me

213 4511 270 4564 in
303 4508 556 4580 Epistula
587 4511 656 4564 ad
678 4504 946 4581 Cyrillum
984 4514 1070 4569 his
1106 4515 1285 4570 verbis
1316 4517 1557 4572 declarat
1585 4538 1597 4572 :
1642 4538 1659 4571 t
1696 4518 1804 4574 Co-

210 4601 584 4671 gitationibus
608 4603 811 4658 nostris
838 4604 903 4658 ad
933 4604 1119 4674 pepuli
1150 4606 1500 4662 concordiam
1535 4608 1800 4676 inclinati,

209 4692 529 4747 eanoaibus
557 4693 773 4761 quidem
812 4692 1035 4749 Patrum
1071 4695 1458 4752 detrimentum
1487 4699 1693 4754 nullum
1723 4699 1804 4755 af-

212 4782 483 4849 ferimus;
516 4794 719 4839 exacta:
744 4795 923 4841 autem
971 4789 1260 4843 verborum
1291 4789 1656 4845 observationi
1688 4792 1803 4846 uni-

212 4878 365 4931 versi
394 4878 546 4932 orbis
570 4895 756 4949 pacem
797 4880 1157 4950 praeferimus.
1192 4902 1211 4934 ι
1252 4882 1452 4939 Deinde
1472 4886 1799 4955 quibusdam

207 4968 483 5040 exemplis
531 4970 742 5038 probat,
784 4972 1076 5041 aliquando
1115 4974 1185 5028 oh
1216 4975 1536 5030 charitatem
1562 4986 1657 5031 aut
1696 4995 1797 5048 pu-

209 5057 417 5111 blicam
475 5058 794 5123 utilitatem,
849 5060 915 5115 de
963 5063 1248 5117 severitate
1302 5065 1796 5123 ecclesiasticarum

205 5148 672 5203 constitutiunum
702 5150 908 5221 aliquid
947 5153 1333 5226 remittendum
1368 5170 1509 5211 esse.

276 5236 374 5291 20.
423 5236 560 5291 Tota
600 5239 766 5307 igitur
813 5240 871 5294 8.
912 5241 1074 5296 Attici
1124 5243 1283 5311 culpa
1325 5244 1379 5297 in
1419 5259 1484 5298 eo
1524 5246 1794 5313 consistit,

204 5329 360 5397 quod
391 5336 517 5397 post
548 5330 858 5385 restitutam
888 5330 945 5387 S.
973 5331 1347 5404 Chrysostomi
1380 5336 1698 5391 memoriam
1728 5337 1795 5407 (si

206 5427 397 5473 tamen
438 5417 552 5471 haec
580 5416 745 5473 fuerit
763 5419 998 5489 perfecta
1024 5431 1077 5476 et
1097 5422 1284 5477 ultima
1323 5425 1601 5479 memoria:
1622 5425 1794 5498 Chry-

210 5512 568 5566 Iostomianas
624 5513 928 5579 restitutio,
963 5516 1030 5570 de
1064 5532 1169 5585 qua
1224 5532 1283 5572 re
1329 5519 1491 5587 paulo
1543 5521 1792 5589 superius

215 5617 362 5656 unm.
394 5603 465 5657 l7
492 5603 905 5679 disputavimus)
952 5609 1193 5664 nondum
1249 5612 1474 5665 omnino
1511 5614 1791 5670 convictus

211 5694 377 5753 fuerit
423 5697 494 5755 de
539 5698 737 5770 injusta
792 5701 848 5758 S.
899 5704 1273 5775 Chrysostomi
1329 5704 1683 5773 dchsitiunc,
1738 5717 1791 5761 et

1919 4516 2141 4572 audisse
2165 4515 2511 4571 sanctitatem
2550 4512 2696 4569 tuam
2732 4524 2933 4569 sancta:
2948 4516 3154 4585 synodo
3192 4516 3271 4570 sic
3305 4516 3484 4570 dicen-

1911 4616 2017 4661 tem
2061 4608 2247 4671 :Qttia
2296 4608 2342 4660 si
2396 4606 2615 4672 scirem,
2667 4605 2806 4674 quod
2845 4620 3015 4668 nunc,
3069 4606 3115 4657 si
3156 4603 3360 4657 Joanni
3401 4621 3457 4657 re

1910 4699 2053 4751 niam
2078 4698 2417 4767 lurgircmur,
2463 4696 2649 4750 melior
2673 4697 2819 4764 ﬁeret
2855 4696 3151 4763 semetipso,
3193 4706 3239 4747 et
3283 4695 3482 4750 retedeo

1908 4799 1985 4843 ret
2029 4806 2061 4843 α
2097 4789 2303 4842 duritia
2359 4797 2408 4842 et
2456 4788 2761 4857 asperitate,
2805 4802 2923 4855 quae
2968 4786 3020 4838 in
3052 4802 3112 4838 co
3151 4796 3249 4850 cst,
3307 4802 3484 4842 omnes

1905 4898 1994 4935 ros
2071 4898 2338 4953 rogassem
2398 4896 2492 4949 pro
2551 4897 2631 4935 eo.
2698 4878 3047 4934 Admirabilis
3123 4894 3250 4949 ergo
3322 4878 3481 4933 etiam

1903 4976 2049 5029 circa
2094 4975 2195 5027 hoc
2230 4976 2427 5029 iterum
2452 4972 2694 5042 judicata
2726 4984 2809 5028 est
2847 4972 3106 5026 sanctitas
3145 4981 3255 5034 tua,
3284 4971 3482 5041 quippe

1904 5074 1961 5119 ut
2007 5082 2131 5135 qua:
2181 5066 2379 5120 dixerit
2420 5066 2724 5120 veritatem.
2774 5062 2915 5129 Quid
2977 5063 3145 5133 igitur
3196 5060 3481 5131 oportebat

1901 5167 2145 5212 sanctam
2176 5157 2443 5228 synodum
2481 5156 2678 5219 facere,
2714 5170 2835 5225 quae
2860 5154 3288 5223 impaenitentem
3317 5159 3371 5206 et
3399 5151 3479 5205 sic

1899 5249 2233 5317 pertinacem
2275 5247 2474 5317 reperit
2511 5247 2660 5299 illum
2685 5286 2700 5305 .
2732 5246 2825 5313 qui
2863 5254 3023 5299 rectae
3058 5242 3180 5297 fidei
3212 5258 3478 5310 repugna-

1897 5340 2015 5394 vit?
2053 5358 2070 5390 ι
2112 5336 2264 5391 llanc
2304 5335 2362 5389 8.
2390 5336 2573 5407 Cyrilli
2610 5334 2893 5404 epistolam
2941 5336 3082 5388 inter
3130 5334 3265 5387 alias
3297 5332 3476 5387 vario-

1899 5446 2018 5484 rum
2049 5428 2297 5493 Patrum,
2342 5428 2407 5481 λα
2455 5427 2747 5480 cencilium
2781 5425 3112 5496 Ephesinum
3142 5434 3471 5494 Spectantes,

1894 5522 2243 5577 Christianus
2293 5519 2475 5588 Lupus
2537 5516 2760 5572 Lovanii
2789 5533 2933 5572 anno
2986 5515 3145 5584 1682,
3169 5532 3291 5587 cap.
3319 5516 3409 5585 56,
3440 5534 3472 5575 τι

1895 5631 2017 5684 pag.
2082 5614 2182 5667 129
2225 5613 2409 5675 edidit,
2462 5620 2514 5663 et
2561 5609 2871 5679 Stephanus
2906 5610 3157 5665 Baluzius
3210 5610 3262 5664 in
3318 5607 3470 5665 Nora

1894 5706 2253 5761 Conciliurum
2286 5704 2609 5771 collectione,
2648 5719 2741 5759 seu
2792 5704 3161 5774 Supplementa
3185 5702 3255 5758 ad
3278 5704 3467 5759 collec-
