4054 6198
558 249 661 307 667

1756 234 1808 286 s.
1852 198 2083 285 ATTICI
2118 228 2223 284 ce.
2269 227 2600 285 EPISCOPI.

3652 234 3741 292 ets

556 368 749 417 tionem
775 355 1002 423 Philiuri
1021 352 1232 417 Labbci,
1251 349 1470 406 Parisiis
1489 361 1634 404 anno
1657 346 1818 411 1707,
1840 363 1869 401 a
1891 344 2131 410 col.758,
2162 350 2206 406 Λ
2234 344 2397 400 etiam
2430 345 2661 399 libenter
2703 343 2967 407 admitto,‘
2991 352 3051 397 ut
3080 341 3136 397 S.
3182 340 3431 413 Cyrillum
3459 344 3519 398 de
3540 347 3745 414 perlina.

557 450 788 509 recudit.
817 448 905 503 ubi
936 445 1190 501 utrolibet
1211 444 1334 497 loco
1357 442 1563 511 integra
1579 437 1683 508 legi
1714 446 1913 507 potest.

633 540 725 594 22.
768 538 844 592 Ex
890 545 1009 591 toto
1061 535 1221 603 hujus
1270 532 1513 601 epistola:
1565 538 1823 585 contextu
1868 536 2124 598 apparet.

559 631 706 702 quod
742 629 978 700 Cyrillus
1001 626 1198 681 Acacio
1227 623 1556 693 persuadere
1580 622 1781 689 cupiat.
1813 619 2126 675 Nestorium

561 721 976 777 haeresiarcham
996 718 1123 784 jure
1152 715 1349 768 merito
1385 713 1805 769 condemnatum
1843 712 2030 767 fuisse.
2058 711 2131 766 Ut

562 824 738 869 autem
774 812 823 865 id
847 810 1049 863 clarius
1070 809 1280 877 probet,
1305 806 1447 860 inter
1474 805 1580 860 alia
1603 805 1795 875 allegat
1822 802 2128 872 exemplum

561 901 787 958 Joannis
823 897 1223 969 Chrysostomi,
1257 905 1421 967 atque
1451 912 1481 950 a
1517 896 1680 950 simili
1719 900 2131 964 argumentatur

563 993 616 1046 in
656 995 797 1046 hunc
842 988 953 1044 fere
998 988 1218 1042 modum
1267 1003 1281 1040 :
1325 986 1566 1042 Joannes
1606 984 2033 1057 Cbrysosmmus
2075 982 2130 1037 in

563 1092 748 1137 sancta
777 1082 984 1152 synodo
1014 1080 1079 1133 ad
1100 1079 1374 1145 Quercum
1407 1079 1477 1133 ab
1515 1078 1831 1148 episcopatu
1856 1075 2133 1145 depositus

562 1186 645 1232 est
699 1177 770 1231 ob
816 1174 1072 1229 duritiam
1121 1182 1175 1227 et
1212 1175 1557 1242 asperitatem
1613 1172 1735 1241 (sic
1783 1171 2134 1225 adversantes

563 1279 750 1324 sancto
778 1266 994 1334 praesuli
1024 1264 1277 1319 invictam
1313 1265 1433 1334 ejus
1462 1264 1823 1319 constantiam
1850 1276 2131 1332 perperam

563 1357 925 1430 appellabant)
954 1372 982 1410 a
1001 1372 1104 1426 qua
1124 1356 1301 1426 ipsum
1339 1371 1617 1425 nunquam
1635 1367 1974 1408 recessurum
1993 1353 2134 1406 Aca-

564 1455 682 1505 cius
728 1465 854 1504 vere
903 1448 1245 1519 praedixerat.
1300 1448 1410 1503 Cur
1453 1448 1617 1519 igitur
1659 1454 1847 1501 sancta
1896 1445 2134 1515 synodus

566 1540 839 1611 Ephesina
873 1554 990 1593 non
1036 1539 1379 1609 deposuisset
1411 1538 1724 1594 Nestorium
1761 1537 1830 1590 ob
1864 1535 2134 1599 haeresim,

565 1645 726 1700 quam
760 1629 1107 1699 pertinaciter
1150 1628 1570 1699 prepugnabat?
1601 1628 1671 1681 At
1699 1627 1911 1681 videtur
1942 1624 2000 1679 S.
2035 1624 2138 1695 Cy-

2234 437 2314 492 cia
2340 436 2555 492 erronei
2595 443 2649 491 et
2672 434 2857 505 'iniqui
2886 434 2970 490 sui
3004 433 3193 503 judicii
3224 448 3487 489 excusem.
3516 433 3579 490 At
3602 434 3744 493 vicis-

2234 526 2337 579 sim
2366 525 2544 593 exigo,
2581 533 2640 578 ut
2670 524 2859 578 eadem
2892 522 3076 593 regula
3111 522 3165 576 in
3195 524 3251 576 S.
3282 524 3452 577 Attico
3473 524 3639 579 locum
3669 526 3750 581 ba-

2235 615 2377 669 beat.
2438 611 2494 667 Si
2564 613 2730 683 igitur
2790 614 3005 668 Atticus
3072 613 3311 667 nondum
3372 613 3499 669 satis
3561 626 3750 670 noverat

2235 705 2391 774 injust
2403 705 2549 759 itiam
2577 704 3073 776 Chrysostomiana:
3087 706 3547 768 exauctorationis,
3563 708 3754 774 quando

2236 797 2302 851 ad
2347 796 2404 853 S.
2441 797 2702 868 Cyrillum
2735 796 3030 859 scribebat,
3081 797 3295 849 dicatur
3329 795 3606 850 secundum
3632 795 3754 850 hanc

2237 887 2565 944 Tillemontii
2600 889 2862 959 regulam,
2911 902 3076 957 quam
3138 886 3307 957 probo
3361 895 3413 941 et
3471 887 3752 956 amplector,

2237 981 2576 1051 iniquitatem
2601 979 2960 1050 istiusjudicii
2990 990 3177 1050 postea
3208 979 3501 1049 agnovisse,
3534 978 3752 1049 quamvis

2239 1073 2447 1143 antiqui
2491 1073 2788 1142 scriptores
2832 1087 2952 1129 eam
2992 1070 3239 1127 notitiam
3277 1069 3415 1124 clare
3436 1069 3497 1123 ad
3540 1077 3754 1139 posteros

2240 1179 2347 1218 non
2406 1165 2827 1219 transmiserint.
2885 1162 3194 1219 Secundum
3241 1176 3325 1226 ea,
3380 1174 3495 1230 qute
3541 1159 3755 1226 superius

2238 1256 2497 1318 diximus,
2528 1255 2665 1310 forte
2684 1271 2749 1309 eo
2779 1264 3019 1324 tempore
3044 1253 3257 1308 Atticus
3282 1257 3643 1325 nondumsese
3662 1263 3758 1303 om-

2239 1349 2371 1403 nino
2426 1363 2549 1403 cum
2599 1346 2843 1402 Romana
2881 1347 3123 1402 Ecclesia
3162 1343 3608 1406 reconciliaverat,
3638 1340 3756 1412 quod

2240 1448 2420 1494 tamen
2454 1441 2799 1509 postmodum
2835 1438 3034 1504 ell‘ecit,
3070 1438 3178 1494 etsi
3207 1435 3497 1507 perlectam
3528 1434 3657 1488 illius
3684 1447 3758 1486 re-

2242 1529 2680 1584 conciliationem
2718 1529 3017 1599 antiquitas
3062 1527 3265 1582 diserte
3313 1541 3417 1580 non
3452 1522 3757 1594 expresserit.

2243 1615 2399 1671 llaud
2450 1617 2614 1672 dubie
2662 1618 2838 1687 prima
2887 1626 2982 1673 aut
3035 1616 3309 1686 praecipua
3368 1615 3509 1685 pacis
3559 1610 3761 1666 conditio

565 1696 722 1777 rillus
749 1696 851 1777 hoc
876 1696 1166 1776 ratiocinio
1189 1696 1439 1784 inbuere,
1463 1722 1608 1790 quod
1641 1729 1772 1775 tunc
1798 1718 2039 1773 nondum
2068 1718 2136 1770 de
2169 1696 2211 1754 Β
2237 1707 2361 1773 fuit.
2390 1717 2448 1764 ut
2476 1724 2672 1764 nomen
2696 1708 2754 1766 S.
2779 1708 3154 1785 Chrysostomi
3177 1707 3449 1778 diptychis
3480 1702 3763 1758 inscribere-

567 1810 832 1879 injustitia
883 1809 1383 1881 Chrysostomiante
1445 1809 1803 1880 depositionis
1856 1809 2138 1864 convictus

575 1911 757 1967 esset;
791 1902 836 1956 si
875 1902 1018 1955 enim
1051 1901 1415 1957 innocentiam
1439 1900 1494 1956 S.
1522 1901 1894 1973 Chrysostomi
1924 1916 1991 1955 eo
2014 1913 2141 1955 tem-

569 2006 701 2062 pore
744 1991 1074 2060 agnovisset,
1111 2007 1274 2062 quam
1317 1992 1424 2047 vim
1457 1993 1677 2047 haberet
1702 1991 1820 2062 ejus
1848 2006 2141 2062 argumen-

569 2080 738 2135 tatio?
762 2079 1047 2147 Quomodo
1090 2081 1412 2136 invidiosam
1451 2068 1592 2138 inter
1614 2081 1922 2138 Nestorium
1967 2082 2139 2135 haeres

570 2173 738 2227 ticum
769 2182 824 2227 et
847 2171 905 2226 S.
928 2169 1189 2227 Joannem
1211 2172 1661 2244 Chrysostomum
1680 2171 2141 2243 comparationem

571 2261 914 2316 institueret?
953 2260 1239 2326 Quomodo
1280 2263 1516 2333 denique
1556 2263 1967 2332 iniquissimum
2019 2275 2145 2314 con-

571 2353 884 2408 ciliabulum
928 2354 995 2406 ad
1036 2352 1334 2418 Quercum,
1383 2354 1435 2407 in
1481 2368 1592 2422 quo
1626 2351 1684 2406 S.
1723 2352 2146 2422 Chrysostomus

575 2444 720 2500 falso
747 2453 1037 2499 accusatus
1071 2460 1136 2498 ac
1173 2444 1462 2498 damnatus
1512 2443 1721 2510 fuerat,
1765 2442 1854 2497 hic
1885 2458 1914 2496 a
1944 2441 2146 2514 Cyrillo
2196 2438 2206 2446 ’

583 2553 605 2587 ι
651 2545 839 2589 sancta
863 2535 1103 2602 synodus
1135 2552 1154 2584 ι
1181 2542 1487 2600 vocaretur,
1512 2541 1567 2588 et
1594 2548 1718 2588 cum
1743 2541 1933 2589 sancto
1959 2533 2145 2590 conci-

581 2624 657 2680 lio
689 2623 966 2694 Ephesino
988 2614 1445 2694 compararetur?

644 2717 739 2772 23.
791 2715 870 2770 Ex
926 2716 1010 2771 his
1052 2716 1349 2771 secundum
1407 2715 1727 2769 sententiam
1779 2714 2145 2772 Tillemontia-

586 2823 712 2867 nam
743 2807 941 2862 inferre
970 2821 1206 2876 possem,
1231 2820 1427 2860 nomen
1462 2804 1672 2876 Cyrilli,
1699 2822 1855 2877 teque
1874 2822 1939 2862 ac
1962 2808 2149 2873 Attici,

574 2916 641 2955 ex
670 2898 1054 2955 ecclesiasticis
1097 2897 1297 2951 tabulis
1317 2896 1602 2952 delendum
1641 2913 1783 2965 esse,
1825 2914 1947 2953 cum
1978 2898 2152 2970 Cyril-

577 2991 660 3047 lus
701 2990 754 3044 in
795 2989 899 3044 hac
927 2988 1158 3057 epistola
1192 2987 1430 3042 nondum
1454 2996 1713 3057 agnoscat
1740 2986 2017 3057 injuriam,
2042 3004 2152 3058 qua

580 3084 638 3140 S.
695 3083 959 3138 Joannem
1020 3081 1468 3152 Chrysostomum
1519 3078 1789 3144 allecerat,
1837 3094 1938 3134 nec
1980 3080 2150 3135 ullum

582 3176 672 3229 hic
696 3176 935 3244 praebeat
963 3171 1292 3241 paenitentia.
1316 3169 1599 3232 indicium,
1633 3169 1704 3222 ob
1737 3183 1896 3237 quam
1928 3185 2151 3226 causam

579 3263 958 3318 Tillemontius
985 3271 1133 3316 tomo
1170 3260 1265 3314 Xll
1296 3260 1622 3313 Monument.
1666 3260 1850 3315 eccles.
1891 3276 2016 3332 pag.
2046 3261 2151 3319 M6

576 3360 632 3407 et
688 3351 795 3406 425
834 3351 1073 3405 Atticum
1135 3350 1406 3419 praecipue
1447 3349 1810 3418 reprehendit,
1855 3367 2086 3421 eumque
2122 3368 2154 3409 e

579 3443 826 3511 catalogo
876 3450 1188 3496 sanctorum
1239 3441 1516 3510 expungit.
1564 3438 1621 3495 Si
1667 3440 1830 3511 igitur
1868 3451 2151 3512 propterea

578 3533 813 3588 Atticum
846 3531 969 3586 albo
1001 3538 1314 3586 sanctorum
1350 3529 1559 3594 eradat,
1590 3546 1688 3585 cur
1719 3531 1773 3584 in
1801 3546 1866 3585 eo
1894 3531 2150 3603 Cyrillum

577 3624 866 3694 relinquit?
898 3621 977 3678 Ne
1025 3623 1111 3678 bis
1154 3621 1361 3676 diutius
1405 3622 1684 3685 immorer,
1730 3623 1953 3678 unicum
1991 3622 2151 3679 Tille-

578 3715 785 3770 montio
814 3715 1068 3770 dilemma
1105 3727 1371 3784 propono.
1403 3712 1641 3784 Cyrilius
1677 3729 1963 3769 erroneam
1996 3731 2175 3772 suam-

579 3809 647 3862 de
684 3808 1021 3878 depositione
1052 3806 1111 3862 S.
1147 3806 1525 3879 Chrysostomi
1560 3805 1877 3875 opinionem
1912 3818 2037 3878 post
2065 3809 2157 3865 da-

577 3904 661 3954 tas
704 3895 770 3949 ad
813 3895 1070 3950 Acacium
1113 3895 1324 3951 litteras
1363 3895 1445 3950 vel
1493 3896 1831 3962 retractavit,
1869 3899 1951 3952 vel
1996 3899 2050 3953 in
2089 3898 2171 3954 ea

580 4002 758 4058 usque
786 3986 855 4041 ad
884 3997 1116 4041 mortem
1148 3986 1463 4056 permansit.
1500 3984 1557 4040 Si
1580 3987 1709 4042 velit
1738 3989 1997 4057 primum,
2027 4006 2155 4063 pro-

579 4077 718 4134 ferat
761 4088 1014 4134 auctores
1060 4077 1164 4132 [ide
1203 4079 1419 4148 dignos,
1451 4087 1547 4132 aut
1583 4077 1700 4149 ipsa
1730 4078 1919 4150 Cyrilli
1950 4082 2153 4152 scripta

580 4170 638 4224 in
665 4170 863 4240 quibus
893 4184 956 4224 ea
994 4171 1303 4226 retractatio
1335 4185 1591 4243 expresse
1612 4174 1840 4243 legatur.
1867 4172 2067 4231 Saltem
2098 4177 2152 4232 in

587 4259 737 4314 Actis
761 4258 817 4313 S.
852 4260 1064 4330 Cyrilli,
1098 4278 1220 4330 qua:
1266 4270 1414 4316 torno
1452 4261 1572 4316 XIV
1604 4261 1934 4321 Monument.
1966 4269 2149 4323 eccles.

2242 1810 2350 1864 tur,
2370 1807 2567 1869 praeter
2590 1814 2753 1868 quam
2790 1800 3087 1854 secundum
3111 1813 3278 1867 supra
3306 1797 3447 1851 dicta
3469 1793 3656 1849 Atticus
3676 1790 3765 1846 atl-

2242 1892 2350 1948 huc
2373 1893 2509 1948 alias
2536 1893 2760 1963 implere
2779 1892 2987 1955 debuit,
3018 1892 3085 1946 de
3100 1890 3307 1961 quibus
3330 1889 3396 1944 ab
3426 1889 3538 1958 ipso
3566 1884 3769 1955 impletis

2241 1992 2453 2039 veteres
2492 1983 2734 2039 historici
2771 2000 2879 2037 non
2926 1983 3319 2038 meminerunt.
3362 1980 3612 2037 Ceterum
3653 1978 3769 2030 dun-

2244 2083 2397 2128 taxat
2437 2089 2590 2143 rogo,
2625 2082 2686 2129 ut
2718 2072 2777 2130 S.
2810 2074 3046 2146 Cyrillus
3079 2082 3134 2128 et
3154 2072 3213 2129 S.
3247 2073 3461 2128 Atticus
3490 2070 3631 2141 juxta
3656 2068 3773 2122 hanc

2244 2162 2722 2219 Tillemontianam
2754 2167 2995 2236 regulam
3027 2164 3318 2234 aequaliter
3340 2162 3654 2233 judicentur.

2313 2255 2405 2312 25.
2445 2255 2564 2311 Non
2596 2258 2769 2321 video,
2800 2259 3076 2326 quomodo
3108 2258 3239 2311 hinc
3271 2256 3498 2312 evadere
3524 2251 3682 2323 possit
3703 2248 3778 2303 ad-

2244 2345 2544 2408 versarius,
2577 2344 2976 2413 nisicoufugiat
3006 2346 3071 2400 ad
3107 2345 3343 2401 alteram
3374 2341 3620 2413 regulam,
3640 2347 3777 2405 quam

2246 2440 2397 2492 tomo
2444 2435 2490 2490 Χ
2534 2434 2863 2489 Monument.
2892 2436 3079 2490 eccles.
3131 2451 3255 2506 pag.
3304 2435 3400 2491 5M
3445 2430 3543 2488 sibi
3585 2427 3783 2494 aliisque

2246 2527 2572 2599 praescribit,
2605 2536 2658 2583 et
2691 2543 2798 2597 qua
2823 2526 3052 2583 dubium
3074 2526 3327 2582 Flaviani
3356 2520 3655 2580 Autiocheni
3676 2532 3782 2573 san-

2163 2632 2173 2641 ‘
2248 2621 2494 2677 ctitatem
2534 2620 2608 2674 ita
2638 2619 2878 2675 vindicat
2909 2638 2923 2674 :
2965 2638 2983 2671 ι
3023 2620 3188 2690 Igitur
3218 2619 3511 2676 dicendum
3546 2623 3640 2679 est,
3664 2608 3784 2683 quod

2249 2713 2491 2769 Ecclesia
2537 2712 2722 2768 Graeca
2769 2712 3047 2782 antiquam
3091 2711 3443 2767 traditionem
3487 2715 3660 2765 secuta
3702 2706 3782 2768 sit,

2250 2806 2467 2876 quando
2498 2806 2645 2859 illum
2689 2823 2706 2855 ι
2748 2804 2976 2876 (scilicet
3008 2802 3358 2866 Flavianum,
3383 2802 3449 2857 de
3471 2815 3576 2871 quo
3600 2794 3787 2866 ibiagit)

2259 2917 2277 2948 ι
2316 2898 2533 2968 publico
2570 2898 2718 2952 cultu
2765 2904 3068 2951 veneratur.
3104 2894 3267 2960 Quod
3319 2895 3365 2950 si
3410 2892 3466 2946 in
3493 2892 3606 2960 ejus
3645 2886 3788 2958 gestis

2254 3000 2545 3045 occurrant
2595 2990 2810 3058 aliqua,
2864 3002 2984 3057 qute
3037 3001 3179 3057 aegre
3229 2986 3493 3041 videntur
3537 2978 3788 3037 conciliari

2253 3096 2412 3152 posse
2433 3097 2557 3137 eum
2584 3081 2776 3150 spritu
2793 3078 3098 3142 charitatis,
3123 3077 3218 3148 qui
3238 3079 3399 3135 solus
3415 3084 3620 3133 sanctos
3637 3070 3789 3131 cilicii.

2254 3172 2570 3228 meminisse
2601 3180 2834 3241 oportet,
2872 3187 2973 3226 nes
3005 3186 3129 3226 esse
3159 3170 3444 3236 homines,
3473 3168 3627 3224 nimis
3652 3162 3792 3222 debili

2256 3281 2320 3320 ac
2338 3266 2485 3320 tenui
2520 3265 2725 3319 lumine
2766 3264 3089 3325 illustratos,
3125 3277 3183 3319 ut
3219 3263 3297 3319 de
3321 3263 3570 3319 humanis
3589 3256 3792 3315 actioni-

2254 3355 2357 3411 bus
2377 3370 2675 3424 carumque
2710 3354 3140 3411 circumstantiis
3171 3367 3325 3412 recte
3350 3356 3666 3426 judicemus.
3701 3369 3717 3401 ι
3738 3349 3795 3405 At

2254 3446 2499 3516 nunquid
2530 3446 2633 3503 hoc
2671 3447 2891 3501 axioma
2919 3462 3072 3516 aeque
3103 3447 3246 3502 favet
3284 3448 3483 3512 Attico,
3510 3460 3661 3517 quam
3692 3442 3796 3496 Fla-

2253 3537 2447 3592 viano?
2480 3535 2672 3592 Nonne
2712 3537 2875 3592 etiam
2920 3536 3011 3592 hic
3073 3537 3179 3593 dici
3227 3548 3432 3607 potest,
3476 3536 3617 3607 quod
3649 3529 3796 3590 Gnaei

2256 3627 2417 3696 (addo
2446 3642 2662 3697 quoque
2690 3625 2911 3682 Latinos
2943 3629 3207 3699 quosdam
3236 3628 3648 3702 Martyrologos)
3677 3625 3798 3680 anti-

2255 3735 2417 3790 quam
2452 3719 2796 3775 traditionem
2830 3720 3005 3776 secuti
3043 3720 3177 3784 sint,
3205 3721 3342 3778 dum
3388 3723 3620 3778 Atticum
3650 3718 3797 3776 sacris

2255 3812 2372 3867 suis
2411 3810 2591 3866 Fastis
2634 3811 3019 3867 inseruerunt?
3062 3811 3242 3868 Verbo
3280 3830 3414 3879 uno,
3447 3813 3694 3886 quidquid
3718 3810 3798 3865 ad-

2253 3903 2531 3959 versarius
2571 3903 2659 3958 hic
2689 3903 2909 3967 dixerit,
2940 3919 3042 3959 nos
3069 3904 3260 3960 eodem
3295 3906 3364 3961 de
3394 3902 3797 3962 Attico'allirma-

2256 3990 2455 4046 bimus.
2493 3989 2653 4044 Certe
2695 3991 2739 4045 si
2775 3989 3153 4049 Tillemontius
3180 3995 3414 4051 traditas
3449 4011 3479 4049 a
3519 4010 3577 4052 se
3614 3991 3799 4062 regulas

2255 4084 2616 4149 observasset,
2652 4090 2761 4137 tam
2812 4083 3007 4139 durum
3055 4101 3121 4142 ac
3164 4089 3519 4143 temerarium
3566 4085 3797 4157 judicium

2257 4189 2365 4229 non
2395 4175 2608 4229 tulisset
2629 4174 2696 4229 de
2724 4177 2984 4242 praeclaro
3008 4177 3144 4244 viro,
3185 4195 3351 4251 quem
3381 4181 3671 4250 antiquitas
3702 4192 3798 4231 ma-

2256 4265 2377 4335 gnis
2425 4268 2709 4321 exornavit
2751 4265 3025 4331 laudibus,
3054 4286 3290 4340 quarum
3334 4271 3427 4326 bic
3460 4270 3734 4326 nonnullas
3754 4265 3799 4318 in

583 4363 613 4405 a
642 4363 762 4419 pag.
810 4350 912 4402 267
946 4367 1118 4420 usque
1159 4352 1223 4406 ad
1260 4353 1363 4408 676
1387 4370 1452 4408 ev
1487 4356 1758 4412 veteribus
1797 4359 2152 4429 scriptoribus
2183 4378 2229 4434 ι)
2258 4356 2486 4426 gratiam
2519 4359 2817 4416 adversarii
2843 4361 3079 4416 breviter
3093 4377 3480 4431 congeremus.

582 4439 798 4508 copiose
828 4439 1142 4507 illustravit,
1172 4442 1379 4498 nullum
1421 4445 1589 4515 hujus
1620 4451 2020 4505 retractationis
2069 4460 2151 4506 te-

582 4543 717 4587 stem
767 4532 1033 4588 hactenus
1080 4534 1353 4603 produxit.
1388 4536 1444 4591 Si
1477 4539 1769 4593 secundam
1824 4541 2154 4600 dilemmatis

579 4628 788 4689 partem
816 4621 999 4691 eligat,
1041 4623 1312 4692 sequitur,
1352 4626 1496 4680 hunc
1538 4627 1833 4683 innocuum
1858 4628 2042 4695 Cyrilli
2069 4648 2156 4687 er-

581 4725 760 4765 rorem
800 4713 1079 4767 sanctitati
1102 4713 1223 4779 ejus
1250 4729 1358 4768 non
1388 4714 1621 4772 oilicere.

650 4802 744 4857 24.
787 4803 891 4858 Sed
915 4804 1053 4859 forte
1076 4804 1457 4863 Tillemontius
1480 4809 1580 4864 hoc
1602 4811 1856 4867 dilemma
1883 4812 2156 4873 declinare

580 4894 869 4950 conabitur
923 4898 1255 4954 recurrendo
1309 4899 1377 4954 ad
1424 4901 1665 4972 regulam
1716 4904 1937 4969 critieae,
1990 4924 2153 4981 quam

582 4994 732 5041 tomo
774 4984 891 5038 XIV
943 4984 1479 5043 Monument.eccles.
1527 5006 1650 5062 pag.
1689 4991 1790 5049 798
1816 4994 1895 5050 sic
1934 4996 2097 5053 tradit
2138 5016 2152 5053 :

585 5093 604 5126 ι
638 5075 894 5132 llistorici
927 5085 1035 5132 tam
1084 5079 1395 5148 frequenter
1425 5082 1685 5140 omittunt
1723 5101 1811 5140 res
1838 5087 2154 5148 verissimas

580 5176 636 5220 et
667 5167 959 5240 aliquando
984 5170 1221 5225 maxime
1254 5173 1657 5239 memorabiles,
1691 5185 1750 5232 ut
1785 5178 2153 5247 periculosum

581 5257 675 5323 sit,
698 5275 764 5316 ex
793 5278 981 5317 eorum
1002 5262 1221 5317 silentio
1234 5272 1411 5319 certas
1426 5266 1810 5324 conclusiones
1826 5271 2113 5329 deducere.
2130 5290 2150 5326 ι

587 5340 721 5402 llinc
748 5350 961 5416 inferet,
993 5351 1049 5408 S.
1088 5352 1348 5424 Cyrillum
1390 5366 1572 5423 postea
1597 5360 1976 5416 verosimiliter
2004 5380 2155 5419 erro-

587 5449 697 5488 rem
739 5454 896 5495 suum
939 5445 1228 5513 agnovisse
1261 5460 1327 5500 ac
1373 5454 1716 5512 retractasse,
1761 5451 1974 5506 etiamsi
2010 5454 2152 5523 apud

585 5524 762 5595 ipsum
789 5526 846 5583 S.
881 5530 1141 5602 Cyrillum
1176 5544 1272 5590 aut
1302 5536 1441 5593 alios
1472 5538 1729 5610 antiquos
1764 5541 2065 5611 scriptores
2099 5545 2154 5599 id

540 5658 544 5662 .
588 5630 698 5673 non
727 5614 989 5699 legamus.
1038 5622 1234 5676 Totum
1286 5625 1428 5679 istud
1477 5628 1645 5695 probe
1688 5629 1948 5699 intelligo,
1991 5642 2153 5703 atque

2327 4444 2418 4499 26.
2461 4444 2733 4516 Imprimis
2777 4448 2834 4504 S.
2879 4448 3114 4521 Cyrillus
3155 4452 3560 4507 Alexandrinus
3622 4449 3670 4502 iu
3701 4444 3802 4517 Epi-

2256 4535 2394 4589 stola
2415 4543 2481 4591 ad
2498 4538 2713 4593 clericos
2738 4539 3535 4613 Constantinopolitanos,apud
3558 4541 3799 4595 Labheum

2256 4637 2405 4682 tomo
2427 4626 2495 4681 ΙΙΙ
2533 4622 2913 4698 Cbnciliorum,
2949 4634 3054 4687 col.
3096 4632 3221 4698 583,
3256 4635 3326 4689 de
3363 4634 3614 4689 Nestorio
3650 4633 3711 4685 ita
3741 4628 3803 4681 in‘

2258 4726 2527 4791 terrogat:
2551 4741 2568 4772 ι
2590 4720 2847 4791 Nunquid
2867 4725 3093 4795 aequalis
3116 4725 3198 4780 vel
3227 4727 3530 4797 sapientior
3559 4734 3639 4781 est
3670 4723 3802 4778 beato

2254 4811 2473 4866 Attico?
2495 4832 2512 4864 ι
2536 4812 2864 4870 leestinus
2881 4831 2944 4885 pa
2954 4831 3040 4884 pa,
3056 4816 3107 4869 in
3128 4817 3322 4873 litteris
3345 4819 3416 4872 ad
3432 4808 3803 4874 Nestorium,vi-

2257 4904 2534 4974 gilantiam
2550 4905 2607 4961 S.
2628 4908 2791 4963 Attici
2805 4917 2995 4962 contra
3008 4907 3325 4979 Pelagianos
3351 4907 3682 4974 ibidem,col.
3695 4901 3800 4965 355.

2258 4997 2338 5050 sic
2359 4995 2544 5051 laudat
2573 5013 2587 5052 :
2619 5016 2636 5049 ι
2667 4996 2911 5067 Denique
2933 5009 3135 5056 sanet-.2
3158 5002 3564 5055 recordationis
3592 4996 3799 5056 Atticus.

2256 5089 2540 5144 catholica:
2562 5090 2823 5159 magister
2840 5090 2987 5155 tidei,
3010 5100 3065 5145 et
3092 5092 3215 5148 vere
3238 5095 3385 5149 beati
3421 5093 3644 5150 Joannis
3661 5091 3802 5144 etiam

2255 5178 2324 5233 ad
2356 5181 2460 5234 ista
2507 5194 2818 5244 successor,
2852 5196 2950 5237 eos
2983 5182 3055 5237 ita
3093 5195 3419 5253 persecutus
3446 5194 3530 5241 est
3555 5196 3649 5254 pro
3678 5178 3802 5245 Βεεθ

2256 5271 2556 5335 communi,
2586 5278 2645 5325 ut
2671 5271 2738 5327 iis
2769 5286 2838 5328 ne
2866 5273 3044 5328 standi
3063 5274 3280 5344 quidem
3306 5275 3420 5330 illic
3441 5275 3592 5345 copia
3610 5275 3830 5343 praesta»

2256 5372 2423 5415 retur.
2448 5361 2647 5417 Mansit
2688 5378 2789 5419 nos
2840 5375 2966 5435 post
3000 5365 3120 5435 ejus
3153 5368 3360 5433 exitum
3409 5364 3705 5423 sollicitudo
3731 5354 3800 5409 rei

2256 5454 2516 5522 maxima,
2548 5468 2674 5510 cum
2707 5472 2996 5514 successor
3018 5458 3192 5529 ipsius
3220 5466 3409 5515 utrum
3440 5459 3604 5515 etiam
3630 5449 3804 5520 ineius

2255 5543 2358 5597 tidc
2383 5545 2717 5613 succederet,
2743 5562 3134 5620 quereremus,
3160 5551 3287 5621 quia
3308 5550 3528 5607 difﬁcile
3553 5557 3633 5605 est
3649 5538 3807 5601 conti-

2256 5635 2433 5703 nuari,
2465 5651 2587 5711 qua:
2611 5638 2755 5695 bona
2779 5649 2943 5709 sunt;
2968 5657 3092 5697 nam
3120 5643 3222 5699 sibi
3252 5657 3402 5716 saepe
3440 5638 3658 5698 alternis
3688 5624 3809 5691 vici-
