4010 6210
229 309 328 368 fit!

1130 292 1462 351 EPISTULA
1495 294 1585 347 AD
1620 282 1894 343 PATRES
1928 277 2222 335 CONCILII
2256 274 2595 331 AFRICANI.

3359 265 3463 325 650

239 427 341 483 bus
374 420 603 480 adversa
650 419 964 476 succedunt.
1015 436 1032 467 ι
1095 417 1175 470 An
1227 415 1505 469 Romanus
1552 406 1794 478 pontifex
1826 419 1869 471 Α
1899 414 2023 453 cum
2059 398 2239 465 enim,
2268 396 2425 463 juxta
2451 393 2673 460 vulgare
2707 387 2923 442 cﬂ‘atnm
2946 428 2962 454 ,
2995 402 3148 441 amor
3178 394 3271 440 aut
3309 399 3465 452 pares

240 516 478 566 Atticum
530 512 827 583 appellaret
870 525 1055 564 verum
1088 509 1146 563 S.
1179 506 1408 561 Joannis
1433 501 1803 572 Chrysostomi

201 619 629 669 successorem,
671 603 717 658 si
774 602 985 656 Atticus
1025 601 1165 655 nihil
1201 613 1439 669 unquam
1486 594 1703 649 fecisset
1738 591 1803 646 ad

242 697 598 771 reparandam
652 694 987 765 illegitimam
1020 693 1165 748 sedis
1193 687 1808 759 Constantinopolitanae

247 790 600 851 invasioncm,
626 795 688 840 ut
715 784 1094 840 Tillcmontius
1122 784 1285 838 nimis
1313 793 1516 837 temere
1541 778 1808 835 afﬁrmat?

251 883 430 943 Adde,
467 877 820 933 Caelestinum
863 890 1057 945 papam
1113 876 1165 928 in
1213 873 1398 927 eadem
1456 869 1697 940 Epistola
1740 868 1807 921 ad

256 971 549 1026 Nestorium
581 968 715 1023 satis
746 966 1008 1032 indicare,
1035 965 1181 1036 quod
1212 963 1424 1019 Atticus
1454 978 1578 1017 cum
1614 960 1809 1016 Roma-

251 1063 328 1117 nis
370 1059 720 1130 pontificibus
768 1058 1063 1113 amicitiam
1110 1057 1374 1120 coluerit,
1426 1056 1554 1110 dum
1607 1044 1807 1108 ibidem

245 1154 345 1207 col.
374 1152 471 1206 561
518 1154 583 1206 de
615 1151 779 1205 nimia
827 1149 1063 1207 Nestorii
1104 1163 1229 1219 erga
1274 1146 1594 1217 Pelagianos
1627 1146 1808 1200 indul-

240 1244 416 1312 gentia
448 1242 530 1294 sic
571 1241 970 1309 conqueritur:
1017 1257 1036 1289 ε
1077 1236 1415 1307 Ejicerentur
1447 1234 1717 1303 denique,
1760 1233 1806 1287 si

241 1332 336 1388 ubi
383 1347 607 1402 quoque
657 1330 909 1387 similiter
937 1330 1304 1400 displicerent.
1348 1328 1459 1382 Cur
1507 1336 1688 1381 tamen
1720 1340 1804 1389 ea,

240 1443 362 1496 qua:
383 1426 439 1480 in
465 1426 566 1481 hos
596 1437 727 1481 tunc
757 1434 886 1480 sunt
912 1435 1053 1490 acta,
1079 1430 1420 1493 quaeruntur,
1446 1434 1572 1474 cum
1599 1425 1806 1499 certum

237 1519 332 1585 sit,
378 1517 530 1572 illinc
574 1518 641 1573 ad
688 1532 789 1571 nos
832 1532 865 1570 a
893 1515 1162 1570 catholico
1191 1524 1321 1570 tunc
1362 1514 1600 1568 antistite
1629 1512 1808 1567 Attico

245 1619 399 1679 gesta
443 1606 687 1665 directa?
713 1609 828 1664 Cur
861 1624 969 1663 non
995 1618 1197 1663 sanctae
1222 1608 1500 1663 memoriae
1533 1606 1809 1662 Sisinnius

241 1705 346 1758 ista
390 1703 672 1774 (ιιιπείνὶιῖ
700 1702 836 1770 Quia
864 1703 1049 1773 utique
1091 1702 1192 1758 sub
1222 1703 1508 1757 decessore
1535 1717 1636 1756 suo
1685 1714 1809 1769 pro-

243 1795 469 1852 baverat
517 1811 611 1851 eos
652 1795 776 1864 jure
818 1794 1124 1850 damnatos.
1164 1813 1182 1846 ι
1239 1793 1376 1849 Hinc
1428 1795 1563 1849 satis
1625 1793 1808 1862 liquet,

244 1886 305 1941 S.
339 1888 580 1943 Atticum
610 1888 839 1943 amicam
878 1888 1184 1942 litterarum
1221 1886 1658 1943 communionem
1687 1899 1809 1939 curn

245 1978 489 2035 Ecclesia
514 1980 757 2035 Romana
790 1995 1163 2036 conservasse.

320 2115 417 2171 27.
453 2115 592 2171 Idem
626 2115 866 2187 pontifex
901 2115 955 2170 in
981 2112 1221 2185 Epistola
1249 2118 1317 2169 ad
1341 2117 1538 2169 clerum
1572 2124 1619 2167 et
1652 2129 1816 2183 popu-

246 2209 364 2263 lum
392 2206 1031 2279 Constantinopolitanum
1056 2218 1201 2263 tomo
1229 2207 1431 2262 Labbei
1460 2207 1710 2276 proxime
1734 2206 1815 2260 ci-

246 2308 388 2365 tato,
430 2300 534 2355 col.
562 2299 688 2364 565,
719 2309 836 2369 post
878 2299 1179 2353 celebratas
1206 2301 1265 2354 S.
1297 2296 1670 2369 Cbrysostomi
1703 2296 1820 2349 lauv

247 2392 365 2459 des,
394 2392 463 2447 de
483 2392 629 2447 illius
655 2406 970 2447 successore
999 2392 1072 2445 ita
1105 2390 1344 2460 loquitur
1372 2406 1384 2441 :
1428 2410 1446 2441 ί
1486 2388 1644 2444 Rexit
1672 2388 1815 2443 enim

248 2492 457 2537 sanctae
484 2483 761 2537 memoriae
783 2482 1070 2552 episcopus
1095 2483 1307 2537 Atticus
1327 2481 1697 2538 Christianum
1725 2496 1819 2549 po-

245 2579 440 2646 pnlum
473 2575 776 2633 decessoris
806 2579 1078 2649 exemplo,
1104 2587 1158 2634 et
1186 2577 1479 2648 sacrilegos
1504 2584 1821 2644 persecutus

247 2679 332 2724 cst
361 2668 746 2725 haereticorum
776 2669 1007 2727 furores.
1044 2689 1062 2722 ι
1090 2669 1354 2725 Praeterea
1384 2668 1708 2723 leestinus
1730 2681 1823 2720 eo-

245 2757 374 2813 dem
430 2767 603 2824 torno,
643 2759 748 2815 col.
786 2759 941 2827 1075,
979 2761 1034 2815 S.
1071 2758 1453 2814 Maximianum
1510 2757 1819 2828 episcopum

244 2847 913 2920 ConstantinOpolitanum
937 2892 953 2916 ,
997 2852 1125 2920 quia
1152 2864 1276 2906 eum
1310 2851 1368 2905 S.
1395 2850 1575 2905 Attico
1599 2849 1826 2919 conjun-

246 2940 507 2997 ctissime
541 2943 768 3009 vixerat,
813 2945 917 2999 hoc
958 2944 1131 3016 elogio
1158 2954 1316 2999 ornat
1345 2963 1358 2998 :
1394 2962 1413 2996 ι
1451 2945 1525 2998 ita
1565 2944 1709 2998 enim
1738 2957 1823 2998 re-

250 3035 667 3090 verendissimaa
696 3037 974 3093 memoriae
1001 3038 1118 3091 viro
1162 3039 1362 3101 Attico,
1395 3035 1672 3092 catholicae
1701 3036 1821 3093 fidei

248 3128 651 3196 propugnatori
679 3126 997 3192 fortissimo,
1022 3136 1200 3184 mente
1221 3129 1418 3199 pariter
1446 3138 1499 3183 et
1524 3128 1700 3185 ofﬁcio
1743 3145 1827 3185 co-

252 3217 526 3284 haerebat,
570 3226 629 3273 ut
655 3219 767 3290 jam
802 3229 929 3276 ttmc
979 3219 1146 3276 futuri
1178 3221 1233 3274 in
1263 3220 1451 3275 eodem
1485 3220 1829 3290 episcopatus

250 3312 501 3382 insignia
525 3313 901 3381 praelucerent.
932 3332 950 3366 θ
978 3314 1045 3368 At
1069 3329 1135 3369 ex
1165 3313 1268 3368 hac
1293 3313 1411 3383 ipsa
1435 3311 1493 3368 S.
1516 3312 1828 3368 Maximiani

245 3414 383 3455 cum
402 3401 593 3457 Attico
618 3403 1000 3473 conjunctione
1029 3404 1383 3459 confirmatur
1407 3404 1588 3474 opinio
1610 3414 1823 3459 nostra:

1908 490 2144 546 inveniat
2189 496 2283 541 aut
2330 485 2530 547 faciat,
2587 482 2711 552 quis
2759 479 2913 533 facile
2957 478 3142 533 credat
3187 478 3466 531 sanctissi-

1908 596 2055 633 mum
2076 577 2465 632 Maximianum
2496 583 2604 627 tam
2632 572 2788 626 firmo
2818 569 3069 624 amicitiae
3097 567 3314 620 vinculo
3347 579 3477 619 con-

1904 672 2150 742 junctum
2201 669 2368 724 fuisse
2415 667 2543 722 huic
2584 665 2822 736 praesuli,
2872 663 2918 718 si
2968 662 3178 716 Atticus
3206 658 3466 714 manserit

1909 763 2143 833 injustus
2195 759 2465 816 cathedra:
2506 755 3119 825 Constantinopolitanze
3163 765 3461 823 possessor,

1911 871 1976 910 ac
2006 855 2130 910 talis
2161 854 2346 915 fuerit,
2377 852 2593 923 qualem
2628 848 3004 903 Tillcmontius
3051 843 3324 915 depinxit?
3365 843 3470 896 De-

1913 946 2074 1016 nique
2108 946 2246 1001 idem
2277 941 2518 1014 pontifex
2549 941 2848 1002 Romanus,
2898 937 3150 991 columna
3188 941 3471 1003 sequente,

1910 1038 2055 1093 hunc
2104 1036 2160 1091 S.
2221 1035 2612 1090 Maximianum
2671 1033 2745 1086 ita
2802 1030 3104 1083 hortatur:
3163 1042 3183 1077 ι
3235 1022 3472 1094 Sequere

1911 1129 2176 1199 priorum,
2208 1144 2240 1182 a
2271 1129 2472 1198 quibus
2498 1125 2745 1181 eruditus
2774 1138 2833 1177 es
2861 1135 2914 1176 et
2940 1118 3200 1184 nutritus,
3224 1116 3472 1185 exempla

1910 1221 2224 1292 pontificum
2250 1218 2585 1287 ;beatissimi
2602 1216 2825 1273 Joannis
2853 1216 2905 1270 in
2938 1211 3279 1283 praedicando
3304 1213 3475 1264 scien-

1911 1315 2066 1380 tiam,
2117 1313 2289 1369 sancti
2332 1312 2494 1366 Attici
2529 1312 2582 1365 in
2634 1305 2990 1382 repurgandis
3020 1303 3319 1359 haeresibus
3344 1299 3477 1372 vigi-

1910 1406 2152 1467 lantiam,
2188 1404 2491 1463 decessoris
2521 1403 2596 1456 tui
2637 1398 2883 1463 Sisinm'i,
2916 1397 3074 1466 cujus
3107 1404 3157 1451 te
3193 1408 3477 1449 successo-

1910 1513 2022 1553 rem
2053 1496 2347 1562 credimus,
2380 1495 2679 1564 simplicem
2707 1492 3015 1562 puritatem.
3065 1509 3083 1540 ν

1979 1585 2071 1640 28.
2094 1584 2328 1640 Sanctus
2352 1584 2580 1654 Prosper
2606 1584 2659 1637 in
2686 1585 2927 1637 carmine
2950 1580 3022 1634 De
3054 1578 3302 1648 ingratis,
3330 1575 3477 1646 quod

1910 1679 2204 1734 novissime
2246 1676 2492 1742 Parisiis,
2546 1693 2687 1731 anno
2720 1675 2879 1740 1711,
2908 1674 3047 1728 inter
3078 1672 3197 1741 ejus
3235 1668 3406 1738 Opera
3446 1683 3476 1722 a

1842 1800 1884 1855 Β
1913 1771 2018 1826 col.
2047 1770 2151 1824 115
2178 1770 2380 1823 editum
2411 1777 2514 1835 est,
2544 1768 2718 1823 zelum
2747 1766 2909 1821 Attici
2941 1772 3130 1820 contra
3158 1761 3479 1827 Pelagianos

1914 1861 2110 1917 ibidem
2144 1861 2248 1915 col.
2288 1859 2383 1914 121
2419 1859 2675 1930 praedicat
2697 1859 2783 1914 bis
2814 1857 3062 1912 versibus
3095 1872 3107 1907 :

1988 1951 2127 2017 Quid
2163 1951 2348 2021 loquar
2372 1962 2420 2005 et
2445 1968 2651 2014 curam,
2692 1967 2883 2020 magna
2911 1964 3068 2019 quam
3095 1947 3251 2021 gessit
3277 1946 3333 2000 in
3354 1944 3480 1997 urbe

1987 2015 2467 2089 Constantinopoli,
2501 2023 2654 2075 docto
2681 2015 2845 2074 bonus
2878 2015 2964 2073 ore
2993 2015 3240 2071 sacerdos

1987 2094 2214 2155 Atticus,
2244 2094 2464 2161 antiqua
2493 2092 2688 2161 legatos
2719 2091 3085 2161 hwreticornm

1986 2161 2324 2231 Confutando
2346 2158 2486 2230 ﬁde?
2511 2158 2583 2215 De
2608 2178 2712 2231 qua
2738 2171 2859 2215 tunc
2892 2160 3055 2231 impia
3089 2158 3270 2231 corda,

1990 2229 2242 2296 Quamvis
2274 2248 2327 2285 se
2348 2229 2589 2285 abducta
2612 2229 2847 2302 tegerent
2875 2229 3127 2284 velamine
3162 2229 3332 2302 forma

1989 2302 2213 2368 Judicii,
2246 2311 2294 2355 et
2330 2303 2509 2356 tacin
2539 2298 2770 2355 tulerant
2804 2310 3064 2355 tormenta
3098 2298 3339 2368 repulsw.

1920 2393 2186 2449 Praetereo
2217 2394 2307 2447 hic
2333 2393 2581 2462 quaedam
2614 2392 2854 2448 Orientis
2881 2390 3136 2456 concilia,
3181 2402 3302 2459 quae
3338 2390 3483 2441 anti-

1922 2487 2099 2541 stitem
2137 2486 2288 2541 illum
2328 2487 2464 2542 tanti
2513 2484 2779 2551 fecerunt,
2824 2492 2884 2538 ut
2914 2484 3054 2537 inter
3076 2482 3212 2536 alios
3270 2488 3490 2534 sanctos

1920 2578 2112 2635 Patres
2140 2580 2342 2649 scripta
2374 2579 2518 2634 beati
2553 2579 2718 2634 Attici
2754 2578 3017 2633 adversus
3045 2573 3327 2630 haereticos
3360 2570 3486 2626 cita-

1926 2673 2053 2727 rint.
2097 2674 2301 2727 Omitto
2343 2673 2504 2729 etiam
2539 2670 2942 2727 Theodoretum
2969 2710 2985 2735 ,
3024 2666 3323 2731 Socratem,
3355 2664 3491 2720 Leo-

1926 2781 2050 2821 nem
2089 2765 2341 2838 Magnum
2388 2780 2609 2834 papam,
2655 2763 2749 2833 qui
2801 2776 2994 2817 omnes
3019 2760 3253 2815 Atticum
3281 2758 3493 2828 magnis

1927 2856 2178 2914 laudibus
2232 2856 2572 2921 extulerunt;
2603 2870 2729 2909 nam
2751 2854 2865 2909 haec
2880 2868 3054 2923 pauca
3075 2862 3384 2907 sanctorum
3408 2851 3491 2904 vi-

1930 2968 2118 3009 rorum
2153 2949 2490 3015 testimonia,
2517 2963 2638 3019 qua:
2665 2946 2731 3001 de
2760 2946 2881 3017 ipso
2915 2943 3290 3014 produximus,
3308 2942 3488 2995 omni—

1929 3045 2033 3099 bus
2060 3040 2391 3097 Tillemontii
2424 3038 2754 3108 conjecturis
2782 3047 2836 3094 et
2864 3034 3302 3092 cavillationibus
3330 3032 3490 3101 longe

1856 3170 1898 3228 α
1930 3134 2279 3206 praeferenda'
2301 3146 2607 3191 censemus.
2658 3130 2813 3186 Nunc
2853 3140 3064 3199 tempus
3112 3136 3212 3193 est,
3261 3135 3322 3181 ut
3372 3134 3496 3196 post

1936 3229 2079 3283 hanc
2112 3227 2479 3282 velitationem
2511 3239 2706 3280 rursus
2736 3222 2884 3277 ﬁlum
2915 3221 3154 3278 historia).
3184 3227 3381 3274 n0straa
3409 3233 3495 3272 ar-

1937 3319 2166 3388 repluri,
2225 3318 2476 3372 finiamus
2506 3315 2772 3372 vindicias
2808 3312 2864 3369 S.
2898 3314 3082 3380 Attici,
3117 3312 3205 3367 cui
3232 3311 3498 3367 successit

1938 3407 1999 3462 S.
2031 3409 2305 3465 Sisinnius
2330 3409 2369 3465 ι.

1018 3770 1135 3880 S.
1234 3769 1734 3883 ATTlCl
1829 3766 2046 3884 ΟΡ.
2145 3768 2780 3883 EPISCOPI

568 4007 1156 4099 EPISTOLA
1228 4008 1376 4096 AD
1450 4005 1899 4096 PATRES
1973 4005 2506 4097 CONCILII
2583 4006 3190 4095 AFRICANI.

872 4199 1191 4255 Aut/tentia:
1222 4198 1431 4253 concilii
1465 4195 1674 4253 Nicwni
1703 4213 1795 4265 per
1820 4193 2137 4251 Marcellum
2171 4196 2549 4251 subdiaconum
2586 4196 2915 4251 transmittit.

1555 4346 1949 4413 (LABBE,Concil.
1960 4388 1973 4409 ,
1998 4346 2061 4409 II,
2091 4348 2223 4398 1673.
2242 4349 2258 4410 )

246 4577 523 4650 Dominis
547 4574 769 4650 sanctis,
803 4572 990 4650 merito
1019 4569 1361 4650 beatissimis
1379 4568 1647 4650 fratribus
1674 4575 1846 4650 coepi-
1880 4574 1922 4628 D
1953 4568 2216 4639 Bithyniae
2239 4584 2270 4622 a
2305 4567 2561 4624 Patribus
2588 4572 2939 4637 constitutos,
2971 4573 3073 4627 sub
3103 4572 3225 4628 fidei
3250 4575 3511 4646 astipula-

326 4647 545 4717 scapis,
577 4643 811 4702 Aurelio,
845 4639 1140 4700 Valentino,
1167 4639 1245 4691 vel
1269 4639 1470 4693 cwteris
1499 4638 1816 4697 cltarissimi:

326 4725 392 4766 in
421 4714 635 4766 ιιιηοάο
684 4712 824 4766 amid
872 4708 1243 4766 Cartltaainem
1291 4710 1477 4763 habita
1524 4711 1816 4766 constituti:

1954 4659 2097 4714 tione
2128 4658 2377 4730 dirigam.
2426 4658 2490 4711 Et
2532 4663 2655 4729 quis
2682 4669 2786 4727 est,
2832 4662 2924 4731 qui
2959 4678 3299 4719 communem
3332 4638 3513 4733 fidem,

326 4725 392 4773 iu
421 4719 635 4789 synodo
664 4719 824 4795 _apud
872 4719 1243 4780 Carthaginem
1291 4719 1477 4763 habita
1524 4719 1816 4766 constituti:

325 4791 561 4845 Atticus
593 4796 884 4853 episcopus.

1951 4750 2038 4806 vel
2069 4758 2272 4806 statuta
2300 4766 2330 4804 a
2362 4749 2618 4807 Patribus
2648 4719 2881 4819 firmata,
2917 4754 3037 4810 suis
3065 4753 3326 4813 fratribus
3350 4719 3514 4814 dene:

1954 4840 2089 4911 get?
2120 4839 2236 4905 Qua
2272 4839 2338 4895 de
2376 4856 2453 4906 re,
2501 4856 2597 4912 per
2626 4844 2874 4898 eumdem
2918 4842 3084 4898 tilium
3142 4861 3322 4900 meum
3375 4846 3517 4900 Mar-

1956 4930 2156 4986 cellum
2210 4930 2604 4986 subdiaconum
2658 4941 2923 4997 vestrum,
2974 4936 3204 4989 nimium
3264 4936 3522 4994 festinati.-

1956 5029 2085 5085 tem,
2112 5022 2255 5075 sicut
2289 5023 2478 5077 statuti
2510 5032 2638 5079 sunt
2666 5025 2721 5079 in
2757 5024 2933 5080 Nicaea
2959 5028 3178 5082 civitate
3204 5042 3233 5080 a
3264 5026 3518 5083 Patribus

330 4941 458 4996 Per
500 4938 673 4993 lilium
696 4940 945 4989 nostrum
976 4930 1288 4985 Marcellum
1322 4928 1719 4985 subdiaconum
1765 4950 1854 4989 ve-

246 5046 459 5095 strum
497 5037 702 5099 scripta
731 5033 927 5081 vestra:
973 5022 1280 5078 dilectionis
1313 5037 1437 5077 cum
1471 5022 1620 5077 omni
1649 5026 1853 5094 gratia-

250 5142 392 5185 rum
430 5124 654 5178 actione
694 5118 929 5187 suscepi,
964 5114 1191 5170 Domino
1235 5115 1438 5184 gratias
1484 5130 1672 5184 agens,
1704 5118 1849 5185 quod
1957 5126 2196 5167 canones
2225 5113 2278 5166 in
2309 5117 2540 5184 integro,
2574 5124 2631 5169 ut
2662 5116 2925 5186 iussistis,
2967 5118 3179 5184 direxi;
3207 5127 3413 5188 petens,
3462 5129 3519 5173 ut

248 5229 461 5273 merui
502 5219 778 5265 tantorum
825 5207 1056 5260 fratrum
1087 5204 1462 5259 benedictione
1492 5205 1718 5275 perfrui,
1750 5205 1847 5260 do-
1958 5222 2056 5278 pro
2085 5223 2171 5260 me
2199 5208 2488 5277 plurimum
2524 5218 2705 5266 vestra
2750 5222 2938 5268 sancta
2972 5213 3318 5282 congregatio
3363 5227 3519 5268 orare

250 5311 409 5367 mini
456 5303 771 5362 beatissimi
826 5301 1039 5356 fratres.
1077 5298 1331 5353 Scribitis
1370 5314 1500 5355 sane
1531 5306 1589 5352 ut
1620 5300 1854 5355 verissi—
1953 5301 2159 5371 jubeat.
2196 5297 2265 5351 Et
2297 5301 2403 5356 alia
2422 5318 2624 5357 manu:
2659 5302 2802 5359 Deus
2832 5311 3016 5360 noster
3056 5304 3401 5360 sanctitatem
3427 5319 3518 5360 ve-

252 5419 390 5463 rnos
426 5410 706 5462 canones,
743 5394 888 5467 apud
935 5391 1168 5448 Nicmam
1201 5391 1472 5447 civitatem
1511 5393 1850 5462 metropolim
1961 5403 2128 5450 stram
2159 5392 2450 5458 custodiat,
2481 5393 2623 5463 quod
2652 5403 2923 5465 optamus,
2954 5395 3131 5451 sancti
3162 5393 3379 5454 fratres.

674 5851 943 5913 ΡΑτιιοι..
974 5854 1087 5915 Gn.
1108 5852 1313 5914 .LXV.
1709 5915 1714 5919 .

3191 5844 3266 5909 21
