4054 6198
544 286 636 340 (iiii

1634 290 1696 349 S.
1738 293 2052 350 PROCLUS
2127 293 2225 349 ΕΡ.
2272 294 2672 358 EPISCOPUS.

3673 290 3767 348 652

3431 470 3752 483 ———-————_

1009 621 1098 709 S.
1157 621 1558 712 ATTICI
1641 623 2226 719 EPISTOLA
2294 628 2444 715 AD
2517 627 2611 715 S.
2691 626 3305 717 CYBILLUM

1660 814 2209 872 ALEXANDRINUM
2265 816 2652 874 EPISCOPUM

1266 969 1343 1027 De
1373 971 1431 1027 S.
1467 970 1696 1028 Joannis
1727 971 2107 1043 Cbrysostomi
2146 974 2367 1029 nomine
2401 973 2676 1045 diptycbis
2706 973 3021 1030 inserendo.

1162 1110 1290 1166 Vide
1318 1114 1454 1168 inter
1479 1112 1540 1169 S.
1575 1113 1770 1185 Cyrilli
1803 1115 2081 1186 epistolas,
2113 1115 2247 1185 Opp.
2287 1126 2414 1170 tom.
2461 1116 2521 1181 V,
2556 1127 2706 1187 parte
2740 1133 2798 1183 ll,
2829 1117 3153 1179 βᾶθί-205.

582 1305 3749 1335 Mm

729 1468 1263 1560 EJUSDEM
1330 1471 1907 1565 EPISTOLA
1970 1477 2122 1565 AD
2191 1478 2677 1569 PETRUM
2750 1481 2899 1569 ET
2969 1481 3580 1572 JEDESIUM.

1333 1660 1524 1719 Exstat
1553 1664 1696 1735 apud
1734 1664 2120 1738 Nicephorum,
2154 1669 2301 1727 Hist.
2336 1673 2519 1727 eccles.
2555 1672 2649 1728 lib.
2680 1688 2793 1738 xrv,
2833 1688 2882 1728 c.
2910 1672 3000 1727 27.

615 1859 3718 1892 Μ

1089 2026 1632 2118 EJUSDEM
1705 2024 2292 2119 EPISTOLA
2341 2027 2490 2115 AD
2545 2027 3235 2155 CALLIOPEN.

1719 2215 1932 2271 Socrat.
1971 2215 2114 2271 Hist.
2151 2216 2331 2273 eccles.
2372 2233 2470 2281 vn,
2502 2217 2590 2272 25.

544 2402 3655 2446 W

1996 2430 2069 2442 ..-

1681 2430 1983 2444 .._..__———_

3343 2432 3717 2444 μ...

1784 2577 1956 2623 ANNO
1994 2577 2218 2623 DOMINI
2259 2578 2510 2623 CDXLVI.

1376 2764 1586 2973 S.
1682 2734 2931 2977 PROCLUS‘

1004 3109 2394 3206 CONSTANTINOPOLITAN
2419 3113 2552 3202 US
2602 3112 3291 3207 EPISCOPUS.

1842 3389 2132 3506 NOT
2154 3395 2492 3507 [ΤΙΑ.

1262 3596 1591 3669 (Gutum,
1646 3596 1761 3652 νει.
1800 3595 1957 3652 Patr.
1990 3597 2244 3655 Biblioth.
2300 3599 2391 3667 IX,
2443 3600 2679 3674 Proleg.,
2713 3618 2764 3673 p.
2817 3604 3030 3673 χχιιι.)

596 3873 637 3926 1.
672 3867 926 3924 Proclum
957 3880 989 3919 a
1019 3866 1279 3937 primaeva
1320 3871 1482 3919 aetate
1510 3862 1712 3918 litteris
1744 3876 1808 3917 ac
1842 3860 2092 3931 disciplio
2118 3873 2163 3930 Α
2194 3868 2756 3932 mineiterum,atque
2781 3862 2975 3919 iterum
3007 3865 3074 3921 ad
3096 3867 3278 3924 sedem
3301 3871 3751 3948 Constantinopo—

521 3965 611 4022 nis
649 3958 980 4018 excolendis
1033 3957 1226 4014 sedulo
1279 3955 1717 4023 incumbentem,
1760 3952 1827 4009 ad
1871 3953 2092 4009 lectoris

521 4056 754 4128 gradum
818 4052 994 4108 fuisse
1056 4057 1392 4123 promotum,
1438 4064 1504 4104 ex
1560 4046 1786 4102 Socrate
1832 4044 2095 4116 intelligi-

527 4163 655 4206 mus
678 4146 777 4219 (a).
797 4142 1003 4200 Deinde
1015 4143 1198 4198 Attico
1215 4142 1472 4213 episc0po
1485 4138 2092 4210 Constantinopolitano

521 4256 742 4313 operam
770 4239 941 4304 dedit,
978 4237 1139 4308 cujus
1160 4236 1328 4293 etiam
1359 4235 1609 4292 notarius
1649 4232 1892 4300 exstitit;
1926 4237 2090 4301 atque

424 4346 438 4361 '
521 4335 590 4389 ab
623 4348 689 4388 eo
721 4331 991 4386 diaconus
1029 4338 1085 4385 et
1114 4330 1403 4402 presbyter
1440 4328 1729 4383 ordinatus
1760 4326 1932 4382 fuisse
1961 4340 2088 4395 per-

519 4426 757 4481 hibetur.
793 4424 1005 4479 lnterea
1054 4430 1270 4476 mortuo
1300 4420 1696 4493 Cyzicenornm
1739 4418 1992 4488 praesule,
2029 4424 2090 4471 ut

520 4517 716 4576 scribit
757 4516 899 4573 idem
938 4515 1195 4571 Socrates
1232 4512 1328 4584 (b),
1366 4512 1647 4569 Sisinnius
1669 4511 1834 4566 Attici
1860 4524 2087 4565 succes-

517 4626 634 4673 sor,
659 4609 728 4666 ad
759 4610 908 4664 illam
938 4606 1228 4680 regendam
1253 4605 1554 4662 Ecclesiam
1587 4605 1905 4674 episcopum
1937 4601 2087 4656 ordi-

510 4701 690 4755 navit.
721 4699 788 4752 At
825 4713 949 4753 eum
993 4703 1387 4768 praevertentes
1423 4694 1699 4766 Cyziceni,
1730 4693 1919 4755 alium,
1957 4690 2086 4745 Dal-

514 4793 744 4847 ntatium
776 4789 1016 4854 nomine,
1035 4789 1140 4843 sibi
1172 4787 1487 4858 episcopum
1518 4783 1964 4840 constituendum
1998 4797 2088 4838 cu-

512 4891 726 4938 rarunt.
773 4879 1302 4951 Constantinopolim
1355 4877 1539 4947 itaque
1575 4875 1790 4932 rediens
1827 4874 2081 4939 Proclus,

513 4976 585 5031 ibi
633 4975 945 5047 frequenter
988 4972 1370 5028 concionando
1411 4984 1662 5042 magnam
1702 4968 1787 5024 sui
1841 4967 2083 5022 nominis

514 5067 886 5122 celebritatem
929 5071 1264 5119 consecutus
1300 5070 1383 5117 εει
1419 5058 1510 5133 (ε).
1544 5059 1645 5115 Vir
1674 5058 1800 5123 fuit,
1844 5059 1888 5114 si
1922 5057 2081 5128 quis--

513 5174 671 5226 quam
724 5159 901 5223 alius,
938 5154 1165 5228 Optimis
1195 5156 1442 5211 moribus
1492 5153 1774 5225 prteditus.
1816 5151 1936 5219 Quo
1982 5165 2082 5204 no-

603 5340 655 5423 ει)
681 5341 908 5423 _S_ocr_a_t._
934 5339 1079 5395 Hist.
1102 5337 1232 5423 eget.
1263 5339 1358 5395 lib.
1390 5353 1485 5404 vn,
1512 5352 1633 5409 cap.
1666 5337 1755 5391 Μ.

582 5408 654 5479 (b)
681 5408 758 5465 ιιι.
800 5412 929 5466 ibid.
960 5427 1082 5481 cap.
1116 5412 1204 5465 28.

581 5481 656 5561 (lci
790 5480 922 5561 ibid:
947 5496 1067 5551 cap.
1099 5480 1204 5561 ΗΔ,

582 5547 661 5618 (ά)
689 5545 767 5600 Id.
802 5549 933 5603 ibid.
964 5545 1122 5620 capp.
1150 5551 1242 5617 26,
1274 5548 1366 5613 29,
1399 5548 1489 5606 55.

2193 3954 2420 4009 litanam
2444 3953 2816 4023 occupandam
2835 3957 3020 4027 populi
3038 3960 3179 4015 votis
3192 3965 3483 4033 expetitus.
3498 3969 3610 4024 sive
3639 3980 3754 4041 post

2190 4053 2422 4101 mortem
2439 4044 2605 4100 Attici
2621 4055 2675 4100 et
2701 4045 2952 4114 Sisinnii,
2966 4049 3081 4105 sive
3096 4062 3220 4122 post
3238 4055 3635 4117 abdicationem
3651 4062 3756 4119 Ne-

2190 4136 2371 4199 storii,
2400 4142 2459 4188 ut
2491 4145 2684 4191 auctor
2705 4146 2789 4203 est
2811 4139 3043 4195 subinde
3063 4141 3314 4201 laudatus
3334 4146 3634 4207 historicus
3650 4154 3758 4225 (d);

2189 4227 2639 4291 tandem,eodem
2673 4232 2919 4303 teste(e),
2942 4244 3062 4301 post
3078 4233 3469 4294 Maximianum
3500 4241 3613 4299 fato
3634 4244 3762 4301 inn-

2187 4330 2336 4376 ctum
2365 4320 2663 4375 Areobindo
2689 4331 2738 4376 et
2762 4320 2964 4391 Aspare
2992 4341 3154 4392 6088.,
3180 4328 3351 4397 pridie
3373 4329 3506 4387 Idus
3528 4336 3758 4404 Apriles.

2190 4410 2240 4464 id
2275 4418 2359 4465 est
2399 4424 2544 4465 anno
2578 4409 2781 4465 Christi
2817 4412 2943 4475 454,
2992 4414 3046 4468 ἱη
3089 4413 3238 4471 illius
3277 4415 3539 4477 Ecclesia-
3578 4426 3766 4494 ponti-

2187 4501 2330 4557 ﬁcali
2376 4501 2578 4556 throno
2611 4511 2696 4556 est
2734 4501 3062 4559 collocatus.
3103 4504 3204 4571 Qui
3245 4519 3535 4579 postquam
3585 4515 3765 4573 multa

2186 4609 2288 4665 pro
2318 4593 2424 4648 ﬁde
2458 4594 2731 4651 catholica
2758 4598 3154 4668 propugnanda
3180 4600 3441 4669 prmelare
3468 4607 3758 4675 gessisset,

2186 4687 2397 4743 exactis
2437 4686 2492 4741 in
2548 4686 2850 4759 Byzantina
2902 4690 3032 4745 sede
3080 4692 3242 4748 annis
3291 4708 3418 4760 xm,
3458 4704 3513 4751 et
3549 4698 3762 4769 aliquot

2186 4781 2492 4842 mensibus.
2526 4796 2557 4836 e
2591 4782 2729 4835 vivis
2759 4781 2977 4837 demum
3007 4787 3245 4840 excessit
3279 4801 3425 4842 anno
3473 4789 3577 4845 447
3611 4792 3760 4849 desi-

2183 4882 2368 4928 nente.
2405 4871 2481 4927 De
2508 4873 2610 4928 hac
2644 4880 2824 4927 tamen
2856 4876 3118 4945 temporis
3145 4879 3432 4934 notatione
3458 4882 3510 4935 in
3548 4899 3753 4940 annum

2183 4972 2236 5019 et
2257 4964 2399 5019 diem
2430 4961 2611 5017 Procli
2633 4964 3013 5032 emortualem,
3038 4966 3181 5021 haud
3206 4982 3442 5025 concors
3475 4981 3657 5028 exstat
3686 4976 3756 5028 vi-

2184 5071 2367 5111 rorum
2389 5054 2728 5110 eruditorum
2750 5059 3045 5122 sententia,
3075 5068 3134 5114 ut
3161 5060 3348 5116 videre
3375 5071 3459 5117 est
3484 5065 3629 5135 apud
3656 5063 3759 5119 Pa-

2186 5149 2336 5220 gium
2362 5146 2429 5219 (ι’)
2460 5163 2524 5203 ac
2549 5147 2964 5205 Tillemontium
2987 5150 3083 5223 (g),
3113 5167 3253 5224 quos
3284 5154 3543 5210 consulas
3566 5157 3754 5211 velim.

2104 5339 2146 5394 Β
2248 5332 2316 5402 (e)
2350 5332 2428 5403 id.
2464 5332 2596 5388 ibid.
2628 5347 2751 5403 cap.
2779 5333 2868 5389 to.

2245 5404 2311 5477 (τ’)
2347 5402 2500 5477 litigi.
2534 5403 2599 5457 ad
2626 5402 2754 5458 ann.
2788 5403 2915 5477 ﬁt?!
2947 5403 3009 5477 §§
3040 5405 3071 5459 8
3101 5420 3255 5477 seqq.

2247 5476 2332 5552 (gl
2356 5473 2571 5552 Tilleni.
2621 5481 2755 5532 tom.
2795 5472 3126 5548 X\’l,'pagg.
3175 5472 3274 5533 7i7
3305 5486 3359 5535 et
3399 5478 3524 5550 799,
3556 5488 3676 5539 not.
3718 5484 3759 5538 2
3823 5545 3830 5552 η

2173 5559 2266 5597 sur
2294 5543 2352 5599 S.
2386 5544 2590 5603 Procle.

569 5714 588 5738 ’⁵
608 5722 775 5781 Attico
793 5724 879 5779 ΟΡ.
916 5725 1143 5775 Proetum
1165 5732 1217 5775 et
1236 5726 1522 5777 Flavianum
1542 5729 1635 5780 CP.
1664 5726 1914 5789 jungimus
1932 5725 2152 5789 quamvis
2174 5725 2348 5775 ordine
2376 5725 2724 5788 chronologico
2744 5724 2982 5787 Juniores.
3004 5724 3139 5778 Εειτ.
