4054 6198
264 260 403 339 ess

1720 286 2017 341 ΝΟΤΙΤῙᾹ.

3407 296 3514 356 65L

360 394 427 452 ll.
456 393 716 448 Doctrina
739 403 792 449 et
815 394 1129 464 eloquentia
1158 398 1449 466 plurimum
1475 399 1714 454 valuisse
1741 414 1861 455 san-
1891 408 1934 463 Α
1961 401 2200 455 codicum
2246 402 2426 471 aliqua
2476 402 2754 457 collatione
2789 419 2850 457 ac
2888 420 3018 458 nova
3052 408 3281 462 rersione
3311 406 3517 472 (melio-

293 497 445 543 ctum
476 484 750 549 Proclum,
784 486 837 539 id
872 502 999 541 vero
1030 505 1094 543 ex
1122 500 1359 544 veterum
1390 491 1711 546 testimoniis
1738 506 1855 560 qua:

294 579 448 632 illius
486 576 743 646 operibus
772 578 1158 645 praemisimus,
1198 579 1357 649 plane
1387 587 1721 648 compertum
1757 579 1855 633 ha-

296 672 510 725 bemus.
537 668 833 738 Complura
866 669 1090 739 scripsit
1131 669 1322 725 beatus
1352 671 1570 740 praesul,
1606 685 1724 740 quae
1770 680 1855 723 ta-

297 778 424 817 men
460 761 526 814 ad
569 774 667 814 nos
708 775 880 829 usque
919 760 1063 815 haud
1099 762 1280 816 omnia
1334 776 1646 831 pervenere.
1686 761 1857 827 Quid-

298 852 427 925 quid
452 861 632 907 autem
656 868 723 909 ex
754 852 874 920 ejus
901 853 1203 907 litterarum
1232 853 1582 908 monimentis
1606 854 1855 923 detegere

300 946 470 1025 licuit.
508 944 784 1005 homilias,
809 944 1088 1013 epistolas.
1131 943 1453 1014 fragmenta,
1484 953 1615 1006 etc..
1647 960 1707 999 ea
1736 954 1859 1015 post

300 1033 757 1089 Elmenhorstium
797 1034 1087 1103 diligenter
1115 1034 1252 1091 satis
1291 1034 1506 1105 collegit
1546 1034 1858 1092 Vincentius

296 1126 620 1189 Biccardus,
670 1141 734 1181 ac
758 1125 946 1182 Latine
963 1127 1169 1182 reddita
1194 1135 1249 1182 et
1300 1126 1587 1184 uberrimis
1617 1129 1860 1183 animad-

293 1220 643 1275 versionibus
706 1218 968 1272 adornata
1021 1234 1164 1274 anno
1226 1218 1399 1281 1650.
1432 1218 1687 1274 Romanis
1719 1219 1859 1290 typis

292 1310 594 1365 commisit.
646 1308 996 1364 Postmodum
1032 1308 1212 1365 Procli
1262 1310 1525 1364 Homilias
1562 1311 1675 1365 sive
1727 1308 1861 1364 Ora—

295 1405 477 1477 tiones
519 1419 590 1456 xx
633 1402 698 1456 ad
745 1418 873 1458 mss.
896 1402 1119 1459 codices
1147 1402 1439 1464 recensuit,
1470 1403 1647 1457 denuo
1674 1400 1862 1457 Latine

295 1495 462 1547 vertit
540 1505 604 1545 ac
675 1490 931 1546 brevibus
996 1491 1142 1547 notis
1214 1491 1469 1547 instruxit
1536 1490 1861 1546 Franciscus

298 1583 668 1639 Combelisius
713 1582 814 1654 (a),
849 1583 915 1638 de
945 1573 1254 1653 hujusmodi
1285 1599 1385 1640 suo
1425 1585 1653 1638 consilio
1694 1584 1861 1637 lecto-

301 1692 417 1732 rem
470 1676 543 1730 ita
600 1676 866 1730 monitum
919 1676 1146 1731 reddens
1201 1675 1314 1744 (b):
1359 1675 1535 1731 Visum
1572 1685 1648 1731 est
1695 1677 1864 1730 sancti

1962 491 2088 562 res),
2117 492 2221 545 luci
2255 492 2444 546 iterum
2467 491 2689 559 publica:
2718 492 2845 547 dare
2870 509 2888 546 .'
2922 494 3091 549 oalrre
3128 497 3297 566 jussis
3330 500 3517 567 spissis

1961 584 2092 647 illis,
2132 601 2222 638 nec
2261 601 2384 638 raro
2419 585 2676 655 parergis,
2709 595 2799 639 aut
2825 588 2982 640 etiam
3011 589 3182 643 minus
3211 590 3518 661 quandoque

1963 677 2098 741 aptis
2136 674 2381 729 Riccardi
2424 677 2561 730 notis
2598 693 2615 729 :
2649 678 2728 729 uti
2771 693 2862 731 nec
2903 677 3132 732 instituti
3173 680 3341 734 nostri
3380 681 3518 733 ratio

1962 777 2145 821 nostra
2174 768 2256 820 hic
2289 769 2445 837 plura
2479 767 2752 837 praescribi
2775 768 2920 823 sinit.
2951 756 3022 808 ὲ·-
3049 770 3179 836 ραω
3217 772 3380 825 textui
3410 772 3520 824 elu-

1964 858 2188 913 cidando
2226 860 2520 913 necessaria
2546 858 2875 923 uidebuntur,
2909 859 2964 913 in
2997 858 3217 930 singulis
3245 860 3382 915 brevi
3406 878 3520 915 ora-

1967 950 2195 1005 tionibus
2226 950 2518 1020 expediam.
2562 949 2689 1005 llaec
2716 951 2804 1005 ille
2840 969 2853 1005 :
2903 949 3060 1019 cujus
3088 960 3375 1021 propterea
3403 953 3519 1007 edi—

1966 1042 2190 1107 tionem,
2229 1042 2294 1095 ad
2328 1041 2581 1097 homilias
2611 1041 2753 1113 quod
2793 1041 3006 1108 attinet,
3043 1050 3230 1113 utpote
3261 1051 3523 1114 praestan-

1968 1133 2179 1199 tiorem,
2220 1130 2597 1187 Riccardianze
2640 1131 3045 1187 anteferendam
3084 1134 3428 1199 censuimus;
3468 1141 3523 1188 et

1967 1220 2159 1275 breves
2188 1220 2570 1276 adnotationes
2601 1237 2737 1291 quas
2775 1221 2955 1276 editor
2977 1221 3045 1275 ad
3078 1222 3282 1278 calcem
3311 1222 3522 1293 rejecit,

1967 1312 2189 1367 lectoris
2228 1312 2515 1367 commodo
2543 1312 2913 1376 consulentes,
2950 1312 3015 1366 ad
3042 1329 3169 1369 oras
3201 1315 3523 1386 paginarum

1967 1404 2336 1475 subjiciendas
2372 1405 2647 1462 duximus.
2687 1405 2913 1475 Reliqua
2974 1422 3137 1476 porro
3155 1423 3220 1462 ex
3256 1407 3527 1462 Riccardo

1967 1497 2392 1567 desumpsimus.
2426 1494 2566 1563 Quid
2596 1506 2777 1552 autem
2811 1514 2988 1569 operte
3016 1498 3197 1552 studio
3227 1506 3438 1561 nostro,
3469 1499 3523 1553 in

1968 1586 2144 1641 Procli
2175 1587 2422 1655 epistolis
2458 1587 2800 1658 potissimum
2834 1586 3192 1650 exeudendis,
3226 1586 3524 1657 praestituit:

1970 1678 2062 1741 sit,
2094 1679 2294 1733 notulte
2325 1679 2565 1749 produnt
2603 1694 2739 1749 quas
2774 1679 2974 1749 ubique
3018 1677 3376 1733 subdidimus.
3414 1676 3527 1733 Cat-

301 1768 488 1824 Procli
520 1768 821 1830 Orationes,
871 1768 1133 1822 Vincentio
1164 1768 1421 1822 Itaccardo
1460 1767 1638 1824 Romae
1668 1771 1856 1831 editus,
1893 1780 1933 1834 Β
1962 1778 2138 1824 terum
2194 1769 2340 1823 haud
2398 1769 2562 1825 fuerit
2616 1770 2878 1834 otiosum,
2926 1768 3195 1849 judicium
3254 1768 3529 1839 perlegere

303 1861 428 1914 aliis
463 1861 659 1915 nostris
691 1858 875 1930 quibus
899 1861 1126 1915 maxime
1156 1861 1384 1931 Deipara
1418 1860 1572 1931 Virgo
1603 1861 1697 1916 hoc
1721 1871 1861 1915 tonio

301 1952 616 2020 celebratur,
657 1951 975 2024 adjungere;
1026 1952 1306 2024 multisque
1348 1952 1583 2021 partibus
1631 1964 1861 2016 nostras,

392 2126 468 2196 (α)
503 2124 746 2179 Comiter.
774 2126 997 2196 Auctar.
1028 2139 1155 2196 nov.
1188 2124 1255 2180 ad
1279 2124 1528 2179 Biblioth.
1563 2122 1701 2192 PP.,
1742 2135 1871 2182 tom.

302 2192 348 2258 1,
374 2192 528 2265 pagg.
554 2195 813 2251 ὅθι-496.
845 2198 999 2251 Paris
1048 2194 1205 2250 1648.

384 2267 460 2335 (ὁ)
495 2267 570 2319 Id.
615 2267 746 2321 ibid.
783 2283 905 2339 pag.
931 2267 1057 2322 «667.

1967 1859 2114 1928 quod
2156 1858 2223 1914 de
2265 1860 2489 1931 scriptis
2537 1869 2729 1915 sancto
2774 1858 2969 1916 Proclo
3018 1859 3241 1914 tributis
3281 1857 3403 1913 tulit
3455 1857 3524 1911 cl.

1969 1950 2349 2009 Tillemontius
2380 1953 2471 2026 (ο).

2050 2124 2122 2195 (c)
2154 2122 2369 2198 tinem.
2396 2134 2526 2198 tom.
2553 2123 2692 2192 XVI,
2724 2140 2880 2198 pagg.
2912 2125 3015 2181 718
3035 2132 3089 2181 et
3117 2124 3220 2180 800
3242 2139 3383 2196 seq.,
3412 2131 3525 2180 not.

1976 2197 2011 2249 5
2042 2194 2134 2249 sur
2164 2196 2221 2249 S.
2264 2194 2471 2250 Procle.

2158 2467 2382 2477 .—.—.——

2387 2467 2757 2479 ———_—_—.__..

1372 2627 1881 2720 NOTITIA
1949 2626 2454 2718 ALTERA.

608 2820 897 2893 (FESSLEB,
932 2817 1299 2874 I'nstitutiones
1332 2817 1826 2891 Patrologicwtomi
1859 2819 1992 2884 duo,
2024 2817 2330 2893 (Enipente
2360 2822 2519 2878 1851.
2557 2853 2626 2862 --
2653 2824 2806 2878 Tom.
2840 2823 2902 2888 ll,
2934 2841 3053 2897 pag.
3088 2827 3238 2895 577.)

360 3047 437 3104 ‘S.
484 3046 736 3110 Proclus,
774 3046 953 3101 adhuc
999 3044 1319 3099 adolescens
1361 3042 1419 3099 S.
1476 3043 1672 3100 Joanni
1703 3045 1874 3120 Chry-

298 3147 555 3195 sostomo
584 3138 858 3209 imprimis
887 3137 1110 3201 charus,
1149 3151 1245 3207 per
1266 3138 1409 3192 sacri
1444 3137 1734 3193 ministerii
1759 3155 1869 3210 gra.

297 3233 413 3286 dus
446 3232 503 3285 in
548 3229 793 3285 Ecclesia
832 3227 1439 3298 Constantinopolitano
1473 3229 1541 3283 ad
1574 3231 1875 3302 presbyteri

300 3325 637 3396 dignitatem
658 3321 924 3377 ascendit.
958 3319 1008 3377 ls
1036 3337 1158 3376 cum
1216 3335 1268 3374 a.
1288 3320 1392 3376 496
1441 3335 1470 3374 a
1500 3319 1738 3377 Sisinnio
1765 3325 1872 3394 epi-

301 3432 481 3485 scopo
530 3414 1130 3484 Constantinopolitano
1178 3412 1360 3484 Cyzici
1397 3415 1685 3485 episcopus
1724 3417 1873 3471 ordi-

296 3516 474 3562 natus
511 3514 677 3573 esset,
714 3506 860 3561 cives
899 3505 1020 3573 ejus
1061 3504 1269 3575 oppidi,
1301 3505 1612 3574 priusquam
1650 3504 1874 3562 Proclus

294 3602 443 3655 illnc
475 3615 535 3653 se
567 3598 862 3661 conferret,
898 3599 1063 3652 alium
1092 3597 1193 3653 sibi
1223 3598 1536 3668 episcopum
1574 3598 1871 3669 elegerunt.

300 3691 434 3757 Quo
462 3698 764 3759 comperto,
798 3687 1026 3744 Proclus
1058 3686 1210 3757 pacis
1253 3702 1442 3742 amans
1485 3685 1874 3744 Constantino-

300 3784 422 3854 poli
456 3784 778 3852 permansit,
806 3781 988 3851 ibique
1016 3780 1371 3835 concionibus
1400 3778 1467 3833 ad
1492 3781 1750 3851 populum
1781 3782 1876 3837 ha-

305 3875 447 3931 bitis
485 3875 779 3944 plurimum
812 3872 1069 3927 inclaruit
1112 3871 1212 3943 td).

381 3965 739 4021 Postmodum
773 3964 864 4019 ubi
890 3962 1176 4018 Nestor-ius
1200 3978 1417 4019 errores
1448 3979 1578 4021 suos
1607 3963 1878 4020 Constan—

308 4059 547 4128 tinopoli
579 4056 941 4112 disseminare
963 4055 1149 4125 erepit,
1179 4053 1405 4111 Proclus
1451 4056 1763 4112 adhucdum
1801 4058 1876 4113 ibi

299 4155 549 4224 degens,
599 4150 952 4205 celeberrima
1007 4148 1252 4204 oratione
1296 4149 1507 4228 publice
1552 4150 1605 4203 in
1648 4150 1878 4206 ecclesia

313 4246 530 4307 habita.
574 4255 793 4299 strenue
842 4256 938 4298 eos
981 4240 1337 4311 impugnavit.
1389 4240 1485 4296 Vir
1530 4241 1633 4297 fuit
1668 4244 1881 4299 eximlze

306 4336 676 4407 benignitatis
703 4343 759 4390 et
805 4333 1267 4397 mansuetudinis,
1300 4348 1402 4388 nec
1449 4334 1676 4391 minoris
1718 4336 1881 4390 indu-

304 4430 491 4487 striae.
538 4441 666 4498 qua,
718 4427 847 4482 licet
884 4425 992 4479 vim
1038 4434 1316 4480 externam
1364 4433 1554 4480 contra
1598 4426 1881 4485 haereticos

308 4518 569 4573 adhiberi
593 4518 778 4581 nollet,
808 4524 1058 4573 errantes
1085 4527 1264 4571 tamen
1294 4515 1511 4572 assidue
1538 4533 1635 4588 pro
1653 4520 1882 4574 veritate

306 4612 610 4668 decertans
651 4611 1001 4680 victoriaeque
1055 4618 1313 4665 assuetus
1362 4609 1416 4663 in
1447 4609 1588 4664 viam
1636 4611 1880 4666 veritatis

1976 3051 2111 3104 itum
2151 3048 2224 3121 (a.
2266 3047 2393 3119 4⁸54)
2427 3046 2481 3101 in
2527 3047 2675 3103 illius
2716 3045 2971 3102 Ecclesia:
3007 3046 3303 3118 pontiﬁcali
3339 3049 3537 3104 throno

1984 3141 2285 3196 collocatus
2321 3148 2405 3195 est
2446 3139 2543 3210 (1');
2580 3139 2873 3210 statimque
2916 3140 3231 3211 synodicam
3268 3140 3337 3195 ad
3369 3139 3538 3212 Cyril-

1978 3234 2088 3285 lum
2124 3231 2565 3295 Alexandrinum,
2597 3230 2856 3286 Joannem
2870 3231 3271 3295 Antiochenam,
3306 3232 3539 3304 aliosque

1982 3321 2211 3378 Orientis
2243 3323 2511 3392 episcopos
2542 3322 2711 3387 misit,
2747 3337 2855 3392 qua
2882 3323 2950 3378 de
2986 3339 3084 3379 sua
3123 3322 3539 3380 continuatione

1975 3428 2071 3468 eos
2132 3413 2396 3470 certiores
2448 3412 2696 3468 redderet
2757 3413 2853 3485 (g).
2882 3412 3105 3469 Biennio
3142 3426 3263 3486 post
3301 3415 3373 3485 (a.
3411 3416 3538 3489 456)

1975 3512 2179 3558 exortae
2232 3512 2362 3559 sunt
2404 3504 2527 3560 lites
2569 3506 2637 3560 de
2688 3503 3019 3570 Theodoro,
3080 3506 3424 3578 Mopsuestia
3481 3509 3537 3565 in

1976 3594 2172 3649 Cilicia
2217 3595 2346 3649 olim
2374 3596 2649 3666 episcopo,
2690 3605 2817 3650 ante
2854 3597 3037 3666 plures
3076 3596 3188 3667 jam
3238 3614 3409 3655 annos
3441 3599 3537 3655 de-

1979 3684 2186 3748 functo,
2223 3684 2317 3756 qui
2343 3685 2398 3739 in
2433 3686 2587 3741 libris
2635 3686 2752 3742 suis
2800 3687 2958 3757 longe
2996 3687 3214 3758 lateque
3246 3689 3539 3745 celebratis

1976 3777 2227 3835 Nestorio
2258 3778 2427 3834 facem
2454 3779 2783 3849 praetulerat.
2809 3777 3120 3834 Doctrinam
3142 3795 3206 3835 ex
3236 3781 3359 3835 istis
3384 3782 3539 3836 libris

1977 3878 2283 3943 excerptam
2336 3870 2663 3938 Nestoriani,
2698 3871 2996 3940 praesertim
3063 3871 3120 3925 in
3175 3871 3430 3926 Armenia
3486 3879 3541 3927 et

1977 3962 2199 4031 Persia,
2235 3963 2339 4020 sub
2384 3961 2856 4018 commendatione
2903 3962 3037 4017 tanti
3069 3964 3307 4019 nominis
3345 3979 3542 4034 propa-

1979 4071 2109 4125 gare
2154 4056 2334 4112 conati
2365 4062 2515 4111 sunt.
2567 4055 2761 4110 Verum
2802 4053 3037 4111 Aeacius
3082 4054 3441 4112 Melitinensis
3485 4065 3540 4112 et

1953 4146 2217 4221 .Rabulas
2250 4145 2563 4202 Edessenus
2586 4145 2897 4215 episcopus,
2923 4160 2983 4199 re
3012 4145 3251 4217 cognita,
3272 4148 3541 4204 Armenes

1982 4244 2312 4292 monuerunt
2337 4236 2402 4292 de
2429 4237 2670 4293 cavendo
2695 4252 2883 4292 errore
2908 4238 3116 4309 magnis
3146 4251 3205 4293 se
3225 4237 3542 4295 nominibus

1982 4338 2228 4399 tegente;
2257 4330 2460 4385 Ciliciae
2489 4339 2670 4384 autem
2716 4329 2982 4401 episcopi,
3026 4330 3332 4401 patrocinio
3358 4329 3542 4388 Theo-

1982 4421 2102 4476 dori
2139 4431 2417 4493 suscepto,
2447 4423 2644 4478 litteris
2673 4422 2728 4477 in
2759 4422 3071 4478 Armeniam
3095 4422 3323 4479 directis
3355 4425 3543 4480 Acacii

1982 4523 2035 4569 et
2077 4513 2299 4585 [tabulae
2349 4516 2552 4570 monita
2588 4515 2806 4571 nonnisi
2837 4532 2904 4571 ex
2953 4515 3136 4572 studio
3179 4517 3546 4573 contentionis

1983 4605 2224 4676 profecta
2265 4610 2675 4664 asseverabant.
2728 4607 2912 4679 Itaque
2959 4608 3230 4678 oppositis
3287 4608 3545 4679 utrinque

308 4702 587 4759 reducere
634 4702 915 4773 satagebat
957 4700 1048 4772 (e).
1090 4700 1438 4770 Quapropter
1475 4702 1671 4756 iterum
1715 4710 1878 4775 atque
1912 4738 1955 4792 ο
1982 4700 2210 4756 vocibus
2258 4701 2313 4755 in
2368 4716 2568 4771 anceps
2616 4699 2820 4757 redacti
2869 4700 3140 4773 Armenia:
3188 4700 3430 4772 episcopi
3490 4701 3545 4756 in

305 4798 541 4856 lterum,
570 4800 630 4847 ut
662 4793 842 4848 sedem
869 4792 1528 4862 Constantinopolitanam
1561 4802 1876 4864 occuparet,

306 4886 501 4956 populi
537 4885 676 4938 votis
702 4883 995 4953 expetitus,
1039 4883 1253 4938 tandem
1284 4891 1409 4953 post
1435 4883 1750 4939 Maximiani
1782 4884 1880 4939 ob—

388 5064 470 5135 (ά)
490 5063 714 5135 Socrati.
752 5060 959 5135 Hister.
984 5061 1166 5135 eccles.
1196 5058 1289 5113 lib.
1320 5076 1414 5135 vt_t2
1445 5075 1493 5135 (ξ.
1526 5060 1615 5125 98,
1648 5062 1746 5135 Η.
1769 5062 1872 5135 έὸς

301 5130 606 5203 Nicephori
631 5132 834 5203 Hister.
853 5130 1034 5203 eccles.
1056 5132 1267 5203 libJuv,
1287 5131 1443 5203 c._58;
1462 5131 1751 5203 Epliragmjj
1769 5131 1873 5202 By-

302 5198 523 5261 zantini
549 5202 835 5274 Cntalogus
856 5200 1281 5274 patriarcharum
1312 5198 1795 5269 Constantinopol.,
1812 5198 1871 5255 ἦ.

301 5274 555 5330 9714—19
592 5275 644 5328 in
676 5269 775 5336 Af;
812 5272 941 5326 Maii
981 5269 1132 5341 Noua
1165 5269 1365 5325 collect.
1409 5281 1631 5325 veterum
1660 5275 1871 5341 script.,

301 5358 351 5401 t.
405 5345 491 5401 ΙΙΙ.
525 5360 578 5414 p.
632 5360 670 5405 ι,
714 5359 766 5413 p.
796 5342 922 5414 229.
952 5340 1036 5395 Cl‘.
1070 5339 1361 5414 Tillemont
1396 5342 1429 5394 ι.
1464 5358 1537 5408 c.,
1566 5357 1615 5409 p.
1650 5339 1835 5414 60496.

415 5410 768 5485 (e)'S_ocra‘t.
804 5412 1007 5485 Ilistor.
1041 5411 1223 5485 cedes.
1245 5410 1518 5485 Ᾱίὺμνιι.
1548 5426 1598 5466 c.
1630 5414 1693 5485 .ii
1715 5454 1729 5474 ,
1763 5413 1868 5477 ης

305 5485 373 5541 S.
406 5479 517 5539 Leo
554 5483 803 5553 lepist.
828 5481 954 5544 155.
984 5496 1035 5535 c.
1071 5482 1095 5535 1
1122 5479 1423 5553 ;§_.Cyril!.
1458 5482 1751 5553 Alexandr.
1784 5498 1871 5553 ep.

304 5558 379 5612 51
448 5554 607 5624 (Opp.
650 5550 691 5607 ι.
725 5552 788 5616 V,
819 5569 873 5622 p.
908 5569 967 5612 ιι,
1004 5568 1057 5624 p.
1101 5550 1626 5624 l95);_’_SyAnodicon
1687 5550 1871 5608 Casii).

307 5641 366 5681 c.
409 5621 532 5678 157:
559 5621 653 5679 Cf.
690 5621 981 5676 'l‘illemont
1015 5623 1050 5674 Ι.
1083 5637 1130 5675 c.
1168 5637 1219 5688 p.
1256 5621 1436 5676 706-9.

391 5695 460 5764 (1⁵)
515 5694 725 5749 Soerat.
761 5692 904 5764 Hist.
952 5691 1131 5746 eccles.
1155 5692 1263 5764 lib.
1307 5708 1399 5756 vn,
1435 5706 1483 5745 c.
1516 5691 1605 5758 26,
1651 5693 1753 5758 ‘29,
1787 5694 1874 5757 55,

311 5760 431 5833 4οξ
468 5764 764 5836 Synodicon
795 5762 998 5827 (lusim,
1032 5781 1079 5815 υ.
1120 5760 1235 5815 125.

1980 5337 2163 5396 conn.
2194 5356 2246 5393 c.
2278 5339 2414 5400 144,
2464 5337 2587 5405 145,
2641 5339 2762 5398 168.
2800 5338 2920 5396 M9.
2963 5338 3085 5392 158.
3118 5340 3202 5395 Cf.

1980 5419 2019 5465 t.
2050 5409 2190 5471 XIV,
2227 5409 2287 5480 S.
2333 5408 2551 5480 Cyrille,
2605 5406 2839 5480 art._i'21
2869 5407 3105 5480 (p._572,
3145 5409 3291 5480 5T5).
3323 5440 3396 5451 --
3426 5412 3545 5467 Alia

1977 5482 2224 5550 qmedam
2260 5479 2318 5535 S.
2351 5477 2526 5534 l‘rocli
2558 5477 2842 5550 synodica,
2887 5477 3047 5550 cujus
3077 5477 3283 5534 mentio
3314 5479 3548 5537 habetur

1978 5546 2033 5607 in
2067 5551 2392 5605 Theodoreti
2425 5546 2708 5619 epi_st.‘86,
2742 5548 3030 5614 posteriori
3066 5557 3312 5619 tempore
3340 5552 3544 5619 scripta

1980 5623 2221 5692 videtur,
2254 5619 2337 5673 Cf.
2390 5617 2757 5692 Pf‘Cottstaut
2790 5619 3135 5692 i_u__epistolis
3181 5617 3403 5692 pontiﬁ'.
3436 5617 3544 5676 lio—

1986 4793 2218 4849 concilio
2270 4801 2608 4857 statuerunt,
2648 4793 2900 4848 Proetum
2945 4808 3009 4848 ea
3036 4791 3104 4850 de
3145 4808 3206 4849 re
3239 4793 3546 4860 consulere,

1988 4885 2056 4939 ad
2084 4901 2245 4955 quem
2284 4886 2425 4942 duos
2467 4886 2814 4956 presbyteros
2852 4885 3060 4955 legatos
3106 4885 3372 4941 miserunt
3420 4900 3545 4941 cum

2053 5061 2125 5130 (g)
2172 5060 2493 5115 Prommium
2522 5059 2676 5127 hujus
2705 5059 2990 5129 synodica',
3036 5059 3105 5114 de
3142 5076 3245 5130 qua
3281 5061 3422 5115 haud
3455 5062 3543 5116 in.

1983 5130 2240 5201 frequens
2266 5132 2404 5200 apud
2428 5138 2639 5201 veteres
2667 5139 2763 5201 est
2797 5130 3021 5201 ruentia,
3069 5132 3332 5201 exstat‘iu
3367 5130 3540 5201 Syno-

1980 5196 2098 5254 dico
2133 5196 2432 5258 Casinensi.
2466 5215 2514 5253 c.
2539 5199 2651 5270 _150
2679 5198 2786 5270 (ed.
2813 5196 3044 5270 Schulze
3078 5216 3175 5270 ep.
3212 5198 3355 5270 129),
3399 5196 3454 5270 ἐι
3488 5202 3542 5257 in

1982 5272 2118 5339 Opp.
2160 5269 2334 5324 Procli
2378 5270 2483 5339 ed.
2519 5267 2793 5330 Galland.,
2826 5285 2912 5339 ep.
2953 5269 3051 5339 17.
3077 5267 3200 5323 Vid.
3247 5267 3545 5339 Sy'nodicon

3300 5341 3547 5397 illemout

1983 5709 2152 5755 mam,
2185 5691 2443 5745 Monitum
2480 5690 2532 5743 in
2568 5688 2624 5745 S.
2663 5687 2811 5756 Xysti
2846 5684 3023 5761 lli—ep.
3057 5690 3144 5745 10.
