4054 6198
452 286 555 344 659

1531 290 1586 343 S.
1632 289 1947 346 PHOCLUS
1985 291 2089 348 (ΣΡ.
2128 292 2524 350 EPISCOPUS.

3555 295 3664 353 660

447 400 588 484 cius,
632 402 717 456 vir
765 400 908 470 pius,
953 406 1007 455 et
1048 398 1116 455 ad
1164 406 1437 458 certamen
1487 405 1748 461 adversus
1785 424 1879 463 eos
1909 410 1999 478 qui

2113 411 2365 481 Πρόκλος,
2387 413 2522 483 ἀνὴρ
2545 412 2790 483 εὐσεϐὴς,
2812 414 2901 466 καὶ
2925 414 3032 477 τοῖς
3054 413 3121 466 τὰ
3139 412 3277 484 ὀρθὰ
3308 410 3665 480 διαστρέφω-

448 482 568 563 qua:
596 499 740 548 recta
779 499 926 557 sunt,
960 501 1294 563 pervertunt,
1320 497 1668 562 exercitatus,
1694 507 1747 554 et
1768 515 1832 553 ex
1859 502 2000 555 veri-

445 583 575 638 tatis
608 580 909 638 assertione
947 583 1227 639 victoriam
1254 594 1533 655 reportare
1559 603 1826 645 assuetus.

2011 708 2087 767 II.

2106 520 2189 557 σιν
2220 503 2644 557 ἀνταποδύεσθαι
2680 504 3083 576 μεμελετηκὼς,
3120 505 3202 558 ὃτι
3235 504 3329 557 καὶ
3369 503 3526 572 νικᾷν
3549 500 3671 566 ἔθος

2105 593 2251 665 αύτῷ
2283 592 2639 665 πρεσϐεύοντι
2656 594 2754 665 τὴν
2785 594 3059 665 ἀλήθειαν.

1477 828 1754 885 Socnnes
1785 828 1926 885 Hist.
1950 832 2091 885 ccci.
2133 833 2223 885 tib.
2257 846 2353 898 vu,
2387 849 2504 900 cap.
2534 831 2624 887 26.

514 936 646 992 Orta
678 946 763 994 est
795 947 974 996 autem
1020 949 1143 1011 post
1176 942 1384 999 obitum
1432 943 1598 1000 Attici
1644 946 1812 1000 multa
1854 947 2001 1002 circa

445 1026 840 1084 ordinationem
885 1031 1125 1103 episcopi
1175 1036 1472 1100 contentio,
1538 1036 1669 1091 dum
1725 1037 1815 1091 alii
1864 1038 2002 1094 alios

445 1119 789 1189 quaerebant:
834 1138 957 1178 nam
1003 1125 1220 1195 quidam
1266 1127 1570 1199 Philippum
1604 1130 1999 1201 presbyterum,

446 1215 693 1269 nonnulli
745 1227 883 1270 vero
918 1215 1168 1272 Proclum
1221 1218 1461 1274 ordinari
1517 1222 1836 1290 cupiebant:
1886 1231 2003 1277 erat

447 1313 624 1361 autem
652 1316 706 1363 et
752 1309 799 1364 is
840 1309 1137 1381 presbyter.
1198 1312 1572 1368 Communiter
1613 1330 1740 1369 vero
1770 1326 2002 1369 cunctus

448 1398 679 1468 populus
704 1398 1001 1455 Sisinnium
1040 1402 1282 1457 ordinari
1314 1404 1551 1473 Optabat.

2187 949 2430 1019 Ἐγένετο
2451 949 2508 1003 δὲ
2533 948 2672 1019 μετὰ
2691 949 2789 1019 τὴν
2819 949 3073 1020 τελευτὴν
3114 949 3357 1004 ’Δττικοῦ
3387 949 3554 1022 πολλὴ
3580 969 3676 1022 φι-

2105 1043 2339 1097 λονεικία
2380 1043 2507 1115 περὶ
2561 1042 2888 1114 χειροτονίας
2929 1042 3247 1107 ἐπισκόπου,
3294 1042 3469 1097 ἄλλων
3511 1044 3681 1099 ἄλλον

2103 1133 2433 1205 ζητούντων
2485 1134 2628 1198 τινὲς
2658 1134 2755 1205 μὲν
2790 1133 2921 1205 γὰρ,
2954 1134 3105 1203 φησὶ,
3129 1133 3394 1188 Φίλιππον
3418 1133 3509 1188 τὸν
3539 1152 3681 1206 πρεσ-

2103 1221 2360 1292 σϐύτερον
2405 1221 2649 1292 ἐζήτουν.
2691 1223 2832 1284 τινες
2867 1220 2925 1274 δέ
2954 1220 3228 1291 Πρόκλον·
3279 1220 3375 1274 καί¹
3413 1217 3566 1286 οὗτος
3612 1220 3676 1274 ὦ

2102 1312 2465 1383 πρεσϐύτερος
2482 1307 2570 1382 ἦν.
2613 1313 2779 1383 Κοινῇ
2800 1312 2857 1365 δὲ
2883 1313 2992 1375 πᾶς
3016 1314 3046 1366 ὁ
3068 1310 3191 1376 λαὸς
3216 1312 3399 1366 ἐπόθει
3426 1311 3678 1381 γίνεσθαι

2103 1402 2384 1456 Σισίννιον.

1776 1518 1907 1574 lusu
1932 1518 2085 1583 ibid.,
2126 1533 2244 1586 cap.
2271 1515 2361 1570 28.

515 1626 726 1683 Mortuo
745 1627 1129 1701 Cyzicenorum
1156 1636 1430 1706 episcopo,
1452 1636 1723 1695 Sisinnius
1740 1636 1988 1694 Proclum

2169 1637 2275 1690 Τοῦ
2301 1635 2623 1708 Κυζικηνῶν
2659 1636 2953 1690 ἐπισκόπου
2982 1635 3420 1707 τελευτήσαντος,
3440 1637 3470 1688 ὁ
3499 1635 3673 1690 Σισίν-

444 1717 623 1790 Cyzici
670 1721 939 1776 ordinavit
992 1723 1326 1795 episcopum.
1382 1724 1515 1781 Cum
1568 1728 1747 1798 itaque
1775 1728 2000 1785 Proclus

2113 1744 2208 1790 Ito;
2244 1726 2484 1798 Πρόκλον
2512 1726 2880 1798 ἐχειροτόνησε
2914 1726 3049 1797 πρὸς
3099 1727 3405 1799 ἐπισκοπὴν
3430 1728 3526 1799 τῆς
3559 1728 3672 1778 Κυ-

444 1810 701 1881 Cyzicum
748 1821 892 1869 esset
935 1814 1298 1885 profecturus,
1329 1828 1706 1889 praevenerunt
1735 1836 1860 1875 cum
1898 1820 2028 1893 (Ξῖ-μ

446 1904 640 1965 τὶροηί.
694 1919 757 1961 ac
796 1907 970 1963 virum
1010 1910 1338 1983 religiosum,
1393 1916 1610 1968 nomine
1653 1912 2000 1977 Dalmatium,

448 1996 853 2054 ordinaverunt.
909 2000 974 2054 Et
1006 2002 1107 2058 hoc
1141 2002 1383 2060 fecerunt
1419 2005 1664 2077 neglecta
1720 2007 1834 2077 lege
1885 2023 2005 2079 qua:

445 2088 637 2157 jubet,
683 2107 751 2146 ne
806 2104 998 2163 praeter
1047 2098 1367 2153 sententiam
1416 2097 2004 2170 Constantinopolitani

447 2181 705 2254 episcopi,
739 2185 844 2239 ulla
877 2186 968 2240 liat
988 2190 1227 2260 episcopi
1265 2190 1554 2246 ordinatio.
1596 2189 1791 2261 Legem
1824 2199 2004 2244 autem

448 2272 605 2327 istam
654 2273 773 2331 ideo
818 2278 1189 2349 neglexerunt,
1224 2279 1369 2351 quod
1419 2296 1483 2334 ea
1527 2280 1593 2334 ad
1642 2279 1811 2335 solius
1844 2277 2007 2331 Attici

450 2379 734 2431 personam
779 2368 884 2422 lata
939 2373 1245 2439 pertineret.
1314 2369 1511 2426 Mansit
1559 2373 1740 2440 itaque
1784 2368 2010 2424 Proclus

449 2453 940 2528 Constantinopoli,
973 2470 1023 2515 et
1067 2461 1190 2515 licet
1226 2460 1478 2517 Ecclesia:
1524 2476 1635 2516 suae
1672 2476 1779 2516 non
1813 2476 2008 2530 praees-

450 2554 552 2609 set,
587 2547 641 2600 in
670 2550 919 2604 ecclesiis
947 2559 1123 2606 tamen
1153 2550 1770 2622 Constantinopolitanis
1804 2550 2007 2605 docen-

451 2631 520 2688 do
546 2633 746 2690 ﬂoruit.

1768 2786 1896 2842 lucu
1927 2787 2079 2856 ibid.,

518 2892 648 2951 Post
677 2894 1071 2968 depositionem
1099 2915 1228 2955 vero
1248 2900 1499 2969 Nestorii,
1521 2918 1714 2960 rursus
1742 2904 2016 2976 discepta-

452 2986 529 3041 tio
557 2996 676 3043 erat
696 2988 762 3044 de
786 2990 1035 3062 eligendo
1063 2994 1338 3065 episcopo.
1375 2994 1440 3048 Et
1463 2997 1619 3051 multi
1645 2991 1860 3067 quidem
1885 2998 2014 3052 Phi-

2106 1819 2278 1883 ζίκου.
2326 1818 2624 1883 Μέλλοντος
2668 1814 2761 1873 οὖν
2799 1818 3004 1889 διάγειν
3036 1819 3122 1872 ἐπ’
3156 1819 3345 1892 αὐτὴν,
3384 1820 3677 1890 φθάνουσιν

2105 1913 2151 1963 οξ
2174 1908 2472 1981 Κυζικηνοὶ
2517 1911 2608 1963 καὶ
2640 1908 3033 1981 χειροτονοῦσιν
3067 1909 3233 1981 ἄνδρα
3265 1911 3579 1981 ἀσκητικὸν,
3629 1905 3676 1979 ᾧ

2106 2006 2276 2075 ὄνομα
2305 2000 2372 2076 ἦν
2398 2002 2719 2075 Δαλμάτιος.
2754 2004 2862 2056 Καὶ
2889 2003 3035 2055 τοῦτ’
3068 2003 3348 2074 ἐποίησαν,
3374 2002 3675 2073 ἀμελήσαν-

2107 2114 2198 2160 τες
2233 2095 2326 2149 τοῦ
2376 2097 2539 2166 νόμου
2583 2094 2678 2148 τοῦ
2730 2094 3060 2160 κελεύοντος,
3114 2095 3265 2167 παρὰ
3306 2094 3533 2166 γνώμην
3576 2094 3676 2148 τοῦ

2110 2189 2405 2241 ἐπισκόπου
2433 2187 3068 2253 Κωνσταντινουπόλεως,
3097 2186 3425 2260 χειροτονίαν
3456 2188 3680 2241 ἐπισκό-

2110 2298 2213 2334 που
2276 2280 2349 2352 μὴ
2388 2280 2650 2350 γίνεσθαι.
2697 2281 3003 2351 Ἠμέλησαν
3049 2280 3105 2332 δέ
3145 2278 3237 2332 τοῦ
3271 2280 3434 2351 νόμου
3463 2279 3675 2344 τούτου,

2108 2373 2181 2436 ὡς
2209 2372 2438 2443 Ἀττικῷ
2458 2373 2601 2443 μόνῳ
2624 2375 2704 2436 είς
2729 2373 3015 2445 πρόσωπον
3042 2371 3497 2443 παρασχεθέντος.
3519 2373 3683 2442 Ἔμε-

2109 2481 2197 2517 νεν
2229 2461 2321 2518 οὖν
2348 2467 2376 2519 ό
2405 2465 2664 2536 Πρόκλος,
2713 2465 2919 2530 οἰκείας
2951 2465 3051 2537 μὲν
3077 2464 3398 2533 Ἐκκλησίας
3432 2467 3509 2535 μὴ
3543 2481 3687 2533 προ⁵

2108 2556 2299 2619 εστ-ὼς,
2329 2556 2384 2608 ἐν
2406 2556 2462 2608 δὲ
2480 2559 2598 2619 ταῖς
2619 2555 2933 2626 ἐκκλησίαις
2951 2554 3050 2626 τῆς
3063 2553 3683 2617 Κωνσταντινουπόλεως

2113 2663 2180 2715 με
2192 2645 2250 2698 τὰ
2272 2645 2369 2710 τὰς
2398 2646 2740 2712 διδασκαλίας
2763 2646 2957 2701 ἀνθῶν.

2109 2806 2224 2859 cap.
2260 2791 2349 2846 35.

2180 2909 2334 2963 Μετὰ
2380 2910 2436 2964 δὲ
2478 2913 2577 2981 τὴν
2602 2912 2895 2983 Νεστορίου
2943 2911 3281 2982 καθαίρεσιν,
3338 2911 3499 2964 πάλιν
3550 2911 3691 2982 περὶ

2111 3001 2367 3073 ἐπιλογῆς
2394 3002 2689 3056 ἐπισκόπου
2731 3005 2955 3074 ζήτησις
2984 2999 3073 3074 ἦν.
3116 3003 3226 3056 Καὶ
3260 3003 3440 3056 πολλο)⁵
3467 3003 3566 3074 μὲν
3587 3002 3687 3054 Φί-

453 3078 677 3149 lippum,
709 3081 891 3151 plures
917 3099 1046 3140 vero
1065 3082 1315 3140 Proclum
1342 3087 1647 3159 eligebant;
1676 3098 1730 3145 et
1751 3090 2011 3147 obtinuis-

2113 3088 2330 3155 λιππον,
2380 3089 2593 3155 πλείους
2634 3091 2692 3144 δὲ
2744 3091 2834 3144 τὸν
2886 3092 3128 3163 Πρόκλον
3179 3092 3494 3162 ἐπελέγοντο
3517 3111 3532 3123 ’
3583 3094 3686 3146 καὶ

452 3181 535 3226 set
569 3187 700 3229 sane
725 3173 902 3230 Procli
926 3177 1140 3241 electio,
1186 3179 1289 3235 nisi
1321 3188 1601 3250 potentum
1631 3182 1877 3236 nonnulli
1906 3184 2007 3238 ob-

453 3263 739 3331 stitissent,
778 3281 985 3323 canone
1029 3269 1396 3326 ecclesiastico
1426 3272 1698 3341 prohiberi
1723 3272 2005 3329 dicentes:

453 3352 530 3408 Ne
559 3355 843 3425 quisquam
895 3358 1180 3429 episcopus
1237 3360 1329 3415 uni
1375 3361 1623 3418 addictus
1668 3365 1911 3422 ecclesiae
1942 3365 2012 3420 ad

454 3443 617 3497 aliam
646 3445 918 3503 civitatem
945 3449 1329 3505 transferatur.
1363 3449 1476 3508 Hoc
1508 3453 1655 3509 dicto
1680 3469 1743 3510 ac
1779 3456 2009 3521 credito,

454 3543 677 3595 coactus
698 3546 781 3595 est
815 3540 1046 3613 populus
1064 3542 1430 3613 acquiescere.

1757 3680 1884 3736 locu
1920 3681 2050 3736 ibid.
2063 3722 2076 3746 ,

526 3792 625 3860 Qui
660 3802 785 3848 tunc
809 3793 913 3848 ista
942 3790 1124 3848 dicere
1160 3796 1338 3848 conati
1373 3804 1520 3861 sunt,
1549 3796 1633 3850 vel
1667 3796 1867 3851 invidia
1896 3796 2011 3851 fue-

460 3892 585 3940 runt
627 3899 755 3955 erga
783 3881 1033 3939 Proclum
1073 3882 1279 3950 infecti,
1329 3887 1412 3940 vel
1455 3895 1508 3941 et
1555 3902 1815 3973 canones,
1864 3903 2013 3957 qua:-

345 3990 352 4000 ‘
457 3995 522 4034 ve
567 3990 937 4048 saepenumero
981 3976 1183 4031 utiliter
1236 3977 1288 4031 in
1341 3980 1587 4035 ecclesiis
1631 3988 1782 4050 gesta
1838 3979 2010 4047 fuere,

457 4067 796 4137 ignorabant.

2110 3178 2411 3250 ἐκράτησεν
2442 3179 2508 3234 ἂν
2558 3182 2592 3252 ὴ
2624 3181 2866 3253 Πρόκλου
2918 3182 3132 3253 γνώμη,
3178 3185 3226 3236 εί
3267 3185 3340 3256 μή
3391 3200 3536 3247 τινες
3571 3182 3689 3238 τῶν

2115 3272 2323 3343 μεγάλα
2353 3272 2662 3344 δυναμένων
2707 3275 3006 3339 ἐκώλυσαν,
3036 3278 3325 3348 φήσαντες,
3354 3278 3554 3333 κανόνα
3588 3277 3688 3329 ἐκ-

2108 3362 2490 3434 κλησιαστικὸν
2523 3363 2877 3426 κωλύειν.τὺν
2908 3365 3272 3435 ὀνομασθέντα
3305 3365 3447 3429 τινὸς
3475 3365 3690 3428 πόλεως

2111 3456 2405 3509 ἐπίσκοπον
2448 3458 2528 3520 είς
2578 3456 2771 3528 ἑτέραν
2829 3457 3223 3531 μεταφέρεσθαι
3275 3457 3446 3511 πόλιν.
3510 3455 3703 3509 Τοῦτο

2112 3548 2296 3619 λεχθὲν
2315 3549 2410 3603 καὶ
2436 3549 2740 3617 πιστευθὲν,
2767 3551 2858 3604 τὸν
2883 3551 3010 3605 λαὸν
3029 3550 3319 3622 ἡσυχάζειν
3341 3549 3680 3621 ἠνάγκαζεν.

2107 3699 2219 3752 cap.
2253 3684 2341 3739 56.

2188 3798 2251 3851 Οἱ
2279 3798 2396 3851 τότε
2418 3799 2589 3853 ταῦτα
2621 3799 2801 3867 λέγειν
2850 3801 3305 3872 ἐπιχειρήσαντες,
3350 3800 3464 3854 ἀλλ’
3509 3799 3542 3872 ἦ
3576 3818 3692 3853 κα-

2117 3890 2552 3944 τασκευάσασθαι
2590 3891 2768 3963 φθόνῳ
2810 3890 2887 3962 τῷ
2940 3893 3077 3964 πρὸς
3126 3894 3218 3948 τὸν
3245 3892 3567 3964 Πρόκλον,ῆ
3619 3893 3692 3944 ἀ-

2118 3984 2291 4050 γνοεῖν
2324 3982 2416 4035 κα)⁵
2448 3982 2571 4045 τοὺς
2603 3982 2852 4046 κανόνας,
2887 3984 2979 4036 καὶ
3025 3983 3095 4038 τὰ
3124 3982 3377 4047 πολλάκις
3408 3980 3699 4054 χρειωδῶς

2119 4075 2177 4127 ὲν
2190 4078 2307 4140 ταῖς
2332 4074 2676 4143 Ἐκκλησίαις
2703 4076 2986 4145 γενόμενα.

1778 4210 1905 4265 lusu
1939 4211 2085 4277 ibid.,
2110 4227 2223 4281 cap.
2255 4212 2344 4267 40.

531 4323 886 4380 Maximianus
909 4340 1037 4380 vero
1067 4340 1189 4380 cum
1220 4325 1492 4382 biennium
1523 4341 1587 4380 ac
1615 4342 1833 4382 menses
1854 4327 2014 4398 quin-

2192 4327 2527 4399 Μαξιμιανὸς
2553 4329 2610 4381 δὲ
2642 4328 2734 4381 δύο
2758 4329 3035 4389 ἐνιαυτοὺς
3064 4340 3199 4397 προς
3240 4328 3351 4388 τοῖς
3379 4325 3536 4378 πέντε
3569 4342 3691 4396 μη-

460 4433 565 4487 que
593 4415 846 4471 Ecclesia:
879 4426 1066 4486 pacate
1097 4417 1420 4487 prrel'uisset,
1463 4425 1712 4473 mortuus
1753 4429 1856 4483 est,
1885 4433 2011 4472 con-

2122 4421 2205 4472 σ¹ιν
2236 4419 2452 4491 ἡσύχως
2472 4421 2571 4491 τῆς
2612 4419 2934 4490 Ἐκκλησίας
2965 4416 3223 4490 προστὰς,
3251 4417 3592 4486 ἐτελεύτησεν
3617 4420 3689 4470 ἐν

461 4513 670 4566 salibus
695 4511 1002 4566 Areobindo
1032 4521 1084 4566 et
1116 4516 1341 4581 ASpare,
1386 4511 1704 4566 duodecima
1740 4510 1826 4565 die
1855 4511 2017 4580 Apri-

462 4607 546 4659 lis.
571 4603 780 4659 Accidit
803 4613 1005 4666 autem,
1043 4614 1102 4659 ut
1133 4603 1466 4659 hebdomada
1494 4612 1638 4660 esset
1661 4603 2016 4672 jejuniorum,

463 4693 741 4751 Paschatis
771 4693 909 4749 festo
941 4696 1149 4749 vicina:
1212 4702 1328 4749 erat
1361 4701 1537 4748 autem
1573 4694 1690 4749 dies
1714 4693 1802 4746 illa
1829 4693 2016 4764 quinta

463 4795 671 4842 vocata.
697 4785 850 4840 Tunc
874 4794 1054 4840 autem
1083 4796 1131 4840 et
1157 4784 1495 4841 Theodosius
1517 4787 1809 4855 imperator
1840 4799 2018 4838 causa:

464 4878 590 4933 huic
622 4877 893 4947 sapienter
934 4875 1207 4947 providit:
1260 4874 1458 4930 etenim
1492 4891 1561 4931 ne
1602 4874 1783 4929 denuo
1822 4875 1877 4928 in
1905 4876 2018 4930 ele-

461 4969 637 5026 ctione
662 4966 899 5038 episcopi
923 4966 1245 5036 disceptatio
1267 4965 1521 5029 oriretur,
1550 4973 1603 5020 et
1632 4965 1871 5020 Ecclesia
1897 4979 2019 5034 per-

464 5060 794 5125 turbaretur,
843 5058 1241 5120 incunctanter,
1295 5056 1536 5111 nondum
1588 5056 1807 5110 humalo
1843 5055 2020 5110 Maxi-

464 5150 627 5205 miani
660 5163 909 5220 corpore,
954 5146 1309 5217 prmsentibus
1337 5146 1607 5217 episc0pis
1634 5147 1908 5216 praeepit,
1959 5155 2019 5199 ut

466 5239 714 5296 Proclum
746 5241 1093 5297 ordinarent:
1127 5252 1254 5292 nam
1279 5237 1343 5291 ad
1375 5252 1495 5293 eam
1520 5253 1633 5293 rem
1663 5244 1717 5292 et
1737 5234 2016 5291 leestini

464 5333 698 5402 episcOpi
730 5331 960 5387 Romani
1008 5332 1201 5386 littera:
1246 5345 1368 5400 qua:
1403 5330 1580 5383 allata:
1618 5328 1706 5383 l‘ue
1739 5336 1852 5391 ant,
1888 5343 2018 5381 cnn—

465 5423 783 5489 scntiebant,
805 5442 942 5497 quas
959 5426 1049 5481 ille
1075 5423 1342 5496 etCyrillo
1364 5424 1749 5483 Alexandrino,
1772 5433 1826 5477 et
1849 5420 2016 5477 Joan-

472 5513 524 5567 ni
555 5512 864 5579 Antiochiae,
894 5526 948 5573 et
972 5516 1593 5572 llul‘o'l‘ltessalonicensi
1622 5516 1863 5579 miserat,
1882 5514 2016 5568 nihil

467 5603 724 5671 impedire
753 5606 973 5668 docens.
1005 5623 1127 5662 eum
1166 5609 1257 5677 qui
1296 5609 1387 5662 alii
1414 5618 1557 5664 esset
1590 5607 1844 5662 Ecclesia:
1875 5622 2017 5660 nun-

462 5704 713 5768 cupatus,
736 5695 817 5750 vel
849 5695 1009 5749 etiam
1037 5698 1321 5766 cpiscopus
1348 5708 1513 5765 esset,
1550 5698 1615 5752 ad
1654 5700 1811 5753 aliam
1833 5708 2012 5754 trans.

2125 4513 2356 4584 ὑπατείᾳ
2383 4511 2712 4585 Ἀρεοϐίνδου
2742 4513 2836 4565 καὶ
2860 4512 3160 4582 Ἀσπαρος,
3190 4512 3254 4579 τῇ
3280 4509 3552 4581 δωδεκάτῃ
3582 4508 3688 4561 τοῦ

2134 4605 2439 4676 Ἀπριλλίου
2469 4605 2653 4676 μηνός.
2696 4602 2900 4673 Συνέϐη
2928 4602 2984 4655 δὲ
3010 4604 3066 4654 ἐν
3104 4601 3240 4672 αὐτῇ
3280 4601 3377 4671 τὴν
3410 4599 3690 4669 ἑϐδομάδα

2120 4693 2256 4751 εἶναι
2286 4696 2392 4750 τῶν
2418 4696 2699 4766 νηστειῶν,
2729 4694 2827 4766 τὴν
2851 4693 3255 4763 γειωιάζουσαν
3280 4696 3346 4764 τῇ
3373 4691 3468 4745 τοῦ
3491 4693 3687 4762 Πάσχα

2121 4791 2279 4861 ἑορτῇ
2303 4806 2316 4819 ·
2349 4788 2526 4860 ἡμέρα
2548 4788 2605 4841 δὲ
2630 4783 2696 4858 ἦν
2718 4786 3022 4858 καλουμένη
3052 4786 3296 4857 πέμπτη.
3331 4785 3461 4839 Τότε
3495 4784 3557 4855 δὴ
3585 4786 3689 4838 καὶ

2118 4882 2147 4933 ό
2202 4880 2451 4949 βασιλεὺς
2480 4878 2757 4941 Θεοδόσιος
2803 4877 2982 4946 σοφῶς
3039 4874 3129 4929 τοῦ
3180 4876 3499 4947 πράγματος
3545 4890 3688 4945 προ-

2120 4967 2339 5036 ενόησεν
2362 4983 2376 4996 ·
2410 4965 2498 5019 ἵνα
2521 4965 2628 5037 γὰρ
2656 4965 2728 5037 μὴ
2751 4965 2912 5020 πάλιν
2946 4965 3074 5036 περὶ
3099 4964 3355 5034 ἐπιλογῆς
3382 4962 3686 5017 ἐπισκόπου

2121 5056 2346 5129 ζήτησις
2385 5053 2442 5130 ᾖ,
2500 5058 2594 5110 καὶ
2642 5057 2852 5128 ταραχὴ
2894 5059 2961 5128 τῇ
3000 5054 3293 5127 Ἐκκλησία
3322 5057 3536 5126 κινήσῃ,
3602 5056 3687 5127 μὴ

2123 5148 2410 5221 μελλήσας,
2454 5147 2568 5202 ἀλλ’
2608 5148 2689 5201 ἔτι
2719 5148 2969 5218 κειμένου
3005 5146 3098 5199 τοῦ
3129 5146 3377 5218 σώματος
3406 5146 3689 5215 Μαξιμια-

2118 5241 2208 5297 νοῦ
2233 5245 2344 5305 τοῖς
2371 5241 2632 5312 παροῦσιν
2651 5240 2967 5305 ἐπισκόποις
2989 5239 3289 5311 ἐνθρονίσαι
3315 5239 3406 5292 τὸν
3437 5235 3685 5310 Πρόκλον

2118 5332 2413 5404 ἐπέτρεψεν
2444 5349 2458 5364 ο
2488 5331 2645 5387 τοῦτο
2673 5331 2780 5402 γὰρ
2819 5331 2912 5384 καὶ
2937 5330 3029 5384 τοῦ
3071 5330 3370 5383 ἐπισκόπου
3408 5328 3508 5397 τῆς
3546 5327 3681 5381 Ῥω-

2121 5426 2293 5494 μαίων
2322 5423 2640 5479 Κελεστίνου
2668 5421 2947 5476 ἐπιστολαὶ
2976 5420 3245 5492 παροῦσαι
3268 5421 3505 5489 ἐγίνοντο
3540 5418 3684 5489 σύμ-

2115 5515 2303 5583 ψηφοι,
2334 5512 2397 5577 εις
2428 5515 2631 5576 ἐκεῖνος
2678 5512 3006 5565 ἀπεστάλκει
3037 5510 3289 5584 Κυρίλλῳ
3319 5530 3375 5564 τε
3408 5511 3485 5582 τῷ
3533 5510 3685 5564 Ἀλε-

2118 5604 2415 5676 ξανδρείας,
2449 5606 2543 5659 καὶ⁹
2584 5604 2805 5678 Ἰωάννῃ
2838 5603 2916 5673 τῷ
2957 5604 3301 5675 Ἀντιοχείας,
3336 5605 3430 5657 καὶ
3468 5602 3687 5671 Ῥούφῳ

2115 5696 2193 5767 τῷ
2215 5696 2623 5767 Θεσσαλονίκης,
2655 5697 2918 5751 διδάσκων
2960 5697 3032 5761 ὡς
3059 5696 3209 5750 οὐδὲν
3252 5696 3466 5764 κωλύει,
3489 5697 3577 5750 τόν
3618 5714 3685 5751 τε
