4010 6210
268 262 365 321 661

1478 267 1904 326 TESTIMONIA
1945 271 2295 329 VETERUM.

3407 279 3511 336 662

260 383 459 454 ἐτέρας
509 379 715 443 πόλεως
748 379 1134 450 ὀνομασθέντα,
1165 384 1197 453 ἦ
1240 385 1332 438 καὶ
1363 385 1488 439 ὄντα
1519 389 1834 451 ἐπίσκοπον,

1941 389 2071 445 ferri
2097 390 2417 447 Ecclesiam.
2479 390 2772 448 Ordinatus
2813 392 2993 465 itaque
3042 392 3287 461 Proetus,
3345 397 3510 455 funus

258 478 337 540 εις
372 473 541 545 ἄλλην
572 471 973 543 μετατίθεσθαι.
1005 472 1396 544 Ἐνθρονισθεὶς
1420 474 1512 532 οὖν
1545 479 1572 531 6
1596 480 1836 550 Πρόκλος

257 567 360 640 τὴν
393 564 684 638 ἐκκομιδὴν
723 563 817 617 τοῦ
850 562 1192 636 Μαξιμιανοῦ
1225 566 1476 638 σώματος
1518 571 1830 640 ἐποιήσατο.

1934 472 2180 554 Corporis
2212 483 2525 539 Maximiani
2564 485 2896 556 procuravit.

1589 683 1717 740 locu
1751 687 1907 753 ibid.,
1938 706 2057 759 cap.
2087 692 2177 746 41.

334 795 568 867 Πρόκλος
592 795 657 848 ἐκ
689 793 910 866 πρώτης
928 795 1143 865 ἡλικίας
1168 797 1519 869 ἁναγνὼστης
1548 799 1841 870 ἐτύγχανεν

265 891 359 955 ὢν,
383 889 569 959 ἐφοίτα
594 906 655 941 τε
684 889 764 952 είς
787 888 1159 953 διδασκάλους,
1187 890 1278 943 καὶ
1309 892 1603 962 ῥητορικῆς
1632 891 1840 959 ἐγίνετο

266 981 525 1053 ζηλωτής.
561 980 799 1044 Τελέσας
831 980 888 1034 δέ
920 983 1001 1047 είς
1030 982 1218 1053 ἄνδρα,
1244 983 1311 1037 τά
1342 982 1510 1038 πολλὰ
1553 985 1733 1057 παρῆν
1761 984 1838 1055 τῷ

261 1072 541 1144 ἐπισκόπῳ
565 1073 815 1144 Ἀττικῷ,
842 1073 1191 1145 ὑπογραφεὺς
1209 1074 1372 1129 αὑτοῦ
1402 1075 1509 1130 τῶν
1539 1076 1711 1145 λόγων
1742 1094 1835 1145 γε·

255 1168 499 1238 νόμενος.
538 1166 897 1239 Προκόψαντα
924 1167 981 1221 δὲ
1016 1168 1177 1221 αὐτὸν
1217 1169 1311 1222 καὶ
1360 1171 1417 1221 ἐν
1447 1172 1514 1240 τῇ
1554 1168 1704 1236 τάξει
1739 1172 1837 1240 τῆς

252 1260 525 1324 διακονίας
550 1260 793 1323 Ἀττικὸς
818 1263 1191 1333 προηγάγετο·
1222 1263 1475 1329 ἀξιωθεὶς
1503 1266 1559 1317 δὲ
1589 1265 1680 1318 καὶ
1710 1281 1838 1335 πρε-

255 1353 595 1426 σϐυτερείου,
649 1354 725 1417 ὡς
770 1358 1051 1426 προεῖπον,
1102 1356 1207 1409 ὑπὸ
1254 1358 1520 1410 Σισιννίου
1556 1356 1693 1428 πρὸς
1737 1356 1837 1428 τὴν

254 1445 499 1510 Κυζίκου
528 1447 833 1516 ἐπισκοπὴν
861 1446 1191 1519 προεϐλήθη.
1225 1447 1359 1502 Τότε
1389 1449 1453 1520 δὴ
1476 1448 1574 1520 τῆς
1597 1451 1654 1501 ὲν
1683 1449 1839 1503 Κων-

252 1539 696 1596 σταντινουπόλει
753 1540 1085 1612 Ἐκκλησίας
1138 1543 1230 1596 τὸν
1284 1542 1471 1613 θρόνον
1528 1539 1837 1613 ἐκληρώθη.

252 1614 361 1683 Ἠν
386 1630 444 1684 δὲ
494 1630 633 1703 ἀνὴρ
666 1630 871 1699 ἀγαθὸς
913 1633 975 1687 τὸ
1008 1629 1160 1706 ἦθος,
1190 1638 1239 1690 εί
1269 1637 1362 1691 καί
1393 1655 1478 1701 τις
1509 1637 1694 1701 ἄλλος·
1735 1636 1841 1690 ὑπὸ

2012 803 2238 860 Proclus
2272 820 2338 860 ex
2374 805 2629 875 primaeva
2657 813 2814 862 aetate
2850 806 3018 862 lector
3049 805 3243 874 fuerat,
3268 813 3324 864 et
3357 810 3512 866 audio

1937 896 2008 950 tis
2037 897 2464 967 praeceptoribus
2497 897 2781 953 rhetorica:
2812 912 3033 968 cperam
3062 897 3308 954 dederat.
3374 903 3510 958 Cum

1936 992 2118 1040 autem
2149 986 2203 1040 in
2235 987 2411 1041 virum
2442 987 2727 1051 evasisset,
2751 987 3010 1057 episcopo
3041 986 3224 1043 Attico
3258 987 3512 1058 frequen-

1935 1086 2018 1132 ter
2038 1078 2262 1142 aderat,
2323 1092 2387 1133 ac
2435 1078 2699 1133 librorum
2752 1078 2899 1134 illius
2965 1078 3315 1135 amanuensis
3371 1087 3509 1136 erat.

1933 1166 2290 1239 Progr‘essum
2314 1176 2517 1233 autem,
2549 1169 2765 1224 Atticus
2793 1167 2861 1223 ad
2890 1167 3214 1223 diaconatus
3237 1170 3400 1224 etiam
3426 1186 3515 1225 or-

1932 1260 2113 1316 dinem
2147 1262 2434 1317 subvexit:
2484 1261 2679 1317 deinde
2722 1270 2776 1317 et
2822 1260 3219 1332 presbyterium
3263 1262 3512 1326 sortitus,

1931 1363 1960 1402 a
1998 1348 2261 1416 Sisinnio,
2299 1351 2441 1405 sicut
2473 1358 2631 1406 antea
2666 1350 2800 1418 dixi,
2854 1350 2921 1405 ad
2953 1350 3330 1421 episcopatum
3358 1350 3516 1423 Cyzi-

1932 1455 2126 1495 cenum
2160 1441 2447 1498 ordinatus
2472 1451 2578 1498 est.
2611 1440 2966 1499 Postmodum
2998 1458 3126 1497 vero
3156 1451 3211 1498 et
3242 1443 3515 1499 Constan-

1931 1532 2307 1602 tinopolitanae.
2339 1532 2595 1590 Ecclesiae
2642 1535 2826 1591 sedem
2869 1542 2954 1590 est
2987 1544 3337 1594 consecutus.
3387 1519 3518 1592 Erat

1935 1632 2114 1680 autem
2141 1626 2229 1680 hic
2257 1626 2361 1691 vir,
2398 1627 2445 1682 si
2475 1627 2763 1700 quisquam
2800 1628 2961 1695 alius,
2996 1629 3211 1700 ingenio
3252 1645 3314 1685 ae
3346 1632 3517 1687 mori-

260 1722 362 1795 γὰρ
392 1721 472 1793 τῷ
518 1723 748 1795 Ἀττικῷ
775 1725 1104 1794 παιδευθεὶς,
1138 1728 1317 1783 πάντα
1346 1728 1511 1783 αὐτοῦ
1531 1729 1600 1782 τὰ
1626 1728 1837 1800 χρηστὰ

1940 1717 2039 1773 bus
2078 1718 2278 1780 bonus,
2310 1719 2472 1773 etiam
2506 1720 2574 1773 ab
2613 1720 2796 1775 Attico
2826 1721 3132 1789 institutus,
3177 1738 3516 1793 qua'cunque

256 1815 590 1886 ἐμιμήσατο·
645 1814 743 1888 τὴν
799 1816 855 1870 δέ
908 1816 1276 1884 ἀνεξικακίαν,
1329 1819 1489 1873 πλέον
1533 1821 1600 1891 ἦν
1630 1822 1836 1884 ἐκεῖνος

256 1901 421 1977 εἶχεν,
453 1906 772 1980 ἐξήσκησεν.
830 1908 891 1963 '0
926 1911 1024 1981 μὲν
1068 1910 1177 1981 γὰρ
1203 1914 1313 1975 τοῖς
1339 1911 1688 1984 αἱρεσιὼταις
1742 1929 1838 1981 φο-

257 1999 415 2070 ϐερὸν
444 2002 499 2053 ἐν
524 2000 702 2072 καιρῷ
731 2002 919 2056 ἑαυτόν
940 2004 1347 2059 ὲπεδείκνυσεν·
1382 2000 1534 2070 οὗτος
1550 2005 1606 2058 δὲ
1634 2022 1836 2078 προση-

260 2094 356 2165 νὴς
380 2097 490 2159 τοῖς
517 2097 680 2149 πᾶσιν
713 2097 919 2165 ἐγίνετο
941 2113 955 2127 ·
1007 2097 1180 2168 τούτῳ
1209 2097 1265 2150 δὲ
1311 2097 1510 2166 μᾶλλον
1550 2098 1763 2161 αὐτοὺς,
1799 2097 1833 2168 ἢ

261 2186 354 2258 βίᾳ
404 2186 769 2258 προσάγεσθαι
816 2188 1092 2262 προνοῶν·
1152 2189 1361 2261 αἵρεσιν
1422 2189 1529 2259 γὰρ
1579 2189 1834 2260 οὐδεμίαν

258 2275 507 2330 σκύλλειν
535 2276 876 2349 αἱρούμενος,
929 2278 989 2331 τὸ
1030 2277 1247 2349 ἀξίωμα
1289 2278 1387 2348 τῆς
1431 2278 1737 2349 πραότητος
1767 2281 1834 2349 τῇ

256 2366 558 2444 Ἐκκλησία
591 2367 837 2441 φυλάξας
868 2369 1116 2423 ἀπέδωκε
1135 2387 1147 2400 ·
1216 2368 1357 2423 κατὰ
1386 2369 1544 2423 τοῦτο
1576 2369 1637 2422 τὸ
1671 2368 1837 2440 μέρος

255 2464 343 2519 τὸν
372 2464 594 2535 βασιλέα
625 2464 959 2535 μιμούμενος
986 2462 1280 2519 Θεοδόσιον.

1593 2665 1721 2719 Ιυεκ
1754 2663 1911 2727 ibid.,

327 2787 452 2839 Ἐπὶ
486 2785 696 2848 τούτοις
737 2783 835 2856 μὲν
872 2778 964 2837 οὖν
999 2784 1090 2836 καὶ
1129 2782 1157 2833 6
1185 2781 1437 2852 βασιλεὺς
1502 2780 1664 2834 αὐτὸν
1696 2781 1835 2834 άπε-

257 2878 437 2948 ῖέχετο
473 2896 486 2908 ·
524 2878 615 2931 καὶ
641 2877 750 2948 γὰρ
778 2878 889 2939 τοῖς
920 2873 1132 2947 άληθῶς
1162 2874 1481 2946 ἱερωμένοις
1514 2871 1833 2944 ἐφάμιλλος,

260 2973 352 3025 καὶ
377 2969 611 3041 οὐδαμοῦ
643 2971 765 3032 τοὺς
792 2966 1007 3022 διώκειν
1042 2966 1323 3028 ἐθέλοντας
1357 2964 1667 3035 ἀπεδέχετο.

1597 3169 1725 3224 lnzu
1759 3169 1912 3237 ibid.,

327 3296 563 3367 Θνήσκει
607 3295 706 3362 μὲν
746 3294 1042 3367 Βαρϐάρων
1099 3295 1128 3345 6
1161 3293 1417 3366 ἔπαρχος,
1469 3284 1514 3359 ᾧ
1546 3292 1721 3363 ὄνομα
1755 3287 1825 3363 ἦν
1851 3299 1894 3356 C

267 3389 519 3460 Ῥούγας,
549 3388 765 3460 βληθεὶς
808 3386 1056 3460 κεραυνῷ
1078 3405 1091 3419 ·
1136 3385 1320 3456 λοιμός
1359 3404 1417 3439 τε
1446 3386 1838 3458 ἐπιλαϐόμενος

254 3485 317 3538 τὸ
346 3484 595 3537 πλεῖστον
619 3481 726 3534 τῶν
750 3482 841 3534 ὑπ’
867 3479 1017 3551 αὑτῷ
1041 3478 1341 3550 ἀνθρώπων
1368 3477 1697 3550 διέφθειρεν.
1727 3478 1838 3533 Καὶ

252 3576 316 3629 οὐ
343 3574 505 3628 τοῦτο
536 3573 696 3645 μόνον
753 3570 1077 3643 ἐξήρκεσεν·
1132 3571 1269 3625 ἀλλὰ
1326 3569 1435 3642 γάρ
1489 3568 1727 3641 καὶπῦρ
1779 3567 1839 3634 ἐξ

251 3665 488 3736 ούρανοῦ
524 3663 802 3728 κατελθὸν,
837 3663 1063 3727 πολλοὺς
1104 3663 1211 3717 τῶν
1251 3660 1682 3730 ὑπολειφθέντων
1709 3660 1840 3714 ἀνά-

251 3758 448 3812 λωσεν.
482 3755 616 3808 Τότε
670 3753 734 3826 δὴ
787 3753 881 3808 καὶ
938 3755 967 3806 6
1020 3752 1314 3815 ἐπίσκοπος
1350 3750 1609 3822 Πρόκλος,
1645 3751 1710 3803 ἐκ
1743 3747 1837 3803 τοῦ

263 3848 531 3921 Ἰεζεκιὴλ
566 3847 896 3919 προφητείαν
922 3846 1009 3899 ἐπ’
1030 3845 1324 3916 ἐκκλησίας
1343 3842 1627 3907 διδάσκων,
1655 3844 1722 3913 τῇ
1756 3858 1841 3910 γε·

252 3946 459 4017 νομένῃ
486 3946 551 3998 ἐκ
579 3944 711 3998 Θεοῦ
743 3942 983 4015 σωτηρίᾳ
1011 3940 1419 4013 προσαρμόσας,
1451 3937 1649 4000 ἱκανῶς
1680 3936 1840 3990 ἐθαυ-

254 4037 463 4112 μάσθη.
513 4037 576 4090 Ἦ
607 4036 665 4091 δὲ
713 4035 1018 4107 προφητεία
1051 4036 1197 4088 ἐστὶν
1225 4032 1364 4104 αὕτη
1391 4050 1404 4062 ·
1466 4030 1577 4085 Kal
1609 4029 1712 4095 σὺ,
1746 4028 1840 4083 υἱὲ

251 4131 597 4200 ἀνθρώπου,
627 4128 1053 4198 προφήτευσον
1079 4128 1178 4182 ἐπὶ
1199 4127 1336 4198 Γὼγ
1365 4127 1651 4195 ἄρχοντα,
1670 4126 1834 4192 Ῥὼς,

252 4222 464 4292 lead;
494 4221 593 4275 καί
623 4218 809 4273 Θοόἐλ
830 4234 846 4250 ·
877 4217 1060 4288 κρινῶ
1096 4218 1205 4288 γὰρ
1234 4217 1420 4272 αὑτὸν
1451 4215 1705 4283 θανάτῳ.
1737 4214 1837 4269 καὶ

252 4317 482 4386 αἵματι,
510 4312 608 4367 καὶ
636 4309 788 4377 ὐετῷ
829 4308 1281 4371 κατακλύζοντι,
1307 4308 1407 4363 καὶ
1429 4310 1623 4375 λίθοις
1649 4307 1837 4378 χαλά-

254 4405 395 4472 ζης·
456 4403 554 4456 καὶ
606 4401 749 4471 πῦρ.
784 4400 882 4455 καὶ
924 4399 1086 4455 θεῖον
1116 4398 1317 4469 βρέξω
1368 4399 1461 4453 ἐπ’
1491 4399 1696 4464 αὐτὸν,
1738 4398 1837 4453 καὶ

253 4494 356 4549 ἐπὶ
393 4492 623 4559 πάντας
650 4492 791 4559 τοὺς
813 4493 939 4562 μετ’
964 4491 1173 4557 αὐτοῦ,
1209 4491 1306 4544 καὶ
1332 4492 1419 4557 είς
1445 4490 1593 4560 ἔθνη
1634 4491 1838 4547 πολλὰ

256 4588 381 4657 μετ’
401 4584 608 4640 αὑτοῦ.
634 4584 743 4639 Καὶ
766 4580 1318 4654 μεταλυνθήσομαι,
1342 4582 1438 4636 καὶ
1469 4581 1837 4650 ἐνδοξασθῆ-

1935 1809 1993 1865 in
2025 1809 2118 1865 illo
2147 1810 2289 1865 bona
2336 1808 2573 1877 fuerant,
2616 1811 2864 1868 imitatus
2892 1820 2977 1869 est
3003 1831 3018 1880 ;
3077 1816 3365 1870 clementia
3388 1831 3515 1869 vero

1939 1916 2073 1957 usus
2096 1909 2179 1956 est
2206 1902 2435 1972 majore,
2482 1918 2645 1974 quam
2699 1904 2752 1958 in
2785 1905 2964 1960 Attico
2995 1904 3187 1961 fuerat.
3244 1906 3337 1961 llle
3365 1922 3519 1961 nam-

1938 2013 2045 2068 que
2100 1996 2372 2053 luereticis
2425 1998 2725 2053 terribilem
2776 2015 2836 2056 se
2890 2014 2987 2070 pro
3042 2009 3284 2072 tempore
3335 2013 3517 2057 osten-

1937 2089 2125 2157 derat;
2183 2089 2274 2145 hic
2325 2105 2455 2145 vero
2501 2091 2755 2146 omnibus
2802 2090 3047 2162 placidus
3078 2090 3202 2159 fuit,
3245 2093 3424 2148 ethoc
3458 2109 3519 2150 se

1938 2189 2096 2249 pacto
2128 2196 2224 2236 eos
2268 2181 2439 2253 magis
2488 2197 2651 2253 quam
2685 2182 2943 2237 violentia
2974 2190 3338 2239 attracturum
3375 2201 3515 2256 prae-

1935 2274 2228 2344 eogitavit:
2269 2277 2469 2330 etenim
2504 2276 2707 2329 nullam
2748 2275 2997 2331 haeresim
3023 2277 3274 2333 divexare
3300 2279 3507 2343 volens,

1936 2365 2354 2423 mansuetudine
2376 2367 2690 2437 dignitatem
2718 2367 2975 2425 Ecclesiae
3004 2370 3208 2424 salvam
3237 2370 3512 2433 restituit;

1937 2466 2101 2530 atque
2145 2474 2210 2515 ea
2260 2461 2315 2514 in
2356 2475 2415 2515 re
2464 2459 2830 2516 Theodosium
2890 2461 3276 2533 imperatorem
3330 2461 3513 2516 imita-

1940 2560 2031 2606 tus
2058 2560 2163 2608 est.

1949 2678 2067 2731 cap.
2106 2660 2196 2715 42.

2016 2777 2127 2833 Hac
2160 2780 2341 2850 itaque
2375 2778 2587 2834 ratione
2620 2780 2916 2850 imperator
2936 2778 3188 2835 Proelqu
3220 2782 3512 2844 laudabat:

1942 2888 2067 2927 nam
2106 2880 2158 2928 et
2197 2873 2311 2942 ipse
2349 2888 2510 2926 veros
2550 2871 2866 2927 imitabatur
2895 2875 3227 2937 sacerdotes,
3273 2891 3374 2931 nec
3405 2877 3516 2929 ullo

1942 2974 2102 3035 pacto
2129 2979 2223 3019 eos
2245 2962 2582 3033 approbabat
2633 2963 2727 3033 qui
2776 2963 2842 3018 ad
2893 2965 3327 3034 persequendum
3358 2976 3515 3020 erant

1942 3056 2138 3127 parati.

1949 3186 2065 3240 cap.
2097 3172 2187 3225 45.

1995 3294 2356 3350 Barbarorum
2405 3295 2538 3361 dux,
2592 3297 2812 3352 nomine
2860 3295 3065 3369 Rugas,
3108 3296 3335 3352 fulmine
3370 3297 3514 3351 ictus

1938 3388 2183 3454 interiit;
2241 3397 2294 3443 et
2324 3389 2493 3458 pestis
2540 3390 2831 3446 subsecuta
2871 3391 3164 3445 maximam
3199 3405 3388 3446 eorum
3414 3390 3514 3444 ho-

1940 3481 2146 3535 minum
2171 3480 2264 3551 qui
2295 3482 2398 3536 sub
2436 3482 2530 3537 illo
2563 3481 2803 3547 fuerant,
2836 3490 3043 3553 partem
3077 3483 3368 3539 interemit.
3407 3483 3514 3537 Ne-

1938 3589 2044 3643 que
2070 3575 2150 3629 sic
2179 3575 2335 3644 plaga
2369 3574 2575 3644 quievit
2600 3593 2615 3641 ;
2647 3575 2742 3631 sed
2776 3582 2830 3631 et
2853 3574 2997 3647 ignis
3016 3590 3048 3630 e
3067 3576 3208 3630 caelo
3236 3573 3514 3644 delapsus.

1941 3666 2203 3735 plurimos
2225 3681 2291 3719 ex
2317 3667 2386 3721 iis
2415 3667 2508 3736 qui
2543 3675 2946 3730 remanserunt,
2979 3666 3337 3736 consumpsit.
3363 3665 3518 3722 Tunc

1939 3771 2071 3813 sane
2100 3758 2391 3827 episcopus
2423 3755 2673 3821 Proetus,
2708 3772 2831 3811 cum
2867 3758 2923 3811 in
2954 3758 3186 3813 ecclesia
3216 3756 3283 3811 de
3313 3758 3512 3812 collata

1939 3850 2114 3904 salute
2138 3849 2439 3905 Ezechielis
2462 3857 2759 3919 exponeret
2780 3850 3140 3920 prophetiam,
3167 3849 3515 3904 admirationi
3583 3869 3587 3873 ν

1940 3939 2043 3994 fuit
2072 3940 2309 3995 abunde.
2357 3940 2528 3995 Erant
2554 3950 2736 3995 autem
2778 3939 2939 3994 verba
2968 3936 3296 4008 prophetiae:
3340 3936 3408 3989 Et
3436 3946 3511 4001 tu,
3576 3930 3581 3934 ’

1938 4034 2020 4100 ﬁli
2060 4031 2308 4096 hominis,
2356 4032 2645 4087 vaticinare
2673 4040 2859 4086 contra
2881 4029 2991 4101 Gog
3013 4029 3323 4099 principem,
3350 4027 3511 4092 thos,

1939 4124 2146 4180 Misoclt
2177 4133 2228 4179 et
2260 4124 2420 4179 Tobel
2434 4141 2455 4190 ;
2486 4123 2744 4194 judicabo
2768 4124 2909 4178 enim
2939 4139 3057 4178 eum
3091 4130 3280 4186 morte,
3314 4132 3365 4177 ct
3388 4139 3515 4177 san-

1937 4218 2093 4289 guine
2116 4226 2164 4271 et
2191 4216 2355 4270 imbre
2381 4216 2683 4280 vehementi,
2732 4225 2782 4271 et
2822 4214 3086 4285 lapidibus
3107 4215 3416 4286 grandinis;
3462 4224 3515 4270 et

1938 4309 2129 4379 ignem,
2169 4317 2219 4364 et
2250 4309 2472 4378 sulphur
2497 4309 2680 4378 plnum
2714 4324 2873 4377 super
2894 4324 3036 4373 eunt,
3063 4317 3115 4363 et
3152 4323 3306 4377 super
3335 4324 3514 4363 omnes

1937 4403 2027 4472 qui
2065 4418 2183 4455 cum
2207 4418 2289 4465 eo,
2317 4411 2381 4456 .et
2428 4416 2583 4470 super
2602 4410 2776 4471 gentes
2804 4400 3001 4455 multas
3035 4417 3153 4454 cum
3181 4416 3263 4455 eo.
3295 4398 3365 4454 Et
3399 4417 3515 4454 ma-

1937 4494 2230 4566 gniﬁcabor
2255 4502 2305 4549 et
2350 4492 2711 4564 gloriﬁcabor,
2762 4500 2812 4548 et
2838 4503 2991 4548 notus
3017 4510 3106 4547 ero
3145 4493 3198 4547 in
3237 4504 3515 4563 conspectu

1939 4585 2231 4639 multarum
2277 4587 2541 4657 gentium:
2585 4594 2633 4639 et
2657 4593 2965 4655 cognoscent
3001 4585 3128 4655 quia
3155 4600 3246 4655 ego
3266 4599 3384 4638 sum
3409 4582 3513 4636 Do-

258 4693 463 4746 σομαι,
492 4676 589 4729 καὶ
609 4674 1035 4745 γνωσθήσομαι
1052 4674 1333 4729 ἐναντίον
1347 4672 1593 4728 πολλῶν
1617 4673 1808 4728 ἐθνῶν
1823 4692 1836 4704 ·

1941 4677 2115 4730 minus
2141 4676 2181 4729 ί.
2216 4674 2577 4733 Vehementer
2608 4675 2814 4746 itaque,
2852 4677 2993 4732 sicut
3024 4674 3159 4741 dixi,
3183 4673 3256 4730 ob
3286 4673 3391 4730 ista
3419 4671 3517 4727 ad-

261 4770 361 4824 καί
385 4766 719 4839 γνώσονται
746 4765 835 4820 ὅτι
864 4764 979 4835 ἐγώ
1008 4767 1125 4833 εἰμι
1155 4767 1187 4818 ό
1211 4766 1446 4834 Κύριος.
1493 4765 1706 4837 Σφόδρα
1738 4765 1837 4837 μὲν

260 4860 375 4929 οὖν,
410 4861 488 4926 ὡς
516 4860 671 4932 ἔφην,
704 4856 1021 4930 ἐθαυμάσθη
1050 4857 1144 4910 ἐπὶ
1172 4856 1380 4921 τούτοις
1411 4858 1440 4910 6
1474 4857 1733 4930 Πρόκλος.

1941 4766 2218 4822 mirationi
2245 4766 2348 4823 fuit
2372 4766 2622 4825 Proetus.

1852 4952 1957 5011 ΙΙΙ.

338 5058 422 5113 Ea:
447 5056 682 5113 concilio
733 5054 1075 5110 Antiocheno
1114 5053 1217 5110 sub
1246 5051 1475 5121 Domno,
1496 5055 1694 5108 intexto
1720 5056 1917 5109 actioni
1955 5069 2044 5110 xw
2071 5057 2291 5111 concilii
2324 5056 2608 5125 Chalced.,
2640 5056 2767 5112 edit.
2825 5055 2947 5110 Ven.
2981 5054 3147 5113 Labb.
3186 5066 3313 5111 tom.
3345 5051 3437 5122 IV,

1513 5140 1668 5196 pagg.
1702 5124 1858 5190 1659,
1895 5125 2051 5193 1662,
2091 5127 2254 5181 1665.

332 5240 539 5310 Δόμνος
566 5238 865 5300 ἐπίσκοπος
892 5237 991 5307 τῆς
1002 5236 1329 5306 ⁹Αντιοχείιις
1354 5231 1506 5290 εἶπεν
1522 5253 1536 5267 ·
1580 5231 1710 5291 Οἶδα
1737 5239 1837 5291 κὰ-

260 5330 343 5398 γὼ
379 5327 809 5399 ἐκδεδημηκέναι
849 5326 942 5379 τὸν
994 5327 1291 5381 ἐπίσκοπον
1333 5326 1647 5382 Ἀθανάσιον
1670 5343 1683 5357 ·
1746 5329 1839 5381 καὶ

264 5422 371 5495 γὰρ
417 5419 638 5491 ἐκόμισέ
673 5436 763 5490 μοι
807 5419 1109 5490 γράμματα
1158 5418 1264 5472 τῶν
1297 5417 1719 5488 θεοφιλεστάτων
1744 5419 1839 5472 καὶ

266 5511 583 5581 ἁγιωτάτων
607 5511 941 5577 ἐπισκόπων,
968 5510 1062 5565 τοῦ
1089 5510 1276 5581 κυρίου
1306 5509 1837 5583 Πρόκλου,φημὶ,καὶ

264 5602 356 5655 τοῦ
383 5601 577 5675 κυρίου
609 5602 904 5674 Κυρίλλου.

340 5748 354 5779 ¹
397 5746 592 5804 Ezech.
629 5762 855 5812 xxxvul,
891 5747 959 5802 22
998 5764 1113 5820 seq.

2006 5237 2249 5295 Domnus
2277 5239 2573 5310 episcopus
2594 5238 2900 5295 Antiochia:
2926 5238 3097 5294 dixit:
3142 5236 3280 5294 Novi
3316 5247 3372 5294 et
3407 5254 3509 5306 ego

1936 5330 2261 5387 formidasse
2319 5332 2834 5388 reverendissimmn
2893 5332 3210 5402 episcopum
3264 5330 3509 5386 Athana-

1935 5425 2075 5481 sium
2099 5439 2112 5474 :
2135 5438 2259 5477 nam
2282 5423 2474 5479 detulit
2498 5424 2629 5478 mihi
2653 5424 2861 5479 litteras
2890 5422 2982 5478 Dei
3006 5422 3509 5479 amantissimorum

1935 5520 1988 5568 et
2013 5512 2482 5567 sanetissimorum
2527 5513 2931 5585 episcoporum,
2979 5512 3164 5570 domui
3195 5511 3507 5572 Proelisci-

1935 5605 2062 5661 licet
2093 5610 2146 5660 et
2173 5604 2356 5659 domui
2387 5603 2597 5678 Cyrilli.
