4010 6210
456 287 560 348 665

1548 286 1605 345 S.
1648 287 1968 346 PROCLUS
2005 289 2109 347 (ΣΡ.
2153 287 2548 345 EPISCOPUS.

3573 282 3677 340 666

516 407 833 465 Theodorus
877 404 1167 474 episcopus
1208 404 1369 459 dixit:
1426 405 1628 461 Divime
1680 408 1871 464 littera:
1917 424 2012 478 per

2187 408 2457 480 Θεόδωρος
2500 407 2794 469 ἐπίσκοπος
2842 404 3018 461 εἶπεν·
3055 407 3216 460 Ὄσια
3248 402 3553 474 γράμματα
3598 399 3685 456 διὰ

451 501 544 559 Dei
575 498 1006 555 amantissimum
1050 497 1364 566 episcopum
1396 498 1754 554 Athanasium
1788 500 2015 570 prolatae

445 603 570 651 sunt
601 598 916 647 sanctorum
948 590 1506 660 archiepiscoporum.
1535 588 1731 645 Jube'at
1764 601 1855 646 tua
1888 608 2014 647 san-

446 688 607 741 ctitas
638 686 741 739 has
771 684 937 754 relegi
971 698 1159 765 coram
1182 693 1372 739 sancto
1405 684 1659 738 concilio.

522 859 867 915 Theoctistus
898 858 1187 929 episcOpus
1228 857 1497 912 Berrhceae
1526 858 1701 912 dixit:
1750 857 1873 913 llaec
1900 858 2015 928 ipsa

447 960 502 1005 et
547 964 647 1021 ego
690 949 962 1019 perspexi,
1012 950 1139 1019 quia
1188 947 1322 1001 falsa
1358 948 1603 1003 docuerit
1637 947 2013 1003 sanctissimos

354 1028 361 1035 ’
449 1051 501 1094 et
526 1039 1025 1095 venerabilissimos
1055 1038 1360 1109 episcopos,
1394 1037 1644 1093 Proclum
1678 1038 1925 1093 videlicet
1959 1046 2013 1092 et

445 1130 731 1201 Cyrillum,
767 1130 1252 1186 reverendissitnus
1274 1131 1565 1201 episcopus
1593 1132 1946 1186 Athanasius.

517 1220 728 1275 Sabbas
760 1221 1047 1291 episcopus
1078 1221 1246 1275 dixit:
1293 1221 1352 1276 Si
1378 1223 1612 1292 quietem
1646 1224 1893 1294 diligeret
1925 1238 2012 1277 re-

450 1312 875 1367 verendissimus
895 1312 1186 1382 episcopus
1205 1314 1554 1377 Athanasius,
1584 1330 1691 1368 non
1712 1331 1834 1369 eum
1856 1330 2016 1386 opor-

449 1410 629 1456 tuerat
659 1412 789 1472 post
810 1404 1095 1473 repudium
1127 1413 1178 1459 et
1204 1405 1611 1474 jusjurandum,
1642 1408 2014 1476 importunum

445 1494 709 1548 exsistere
760 1495 1123 1551 sanctissimis
1175 1495 1428 1551 Patribus
1486 1503 1539 1550 et
1593 1497 2016 1567 archiepiscopis

449 1586 639 1640 Proclo
667 1595 721 1642 et
751 1585 970 1658 Cyrillo.

2114 500 2207 553 τοῦ
2233 500 2641 568 θεοφιλεστάτου
2683 499 2979 553 ἐπισκόπου
3019 497 3335 551 Ἀθανασίου
3362 495 3684 565 κεκόμισται

2114 590 2221 642 τῶν
2258 589 2575 657 ἁγιωτάτων
2617 589 2709 642 καὶ
2746 588 3167 657 Θεοφιλεστὰτων
3210 586 3541 640 ἐπισκόπων.
3579 586 3687 638 Κε-

2115 676 2361 731 λευσάτω
2388 695 2478 729 σου
2504 680 2537 748 ἡ
2569 676 2815 747 ἁγιότης,
2841 675 3012 731 ταῦτα
3040 674 3452 744 ἀναγνωσθῆναι
3475 672 3569 725 ἐπὶ
3588 672 3687 744 τῆς

2119 766 2279 835 ἁγίας
2310 766 2544 820 συνόδου.

2186 857 2504 922 Θεόκτιστος
2559 858 2854 922 ἐπίσκοπος
2894 857 3154 930 Βεῤῥοίας
3197 851 3354 909 εἶπεν
3411 852 3495 907 Τὰ,
3549 854 3691 908 αὐτὰ

2121 949 2352 1002 συνεῖδον
2386 948 2538 1018 κάγὼ
2564 949 2639 1010 ὡς
2663 948 2829 1020 ψευδῆ
2859 948 3065 1014 ἐδίδαξε
3090 947 3214 1009 τοὺς
3235 945 3564 1015 ἁγιωτάτους
3594 942 3691 996 καὶ

2118 1040 2444 1102 ὁσιωτάτους
2482 1041 2963 1111 ἁρχιεπισκόπους,
2995 1038 3238 1110 Πρόκλον
3278 1037 3421 1107 φημὶ
3454 1035 3550 1088 καὶ
3576 1033 3689 1086 Κύ-

2122 1133 2297 1203 ριλλον
2330 1135 2358 1186 6
2381 1133 2772 1196 εὐλαϐέστατος
2806 1132 3098 1195 ἐπίσκοπος
3137 1129 3471 1191 Ἀθανάσιος.

2188 1222 2397 1285 Σάϐϐας
2425 1222 2720 1286 ἐπίσκοπος
2745 1217 2931 1275 εἶπεν⁶
2985 1222 3048 1274 Εἰ
3093 1219 3191 1292 τὴν
3235 1215 3463 1289 ἡσυχίαν
3502 1215 3691 1285 ἠγάπα

2122 1317 2150 1368 6
2197 1314 2585 1378 εὐλαϐέστατος
2645 1314 2940 1377 ἐπίσκοπος
3000 1310 3314 1372 Ἀθανάσιος
3342 1348 3358 1369 ,
3431 1306 3532 1360 οὐκ
3585 1306 3691 1359 ἔδει

2122 1407 2283 1459 αὑτὸν
2337 1407 2472 1477 μετὰ
2525 1405 2853 1477 παραίτησιν
2882 1403 2974 1457 καὶ
3026 1404 3221 1475 ὅρκους
3263 1398 3546 1469 ἐνοχλῆσαι
3579 1402 3693 1457 τοῖς

2125 1500 2297 1567 ἁγίοις
2329 1499 2574 1570 Πατράσι
2606 1498 2698 1551 καὶ
2722 1496 3167 1569 ἁρχιεπισκόποις
3199 1493 3424 1565 Πρόκλῳ
3455 1490 3548 1544 καὶ
3574 1489 3693 1542 Ku-

2130 1591 2306 1662 ρίλλῳ.

2050 1704 2151 1764 IV.

1062 1829 1442 1886 Tueonont'rus
1466 1831 1625 1901 epist.
1660 1847 1879 1895 uxxvn,
1913 1830 1978 1885 ad
2014 1829 2351 1896 Flavianum,
2382 1832 2513 1901 Opp.
2549 1829 2768 1896 tom.lll,
2794 1847 2915 1901 pag.
2946 1828 3071 1885 964.

522 1938 690 2003 Scito,
716 1937 953 2002 domine,
988 1940 1132 2010 quod
1155 1942 1393 1996 demisso
1416 1957 1541 2012 erga
1567 1957 1666 1996 nos
1689 1941 1870 1996 animo
1893 1940 2014 2003 fuit,
2050 1956 2089 2010 Β

449 2043 516 2082 ex
546 2043 654 2097 quo
710 2028 762 2082 in
805 2030 939 2085 urbe
972 2038 1174 2095 vestra,
1233 2038 1474 2102 tempore
1532 2033 1701 2087 beatae
1747 2033 2021 2087 memoria:

450 2116 650 2185 Procli,
676 2121 934 2192 synodica
981 2131 1101 2177 acta
1131 2125 1560 2195 composuimus,
1610 2133 1898 2196 sequentes
1929 2139 2020 2178 ca-

451 2226 624 2267 nones
648 2220 965 2268 sanclorum
1003 2213 1244 2270 Patrum.

2192 1941 2351 2006 Ἴσθι,
2403 1943 2659 2007 δέσποτα,
2709 1942 2785 2005 ὡς
2828 1941 2926 2012 τὴν
2960 1938 3095 2011 πρὸς
3145 1936 3301 2009 ἡμῶν
3349 1935 3473 2007 ἔσχε
3510 1952 3689 2008 μικρο-

2124 2033 2343 2104 ψυχίαν,
2395 2034 2455 2098 ἐξ
2482 2026 2544 2087 οὗ
2592 2035 2704 2097 τοῖς
2744 2033 2871 2103 παρ’
2903 2032 3031 2103 ὑμῖν
3058 2027 3443 2100 γεγενημένοις
3496 2025 3692 2079 συνοδι·

2125 2129 2259 2190 κοῖς,
2314 2127 2408 2180 ἐπὶ
2436 2125 2530 2179 τοῦ
2580 2110 2677 2197 τῆς
2708 2124 2980 2196 μακαρίας
3015 2123 3232 2194 μνήμης
3272 2117 3536 2190 Πρόκλου,
3569 2132 3695 2168 συν-

2123 2217 2376 2288 εθέμεθα,
2424 2219 2538 2280 τοῖς
2585 2216 2694 2269 τῶν
2730 2214 2897 2284 ἁγίων
2936 2214 3194 2284 Πατέρων
3232 2210 3450 2265 κανόσιν
3474 2206 3697 2262 ἀκολου-

2124 2304 2409 2375 θήσαντες.

1407 2418 1539 2471 Ῑυειι
1564 2417 1730 2488 epist.
1767 2434 1857 2483 cx,
1884 2421 1952 2475 ad
1982 2420 2274 2488 Domuum,
2302 2421 2434 2476 ibid.
2470 2438 2590 2491 pag.
2616 2419 2741 2477 980.

521 2532 984 2591 Consuetudinem
1045 2535 1226 2605 itaque
1274 2538 1441 2591 secuti
1484 2554 1694 2601 sumus,
1754 2551 1807 2595 et
1853 2542 2029 2595 homi-

453 2638 553 2677 nes
584 2626 844 2697 insignes,
878 2635 991 2681 tum
1069 2627 1341 2695 doctrina,
1406 2639 1517 2683 tum
1582 2633 1692 2685 vita
1753 2632 2017 2688 celebres.

455 2713 621 2771 Multa
650 2719 813 2773 etiam
862 2721 967 2774 alia
1024 2720 1336 2791 hujusmodi
1372 2723 1544 2777 beata:
1584 2725 1859 2779 memoria:
1893 2724 2023 2780 Pro-

454 2809 571 2862 clus
608 2807 1248 2883 Constantinopolitanae
1312 2815 1601 2884 episcOpus
1650 2815 1913 2881 edoctus,
1967 2826 2023 2872 ct

453 2900 571 2970 ipse
608 2903 1007 2959 ordinationem
1058 2906 1299 2975 suscepit
1322 2915 1375 2961 et
1405 2906 1643 2960 laudavit
1666 2946 1682 2972 ,
1722 2907 2023 2978 litterisque

456 2996 795 3063 approbavit.

2046 3115 2116 3175 V.

2209 2542 2359 2597 Ἔθει
2391 2542 2566 2596 τοίνυν
2591 2541 3055 2613 ἠκολουθήσαμεν,
3092 2538 3184 2592 καὶ
3214 2534 3466 2607 ἀνδράσιν
3501 2536 3692 2605 ἐπισήο

2126 2652 2266 2706 μοις,
2288 2635 2380 2687 καὶ
2405 2635 2496 2686 ἐπί
2528 2630 2723 2702 γνώσει
2748 2633 2842 2686 καὶ
2865 2632 2963 2702 βίῳ
3015 2627 3491 2701 πολυθρυλλήτοις.
3521 2625 3692 2679 Πολλὰ

2121 2726 2178 2779 δέ
2227 2727 2320 2779 καὶ
2368 2725 2504 2779 ἄλλα
2564 2726 2787 2779 τοιαῦτα
2812 2722 3190 2793 δεδιδαγμένος
3233 2723 3262 2775 ὁ
3289 2720 3387 2790 τῆς
3421 2717 3691 2790 μακαρίας

2127 2816 2344 2887 μνήμης
2360 2813 2599 2886 Πρόκλος
2626 2816 2653 2866 6
2674 2813 2773 2882 τῆς
2799 2808 3440 2867 Κωνσταντινουπολιτῶν
3463 2809 3682 2861 ἐπίσκο-

2124 2925 2246 2972 πος,
2275 2907 2369 2961 καὶ
2398 2906 2558 2970 αὐτὸς
2582 2905 2680 2977 τὴν
2707 2904 3038 2977 χειροτονίαν
3065 2901 3301 2968 ἐδέξατο,
3332 2901 3428 2955 καὶ
3464 2898 3693 2972 ἔγραψεν

2127 2999 2360 3054 ἐπαινῶν
2386 2999 2478 3052 καὶ
2498 2998 2809 3067 θαυμάζων.
2962 3004 2967 3009 ⁴

599 3234 684 3288 Ea:
706 3234 882 3289 libello
911 3234 1126 3290 Eusebii
1165 3237 1390 3307 episcopi
1421 3237 1652 3309 Darglwi
1684 3241 1738 3293 in
1766 3249 1871 3294 act.
1906 3256 1922 3293 I
1963 3256 2116 3295 conc.
2160 3238 2442 3303 Chalced.,
2467 3236 2595 3291 edit.
2632 3235 2757 3291 Ven.
2801 3233 2965 3288 Labb.
3004 3243 3129 3288 tant.
3160 3230 3249 3297 IV,
3282 3247 3400 3303 pag.
3431 3230 3554 3286 951.

532 3353 590 3405 In
621 3350 723 3405 [ide
748 3360 1058 3405 sanctorum
1083 3350 1303 3407 Patrum
1336 3362 1702 3409 trecentorum
1750 3356 1938 3410 decem
1965 3364 2019 3410 et

2197 3355 2273 3425 Τῇ
2310 3348 2490 3407 πίστει
2531 3353 2640 3406 τῶν
2682 3352 2851 3421 ἁγίων
2894 3350 3173 3422 Πατὲρων,
3226 3348 3334 3402 τῶν
3377 3345 3696 3420 τριακοσίων

461 3451 585 3499 octo
617 3443 672 3497 in
700 3442 878 3498 Nicma
903 3454 1373 3515 congregatorum,
1401 3454 1455 3501 et
1487 3447 1540 3500 in
1574 3447 1660 3502 his
1689 3462 1810 3517 quae
1841 3448 2023 3516 sapuit

2131 3449 2248 3503 Βέκα
2279 3450 2373 3502 καὶ
2394 3447 2559 3509 όκτὼ,
2590 3447 2696 3501 τῶν
2733 3449 2791 3500 ἐν
2825 3445 3025 3517 Νικαίᾳ
3053 3441 3567 3515 συναγηγερμένων,
3603 3440 3699 3493 καὶ

461 3542 517 3587 et
557 3534 805 3603 exposuit
845 3533 1191 3592 beatissimus
1228 3536 1467 3609 Cyrillus
1502 3537 1883 3593 Alexandrina:
1921 3555 2027 3593 ma-

464 3638 583 3690 gna:
632 3625 867 3681 civitatis
917 3626 1191 3698 quondam
1252 3629 1588 3699 episcopus,
1671 3638 1725 3685 et
1798 3645 2026 3701 magnus

462 3715 819 3786 Athanasius,
855 3724 908 3773 et
944 3715 1261 3789 Gregorius,
1299 3729 1353 3774 et
1388 3720 1638 3788 Proclus,
1691 3724 1867 3777 sancti
1914 3723 2028 3794 epi-

466 3822 637 3880 SCOpl.

2118 3543 2230 3603 τοῖς
2255 3540 2567 3612 φρονηθεῖσι
2595 3540 2687 3593 καὶ
2708 3538 2973 3592 ὲκτεθεῖσι
2999 3538 3149 3609 παρὰ
3179 3536 3270 3590 τοῦ
3305 3535 3574 3607 μακαρίου
3593 3537 3698 3588 Κυ-

2127 3632 2303 3703 ρίλλου
2334 3632 2428 3685 τοῦ
2462 3633 2560 3704 τῆς
2605 3631 2997 3702 Ἀλεξανδρέων
3032 3629 3445 3701 μεγαλοπόλεως
3477 3625 3699 3695 γεγονό-

2122 3742 2214 3789 τος
2244 3726 2563 3788 ὲπισκόπου,
2589 3727 2682 3779 καὶ
2706 3724 3020 3778 Ἀθανασίου
3046 3723 3139 3777 τοῦ
3169 3723 3425 3793 μεγάλου,
3449 3721 3540 3774 καί
3561 3720 3600 3772 Γ
3605 3736 3700 3791 ρη-

2127 3817 2334 3888 γορίου,
2369 3818 2463 3871 καὶ
2489 3817 2733 3888 Πρόκλου
2761 3815 2869 3869 τῶν
2902 3816 3071 3885 ἁγίων
3104 3815 3433 3869 ἐπισκόπων.

1256 3927 1336 3982 Ea:
1364 3939 1470 3985 act.
1498 3947 1552 3984 ιι
1581 3931 1815 4000 ejusdem
1840 3947 1997 3989 conc.
2025 3932 2308 3997 Chalced.,
2341 3934 2470 3988 ibid.
2517 3933 2647 3988 1611
2677 3942 2731 3987 et
2765 3933 2929 3987 1614.

540 4035 810 4093 Lucianus
837 4039 1324 4097 reverendissimus
1353 4043 1644 4114 episcopus
1666 4043 1841 4117 Byziae
1871 4046 2027 4101 dixit:

469 4127 719 4201 Suscepit
764 4146 888 4186 eum
934 4133 1261 4189 beatissima:
1300 4136 1575 4191 memoria:
1605 4136 1853 4194 Proclus.
1899 4136 2030 4193 Glov

467 4222 756 4307 riosissimi
775 4224 988 4294 judices
1017 4226 1303 4283 dixerunt:
1347 4229 1403 4285 Si
1432 4229 1658 4288 Proclus
1685 4242 1886 4288 sancta:
1915 4250 2031 4289 mc-

468 4315 689 4379 moriae,
721 4316 814 4385 qui
841 4317 941 4371 fuit
979 4320 1421 4392 archiepiscopus
1459 4324 1619 4393 regite
1648 4325 2032 4381 Constantino-

469 4410 629 4479 polis,
686 4413 927 4483 suscepit
978 4413 1297 4470 Bassianum
1354 4417 1869 4475 reverendissimum
1916 4422 2031 4491 epi-

469 4519 733 4574 scopum,
790 4513 845 4560 et
900 4509 1319 4563 communicavit
1372 4510 1422 4564 ei
1480 4517 1740 4581 tanquam
1775 4513 2031 4582 episcopo

469 4595 822 4667 Ephesiorum
847 4600 1161 4669 metropolis
1204 4601 1692 4658 reverendissimus
1712 4604 1892 4658 clerus
1916 4619 2034 4659 san-

2206 4050 2500 4114 Λουκιανδς
2523 4052 2550 4103 6
2576 4048 2967 4113 εὐλαϐέστατος
2984 4048 3277 4111 ἐπίσκοπος
3292 4046 3490 4117 Βύζης,
3518 4042 3690 4100 εἶπεν·

2136 4140 2382 4209 Ἐδέξατο
2409 4142 2570 4196 αὑτὸν
2596 4145 2624 4196 6
2655 4141 2964 4213 μακαρίτης
2993 4140 3246 4212 Πρόκλος.
3284 4140 3346 4194 οι
3376 4136 3695 4205 ἐνδοξότατα

2135 4232 2391 4305 ἄρχοντες
2420 4229 2569 4287 εἶπον
2588 4251 2602 4263 ·
2656 4234 2717 4287 Εἰ
2744 4232 2983 4304 Πρόκλος
3020 4235 3050 4285 6
3090 4231 3190 4301 τῆς
3217 4232 3368 4293 ὁσίας
3404 4231 3640 4302 μνήμης,
3665 4231 3697 4282 6

2135 4325 2370 4399 γεγονὼς
2388 4326 2812 4398 ἁρχιεπίσκοπος
2826 4323 3464 4387 Κωνσταντινουπόλεως,
3483 4322 3691 4386 ἐδέξατο

2135 4420 2295 4474 αὑτὸν
2323 4420 2617 4475 Βασσιανὸν
2668 4420 2757 4473 τὸν
2786 4418 3176 4473 εὐλαϐέστατον
3221 4417 3518 4471 ἐπίσκοπον
3539 4455 3556 4480 ,
3600 4415 3688 4468 καὶ

2136 4511 2489 4583 ἐκοινώνησεν
2515 4510 2661 4582 αὺτῷ
2688 4511 2763 4574 ὡς
2790 4508 3071 4583 ἐπισκόπῳ
3098 4506 3469 4579 τῆςἘφεσίων
3496 4522 3688 4578 μητρο-

2138 4604 2404 4670 πόλεως,ό
2431 4602 2820 4665 εὐλαϐέστατος
2845 4600 3042 4671 κλῆρος
3061 4601 3158 4670 τῆς
3181 4598 3339 4666 ἁγίας
3356 4600 3692 4652 Κωνσταντι-

467 4698 569 4745 cta:
619 4689 1237 4761 ConstantinOpolitanae
1285 4690 1541 4746 Ecclesia
1614 4709 1713 4749 nos
1784 4693 2026 4749 edoceat.

2133 4696 2433 4760 νουπόλεως
2454 4694 2779 4765 Ἐκκλησίας
2798 4693 3211 4747 διδασκέτωσαν.
3225 4691 3478 4760 Θεόφιλος
3491 4693 3520 4744 6
3539 4690 3693 4744 είιλιι⁴

467 4779 802 4852 Theophilus
827 4782 1315 4839 reverendissimus
1344 4784 1628 4856 presbyter
1646 4784 2033 4840 Constantino-

467 4871 607 4944 polis
634 4878 836 4926 sanctae
865 4870 1122 4927 Ecclesiae
1147 4873 1311 4927 dixit:
1354 4872 1423 4928 Ut
1452 4856 1635 4930 coram
1671 4876 1801 4940 Deo,
1829 4885 1882 4931 ct
1912 4893 2035 4932 sus-

467 4964 615 5035 cepit
658 4979 782 5019 eum
822 4971 1027 5019 sancta:
1060 4966 1336 5020 memoria:
1372 4966 1602 5024 Proclus
1628 4972 2033 5023 communicari.

468 5065 597 5118 tem.
633 5069 687 5111 et
724 5055 1079 5127 synodalibus
1111 5057 1307 5114 litteris
1353 5059 1651 5124 honoraris.
1676 5060 1885 5116 dimisit
1913 5078 2034 5117 eum

469 5149 537 5203 ad
570 5148 841 5221 Ephesum
870 5165 886 5214 ;
940 5156 996 5203 et
1033 5149 1088 5202 in
1127 5149 1401 5221 diptychis
1450 5152 1633 5221 posuit
1664 5151 1785 5220 ejus
1810 5166 2028 5217 nomen,

468 5248 523 5295 et
557 5240 888 5296 recitabatur
928 5255 1104 5311 usque
1150 5239 1215 5294 ad
1270 5239 1541 5294 modicum
1573 5239 1769 5295 abhinc
1799 5248 2031 5310 tempus.

468 5330 671 5387 Omnes
694 5332 1133 5389 reverendissimi
1167 5332 1349 5387 clerici
1377 5330 1739 5386 sanctissima
1764 5329 2035 5387 Constan-

372 5492 377 5497 ἡ
470 5422 839 5490 tinupolitante
863 5424 1121 5482 Ecclesia:
1157 5425 1441 5480 dixerunt:
1501 5422 1565 5477 Et
1606 5440 1705 5479 nos
1750 5424 1864 5479 lucc
1915 5425 2033 5494 ipsa

473 5507 779 5567 didicimus.
813 5514 1062 5583 Suscepit
1085 5517 1226 5571 enim
1265 5532 1410 5582 eum,
1442 5525 1496 5571 et
1524 5516 1942 5572 communicavit
1984 5517 2033 5571 ei

472 5602 641 5654 beatae
668 5606 939 5659 memoriae
963 5606 1209 5673 Proclus,
1246 5618 1298 5662 et
1332 5608 1455 5665 fecit
1488 5610 1775 5683 synodicas
1802 5613 2030 5675 litteras,

472 5700 526 5749 et
556 5693 609 5747 in
630 5692 901 5765 diplychis
934 5713 1055 5749 cum
1094 5701 1291 5767 posuit.

2130 4789 2385 4851 Θέστατος
2414 4787 2778 4860 πρεσϐύτερος
2818 4787 2916 4858 τῆς
2956 4786 3097 4840 κατὰ
3139 4783 3696 4839 Κωνσταντινούπολιν

2132 4880 2439 4950 ἁγιωτάτης
2468 4879 2793 4949 Ἐκκλησίας
2822 4873 3004 4931 εἶπεν·
3043 4878 3132 4941 Ὦς
3155 4877 3248 4930 ἐπὶ
3279 4875 3435 4940 Θεοῦ,
3474 4876 3570 4930 καὶ
3591 4875 3697 4929 ἐδέ-

2134 4974 2263 5038 ξατο
2287 4971 2445 5024 αὐτὸν
2491 4973 2519 5023 6
2569 4973 2625 5023 ἐν
2673 4970 2847 5038 ἁγίοις
2881 4969 3121 5040 Πρόκλος
3170 4966 3576 5030 κοινωνίκοντα,
3609 4963 3696 5019 καὶ

2136 5061 2429 5124 συνοδικοῖς
2461 5061 2750 5131 γράμμασι
2802 5063 3040 5132 τιμήσας
3084 5060 3264 5124 αὑτὸν,
3317 5058 3586 5112 ἀπέλυσεν
3611 5057 3696 5110 ἐπὶ

2137 5153 2235 5224 τὴν
2270 5153 2499 5220 Ἔφεσον
2519 5171 2531 5182 ·
2571 5152 2662 5205 καὶ
2691 5151 2750 5202 ἐν
2775 5153 2886 5214 τοῖς
2927 5150 3204 5222 διπτύχοις
3229 5148 3416 5214 ἔταξεν
3446 5147 3611 5202 αὑτοῦ
3639 5146 3695 5199 τὸ

2136 5243 2324 5315 ὄνομα,
2358 5244 2449 5297 καὶ
2491 5242 2704 5311 ἐλέγετο
2729 5242 2834 5305 ἓως
2863 5242 2969 5314 πρὸ
2998 5242 3182 5311 ὀλίγου
3216 5240 3430 5314 καιροῦ.
3494 5240 3695 5300 Πάντες

2135 5334 2184 5385 οἱ
2215 5332 2591 5386 εὐλαϐέστατοι
2632 5331 2879 5402 κληρικοὶ
2916 5332 3017 5401 τῆς
3057 5328 3693 5386 Κωνσταντινουπολιτῶν

2137 5422 2443 5491 ἁγιωτάτης
2484 5421 2805 5492 Ἐκκλησίας
2854 5417 3039 5474 εἶπον·
3096 5423 3207 5474 Καὶ
3255 5422 3415 5492 ἡμεῖς
3464 5420 3533 5474 τὰ
3559 5417 3694 5473 αὐτὰ

2138 5514 2387 5583 λέγομεν.
2431 5513 2675 5578 Ἐδέξατο
2703 5513 2810 5586 γὰρ
2838 5515 3019 5579 αὑτὸν,
3045 5514 3139 5566 καὶ
3170 5513 3523 5586 ἐκοινώνησεν
3551 5509 3698 5580 αὐτῷ

2137 5612 2165 5661 ὁ
2190 5609 2452 5679 μακάριος
2473 5607 2727 5679 Πρόκλος,
2747 5607 2838 5660 καὶ
2864 5605 3085 5676 ἐποίησε
3107 5606 3357 5661 συνοδικὰ
3375 5604 3695 5677 γράμματα,

2140 5703 2229 5756 καὶ
2260 5703 2337 5765 εἰς
2370 5701 2435 5754 τὰ
2467 5700 2697 5772 δίπτυχα
2728 5700 2882 5753 αὐτὸν
2915 5698 3123 5764 ἔταξεν.
