4054 6198
308 289 405 346 663

1524 310 1943 370 TESTIMONIA
1984 310 2337 369 VETERUM.

3434 314 3542 372 6M

1088 445 1168 501 Ea:
1207 459 1310 505 act.
1348 468 1433 505 xw
1465 453 1698 521 ejusdem
1719 454 1937 510 concilii
1967 452 2250 513 Chalced.,
2286 452 2417 506 ibid.
2447 469 2570 524 pag.
2607 453 2761 509 1646.

392 553 703 617 ’Δθανάσιος
750 558 779 609 ὁ
827 556 1214 625 εύλαδέστατος
1262 565 1555 629 ἐπίσκοπος
1601 561 1754 619 εἷπε“
1809 567 1915 640 Tol

2053 568 2384 626 Athanasius
2406 567 2891 624 reverendissimus
2913 567 3201 638 episcopus
3226 566 3365 622 dixit
3388 586 3400 621 :
3426 564 3546 621 Mea

315 641 445 733 ἐμδν
480 644 710 716 πρᾶγμα
747 645 857 700 ἀπὸ
910 651 1121 723 μακροῦ
1152 654 1345 722 χρόνου
1392 656 1723 727 κατῆρκται·
1788 659 1881 711 καὶ

1994 676 2144 718 :ausa
2169 678 2199 717 a
2234 663 2397 733 longo
2427 669 2669 729 tempore
2689 660 2939 714 inchoata
2968 667 3072 722 est,
3112 668 3167 713 et
3191 660 3328 715 hanc
3356 658 3545 715 audie-

317 731 499 787 τούτου
524 734 763 804 ἥκουσαν
799 738 848 790 οἱ
893 738 992 809 τῆς
1036 742 1310 813 μακαρίας
1351 745 1567 816 μνήμης
1615 746 1879 817 Κύριλλός

320 842 373 879 τε
400 826 489 879 καὶ
513 825 775 897 Πρόκλος,
832 829 926 882 καὶ
964 833 1231 903 φανεροὺς
1282 834 1482 899 τύπους
1526 835 1771 907 ἔγραψαν
1802 837 1879 909 τῷ

331 918 650 990 Ἀντιοχείας
700 922 970 992 γενομένῳ
1028 926 1311 996 ἐπισκόπῳ
1339 927 1528 999 Δόμνῳ
1549 946 1564 963 ο
1629 930 1879 986 συνέθετο

320 1008 513 1071 ἐκεῖνος
536 1007 776 1080 πληροῦν
805 1010 991 1065 ταῦτα.
1010 1012 1188 1079 Ἀξιῶ,
1216 1017 1265 1068 εἰ
1290 1018 1616 1086 παρίσταται
1648 1023 1714 1091 τῇ
1747 1022 1879 1092 ὑμε-

317 1097 441 1170 τέρᾳ
500 1096 754 1171 ἐξουσίᾳ,
813 1102 880 1155 τά
929 1103 1230 1176 γράμματα
1280 1107 1389 1160 τῶν
1438 1110 1879 1181 ἀρχιεπισκόπων

313 1190 740 1264 ἀναγνωσθῆναι.
793 1196 853 1248 Oi
902 1195 1230 1262 ἐνδοξότατοι
1268 1199 1528 1273 ἄρχοντες
1558 1199 1711 1256 εἷπον
1732 1221 1746 1235 ο
1799 1204 1881 1258 Τά

311 1283 613 1355 γράμματα
642 1286 883 1358 Πρόκλου
914 1289 1006 1343 καὶ
1035 1290 1304 1362 Κυρίλλου
1342 1292 1449 1346 τῶν
1493 1294 1593 1362 τῆς
1625 1294 1884 1360 εὐλαϐοῦς

313 1377 533 1447 μνήμης
565 1378 1143 1446 ἀναγινωσκέσθωσαν.

1978 764 2106 807 runt
2138 755 2309 809 beatae
2343 753 2617 808 memoriae
2644 752 2880 823 Cyrillus
2916 760 2970 806 et
2997 751 3240 814 Proclus,
3277 762 3333 807 et
3363 761 3542 807 certas

1977 845 2184 901 litteras
2242 845 2579 915 scripserunt
2626 842 2834 898 Domuo
2891 843 2983 911 qui
3029 842 3131 896 fuit
3174 843 3543 896 Antiocltenns

1974 937 2284 1007 episcopus,
2312 936 2670 1007 promisitque
2704 934 2794 989 ille
2821 949 2915 989 eas
2946 933 3238 1004 complere.
3262 933 3413 1003 Rogo
3435 933 3542 987 ita-

1977 1044 2102 1097 que.
2144 1027 2191 1083 si
2223 1027 2437 1082 videtnr
2468 1034 2665 1082 vestrae
2696 1024 2973 1096 potestati,
3010 1023 3545 1094 archiepiscoporum

1978 1118 2176 1172 littera:
2208 1118 2539 1188 relegantur.
2572 1115 2965 1173 Gloriosissimi
3010 1114 3225 1185 jutlices
3245 1113 3543 1169 dixerunt:

1981 1208 2194 1264 Littera:
2222 1208 2402 1266 Procli
2457 1219 2511 1265 et
2537 1208 2726 1281 Cyrilli
2776 1208 3247 1265 reverendissima:
3275 1207 3550 1265 memoria

1979 1302 2316 1371 relegantur.

1888 1502 1989 1563 VI.

383 1610 467 1665 Ex
487 1613 709 1681 epistola
739 1613 1016 1682 Quintiani
1043 1616 1269 1686 episcopi
1294 1588 1656 1743 Asculanidad
1690 1620 1908 1747 Ιῧθινιιῗ

1533 1707 1560 1744 e
1599 1703 1660 1748 ιι.
1743 1710 1825 1747 en.
1902 1714 1915 1748 ι

1995 1628 2555 1756 ιιΙΙοηειηὲἒιῖξδεορωη
2580 1629 2894 1690 Autiochiw,
2921 1644 2986 1684 ea:
3011 1639 3141 1684 tom.
3172 1627 3212 1682 V
3250 1626 3462 1684 Concil.

1994 1713 2048 1763 v.,
2074 1715 2196 1769 pag.
2263 1716 2281 1731 ν
2337 1741 2350 1753 .

1644 1732 1660 1748 ο
1707 1732 1721 1740 ν
1743 1732 1825 1747 uno
1857 1732 2048 1763 νεαραῖς,
2074 1732 2196 1763 Fu”.
2229 1732 2350 1756 βάν.

381 1798 597 1861 Ταύτας
623 1797 720 1861 τὰς
744 1797 950 1853 δώδεκα
979 1799 1325 1872 καθαιρέσεις
1350 1802 1644 1858 ἀπέστειλά
1668 1821 1769 1868 σοι,
1801 1807 1878 1858 εί-

2019 1810 2163 1868 ·Πιιε
2215 1812 2502 1868 duodecim
2548 1812 2919 1882 depositiones
2960 1812 3028 1868 ad
3071 1820 3123 1868 te
3175 1812 3321 1877 misi,
3370 1815 3551 1868 sciens

308 1889 413 1954 δὼς
442 1892 523 1944 ὅτι
550 1891 655 1963 χρὴ
676 1890 1043 1956 ἐξακολουθεῖν
1064 1896 1127 1965 τῇ
1156 1894 1497 1963 ἀποκαλύψει
1530 1897 1623 1950 τοῦ
1651 1897 1885 1951 ὁσιωτά-
1913 1902 1915 1908 “

1994 1904 2128 1974 quod
2158 1911 2371 1973 oportet
2415 1907 2573 1976 sequi
2603 1907 2988 1962 revelatiouem
3017 1904 3349 1960 sanctissimi
3374 1902 3552 1959 Procli

308 2000 404 2036 του
433 1985 530 2051 τῆς
558 1986 1204 2041 Κωνσταντινουπολιτών
1230 1989 1550 2061 Ἐκκλησίας
1585 1992 1884 2045 ἐπισκόπου

316 2077 556 2148 Πρόκλου
578 2096 590 2109 ·
632 2078 748 2143 πῶς
780 2081 837 2133 ἐν
878 2079 955 2151 τῷ
978 2080 1182 2151 κάμπῳ
1212 2080 1574 2152 καταδραμὼν
1595 2085 1691 2137 σὺν
1723 2084 1885 2137 παντὶ⁸

317 2171 394 2243 τῷ
414 2172 547 2244 λαῷ,
580 2172 1020 2244 κυματιζομένης
1046 2173 1150 2226 ὑπὸ
1182 2175 1422 2245 σεισμῶν
1449 2176 1548 2246 τῆς
1582 2174 1749 2244 αὐτῆς
1784 2177 1885 2230 πό-

317 2264 477 2329 λεως·
507 2266 602 2318 καὶ
629 2265 826 2338 θρήνου
856 2266 960 2319 ὑπὸ
985 2267 1200 2321 πάντων
1228 2268 1710 2339 ἀναπεμπομένου,
1732 2269 1886 2338 ἄφνω

319 2359 482 2413 παῖδα
519 2360 600 2424 εἰς
623 2359 713 2413 τὸν
750 2360 976 2432 οὐρανὸν
1007 2359 1239 2432 ἀρθῆναι
1270 2360 1375 2414 ὑπό
1417 2378 1561 2425 τινος
1587 2360 1885 2433 δυνάμεως,

317 2451 412 2504 καὶ
437 2452 609 2523 τούτῳ
640 2452 887 2507 ἐνθέσθαι
915 2453 1010 2507 τοῦ
1038 2453 1339 2507 λιτανεύειν
1370 2453 1431 2507 τὸ
1464 2453 1756 2524 Τρισάγιον
1789 2454 1884 2506 καὶ

318 2544 499 2614 λέγειν
518 2563 532 2576 ⁸
572 2546 764 2615 Ἄγιος
790 2549 823 2601 ό
855 2548 1000 2611 Θεός
1016 2564 1029 2578 °
1062 2546 1227 2616 ἅγιος
1256 2545 1525 2615 ἰσχυρὸς,
1549 2545 1717 2615 ἅγιος
1742 2545 1856 2599 ἀθά
1874 2575 1885 2584 -

318 2660 515 2709 ratae,
555 2643 819 2710 ἐλέησον
853 2640 1031 2712 ἡμᾶς.
1082 2641 1194 2695 Καὶ
1224 2639 1394 2694 ταῦτα
1436 2640 1530 2694 τοῦ
1565 2640 1887 2709 ἐπαγγεῖλαι

320 2736 397 2802 τῷ
423 2736 702 2806 ἐπισκόπῳ
730 2734 1091 2806 προσετάχθη.
1120 2734 1215 2796 ’ος
1234 2733 1325 2787 καὶ
1348 2731 1484 2803 μετά
1507 2730 1736 2803 τρίωρον
1757 2730 1888 2802 ἔστη

322 2828 381 2878 ἐν
410 2825 487 2896 τῷ
518 2825 870 2897 τριΰουναλίῳ
895 2823 1045 2897 παρά
1076 2823 1201 2886 τοὺς
1247 2822 1414 2882 πόδας
1452 2824 1545 2876 τοῦ
1562 2820 1726 2876 αὐτοῦ
1744 2820 1880 2893 [τοῦ]

325 2918 642 2979 ἐπισκόπου,
672 2919 767 2971 καὶ
782 2916 955 2970 ταῦτα
980 2917 1295 2987 διηγήσατο.
1323 2914 1431 2969 Καὶ
1453 2914 1624 2978 οὕτως
1649 2912 1893 2967 λιτανεύε-

326 3012 551 3077 σάντων,
588 3011 822 3083 ἔστησαν
852 3011 901 3063 οἱ
925 3008 1154 3078 σεισμοί.

1989 1995 2602 2067 Constantinopolitanae
2632 1997 2889 2054 Ecclesiae
2918 1996 3194 2067 episcOpi;
3242 1996 3459 2066 quando
3496 1998 3553 2052 in

1990 2102 2240 2158 campum
2263 2105 2387 2144 cum
2415 2091 2669 2145 universo
2699 2092 2896 2161 pepulo
2928 2090 3200 2153 cucurrit,
3256 2089 3556 2145 ﬂuctuante

1992 2179 2108 2250 ipsa
2138 2181 2358 2237 civitate
2409 2182 2513 2238 sub
2556 2192 2717 2238 terrze
2771 2190 2942 2249 motu,
2977 2189 3033 2238 et
3077 2182 3332 2237 omnibus
3369 2180 3554 2236 (letum

1991 2271 2382 2337 emittentibus,
2400 2282 2623 2344 repente
2652 2290 2880 2344 puerum
2911 2274 2968 2328 in
2995 2288 3119 2329 aera
3155 2274 3321 2327 levari
3356 2287 3385 2326 a
3420 2286 3556 2342 qua-

1992 2363 2117 2418 dam
2162 2365 2382 2430 virtute,
2428 2373 2484 2421 et
2535 2366 2662 2421 huic
2706 2366 2909 2438 imponi
2962 2365 3280 2436 suppliciter
3305 2365 3558 2419 cecinere

1990 2457 2321 2528 Trisagium,
2349 2460 2413 2511 ac
2441 2457 2659 2514 dicere:
2699 2458 2922 2513 Sanctus
2955 2458 3116 2523 Deus,
3137 2466 3350 2512 sanctus
3380 2457 3557 2527 fortis,

1991 2560 2206 2603 sanctus
2243 2551 2585 2616 immortalis,
2610 2553 2854 2606 miserere
2891 2550 3070 2616 nobis;
3109 2559 3163 2606 et
3195 2552 3307 2605 hac
3345 2564 3562 2604 annun-

1993 2642 2131 2697 tiare
2156 2642 2410 2713 episcopo
2430 2642 2623 2713 jussus
2645 2628 2750 2700 est.
2779 2644 2880 2711 Qui
2899 2652 2953 2699 et
2970 2660 3064 2714 per
3093 2654 3201 2700 tres
3223 2645 3385 2699 horas
3411 2642 3562 2697 stetit

1992 2733 2048 2788 in
2089 2733 2370 2797 tribunali,
2406 2749 2565 2791 secus
2613 2736 2779 2805 pedes
2826 2736 2999 2806 ipsius
3048 2737 3308 2807 episc0pi,
3353 2743 3407 2790 et
3445 2735 3561 2789 hzec

1995 2824 2258 2880 narravit.
2296 2824 2363 2879 Et
2393 2825 2481 2880 hic
2538 2826 2857 2897 suppliciter
2893 2828 3180 2884 orantibus
3217 2828 3367 2883 stetit
3403 2834 3562 2882 terra:

1999 2924 2201 2973 motus.

1899 3125 2027 3186 VII.

751 3253 834 3306 Ea:
855 3252 1080 3323 epistola
1107 3252 1287 3307 Acacii
1315 3254 1537 3323 episcopi
1566 3249 1681 3308 ΟΡ.
1722 3250 1790 3305 ad
1828 3252 2064 3305 eumdem
2104 3249 2325 3306 Petrum
2358 3245 2670 3313 Fullonem,
2701 3247 2833 3303 ibid.
2861 3264 2983 3319 pag.
3015 3246 3140 3302 25!.

396 3370 471 3423 Οὐ
512 3370 671 3440 μόνον
695 3368 804 3439 γὰρ
833 3368 924 3438 τὴν
956 3369 1271 3447 χερουὸικδν
1295 3369 1462 3442 ὕμνον
1489 3372 1800 3437 ἐνόθευσας,
1824 3372 1892 3425 δι’

2065 3367 2183 3423 Non
2216 3369 2392 3424 Solum
2424 3368 2569 3423 enim
2598 3366 2953 3423 cherubicum
2978 3365 3127 3422 illum
3157 3364 3413 3437 hymnum
3442 3376 3564 3417 cor-

329 3457 388 3516 οὖ
421 3462 516 3515 καὶ
546 3464 579 3532 ή
620 3461 861 3533 ἡμετέρα
887 3463 1041 3525 πόλις
1067 3462 1373 3535 ἐστερεὼοη
1406 3464 1731 3537 σαλευομένη
1762 3464 1893 3519 ποτὲ

332 3554 433 3609 ὑπὸ
457 3554 751 3608 ἀνενδότων
790 3554 1047 3626 σεισμῶν,
1076 3554 1263 3618 παιδὸς
1292 3557 1486 3626 νηπίου
1520 3558 1646 3629 περὶ
1678 3558 1770 3612 τὸν
1803 3559 1891 3611 αἱ-

331 3650 462 3720 θέρα
482 3647 819 3720 ἀρπαγέντος
849 3648 933 3700 ἐπ’
961 3646 1116 3717 ὂψεσι
1138 3648 1316 3718 πάσης
1336 3648 1434 3718 τῆς
1456 3649 1664 3714 πόλεως
1685 3650 1760 3714 ὡς
1790 3652 1894 3715 ἕως

329 3742 510 3813 τρίτου
539 3739 767 3811 ούρανοῦ
815 3738 957 3793 κατά
1000 3739 1092 3793 τὸν
1120 3739 1406 3794 θεσπέσιον
1433 3741 1664 3795 Παῦλον.
1719 3741 1896 3796 Κάκεῖ

330 3834 628 3902 ἀκηκοότος
660 3831 757 3902 τὴν
779 3832 1012 3901 ipsum
1044 3829 1245 3899 ταύτην
1275 3829 1595 3900 ύμνολογίαν
1617 3847 1632 3863 ο
1685 3832 1806 3884 καθ’
1830 3834 1895 3903 ἢν

331 3926 479 3996 ὥραν
501 3927 559 3978 ἐν
588 3924 666 3994 τῷ
685 3924 887 3995 κάμπῳ
911 3924 979 3977 τά
1000 3922 1176 3994 πλήθη
1207 3922 1346 3993 μετά
1370 3922 1619 3996 δακρύων
1643 3923 1877 3978 ἀνεϐόων

333 4016 411 4076 τὸ,
430 4014 627 4084 Κύριε,
644 4012 924 4080 ἐλέησον,
939 4012 1074 4083 πρὸς
1095 4011 1185 4065 τὸν
1204 4012 1357 4076 Θεὸν,
1384 4012 1499 4082 ἆμα
1519 4012 1613 4065 τοῦ
1635 4015 1693 4066 ἐν
1723 4013 1898 4081 ἁγίοις

336 4106 577 4178 Πρόκλου
619 4102 713 4158 τοῦ
751 4104 1034 4174 γεγονότος
1070 4102 1280 4174 Πατρὺς
1306 4102 1482 4173 ἡμῶν,
1518 4104 1611 4156 καὶ
1651 4104 1900 4175 ἀρχιεπι-

338 4198 539 4252 σκόπου
568 4196 769 4268 ταύτης
783 4196 881 4268 τῆς
901 4194 1168 4266 βασιλίδος
1189 4195 1283 4249 καὶ
1304 4194 1642 4267 φιλοχρίστου
1674 4194 1896 4258 πόλεως.

1998 3461 2217 3531 rupisti,
2251 3476 2347 3532 per
2372 3476 2531 3533 quem
2561 3470 2614 3516 et
2640 3468 2824 3516 nostra
2860 3460 3055 3514 civilas
3087 3460 3293 3514 ﬁrmata
3317 3464 3565 3515 est.cum

1998 3553 2127 3608 olim
2182 3560 2489 3608 moveretur
2546 3553 2616 3607 ab
2672 3552 3027 3607 interioribus
3095 3560 3253 3605 terrae
3305 3549 3564 3612 motibus,

1999 3660 2170 3715 puero
2206 3646 2412 3699 infante
2445 3644 2511 3699 ad
2538 3645 2741 3699 :ethera
2771 3653 2926 3714 rapto
2972 3644 3026 3697 in
3070 3650 3368 3711 conspectu
3399 3642 3568 3696 totius

2000 3735 2236 3791 civitatis
2270 3751 2445 3805 usque
2491 3734 2556 3789 ad
2605 3734 2825 3789 tertium
2858 3732 3075 3794 cmlum,
3111 3729 3566 3801 quemadmodum

1999 3829 2216 3884 divinus
2240 3827 2443 3884 Paulus
2468 3830 2508 3884 ¹.
2568 3826 2770 3882 Ibidem
2801 3827 2940 3880 hanc
2976 3824 3300 3880 inell'abilem
3342 3824 3562 3894 hymno-

2003 3921 2198 3992 logiam
2230 3921 2539 3989 obaudivit;
2579 3920 2635 3975 in
2674 3934 2779 3991 qua
2806 3920 2938 3973 hora
2970 3919 3023 3972 in
3058 3931 3251 3986 campo
3282 3914 3568 3968 multitudo

2004 4030 2126 4069 cum
2170 4015 2460 4087 lacrymis:
2511 4014 2751 4081 Domine,
2804 4013 3064 4076 miserere,
3110 4009 3449 4066 exclamabat
3500 4006 3565 4060 ad

2003 4104 2195 4169 Deum,
2222 4107 2383 4163 simul
2405 4123 2529 4163 cum
2554 4116 2745 4164 sancto
2770 4106 2929 4161 Patre
2949 4113 3140 4161 nostro
3167 4102 3361 4158 Proclo
3389 4100 3567 4157 archi-

2003 4199 2258 4270 episcopo
2291 4200 2450 4270 hnjus
2479 4201 2676 4272 regalis
2707 4208 2760 4256 et
2782 4214 2810 4254 a
2847 4199 2959 4254 Deo
2987 4206 3180 4253 amata:
3211 4194 3475 4253 civitatis.

1901 4314 2055 4375 VHI.

693 4441 774 4496 Ea:
802 4441 1024 4511 epistola
1048 4438 1249 4494 Justini
1275 4438 1501 4507 episcopi
1527 4437 1583 4491 in
1604 4435 1792 4493 Sicilia
1824 4437 1891 4493 ad
1932 4438 2168 4493 euntdem
2200 4439 2419 4496 Petrqu
2448 4438 2752 4505 Fullonem,
2778 4440 2906 4495 ibid.
2930 4454 3051 4511 pag.
3070 4439 3199 4495 227.

407 4559 566 4624 Δέξαι
602 4552 692 4610 οὖν
726 4556 801 4620 ὡς
848 4551 1077 4623 ἀδελφοῦ
1111 4569 1204 4606 σου
1231 4550 1548 4624 παραίνεσιν
1570 4566 1585 4580 ’
1626 4548 1722 4601 καλ⁸
1745 4546 1903 4617 γενοῦ

342 4653 545 4723 ποιμὴν
574 4649 682 4703 τῶν
706 4647 1015 4720 πφῦἀτων,
1049 4645 1143 4699 καὶ
1176 4645 1237 4697 ού
1266 4643 1426 4706 λύκος
1444 4659 1457 4672 ·
1492 4641 1586 4695 καὶ
1612 4640 1690 4710 τῷ
1726 4656 1902 4711 μακα-

345 4744 444 4815 ρίῳ
490 4741 716 4815 Πρόκλῳ
747 4738 1035 4803 ἀκόλουθος
1082 4735 1262 4807 γενοῦ,
1306 4735 1401 4789 καὶ
1432 4736 1498 4806 τῇ
1548 4732 1712 4787 αὐτοῦ
1743 4734 1798 4785 ἐν
1827 4730 1906 4802 τῷ

343 4836 548 4907 κάμπῳ
577 4831 938 4902 ἀποκαλύψει.

2079 4550 2308 4621 Suscipe
2336 4567 2465 4623 ergo
2494 4560 2751 4622 tanquam
2782 4551 2965 4607 fratris
2999 4552 3076 4605 tui
3111 4550 3567 4615 admonitionem;

2006 4650 2061 4697 et
2089 4643 2184 4699 tias
2214 4654 2400 4715 pastor
2431 4645 2637 4707 ovium,
2673 4653 2727 4699 et
2759 4661 2867 4699 non
2898 4645 3092 4713 lupus;
3125 4652 3179 4698 et
3211 4644 3308 4697 tias
3338 4651 3567 4698 sectator

2011 4737 2152 4792 beati
2178 4735 2357 4793 Procli
2387 4744 2441 4793 et
2471 4737 2816 4793 revelationis
2849 4736 2969 4807 ejus
2995 4737 3049 4790 in
3082 4750 3293 4806 campo.

1932 4951 2045 5011 IX.

692 5078 777 5134 Ea:
804 5077 942 5132 Hist.
973 5076 1110 5132 eccl.
1139 5073 1453 5144 Tripartita,
1491 5070 1584 5125 lib.
1609 5087 1705 5133 χιι,
1735 5086 1850 5140 cap.
1882 5073 1936 5135 5,
1967 5073 2109 5140 apud
2140 5072 2540 5132 Cassiodorum.
2571 5071 2703 5140 Opp.
2734 5080 2862 5123 tom.
2895 5068 2937 5133 l,
2974 5085 3097 5141 pag.
3130 5069 3255 5124 548.

414 5199 694 5258 Sisinnius
740 5195 990 5250 Proclum
1037 5193 1090 5248 in
1128 5191 1328 5263 Cyzico
1382 5188 1757 5255 consecravit;
1814 5188 1909 5254 qui

342 5306 632 5364 antequam
662 5288 1097 5360 proﬁcisceretur
1129 5283 1196 5337 ad
1226 5282 1480 5353 Cyzicum
1501 5320 1516 5345 ,
1557 5280 1705 5336 cives
1767 5295 1909 5350 pra:-

344 5387 604 5444 cedentes
631 5380 953 5435 Dalmatium
978 5376 1304 5432 monachum
1344 5374 1658 5444 episcopum
1689 5371 1908 5427 sibimet

345 5478 761 5534 ordinaverunt,
789 5473 937 5543 parvi
961 5470 1253 5542 pendentes
1277 5467 1513 5537 regulam
1542 5480 1647 5535 qua
1666 5464 1903 5534 iubetur,

354 5581 544 5640 ιιι-κίοι·
575 5565 1230 5634 Constantinopolitanum
1264 5560 1575 5631 episcopum
1605 5556 1907 5614 ordinatio-

436 5725 451 5755 '
474 5722 515 5779 ll
546 5723 673 5780 Cor.
706 5738 791 5785 xu,
828 5723 883 5776 ‘2.

2009 5204 2131 5245 nem
2174 5190 2249 5244 ibi
2290 5190 2405 5245 ﬁeri
2439 5205 2547 5243 non
2582 5189 2796 5245 debere.
2831 5185 2986 5254 Quod
3022 5187 3143 5243 ideo
3182 5185 3431 5257 Cyziceni
3478 5200 3578 5240 ne-

2007 5280 2323 5351 glexerunt,
2371 5280 2499 5350 quia
2550 5278 2733 5332 Attico
2782 5278 2883 5333 soli
2928 5277 3041 5331 haec
3085 5277 3166 5331 lex
3216 5276 3569 5346 personaliter

2010 5371 2248 5443 praestita
2273 5372 2572 5427 videbatur.
2599 5368 2798 5424 Mansit
2822 5384 2950 5440 ergo
2984 5368 3207 5424 Proclus
3232 5385 3338 5423 non
3368 5369 3571 5430 habens

2010 5461 2305 5516 Ecclesium
2336 5462 2652 5531 propriam:
2694 5461 2787 5530 qui
2810 5468 2988 5514 tamen
3016 5459 3070 5514 in
3100 5460 3345 5516 doctrina
3394 5461 3572 5518 eccle-

2010 5557 2213 5612 siarum
2243 5553 2791 5627 Constantinopoleos
2824 5553 2979 5611 valde
3007 5553 3253 5612 ﬂorebat.
