4054 6198
486 328 592 384 667
1152 370 1153 373 η
1593 323 1649 378 S.
1692 319 2010 378 PROCLUS
2047 319 2151 375 (ΣΡ.
2193 317 2590 376 EPISCOPUS.
3158 314 3163 320 ’
3616 306 3725 364 668

1746 458 1889 514 Ibid.
1928 475 2044 527 cap.
2074 458 2160 523 10,
2192 474 2311 527 pag.
2350 456 2447 509 551

557 577 918 635 Maximianus
949 590 1074 631 cum
1110 575 1248 631 duos
1292 590 1469 631 annos
1502 584 1556 631 et
1588 590 1680 630 sex
1713 590 1926 630 menses
1956 573 2058 629 Ee-
2087 582 2130 638 Α
2161 572 2306 641 cepit
2349 569 2720 625 inthronizare
2752 565 3026 621 Proelum.
3074 561 3231 629 Quod
3277 560 3442 617 etiam
3494 556 3729 614 Romani

486 673 707 728 clesiam
739 670 1124 740 gubernasset,
1152 666 1441 723 defunctus
1466 676 1549 723 est
1573 668 1862 722 consulatu
1894 666 2054 720 Ario—
2157 661 2399 730 episcopi
2429 658 2712 714 leestiui
2740 657 2931 710 litterae
2957 656 3329 717 firmaverunt,
3353 665 3490 720 quas
3521 650 3590 703 ad
3622 648 3735 719 Cy-

485 763 664 818 bindze
697 739 752 817 et
780 760 1027 831 Asparis,
1059 759 1146 814 die
1174 775 1249 814 xu
1306 762 1511 815 mensis
1542 759 1764 830 Aprilis,
1800 759 1853 813 in
1889 759 2057 835 septig
2155 754 2337 807 rillum
2367 751 2709 806 Alexandriae
2727 749 3019 804 destinavit
3045 746 3361 814 episcopum
3391 752 3445 798 et
3470 742 3537 797 ad
3566 739 3737 796 Joan-

484 868 646 907 mana
670 852 875 921 majore
890 852 1246 923 jejuniorum,
1276 850 1410 906 feria
1438 868 1488 904 v.
1513 851 1669 905 Tunc
1699 850 1862 920 igitur
1885 834 2059 903 Theoé
2159 860 2279 899 nem
2305 845 2706 898 Antiochenum
2742 851 2794 895 et
2821 839 3020 894 Rufum
3041 838 3618 902 Thessalonicensem,
3652 834 3737 889 di-

485 944 675 999 dosius
724 945 1017 1013 imperator
1065 944 1339 1012 sapienter
1396 957 1618 997 causam
1647 942 1947 1011 prospexit,
1989 956 2058 994 ne
2158 953 2290 992 cens
2332 938 2459 1007 quia
2506 937 2639 991 nihil
2681 935 2992 1006 prohiberet
3025 933 3253 987 alterius
3295 931 3535 985 civitatis
3576 929 3733 984 exsi-

488 1052 682 1092 rursus
714 1037 783 1092 de
806 1035 1126 1107 episcopatu
1159 1036 1445 1093 seditionis
1468 1035 1702 1105 quaestio
1735 1041 1830 1087 aut
1859 1032 2058 1087 tumul—
2160 1038 2391 1085 stentem
2419 1030 2735 1100 episcopum
2770 1030 2824 1083 in
2855 1027 3015 1082 aliam
3050 1025 3366 1096 demigrari.
3398 1023 3740 1076 luthroniza-

487 1136 577 1182 tus
616 1126 672 1180 iu
711 1125 950 1182 Ecclesia
988 1134 1326 1182 nasceretur.
1363 1124 1498 1178 Cum
1537 1124 1717 1178 adhuc
1753 1138 1883 1193 ergo
1927 1136 2056 1176 cor-
2158 1129 2249 1177 tus
2303 1121 2469 1191 igitur
2512 1121 2739 1176 Proclus
2784 1121 3076 1190 exsequias
3119 1114 3432 1173 Maximiani
3479 1113 3769 1185 corporis.

487 1234 591 1289 pus
624 1217 937 1274 Maximiani
963 1218 1190 1288 jacet-et,
1225 1216 1585 1287 praesentibus
1619 1214 1891 1286 episcopis
1916 1229 2058 1284 prze-
2160 1213 2477 1269 celebravit.

1779 1351 1801 1404 Ι
1810 1350 1919 1405 bid.
1953 1367 2072 1419 cap.
2104 1350 2186 1414 Η,
2212 1366 2332 1421 pag.
2362 1349 2486 1406 552.

557 1472 790 1527 Proclus
821 1472 889 1525 ab
927 1479 1086 1526 aetate
1123 1472 1297 1541 prima
1331 1471 1504 1526 lector
1531 1469 1653 1535 fuit,
1688 1469 1831 1540 apud
1867 1469 2057 1523 docto-
2165 1482 2225 1522 se
2279 1467 2579 1522 terribilem
2640 1476 2943 1537 opportune
2996 1465 3378 1532 monstrabat;
3442 1464 3550 1518 iste
3606 1478 3740 1518 vero

488 1581 577 1621 res
605 1574 783 1619 tamen
820 1564 1119 1619 observans
1152 1564 1356 1618 zelator
1388 1578 1605 1633 quoque
1649 1562 1705 1616 in
1736 1561 2007 1616 rhetorica
2040 1576 2055 1612 :
2166 1560 2419 1613 omnibus
2449 1558 2595 1612 mitis
2626 1570 2781 1623 erat;
2809 1565 2861 1612 et
2886 1558 2965 1612 sic
2995 1572 3090 1613 eos
3126 1557 3308 1628 potius
3338 1570 3500 1626 quam
3538 1554 3740 1610 violen-

489 1655 583 1725 qui
608 1654 738 1709 dum
768 1654 835 1707 ad
871 1654 1165 1724 perfectam
1194 1654 1430 1708 venisset
1453 1660 1703 1717 aetatem,
1740 1652 2062 1722 plerumque
2168 1659 2250 1704 ter
2278 1648 2493 1706 ﬂectere
2522 1651 2815 1714 nitebatur,
2852 1650 3054 1704 nullam
3093 1649 3341 1704 haeresim
3379 1647 3611 1716 fatigare
3638 1662 3736 1701 vo-

489 1763 612 1801 cum
645 1747 823 1801 Attico
854 1754 971 1800 erat
1000 1747 1258 1816 episc0po
1289 1754 1546 1813 exceptor
1574 1759 1888 1799 sermonum
1917 1744 2059 1814 ejus.
2170 1741 2285 1797 lens
2319 1762 2331 1798 :
2366 1744 2419 1796 in
2460 1743 2561 1797 hac
2599 1753 2751 1812 parte
2787 1740 3152 1796 Theodosium
3194 1741 3436 1796 imitatus
3489 1741 3743 1811 impera-

492 1836 558 1890 Et
587 1837 714 1891 dum
753 1839 1076 1905 proliceret,
1124 1836 1192 1889 ab
1218 1835 1400 1889 Attico
1436 1834 1704 1889 diaconus
1749 1834 2057 1897 ordinatur,
2093 1830 2133 1888 Β
2164 1842 2356 1891 torem.
2392 1835 2483 1890 llle
2506 1849 2738 1904 namque
2763 1833 3066 1903 judicabat,
3092 1841 3281 1888 contra
3310 1832 3611 1903 culpabiles
3635 1834 3737 1886 im-

493 1936 680 1997 postea
713 1926 1016 1997 presbyter.
1048 1926 1091 1979 A
1129 1925 1375 1982 Sisinnio
1403 1941 1531 1979 vero
1562 1925 1744 1996 Cyzici
1775 1924 2065 1980 ordinatur
2168 1927 2356 1998 periali
2392 1941 2500 1980 non
2531 1928 2605 1979 uti
2640 1933 2907 1998 potestate
2945 1944 2958 1979 :
2993 1926 3081 1979 hic
3125 1932 3304 1979 autem
3341 1925 3492 1995 parvi
3536 1922 3738 1993 pendeo

492 2021 805 2088 episcopus.
847 2017 971 2072 Haac
999 2019 1249 2088 equidem
1280 2019 1329 2073 ei
1361 2018 1618 2088 primitus
1656 2029 2064 2088 provenerunt;
2173 2023 2286 2086 hat,
2318 2023 2362 2076 si
2402 2021 2527 2091 quis
2558 2021 2625 2076 de
2668 2021 2777 2074 Deo
2808 2034 2913 2074 non
2950 2019 3023 2073 ita
3049 2025 3296 2088 saperet,
3333 2019 3477 2073 sicut
3509 2017 3645 2086 ipse.
3682 2014 3741 2069 In

494 2116 682 2179 postea
730 2109 986 2164 thronum
1035 2111 1658 2179 Constantinopoiitanee
1700 2111 1928 2166 sortitur
1957 2111 2061 2165 Ec-
2171 2113 2257 2169 his
2288 2115 2450 2184 igitur
2479 2114 2642 2167 etiam
2687 2114 2986 2182 imperator
3021 2111 3278 2165 laudabat
3317 2125 3480 2173 emn;
3513 2124 3639 2175 curn
3686 2116 3747 2161 et

493 2203 691 2258 clesize.
725 2201 855 2256 Erat
881 2203 1026 2257 enim
1051 2204 1133 2257 vir
1159 2204 1403 2259 moribus
1428 2204 1685 2274 eptimis;
1716 2210 1766 2257 et
1797 2204 1867 2257 ab
1888 2204 2064 2258 Attico
2171 2205 2286 2275 ipse
2328 2221 2486 2260 veros
2544 2204 2860 2259 sacerdotes
2914 2203 3252 2268 imitaretur,
3301 2212 3355 2258 et
3398 2213 3749 2271 nequaquam

496 2293 698 2349 utiliter
723 2293 992 2359 eruditus,
1024 2295 1209 2349 omnia
1231 2295 1350 2366 ejus
1376 2295 1713 2349 imitabatur.
1747 2294 1853 2348 Sed
1878 2297 1931 2349 in
1958 2296 2065 2350 isto
2169 2298 2422 2369 persequi
2453 2298 2695 2353 volentes
2729 2297 3058 2353 admitteret.

495 2386 758 2454 patientia
780 2388 960 2457 potior
987 2389 1306 2458 apparebat.
1335 2386 1398 2440 Et
1427 2388 1516 2442 ille
1544 2387 1763 2457 quidem
1797 2387 2065 2443 haereticis

2104 2524 2178 2583 X.

761 2647 843 2701 Ea:
867 2646 1223 2704 Confessione
1253 2647 1376 2705 ﬁdei
1402 2648 1631 2703 Joannis
1663 2648 1947 2712 Maxentii,
1974 2650 2028 2703 in
2050 2648 2307 2705 Biblioth.
2342 2649 2443 2705 PP.
2469 2648 2646 2704 Paris.
2680 2658 2807 2702 tom.
2836 2647 2924 2714 IV,
2955 2657 3096 2717 part.
3129 2664 3168 2714 I,
3201 2664 3321 2720 pag.
3353 2647 3478 2704 457.

567 2757 677 2815 Sed
711 2760 797 2817 his
839 2761 998 2832 paulo
1042 2761 1389 2817 manifestius
1418 2763 1608 2819 beatus
1644 2764 1870 2819 Proclus
1901 2765 2065 2834 hujus
2175 2761 2276 2817 hac
2312 2763 2582 2819 sententia
2612 2773 2693 2818 est
2719 2763 2967 2827 locutus,
3006 2762 3223 2825 dicens,
3252 2769 3358 2817 etc.
3403 2762 3758 2834 Quapropter

498 2857 649 2912 urbis
678 2857 989 2926 episcopus,
1016 2873 1178 2927 quem
1214 2859 1376 2912 etiam
1408 2859 1716 2913 veneranda
1746 2860 1948 2930 recepit
1979 2876 2067 2932 sy-
2175 2858 2220 2913 si
2259 2860 2383 2928 quis
2425 2856 2566 2911 hanc
2606 2855 2769 2924 hujus
2802 2855 3096 2911 beatissimi
3143 2853 3321 2909 Patris
3358 2870 3521 2924 super
3555 2856 3761 2926 splen-

497 2948 674 3006 nodus
706 2949 1169 3005 Chalcedonensis
1190 2990 1204 3014 ,
1247 2951 1312 3005 ad
1344 2951 1630 3006 Armenios
1660 2970 1672 3006 :
1710 2966 1834 3006 cum
1876 2961 2064 3006 contra
2174 2950 2359 3006 dorem
2390 2948 2520 3004 solis
2548 2948 2819 3003 lucentem
2861 2947 3184 3002 sententiam
3215 2946 3614 3015 reprehendere
3644 2963 3759 3000 au—

495 3038 771 3096 Theodori
813 3043 1203 3113 blasphetnias,
1237 3044 1328 3113 qui
1360 3046 1781 3113 quaternitatem
1810 3059 1908 3114 pro
1949 3042 2070 3097 Tri-
2174 3041 2285 3105 det,
2330 3055 2493 3093 unam
2527 3038 2694 3093 totius
2731 3035 3019 3092 Trinitatis
3060 3036 3509 3099 subsistentiain,
3541 3035 3595 3089 id
3637 3044 3765 3101 est,

499 3136 670 3189 nitate
710 3136 875 3206 impie
904 3124 1309 3207 d'ogmatizavit,
1342 3144 1618 3207 peteretur
1646 3137 1713 3189 ab
1742 3137 1859 3205 ipsa
1888 3144 2066 3205 gente,
2103 3194 2140 3207 Α
2174 3131 2354 3187 Patris
2379 3138 2432 3186 et
2465 3130 2585 3184 Filii
2608 3141 2659 3184 et
2688 3130 2927 3200 Spiritus
2953 3128 3150 3192 sancti,
3181 3128 3470 3185 manifeste
3492 3144 3616 3183 cum
3645 3126 3762 3183 Sa-

500 3237 559 3281 ut
587 3194 872 3292 scriberet,
909 3194 1265 3299 ejusdemque
1290 3194 1659 3299 bfasphemias
1692 3194 1974 3289 refutaret,
2007 3194 2071 3281 de
2099 3194 2141 3250 θ
2173 3226 2335 3282 bellio
2370 3223 2591 3280 credere
2628 3194 3071 3293 deprehenditur.

2106 3360 2206 3419 XI.

572 3509 657 3566 Ea:
689 3508 825 3564 libro
853 3525 905 3563 IV
936 3507 1221 3580 Epltrwmii
1246 3509 1474 3579 episcopi
1504 3509 1871 3579 Theopolitani
1899 3506 1964 3562 ad
1980 3507 2292 3649 pigenstglles
2320 3506 2640 3573 monachos,
2678 3505 2820 3575 apud
2851 3502 3103 3561 Photium
3138 3504 3277 3561 Bibl.
3314 3507 3432 3562 cod.
3459 3522 3675 3573 ccxxix,

578 3720 640 3774 Et
677 3736 809 3776 sane
857 3719 1087 3774 Proclus
1145 3716 1808 3787 Constantinopolitanus,
1855 3726 1909 3773 et
1959 3714 2068 3788 Cy-

2249 3713 2359 3767 Kai.
2386 3713 2492 3785 μὴν
2521 3712 2614 3766 καὶ
2647 3711 2890 3784 Πρόκλος
2922 3715 2952 3768 6
2981 3713 3619 3776 Κωνσταντινουπό).εως,
3654 3717 3769 3769 καὶ

507 3812 686 3866 riacus
714 3810 878 3880 Paphi
906 3810 1230 3882 cpiscopus,
1267 3824 1410 3863 unus
1439 3824 1470 3863 e
1509 3809 1767 3863 trecentis
1803 3808 1989 3863 decem
2016 3815 2071 3864 et

2177 3806 2455 3879 Κυριακὸς
2485 3806 2514 3858 6
2554 3805 2654 3877 τῆς
2686 3805 2872 3875 Πάφου
2912 3805 3229 3870 ἐπίσκοπος,
3264 3800 3345 3870 εἷς
3377 3805 3453 3860 ὢν
3495 3807 3601 3860 τῶν
3639 3816 3768 3881 τινί

506 3910 629 3956 octo
662 3899 950 3966 Patribus,
997 3900 1108 3952 base.
1149 3900 1335 3954 eadem
1374 3899 1594 3953 habent.
1635 3895 1726 3952 Ille
1769 3898 1986 3967 quidem
2015 3898 2068 3951 in

2178 3897 2347 3966 ἁγίων
2373 3896 2663 3967 Πατέρων,
2692 3896 2760 3950 τὰ
2787 3896 2927 3951 αὐτά
2958 3914 3121 3968 φησιν
3141 3937 3154 3952 .
3200 3898 3259 3951 '0
3287 3899 3384 3970 μὲν
3414 3901 3472 3953 ὲν
3506 3899 3767 3972 Πουλχεο

505 3993 887 4048 Pulcherianis
929 3999 1050 4062 post
1090 3990 1372 4056 Natalem;
1414 4000 1468 4045 et
1516 3990 1604 4044 hic
1648 3994 1701 4044 in
1757 3989 2071 4061 Epiphaniae

2179 3993 2389 4062 ριαναίς
2420 3989 2556 4062 μετά
2591 3990 2650 4043 τὸ
2694 3988 2971 4043 Γενέθλιον
2990 4007 3005 4021 ’
3041 3992 3070 4045 6
3108 3990 3166 4043 δὲ
3196 3992 3253 4044 ὲν
3280 3990 3358 4062 τῷ
3392 3992 3489 4053 Εἷς
3511 3989 3580 4042 τὰ
3607 3992 3762 4044 Θεο-

505 4088 752 4140 oratione
789 4104 802 4140 :
845 4085 938 4156 qui
973 4084 1136 4139 etiam
1184 4083 1240 4137 in
1279 4081 1528 4138 oratione
1572 4081 1647 4137 De
1699 4080 2075 4137 Incarnatione

2179 4081 2516 4153 φάνιαλόγῳ
2537 4097 2553 4113 ·
2593 4084 2622 4135 ό
2649 4082 2811 4146 αὐτὸς
2840 4081 2897 4135 δὲ
2934 4084 3026 4136 καὶ
3064 4083 3121 4136 ὲν
3159 4081 3238 4154 τῷ
3276 4082 3417 4154 Περὶ
3455 4083 3764 4152 ὲνανθρω-

507 4176 694 4232 eadem
736 4177 916 4233 habet.

2181 4174 2423 4246 πτήσεως
2455 4175 2599 4245 λόγῳ
2629 4174 2698 4228 τὰ
2729 4175 2868 4228 αὐτὰ
2897 4174 3062 4245 λέγει.

879 4317 962 4372 Ex
987 4318 1229 4373 oratione
1259 4333 1321 4372 Ill
1342 4317 1578 4387 ejusdem
1606 4315 1673 4371 ad
1704 4313 1972 4371 Domnum
2005 4324 2059 4370 et
2081 4313 2344 4371 Joannem
2372 4317 2692 4381 monachos,
2729 4314 2858 4370 ibid.
2883 4331 3033 4387 pagg.
3069 4316 3195 4383 806,
3225 4316 3348 4371 807.

583 4458 658 4512 Ad
686 4457 801 4513 haec
826 4457 1349 4530 llierosolymitanus
1372 4458 1630 4527 Cyrillus,
1661 4459 1821 4513 lcouii
1853 4458 2065 4529 Amphi«

2265 4458 2387 4512 Ἐπὶ
2419 4461 2630 4524 τούτοις
2671 4460 2765 4514 καὶ
2807 4462 2836 4513 6
2873 4460 2979 4514 τῶν
3034 4460 3418 4532 Ἰεροσολύμων
3461 4461 3760 4534 Κύριλῖος,

512 4551 743 4613 locbius,
780 4549 1004 4606 Proclus
1061 4552 1607 4621 Constantinopoleos
1653 4553 1931 4622 episcopi;
1981 4551 2075 4622 qui

2181 4552 2276 4607 καὶ
2318 4554 2662 4625 Ἀμφιλόχιος
2687 4557 2717 4608 6
2745 4554 2839 4609 τοῦ
2879 4554 3097 4609 Ἰκονίου
3119 4596 3132 4619 ,
3160 4557 3255 4609 καὶ
3275 4548 3514 4628 Πρόκλος
3542 4559 3571 4610 6
3598 4558 3756 4611 Κων-

511 4642 566 4696 in
593 4639 1017 4711 Quadragesima
1048 4642 1128 4696 sic
1151 4642 1346 4697 habet:
1380 4641 1571 4695 Divina
1599 4653 1794 4696 natura
1819 4646 2075 4707 increata,
2111 4640 2112 4643 “

2183 4646 2672 4710 σταντινουπόλεως
2691 4666 2704 4679 ·
2734 4646 2793 4712 ὃς
2810 4648 2901 4702 καί
2929 4665 3092 4719 φησιν
3120 4650 3179 4701 ὲν
3202 4652 3265 4721 τῇ
3299 4648 3341 4702 Τ
3345 4654 3759 4723 εσσαρακοστῇσ

510 4744 559 4789 et
587 4743 781 4788 nostra:
807 4736 980 4787 carnis
1013 4734 1248 4803 legitima
1276 4735 1566 4802 assumptio
1588 4774 1603 4797 ,
1630 4744 1679 4788 et
1710 4752 1844 4789 unus
1873 4744 1950 4790 est
1984 4734 2079 4789 Fi-

2186 4734 2257 4788 ’11
2304 4737 2434 4790 θεία
2476 4740 2662 4807 φύσις
2694 4738 2997 4805 ἆκτιστος,
3027 4742 3063 4809 ἡ
3104 4740 3170 4805 ἐξ
3216 4742 3361 4811 ἐμοῦ
3406 4744 3758 4810 πρόσληψις

514 4827 617 4879 lius
656 4865 669 4879 .
710 4868 723 4882 .
762 4863 777 4879 .
821 4867 834 4881 .
877 4866 890 4879 .
933 4865 946 4879 .
986 4823 1090 4879 Sed
1143 4834 1197 4879 et
1240 4824 1437 4880 Petrus
1484 4837 1687 4897 martyr
1738 4827 2079 4881 Alexandriae

2175 4829 2517 4894 ἁνόθευτος”
2553 4832 2648 4885 καὶ
2680 4833 2852 4887 ἐστιν
2883 4830 2973 4900 εἷς
3010 4836 3163 4900 Υἱός.
3197 4876 3209 4890 .
3245 4876 3258 4888 .
3315 4835 3473 4888 Ἀλλὰ
3511 4837 3603 4890 καὶ
3649 4837 3754 4889 Πέ-

513 4919 711 4987 praesul
744 4917 939 4973 similia
973 4925 1223 4973 testatur.
1268 4917 1492 4973 Proclus
1524 4934 1740 4988 quoque
1768 4917 2081 4973 Constanti-

2178 4938 2302 4992 τρος
2329 4923 2357 4975 6
2390 4922 2792 4996 Ἀλεξανδρείας
2813 4925 2908 4978 καὶ
2937 4926 3165 4996 μάρτυς,
3191 4926 3260 4980 τὰ
3280 4927 3441 4997 ὃμοια
3464 4932 3756 4998 μαρτυρεῖ,

514 5009 862 5077 nopolitanus
888 5008 1181 5078 cpiscopus
1207 5010 1258 5062 in
1291 5024 1543 5064 sermone
1574 5007 1651 5062 De
1672 5009 1944 5064 nativitate
1971 5010 2081 5065 Do-

2179 5015 2271 5067 καὶ
2296 5015 2537 5087 Πρόκλος
2559 5019 2588 5070 6
2612 5017 3251 5083 Κωνσταντινονπόλεως,
3284 5018 3342 5072 ἓν
3370 5036 3427 5072 τε
3455 5018 3531 5090 τῷ
3555 5022 3661 5085 Εις
3683 5019 3759 5073 τὸ

513 5101 660 5154 mini.

2183 5108 2506 5162 Γενέθλιον
2538 5107 2700 5179 λόγῳ.

1191 5242 1277 5296 Ea:
1306 5243 1442 5298 libro
1472 5260 1486 5297 l
1520 5244 1753 5314 ejusdem
1793 5244 2080 5316 Eplzrwmii
2108 5248 2179 5303 [‘e
2208 5249 2388 5304 verbis
2423 5248 2632 5320 Cyrilli,
2663 5247 2795 5303 ibid.
2826 5265 2946 5320 pag.
2985 5248 3113 5307 794.

588 5355 813 5429 Magnus
855 5375 1073 5432 quoque
1102 5361 1337 5416 Basilius
1375 5360 1699 5431 Cappadox,
1741 5363 1900 5433 cujus
1939 5362 2080 5419 fama

2263 5364 2319 5419 '0
2351 5364 2652 5435 θαυμάσιος
2677 5364 2732 5417 δὲ
2764 5365 3045 5431 Βασίλειος
3069 5368 3098 5420 6
3123 5369 3185 5419 ὲκ
3206 5369 3615 5432 Καππαδοκίας,
3648 5373 3765 5427 πᾶ-

519 5449 834 5506 universum
866 5462 1190 5525 pervagatur
1219 5454 1427 5517 orbem,
1461 5453 1689 5523 formam
1723 5463 1776 5510 et
1800 5457 2084 5510 essentiam

2183 5474 2280 5510 σαν
2312 5458 2552 5527 φωτίσας
2580 5457 2678 5528 τὴν
2708 5457 3053 5531 οἰκουμένην,
3080 5459 3194 5527 τὴν
3218 5459 3462 5530 μορφὴν
3516 5465 3609 5517 καὶ
3637 5463 3767 5533 τὴν·

524 5538 663 5594 idem
701 5556 821 5596 esse
851 5543 1024 5598 docet.
1074 5543 1301 5601 Proclus
1332 5562 1549 5617 quoque
1582 5545 2082 5619 Constantinopoli-

2184 5550 2401 5603 οὐσίαν
2427 5550 2620 5603 ταυτὸν
2649 5550 2985 5621 δογματίζει.
3021 5552 3130 5605 Καὶ
3160 5552 3397 5623 Πρόκλος
3434 5553 3489 5606 δὲ
3526 5554 3554 5604 6
3594 5555 3766 5607 va—

525 5638 686 5685 tanus
723 5630 1013 5699 cpiscopus
1045 5632 1295 5689 similiter
1344 5655 1354 5689 :
1405 5639 1565 5692 modo
1604 5640 1870 5708 siquidem
1909 5656 2084 5695 esseu-

2186 5641 2675 5705 σταντινουπό).εως
2722 5642 3050 5705 ἐπίσκοπος,
3091 5641 3376 5705 ὡσαύτως·
3420 5644 3449 5694 6
3498 5642 3592 5712 μὲν
3638 5642 3768 5716 γὰρ

526 5722 654 5780 tiam
681 5724 966 5796 appellavit
1000 5725 1245 5794 formam,
1284 5732 1443 5785 modo
1482 5748 1606 5786 vero
1643 5742 1904 5787 naturam.

1899 5774 1904 5785 .
2185 5734 2283 5805 τὴν
2307 5733 2547 5804 μορφὴν
2569 5736 2786 5789 οὐσίαν
2815 5734 3125 5806 ὠνόμασεν
3155 5738 3181 5788 ὁ
3209 5735 3261 5788 δὲ
3296 5735 3500 5804 φύσιν.
