4010 6210
299 332 399 388 669
1483 340 1895 388 TESTIMONIA
1937 339 2283 388 VETERIIM-
3417 332 3527 387 (ἶῖο

1483 340 1896 396 ΤΞΞΞΤΙΜΟΝΙΑ
1937 339 2283 396 VETERUM.

1854 478 1983 536 ΧΠ.

788 570 867 625 Ea:
894 574 1203 632 Constituto
1244 577 1419 648 Vigilii
1450 596 1600 648 papae
1636 582 1777 648 apud
1804 582 2096 636 Barom’um
2130 584 2198 635 ad
2232 598 2425 635 annum
2455 581 2577 648 555,
2608 580 2635 652 §
2669 581 2764 634 174
2797 591 2844 643 et
2874 599 2980 651 seq.

374 688 591 747 Beatum
620 692 869 749 Proclum
904 692 1065 761 hujus
1099 695 1258 764 regiae
1290 693 1526 748 civitatis
1558 696 1853 772 antistitem
1887 720 1925 772 Α
1955 695 2362 751 eruditissimus
2393 694 2759 759 sacerdotum,
2789 703 2841 748 et
2862 710 2965 749 non
2995 695 3152 763 longe
3183 710 3210 748 a
3242 694 3511 751 Theodori

307 778 379 835 ita
410 786 682 838 memorati
720 784 945 839 Joannis
978 786 1298 840 Antiocheni
1330 787 1567 856 epiSCOpi
1601 764 1853 841 similiter
1956 785 2322 858 Mopsuesteni
2401 788 2504 840 vita
2567 797 2851 856 repertus,
2914 788 3055 841 mala
3106 804 3225 856 qua:
3287 790 3517 843 libenter

307 880 512 927 constat
543 876 888 945 respondisse
921 877 1224 945 rescriptis,
1254 887 1358 931 etc.
1394 876 1693 948 Perpendat
1722 894 1852 949 ergo
1955 880 2304 935 damnaverat
2324 922 2341 946 ,
2372 880 2533 944 cuius
2570 892 2754 935 essent
2777 920 2792 943 ,
2823 895 2882 935 se
2905 879 3017 949 jam
3065 888 3195 933 tunc
3235 880 3515 950 professus

309 964 513 1033 pietatis
555 975 750 1022 vestra:
796 967 1061 1038 sapientia
1107 969 1402 1039 singularis
1451 970 1578 1039 quia
1623 969 1849 1027 Proclus
1955 980 2039 1027 est
2070 974 2340 1043 ignorare.

1839 1090 2000 1152 XIII.

554 1183 640 1239 Ea:
671 1201 827 1241 conc.
853 1186 1453 1262 Constantinopolitano
1483 1210 1542 1258 ιι,
1572 1210 1757 1265 gener.
1784 1196 1850 1261 V,
1884 1196 2067 1251 collat.
2104 1212 2187 1263 ιιι,
2209 1195 2334 1251 edit.
2380 1194 2504 1251 Ven.
2537 1195 2701 1250 Labb.
2731 1205 2855 1250 tam.
2890 1194 2979 1262 Vl,
3012 1211 3132 1267 pag.
3157 1196 3244 1251 4'2.

359 1297 655 1369 Sequimur
686 1318 781 1373 per
805 1307 984 1360 omnia
1010 1316 1063 1362 et
1089 1317 1307 1363 sanctos
1352 1309 1538 1366 Patres
1571 1319 1625 1364 et
1660 1312 1851 1366 docto-

280 1400 375 1443 res
413 1387 686 1456 Ecclesiae,
705 1392 1077 1462 Athanasium,
1117 1395 1398 1466 Hilarium,
1429 1410 1556 1465 etc.,
1588 1401 1844 1466 Leonem,

1956 1312 2242 1378 Proclum;
2273 1321 2326 1366 et
2362 1312 2693 1382 suscipimus
2726 1313 2909 1367 omnia
2950 1328 3069 1382 quae
3101 1312 3168 1367 de
3210 1322 3353 1366 recta
3389 1312 3513 1374 lide,

1957 1410 2011 1457 et
2049 1402 2496 1456 eondemnatione
2532 1401 2910 1456 haereticorum
2944 1408 3313 1471 exposuerunt
3343 1400 3443 1472 (a).

1151 1512 1236 1566 Ea:
1253 1514 1694 1579 eodemeoucilio
1725 1516 1857 1583 CP.,
1891 1517 2073 1571 collat.
2098 1533 2170 1579 vr,
2210 1517 2339 1573 ibid.
2374 1532 2495 1586 pag.
2526 1514 2644 1571 l56.

350 1622 557 1680 Sancta
585 1629 824 1698 synodus
856 1631 991 1686 dixit
1023 1634 1324 1689 :Omnihus
1350 1636 1694 1691 manifestum
1725 1654 1845 1694 esse
1949 1637 2261 1693 Nestorium
2296 1636 2556 1697 vindicat,
2588 1646 2637 1690 et
2674 1634 2824 1704 impii
2859 1633 3129 1689 Theodori
3170 1633 3375 1702 scripta
3421 1646 3523 1701 per

275 1723 545 1784 putamus
581 1734 647 1773 ex
688 1721 917 1790 epistola
958 1737 987 1775 a
1030 1723 1222 1779 Proclo
1262 1726 1528 1795 religiosae
1574 1731 1847 1783 memoria:
1950 1729 2133 1784 omnia
2174 1728 2526 1798 comprobat,
2569 1742 2689 1796 quae
2739 1736 2939 1780 sanctae
2976 1724 3249 1779 memoria:
3291 1722 3526 1777 Proclus‘

274 1805 517 1875 scripta,
551 1806 694 1874 quod
736 1826 844 1865 non
879 1812 1048 1866 libera
1080 1822 1159 1869 est
1209 1816 1278 1868 ab
1312 1818 1660 1873 accusatione
1705 1819 1848 1886 apud
1953 1820 2210 1890 pmcepit
2245 1834 2367 1875 eum
2402 1818 2888 1873 anathematizare.

272 1909 409 1949 eum
456 1901 732 1969 proposita
775 1901 844 1956 ad
895 1901 1091 1958 Marini
1146 1903 1360 1960 Persam
1406 1908 1663 1975 epistola;
1715 1926 1842 1964 nam

776 2011 862 2068 Ex
883 2014 1062 2069 eodem
1092 2017 1329 2072 concilio
1355 2016 1486 2082 CP.,
1510 2020 1691 2073 collat.
1723 2037 1775 2085 ν,
1804 2020 1995 2090 Cyritli
2016 2022 2169 2091 epist.
2202 2021 2272 2076 ad
2305 2021 2587 2082 Acacium,
2616 2020 2745 2074 ibid.
2777 2034 2899 2089 pag.
2938 2017 3035 2077 79.

350 2118 476 2174 Non
508 2122 792 2192 oportebat
820 2125 986 2181 latere
1015 2129 1357 2184 sanctitatem
1389 2140 1532 2185 tuam
1563 2152 1576 2187 :
1607 2143 1701 2188 aut
1738 2134 1847 2187 for-
1879 2143 1919 2198 Β
1950 2137 2107 2206 longa
2151 2135 2218 2191 de
2256 2137 2658 2207 dispensatione
2691 2134 2902 2190 Domini
2933 2134 3103 2189 nostri
3133 2132 3260 2188 Jesu
3290 2131 3517 2188 Christi.

293 2213 448 2267 sitan
477 2220 530 2268 et
557 2217 828 2286 cognovit,
857 2219 998 2290 quod
1026 2235 1214 2276 omnes
1238 2220 1539 2280 Orientales
1565 2226 1856 2296 religiosis-
1950 2228 2248 2300 Supposuit
2280 2230 2441 2285 etiam
2475 2230 2709 2298 capitula
2738 2227 2984 2299 quaedam
3017 2227 3244 2281 collecta
3276 2241 3304 2279 a
3332 2223 3514 2278 Theo-

276 2305 411 2358 simi
438 2306 671 2377 episcopi
705 2307 760 2362 in
784 2309 1066 2365 Antiochia
1094 2322 1483 2377 convenerunt,
1516 2331 1640 2370 cmn
1675 2326 1853 2374 traus~
1902 2333 1905 2336 '
1951 2320 2075 2375 dori
2107 2322 2412 2383 codicibus,
2442 2337 2562 2390 qua:
2598 2328 2988 2375 consonantem
3012 2316 3246 2373 Nestorii
3276 2315 3521 2384 perﬁdiis

275 2396 530 2452 misisset
577 2400 656 2454 eis
698 2409 904 2455 tomum
952 2403 1207 2460 dominus
1264 2422 1415 2462 meus
1467 2409 1852 2467 sanctissimus
1950 2412 2286 2467 intellectum
2336 2411 2556 2475 habent,
2597 2422 2651 2467 et
2705 2410 3026 2465 adhortatus
3077 2418 3162 2464 est
3212 2408 3373 2463 etiam
3423 2406 3513 2459 illa

273 2488 580 2559 episcopus
612 2491 855 2559 Proclus,
898 2495 1164 2550 bonorum
1203 2498 1423 2568 plenum
1466 2500 1848 2557 intellectuum
1952 2503 2432 2558 anathematizare.

272 2592 326 2636 et
363 2594 651 2640 rectorum
690 2587 1044 2658 dogmatum;
1085 2600 1201 2644 erat
1249 2593 1391 2648 enim
1422 2596 1560 2650 ratio
1592 2597 1759 2650 multa
1801 2606 1855 2652 et

1821 2714 1974 2773 XIV.

577 2823 906 2879 ANASTASIUS
937 2826 1160 2884 Suum
1184 2829 1276 2884 lib.
1329 2831 1573 2902 Ὀδηγοῦ,
1607 2848 1722 2902 cap.
1747 2835 1800 2897 5,
1828 2852 1858 2888 e.

1963 2834 2050 2888 iit.
2079 2833 2214 2902 Opp.
2240 2829 2471 2886 Gretseri
2495 2830 2655 2896 1740,
2680 2839 2805 2885 tam.
2829 2828 2973 2897 XIV,
2993 2844 3112 2899 pag.
3144 2829 3232 2884 59.

342 2931 548 3001 Πολλῷ
572 2932 728 2988 πλέον
752 2934 807 2988 δὲ
830 2936 1067 3002 πάντων,
1093 2941 1188 2994 καὶ¹
1217 2943 1322 3014 πρὸ
1344 2942 1562 2998 πάντων
1591 2944 1694 3016 χρὴ
1723 2948 1853 2999 ἁνα-

2022 2944 2137 2999 Ριεω
2175 2943 2428 2998 omnibus
2473 2958 2602 2996 vero
2649 2949 2703 2997 et
2736 2951 2861 2996 ante
2904 2941 3087 2995 omnia
3140 2937 3517 2994 exsecraudns

272 3023 601 3095 θεματίζειν
630 3026 720 3079 τὸν
748 3028 1103 3098 κηρύττοντα,
1135 3032 1167 3104 ἢ
1208 3033 1396 3105 ἔχοντα
1425 3036 1551 3090 νέαν
1588 3038 1790 3099 πίστιν,
1819 3038 1853 3110 ἢ

1963 3047 2038 3091 cst
2060 3079 2074 3101 ,
2110 3037 2201 3107 qui
2238 3050 2435 3090 novam
2470 3034 2626 3088 ﬁdem
2659 3041 2752 3087 aut
2791 3033 3114 3088 sententiam
3143 3029 3517 3100 praedicatqu

270 3119 394 3171 νέον
425 3116 629 3187 δόγμα,
666 3120 1114 3193 παρηλλαγμένον
1140 3125 1241 3197 τῆς
1267 3127 1502 3193 πίστεως
1534 3129 1640 3183 τῶν
1668 3131 1728 3183 ἐν
1756 3131 1856 3183 Νι-

1963 3135 2101 3182 leuet
2142 3128 2411 3182 diversam
2456 3141 2487 3180 a
2539 3126 2798 3180 trecentis
2835 3123 3018 3179 decem
3061 3129 3115 3177 et
3160 3127 3284 3175 octo
3331 3118 3519 3173 Niemze

272 3211 408 3281 καίᾳ
446 3216 559 3280 τιη⁹
606 3211 882 3284 Πατέρων.
941 3214 1211 3280 Ὡσαύτως
1255 3219 1349 3272 καὶ
1397 3220 1485 3273 τὸν
1527 3222 1781 3290 εὑρόντα,
1823 3221 1856 3293 ἢ

1963 3220 2232 3275 Patribus.
2274 3218 2535 3274 Similiter
2572 3224 2625 3272 et
2662 3217 2755 3288 qui
2798 3216 3064 3271 invenerit
3095 3221 3188 3269 aut
3217 3212 3520 3281 susceperit

268 3297 674 3371 παραλαϐόντα
702 3301 766 3355 ὲκ
795 3302 893 3372 τῆς
922 3304 1136 3358 συνόδου
1167 3306 1504 3377 Χαλκηδόνος
1529 3309 1653 3363 νέαν
1680 3308 1858 3363 πίστιν

1963 3329 2023 3368 ει
2060 3313 2295 3367 concilio
2315 3309 2741 3366 Chalcedonensi
2764 3322 2959 3363 novam
2983 3316 3178 3377 praeter
3203 3312 3516 3359 sanctorum

270 3392 564 3464 παρεκτὸς
583 3393 675 3446 τοῦ
707 3398 1048 3468 φρονήματος
1067 3397 1176 3450 τῶν
1199 3399 1368 3467 ἁγίων
1391 3401 1532 3454 Dare
1541 3418 1647 3470 ρων
1671 3404 1855 3455 Διονυ-

272 3483 419 3547 sieo,
470 3484 782 3555 Εἰρηναίου,
829 3485 1166 3552 Ἀθανασίου,
1207 3489 1504 3555 Βασιλείου,
1537 3493 1854 3565 Γρηγορίου,

283 3575 578 3641 Ἰωάννου,
619 3578 887 3649 Πρόκλου·
922 3581 1144 3635 καὶτῶν
1171 3581 1374 3636 λοιπῶν
1406 3584 1575 3652 ἁγίων
1601 3585 1860 3658 Πατέρων

270 3664 384 3719 τῶν
416 3667 745 3736 ὀμοφρόνων
778 3667 978 3723 αὐτῶν.
1017 3669 1155 3733 Τοὺς
1188 3669 1298 3741 γὰρ
1332 3670 1406 3742 μὴ
1440 3670 1859 3735 ἀκολουθοῦντας

271 3755 503 3818 τούτοις
532 3759 643 3821 τοῖς
672 3759 846 3827 ἁγίοις
881 3760 1255 3825 διδασκάλοις,
1294 3763 1657 3834 κατακρίτους
1696 3764 1862 3835 ἡγού-

277 3847 428 3918 μεθα
471 3847 569 3901 καὶ
593 3848 905 3923 ἀλλοτρίους
928 3849 1023 3904 τοῦ
1046 3850 1300 3922 Χριστοῦ.

1958 3401 2179 3457 Patrum
2208 3411 2467 3466 mentem,
2495 3399 2761 3470 Dionysii,
2793 3398 3002 3463 lrenmi,
3028 3393 3333 3458 Athanasii,
3367 3392 3517 3447 Basi-

1960 3494 2036 3559 lii,
2062 3493 2328 3564 Gregorii,
2362 3491 2611 3555 Joaunis,
2630 3492 2806 3546 Procli
2843 3489 3286 3560 reliquorumque
3310 3493 3519 3539 sancto-

1956 3601 2075 3638 rum
2097 3584 2321 3638 Patrum
2346 3599 2470 3639 cum
2501 3584 2586 3638 his
2608 3582 2985 3638 eoncordium.
3019 3578 3154 3634 Nam
3181 3579 3272 3649 qui
3294 3586 3516 3633 sanctos

1957 3680 2058 3733 hos
2092 3678 2346 3732 doctores
2385 3691 2495 3730 non
2532 3684 2855 3745 sequuntur,
2892 3674 3179 3729 damnatos
3207 3670 3457 3727 ducimus
3488 3683 3520 3720 a

1958 3769 2287 3838 Christoque
2317 3768 2546 3823 alienos.

1502 3967 1633 4023 low
1667 3968 1795 4021 ibid.
1831 3985 1948 4039 cap.
1980 3969 2034 4028 6.
2074 3985 2194 4041 pag.
2222 3968 2312 4023 46.

352 4080 542 4138 Ὅσας
578 4074 632 4127 δὲ
667 4076 825 4128 πάλιν
864 4078 1082 4148 χρήσεις
1119 4076 1380 4145 λεγούσας
1409 4079 1508 4143 τὰς
1542 4080 1635 4133 δύο
1668 4080 1858 4150 φύσεις

275 4163 410 4241 εὗρε
443 4164 748 4237 Γρηγορίου
779 4183 837 4219 τε
868 4168 961 4219 καὶ
1002 4168 1280 4231 Ἰωάννου,
1312 4170 1403 4222 καὶ
1430 4171 1723 4242 Κυρίλλου,
1766 4173 1858 4225 καὶ

289 4257 648 4319 Ἀθανασίου,
676 4258 770 4311 καὶ
789 4258 1052 4329 Πρόκλου,
1081 4259 1173 4313 καὶ
1195 4260 1300 4313 τῶν
1324 4261 1524 4315 λοιπῶν
1547 4263 1858 4334 περιφανῶν

277 4350 652 4413 διδασκάλων,
686 4342 760 4401 ὧν
790 4351 848 4402 αἱ
887 4350 1056 4420 βίϐλοι
1084 4352 1179 4405 καὶ¹
1208 4353 1263 4406 αἱ
1291 4354 1516 4425 χρήσεις
1551 4357 1859 4428 ἀπαραίτη-

274 4443 363 4498 τοί
400 4443 540 4505 εἰσι,
563 4440 650 4495 διὰ
680 4441 742 4494 τὸ
795 4442 932 4495 κατὰ
978 4444 1155 4496 πᾶσαν
1192 4443 1290 4516 τὴν
1335 4446 1655 4516 οἰκουμένην
1691 4447 1859 4511 αὑτὰς

277 4532 642 4606 προκεῖσθαι.

2034 4080 2268 4136 Rursum
2303 4094 2424 4150 qua:
2453 4076 2763 4134 testimonia
2800 4073 3023 4130 offendit
3050 4073 3188 4128 duas
3222 4073 3519 4127 asserentia

1964 4180 2186 4226 naturas
2222 4172 2274 4225 iu
2314 4169 2606 4239 Gregorio,
2651 4166 2893 4228 Joanne,
2928 4165 3151 4237 Cyrillo,
3203 4165 3518 4231 Athanasio,

1965 4262 2277 4324 Ambrosio,
2306 4260 2499 4315 Proelo
2526 4259 2845 4326 caeterisque
2868 4258 3144 4326 praeclaris
3182 4255 3521 4322 doctoribus,

1967 4370 2195 4423 quorum
2252 4352 2404 4406 libris
2456 4358 2511 4405 et
2568 4349 2854 4404 sententiis
2907 4346 3168 4417 refragari
3238 4347 3517 4417 nequiret,

1968 4452 2254 4516 postquam
2291 4450 2402 4497 toto
2442 4450 2709 4497 terrarum
2738 4440 2854 4494 orbi
2885 4446 3098 4494 constat
3122 4439 3259 4494 duas
3289 4439 3439 4509 ipsos
3466 4439 3521 4491 in

1968 4535 2186 4590 Christo
2217 4543 2440 4590 naturas
2470 4532 2755 4587 afﬁrmare.

1447 4654 1578 4710 lustr
1618 4654 1744 4710 ibid.
1772 4671 1886 4723 cap.
1920 4655 1972 4717 7,
2013 4667 2165 4722 pagg.
2197 4651 2287 4717 52,
2311 4650 2399 4705 55.

354 4761 504 4819 Εἶτα
535 4762 675 4834 μετὰ
710 4763 797 4819 τὸν
837 4765 1169 4836 Ἀρτέμωνα,
1200 4766 1406 4830 Παῦλος
1428 4770 1455 4820 ὁ
1492 4768 1859 4839 Σαμοσατεὺς,

284 4860 379 4912 καὶ
410 4855 683 4925 Διόδωρος
717 4856 774 4909 δὲ
811 4858 906 4910 καὶ
933 4857 1203 4929 Θεόδωρος
1227 4860 1256 4911 ὁ
1304 4859 1604 4930 Ἀντιοχεὺς
1636 4860 1861 4928 γεγόνα-

285 4964 397 5015 σιν,
422 4948 488 5012 ἐξ
516 4941 591 5000 ὧν
616 4946 685 5001 τὰ
710 4949 877 5020 μυρία
899 4948 1142 5019 δόγματα
1167 4948 1264 5018 τῆς
1290 4950 1606 5021 διαιρέσεως
1633 4951 1861 5021 ἤντλησε

280 5039 615 5109 Νεστόριος,
652 5039 792 5091 καθὰ
824 5042 1087 5110 μαρτυρεί
1116 5040 1205 5092 καὶ
1233 5042 1262 5093 ὀ
1292 5038 1445 5108 ἅγιος
1478 5039 1740 5111 Πρόκλος,
1768 5040 1863 5093 καὶ

279 5133 311 5182 ὁ
347 5130 635 5201 μακάριος
661 5128 945 5200 Κύριλλος.

358 5220 643 5289 Μεγάλως
670 5223 698 5273 ὀ
726 5220 988 5292 Κύριλλος
1016 5222 1225 5275 ἐπαινεῖ
1247 5221 1484 5293 Πρόκλον
1513 5222 1602 5275 τὸν
1632 5221 1863 5293 σύγχρο-

284 5332 381 5367 νον
424 5311 618 5367 αὐτοῦ.
660 5311 821 5379 Λέγει
843 5312 951 5383 γὰρ
986 5313 1042 5365 ὲν
1073 5314 1137 5382 τῇ
1173 5313 1435 5383 ἑρμηνείᾳ
1461 5312 1555 5365 τοῦ
1590 5314 1862 5384 Συμϐόλου

283 5405 506 5468 οὕτως*
557 5402 751 5457 Ταῦτα
792 5404 1002 5472 φρονεῖ
1038 5405 1167 5473 μεθ’
1204 5403 1371 5471 ἡμῶν
1416 5407 1449 5457 ὀ
1485 5405 1868 5473 φιλόχριστος

286 5497 418 5551 τῶν
456 5495 644 5562 ἁγίων
668 5493 938 5562 Πατέρων
966 5496 1141 5564 χορός
1160 5509 1173 5523 ·
1212 5493 1309 5547 καὶ
1340 5493 1521 5561 αὐτὸς
1551 5494 1620 5547 δὲ
1659 5498 1691 5549 ό
1731 5495 1867 5549 νυνὶ

289 5590 409 5643 τὸν
454 5586 568 5654 τῆς
594 5586 766 5656 ἁγίας
804 5585 1519 5641 Κωνσταντινουπολιτῶν
1553 5587 1868 5658 κοσμήσας

2034 4762 2165 4818 Post
2190 4764 2535 4816 Anemonem
2567 4760 2741 4815 exorti
2772 4770 2900 4816 sunt
2931 4759 3134 4815 Paulus
3168 4759 3521 4812 Samosateu-

1966 4855 2063 4920 sis,
2104 4854 2367 4909 Diodorus
2410 4865 2463 4908 ct
2494 4851 2817 4908 Theodorus
2842 4852 3232 4915 Antiochenus,
3270 4865 3298 4903 a
3324 4849 3522 4920 quibus

1965 4947 2247 5002 innumera
2287 4947 2354 5001 de
2392 4946 2659 5001 divisione
2701 4946 2951 5016 dogmata
2991 4943 3273 5000 Nestorius
3320 4941 3520 5002 hausit,

1968 5049 2023 5094 ut
2046 5048 2312 5097 testantur
2335 5046 2559 5094 sanctus
2591 5037 2818 5093 Proclus
2843 5045 2898 5092 et
2927 5037 3115 5092 beatus
3149 5034 3398 5105 Cyl-illus.

2042 5222 2248 5294 Magnis
2272 5223 2524 5279 laudibus
2551 5222 2701 5278 elTert
2725 5222 2960 5294 Cyrillus
2988 5219 3238 5274 Proclum
3266 5217 3368 5272 sibi
3393 5232 3523 5270 con-

1971 5323 2399 5384 temporaneum.
2444 5312 2579 5367 Nam
2634 5314 2689 5368 in
2742 5312 3101 5382 explicatione
3155 5296 3395 5379 Shmholi
3448 5309 3518 5362 ita

1967 5405 2154 5461 scribit
2185 5422 2197 5457 :
2228 5402 2359 5457 Han:
2388 5402 2653 5457 nobiscum
2688 5403 2847 5458 sentit
2888 5400 3084 5456 Christi
3127 5400 3521 5453 amantissimus

1966 5504 2269 5550 sanctorum
2295 5492 2519 5546 Patrum
2546 5494 2765 5556 chorus;
2786 5504 2836 5544 et
2862 5492 2952 5546 ille
2981 5493 3089 5561 ipse
3119 5493 3207 5562 qui
3239 5507 3372 5544 nunc
3402 5507 3524 5545 san-

1967 5596 2064 5639 cta:
2121 5582 2722 5651 Constantinopolitanae
2774 5581 3021 5638 Ecclesia:
3075 5584 3315 5638 thronum
3365 5591 3522 5641 tenet.

370 5744 460 5812 (α)
484 5744 609 5802 Hch
636 5745 818 5801 eadem
842 5746 1003 5802 etiam
1035 5747 1297 5804 habentur
1328 5745 1380 5801 in
1417 5746 1611 5802 concil.
1641 5745 1959 5802 Latcrauen.
1987 5743 2089 5801 sub
2118 5738 2348 5797 Martiae
2377 5737 2421 5813 ι,
2459 5754 2611 5797 cons.
2638 5740 2690 5799 5.
