4054 6198
563 306 673 367 ’8⁸⁷1
1657 310 1717 369 S.
1756 308 2076 366 PROCLUS
2114 309 2164 365 Cl

2146 309 2217 364 ΞΡ.
2260 308 2655 366 EPISCOPUS.
3649 309 3747 367 δτι

571 423 930 477 sanctissimus
964 432 1010 476 et
1049 422 1476 490 religiosissimus
1510 424 1676 495 frater
1720 436 1769 480 et
1799 426 2131 496 coepiscopus
2161 459 2172 491 λ

2161 435 2203 491 Α
2234 426 2465 494 θρόνον.
2508 425 2826 489 ὁσιώτατος
2846 463 2859 487 ,
2903 424 2999 477 ml
3043 420 3486 488 θεοσεϐέστατος
3514 421 3748 494 ἀδελφὸς

575 512 811 567 Proetus.

2234 519 2685 583 συνεπίσκοπος
2723 516 3006 583 Πρόκλος.

642 601 889 656 Proelum
934 605 1049 674 ipsa
1092 602 1326 661 Nestorii
1362 618 1518 664 aetate
1551 608 1666 663 haec
1699 608 2004 669 docentem,
2034 623 2130 677 ap-

2304 610 2487 662 Ταῦτα
2511 608 2752 679 Πρόκλου
2784 606 2924 661 κατὰ
2955 605 3043 659 τὸν
3069 603 3255 675 καιρὸν
3282 602 3373 656 τοῦ
3398 604 3669 671 Νεστορίω
3689 606 3750 660 8-.-

573 692 734 760 pellat
761 692 978 748 divinus
1017 694 1275 766 Cyrillus,
1320 697 1563 767 ejusdem
1604 714 1787 754 secum
1823 697 2123 761 sententiae,

2231 700 2537 764 δάσκοντος,
2566 699 2594 751 ὁ
2617 699 2757 762 θεῖος
2786 696 3051 768 Κύριλλος
3078 695 3377 765 σύμφρονα.
3404 695 3493 747 καὶ
3525 697 3752 764 Ἅγιώταο

571 792 624 836 et
664 782 1001 841 Sauctissimi
1041 803 1104 842 ac
1151 788 1242 843 Pii
1287 791 1644 861 appellatione
1681 790 2028 854 cohonestat,
2078 798 2130 843 et

2232 809 2337 845 τον
2364 791 2543 855 αὑτὸν,
2575 790 2667 843 καὶ
2708 791 2917 841 Ὃσίον
2952 783 3090 840 εἶναι
3128 784 3403 856 ὁμολογεῖ,
3442 785 3532 837 καὶ
3562 786 3752 839 ὲπαινεί

572 875 755 929 laudat
787 892 940 944 eum,
985 881 1129 936 clare
1176 882 1313 936 duas
1362 883 1416 937 in
1460 879 1679 937 Clitisto
1711 890 1935 938 naturas
1978 896 2129 937 asse-

1909 898 1935 938 s
1978 896 2129 937 asse-
2232 884 2324 937 δύο
2353 883 2541 953 φύσεις
2571 881 2861 953 προφανῶς
2889 879 2982 932 ἐπὶ
3013 875 3247 949 Χριστοῦ
3274 876 3506 945 λέγοντα.

574 974 799 1022 rentem.

2136 1086 2238 1146 XV
2249 1132 2262 1144 .

1183 1212 1462 1271 Fscuunus
1493 1215 1760 1285 episcopus
1804 1212 2197 1269 Hermianemis
2221 1211 2313 1267 lib.
2344 1226 2459 1276 vm,
2493 1226 2611 1280 cap.
2631 1210 2686 1271 2,
2718 1223 2871 1278 pagg.
2899 1205 3024 1273 645,
3054 1204 3199 1281 ϐίϐη

649 1321 801 1387 Quod
846 1325 891 1380 si
920 1325 1035 1381 haec
1064 1329 1204 1382 ratio
1242 1345 1347 1383 non
1377 1346 1515 1395 mea,
1548 1332 1640 1387 sed
1672 1332 1769 1386 viri
1824 1330 2132 1400 prudentis-
2237 1328 2342 1383 ctis
2388 1328 2601 1383 ratione
2637 1325 2939 1381 ducebatur
2977 1323 3060 1378 vir
3091 1323 3274 1381 bonus
3303 1333 3359 1379 et
3397 1324 3607 1393 sapiens
3645 1320 3760 1378 Pro-

576 1410 698 1464 simi
729 1424 889 1482 atque
914 1416 1241 1471 sanctissimi
1272 1416 1467 1479 Procli.
1500 1420 1659 1474 modo
1692 1421 2127 1474 contemnitur...
2238 1421 2377 1484 clus,
2411 1429 2518 1475 etc.

579 1500 965 1574 Nonnullitque
1014 1509 1298 1579 intrrjectis
1333 1525 1351 1563 :
1395 1509 1506 1565 llao
1552 1511 1623 1565 ita
1676 1511 1963 1581 perspicua
2001 1526 2136 1564 cun-

2142 1647 2301 1707 XVI.

1111 1768 1378 1828 Leourtus
1404 1770 1478 1826 De
1506 1772 1692 1838 sectis,
1722 1782 1825 1826 act.
1850 1786 1931 1835 ιιι,
1953 1786 2018 1825 ex
2040 1769 2295 1827 Biblioth.
2336 1769 2438 1824 PP.
2470 1768 2673 1833 Paris.,
2705 1779 2831 1823 tam.
2865 1767 2956 1835 XI,
2983 1784 3104 1837 pag.
3136 1768 3262 1823 505.

649 1881 728 1937 Ab
780 1883 987 1952 imperii
1037 1884 1469 1942 Constantiniani
1520 1888 1787 1957 principio
1842 1902 2016 1957 usque
2064 1886 2129 1941 ad
2166 1892 2208 1950 Β

2166 1892 2208 1950 Β
2318 1887 2448 1940 Ἀπὸ
2475 1887 2571 1958 τῆς
2600 1887 2774 1957 ἀρχῆς
2801 1887 2900 1956 τῆς
2934 1883 3207 1955 βασιλείας
3235 1883 3636 1937 Κωνσταντίνου
3661 1880 3765 1952 ἄχρι

580 1976 947 2031 collectionem
983 1979 1172 2050 synodi
1208 1981 1688 2046 Chalcedonensis,
1721 1982 1774 2036 hi
1806 1980 2057 2037 doctores
2082 1990 2138 2036 et

2241 1977 2335 2034 τοῦ
2387 1979 2685 2049 κινήματος
2719 1977 2817 2047 τῆς
2860 1978 2918 2030 ὲν
2946 1974 3246 2046 Χαλκηδόνι
3278 1975 3500 2028 συνόδου
3519 2018 3533 2041 ,
3562 1975 3772 2041 ἐγένοντο

580 2064 766 2121 Patres
811 2067 1060 2123 vixerunt
1104 2087 1119 2124 :
1178 2070 1440 2128 Silvester
1482 2074 1771 2144 episcopus
1824 2072 2133 2138 Romanus,

2240 2072 2546 2127 διδάσκαλοι
2588 2070 2681 2124 καὶ
2723 2069 2958 2143 Πατέρες
3000 2068 3144 2122 οἶδε’
3188 2068 3514 2140 Σίλϐεστρος
3567 2066 3770 2136 Ῥώμης,

580 2158 901 2223 Alexander,
922 2159 1323 2230 etc.,.loannes,
1347 2162 1571 2220 Proclus
1599 2174 1653 2221 et
1678 2164 1969 2221 Flavianus
1995 2165 2137 2219 Cou-

2252 2164 2611 2235 Ἀλέξανδρος,
2647 2163 2918 2233 Ἰωάννης,
2948 2160 3189 2234 Πρόκλος
3218 2163 3325 2214 καὶ
3346 2160 3629 2224 Φλαὸιανδς
3655 2162 3774 2213 Κων-

578 2252 1067 2324 stantinopolitani.

2244 2254 2754 2318 σταντινουπόλεως.

2111 2378 2297 2440 XVII.

982 2494 1253 2556 Csenatus
1295 2500 1708 2559 Acessuonmus
1731 2520 1795 2559 ex
1824 2504 1959 2559 libro
1989 2504 2065 2560 De
2083 2505 2195 2560 vita
2219 2501 2612 2574 Chrysostomi,
2641 2498 2782 2570 apud
2810 2498 3068 2556 Savilium
3098 2512 3226 2555 tam.
3252 2500 3402 2556 Vlll.

648 2608 908 2679 Princeps
961 2625 1309 2685 expromptus
1357 2616 1424 2672 ad
1480 2635 1539 2674 se
1585 2621 1817 2675 accersit
1863 2620 2136 2688 Proclum,

2292 2620 2572 2690 ρἚτοιμον
2618 2612 2712 2671 οὖν
2759 2617 3021 2689 ὑπάρχων
3072 2618 3228 2672 καλεῖ
3271 2620 3376 2673 τὸν
3420 2616 3672 2689 Πρόκλον,
3715 2615 3782 2677 εἷς

579 2714 737 2767 quem
763 2702 828 2755 ad
857 2702 958 2756 hoc
984 2704 1158 2773 ipsum
1190 2722 1388 2762 munus
1408 2709 1713 2764 obeundum
1736 2712 2096 2768 constituerat
2119 2731 2136 2769 :

2242 2711 2372 2766 αὐτὸ
2422 2709 2576 2765 τοῦτο
2629 2710 3045 2783 ἀφωρισμένον,
3096 2709 3263 2781 ἄνδρα
3322 2708 3578 2780 θεοσεϐῆ,
3611 2707 3695 2761 καὶ
3733 2707 3786 2758 ὲν

583 2793 755 2846 virum
783 2795 970 2865 utique
995 2797 1206 2854 eximiae
1235 2801 1450 2870 pietatis
1478 2817 1605 2873 erga
1636 2802 1827 2870 Deum,
1858 2804 2139 2859 omnibus-

1478 2817 1605 2873 erga
1636 2802 1827 2870 Deum,
1858 2804 2139 2859 omnibus-
2244 2804 2392 2875 πάσῃ
2431 2804 2598 2874 ἀρετῇ
2636 2801 3067 2873 κεκοσμημένον.

583 2900 685 2955 que
710 2887 967 2944 virtutum
996 2896 1329 2952 ornamentis
1352 2896 1683 2952 redimitum.

2088 3014 2298 3075 XVIII.

1096 3136 1326 3194 Joannes
1354 3137 1697 3196 Dussceuus
1726 3142 1780 3195 in
1811 3140 2048 3210 Epistola
2076 3140 2143 3196 de
2168 3138 2438 3210 Trisagio,
2472 3140 2500 3210 ᾗ
2530 3139 2584 3204 6,
2621 3135 2753 3206 Opp.
2785 3145 2911 3192 tom.
2940 3135 2979 3202 ί,
3010 3152 3131 3207 pag.
3156 3134 3284 3191 487.

650 3248 916 3321 Tempore
943 3255 1240 3313 beatissimi
1276 3258 1452 3314 Procli
1485 3277 1551 3317 ex
1583 3261 1766 3315 divina
1806 3260 2136 3316 revelatione
2162 3266 2203 3322 (Ξ

2190 3267 2203 3319 Ξ
2317 3261 2440 3314 Ἐπὶ
2472 3261 2716 3332 Πρόκλου
2745 3258 2839 3314 τοῦ
2883 3260 3285 3333 τρισμακαρίου
3335 3260 3398 3325 ἐξ
3426 3255 3791 3326 ἀποκαλύψεως

580 3341 860 3414 trisagium
889 3346 1145 3417 hymnum
1171 3351 1487 3406 cecinerunt
1519 3372 1530 3406 :
1567 3352 1794 3408 Sanctus
1823 3352 1981 3417 Deus,
2012 3370 2140 3406 sau-

2240 3354 2410 3417 θείας.
2430 3354 2523 3407 τὸν
2546 3354 2705 3425 τρισά
2718 3368 2822 3422 ,νιον
2853 3352 3099 3424 ὕμνησαν
3125 3352 3322 3424 ὕμνον·
3359 3353 3431 3407 Ἀ
3442 3368 3564 3421 γιος
3586 3353 3618 3404 ό
3645 3346 3789 3411 Θεὸς.

580 3444 694 3489 ctus
739 3436 918 3504 fortis,
965 3450 1182 3495 sanctus
1239 3443 1579 3512 immortalis,
1634 3447 1877 3502 ntiserere
1924 3445 2071 3500 nobis
2123 3461 2141 3499 :

2240 3446 2406 3515 ἅγιος
2438 3446 2717 3516 ἰσχυρός,
2748 3445 2914 3514 ἅγιος
2953 3444 3265 3510 ἀθάνατος,
3317 3442 3582 3511 ἐλέησον
3620 3435 3791 3509 ἡμᾶς’

583 3541 774 3596 nempe
802 3543 925 3582 cum
959 3546 1184 3600 puerum
1231 3534 1516 3603 quemdam
1546 3550 1578 3590 e
1608 3537 1783 3590 media
1829 3539 2141 3607 supplican~

2240 3540 2328 3591 ὅτε
2355 3538 2416 3591 τὸ
2447 3539 2658 3591 παιδίον
2684 3539 2748 3590 ὲκ
2778 3538 2947 3608 μέσης
2976 3537 3072 3608 τῆς
3100 3536 3346 3606 πληθύος
3372 3536 3484 3589 τῶν
3513 3528 3792 3586 λιτανευόν-

582 3615 715 3670 tium
749 3619 904 3673 turba
935 3621 1166 3677 sublime
1186 3636 1401 3695 raptum
1436 3625 1604 3682 fuisse
1656 3628 1829 3690 aiunt,
1853 3637 2017 3698 atque
2039 3630 2146 3683 vir-

2241 3643 2348 3678 των
2391 3626 2668 3697 ήρπάχθαι
2712 3627 2844 3693 φασὶ
2887 3625 2982 3680 καὶ
3029 3623 3344 3696 μεμνῆσθαι
3392 3626 3485 3679 τὸν
3529 3622 3709 3694 ὕμνον,
3747 3619 3796 3670 ὲν

583 3712 698 3758 tute
723 3708 952 3776 quadam
984 3712 1225 3781 angelica
1256 3714 1307 3766 in
1339 3727 1517 3770 aerem
1548 3724 1812 3779 evectum,
1832 3716 1975 3771 hunc
1998 3717 2149 3788 hym-

2247 3718 2369 3783 ἀέρι
2410 3718 2697 3787 γενόμενον
2729 3716 2792 3769 ἐκ
2830 3734 2973 3780 τινος
3016 3717 3323 3787 ἀγγελικῆς
3371 3719 3672 3788 δυνάμεως,
3718 3712 3798 3766 καὶ

587 3807 713 3845 num
746 3795 1029 3862 didicisse;
1078 3809 1447 3872 quantumque
1498 3803 1551 3857 in
1597 3804 1699 3859 hoc
1723 3804 1921 3875 hymno
1951 3804 2149 3858 divini-

2253 3810 2551 3882 μαρτυρίαν
2577 3810 2681 3879 τῆς
2707 3809 2798 3863 τοῦ
2829 3810 2998 3881 ὕμνου
3029 3809 3305 3882 θειότητος
3335 3809 3684 3883 γεγενῆσθαι,
3712 3806 3797 3876 τῆς

587 3884 715 3941 tatis
746 3887 965 3950 inesset.
1000 3893 1329 3949 calamitatis
1359 3911 1478 3965 qua!
1508 3904 1639 3952 tunc
1673 3899 2029 3969 grassabatur
2061 3898 2141 3954 le-

1362 3911 1478 3965 qute
1508 3904 1639 3952 tunc
1673 3899 2029 3969 grassabatur
2061 3898 2141 3954 le-
2248 3900 2542 3970 ἐπαγωγῆς
2570 3899 2668 3971 τὴν
2698 3898 2963 3972 λώφησιν.

586 3978 876 4048 vationem,
908 3985 1221 4042 testimonio
1251 3986 1443 4045 fuisse.

2127 4104 2280 4163 XIX.

660 4212 743 4267 Ea:
765 4194 1236 4275 conciliohNiczeno
1270 4238 1328 4287 ιι,
1354 4238 1539 4295 gener.
1568 4240 1665 4290 vn,
1689 4233 1794 4279 act.
1828 4241 1867 4288 ι,
1908 4223 2095 4296 Cyri”.
2132 4225 2199 4281 ad
2232 4224 2497 4289 Genuad,
2520 4241 2588 4281 ea:
2614 4226 2742 4281 edit.
2782 4223 2905 4280 Van.
2938 4224 3124 4291 Labb.,
3153 4235 3279 4281 tom.
3309 4226 3455 4291 Vlll,
3490 4243 3615 4299 pag.
3640 4226 3755 4281 7l9.

662 4345 784 4402 Haec
806 4358 980 4406 autem
999 4355 1200 4423 scribo,
1214 4358 1355 4427 quod
1381 4358 1699 4414 inaudierim
1720 4360 1971 4431 pietatem
1990 4369 2136 4414 tuam

2313 4360 2421 4413 Kal.
2451 4359 2622 4414 ταῦτα
2649 4358 2843 4432 γράφω
2873 4357 3086 4429 μαθὼν,
3114 4358 3196 4412 ὅτι
3223 4361 3256 4431 ἡ
3299 4360 3371 4431 σὴ
3408 4359 3691 4413 θεοσέϐεια
3727 4357 3801 4411 λε-

590 4452 732 4509 aegre
764 4440 1009 4499 aﬁ'ectam
1054 4462 1175 4504 esse
1208 4449 1467 4505 adversus
1508 4452 1912 4507 sanctissimum
1960 4460 2012 4506 et
2043 4450 2137 4505 Dei

2242 4451 2474 4522 λύπηται
2514 4452 2594 4515 είς
2617 4451 2708 4505 τὸν
2736 4449 3023 4505 ὁσιώτατον
3060 4450 3152 4503 καὶ
3193 4450 3625 4518 θεοφιλέστατον
3668 4450 3806 4505 ἁδελ-

592 4531 852 4588 cultorem
894 4534 1110 4594 fratrem
1152 4549 1205 4596 et
1243 4543 1674 4597 comministrum
1714 4552 1961 4600 nostrum
2003 4543 2138 4598 Pro—

2244 4543 2340 4613 φὺν
2367 4542 2521 4614 ἡμῶν
2545 4543 2638 4597 καὶ
2665 4542 3069 4611 συλλειτουργὸν
3097 4541 3400 4597 ἐπίσκοπον
3433 4544 3704 4614 Πρόκλον·
3738 4539 3802 4610 μὴ

591 4624 733 4680 clum
762 4628 1096 4701 episcopum.
1152 4633 1335 4705 Itaque
1384 4652 1722 4707 nequaquam
1776 4638 1932 4692 velim
1989 4645 2192 4716 tuam]

2205 4639 2593 4711 ,ἀποφευγέτω
2641 4638 2818 4691 τοίνυν
2860 4640 2892 4708 ἡ
2943 4638 3009 4709 σὴ
3055 4636 3334 4691 θεοσέϐεια
3386 4637 3493 4709 τὴν
3548 4638 3684 4709 πρὸς
3727 4633 3806 4687 τὸν

595 4717 841 4785 pietatem
877 4720 1059 4792 fugere
1087 4726 1519 4781 communionem
1550 4743 1673 4782 cum
1705 4728 2050 4784 sanctissimo
2088 4737 2141 4785 et

2241 4730 2528 4784 ὁσιώτατον
2559 4729 2653 4783 καὶ
2673 4727 3078 4798 θεοφιλέστατον
3107 4730 3411 4783 ἐπίσκοπον
3437 4730 3685 4800 Πρόκλον
3705 4741 3803 4778 κοι-

595 4807 687 4863 Dei
711 4813 1083 4869 amantissimo
1113 4815 1305 4873 Proclo
1328 4820 1583 4891 episcopo
1616 4842 1628 4877 :
1658 4824 1923 4894 siquidem
1951 4824 2139 4881 eadem

2241 4823 2467 4877 νωνὶαν·
2508 4823 2603 4894 μία
2630 4821 2739 4894 γὰρ
2775 4822 3054 4892 γέγονενή
3098 4821 3316 4892 φροντὶς
3364 4821 3497 4892 ἐμοί
3536 4838 3596 4873 τε
3636 4819 3725 4873 καὶ
3749 4817 3804 4886 τῇ

594 4894 697 4950 fuit
725 4898 870 4955 illius
900 4903 1195 4971 sanctitati,
1231 4908 1472 4979 mihique
1510 4914 1808 4977 sententia;
1841 4930 2015 4986 neque
2042 4916 2142 4970 hu-

2239 4915 2473 4985 όσιότητι
2514 4912 2677 4968 αὐτοῦ
2696 4930 2709 4944 ο
2743 4913 2836 4966 καὶ
2872 4914 2900 4966 ό
2929 4912 3027 4980 τῆς
3056 4912 3372 4982 οἰκονομίας
3409 4914 3618 4986 τρόπος
3644 4906 3804 4964 οὐδενὶ

705 4989 1122 5096 dispensationis
1151 4998 1345 5056 modus
1380 5002 1630 5073 cuiquam
1661 5006 2001 5076 prudentium
2029 5008 2143 5066 dis-

593 5097 629 5137 o
650 5095 796 5137 icuit.

1341 5019 1345 5052 ἱ
1380 5002 1630 5073 cuiquam
1661 5006 2001 5076 prudentium
2029 5008 2143 5066 dis-
2242 5007 2348 5061 τῶν
2381 5006 2615 5060 συνετῶν
2646 5006 2942 5088 ἀπηρεσεν.

593 5095 796 5151 pucuu.

2128 5216 2254 5275 XX.

1411 5331 1757 5391 Tusoeusm-zs
1788 5336 1843 5389 in
1871 5333 2334 5409 Chrouographia,
2369 5354 2489 5408 pag.
2516 5335 2605 5403 80,
2634 5333 2760 5390 edit.
2805 5334 2978 5389 Paris.

670 5443 782 5500 Sub
801 5458 1003 5506 sancta:
1028 5454 1300 5510 memoriae
1331 5454 1541 5523 Proclo,
1567 5466 1725 5514 teme
1757 5468 1937 5514 motus
1967 5458 2144 5513 factus

2328 5457 2451 5512 Ἐπὶ
2480 5455 2572 5510 τοῦ
2615 5457 2671 5508 ὲν
2719 5454 2893 5523 ἁγίοις
2932 5452 3172 5524 Πρόκλου
3216 5451 3446 5524 σεισμὸς
3489 5450 3709 5519 γέγονεν
3748 5445 3803 5497 ὲν

599 5544 682 5588 est
725 5552 946 5606 magnus
989 5543 1454 5617 Constantinopoli
1498 5564 1593 5618 per
1634 5559 1865 5620 quatuor
1903 5566 2138 5616 menses,

2248 5546 2825 5608 Κωνσταντινουπόλει,
2868 5545 2960 5597 ἐπὶ
2991 5544 3030 5597 δ’
3069 5544 3257 5615 μῆνας,
3295 5539 3448 5594 ὥστε
3487 5535 3801 5610 φοϐηθέντες

602 5625 674 5679 ita
708 5632 766 5680 ut
803 5627 1049 5685 timentes
1087 5633 1365 5703 Byzantini
1403 5645 1555 5691 extra
1586 5639 1891 5703 civitatem,
1932 5641 1987 5695 in
2023 5642 2143 5696 loco

2245 5640 2301 5692 οἱ·
2331 5638 2606 5702 Βυζάντιοι
2646 5639 2840 5707 ἔφυγον
2871 5635 2973 5698 ἔξω
2997 5636 3094 5705 τῆς
3124 5634 3353 5697 πόλεως,
3382 5633 3446 5684 ὲν
3476 5630 3551 5700 τῷ
3579 5625 3803 5694 λεγομέ-

600 5716 694 5789 qui
725 5715 925 5773 dicitur
947 5716 1214 5792 Campus,
1235 5734 1416 5780 essent
1444 5739 1846 5796 perseverantes
1875 5749 1997 5790 cum
2029 5733 2145 5805 epi-

2248 5751 2319 5804 νῳ
2345 5731 2580 5804 Κάμπῳ,
2626 5730 2716 5784 καὶ
2759 5725 2896 5800 ἦσαν
2935 5724 3355 5798 διημερεύοντες
3394 5721 3534 5793 μετὰ
3569 5716 3657 5775 τοῦ
3688 5719 3805 5773 ἔπιε
