4054 6198
351 304 459 364 675

1551 306 1968 364 TESTIMONIA
2012 307 2363 365 VETERUM.

3476 311 3579 368 67.:

351 423 562 479 σκόπου
610 421 669 475 ὲν
705 422 826 486 ταῖς
861 418 1075 492 δεήσεσι
1124 421 1508 487 λιτανεύοντες.
1561 425 1647 476 Ἑν
1688 426 1785 495 μιᾷ
1827 420 1919 477 οὖν

2029 440 2188 496 scopo
2233 424 2719 495 supplicationibus
2765 440 2827 479 ac
2870 424 3315 494 processionibus
3364 428 3579 483 intenti.

351 513 765 588 κυμαινομένης
790 515 889 586 τῆς
914 515 1036 586 γῆς,
1063 516 1157 569 καὶ
1183 517 1381 579 παντὸς
1408 515 1500 568 τοῦ
1528 514 1658 568 λαοῦ
1690 516 1919 586 κράζον-

350 625 447 672 τος
468 607 549 673 τδ,
563 608 758 674 Κύριε,
775 605 1053 673 ἐλέησον,
1081 607 1332 671 ἐκτενῶς,
1353 606 1478 678 περὶ¹
1497 605 1646 677 ὤραν
1667 613 1714 675 γ’
1746 607 1918 676 ἄφνω,

357 700 576 755 πάντων
608 696 880 770 ὁρώντων,
917 698 1113 769 συνέϐη
1145 699 1246 752 ὑπὸ
1274 699 1424 762 θείας
1448 698 1726 768 δυνάμεως
1753 698 1923 768 ἀρθῆ-

355 791 450 847 ναι
477 808 599 845 τινα
633 789 911 845 νεανίσκον
948 792 1028 856 εἰς
1058 792 1149 845 τὸν
1175 792 1331 865 ἀέρα,
1374 792 1469 853 καὶ
1502 792 1731 845 ἀκοῦσαι
1774 793 1923 857 θείας

361 882 544 954 φωνῆς
572 881 987 954 παρεγγυούσης
1010 881 1191 945 αὐτὸν,
1213 883 1526 951 ἀναγγεῖλαι
1544 883 1620 954 τῷ
1642 884 1923 956 ὲπισκόπῳ

362 977 453 1031 καὶ
484 974 564 1047 τῷ
603 974 719 1045 λαῷ
758 973 1060 1028 λιτανεύειν
1102 973 1246 1028 οὕτω
1284 976 1376 1029 καὶ⁹
1410 975 1590 1043 λέγειν
1613 991 1628 1007 ο
1665 977 1855 1046 Ἄγιος
1889 980 1922 1031 ὀ

362 1068 523 1133 Θεὸς,
553 1066 725 1136 ἅτιος
776 1066 1057 1136 ἰσχυρὸς,
1095 1065 1261 1135 ἅγιος
1311 1066 1623 1132 ἀθάνατος,
1662 1067 1923 1135 ἐλέησον

355 1158 539 1230 ἡμᾶς’
580 1158 749 1231 μηδὲν
780 1158 962 1228 ἕτερον
1006 1156 1412 1228 προστιθέντας.
1462 1157 1521 1211 '0
1558 1157 1615 1210 δὲ
1655 1159 1712 1212 ἐν
1746 1158 1921 1227 ἁγίοις

353 1251 595 1324 Πρόκλος
622 1249 823 1321 ταύτην
852 1249 1138 1319 δεξάμενος
1168 1248 1264 1321 τὴν
1295 1249 1590 1318 ἀπόφασιν,
1622 1248 1920 1321 ἐπέτρεψεν

351 1341 431 1413 τῷ
461 1340 575 1413 λαῷ
596 1340 817 1411 ψάλλειν
844 1339 984 1393 οὕτω
1002 1356 1017 1371 ο
1043 1340 1136 1394 καὶ
1159 1339 1358 1404 εὐθέως
1381 1340 1591 1411 ἀπέστη
1616 1340 1645 1392 6
1675 1341 1917 1412 σεισμός.

360 1432 428 1488 Ἦ
466 1434 524 1488 δὲ
573 1432 814 1506 μακαρία
863 1432 1194 1505 Πουλχερία,
1239 1433 1331 1486 καὶ
1367 1434 1396 1485 6
1444 1434 1644 1504 ταύτης
1698 1433 1921 1502 ἁδελφὸς

350 1526 821 1600 ύπεραγασθέντες
845 1524 922 1596 τῷ
955 1524 1212 1596 θαύματι,
1242 1523 1534 1579 έθέσπισαν
1572 1524 1711 1579 κατὰ
1741 1527 1920 1579 πᾶσαν

346 1617 449 1689 τὴν
482 1617 831 1689 οἰκουμένην,
876 1617 968 1670 τὸν
1001 1617 1142 1671 θεῖον
1173 1616 1359 1671 τοῦτον
1388 1616 1686 1686 ψάλλεσθαι
1728 1615 1916 1687 ὕμνον.

347 1712 460 1764 Καὶ
503 1710 612 1765 ἀπὸ
640 1710 760 1764 τότε
790 1708 1099 1781 παρέλαϐον
1138 1710 1309 1763 πᾶσαι
1338 1709 1393 1763 αἱ
1442 1708 1758 1780 Ἐκκλησίαι
1796 1708 1917 1763 καθ’

347 1804 588 1877 ἑκάστην
622 1803 833 1876 ἡμέραν
866 1802 1013 1876 ᾅδειν
1037 1801 1199 1856 αὐτὸν
1224 1800 1301 1873 τῷ
1327 1800 1467 1873 Θεῷ.

2022 514 2266 582 Quadam
2304 531 2433 584 ergo
2471 515 2557 571 die
2594 514 2890 571 ﬂuctuante
2923 526 3092 579 terra,
3138 525 3193 572 et
3241 521 3387 572 omni
3431 523 3587 591 puche

2020 608 2279 661 attentius
2317 608 2694 661 exclamante:
2729 605 3169 679 Kyrie,eleizon;
3211 611 3354 664 circa
3391 611 3584 665 horam

2018 696 2234 750 tentiam
2258 735 2272 758 ,
2301 697 2555 752 omnibus
2596 698 2921 764 videntibus,
2950 700 3178 770 contigit
3205 716 3234 754 a
3265 701 3448 756 divina
3473 702 3585 755 vir-

2018 795 2132 842 tute
2159 776 2372 843 sustolli
2400 789 2688 858 quemdam
2717 789 3182 845 adolescentulum
3212 793 3264 846 in
3292 808 3467 848 aerem
3491 833 3506 853 .
3531 802 3586 848 et

2020 880 2195 934 audiri
2224 881 2463 934 divinam
2496 895 2680 936 vocem
2707 883 2754 935 ei
2790 881 3208 950 prmcipicntem,
3234 884 3493 954 episcopo
3520 899 3585 938 ac

2020 975 2221 1044 papqu
2250 973 2522 1037 nuntiare,
2554 981 2613 1027 ut
2647 973 2867 1029 litanias
2913 974 2994 1029 sic
3038 972 3304 1037 facerent,
3351 984 3404 1030 et
3436 977 3586 1030 dice-

2018 1073 2180 1121 rent:
2213 1064 2439 1119 Sanctus
2466 1064 2626 1130 Deus,
2658 1074 2873 1120 sanctus
2906 1065 3083 1135 fortis,
3123 1077 3338 1120 sanctus
3373 1067 3590 1120 immor-

2019 1155 2168 1219 talis,
2200 1157 2442 1210 miserere
2471 1155 2618 1210 nobis
2632 1171 2651 1218 ;
2687 1156 2822 1209 nihil
2860 1157 3005 1210 aliud
3050 1164 3408 1227 apponentes.
3449 1155 3588 1210 San-

2018 1256 2140 1303 ctus
2165 1258 2345 1302 autem
2375 1246 2624 1308 Proclus,
2661 1248 2762 1301 hac
2788 1258 3039 1317 suscepta
3072 1248 3361 1311 sententia,
3388 1263 3590 1318 praece-

2020 1340 2099 1411 pit
2126 1339 2327 1410 populo
2351 1340 2430 1395 sic
2460 1340 2727 1410 psallere;
2758 1349 2812 1394 et
2846 1341 3028 1395 statim
3062 1349 3222 1394 terra:
3256 1352 3434 1394 motus
3471 1354 3592 1394 ces-

2020 1434 2178 1488 savit.
2214 1433 2383 1487 Porro
2410 1434 2567 1489 beata
2605 1433 2890 1489 Pulclteria
2914 1435 2981 1489 de
3016 1434 3283 1488 miraculo
3321 1449 3443 1488 cum
3471 1433 3591 1501 ejus

2020 1524 2187 1579 fratre
2241 1540 2404 1594 supra
2463 1526 2684 1580 modum
2736 1526 3039 1589 admirata,
3088 1525 3269 1582 sanxit
3312 1540 3407 1596 per
3463 1524 3593 1578 uui-
3666 1523 3670 1526 ⁴

2020 1631 2236 1670 versum
2282 1616 2468 1671 orbem
2517 1627 2787 1673 terrarum
2832 1618 3076 1673 divinum
3116 1617 3397 1673 decantari
3444 1617 3590 1671 hunc

2023 1706 2307 1778 hymnum.
2354 1706 2417 1761 Et
2452 1716 2582 1762 tunc
2624 1718 2945 1781 receperunt
2979 1726 3172 1766 omnes
3204 1709 3459 1765 Ecclesia:
3496 1725 3590 1778 per

1954 1797 1996 1852 Β
2025 1800 2270 1870 singulos
2303 1800 2422 1857 dies
2455 1799 2599 1856 hunc
2629 1816 2828 1857 canere
2859 1800 2989 1858 Deo.

1892 1916 2050 1977 XXI.

1313 2077 1323 2089 υ
1413 2041 1653 2099 Pno'nus
1686 2041 1948 2100 Biblioth.

433 2158 675 2232 Ἔγραψε
711 2155 767 2212 δὲ
799 2158 898 2231 τὴν
933 2158 1053 2212 κατ’
1083 2156 1245 2212 αὑτοῦ
1285 2157 1491 2229 ψῆφον,
1541 2158 1678 2231 πρὸς
1726 2158 1921 2212 Οὐολοο

352 2258 538 2313 σιανὸν
563 2248 751 2327 (οὗτος
787 2250 855 2324 ἦν
896 2250 1038 2315 θεῖος
1079 2250 1178 2322 τῆς
1213 2251 1369 2321 ἁγίας
1405 2250 1649 2323 Μελένης
1682 2250 1923 2323 Ἐλληνό-

347 2367 504 2422 φρων
524 2365 539 2378 ·
572 2348 630 2399 ὲν
668 2345 726 2399 δὲ
755 2343 835 2415 τῷ
867 2342 1256 2415 ἀποθνήσκειν,
1286 2343 1652 2414 μεταθέμενος
1685 2342 1821 2414 πρὸς
1861 2342 1924 2395 τὸ

346 2438 648 2514 ἐρθόδοξον,
691 2436 785 2490 xal.
822 2435 1111 2504 φωτισθεὶς
1159 2435 1307 2506 παρὰ
1352 2434 1446 2487 τοῦ
1493 2434 1647 2503 ἁγίου
1680 2433 1923 2505 Πρόκλου

345 2527 1002 2591 Ιέωνσταντινουπόλεωςα
1058 2526 1222 2581 αὐτοῦ
1276 2526 1383 2597 γὰρ
1435 2525 1632 2597 εὑρέθη
1682 2524 1924 2597 πρέσϐυς

344 2622 706 2686 ἀποσταλείςσ
733 2621 822 2675 ὅτε
860 2619 957 2674 καὶ
984 2621 1051 2691 τῇ
1086 2619 1216 2690 ἁγία
1252 2620 1498 2690 ἐνέτυχεν
1529 2617 1587 2683 ἐξ
1630 2616 1925 2688 Ἰεροσολύ-

348 2734 474 2789 μων
506 2712 883 2786 καταλαϐούσῃ
909 2711 1007 2784 τὴν
1048 2711 1294 2783 βασιλίδα
1331 2711 1439 2765 τῶν
1469 2710 1711 2773 πόλεων)
1748 2711 1920 2782 ἐπαρ-

346 2824 447 2879 χον
474 2806 701 2871 πόλεως.

1989 2042 2107 2096 cod.
2149 2059 2264 2106 Llll,
2292 2058 2414 2114 pag.
2448 2043 2540 2099 43.

2101 2155 2335 2228 Scripsit
2360 2166 2537 2212 autem
2566 2155 2995 2228 (Constantius)
3027 2165 3215 2212 contra
3247 2157 3420 2227 ipsum
3452 2154 3595 2228 (Cte-

2028 2247 2287 2319 lestium)
2334 2249 2611 2304 decretum
2672 2248 2738 2302 ad
2783 2246 3139 2304 Volusianum
3192 2248 3343 2303 urbis
3398 2247 3593 2317 praefe-

2028 2350 2175 2395 ctum
2210 2361 2222 2396 :
2254 2341 2348 2412 qui
2378 2340 2596 2411 quidem
2620 2338 2953 2396 Volusianus
2977 2348 3093 2396 erat
3119 2347 3321 2397 sanetae
3354 2339 3595 2394 Melaniae

2029 2442 2257 2503 patruus
2287 2447 2317 2486 e
2343 2431 2622 2501 gentilium
2659 2440 2829 2486 secta.
2860 2431 2928 2484 At
2960 2432 3087 2485 dum
3121 2447 3244 2485 eum
3278 2430 3595 2485 Constanti—

2027 2522 2210 2592 nopoli
2238 2524 2521 2593 legationis
2549 2522 2725 2578 ollieio
2767 2522 3077 2593 fungentem
3117 2539 3265 2579 mors
3296 2523 3594 2583 invaderet,

2028 2612 2096 2665 ad
2121 2613 2479 2668 orthodoxam
2514 2613 2671 2669 fidem
2706 2615 2956 2678 transiit,
2995 2615 3410 2685 baptizatusque
3450 2622 3531 2669 est
3567 2629 3596 2665 a

2028 2713 2220 2761 sancto
2255 2706 2448 2761 Proclo
2482 2707 3094 2779 ConstantinOpolitano
3144 2710 3425 2783 episcopo.
3479 2708 3600 2777 Quo

2028 2798 2155 2853 item
2196 2806 2440 2868 tempore
2472 2807 2663 2853 sancta
2704 2800 2794 2854 illa
2827 2802 3025 2858 mulier
3052 2817 3083 2859 e
3120 2801 3513 2874 Hierosolymis
3541 2805 3598 2858 in

2029 2885 2233 2956 regiam
2269 2885 2457 2941 urbem
2489 2887 2728 2943 advenit.

1878 3003 2064 3065 XXII.

1088 3131 1362 3188 GEORGIUS
1395 3128 1681 3185 CEDBENUS
1707 3127 1849 3184 Hist.
1873 3127 2170 3200 Compend.
2209 3137 2335 3183 tom.
2368 3127 2409 3195 l,
2441 3145 2568 3201 pag.
2590 3129 2716 3196 270,
2749 3130 2873 3185 27!.

425 3244 516 3317 Τῷ
559 3251 642 3317 κη’
687 3244 796 3299 ἔτει
832 3283 846 3299 .
892 3282 907 3299 .
962 3283 977 3300 .

345 3337 597 3410 Πρόκλος
617 3340 645 3393 6
664 3336 965 3407 ἁγιώτατος
985 3337 1282 3400 ἐπίσκοπος
1309 3333 1934 3398 Κωνσταντινουπόλεως

345 3429 782 3502 προχειρίζεται,
810 3429 869 3494 ὃς
900 3429 962 3483 τὸ
982 3427 1075 3482 τοῦ
1105 3427 1493 3500 Χρυσοστόμου
1522 3426 1770 3497 λείψανον
1801 3427 1933 3479 ἀνα-

346 3519 573 3592 κομίζει
614 3520 692 3593 τῷ
720 3520 762 3573 λ’
803 3521 911 3575 ἔτει
955 3522 1054 3592 τῆς
1086 3518 1364 3590 βασιλείας
1390 3518 1697 3584 Θεοδοσίου,
1730 3520 1824 3572 καὶ
1856 3520 1936 3582 είς

345 3611 473 3666 τῶν
503 3611 670 3680 ἁγίων
698 3610 1035 3665 Ἀποστόλων
1054 3610 1343 3680 ἅποτίθησι
1372 3608 1518 3675 ναὸν,
1549 3627 1602 3663 κ.
1630 3627 1681 3662 τ.
1706 3608 1755 3664 λ.

430 3703 519 3776 Τῷ
545 3703 622 3757 λθ¹
657 3703 768 3757 ἔτει
798 3702 1065 3775 Κύριλλος
1109 3702 1532 3776 Ἀλεξανδρείας,
1565 3703 1659 3757 καὶ
1691 3702 1933 3776 Πρόκλος

346 3796 1000 3864 Κωνσταντινουπόλεως,
1031 3795 1268 3860 εὐσεϐῶς
1289 3794 1683 3867 ἐκοιμήθησαν.

1023 3285 1038 3300 .
1077 3246 1501 3317 τελευτήσαντος
1546 3243 1920 3315 Μαξιμιανοῦ,

2094 3243 2252 3298 Anno
2282 3260 2455 3300 xxvru
2480 3243 2812 3302 Maximiano
2838 3247 2949 3302 vita
2980 3246 3191 3313 functo,
3218 3248 3602 3306 sanctissimus

2034 3335 2260 3392 Proclus
2308 3337 2602 3409 episcopus
2640 3338 3282 3411 Constantinopolitanus
3323 3343 3601 3416 deligitur.

2033 3437 2087 3485 et
2118 3430 2408 3484 ordinatur
2437 3449 2450 3486 :
2484 3430 2640 3500 isque
2668 3432 2927 3503 reliquias
2956 3432 3332 3505 Cltrysostomi
3360 3445 3604 3507 reporta-

2032 3520 2112 3576 vit
2141 3534 2288 3574 anno
2330 3536 2436 3575 xxx
2463 3521 2809 3592 imperatoris
2849 3521 3164 3593 Theodosii,
3199 3527 3363 3597 inque
3404 3530 3604 3601 templo

2036 3612 2421 3682 Apostolorum
2446 3615 2717 3683 deposuit,
2751 3626 2856 3671 etc.

2105 3704 2262 3760 Anno
2288 3722 2454 3760 χχιιι
2479 3704 2714 3777 Cyrillus
2750 3708 3092 3764 Alexandria:
3124 3719 3177 3765 et
3209 3711 3434 3769 Proclus
3457 3712 3603 3769 Con-

2040 3798 2423 3869 stantinopolis
2452 3798 2718 3870 episcopi,
2752 3800 2840 3870 pie
2873 3800 2983 3855 vita
3015 3799 3261 3858 defuncti
3294 3815 3439 3861 sunt.

1888 3914 2103 3976 XXIII.

1330 4035 1566 4093 Joannes
1597 4037 1847 4094 Zomaas
1877 4038 2078 4096 Annal.
2109 4052 2236 4098 tam.
2278 4041 2347 4107 ll,
2374 4059 2498 4114 pag.
2534 4044 2625 4099 55.

434 4155 589 4210 Μετὰ
603 4153 695 4208 τὸν
713 4152 1054 4225 Μαξιμιανὺν
1075 4154 1168 4208 ἐπὶ
1185 4152 1387 4209 διετίαν
1409 4154 1930 4226 ἀρχιερατεύσαντα,

349 4250 622 4325 Πρόκλος,
663 4250 692 4304 6
718 4248 814 4303 τοῦ
848 4250 1239 4324 Χρυσοστόμου
1277 4250 1555 4322 μαθητὴς,
1590 4250 1938 4323 πατριάρχης

350 4343 778 4416 προεχειρίσθηο
814 4344 920 4398 ὑπὸ
966 4344 1225 4398 Σισιννίου
1271 4345 1609 4416 πατριάρχου
1641 4344 1938 4409 ἐπίσκοπος

346 4437 605 4503 Κυζίκου
638 4436 830 4510 πρώην
861 4436 1278 4508 χειροτονηθεὶς,
1323 4437 1398 4509 μὴ
1439 4437 1651 4509 δεχθεὶς
1689 4437 1746 4491 δὲ
1788 4436 1939 4509 παρὰ

2106 4157 2237 4214 Post
2264 4158 2650 4216 Maximianum
2670 4203 2685 4229 ,
2727 4163 3044 4232 pontiﬁcatu
3076 4164 3295 4222 biennio
3331 4167 3603 4239 functura,

2037 4250 2265 4308 Proclus
2291 4252 2667 4325 Chrysostomi
2696 4255 2998 4327 discipulus
3021 4260 3328 4329 patriarcha
3355 4272 3605 4334 creatur;

2038 4343 2131 4414 qui
2163 4343 2368 4413 pridem
2409 4359 2438 4398 a
2475 4343 2718 4402 Sisinnio
2742 4348 3073 4417 patriarcha,
3107 4349 3290 4423 Cyzici
3317 4355 3607 4426 episc0pus

2039 4435 2374 4507 designatus,
2415 4438 2511 4493 sed
2551 4453 2580 4491 a
2616 4437 2919 4511 Cyzicenis,
2956 4443 3051 4513 qui
3092 4444 3256 4499 alium
3297 4447 3604 4519 elegerant,

347 4528 478 4585 τῶν
510 4530 622 4583 ἐκεῖ
655 4528 840 4601 ἕτερον
874 4527 1143 4599 ἑλομένων
1176 4528 1458 4600 ἀρχιερέα,
1494 4529 1704 4583 καὶτὸν
1735 4528 1929 4601 μεταξὺ

2041 4546 2150 4586 non
2175 4541 2448 4602 receptus,
2479 4540 2721 4602 tempore
2748 4533 3034 4604 iuterjecto
3075 4538 3247 4592 otium
3275 4549 3478 4611 egerat.
3507 4542 3607 4597 llic

348 4619 559 4693 χρόνον
593 4618 887 4692 σχολάζων.
919 4612 1087 4683 Οὗτος
1114 4620 1293 4675 τοίνυν
1328 4619 1404 4691 τῷ
1438 4620 1614 4692 θρόνῳ
1649 4621 1746 4693 τῆς
1784 4623 1929 4674 Κων-

2042 4625 2208 4696 igitur
2230 4627 2283 4680 in
2306 4628 2434 4684 sede
2456 4602 3057 4701 Constantinopolitana
3081 4602 3354 4702 receptus,
3384 4637 3515 4703 petit
3536 4636 3607 4699 ab

353 4712 859 4777 σταντινουπόλεως
886 4710 1244 4785 ένθρονισθεὶς
1265 4751 1281 4776 ,
1311 4710 1458 4777 ἀξιοῖ
1484 4712 1577 4766 τὸν
1606 4711 1847 4784 βασιλέα,
1878 4712 1940 4767 τὸ

353 4801 661 4875 ἱερώτατον
712 4803 808 4858 τοῦ
860 4802 1246 4875 Χρυσοστόμου
1299 4802 1459 4875 σῶμα
1505 4806 1569 4858 ἐκ
1617 4803 1940 4868 Πιτυοῦντος

353 4894 821 4967 ἀνακομισθῆναι,
850 4896 943 4949 καὶ
978 4895 1052 4967 μὴ
1080 4896 1261 4967 μένειν
1290 4897 1385 4950 καὶ
1414 4895 1648 4952 θανόντα
1677 4897 1768 4950 τὸν
1796 4896 1949 4966 ἅγιον

358 4988 683 5061 ὑπερόριον.
699 4987 944 5042 Πείθεται
965 4986 1140 5059 τούτῳ
1157 4989 1186 5041 6
1211 4986 1481 5058 βασιλεὺς,
1507 4990 1600 5042 καὶ
1627 4989 1951 5061 ἀνακομίζε-

356 5096 468 5136 ται
491 5081 520 5132 ὁ
537 5079 628 5133 τοῦ
653 5080 809 5150 ἁγίου
837 5080 1028 5151 νεκρός
1044 5097 1059 5111 ο
1098 5079 1191 5133 καὶ
1215 5079 1531 5151 ὑποδέχεται
1553 5080 1662 5134 τῶν
1686 5082 1951 5154 ὑπερϐαλ-

356 5173 571 5245 λούσης
603 5174 771 5246 τιμῆς
790 5214 804 5238 ,
835 5175 931 5228 καὶ
963 5172 1310 5228 κατατίθεται
1345 5174 1496 5237 ἐντὸς
1522 5173 1618 5226 τοῦ
1646 5173 1949 5246 ξθυσιαστη-

366 5267 496 5344 ρίου
520 5267 612 5322 τοῦ
636 5266 744 5320 τῶν
771 5266 933 5322 ὁσίων
972 5265 1311 5320 Ἀποστόλων
1343 5264 1690 5338 περιωνύμου
1723 5266 1877 5322 ναοῦ.

2045 4718 2391 4788 imperatore,
2437 4730 2496 4775 ut
2525 4738 2726 4793 corpus
2756 4724 2929 4778 sancti
2955 4723 3327 4796 Chrysostomi
3354 4724 3607 4799 Pityunte

2044 4807 2333 4874 referatur,
2365 4826 2433 4866 ne
2462 4812 2545 4867 vir
2569 4821 2792 4869 sanctus
2820 4823 2939 4884 post
2965 4815 3173 4870 obitum
3203 4817 3364 4872 etiam
3392 4820 3607 4874 exsula-

2046 4910 2148 4956 ret.
2185 4900 2344 4958 Paret
2376 4904 2695 4974 imperator,
2733 4907 3074 4979 relatumque
3103 4911 3276 4965 sancti
3305 4912 3536 4965 cadaver
3556 4921 3608 4967 et

2047 4994 2246 5065 insigni
2299 5012 2423 5052 cum
2481 4998 2685 5055 honore
2730 5010 3066 5071 susceptum,
3111 5004 3255 5057 intra
3309 5005 3608 5060 sacrarium

2047 5088 2229 5158 templi
2260 5090 2417 5159 cujus
2466 5105 2662 5148 nomen
2712 5099 2796 5149 est
2847 5103 3158 5150 sanctorum
3206 5095 3608 5166 Apostolorum,

2046 5180 2317 5235 conditur.

1886 5383 2097 5445 XXIV.

933 5510 1272 5567 Nicernoaus
1302 5510 1560 5567 CALLIST.
1601 5511 1742 5569 Hist.
1778 5513 1916 5569 eccl.
1953 5511 2045 5567 lib.
2079 5529 2190 5569 xw.
2222 5527 2341 5583 cap.
2375 5513 2465 5578 9.9,
2493 5524 2619 5568 (om.
2654 5512 2719 5579 ll,
2743 5530 2867 5586 pag.
2899 5515 3024 5571 501.

446 5626 709 5693 Σιάννιος
760 5627 851 5683 τοῦ
884 5629 1206 5701 Κυζικηνῶν
1243 5630 1503 5704 προέδρου
1538 5630 1822 5699 θανόντος,
1858 5633 1949 5686 τὸν

371 5721 524 5779 οείον
545 5721 786 5796 Πρόκλον
819 5724 887 5795 τῇ
925 5722 1149 5793 Κυζίκῳ
1184 5723 1526 5793 ἐχειροτόνει.
1567 5724 1675 5777 Καὶ
1704 5722 1769 5795 δὴ
1804 5723 1947 5795 Πρό-

2127 5632 2399 5704 Cyzieeno
2446 5634 2703 5704 episcopo
2756 5642 2994 5699 mortuo,
3048 5634 3321 5693 Sisinnius
3373 5638 3612 5693 divinum

2054 5721 2308 5780 Proclum
2358 5723 2618 5783 Ecclesiae
2655 5725 2838 5799 Cyzici
2872 5729 3189 5801 episcopum
3239 5727 3477 5784 ordinat.
3510 5724 3617 5780 Sed
