4054 6198
493 256 611 311 £75
718 312 723 319 ,
1594 256 1656 311 S.
1698 255 2019 312 ιιιιοειυδ
2060 256 2164 310 Cl'.
2209 255 2603 313 EPlSCOPUS.
3618 255 3726 312 6Ἳὸ

498 370 653 426 enim
685 384 808 425 cum
862 367 1111 431 Proclus,
1145 377 1205 422 ut
1259 383 1326 424 eo
1369 370 1660 436 transiret,
1701 372 1754 425 in
1789 372 2069 441 procinctu

2188 373 2285 442 ιλῳ
2314 373 2371 423 ἐν
2406 371 2724 442 παρασκευῇ
2757 368 2868 421 ϐντι
2907 368 3031 439 περὶ
3055 368 3223 438 αὑτὴν
3253 370 3468 439 χωρεῖν,
3501 365 3733 437 φθάνου-

505 471 674 525 csset,
724 460 977 515 homines
1008 460 1082 514 ibi
1124 461 1446 531 episcopum
1496 463 1889 532 prmvenientes
1921 463 2072 518 ordi-

2188 483 2259 519 τιν
2311 466 2507 517 ἐκεῖνοι
2559 463 2653 517 καὶ
2701 462 3085 533 χειροτονοῦσιν
3123 460 3294 532 ἄνδρα
3341 460 3537 531 σεμνόν
3589 478 3731 523 τινα,

508 560 707 606 narunt
750 548 1079 604 Dalmatium
1116 551 1436 622 quemdam,
1491 552 1668 606 virum
1707 555 2072 608 venerandum

2188 556 2477 627 ὶαλμάτιον
2503 555 2694 626 ὄνομα,
2717 556 3029 625 ἀσκητικοίς
3060 552 3241 615 πόνοις
3265 551 3731 623 ἐγγυμνασμένον.

505 651 565 696 et
587 642 643 697 in
669 642 992 697 monasticis
1023 642 1303 698 laboribus
1331 642 1715 698 exercitatum.
1745 643 1800 697 ld
1829 645 1905 697 illi
1933 644 2079 701 fece-

2188 648 2283 701 Καὶ
2309 647 2466 701 τοῦτο
2498 646 2685 719 ἔδρων,
2719 647 2778 701 ἐν
2806 645 3039 718 δευτέρῳ
3067 644 3157 698 τὸν
3197 644 3358 715 νόμον
3395 644 3635 715 θέμενοι,
3670 645 3737 708 ὃς

508 738 639 787 runt
664 773 681 799 ,
741 735 1024 789 sanctione
1071 734 1161 789 illa
1199 743 1513 805 contempta
1552 750 1673 805 quze
1705 733 1901 805 pra-ter
1945 752 2075 791 sen-

2188 738 2390 791 ἐκέλευε
2425 737 2575 808 παρὰ
2610 737 2834 809 γνώμην
2867 735 2961 790 τοῦ
2991 734 3289 789 ἐπισκόπου
3314 736 3411 805 τῆς
3439 736 3737 789 Κωνσταν-

510 829 737 884 tentiam
771 829 1013 899 epi5c0pi
1040 826 1636 897 Constantinopolitani
1678 827 2072 884 ordinationem

2188 829 2340 894 πίνου,
2371 828 2702 899 χειροτονίαν
2731 828 2805 899 μὴ
2832 827 3096 896 γίνεσθαι.
3136 826 3196 879 '0
3224 826 3321 897 μέν
3350 823 3442 881 οὖν
3471 825 3736 897 Πρόκλος,

509 922 630 978 ﬁeri
678 929 843 977 vetat.
889 920 1003 977 Hoc
1036 921 1127 975 ubi
1169 920 1243 975 ita
1287 919 1489 974 factum
1538 926 1650 981 est,
1703 918 1930 974 Proclus
1968 934 2076 973 non

2188 921 2358 975 τούτου
2387 921 2697 992 γενομένου,
2726 921 2846 975 καθ’
2868 919 3057 975 ἐαυτὸν
3084 918 3487 977 συνεστέλλετο.
3504 918 3741 989 Ἐκκλη-

510 1014 882 1085 oppugnavit;
917 1025 970 1066 et
997 1011 1256 1067 Eeclesim
1288 1011 1507 1082 quidem
1552 1011 1687 1065 nulli
1741 1012 1970 1082 praefuit,
2021 1012 2078 1067 in

2188 1012 2294 1075 ria;
2327 1011 2421 1081 μὲν
2453 1011 2721 1082 μηδεμιᾶς
2754 1010 3170 1082 προϊστάμενος,
3209 1010 3331 1070 ταῖς
3363 1007 3423 1061 δέ
3445 1007 3548 1078 τῆς
3581 1009 3741 1063 Κων-

510 1104 1140 1175 Constantinopolitanis
1182 1112 1362 1158 autem
1413 1102 1665 1158 ecclesiis
1708 1103 1952 1159 docendo
1984 1103 2082 1160 llo—

2188 1103 2454 1158 σταντίνου
2479 1103 2789 1175 ἐκκλησίαις
2811 1103 2889 1174 τῷ
2918 1102 3191 1156 διδάσκειν
3214 1101 3411 1155 ἀνθῶν.

514 1199 646 1252 ruit.

1689 1309 1818 1364 lout
1852 1308 1982 1363 ibid.
2017 1326 2136 1380 cap.
2170 1312 2264 1379 38,
2293 1327 2413 1384 pag.
2446 1312 2569 1367 522.

583 1426 811 1484 Proclus
846 1440 876 1480 a
910 1425 1086 1498 primo
1121 1425 1320 1494 capillo
1360 1425 1792 1497 praeceptoribus
1830 1441 1985 1490 usus,
2020 1428 2077 1482 in

515 1529 631 1576 arte
672 1518 890 1575 dicendi
932 1518 1284 1589 potissimum
1328 1519 1648 1573 elaboravit.
1684 1517 1747 1573 Et
1776 1526 1904 1589 post
1946 1520 2077 1574 ado-

517 1612 833 1668 lescentiam
886 1618 1158 1673 exactam,
1183 1611 1237 1663 in
1271 1609 1499 1679 juvenili
1548 1610 1835 1664 admodum
1887 1618 2078 1673 aitate,

510 1706 570 1758 in
597 1705 857 1759 lectorum
892 1700 1139 1755 ordinem
1170 1707 1475 1770 cooptatus,
1504 1704 1736 1768 primum
1779 1701 1885 1754 divi
1913 1698 2080 1754 Joan-

514 1795 604 1851 nis
646 1792 1031 1864 Chrysostomi
1074 1790 1739 1861 ConstatitinOpolitanam
1781 1790 2077 1846 Ecclesiatu

518 1886 959 1942 administrantis
986 1894 1245 1950 sectator,
1277 1884 1546 1954 librisque
1591 1884 1897 1939 scribendis
1927 1884 2083 1953 adju-

518 1990 626 2044 tor,
670 1986 725 2034 et
775 1978 1023 2047 corporis
1074 1975 1195 2046 ejus
1251 1985 1473 2030 curator
1529 1974 1649 2029 fuit.
1713 1972 1811 2029 llic
1854 1972 2079 2028 Paulum

516 2071 711 2127 Joanni
762 2084 960 2141 magno
1003 2068 1059 2123 in
1102 2084 1288 2124 aurem
1319 2068 1677 2133 dictitantem,
1722 2074 1886 2137 atque
1927 2082 2084 2122 arca—

524 2163 731 2216 niorem
774 2159 1131 2231 epistolarum
1187 2173 1412 2214 suarum
1448 2173 1671 2213 sensum
1718 2156 2081 2218 revelantem,

518 2270 615 2324 per
671 2255 841 2307 rimas
891 2259 1247 2323 prospectans
1301 2249 1453 2304 vidit.
1502 2248 1681 2319 Atque
1731 2247 1823 2301 ubi
1884 2247 1972 2301 ille
2028 2246 2082 2301 in

518 2347 713 2401 exsilio
760 2344 931 2409 vixit,
978 2344 1045 2399 ab
1083 2344 1230 2399 illius
1251 2341 1541 2397 all‘ectione
1589 2356 1698 2394 non
1732 2338 2081 2404 desciscens,

520 2455 645 2494 cum
695 2438 815 2508 ejus
851 2451 1171 2493 successore
1214 2436 1398 2490 Attico
1428 2433 1687 2504 episc0po
1727 2432 1849 2497 fuit,
1882 2432 2085 2486 oratio-

521 2546 650 2585 num
701 2530 875 2600 ipsius
925 2528 1122 2583 scriba.
1166 2527 1336 2592 Quem
1392 2524 1481 2579 ille
1527 2524 1582 2578 in
1618 2523 1800 2578 divino
1848 2523 1972 2577 vitae
2005 2522 2087 2576 in-

520 2623 714 2677 stituto
759 2618 1213 2691 progredientem,
1265 2617 1322 2670 in
1360 2615 1945 2686 diaconatus'gradum
1970 2630 2089 2670 sus-

524 2717 666 2770 tulit.
702 2711 902 2767 Deinde
952 2726 1081 2766 vero
1115 2724 1238 2765 cum
1279 2710 1333 2763 in
1360 2707 1799 2779 presbyterorum
1830 2707 2087 2762 cathedra

523 2803 809 2859 Dominum
847 2802 1109 2866 laudaret,
1166 2815 1197 2854 a
1248 2799 1492 2854 Sisinnio
1523 2798 1779 2854 Ecclesiae
1809 2797 2089 2870 Cyzicena:

525 2896 842 2966 designatus
889 2901 974 2950 est
1015 2892 1269 2948 antistes.
1296 2890 1484 2962 Longo
1515 2905 1643 2946 vero
1673 2899 1915 2962 tempore
1966 2898 2089 2961 post

2251 1432 2492 1505 Πρόκλος
2512 1432 2577 1485 ἐκ
2598 1429 2817 1511 πρώτης
2829 1429 3011 1503 τριχὸς
3045 1430 3123 1491 εἰς
3149 1427 3494 1493 διδασκάλους
3523 1428 3744 1498 φοιτῶν,

2185 1524 2478 1596 ῥητορικῆς
2509 1524 2601 1577 ἐπὶ
2632 1522 2880 1577 πλεῖστον
2908 1519 3237 1592 ἐπεμελήθη.
3275 1520 3368 1583 Είς
3398 1518 3744 1589 ἀναγνώστου

2113 1651 2155 1705 Β
2183 1616 2238 1670 δέ
2262 1617 2484 1680 τελέσας
2518 1615 2743 1687 βαθμὸν,
2773 1617 2829 1668 ἐν
2855 1614 2952 1687 νέᾳ
2984 1613 3123 1667 πάνυ
3155 1616 3223 1685 τῇ
3258 1612 3443 1685 ἡλικίᾳ
3465 1630 3479 1643 ·
3517 1614 3612 1667 καὶ
3643 1614 3744 1687 ἥδη

2189 1707 2545 1779 παραμείψας
2605 1707 2694 1760 τὸν
2751 1706 3025 1777 μείρακα,
3080 1703 3271 1776 πρῶτα
3324 1703 3420 1775 μέν
3475 1703 3556 1775 τῷ
3617 1704 3746 1776 θείῳ

2196 1796 2414 1868 Ἰωάννῃ
2444 1796 2521 1867 τῷ
2544 1793 2911 1867 Χρυσοστόμῳ
2958 1792 3306 1864 ἳεραρχοῦντι
3335 1789 3436 1861 τῆς
3459 1791 3750 1844 Κωνσταν-

2184 1890 2328 1943 τίνου
2362 1887 2677 1960 παρείπετο,
2714 1883 2981 1955 ὑπουργὸς
3022 1882 3168 1953 αὑτῷ
3196 1882 3289 1936 καὶ
3334 1882 3594 1954 συνεργὸς
3637 1881 3747 1935 τῶν

2185 1980 2359 2050 λόγων
2386 1978 2687 2050 γινόμενος,
2721 1977 2812 2032 καὶ
2829 1977 2930 2046 ὅση
2964 1976 3123 2046 χρεία
3148 1972 3243 2027 τοῦ
3273 1972 3525 2046 σώματος
3554 1974 3749 2046 ἐκείνῳ

2186 2074 2488 2144 γινόμενος.
2515 2063 2683 2133 Οὗτος
2710 2068 2767 2122 δὲ
2789 2068 2883 2123 καὶ
2905 2066 3100 2138 Παύλῳ
3129 2065 3264 2138 πρὸς
3291 2062 3384 2130 οὖς
3414 2065 3494 2136 τῷ
3531 2066 3753 2138 μεγάλῳ

2199 2166 2418 2236 Ἰωάννῃ
2451 2162 2833 2234 διαλεγομένῳ,
2862 2160 2956 2215 καὶ
2979 2160 3070 2213 τὸν
3097 2157 3224 2213 νοῦν
3255 2158 3363 2213 τῶν
3392 2159 3603 2213 ἐκείνου
3634 2161 3757 2212 ἐπι-

2188 2256 2387 2310 στολῶν
2416 2253 2809 2310 ἐκκαλύπτοντι
2845 2250 3248 2324 μυστικώτερον
3304 2249 3619 2321 ἐνέτυχε,τῇ
3650 2250 3758 2319 τῆς

2185 2348 2399 2421 θυρίδος
2426 2347 2797 2419 παρακύπτων
2818 2346 2947 2417 ὁπῇ.
2978 2341 3129 2398 Ἐπεὶ
3150 2343 3194 2397 δ’
3228 2344 3431 2406 ἐκεῖνος
3462 2342 3760 2414 ὑπερόριος

2185 2437 2274 2506 ἦν,
2302 2439 2377 2512 μὴ
2403 2439 2502 2509 τῆς
2531 2438 2741 2493 ἐκείνου
2765 2438 3000 2509 σχέσεως
3022 2435 3283 2501 ἀποστὰς,
3306 2434 3383 2508 τῷ
3408 2436 3525 2506 μετ’
3548 2435 3763 2488 ἐκεῖνον

2187 2532 2472 2602 ἐπισκόπῳ
2504 2526 2735 2599 ’Δττικῷ
2788 2530 2970 2601 συνῆν,
3004 2528 3349 2601 ὑπογραφεὺς
3387 2525 3496 2579 τῶν
3542 2525 3765 2579 ἐκείνου

2189 2623 2360 2692 λόγων
2414 2620 2792 2691 καθεστηκώς.
2833 2622 2931 2674 "Ov
2970 2619 3033 2690 δὴ
3064 2620 3130 2690 τῇ
3166 2616 3305 2672 κατὰ
3348 2616 3480 2670 Θεὸν
3526 2616 3767 2687 προϐαί-

2191 2731 2346 2768 νοντα
2371 2715 2583 2784 ἀγωγῇ,
2631 2712 2724 2765 καὶ
2764 2709 2857 2764 τοῦ
2888 2710 2988 2782 τῆς
3031 2709 3301 2773 διακονίας
3336 2707 3487 2779 ἠξίου
3519 2707 3765 2779 βαθμοῦ.

2194 2807 2423 2859 Ἔπειτα
2453 2804 2509 2857 δὲ
2537 2805 2628 2857 καὶ
2654 2806 2711 2857 ἐν
2738 2802 2974 2875 καθέδρᾳ
3002 2801 3384 2872 πρεσϐυτέρων
3416 2800 3637 2861 αἰνέσας
3664 2798 3770 2854 τὸν

2191 2895 2417 2967 Κύριον,
2451 2894 2555 2947 ὑπὸ
2580 2892 2839 2946 Σισιννίου
2870 2893 2969 2964 τῆς
2989 2890 3129 2945 κατὰ
3152 2890 3389 2955 Κύζικον
3432 2890 3771 2961 Ἐκκλησίας

520 2987 1137 3058 Constantinopolitanae
1164 2986 1421 3043 Ecclesiae.
1464 2985 1815 3056 episcOpatus
1852 2984 1901 3037 ei
1939 2998 2087 3037 com-

2190 2986 2499 3060 προεϐλήθη
2552 2986 2845 3056 ἐπισκοπῇ.
2897 2983 3083 3055 Πολλῷ
3128 2984 3186 3038 δέ
3241 2983 3465 3055 ὕστερον
3510 2984 3607 3037 καὶ
3656 2983 3769 3054 τῆς

524 3081 728 3137 missus
748 3078 935 3135 est.Et
950 3079 1094 3150 quod
1112 3080 1356 3135 moribus
1374 3086 1539 3149 atque
1559 3076 1826 3132 institutis
1844 3074 2090 3145 placidus

524 3171 758 3223 maxime
782 3170 866 3224 vir
895 3180 1062 3231 esset,
1109 3183 1450 3240 quaecunque
1485 3168 1539 3221 in
1569 3165 1780 3222 Joanne
1812 3173 1867 3221 et
1910 3165 2091 3220 Attico

523 3260 723 3315 eximia
754 3267 949 3323 erant,
1002 3260 1293 3331 expressit.
1330 3258 1595 3311 Malorum
1642 3256 1931 3311 tolerantia
1984 3256 2091 3311 illis

521 3352 684 3409 etiam
716 3351 966 3416 superior
1005 3349 1130 3405 iuit.
1175 3350 1389 3404 Atticus
1424 3364 1659 3419 namque
1696 3348 1894 3418 saepius
1926 3347 2090 3402 etiam

528 3446 599 3500 iis
628 3444 721 3514 qui
753 3445 807 3498 in
843 3442 945 3499 (ide
969 3459 999 3497 a
1025 3459 1085 3499 se
1111 3459 1221 3497 non
1272 3441 1648 3505 dissentirent,
1683 3441 1943 3497 terribilis
1972 3457 2093 3496 esse

523 3538 674 3593 visus
700 3548 803 3592 est.
830 3535 931 3591 llic
958 3553 1086 3591 vero
1118 3546 1173 3591 et
1202 3551 1329 3608 erga
1365 3535 1510 3602 illos,
1547 3544 1602 3590 et
1635 3537 1688 3589 in
1735 3534 1872 3590 alios
1901 3549 2091 3589 omnes

525 3629 769 3701 placidus
799 3639 853 3684 et
875 3630 1014 3685 lenis
1042 3627 1335 3684 admodum
1365 3626 1487 3693 fuit,
1512 3627 1885 3683 benevolentia
1910 3627 2092 3698 potius

523 3735 688 3789 quam
716 3720 769 3773 vi
798 3735 894 3775 cos
925 3719 993 3775 ad
1029 3735 1088 3775 se
1124 3721 1439 3790 pertrahere
1464 3717 1521 3773 in
1553 3718 1737 3773 animo
1770 3718 1997 3773 habens.
2027 3719 2093 3773 Et

519 3813 781 3881 quoniam
815 3812 1022 3869 nemini
1051 3812 1336 3867 turbarum
1368 3824 1591 3867 causam
1625 3811 1876 3882 praebuit,
1908 3808 2093 3865 Eccle—

528 3901 635 3956 siae»
654 3901 970 3971 dignitatem
995 3901 1049 3955 in
1071 3899 1410 3955 humanitate
1440 3908 1493 3955 et
1514 3900 1929 3955 mansuetudine
1955 3914 2092 3954 eon-

532 3992 841 4056 sistentem,
875 3993 1140 4064 integram
1176 3982 1539 4049 conservavit.
1573 4033 1587 4047 .
1617 4031 1631 4046 .
1656 3991 1762 4047 Iste
1794 4002 1971 4048 autem
1992 3991 2094 4046 mi-

526 4098 629 4136 nus
672 4086 887 4138 curavit
917 4084 963 4140 si
991 4084 1115 4155 quis
1147 4083 1213 4141 de
1246 4084 1357 4140 Deo
1388 4084 1570 4141 itidem
1603 4092 1663 4140 ut
1696 4084 1813 4155 ipse
1846 4085 2088 4141 sentiret.

526 4173 631 4229 Sed
665 4176 928 4233 doctrinae
958 4178 1161 4249 jugiter
1190 4178 1533 4246 incumbens,
1562 4178 1792 4249 placide,
1828 4194 1940 4234 non
1978 4179 2095 4233 vio-

525 4267 724 4331 lenter,
765 4269 971 4338 plebem
1002 4271 1105 4325 sibi
1132 4269 1393 4326 devinxit.

2191 3077 2602 3133 Κωνσταντίνου
2641 3076 2963 3147 Ἐκκλησίας
2987 3075 3085 3147 τὴν
3116 3075 3416 3146 ἐπισκοπὴν
3443 3074 3770 3147 ἐπετράπη.

2192 3169 2439 3242 Χρηστδς
2471 3170 2529 3224 δέ
2553 3170 2627 3223 ὢν
2661 3170 2800 3242 ἀνὴρ
2832 3169 3065 3241 μάλιστα
3094 3169 3235 3223 κατά
3263 3186 3320 3223 τε
3343 3165 3473 3240 ἦθος
3505 3170 3599 3223 καὶ
3633 3169 3770 3239 τρό-

2195 3277 2315 3326 πον,
2340 3261 2438 3314 ὅσα
2458 3259 2516 3314 δὲ
2549 3260 2769 3333 Ἰωάννῃ
2809 3261 2905 3314 κοιλ⁵
2947 3258 3175 3330 Ἀττικῷ
3208 3260 3482 3331 προσῆσαν
3520 3259 3765 3331 χρηστὰ,

2193 3349 2519 3421 ἀνεμάξατο.
2558 3349 2902 3417 Ἀνεξίκακος
2949 3348 3005 3402 δέ
3039 3348 3134 3402 καὶ
3183 3348 3341 3401 πλέον
3384 3349 3527 3420 ἥπερ
3561 3350 3768 3402 ἐκεῖνοι

2191 3443 2428 3510 ἐγένετο.
2474 3442 2715 3506 Ἀττικὸς
2745 3442 2843 3513 μὲν
2877 3441 2984 3513 γὰρ
3027 3441 3280 3506 πολλάκις
3312 3441 3543 3504 καὶτοῖς
3572 3441 3765 3511 διαφόο

2196 3552 2310 3606 ροις
2362 3534 2461 3605 τῆς
2510 3535 2741 3598 πίστεως
2779 3534 3005 3607 φοϐερὸς
3055 3534 3199 3605 μάλα
3250 3534 3443 3588 ἐδόκει.
3487 3529 3658 3597 Οὗτος
3702 3533 3765 3586 δέ

2193 3627 2469 3692 κάκείνοις
2505 3627 2601 3680 καὶ
2629 3628 2793 3680 πᾶσιν
2822 3627 2981 3696 ἡπιος
3010 3626 3103 3681 καὶ
3157 3626 3434 3699 προσηνὴς
3481 3625 3629 3696 μάλα
3666 3620 3760 3696 ἦν,

2192 3718 2402 3781 τούτοις
2447 3716 2646 3790 μᾶλλον
2682 3716 2716 3789 ῆ
2764 3717 2856 3790 βίᾳ
2888 3719 3063 3774 ἕλκειν
3090 3720 3332 3783 ἐκείνους
3359 3716 3760 3789 διανοούμενος.

2192 3809 2397 3881 Μηδενὶ
2425 3809 2535 3881 γὰρ
2578 3808 2823 3881 ταραχῆς
2855 3809 3025 3874 αἴτιος
3071 3808 3367 3872 καταστὰς,
3399 3808 3460 3861 τὸ
3498 3808 3600 3879 τῆς
3635 3807 3764 3861 Ἐκ-

2193 3900 2421 3971 κλησίας
2442 3900 2677 3972 ἀξίωμα,
2699 3902 2759 3954 τὸ
2789 3900 3024 3965 ἐπιεικές
3050 3918 3192 3973 φημι
3224 3901 3317 3955 καὶ
3340 3901 3533 3973 πρᾶον,
3566 3899 3762 3968 ἁθιγές

2192 3991 2526 4065 διετήρησεν.
2555 4030 2569 4045 .
2594 4032 2609 4047 .
2635 4032 2654 4046 ..
2682 3986 2851 4057 οὗτος
2876 3992 2932 4046 δὲ
2962 3992 3180 4047 ἔλαττον
3206 3992 3537 4064 ἐφρόντιζεν,
3572 3993 3640 4064 ἣν
3683 3993 3760 4064 μή

2193 4103 2277 4151 τις
2307 4088 2434 4159 περὶ
2453 4085 2588 4140 Θεοῦ
2623 4078 2832 4161 ᾗαύτῷ
2858 4086 3031 4141 ἐδόκει
3075 4087 3308 4159 ἐφρόνει.
3342 4086 3669 4158 Διδασκαλίᾳ
3699 4086 3758 4138 δέ

2196 4181 2407 4248 συνεχεῖ
2433 4176 2750 4250 χρώμενος,
2796 4179 2998 4253 ἠρέμα,
3055 4179 3151 4233 καὶ
3202 4180 3262 4233 οὑ
3311 4180 3422 4250 βίᾳ,
3454 4179 3524 4233 τὰ
3579 4179 3757 4252 πλήθη

2195 4271 2521 4344 προσήγετο.

2056 4406 2234 4468 XXV.

1200 4533 1283 4588 Ex
1310 4537 1402 4589 lib.
1440 4552 1492 4590 tv
1524 4535 1673 4593 Juris
1703 4535 2085 4593 Grazco-Rom.
2120 4538 2174 4591 in
2206 4535 2425 4609 Syllaba
2451 4541 2813 4611 episcoporum
2836 4539 3105 4612 Byzantii.

597 4644 823 4703 Proclus
871 4661 900 4700 a
960 4643 1204 4701 Sisinnio
1232 4644 1416 4716 Cyzici
1467 4647 1753 4718 episcopus
1784 4648 2087 4715 ordinatus,

2266 4648 2507 4719 Πρόκλος
2546 4650 2651 4703 ὑπὸ
2708 4652 2972 4707 Σισιννίου
3018 4652 3412 4725 χειροτονηθεὶς
3462 4655 3757 4724 ἐπίσκοπος

525 4747 579 4794 et
609 4754 717 4793 non
758 4737 1052 4799 admissus,
1086 4736 1317 4790 vacavit.
1347 4736 1391 4789 A
1420 4746 1593 4792 morte
1619 4752 1746 4794 vero
1777 4738 2088 4793 Maximiani

454 4850 461 4857 ·
527 4830 705 4886 factus
755 4836 839 4885 est
893 4829 1122 4881 antistes
1181 4826 1713 4894 ConstantinOpolis,
1767 4845 1892 4885 cum
1944 4831 2089 4888 illius

527 4923 761 4978 cadaver
824 4920 878 4975 in
940 4919 1190 4974 diaconio
1239 4916 1475 4988 iaceret;
1523 4920 1739 4990 praefuit
1787 4921 2091 4978 sacerdotio

530 5018 704 5088 primo
733 5015 890 5069 annis
922 5029 1016 5069 xu.

2195 4740 2457 4804 Κυζίκου,
2488 4742 2581 4794 καὶ
2623 4742 2697 4815 μὴ
2725 4742 2952 4813 δεχθεὶς,
2984 4745 3262 4814 ἐσχόλασε.
3307 4746 3460 4800 Μετὰ
3489 4747 3549 4801 δέ
3593 4747 3758 4805 θανά-

2194 4849 2289 4885 του
2321 4831 2659 4901 Μαξιμιανοῦ
2686 4835 2876 4903 γέγονε
2908 4837 3540 4903 Κωνσταντινουπόλεως,
3567 4830 3756 4913 κειμε-

2195 4941 2287 4977 νου
2312 4924 2406 4978 τοῦ
2440 4924 2691 4996 λειψάνου
2739 4927 2904 4982 αὑτοῦ
2933 4931 2990 4983 ἐν
3029 4928 3107 4999 τῷ
3139 4928 3461 5001 διακονικῷ·
3501 4933 3753 5007 ἀρχιερα-

2197 5016 2392 5081 τεύσας
2418 5017 2513 5089 ἔτη
2544 5018 2631 5088 ιβ’.

1522 5127 1659 5182 Ibid.
1690 5128 1717 5200 ᾗ
1747 5128 1821 5185 De
1851 5131 2302 5188 translationibus
2337 5134 2740 5205 episcoporum.

599 5241 754 5295 Anno
784 5257 882 5295 xm
910 5240 1254 5312 imperatoris
1275 5239 1566 5295 Theodosii
1599 5239 1842 5297 Junioris
1870 5242 2091 5297 Arcadii

535 5330 652 5392 lilii,
670 5348 898 5403 magnus
921 5334 1009 5389 ille
1036 5332 1263 5388 Proelus
1291 5334 1577 5389 ordinatus
1598 5336 1883 5406 episcopus
1912 5334 2095 5405 Cyzici

533 5433 564 5471 a
597 5419 837 5475 Sisinnio
877 5423 1208 5492 patriarcha,
1241 5438 1347 5476 non
1382 5422 1658 5480 admissus
1696 5425 1751 5478 in
1790 5424 1902 5478 otio
1937 5423 2089 5477 vixit.

535 5505 663 5562 Post
694 5508 1085 5580 depositiouem
1123 5529 1255 5570 vero
1286 5515 1548 5575 Nestorii.
1581 5516 1834 5572 decretus
1879 5516 1927 5570 ei
1971 5516 2090 5585 qui-

531 5598 653 5652 dem
674 5603 1014 5667 episcOpatus
1040 5604 1706 5677 Coustantinopolitanus,
1745 5608 1838 5662 sed
1873 5608 1925 5661 in
1953 5607 2090 5663 solio

528 5704 641 5749 nan
669 5696 754 5745 est
780 5689 1075 5749 collocatus
1114 5696 1183 5750 ob
1220 5698 1475 5752 invidiam
1505 5700 1815 5768 pontiﬁcum
1856 5700 1948 5768 qui
1991 5715 2089 5768 po-

2273 5247 2360 5299 ’Ev
2387 5245 2464 5316 τῷ
2504 5253 2571 5315 ιγ’
2615 5248 2723 5301 ἔτει
2762 5248 2857 5319 τῆς
2889 5249 3167 5319 βασιλείας
3200 5251 3479 5308 θεοδοσίου
3515 5256 3607 5311 τοῦ
3655 5261 3750 5315 Mt-

2188 5336 2344 5407 κροῦ,
2367 5336 2458 5390 τοῦ
2484 5337 2614 5391 Υἱοῦ
2643 5340 2947 5410 Ἀρκαδίου,
2964 5344 2991 5395 ὀ
3020 5344 3191 5412 μέγας
3203 5345 3445 5416 Πρόκλος
3460 5348 3749 5416 ἐπίσκοπος

2189 5427 2427 5492 Κυζίκου
2483 5431 2875 5502 χειροτονηθεὶς
2925 5433 3017 5487 ἐπὶ
3067 5435 3332 5490 Σισιννίου
3379 5443 3748 5515 πατριάρχου.

2188 5516 2487 5586 ἐσχόλασε,
2550 5518 2622 5591 μὴ
2680 5519 2908 5591 δεχθείς.
2965 5524 3117 5578 Μετὰ
3168 5526 3225 5580 δὲ
3280 5528 3379 5599 τὴν
3436 5531 3751 5606 καθαίρεσιν

2187 5608 2499 5681 Νεστορίου,
2530 5611 2799 5683 ἐψηφίσθη
2832 5613 2929 5683 μὲν
2968 5614 3608 5690 Κωνσταντινουπόλεως,
3652 5626 3747 5678 οὐκ

2189 5701 2527 5774 ἐνεθρονίσθη
2562 5703 2616 5756 δέ
2662 5705 2748 5758 διὰ
2787 5705 2975 5776 φθόνον
3018 5709 3124 5762 τῶν
3171 5713 3749 5783 πσριδυναστεύόντων
