4054 6198
314 291 422 347 677

1501 282 1917 342 TESTIMONIA
1954 277 2306 336 VETERUM.

3433 279 3543 335 673

306 409 427 462 τότε
458 400 780 474 ἀρχιερέων.
815 400 968 456 Μετὰ
995 402 1053 456 δὲ
1085 400 1263 468 τοῦτο,
1288 401 1381 454 τοῦ
1413 396 1875 472 χειροτονηθέντος
1905 403 1924 458 Α

1998 394 2148 448 entia
2196 408 2293 448 sua
2348 405 2495 445 nune
2545 391 2924 445 ahutchaulur.
2978 390 3170 449 Postea
3220 408 3346 448 vero
3377 411 3543 462 imam

307 494 656 567 Μαξιμιανοῦ
720 493 1171 565 τελευτήσαντος,
1219 496 1299 549 ἐτι
1342 493 1593 564 κειμένου
1640 488 1734 543 τοῦ
1773 489 1882 542 λει-

1981 487 2269 542 ordinatus
2294 486 2456 540 isthic
2482 483 2843 539 Maximianus
2869 486 3009 540 dicm
3036 486 3281 548 obiisset,
3312 484 3544 542 necdum

308 591 484 660 ψάνου
526 586 726 651 αὑτοῦ,
774 588 1158 660 προσεκλήθη,
1199 589 1294 641 καὶ
1338 582 1680 657 ὲνεθρονίσθη
1730 582 1884 636 Κων-

1998 578 2201 649 sepulto
2247 577 2421 646 ipsius
2454 576 2738 639 cadavere,
2776 576 3070 631 accersitus
3103 585 3209 638 est,
3238 585 3293 631 et
3320 577 3377 630 in
3406 578 3547 633 soito

317 676 809 741 σταντινουπόλεως
834 716 849 740 ,
910 678 1212 733 συναινέσει
1266 678 1360 732 καὶ
1411 673 1507 728 τοῦ
1557 670 1883 726 Κελεστίνου

1998 671 2308 731 :ollocatus.
2363 669 2526 723 etiam
2566 667 2864 722 lerstino
2897 683 3030 737 papa
3072 666 3318 724 Romano
3359 684 3548 725 assen—
3584 693 3590 698 ·

317 772 474 826 πάπα
503 769 743 842 Ῥώμης,
766 769 1073 841 συμψήφων
1094 769 1399 841 γενομένων
1419 765 1508 824 καὶ
1530 763 1625 817 τοῦ
1648 759 1883 833 μεγάλου

319 859 585 930 Κυρίλλου
617 860 713 913 καὶ
751 860 998 914 Ἰωάννου
1035 858 1382 929 ’Δντιοχείας.

1984 762 2173 824 tiente,
2203 775 2266 814 ac
2290 760 2662 829 episcopatum
2702 759 2752 813 ei
2786 757 3208 816 decernentibus
3236 776 3432 831 magno
3457 762 3552 817 illo

1985 853 2188 926 Cyrillo
2216 861 2270 908 et
2294 850 2504 907 Joanne
2544 851 2903 906 Antiocheno.

1838 970 2049 1031 XXVI.

1073 1092 1153 1148 Ea:
1177 1092 1483 1164 Menologio
1508 1090 1820 1146 Graecorum
1844 1088 2037 1145 Basilii
2066 1089 2251 1155 imper.
2274 1095 2415 1156 part.
2452 1102 2487 1149 ι,
2513 1102 2634 1156 pag.
2674 1086 2795 1141 HO.

386 1213 464 1283 Τῇ
493 1211 631 1281 αὑτῇ
661 1208 845 1280 ἡμέρᾳ
891 1206 967 1262 κδ’
1014 1206 1223 1263 Ὠκτο6.
1278 1207 1464 1278 μνήμη
1501 1205 1594 1259 τοῦ
1624 1208 1681 1259 ὲν
1710 1205 1884 1275 ἁγίοις

317 1306 530 1375 Πατρὸς
573 1302 727 1373 ἡμῶν
774 1299 1013 1372 Πρόκλου
1057 1299 1394 1371 πατριάρχου
1445 1300 1885 1352 Κωνσταντινου-

318 1399 548 1460 πόλεως.
588 1396 645 1447 Ὀ
674 1396 731 1446 ὲν
762 1392 940 1461 ἁγίοις
970 1391 1160 1463 Πατὴρ
1185 1389 1341 1462 ἡμῶν
1367 1388 1628 1462 Πρόκλος,
1656 1388 1892 1460 εὐλαϐὴς

316 1489 394 1543 ὢν
421 1490 516 1541 καὶ
556 1487 734 1554 σοφὸς,
767 1485 860 1539 καὶ
897 1485 1171 1555 ἐνάρετος,
1203 1481 1583 1553 ἐχειροτονήθη
1616 1481 1767 1552 παρὰ
1792 1478 1886 1533 τοῦ

318 1582 481 1652 ἁγίου
542 1579 807 1633 Σισιννίου
876 1576 1218 1647 πατριάρχου
1268 1574 1888 1636 Κωνσταντινουπόλεως

316 1675 617 1737 ἐπίσκοπος
651 1669 909 1735 Κυζίκου.
950 1667 1242 1732 Ἀπελθὼν,
1267 1666 1362 1721 καὶ
1394 1665 1470 1738 μὴ
1499 1666 1707 1737 δεχθεὶς
1737 1664 1887 1735 παρά

2065 1202 2268 1259 Eadem
2318 1201 2408 1257 die
2443 1217 2496 1255 ix
2552 1200 2672 1257 Kal.
2723 1199 2859 1257 Nov.
2896 1206 3344 1262 commemoratio
3380 1210 3557 1265 sancti

1988 1294 2172 1351 Patris
2238 1296 2415 1349 nostri
2467 1292 2642 1348 Procli
2683 1296 3008 1364 patriarchae
3059 1298 3560 1373 Constantinopoli-

1988 1389 2124 1442 tani.
2164 1389 2401 1443 Sanctus
2458 1387 2617 1442 Pater
2671 1396 2859 1443 noster
2906 1387 3131 1445 Proclus
3182 1407 3304 1447 cum
3336 1394 3557 1464 pietate.

1991 1477 2264 1548 sapientia
2287 1491 2351 1531 ac
2372 1476 2574 1532 virtute
2593 1484 2738 1531 esset
2768 1478 3021 1549 insignis,
3049 1494 3077 1533 a
3107 1489 3297 1537 sancto
3320 1483 3562 1540 Sisinnio

1989 1568 2301 1639 patriarcha
2363 1567 2970 1639 Constantinopolitano
3026 1571 3207 1643 Cyzici
3270 1574 3562 1647 episcopus

1991 1668 2208 1716 creatus
2232 1670 2336 1715 est.
2374 1660 2504 1717 Illuc
2536 1660 2912 1731 proﬁciscens,
2947 1680 3069 1718 eum
3095 1680 3123 1719 a
3159 1667 3376 1723 clericis
3408 1667 3561 1742 Cyn-

316 1768 430 1821 τῶν
461 1769 579 1820 ἐκεῖ
610 1763 889 1836 κληρικῶν
927 1761 1216 1833 αἱρετικῶν
1242 1761 1431 1825 ὄντων,
1465 1757 1803 1831 ὑπέστρεψεν
1832 1759 1891 1812 ἐν
1922 1804 1924 1808 έ

1998 1752 2165 1816 cenis,
2196 1754 2398 1824 quippe
2420 1753 2511 1823 qui
2545 1754 2785 1811 haeretici
2816 1767 3033 1821 essent,
3066 1774 3175 1813 non
3207 1762 3560 1830 reciperetur,

321 1855 922 1915 Κωνσταντινουπόλει.
970 1854 1061 1906 τὸν
1108 1852 1310 1925 μεταξὺ
1355 1851 1629 1921 σχολάζων
1674 1850 1886 1920 χρόνον.

320 1950 415 2003 καὶ
443 1948 727 2021 προσέχων
753 1944 928 2016 ἐαυτῷ
965 1962 1023 1998 τε
1058 1945 1148 1997 καὶ
1170 1946 1236 2015 τῇ
1269 1941 1593 2011 ἀναγνώσει.
1629 1942 1894 2012 Τελευτή-

323 2058 515 2104 σαντος
545 2040 602 2093 δὲ
625 2036 968 2108 Μαξιμιανοῦ
1006 2034 1099 2089 τοῦ
1142 2035 1502 2106 πατριάρχου,
1534 2033 1614 2086 ἔτι
1645 2032 1739 2086 τοῦ
1780 2032 1894 2085 λει-

320 2134 497 2185 clavae
524 2129 690 2185 αὑτοῦ
718 2129 971 2200 κειμένου
999 2129 1056 2181 ὲν
1078 2128 1156 2199 τῷ
1185 2126 1433 2198 ἱερατείῳ
1457 2126 1557 2198 τῆς
1590 2125 1897 2195 ἁγιωτάτης

321 2223 418 2277 τοῦ
467 2221 602 2275 Θεοῦ
662 2218 904 2292 μεγάλης
956 2217 1278 2288 ἐκκλησίας,
1334 2215 1738 2287 προχειρίζεται
1797 2232 1901 2268 πα-

318 2316 589 2387 τριάρχης
647 2309 1285 2373 Κωνσταντινουπόλεως.
1350 2309 1463 2362 Καὶ
1532 2305 1896 2380 ὲνθρονίζεται

321 2410 444 2463 κατ’
466 2408 633 2479 αὐτὴν
662 2406 761 2478 τὴν
788 2404 1030 2476 μεγάλην
1052 2402 1320 2474 ἑϐδομάδα
1340 2403 1397 2455 ἐν
1427 2402 1492 2471 τῇ
1514 2400 1646 2471 ἁγία
1668 2400 1895 2471 Πέμπτῃ

320 2499 419 2552 τοῦ
457 2496 724 2569 σωτηρίου
761 2495 965 2558 πάθους
987 2492 1083 2546 τοῦ
1116 2492 1321 2563 Κυρίου
1360 2490 1518 2562 ἡμῶν
1557 2489 1729 2562 Ἰησοῦ
1764 2491 1898 2561 Χρι-

324 2591 478 2644 στοῦ.
514 2590 624 2643 Καὶ
651 2588 833 2650 καλῶς
862 2585 1315 2656 πολιτευσάμενος
1358 2583 1454 2636 καὶ
1486 2582 1624 2653 μετὰ
1651 2582 1749 2653 τὴν
1788 2597 1896 2652 χει-

326 2687 602 2754 ροτονίαν,
644 2682 741 2734 καὶ
778 2679 1004 2741 πολλοὺς
1057 2676 1145 2731 διὰ
1196 2677 1294 2748 τῆς
1338 2673 1683 2736 διδασκαλίας
1727 2672 1894 2726 αὑτοῦ

323 2776 633 2846 ὠφελήσας,
654 2772 1026 2842 ὲπεσκόπησεν
1051 2769 1144 2841 ἐτη
1173 2768 1379 2823 δώδεκα
1403 2767 1497 2821 καὶ
1528 2768 1700 2839 μῆνας
1724 2768 1893 2836 τρεῖς,

323 2868 421 2922 καὶ
447 2864 752 2927 τελειωθεὶς
781 2861 1144 2919 ἀνεπαύσατο.

1994 1843 2527 1915 ConstantinOpolim
2586 1846 2766 1912 rediit,
2810 1847 2900 1902 ubi
2948 1864 3042 1919 per
3076 1851 3293 1921 aliquod
3347 1861 3563 1925 tempus

1991 1936 2061 1991 ab
2082 1935 2560 1991 administratione
2588 1951 2813 2002 vacans,
2848 1938 2948 1993 sibi
2991 1939 3292 2011 litterisque
3343 1958 3561 2012 operam

1995 2028 2164 2095 dedit,
2201 2027 2378 2099 quoad
2408 2027 2735 2084 Maximiano
2782 2031 3093 2100 patriarcha
3125 2032 3400 2101 defuncto,
3438 2052 3562 2092 cum

1998 2121 2177 2176 adhuc
2209 2120 2441 2177 cadaver
2469 2121 2591 2191 ejus
2642 2121 2699 2176 in
2744 2124 3111 2181 sanctissima:
3141 2135 3195 2183 et
3243 2143 3451 2199 magna:
3477 2147 3553 2185 ec-
3634 2194 3640 2200 ,

1999 2214 2179 2268 clesizn
2205 2212 2298 2268 Dei
2329 2215 2574 2269 sacrario
2598 2216 2827 2284 iaceret,
2849 2229 3069 2274 creatur
3094 2222 3399 2290 patriarcha
3428 2223 3567 2279 Con-

1999 2304 2538 2375 stantinopolitanus.
2573 2306 2640 2360 Et
2670 2308 2725 2361 in
2756 2309 2956 2364 throno
2994 2313 3181 2366 eadem
3211 2313 3328 2385 ipsa
3357 2331 3561 2385 magna;

1999 2394 2351 2451 hebdomadas
2389 2407 2581 2454 sancta
2627 2400 2816 2470 quinta
2858 2403 2946 2457 die
2991 2405 3249 2461 salutaris
3294 2409 3563 2477 passionis

1999 2483 2215 2541 Domini
2248 2488 2422 2544 nostri
2450 2488 2579 2545 Jesu
2621 2491 2826 2549 Christi
2855 2496 3174 2552 collocatur.
3210 2498 3275 2552 Et
3303 2500 3395 2571 qui
3443 2502 3562 2572 epi-

1999 2579 2151 2648 scopi
2179 2595 2383 2636 mnnus
2418 2584 2622 2651 optime
2644 2582 2889 2653 functus,
2939 2594 3048 2641 tam
3079 2589 3131 2644 in
3162 2605 3357 2648 manus
3394 2592 3567 2665 impo-

2002 2667 2406 2739 sitione,quam
2449 2673 2503 2725 in
2536 2675 2828 2731 multorum
2878 2680 3082 2735 auxilio
3125 2696 3225 2737 sua
3259 2683 3433 2753 ipsius
3477 2685 3566 2741 do-

2000 2758 2200 2823 ctrina,
2244 2777 2367 2814 cum
2409 2765 2637 2820 sedisset
2683 2768 2735 2821 in
2786 2770 3105 2839 episcopatu
3152 2786 3326 2831 annos
3365 2775 3567 2832 duode-

1999 2847 2104 2902 cim
2149 2859 2201 2903 et
2235 2867 2451 2910 menses
2499 2865 2632 2923 tres,
2674 2872 2740 2911 ex
2785 2858 2887 2913 hac
2913 2862 3022 2916 vita
3060 2863 3326 2934 migrans,
3354 2867 3407 2921 in
3439 2882 3577 2937 pace

1998 2942 2221 3013 quievit.

1822 3064 2061 3127 XXVII.

514 3206 595 3273 Ea:
633 3203 946 3274 Menologio
985 3201 1158 3257 Graec.
1197 3199 1347 3254 card.
1384 3196 1594 3264 Sirleti,
1626 3196 1721 3250 sub
1756 3196 1843 3249 die
1894 3211 2024 3251 ntv
2053 3194 2445 3268 Octobr.Apud
2470 3197 2744 3253 Canisium
2767 3202 2822 3254 in
2841 3198 3109 3258 Thcsaur.
3142 3213 3270 3262 tam.
3303 3205 3398 3273 Ill,

1688 3318 1831 3382 part.
1856 3326 1895 3376 ι,
1926 3325 2051 3383 pag.
2080 3311 2206 3368 486.

403 3436 605 3493 Eodem
652 3435 741 3489 die
786 3429 1236 3488 commemoratio
1279 3427 1453 3484 sancti
1494 3425 1674 3482 Patris
1724 3426 1902 3482 nostri
1927 3465 1970 3524 ο
2004 3427 2145 3498 guis,
2174 3442 2296 3482 cum
2342 3442 2517 3483 annos
2548 3427 2833 3485 duodecim
2863 3438 2917 3484 et
2959 3447 3177 3488 menses
3206 3442 3317 3488 tres
3360 3434 3570 3504 episco-

323 3527 509 3587 Procli
553 3528 877 3599 patriarcha:
920 3520 1545 3592 Constantinopolitani:
1588 3519 1680 3589 qui
1714 3533 1899 3574 sacra-
1936 3519 1969 3524 '
2002 3527 2189 3589 patum
2241 3521 2378 3574 bene
2427 3521 2682 3587 rexisset,
2723 3521 2776 3575 in
2808 3536 2943 3592 pace
2982 3524 3233 3594 migravit
3277 3524 3344 3579 ad
3393 3525 3573 3583 Domi-

328 3639 454 3680 rum
487 3622 813 3677 Litterarum
856 3618 1048 3690 peritia
1093 3625 1147 3674 et
1201 3614 1474 3687 probitate
1503 3627 1716 3667 morum
1761 3612 1897 3666 insi-

2005 3626 2134 3664 num

1838 3726 2105 3787 XXVIII.

1193 3854 1279 3909 Ea:
1312 3854 1615 3928 Menologio
1648 3854 1929 3926 Horologii
1960 3852 2160 3916 Graec,
2193 3851 2322 3909 edit.
2359 3849 2538 3906 Venet.
2571 3851 2729 3908 1532.

403 3972 646 4045 Νοεμϐρ.
677 3972 729 4035 ι’,
760 3972 1054 4043 προεόρτια
1084 3970 1185 4041 τῆς
1218 3973 1275 4024 ὲν
1307 3971 1387 4041 τῷ
1415 3971 1526 4044 ναῷ
1567 3971 1773 4025 εἰσόδου
1801 3971 1901 4041 τῆς

331 4066 633 4140 ὑπεραγίας
655 4064 915 4118 Θεοτόκου
936 4078 951 4093 '
987 4064 1080 4117 καὶ
1105 4062 1199 4117 τοῦ
1223 4064 1280 4116 ὲν
1302 4062 1478 4133 ἁγίοις
1504 4062 1716 4135 Πατρὸς
1744 4062 1901 4136 ἡμῶν

333 4159 581 4232 Πρόκλου
609 4157 1040 4230 ἁρχιεπισκόπου
1073 4156 1719 4222 Κωνσταντινουπόλεως.

416 4250 685 4317 Ἐπαξίως
744 4250 984 4321 σήμερον
1043 4248 1402 4320 πανηγυρίζει
1461 4249 1494 4321 ἡ
1556 4247 1744 4301 πασῶν
1796 4247 1906 4301 τῶν

336 4341 545 4398 πόλεων
581 4342 882 4414 τιμιωτέρα
917 4340 1132 4413 άληθῶς
1166 4343 1224 4395 ὲν
1257 4343 1324 4411 τῇ
1363 4343 1531 4412 σεπτῇ
1582 4340 1907 4411 μεταστάσει

337 4456 456 4502 σου,
485 4441 666 4509 Πάτερ
694 4434 951 4507 Πατέρων
980 4433 1190 4506 Πρόκλε
1226 4433 1376 4502 σοφέ.

2076 3968 2175 4025 Die
2221 3986 2254 4024 ι
2307 3968 2664 4033 Novembris,
2716 3968 3017 4041 profestum
3064 3970 3344 4040 ingressus
3386 3986 3571 4029 sacro-

2006 4071 2211 4120 sancta:
2244 4062 2335 4118 Dei
2366 4063 2661 4118 Genitricis
2690 4063 2744 4117 in
2783 4064 3066 4133 templum,
3106 4071 3161 4119 et
3192 4068 3364 4120 sancti
3394 4065 3573 4122 Patris

2007 4155 2181 4209 nostri
2220 4152 2394 4209 Procli
2424 4153 2821 4224 archiepiscopi
2846 4154 3454 4226 Constantinopolitani.

2078 4245 2271 4303 Merito
2312 4245 2471 4301 hodie
2519 4246 2786 4301 celebrem
2835 4257 3163 4301 conventum
3218 4248 3330 4317 agit
3376 4249 3434 4303 in
3477 4256 3573 4305 tuo

2006 4340 2304 4395 venerabili
2348 4339 2607 4401 transitu,
2642 4339 2754 4393 base
2796 4355 2917 4409 qua:
2942 4355 3067 4394 vere
3092 4349 3306 4396 caeteris
3352 4352 3574 4411 pnestat

2010 4430 2256 4497 urbibus,
2294 4445 2327 4484 ο
2355 4429 2517 4485 Pater
2539 4429 2761 4484 Patrum
2786 4431 3190 4501 sapientissime
3214 4432 3431 4490 Proclc.

1838 4549 2048 4612 XXIX.

1346 4675 1431 4730 Ea:
1460 4675 1762 4748 Menologio
1787 4676 1984 4746 Graec,
2012 4679 2142 4735 edit.
2184 4677 2365 4734 Venet.
2394 4678 2550 4735 1551.

400 4793 484 4865 Τῇ
517 4791 596 4847 κε’
624 4793 806 4865 ἡμέρᾳ
836 4793 1107 4863 Σεπτεμϐ.
1149 4793 1244 4849 ἐπὶ
1270 4793 1370 4863 τῆς
1401 4790 1676 4862 βασιλείας
1721 4792 1908 4847 Θεοδο-

2080 4793 2178 4850 Die
2217 4810 2324 4849 xxv
2371 4792 2740 4865 Septembris,
2783 4794 3085 4865 imperante
3129 4791 3437 4853 Theodosio
3478 4791 3572 4853 Ju-

335 4887 451 4942 σίου
496 4883 591 4939 τοῦ
625 4885 798 4951 Νέου,
838 4883 944 4956 πρὸ
985 4883 1086 4955 τῆς
1138 4885 1510 4947 Ἀναστάσεως
1544 4883 1643 4956 τὴν
1694 4883 1906 4956 ἡμέραν

332 4979 526 5048 γέγονε
581 4977 802 5048 σεισμὸς
836 4976 1097 5048 φοϐερός·
1155 4977 1250 5030 καὶ
1295 4976 1383 5029 διὰ
1430 4976 1589 5029 τοῦτο
1638 4975 1734 5029 τοῦ
1779 4976 1906 5030 λαοῦ

336 5068 534 5131 παντὸς
562 5068 659 5121 σὺν
683 5066 759 5137 τῷ
796 5066 1006 5136 βασιλεῖ
1027 5065 1292 5137 Θεοδοσίῳ
1325 5070 1418 5120 καὶ
1446 5066 1675 5137 Πρόκλῳ
1697 5065 1777 5136 τῷ
1808 5083 1910 5119 πα-

333 5161 591 5233 τριάρχῃ.
632 5158 769 5229 μετὰ
802 5159 1000 5222 παντὸς
1046 5157 1140 5212 τοῦ
1166 5159 1267 5230 τῆς
1310 5158 1645 5230 Ἐκκλησίας
1691 5157 1911 5231 πληρώ-

339 5270 529 5325 ματος,
554 5253 648 5306 καὶ
686 5252 867 5324 πάσης
894 5252 996 5323 τῆς
1029 5252 1235 5316 πόλεως
1268 5251 1374 5316 ἔξω
1410 5250 1795 5305 λιτανευόντων
1823 5250 1911 5304 διὰ

316 5346 423 5423 ³γετὸν
451 5344 615 5414 φόϐον
648 5347 704 5399 ὲν
741 5347 819 5418 τῷ
844 5344 1093 5415 Κάμπῳ·
1121 5344 1219 5416 ἤδη
1252 5343 1350 5415 τῆς
1380 5343 1490 5397 τῶν
1532 5339 1912 5413 Θεοπασχιτῶν

318 5422 603 5510 Ῡαξρέσεως
626 5436 685 5502 ἐξ
708 5436 968 5509 ἐπηρείας
991 5435 1082 5490 τοῦ
1112 5435 1354 5490 διαϐόλου
1396 5435 1569 5508 ἀρχὴν
1601 5433 1910 5505 λαμϐανού-

318 5512 461 5604 “me.
496 5528 592 5583 καὶ
622 5526 699 5599 τῷ
720 5528 1001 5599 Τρισαγίῳ
1032 5526 1113 5591 τδν
1151 5529 1213 5581 ὀ
1245 5527 1605 5597 στίιυίλωθε²ς
1627 5526 1702 5581 δι’
1729 5525 1908 5595 ἡμᾶς’

280 5606 281 5609 η
340 5619 838 5693 βλασφημούντων·
876 5619 1136 5690 ἐξαίφνης
1179 5620 1389 5674 παιδίον
1420 5620 1666 5693 ἁρπαγὲν
1702 5622 1782 5684 εἰς
1817 5618 1908 5672 τὸν

342 5716 478 5787 ἀέρα
504 5713 799 5786 ἀνεφέρετο
832 5715 1048 5769 πάντων
1076 5714 1135 5768 ἐν
1164 5712 1421 5785 ἐκπλήξει
1451 5713 1544 5766 καὶ
1581 5711 1730 5782 φόϐῳ
1775 5727 1909 5784 κρα-

2002 4886 2177 4950 ni0re,
2211 4894 2338 4942 ante
2374 4884 2518 4941 diem
2566 4884 3029 4951 Resurrectionis,
3062 4885 3260 4941 accidit
3296 4886 3575 4944 horribilis

2004 4985 2163 5031 terra:
2222 4987 2406 5033 motus
2446 4994 2459 5031 :
2514 4992 2623 5047 quo
2669 4976 2871 5032 factum
2914 4985 2999 5034 est
3050 4986 3103 5031 tit
3157 4986 3304 5034 totus
3341 4977 3574 5049 populus

2004 5085 2128 5122 cum
2178 5069 2506 5138 imperatore
2552 5067 2862 5125 Theodosio
2907 5078 2963 5125 et
3004 5070 3317 5139 patriarcha
3352 5069 3569 5135 Proclo,

2005 5174 2069 5213 ac
2111 5161 2378 5215 universae
2428 5159 2684 5217 Ecclesia:
2729 5163 2876 5217 clero
2926 5169 3151 5232 totaque
3195 5162 3329 5217 urbe
3378 5164 3574 5218 exierit

2007 5259 2158 5307 extra
2204 5251 2501 5316 civitatem,
2534 5252 2586 5305 in
2640 5252 2817 5308 locum
2847 5253 2939 5324 qui
2974 5253 3177 5307 dicitur
3206 5253 3464 5325 Campus,
3502 5257 3571 5312 ad

2007 5344 2271 5399 orandum
2314 5358 2426 5413 pra:
2478 5346 2689 5400 timore.
2736 5344 2855 5401 Jam
2906 5345 3154 5416 improba
3201 5344 3571 5419 Theopaschi-

2008 5445 2187 5490 tarum
2233 5435 2504 5490 diabolica
2535 5436 2756 5491 haeresis
2792 5438 3001 5492 initium
3035 5437 3304 5504 sumebat,
3336 5448 3389 5494 et
3418 5438 3575 5496 Tris-

2006 5529 2128 5600 agio
2155 5528 2596 5597 blasphemantes
2618 5528 2921 5585 addebant:
2944 5529 3049 5596 Qui
3074 5530 3361 5597 cruciﬁxus
3382 5542 3460 5586 est
3475 5547 3574 5602 pro

2005 5619 2173 5674 nobis.
2230 5617 2513 5688 Extemplo
2567 5619 2826 5690 puerulus
2867 5621 2927 5676 in
2970 5637 3150 5678 aerem
3195 5631 3385 5694 raptus
3434 5624 3572 5678 volio

2003 5710 2171 5776 tabat,
2208 5710 2570 5768 clamantibus
2602 5714 2813 5770 eunetis
2845 5730 2953 5787 prae
3004 5723 3229 5785 stupore
3254 5725 3308 5771 et
3354 5718 3567 5777 timore.
