4054 6198
308 249 402 307 1581

1341 257 1600 318 ORATIO
1638 260 1726 317 DE
1765 261 2110 322 LAUDIBUS
2148 264 2205 321 S.
2248 262 2506 322 MARIIE.

3436 282 3538 335 ϐεὲ

320 368 448 423 Ἰδοὺ
500 366 612 438 γάρ
639 367 712 440 γῆ
759 367 850 420 καὶ
885 365 1120 422 Θάλαττα
1167 367 1466 444 δωροφορεῖ
1494 372 1568 445 (4)
1618 377 1684 446 τῇ
1733 389 1860 446 παρ.

1976 389 2041 431 ac
2064 375 2232 449 Virgo
2268 385 2371 432 est.
2398 375 2662 434 Amabilis
2691 377 2850 449 plane
2881 393 2946 436 ac
2973 381 3240 442 mirabilis
3272 385 3386 444 lucc
3413 387 3528 444 coi-

304 460 474 530 θένῳ·
501 460 535 530 ή
568 458 668 529 μὲν
699 459 765 512 τὰ
793 459 937 514 νῶτα
981 460 1171 531 αὐτῆς,
1217 466 1336 528 ταῖς
1383 464 1571 518 ὁλκάσι
1619 465 1868 537 γαληνῶς

305 548 680 623 ὑφαπλώσασα
701 549 778 621 (5)
799 568 812 582 ·
843 552 876 624 ή
904 551 959 606 δὲ
984 552 1054 606 τὰ
1077 553 1195 626 ἴχνη
1219 555 1329 610 τῶν
1356 555 1676 628 βαδιζόντων
1723 559 1868 614 ἀκω-

305 642 485 706 λύτως
519 642 977 715 παραπέμπουσα.
1006 645 1342 721 Σκιρτὰτωή
1374 649 1556 719 φύσις,
1584 654 1678 708 καὶ
1705 653 1868 722 ἀγαλ-

307 732 510 788 λιάσθω
546 733 607 787 τὸ
658 732 814 803 γένος
843 733 952 789 τῶν
984 736 1285 809 ἀνθρώπων
1309 780 1324 806 ,
1370 742 1452 796 ὅτι
1486 744 1579 797 κο.)⁸
1615 747 1867 814 γυναῖκες

306 825 603 898 τιμῶνται·
631 827 902 898 χορευέτω
927 829 960 899 ή
991 829 1364 903 άνθρωπότης,
1389 834 1470 888 ὅτι
1496 836 1589 889 καὶ
1613 837 1866 909 παρθένοι

307 917 631 985 δοξάζονται.
686 918 879 975 Ὅπου
926 920 1034 992 γάρ
1087 922 1458 979 ἐπλεόνασεν
1503 928 1541 996 ἡ
1593 927 1865 998 ἁμαρτία,

303 1012 893 1081 ὑπερεπερίσσευσεν
922 1013 960 1075 σι)
995 1013 1184 1082 χάρις.
1221 1017 1552 1073 Συνεκάλεσε
1582 1007 1689 1092 γάρ
1720 1022 1866 1092 ἡμᾶς

302 1102 395 1158 νῦν
431 1102 670 1159 ἐνταῦθα
710 1105 744 1175 ἡ
792 1105 921 1174 ἁγία
951 1105 1210 1173 Θεοτόκος
1246 1109 1521 1183 Παρθένος
1550 1113 1771 1184 Μαρία·
1806 1115 1866 1167 τὺ

297 1194 602 1266 ἀμόλυντον
644 1199 745 1269 τῆς
773 1198 1069 1270 παρθενίας
1112 1200 1414 1273 κειμήλιον,
1446 1202 1476 1254 6
1525 1203 1739 1273 λογικὸς
1769 1205 1864 1260 τοῦ

293 1287 552 1361 δευτέρου
617 1289 790 1362 ’Λδὰμ
835 1291 1191 1364 παράδεισος·
1255 1293 1315 1347 τὸ
1360 1296 1720 1368 ἐργαστήριον
1766 1297 1866 1368 τῆς

293 1380 544 1448 ἑνὼσεως
583 1383 693 1439 τῶν
726 1383 974 1454 φύσεων·
1023 1388 1056 1458 ή
1115 1386 1420 1459 πανήγυρις
1457 1387 1550 1442 τοῦ
1597 1389 1862 1462 σωτηρίου

295 1476 764 1548 συναλλάγματος,
789 1479 823 1550 ὴ
857 1477 1090 1543 παστὰς,
1112 1479 1170 1533 ὲν
1246 1481 1274 1533 ό
1299 1480 1469 1548 Λόγος
1492 1481 1866 1552 ὲνυμφεύσατο

290 1568 394 1640 τὴν
423 1570 621 1643 σάρκα·
653 1572 688 1642 ή
720 1569 959 1641 ἔμψυχος
994 1571 1094 1643 τῆς
1131 1571 1345 1642 φύσεως
1375 1573 1553 1644 βάτος,
1584 1575 1650 1646 ἣν
1677 1575 1739 1629 τὸ
1765 1575 1866 1647 τῆς

292 1661 446 1725 θείας
483 1662 667 1726 ὠδῖνος
714 1662 825 1735 πῦρ
875 1665 934 1718 οὑ
986 1664 1354 1719 κατέκαυσεν·
1394 1667 1426 1739 ή
1475 1667 1642 1732 ὅντως
1688 1668 1864 1739 κούφη

1971 469 2068 524 tio.
2125 469 2206 526 En
2247 470 2391 526 enim
2447 477 2593 524 terra
2635 479 2688 526 et
2746 485 2896 529 mare
2944 476 3148 544 pariter
3204 477 3528 550 obsequium

1968 558 2152 617 fovent
2182 582 2196 618 :
2246 562 2349 618 hoc
2378 562 2598 634 quidem
2645 563 2929 635 obsequio,
2962 567 3234 637 placidum
3269 571 3531 643 navigan~

1968 653 2118 710 tibus
2147 653 2368 711 dorsum
2411 653 2788 725 substernens,
2843 657 2934 711 illa
2963 674 3092 714 vero
3133 661 3398 718 viatorum
3439 679 3531 719 ve-

1969 746 2131 818 stigia
2189 747 2439 818 expedite
2508 747 2780 806 deferens.
2836 748 3006 804 Saliat
3056 761 3288 816 natura,
3338 754 3532 809 buma-

1969 854 2207 910 numque
2237 840 2470 897 exsultet
2493 855 2686 912 genus,
2717 841 2917 912 quippe
2953 855 3077 897 cum
3114 844 3365 900 mulieres
3395 859 3531 916 quo-

1966 941 2073 997 que
2114 926 2473 984 honorentur.
2514 929 2726 986 Choros
2773 929 2937 984 ducat
2987 929 3270 986 hominum
3312 940 3528 991 natura.

1966 1016 2112 1086 quod
2141 1024 2196 1072 et
2222 1017 2462 1090 virgines
2486 1019 2679 1074 honori
2702 1019 3005 1075 habeantur
3033 1039 3047 1076 ;
3072 1018 3172 1075 Ubi
3201 1021 3343 1077 enim
3363 1020 3531 1076 abun-

1965 1108 2110 1163 davit
2143 1108 2416 1175 delictum,
2449 1111 2892 1179 superabundavit
2925 1121 2975 1166 et
3016 1113 3190 1184 gratia
3216 1112 3258 1167 ³.
3305 1111 3403 1167 llic
3431 1129 3531 1169 nos

1965 1202 2171 1275 quippe
2200 1202 2362 1258 modo
2386 1244 2401 1268 ,
2440 1214 2624 1258 sancta
2657 1203 2748 1260 Dei
2790 1205 3038 1260 Genitrix
3072 1220 3136 1260 ac
3165 1204 3329 1277 Virgo
3363 1205 3531 1260 Maria

1973 1293 2029 1347 in
2074 1308 2244 1348 unum
2294 1294 2513 1365 coegit:
2557 1294 2875 1366 impollutus
2917 1296 3006 1352 ille
3047 1297 3376 1368 virginitatis
3408 1296 3528 1352 the-

1966 1402 2188 1456 saurus,
2223 1387 2487 1460 spiritalis
2528 1389 2754 1445 secundi
2797 1388 2989 1443 Adami
3027 1389 3336 1458 paradisus,
3367 1387 3528 1443 unio-

1967 1481 2054 1537 nis
2098 1490 2416 1536 naturarum
2448 1481 2690 1548 oflicina,
2729 1481 2988 1537 salutaris
3034 1481 3347 1537 commercii
3390 1497 3529 1534 nun-

1964 1570 2129 1637 diuae,
2162 1571 2459 1635 thalamus,
2506 1571 2561 1626 in
2605 1587 2716 1642 quo
2760 1572 2865 1627 sibi
2901 1569 3140 1626 Verbum
3180 1585 3398 1626 carnem
3433 1570 3530 1626 de-

1965 1664 2268 1734 sponsavit,
2303 1663 2580 1718 animatus
2627 1671 2836 1718 naturae
2878 1663 3050 1719 rubus
3073 1663 3115 1726 ⁸,
3150 1677 3312 1730 quem
3359 1660 3530 1717 divini

291 1752 514 1825 νεφέλη,
566 1754 599 1826 ή
651 1754 742 1808 τὸν
785 1756 880 1808 ἐπὶ
940 1755 1048 1810 τῶν
1103 1757 1370 1828 χερουδὶμ
1423 1755 1562 1828 μετὰ
1615 1755 1860 1828 σώματος

1965 1763 2156 1825 partus
2194 1755 2337 1826 ignis
2360 1773 2468 1810 non
2495 1756 2830 1823 combussit;
2859 1771 2987 1812 vere
3016 1755 3148 1811 levis
3172 1755 3261 1810 illa
3289 1755 3460 1810 nubes
3483 1754 3527 1816 ',

291 1845 646 1917 βαστάσασα·
695 1848 724 1900 6
765 1847 858 1901 τοῦ
888 1847 946 1915 ἐξ
990 1847 1221 1920 ούρανοῦ
1267 1847 1425 1903 ὑετοῦ
1477 1850 1861 1923 καθαρώτατος

291 1937 479 2002 πόκος,
508 1939 568 2005 ἐξ
600 1933 662 1994 οὗ
687 1940 716 1992 6
743 1939 945 2010 ποιμὴν
970 1939 1030 1992 τὸ
1054 1939 1324 2010 πρόϐατον
1349 1940 1652 1996 ἐνεδύσατο.
1674 1943 1860 2014 Μαρία

289 2030 325 2100 ἡ
343 2030 504 2101 δούλη
530 2031 624 2084 καὶ
655 2031 856 2102 μήτηρ,
886 2033 919 2102 ή
948 2031 1232 2104 παρθένος,
1260 2031 1355 2086 καὶ
1383 2031 1630 2104 οὐρανὸς,
1660 2034 1694 2103 ἠ
1724 2033 1857 2106 μόνη

290 2119 427 2173 Θεοῦ
454 2120 589 2192 πρὸς
617 2120 937 2193 ἀνθρώπους
961 2121 1203 2194 γέφυρα·
1231 2118 1260 2175 ό
1293 2123 1518 2194 φρικτὺς
1548 2125 1646 2196 τῆς
1661 2127 1860 2179 οἰκονο-

292 2213 422 2284 μίας
452 2207 752 2283 ίστὸς,ἐνῷ
781 2215 1036 2287 ἀρρήτως
1065 2214 1276 2288 ὑφάνθη
1308 2218 1337 2271 6
1367 2216 1468 2288 τῆς
1499 2217 1744 2283 ὲνὼσεως
1778 2237 1860 2290 χι-

290 2306 418 2360 τών·
441 2299 612 2378 οὗπερ
635 2307 916 2380 ἱστουργὸς
945 2307 1141 2378 μὲν,ζτὸ
1157 2307 1383 2381 Πνεῦμα
1396 2310 1458 2365 τὸ
1479 2310 1632 2380 ἅγιον
1648 2331 1663 2345 ·
1683 2312 1859 2385 ἔριθος

288 2402 367 2455 δὲ.
401 2403 436 2473 ή
468 2400 528 2467 ἐξ
563 2401 730 2472 ὕψους
763 2403 1130 2459 ἐπισκιάσασα
1173 2405 1433 2476 δύναμις·
1480 2404 1625 2475 ἔριον
1673 2404 1752 2471 δὲ,
1797 2406 1858 2461 τὸ

287 2495 517 2567 ἀρχαῖον
552 2494 646 2549 τοῦ
706 2495 879 2567 ’Λδὰμ
922 2495 1142 2551 κώδιον·
1179 2498 1352 2570 κρόκη
1383 2498 1525 2569 δὲ,ή
1571 2498 1670 2569 τῆς
1712 2498 1859 2570 Παρ-

287 2585 443 2640 θένου
473 2585 552 2658 (6)
600 2587 898 2658 άμόλυντος
940 2587 1103 2659 σάρξ·
1143 2589 1336 2660 κερκὶς
1376 2588 1454 2653 δὲ,
1488 2591 1522 2662 ή
1553 2590 1858 2662 ἀμέτρητος

289 2679 382 2736 τοῦ
413 2680 740 2752 φορέσαντος
772 2682 961 2753 χάρις·
989 2684 1238 2755 τεχνίτης
1267 2683 1343 2749 δὲ,
1377 2683 1406 2737 6
1432 2685 1498 2738 δι’
1534 2686 1705 2755 ἀκοῆς
1747 2689 1858 2741 elc-

288 2770 540 2843 πηδήσας
572 2771 764 2840 Λόγος.
797 2771 894 2836 Τίς
922 2768 1050 2839 εἶδε,
1080 2771 1164 2837 τίς
1193 2774 1445 2844 ἤκουσεν,
1483 2775 1565 2828 δτι
1595 2779 1807 2846 μήτραν
1829 2778 1858 2828 6

287 2864 422 2926 Θεὸς
448 2863 878 2936 ἅπεριγράπτως
907 2863 1110 2936 ᾤκησε,
1139 2864 1233 2918 καὶ
1265 2865 1323 2920 ὃν
1347 2867 1572 2938 οὐρανὸς
1597 2867 1698 2921 οὐκ
1723 2867 1857 2938 ἐχώ-

289 2969 481 3024 ρησεν,
511 2954 547 3024 ἡ
572 2954 785 3026 γαστὴρ
816 2954 913 3007 ούκ
947 2953 1396 3026 ὲστενοχὼρησεν.

362 3221 436 3273 B’.
485 3221 623 3275 Ἀλλ’
656 3223 912 3294 ἐγεννήθη
945 3225 1008 3276 ὲκ
1050 3223 1306 3292 γυναικὸς
1349 3222 1479 3287 Θεὸς
1522 3224 1584 3278 οὐ
1614 3223 1819 3295 γυμνός
1843 3241 1856 3253 ·

285 3316 384 3367 καὶ
413 3313 696 3385 ἄνθρωπος
752 3316 811 3369 οὐ
855 3315 1039 3385 ψιλός·
1085 3316 1179 3369 καὶ
1206 3314 1380 3386 πύλην
1424 3318 1694 3389 σωτηρίας
1726 3319 1754 3370 6
1781 3334 1863 3370 τεο

282 3407 462 3478 χθεὶς,
497 3408 598 3480 τὴν
625 3408 788 3462 πάλαι
831 3409 928 3479 τῆς
954 3407 1229 3478 ἁμαρτίας
1267 3405 1431 3472 ἔδειξε
1471 3407 1660 3479 θύραν.
1687 3408 1860 3463 Ὅπου

282 3500 400 3570 γὰρ
427 3502 456 3554 ό
484 3499 606 3570 όφις
626 3500 716 3554 διὰ
742 3503 840 3572 τῆς
865 3501 1148 3572 παρακοῆς
1168 3501 1257 3553 τὸν
1293 3499 1368 3553 ἰὸν
1394 3499 1627 3570 ἐξέχεεν,
1653 3500 1861 3554 ἐκεῖθεν

278 3594 317 3646 ὁ
373 3592 544 3661 Λόγος
601 3594 678 3664 (7)
726 3592 816 3647 διὰ
847 3593 947 3664 τῆς
985 3594 1228 3664 ὑπακοῆς
1271 3591 1549 3658 εἰσελθὼν,
1598 3593 1688 3646 τὸν
1739 3594 1863 3648 ναὸν

277 3683 756 3754 ἐζωοπλάστησεν.
791 3684 950 3738 Ὅθεν
991 3685 1020 3736 ὁ
1051 3685 1263 3757 πρῶτος
1288 3686 1385 3757 τῆς
1420 3685 1692 3756 ἁμαρτίας
1727 3686 1864 3739 Κάῖν

279 3774 598 3846 προέκοψεν
640 3775 738 3844 (8),
782 3776 989 3829 ἐκεῖθεν
1023 3778 1051 3830 ό
1079 3776 1172 3830 τοῦ
1200 3777 1392 3844 γένους
1431 3776 1709 3848 λυτρωτὴς
1731 3775 1865 3850 Χρι-

279 3867 416 3930 στος
455 3866 710 3939 ἀσπόρως
734 3866 1085 3939 ἐϐλάστησεν.
1117 3867 1230 3922 Ούκ
1274 3868 1586 3940 ἐπῃσχύνθη
1625 3869 1652 3920 ὁ
1681 3868 1864 3937 φιλάν-

277 3957 509 4028 θρωπος
537 3958 634 4028 τὴν
659 3959 724 4010 ὲκ
754 3956 1008 4026 γυναικὸς
1032 3955 1194 4008 ὠδῖνα
1215 3973 1227 3986 ·
1253 3955 1378 4026 ζωὴ.
1409 3955 1518 4026 γὰρ
1546 3951 1615 4027 ἦν
1639 3954 1699 4008 τὸ
1730 3973 1867 4028 πρα-

276 4051 726 4123 γματευόμενον·
757 4052 856 4104 οὑκ
878 4050 1145 4121 ἐμολύνθη
1167 4051 1395 4121 οἰκήσας
1425 4051 1660 4120 μήτραν,
1692 4049 1867 4121 ἥνπερ

1962 1863 2085 1918 quae
2129 1847 2408 1904 sedentem
2444 1863 2610 1918 super
2649 1847 2975 1915 Cherubim,
3020 1853 3369 1918 corporatum
3404 1861 3531 1917 por-

1963 1939 2096 1994 tavit
2113 1939 2220 2009 (9);
2244 1940 2663 1996 mundissimum
2699 1941 2875 1995 vellus
2896 1939 2918 1970 ⁶
2955 1939 3143 1994 imbris
3172 1938 3430 2003 caelestis,
3460 1953 3528 1994 ex

1961 2047 2073 2102 quo
2100 2031 2298 2088 Pastor
2327 2049 2482 2088 ovem
2513 2033 2710 2089 induit.
2741 2033 2933 2098 Maria,
2972 2033 3219 2104 inquam,
3249 2032 3446 2088 ancilla
3474 2038 3531 2088 et

1961 2132 2168 2188 mater,
2199 2125 2372 2196 virgo,
2421 2140 2486 2180 ac
2537 2126 2756 2194 cmlum,
2787 2125 2879 2181 Dei
2923 2126 2989 2181 ad
3036 2126 3284 2184 homines
3335 2125 3530 2181 unicus

1959 2215 2458 2284 pons,horrendum
2473 2215 2868 2273 incarnationis
2883 2217 3174 2273 textorium
3192 2215 3436 2288 jugum(l
3447 2215 3526 2286 0),

1961 2308 2015 2362 in
2037 2323 2148 2379 quo
2167 2307 2424 2365 ineﬁabili
2447 2308 2678 2380 quadam
2699 2310 2908 2366 ratione
2926 2309 3145 2365 unionis
3167 2309 3316 2366 illius
3345 2309 3527 2364 tunica

1958 2397 2210 2455 coniecta
2241 2407 2326 2456 est
2356 2419 2371 2457 :
2405 2400 2565 2472 cujus
2591 2401 2811 2473 quidem
2839 2409 3019 2458 textor
3047 2401 3259 2458 exstitit
3288 2399 3526 2472 Spiritus

1959 2497 2222 2556 sanctus;
2266 2490 2497 2558 nectrix,
2530 2491 2708 2548 virtus
2737 2491 3073 2548 obumbrans
3101 2507 3168 2548 ex
3202 2491 3346 2556 alto;
3377 2490 3523 2554 lana,

1959 2579 2244 2651 antiquum
2273 2581 2467 2637 Adami
2494 2582 2703 2650 vellus;
2743 2590 2938 2648 trama,
2980 2582 3261 2654 impolluta
3296 2596 3424 2638 caro
3460 2597 3524 2637 ex

1959 2671 2171 2742 virgine
2200 2671 2347 2742 (ll);
2382 2674 2652 2729 textorius
2705 2673 2914 2742 radius,
2954 2674 3215 2732 immensa
3267 2675 3529 2746 gestantis

1959 2763 2174 2834 gratia;
2206 2765 2402 2820 artifex
2447 2767 2690 2833 tandem,
2724 2765 2961 2822 Verbum
2989 2782 3086 2837 per
3123 2767 3364 2822 auditum
3411 2767 3528 2822 illa-

1958 2857 2115 2914 bens.
2149 2855 2284 2924 Quis
2309 2855 2468 2919 vidit,
2496 2857 2621 2926 quis
2649 2857 2878 2923 audivit,
2906 2858 3242 2914 inhabitasse
3272 2857 3439 2915 Deum
3473 2858 3527 2914 in

1962 2959 2119 3008 utero
2166 2950 2643 3022 incircumscripte
2693 2951 2858 3022 (12);
2910 2966 2973 3008 ac
3017 2967 3141 3007 eum
3201 2967 3363 3022 quem
3403 2953 3524 3006 cceli

1963 3057 2160 3111 capere
2205 3056 2313 3096 non
2367 3049 2639 3112 poterant,
2683 3042 2852 3096 nullis
2900 3049 3170 3098 arctatum
3221 3041 3524 3114 angustiis,

1966 3139 2212 3189 ventrem
2247 3130 2490 3204 Virginis
2525 3132 3041 3203 comprehendisse?

2039 3223 2101 3279 ll.
2130 3223 2300 3280 Natus
2332 3239 2496 3295 porro
2525 3240 2592 3282 ex
2631 3224 2856 3280 muliere
2888 3232 2993 3289 est,
3017 3223 3160 3282 Dens
3186 3240 3292 3280 non
3328 3225 3526 3288 nudus,

1966 3324 2022 3370 at
2047 3329 2148 3370 nec
2169 3314 2334 3370 homo
2364 3330 2566 3386 purus;
2590 3323 2862 3386 natusque
2885 3331 3003 3370 eam
3025 3332 3144 3387 qua:
3173 3317 3298 3372 oliui
3323 3318 3527 3388 peccati

1971 3415 2124 3478 porta
2150 3405 2346 3472 fuerat,
2379 3409 2576 3464 salutis
2619 3408 2845 3479 januam
2893 3406 3092 3464 effecit.
3120 3407 3254 3462 Nam
3291 3409 3381 3462 ubi
3420 3424 3524 3464 ser-
3623 3465 3640 3481 ο

1969 3516 2105 3571 pens
2119 3516 2215 3569 per
2237 3501 2665 3558 inobedientiam
2691 3503 2996 3573 ingressum
3030 3502 3179 3559 virus
3201 3499 3464 3558 eﬂ'uderat
3484 3502 3527 3563 ⁷,

1967 3592 2040 3646 ibi
2088 3589 2326 3647 Verbum
2376 3608 2472 3664 per
2520 3593 2886 3648 obedientiam
2945 3594 3286 3664 ingressum,
3351 3592 3526 3647 vivunt

1967 3684 2072 3739 sibi
2102 3684 2460 3739 exaediﬁcavit
2492 3683 2773 3754 templum.
2813 3683 2968 3738 Unde
3022 3685 3226 3754 peccati
3258 3684 3346 3740 ille
3372 3685 3524 3755 prin-

1966 3775 2202 3846 cipatum
2235 3783 2425 3831 tenens
2450 3774 2584 3830 Cain
2626 3783 2924 3831 emerserat
2968 3775 3011 3838 ⁸,
3047 3774 3172 3831 inde
3204 3773 3524 3846 Redemptor

1969 3864 2183 3934 generis
2239 3864 2493 3919 Christus
2543 3863 2662 3920 sine
2700 3864 2908 3920 semine
2937 3864 3155 3934 prodiit.
3180 3863 3295 3918 Non
3312 3865 3527 3919 erubuit

1967 3956 2219 4013 Clemens
2269 3956 2408 4013 Deus
2465 3957 2616 4012 nasci
2671 3973 2737 4013 ex
2798 3956 3042 4012 muliere.
3099 3955 3229 4010 Nam
3274 3957 3381 4011 vita
3412 3965 3527 4011 erat

1969 4050 2113 4119 quod
2135 4050 2208 4104 ita
2235 4049 2596 4105 moliebatur:
2625 4048 2826 4104 nullam
2855 4049 3128 4104 contraxit
3150 4049 3324 4104 labem
3356 4048 3527 4104 vulvae

367 4211 390 4243 ⁸
421 4209 580 4266 Rom.
619 4225 674 4279 v,
715 4209 807 4263 20.
882 4208 906 4242 ⁸
945 4208 1113 4264 Exod.
1146 4224 1228 4274 tu,
1261 4208 1318 4262 2.
1392 4209 1413 4240 ⁸
1455 4207 1556 4264 lsa.
1592 4225 1708 4272 xIx,
1747 4208 1796 4262 1.
1874 4209 1894 4237 ⁸
1931 4205 2109 4264 Judic.
2151 4225 2228 4271 vI,
2263 4209 2351 4264 37.
2429 4210 2446 4239 ⁷
2471 4207 2606 4262 Cen.
2643 4225 2722 4272 Ill,
2757 4210 2810 4261 6.
2886 4208 3064 4264 “Gen.
3094 4225 3167 4272 tv,
3202 4211 3248 4262 1.

355 4367 454 4435 (1)·
481 4365 609 4438 Leg.
651 4365 958 4438 cumialiis,
994 4365 1299 4437 δοροφορεῖ.

356 4438 443 4508 (5)
482 4435 980 4508 Λιξὲφαπλῴσασα.

356 4505 444 4577 (6)
469 4508 552 4561 Al.
590 4509 622 4577 ἡ
656 4509 721 4560 ὲκ
745 4507 843 4576 τῆς
873 4505 1162 4577 παρθένου.

358 4575 440 4649 (7)
588 4575 820 4649 ἐνέχεεν,
852 4575 968 4629 ἐκεῖ
994 4576 1022 4628 6
1052 4575 1228 4649 λόγοςτ

359 4597 440 4649 (Ι)
472 4597 556 4631 Al.
588 4597 672 4631 ενε
713 4597 820 4637 εεν,
852 4597 965 4629 εκει
994 4597 1022 4628 ο
1054 4597 1228 4644 Αογος.

482 4647 582 4728 bis.
616 4597 739 4703 εστ).
773 4645 977 4728 Mazar.
1002 4645 1324 4728 προέκοψεν.

359 4713 441 4791 (9)
482 4718 830 4791 corporatum
861 4713 1301 4791 por'tavit:_M_srd
1329 4715 1600 4785 σώματος
1627 4713 1856 4780 βαστά-

282 4784 483 4846 σασα.
531 4784 623 4842 Sic
667 4798 721 4843 et
762 4784 918 4842 vetns
967 4787 1056 4841 ille
1090 4784 1430 4841 Vaticanus:
1483 4804 1601 4840 cum
1646 4801 1858 4852 corpore

285 4859 567 4930 portarit:
605 4865 802 4930 non_u_t
832 4858 971 4930 male
1012 4859 1280 4930 inte_rpres
1327 4858 1542 4912 concilii
1575 4855 1854 4930 Ephesini,

287 4925 343 5003 "et
376 4937 675 5003 posticum
717 4925 1023 5003 [iiccardus
1046 4946 1060 4982 :
1103 4925 1170 4981 Iri
1207 4941 1564 5003 corpore__sua
1614 4925 1852 4996 gestavit.

285 4996 538 5057 Tainetsi
572 4998 717 5054 enim
747 4998 850 5054 hoc
882 4999 1177 5054 maximum
1205 5006 1309 5058 est,
1334 5005 1396 5050 ut
1425 4996 1591 5051 Maria
1619 5006 1773 5050 utero
1804 5003 1858 5050 et

285 5075 346 5126 in
401 5086 506 5126 suo
556 5083 786 5138 corpore
833 5068 1122 5140 gestaverit
1175 5066 1503 5140 Dominum;
1540 5067 1626 5121 hic
1676 5073 1854 5140 tamen

284 5141 528 5198 Proclus
553 5134 774 5194 modum
806 5134 1074 5209 praecipue
1123 5137 1367 5209 respicit,
1407 5153 1518 5207 quo
1594 5151 1717 5191 eum
1762 5134 1856 5204 qui

284 5229 484 5283 super
515 5206 823 5283 cherubim
844 5206 1198 5283 incorporeus
1220 5206 1381 5264 sedet
1402 5206 1437 5273 ,ί
1462 5223 1584 5263 cum
1626 5219 1856 5276 corpore

283 5279 454 5338 ac'eo
475 5281 726 5336 indutum
752 5280 868 5350 ipsa
896 5279 1149 5350 portavit.

360 5353 477 5426 (10)
497 5343 798 5426 Τεπζοτίιιήὶ
819 5343 1026 5426 fagum.
1047 5347 1535 5426 _Liquct_satishnon
1568 5343 1741 5426 accipi
1766 5343 1856 5399 hic

282 5417 484 5479 vocem
512 5421 656 5485 ἱστός
694 5436 790 5491 pro
822 5417 943 5490 ipsa
991 5421 1095 5474 tela
1117 5417 1144 5482 ,⁷
1179 5420 1282 5476 sub
1333 5419 1490 5491 cujus
1535 5417 1855 5491 metaphora

282 5493 525 5548 Prorlus
550 5486 800 5546 unionem
825 5486 996 5560 ipsam
1025 5500 1339 5544 naturarum
1369 5486 1630 5544 describit
1655 5486 1852 5560 factam

284 5579 346 5620 tn
395 5563 583 5625 Maria,
615 5558 982 5630 quampaulo
1028 5561 1278 5629 superius
1329 5560 1451 5628 ejus
1478 5558 1853 5630 ἐργαστήριον

277 5633 453 5695 uixit,
469 5632 613 5687 velut
628 5627 926 5698 opiﬁciuam
941 5646 959 5682 :
984 5631 1069 5686 hic
1089 5627 1348 5700 pressius,
1363 5627 1539 5700 ἱστόν·
1562 5629 1852 5700 textoriutn

285 5706 473 5772 ipsum
509 5703 952 5766 instrumentum,
989 5699 1041 5754 in
1074 5717 1183 5770 quo
1215 5701 1478 5758 mirabilis
1519 5699 1608 5753 illa
1645 5700 1749 5753 tela
1791 5712 1852 5750 ac

613 5796 884 5858 Paxaea.
930 5797 1045 5858 Gn.
1082 5801 1180 5860 LX
1195 5802 1265 5860 ν.

1894 4364 2251 4441 υεοηεεειῇο·
2293 4373 2612 4441 naturarum
2675 4365 2816 4418 facta
2865 4363 2939 4420 sit
2981 4363 3164 4420 divina
3213 4366 3411 4424 virtute
3461 4381 3527 4423 ac

1959 4443 2094 4489 arte.
2134 4433 2267 4490 Vide
2297 4433 2645 4489 Riecardum.

2033 4506 2142 4574 (11)
2163 4503 2455 4575 [inpolluta
2484 4519 2700 4575 carerem
2722 4504 2934 4574 virgine.
2956 4503 3167 4561 Placuit
3190 4508 3303 4564 hac
3331 4510 3524 4572 lectio;

1960 4588 2019 4658 ut
2051 4573 2169 4658 ipsa
2200 4573 2536 4658 significetur
2571 4573 2773 4656 Christi
2801 4573 2964 4658 caro,
3004 4591 3066 4658 ac
3103 4593 3263 4646 quam
3297 4579 3414 4658 ipse
3438 4596 3526 4658 ge-

1959 4648 2154 4709 stavit;
2182 4645 2340 4714 cujus
2357 4648 2561 4699 unione
2578 4659 2641 4698 ae
2662 4645 2894 4700 mirabili
2920 4645 3132 4699 textura
3156 4661 3277 4701 cum
3302 4645 3522 4711 deitate,

1959 4715 2101 4771 facta
2133 4723 2216 4771 est
2238 4717 2556 4770 oeconomia:
2581 4716 2670 4770 illa
2698 4715 2802 4771 tela
2839 4730 2900 4769 ac
2937 4715 3139 4770 tunica.

2031 4786 2140 4854 (12)
2182 4784 2661 4856 Incircumscripte.
2716 4785 2924 4841 [labent
2969 4794 3282 4844 constanter
3308 4788 3524 4847 codices

1959 4856 2418 4927 ἀπεριγράπτως·
2468 4855 2590 4927 qua:
2612 4871 2715 4911 vox
2740 4857 2793 4910 in
2816 4855 3058 4924 subjccm
3085 4859 3308 4914 materia
3335 4858 3523 4913 admo-

1958 4927 2088 4981 dum
2113 4927 2422 4982 communis
2466 4937 2582 4994 est;
2617 4943 2717 4981 nec
2762 4927 2917 4981 video
2945 4937 3002 4980 ut
3031 4928 3316 4983 debuerint
3355 4929 3524 4982 inter-

1959 5005 2140 5068 pretes
2191 4996 2458 5068 adjectivo
2512 4996 2774 5060 reddere,
2828 5005 3084 5068 tanquam
3121 5009 3276 5068 _esset
3328 4999 3524 5068 ἀπερί-

1957 5066 2231 5138 γραπτος·
2263 5067 2344 5121 vel
2395 5068 2708 5122 adverbium
2743 5066 2948 5138 _minus
2989 5066 3316 5135 quadraret.
3375 5066 3519 5134 qu‘dd

1958 5135 2125 5191 unum
2160 5146 2338 5192 tamen
2371 5138 2600 5192 maxime
2616 5135 2864 5206 quadrat,
2885 5144 2942 5189 ut
2957 5144 3011 5190 et
3037 5138 3196 5206 paulo
3219 5137 3446 5194 inferius
3462 5141 3524 5190 τὸ

1957 5206 2286 5294 ἑφθάρτως·
2315 5221 2383 5262 ex
2437 5204 3016 5294 quonmaie_G§jarlitm,
3039 5204 3193 5294 ‘t‘este
3232 5207 3523 5263 Anastasio

1959 5277 2054 5332 lib.
2108 5275 2327 5346 'Udnr,
2360 5275 2493 5346 cap.
2522 5275 2587 5329 10
2633 5276 2735 5331 sibi
2769 5275 3039 5346 ἄφθαρτος
3075 5275 3336 5339 fecerant,
3367 5287 3426 5332 ut
3456 5294 3523 5332 eo

1958 5347 2251 5418 probarent
2280 5345 2499 5418 Christi
2536 5345 2696 5418 etiam
2735 5345 2986 5418 corporis
3031 5346 3518 5418 incorruptionem,

1959 5414 2080 5472 cum
2134 5416 2362 5470 Proelns
2419 5415 2595 5470 solum
2635 5414 2878 5484 designet
2924 5414 3142 5469 modum
3193 5414 3516 5473 nativitatis.

1959 5486 2113 5560 Quod
2147 5486 2287 5560 ejus
2319 5486 2439 5560 ioco
2479 5485 2679 5560 habent
2713 5483 2872 5560 unedo
2926 5486 3166 5560 codices,
3201 5489 3518 5560 ἀφράστως,

1961 5573 2053 5627 per
2100 5555 2429 5629 imperitiam
2470 5555 2700 5629 irrepsit
2758 5555 3335 5626 autiqnariorumfct
3390 5559 3520 5629 quia

1961 5624 2201 5698 proximo
2225 5625 2558 5696 prrecedebat
2582 5626 2639 5678 τὸ
2666 5624 2958 5697 ἄφραστον.

3126 5792 3200 5852 .22
