4054 6198
276 302 387 360 635

1339 282 1596 365 ennio
1639 307 1725 362 os
1764 306 2114 364 LAUDIBUS
2153 308 2211 363 ε.
2255 306 2515 364 male

3412 315 3518 374 686

274 436 395 483 πος,
452 418 531 482 ὡς
585 420 933 492 πιστεύομεν.
972 424 1085 480 Οὐκ
1140 425 1423 498 ἄνθρωπον
1482 427 1850 483 ἀποθεωθέντα

1959 428 2150 482 evasit.
2199 427 2374 481 Absit.
2428 426 2531 482 Sed
2562 425 2702 480 Deus
2736 440 2857 483 cum
2897 438 3061 494 esset,
3096 440 3157 485 ut
3183 429 3343 486 docet
3364 430 3521 493 fides.

274 514 656 587 κηρύττομεν.
711 516 847 573 ἀλλὰ
897 518 1029 573 Θεὸν
1074 523 1423 593 σαρκωοέντα
1464 521 1851 595 ὁμολογοῦμεν.

212 635 223 648 ι
271 607 391 678 Τὴν
411 605 617 661 οἰκείαν
635 605 827 678 δούλην
866 608 1214 680 ἐπεγράψατο
1238 612 1468 683 μητέρα,
1490 614 1517 664 ὁ
1533 614 1652 667 κατ’
1668 612 1857 666 οὐσίαν

273 702 534 772 ἀμήτωρ,
563 700 656 755 καὶ
699 702 818 754 κατ’
851 704 1159 774 οἰκονομίαν
1189 705 1282 759 ἐπὶ
1314 705 1417 775 γῆς
1438 705 1698 776 ἀπάτωρ·
1733 705 1857 759 ἐπεὶ

276 792 401 855 πῶς
423 794 452 846 ὁ
482 790 642 856 αὐτὸς
673 793 813 847 κατά
845 792 1079 859 Παῦλον,
1102 794 1339 866 ἀμήτωρ
1364 796 1463 851 καί
1488 796 1766 869 alterum;
1791 799 1855 852 Εί

276 882 431 953 ψιλὸς
458 882 761 954 ἄνθρωπος,
802 884 902 941 οὑκ
941 886 1172 959 ἀμήτωρ
1193 905 1207 918 ·
1242 886 1354 958 ἔχει
1381 887 1491 960 γὰρ
1521 888 1731 959 μητέρα
1752 904 1769 920 ·
1804 890 1853 943 εί

278 972 481 1043 γυμνὸς
519 971 674 1037 Θεὸς,
718 973 820 1027 οὐκ
863 974 1093 1049 ἀπάτωρ
1117 991 1129 1005 ·
1167 975 1279 1047 ἔχει
1317 975 1425 1046 γὰρ
1463 978 1678 1050 πατέρα
1706 996 1719 1010 ·
1756 977 1854 1035 νῦν

276 1064 333 1119 δὲ
357 1065 386 1117 ὁ
435 1064 621 1128 αὐτὸς,
650 1065 884 1139 ἀμήτωρ
917 1066 1037 1136 μὲν,
1080 1067 1158 1131 ὡς
1200 1067 1447 1140 πλάστης
1470 1110 1486 1132 ,
1513 1069 1744 1139 ἀπάτωρ
1770 1069 1850 1133 δὲ,

279 1155 355 1219 ὡς
384 1154 481 1209 ἄνθ
490 1173 693 1227 ρωπος.

1960 518 2334 574 misericordia
2369 529 2569 580 motus,
2613 518 2789 577 factus
2819 529 2903 577 est
2955 522 3139 578 homo.
3180 521 3299 578 Non
3330 526 3526 595 praedi-

1957 624 2150 665 camus
2170 610 2443 666 hominem
2474 610 2807 679 deificatum,
2843 612 2939 669 sed
2975 613 3142 670 Deum
3182 614 3528 672 incarnatum

1957 702 2300 760 confitemur.
2362 703 2631 759 Ancillam
2674 720 2828 761 suam
2866 705 2923 759 in
2956 713 3186 762 matrem
3215 708 3433 774 ascivit,
3478 707 3531 766 is

1955 794 2049 865 qui
2087 809 2183 865 per
2215 803 2462 849 naturam
2500 804 2725 851 matrem
2766 796 2979 862 nescit,
3022 797 3224 868 quique
3250 800 3529 857 nihilomi-

1959 902 2066 942 nus
2092 887 2390 943 secundum
2421 888 2783 949 meonomiam
2806 889 2861 943 in
2888 899 3029 944 terra
3054 890 3172 946 sine
3197 900 3349 961 patre
3380 892 3526 949 easi-

1959 976 2073 1033 stit.
2122 977 2341 1049 Alioqui
2405 977 2678 1049 quomodo
2731 980 2872 1034 idem
2908 979 3024 1051 ipse
3074 979 3301 1036 doctore
3337 980 3525 1045 Paulo,

1959 1067 2072 1123 sine
2106 1078 2281 1136 patre,
2302 1078 2351 1123 et
2385 1069 2500 1123 sine
2522 1077 2690 1124 matre
2718 1070 2762 1102 ⁸⁸
2785 1068 2809 1122 ?
2831 1067 2888 1123 Si
2915 1077 2999 1126 est
3021 1085 3191 1140 purus
3212 1070 3397 1135 homo,
3421 1087 3528 1131 non

1956 1171 2043 1216 est
2071 1162 2190 1218 sine
2240 1172 2436 1227 matre,
2465 1171 2694 1218 matrem
2722 1163 2867 1218 enim
2888 1162 3087 1219 habet:
3127 1163 3175 1220 si
3224 1172 3311 1221 est
3353 1164 3533 1220 nudus

270 1246 439 1312 Deus,
468 1264 580 1304 non
612 1257 699 1309 est
727 1250 847 1309 sine
890 1260 1045 1322 patre
1086 1272 1099 1307 :
1131 1253 1292 1311 habet
1331 1255 1478 1310 enim
1521 1263 1749 1324 patrem.
1785 1256 1855 1310 At
1892 1271 2059 1319 nunc,
2095 1272 2237 1312 unus
2269 1255 2520 1326 idemque
2541 1257 2659 1312 sine
2690 1264 2863 1313 matre
2915 1258 3136 1329 quidem
3188 1268 3297 1326 est,
3328 1269 3388 1315 ut
3420 1260 3533 1332 pla-

267 1353 419 1409 stes;
445 1347 566 1401 sine
594 1356 751 1418 patre
779 1365 931 1411 vero,
960 1358 1019 1403 ut
1036 1350 1265 1421 plasma.

344 1439 421 1495 E'.
456 1441 760 1511 Αίδέσθητι,
792 1437 837 1496 ὧ
870 1444 1143 1517 ἄνθρωπε,
1182 1442 1284 1500 κᾶν
1315 1445 1416 1516 τὴν
1441 1444 1536 1499 τοῦ
1573 1445 1850 1519 ἀρχαγγέ-

2029 1437 2092 1493 V.
2117 1437 2384 1495 Reverere
2410 1439 2625 1505 saltem,
2648 1455 2683 1495 ο
2725 1439 2911 1505 homo,
2947 1443 3258 1513 archangeli
3290 1445 3531 1516 appella-

263 1534 363 1588 λου
384 1534 758 1604 προσηγορίαν
774 1550 787 1563 ’
810 1536 839 1589 ὀ
859 1535 966 1606 γὰρ
988 1536 1087 1608 τὴν
1102 1536 1320 1609 Μαρίαν
1339 1536 1850 1610 εύαγγελισάμενος,

1958 1532 2182 1587 tionem.
2206 1530 2259 1588 Is
2288 1546 2523 1604 namque
2550 1533 2641 1604 qui
2673 1534 2852 1589 laetum
2893 1534 3042 1590 illum
3073 1537 3324 1591 nuntium
3347 1537 3532 1594 Mariae

266 1624 518 1696 Γαϐριὴλ
556 1624 805 1694 ἐλέγετο·
835 1625 886 1678 τί
926 1626 983 1680 δὲ
1027 1626 1388 1699 ἑρμηνεύεται
1420 1627 1850 1701 Γαὸριήλ;Μάθε

1957 1623 2170 1690 detulit,
2193 1623 2411 1680 Gabriel
2435 1627 2756 1681 vocabatur.
2787 1625 2927 1694 Quid
2961 1642 3089 1682 vero
3123 1626 3339 1684 Gabriel
3363 1629 3530 1685 inter-

265 1715 533 1781 ἀκούσας,
561 1717 644 1770 ὅτι
674 1716 821 1783 Θεὸς
833 1717 931 1771 καὶ
962 1717 1292 1786 ἅνθρωπος.
1341 1719 1495 1773 Ἐπεὶ
1523 1719 1634 1789 γὰρ
1652 1721 1684 1773 ὁ
1721 1722 1850 1793 παρ’

1956 1716 2224 1787 preteris?
2251 1718 2446 1789 Arrige
2474 1733 2636 1774 aures
2657 1725 2712 1775 et
2735 1719 2918 1776 disce:
2953 1719 3093 1781 Deus
3127 1729 3179 1775 et
3207 1720 3361 1775 homo
3388 1722 3436 1793 (l
3448 1723 3525 1791 9).

267 1803 438 1859 αύτοῦ
485 1805 969 1876 εὐαγγελιζόμενος
1019 1805 1152 1871 Θεός
1201 1808 1317 1861 ἐστι
1380 1807 1473 1861 καὶ
1525 1807 1809 1879 ἄνθρωπος
1832 1849 1848 1870 ,

269 1890 638 1969 προέλαϐενῆ
667 1898 1008 1970 προσηγορία
1046 1898 1108 1953 τὸ
1154 1898 1358 1969 θαῦμα,
1397 1900 1484 1953 ἵνα
1511 1899 1850 1973 πιστώσηται

266 1991 373 2061 τὴν
402 1988 737 2061 οἰκονομίαν.
762 1989 918 2044 Μάθε
943 1976 1157 2062 πρῶτον
1175 1992 1275 2063 τὴν
1295 1993 1606 2063 οίκονομίαν
1630 1993 1726 2048 καὶ
1753 1993 1850 2065 τὴν

270 2081 453 2137 αἰτίαν
483 2083 583 2155 τῆς
616 2083 939 2156 παρουσίας,
979 2084 1073 2137 καὶ
1098 2084 1218 2138 τότε
1248 2084 1469 2150 δόξασον
1495 2085 1599 2157 τὴν.
1625 2086 1851 2159 δύναμιν

270 2175 371 2230 τοῦ
397 2175 791 2249 σαρκωθέντος,
814 2174 1001 2248 ἐπειδὴ
1032 2175 1201 2230 πολλὰ
1228 2176 1456 2247 ὠφειλεν
1485 2178 1543 2245 ἐξ
1569 2178 1851 2252 ἁμαρτιῶν

273 2269 310 2340 ἡ
332 2267 440 2322 τῶν
469 2268 775 2339 ἀνθρώπιον
809 2267 990 2338 φύσις,
1043 2267 1139 2320 καὶ
1176 2267 1372 2339 ἠπόρει
1406 2268 1543 2340 πρὸς
1576 2269 1640 2323 τὸ
1668 2269 1849 2342 χρέος.

271 2361 377 2418 Διά
395 2363 507 2435 γὰρ
540 2361 633 2416 τοῦ
672 2361 845 2433 ’,Αδὲιμ
871 2362 1068 2424 πάντες
1099 2363 1167 2432 τῇ
1185 2361 1432 2433 ἁμαρτίᾳ
1457 2364 1854 2436 ὲχειρογραφή-

274 2472 452 2527 σαμεν
470 2472 485 2486 ·
520 2454 739 2518 δούλοος
769 2455 919 2525 ἡμᾶς
951 2456 1203 2525 κατεῖχεν
1235 2456 1263 2507 ὁ
1284 2453 1557 2519 διάϐολος·
1581 2456 1681 2519 τὰς
1709 2456 1852 2521 ὠνὰς

270 2548 434 2620 ἡμῶν
464 2547 754 2620 περιέφερε
773 2547 908 2618 (15),
935 2547 1108 2619 χάρτῃ
1141 2548 1481 2619 κεχρημένος
1507 2548 1586 2621 τῷ
1611 2550 1852 2604 πολυπα-

274 2645 361 2700 Osi
393 2643 551 2715 ἡμῶν
575 2642 789 2714 σώματι
808 2643 1082 2713 ἐἱστήκει
1109 2645 1138 2696 ὁ
1162 2644 1332 2707 κακὸς
1364 2640 1467 2696 τῶν
1500 2643 1690 2697 παθῶν
1715 2644 1852 2696 πλα-

277 2736 603 2808 στογράφος,
645 2735 903 2790 ἐπισείων
952 2734 1111 2807 ἡμῶν
1145 2735 1206 2787 τὸ
1253 2737 1434 2807 χρέος,
1462 2738 1556 2789 καὶ
1606 2736 1851 2790 ἁπαιτῶν

273 2828 422 2897 ἡμᾶς
457 2826 554 2898 τὴν
585 2826 763 2897 δίκην.
793 2826 939 2879 Ἔδει
964 2824 1142 2887 τοίνυν
1166 2823 1312 2878 δυοῖν
1343 2823 1567 2898 θάτερον
1587 2826 1653 2895 ’ἢ
1688 2829 1851 2880 πᾶσιν

272 2920 584 2991 ἐπαχθῆναι
610 2920 701 2975 τὸν
728 2921 792 2974 ὲκ
810 2919 915 2990 τῆς
942 2917 1235 2990 καταδίκης
1263 2916 1512 2981 θάνατον,
1542 2918 1729 2989 ἐπειδὴ
1758 2919 1852 2971 καὶ

274 3013 482 3076 πάντες
525 3014 803 3085 ἥμαρτον·
830 3011 864 3083 ἢ
906 3011 1146 3065 τοιοῦτον
1168 3010 1387 3083 δοθῆναι
1417 3012 1555 3083 πρὸς
1587 3012 1851 3067 ἀντίδοσιν

1953 1807 2089 1875 Quia
2127 1809 2309 1881 itaque
2338 1811 2429 1866 ille
2479 1826 2641 1882 quem
2701 1813 3088 1878 annuntiabat,
3129 1812 3271 1869 Deus
3308 1823 3428 1871 erat
3460 1831 3526 1870 ac

1950 1898 2114 1954 homo
2138 1916 2151 1964 ;
2176 1916 2284 1970 quo
2320 1900 2536 1957 facilius
2571 1902 3032 1972 dispensationem
3056 1903 3405 1974 persuadeat,
3444 1905 3525 1961 rei

1952 1990 2279 2045 miraculum
2325 1992 2564 2051 nominis
2621 1994 2901 2051 notatione
2922 1997 3205 2068 anticipat.
3226 1997 3382 2053 Disce
3408 2000 3526 2068 pri-

1951 2082 2473 2138 mummconomiam
2495 2099 2559 2140 ac
2581 2099 2804 2142 causam
2832 2087 3097 2145 adventus
3116 2133 3130 2155 ,
3153 2099 3377 2161 tumque
3396 2092 3518 2160 ejus

1950 2174 2043 2243 qui
2067 2182 2151 2229 est
2186 2173 2519 2238 incarnatus,
2543 2176 2837 2245 potentiam
2869 2177 3122 2234 laudibus
3149 2179 3348 2239 evelle,
3388 2192 3526 2248 quo-

1950 2266 2098 2321 niam
2155 2266 2455 2322 humanum
2508 2283 2680 2340 genus
2720 2270 2868 2341 gravi
2931 2284 2996 2326 ex
3045 2272 3282 2342 peccatis
3342 2270 3525 2325 debito

1950 2358 2273 2417 obstrictum
2321 2367 2458 2420 erat.
2502 2361 2758 2432 nu'laque
2794 2360 3036 2421 debitum
3070 2363 3281 2418 ratione
3320 2363 3527 2435 depen-

1950 2451 2080 2507 dere
2139 2459 2366 2522 poterat.
2424 2452 2528 2508 Per
2571 2453 2833 2508 Adamum
2888 2453 3031 2509 enim
3072 2469 3263 2511 omnes
3317 2456 3526 2526 peccati

1952 2543 2460 2615 subscripseramus
2479 2543 2846 2616 chirographo
2877 2565 2889 2600 :
2916 2560 3105 2602 servos
3136 2562 3237 2602 nos
3275 2546 3528 2603 diabolus

1953 2634 2204 2700 tenebat;
2237 2636 2427 2692 multis
2446 2635 2684 2692 obnoxio
2701 2638 3050 2709 passionibus
3083 2647 3274 2695 nostro
3299 2653 3529 2710 corpore

1952 2744 2051 2783 ceu
2093 2728 2283 2783 charta
2305 2744 2462 2792 usus,
2494 2730 2792 2799 emptionis
2832 2731 3023 2787 titulos
3054 2730 3479 2787 circumferebat
3510 2749 3527 2787 :

1953 2830 2105 2878 stans
2135 2822 2314 2877 malus
2346 2822 2437 2876 ille
2472 2820 2726 2876 falsarius
2770 2822 3029 2876 vitiorum
3068 2823 3529 2877 commentarien-

1954 2914 2051 2975 sis,
2075 2912 2316 2969 debitum
2340 2913 2411 2966 ob
2440 2912 2630 2968 oculos
2676 2912 2933 2983 ponebat.
2975 2926 3186 2981 nosque
3208 2912 3275 2966 ad
3309 2912 3522 2981 suppli-

1953 3007 2097 3057 cium
2121 3000 2465 3071 deposcebat.
2503 3000 2742 3056 Duorum
2804 3002 2986 3072 itaque
3034 3001 3262 3056 alterum
3300 3015 3531 3056 necesse

273 3110 514 3180 τίμημα,
557 3107 586 3161 δ
633 3108 741 3161 πᾶν
791 3106 871 3177 τῷ
919 3105 1072 3178 χρέει
1114 3105 1328 3177 ὑπῆρχε
1386 3105 1661 3178 δικαίωμα
1717 3106 1850 3175 πρὸς

1955 3102 2093 3154 erat.
2150 3102 2245 3148 aut
2288 3102 2516 3149 mortem
2549 3092 2898 3148 damnatione
2939 3092 3212 3149 decretam
3256 3091 3528 3147 universis

276 3202 631 3275 παραίτησιν.
670 3199 986 3272 ’Ἄνθρωπος
1014 3198 1113 3271 μὲν
1136 3195 1230 3255 οὖν
1260 3198 1433 3253 σῶσαι
1470 3198 1569 3253 οὐκ
1599 3197 1844 3268 ἠδύνατο·

276 3297 535 3351 ὑπέκειτο
560 3294 668 3369 γὰρ
709 3294 859 3366 χρίει
900 3295 1002 3365 τῆς
1027 3291 1299 3364 ἁμαρτίας
1318 3304 1334 3321 ⁸
1365 3291 1595 3361 ἄγγελος
1624 3292 1681 3345 δὲ
1724 3290 1848 3358 ἑξα-

274 3384 615 3458 γοράσασθαι
646 3384 744 3454 τὴν
786 3382 1182 3454 ἀνθρωπύτητα
1231 3380 1330 3433 οὐκ
1384 3380 1565 3450 ἴσχυεν
1590 3396 1603 3409 ·
1651 3378 1850 3450 ἠπόρει

273 3478 386 3550 γὰρ
414 3476 510 3530 τοῦ
538 3474 780 3531 τοιούτου
805 3472 1002 3544 λύτρου
1023 3488 1036 3502 ·
1066 3471 1252 3525 λοιπὸν
1291 3466 1384 3525 οὖν
1408 3473 1438 3524 ὁ
1471 3469 1853 3541 ἀναμάρτητος

272 3570 411 3634 θεὸς
466 3568 606 3641 ὑπὲρ
648 3566 756 3621 τῶν
800 3564 1197 3637 ἡμαρτηκότων
1254 3558 1545 3616 ἀποθανεῖν
1598 3559 1849 3629 ὤφειλεν.

273 3663 425 3735 Αὕτη
454 3661 821 3734 γὰρκὲλείπετο
843 3657 936 3712 τοῦ
969 3654 1138 3712 κακοῦ
1160 3656 1310 3719 λύσις
1328 3652 1468 3724 μθ).

1956 3185 2165 3250 inferri,
2194 3184 2412 3256 quando
2431 3184 2593 3239 etiam
2617 3199 2808 3241 omnes
2839 3190 3201 3255 peccaverant
3233 3201 3247 3237 :
3280 3190 3375 3238 aut
3403 3197 3529 3254 pre-

1954 3279 2094 3332 tium
2124 3276 2394 3348 eiusmodi
2428 3276 2483 3330 in
2528 3289 2703 3345 paenae
2746 3275 3123 3347 repensionem
3161 3274 3345 3345 pendi,
3382 3271 3528 3344 quod

1958 3371 2215 3427 universo
2241 3369 2593 3440 debitojuste
2622 3367 2692 3423 ad
2728 3369 2988 3424 amussim
3033 3367 3408 3439 responderet.
3434 3368 3533 3422 At-

1957 3463 2048 3535 qui
2089 3463 2251 3517 bomo
2304 3460 2543 3533 quidem,
2576 3460 2718 3531 quod
2748 3461 2955 3530 peccati
2982 3459 3166 3516 debito
3199 3460 3529 3530 subiaceret,

1958 3556 2173 3612 salvare
2201 3555 2391 3625 utique
2416 3567 2523 3607 non
2559 3560 2788 3623 poterat.
2812 3551 3049 3622 Angelus
3079 3567 3206 3607 vero
3229 3550 3528 3606 humanum

1961 3649 2140 3719 ipsum
2168 3663 2341 3717 genus
2369 3659 2477 3700 non
2528 3645 2743 3699 valebat
2780 3643 3048 3699 redimere
3076 3660 3090 3699 :
3117 3658 3224 3698 non
3263 3642 3406 3699 enim
3441 3643 3530 3697 in-

273 3771 413 3827 gens
439 3754 575 3808 adeo
636 3748 1024 3821 redemptionis
1063 3748 1297 3818 pretium
1346 3744 1708 3817 suppetebat;
1774 3743 2042 3813 reliquum
2078 3740 2207 3811 ergo
2262 3746 2401 3802 erat,
2450 3745 2508 3797 ut
2557 3736 2611 3790 in
2660 3752 2820 3808 quem
2861 3744 3144 3806 peccatum
3186 3750 3294 3791 non
3357 3738 3528 3803 cadit,

274 3854 424 3908 Deus
454 3867 553 3922 pro
587 3848 961 3921 peccatoribus
1010 3854 1333 3901 moreretur.
1370 3843 1495 3898 Haec
1542 3843 1688 3897 enim
1719 3838 1846 3894 mali
1877 3839 2037 3893 unica
2065 3843 2308 3891 restabat
2336 3834 2556 3890 solutio.

350 3949 438 4014 ς’.
473 3944 537 3999 Τί
561 3939 684 4008 οὗνς
720 3940 882 4004 αὐτὸς
914 3941 943 3993 ὁ
977 3939 1157 3993 πᾶσαν
1182 3939 1344 4007 φύσιν
1376 3938 1440 3989 ἐκ
1470 3936 1543 4007 μὴ
1568 3935 1737 3988 ὄντων
1770 3934 1850 3995 εἰς

270 4040 339 4095 τὸ
384 4035 523 4092 εἶναι
564 4033 920 4108 παραγαγὼν,
964 4034 994 4085 ὸ
1041 4031 1205 4103 μηδὲν
1264 4030 1401 4101 πρὸς
1448 4026 1693 4099 παροχὴν
1720 4026 1853 4079 ἁπο-

276 4132 392 4204 ρῶν
407 4130 457 4201 (1
470 4131 543 4193 7l,
557 4127 743 4198 ἐξεῦρε
760 4128 870 4188 τοῖς
890 4122 1237 4194 κατακρίτοις
1257 4121 1400 4192 ζωὴν
1416 4117 1851 4189 ἀσφαλεστάτην,

273 4224 378 4279 καὶ
422 4220 500 4292 τῷ
531 4219 746 4288 θανάτῳ
777 4215 930 4269 λύσιν
968 4214 1438 4285 εὐπρεπεστάτην.
1491 4210 1603 4265 Καὶ
1644 4210 1852 4279 γίνεται

2026 3928 2112 3985 Vl.
2137 3927 2275 3996 Quid
2305 3927 2472 3999 ergo?
2500 3926 2590 3981 Ille
2630 3926 2749 3996 ipse
2775 3925 2869 3996 qui
2918 3934 3164 3979 naturam
3215 3924 3523 3981 universam

1953 4035 2018 4076 ex
2039 4020 2233 4085 nihilo,
2265 4025 2324 4074 ut
2353 4025 2520 4084 esset,
2551 4017 2825 4080 ellecerat,
2870 4015 3070 4085 cuique
3113 4014 3262 4069 nulla
3308 4015 3373 4070 ad
3407 4031 3529 4073 ero-

1952 4110 2188 4180 gandum
2229 4109 2415 4166 deerat
2463 4107 2715 4171 facultas,
2762 4104 2924 4161 morti
2978 4120 3041 4160 ac
3081 4104 3524 4162 condemnationi

1955 4200 2213 4266 addictis,
2261 4200 2590 4257 tutissimam
2643 4199 2809 4253 vitam
2869 4198 3177 4264 adinvenit,
3223 4199 3526 4271 mortisque

267 4289 571 4385 ἄνθρωπος
597 4312 665 4363 ἐκ
703 4306 1004 4380 Παρθένου,
1033 4304 1108 4368 ὡς
1132 4300 1287 4358 ῖοῖδεν
1329 4301 1490 4365 αὐτός
1508 4318 1522 4333 ·
1548 4300 1714 4370 λόγος
1744 4300 1850 4372 γὰρ

1958 4294 2280 4351 solutionem
2333 4292 2795 4348 decentissimam.
2834 4289 2918 4344 Fit
2966 4291 3223 4345 nimirum
3264 4290 3427 4347 homo
3456 4307 3526 4347 ex

1961 4386 2049 4404 ‘09,-
2080 4386 2172 4404 για-
2239 4383 2393 4404 ..λᾼΑΙΑ
2450 4384 2489 4404 -1
2537 4391 2758 4404 ---μ---1-
2793 4399 2805 4404 -
2846 4382 2988 4404 ..--ΙΙ..
3037 4381 3173 4404 --_2_..
3214 4383 3381 4404 -_-.!_
3423 4383 3492 4404 ,με

263 4403 620 4480 ἑρμηνεῦσαι
641 4403 703 4456 τὸ
731 4399 915 4471 θαῦμα
943 4399 1001 4452 οὐ
1035 4397 1259 4452 δύναται
1283 4411 1297 4425 ·
1340 4397 1433 4450 καὶ
1461 4394 1793 4465 ἀποθνήσκει
1821 4393 1850 4445 ὃ

262 4500 500 4570 ἐγένετο
518 4514 529 4529 ·
563 4495 658 4551 καὶ
685 4492 970 4566 λυτροῦται
1007 4490 1035 4547 ὃ
1066 4490 1298 4563 ὑπῆρχε,
1329 4490 1470 4544 κατὰ
1501 4489 1594 4542 τὸν
1621 4488 1849 4557 λέγοντα

264 4591 510 4650 Παῦλον·
541 4591 643 4645 Ἐν
654 4581 704 4655 ᾧ
716 4587 934 4658 ἔχομεν
948 4584 1061 4653 τὴν
1079 4583 1499 4651 ἀπολύτρωσιν
1516 4580 1610 4635 διὰ
1630 4580 1734 4634 τοῦ
1758 4580 1819 4633 αἵ
1830 4612 1847 4621 -

264 4699 466 4754 ματος
503 4679 708 4743 αὐτοῦ,
744 4677 859 4744 τὴν
901 4677 1120 4747 ἄφεσιν
1167 4672 1289 4727 τῶν
1340 4669 1846 4740 παραπτωμάτων.

266 4776 345 4829 Ὦ
368 4772 475 4826 τῶν
492 4771 739 4843 μεγάλων
764 4768 1128 4840 πραγμάτωνί
1161 4764 1339 4828 ἄλλοις
1362 4764 1851 4835 ἐπραγματεύσατο

277 4864 341 4918 τὸ
391 4861 682 4915 ἀθάνατον·
735 4857 897 4920 αὐτὸς
950 4856 1059 4927 γὰρ
1113 4854 1324 4925 ὑπῆρχε
1399 4851 1663 4915 ἀθάνατος
1716 4850 1847 4921 (18).

265 4951 533 5016 Τοιοῦτος
570 4950 678 5021 γὰρ
704 4948 862 5012 ἄλλος
909 4947 1029 5002 κατ’
1071 4942 1383 5016 οἰκονομίαν
1430 4941 1552 4996 οὔτε
1604 4942 1846 5011 γέγονεν,

263 5047 402 5103 οὔτε
434 5041 523 5118 ἦν,
554 5043 678 5098 οὔτε
710 5042 863 5096 ἔσται
888 5040 1036 5103 ποτὲ,
1064 5039 1105 5110 ἦ,
1132 5037 1288 5109 μόνος
1314 5035 1345 5088 ὁ
1377 5036 1442 5089 ὲκ
1456 5033 1730 5104 Παρθένου
1756 5051 1848 5086 τε-

260 5142 432 5207 χθεὶς
486 5138 619 5203 Θεὸς
663 5137 759 5191 καὶ
798 5133 1110 5203 ἄνθρωπος·
1159 5132 1258 5185 οὐκ
1298 5127 1848 5185 ἀντιταλαντιύουσαν

350 5299 398 5333 ⁸⁸
435 5296 600 5354 Hebr.
630 5296 804 5357 vn,5.
883 5292 924 5324 "
963 5289 1162 5361 Ephes.
1200 5304 1237 5352 ι,
1277 5287 1328 5343 7.

346 5410 464 5481 (l5)
495 5410 578 5465 Al.
596 5409 885 5481 προέφερε.

374 5479 465 5550 l6)
500 5480 585 5536 Al.
612 5479 904 5550 λύτρωσις.

378 5542 463 5617 17)
494 5551 576 5605 Al.
607 5542 651 5618 ᾧ
685 5542 744 5621 μ’.
769 5549 1001 5621 ἀπορον.

374 5612 462 5693 ιε)
488 5612 636 5678 Maz:
662 5612 826 5693 ᾱύῖδς
850 5612 1312 5693 μάντές-ἒδπέρλ⁰³²’
1796 5681 1808 5692 ’

375 5680 464 5766 1θῇ
501 5693 633 5766 Deus
660 5700 708 5744 et
737 5680 909 5740 Iconio.
945 5685 1047 5766 Alii
1074 5680 1217 5737 aliud
1244 5680 1842 5766 ‘etxntumjll'i'us‘vocjis

278 5748 474 5822 afferre
521 5764 720 5824 solent,
778 5772 841 5815 ac
881 5755 1172 5829 prmcipue,
1205 5760 1263 5808 ut
1300 5748 1518 5807 Gabriel
1557 5748 1840 5804 Fortitudo

1950 4386 2197 4456 Virgine,
2238 4383 2400 4438 modo
2445 4384 2492 4438 ei
2537 4391 2807 4452 pernoto;
2845 4382 2991 4436 nulla
3033 4381 3176 4437 enim
3209 4383 3386 4438 oratio
3422 4383 3525 4436 mi-

1958 4479 2202 4532 raculum
2258 4477 2361 4531 hoc
2416 4478 2632 4544 assequi
2688 4475 2897 4538 valeat;
2954 4474 3330 4546 moriturque,
3378 4476 3523 4545 quod

1959 4572 2134 4627 factus
2160 4580 2308 4637 erat;
2335 4570 2551 4626 redimit
2578 4585 2723 4633 vero,
2756 4568 2899 4639 quod
2919 4575 3036 4622 erat
3055 4608 3069 4633 ,
3093 4568 3248 4638 juxta
3277 4568 3420 4639 quod
3449 4568 3526 4621 ait

1956 4664 2159 4719 Paulus
2198 4682 2211 4718 :
2250 4661 2315 4717 In
2341 4680 2441 4733 quo
2481 4662 2727 4717 habemus
2766 4661 3167 4730 redemptionem
3187 4675 3279 4728 per
3309 4660 3525 4730 sangui-

1958 4774 2072 4811 nem
2096 4757 2283 4826 ipsius,
2338 4755 2695 4809 remissionem
2742 4763 3073 4823 peccatorum
3113 4753 3175 4806 ³⁷.
3208 4750 3262 4808 0
3306 4752 3520 4815 miram,

1952 4863 2313 4919 magnamque
2346 4848 2486 4901 rem!
2521 4847 2983 4901 lmmortalitatem
3025 4845 3149 4900 aliis
3189 4842 3517 4907 conciliavit,

1953 4948 2117 5011 atque
2158 4941 2411 5011 peperit:
2450 4939 2653 5010 quippe
2701 4940 2794 5009 qui
2836 4939 2952 5008 ipse
3003 4936 3327 4991 immortalis
3375 4941 3517 4989 erat;

1951 5033 2123 5090 Nemo
2159 5036 2303 5090 enim
2362 5035 2652 5103 quisquam
2682 5034 2806 5088 talis
2850 5034 3060 5087 ratione
3100 5028 3517 5091 incarnationis.

1951 5128 2031 5181 vel
2064 5127 2183 5192 fuit,
2220 5128 2300 5183 vel
2335 5136 2474 5194 crat,
2526 5128 2607 5181 vel
2650 5136 2732 5181 est
2766 5140 3004 5196 unquam
3051 5125 3284 5186 futurus,
3328 5114 3519 5192 praeter

1944 5393 2040 5449 Dei
2069 5393 2320 5455 dicatur;
2355 5390 2437 5446 vel
2463 5391 2626 5446 etiam
2669 5390 2825 5459 fortis
2858 5389 3040 5459 'Deus:
3063 5403 3137 5459 ea
3173 5386 3381 5457 pbrasi,
3404 5404 3511 5457 qua

1943 5465 2080 5535 psal.
2103 5480 2152 5535 _I,
2194 5462 2247 5525 1,
2278 5461 2499 5535 dicitur,
2533 5456 2728 5515 Beatus
2768 5460 2897 5535 ‘vir;
2935 5458 3026 5535 ubi
3063 5456 3319 5535 Hebraea
3344 5456 3509 5535 simili

1942 5527 2057 5590 iere
2096 5531 2269 5600 forma
2309 5531 2510 5586 habent
2558 5539 2723 5599 atque
2767 5530 2820 5583 in
2856 5528 3081 5600 nomine
3103 5527 3344 5600 Gabriel,
3378 5527 3509 5583 red-

1941 5597 2193 5686 duntque
2209 5600 2618 5686 llebraizantcs,
2636 5597 3009 5686 Vlfeatt'tu‘dine-s
3033 5599 3150 5686 τίετε.
3166 5597 3375 5657 Nomen
3386 5608 3507 5686 τι.

2087 5667 2097 5677 ι

1888 5680 1895 5683 ⁷
1941 5668 2112 5729 virtuti
2133 5681 2389 5743 potentem
2424 5671 2714 5742 signiﬁcat,
2753 5685 2819 5737 ac
2844 5668 3224 5739 fortitudinem.

2774 5878 2839 5886 .a.
