4034 6340
346 364 422 422 17
1419 370 1678 428 ORATIO
1716 372 1781 427 lN
1820 372 1929 428 DEI
1967 373 2493 432 APPARITIONEH.
3519 381 3596 443 18

354 477 614 532 ἁπάντων
668 477 973 547 ὁμολογίαν.
1031 480 1266 551 Χριστοῦ
1322 489 1624 556 παρουσία,
1676 488 1918 560 ἀληθινοῦ

2029 502 2108 547 est
2133 493 2417 557 adventus,
2441 492 2552 546 veri
2580 492 2800 550 luminis
2820 502 2904 550 est
2929 495 3235 566 praesentia.
3263 494 3462 551 Christi
3489 496 3611 554 ad-~

356 568 538 638 φωτὸς
562 569 845 659 ἐπιδημία.
875 572 1111 642 Χριστοῦ
1158 579 1444 648 παρουσία,
1471 580 1573 651 τῆς
1605 583 1918 653 οἰκουμένης

2029 591 2244 646 ventum
2272 585 2423 641 orbis
2472 585 2640 639 totius
2670 585 3014 643 beneﬁcium.
3039 586 3245 644 Christi
3284 589 3608 659 praesentia,

353 659 538 730 πάσης
578 658 886 730 εὐεργεσία.
938 661 1174 732 Χριστοῦ
1228 669 1533 737 παρουσία,
1579 671 1676 724 τοῦ
1726 672 1923 736 παντὸς

355 749 561 820 κόσμου
599 749 905 823 ἐλευθερία.
939 755 1174 827 Χριστὸς
1223 759 1561 831 ἀνυμνεῖται,
1590 763 1684 816 καὶ
1726 764 1929 834 κόσμος

350 842 660 909 ἁγιάζεται.
684 843 919 915 Χριστὸς
940 845 1288 918 κηρύττεται,
1311 852 1406 906 καὶ
1436 855 1469 924 ὴ
1499 855 1789 926 οἰκουμένη
1822 874 1929 926 φω-

348 933 591 999 τίζεται.
607 934 843 1005 Χριστὸς
869 938 1339 1008 περιαγγέλλεται,
1372 946 1466 998 καὶ
1492 948 1640 999 πᾶσα
1666 947 1813 1020 ψυχὴ
1835 950 1927 1003 τὸν

348 1026 601 1097 οὐράνιον
640 1024 805 1079 πόθον
836 1027 1413 1101 ἐνδύεται.Ἐγγυᾶταί
1447 1053 1549 1106 μου
1583 1036 1674 1091 τὸν
1705 1039 1860 1109 λόγον
1892 1043 1927 1111 ἡ

349 1116 523 1185 πεῖρα
542 1112 654 1167 τῶν
684 1116 1050 1187 πραγμάτων.
1079 1165 1083 1169 .

424 1206 498 1258 B’.
542 1205 684 1277 Ὅρα
723 1207 832 1279 γάρ
867 1225 958 1278 μοι
984 1209 1085 1282 τὴν
1108 1211 1388 1287 θεοπρεπῆ
1417 1215 1622 1290 ταύτην
1660 1220 1761 1289 τῆς
1802 1221 1924 1274 Ἐκ-

350 1295 584 1384 κλησίας
633 1297 986 1365 κατάστασιν,
1032 1302 1134 1374 ὅρα
1179 1304 1273 1358 τοῦ
1322 1308 1573 1377 οὐρανίου
1621 1311 1784 1364 πόθου
1827 1312 1926 1385 τὴν

350 1386 615 1441 ἄσϐεστον
638 1389 895 1459 λαμπάδα
918 1407 933 1423 ’
965 1393 1067 1464 ὅρα
1092 1394 1188 1448 τοῦ
1218 1395 1468 1466 σώματος
1484 1399 1584 1469 τὴν
1606 1399 1770 1468 φύσιν
1798 1420 1926 1456 συν-

350 1477 703 1548 ακμάζουσαν
753 1484 819 1555 τῇ
868 1481 973 1536 τῶν
1005 1486 1250 1554 ἀγγέλων
1277 1488 1924 1565 λειτουργίᾳ.Ἀνθρωποι

350 1566 461 1619 ἀπὸ
492 1567 596 1637 γῆς
622 1568 795 1636 ὄντες,
831 1573 925 1625 καὶ
947 1574 1052 1643 γῆν
1080 1575 1374 1643 οἰκοῦντες,
1403 1580 1496 1632 καὶ
1517 1581 1924 1655 ἀποστρεφόμε-

351 1673 459 1720 νοι,
488 1660 600 1721 τοῖς
622 1658 892 1729 οὐρανίοις
918 1663 1348 1733 συναμιλλῶνται
1368 1668 1572 1739 νόμοις.
1592 1672 1923 1744 Ἠρνήσαντο

349 1747 450 1837 τοῦ
488 1748 736 1820 σώματος
765 1752 863 1822 τὴν
886 1753 1066 1821 φύσιν,
1101 1756 1356 1824 ἐδέξαντο
1400 1759 1509 1814 τῶν
1550 1763 1794 1832 ἀγγέλων
1823 1767 1922 1837 τὴν

349 1836 724 1909 λειτουργίαν·
781 1841 1004 1913 τοιαύτη
1059 1843 1171 1915 γάρ
1217 1848 1251 1917 ἡ
1292 1848 1585 1919 Ἐκκλησία
1626 1851 1722 1906 τοῦ
1764 1836 1917 1908 Θεοῦ.

348 1927 703 1983 Πολιτεύεται
732 1931 832 2001 μὲν
852 1932 946 1986 ἐπὶ
972 1934 1073 2004 τῆς
1096 1935 1222 2005 γῆς,
1249 1937 1401 2004 τάξιν
1428 1939 1486 1994 δὲ
1511 1941 1627 2012 ἔχει
1655 1944 1921 2016 οὐρανίων

349 2021 688 2091 πραγμάτων
857 2025 922 2078 Τί
949 2025 1110 2097 ἔργον
1132 2030 1241 2083 τῶν
1274 2033 1331 2084 ἐν
1358 2034 1605 2105 οὐρανοῖς
1636 2037 1918 2106 ἀγγέλων;

346 2112 408 2164 τὸ
433 2110 513 2183 τῷ
545 2112 663 2185 Θεῷ
686 2112 1039 2188 λειτουργεῖν.
1065 2120 1129 2173 Τί
1157 2120 1319 2193 ἔργον
1340 2124 1449 2179 τῶν
1479 2128 1572 2179 ἐπὶ
1599 2129 1702 2201 γῆς
1722 2130 1917 2198 below;

345 2202 408 2256 τὸ
440 2204 535 2256 τὸν
565 2204 698 2257 Θεὸν
717 2203 1104 2278 ἀνυμνείν.Ὧν
1125 2213 1306 2268 τοίνυν
1337 2217 1597 2288 ὁμότιμος
1626 2221 1661 2292 ἡ
1689 2220 1923 2297 λειτουρ-

345 2294 461 2362 γία,
488 2295 751 2368 ὁμότιμος
776 2301 872 2354 καὶ
903 2303 937 2372 ή
962 2299 1107 2367 ἀξία.
1134 2305 1235 2359 Διά
1263 2307 1420 2361 τοῦτο
1449 2310 1479 2362 ὁ
1514 2314 1785 2385 μακάριος
1814 2294 1918 2370 Δα-

346 2386 435 2440 διδ
464 2390 564 2461 τὴν
596 2392 974 2463 πνευματικὴν
1011 2396 1446 2470 ἀνακρουόμενος
1479 2401 1667 2475 λύραν,
1701 2407 1797 2460 καὶ
1827 2407 1919 2462 τὸν

350 2483 614 2569 σωτήριον
652 2483 759 2554 τῆς.
795 2484 1070 2555 θεολογίας
1101 2490 1489 2562 ἀνακηρύττων
1514 2493 1680 2566 ὕμνον
1710 2499 1916 2569 ἔλεγεν,

347 2565 425 2628 ὡς
468 2567 671 2638 ἀρτίως
708 2570 1115 2644 ὑπεψάλλομενο
1158 2575 1211 2628 '0
1255 2578 1398 2644 Θεὸς
1429 2565 1561 2636 τῶν
1586 2565 1917 2656 δυνάμεων,

346 2659 715 2729 estlaer
757 2664 935 2734 ἡμᾶς,
982 2669 1083 2723 καί
1130 2670 1427 2741 ἐπίμονον
1472 2676 1537 2729 τὸ
1594 2679 1919 2747 πρόσωπόν

346 2766 483 2816 σου,
523 2753 622 2807 καὶ
653 2760 1065 2829 σωθησόμεθα.

418 2934 492 2988 1".
535 2937 760 2992 Οὐδέπω
784 2942 1097 3016 ἀπήντησεν
1144 2949 1171 3000 ό
1214 2948 1466 3018 βασιλεὺς
1489 2955 1589 3025 τῆς
1610 2953 1786 3025 δόξης,
1822 2959 1917 3012 καὶ

344 3028 394 3078 οἱ
431 3028 731 3101 πρόδρομοι
764 3036 864 3103 τῆς
902 3036 1178 3106 βασιλείας
1210 3043 1509 3115 ἐκήρυττον
1543 3048 1820 3118 λέγοντες’
1861 3052 1915 3103 '0

342 3120 674 3213 ποιμαίνων
719 3125 825 3176 τὸν
869 3126 1127 3197 Ἰσραὴλ,
1163 3135 1448 3204 πρόσχες.
1501 3140 1657 3207 Εἰπὲ,
1685 3134 1732 3195 ὦ
1775 3143 1917 3213 Προ-

344 3209 509 3311 pigra,
541 3213 848 3285 τηλαυγῶς,
874 3219 904 3271 ὃ
925 3220 1105 3291 λέγεις
1124 3238 1138 3252 ·
1182 3229 1494 3298 σαφήνισον,
1538 3232 1567 3285 ὃ
1605 3251 1672 3305 κη
1683 3209 1909 3311 ριζττεις.

2033 675 2208 731 ιοιίυε·
2246 686 2305 731 et
2348 679 2535 734 mundi
2582 678 2853 733 liheratio.
2906 678 3160 736 Christus
3205 678 3490 744 laudatur,
3537 691 3608 740 et

2030 767 2269 822 mundus
2301 768 2673 824 sanctilicatur
2704 787 2719 823 :
2754 769 3006 827 Christus
3044 771 3388 842 praedicatur,
3415 780 3469 828 et
3507 782 3592 829 to-

2030 867 2121 915 tus
2163 860 2314 916 orbis
2362 861 2720 919 illuminatur.
2751 862 3004 919 Christus
3043 866 3587 932 circumenuntiatnr,

2027 962 2081 1007 et
2109 953 2287 1007 omnis
2318 952 2496 1007 anima
2532 953 2755 1008 caeleste
2789 954 3117 1009 desiderium
3157 956 3357 1012 induit.
3388 954 3608 1012 Vademl

2029 1043 2137 1098 mei
2163 1043 2435 1099 sermonis
2465 1058 2587 1100 sese
2620 1058 2803 1099 rerum
2842 1045 3047 1115 praebet
3074 1047 3429 1117 experientia.

2098 1219 2162 1275 ll.
2201 1221 2451 1287 Attende,
2487 1230 2566 1288 tu,
2596 1220 2728 1275 mihi
2756 1219 2900 1274 enim
2934 1220 3076 1275 hanc
3123 1222 3232 1277 Deo
3277 1223 3465 1294 utique
3506 1225 3587 1279 rli-

2026 1328 2189 1383 gnam
2212 1311 2471 1368 Ecclesiae
2489 1313 2935 1368 constitutionem
2957 1328 2973 1379 ;
2996 1312 3213 1368 attende
3240 1314 3478 1371 caelestis
3499 1317 3593 1370 de;

2026 1404 2212 1461 siderii
2239 1404 2735 1475 inexstinguibilem
2771 1403 3115 1474 lampadem;
3144 1402 3363 1460 attende
3391 1419 3583 1476 corp0«

2024 1496 2103 1550 ris
2131 1503 2382 1551 naturam
2402 1510 2527 1550 cum
2552 1494 2803 1567 angelico
2823 1494 3128 1550 ministerio
3147 1509 3257 1549 una
3286 1495 3592 1552 clarescen-

2023 1595 2155 1642 tem.
2188 1586 2445 1643 Homines
2463 1588 2557 1658 qui
2579 1585 2646 1642 de
2665 1593 2813 1642 terra
2841 1594 2989 1652 sunt,
3011 1593 3066 1641 et
3094 1595 3296 1641 terram
3321 1586 3592 1650 incolunt,

2022 1681 2226 1736 morosi
2254 1680 2607 1750 caeteroquin,
2639 1679 2752 1749 jam
2781 1692 2904 1732 cum
2927 1677 3247 1733 coelestibus
3270 1686 3482 1732 certant
3511 1679 3591 1733 in-

2023 1773 2263 1841 stitutis;
2295 1773 2633 1843 abnegarunt
2657 1772 2905 1842 corporis
2932 1777 3206 1837 naturam,
3232 1781 3593 1842 susceperunt

2023 1864 2329 1934 angelicum
2357 1862 2723 1919 ministerium
2759 1881 2773 1917 :
2804 1860 3120 1931 hujusmodi
3171 1871 3261 1918 est
3308 1860 3453 1917 enim
3488 1860 3594 1918 Ec-

1955 1994 1999 2049 B
2022 1953 2190 2009 clesia
2221 1951 2336 2009 Dei.
2369 1952 2760 2025 Municipatum
2790 1952 3013 2023 quidem
3046 1951 3208 2049 habet
3229 1951 3284 2049 in
3306 1960 3474 2019 terra,
3495 1952 3592 2008 sed

2021 2045 2269 2099 ordinem
2302 2054 2484 2101 servat
2511 2045 2817 2103 caelestium
2849 2059 3095 2115 operum.
3125 2042 3412 2111 Quodnam
3452 2059 3593 2117 opus

2022 2146 2107 2192 est
2133 2138 2191 2192 in
2224 2138 2384 2194 cmlis
2411 2139 2725 2211 angelorum
2744 2139 2770 2193 τ
2812 2137 2925 2194 Deo
2965 2137 3300 2193 ministrare.
3330 2137 3395 2194 Et
3422 2139 3592 2209 quotl—

2020 2244 2145 2283 nam
2175 2244 2314 2300 opus
2336 2237 2649 2285 sanctorum
2691 2231 2745 2286 in
2788 2230 2969 2286 terra?
3013 2228 3183 2285 Deum
3213 2229 3470 2286 laudibus
3505 2229 3591 2286 ef-

2022 2319 2185 2376 ferre.
2224 2319 2466 2387 Quorum
2512 2337 2646 2393 ergo
2693 2323 2810 2393 pari
2859 2323 3120 2394 dignitate
3147 2332 3407 2380 censetur
3430 2326 3592 2381 mini-

2020 2412 2267 2471 sterium.
2296 2412 2415 2482 pari
2438 2412 2601 2467 etiam
2633 2410 2896 2482 dignitate
2941 2413 3278 2469 censendum
3311 2421 3397 2470 est
3429 2416 3593 2470 meri-

2018 2510 2158 2556 tum.
2216 2502 2511 2573 Propterea
2554 2503 2750 2559 beatus
2780 2502 2949 2558 David
2980 2504 3321 2574 spiritualem
3361 2505 3594 2575 pulsans

2019 2596 2212 2667 lyram,
2245 2602 2302 2649 et
2340 2594 2633 2650 salutarem
2676 2593 2940 2664 evulgans
2965 2594 3273 2650 divinitatis
3300 2595 3593 2667 hymnum,

2017 2688 2252 2751 dicebat,
2299 2687 2443 2744 sicut
2475 2702 2649 2758 nuper
2675 2688 3044 2759 psallebamus
3074 2707 3091 2744 :
3122 2688 3266 2745 Deus
3308 2690 3594 2758 virtutum,

2016 2789 2254 2834 converte
2290 2796 2414 2845 nos,
2455 2788 2507 2836 et
2551 2779 2763 2835 ostende
2804 2781 2993 2851 faciem
3038 2790 3207 2850 tuam,
3253 2791 3307 2837 et
3359 2784 3593 2839 salvati-

2017 2888 2136 2927 mtn‘
2155 2874 2197 2928 ".

2086 2965 2176 3020 Ill.
2217 2964 2466 3020 Nondum
2496 2974 2814 3022 occurrerat
2839 2982 2935 3022 rex
2964 2968 3170 3038 gloriae,
3199 2974 3254 3024 et
3277 2983 3586 3039 praecurso-

2017 3075 2106 3115 res
2136 3059 2287 3130 regni
2319 3058 2707 3128 praedicabant,
2729 3059 2977 3116 dicentes
3005 3078 3019 3115 :
3044 3059 3151 3128 Qui
3177 3062 3353 3131 pascis
3386 3061 3586 3126 Israel,

2017 3152 2280 3206 attende'.
2331 3151 2446 3214 Dic,
2479 3167 2513 3206 ο
2540 3150 2833 3221 Propheta,
2881 3153 3118 3211 dilucide
3154 3156 3299 3226 quod
3330 3156 3452 3222 ais;
3490 3155 3589 3212 de-

2017 3244 2166 3297 clara
2199 3243 2345 3314 quod
2376 3244 2659 3313 praedicas.
2689 3244 2862 3311 Quem
2908 3253 3183 3316 pastorem
3214 3246 3400 3302 dicis?
3430 3247 3585 3301 multi

356 3305 570 3410 :Drcoiov
632 3311 887 3410 ποιμένα.
914 3312 1131 3384 λέγεις;
1191 3320 1375 3375 πολλοὶ
1423 3323 1532 3395 γὰρ
1577 3305 1912 3397 ἐποίμαινον.

2018 3335 2164 3389 enim
2190 3305 2507 3405 p-ascehant.
2539 3334 2753 3407 Moyses
2784 3305 2973 3407 pastor
3000 3347 3139 3403 erat,
3184 3337 3365 3393 Aaron
3400 3348 3587 3410 pastor

343 3398 585 3469 Μωῦσῆς
622 3401 823 3473 ποιμὴν
857 3399 944 3475 ἦν,
962 3408 1174 3481 Ἀαρὼν
1220 3413 1421 3486 ποιμὴν
1459 3411 1916 3487 ἦν.ἜποΙμανες

344 3491 474 3557 γὰρ,
508 3494 662 3562 φησὶ.
704 3495 812 3548 τὸν
853 3500 1008 3553 λαόν
1049 3516 1168 3556 σου
1222 3505 1293 3557 ἐν
1345 3506 1495 3574 χειρί
1542 3505 1770 3577 Μωῦσῆ
1817 3511 1913 3564 καί

358 3581 588 3650 Ἀαρών.
619 3585 830 3659 Ποιμὴν
865 3585 934 3661 ἦν
974 3593 1068 3645 καὶ
1096 3596 1125 3647 ὁ
1151 3596 1314 3649 Δαϐίδ
1333 3613 1346 3626 ·
1390 3598 1744 3663 Ἐξελέξατο
1783 3602 1912 3669 γὰρ,

341 3674 527 3742 φησιν,
567 3675 677 3729 τὸν
724 3677 950 3734 δοῦλον
982 3684 1168 3739 αὑτοῦ
1202 3687 1538 3754 ποιμαίνειν
1576 3689 1778 3744 Ἰακὼϐ
1810 3692 1918 3745 τὸν

339 3764 566 3819 δοῦλον
590 3769 796 3834 αὐτοῦ,
831 3772 929 3825 καί
971 3774 1205 3843 Ἰσραὴλ
1239 3775 1354 3843 τὴν
1378 3781 1787 3848 κληρονομίαν
1815 3784 1914 3835 αὐ-

339 3858 466 3912 τοῦ.
490 3859 556 3912 Τί
584 3861 763 3916 τοίνυν
790 3867 856 3935 τῇ
884 3869 1226 3940 προσηγορίᾳ
1247 3868 1342 3923 τοῦ
1370 3871 1624 3942 ποιμένος
1651 3872 1912 3945 κρύπτεις

338 3951 438 4018 τὴν
481 3950 641 4017 ἀξίαν
676 3954 772 4007 τοῦ
818 3960 1354 4032 καταγγελλομένου;
1386 3963 1616 4034 διόρισαι
1652 3964 1858 4034 σαφῶς,
1886 3966 1916 4019 δ

340 4040 552 4110 λέγεις’
584 4046 824 4117 εὐκρινεί
869 4050 966 4103 καὶ
1003 4051 1294 4124 ἀσυγχύτῳ
1322 4055 1523 4125 χρῆσαι
1550 4058 1613 4127 τῇ
1648 4060 1795 4128 φωνῇ
1819 4058 1916 4111 τοῦ

338 4133 716 4205 κηρύγματος.
767 4139 997 4209 Λέγεις·
1046 4143 1101 4195 Ὁ
1151 4147 1479 4214 ποιμαίνων
1512 4146 1620 4200 τὸν
1653 4148 1911 4218 Ἰσραὴλ,

337 4226 635 4294 πρόσχες·
672 4233 705 4283 ό
736 4230 971 4302 ὁδηγῶν
1013 4236 1155 4290 ὡσεί
1195 4240 1488 4305 πρόϐατον
1519 4239 1626 4293 τὸν
1663 4240 1873 4311 Ἰωσήφ
1895 4259 1910 4274 °

337 4317 369 4370 6
396 4317 451 4371 δὲ
483 4321 689 4391 ποιμὴν
737 4324 947 4379 οὐδέπω
990 4329 1252 4399 κηρύττει
1295 4328 1387 4381 τοῦ
1434 4332 1769 4401 μηνυομένου
1814 4333 1911 4404 τὴν

338 4408 497 4476 ἀξίαν
520 4411 612 4465 διὰ
632 4412 733 4483 τὴν
758 4416 896 4486 πρὸς
926 4416 1117 4482 ἄλλους
1148 4421 1405 4490 ποιμένας
1432 4424 1768 4492 ὁμωνυμίαν.

407 4505 481 4557 Δ¹.
528 4506 594 4558 Τί
624 4501 750 4572 οῦν;
776 4508 987 4563 οὐδέπω
1005 4512 1233 4581 ἐνόησας
1257 4511 1355 4582 τὴν
1384 4511 1560 4576 ἀξίαν,
1589 4515 1784 4584 φησίν;
1814 4533 1914 4568 σα-

345 4598 549 4667 φηνίζω
571 4616 654 4652 σοι
683 4599 783 4671 τὴν
812 4601 1083 4671 ἀλήθειαν.
1100 4606 1154 4656 '0
1184 4603 1515 4672 καθήμενος
1538 4605 1637 4658 ἐπὶ
1665 4606 1785 4661 τῶν
1812 4626 1909 4676 χε-

343 4691 568 4759 ρουϐὶμ,
587 4692 902 4761 ἐμφὰνηθι,
918 4694 1217 4765 ἐξέγειρον
1240 4697 1355 4765 τὴν
1379 4697 1742 4752 δυναστείαν
1768 4718 1906 4783 σου,
1939 4680 1986 4738 D

345 4779 446 4837 καὶ
485 4781 623 4837 ἐλθὲ
660 4786 751 4850 εἰς
786 4786 857 4841 τὸ
892 4785 1089 4841 σῶσαι
1127 4788 1304 4858 ἡμᾶς.
1339 4790 1515 4863 Ὁρᾷς,
1540 4790 1657 4853 πῶς
1694 4779 1910 4846 ἅπασαν

341 4867 653 4940 ἐγύμνωσεν
701 4871 795 4926 τοῦ
842 4875 1317 4946 προφητευομένου
1355 4875 1452 4947 τὴν
1504 4876 1690 4943 ἀξίαν;
1727 4879 1907 4949 Ὁρᾷς,

338 4961 462 5027 πῶς
488 4963 565 5034 τῷ
592 4964 851 5038 βασιλικῷ
878 4968 972 5020 καὶ
994 4968 1347 5040 ὐπερκοσμίῳ
1374 4969 1546 5040 θρόνῳ
1566 4972 1658 5023 τὸν
1686 4970 1908 5041 βασιλέα

336 5053 438 5122 τῆς
466 5054 622 5126 δόξης
645 5058 982 5127 ἀπήγγειλεν
1020 5060 1331 5130 ἐποχεῖσθαι
1362 5061 1422 5114 τὸ
1450 5061 1582 5127 νῦν;
1622 5062 1782 5117 Ὅθεν
1814 5064 1907 5116 καὶ

336 5148 366 5198 ό
394 5146 585 5220 Σωτὴρ
625 5149 958 5204 ἐπιϐεϐαιῶν
989 5150 1081 5203 τοῦ
1114 5152 1398 5222 Προφήτω
1446 5152 1543 5223 τὴν
1587 5154 1906 5226 πρόρρησιν,

341 5235 439 5308 βοᾷ
466 5237 556 5292 διὰ
590 5240 689 5311 τῆς
721 5240 1084 5310 εὐαγγελικῆς
1118 5242 1337 5312 χάριτος
1355 5259 1368 5271 ·
1416 5243 1561 5314 Ἐγώ
1585 5248 1700 5313 εἰμι
1728 5249 1760 5299 ὁ
1789 5263 1910 5299 ποι-

337 5328 461 5397 μὴν
482 5334 515 5384 ό
534 5336 740 5400 καλός.
759 5333 979 5404 Ἐπειδὴ
1008 5332 1116 5403 γὰρ
1139 5333 1212 5397 ὡς
1231 5334 1522 5407 ἄνθρωποι,
1548 5339 1733 5409 φησὶν,
1761 5338 1907 5407 λογι-

342 5422 426 5474 zo‘t
455 5422 546 5476 τὸν
575 5424 708 5479 Θεὸν
747 5427 849 5479 οὐκ
887 5425 1182 5495 ἐπέγνωτε,
1213 5428 1313 5483 κᾶν
1344 5430 1417 5489 ὡς
1449 5429 1615 5497 ἄλογα
1662 5432 1907 5503 πρόϐατα

338 5514 430 5567 τὸν
460 5519 693 5589 ποιμένα
723 5520 1052 5590 γνωρίσατε.

413 5650 426 5724 ξ
466 5651 611 5711 Psal.
645 5672 836 5724 Lutx,
864 5658 917 5711 4.

344 5714 365 5755 ²
395 5717 547 5780 Joan.
579 5744 634 5789 ι,
668 5727 756 5782 Η.

423 5818 486 5890 ,2)
524 5822 687 5881 Fartc
718 5824 1033 5895 ταγμάτων.

996 5663 1014 5690 ³
1057 5658 1187 5716 ibid.
1250 5658 1303 5713 ‘2.
1383 5658 1403 5689 ⁸
1439 5658 1581 5715 Psal.
1624 5675 1807 5729 Lxxw,
1835 5662 1923 5717 “2.1.

2015 3436 2151 3481 erat.
2193 3426 2400 3481 Pavisti
2443 3427 2603 3493 enim,
2648 3428 2844 3500 inquit,
2871 3430 3121 3499 populum
3156 3440 3307 3485 tuum
3334 3431 3391 3485 in
3424 3448 3588 3486 manu

2015 3516 2221 3590 Hoyst's
2246 3528 2297 3573 et
2323 3521 2506 3576 Aaron
2519 3523 2562 3579 ³.
2592 3522 2791 3582 Pastor
2819 3539 3040 3596 quoque
3064 3532 3183 3579 erat
3212 3523 3378 3580 David
3408 3543 3423 3579 :
3458 3522 3604 3579 Elei--

2014 3611 2089 3680 git
2114 3610 2275 3676 enim,
2302 3612 2500 3683 inquit,
2532 3632 2737 3669 servum
2762 3631 2918 3670 suum
2951 3631 3163 3683 pascere
3182 3614 3351 3670 Iacob
3379 3631 3584 3673 servatur
3602 3645 3614 3663 η

2014 3718 2189 3767 suum,
2212 3713 2264 3758 et
2288 3702 2463 3760 Israel
2483 3706 2847 3762 [nereditatem
2874 3723 3028 3761 suam
3044 3706 3088 3763 ⁸.
3110 3706 3225 3762 Cur
3250 3722 3379 3778 ergo
3402 3709 3584 3780 appel-

2017 3795 2220 3852 latione
2251 3799 2489 3867 pastoris
2519 3800 2766 3856 occultas
2791 3800 3110 3871 dignitatem
3153 3798 3555 3857 enuntiati?‘_Do

2018 3886 2107 3940 lini
2139 3888 2446 3953 manifeste,
2475 3890 2620 3960 quod
2669 3891 2772 3947 ais.
2804 3890 2965 3946 Clara
3004 3900 3061 3947 et
3096 3889 3411 3947 inconfusa-.
3434 3900 3587 3951 utere

2015 3981 2270 4047 praeconii
2316 3997 2471 4037 voce.
2521 3981 2669 4039 Dicis
2702 4001 2716 4037 :
2747 3982 2853 4049 Qui
2895 3985 3068 4054 pascis
3101 3982 3297 4049 Israel,
3342 3983 3591 4051 attende;

2014 4072 2104 4141 qui
2128 4070 2277 4126 ducis
2303 4075 2439 4127 velut
2467 4090 2610 4128 ovem
2632 4073 2830 4144 Ioseph
2845 4076 2888 4130 ⁸.
2907 4076 2978 4129 At
3005 4085 3199 4145 pastor
3219 4075 3448 4131 necdum
3476 4091 3603 4129 ma—

2018 4163 2272 4220 nilestam
2304 4164 2438 4219 facit
2459 4166 2580 4234 ejus
2602 4168 2694 4236 qui
2729 4166 2976 4220 innuitur
2999 4166 3338 4237 dignitatem,
3364 4175 3585 4238 propter

2016 4257 2456 4312 communionem
2492 4258 2731 4313 nominis
2754 4273 2880 4312 cum
2909 4259 3124 4315 caeteris
3147 4259 3487 4330 pastoribus.

2090 4519 2176 4574 IV.
2219 4521 2360 4586 Quid
2405 4523 2575 4591 ergo?
2605 4523 2841 4578 necdum
2892 4523 3231 4590 intellexisti,
3259 4523 3457 4594 inquit,
3494 4524 3581 4580 dio

2017 4612 2319 4679 gnilatem?
2346 4613 2640 4669 manifesto
2670 4615 2768 4669 tibi
2798 4616 3101 4671 veritatem.
3124 4614 3229 4681 Qui
3258 4615 3404 4670 sedes
3430 4632 3583 4683 super

2015 4703 2302 4769 cherubim,
2336 4720 2527 4774 appara
2549 4721 2567 4758 :
2597 4707 2773 4759 excitu
2805 4714 3132 4775 potentatum
3177 4714 3347 4767 tuum,
3379 4715 3439 4759 ρι’
3469 4708 3584 4761 veni.

2013 4791 2084 4844 ad
2137 4791 2449 4845 saluandam
2495 4810 2590 4847 nos
2609 4795 2650 4847 ⁸.
2716 4792 2911 4851 Viden‘
2949 4795 3224 4865 quomodo
3266 4796 3601 4851 universam.

2011 4883 2361 4951 explicaverit
2392 4884 2695 4954 prophetati
2718 4885 3071 4956 dignitatem?
3094 4884 3285 4940 Viden’
3307 4887 3601 4956 quomodo-

2011 4974 2162 5044 regio
2203 4983 2255 5027 et
2284 4976 2595 5030 mundanis
2619 4977 2784 5031 rehus
2816 4976 3124 5032 sublimiori
3154 4977 3356 5032 throno
3396 4978 3580 5046 gloria:

2014 5081 2190 5136 regem
2217 5083 2365 5121 nunc
2393 5067 2665 5123 invectum
2696 5070 3059 5124 nuntiaverit?
3086 5069 3432 5141 Quapropter
3453 5071 3574 5124 Sal—

2011 5166 2168 5211 vator
2203 5173 2420 5229 quoque
2453 5160 2786 5216 conﬁrmans
2812 5161 3106 5232 Prophetas
3150 5163 3577 5233 praedictionem,

2011 5251 2210 5303 clamat
2244 5267 2341 5321 per
2372 5255 2739 5325 evangelicam
2772 5257 3003 5327 gratiam
3036 5276 3052 5310 ι
3090 5256 3202 5327 Ego
3237 5274 3352 5311 sum
3393 5265 3579 5323 pastor

2012 5340 2234 5396 bonus'.
2256 5341 2393 5408 Quia
2423 5345 2591 5409 enim,
2623 5345 2823 5417 inquit,
2859 5355 3116 5417 tanquam
3145 5348 3388 5401 homines
3417 5343 3577 5398 ratio-

2011 5449 2078 5486 ne
2109 5435 2316 5503 praediti
2368 5434 2530 5491 Deum
2579 5454 2689 5494 non
2738 5441 3059 5510 agnovistis,
3090 5439 3279 5494 saltem
3314 5445 3574 5505 tanquam

2011 5525 2355 5582 irrationales
2386 5544 2516 5584 oves
2542 5539 2816 5600 pastorem
2858 5530 3154 5600 agnoscite.

2006 5666 2024 5695 ⁵
2064 5663 2208 5721 Psal.
2239 5683 2454 5733 Lxxvn,
2484 5668 2569 5722 7|.
2646 5669 2667 5700 '
2706 5668 2849 5725 Psal.
2910 5680 3065 5719 1.xth
3094 5704 3108 5729 ,
3174 5660 3228 5714 2.
3337 5662 3369 5692 α
3414 5660 3556 5719 ibid.
