4034 6340
412 293 483 351 19
1439 297 1802 359 δενΕιιιΑΝι
1842 299 1994 355 δᾹΒέ

2097 300 2211 359 )RU
2222 302 2269 357 Μ
2308 301 2605 360 EPISCOPI
3575 304 3647 362 ‘20

483 407 544 462 γ.
590 406 789 466 Volens
821 419 998 475 autem
1029 413 1293 485 Propheta
1322 416 1485 471 etiam
1521 417 1757 472 fructum
1786 428 1972 475 osten-

2145 422 2219 475 E'.
2260 421 2585 494 Βουλόμενος,
2613 420 2667 476 δὲ
2692 423 2720 474 6
2747 421 3035 493 Προφήτης
3060 422 3151 479 καὶ
3180 421 3271 476 τὸν
3297 421 3507 494 καρπὸν
3529 425 3649 479 ἐπι-

411 502 544 557 dere
575 502 836 563 adventus
862 507 1025 577 hujus
1066 510 1300 579 pastoris
1332 529 1345 560 :
1376 509 1587 576 lt'xcita,
1613 511 1768 575 dixit,
1795 522 1977 582 poten-

415 600 585 647 tatnm
615 601 785 664 tuum,
818 606 868 651 et
895 598 1007 652 veni
1055 598 1124 650 ad
1165 596 1476 653 salvandum
1505 618 1600 655 nos
1619 602 1663 657 ⁸.
1695 604 1976 673 Apparitio

410 684 556 736 enim
588 682 909 752 Salvatoris,
945 686 1066 742 fons
1095 686 1260 747 totius
1293 693 1377 743 est
1411 688 1679 745 beneﬁcii.
1713 691 1978 764 Apparuit

413 772 596 845 itaque
627 776 957 848 Redemptor
986 776 1134 830 orbis
1166 776 1428 842 universi.
1455 781 1638 839 omnia
1672 785 1977 854 suscipiens

417 864 475 920 in
523 882 602 933 se,
631 878 851 941 propter
900 875 1286 937 congruentem
1339 871 1441 926 sibi
1493 873 1808 929 bonitatem.
1844 876 1976 931 Cum

415 959 562 1012 enim
590 959 816 1016 vidisset
849 960 1030 1017 omnia
1062 975 1183 1031 qua:
1229 963 1285 1016 in
1333 964 1648 1022 hominibus
1679 979 1806 1022 sunt
1852 985 1976 1024 cor-

416 1052 615 1117 ruisse,
637 1061 693 1107 et
719 1050 1084 1106 sacerdotium
1114 1054 1260 1124 quod
1286 1056 1508 1112 dederat
1534 1058 1742 1125 lsraeli,
1769 1072 1823 1116 et
1850 1078 1977 1133 pro-

415 1143 674 1213 phetiam,
709 1150 764 1203 et
795 1158 986 1203 omnes
1012 1149 1400 1223 prterogativas
1433 1169 1445 1205 :
1486 1152 1599 1223 ipse
1625 1167 1851 1215 renovat
1887 1172 1980 1226 per

416 1235 476 1290 se
498 1237 676 1311 ipsum
705 1234 848 1297 dona
875 1251 996 1295 sua.
1030 1236 1317 1304 Quomodo
1346 1244 1506 1299 vero?
1533 1243 1695 1301 Audi.

486 1414 574 1477 Vl.
615 1415 815 1481 Factus
837 1428 924 1477 est
945 1422 1232 1497 prepheta,
1259 1433 1543 1496 postquam
1576 1429 1877 1490 adulterata
1898 1443 1983 1487 est

414 1507 701 1577 prophetia
748 1512 816 1581 ab
860 1509 1125 1587 indignis,
1146 1513 1303 1583 juxta
1346 1516 1493 1586 quod
1542 1519 1804 1589 scriptum
1854 1532 1977 1578 est:

417 1597 737 1671 Prop/ictam
768 1600 909 1663 vobis
938 1605 1216 1665 suscitabit
1249 1604 1507 1662 Dominus
1536 1608 1678 1665 Deus
1709 1622 1887 1668 noster
1919 1630 1984 1669 ei:

416 1692 680 1762 fratribus
707 1695 915 1761 vestris,
941 1696 1077 1751 sicut
1116 1699 1248 1759 me”.
1281 1697 1519 1757 Eliectus
1554 1711 1639 1763 est
1684 1707 1980 1775 apostolus,

2079 513 2246 580 δεῖξαι
2278 514 2375 585 τῆς
2404 513 2497 566 τοῦ
2528 512 2783 583 ποιμένος
2813 513 3128 584 ἐπιδημίας·
3165 512 3517 584 Ἔξέτειρον,
3552 534 3652 585 φη-

2082 606 2187 671 σὶν,
2225 604 2339 673 τὴν
2376 604 2739 660 δυναστείαν
2767 620 2904 671 σου,
2935 604 3036 659 καὶ
3066 604 3207 660 ἐλθὲ
3247 608 3334 672 εὶς
3365 606 3429 660 τὸ
3458 605 3651 660 σῶσαι

2084 694 2258 767 ἡμᾶς.
2287 697 2353 748 Ἠ
2393 694 2501 768 γὰρ
2538 694 2630 749 τοῦ
2664 696 2913 767 Σωτῆρος
2941 697 3234 765 ἐπιφάνεια
3280 699 3432 769 πηγὴ
3473 698 3651 769 πάσης

2084 790 2422 861 εὐεργεσίας.
2440 791 2713 860 Ἐπεφάνη
2746 789 2924 843 τοίνυν
2966 792 2995 844 6
3040 788 3318 862 λυτρωτὴς
3349 791 3532 862 πάσης
3559 791 3656 860 τῆς

2083 883 2425 954 οἰκουμένης,
2453 882 2631 936 πάντα
2659 881 2943 937 ἀναλαϐὼν
2969 884 3051 947 είς
3074 882 3263 936 ἑαυτὸν
3295 881 3383 936 διὰ
3424 882 3523 954 τὴν
3559 883 3654 936 αύ-

2084 976 2161 1046 τῷ
2183 976 2497 1046 πρέπουσαν
2517 975 2846 1046 ἁγαθότητα.
2869 974 3081 1046 Ἐπειδὴ
3103 975 3211 1047 γὰρ
3234 971 3371 1029 εἶδεν
3394 977 3570 1030 πάντα
3586 974 3655 1028 τὰ

2086 1068 2143 1117 ἐν
2171 1064 2477 1137 ἀνθρώποις
2505 1066 2847 1129 διαπεσόντα,
2875 1067 2969 1120 καὶ
2995 1065 3093 1138 τὴν
3129 1065 3446 1138 ἱερωσύνην,
3471 1067 3539 1135 ἣν
3567 1064 3658 1119 δέ·

2083 1156 2255 1211 δωκεν
2282 1159 2340 1209 ἐν
2366 1156 2444 1227 τῷ
2470 1158 2708 1229 Ἰσραὴλ,
2739 1158 2832 1211 καὶ
2853 1158 2950 1230 τήν
2984 1159 3338 1230 προφητείαν,
3367 1159 3462 1212 καὶ
3484 1159 3657 1212 πάντα

2090 1246 2153 1299 τὰ
2189 1247 2462 1318 ἐξαίρετα,
2495 1248 2658 1310 αὐτὸς
2687 1249 3023 1313 ἀνακαινίζει
3049 1249 3116 1303 δι’
3143 1249 3334 1304 ἑαυτοῦ
3367 1249 3437 1304 τὰ
3463 1249 3656 1304 ἑαυτοῦ

2086 1336 2267 1409 δῶρα⁶
2301 1338 2396 1392 καὶ
2429 1339 2587 1405 πῶς;
2621 1341 2840 1394 Ἀκουε.

2160 1431 2247 1495 ς’.
2302 1428 2546 1496 Ἐγένετο
2565 1431 2872 1501 προφήτης,
2900 1431 3084 1503 ἐπειδὴ
3110 1432 3363 1505 ὲνοθεύθη
3388 1435 3423 1503 ἡ
3448 1449 3662 1503 προφη-

2087 1520 2209 1574 τεία
2247 1520 2396 1592 παρὰ
2428 1522 2536 1576 τῶν
2565 1523 2814 1590 ἀναξίων,
2843 1522 3026 1588 καθὼς
3062 1524 3394 1597 γέγραπταιο
3426 1525 3661 1595 Προφή-

2087 1630 2201 1679 την
2227 1612 2368 1682 ὑμῖν
2391 1614 2725 1681 ἀναστήσει
2746 1615 2960 1682 Κύριος
2999 1618 3033 1669 ὀ
3069 1614 3215 1682 Θεὸς
3241 1615 3412 1686 ἡμῶν
3436 1616 3505 1669 ἐκ
3541 1613 3661 1669 τῶν
3741 1659 3745 1663 .

2089 1702 2369 1772 ἀδελφῶν
2402 1701 2589 1772 ὑμῶν,
2617 1705 2698 1771 ὡς
2719 1705 2842 1775 ἐμέ.
2870 1705 3084 1759 Γίνεται
3115 1705 3409 1770 ἀπόστολος
3437 1707 3662 1760 κατὰητδ

417 1786 720 1847 secundum
754 1789 899 1863 quod
930 1789 1141 1849 dictum
1165 1800 1248 1845 est
1280 1791 1657 1858 :Considerate
1681 1800 1981 1870 pontiﬁcem

2097 1796 2370 1868 εἰρημένον
2392 1811 2405 1825 ο
2436 1796 2864 1863 Κατανοήσατε
2906 1797 3016 1850 τὸν
3053 1797 3327 1867 ἀρχιερέα
3368 1798 3467 1851 καί
3509 1797 3659 1852 ἀπό-

416 1885 467 1931 ct
490 1877 786 1947 apostolum
810 1880 1097 1941 vocationis
1127 1890 1325 1941 nostras
1350 1881 1615 1941 Iesum".
1646 1888 1887 1948 Eﬂ‘ecrus
1904 1905 1989 1951 est

417 1967 582 2029 etiam
618 1969 876 2029 sacerdos
901 1972 1045 2029 sicut
1072 1974 1150 2031 ait
1173 1972 1664 2048 Hymnographns:
1698 1981 1777 2037 Tu
1808 2001 1863 2041 es
1898 2004 1989 2041 sa-

420 2069 601 2131 cerdos
623 2072 679 2126 in
705 2074 960 2131 sarculum
985 2076 1269 2139 secundum
1302 2076 1538 2135 ordinem
1554 2074 1903 2133 Melchisedcc
1922 2079 1986 2136 “.

419 2163 656 2226 Eﬂ‘ectus
695 2176 781 2224 est
820 2183 1039 2238 quoque
1070 2171 1358 2232 diaconus.
1387 2182 1447 2228 ut
1485 2173 1665 2243 inquit
1694 2188 1990 2244 generosus

418 2254 622 2317 Paulus
647 2276 659 2312 :
690 2256 817 2313 Dico
837 2261 974 2315 enim
995 2260 1262 2319 Christum
1291 2264 1573 2319 diaconum
1604 2265 1804 2334 factum
1827 2267 1993 2337 fuisse

419 2348 836 2407 circumcisionis
859 2368 956 2421 pro
986 2355 1201 2411 ueritate
1242 2357 1359 2423 Dei,
1392 2357 1462 2412 ad
1506 2359 1840 2428 complendas
1867 2376 1991 2429 pro-

420 2439 694 2497 missiones
717 2453 932 2511 patrum
951 2446 1016 2499 ¹¹.
1045 2444 1149 2502 Per
1173 2463 1389 2505 omnem
1429 2448 1594 2519 igitur
1624 2452 1821 2506 transit
1850 2452 1992 2507 ordi-

419 2544 566 2587 nem.
623 2529 865 2589 Effectus
904 2542 990 2591 est
1039 2536 1241 2604 pariter
1284 2538 1446 2591 etiam
1494 2539 1684 2593 lector.
1716 2539 1989 2607 Accipiens

417 2621 559 2677 cnim
586 2620 788 2677 Isaiam
835 2622 1121 2694 legebat",
1164 2626 1307 2680 sicut
1347 2626 1589 2682 declarat
1614 2626 1988 2697 Evangelium,

419 2727 532 2783 quo
569 2712 729 2771 etiam
762 2714 1037 2783 propheta:
1074 2717 1424 2775 conﬁrmaret
1452 2733 1636 2779 voces,
1670 2728 1726 2774 et
1756 2719 1990 2774 honora-

421 2811 507 2857 rct
539 2803 742 2872 gradus
766 2804 1187 2861 ecclesiasticos.
1221 2804 1341 2860 Fuit
1364 2815 1418 2860 et
1448 2822 1563 2866 rex.
1590 2806 1701 2861 Rea:
1722 2810 1987 2876 regum“;

423 2904 484 2951 ut
532 2896 710 2975 inquit
752 2894 1051 2955 Nathanael
1083 2915 1096 2952 :
1132 2897 1212 2952 Tu
1240 2914 1296 2959 es
1334 2896 1510 2953 Filius
1542 2898 1672 2965 Dei;
1709 2908 1765 2953 tu
1797 2918 1850 2958 es
1899 2916 1992 2954 rex

423 2985 598 3047 Israel
621 2989 685 3043 ιδ.

2089 1891 2315 1942 στολον
2363 1887 2471 1957 τῆς
2519 1887 2794 1954 κλήσεως
2832 1887 3002 1958 ήμῶν
3035 1889 3289 1958 Ἰησοῦν.
3317 1889 3527 1944 Γίνεται
3570 1889 3666 1942 καὶ

2092 1979 2290 2050 ἱερεὺς,
2316 1979 2461 2033 καθά
2485 1996 2647 2050 φησιν
2675 1982 2706 2033 6
2730 1981 3108 2053 ’Υμνογράφος
3127 1998 3141 2011 ·
3170 1981 3252 2035 Σὺ
3286 1979 3342 2035 εἷ
3364 1981 3553 2050 ἱερεὺς
3579 1984 3667 2047 εἰς

2088 2072 2198 2126 τὸν
2239 2070 2428 2133 αἰῶνα
2474 2073 2623 2127 κατὰ
2662 2073 2777 2142 τὴν
2811 2074 2986 2140 τάξιν
3023 2074 3418 2143 Μελχισεδέκ.
3452 2075 3664 2128 Γίνεται

2090 2163 2185 2217 καὶ
2229 2163 2493 2229 διάκονος,
2521 2166 2597 2228 ὥς
2646 2183 2810 2239 φησιν
2861 2168 2890 2220 6
2932 2168 3177 2236 γενναῖος
3223 2165 3467 2229 Παῦλοςο
3500 2165 3663 2235 Λέγω

2090 2256 2200 2326 γὰρ
2224 2257 2480 2326 Χριστὸν
2505 2258 2788 2314 διάκονον
2802 2259 3156 2330 γεγενῆσθαι
3173 2256 3492 2328 περιτομῆς
3511 2257 3664 2325 ὑπὲρ

2091 2346 2373 2413 ἀληθείας
2401 2347 2570 2411 Θεοῦ,
2604 2350 2692 2413 είς
2719 2348 2786 2401 τὸ
2808 2346 3122 2416 πληρῶσαι
3162 2347 3269 2414 τὰς
3308 2346 3667 2417 ἐπαγγελίας

2092 2439 2211 2494 τῶν
2247 2439 2534 2508 πατέρων.
2566 2439 2665 2494 Διὰ
2690 2440 2872 2511 πάσης
2898 2436 2989 2494 οὖν
3008 2439 3183 2493 ὁδεύει
3205 2438 3431 2504 τάξεως.
3459 2438 3669 2492 Γίνεται

2093 2530 2254 2584 πάλιν
2309 2532 2402 2584 καὶ
2456 2532 2830 2605 ἀναγνώστης.
2869 2531 3081 2587 Λαϐὼν
3126 2531 3238 2602 γὰρ
3287 2531 3395 2584 τὸν
3428 2530 3670 2585 Ἡσαΐαν

2092 2625 2518 2694 ἀνεγίνωσκεν,
2566 2627 2645 2689 ὼς
2692 2626 2932 2678 δείκνυσι
2981 2624 3042 2677 τὸ
3072 2623 3423 2692 Εύαγγέλιον,
3450 2623 3538 2675 ἵνα
3575 2621 3670 2675 καὶ

2092 2714 2186 2767 τοῦ
2212 2717 2487 2787 προφήτου
2515 2716 2612 2779 τὰς
2634 2717 2818 2786 φωνὰς
2848 2714 3141 2787 βεϐαιώσῃ,
3169 2717 3264 2768 καὶ
3304 2716 3402 2785 τῆς
3442 2714 3671 2786 Ἐκκλη-

2096 2805 2216 2869 σίας
2257 2807 2384 2868 τοὺς
2432 2805 2674 2876 βαθμοὺς
2703 2807 2935 2878 τιμήσῃ.
2996 2806 3245 2873 Ἐγένετο
3271 2809 3365 2859 καὶ
3398 2804 3671 2876 βασιλεὺς,

2108 2898 2167 2950 '0
2199 2897 2502 2963 Βασιλεὺς
2539 2897 2659 2951 τῶν
2681 2899 3139 2963 ,βασιλευόντων
3157 2914 3170 2927 ·
3200 2896 3275 2961 ὦς
3304 2915 3468 2969 φησιν
3499 2899 3528 2950 6
3550 2897 3664 2950 Να-

2093 2988 2300 3059 θαναήλ
2319 3005 2333 3019 ο
2362 2988 2445 3042 Σὺ
2476 2984 2586 3043 eid
2630 2987 2762 3055 Υὶός
2789 2987 2897 3042 τοῦ
2936 2988 3113 3043 Θεοῦο
3140 2988 3221 3042 σὺ
3242 2984 3348 3043 εἷό
3371 2987 3669 3053 ,ϐασιλεὺς

2093 3078 2200 3133 τοῦ
2242 3076 2504 3144 Ἰσραήλέ

495 3159 607 3219 VII.
636 3163 744 3219 Sed
761 3165 903 3221 dicet
924 3164 1157 3223 fortasse
1176 3166 1446 3237 quispiam
1470 3169 1948 3225 circumstantium
1973 3189 1986 3223 -.

2102 3132 2105 3133 ν
2163 3167 2245 3253 Ζ¹δ
2292 3132 2438 3220 in"
2453 3167 2570 3237 ἐρεῖ
2610 3184 2695 3230 τις
2730 3166 2858 3247 ἴσως
2904 3165 3010 3220 τῶν
3041 3167 3422 3241 περιεστώτων
3444 3187 3458 3201 ·
3484 3169 3547 3221 Τί
3578 3163 3669 3221 οὖν

427 3253 567 3320 Quid
605 3255 770 3325 igitur
804 3255 872 3310 ad
906 3272 991 3313 me
1020 3257 1289 3313 hominem
1324 3259 1660 3323 saecularem,
1688 3262 1735 3316 si
1763 3261 1993 3331 prophe-

430 3348 556 3400 tiam
610 3356 666 3402 et
712 3348 1071 3418 apostolatum
1119 3359 1174 3404 et
1218 3350 1592 3419 pontilicatum
1620 3352 1872 3407 Christus
1912 3354 1994 3406 iu-

428 3436 585 3492 duit?
612 3438 744 3508 quid
773 3440 836 3491 ad
866 3456 952 3495 me
978 3444 1030 3493 in
1062 3442 1311 3496 szeculari
1341 3449 1482 3496 statu
1530 3442 1806 3515 positum?
1834 3444 1997 3497 Maxi-

429 3545 517 3584 me
552 3546 682 3585 vero
710 3541 932 3603 propter
963 3549 1156 3589 omnes
1202 3536 1453 3592 homines
1486 3535 1660 3590 factus
1705 3545 1789 3593 est
1832 3537 1996 3590 homo

432 3619 862 3679 humanissimus
892 3624 1003 3680 ille.
1054 3625 1133 3678 Ac
1171 3625 1219 3679 si
1258 3626 1340 3680 vis
1367 3624 1549 3683 videre
1573 3626 1723 3680 illum
1752 3626 1995 3680 laicalem

434 3720 635 3769 statum
669 3715 955 3772 obeuntem
989 3727 1207 3788 propter
1234 3729 1308 3780 te.
1342 3728 1532 3789 reputa
1563 3729 1738 3773 tecum
1785 3726 1840 3773 et
1877 3734 2001 3773 con-

435 3806 614 3861 sidera
638 3822 758 3877 quae
780 3808 892 3877 jam
922 3810 1147 3867 dicenda
1179 3819 1326 3866 sunt.
1359 3809 1489 3866 Sine
1511 3811 1883 3867 controversia
1905 3811 1999 3880 qui

433 3897 674 3968 haptizat
699 3915 875 3955 nonne
909 3901 960 3961 in
988 3902 1179 3959 ordine
1226 3912 1313 3961 est
1360 3903 1714 3969 sacerdotali;
1744 3903 1836 3971 qui
1874 3918 2001 3957 vero

437 3989 767 4061 baptizatur,
791 4008 971 4049 nonne
1002 3993 1056 4048 in
1104 3994 1280 4051 Iaicali
1313 3995 1482 4067 gradu
1518 3997 1851 4051 consntutus
1878 3994 2003 4050 est?

437 4083 670 4138 Attende
701 4083 864 4154 igitur
901 4083 1168 4147 Joannem
1202 4087 1254 4141 in
1286 4085 1458 4157 gradu
1488 4086 1793 4143 sacerdotis
1832 4087 2004 4156 bapti-

439 4183 672 4240 zantent,
700 4182 753 4228 et
795 4172 1072 4229 Christum
1126 4175 1181 4229 in
1226 4176 1404 4229 laicali
1452 4184 1593 4231 statu
1646 4175 2002 4244 baptizatum.

440 4263 610 4319 llodie
637 4282 890 4333 namque,
930 4266 1150 4327 fratres,
1195 4265 1354 4319 hodie
1382 4266 1847 4334 dispensationem
1877 4268 2008 4319 sub-

439 4356 535 4409 ivit
563 4371 825 4424 aquarum
855 4375 867 4408 :
894 4371 1004 4409 non
1028 4370 1093 4408 ex
1125 4342 1280 4423 aquis
1310 4354 1706 4422 sanctilicatus,
1730 4355 1825 4410 sed
1850 4355 2006 4425 aquis

2095 3256 2231 3326 πρὸς
2270 3255 2368 3327 ἃμὲ
2411 3255 2503 3310 τὸν
2534 3257 2739 3323 λαῖκὸν,
2769 3259 2818 3310 εἰ
2865 3258 3198 3329 προφητείαν
3243 3260 3338 3311 καὶ
3370 3258 3672 3330 ἀποστολὴν

2097 3345 2190 3398 καὶ
2213 3344 2623 3417 ἀρχιερωσύνην
2651 3345 2968 3413 ὲνεδύσατο;
2994 3347 3048 3399 τί
3074 3347 3210 3419 πρὸς
3235 3347 3337 3417 ἐμὲ
3362 3347 3452 3401 τὸν
3474 3350 3531 3401 ὲν
3555 3346 3671 3401 λαῖ-

2098 3437 2166 3504 κῇ
2192 3434 2342 3500 τάξει
2366 3436 2804 3507 κατηλεγμένον;
2836 3435 3088 3490 Μάλιστα
3120 3436 3217 3507 μὲν
3237 3436 3326 3490 διὰ
3348 3438 3554 3499 πάντας
3577 3438 3669 3490 dv-

2099 3529 2349 3603 θρώπους
2398 3530 2621 3600 γέγονεν
2667 3529 2953 3601 ἄνθρωπος
2997 3531 3028 3583 6
3077 3529 3477 3601 φιλάνθρωπος.
3511 3528 3576 3582 Et
3616 3529 3673 3582 δὲ

2102 3621 2280 3692 βούλει
2304 3622 2464 3677 αὑτὸν
2492 3622 2586 3676 καὶ
2613 3620 2801 3675 λαῖκοῠ
2829 3619 2984 3685 τάξιν
3026 3621 3394 3691 ὑπερχόμενον
3438 3621 3562 3675 ἰδεῖν
3587 3621 3674 3675 διὰ
3728 3660 3731 3663 -

2103 3715 2182 3781 σὲ,
2212 3715 2500 3785 ἀνάκρινον
2520 3714 2670 3785 παρὰ
2701 3715 2761 3767 σὲ
2790 3715 2866 3784 (ὅ)
2888 3713 3037 3784 αὐτῷ
3065 3713 3159 3766 καὶ
3188 3714 3460 3785 σκόπησον
3480 3714 3549 3767 τὰ
3580 3717 3666 3785 ρη-

2101 3805 2887 3876 θησὸμενα.’ομολογουμένως
2933 3807 2962 3858 6
3003 3804 3278 3875 βαπτίζων
3300 3807 3400 3859 οὐκ
3431 3808 3490 3859 ὲν
3524 3805 3677 3878 χώρᾳ.

2103 3899 2248 3950 ἐστὶν
2302 3896 2397 3949 τοῦ
2431 3896 2640 3968 ἱερέως,
2691 3898 2720 3949 6
2766 3897 2825 3949 δὲ
2871 3895 3282 3966 βαπτιζόμενος,
3312 3895 3412 3949 οὐκ
3443 3896 3500 3948 ἐν
3526 3894 3676 3959 τάξει

2101 3989 2197 4049 τοῦ
2227 3987 2412 4042 λαῖκοῦ
2462 3987 2795 4060 καθέστηκεν
2820 4006 2834 4055 ;
2869 3989 3011 4058 Ὅρα
3032 3984 3127 4042 οὖν
3163 3989 3412 4059 Ἰωάννην
3441 3990 3499 4042 ὲν
3526 3985 3678 4054 τάξει

2106 4083 2296 4154 ἱερέως
2322 4082 2670 4152 βαπτίζοντα,
2698 4083 2901 4137 καὶτὸν
2928 4083 3161 4155 Χριστὸν
3188 4083 3246 4135 ὲν
3274 4082 3679 4153 λαῖκῷ¹τάγμα-

2105 4192 2159 4228 τι
2209 4173 2623 4245 βαπτιζόμενον.
2682 4176 2929 4247 Σήμερον
2982 4174 3111 4247 γὰρ,
3157 4175 3395 4243 ἀδελφοὶ,
3440 4176 3679 4245 σήμερον

2107 4267 2205 4337 τὴν
2233 4265 2320 4319 διὰ
2344 4266 2451 4321 τῶν
2480 4267 2688 4320 ὑδάτων
2716 4266 2954 4337 ὑπῆλθεν
2985 4268 3314 4338 οἰκονομίαν.
3340 4268 3456 4319 Οὐκ
3480 4267 3545 4319 ὲκ
3572 4264 3681 4318 τῶν

2111 4358 2315 4411 ὑδάτων
2346 4357 2726 4429 ἁγιαζόμενος,
2756 4358 2892 4413 ἀλλὰ
2925 4361 3037 4421 τοῖς
3071 4358 3257 4412 ὕδασιν
3298 4356 3388 4409 τὸν
3413 4353 3682 4425 ἀγιασμὸν

441 4446 927 4507 sanctiﬁcationem
962 4446 1177 4501 indens.
1199 4444 1438 4505 Joannes
1466 4445 1638 4501 vicem
1670 4448 1892 4518 gerebat
1918 4463 1994 4503 sa-

2110 4451 2496 4523 παρεχόμενος.
2513 4450 2761 4522 Ἰωάννης
2801 4450 3040 4521 ἐπλήρου
3086 4448 3146 4500 τὸ
3183 4447 3367 4517 σχῆμα
3400 4447 3460 4499 τὸ
3483 4448 3682 4516 ἱερατι-

444 4537 707 4603 ecrdotis;
744 4537 951 4592 accedit
974 4536 1304 4607 Redemptor
1339 4535 1489 4592 orbis
1521 4537 1591 4592 ad
1621 4538 2007 4609 haptizantem,

446 4630 492 4683 is
529 4627 622 4698 qui
658 4627 893 4691 illustrat
939 4627 994 4682 in
1026 4626 1260 4698 Spiritu,
1305 4644 1401 4691 rex
1451 4629 1567 4700 ipse
1601 4629 1667 4685 ad
1708 4646 2010 4700 praecurso—

446 4737 582 4786 rem,
608 4720 747 4777 Deus
774 4721 890 4790 ipse
914 4720 983 4779 ad
1008 4720 1346 4793 prephctam.
1377 4718 1638 4789 Joannes,
1664 4721 1881 4785 fratres.
1902 4740 2011 4779 non

448 4813 731 4881 ignorabat
758 4813 1075 4883 dignitatern
1109 4820 1330 4884 propter
1361 4812 1865 4883 dispensationem;
1902 4831 2009 4871 non

451 4905 638 4960 [ofellit
664 4922 786 4961 eum
813 4906 1029 4979 habitus
1057 4907 1342 4975 corporis;
1376 4921 1488 4962 non
1519 4905 1734 4978 decepit
1759 4924 1882 4963 eum
1913 4924 2012 4979 ap-

449 5014 645 5069 parens
677 5014 834 5068 caro;
853 5002 982 5072 quin
1006 5001 1187 5070 potius
1209 5001 1499 5057 illustravit
1519 5016 1643 5057 eum
1672 5003 1883 5058 occulta
1905 5004 2013 5057 vir-

449 5106 556 5159 tus,
578 5111 739 5165 quam
762 5098 1137 5167 ignorantibus
1162 5111 1377 5166 quoque
1402 5096 1749 5165 praedicabat.
1769 5096 2012 5151 Lucerna

447 5188 649 5259 quippe
678 5198 868 5244 sancta
889 5200 1009 5244 erat
1036 5189 1120 5243 vir
1147 5189 1238 5243 ille
1266 5186 1622 5244 admirandus
1657 5209 1670 5243 :
1703 5189 1924 5244 lucerna
1947 5188 2015 5243 de

449 5292 554 5347 qua
581 5297 593 5332 :
618 5277 815 5333 Paravi
845 5278 1111 5332 lucernam
1133 5277 1343 5332 Christo
1365 5294 1477 5332 meo
1495 5278 1558 5343 ",
1574 5295 1667 5348 per
1688 5277 2012 5347 Prophetam

446 5373 764 5445 praedictum
800 5371 993 5426 fuerat.
1024 5369 1267 5426 Lucerna
1311 5386 1439 5426 vero
1462 5368 1699 5427 Joannes
1726 5372 2010 5440 praenomi-

2107 4543 2222 4607 κὸν,
2264 4542 2621 4615 προσέρχεται
2644 4544 2673 4596 ὁ
2701 4540 2995 4613 Λυτρωτὴς
3015 4539 3114 4610 τῆς
3133 4539 3454 4610 οἰκουμένης
3483 4537 3560 4608 τῷ
3582 4538 3679 4608 βα-

2108 4633 2371 4699 πτίζοντι,
2402 4637 2432 4687 ὁ
2464 4636 2710 4703 φωτίζων
2731 4636 2786 4688 ὲν
2806 4633 3105 4704 Πνεύματι,
3126 4633 3156 4684 6
3178 4631 3427 4702 βασιλεὺς
3447 4630 3527 4701 τῷ
3550 4648 3683 4703 προ-

2107 4727 2309 4798 δρόμῳ,
2343 4730 2371 4781 6
2411 4728 2544 4790 Θεὸς
2583 4727 2662 4799 τῷ
2704 4725 3265 4798 προφήτῃ.’1ωὰννης,
3312 4725 3548 4795 ἀδελφοὶ,
3584 4725 3684 4778 οὐκ

2108 4819 2373 4890 ἠγνόησεν
2394 4819 2491 4891 τὴν
2521 4819 2679 4886 ἀξίαν
2705 4819 2793 4872 διὰ
2820 4817 2918 4888 τὴν
2944 4818 3255 4887 οἰκονομίαν
3279 4833 3293 4846 ο
3325 4817 3423 4870 οὐκ
3456 4815 3681 4885 ἔσφαλεν

2111 4910 2272 4964 αὐτὸν
2319 4912 2378 4964 τὸ
2418 4911 2606 4982 σχῆμα
2646 4909 2737 4963 τοῦ
2768 4911 3014 4978 σώματος
3036 4923 3051 4938 ο
3083 4909 3184 4962 οὐκ
3214 4910 3495 4981 ἠπάτησεν
3521 4906 3680 4961 αὐτὸν

2110 5004 2144 5068 ἡ
2176 5002 2473 5073 φαινομένη
2525 5001 2685 5075 σὰρξ,
2714 5000 2848 5055 ἀλλὰ
2893 5000 3267 5072 περιέλαμπεν
3294 5001 3453 5055 αὐτὸν
3483 5002 3516 5068 ἡ
3549 5015 3682 5071 κρυ-

2114 5092 2359 5164 πτομένη
2397 5093 2642 5163 δύναμις,
2687 5093 2751 5163 ἣν
2785 5092 2878 5146 καὶ
2908 5095 3021 5157 τοῖς
3046 5090 3327 5161 ἀγνοοῦσιν
3367 5091 3676 5161 ἐκήρυττεν.

2113 5187 2316 5256 Λύχνος
2344 5186 2452 5258 γὰρ
2477 5182 2545 5257 ἦν
2579 5184 2731 5255 ἅγιος
2761 5188 2790 5240 6
2820 5184 3120 5257 θαυμάσιος
3143 5202 3156 5214 ·
3186 5184 3395 5255 λύχνος,
3432 5182 3560 5252 περὶ
3586 5176 3646 5236 οὗ
3665 5198 3680 5212 ·

2130 5279 2452 5349 Ἠτοίμασα
2481 5281 2713 5349 λύχνον
2740 5279 2821 5347 τῷ
2849 5277 3078 5350 Χριστῷ
3113 5295 3253 5347 μου,
3282 5276 3370 5330 διὰ
3408 5274 3502 5329 τοῦ
3546 5275 3686 5344 Προ-

2120 5376 2290 5443 φήτου
2320 5372 2659 5444 προείρηται.
2694 5372 2899 5444 Λύχνος
2927 5371 2984 5425 δὲ
3027 5373 3056 5425 6
3093 5370 3342 5441 Ἰωάννης
3387 5365 3687 5439 προανηγόο

525 5594 551 5627 ⁸
582 5590 931 5669 Psal.r._xxix,
959 5597 1015 5652 2.
1070 5600 1112 5669 γ’
1152 5594 1305 5669 Deut.
1337 5612 1493 5658 xvnl,
1525 5596 1609 5669 {5.
1686 5592 1936 5669 Saliehr.
1967 5612 2048 5659 Ill,
2079 5598 2131 5651 1.
2212 5600 2254 5630 ¹¹
2293 5603 2438 5659 Psal.
2481 5621 2588 5669 crx,
2623 5608 2673 5661 4.
2757 5604 2796 5633 ’³
2842 5601 2994 5656 Rom.
3058 5616 3145 5664 xv,
3204 5598 3257 5652 8.
3337 5598 3377 5628 "
3441 5594 3574 5650 Luc.
3607 5606 3683 5663 Iv,

458 5662 545 5719 Π.
626 5665 668 5696 ’⁵
710 5667 727 5719 l
762 5665 996 5733 Tim.vr,
1030 5668 1117 5721 15.
1198 5668 1239 5698 ¹⁵
1280 5666 1436 5721 Joan.
1468 5683 1505 5727 ι,
1535 5667 1623 5720 49.
1682 5667 1724 5698 ¹⁶
1749 5664 1890 5721 Psal.
1925 5682 2108 5734 exul,
2140 5669 2221 5721 l7.

528 5756 603 5829 (ὅ)
644 5755 804 5811 Forte
834 5757 932 5821 σοί,
973 5774 1032 5812 ex
1063 5775 1246 5814 errore
1280 5770 1487 5830 typogr.
