4034 6340
344 412 406 467 ει
1454 404 1711 460 ORATIO
1751 402 1816 457 IN
1858 403 1923 457 υι

2026 402 2524 460 leuauimus».
3490 417 3597 470 .92,

353 542 555 601 ρευται,
583 525 684 579 οὐκ
721 522 908 593 ἐπειδὴ
940 519 1016 592 τῷ
1050 520 1168 592 Θεῷ
1194 520 1369 590 Λόγῳ,
1399 522 1475 591 τῷ
1501 522 1638 591 φωτὶ
1660 522 1756 591 τῆς
1777 519 1909 588 ἀλη-

2026 525 2171 576 iatus
2220 529 2335 582 est;
2368 535 2476 574 non
2521 519 2648 588 quia
2690 517 2805 574 Deo
2826 517 3029 585 Verbo,
3072 518 3283 584 lumini,
3327 517 3615 588 inquam..

351 621 518 684 θείαςο
565 613 726 687 Χρεία
776 609 843 684 ἦν
885 612 984 682 τῆς
1028 613 1131 666 ἀπὸ
1182 612 1274 664 τοῦ
1321 611 1511 683 λύχνου
1570 612 1913 682 προσθήκης·

272 772 275 775 _
360 712 505 779 ἣλιος
553 707 661 779 γὰρ
689 702 756 775 ἦν
780 703 1121 770 δικαιοσύνης
1140 717 1154 731 ·
1189 701 1302 755 ἀλλ’
1334 701 1521 773 ἐπειδὴ
1546 702 1637 755 τὸν
1670 704 1727 755 ἐν
1757 700 1919 771 σαρκὶ

352 798 718 871 κρυπτόμενον
744 794 947 864 Κύριον
978 792 1289 864 ἐγνώριζεν,
1312 792 1387 855 ὡς
1422 792 1479 845 ἐν
1500 792 1676 850 νυκτὶ.
1697 792 1763 861 τῇ
1794 790 1922 843 Ἰου-

347 892 505 961 sane;
535 885 886 944 καταστάσει,
910 884 1000 936 τὸν
1022 883 1212 954 λύχνον
1232 884 1636 953 ἀπαστράπτων
1658 882 1749 935 τοῦ
1777 880 1920 934 θείου

349 984 541 1051 Λόγου.
574 978 838 1034 Καλείται
864 971 957 1031 οὖν
986 975 1177 1045 λύχνος
1205 975 1450 1038 εἰκότως.

423 1074 505 1126 ll'.
539 1072 650 1125 Καὶ
669 1071 833 1140 ὁρᾶτε
860 1067 920 1121 τὸ
945 1064 1274 1137 θαυμαστὸν,
1297 1065 1534 1134 ἀδελφοί.
1558 1065 1684 1118 Ὅτε
1711 1062 1921 1136 παρῆλ-

352 1167 443 1218 θεν
474 1164 568 1216 ἐπὶ
594 1160 693 1232 τὴν
725 1158 986 1229 ἑνσαρκον
1007 1156 1319 1227 οἰκονομίαν
1349 1157 1377 1209 6
1406 1155 1539 1225 πρὸς
1561 1155 1709 1225 ἡμᾶς
1735 1152 1921 1223 ιέπιδη⁹

353 1258 533 1326 μησας
568 1251 863 1321 Δεσπότης,
900 1248 1182 1319 ἄνθρωπος
1206 1246 1294 1301 διὰ
1322 1245 1730 1318 φιλανθρωπίαν
1764 1244 1920 1312 γενό-

353 1364 535 1420 μενος,
566 1345 659 1399 καὶ
685 1342 754 1415 ἦν
774 1343 921 1410 ξένον
956 1341 1141 1412 θαῦμα
1165 1382 1179 1405 ,
1220 1341 1302 1394 ὅτι
1335 1340 1469 1403 Θεὸς
1500 1341 1559 1391 ὲν
1588 1336 1917 1410 ἀνθρώποις,

350 1445 407 1495 ἐν
427 1440 634 1502 δούλοις
658 1440 688 1490 6
720 1437 1012 1503 Δεσπότης,
1044 1434 1182 1505 μετὰ
1211 1433 1319 1487 τῶν
1359 1433 1678 1503 ποιημάτων
1708 1432 1737 1483 ὁ
1762 1447 1919 1500 ποιη-

350 1531 469 1597 τῆς,
498 1530 527 1580 ὁ
551 1526 788 1595 ἁγιάζων
814 1524 950 1595 μετὰ
974 1523 1083 1575 τῶν
1114 1520 1488 1592 ἁγιαζομένων
1506 1539 1519 1552 ο
1538 1521 1661 1574 τότε
1696 1520 1919 1576 ὁῚωάν-

352 1636 451 1689 νης
471 1617 730 1688 κηρύττει
756 1615 855 1686 τὴν
874 1613 1050 1679 ἀξίαν,
1072 1615 1167 1666 καὶ
1189 1608 1256 1685 ἧν
1280 1614 1405 1665 ἰδεῖν
1434 1611 1580 1676 ξένον
1604 1610 1787 1683 θαῦμα
1808 1630 1821 1640 ·
1850 1607 1919 1683 ἦν

357 1711 488 1762 ἰδεῖν
517 1711 606 1762 τὸν
641 1707 829 1778 λύχνον
852 1706 1137 1776 δεχόμενον
1152 1705 1242 1758 τὸν
1265 1704 1414 1775 ἥλιον
1444 1702 1546 1773 τῆς
1576 1702 1919 1774 δικαιοσύνης

364 1802 593 1875 Ἰησοῦν.
619 1800 723 1853 Τὸν
741 1798 850 1868 γὰρ
880 1796 1134 1852 ἁπάντων
1178 1794 1471 1867 Λυτρωτὴν
1520 1794 1723 1866 Κύριον
1754 1796 1783 1849 6
1817 1794 1909 1850 λυ-

350 1894 603 1966 τρώσεως
643 1892 892 1964 δεόμενος
934 1888 1217 1960 ἄνθρωπος
1259 1887 1587 1952 ἐϐάπτιζεν,
1637 1886 1698 1940 ού
1741 1886 1912 1958 τόλμῃ

354 1987 700 2059 προσαχθεὶς,
738 1983 873 2038 ἀλλὰ
898 1982 1282 2053 προστάγματι
1311 1979 1616 2044 δουλωθείς.
1667 1980 1802 2033 Τότε
1850 1980 1917 2051 δὴ

354 2082 474 2134 τότε
500 2078 829 2149 συνέδραμον
846 2076 938 2129 δύο
955 2073 1288 2147 προφητικαὶ
1313 2072 1515 2141 φωναί·
1535 2070 1706 2140 Φωνὴ
1723 2070 1919 2136 βοῶν-

358 2189 460 2237 τος
488 2171 560 2223 ὲν
582 2168 655 2238 τῇ
672 2168 869 2236 ἐρήμῳ
888 2182 901 2194 ·
928 2166 1041 2229 καὶ,
1073 2162 1243 2232 Φωνὴ
1263 2164 1486 2231 Κυρίου
1522 2162 1620 2215 ἐπὶ
1642 2162 1760 2216 τῶν
1772 2163 1915 2217 ὑδά-

355 2279 491 2315 των.
530 2259 589 2312 ⁸0
623 2257 798 2328 κῆρυξ
822 2257 919 2326 τῆς
947 2254 1203 2327 ἀληθείας
1236 2253 1391 2319 ἐϐόα,
1420 2253 1514 2307 καὶ
1556 2254 1609 2305 '0
1633 2253 1776 2320 Θεὸς
1808 2252 1918 2321 τῆς

352 2352 538 2419 δόξης
582 2350 845 2423 ἐϐρόντα.
896 2346 1005 2399 Καὶ
1047 2341 1115 2416 ἦν
1146 2346 1264 2398 ἐκεῖ
1294 2347 1328 2417 ή
1363 2343 1713 2416 προσκυνητὴ
1750 2343 1918 2414 Τριὰς

354 2442 454 2512 τὴν
490 2440 659 2508 αὐτῆς
699 2437 858 2501 δόξαν
897 2435 1303 2507 ἀστράπτουσα.
1348 2434 1539 2506 Πατὴρ
1577 2433 1779 2487 ἄνωθεν
1827 2433 1918 2486 τὸν

356 2533 485 2585 Υἱδν
506 2530 815 2601 κηρύττων,
845 2527 974 2591 Υἱὸς
1018 2525 1262 2581 κάτωθεν
1282 2525 1728 2598 τὴνοίκονομίαν
1778 2524 1918 2596 πλη-

366 2625 494 2697 ρῶν,
519 2624 578 2677 τὸ
600 2622 820 2693 Πνεῦμα
842 2620 902 2673 τὸ
925 2621 1077 2690 άγιον
1094 2618 1491 2690 ὲπισφραγίζον
1512 2618 1611 2691 τὴν
1643 2618 1918 2689 θεοπρεπῆ

360 2714 769 2788 μυσταγωγίαν.
790 2713 897 2767 Καὶ
918 2711 1068 2782 φωνὴ
1095 2711 1333 2781 τοσαύτη
1356 2710 1566 2779 γίνεται
1586 2708 1922 2781 μαρτυροῦν-

355 2822 448 2870 τος
478 2802 680 2858 ἄνωθεν
713 2800 806 2853 τοῦ
841 2798 1054 2870 Πατρὸς
1103 2798 1180 2868 τῷ
1232 2796 1428 2850 ἑαυτοῦ
1480 2797 1795 2865 Μονογενεῖ,
1844 2792 1922 2856 ὼς

358 2895 642 2967 σχισθῆναι
696 2892 899 2948 ἄνωθεν
948 2892 1075 2955 τοὺς
1145 2889 1425 2960 οὐρανούς.
1481 2889 1921 2953 Ἄναϐαίνοντος

356 2989 486 3059 γὰρ,
514 2987 665 3058 φησὶ,
689 2985 795 3041 τοῦ
835 2982 1028 3052 Ἰησοῦ
1052 2983 1169 3037 ἀπὸ
1208 2982 1314 3036 τοῦ
1353 2981 1593 3047 ὕδατος,
1632 2982 1920 3050 ἐσχίσθη-

360 3095 482 3132 σαν
500 3080 554 3131 οὶ
572 3076 816 3143 οὐρανοί
821 3117 833 3129 .
866 3075 939 3129 Ού
966 3074 1073 3144 γὰρ
1101 3074 1336 3145 ἡνεγκαν
1357 3072 1456 3144 τὴν
1482 3072 1663 3143 φωνην
1685 3073 1782 3143 τῆς
1798 3088 1919 3125 τοσ-

2018 609 2284 672 veritatis,
2314 624 2454 679 opus
2488 618 2633 665 esset
2657 609 2970 667 accessione
3016 608 3270 672 lucernae,
3320 608 3402 663 sol
3427 607 3571 661 enim

2018 706 2136 751 erat
2159 697 2415 767 justitias;
2455 706 2512 752 at
2542 698 2673 771 quia
2714 698 3044 753 occultatum
3090 697 3147 752 in
3186 711 3352 753 carne
3395 694 3603 750 Domi-r-

2019 803 2171 853 num,
2200 788 2473 858 cognitum
2505 787 2759 853 faciebat,
2786 796 3040 856 tanquam
3090 790 3145 845 in
3179 796 3358 853 nocte,
3388 786 3575 842 Judai—
3600 820 3605 823 Α

2020 895 2098 934 ca:
2144 879 2478 948 reipublicae,
2511 879 2787 934 lucernam
2834 880 3150 937 illuminans
3177 876 3344 935 Verbi
3376 876 3574 933 divini.

2022 969 2257 1027 Vocatur
2285 969 2446 1041 igitur
2473 969 2694 1024 lucerna
2724 970 2937 1025 merito.

2095 1061 2225 1117 Vlll.
2254 1061 2448 1121 Videte
2476 1076 2643 1133 porro
2671 1076 2784 1117 rem
2809 1061 3133 1124 mirabilem,
3160 1060 3380 1117 fratres.
3395 1057 3579 1125 Quau-
3610 1092 3613 1095 -

2020 1156 2092 1211 do
2126 1156 2392 1229 processit
2440 1154 2507 1209 ad
2546 1153 2940 1213 incarnationis
2973 1151 3439 1227 dispensationem
3471 1146 3578 1203 Do-

2021 1247 2205 1303 minus
2236 1249 2330 1317 qui
2366 1246 2651 1302 nobiscum
2674 1250 3032 1300 conversatus
3048 1250 3155 1307 est.
3172 1242 3335 1296 homo
3357 1247 3582 1311 propter

2020 1336 2473 1407 henignissimam
2508 1334 2906 1390 humanitatem
2957 1330 3158 1396 factus,
3212 1338 3442 1401 eratque
3470 1337 3583 1384 stn-

2022 1426 2256 1496 pendutn
2302 1426 2649 1491 miraculum,
2677 1423 2844 1479 Deum
2876 1422 3086 1479 versari
3131 1422 3278 1478 inter
3308 1421 3580 1485 homines,

2020 1534 2145 1575 cum
2190 1516 2364 1572 servis
2401 1515 2711 1578 Dominum,
2765 1528 2892 1568 cum
2924 1512 3197 1569 creaturis
3251 1519 3578 1573 creatorem.

2019 1605 2477 1662 sanctiﬁcatorem
2530 1620 2653 1659 cum
2706 1603 3104 1659 sanctiﬁcatis:
3159 1612 3291 1657 tunc
3343 1599 3580 1656 Joannes

2020 1698 2280 1770 praedicat
2312 1697 2458 1752 illius
2482 1696 2830 1767 dignitatem,
2863 1695 3169 1766 licebatque
3188 1693 3372 1749 videre
3394 1693 3580 1761 prodi-

2020 1793 2168 1863 gium
2226 1805 2392 1861 supra
2450 1804 2666 1845 omnem
2700 1788 3049 1859 opinionem;
3084 1787 3313 1850 licebat,
3336 1786 3579 1856 inquam,

2015 1883 2196 1939 videre
2211 1884 2493 1939 lucernam
2517 1882 2905 1952 suscipientem
2929 1881 3099 1936 solem
3119 1879 3351 1950 iustitiae
3371 1878 3578 1934 Jesum.

2019 1972 2410 2028 Universorum
2466 1970 2611 2025 enim
2669 1968 3070 2040 redemptorem
3116 1967 3430 2033 Dominum,
3486 1967 3603 2037 qui.

2016 2065 2387 2134 redemptione
2424 2064 2706 2136 indigebat
2735 2063 2900 2119 homo
2926 2061 3257 2132 baptizabat.
3275 2074 3389 2114 non
3408 2066 3583 2113 teme-

2016 2157 2162 2211 rario
2185 2171 2320 2211 ausu
2342 2170 2453 2209 rem
2472 2169 2788 2226 aggressus,
2806 2152 2903 2210 sed
2920 2152 3179 2208 mandato
3198 2149 3578 2208 subserviens.

2018 2245 2172 2301 Tunc
2198 2246 2344 2301 enim
2375 2260 2526 2310 vero,
2570 2253 2703 2299 tunc
2736 2250 3136 2300 concurrerunt
3177 2242 3299 2297 duae
3341 2241 3579 2311 prophe-

2017 2336 2139 2389 tica:
2159 2349 2319 2389 voces
2350 2351 2364 2385 :
2414 2334 2525 2388 Vox
2546 2334 2828 2388 clamantis
2851 2334 2904 2388 in
2924 2331 3129 2388 deserto
3149 2333 3216 2399 ",
3236 2340 3312 2401 et,
3352 2332 3462 2387 Vox
3478 2332 3584 2386 Do-

2018 2425 2149 2478 mini
2181 2438 2335 2491 super
2376 2440 2541 2494 aquas
2573 2424 2637 2476 ¹⁸.
2690 2422 2879 2477 Pramo
2908 2422 3155 2479 veritatis
3195 2422 3489 2488 clamabat,
3527 2431 3586 2477 et

2019 2513 2158 2568 Deus
2190 2514 2487 2585 majestatis
2533 2514 2764 2566 intonuit
2794 2514 2861 2568 ’⁸.
2903 2514 3138 2582 Eratque
3180 2510 3258 2566 ibi
3305 2512 3599 2568 adoranda-

2018 2602 2283 2670 ‘l‘rinitas,
2314 2619 2435 2676 qua:
2466 2604 2694 2676 gloriam
2728 2618 2882 2660 suam
2912 2603 3170 2675 aﬂulgere
3198 2604 3456 2662 faciebat.
3481 2606 3586 2662 Pa-

2018 2705 2103 2752 ter
2123 2711 2287 2768 supra
2320 2694 2518 2752 Filium
2542 2696 2872 2766 pradicans,
2910 2693 3085 2752 Filius
3127 2696 3272 2752 infra
3290 2696 3584 2773 dispensa-

2020 2788 2221 2845 tionem
2246 2788 2499 2859 implens,
2536 2786 2779 2858 Spiritus
2803 2798 3050 2853 sanctus,
3082 2789 3240 2859 quasi
3271 2790 3453 2860 sigillo
3482 2806 3582 2849 suo

2020 2880 2350 2936 conﬁrmans
2398 2878 2513 2935 Deo
2558 2878 2782 2952 dignam
2822 2879 3244 2936 institutionem.
3300 2881 3365 2937 Et
3411 2887 3587 2954 usque

2020 2972 2155 3026 adeo
2184 2986 2378 3043 magna
2407 2970 2549 3025 facta
2581 2980 2666 3027 est
2694 2986 2820 3036 vox,
2848 2969 3009 3026 Patre
3039 2970 3272 3042 desuper
3296 2970 3611 3043 Unigcnito-

2022 3079 2125 3120 suo
2152 3063 2522 3120 testimonium
2555 3063 2899 3133 perhibente,
2931 3072 2991 3119 ut
3025 3063 3200 3134 aperti
3228 3062 3434 3118 fuerint
3460 3065 3585 3119 creti

362 3171 529 3244 αὐτης
569 3167 891 3241 μαρτυρίας,
927 3164 1212 3238 φρίξαντες
1238 3164 1335 3235 τὴν
1360 3164 1540 3218 ἔνθεον
1564 3162 1891 3232 οίκονομίαν.

2026 3155 2277 3225 desuper.
2302 3153 2622 3208 Ascendeute
2647 3154 2818 3219 enim,
2852 3155 2952 3218 ait,
2992 3153 3024 3208 J
3032 3170 3124 3210 esu
3151 3154 3216 3209 de
3246 3171 3407 3225 aqua,
3431 3157 3587 3211 scissi

435 3428 515 3480 ϐ’.
556 3425 691 3478 Ἀλλ’
716 3428 816 3497 ὅρα
843 3427 903 3479 τὸ
943 3425 1271 3497 θαυμαστόν.
1331 3426 1395 3477 Ἡ
1431 3425 1581 3496 φωνὴ
1625 3424 1762 3496 αὕτη
1799 3426 1924 3489 τοὺς

362 3522 623 3593 οὐρανοὺς
642 3520 874 3590 ἔσχισεν.
906 3519 1000 3572 καὶ
1023 3520 1330 3589 αἱρετικοὺς
1358 3519 1456 3572 οὐκ
1482 3518 1743 3588 ἐφόϐησεν
1760 3534 1774 3548 ·
1808 3514 1922 3574 Οὖο

363 3615 466 3678 τός
484 3613 656 3665 ἐστιν
681 3614 714 3663 ό
738 3613 869 3676 Υἱός
883 3628 1023 3680 μου,
1052 3614 1083 3664 ό
1102 3610 1425 3680 ἀγαπητὸς,
1456 3610 1640 3662 αὑτοῦ
1656 3610 1921 3664 ἀκούετε.

375 3701 592 3771 Ἐπειδὴ
639 3700 935 3770 προέλαϐεν
971 3700 1132 3770 νόμος
1172 3699 1479 3768 κηρύττων,
1508 3699 1603 3751 κα).
1650 3699 1925 3770 προφῆται

361 3789 855 3859 εὐαγγελιζόμενοι,
887 3789 973 3841 ἵνα
1004 3788 1079 3859 μή
1104 3804 1186 3850 τις
1217 3788 1285 3857 τῇ
1320 3785 1562 3857 προτέρᾳ
1596 3788 1926 3840 καταστάσει

360 3882 462 3951 τῆς
518 3879 811 3949 Ἰουδαϊκῆς
866 3876 1118 3948 λατρείας
1163 3877 1445 3947 ἑπόμενος,
1501 3873 1782 3946 ἀπώσηται
1838 3876 1929 3929 τὸν

361 3972 527 4041 ζυγὸν
550 3971 653 4041 τῆς
689 3969 1044 4039 εὐαγγελικῆς
1064 3969 1305 4039 χάριτος,
1337 3969 1370 4038 ἡ
1401 3967 1519 4019 θεία
1553 3968 1703 4037 φωνὴ
1727 3966 1926 4037 διέκρι-

361 4080 451 4116 νεν
498 4064 561 4115 τὸ
603 4062 866 4116 οἰκετικὸν
898 4061 1005 4116 ἀπὸ
1052 4060 1158 4113 τῶν
1206 4055 1539 4112 δεσποτικῶν
1582 4056 1924 4128 ἀξιωμάτων.

362 4155 561 4211 Αὐτοῦ
592 4155 871 4216 ἀκούετε,
919 4151 1158 4224 δηλονότι
1194 4151 1289 4203 τοῦ
1333 4149 1589 4221 Χριστοῦ.
1634 4148 1929 4218 Πλιῖρωμα

363 4250 475 4319 τὰρ
502 4249 689 4317 νόμου
716 4245 990 4315 Χριστὸς,
1010 4244 1281 4314 πλήρωμα
1309 4241 1417 4295 τῶν
1434 4240 1649 4311 ἀγαθῶν
1675 4240 1926 4312 Χριστός.

363 4340 430 4394 Εἰ
451 4340 562 4410 γάρ
595 4340 688 4392 καὶ
715 4336 1011 4409 προέλαϐον
1041 4337 1097 4387 ὲν
1134 4334 1213 4404 τῷ
1251 4335 1400 4405 νόμῳ
1446 4333 1526 4404 τῷ
1556 4332 1833 4404 Μωσαῖκῷ
1873 4335 1928 4386 αἱ

363 4433 626 4500 εὐλογίαι,
660 4431 774 4484 ἀλλ’
831 4431 930 4482 οὐκ
980 4423 1116 4499 ἦσαν
1163 4425 1413 4491 ἐντελεῖς,
1466 4426 1809 4496 ἐκδεχόμεναι
1837 4424 1929 4477 τὸν

2027 3253 2148 3299 sunt
2173 3243 2289 3297 caeli
2310 3243 2374 3295 ὀ.
2412 3244 2531 3298 Νοη
2557 3244 2701 3299 enim
2748 3244 2994 3299 tulerunt
3034 3260 3220 3301 vocem
3258 3247 3395 3301 tanti
3429 3246 3586 3304 testi-

2026 3339 2216 3400 monii,
2243 3338 2528 3393 horrentes
2566 3335 2806 3391 divinam
2834 3336 3318 3409 dispensationem.

2098 3427 2188 3481 IX.
2218 3426 2322 3481 Sed
2354 3426 2573 3481 adverte
2597 3426 2918 3497 prodigium.
2954 3425 3029 3481 Ea
3060 3441 3165 3481 vos
3197 3427 3370 3482 coelos
3398 3428 3597 3496 scidit,

2028 3528 2080 3575 et
2105 3519 2389 3574 haereticos
2417 3532 2523 3571 non
2555 3518 2823 3587 perculit:
2856 3515 2959 3570 Hic
2979 3526 3057 3572 est
3089 3515 3263 3573 Filius
3284 3535 3429 3573 meus
3451 3520 3590 3574 dile-

2028 3621 2142 3669 ctus
2173 3611 2240 3677 “,
2267 3611 2367 3681 ipsi
2400 3611 2697 3665 auscultate
2727 3612 2793 3663 “.
2819 3608 2956 3676 Quia
2994 3623 3468 3682 pmocupavcrst
3499 3614 3597 3669 lex.

2028 3700 2272 3763 edicens,
2307 3709 2361 3755 et
2389 3700 2667 3771 prophetae
2687 3700 3125 3770 evangeliwtes
3149 3740 3166 3765 ,
3208 3717 3280 3756 ne
3325 3705 3450 3773 quis
3498 3719 3588 3759 se-

2029 3799 2191 3845 cutus
2242 3789 2476 3860 priorem
2514 3788 2727 3845 Iudaici
2775 3792 2954 3846 cultus
2972 3790 3584 3863 institutionem,rcpel-

2032 3883 2165 3937 leret
2191 3882 2515 3951 evangelicae
2542 3881 2728 3951 gratia:
2746 3880 2964 3952 jugum.
2994 3881 3181 3938 divina
3212 3898 3317 3938 vox
3338 3882 3589 3940 distinxit

2028 3971 2251 4025 herilem
2279 3985 2310 4023 a
2338 3970 2525 4024 famuli
2559 3970 2934 4040 dignitatibus.
2961 3966 3070 4038 ipsi
3099 3972 3416 4037 auscultate,
3430 3972 3589 4026 Chri-

2030 4071 2115 4117 sto
2129 4061 2398 4116 videlicet.
2428 4060 2709 4114 Plenitudo
2730 4064 2868 4115 enim
2894 4062 3020 4130 legis
3054 4060 3296 4117 Christus
3323 4064 3390 4124 ³³.
3415 4065 3588 4133 pleni-

2030 4154 2158 4207 tudo
2187 4152 2454 4206 bonorum
2484 4149 2759 4207 Christus.
2787 4149 2901 4204 Etsi
2919 4152 3063 4206 enim
3102 4164 3502 4222 praeesses-unt
3530 4156 3587 4207 in

2030 4243 2148 4312 lege
2176 4240 2412 4296 Mosaiea
2451 4240 2877 4303 benedictiones,
2909 4250 2966 4294 at
2993 4255 3103 4296 non
3125 4250 3287 4297 erant
3309 4243 3605 4312 perfectae,

2028 4339 2405 4403 exspectantes
2451 4329 2738 4385 Dominum
2783 4341 3080 4385 nostrum:
3124 4330 3194 4388 de
3229 4348 3340 4403 quo
3384 4330 3590 4389 Paulus

2031 4427 2107 4479 ait
2137 4440 2151 4477 :
2185 4422 2462 4479 Plenitudo
2491 4422 2617 4492 legis
2635 4421 2897 4478 Christus.
2954 4421 3074 4478 Vin’
3106 4439 3179 4479 ex.
3205 4439 3266 4479 re
3301 4425 3584 4481 manifesta

365 4524 571 4599 Κύριον
594 4522 770 4592 ἡμῶν,
804 4521 930 4591 περὶ
957 4513 1017 4573 οὗ
1052 4534 1216 4587 φησιν
1251 4518 1280 4568 6
1334 4515 1573 4578 Παῦλος·
1632 4513 1923 4583 Πλήρωμα

2031 4517 2310 4572 exhibeam
2335 4515 2432 4569 tibi
2460 4516 2745 4571 veritatem
2792 4516 2983 4571 vadem
3017 4515 3326 4573 dictorum?
3352 4517 3585 4574 Attende

365 4623 554 4688 νόμου
578 4616 852 4686 Χριστός.
882 4613 992 4665 Καὶ
1012 4610 1205 4675 θέλεις,
1230 4611 1294 4662 ὲκ
1319 4610 1639 4680 πράγματος
1668 4606 1930 4676 ἐναργοῦς

371 4709 704 4780 παραστήσω
730 4724 811 4760 σοι
840 4705 939 4775 τὴν
955 4702 1211 4773 ἀλήθειαν
1238 4701 1432 4772 ἔγγυον
1457 4697 1564 4751 τῶν
1592 4698 1928 4771 είρημένων;

368 4802 607 4873 Πρόσεχε
627 4797 886 4870 ἀκριϐῶς.
917 4793 1399 4863 ΚελεύειΜωῦσῆς
1440 4793 1467 4844 6
1507 4790 1801 4862 νομοθέτης
1838 4807 1931 4860 με·

364 4893 734 4967 ρισθῆναιτάς
756 4889 960 4943 δώδεκα
982 4886 1151 4960 φυλὰς
1180 4886 1273 4939 τοῦ
1313 4883 1549 4955 Ἰσραὴλ,
1575 4884 1668 4936 καὶ
1700 4883 1798 4946 τὰς
1833 4883 1930 4953 μὲν

364 4986 432 5050 ἒξ
459 4983 631 5055 φυλὰς
663 4984 755 5037 επ).
784 4982 845 5035 τὸ
866 4981 990 5053 ὅρος
1027 4979 1214 5048 ἀνάγει
1241 4978 1301 5031 τὸ
1334 4978 1372 5029 Γ
1375 4976 1535 5047 η6ὰλ,
1576 4978 1672 5039 τὰς
1711 4977 1768 5029 δὲ
1810 4977 1929 5030 ἑτέ-

368 5093 472 5147 ρας
495 5073 559 5137 ἓξ
583 5075 661 5137 εις
682 5072 746 5125 τὸ
768 5070 892 5142 ὅρος
921 5070 983 5122 τὸ
1011 5069 1276 5140 Γαρίζειν,
1314 5066 1407 5119 καὶ
1440 5065 1653 5118 κελεύει
1686 5065 1785 5129 τὰς
1836 5065 1932 5135 μὲν

364 5165 632 5237 εὐλογεῖν,
670 5164 768 5227 τὰς
787 5161 844 5216 δὲ
868 5158 1228 5231 καταρᾶσθαι.
1250 5157 1504 5226 Εὑλογεῖν
1534 5157 1632 5222 μὲν
1654 5157 1779 5220 τοὺς
1803 5174 1932 5209 κατ-

362 5257 665 5331 ορθοῦντας
686 5255 779 5308 τὸν
821 5254 1016 5323 νόμον,
1064 5251 1399 5321 καταρᾶσθαι
1422 5249 1480 5302 δὲ
1511 5251 1635 5311 τοὺς
1660 5247 1933 5316 παραϐαί-

362 5366 578 5412 νυντας.
621 5346 688 5399 τί
732 5342 863 5411 οὗν;
909 5344 1032 5396 Ἐπὶ
1072 5341 1168 5411 μὲν
1189 5341 1295 5393 τῶν
1314 5340 1565 5411 καταρῶν
1595 5340 1821 5394 ἀπασῶν
1861 5337 1928 5410 ἧν

363 5439 708 5510 ἑπαγόμενον
730 5436 1146 5508 ὲπισφράγισμα
1164 5449 1176 5463 ·
1214 5431 1449 5498 Ἐροῦσι
1468 5432 1575 5501 τὰρ
1596 5434 1649 5485 οἱ
1672 5432 1926 5485 Λευῖται·

381 5518 846 5599 Ἐπικατάρατος
863 5530 895 5581 ὁ
922 5522 1449 5595 ἐγκαταλιμπάνων
1473 5523 1575 5575 τὸν
1605 5523 1808 5591 νόμον,
1835 5522 1931 5575 καὶ

365 5624 627 5697 ἑμεῖπᾶς
658 5627 691 5678 ὁ
722 5623 903 5685 λαός·
960 5616 1157 5687 Ἀμήν,
1212 5613 1661 5681 Ἐπικατάρατος
1713 5619 1745 5668 ό
1795 5616 1931 5670 δου-

450 5746 493 5778 ¹⁷
524 5745 643 5802 lsai.
676 5760 768 5805 η,
790 5741 847 5794 5.
924 5739 964 5769 “
995 5736 1136 5793 Psal.
1165 5734 1409 5805 xxvntt,3.
1489 5734 1528 5765 ¹⁹
1571 5734 1701 5789 ibid.

380 5814 538 5879 ι,17.
612 5816 659 5846 ³³
701 5803 861 5866 llom.
894 5824 1022 5872 xm,
1056 5806 1138 5861 l0.
1216 5807 1259 5836 ’³
1297 5803 1447 5858 Deut.
1496 5819 1662 5866 χχιιι.
1702 5805 1769 5859 26
1797 5847 1809 5870 ,
1848 5808 1933 5860 lii.

1780 5739 1823 5767 ³⁸
1873 5738 2055 5796 Matth.
2102 5756 2199 5805 ιιι,
2252 5738 2335 5791 16.

2031 4609 2333 4680 diligenter.
2362 4605 2524 4662 lubet
2560 4605 2773 4678 Moyses
2792 4608 3068 4678 legislator
3097 4607 3267 4663 dividi
3302 4609 3584 4666 duodecim

2031 4700 2207 4756 tribus
2235 4699 2420 4762 Israel,
2452 4706 2510 4752 et
2535 4714 2630 4754 sex
2660 4698 2877 4769 quidem
2910 4700 3176 4756 tribusin
3205 4709 3443 4756 montem
3484 4703 3590 4757 duo

2032 4790 2109 4845 cit
2136 4788 2324 4852 Gebal,
2368 4789 2611 4857 reliquas
2643 4804 2773 4844 vero
2802 4805 2919 4853 sex,
2975 4789 3030 4844 in
3071 4789 3292 4846 Garizin
3323 4801 3599 4854 montem,

2032 4882 2358 4952 mandatque
2382 4890 2439 4936 ut
2459 4882 2579 4935 aliae
2602 4881 2942 4946 benedicant,
2972 4882 3093 4937 alia
3119 4883 3464 4938 maledicam.
3485 4884 3587 4940 Be-

2035 4976 2291 5030 nedicant
2317 4974 2453 5045 legis
2485 4975 2863 5028 observatores
2885 5013 2903 5038 ,
2945 4981 3384 5043 transgressores
3417 4977 3584 5030 male-

2035 5067 2237 5121 dicant.
2261 5064 2405 5132 Quid
2434 5065 2602 5136 ergo?
2628 5063 2683 5118 In
2717 5065 2972 5120 omnibus
2996 5065 3471 5121 maledictionihus
3505 5067 3586 5119 in.

2034 5159 2224 5213 dutum
2259 5164 2377 5211 erat
2407 5156 2572 5210 veluti
2603 5156 2872 5224 quoddam
2898 5156 3136 5227 sigillum
3163 5171 3183 5208 ι
3229 5154 3413 5211 Dicent
3452 5158 3588 5211 enim

2033 5249 2264 5304 Levitw:
2301 5246 2617 5301 Maledictus
2663 5248 2752 5316 qui
2792 5249 3078 5301 deseruerit
3110 5248 3309 5318 legem;
3356 5258 3407 5303 et
3451 5248 3591 5301 dicet

2037 5342 2204 5397 omnis
2233 5339 2478 5409 populus,
2504 5340 2687 5392 Amen.
2715 5336 3038 5393 Maledictus
3059 5340 3149 5403 qui
3166 5338 3293 5393 colit
3312 5338 3433 5392 deos
3455 5337 3590 5392 alie-

2037 5449 2166 5494 nos;
2193 5443 2240 5486 ct
2261 5432 2396 5485 dicet
2414 5431 2581 5485 onmis
2613 5429 2855 5499 populus,
2884 5431 3047 5487 Amen
3074 5434 3141 5485 ’⁵.
3171 5432 3345 5499 Atque
3370 5430 3427 5484 in
3447 5446 3589 5501 quo-

2035 5542 2139 5594 quc
2159 5532 2430 5593 praecepto
2469 5522 2742 5593 impendet
2770 5522 2933 5575 Amen
2981 5522 3494 5591 trausgressoribut.
3526 5522 3595 5580 In

2036 5615 2502 5672 benedictionibus
2524 5629 2651 5667 vero
2672 5614 2767 5676 ait,
2796 5612 2978 5665 dicent
3006 5611 3233 5667 Levites:
3273 5613 3587 5674 Benedictus

2415 5739 2453 5767 ²¹
2502 5733 2630 5786 ibid.
2670 5730 2750 5783 18.
2830 5730 2874 5758 ’³
2904 5728 3088 5782 Matth.
3121 5745 3252 5795 xv",
3280 5733 3333 5790 5.
3391 5730 3604 5790 ll’etr..
