4034 6340
438 421 506 477 9.5
1446 416 1806 477 SEVERIANI
1846 422 1932 478 CA
1941 421 2267 479 BALORUM
2310 422 2619 479 EPISCOPI
3592 423 3662 477 9.5

428 525 524 594 qui
538 524 768 580 custodit
802 528 960 598 legem
988 527 1202 583 Domini
1221 546 1238 593 ;
1257 526 1555 583 benedictus
1583 532 1639 584 in
1669 549 1817 603 agro,
1840 532 1992 589 bene--

2095 537 2291 591 λεύων
2344 535 2501 601 θεοῖς
2536 534 2894 603 ἀλλοτρίοις,
2943 535 3040 587 καὶ
3093 531 3216 601 ἐρεῖ
3260 529 3377 599 πᾶς
3405 533 3437 586 ὀ
3480 533 3697 599 λαο’ς.⁴

429 616 603 671 uictus
636 617 692 670 in
710 618 921 673 civitate
953 619 1023 683 ³⁸,
1052 629 1107 675 et
1122 618 1369 689 nuspiam
1400 619 1456 673 in
1481 621 1591 675 ulla
1622 624 1992 682 benedictione

430 714 594 764 Amen
632 722 930 782 comparet.
980 711 1092 766 Cur
1123 712 1287 782 igitur
1317 702 1723 772 maledictiones
1756 718 1990 787 sigillum

429 799 758 869 suscipiunt,
783 801 1187 857 benedictiones
1212 815 1341 857 vero
1372 818 1482 858 non
1513 803 1681 859 item?
1709 805 1849 873 Quid
1889 808 1992 862 sibi

428 890 545 942 vult
574 890 679 945 hoc
707 892 1031 962 symbolum,
1054 890 1188 962 quid
1217 892 1397 948 innuit
1438 895 1541 949 hoc
1583 898 1848 968 :eniglna?
1880 898 1992 953 Lex

428 981 729 1036 sententias
783 982 1126 1037 exsecutioni
1170 985 1499 1051 mandabat,
1552 987 1991 1043 benedictionum

425 1080 606 1126 autem
632 1072 985 1127 eonllrmator
1008 1082 1094 1127 est
1123 1072 1402 1131 Christus.
1440 1075 1505 1129 Et
1548 1078 1676 1147 quia
1707 1078 1994 1148 oportebat

423 1175 545 1228 quae
576 1161 710 1231 legis
739 1167 869 1215 sunt
888 1162 1107 1231 propria
1138 1163 1243 1233 legi
1280 1180 1525 1221 asserere
1545 1206 1560 1231 ,
1592 1176 1647 1221 et
1689 1169 1834 1237 quod
1867 1185 1994 1238 pro-

422 1252 603 1320 prium
634 1259 721 1306 est
747 1253 1076 1322 evangelicae
1101 1255 1309 1323 gratiae,
1342 1258 1530 1327 gratiae
1550 1260 1840 1322 reservari,
1866 1276 1994 1330 pro-

422 1352 608 1412 pterea
642 1354 1027 1399 remanserunt
1064 1346 1475 1405 benedictiones
1505 1349 1764 1420 deinceps
1799 1366 1993 1421 exspe-

420 1444 633 1489 ctantes
658 1433 847 1490 Amen.

2109 624 2304 695 Ἀμήν.
2342 625 2447 679 Καὶ
2487 627 2570 694 ἐφ’
2619 625 2824 696 ἑκάστῃ
2856 624 3045 696 ἐντολῇ
3081 623 3350 678 ἐπίκειται
3390 623 3450 677 τὸ
3491 621 3668 693 Ἀμὴν

2094 716 2207 780 τοῖς
2252 714 2665 787 παραϐαίνουσι.
2729 713 2852 767 Ἐπὶ
2906 712 2963 767 δὲ
3002 716 3123 777 ταῖς
3145 714 3418 783 εὐλογίαις
3460 713 3665 786 ἐροῦσι,

2098 804 2281 877 φησὶν,
2311 806 2362 858 οί
2383 803 2604 859 Λευῖται
2624 820 2637 835 '
2663 803 3085 875 Εὐλογημένος
3122 809 3155 859 ό
3195 804 3531 874 φυλάσσων
3562 804 3669 857 τὸν

2096 899 2284 967 νόμον
2303 898 2547 966 Κυρίου,
2573 898 2977 968 εὐλογημένος
3012 897 3082 951 ἑν
3114 895 3291 967 ἀγρῷ,
3342 897 3667 965 εὐλογημέ-

2097 1007 2205 1057 νος
2227 990 2297 1044 ἐν
2317 992 2511 1053 πόλει,
2532 990 2624 1043 καὶ
2643 987 2878 1061 οὐδαμοῦ
2903 989 2964 1042 τὸ
3015 988 3194 1058 Ἀμὴν
3222 989 3279 1040 ὲν
3307 987 3531 1058 οὐδεμιᾷ
3558 988 3666 1039 τῶν

2100 1079 2379 1149 εὐλογιῶν.
2406 1080 2470 1132 Τί
2494 1077 2585 1132 οὖν
2616 1081 2668 1132 αἱ
2698 1079 2932 1150 κατάραι
2963 1077 3295 1149 λαμϐάνουσι
3318 1077 3378 1130 τὸ
3399 1078 3663 1147 ἐπισφρα-

2098 1186 2295 1241 γισμα,
2318 1174 2372 1224 αἱ
2410 1170 2469 1223 δὲ
2493 1170 2733 1239 εὐλογίαι
2762 1170 2822 1223 οὐ
2853 1170 3100 1240 δέχονται
3130 1169 3228 1240 τὴν
3277 1168 3573 1240 σφραγῖδα;
3601 1167 3666 1219 Τί

2100 1263 2346 1335 βούλεται
2379 1262 2440 1316 τὸ
2467 1262 2755 1334 σύνθημας
2785 1262 2837 1315 τί
2867 1262 3160 1333 ἑρμηνεύει
3187 1262 3247 1315 τὸ
3268 1261 3529 1331 αἵνιγμα;
3559 1259 3667 1313 τῶν

2098 1351 2424 1421 ἀποφάσεων
2475 1352 2764 1425 πληρωτὴς
2815 1347 2881 1424 ἦν
2924 1354 2951 1405 ὁ
2978 1353 3157 1423 νόμος,
3183 1352 3291 1404 τῶν
3324 1350 3379 1403 δὲ
3410 1348 3667 1418 εὐλογιῶν

2099 1444 2397 1516 βεϐαιωτὴς
2436 1444 2662 1514 Ἰησοῦς.
2708 1444 2923 1515 Ἐπειδὴ
2951 1443 3009 1497 δὲ
3034 1443 3140 1496 ἔδει
3160 1442 3229 1497 τὰ
3257 1442 3354 1514 μὲν
3387 1441 3480 1496 τοῦ
3502 1442 3666 1511 νόμου

420 1528 531 1582 ῐδια
547 1529 765 1600 δοθῆναι
790 1529 870 1601 τῷ
896 1531 1066 1602 νόμῳ,
1102 1532 1165 1585 τὸ
1189 1532 1245 1585 δὲ
1267 1534 1363 1604 τῆς
1390 1536 1749 1607 εὐαηελικῆς
1792 1537 2011 1608 χάριτος
2040 1536 2376 1607 φυλαχθῆναι
2416 1539 2484 1607 τῇ
2531 1536 2740 1607 χάριτι,
2770 1536 2992 1605 ἔμειναν
3032 1536 3087 1590 αἱ
3117 1533 3395 1603 εὐλογίαι,
3433 1533 3531 1602 τὴν
3575 1529 3666 1583 τοῦ

432 1620 613 1690 Ἀμὴν
643 1621 962 1695 προσθήκην
990 1623 1051 1676 τὸ
1077 1624 1261 1677 λοιπὸν
1291 1627 1664 1697 ἐπιζητοῦσαι.

492 1714 559 1768 Χ.
586 1719 665 1771 Ac
696 1734 763 1774 ne
791 1721 876 1775 cui
906 1732 1130 1777 coactus
1145 1724 1397 1779 videatur
1422 1741 1604 1780 sermo
1627 1734 1836 1793 noster,
1861 1726 1992 1797 quin

2172 1726 2225 1777 l'.
2257 1725 2373 1776 ’Ὶνα
2393 1723 2448 1775 δὲ
2476 1721 2549 1794 μὴ
2572 1721 2699 1794 δόξῃ
2731 1739 2811 1785 τις
2838 1719 3191 1791 βεϐιασμένον
3213 1716 3350 1773 εἶναι
3375 1720 3465 1772 τὸν
3491 1718 3669 1787 λόγον.

422 1810 602 1877 potius
620 1828 685 1866 ex
703 1812 937 1882 ipsamet
962 1815 1187 1870 veritate
1213 1817 1586 1872 testimonium
1611 1819 1853 1880 haberet,
1869 1822 1992 1874 audi

2098 1815 2230 1869 ἀλλὰ
2255 1814 2451 1885 μᾶλλον
2480 1812 2539 1879 ἐξ
2569 1814 2735 1884 αὐτῆς
2756 1814 2853 1884 τῆς
2880 1812 3134 1884 ἀληθείας
3161 1813 3666 1885 μεμαρτυρημένον,

418 1899 648 1956 Paulum
698 1902 1013 1959 dicentem:
1077 1907 1329 1962 Dominus
1383 1919 1557 1963 autem
1601 1921 1779 1965 noster
1833 1910 1989 1966 Jesus

422 1990 662 2047 Christus
692 2011 795 2049 non
824 1995 926 2065 fuit
956 1999 1135 2069 utique
1158 2010 1209 2055 et
1236 2001 1468 2066 minime,
1492 2001 1582 2055 sed
1609 2004 1788 2071 utique
1810 2004 1863 2057 in
1883 2005 1996 2071 ipso

423 2082 542 2150 fuit.
576 2081 841 2153 Quotquot
861 2087 999 2140 enim
1039 2102 1159 2142 sunt
1198 2089 1608 2159 pollicitationes
1651 2090 1741 2145 Dei
1769 2093 1824 2146 in
1872 2092 1991 2153 illo,

421 2174 592 2239 ipsum
612 2178 819 2246 utique;
858 2187 908 2231 et
929 2196 1020 2249 per
1045 2181 1216 2248 illaut,
1248 2183 1419 2252 ipsum
1452 2184 1643 2247 Amen;
1671 2183 1740 2237 ad
1769 2185 1994 2255 gloriam

420 2263 532 2318 Deo
555 2267 622 2319 ".
657 2264 793 2321 Hinc
820 2268 948 2324 licet
969 2270 1271 2342 intelligere
1299 2273 1495 2327 iterum
1520 2273 1661 2344 quod
1698 2274 1904 2328 dictum
1927 2275 1994 2329 ab

420 2356 683 2424 Apostolo
720 2359 822 2414 fuit
858 2378 872 2413 :
912 2361 1051 2426 Quia
1084 2379 1205 2417 cum
1254 2367 1450 2419 mortui
1500 2382 1729 2421 essemus
1766 2369 1992 2436 peccatis

416 2459 468 2501 et
492 2451 750 2519 pra'putio
778 2454 955 2507 carnis
986 2465 1202 2518 nostris,
1242 2458 1625 2528 conviviﬁcavit
1659 2460 1714 2512 in
1753 2458 1870 2525 illo,
1912 2462 1994 2514 in-

416 2542 636 2610 dulgens
666 2543 816 2599 nobis
840 2548 1019 2601 omnia
1050 2557 1263 2615 peccata
1301 2561 1487 2606 nostra
1506 2593 1521 2616 ,
1551 2550 1838 2606 obliterans
1869 2569 1994 2608 con-

418 2636 645 2689 trarium
674 2636 823 2691 nobis
858 2638 1281 2710 chirographum,
1320 2642 1460 2712 quod
1485 2642 1865 2697 adversabatur
1897 2661 1994 2698 no-

419 2726 500 2780 bis
533 2727 600 2781 ".
635 2727 957 2797 Cujusmodi
1006 2732 1473 2803 cliirOgraphum?
1524 2733 1662 2789 Hinc
1708 2734 1875 2790 habes
1914 2736 1993 2790 rei

418 2816 966 2875 demonstrationem.
999 2821 1233 2887 Quando
1279 2823 1423 2877 enim
1457 2825 1735 2879 recensuit
1765 2828 1851 2879 lex
1878 2841 1993 2879 ma-

418 2908 756 2974 ledictiones,
778 2910 954 2980 ipsum
985 2913 1168 2983 populi
1192 2916 1373 2978 Amen,
1394 2914 1726 2985 subscriptio
1746 2915 1991 2985 quaedam

418 3009 537 3054 erat
564 3002 923 3057 audientium.
949 3003 1113 3060 Jesus
1142 3007 1344 3076 quippe
1373 3013 1494 3062 erat
1522 3006 1805 3077 plenitudo
1829 3006 1992 3061 benc-

420 3093 744 3159 tltctionum,
768 3095 860 3166 qui
887 3095 939 3148 in
971 3093 1208 3152 Jordane
1229 3099 1505 3169 apparuit,
1528 3098 1620 3168 qui
1648 3098 1988 3169 prophetiam

2096 1905 2259 1959 ἄκουε
2291 1905 2503 1959 Παύλου
2527 1904 2776 1972 λέγοντος
2799 1920 2813 1934 ο
2859 1903 2921 1957 '0
2954 1902 3063 1973 γὰρ
3096 1904 3312 1970 Κύριος
3360 1903 3528 1973 ἡμῶν
3563 1904 3667 1970 Ἰη-

2095 1998 2245 2063 σοῦς
2270 1997 2526 2065 Χριστὸς
2546 1997 2658 2050 οὐκ
2690 1995 2926 2065 ἐγένετο
2961 1996 3060 2049 ναί
3090 1995 3189 2050 καὶ
3234 1995 3306 2049 οὒ
3325 2038 3341 2063 ,
3374 1995 3534 2050 ἀλλὰ
3567 1998 3667 2050 ναί

2095 2091 2162 2144 ἑν
2182 2090 2342 2154 αὐτῷ
2367 2088 2631 2159 γέγονεν.
2675 2088 2845 2141 Ὅσαι
2884 2087 2994 2158 γὰρ
3041 2088 3387 2159 ἐπαγγελίαι
3423 2087 3568 2142 Θεοῦ
3598 2088 3668 2141 ἑν

2094 2181 2272 2247 αὐτῷ,
2297 2183 2362 2235 τὸ
2386 2182 2516 2235 ναί·
2540 2182 2637 2235 καὶ
2666 2179 2742 2234 δι’
2764 2179 2973 2246 αὐτοῦ,
2999 2180 3067 2234 τὸ
3107 2179 3283 2250 Ἀμὴν
3305 2180 3455 2249 πρὸς
3482 2180 3669 2244 δόξαν

2093 2273 2173 2339 τῷ
2204 2273 2343 2338 Θεῷ.
2394 2271 2676 2326 Ἐντεῦθεν
2695 2271 2843 2325 ἔστιν
2881 2272 3070 2341 νοῆσαι
3104 2271 3265 2326 πάλιν
3293 2272 3352 2325 τὸ
3383 2272 3667 2343 εἰρημένον

2094 2363 2199 2417 ὑπὸ
2231 2362 2324 2418 τοῦ
2362 2361 2683 2416 Ἀποστόλου
2700 2378 2714 2392 ·
2746 2363 2875 2414 Ὅτι
2896 2361 3150 2429 νεκροὺς
3173 2358 3333 2430 ἡμᾶς
3353 2361 3529 2425 ὄντας
3545 2361 3668 2426 τοῖς

2093 2455 2566 2526 παραπτώμασιν
2620 2453 2719 2508 καί
2770 2453 2841 2522 τῇ
2894 2454 3255 2522 ἀκροϐυστίᾳ
3304 2452 3415 2520 τῆς
3442 2451 3692 2531 σαρκὸς.

2092 2547 2279 2617 ἡμῶν,
2336 2545 2861 2614 συνεζωοποίησεν
2918 2545 2989 2598 ἐν
3039 2543 3218 2611 αὐτῷ,
3270 2541 3667 2614 χαρισάμενος

2091 2640 2236 2708 ημῖν
2259 2638 2456 2693 πάντα
2488 2638 2559 2693 τὰ
2588 2635 3026 2706 παραπτώματα
3045 2635 3233 2708 ήμῶν,
3250 2634 3579 2703 ἐξαλείψας
3599 2633 3665 2686 τὸ

2092 2729 2221 2783 καθ’
2251 2729 2421 2798 ἡμῶν
2474 2730 2891 2799 χειρόγραφον,
2936 2727 2967 2781 ὃ
3000 2723 3080 2798 ἦν
3108 2726 3250 2795 ἡμῖν
3282 2726 3664 2779 ὑπεναντίον.

2092 2821 2251 2875 Ποῖον
2280 2821 2642 2893 χειρόγραφον
2668 2837 2683 2885 ;
2710 2820 2854 2891 ἔχεις
2880 2818 3070 2872 τούτου
3092 2817 3190 2888 τὴν
3216 2816 3503 2882 ἀπόδειξιν.
3541 2817 3665 2868 Ὅτε

2092 2911 2201 2982 γὰρ
2222 2912 2563 2983 ὐπηγόρευσε
2587 2910 2686 2975 τὰς
2724 2908 2971 2980 κατάρας
2996 2910 3024 2961 δ
3054 2908 3235 2980 νόμος,
3258 2906 3320 2960 τὸ
3363 2907 3539 2977 Ἀμὴν
3573 2907 3665 2960 τοῦ

2091 3000 2222 3054 λαοῦ
2246 3001 2537 3072 ὑπογραφὴ
2580 2996 2648 3072 ἦν
2679 2999 2787 3053 τῶν
2819 2999 3143 3054 ἀκουόντων.
3206 2995 3415 3069 Ἰησοῦς
3460 2996 3568 3067 γὰρ
3599 2992 3666 3067 ἦν

2092 3091 2151 3143 τὸ
2179 3091 2448 3163 πλήρωμα
2474 3088 2580 3143 τῶν
2608 3089 2888 3159 εὐλογιῶν,
2929 3091 2958 3141 ὁ
2981 3089 3074 3142 ἐπὶ
3106 3088 3200 3141 τοῦ
3254 3087 3517 3159 Ἰορδάνου
3565 3105 3665 3156 φα-

422 3184 573 3240 Isaite
601 3186 654 3239 iu
684 3187 868 3256 seipso
884 3189 1192 3258 complevit.
1213 3189 1516 3245 Dixitenim
1544 3190 1711 3246 Isaias
1745 3208 1757 3243 :
1791 3190 1989 3245 Exsul-

2095 3182 2221 3246 νεὶς,
2252 3182 2401 3252 ὁτὴν
2432 3181 2767 3253 προφητείαν
2811 3180 3034 3234 Ἡσαΐου
3088 3181 3167 3242 είς
3216 3179 3405 3233 ἑαυτὸν
3445 3177 3666 3249 πληρώ-

423 3288 527 3330 ten!
552 3278 756 3331 deserta
790 3277 1070 3345 Iordanis,
1090 3283 1213 3351 quia
1235 3282 1407 3352 gloria
1448 3281 1637 3336 Libani
1668 3284 1796 3336 data
1824 3293 1901 3337 est
1923 3286 1990 3347 ei,

418 3376 468 3419 et
503 3365 668 3420 honor
699 3366 931 3422 Carmeli
957 3369 1022 3425 ".
1048 3368 1258 3423 Dictum
1277 3370 1493 3439 quidem
1526 3373 1992 3444 obscurum,quod

419 3468 602 3513 tamen
635 3475 729 3527 per
758 3460 985 3530 gratiam
1023 3460 1350 3515 declaratur.

492 3628 585 3685 XI.
618 3631 880 3686 Libanum
900 3642 1055 3689 vocat
1090 3637 1373 3706 Scriptura
1398 3639 1543 3695 illius
1572 3647 1829 3714 temporis
1846 3645 1998 3702 Jeru-

422 3726 611 3775 salem.
648 3719 837 3791 Neque
864 3723 1146 3780 existimes
1180 3735 1424 3780 coactam
1461 3746 1582 3785 esse
1612 3732 1751 3789 hanc
1778 3747 1994 3791 senten-

425 3813 576 3864 tiam.
618 3813 865 3868 Ezechiel
919 3823 1153 3871 testatur
1182 3818 1251 3874 de
1289 3820 1796 3881 Nabuchodonosor
1845 3844 1991 3900 rege.

427 3902 571 3955 Dixit
589 3903 731 3957 enim
763 3919 776 3954 :
816 3906 1009 3974 Aquila
1036 3922 1229 3977 magna
1261 3925 1573 3980 magnarum
1616 3913 1848 3979 alarum,
1877 3933 1994 3986 qua:

2093 3289 2212 3336 σας.
2239 3272 2463 3341 Ἔλεγεν
2492 3274 2600 3342 γὰρ
2632 3270 2859 3334 Ἡσαΐας
2878 3287 2893 3302 ο
2938 3268 3339 3340 Ἆγαλλιάσθω
3375 3270 3446 3325 τὰ
3477 3269 3669 3338 ἔρημα

2092 3364 2199 3417 τοῦ
2249 3362 2581 3432 Ἰορδάνου,
2610 3361 2700 3415 ὅτι
2731 3364 2769 3430 η
2790 3360 2940 3425 δόξα
2972 3359 3230 3414 Λιϐάνου
3276 3358 3453 3427 ἐδόθη
3490 3357 3664 3427 αὐτῇ,

2092 3454 2189 3507 καί
2216 3457 2254 3523 η
2285 3454 2421 3523 τιμὴ
2450 3453 2555 3508 τοῦ
2580 3452 2927 3523 Καρμήλου.
2960 3451 3031 3504 Τὸ
3054 3452 3203 3522 ῥῆμα
3233 3450 3463 3519 ἀσαφὲς,
3494 3467 3667 3519 σαφη-

2092 3549 2295 3613 νίζεται
2315 3548 2403 3602 διὰ
2432 3547 2533 3618 τῆς
2566 3546 2807 3617 χάριτος.

2163 3643 2263 3695 1Α’.
2301 3640 2530 3693 Λίϐανον
2560 3639 2717 3693 καλεί
2761 3639 2798 3709 ἡ
2828 3637 3019 3709 Γραφὴ
3057 3636 3157 3707 τὴν
3212 3636 3566 3709 Ἰερουσαλὴμ
3604 3635 3665 3687 τὸ

2092 3732 2409 3800 τηνικαῦτα.
2465 3730 2568 3785 Καὶ
2602 3731 2675 3802 μὴ
2709 3729 2938 3802 νομίσῃς
2989 3728 3344 3799 βεϐιασμένον
3392 3724 3530 3781 εἶναι
3573 3725 3664 3779 τὸν

2092 3824 2267 3890 λόγον.
2315 3821 2575 3895 Ἰεζεκιὴλ
2610 3823 2880 3893 μαρτυρεῖ
2907 3819 3147 3892 περὶτοῦ
3182 3819 3664 3891 Ναϐουχοδονόσωρ

2092 3914 2183 3966 τοῦ
2242 3912 2524 3982 βασιλέως.
2576 3910 2772 3979 ΙἘλεγε
2807 3911 2954 3982 γάρ’
2999 3912 3062 3964 ’0
3108 3911 3280 3976 ἀετὸς
3327 3914 3357 3965 ό
3389 3910 3597 3980 μένας,
3632 3913 3666 3964 ό

424 3993 539 4044 alas
567 4008 828 4062 expansos
878 3994 1033 4050 habet
1061 4005 1110 4050 et
1140 3997 1295 4065 plena
1336 4011 1415 4054 est
1462 4004 1736 4072 unguium,
1780 4007 1910 4060 venit
1939 4008 1992 4061 in

2095 4002 2642 4074 (tegmloztépvroc,
2691 4006 2724 4057 ό
2764 4002 3151 4072 ἐκτεταμένος
3183 4001 3313 4067 ταῖς
3340 4000 3624 4070 πτέρυξιν
3645 4042 3662 4064 ,

424 4084 707 4147 Libanum.
737 4096 788 4141 et
817 4088 1017 4156 accepit
1044 4088 1210 4144 electa
1250 4090 1525 4146 cedrarum
1567 4093 1778 4158 Libani,
1816 4108 1865 4150 et
1896 4097 1992 4151 ad-

420 4176 575 4227 duxit
601 4176 654 4228 in
672 4175 998 4246 Babylonem
1024 4179 1089 4230 ”.
1117 4176 1259 4246 Quid
1292 4195 1417 4235 vero
1433 4181 1568 4237 elect
1579 4197 1608 4235 a
1637 4183 1993 4249 sunt?Quan-

421 4263 713 4332 «tequidem
765 4264 1007 4319 vinctum
1071 4265 1355 4321 Sedeciam
1413 4284 1593 4338 regem
1657 4271 1898 4334 abduxit,
1940 4282 1994 4328 et

421 4353 670 4407 Joachim
725 4365 781 4408 et
814 4355 1100 4423 pontiﬁces
1136 4373 1149 4409 :
1187 4356 1304 4410 haec
1356 4368 1509 4412 erant
1566 4361 1735 4417 electa
1778 4362 1990 4428 Libani,

422 4460 545 4512 quia
584 4443 913 4514 Babylonem
965 4445 1207 4499 adduxit.
1249 4445 1393 4511 Quid
1425 4457 1507 4503 est
1548 4466 1678 4517 ergo
1709 4453 1841 4508 illud
1876 4473 1889 4508 :
1925 4454 1993 4509 Et

422 4533 595 4602 gloria
624 4532 814 4587 Libani
863 4534 994 4588 data
1027 4546 1105 4589 est
1138 4535 1220 4591 ei?
1260 4536 1396 4603 Quia
1434 4540 1800 4597 sacerdotium
1830 4542 1991 4600 Jeru-

425 4622 593 4675 salem
619 4630 672 4675 et
703 4623 983 4692 prophetia
1011 4625 1263 4680 universa
1298 4627 1352 4680 in
1387 4625 1652 4685 Joannem
1692 4635 1994 4708 emigrave-

426 4724 530 4773 rat.
560 4724 613 4769 et
646 4723 762 4769 tota
818 4715 1210 4789 Hierosolyma,
1268 4720 1459 4777 relicto
1501 4724 1682 4791 altari,
1712 4727 1894 4782 exibat
1926 4728 1991 4782 ad

426 4808 803 4878 accipiendum
842 4810 1108 4879 baptisma
1146 4810 1417 4881 Joannis;
1464 4826 1824 4890 anteoccupat
1869 4837 1996 4892 pro-

429 4904 585 4972 pheta
619 4902 768 4972 loqui
792 4902 859 4956 de
894 4903 1112 4958 deserto
1143 4902 1421 4968 Jordanis,
1469 4908 1723 4978 inquiens
1761 4931 1774 4967 :
1812 4911 1995 4967 Gloria

432 4993 621 5048 Libani
649 4994 779 5049 data
807 5005 887 5050 est
907 4996 975 5060 ei,
1014 5005 1063 5051 et
1093 4997 1259 5052 honor
1284 4999 1537 5055 Carmeli.
1574 5000 1710 5068 Quis
1735 5020 1860 5059 vero
1898 5006 1995 5059 ho-

430 5085 572 5139 nor?
601 5086 742 5141 Audi
800 5088 967 5142 veluti
1001 5087 1054 5142 in
1095 5091 1350 5145 transitu.
1388 5091 1533 5148 Elias
1580 5097 1841 5165 propheta
1880 5105 1998 5151 erat

434 5176 608 5230 liOllOl‘
639 5176 897 5232 Carmeli.
932 5176 1059 5232 Erat
1084 5180 1284 5251 quippe
1314 5180 1366 5233 in
1401 5180 1653 5236 Carmelo
1681 5183 1844 5239 Elias.
1861 5186 1996 5253 Quia

434 5266 598 5337 igitur
626 5268 826 5337 prodiit
852 5265 1091 5326 Joannes
1137 5272 1191 5325 in
1220 5273 1411 5337 spiritu
1443 5282 1492 5326 et
1528 5275 1715 5328 virtute
1746 5274 1879 5333 Elite
1905 5277 1949 5308 ³⁸
1977 5296 1990 5331 :

431 5367 715 5429 propterea
749 5359 882 5415 dicit
911 5360 1098 5415 datum
1130 5378 1312 5419 eremo
1343 5364 1605 5421 honorem
1636 5368 1888 5431 Carmeli,
1927 5369 1995 5424 de

433 5466 539 5519 quo
564 5452 741 5523 inquit
760 5452 1010 5509 Salvator
1042 5473 1055 5509 :
1099 5454 1165 5508 Et
1198 5456 1245 5509 si
1274 5456 1429 5512 vultis
1462 5461 1742 5529 suscipere,
1785 5461 1896 5530 ipse
1916 5472 1993 5516 est

435 5541 584 5599 Elius
602 5547 692 5616 qui
727 5558 972 5603 venturus
998 5559 1077 5604 est
1104 5550 1169 5604 ³¹.
1202 5549 1337 5616 Quia
1359 5552 1524 5625 igitur
1540 5554 1831 5624 aliquando
1846 5554 1989 5610 Elias

2093 4098 2191 4150 καὶ
2223 4094 2458 4164 πλήρης
2491 4096 2747 4164 ὀνύχων,
2780 4093 2966 4165 ἦλθεν
2990 4098 3077 4160 εὶς
3114 4095 3219 4148 τὸν
3244 4096 3522 4160 Λίϐανον,
3563 4094 3662 4148 καί

2092 4188 2308 4241 ἔλαϐεν
2337 4186 2409 4241 τὰ
2426 4185 2683 4241 ἐκλεκτὰ
2704 4185 2813 4254 τῆς
2846 4185 3060 4254 κέδρου
3100 4185 3207 4240 τοῦ
3251 4187 3529 4251 Λιϐάνου,
3566 4184 3665 4238 καὶ

2093 4276 2403 4346 ἀπήγαγεν
2440 4279 2527 4343 είς
2559 4274 2907 4331 Βαϐυλῶνα.
2938 4276 3018 4331 Τὰ
3054 4277 3111 4330 δὲ
3148 4276 3377 4330 ὲκλεκτὰ
3412 4278 3534 4330 τίνα
3556 4270 3664 4348 ἦνς

2106 4369 2321 4441 Ἐπειδὴ
2379 4369 2632 4423 Σεδεκίαν
2663 4370 2831 4441 δήσας
2859 4371 3145 4440 ἀπήγαγεν
3173 4370 3262 4424 τὸν
3303 4369 3525 4440 βασιλέα
3568 4370 3662 4423 καὶ

2091 4462 2181 4515 τὸν
2214 4461 2469 4533 Ἰωακεὶμ
2484 4462 2718 4525 καὶτοὺς
2745 4463 3038 4533 ἀρχιερεῖς,
3059 4461 3227 4516 ταῦτα
3248 4457 3315 4532 ἦν
3341 4464 3409 4515 τὰ
3430 4459 3661 4513 ὲκλεκτά

2094 4550 2188 4605 τοῦ
2236 4551 2491 4618 Λιϐάνου,
2541 4553 2635 4605 καὶ
2675 4553 2961 4624 ἀπήγαγεν
3002 4553 3083 4611 είς
3120 4549 3435 4604 Βαϐυλῶνα.
3477 4549 3542 4602 Τί
3567 4545 3662 4603 οὖν

2097 4646 2244 4698 ἐστιν
2277 4644 2370 4697 τό·
2398 4645 2506 4699 Kal
2545 4646 2585 4713 η
2625 4644 2775 4709 δόξα
2820 4643 2927 4697 τοῦ
2969 4642 3225 4699 Λιϐάνου
3253 4641 3429 4710 ἐδόθη
3467 4640 3661 4710 αὺτῇ’;

2110 4739 2326 4810 Ἐπειδὴ
2344 4740 2377 4810 ή
2401 4737 2668 4811 ἱερωσύνη
2683 4737 2783 4806 τῆς
2816 4735 3167 4808 Ἰερουσαλὴμ.
3190 4734 3330 4806 καὶὴ
3354 4734 3661 4807 προφητεία

2099 4830 2246 4881 πᾶσα
2278 4829 2481 4900 μετέϐη
2510 4831 2589 4893 είς
2610 4828 2700 4881 τὸν
2735 4826 3007 4898 Ἰωάννην,
3042 4826 3137 4881 καὶ
3181 4827 3325 4881 πᾶσα
3362 4828 3396 4899 ἡ
3436 4828 3658 4899 Ἰεροσό-

2092 4920 2259 4991 λυμα,
2286 4919 2657 4975 καταλιποῦσα
2681 4919 2742 4971 τὸ
2760 4918 3163 4989 θυσιαστήριον,
3187 4919 3447 4992 ἐξήρχετο
3474 4920 3569 4972 ἐπὶ
3597 4917 3657 4971 τὸ

2091 5013 2276 5069 λαϐεῖν
2301 5014 2362 5067 τὸ
2385 5012 2664 5082 βάπτισμα
2693 5010 2960 5076 Ἰωάννου,
3000 5012 3291 5083 προλαϐὼν
3316 5016 3345 5067 ὁ
3375 5012 3654 5084 προφήτης

2092 5102 2238 5168 λέγει
2268 5101 2518 5173 περὶτῆς
2545 5101 2751 5171 ἐρήμου
2779 5098 2874 5153 τοῦ
2925 5100 3189 5171 Ἰορδάνου
3210 5119 3225 5134 ο
3266 5102 3329 5157 Ἡ
3351 5099 3500 5164 δόξα
3546 5099 3652 5153 τοῦ

2095 5193 2351 5250 Λιϐάνου
2377 5192 2551 5261 ἐδόθη
2573 5190 2750 5261 αὐτῇ,
2779 5192 2876 5247 καί
2901 5193 2939 5262 η
2979 5195 3115 5264 τιμὴ
3161 5192 3265 5246 τοῦ
3309 5188 3646 5260 Καρμήλου.

2095 5284 2203 5336 Καὶ
2228 5283 2363 5355 τίςή
2396 5284 2528 5355 τιμή
2554 5300 2570 5349 ;
2596 5284 2815 5348 Ἄκουε,
2864 5284 2938 5349 ὡς
2974 5286 3032 5339 ὲν
3065 5282 3406 5353 παραδρομῇ.
3467 5281 3649 5347 Ἠλίας

2093 5368 2160 5443 ἦν
2185 5374 2213 5424 ὁ
2242 5374 2525 5444 προφήτης
2556 5373 2589 5443 ὴ
2618 5376 2751 5445 τιμὴ
2770 5372 2862 5427 τοῦ
2885 5372 3199 5443 Καρμήλου.
3242 5369 3428 5434 Ἠλίας
3449 5370 3555 5443 γὰρ
3581 5366 3649 5442 ἦν

2096 5464 2153 5514 ὲν
2186 5464 2260 5533 τῷ
2294 5465 2595 5537 Καρμήλῳ.
2642 5466 2793 5523 Ἐπεὶ
2844 5460 2935 5519 οὗν
2984 5461 3245 5533 προῆλθεν
3301 5459 3546 5533 Ἰωάννης
3593 5462 3648 5514 ὲν

2098 5555 2366 5626 πνεύματι
2425 5560 2517 5612 καί
2568 5558 2792 5629 δυνάμει
2852 5553 3048 5619 Ἠλίου,
3101 5552 3188 5608 διὰ
3232 5552 3387 5607 τοῦτό
3449 5569 3646 5625 φησιν·

525 5716 571 5747 ⁸⁵
597 5718 749 5800 ρευι.
790 5738 978 5800 x_x_v_lu.
1005 5724 1056 5787 l,
1092 5725 1204 5800 5η-
1249 5724 1358 5800 “ll
1390 5727 1523 5800 ρον.
1563 5742 1597 5785 ι.
1629 5727 1712 5784 19.
1749 5727 1840 5800 20.
1940 5727 1981 5759 "'

2101 5729 2229 5786 loss.
2278 5748 2342 5795 ιι,
2402 5734 2494 5800 l5,
2549 5734 2630 5788 ll.
2734 5729 2926 5786 “lsai.
2965 5746 3126 5797 trav,
3157 5730 3280 5795 l,2.
3376 5728 3417 5755 ²“
3451 5729 3642 5784 Ezech.

436 5797 568 5848 xvu,
603 5787 656 5846 5.
691 5789 743 5840 ι.
818 5791 862 5820 ³⁸
895 5792 1022 5846 an.
1061 5812 1105 5859 ι,
1142 5795 1225 5848 l7.
1302 5798 1343 5826 ⁸⁸
1384 5798 1563 5852 Matth.
1605 5815 1692 5863 ιι,
1731 5799 1812 5853 ll.
