4034 6340
329 403 400 457 9.5
1417 408 1671 465 ORATIO
1713 410 1778 464 ΙΝ
1821 410 1930 463 DEI
1968 409 2498 467 APPARl'l‘IONEM.
3505 415 3576 466 26

339 519 581 588 Ἐδόοηή
610 518 746 591 τιμὴ
775 519 867 573 τοῦ
903 522 1194 594 Καρμήλου
1229 528 1294 597 τῇ
1323 526 1537 598 ἐρήμῳ,
1565 528 1692 599 περὶ
1720 520 1779 581 οὗ
1804 545 1904 597 φη-

2009 528 2319 583 Carmelum
2356 528 2648 589 incolebat,
2682 544 2828 583 nunc
2864 544 2992 582 vero
3017 544 3260 584 eremum
3301 528 3572 599 Joannes,

327 628 417 665 σιν
441 614 471 665 ὁ
498 613 685 682 Σωτήρ
706 629 719 640 ’
750 613 857 667 Kal
892 616 943 666 el
976 615 1179 670 θέλετε
1202 617 1509 686 δέξασθαι,
1531 622 1711 686 αὑτός
1733 621 1903 674 ἐστιν

339 703 548 768 ’Πλίας
572 705 605 755 d
630 702 877 771 μέλλων
909 704 1207 773 ἔρχεσθαι.
1255 711 1408 764 Ἐπεὶ
1458 708 1552 765 οὖν
1597 710 1726 765 ποτὲ
1802 712 1902 781 μὲν

2009 626 2295 689 propterea
2334 623 2528 674 merito
2561 620 2692 673 dicit
2729 638 2741 674 :
2781 618 2967 673 Gloria
3003 620 3195 674 Libani
3224 624 3354 674 data
3384 631 3462 674 est
3503 621 3575 673 ei.

2006 723 2055 766 et
2089 712 2254 764 honor
2279 711 2528 766 Carmeli.

337 797 524 860 Ἠλίας
544 796 680 867 ᾧκει
725 799 814 853 τὸν
862 800 1176 873 Κάρμηλον,
1216 805 1311 858 νῦν
1338 807 1396 860 δὲ
1440 808 1691 879 Ἰωάννης
1737 808 1834 878 τὴν
1895 807 2118 878 ἔρημον,
2147 808 2375 870 εἰκότως
2429 807 2624 877 φησίν·
2665 809 2737 862 Ἡ
2766 807 2915 872 δόξα
2959 808 3059 863 τοῦ
3091 807 3349 863 Λιϐάνου
3407 805 3577 871 ἐδόθη

331 891 502 961 αὐτῇ,
534 893 635 946 καὶ
666 895 707 962 ἡ
742 894 878 963 τιμὴ
909 896 1016 951 τοῦ
1036 899 1378 967 Καρμήλου.

372 1009 471 1064 ΙΒ¹.
506 1011 623 1063 Νῦν
642 1011 721 1075 δὲ,
751 1011 1045 1085 ἀδελφοὶ,ή
1077 1014 1203 1081 δόξα
1235 1019 1416 1089 ἐκείνη
1459 1020 1520 1071 οὐ
1556 1019 1654 1091 τὴν
1695 1018 1900 1091 ἔρημον

330 1105 497 1174 μόνην
526 1103 865 1174 ἐπλήρωσεν,
898 1104 1034 1159 ἀλλὰ
1067 1107 1160 1159 καὶ
1184 1107 1282 1178 τὴν
1312 1112 1633 1183 οἰκουμένην
1661 1111 1898 1164 ἃπασαν.

326 1195 572 1264 Σήμερον
594 1195 703 1265 γὰρ
732 1196 1008 1267 πανταχοῦ
1042 1199 1140 1269 τῆς
1159 1203 1261 1271 γῆς
1295 1200 1454 1271 ὕμνοι
1484 1204 1575 1256 καὶ
1610 1203 1900 1271 θεολογίαν

326 1286 436 1337 ἀπὸ
471 1285 713 1357 ἑσπέρας
742 1287 905 1358 μέχρι
937 1289 1036 1357 τῆς
1072 1290 1232 1362 δεῦρο
1275 1294 1569 1364 ἑστήκασιν
1602 1294 1899 1364 ἄνθρωποι,

325 1377 419 1428 καὶ
436 1374 625 1447 ὕμνοις
647 1378 739 1430 τὸν
757 1377 919 1434 ὕπνον
945 1380 1200 1452 ἐνίκησαν
1221 1401 1235 1414 ο
1261 1385 1406 1455 καὶὴ
1429 1385 1588 1455 χάρις
1611 1385 1901 1447 ἐδείκνυτο,

324 1472 419 1523 καὶ
446 1472 478 1540 ἡ
514 1470 673 1539 φύσις
697 1472 796 1525 οὐκ
818 1472 1099 1543 ἠλέγχετο.
1132 1476 1240 1528 Καὶ
1260 1476 1403 1542 μάλα
1425 1478 1667 1540 εἰκότως.
1693 1478 1901 1545 ’Ὠσπερ

323 1561 433 1631 γὰρ
470 1560 706 1632 σίδηρος,
765 1565 896 1634 πυρὶ
928 1566 1356 1636 προσομιλήσας,
1381 1568 1410 1619 ὃ
1457 1568 1554 1637 μὲν
1581 1563 1668 1637 ἦν,
1719 1569 1900 1623 οὐκέτι

326 1653 602 1720 φαίνεται,
620 1654 648 1706 ὃ
670 1655 726 1706 δὲ
752 1655 852 1707 οὐκ
878 1650 967 1727 ἦν,
992 1657 1328 1721 ἐπενδύεται,
1359 1660 1420 1711 οὺ
1449 1658 1549 1730 τὴν
1578 1659 1738 1730 φύσιν
1769 1663 1903 1714 ἁπο-

325 1745 625 1815 τιϐἐμενος,
660 1745 774 1798 ἀλλ’
804 1748 896 1799 ἐπὶ
924 1749 1026 1819 τὴν
1055 1748 1216 1816 φύσιν
1236 1749 1336 1819 τὴν
1366 1749 1728 1822 λαμπρότητα
1749 1751 1902 1815 δεξό-

2075 1016 2190 1070 ΧΙΙ.
2225 1015 2381 1069 Nunc
2438 1031 2567 1069 vero
2590 1057 2603 1078 ,
2643 1015 2870 1079 fratres,
2915 1015 3084 1084 gloria
3119 1016 3207 1070 illa
3262 1033 3367 1071 non
3402 1019 3576 1074 solum

2004 1129 2251 1168 eremum
2292 1112 2555 1181 implevit,
2595 1110 2688 1163 sed
2740 1116 2794 1163 et
2834 1109 3017 1163 orbem
3049 1120 3316 1179 terraer
3356 1113 3580 1166 univer-

2005 1220 2147 1260 sum.
2186 1201 2354 1255 Ilodie
2381 1200 2527 1254 enim
2554 1199 2753 1267 ubique
2780 1206 3049 1250 terrarum
3074 1198 3262 1268 hymni
3288 1208 3343 1254 et
3368 1216 3583 1256 sermo-

2005 1313 2104 1351 nes
2138 1296 2204 1350 de
2236 1296 2364 1348 Deo.
2398 1293 2440 1345 Α
2471 1308 2692 1361 vespere
2730 1290 2799 1343 ad
2837 1290 2977 1342 hanc
3023 1306 3197 1359 usque
3250 1292 3439 1346 horam
3470 1302 3581 1348 ste-

2006 1397 2193 1443 terunt
2219 1387 2489 1445 homines,
2521 1393 2576 1439 et
2615 1384 2829 1453 hymnis
2867 1400 3116 1439 somnum
3146 1383 3393 1437 vicerunt
3416 1402 3432 1450 ;
3456 1400 3581 1455 gra-

2003 1483 2076 1535 tia
2099 1480 2415 1550 apparebat,
2444 1485 2498 1530 et
2520 1483 2713 1530 natura
2742 1492 2848 1530 non
2887 1477 3242 1546 arguebatur.
3279 1476 3355 1531 Ac
3384 1476 3582 1530 merito

2002 1590 2153 1629 sane.
2176 1570 2641 1639 Quemadmodum
2673 1569 2817 1622 enim
2844 1568 3048 1622 ferrum
3080 1568 3231 1636 quod
3263 1568 3355 1621 diu
3380 1568 3433 1621 in
3458 1569 3581 1638 igne

2001 1666 2126 1726 fuit.
2179 1664 2324 1735 quod
2360 1662 2578 1733 quidem
2614 1671 2736 1716 erat
2788 1677 2896 1715 non
2950 1662 3184 1731 amplius
3231 1669 3473 1730 apparet.
3528 1670 3582 1715 et

2002 1757 2149 1828 quod
2176 1772 2282 1810 non
2310 1765 2428 1810 erat
2460 1754 2637 1808 induit
2665 1771 2680 1818 ;
2710 1770 2815 1807 non
2845 1763 3095 1806 naturam
3127 1769 3357 1817 exuens,
3387 1752 3481 1807 sed
3513 1754 3580 1806 ad

325 1853 489 1905 μενος
515 1855 529 1869 ο
588 1836 761 1900 οὕτως
802 1839 896 1893 καὶ
941 1841 1100 1909 ἡμεῖς
1128 1840 1555 1906 καταξιωθέντες
1607 1842 1701 1895 τοῦ
1743 1842 1898 1909 ἁγίου

2002 1856 2251 1902 naturam
2282 1844 2623 1915 splendorem
2658 1842 2939 1912 accipiens
2976 1858 2989 1894 :
3041 1843 3123 1898 sic
3154 1844 3316 1897 etiam
3352 1858 3450 1898 nos
3500 1842 3584 1896 di-

325 1928 660 1997 Ππιεύματος,
692 1928 1050 1998 ὴρνησάμεθα
1075 1928 1170 1983 τοῦ
1203 1930 1452 2001 σώματος
1474 1932 1569 2001 τὴν
1592 1931 1895 1999 ἀσθένειαν,

325 2021 416 2073 καὶ
437 2019 807 2089 ὲνεδυςάμεθα
821 2021 915 2074 τοῦ
935 2021 1073 2074 Πνεύ
1082 2039 1248 2091 ματος
1260 2022 1359 2093 τὴν
1383 2024 1684 2095 ἐνέργειαν.
1707 2027 1899 2095 Ἔστη-

323 2129 417 2165 κεν
451 2114 485 2181 ἡ
534 2112 832 2182 Ἐκκλησία
880 2113 1057 2166 διόλου
1103 2113 1416 2184 λάμπουσα,
1463 2118 1555 2169 καὶ
1598 2118 1898 2187 πληροῦται

323 2206 409 2256 ἐπ’
443 2205 579 2274 αὐτῇ
608 2204 701 2256 τόν
737 2204 1003 2273 Ἐγένετο
1053 2206 1313 2273 ἑσπέρα,
1346 2207 1443 2260 καὶ
1486 2206 1721 2277 ἐγένετο
1752 2209 1902 2278 πρωῒ

320 2293 510 2361 ἡμέρα
539 2295 669 2361 μία.
721 2295 836 2348 Οὐκ
888 2291 1033 2366 εἶχεν
1071 2298 1102 2367 ἡ
1154 2298 1248 2364 νὺξ
1290 2300 1512 2362 σκότος,
1554 2303 1618 2371 τῇ
1656 2301 1899 2373 ὀεολογὶᾳ

322 2384 683 2454 φωτιζόμενος
703 2387 800 2456 (4).
820 2388 934 2440 Οὐκ
955 2384 1098 2458 εἶχεν
1118 2389 1152 2459 ὴ
1182 2390 1276 2455 νὺξ
1300 2391 1488 2452 σκότος
1506 2408 1519 2420 ·
1540 2391 1617 2459 τῷ
1642 2394 1750 2461 γὰρ
1772 2391 1900 2461 Οείῳ

324 2475 482 2545 Λόγῳ
505 2476 887 2548 κατελάμπετο
912 2481 1052 2533 κατὰ
1071 2480 1131 2532 τὸ
1159 2481 1445 2554 εἰρημένον
1469 2482 1572 2534 ὑπὸ
1594 2481 1687 2534 τοῦ
1715 2482 1897 2534 Δαὸίὸ·

323 2566 435 2619 Kal
463 2566 577 2630 νὺξ
606 2569 911 2638 φωτισμὸς
934 2571 1004 2624 ἐν
1035 2570 1109 2641 τῇ
1150 2571 1347 2641 τρυφῇ
1382 2589 1523 2641 μου,
1574 2571 1656 2626 ὅτι
1681 2574 1901 2639 σκότος

322 2662 398 2713 οὐ
428 2660 899 2727 σκοτισθήσεται
943 2664 1062 2718 ἀπὸ
1102 2666 1242 2728 σοῦ,
1296 2665 1393 2718 καὶ
1444 2664 1559 2729 νὺξ
1604 2669 1684 2730 ὠς
1715 2665 1903 2734 ἡμέρα

320 2754 782 2821 ρωτισθήσεται.
816 2756 1080 2811 Τοσοῦτον
1109 2759 1244 2827 φῶς,
1275 2758 1525 2812 τοσοῦτον
1576 2759 1770 2823 κάλλος
1803 2776 1902 2811 πε-

323 2845 683 2916 ριαστράπτει
715 2848 815 2918 τὴν
853 2849 1198 2919 Ἐκκλησίαν.
1223 2850 1435 2904 Γένοιτο
1461 2851 1519 2904 δὲ
1552 2854 1718 2922 ἡμᾶς,
1750 2852 1906 2905 ἁδελ-

321 2939 433 3004 φοὶ,
456 2938 578 3008 θείᾳ
609 2939 794 3009 χάριτι
825 2941 1058 2995 πάντοτε
1084 2942 1611 3014 καταλαμπομένους
1649 2944 1728 3015 τῷ
1776 2963 1903 2998 παν-

321 3031 465 3101 αγίῳ
493 3030 611 3102 Θεῷ
640 3032 797 3098 δόξαν
819 3035 1161 3104 ἀναπέμπειν
1177 3052 1189 3065 ·
1278 3036 1476 3106 πρέπει
1497 3035 1622 3099 δόξα
1650 3036 1746 3090 καὶ
1770 3038 1900 3108 τιμὴ

320 3127 404 3187 εἰς
428 3125 557 3187 τοὺς
587 3124 813 3189 αἰῶνας.
855 3126 1047 3198 Ἀμήν.

394 3277 438 3311 ⁸³
467 3280 601 3336 Gen.
631 3297 669 3345 I,
706 3281 761 3335 5.
838 3283 883 3313 ³³
919 3282 1059 3337 Psal.
1110 3298 1368 3349 cxxxvnt,
1402 3284 1488 3348 ll,
1520 3284 1618 3338 12.

510 3436 857 3520 (Ξῳτιζομένη
900 3449 1042 3520 ⁸ιριιιο
1085 3439 1371 3508 legendum
1398 3480 1413 3505 ,
1460 3441 1541 3520 rel
1600 3441 1989 3520 (ιοωτιζᾴμενοντ

1999 1939 2088 2009 gui
2118 1936 2296 1993 elfecti
2343 1946 2536 1991 sancto
2580 1934 2825 2004 Spiritu,
2880 1936 3275 2005 abnegavimus
3330 1936 3581 2005 corporis

1999 2031 2430 2085 imbecillitatem
2458 2071 2472 2094 ,
2516 2038 2571 2085 et
2612 2027 2889 2082 induimus
2949 2027 3193 2097 Spiritus
3253 2026 3579 2081 eﬂieaciam.

2002 2123 2165 2177 Stetit
2190 2122 2429 2175 Ecclesia
2464 2138 2561 2192 per
2598 2122 2780 2174 omnia
2833 2118 3046 2189 fulgens
3073 2163 3088 2185 ,
3124 2122 3493 2190 impleturqne
3525 2121 3581 2174 in

2000 2231 2061 2270 ea
2085 2216 2216 2269 illud
2256 2232 2268 2266 :
2298 2212 2423 2266 Fuit
2451 2230 2682 2281 vespera,
2714 2223 2762 2267 et
2797 2213 2898 2282 fuit
2922 2229 3074 2266 mane
3108 2211 3218 2267 dies
3242 2230 3347 2266 una
3370 2213 3436 2267 ".
3464 2211 3578 2267 Non

2002 2309 2235 2361 habebat
2267 2323 2373 2360 nox
2427 2306 2821 2360 obscuritatem
2866 2305 2964 2375 (ὃ),
3028 2306 3255 2360 assiduo
3307 2304 3578 2358 illustratu

2000 2414 2254 2454 sermone
2276 2398 2340 2451 de
2369 2397 2494 2451 lleo.
2518 2396 2634 2450 Non
2665 2398 2897 2450 habebat
2927 2396 3322 2451 obscuritatem
3350 2394 3571 2449 :divino

2000 2489 2144 2544 enim
2174 2488 2351 2542 Verbo
2377 2488 2773 2547 illustrabatnr,
2798 2488 2950 2556 juxta
2994 2489 3139 2557 quod
3182 2504 3212 2541 a
3256 2487 3457 2543 Davide
3487 2489 3571 2543 di-

2001 2588 2149 2635 ctmn
2182 2588 2299 2633 est:
2329 2578 2395 2631 Et
2424 2592 2528 2630 nox
2557 2578 2877 2632 illuminatio
2910 2580 2963 2632 in
2997 2578 3263 2647 voluptate
3292 2595 3437 2642 mea;
3456 2582 3580 2650 quia

2003 2671 2226 2725 tenebrae
2253 2688 2355 2724 non
2389 2669 2745 2727 tenebrescent
2776 2687 2808 2722 a
2846 2679 2914 2732 te,
2940 2680 2988 2724 et
3017 2686 3121 2723 noa:
3160 2671 3295 2724 sicut
3319 2670 3427 2725 dies
3460 2670 3581 2724 illa--

2002 2761 2290 2815 minabitur
2319 2762 2385 2815 ³³.
2418 2763 2591 2816 'l‘anta
2624 2764 2737 2825 lux,
2775 2769 2927 2813 tanta
2970 2760 3322 2829 pulchritudo
3354 2762 3583 2814 circum-

2003 2852 2173 2922 fulget
2210 2852 2487 2908 Ecclesiaa.
2534 2853 2827 2922 Contingat
2859 2860 3039 2905 autem
3074 2866 3211 2916 nos,
3244 2849 3465 2915 fratres,
3494 2848 3578 2903 di-

2003 2947 2127 3000 vina
2176 2947 2352 3016 gratia
2406 2961 2623 3016 semper
2688 2945 2988 2998 illustratus
3055 2942 3406 2997 sanctissimo
3468 2940 3577 2995 Deo

2002 3038 2230 3107 gloriam
2277 3037 2544 3101 reddere,
2592 3051 2752 3107 quem
2805 3036 2960 3091 decet
2993 3032 3169 3106 gloria
3216 3042 3271 3089 et
3311 3034 3487 3088 honor
3521 3032 3577 3086 in

2004 3131 2223 3195 szecula,
2258 3130 2450 3185 Amen.

393 3505 473 3576 (5)
516 3505 786 3561 Videntur
810 3505 1063 3579 vigilasse
1092 3525 1123 3562 a
1144 3505 1387 3579 'vespere
1420 3511 1488 3564 ad
1531 3505 1764 3567 multam
1779 3505 1895 3583 jam
1932 3513 2076 3567 diem
2099 3520 2315 3567 veteres
2345 3516 2401 3567 in
2432 3516 2575 3569 festo
2602 3512 2941 3585 Epiphania}.

343 3708 3556 3736 ...____________________________________________________

1256 3880 1361 3939 DE
1404 3878 1799 3951 SEQUENTI
1842 3878 2189 3939 HOMILIA
2233 3880 2632 3941 MONITUM.

1487 4024 1503 4086 (
1532 4024 1625 4073 MA!
1670 4021 1845 4086 Spicil.
1886 4025 2023 4072 Rom.
2053 4023 2113 4082 Χ,
2160 4038 2208 4085 p.
2239 4024 2349 4071 ﬁt.
2378 4026 2391 4081 )

390 4155 457 4213 in
486 4157 669 4212 codice
697 4159 874 4225 prisco
908 4155 1244 4215 Sessoriano,
1269 4157 1579 4208 observante
1616 4153 1680 4209 P.
1709 4156 1983 4217 Amatore,
2013 4168 2104 4205 nec
2142 4168 2244 4203 non
2275 4152 2329 4204 in
2358 4151 2466 4202 alio
2497 4150 2789 4216 exemplari
2822 4151 3045 4204 Itomilia
3069 4162 3243 4206 exstat
3278 4152 3349 4206 De
3379 4152 3570 4208 Kalen-

314 4253 406 4308 dis
439 4252 717 4315 Januarii,
750 4252 835 4303 cui
866 4250 1040 4306 sancti
1074 4247 1356 4303 Severiani
1388 4262 1576 4299 nomen
1605 4246 1922 4314 inscriptum
1962 4252 2062 4298 est.
2100 4242 2257 4296 Hunc
2290 4257 2384 4311 ego
2414 4256 2730 4305 sermonem,
2770 4240 2916 4308 facta
2948 4242 3257 4305 collatione,
3304 4240 3569 4295 diversum

312 4367 431 4404 esse
459 4347 848 4417 comperiebam
879 4365 911 4401 a
941 4347 1269 4400 sermonibus
1307 4360 1400 4410 per
1437 4344 1646 4397 easdem
1681 4340 1957 4395 Kalendas
1990 4339 2146 4393 dictis
2184 4341 2234 4391 1.
2272 4338 2329 4393 S.
2364 4338 2653 4408 Augustini
2686 4353 2847 4393 serm.
2891 4336 2985 4392 XC
3002 4336 3132 4399 VII,
3184 4346 3233 4390 et
3273 4335 3366 4391 XC
3383 4335 3568 4402 VIII;

315 4446 373 4495 Ξ.
410 4439 465 4495 S.
483 4439 639 4493 Petri
668 4438 1152 4510 Clarysologiserm.
1186 4436 1363 4496 CLV;
1397 4434 1529 4489 ’5.8.
1562 4433 2003 4487 Ambrosiiserm.
2032 4430 2174 4495 VH;
2195 4430 2250 4484 4.
2286 4430 2342 4485 S.
2366 4431 2562 4483 Asterii
2598 4430 2847 4483 Amaseni
2881 4430 3019 4497 apud
3036 4427 3405 4499 Combe/ieiuni
3433 4430 3563 4485 Nov.

315 4540 468 4585 auct.
496 4542 534 4586 t.
563 4530 616 4593 1,
650 4547 702 4599 ρ.
731 4532 797 4585 65
818 4530 1045 4603 (Patrol.
1065 4528 1153 4583 Cr.
1179 4537 1215 4581 t.
1236 4527 1346 4595 XL)
1368 4546 1381 4593 ;
1400 4528 1453 4583 5.
1475 4526 1532 4581 S.
1554 4525 1778 4579 Maximi
1802 4524 2021 4578 Taurin.
2049 4540 2205 4578 serm.
2240 4522 2477 4586 XVI;G,
2505 4524 2712 4577 Attonis
2752 4522 2969 4577 Vercell.
2997 4540 3151 4578 serm.
3170 4523 3291 4589 Ill,
3323 4525 3462 4595 apud
3491 4542 3570 4579 me

323 4624 508 4694 Serip.
529 4633 639 4678 vet.
660 4633 698 4677 t.
728 4621 822 4687 VI,
852 4632 991 4692 part.
1013 4638 1072 4684 ll,
1101 4637 1152 4690 ρ.
1182 4623 1265 4675 15.
1289 4620 1427 4687 Quid
1448 4636 1650 4690 agerem
1669 4622 1693 4674 ?
1715 4618 1924 4672 Satisne
1939 4619 2238 4688 quwsivisse
2267 4634 2345 4669 me
2372 4616 2435 4669 de
2450 4617 2545 4669 Itoc
2579 4618 2776 4684 scripto
2803 4613 3166 4681 crederem,an
3197 4616 3369 4684 ipsum
3397 4616 3568 4671 adhuc

313 4717 628 4783 suspicarer
661 4714 857 4769 alicubi
881 4716 1098 4775 editum.
1125 4716 1229 4769 sive
1260 4717 1353 4768 sub
1396 4714 1660 4769 Seueriani
1692 4714 1798 4767 sive
1835 4715 1929 4767 sub
1963 4713 2257 4782 cujuspiam
2288 4712 2505 4765 alterius
2538 4712 2784 4766 nomine?
2815 4708 2966 4764 Certe
2995 4709 3059 4763 de
3102 4709 3420 4765 Gabalitano
3447 4716 3557 4782 epi-

311 4823 489 4876 scopo
524 4804 802 4860 Severiano
823 4807 909 4859 via:
933 4805 1263 4876 cogitandum
1293 4804 1562 4874 putabam,
1586 4807 1775 4859 etenim
1800 4804 1994 4858 Latina
2024 4805 2248 4858 elocutio
2280 4804 2404 4857 talis
2436 4813 2533 4867 est,
2575 4820 2691 4873 qua:
2717 4803 2779 4856 de
2814 4800 2993 4856 Graeco
3025 4803 3167 4869 fonte
3206 4821 3421 4858 manare
3452 4823 3557 4859 non

312 4905 555 4959 ridetur.
598 4901 745 4955 Num
773 4901 1006 4957 Severini
1046 4903 1220 4970 potius
1248 4918 1433 4955 nomen
1476 4901 1569 4955 sub
1606 4900 1889 4955 Severiano
1932 4902 2097 4954 latere
2128 4900 2436 4962 arbitrarer,
2470 4916 2589 4968 qua:
2611 4914 2794 4967 reapse
2821 4900 3164 4953 commutatio
3204 4900 3257 4953 in
3298 4901 3565 4956 nonnullis

310 4995 600 5051 codicibus
635 4995 721 5063 ﬁt,
750 4995 842 5047 ubi
864 4995 1063 5064 aliquot
1096 4993 1155 5049 S.
1201 4993 1349 5048 Petri
1387 4993 1697 5064 Chrgsologi
1736 5012 2022 5057 sermones,
2055 4995 2211 5048 modo
2243 4994 2489 5048 Seuerino
2523 4994 2886 5046 inscribuntur
2916 4992 3072 5046 modo
3105 4990 3433 5050 Severiano?
3470 4994 3565 5049 Ve-

308 5100 625 5145 rumtamen
668 5106 733 5142 ne
761 5087 995 5143 Severini
1027 5090 1232 5158 quidem
1271 5088 1500 5157 episcopi
1523 5089 1665 5142 ullus
1692 5089 1830 5159 quod
1856 5089 2017 5142 sciam
2049 5105 2220 5142 sermo
2243 5096 2437 5141 exstat.
2496 5084 2639 5139 Nam
2674 5084 2911 5140 Severini
2949 5086 3217 5139 sententia:
3243 5086 3351 5139 illa:
3378 5105 3411 5140 a
3451 5086 3563 5140 Sir-

309 5182 513 5236 mondo
557 5178 699 5250 Opp.
745 5187 783 5232 t.
831 5176 915 5238 Il.
957 5177 1131 5236 editw.
1178 5188 1226 5231 et
1276 5197 1305 5231 α
1340 5178 1496 5231 Pezio
1529 5177 1797 5233 Thesaur.
1839 5178 2029 5233 anecd.
2065 5189 2104 5231 t.
2156 5177 2265 5245 IV,
2297 5195 2387 5231 ceu
2416 5178 2629 5231 inedita:
2654 5178 2890 5246 repetita:
2942 5179 3264 5248 (quanquam
3294 5180 3338 5233 is
3384 5190 3561 5246 postea

307 5288 555 5327 errarem
590 5286 756 5325 suum
780 5268 1015 5339 agnovit)
1042 5267 1175 5321 nihil
1196 5270 1382 5323 habent
1409 5268 1545 5338 quod
1572 5268 1640 5322 ad
1668 5269 1804 5320 hunc
1827 5269 2014 5333 referri
2046 5286 2337 5323 sermonem
2364 5279 2540 5340 queat.
2578 5269 2944 5323 Verumtamen
2964 5286 3026 5323 ne
3050 5271 3335 5338 pretiosum
3362 5271 3561 5339 fugien-

312 5371 380 5421 tis
418 5369 541 5424 vita:
572 5375 792 5435 tempus
824 5364 881 5417 in
922 5362 1020 5417 hac
1069 5360 1406 5417 meditatione
1431 5364 1632 5418 diutius
1676 5374 1912 5426 tererem,
1944 5365 2027 5416 hic
2062 5365 2197 5418 velut
2231 5366 2284 5417 in
2328 5364 2448 5418 libri
2486 5366 2681 5435 angulo
2711 5367 2980 5421 eruditum
3012 5365 3148 5419 hunc
3176 5363 3558 5419 sermunculum

304 5460 579 5517 collocare
611 5456 853 5517 decrevi,
879 5454 940 5510 de
964 5471 1063 5527 quo
1104 5454 1373 5509 otiosiores
1408 5466 1455 5510 et
1485 5458 1799 5512 curiosiores
1834 5456 2065 5511 homines
2106 5474 2201 5527 pro
2233 5475 2331 5512 sua
2354 5458 2620 5513 industria
2649 5457 2940 5529 disquirenl
2967 5467 3015 5513 et
3035 5456 3367 5526 judicabant.
