4034 6340
400 339 462 392 27
1333 336 1692 390 SliVEl’JANl
1731 337 2013 392 llOliiLlA
2054 341 2141 393 DE
2181 337 2630 396 PYTIiONIBUS.
3554 343 3624 394 93

1255 676 2019 795 SEVERIANI
2110 619 2752 798 EPISCOPI

737 911 1262 1030 HOMILIA
1318 912 1464 1000 DE
1521 912 2303 1007 PYTHONIBUS
2355 918 2507 1008 ET
2559 918 3281 1011 MALEFICIIS.

457 1170 778 1242 Evangelica
827 1174 988 1226 modo
1023 1173 1323 1228 claudenda
1358 1175 1519 1230 nobis
1565 1176 1695 1230 tuba
1740 1176 1811 1247 (6)
1844 1187 1946 1243 est,
1980 1196 2021 1248 Α
2052 1183 2207 1248 dunt,
2247 1191 2299 1237 et
2343 1186 2399 1238 tn
2433 1182 2529 1236 tali
2561 1181 2772 1236 insania
2824 1180 3143 1246 conﬁdunt;
3170 1189 3368 1252 putant
3417 1179 3615 1236 bonum

387 1263 549 1318 modo
582 1265 797 1318 tacendi
831 1268 989 1320 nobis
1022 1274 1152 1320 sunt
1189 1269 1476 1337 apostolici
1513 1285 1730 1332 sensus,
1765 1279 1823 1324 ut
1863 1272 1952 1325 illa

389 1366 599 1408 tantum
630 1356 732 1408 lam
756 1346 1038 1413 nitationis
1060 1360 1392 1429 prophetica:
1418 1374 1634 1417 resonet
1658 1364 1951 1429 cantilena,

387 1464 505 1515 qtue
547 1449 679 1501 dicit
715 1465 728 1500 :
769 1447 1022 1503 Obmutui
1056 1460 1108 1504 et
1149 1450 1457 1505 humiliatus
1506 1469 1645 1516 sum,
1684 1463 1733 1507 et
1764 1456 1890 1508 silui
1921 1473 1952 1508 α

386 1539 557 1601 bonis,
588 1553 636 1592 et
661 1539 816 1593 dolor
845 1544 988 1594 meus
1018 1553 1295 1596 renovatus
1313 1552 1389 1596 est
1420 1543 1485 1597 ".
1519 1542 1836 1599 Renovatur
1863 1547 1955 1599 do-

379 1631 474 1684 .lor
508 1633 781 1700 pontilicis
828 1633 1150 1699 Christiani,
1200 1637 1421 1704 quando
1470 1636 1754 1706 gentilium
1799 1644 1954 1693 err’or

387 1739 489 1778 nec
520 1726 816 1779 vcterescit
841 1736 1106 1795 tempore,
1136 1742 1236 1781 nec
1255 1736 1406 1782 tanto
1440 1728 1562 1783 ﬁdei
1592 1728 1808 1800 fulgore
1834 1731 1954 1785 dis-

386 1818 650 1887 pergitur.
676 1819 813 1873 Ecce
882 1821 1261 1884 veniuntdies,
1283 1837 1411 1874 ecce
1426 1820 1681 1877 Kalendae
1708 1824 1950 1888 veniunt,

385 1920 443 1966 et
496 1921 606 1965 tota
639 1912 947 1967 dminonum
981 1930 1177 1985 pompa
1232 1915 1497 1984 procedit,
1542 1916 1807 1970 idolorum
1840 1925 1953 1971 tota

389 2005 715 2074 producitur
743 2006 987 2072 ollieina,
1022 2015 1076 2062 et
1106 2008 1401 2077 sacrilegio
1425 2017 1636 2063 vetusto
1685 2010 1809 2062 anui
1851 2027 1954 2062 no-

387 2101 530 2153 vitas
578 2107 961 2155 consecratur.
1036 2082 1303 2171 Figurant
1350 2099 1688 2163 Saturnum,
1745 2099 1954 2154 faciunt

383 2189 592 2254 Jovem,
629 2190 863 2244 foru'tant
892 2189 1205 2253 Herculem,
1238 2197 1525 2259 exponunt
1552 2206 1674 2242 cum
1706 2192 1954 2244 venanti-

386 2285 490 2339 bus
514 2284 590 2349 (7)
623 2285 737 2339 suis
768 2283 1020 2345 Dianam,
1050 2282 1477 2335 circumducunt
1507 2280 1810 2335 Vulcanum
1837 2298 1955 2335 ver-

388 2376 477 2431 bis
507 2376 859 2430 anhelantem
889 2374 1255 2444 turpitudines
1285 2390 1434 2440 suas,
1467 2380 1522 2428 et
1542 2370 1695 2442 plura
1720 2387 1949 2442 quorum

384 2466 513 2536 quia
545 2473 793 2535 portenta
814 2473 962 2527 sunt,
992 2464 1216 2517 nomina
1252 2474 1378 2516 sunt
1420 2463 1682 2525 tacenda;
1717 2477 1948 2530 quorum

383 2557 758 2611 deformitates
801 2556 929 2624 quia
968 2564 1170 2608 natura
1204 2569 1314 2607 non
1346 2554 1533 2620 habet,
1568 2564 1822 2609 creatura
1852 2570 1950 2607 nec

386 2649 511 2711 st-it,
560 2649 764 2716 lingere
794 2662 885 2701 ars
916 2647 1150 2699 laborat.
1198 2644 1469 2700 Praeterea
1511 2648 1814 2701 vestiuntur
1848 2647 1950 2698 ho-

388 2740 562 2792 mines
598 2740 653 2792 in
700 2739 957 2809 pecudes,
1007 2747 1062 2792 et
1115 2739 1171 2791 in
1223 2738 1457 2792 feminas
1507 2740 1656 2792 viros
1708 2747 1946 2803 vertunt,

389 2830 730 2884 honestatem
778 2830 979 2893 rident,
1011 2830 1219 2883 violant
1253 2828 1481 2894 judicia,
1527 2846 1814 2885 censuram
1848 2846 1950 2900 pu-

391 2920 585 2973 blicam
620 2920 818 2985 rident,
850 2921 1088 2974 illudunt
1121 2921 1326 2974 saeculo
1380 2928 1540 2985 teste,
1569 2930 1623 2974 et
1659 2920 1850 2975 dicunt
1891 2935 1953 2975 se

390 3010 654 3065 facientes
697 3014 802 3065 ista
853 3012 1047 3081 iocari.
1086 3010 1203 3065 Non
1230 3019 1359 3066 sunt
1379 3012 1522 3080 joca,
1553 3013 1648 3064 sed
1677 3020 1806 3065 sunt
1836 3012 1951 3065 cri-

391 3103 559 3156 mina.
594 3102 651 3155 ln
685 3102 887 3157 idolum
931 3103 1352 3170 transﬁguratur
1384 3103 1565 3157 homo.
1602 3101 1664 3155 Et
1695 3102 1740 3155 si
1774 3105 1855 3157 ire
1883 3103 1951 3157 ad

392 3193 536 3249 idola
559 3196 764 3249 crimen
788 3202 894 3258 est,
926 3210 1053 3249 esse
1074 3194 1280 3247 idolum
1307 3194 1437 3263 quid
1462 3194 1719 3247 videtur?
1744 3194 1822 3247 Ad
1859 3193 1951 3248 Dei

393 3287 682 3357 imaginem
716 3288 895 3343 factus
928 3296 1012 3342 est
1052 3287 1234 3342 homo.
1282 3286 1558 3356 Quidquid
1604 3289 1659 3339 in
1693 3295 1745 3341 te
1790 3286 1953 3355 impie

396 3377 613 3446 propria
648 3378 997 3433 deformitate
1024 3378 1293 3443 intuleris,
1333 3378 1397 3431 ad
1432 3376 1527 3430 Dei
1568 3377 1837 3445 pertendit
1868 3380 1952 3429 in-

386 3468 613 3535 juriam.
641 3469 807 3524 Plane
835 3487 940 3524 non
968 3479 1098 3525 sunt
1129 3471 1243 3523 haec
1266 3485 1657 3539 usquequaque
1688 3480 1777 3522 tua
1804 3480 1950 3531 vota,

391 3564 487 3616 sed
518 3577 581 3616 ex
625 3574 778 3632 parte
822 3564 1056 3617 maxima
1087 3571 1217 3617 sunt
1244 3563 1450 3632 judicia
1493 3563 1613 3629 Dei,
1643 3572 1702 3616 ut
1741 3578 1950 3628 eorum,

390 3669 627 3724 quorum
680 3671 774 3724 per
802 3654 973 3710 Deum
1006 3660 1146 3725 perit
1193 3656 1392 3719 cultus,
1426 3671 1522 3725 per
1555 3669 1606 3710 te
1628 3656 1950 3709 saeculorum

393 3746 746 3813 pertendatur
783 3755 836 3800 et
865 3758 1080 3801 maneat
1111 3745 1416 3817 turpitudo.

2059 1291 2198 1344 opus
2228 1274 2414 1330 facere
2447 1274 2573 1338 sibi,
2604 1284 2659 1329 et
2686 1274 2767 1330 sic
2796 1274 3093 1329 incurrunt
3137 1289 3301 1344 grave
3336 1274 3614 1328 delictum.

2061 1365 2197 1431 Quia
2240 1365 2331 1420 ille
2375 1366 2518 1419 inter
2544 1365 2681 1419 tales
2719 1364 2851 1419 deos
2898 1363 3329 1434 iiiagnilicentior
3355 1364 3613 1425 creditur,

2058 1456 2151 1524 qui
2192 1456 2333 1509 inter
2361 1465 2548 1525 turpes
2578 1456 2789 1523 turpior
2817 1455 3112 1508 invenitur.
3155 1456 3219 1507 Et
3250 1455 3340 1508 ille
3365 1455 3613 1523 magnifi—

2055 1565 2152 1602 cus
2189 1548 2441 1613 habetur,
2480 1562 2642 1616 quem
2693 1560 2794 1615 pro
2836 1544 3185 1600 deformitate
3219 1545 3480 1615 singulari
3522 1561 3616 1615 po-

2057 1642 2261 1696 tuerint
2307 1642 2424 1712 ipsa
2471 1648 2718 1695 monstra
2751 1640 2961 1694 mirari.
2997 1638 3276 1708 lmpletum
3305 1641 3470 1695 estin
3508 1640 3615 1693 illis

2056 1733 2431 1804 propheticum
2494 1732 2838 1786 maledictum
2888 1748 2903 1785 :
2956 1729 3166 1786 Similes
3207 1732 3316 1786 illis
3362 1733 3495 1802 ﬁant
3526 1734 3617 1803 qui

2055 1826 2261 1894 faciunt
2297 1843 2380 1888 ea,
2414 1834 2463 1877 et
2510 1840 2688 1878 omnes
2717 1824 2807 1892 qui
2834 1823 3103 1893 conﬁdunt
3128 1825 3184 1877 in
3214 1825 3288 1878 eis
3314 1825 3382 1878 ³⁸.
3420 1824 3482 1877 Et
3512 1825 3615 1880 hm:

2055 1916 2353 1970 Christiani
2385 1914 2594 1977 vident,
2623 1912 2917 1968 Christiani
2945 1921 3262 1984 exspectant
3285 1914 3385 1985 (8),
3418 1915 3617 1968 admit-

2055 2016 2178 2062 tunt
2213 2010 2266 2061 in
2297 2008 2499 2061 domos
2522 2021 2671 2071 suas,
2699 2006 2999 2062 Christiani
3024 2008 3077 2060 in
3106 2007 3363 2061 domibus
3387 2007 3502 2061 suis
3531 2023 3616 2061 re-

2055 2100 2310 2169 cipiunt?
2345 2101 2693 2152 immemores
2746 2097 2890 2151 illius
2916 2097 3197 2167 apostolici
3246 2097 3374 2152 dicti
3409 2114 3422 2149 :
3471 2098 3623 2163 Quo-

2057 2193 2201 2244 niam
2227 2192 2316 2260 qui
2348 2189 2478 2242 (alia
2519 2197 2700 2257 agunt,
2733 2188 2879 2257 digni
2902 2197 3023 2240 sunt
3057 2200 3222 2241 morte
3244 2187 3310 2241 ³⁸.

2127 2284 2231 2337 Sed
2273 2283 2416 2336 dicis
2468 2300 2481 2333 :
2533 2279 2637 2345 Qui
2687 2278 2896 2332 faciunt
2928 2294 3013 2341 ea,
3047 2280 3362 2334 moriantur.
3408 2279 3526 2335 Non
3567 2293 3621 2334 te

2052 2385 2283 2431 excusat
2308 2388 2490 2429 SCI‘IDO
2514 2386 2675 2441 quem
2701 2373 2957 2427 voluntas
2988 2380 3232 2438 accusat,
3263 2388 3363 2426 nec
3403 2386 3621 2442 separat

2056 2466 2291 2520 ollicium
2356 2477 2515 2533 quem
2553 2462 2887 2531 constringit
2934 2469 2988 2515 et
3037 2462 3286 2532 adjungit
3333 2478 3616 2519 assensus.

1983 2534 2023 2587 Β
2056 2557 2197 2613 Audi
2230 2554 2363 2625 quid
2395 2553 2639 2623 sequitur
2665 2571 2679 2606 :
2715 2549 2840 2605 Non
2862 2555 3036 2606 solum
3065 2553 3156 2622 qui
3183 2552 3390 2622 faciunt
3413 2570 3498 2618 ea,
3528 2557 3619 2608 sed

2051 2659 2101 2704 et
2129 2650 2218 2720 qui
2248 2649 2579 2702 consentiunt
2608 2643 2923 2715 facientibus
2947 2644 3013 2696 ³⁷.
3046 2642 3200 2714 Rogo
3223 2660 3341 2710 vos,
3369 2647 3453 2700 vel
3477 2647 3622 2702 inter

2052 2741 2192 2795 mala
2234 2747 2452 2793 cessent
2483 2741 2643 2790 mala.
2678 2736 2919 2798 Credite,
2947 2734 3175 2796 credite,
3211 2737 3526 2800 dclicerent,
3571 2740 3622 2793 si

2054 2845 2119 2885 ea
2149 2829 2586 2883 Christianorum
2618 2826 2896 2881 simulatio
2940 2840 3049 2879 non
3076 2827 3338 2881 transiret
3373 2826 3472 2897 (9).
3510 2826 3624 2882 Fu-

2053 2921 2164 2991 gite
2195 2920 2323 2983 ista,
2355 2938 2388 2975 o
2417 2918 2739 2983 Christiani,
2774 2916 2976 2986 fugite;
2999 2916 3236 2971 claudite
3266 2933 3363 2973 vos
3406 2928 3466 2972 ut
3506 2936 3623 2975 non

2052 3013 2285 3067 videatis
2333 3013 2462 3064 talia
2497 3011 2866 3076 insanientes;
2896 3009 3132 3064 claudite
3174 3025 3272 3066 vos
3298 3019 3629 3083 vestrasque

2057 3103 2269 3167 domos,
2314 3103 2441 3172 quia
2470 3100 2614 3156 Deus
2643 3100 2736 3170 qui
2780 3101 2837 3154 in
2861 3101 3079 3155 occulto
3110 3100 3275 3167 videt,
3308 3102 3629 3158 circumve-

2055 3195 2162 3249 niri
2194 3210 2303 3248 non
2344 3202 2522 3264 potest
2553 3195 2608 3245 in
2656 3200 2864 3261 aperto.
2896 3190 3074 3256 Exite,
3112 3195 3275 3259 exile,
3306 3196 3451 3248 sicut
3482 3196 3637 3251 dixit

2061 3285 2321 3355 propheta
2341 3323 2356 3346 ,
2382 3284 2446 3337 de
2483 3283 2655 3337 medio
2684 3299 2886 3347 eorum,
2929 3292 2978 3337 et
3007 3285 3329 3353 separantini
3353 3284 3417 3337 ab
3443 3287 3552 3350 eis,
3583 3302 3639 3343 et

2055 3394 2119 3431 ne
2140 3375 2468 3429 immundum
2513 3374 2783 3444 tetigeritis
2807 3374 2891 3428 ”:
2926 3382 2988 3427 ut
3014 3375 3235 3428 tandem
3267 3384 3455 3430 nostro
3490 3381 3637 3434 resi-

2058 3471 2271 3537 piscant
2308 3467 2508 3530 studio,
2542 3466 2636 3535 qui
2677 3465 2943 3520 hactenus
2981 3475 3174 3520 nostro
3218 3467 3464 3522 colludio
3495 3481 3636 3525 sunt

2056 3559 2289 3629 decepti.
2328 3557 2521 3628 Fugite
2550 3574 2682 3628 ergo
2720 3558 3023 3613 daemonica
3062 3558 3191 3624 ista,
3230 3559 3276 3615 si
3304 3557 3490 3614 divina
3524 3564 3635 3618 de-

2056 3651 2311 3705 sideratis
2338 3648 2547 3703 audire.

2126 3763 2267 3817 Exin
2284 3763 2624 3816 continuatur
2644 3762 2699 3815 in
2721 3778 2824 3816 uno
2839 3780 2867 3817 e
2891 3762 3178 3827 codicibus,
3206 3774 3469 3833 tanquam
3502 3783 3639 3837 pars

463 3837 705 3908 Namque
733 3840 923 3893 talium
958 3843 1187 3896 deorum
1220 3841 1385 3897 facies
1408 3848 1466 3893 ut
1496 3839 1796 3909 pernigrari
1824 3855 1951 3909 pos-

2055 3855 2291 3922 prwdicti
2313 3854 2571 3908 sermonis
2601 3854 2677 3907 sic
2706 3871 2723 3907 :
2748 3854 3072 3924 Quanquam
3102 3870 3210 3908 non
3231 3854 3488 3911 dubitem
3510 3876 3640 3926 vos.

394 3930 525 3993 sint,
556 3932 720 3984 carbo
764 3931 984 3997 delicit;
1016 3941 1070 3987 et
1106 3943 1163 3987 ut
1191 3948 1382 3987 eorum
1424 3932 1641 3986 habitus
1663 3931 1823 4000 pleno
1856 3946 1952 3985 cu-

393 4022 634 4075 mulctur
683 4022 930 4086 horrore,
967 4026 1156 4093 paleas.
1203 4024 1391 4093 pelles,
1438 4021 1627 4091 panni,
1684 4032 1950 4084 stercora,

390 4120 507 4164 toto
541 4112 741 4166 stcculo
778 4113 1201 4181 perquiruntur;
1235 4121 1289 4167 et
1332 4109 1599 4182 quidquid
1632 4120 1718 4164 est
1759 4110 1951 4165 confu-

393 4201 568 4256 sionis
595 4201 862 4266 humanae,
894 4203 947 4255 in
974 4218 1162 4256 eorum
1195 4202 1333 4255 facie
1360 4202 1681 4255 collocatur.
1710 4199 1773 4251 Et
1796 4200 1954 4268 pejus

391 4304 686 4360 operantur
703 4291 796 4361 qui
823 4300 1020 4362 gyrant
1048 4292 1279 4345 bestiola
1309 4305 1410 4345 sua
1438 4289 1529 4343 ubi
1557 4287 1736 4357 ignem
1757 4302 1955 4343 accen-

463 4445 509 4478 “
541 4443 691 4499 Psal.
722 4460 951 4510 xxxvtn,
980 4447 1035 4502 5.
1111 4445 1156 4477 ³⁸
1196 4445 1344 4504 Psal.
1366 4462 1523 4515 cxm,
1559 4449 1615 4505 8.

463 4601 541 4675 (6)
584 4601 641 4675 In
673 4603 779 4675 alio
804 4562 992 4657 codice
1016 4603 1165 4675 lectio
1199 4617 1296 4675 pro
1331 4602 1476 4658 tuba.

463 4674 541 4745 (7)
575 4673 747 4729 Codd.
792 4674 1151 4730 seruantibus.

1703 4450 1750 4482 ³⁸
1784 4448 1945 4507 Rom.
1977 4465 2017 4518 ι,
2049 4449 2137 4505 52.
2179 4448 2221 4478 ³⁷
2259 4448 2388 4503 ibid.

2053 3947 2390 4012 charissimi,
2427 3962 2521 4015 per
2561 3954 2840 4015 paternam
2880 3946 3326 4012 sollicitudinem,
3365 3957 3510 4018 etc.,
3542 3955 3642 4023 qui

2053 4036 2290 4091 uidelicet
2330 4046 2405 4089 est
2432 4034 2489 4091 S.
2514 4034 2739 4089 Maximi
2767 4052 2936 4089 sermo
2958 4035 3193 4090 decimus
3219 4046 3399 4092 sextus
3427 4040 3486 4094 in
3522 4041 3643 4097 Ro-

2056 4145 2215 4180 mana
2251 4128 2415 4180 Bruni
2452 4129 2698 4190 editione,
2732 4141 3003 4195 perperam
3031 4127 3087 4181 in
3115 4127 3289 4183 codice
3315 4145 3442 4183 cum
3474 4131 3646 4189 Seve—

2057 4219 2208 4271 riano
2237 4227 2532 4271 contextus.

2464 4448 2510 4480 ³⁸
2550 4450 2656 4506 lsa.
2691 4465 2784 4515 LII,
2816 4449 2990 4515 11;"
3022 4448 3147 4504 Cor.
3183 4466 3258 4514 vr,
3292 4450 3385 4506 Π.

2129 4601 2202 4675 (8)
2240 4602 2314 4675 Ita
2348 4603 2506 4658 codd.
2544 4619 2642 4673 pro
2667 4613 2924 4673 spectant,
2958 4612 3018 4659 ut
3038 4604 3191 4660 alibi.

2131 4673 2203 4744 (9)
2245 4673 2446 4743 Nempe
2476 4675 2741 4729 toleraret.

1398 5018 2046 5109 SEVERIANI
2100 5016 2627 5108 HOMILIA

456 5219 539 5277 De
575 5214 804 5297 sigillis
842 5214 1175 5287 librorum,
1200 5221 1261 5276 et
1289 5212 1610 5292 quomodo
1639 5214 1845 5276 Filius
1876 5215 2061 5354 Pqtri,
2097 5216 2277 5276 Pater
2306 5215 2473 5277 Filio
2503 5213 2747 5287 olferat,
2782 5231 2852 5296 ac
2881 5215 2960 5278 de
2984 5212 3340 5279 Servatoris
3397 5216 3622 5285 incar-

1855 5311 2134 5354 naione.

1855 5311 2134 5355 natione.

832 5459 958 5517 Vide
990 5462 1125 5515 inter
1158 5458 1329 5528 Opera
1354 5457 1412 5515 S.
1440 5457 1664 5515 Joannis
1692 5457 2050 5528 Cltrysostomi
2078 5465 2271 5512 nostra:
2299 5457 2563 5525 editionis,
2589 5468 2712 5516 tom.
2741 5456 2789 5513 Χ
2798 5455 2885 5524 II,
2909 5454 3007 5511 col.
3033 5452 3159 5511 559.
