4034 6340
317 377 389 430 ‘39
1297 391 1730 451 THEONHLUS
1782 396 2173 455 ALEXANDR.
2219 399 2615 459 EPISCOPUS.
3505 404 3573 457 πθ

345 537 2173 567 Ἢ

1203 734 1555 800 EJUSDEM
1599 741 1945 803 IIOMILIA
1990 743 2311 805 CONTRA
2349 747 2693 809 JUDZEOS.

1474 902 1600 958 Vide
1628 906 1716 958 ubi
1743 922 1927 975 supra,
1957 916 2087 965 tom.
2111 882 2183 971 ,
2207 908 2307 963 col.
2336 910 2459 965 793.

325 1115 3534 1156 Ἠ

1192 1303 1732 1394 EJUSDEM
1815 1307 1946 1397 SE
1966 1309 2452 1401 RMONES
2553 1314 2721 1405 XV

763 1516 856 1577 E1
885 1515 1244 1579 Armenicis
1273 1518 1897 1585 codicibusVenetiis
1930 1540 2099 1586 anno
2125 1527 2302 1601 1827,
2334 1536 2594 1591 curante
2613 1529 2930 1605 Auchero,
2963 1534 3141 1596 editi.

792 1676 920 1735 Vide
945 1681 1014 1735 ad
1045 1698 1241 1739 annum
1276 1699 1437 1752 supra
1463 1686 1695 1753 positum
1726 1685 1942 1754 hujusce
1979 1686 2312 1758 Patrologia:
2351 1693 2540 1745 seriem
2570 1709 2709 1747 mere
2749 1692 3097 1751 Orientalcm.

464 1903 3513 1940 __________________,________________________________________

1618 2101 1790 2145 ANNO
1834 2102 2065 2145 DOMINI
2113 2104 2284 2147 CDXII

1079 2349 2799 2569 THEOPHILUS

951 2722 2049 2840 ALEXANDRINUS
2132 2728 2909 2849 EPISCOPUS

1648 3167 2159 3260 ΝΟΤΙΤΙΑ

1051 3356 1336 3420 (Summ,
1368 3356 1597 3407 Veterum
1618 3357 1821 3407 Patrum
1842 3354 2089 3418 Bibiioth.,
2116 3363 2151 3406 t.
2176 3357 2281 3418 νυ,
2308 3359 2529 3422 Proleg.,
2567 3374 2616 3422 p.
2644 3362 2812 3424 mm.)

1896 3554 1964 3566 _

362 3695 402 3750 l.
442 3694 700 3765 Louigum
734 3702 886 3750 esset
924 3695 1005 3751 ire
1035 3711 1129 3768 per
1157 3696 1391 3767 singula,
1427 3712 1549 3767 qua:
1577 3697 1646 3753 de
1689 3697 1868 3755 Theo-
1905 3711 1948 3768 Α
1980 3702 2140 3756 Anno
2202 3702 2423 3758 circiter
2484 3703 2590 3758 59%
2651 3699 2895 3773 synodus
2951 3699 3212 3769 Capuam
3263 3701 3336 3756 ob
3402 3700 3550 3758 sedis

296 3790 446 3862 philo
474 3787 746 3843 Ecclesia:
768 3787 1153 3845 Alexandrina:
1172 3789 1418 3844 antistite
1446 3797 1659 3844 veteres
1684 3790 1881 3848 litteris

298 3882 598 3938 tradidere.
642 3879 839 3950 Neque
871 3883 1044 3937 nostri
1094 3881 1312 3938 demum
1351 3882 1591 3940 instituti
1633 3883 1775 3938 ratio
1824 3882 1880 3937 id

301 3972 532 4042 patitur,
560 3971 696 4040 quin
737 3978 792 4024 et
823 3970 893 4025 ab
922 3970 1190 4040 ejusmodi
1220 3987 1448 4028 munere
1478 3989 1757 4043 pensoque
1786 3972 1882 4028 ab-

305 4064 573 4120 solvendo
595 4079 703 4119 nos
727 4063 981 4133 prohibet
1005 4065 1247 4131 omnino,
1275 4081 1401 4119 cum
1437 4074 1626 4121 nostra
1650 4075 1880 4121 tantum-

304 4154 473 4209 modo
522 4153 765 4219 intersit,
799 4168 859 4209 ea
913 4153 1223 4209 summatim
1255 4155 1541 4225 attingere,
1583 4170 1703 4225 quae
1743 4164 1878 4211 tem-

307 4246 460 4315 poris
486 4245 827 4300 notationem
854 4245 1128 4316 praecipue
1158 4245 1484 4316 respiciunt.
1506 4247 1664 4301 Anno
1693 4247 1877 4317 itaque

306 4336 419 4391 585
464 4336 701 4392 Arcadio
740 4337 987 4406 Augusto
1037 4337 1273 4408 primum
1327 4345 1383 4392 et
1416 4335 1659 4393 Bautone
1705 4354 1875 4407 coss.,

304 4438 445 4486 teSte
477 4431 707 4485 Socrate
747 4428 847 4500 (a),
883 4429 1101 4485 sublato
1159 4444 1225 4485 ex
1276 4429 1382 4486 hac
1434 4430 1555 4485 lucc
1588 4429 1877 4486 Timotheo

305 4520 373 4574 de
401 4536 511 4589 quo
557 4521 811 4590 superius
840 4520 1001 4576 verba
1030 4520 1284 4580 fecimus.
1316 4535 1506 4576 mense
1540 4519 1686 4576 Julio
1734 4520 1877 4578 desi-

303 4620 492 4677 nente,
524 4610 859 4682 Theophilus
888 4612 1176 4668 sacerdotii
1207 4612 1735 4667 administrationem
1753 4628 1877 4668 ευθε-

301 4704 479 4775 cepit.
520 4705 597 4759 Eo
645 4705 885 4760 instante
928 4712 1090 4775 atque
1124 4704 1401 4761 adnitente
1443 4703 1690 4762 funditus
1720 4706 1872 4761 exci-

300 4811 435 4853 sum
465 4797 876 4852 celeberrimum
914 4795 1199 4867 Serapidis
1231 4797 1490 4867 templum
1518 4816 1531 4852 :
1568 4799 1712 4868 quod
1738 4814 1874 4853 con-

299 4890 502 4961 tigisse
537 4902 675 4943 anno
701 4889 802 4944 591
838 4888 1094 4958 pluribus
1127 4889 1365 4944 ostendit
1388 4887 1587 4958 Pagius
1611 4888 1707 4959 (b).
1737 4888 1870 4944 Rem

302 4979 430 5035 [use
476 4978 796 5034 describunt
839 4994 951 5049 prae
989 4978 1205 5034 caeteris
1240 4976 1606 5033 Theodoritus
1640 4979 1730 5048 (ε),
1766 4977 1867 5032 So-

1987 3793 2368 3849 Alexandrina:
2418 3798 2748 3865 praecipuam
2800 3793 2856 3847 in
2903 3790 3125 3849 Oriente
3168 3793 3550 3850 auctoritatem

1985 3883 2162 3953 ipsum
2222 3884 2423 3954 delegit
2466 3884 2534 3939 ad
2585 3882 3023 3955 componendum
3065 3884 3353 3939 dissidium
3408 3885 3552 3959 inter

1984 3974 2303 4030 Flavianum
2327 3985 2382 4031 et
2412 3977 2726 4048 Evagrium,
2754 3977 2983 4032 Paulino
3024 3977 3312 4033 demortuo
3351 3980 3406 4032 in
3429 3979 3548 4047 epi-

1983 4076 2209 4139 scopatu
2253 4070 2595 4124 Antiocheno
2644 4070 2967 4125 suffectum:
3017 4070 3137 4138 ejus
3176 4080 3355 4123 tamen
3402 4072 3549 4139 judi-

1981 4162 2127 4214 cium
2155 4159 2447 4215 Flavianus
2472 4159 2760 4214 admittere
2783 4161 2977 4215 noluit.
2997 4160 3113 4224 Qua
3141 4160 3209 4215 de
3240 4174 3299 4214 re
3322 4171 3547 4215 sanctus

1981 4248 2304 4304 Ambrosius
2339 4248 2408 4303 ad
2446 4248 2696 4303 eumdem
2732 4247 3092 4317 Theophilum
3136 4248 3384 4303 scribens
3424 4248 3496 4318 (g)
3531 4269 3543 4302 :

1982 4335 2105 4391 Non
2141 4337 2327 4402 habet,
2366 4337 2546 4407 inquit
2570 4379 2585 4401 ,
2634 4336 2774 4407 quod
2814 4347 2999 4405 urgeat
3043 4335 3343 4407 Euagrius;
3397 4338 3547 4391 habet

1979 4430 2117 4502 quod
2178 4438 2380 4485 metuat
2432 4429 2749 4495 Flavianus,
2803 4427 3019 4498 ideoque
3072 4428 3262 4498 refugit
3306 4442 3542 4485 examen.

1978 4521 2115 4576 Dent
2144 4521 2342 4590 fratres
2379 4522 2585 4576 veniam
2608 4520 2785 4577 dolori
2815 4521 2990 4588 justo,
3012 4521 3140 4589 quia
3174 4530 3384 4587 propter
3405 4519 3544 4588 ipsos

1977 4616 2252 4669 universus
2286 4612 2426 4667 orbis
2457 4612 2789 4679 concutitur;
2834 4622 2884 4666 et
2912 4613 2992 4668 illi
3029 4622 3200 4669 tamen
3228 4622 3406 4667 nostra
3441 4628 3546 4668 non

1976 4704 2365 4772 compatiuntur
2395 4702 2592 4757 dolori.
2623 4703 2786 4762 Plura
2816 4703 2946 4758 item
2987 4704 3135 4774 legas
3169 4704 3312 4777 apud
3344 4704 3543 4761 Socra-

1977 4805 2082 4849 tem
2125 4796 2200 4866 (Ιι)
2232 4802 2286 4850 et
2331 4793 2694 4850 Sozomenum
2728 4796 2812 4865 (ί).
2848 4795 3100 4857 Interfuit
3128 4805 3389 4866 pratterea
3415 4814 3548 4855 cou-

1975 4887 2101 4942 cilio
2129 4887 2755 4957 Constantinopolitano,
2787 4886 3068 4944 desinente
3106 4904 3250 4943 anno
3283 4890 3387 4943 594
3413 4906 3545 4946 coa-

1975 4991 2082 5044 cto,
2114 4981 2204 5034 ubi
2230 4980 2418 5051 Agapii
2448 4991 2502 5034 et
2525 4979 2743 5047 Bagadii
2773 4982 3146 5035 controuersia
3168 4980 3237 5035 de
3258 4979 3537 5036 Bostrensi

296 5078 484 5125 crates
520 5068 597 5140 (ά)
643 5078 696 5126 et
726 5070 1065 5125 Sozomenus
1094 5070 1162 5140 (e)
1201 5089 1214 5124 :
1247 5085 1421 5140 neque
1449 5071 1516 5125 de
1552 5070 1861 5139 liujusmodi
1898 5069 1941 5123 Β
1968 5071 2282 5140 episcopatu
2317 5071 2536 5140 agitata.
2602 5069 2813 5126 Videsis
2868 5070 3134 5125 Zonaram
3169 5071 3236 5143 (j)
3270 5080 3324 5125 et
3350 5073 3539 5125 Balsa-

296 5162 552 5218 facinore
602 5161 756 5218 siluit
785 5160 1069 5232 Eunapius
1112 5162 1199 5233 (ῃ.
1234 5163 1442 5217 Exinde
1480 5177 1609 5217 vero
1656 5162 1867 5232 profani

296 5254 487 5310 cultus
537 5252 805 5310 idolorum
843 5253 1109 5324 reliquias
1151 5268 1246 5322 per
1290 5252 1586 5326 IEgyptum
1649 5253 1866 5307 delevit.

364 5461 449 5529 (a)
493 5458 710 5515 Socrat.
750 5457 1195 5529 Hist.ieccl._lib.i
1219 5475 1273 5521 ν,
1310 5475 1430 5529 cap.
1464 5461 1552 5513 19..

364 5527 449 5600 ib)
483 5529 615 5600 Pagi
654 5529 723 5583 ad
751 5544 880 5600 ann.
909 5528 1033 5593 539,
1073 5527 1100 5598 §
1133 5528 1210 5600 712
1235 5545 1348 5600 seq.

368 5599 443 5674 (ς)
477 5599 935 5674 Ἰςιιθοιιοιοη-ῌίεε.
967 5600 1093 5652 ccci.
1128 5599 1223 5674 li‘b.
1265 5599 1320 5663 v,
1348 5616 1468 5669 cap.
1494 5600 1582 5656 2‘2.

369 5668 453 5804 Sd?
495 5670 712 5726 Socrat.
751 5669 846 5750 lib.
876 5686 929 5734 ν,
964 5685 1085 5738 cap.
1119 5668 1205 5767 16.l

391 5759 424 5796 e
486 5742 707 5796 Sozom.
741 5739 838 5796 lib.
874 5755 970 5801 vn,
1005 5754 1126 5804 cap.
1161 5741 1205 5792 1.

391 5738 446 5811 ι)
486 5742 707 5796 Sozam.
741 5739 838 5811 lib.
874 5754 1126 5811 vni,icap.
1161 5738 1227 5792 l5

372 5807 441 5881 (ﬂ
480 5811 694 5881 Eunap.
746 5807 848 5866 Vit.
883 5807 1090 5880 philosf
1109 5825 1230 5879 cap.
1265 5808 1317 5875 .l,
1352 5823 1473 5879 pag.
1512 5808 1605 5872 64,
1635 5825 1747 5877 seq.

1976 5178 2190 5218 nionem
2222 5162 2316 5233 (It).
2359 5162 2605 5228 Quatuor
2642 5170 2763 5233 post
2799 5178 2971 5220 annos
3004 5163 3534 5233 ConstantiHOpolim

1980 5255 2240 5309 remeavit
2261 5254 2328 5307 ad
2352 5254 2787 5324 inaugurandum
2810 5263 3058 5309 sanctum
3080 5254 3342 5311 Joannem
3368 5256 3536 5326 (Πηγ-

2037 5460 2111 5534 (g)
2148 5459 2336 5534 ambr.
2366 5462 2525 5534 epist.
2556 5461 2644 5524 56,
2671 5461 2698 5534 §
2727 5463 2777 5534 l,
2802 5461 2939 5533 Opp.
2971 5474 3102 5518 tom.
3133 5463 3194 5529 ll,
3226 5478 3346 5534 pag.
3372 5461 3530 5519 1005.

2038 5529 2113 5603 (it)
2148 5529 2360 5603 δορί-ιιι.
2388 5532 2535 5603 ΑΗξςςι.
2572 5529 2698 5588 etcf.
2734 5533 2827 5588 lib.
2850 5529 2914 5603 fv',
2941 5549 3060 5603 cap.
3092 5534 3178 5586 15.

2036 5599 2101 5671 (i)
2143 5598 2357 5671 §ozom.
2388 5601 2483 5655 lib.
2517 5618 2614 5665 vn,
2639 5619 2758 5671 cap.
2794 5602 2878 5655 15.

2035 5668 2102 5740 (j)
2143 5669 2336 5740 Zonar.
2366 5672 2421 5725 in
2458 5671 2618 5735 Can.,
2660 5668 2782 5740 pag.
2816 5671 2939 5725 525.

2037 5739 2107 5808 (lt)
2147 5739 2379 5795 Balsam.
2423 5745 2475 5795 in
2509 5739 2673 5806 Can.,
2705 5739 2827 5811 pag.
2865 5741 2985 5795 761.
