4034 6340
377 396 438 451 3|

1363 372 1722 432 THEOPHILI
1766 367 2068 424 EPISCOPI
2099 360 2558 420 ALIXANDRINI

3523 362 3603 415 δὲ

372 511 677 564 sustomum
732 498 788 554 in
821 498 969 553 illius
997 495 1160 567 regia:
1201 492 1355 547 urbis
1400 488 1685 558 praesulem
1742 499 1934 539 recens
1967 491 2006 542 Α
2039 496 2114 534 sas
2157 495 2250 531 sctt
2287 474 2639 545 Iliospolitani
2691 461 2767 525 ad,
2810 469 3061 525 eumdem
3115 467 3474 538 Theophilum.
3510 489 3606 525 nec

372 603 607 656 electum
636 613 651 649 :
682 608 840 663 quem
867 599 1047 644 tamen
1086 588 1342 652 deinceps
1369 581 1568 634 acriter
1589 586 1674 633 est
1702 577 1937 631 insecta—

372 700 483 756 tus,
525 688 656 742 etin
696 683 906 757 synodo
938 676 1230 747 Quercensi
1268 688 1410 727 anno
1441 672 1544 725 405
1573 676 1939 724 exauctoran-

374 785 503 838 dum
555 778 786 835 curavit.
841 775 1077 841 Denique
1110 766 1373 835 lethargia
1421 769 1709 831 correptus
1751 774 1942 829 supre-

375 888 522 928 mum
546 870 688 925 diem
727 868 925 921 clausit
953 877 1097 915 anno
1134 858 1257 922 412,
1293 858 1476 912 Idibus
1524 853 1801 915 Octobris,
1832 850 1942 906 IIo-

379 964 537 1018 norio
562 960 632 1015 IX
662 971 715 1014 et
743 953 1050 1011 Theodosio
1082 949 1128 1005 ν
1164 965 1335 1013 coss.,
1365 955 1425 1002 ut
1472 946 1656 1002 scribit
1689 944 1942 999 Socrates

377 1050 502 1120 (0):
553 1049 795 1117 adeoque
840 1054 981 1100 totos
1012 1058 1162 1099 xxvu
1217 1056 1389 1096 annos
1453 1046 1670 1107 tresque
1727 1048 1943 1088 menses

381 1147 524 1202 haud
551 1143 850 1212 completos
879 1138 1179 1191 Ecclesiam
1216 1134 1360 1188 rexit
1388 1127 1833 1185 Alexandrinam.

447 1238 508 1295 Il.
553 1235 847 1305 Complura
909 1231 1109 1286 litteris
1159 1228 1516 1298 consignasse
1557 1220 1941 1290 Theophilum,

377 1344 487 1384 tum
525 1344 592 1382 ex
633 1328 700 1381 iis
737 1341 859 1395 qua:
908 1322 1201 1376 hodienum
1266 1318 1483 1387 integra
1515 1322 1795 1383 superant,
1828 1318 1943 1364 tum

375 1436 505 1475 vero
528 1436 592 1474 ex
620 1432 811 1473 eorum
839 1414 1157 1484 fragmentis
1195 1426 1316 1480 quae
1356 1407 1773 1466 interciderunt,
1804 1401 1947 1473 apud

376 1518 587 1564 veteres
623 1505 885 1570 servatis,
936 1501 1308 1571 intelligimus.
1357 1498 1561 1553 Ilorum
1596 1504 1777 1549 autem
1809 1508 1946 1562 prze~

380 1603 538 1671 cipua
579 1606 789 1652 tantum
836 1594 1075 1649 breviter
1113 1592 1201 1646 hic
1245 1589 1686 1645 recensebimus:
1741 1585 1949 1653 reliqua

378 1711 513 1750 vero
548 1691 1037 1764 praetermittimus,
1074 1685 1496 1741 internoscenda
1529 1697 1595 1736 ex
1637 1679 1952 1747 inscriptio-

383 1789 545 1843 nibus
600 1800 720 1851 quae.
770 1782 952 1836 fontes
1003 1779 1254 1849 aperiunt
1284 1776 1430 1831 unde
1482 1774 1575 1828 illa
1607 1772 1950 1842 potissimum

388 1882 695 1934 hausimus.
748 1875 937 1943 Itaque
973 1873 1115 1926 inter
1168 1867 1454 1939 Theophili
1493 1866 1697 1935 scripta
1750 1860 1954 1930 princi-

385 1986 505 2042 pem
540 1970 718 2023 locum
750 1966 959 2020 obtinet
979 1963 1100 2030 ejus
1135 1961 1334 2032 Cyclus
1366 1958 1639 2030 paschalis
1699 1953 1955 2024 quadrin-

384 2070 657 2133 gentorum
693 2055 979 2112 octodecim
1003 2069 1283 2113 annorum,
1318 2061 1380 2104 ut
1432 2050 1507 2102 ait
1561 2047 1818 2118 Cyrillus,
1853 2059 1954 2097 au-

386 2153 558 2207 ctoris
597 2166 766 2220 nepos
800 2157 855 2203 et
904 2161 1193 2201 successor
1233 2143 1331 2213 (b).
1380 2140 1554 2206 Quam
1601 2138 1822 2209 quidem
1863 2152 1958 2206 pe—

386 2245 600 2300 riodum
655 2242 957 2313 paschalem
1011 2237 1306 2292 Theodosii
1363 2234 1544 2304 Magni
1602 2241 1791 2301 rogatu
1827 2246 1958 2284 con-

388 2340 579 2403 texuit,
607 2352 730 2392 cum
755 2334 994 2389 nondum
1022 2338 1168 2387 esset
1193 2328 1507 2399 episcopus,
1538 2322 1823 2392 eidemque
1849 2321 1962 2374 Au-

388 2445 548 2501 guSto
577 2428 799 2482 dicavit.
827 2425 897 2479 At
925 2439 1056 2478 vero
1079 2438 1141 2476 ne
1165 2421 1302 2490 forte
1338 2428 1412 2472 tot
1462 2431 1723 2471 annorum
1779 2428 1963 2482 conge-

388 2525 491 2577 ries
528 2531 618 2577 aut
652 2518 931 2586 fastidium
959 2509 1325 2585 cognoscendi”,
1349 2518 1443 2563 aut
1471 2507 1740 2579 pigritiam
1769 2504 1966 2559 descri-

391 2614 544 2667 bendi
569 2609 883 2683 quibusdam
909 2605 1143 2674 afferret,
1176 2600 1497 2656 laterculum
1530 2610 1743 2651 centum
1796 2610 1967 2649 anno-

391 2719 513 2760 rum
563 2699 867 2770 composuit
911 2713 945 2749 a
990 2694 1161 2763 primo
1192 2708 1331 2745 anno
1382 2688 1688 2743 consulatus
1722 2685 1966 2754 ejusdem

395 2793 721 2855 Theodosii,
757 2787 965 2843 Christi
992 2783 1201 2853 vulgari
1238 2781 1365 2844 580,
1395 2781 1613 2833 initium
1645 2779 1870 2841 ducens,
1911 2784 1970 2828 ut

395 2906 461 2945 ex
494 2887 685 2944 eodem
728 2880 932 2953 Cyrillo
971 2875 1254 2931 erudimur
1279 2871 1373 2942 (ο).
1405 2871 1481 2926 De
1514 2869 1833 2939 hujusmodi
1873 2882 1971 2921 au-

399 2991 503 3036 teut
539 2971 827 3044 Theophili
872 2968 1027 3041 eyelo
1070 2973 1126 3021 et
1190 2962 1475 3028 laterculo,
1517 2968 1713 3031 praeter
1764 2957 1975 3013 Buche-

402 3072 545 3124 rium
580 3065 656 3139 (ά)
688 3075 741 3119 et
757 3056 1162 3116 Tillemontium
1185 3054 1280 3127 (e),
1309 3054 1465 3123 plura
1487 3051 1701 3106 erudite
1722 3049 1974 3105 observat

401 3160 640 3214 Joannes
676 3154 792 3209 Van
819 3152 916 3206 der
936 3148 1153 3218 Haagen
1183 3147 1239 3200 in
1272 3143 1533 3214 peculiari
1566 3142 1972 3204 dissertatione,
2004 3174 2047 3230 ρ
2076 3142 2202 3209 ""_"
2238 3142 2343 3160 ““’“
2366 3142 2417 3160 “
2449 3142 2575 3160 ’π’
2608 3142 2758 3207 ,Wf”

622 3249 636 3253 _
798 3245 813 3253 -
1181 3245 1194 3253 .
1322 3251 1363 3253 η
1717 3233 1975 3253 suum.
2080 3199 2268 3253 drmos
2313 3197 2380 3251 de
2413 3211 2563 3251 more
2608 3196 2758 3251 illius

404 3266 565 3322 quam
622 3249 726 3302 hoc
782 3245 851 3301 de
916 3245 1236 3312 argumento
1309 3234 1658 3303 conscripsit.
1716 3233 1980 3304 Superest

404 3346 701 3399 etiamnum
722 3338 986 3403 Prologus
1009 3347 1168 3403 quem
1190 3336 1383 3384 auctor
1405 3327 1520 3382 sive
1544 3342 1645 3382 suo
1682 3327 1838 3397 cyclo
1863 3327 1982 3381 sive

409 3435 667 3490 laterculo
730 3428 958 3502 praeﬁxit
988 3444 1002 3480 :
1038 3424 1267 3492 ejusque
1305 3418 1491 3474 Graeca
1532 3434 1595 3474 ex
1635 3417 1856 3473 Petavio
1892 3418 1979 3489 (Γ),

409 3534 647 3580 veterem
689 3537 819 3576 vero
871 3517 1181 3573 versionem
1225 3527 1295 3567 ex
1348 3509 1567 3565 laudato
1610 3508 1875 3565 Bucherio
1908 3510 1982 3580 (g)

412 3615 824 3684 descripsimus.

489 3705 571 3759 Ill.
613 3702 901 3773 Theophili
934 3701 1182 3771 epistolis
1222 3697 1615 3771 superstitibus
1651 3693 1844 3747 Edicta
1895 3709 1987 3745 ca-

416 3800 604 3852 nonica
635 3795 684 3848 Χ
709 3804 765 3850 et
799 3809 1051 3863 responsa
1073 3791 1161 3857 Ill,
1197 3807 1320 3845 cum
1351 3787 1691 3844 Balsamonis
1721 3800 1991 3839 commen-

423 3890 579 3944 tariis
609 3886 972 3958 praemisimus
996 3924 1010 3946 ,
1045 3899 1112 3938 ex
1143 3881 1436 3936 Pandectis
1467 3893 1737 3933 canonum
1763 3876 1991 3929 Bevere-
2040 3920 2041 3931 χ

422 3983 492 4051 gii
523 3985 805 4048 desumpta
840 3977 936 4047 (lt).
971 3974 1122 4030 Inter
1157 3973 1418 4043 epistolas
1446 3983 1578 4024 vero
1622 3967 1807 4020 statim
1863 3964 1993 4017 sub-

418 4083 593 4140 jectas
639 4071 728 4124 illa
774 4069 999 4130 eminet,
1024 4080 1189 4136 quam
1224 4072 1413 4118 auctor
1457 4057 1763 4112 Palaestinis
1802 4062 1856 4108 et
1887 4054 1994 4122 Cy-

428 4163 562 4233 priis
594 4160 899 4229 inscripsit;
944 4158 1041 4211 ubi
1093 4158 1250 4225 plura
1295 4153 1365 4208 de
1420 4149 1674 4220 Origenis
1711 4145 1995 4202 erroribus

427 4256 667 4311 disserit.
694 4251 845 4305 Hanc
874 4260 1053 4304 autem
1088 4247 1374 4317 epistolam
1417 4241 1598 4309 magni
1627 4253 1761 4292 sane
1793 4236 1998 4289 ducen-

426 4350 576 4411 dam,
603 4361 666 4400 ex
698 4348 1011 4414 pervetusto
1038 4335 1457 4392 Mediolanensis
1506 4347 1610 4387 ms.
1655 4327 2000 4383 bibliotheca:

432 4436 805 4493 Ambrosiame
834 4432 1044 4503 primus
1081 4444 1111 4482 e
1143 4426 1388 4482 tenebris
1411 4424 1553 4478 eruit
1591 4418 1998 4476 eruditissimus

2041 587 2146 624 non
2206 568 2479 623 Anastasii
2528 580 2678 635 papae
2731 564 2800 616 ad
2847 562 3246 630 Simplicianum
3298 562 3556 631 epistolas
3587 583 3603 616 :

2040 678 2177 730 quas
2210 675 2397 714 omnes
2428 673 2551 712 cum
2582 663 2809 710 sanctus
2846 654 3206 724 Hieronymus
3232 651 3388 707 Latio
3425 653 3609 708 reddi—

2042 753 2203 814 derit,
2238 760 2296 805 ut
2320 751 2548 821 ipsemet
2568 749 2797 802 innuere
2816 747 3031 801 videtur
3061 746 3123 816 (i)
3147 785 3162 809 ,
3199 748 3452 799 laudatus
3478 743 3607 809 Val-

2042 843 2244 898 larsius
2292 843 2347 896 in
2381 855 2534 896 suam
2585 838 2831 893 Doctoris
2864 839 3082 892 maximi
3139 835 3373 905 Operum
3416 836 3611 890 editio-

2042 951 2166 990 nem
2196 934 2401 988 invexit
2437 932 2522 1002 (ἱ).
2561 930 2769 987 Exinde
2800 944 2929 985 vero
2969 942 3080 984 tres
3113 944 3323 999 priores
3348 937 3609 994 epistolas

2044 1026 2194 1095 prelo
2223 1022 2626 1094 consignandas
2658 1023 2990 1090 accepimus,
3024 1029 3217 1089 quarta
3248 1031 3609 1072 AllaStaSIttttzt

2043 1116 2408 1187 praatermissa
2453 1129 2616 1184 quam
2666 1112 2794 1166 alibi
2830 1120 3016 1181 postea
3059 1107 3465 1172 exhibebimus;
3518 1106 3611 1159 iis-

2044 1225 2150 1279 que
2178 1216 2335 1261 notas
2363 1204 2737 1259 Vallarsianas
2772 1212 2952 1258 textus
2986 1202 3223 1255 litteram
3256 1198 3608 1268 respicientes

2047 1299 2398 1368 subjecimus,
2444 1296 2697 1366 pauculis
2722 1295 2931 1349 nostris
2975 1292 3216 1347 intextis.

2120 1408 2219 1462 llic
2250 1422 2412 1477 porro
2442 1405 2587 1460 haud
2628 1413 2711 1460 est
2740 1404 3124 1466 omittendum,
3166 1400 3511 1456 existimasse
3545 1402 3615 1452 cl.

2048 1505 2307 1563 editorem
2363 1502 2434 1573 (li)
2485 1499 2754 1570 ejusmodi
2808 1496 3096 1567 Theophili
3160 1495 3446 1565 epistolam
3500 1507 3621 1547 esse

2054 1598 2224 1665 ipsam
2264 1595 2408 1648 illam
2445 1593 2785 1664 synodicam,
2823 1606 2986 1660 quam
3011 1588 3079 1643 ab
3122 1604 3181 1643 se
3227 1586 3395 1641 fuisse
3436 1584 3623 1639 Latine

2058 1686 2327 1741 redditam
2374 1684 2566 1739 scribit
2616 1692 2841 1737 sanctus
2874 1680 3257 1750 Hieronymus,
3297 1678 3388 1731 ubi
3417 1677 3492 1730 ait.
3517 1675 3618 1745 {ﬁ}:

2054 1779 2221 1844 Duas,
2252 1776 2557 1847 synodicam
2585 1783 2634 1827 et
2680 1771 2980 1842 paschalem
3010 1769 3123 1838 ejus
3165 1767 3492 1838 (Theophili)
3522 1769 3625 1836 epi-

2055 1872 2221 1925 stolas
2246 1879 2432 1923 contra
2457 1868 2731 1937 Origenem
2756 1864 3002 1933 illiusque
3024 1861 3382 1932 discipulos—
3410 1878 3502 1930 per
3533 1863 3628 1913 hoc

2056 1957 2218 2025 ferme
2253 1954 2516 2008 biennium
2558 1953 2935 2020 interpretatus
2962 1966 3115 2011 sum,
3139 1957 3190 2003 et
3231 1949 3286 2002 in
3326 1949 3629 2018 a'diﬁcatio-

2058 2063 2174 2102 nem
2200 2044 2451 2100 Ecclesia:
2467 2044 2709 2114 legendas
2741 2053 2936 2097 nostra:
2955 2041 3149 2113 lingua:
3173 2040 3469 2095 hominibus
3488 2039 3628 2093 dedi.

2060 2138 2258 2195 Verum
2287 2139 2406 2207 ejus
2436 2136 2764 2191 sententiam
2814 2135 2936 2188 aliis
2976 2135 3158 2188 minus
3178 2131 3457 2201 probatam
3482 2145 3633 2184 com-

2061 2228 2324 2299 perimus.
2352 2225 2553 2280 Noster
2585 2233 2733 2279 certe
2776 2223 3139 2294 Hieronymus
3173 2221 3240 2276 de
3264 2219 3429 2275 Prato
3467 2220 3631 2289 pluri-

2062 2320 2166 2375 bus
2194 2334 2296 2373 nec
2336 2316 2547 2372 levibus
2575 2316 2913 2387 argumentis
2958 2329 3079 2370 eam
3125 2312 3433 2367 inﬁrmasse
3475 2313 3632 2367 novi-

2064 2428 2185 2466 mus
2219 2410 2316 2479 (τη)
2354 2428 2368 2463 :
2405 2410 2566 2478 eique
2598 2408 2860 2478 deinceps
2876 2406 3170 2461 adhaesisse
3208 2406 3384 2459 virum
3415 2404 3642 2459 doctum:

2063 2499 2222 2554 Joan.
2249 2497 2446 2552 Franc.
2466 2496 2801 2552 Bernardum
2823 2497 2893 2551 de
2917 2495 3121 2551 Rubeis
3150 2494 3503 2565 intelligimus
3538 2493 3633 2565 (rt).

2066 2591 2239 2657 Quam
2286 2588 2507 2659 quidem
2563 2588 3016 2658 disceptationem
3060 2586 3186 2641 aliis
3229 2584 3640 2655 dijudicandam

2068 2683 2451 2752 relinquimus.

2141 2830 2230 2885 IV.
2270 2831 2592 2901 Hujusmodi
2624 2839 2805 2887 autem
2842 2830 3296 2902 TheOphilensem
3327 2830 3639 2901 epistolam,

2070 2928 2389 2997 encyclicam
2435 2926 2619 2997 potius
2658 2941 2822 2995 quam
2855 2927 3161 2996 synodicam
3186 2925 3420 2980 fortasse
3462 2924 3644 2994 appel-

2073 3018 2313 3080 landam,
2338 3024 2453 3071 tres
2488 3015 2765 3085 excipiunt
2793 3015 3067 3085 paschales
3104 3014 3345 3084 epistola:
3375 3029 3641 3069 annorum

2076 3106 2202 3168 401,
2238 3106 2343 3160 4οΞ
2366 3113 2417 3160 et
2449 3104 2575 3160 404.
2607 3105 2834 3160 Constat
2889 3105 3033 3159 enim
3089 3104 3359 3159 antistites
3409 3102 3645 3157 Alexan-

2796 3195 3051 3250 Ecclesia:
3096 3194 3412 3265 quotannis,
3432 3205 3646 3263 peracto

2082 3288 2498 3357 Epiphaniorum
2520 3285 2623 3351 die,
2658 3294 2716 3340 ut
2738 3286 2916 3356 inquit
2935 3285 3230 3340 Cassianus
3262 3284 3355 3356 lo),
3390 3285 3649 3355 epistolas

2084 3378 2459 3449 promulgasse
2495 3376 2562 3430 ad
2594 3375 2835 3431 solemne
2855 3372 3140 3428 Paschatis
3167 3381 3381 3443 tempus
3401 3372 3648 3427 indicen-

2082 3473 2211 3528 dum
2237 3510 2251 3533 ,
2289 3468 2559 3539 paschales
2600 3476 2919 3537 propterea,
2971 3465 3088 3520 sive
3121 3465 3283 3520 etiam
3325 3463 3653 3534 quandoque

2087 3563 2298 3633 [estales
2326 3561 2502 3615 dictae.
2545 3557 2654 3613 Has
2681 3573 2809 3612 vero
2835 3555 3121 3626 Theophili
3152 3555 3408 3626 epistolas
3439 3553 3652 3608 Latinis

2087 3654 2312 3707 auribus
2344 3649 2567 3705 donavit
2609 3654 2836 3704 sanctus
2875 3645 3239 3717 Hieronymus
3261 3685 3277 3710 ,
3314 3649 3479 3715 atque
3509 3634 3667 3698 interi

2089 3746 2208 3815 ejus
2234 3759 2399 3814 opera
2424 3743 2744 3813 plerumque
2768 3739 3228 3795 circumferuntur
3249 3756 3263 3804 ;
3281 3738 3375 3793 sed
3401 3722 3657 3792 inomni-

2090 3840 2192 3893 bus
2232 3837 2414 3897 editis,
2466 3836 2512 3890 si
2544 3833 2943 3888 Vallarsianum
2974 3831 3237 3902 excipias,
3277 3831 3468 3885 ordine
3515 3844 3656 3899 prae-

2091 3937 2310 4000 postero
2335 3928 2486 3981 fuere
2508 3926 2811 3996 disposita).
2834 3924 3205 3979 Inversionem
3234 3923 3441 3994 primus
3458 3923 3657 3977 detexit

2093 4021 2556 4077 eminentissimus
2588 4016 2839 4073 Norisius
2887 4016 2962 4086 (p)
2985 4056 3000 4081 ,
3038 4017 3129 4087 qui
3163 4014 3389 4086 proinde
3416 4014 3658 4084 singulas

2096 4116 2214 4171 suis
2242 4113 2400 4168 annis
2433 4120 2692 4167 accurate
2715 4110 2974 4167 restituit.

2165 4235 2347 4289 Prima
2378 4236 2584 4303 itaque,
2613 4233 2773 4303 cujus
2801 4239 2883 4287 est
2920 4229 3227 4293 exordium,
3260 4229 3529 4284 Christum
3565 4225 3659 4282 Je-

2098 4343 2214 4381 sum
2247 4326 2551 4389 Dominum,
2578 4325 2680 4379 sub
2708 4323 2868 4377 finem
2910 4320 3120 4375 Pascha
3165 4320 3356 4375 indicit
3383 4318 3660 4373 celebran-

2101 4425 2227 4480 dum
2249 4425 2339 4479 die
2370 4438 2461 4478 χιι
2487 4422 2694 4478 mensis
2743 4418 3061 4473 Pharmuthi
3090 4417 3244 4485 juxta
3279 4414 3461 4486 cyclos
3496 4412 3635 4483 {Egy

435 4528 735 4582 \‘allarsius
768 4543 782 4579 :
819 4526 978 4592 eique
1014 4528 1274 4592 prazterea
1317 4533 1384 4572 ex
1414 4515 1602 4571 eodem
1656 4512 1845 4568 codice
1885 4518 1999 4567 tres
2030 4514 2075 4568 D
2104 4519 2265 4588 ptios,
2317 4530 2513 4585 nempe
2564 4512 2705 4584 apud
2743 4511 2967 4565 Latinos
3012 4510 3167 4577 juxta
3222 4504 3659 4576 supputationem

438 4617 573 4669 alias
602 4613 852 4679 attexuit,
881 4612 948 4665 ad
977 4608 1222 4664 eamdem
1254 4621 1473 4661 causam
1511 4604 1875 4674 pertinentes;
1917 4603 2001 4655 ni~

441 4708 634 4761 mirum
668 4705 736 4759 ad
765 4702 1158 4773 praecedentem
1191 4698 1476 4769 Theophili
1505 4696 1784 4768 epistolam
1810 4694 2001 4764 synodi

444 4796 948 4869 Hierosolymitanaa
997 4808 1341 4865 responsum,
1373 4790 1726 4862 Dionysiique
1769 4787 2003 4841 Lidden-

518 4958 590 5030 (α)
636 4956 848 5030 Socrat.
874 4953 1017 5030 _H_ist.
1051 4952 1304 5030 ecclﬂib.
1328 4966 1426 5015 vn,
1450 4964 1571 5017 cap.
1606 4948 1656 5030 7n.

520 5014 591 5099 (ὑ)
628 5028 815 5099 Cyrill.
862 5027 1017 5081 Alex.
1057 5027 1113 5078 in
1165 5014 1577 5099 ProlegLAnum.
1622 5018 1675 5082 9.,
1711 5016 1852 5086 apud
1899 5014 2006 5069 Bu-

448 5091 599 5154 clier.
645 5091 720 5151 De
749 5096 919 5150 doctr.
958 5105 1135 5163 temp.,
1168 5108 1288 5160 pag.
1322 5091 1438 5146 482.

523 5168 595 5238 (ε)
637 5167 713 5220 Id.
755 5168 885 5220 ibid.
915 5181 1122 5238 nimim.
1156 5164 1192 5217 9.
1214 5171 1265 5215 ct
1290 5164 1342 5214 6.

525 5229 602 5306 (τί)
639 5238 868 5291 Bucher.
898 5236 978 5306 pe
1010 5236 1203 5306 doctr._
1233 5244 1386 5298 temp.
1420 5246 1542 5306 p_a_g.
1583 5229 1684 5282 {29
1719 5242 1871 5306 seqq.-

527 5296 597 5379 (ei
637 5307 850 5379 Tillein.
888 5305 1057 5379 Mein.
1097 5304 1223 5379 eccl.
1277 5296 1541 5361 toian'l,
1607 5315 1762 5370 pagg.
1807 5296 1912 5351 400
1959 5301 2012 5349 ct

453 5374 726 5435 639.1iot.
754 5376 793 5428 γ
825 5392 917 5429 sur
951 5374 1247 5442 Tliéophile.

528 5452 594 5518 (Ῑ)
628 5448 813 5502 Petav.
868 5445 944 5518 De
980 5436 1148 5497 docir.
1183 5454 1334 5518 temp.
1363 5453 1505 5518 tein.
1534 5439 1599 5499 ll.
1630 5455 1750 5508 pag.
1783 5436 1909 5493 50L

533 5513 607 5589 (ᾗ)
648 5517 943 5589 Bucher._l.
975 5532 1025 5589 c.
1062 5529 1183 5589 pag.
1226 5513 1474 5589 471-4733.

647 5589 839 5659 Bcver.
873 5575 1212 5659 Pani-Clin.
1253 5590 1384 5641 toni.
1420 5581 1483 5642 li,
1498 5595 1667 5659 pagg.
1702 5575 1946 5659 ιητενςρξξ.

646 5657 864 5726 Hieron.
893 5658 983 5710 lib.
1017 5674 1029 5709 ι
1058 5656 1273 5723 Apolog.
1295 5665 1461 5705 contr.
1489 5646 1663 5719 Ruﬁn.
1718 5647 1746 5717 §
1772 5647 1856 5711 1‘2,
1883 5646 2015 5715 Opp.

474 5724 612 5796 tom}
656 5724 719 5796 |_|,
745 5741 867 5796 pag.
896 5727 1023 5781 1468.

552 5795 620 5870 (ἱ)
667 5783 892 5849 vallatis.
927 5797 1054 5850 edit.
1092 5795 1311 5852 Ilieron.
1350 5803 1479 5848 tom.
1501 5789 1541 5858 I,
1574 5805 1729 5861 pagg.
1762 5783 2018 5843 551—552.

2102 4610 2370 4664 Julianam
2396 4608 2483 4662 die
2527 4621 2616 4660 xiv
2648 4605 2889 4675 Aprilis:
2926 4618 3033 4671 qua
3063 4615 3193 4655 sane
3216 4599 3304 4652 die
3336 4598 3391 4650 in
3418 4595 3660 4652 Ecclesia

2102 4700 2345 4755 Romana
2376 4701 2705 4754 celebratum
2739 4706 2821 4751 est
2852 4697 3049 4750 festum
3084 4691 3338 4761 paschale
3363 4706 3507 4745 anno
3531 4690 3660 4749 401,

2104 4794 2256 4865 cyclo
2284 4793 2413 4846 solis
2441 4806 2594 4852 xvm,
2627 4790 2765 4841 luna:
2797 4802 2881 4849 in,
2910 4785 3015 4839 litt.
3042 4782 3193 4836 Dom.
3229 4780 3289 4835 F.
3321 4779 3445 4836 Haec
3483 4789 3660 4835 autem

2179 4945 2250 5017 (k)
2290 4945 2368 5017 Id.
2414 4942 2621 5017 praefat.
2663 4942 2728 4994 ad
2774 4949 2904 4992 tom.
2937 4936 3163 5017 Izupag.
3204 4935 3475 5017 ﬂagtium.
3610 4940 3663 5017 et

2108 5001 2386 5086 pag.'557.
2418 5001 2646 5086 inunot.
2694 5019 2748 5066 et
2786 5018 2919 5063 tom.
2974 5001 3187 5071 IIl-fin
3246 5006 3349 5060 Vit.
3397 5004 3458 5058 S.
3509 5001 3658 5054 Hier.

2112 5084 2269 5158 pagg.
2290 5084 2560 5158 _l85-188.

2181 5139 2504 5280 (Q‘giieron.
2567 5152 2661 5205 lib.
2707 5167 2767 5204 ιιι
2815 5159 2985 5204 contr.
3022 5145 3259 5216 Ruﬁn.§
3297 5143 3383 5207 ιδ,
3423 5153 3553 5197 ιοιη.
3595 5139 3660 5201 ιι,

2152 5267 2164 5278 .
2200 5247 2323 5280 ὓέιῦ.

2113 5244 2164 5295 Ρ·
2184 5244 2406 5365 61λῦἰὶἸίζ
2408 5291 2474 5346 de
2496 5290 2660 5344 Prato
2682 5287 2912 5345 Dissert.
2932 5306 2982 5343 vr
3008 5288 3075 5340 ad
3107 5283 3304 5350 Sulpic.
3332 5282 3446 5335 Seu.
3472 5290 3602 5334 tom.
3622 5278 3663 5342 Ι,

2115 5362 2268 5436 pagg.
2302 5362 2420 5436 371
2438 5378 2589 5436 se_qq_.

2117 5421 2261 5560 .1098
2301 5434 2361 5488 Β.
2391 5432 2458 5487 de
2484 5421 2623 5485 Kuh.
2663 5431 2886 5485 Dissert.
2922 5426 2984 5479 de
3007 5423 3183 5492 Ruﬁn.
3230 5438 3350 5492 cap.
3386 5421 3471 5485 15,
3506 5435 3662 5490 pagg.

2270 5520 2419 5560 seau.

2150 5509 2219 5561 00
2270 5520 2419 5571 seqq.

2188 5577 2258 5646 (ο)
2299 5562 2783 5646 CassianLCollat:
2812 5570 3054 5646 10.__cap.
3087 5562 3142 5617 ‘2.

2191 5631 2264 5715 (pj
2304 5642 2479 5715 Noris.
2515 5641 2654 5715 ΗὶιςιΣ
2692 5639 2869 5715 Ρεέαρ.
2903 5631 3095 5715 libft.‘
3118 5647 3236 5699 cap.
3270 5631 3323 5684 2.
3358 5640 3429 5715 et“
3444 5631 3666 5685 Dissert.

2120 5702 2383 5771 deusanct.
2419 5713 2576 5767 Siric.
2616 5710 2711 5778 Pp.
2748 5702 2881 5774 Op'p.
2917 5702 3097 5778 tom.__|
3123 5744 3136 5760 ,
3162 5716 3326 5778 pagg.
3364 5703 3433 5758 9.0
3487 5715 3666 5771 seqq.,

2123 5796 2176 5842 et
2208 5798 2335 5840 tom.
2372 5783 2459 5851 IV,
2501 5771 2963 5853 paggf'iﬂti—s'eqq.
2996 5772 3126 5828 edit.
3162 5771 3357 5828 Veron.
