4034 6340
352 447 430 502 5'5
1816 441 2043 497 CANON
2050 443 2149 499 ES.
3526 439 3597 501 ξεᾶ

359 560 646 630 Theophili
677 560 912 630 epistola
943 561 995 614 in
1034 560 1268 631 vulgatis
1311 561 1648 617 editionibus
1695 559 1924 614 secmtda
1956 566 2000 618 Α
2033 560 2369 628 paschalium
2438 559 2684 613 ordinem
2744 575 2774 611 a
2832 556 3049 611 Norisio
3106 558 3224 611 viro
3280 557 3598 612 doctissimo

359 666 640 716 perperam
677 651 945 724 signatur.

435 742 684 797 Secunda
704 758 867 812 porro
887 760 1008 813 quae
1038 744 1233 815 incipit
1266 764 1279 799 :
1306 744 1547 799 Primum
1580 744 1931 798 solemnitatis

356 843 598 904 augusta.-
621 850 771 888 servo
795 832 1025 901 divinus,
1053 852 1281 907 quicque
1311 847 1468 892 antea
1499 837 1639 891 male
1679 837 1733 891 in
1768 837 1931 890 editis

356 934 617 996 tanquam
649 927 825 996 prima
864 926 1192 995 habebatur,
1215 928 1427 984 Pascha
1455 929 1696 983 futurum
1729 929 1933 982 denun-

355 1018 457 1071 tiat
479 1017 568 1072 die
596 1032 649 1070 ιι
677 1016 884 1072 mensis
917 1015 1259 1082 Pharmuthi,
1286 1019 1337 1072 id
1367 1027 1451 1074 est
1478 1019 1629 1089 juxta
1666 1019 1928 1088 epocham

356 1107 631 1163 Julianam
665 1109 754 1163 die
779 1125 834 1163 Vl
863 1108 1067 1179 Aprilis
1103 1128 1117 1164 :
1152 1126 1256 1179 qua
1290 1110 1509 1180 quidem
1552 1110 1639 1165 die
1669 1126 1697 1163 a
1725 1109 1932 1163 Latinis

358 1217 506 1256 anno
536 1201 665 1264 402,
708 1202 986 1273 paschalia
1019 1203 1157 1258 festa
1187 1211 1408 1273 peracta
1439 1212 1587 1265 sunt,
1625 1203 1776 1273 cyclo
1803 1204 1933 1258 solis

359 1309 480 1356 le,
513 1295 658 1348 luna:
691 1310 767 1359 tv.
801 1294 906 1348 litt.
950 1293 1105 1349 Dom.
1134 1293 1196 1347 Ε.

436 1384 620 1439 Tertia
651 1385 889 1455 denique
914 1385 1218 1456 incipiens:
1267 1386 1424 1440 Nunc
1452 1403 1649 1456 quoque
1687 1386 1777 1440 Dei
1821 1387 1932 1440 viva

355 1477 663 1544 sapientia,
716 1475 930 1532 Pascha
985 1477 1237 1548 designat
1283 1479 1646 1548 peragendum
1698 1479 1785 1531 die
1820 1493 1929 1531 uti

360 1565 610 1635 ejusdem
646 1567 853 1621 mensis
884 1565 1206 1620 Pharmuthi
1244 1588 1256 1621 :
1303 1583 1475 1636 eaque
1516 1569 1604 1620 die
1634 1582 1777 1621 anno
1821 1568 1933 1621 bis-

360 1656 546 1710 sextili
571 1655 678 1710 40$
697 1658 1033 1711 celebratum
1060 1656 1165 1712 fuit
1195 1658 1349 1728 cyclo
1376 1658 1508 1712 solis
1535 1675 1652 1721 xst,
1686 1659 1827 1713 lunae
1858 1676 1932 1723 v1,

361 1746 566 1803 litteris
588 1745 746 1801 Dom.
771 1746 839 1808 C.
860 1745 924 1801 Β.

435 1841 609 1908 Atque
646 1840 721 1892 ita
769 1840 990 1908 quidem
1046 1841 1211 1896 trium
1252 1839 1537 1912 Theophili
1578 1843 1933 1911 cpistolarutn

2030 653 2340 705 restitutum
2383 652 2555 705 secuti
2587 666 2777 704 sumus
2808 658 2928 719 post
2958 649 3305 712 Vallarsiutn,
3349 665 3411 702 ex
3441 650 3598 717 cujus

2029 741 2299 796 recensita
2340 741 2585 794 editione
2632 739 3048 809 llieronymiaua
3099 754 3192 793 eas
3246 739 3595 809 protulimus.

2028 834 2340 901 Adjecimus
2394 841 2656 901 praeterea
2724 832 3038 885 earumdem
3096 833 3448 901 epistolarum
3493 833 3601 883 fra-

2031 929 2246 991 gmenta
2280 922 2490 979 Gra’ca.
2536 938 2643 975 non
2690 921 2864 976 solum
2890 938 2953 975 ex
2993 921 3192 992 Cyrillo
3235 921 3602 976 Alexandrino

2032 1030 2093 1068 ac
2151 1012 2479 1068 Theodorito
2507 1054 2520 1075 .
2565 1029 2750 1066 verum
2804 1014 2968 1066 ctiam
3016 1029 3082 1067 ex
3144 1013 3341 1068 Cusma
3386 1013 3598 1067 Indico-

2032 1107 2243 1174 plcustc
2274 1103 2559 1173 desumpta
2595 1122 2607 1159 :
2642 1103 2788 1173 quod
2831 1104 3329 1185 neminihactenus
3359 1104 3604 1159 animad-

2031 1214 2270 1250 versum.
2309 1197 2508 1250 Adhatc
2542 1213 2607 1251 ex
2649 1196 2788 1250 actis
2815 1198 3033 1250 concilii
3071 1198 3325 1266 Epltesini
3361 1199 3468 1252 duo
3497 1198 3601 1251 alia

2034 1291 2220 1345 (irmca
2257 1289 2557 1359 fragmenta
2603 1306 2668 1343 ex
2725 1287 2970 1356 ejusdem
3031 1288 3316 1359 Theophili
3357 1291 3603 1360 epistolis

2034 1383 2384 1452 paschalibus
2417 1399 2449 1436 ν
2506 1391 2559 1437 ct
2584 1399 2638 1435 νι
2669 1391 2920 1452 excerpta
2959 1383 3320 1438 subdidimus.

2105 1475 2235 1540 Quae
2284 1491 2413 1528 vero
2462 1491 2603 1544 pone
2646 1476 3056 1545 subsequuntur
3096 1476 3359 1545 epistolae.
3391 1477 3606 1547 aliaque

2035 1583 2099 1620 ex
2138 1567 2382 1620 auctoris
2424 1568 2596 1621 nostri
2648 1568 2907 1637 operibus
2954 1567 3256 1636 doperditis
3290 1568 3451 1621 simul
3486 1570 3604 1621 col-

2035 1663 2171 1715 lecta
2224 1660 2555 1731 fragmenta.
2606 1676 2705 1715 nec
2737 1677 2841 1714 non
2896 1661 3068 1729 ipsius
3099 1660 3549 1731 apophthegmata
3590 1679 3603 1714 :

2038 1754 2169 1814 haec,
2206 1752 2450 1821 inquam,
2472 1754 2652 1805 omnia
2683 1753 2825 1806 unde
2840 1753 2949 1805 sint
2980 1754 3194 1806 domum
3239 1754 3451 1817 hausta,
3490 1755 3606 1808 lucu

2039 1846 2241 1913 uhique
2265 1846 2577 1913 singillatim
2613 1826 3032 1913 prazmonstrata
3068 1846 3359 1900 docebunt.

1545 2269 2422 2408 ΘΕΟΦΙΛΟΥ

1088 2533 2010 2622 ΑΡΧΙΕΠΙΣΚΟΠΟΥ
2064 2526 2888 2622 ΑΛΕΞΑΝΔΡΕΙΑΣ

1446 2773 2521 2891 ΠΡΟΣΦΩΝΗΣΙΣ

1095 3013 1227 3069 ΤΩΝ
1266 3013 1466 3067 ΔΙΊΩΝ
1506 3013 1891 3067 ΘΕΟΦΔΝῙΩΝ
1932 3011 2373 3069 ΕΠΙΣΤΑΝΤΩΝ
2406 3017 2497 3070 EN
2533 3017 2870 3088 ΚΥΡΙΑΚῌ.

1159 3369 1860 3500 EDICTUM
1962 3374 2830 3499 THEOPHILI

1455 3630 1978 3688 ARCHIEPISCOPI
2018 3631 2512 3698 ALEXANDRINI,

802 3834 966 3895 CUM
1011 3834 1317 3895 SANCTA
1363 3832 1890 3894 ΤΗΕΟΡΗΛΝΙᾹ
1943 3834 1968 3892 l

2078 3837 2214 3896 DIE
2250 3838 2653 3901 DOMINICO
2696 3840 3149 3903 INSTARENT

428 4143 534 4198 Kal
567 4141 637 4195 τὸ
678 4138 819 4203 ἔθος
856 4137 935 4205 (1)
971 4136 1068 4192 καὶ
1110 4136 1176 4189 τὸ
1225 4136 1452 4204 πρέπον
1491 4137 1649 4206 ἡμᾶς
1699 4140 1974 4203 ἀπαιτεῖ]

2110 4142 2175 4195 Et
2208 4160 2319 4196 mos
2347 4154 2397 4195 et
2430 4145 2671 4196 honestas
2708 4161 2739 4195 a
2768 4145 2913 4195 nobis
2943 4145 3120 4212 exigit,
3152 4154 3208 4195 ut
3243 4160 3441 4195 onmem
3472 4145 3608 4195 diem

361 4235 567 4290 πᾶσαν
601 4228 917 4297 Κυριακὴν
940 4227 1134 4298 τιμᾷν,
1166 4230 1264 4282 καὶ
1290 4230 1358 4282 έν
1391 4231 1574 4300 ταύτῃ
1604 4235 1933 4303 πανηπνρί-

364 4326 503 4391 ζειν,
529 4321 855 4389 ἐπειδήπερ
885 4321 955 4373 ἐν
979 4321 1163 4387 ταύτῃ
1191 4324 1223 4374 ό
1248 4322 1460 4388 Κύριος
1490 4323 1660 4390 ἡμῶν
1702 4325 1931 4391 Ἰησοῦς

366 4419 619 4486 Χριστὸς
659 4415 776 4484 τὴν
817 4416 888 4468 ἐκ
925 4414 1151 4481 νεκρῶν
1192 4414 1528 4468 ἀνάστασιν
1574 4417 1719 4484 ἡμῖν
1760 4418 1931 4485 ἐπρυ.

367 4509 644 4562 τάνευσε.
692 4505 790 4559 Διὸ
840 4504 941 4557 καὶ
990 4505 1059 4557 ἐν
1108 4503 1236 4570 ταῖς
1279 4504 1458 4572 ἱεραῖς
1501 4506 1796 4573 Γραφαῖς,
1838 4509 1933 4561 καὶ

370 4598 566 4666 πρώτη
593 4596 903 4663 κέκληται,
923 4596 1003 4661 ὡς
1029 4595 1183 4665 ἀρχὴ
1214 4594 1361 4664 ζωῆς
1391 4597 1535 4665 ἡμῖν
1557 4597 1934 4667 ὑπάρχουσα,

373 4692 470 4743 καὶ
496 4689 699 4759 ὀγδόη,
738 4688 843 4743 ἅτε
880 4689 1314 4756 ὑπερϐεϐηκυῑα
1344 4687 1453 4741 τὸν
1482 4689 1601 4744 τῶν
1645 4690 1939 4744 Ἰουδαίων

373 4781 802 4851 σαϐϐατισμόν.
851 4779 1004 4832 Ἐπεὶ
1041 4775 1155 4833 οὖν
1186 4779 1415 4846 συνέϐη
1459 4780 1575 4849 τὴν
1605 4780 1724 4835 τῶν
1756 4783 1939 4846 ἁγίων

376 4870 714 4937 Θεοφανίων
745 4867 1040 4938 νήστιμον
1066 4868 1296 4936 ’ἡμέραν
1332 4865 1484 4923 εἶναι
1514 4872 1758 4937 ταύτην,
1783 4874 1939 4924 οὶκο·

368 4961 728 5030 νομήσωμεν
746 5001 761 5025 ,
813 4960 911 5014 καὶ
986 4959 1136 5027 πρὸς
1190 4960 1482 5028 ἑκατέρων
1530 4961 1939 5030 ἐπιστημόνως

368 5051 756 5121 χωρήσωμεν,
797 5052 900 5106 ἵνα
922 5051 1476 5120 μεταλαμϐάνοντες
1501 5053 1718 5122 ὀλίγων
1752 5054 1940 5121 φοινί.

368 5161 516 5209 κων,
555 5145 925 5213 ἐκκλίνωμεν
966 5142 1086 5212 ἅμα
1128 5144 1227 5196 καὶ
1270 5144 1376 5209 τὰς
1419 5142 1679 5210 αἱρέσεις
1711 5143 1819 5210 τὰς
1851 5144 1938 5214 μὴ

369 5234 637 5304 τιμώσας
664 5234 778 5303 τὴν
808 5232 1224 5301 ἁναστάσιμον
1248 5233 1353 5287 τοῦ
1388 5235 1606 5301 Κυρίου
1635 5234 1802 5303 ’ἡμῶν
1839 5236 1942 5301 Ἰη-

367 5326 492 5381 σοῦ
536 5326 793 5395 Χριστοῦ
848 5324 1112 5395 ἡμέραν,
1161 5326 1258 5379 καὶ
1312 5325 1377 5379 τὸ
1436 5326 1825 5394 ὀφειλόμενον
1866 5325 1941 5393 τῇ

363 5418 646 5487 νηστίμφ
700 5416 888 5486 ἡμέρᾳ
938 5416 1282 5486 ἀποδῶμεν,
1362 5416 1777 5485 περιμένοντες
1827 5417 1942 5485 τὴν

2036 4234 2371 4287 Dominicum
2426 4235 2759 4294 Itonoremus,
2808 4250 3023 4302 eumque
3078 4234 3428 4295 celebremus;
3477 4250 3608 4302 quo-

2036 4328 2180 4380 niam
2216 4325 2476 4381 Dominus
2507 4335 2685 4380 noster
2712 4325 2869 4380 Jesus
2916 4325 3160 4378 Christus
3197 4326 3512 4395 praeclarum
3553 4329 3606 4378 in

2035 4434 2097 4470 ea
2118 4432 2229 4470 sua:
2256 4416 2665 4469 resurrectionis
2706 4432 2893 4468 munus
2930 4415 3074 4470 obiit.
3116 4413 3181 4467 Et
3208 4413 3322 4467 ideo
3352 4417 3404 4466 in
3439 4416 3605 4466 sacris

2038 4508 2327 4578 Scriptura
2361 4524 2488 4576 ipse,
2521 4519 2570 4562 et
2601 4510 2801 4576 primus
2849 4508 3145 4577 appellatus
3177 4518 3274 4567 est,
3314 4517 3369 4559 ut
3418 4508 3507 4574 qui
3539 4507 3608 4558 sit

2037 4599 2184 4652 nobis
2211 4601 2330 4653 vitat
2372 4599 2707 4667 principium,
2748 4606 2794 4650 et
2825 4607 3057 4655 octavus,
3090 4605 3145 4647 ut
3178 4596 3267 4663 qui
3297 4592 3607 4647 Juda’orum

2038 4691 2418 4745 sabbatismum
2463 4690 2874 4757 exsuperaverit.
2920 4688 3060 4753 Quia
3109 4704 3230 4755 ergo
3285 4687 3498 4743 accidit.
3553 4695 3609 4737 n:

2037 4792 2341 4843 sanctorum
2399 4780 2856 4848 Theophaniorum
2916 4778 2999 4831 Itic
3050 4787 3185 4831 esset
3239 4778 3348 4830 dies
3398 4777 3606 4845 jejunio

2043 4873 2391 4943 peragendus,
2422 4874 2816 4941 dispensemus.
2866 4884 2914 4925 et
2962 4870 3028 4924 ad
3075 4881 3350 4938 utrumque
3394 4871 3605 4922 scientes

2038 4964 2401 5033 procedamus.
2446 4975 2503 5016 ut
2532 4981 2726 5033 paucos
2770 4963 3007 5032 dactylos
3047 4971 3327 5023 sumentes,
3364 4959 3523 5011 simul
3558 4970 3605 5009 et

2039 5060 2260 5110 Iuereses
2303 5058 2541 5118 vitemus,
2584 5072 2701 5124 qua:
2761 5055 2971 5107 Domini
3022 5054 3191 5107 nostri
3230 5050 3359 5105 Jesu
3410 5051 3606 5103 Christi

2040 5149 2434 5202 resurrectionis
2485 5150 2621 5201 diem
2673 5165 2775 5200 non
2823 5147 3109 5207 honorant,
3169 5155 3217 5197 et
3271 5144 3375 5195 diei
3418 5142 3602 5209 jejunii

2039 5239 2176 5309 quod
2201 5238 2417 5293 debetur
2445 5240 2749 5302 reddamus,
2780 5241 3124 5306 vespertinam
3157 5235 3600 5305 congregationem

2040 5342 2416 5399 exspectantes,
2448 5349 2563 5400 qum
2592 5332 2694 5388 hic.
2732 5331 2838 5383 Deo
2860 5333 3039 5393 dante,
3072 5330 3355 5399 peragitur.
3388 5324 3586 5392 Congre

2040 5439 2227 5491 gamur
2256 5441 2375 5491 ergo
2406 5423 2488 5476 hic
2516 5423 2580 5476 ab
2605 5424 2735 5475 liora
2764 5440 2923 5476 nona.

364 5506 703 5577 ἑσπερινὴν
737 5508 1016 5573 σύναξιν,
1072 5508 1203 5577 ἣτις
1235 5508 1511 5571 ἐνταῦθα,
1558 5508 1704 5561 Θεοῦ
1747 5506 2050 5575 θέλοντος,
2112 5515 2389 5569 τελεῖται.
2438 5514 2835 5583 Συναχθῶμεν
2876 5516 3082 5568 τοίνυν
3130 5510 3246 5564 ἀπὸ
3294 5507 3448 5575 ὥρας
3511 5514 3580 5565 ἑν

367 5599 555 5669 nim;
584 5600 862 5655 ἐνταῦθα.

444 5805 676 5875 (1)1129
704 5800 1097 5875 descripsimus
1135 5798 1499 5875 e§__P1ndect.
1532 5814 1715 5851 canon.
1758 5798 1920 5875 Βενε-

2028 5797 2384 5849 Conciliorum
2422 5796 2746 5866 collectione.
2795 5803 2926 5848 tom.
2972 5795 3045 5857 ll,
3091 5812 3211 5866 pag.
3267 5795 3399 5847 15Το
3448 5810 3576 5861 seqq

365 5865 529 5947 regii.
552 5885 687 5932 tom.
716 5871 779 5942 ll,
806 5865 961 5943 pagg.
993 5870 1251 5926 {70-175.
1304 5868 1532 5925 Exstant
1579 5878 1837 5939 praetcrea
1872 5871 1923 5921 in
2034 5869 2163 5921 edit.
2197 5865 2593 5921 Veneto-[.abb.
