4034 6340
392 401 460 455 53
1399 387 1768 444 TllEOPlllLl
1811 388 2118 443 EPISCOPI
2163 385 2630 442 ALEXANDRINI
3555 381 3629 433 36

415 542 3600 575 MM

1197 642 1422 730 ΤΟΥ
1482 642 1860 730 ΑΥΤΟΥ
1911 641 2819 728 ΥΠΟΜΝΗΣΤΠέΟΝ

1449 823 1624 894 ’Ὀπερ
1654 821 1813 875 ἔλαϐε
1841 819 2092 892 Ἀμμῶν,
2131 820 2218 875 διὰ
2250 821 2349 892 τὴν
2383 821 2568 876 Λυκὼ.

658 1036 1016 1099 EIUSDEM
1051 1030 1754 1096 COMMONITORIUM
1784 1031 2009 1105 QUOD
2037 1032 2371 1094 ACCEPIT
2410 1031 2706 1092 AMMON
2757 1030 3125 1091 PROPTER
3156 1030 3387 1091 LYCO.

1020 1223 1248 1280 CANON
1286 1222 1327 1277 ι.
1990 1239 2039 1292 Α

1990 1239 2039 1292 Α
2663 1224 2903 1279 ΚΑΝΩΝ
2957 1224 3034 1276 Αο.

462 1320 534 1374 De
562 1321 628 1374 iis
651 1321 739 1391 qui
767 1320 983 1373 Arionis
1022 1318 1561 1383 communicaverunt,
1601 1326 1651 1372 et
1688 1316 1957 1375 Ecclesiae

2132 1320 2274 1390 Περὶ
2311 1319 2428 1373 τῶν
2463 1316 2958 1383 κοινωνησάντων
3004 1314 3130 1380 τοῖς
3187 1313 3499 1383 Ἀρειανοῖς
3537 1313 3633 1367 καὶ

388 1413 487 1467 huc
520 1429 680 1483 usque
711 1412 965 1479 detinent,
994 1420 1050 1464 ut
1074 1428 1128 1465 se
1156 1410 1309 1465 habet
1335 1410 1676 1473 consuetudo,
1705 1412 1806 1480 ﬁat
1835 1428 1854 1467 :
1880 1414 1958 1465 itu

2056 1413 2234 1484 μέχρι
2263 1413 2380 1467 νῦν
2423 1410 2533 1476 τὰς
2560 1408 2928 1477 Ἐκκλησίας
2959 1407 3352 1475 κατεχόντων,
3386 1407 3466 1472 ὡς
3502 1406 3636 1473 ἔθος

389 1515 563 1560 tamen
598 1515 654 1558 ut
684 1505 778 1558 alii
811 1506 1227 1567 constituantur,
1262 1504 1351 1572 qui
1378 1504 1435 1556 in
1469 1502 1785 1557 orthodoxia
1814 1506 1960 1558 testi-

2062 1503 2336 1573 γινέσθω,
2366 1502 2520 1554 οὕτω
2557 1498 2762 1569 μέντοι
2804 1497 3044 1566 ἑτέρους
3083 1496 3454 1565 καταστῆναι
3491 1512 3639 1566 μαρ-

389 1598 634 1665 ﬁcentur,
658 1605 708 1650 et
737 1595 818 1649 illi
856 1602 1220 1665 permaneant.
1255 1593 1353 1648 His
1381 1610 1580 1663 quoque
1630 1594 1707 1647 ita
1752 1594 1962 1663 dispen-

2062 1593 2467 1665 τυρουμένους
2521 1594 2591 1646 ἐν
2652 1591 2998 1660 ὀρθοὸοξίᾳ,
3044 1590 3365 1655 κάκείνους
3407 1587 3637 1648 αὐλίζε-

389 1688 541 1747 satis,
569 1699 623 1739 ut
661 1688 780 1741 aliis
818 1686 1033 1740 urbibus
1053 1684 1335 1739 orthodoxi
1362 1686 1413 1738 in
1441 1684 1703 1739 Thebaide
1736 1687 1964 1754 episcopi

2064 1692 2222 1743 σθαι.
2267 1687 2463 1751 Οὕτως
2499 1683 3009 1754 οἰκονομουμένων
3045 1682 3411 1744 καὶτούτων,
3437 1678 3638 1748 ὥσπερ

390 1778 643 1846 fecerunt,
674 1776 762 1846 qui
800 1775 864 1828 ab
903 1777 1140 1842 episcopo
1172 1774 1413 1844 Apolline
1445 1776 1745 1841 constituti,
1788 1785 1837 1829 et
1875 1777 1964 1846 qui

2066 1781 2164 1835 καὶ
2197 1781 2267 1834 ἑυν
2296 1781 2426 1845 ταῖς
2451 1778 2669 1844 ἄλλαις
2698 1779 2915 1831 πόλεσι
2960 1774 3365 1841 πεποιήκασιν
3391 1777 3445 1827 οί
3470 1774 3539 1826 ἐν
3563 1771 3636 1841 τῇ

390 1884 508 1920 cum
555 1868 767 1920 Arionis
800 1866 1067 1920 Ecclesias
1115 1866 1425 1919 habentibus
1487 1868 1961 1931 communicantes,

2069 1871 2309 1940 θηϐαΐδι
2369 1870 2675 1938 ὀρθόδοξοι
2724 1868 3078 1931 ἐπίσκοποι,
3131 1868 3184 1919 οἱ
3232 1862 3638 1925 καταστάντες

391 1961 717 2027 puniantur:
762 1959 809 2011 si
852 1957 1057 2027 quidem
1101 1959 1335 2024 ipsorum
1378 1958 1647 2011 voluntate
1686 1958 1781 2011 hoc
1830 1958 1966 2028 fece-

2066 1965 2227 2033 παρὰ
2254 1963 2361 2017 τοῦ
2402 1964 2771 2026 Ἀπόλλωνος
2815 1958 2922 2013 τοῦ
2975 1960 3330 2024 ἐπισκόπου,
3374 1957 3473 2010 καὶ
3515 1973 3635 2009 κοι-

393 2040 547 2113 runt;
587 2051 669 2104 sin
704 2061 878 2103 autem
919 2050 1134 2119 proprio
1174 2051 1413 2119 episcopo
1460 2051 1798 2114 obcdierunt,
1848 2067 1963 2119 per-

2068 2056 2449 2123 νωνήσαντες
2492 2054 2616 2119 τοῖς
2646 2052 2858 2122 ἔχουσι
2886 2051 2992 2118 τὰς
3025 2050 3389 2118 Ἐκκλησίας
3428 2050 3636 2115 Ἀρειιι-

392 2150 671 2206 maneant,
715 2143 813 2195 etsi
873 2140 1011 2211 quod
1035 2141 1243 2210 justum
1278 2152 1354 2195 est
1387 2159 1488 2196 non
1531 2144 1780 2196 noverint.
1816 2143 1883 2195 Et
1921 2145 1967 2197 si

2066 2149 2214 2214 νοῖς,
2240 2146 2745 2215 ἐπιτιμάσθωσαν,
2782 2145 2909 2215 εἴγε
2935 2142 3134 2214 γνώμῃ
3163 2141 3359 2197 αὐτῶν
3386 2139 3635 2204 πεποιή-

393 2250 570 2286 omnes
609 2232 819 2304 quidem
854 2233 1035 2302 populi
1076 2249 1162 2287 eos
1224 2249 1343 2285 cum
1395 2232 1518 2286 aliis
1554 2233 1822 2295 reiiciant,
1872 2232 1966 2284 alii

2069 2255 2213 2295 κασι
2242 2240 2417 2294 τοῦτο
2439 2254 2452 2268 ⁸
2525 2241 2578 2292 εὶ
2609 2237 2676 2291 δὲ
2711 2239 2969 2306 ὑπήκοοι
3008 2238 3287 2306 γεγόνασι
3319 2233 3399 2299 τῷ
3447 2233 3639 2297 οἰκείῳ

392 2327 735 2389 ordinentur;
780 2327 862 2379 sin
891 2336 1069 2380 autem
1097 2343 1184 2380 eos
1221 2327 1443 2379 retinent
1483 2342 1600 2378 cum
1637 2324 1746 2378 illis
1784 2324 1968 2395 quibus

2070 2332 2396 2399 ἐπισκόπῳ,
2451 2329 2918 2395 αὐλιζέσθωσαν,
2962 2329 3061 2384 καὶ
3106 2327 3192 2398 μὴ
3241 2328 3639 2396 ἐπεγνωκότες

391 2419 872 2480 communicarunt,
909 2418 948 2470 ii
983 2434 1185 2488 quoque
1213 2434 1328 2471 eam
1358 2419 1788 2470 consuetudinem
1819 2433 1970 2476 expe-

2074 2422 2133 2475 τὸ
2162 2422 2438 2491 εὔλογον.
2470 2421 2581 2475 Καὶ
2611 2423 2664 2474 εἰ
2692 2421 2808 2490 μὲν
2849 2421 3071 2487 πάντες
3115 2422 3170 2474 οι
3214 2419 3348 2474 λαοὶ
3391 2418 3640 2481 τούτους

392 2511 748 2579 riantur,qua
776 2510 860 2563 usi
902 2519 1025 2564 sunt
1062 2525 1239 2564 omnes
1289 2507 1570 2564 orthodoxi
1611 2510 1662 2562 in
1708 2506 1968 2563 Thebaide

2070 2508 2507 2567 ἀποποιοῦνται
2538 2513 2689 2583 μετὰ
2730 2512 2849 2567 τῶν
2882 2512 3108 2577 ἄλλων,
3157 2511 3344 2578 ἕτεροι
3382 2522 3642 2578 χειροτο-

391 2603 641 2671 episcopi.
2000 2588 2039 2638 B
2066 2605 2406 2659 νείσθωσαν
2426 2623 2438 2635 ·
2474 2608 2527 2659 εὶ
2552 2605 2619 2658 δὲ
2639 2606 3086 2659 ἀντιποιοῦνται
3116 2603 3318 2656 αὐτῶν
3333 2601 3460 2670 μετ’
3486 2597 3640 2652 ἑκεί-

392 2714 514 2751 νων
567 2690 659 2760 οἷς
699 2693 1172 2758 κεκοινωνήκασι
1214 2694 1420 2760 ταῦτα,
1468 2693 1567 2747 καὶ
1617 2689 1783 2749 οὗτοι
1846 2693 2389 2763 ἀποπειράσθωσαν
2424 2697 2536 2767 τῆς
2579 2698 2924 2765 συνηθείας,
2963 2690 3004 2767 ᾖ
3060 2694 3398 2764 ἐχρήσαντο
3462 2693 3511 2744 oi
3573 2690 3643 2743 ἐν

396 2789 637 2858 Θηϐαΐδι
671 2788 895 2854 πάντες
926 2789 1249 2842 ἐπίσκοποι
1288 2789 1619 2856 όρθόδοξοι.

1015 2901 1246 2957 CANON
1287 2900 1353 2956 ll.

2669 2902 2909 2955 ΚΑΝΩΝ
2964 2902 3042 2955 B'.

467 2996 543 3051 De
571 2996 741 3061 Bisto,
774 2996 862 3067 qui
909 2997 961 3049 in
997 2993 1171 3047 Ereba
1221 2994 1536 3046 constitutus
1573 3004 1649 3047 est
1681 2994 1969 3064 presbyter.

2144 2995 2283 3063 Περὶ
2311 2995 2532 3048 Βίστου
2559 2993 2969 3059 καταστάντος
3016 2994 3086 3046 ἑν
3139 2995 3344 3063 Ἐρέϐῃ
3386 3001 3640 3066 πρεσϐυ-

396 3086 732 3157 quaerendum
753 3096 828 3139 est
849 3096 926 3149 ;et
957 3088 1002 3138 si
1028 3085 1192 3138 alicui
1213 3083 1421 3153 quidem
1446 3085 1654 3137 mulieri
1685 3096 1968 3154 separatw,

2074 3086 2244 3153 τέρου
2274 3085 2584 3154 ζητητέονο
2631 3085 2727 3138 καὶ
2765 3088 2817 3137 εὶ
2860 3085 2977 3155 μὲν
3019 3086 3477 3157 ἀποταξαμένην
3508 3093 3641 3145 τινὰ

396 3178 590 3229 vivente
620 3177 836 3239 marito,
858 3174 963 3227 vim
1005 3174 1207 3235 attulit,
1246 3189 1347 3225 non
1380 3174 1588 3226 sinatur
1618 3190 1729 3226 esse
1770 3174 1976 3243 presby-

2074 3176 2287 3242 ᾅῦντος
2335 3177 2439 3230 τοῦ
2475 3176 2695 3243 ἀνδρὸς
2742 3175 3042 3235 ἐϐιάσατο,
3087 3176 3173 3246 μὴ
3220 3183 3640 3249 συγχωρείσθω

397 3278 508 3328 ter;
537 3283 659 3319 nam
699 3282 761 3319 ne
795 3278 852 3318 ut
892 3266 1059 3320 laicus
1107 3264 1317 3336 quidem
1360 3266 1508 3319 debet
1559 3268 1967 3327 communicare,

2072 3265 2223 3321 εἶναι
2249 3267 2665 3337 πρεσϐύτερος,
2700 3265 2850 3319 ὅπου
2879 3283 2943 3335 γε
2972 3266 3115 3320 οὐδὲ
3145 3268 3226 3333 ὡς
3246 3269 3453 3335 λαὼιὸς
3485 3270 3641 3339 (ﬁscel-

397 3375 513 3410 cum
541 3374 627 3411 eos
654 3360 743 3428 qui
768 3359 897 3411 tales
924 3366 1045 3412 sunt
1069 3372 1317 3427 separare
1344 3359 1666 3412 consueverit
1704 3358 1965 3411 Ecclesia.

2087 3360 2167 3410 let
2205 3355 2594 3426 συνάγεσθαι,
2631 3352 2739 3422 τῆς
2793 3355 3154 3423 Ἐκκλησίας
3191 3358 3462 3423 εἰωθυίας
3500 3359 3642 3425 τοὺς

406 3448 515 3502 Hoc
549 3458 725 3503 autem
762 3450 968 3502 nullum
993 3450 1147 3518 aﬂ'ert
1182 3450 1425 3518 episcopo
1456 3447 1689 3518 Apollini
1716 3448 1970 3516 prwjudi-

2075 3450 2378 3513 τοιούτους
2419 3447 2695 3516 χωρίζειν.
2733 3448 2815 3500 Uir
2851 3449 3016 3515 φέρει
3041 3448 3108 3501 δὲ
3131 3450 3303 3503 τοῦτο
3349 3454 3639 3521 πρόκριμα

397 3542 557 3602 cium,
582 3542 626 3592 si
651 3557 768 3593 eum
796 3556 888 3608 per
916 3541 1276 3610 ignorantiam
1309 3541 1615 3599 constituit;
1644 3554 1762 3590 cum
1782 3548 1970 3591 sancta

2075 3541 2156 3607 τῷ
2195 3543 2503 3605 ἐπισκόπῳ
2560 3541 2914 3603 Ἀπόλλωνι,
2960 3544 3013 3594 εἱ
3055 3541 3123 3606 ἐξ
3176 3544 3422 3611 ἀγνοίας
3456 3546 3641 3598 αὐτόν

398 3633 627 3702 synodus
658 3633 879 3701 jusserit
902 3649 1011 3699 eos,
1050 3634 1139 3703 qui
1181 3644 1300 3704 post
1342 3634 1730 3689 ordinationem
1760 3642 1971 3701 propter

2076 3633 2429 3700 κατέστησε,
2468 3630 2577 3699 τῆς
2610 3632 2782 3700 ἁγίας
2808 3633 3073 3686 συνόδου
3101 3635 3479 3702 κελευσὰσης
3500 3637 3638 3703 τοὺς

398 3725 594 3776 crimen
624 3723 829 3793 indigni
850 3740 964 3778 esse
995 3725 1398 3791 convincuntur,
1432 3725 1645 3792 expelli.

2072 3725 2357 3790 ἀναξίους
2380 3725 2531 3793 μετὰ
2551 3722 2666 3791 τὴν
2695 3726 3064 3792 χειροτονίαν
3087 3726 3518 3796 ἐλεγχομένους
3541 3730 3638 3782 ἐπὶ

2074 3814 2343 3883 ἔγκλημα
2367 3812 2741 3867 ἐκὸαλέσθαι.

472 3904 664 3997 BALS.
714 3906 901 3961 Bistus
953 3906 1022 3997 ab
1079 3907 1333 3997 Apolline
1385 3907 1645 3977 episcopo
1688 3907 2043 3997 presbytero

2146 3904 2337 3956 ΒΑΛΣ.
2396 3905 2456 3956 ὐ
2506 3903 2697 3967 Βίστος
2752 3903 2903 3973 παρὰ
2959 3905 3286 3971 Ἀπόλλωνος
3344 3910 3639 3963 ἐπισκόπου

398 3996 736 4051 constitutus
785 3997 961 4050 fuerat
1008 3995 1064 4049 in
1112 3994 1318 4061 Ereba;
1363 4005 1447 4050 est
1499 4005 1678 4049 autem
1723 4011 1786 4050 ea
1821 3995 1971 4064 regio

2074 3993 2308 4063 κατέστη
2340 3992 2703 4064 πρεσϐύτερος
2725 3993 2781 4045 ὲν
2824 3994 3018 4066 Ἐρέϐῃ
3040 4009 3055 4024 ο
3092 3997 3245 4067 χώρα
3280 3997 3338 4050 δὲ
3377 3998 3513 4070 αὕτη
3547 4001 3641 4052 Ai-

399 4087 620 4160 Aﬁgypti
643 4089 787 4143 sicut
814 4098 870 4143 et
892 4088 1059 4161 Lyco.
1097 4089 1147 4146 Is
1181 4105 1311 4144 vero
1340 4088 1627 4143 dicebatur
1656 4096 1783 4143 ante
1818 4088 1971 4141 ordi-

2073 4086 2315 4154 γυπτίων
2371 4086 2547 4150 ἐστὶν,
2603 4085 2793 4158 ὥσπερ
2842 4089 2936 4141 καὶ
2980 4089 3014 4160 ἡ
3052 4088 3233 4144 Λυκὼ.
3297 4092 3544 4161 Ἐλέγετο
3585 4094 3639 4146 δὲ

399 4183 675 4237 nationem
709 4183 926 4240 mulieri
956 4191 1223 4253 separata:
1262 4183 1368 4236 vim
1390 4183 1664 4235 attulisse.
1705 4182 1830 4235 vivo
1861 4198 1975 4234 Illa-

2078 4180 2205 4250 περὶ⁵
2265 4178 2506 4243 ἐκείνου,
2576 4179 2658 4232 ὅτι
2712 4178 2818 4251 πρὸ
2870 4180 2969 4251 τῆς
3024 4182 3354 4252 χειροτονίας
3409 4188 3640 4253 γυναῖκα

401 4280 526 4330 rito.
566 4276 640 4331 De
679 4292 746 4331 eo
773 4277 940 4346 igitur
974 4276 1341 4343 interrogatus
1373 4272 1731 4341 Theophilus,
1758 4273 1971 4341 inquit:

2075 4270 2328 4325 ἐϐιάσατο
2371 4271 2788 4343 ἀποταξαμένην
2839 4273 3041 4339 ζῶντος
3092 4275 3184 4330 τοῦ
3244 4277 3452 4348 ἀνδρός.
3508 4280 3640 4350 Περὶ

399 4370 684 4434 Quasi-ator
712 4383 782 4421 an
821 4369 894 4422 sit
927 4380 1117 4421 verum
1148 4381 1272 4420 eum
1312 4365 1526 4419 mulieri
1558 4364 1667 4417 vim
1707 4365 1975 4428 attulisse,

2074 4363 2261 4416 τούτου
2294 4359 2387 4417 οὖν
2415 4365 2707 4436 ἐρωτηθεὶς
2742 4368 2770 4420 ό
2812 4366 3088 4437 Θεόφιλος,
3129 4368 3255 4438 ἔφη,
3299 4369 3379 4421 ὅτι
3422 4371 3641 4441 ἐρευνη-

402 4469 456 4511 et
488 4460 533 4513 si
570 4461 642 4512 ita
683 4460 775 4520 sit.
818 4474 888 4512 ne
929 4457 979 4511 ei
1013 4472 1136 4513 esse
1184 4458 1564 4527 presbyterum
1610 4456 1973 4523 permittatur.

2077 4455 2242 4525 θήτω,
2289 4456 2382 4507 καὶ
2421 4456 2470 4508 εί
2503 4456 2704 4526 ἀληθές
2737 4459 2851 4510 ἐστι
2895 4458 2955 4511 τὸ
3001 4458 3288 4528 βιάσασθαι
3339 4458 3499 4512 αὑτὸν
3541 4461 3640 4529 τὴν

404 4549 687 4614 Quomodo
725 4547 870 4603 enim
907 4548 1071 4602 fuerit
1115 4548 1162 4602 is
1196 4546 1503 4618 presbyter,
1555 4546 1645 4601 cui
1691 4561 1793 4600 uec
1838 4547 1978 4600 laico

2076 4548 2331 4615 γυναῖκα,
2375 4547 2448 4618 μὴ
2488 4548 2874 4618 συγχωρείσθω
2912 4544 3053 4603 εἶναι
3092 4550 3479 4624 πρεσϐύτερος.
3519 4551 3640 4617 Πῶς

405 4639 459 4691 in
492 4637 777 4691 ecclesiam
821 4637 1042 4706 quidem
1091 4635 1428 4707 permittitur
1475 4635 1711 4705 ingredi,
1747 4650 1871 4689 cum
1907 4638 1979 4690 sit

2076 4639 2183 4710 γὰρ
2228 4640 2311 4709 εἴη
2353 4640 2754 4711 πρεσϐύτερος,
2803 4640 2861 4704 ὃς
2902 4641 3023 4695 οὐδὲ
3065 4642 3250 4707 λαῖκὸς
3285 4648 3640 4717 συγχωρεῖται

408 4740 625 4799 propter
653 4736 934 4799 peccatum
970 4728 1322 4799 segregatus?
1358 4727 1464 4783 Eos
1490 4728 1659 4790 enim,
1712 4732 1803 4797 qui
1850 4742 1979 4782 sunt

2077 4727 2302 4781 εἰσιέναι
2328 4730 2408 4791 εις
2435 4728 2746 4800 ἐκκλησίαν,
2772 4730 3159 4801 ἀφοριζόμενος
3178 4733 3266 4787 διὰ
3298 4735 3357 4787 τὸ
3387 4736 3638 4809 ἁμάρτη-

405 4821 695 4887 ejusmodi,-
728 4820 969 4876 extrudit
1010 4820 1254 4874 Ecclesia
1293 4830 1348 4875 et
1390 4827 1608 4889 separat
1641 4835 1669 4871 a
1705 4820 1975 4873 ﬁdelibus.

2082 4834 2189 4888 tta;
2223 4818 2413 4883 ἐξωθεῖ
2436 4820 2543 4891 γὰρ
2565 4820 2691 4883 τοὺς
2723 4820 2993 4886 τοιούτους
3028 4824 3060 4891 ἠ
3092 4820 3390 4897 Ἐκκλησία
3413 4828 3507 4880 καὶ
3534 4845 3635 4896 χω-

409 4914 524 4968 iloc
549 4922 725 4966 autem
765 4928 794 4966 a
835 4912 1135 4982 'I‘heopltilo
1177 4927 1523 4981 nequaquam
1581 4912 1849 4965 canonice
1896 4911 1980 4965 di-

2079 4909 2217 4979 ρίζει
2254 4911 2360 4965 ἀπὸ
2401 4911 2507 4964 τῶν
2547 4910 2771 4965 πιστῶν.
2822 4912 2991 4966 Τοῦτο
3034 4914 3091 4967 δὲ
3130 4916 3191 4968 οὐ
3234 4919 3527 4981 κανονικῶς
3563 4916 3639 4986 τῷ

409 5015 554 5061 ctum
593 5014 678 5058 est
711 5021 724 5059 :
760 5003 1202 5073 quandoquidem
1243 5015 1556 5057 sanctorum
1608 5006 1978 5072 apostolorum

2077 5001 2317 5073 Θεοφίλῳ
2345 5003 2584 5074 εἴρηται·
2619 5003 2647 5055 ὅ
2670 5020 2730 5055 τε
2756 5005 2865 5075 γὰρ
2892 5005 3000 5059 τῶν
3035 5006 3205 5076 ἁγίων
3235 5009 3543 5063 ἀποστόλων
3562 5015 3636 5062 κε’

408 5078 724 5160 ’κινεοιιοιῃ
754 5103 807 5151 et
835 5096 1015 5165 magni
1050 5094 1235 5149 Basilii
1266 5095 1461 5148 tertius
1486 5102 1540 5148 et
1568 5110 1740 5159 xxx",
1769 5103 1824 5149 et
1848 5095 1987 5150 Car.

2079 5089 2279 5154 κανὼν,
2304 5093 2439 5145 καὶὸ
2468 5092 2561 5145 τοῦ
2596 5092 2829 5163 μεγάλου
2853 5093 3131 5151 Βασιλείου
3157 5098 3338 5168 τρίτος
3369 5100 3461 5151 καὶ
3478 5100 3506 5152 ὁ
3537 5097 3635 5168 λβ’,

407 5193 615 5263 tuagiu.
658 5206 778 5261 syn.
820 5206 975 5253 xm,
1012 5190 1265 5250 clericos,
1311 5189 1402 5258 qui
1448 5197 1765 5259 peccarunl,
1802 5198 1855 5242 et
1883 5189 1978 5244 de-

2079 5185 2172 5239 καὶ
2196 5186 2225 5237 ὁ
2251 5185 2352 5254 τῆς
2376 5186 2434 5238 ὲν
2471 5185 2799 5257 Καρθαγένῃ
2838 5187 2921 5258 κβ⁹
2966 5190 3090 5252 τοὺς
3133 5189 3425 5259 κληρικοὺς
3457 5191 3635 5260 ἁμαρ-

410 5285 570 5356 positi
624 5283 863 5347 fuerunt,
910 5296 940 5334 a
976 5281 1362 5335 communione
1405 5294 1514 5333 non
1560 5286 1770 5334 arcent.
1816 5278 1971 5345 Quod

2046 5274 2376 5344 ντήσαντας,
2430 5275 2523 5328 καὶ
2574 5274 3026 5347 καθαιρεθέντας,
3075 5281 3175 5350 τῆς
3217 5281 3498 5346 κοινωνίας
3541 5286 3639 5337 οὐκ

408 5392 587 5435 autem
624 5380 908 5434 ordinatus
941 5378 1033 5439 sit,
1063 5376 1116 5430 id
1145 5391 1253 5429 non
1296 5374 1452 5428 al'l'ert
1481 5374 1739 5428 danmum
1766 5375 1977 5443 episco-

2081 5364 2422 5436 ἀπείργουσι.
2471 5366 2544 5420 Τὸ
2592 5368 2648 5421 δὲ
2696 5373 3132 5444 χειροτονηθῆναι
3180 5372 3340 5425 αὐτὸν
3381 5375 3442 5426 οὐ
3489 5375 3640 5447 φέρει

414 5491 503 5543 ρο,
543 5475 636 5543 qui
664 5488 812 5535 eum,
858 5476 1138 5541 peccatum
1176 5468 1468 5536 ignorans,
1513 5467 1809 5521 ordinavit.
1854 5466 1976 5520 Sta-

2085 5456 2287 5529 βλάϐην
2349 5456 2426 5528 τῷ
2484 5467 2915 5536 χειροτονήσαντι
2994 5464 3153 5518 αὑτὸν
3229 5467 3509 5538 ἐπισκόπῳ
3583 5469 3640 5533 ἐξ

416 5568 520 5618 tuit
571 5567 713 5619 enim
770 5562 1033 5635 synodus,
1088 5568 1148 5615 ut
1188 5559 1280 5629 qui
1338 5568 1688 5629 peccatorum
1741 5559 1976 5613 convicti

2084 5551 2303 5619 ἀγνοίας
2327 5550 2419 5604 τοῦ
2445 5554 2861 5625 ἁμαρτήματος·
2890 5558 3050 5628 ήγὰρ
3083 5556 3293 5621 σύνοδος
3321 5557 3487 5632 ὥρισε
3515 5560 3639 5622 τοὺς

419 5656 656 5717 luerunt,
689 5658 851 5711 etiam
882 5663 1004 5725 post
1037 5654 1439 5708 ordinationem
1464 5651 1774 5720 eiiciantur.
1801 5650 1857 5704 ld
1883 5667 1978 5704 au-

2086 5642 2471 5713 ὲλεγχομένους
2508 5646 2599 5697 ἐπὶ
2633 5647 2935 5718 ἐγκλήματι
2965 5650 3058 5702 καὶ
3101 5648 3235 5720 μετὰ
3271 5649 3369 5720 τὴν
3404 5667 3640 5721 χειροτο-

419 5759 525 5801 tem
552 5761 637 5800 est
658 5746 842 5815 prima:
864 5743 1056 5817 synodi
1080 5742 1312 5798 Nicaeus;
1334 5758 1458 5800 can.
1494 5757 1568 5797 Ix.
1597 5742 1732 5797 Illud
1758 5750 1935 5796 autem
1961 5759 1973 5794 :

2085 5733 2201 5787 νίαν
2237 5734 2610 5790 ἐκϐάλλεσθαι.
2664 5736 2832 5790 Τοῦτο
2869 5739 2926 5792 δὲ
2965 5741 3062 5809 τῆς
3098 5743 3156 5794 ὲν
3191 5740 3388 5811 Νικαίᾳ
3423 5742 3635 5794 συνόδου

422 5837 691 5906 Separatw
720 5838 828 5890 vivo
874 5837 1101 5899 marito;
1138 5837 1261 5890 lacti
1300 5845 1404 5900 est,
1437 5843 1490 5891 et
1538 5834 1657 5891 ideo
1707 5834 1976 5905 adjectum

2082 5827 2306 5900 πρώτης
2332 5831 2447 5883 ἐστὶ
2473 5829 2652 5883 κανὼν
2695 5829 2932 5895 ἐννατοε.
2965 5833 3007 5884 Τ
3009 5833 3035 5884 δ
3070 5832 3147 5893 δὲ,
3180 5832 3632 5902 ἀποταξαμέιην
