4034 6340
321 393 390 446 57
1772 394 2113 452 CANONES.
3497 411 3565 465 33

327 515 545 576 ζῶντος
590 509 701 565 τοῦ
748 509 988 579 ἀνδρὸς,
1037 511 1130 565 τοῦ
1178 512 1384 581 φάκτου
1438 515 1572 576 ἐστὶ,
1613 515 1698 570 διὰ
1735 514 1868 566 τούτι

1996 521 2082 568 est
2112 533 2124 568 :
2155 517 2352 582 Alieni,
2391 519 2533 573 sicut
2568 528 2621 573 et
2655 521 2788 577 illud
2810 564 2825 586 ,
2859 525 2965 579 vim
2995 527 3201 580 attulit.
3240 525 3391 580 Licet
3419 532 3561 582 enim

326 602 422 658 καὶ
456 604 529 662 τὸ,
575 598 731 664 τινὰ,
776 600 1116 671 πρόσκειται,
1150 601 1339 674 ὥσπερ
1372 602 1466 655 καὶ
1496 604 1557 656 τὸ
1594 602 1888 658 ἐϐιάσατο.

328 693 444 749 Κᾶν
475 691 583 764 γὰρ
629 691 817 754 ἁπλῶς
856 691 991 765 ἄλλῃ
1040 694 1348 767 συνεφθάρη
1393 696 1608 764 γυναικὶ
1652 695 1726 766 μὴ
1762 698 1893 749 ἀπο-

320 784 619 858 ταξαμένη,
661 785 758 837 καὶ
792 784 964 847 οὕτως
1003 787 1037 857 ἡ
1076 786 1391 858 καθαίρεσις
1450 787 1600 857 αὐτῷ
1635 787 1889 859 ἐπήγετο,

317 877 425 930 κᾶν
462 876 538 950 μὴ
568 876 826 931 ἐϐιάσατο
850 877 1040 948 αὐτήν.

920 991 1162 1045 ΚΔΝΩΝ
1210 991 1285 1047 I".

390 1079 527 1148 Περὶ
562 1081 632 1134 δὲ
662 1081 841 1150 Σοὺρ,
888 1082 1094 1152 ἐπειδὴ
1123 1086 1158 1138 ό
1199 1085 1531 1150 ἐπίσκοπος
1590 1085 1891 1140 Ἀπόλλων

313 1170 771 1227 διεϐεϐαιώσατο
795 1173 894 1227 καὶ
925 1175 1367 1230 ἀπεσταλκέναι
1402 1175 1618 1231 τοῦτον
1654 1177 1752 1231 καὶ
1783 1178 1890 1232 ἀλ-

314 1265 557 1332 λότριον
596 1262 710 1332 τῆς
755 1265 1113 1334 Ἑκκλησίας
1154 1268 1559 1338 πεποιηκέναι,
1600 1272 1756 1325 ἐστω
1788 1271 1886 1325 οὕ-

314 1370 432 1420 τως
459 1354 541 1421 ὡς
568 1354 918 1424 ἀπεφήνατο
947 1360 980 1411 ὁ
1009 1358 1364 1426 ἐπίσκοπος,
1396 1361 1705 1430 χρωμένου
1736 1364 1886 1417 ἑκεί-

311 1462 429 1502 νου
464 1446 594 1514 ταῖς
628 1450 875 1516 οἰκείαις
911 1449 1340 1522 δικαιολογίαις
1360 1493 1374 1518 ,
1413 1454 1536 1523 εἴγε
1572 1456 1880 1520 βούλεται,

314 1537 417 1594 καὶ
440 1538 729 1609 μέμφεται
746 1539 862 1608 τὴν
889 1543 1197 1611 ἀπόφασιν
1217 1545 1326 1600 τοῦ
1352 1546 1706 1601 ἐπισκόπου.

386 1652 585 1706 ΒΛΛΣ.
607 1653 879 1725 Κληρικὺς
906 1650 974 1727 ῆν
1008 1659 1035 1710 6
1061 1658 1202 1729 Σοὺρ
1229 1657 1324 1711 τοῦ
1361 1660 1656 1714 ἐπισκόπου
1695 1660 1882 1714 Ἀπόλ-

312 1742 515 1807 λωνος·
550 1744 607 1809 ὃς
628 1745 924 1810 ἐπίσκοπος
948 1748 1109 1802 αὐτὸν
1133 1750 1532 1805 ἀπεσταλκέναι
1560 1753 1654 1805 τοῦ
1676 1754 1879 1826 κλήρου

2003 602 2324 675 simpliciter
2357 624 2480 663 cum
2508 612 2732 665 muliere
2755 614 2960 683 aliqua,
2995 631 3104 669 non
3141 627 3413 685 separata.
3450 634 3560 674 rem

2000 694 2286 762 habuerit;
2323 700 2402 752 sic
2435 717 2653 771 quoque
2692 704 2745 757 in
2775 720 2897 759 eum
2945 708 3215 776 depositio
3253 710 3565 767 introducta

1998 797 2103 847 est,
2134 787 2235 841 etsi
2256 790 2305 842 ei
2340 790 2446 842 vim
2479 808 2586 846 non
2622 795 2887 848 attulerit.

2586 991 2817 1047 CANON
2859 993 2944 1049 ΙΙΙ.

2068 1080 2147 1134 De
2180 1081 2286 1135 Sur
2315 1092 2509 1143 autem.
2558 1085 2683 1153 quia
2734 1086 2922 1154 Apollo
2971 1089 3244 1156 episcopus
3280 1092 3561 1160 afﬁrmavit

1996 1187 2050 1225 se
2079 1182 2125 1225 et
2164 1189 2281 1226 eum
2332 1175 2720 1240 antandarisse,
2769 1187 2820 1230 et
2847 1178 2914 1231 ab
2942 1177 3182 1233 Ecclesia
3211 1181 3443 1236 alienum
3478 1184 3560 1251 fe—

1994 1264 2148 1326 cisse,
2189 1266 2265 1318 ita
2297 1267 2365 1319 sit
2396 1278 2454 1319 ut
2494 1269 2854 1336 pronuntiavit
2900 1272 3211 1340 episcopus;
3262 1285 3438 1329 alente
3467 1276 3558 1330 illa

1992 1358 2103 1410 suis
2139 1356 2553 1424 defensionibus,
2593 1361 2640 1414 si
2678 1362 2809 1426 vult,
2848 1372 2898 1416 et
2929 1361 2996 1416 de
3037 1364 3263 1433 episcopi
3297 1369 3558 1421 sententia

1994 1451 2351 1519 conqueritur.

2062 1647 2249 1702 BALS.
2286 1649 2415 1703 Erat
2458 1651 2675 1720 quidem
2717 1653 2823 1707 Sur
2860 1653 3098 1709 clericus
3128 1655 3370 1725 episcopi
3401 1656 3560 1727 Apol-

1989 1741 2134 1800 linis.
2168 1743 2258 1811 qui
2287 1743 2578 1814 episcopus
2606 1760 2664 1800 se
2694 1761 2818 1800 eum
2864 1760 2894 1800 a
2935 1747 3082 1802 clero
3120 1749 3468 1812 amandasse,
3503 1752 3554 1804 id

310 1831 763 1901 διεϐεϐαιώσατο,
806 1837 925 1891 ἀντὶ
968 1839 1063 1891 τοῦ
1098 1839 1508 1912 ἐκϐεϐληκέναι.
1548 1844 1729 1899 Ἔστω
1764 1842 1868 1910 οὖν,

1987 1840 2090 1895 est,
2121 1834 2415 1902 expulisse,
2462 1836 2767 1891 atiirmavit.
2814 1835 2898 1891 Sit
2932 1852 3082 1905 ergo,
3118 1839 3317 1908 inquit,
3360 1855 3557 1894 secun-

312 1924 469 1995 φησὶ,
502 1925 643 1979 κατὰ
667 1926 767 1997 τὴν
802 1928 887 1981 ἐπ’
913 1928 1062 2000 αὐτῷ
1101 1931 1283 2003 κρίσιν
1313 1931 1405 1985 τοῦ
1430 1935 1749 1998 ἐπισκόπου,
1786 1937 1868 1990 toi

1983 1925 2110 1979 dum
2147 1927 2388 1996 episcopi
2416 1926 2709 1995 judicium,
2758 1927 2905 1998 quod
2949 1927 3004 1982 in
3052 1929 3231 1998 ipsum
3282 1930 3552 1998 prolatum

311 2015 515 2088 κλήρου
569 2017 863 2089 ἀλλότριος.
913 2021 977 2074 Εἰ
1017 2021 1076 2075 δὲ
1127 2025 1363 2079 αἰτιᾶται
1395 2027 1493 2096 τὴν
1532 2028 1625 2082 τοῦ
1662 2031 1881 2084 ἐπισκό-

310 2126 412 2163 που
461 2110 763 2180 ἀπόφασιν,
813 2113 1036 2185 χράσθω
1066 2118 1187 2179 ταῖς
1228 2117 1454 2182 οἰκείαις
1498 2119 1882 2190 δικαιολογίαις

310 2202 463 2273 παρὰ
512 2205 577 2273 τῇ
628 2205 853 2275 συνόδῳ,
917 2206 977 2271 ἐξ
1024 2203 1093 2280 ἦς
1144 2204 1210 2280 ἦν
1273 2211 1489 2275 πάντως
1544 2214 1638 2268 καὶ
1685 2217 1712 2268 6
1749 2216 1872 2269 ἐπί-

311 2310 530 2358 σκοπος.

909 2389 1146 2443 ΚΑΝΩΝ
1197 2394 1270 2444 Δθ.

379 2479 517 2545 Περὶ
543 2480 788 2548 Har-oi)?
812 2480 919 2534 τοῦ
956 2482 1367 2549 καταστάντος
1389 2484 1674 2540 διακόνου
1704 2488 1773 2540 ἐν
1802 2487 1877 2557 τῇ

307 2569 506 2632 Λυκὼ,
543 2570 637 2624 δεῖ
659 2568 933 2639 ζητῆσαι.
970 2574 1081 2627 Καὶ
1122 2577 1173 2628 εὶ
1202 2575 1316 2645 μὲν
1359 2578 1625 2646 εὑρεθείη
1674 2574 1873 2645 οὗτος,

304 2662 748 2730 κατηχούμενος
775 2663 1111 2731 τυγχάνων,
1150 2666 1265 2732 τὴν
1302 2668 1635 2738 ἀδελφιδὴν
1657 2671 1874 2727 ἑαυτοῦ

303 2749 457 2818 πρὸς
506 2750 696 2820 γάμου
742 2756 1061 2808 κοινωνίαν
1107 2756 1451 2827 δεξάμενος,
1497 2761 1648 2830 μετὰ
1696 2762 1765 2815 δὲ
1806 2765 1874 2817 τὸ

295 2841 613 2909 ,ϐάπτισμα
638 2847 726 2911 είς
752 2845 984 2915 κλῆρον
1002 2847 1253 2917 δεχθεὶς,
1269 2851 1497 2919 μενέτω
1523 2854 1593 2907 ἐν
1618 2853 1698 2918 τῷ
1729 2854 1873 2920 κλή-

300 2956 382 3003 (ῳ
398 2952 413 2965 ’
439 2937 563 3006 εἶτε
582 2940 926 3008 κεκοίμηται
945 2942 1147 3010 ἐκείνη
1168 2944 1266 2996 καὶ
1286 2943 1438 3013 μετὰ
1464 2944 1531 2999 τὸ
1554 2946 1872 3017 βάπτισμα

300 3028 410 3079 οὐκ
442 3027 842 3095 ἐκοινώνησεν
879 3028 1056 3098 αὐτῇ.
1087 3034 1158 3085 El
1200 3030 1269 3083 δὲ
1305 3032 1520 3099 πιστὸς
1559 3033 1872 3103 τυγχάνων

301 3117 415 3185 τὴν
441 3118 634 3186 αὐτὴν
652 3119 986 3189 deuotam-
1016 3122 1235 3176 ἑαυτοῦ
1262 3123 1411 3190 πρὸς
1448 3124 1640 3193 τάμου
1670 3143 1872 3180 κοινω-

298 3213 441 3264 νίαν
477 3212 742 3291 ἐδέξατο,
787 3213 946 3268 ἔστω
990 3215 1096 3269 τοῦ
1140 3216 1366 3283 κλήρου
1408 3217 1744 3285 ἀλλότριος.
1786 3220 1869 3272 Οὐ
1897 3241 1939 3300 c

294 3304 410 3372 τὰρ
468 3308 757 3377 πρόκριμα
801 3306 884 3372 τῷ
929 3308 1235 3374 ἐπισκόπῳ
1292 3311 1614 3364 Ἀπόλλωνι
1631 3350 1647 3374 ,
1702 3312 1755 3364 εὶ
1798 3310 1868 3375 ἐξ

297 3388 552 3456 ἀγνοίας
570 3389 939 3459 κατέστησεν
960 3394 1165 3448 αὐτόν.

370 3498 563 3559 ΒΑΛΣ.
612 3504 673 3561 Ὀ
712 3506 936 3575 Πανοὺφ
970 3506 1182 3576 ἐλέγετο
1222 3510 1327 3580 πρὸ
1372 3509 1464 3564 τοῦ
1504 3509 1863 3581 βαπτισθῆναι

293 3599 393 3668 τὴν
436 3599 639 3652 οἰκείαν
683 3599 966 3671 ἀδελφιδῆν
1012 3603 1091 3664 εἰς
1140 3605 1372 3669 γυναῖκα
1408 3602 1625 3655 λαϐεῖν’
1667 3604 1861 3673 βαπτι-

296 3691 442 3754 σθεὶς
474 3691 529 3743 δὲ
570 3693 979 3763 κεχειροτόνητο
1011 3693 1272 3757 διάκονος.
1308 3694 1467 3762 Λέγει
1496 3691 1588 3747 οὖν
1614 3698 1642 3748 6
1668 3695 1863 3764 Θεόφι-

292 3783 401 3845 λος,
449 3784 529 3835 ὅτι
578 3784 673 3837 ἐὰν
704 3786 738 3853 ἡ
781 3785 917 3856 γυνὴ
966 3784 1305 3856 ἐτελεύτησε,
1350 3786 1444 3839 καὶ
1492 3787 1627 3856 μετὰ
1662 3788 1722 3839 τὺ
1768 3788 1863 3855 βά-

291 3892 503 3946 πτισμα
540 3876 640 3929 οὐκ
679 3878 945 3947 ἐχρήσατο
986 3877 1159 3949 αὐτῇ,
1225 3878 1429 3948 μενέτω
1473 3876 1747 3941 διάκονος,
1788 3879 1863 3942 ὡς

290 3966 384 4019 τοῦ
419 3967 576 4035 ἁγίου
605 3966 977 4045 βαπτίσματος
1016 3967 1084 4021 τὰ
1129 3969 1235 4041 πρὸ
1284 3969 1474 4022 τούτου
1523 3968 1861 4040 καθάραντος

292 4060 688 4131 ἁμαρτήματα.
745 4061 808 4113 Εἰ
858 4060 914 4113 δὲ
966 4058 1155 4123 πιστὸς
1196 4059 1272 4114 ὢν
1322 4062 1458 4129 μετὰ
1484 4061 1544 4114 τὸ
1579 4060 1861 4131 βάπτισμα

288 4151 449 4224 ἔσχεν
502 4153 708 4226 αὐτὴν,
752 4153 1072 4226 ἐκϐληθήτω
1126 4155 1219 4209 τοῦ
1280 4155 1502 4226 κλήρου.
1555 4155 1645 4227 Τῷ
1696 4157 1750 4210 δὲ
1801 4155 1859 4223 ἐξ

288 4245 517 4314 ἀγνοίας
561 4246 722 4300 αὐτὸν
768 4248 1202 4318 χειροτονήσειν-ιι
1243 4249 1308 4301 ὲκ
1348 4248 1537 4301 τούτου
1585 4246 1753 4317 βλάϐη
1798 4247 1857 4300 οὑ

292 4340 743 4410 προσγενήσεται.
779 4339 853 4392 Τὸ
887 4340 963 4402 δὲ,
1007 4342 1060 4392 εί
1100 4340 1441 4407 κεκοίμηται
1482 4339 1521 4405 ri
1562 4336 1740 4407 γυνὴ,
1784 4333 1860 4390 εἷ-

289 4447 413 4494 πεν,
455 4430 531 4494 ὡς
577 4430 719 4485 οὕτω
771 4431 1174 4503 συμϐεὗηκέναι
1226 4430 1542 4500 λεγόμενον
1592 4429 1859 4496 ἐπείτοιγε

288 4522 396 4575 κᾶν
422 4522 575 4587 ζῶσα
595 4519 665 4593 ἦν
691 4523 784 4576 καὶ
817 4522 954 4593 μετὰ
992 4521 1052 4574 τὸ
1079 4521 1355 4592 βάπτισμα
1391 4521 1491 4574 οὐκ
1521 4517 1659 4587 ἔγνω
1691 4520 1859 4591 αὐτὴν

288 4617 318 4668 ὁ
353 4614 591 4682 Πανοὺφ,
621 4613 755 4668 ἀλλὰ
786 4615 879 4668 καὶ
906 4613 1267 4684 ἀπεπέμψατο
1297 4612 1484 4683 αὐτὴν.
1509 4611 1737 4666 ἠδύνατο
1764 4613 1856 4665 καὶ

286 4705 463 4769 οὕτως
495 4702 631 4759 εἶναι
661 4706 924 4767 διάκονος.

900 4816 1135 4872 ΚΑΝΩΝ
1170 4820 1247 4875 Ε’.

360 4907 504 4974 Περὶ
546 4907 753 4962 Ἰακὼϐ
782 4907 897 4977 χρὴ
934 4908 1200 4978 ζητῆσαι.
1229 4911 1298 4963 El
1333 4907 1722 4978 ἀναγνώστης
1750 4905 1848 4978 ἦν,

286 4996 386 5051 καὶ
421 4996 749 5068 ἐγκλήματι
785 4999 1064 5065 πορνείας
1104 5000 1441 5064 ὑπεύθυνος
1465 4997 1722 5067 ἐδείχθη,
1753 4999 1853 5051 καὶ

282 5089 447 5157 παρὰ
463 5089 582 5142 τῶν
606 5088 1019 5160 πρεσϐυτέρων
1040 5088 1351 5158 ἐξεϐλήθη,
1377 5085 1503 5143 εἶτα
1524 5089 1850 5157 κεχειροτό-

281 5198 459 5251 νηται
507 5177 709 5250 οὗτος,
748 5180 1150 5246 ἐκϐαλλέσθω,
1201 5181 1478 5250 ἀκριϐοῦς
1520 5179 1850 5244 ἐξετάσεως

280 5270 631 5344 γενομένης,
662 5273 865 5342 καὶμὴ
886 5273 1078 5343 μόνον
1106 5272 1172 5324 ἐκ
1199 5268 1574 5340 ψιθυρισμῶν
1602 5269 1640 5337 ἣ
1676 5286 1850 5321 κακο-

279 5364 505 5435 λογιῶν
549 5366 816 5435 ὑποψίας
842 5367 931 5428 εἰς
976 5365 1160 5418 αὑτὸν
1193 5364 1532 5432 γενομένης.
1564 5365 1633 5416 El
1671 5362 1739 5415 δὲ
1761 5361 1846 5430 μὴ

278 5459 544 5527 εὑρεθείη
576 5459 935 5523 ὑπεύθυνος,
953 5456 1174 5526 μενέτω
1194 5457 1262 5508 ἐν
1283 5452 1362 5519 τῷ
1387 5455 1613 5523 κλήρῳ
1644 5456 1715 5508 οὺ
1740 5454 1847 5524 γὰρ

276 5549 376 5604 δεῖ
404 5548 533 5618 ταῖς
554 5551 835 5621 ματαίαις
861 5547 1162 5614 διαϐολαῖς
1187 5545 1528 5616 προσέχειν.

348 5663 542 5719 ΒΔΛΣ.
590 5662 784 5718 Ἰακὼὄ
811 5680 896 5727 τις
927 5661 1275 5731 ἀναγνώστης
1309 5659 1523 5728 ἐλέγετο
1567 5656 1722 5724 εἶναι,
1751 5660 1844 5713 καὶ

273 5757 371 5811 ἐπὶ
397 5756 648 5829 πορνείας
684 5754 1060 5826 διαϐληθῆναι,
1103 5754 1196 5807 καὶ
1234 5751 1561 5823 ἐκϐληθῆναι
1586 5752 1678 5804 τοῦ
1713 5751 1843 5821 κλή-

273 5868 393 5921 ρου,
422 5845 539 5905 εἶτα
569 5853 649 5914 εἰς
677 5845 898 5922 μείζονα
925 5844 1360 5918 χειροτονηθῆναι
1389 5843 1611 5914 βαθμόν.
1638 5844 1840 5917 Γράφει

1982 2028 2084 2080 est,
2118 2033 2149 2071 a
2168 2020 2316 2073 clero
2347 2020 2583 2075 alienus.
2618 2019 2713 2073 Sin
2739 2028 2919 2074 autem
2947 2019 3190 2089 episcopi
3218 2022 3551 2074 sententiam

1981 2117 2224 2173 accusat,
2256 2120 2440 2164 utatur
2473 2110 2588 2165 suis
2626 2109 3058 2175 defensionibus,
3095 2111 3238 2180 apud
3281 2110 3550 2181 synodum

1981 2203 2221 2266 scilicet,
2254 2217 2316 2257 ex
2353 2219 2458 2273 qua
2492 2212 2576 2258 est
2597 2204 2760 2259 etiam
2790 2205 3100 2274 episcOpus.

2571 2386 2800 2442 CANON
2847 2384 2939 2441 ιν.

2049 2478 2126 2532 De
2150 2478 2393 2546 Panuph,
2424 2482 2514 2548 qui
2539 2482 2592 2532 in
2634 2479 2772 2549 Lyco
2804 2481 3062 2533 diaconus
3097 2480 3412 2533 constitutus
3448 2490 3546 2541 est,

1976 2584 2207 2639 quaerere
2255 2580 2495 2638 oportet;
2544 2583 2592 2623 et
2628 2572 2675 2625 si
2724 2571 2770 2624 is
2822 2570 3031 2641 quidem
3078 2572 3311 2625 inventus
3364 2572 3544 2640 fuerit.

1975 2678 2096 2716 cum
2124 2673 2257 2717 esset
2280 2663 2701 2726 catecltumenus,
2740 2663 2928 2731 fratris
2962 2664 3046 2716 sui
3070 2664 3239 2732 ﬁliam
3278 2665 3331 2717 in
3363 2665 3546 2717 matri-

1977 2756 2138 2807 monii
2161 2756 2462 2809 societatem
2486 2756 2759 2823 accepisse,
2788 2765 2904 2823 post
2929 2754 3247 2821 baptismum
3272 2757 3327 2808 in
3349 2757 3545 2809 clerum

1974 2858 2262 2915 promotus,
2298 2848 2353 2901 in
2379 2850 2519 2901 clero
2545 2858 2779 2910 maneat,
2811 2849 2860 2903 si
2894 2849 2990 2902 illa
3028 2865 3095 2903 ea:
3133 2849 3240 2902 vita
3275 2851 3541 2917 migrarit,

1972 2948 2021 2991 et
2041 2948 2155 3005 post
2176 2938 2494 3006 baptismum
2522 2955 2637 2991 cum
2662 2956 2726 2992 ea
2758 2954 2867 2992 rem
2900 2956 3003 2993 non
3033 2939 3293 2993 habuerit.
3324 2941 3419 2993 Sin
3441 2957 3541 2993 au-

1976 3032 2077 3077 tem
2118 3041 2236 3077 cum
2281 3034 2415 3078 esset
2462 3024 2635 3092 ﬁdelis
2679 3026 2915 3080 eamdem
2944 3027 3134 3095 fratris
3166 3029 3248 3081 sui
3285 3029 3453 3096 filiam
3487 3030 3553 3081 in-

1973 3117 2304 3170 matrimonii
2324 3118 2629 3170 societatem
2650 3116 2823 3179 duxit,
2848 3119 2916 3171 sit
2944 3134 2978 3171 a
3000 3120 3141 3171 clero
3161 3119 3386 3172 alienus.
3418 3119 3541 3172 Non

1975 3218 2050 3262 est
2088 3210 2226 3264 enim
2266 3211 2504 3278 episcopo
2535 3209 2771 3279 Apollini
2809 3210 3180 3280 praajudicium
3235 3212 3283 3265 si
3312 3228 3427 3266 eum
3451 3227 3543 3280 per

1975 3301 2330 3372 ignorantiam
2361 3304 2657 3358 constituit.

2041 3500 2232 3555 BALS.
2267 3500 2557 3555 Dicebatur
2594 3499 2818 3570 Panuph
2866 3507 3155 3569 antequam
3191 3510 3338 3554 esset
3362 3502 3535 3571 bapti-

1968 3603 2121 3649 zatus
2149 3594 2305 3649 fatris
2336 3595 2420 3648 sui
2465 3594 2629 3647 tiliam
2671 3608 2895 3647 uxorem
2932 3593 3174 3649 duxisse.
3227 3594 3537 3665 Baptizatus

1966 3695 2143 3739 autem
2176 3686 2439 3739 diaconus
2485 3685 2769 3739 ordinatus
2800 3684 3000 3740 fuerat.
3028 3683 3165 3739 Dicit
3204 3702 3333 3757 ergo
3367 3686 3538 3743 Thec-

1966 3778 2166 3847 pltilus,
2200 3779 2344 3848 quod
2400 3777 2445 3830 si
2497 3777 2692 3831 mulier
2734 3793 2765 3832 e
2804 3779 2916 3832 vita
2971 3779 3292 3840 excesserit,
3328 3790 3381 3833 ct
3412 3794 3534 3850 post

1966 3870 2294 3938 baptismum
2347 3885 2409 3924 ea
2468 3885 2576 3924 non
2635 3885 2770 3925 usus
2820 3869 2912 3935 sit,
2970 3880 3186 3924 maneat
3227 3870 3527 3936 diaconus;

1966 3978 2157 4031 nempe
2182 3979 2302 4017 cum
2325 3971 2548 4018 sanctus
2583 3963 2889 4032 baptismus
2923 3962 3103 4015 omnia
3145 3971 3365 4031 peccata
3397 3981 3531 4033 ριιυο

1964 4055 2216 4110 cedentia
2248 4056 2445 4109 deleat.
2479 4054 2576 4108 Sin
2610 4062 2817 4119 autem,
2847 4068 2971 4107 cum
3016 4062 3160 4107 esset
3189 4054 3384 4118 ﬁdelis,
3429 4072 3525 4111 seu

1965 4157 2086 4217 post
2143 4148 2489 4217 baptismum,
2529 4161 2649 4199 eam
2693 4146 2901 4205 habuit,
2943 4146 3091 4197 clero
3138 4146 3406 4211 ejiciatur.
3466 4151 3523 4203 Ei

1964 4249 2167 4306 autem,
2219 4240 2310 4309 qui
2358 4255 2481 4294 eum
2518 4238 2758 4293 insciens
2794 4236 3089 4297 ordinavit,
3151 4238 3525 4305 pnejudicium

1962 4350 2069 4388 non
2116 4331 2386 4387 afferetur.
2448 4330 2586 4385 Illud
2631 4336 2810 4383 autem
2844 4345 2860 4383 :
2895 4326 2956 4381 Si
2998 4327 3187 4380 mulier
3217 4345 3243 4381 e
3273 4330 3381 4382 vita
3426 4332 3525 4382 mi-

1966 4426 2153 4497 grarit,
2197 4424 2353 4488 dicit,
2384 4432 2569 4495 utpote
2603 4422 2859 4493 quoniam
2892 4420 2965 4475 ita
3010 4422 3257 4478 evenisse
3299 4423 3519 4478 dicitur.

1970 4517 2102 4572 Nam
2133 4519 2235 4573 etsi
2267 4519 2428 4573 etiam
2460 4524 2581 4587 post
2615 4516 2944 4586 baptismum
2986 4514 3235 4578 vixisset,
3275 4529 3373 4569 nec
3403 4531 3523 4569 eam

1973 4611 2195 4680 Panuph
2242 4610 2609 4679 cognovisset,
2640 4607 2734 4661 sed
2762 4607 2935 4676 ipsam
2955 4606 3119 4661 etiam
3148 4606 3522 4673 amandassct;

1965 4703 2232 4772 potuisset
2260 4702 2340 4758 sic
2362 4715 2578 4772 quoque
2607 4714 2729 4754 esse
2764 4698 3047 4752 diaconus.

2577 4814 2802 4870 CANON
2833 4814 2896 4869 ν.

2030 4913 2106 4967 De
2131 4910 2295 4973 Jacob
2325 4924 2555 4979 qua’rere
2585 4915 2804 4975 oportet.
2841 4903 2899 4959 Si
2934 4905 3071 4957 enim
3117 4907 3279 4958 lector
3308 4915 3442 4967 erat,
3472 4915 3521 4958 et

1959 5005 2164 5058 crimini
2199 5001 2560 5072 fornicationis
2589 4999 2752 5067 fuisse
2781 5014 2897 5051 eum
2929 4996 3230 5061 obnoxium,
3257 5008 3517 5050 ostensum

1960 5097 2053 5159 sit,
2082 5104 2130 5147 et
2171 5112 2202 5147 a
2229 5091 2539 5162 presbyteris
2577 5089 2643 5143 sit
2688 5089 2900 5157 ejectus,
2940 5085 3124 5141 deinde
3172 5088 3218 5139 is
3251 5097 3329 5140 est
3370 5087 3523 5139 ordi-

1960 5194 2136 5245 natus,
2175 5183 2453 5251 ejiciatur;
2487 5187 2740 5233 accurata
2776 5178 3162 5231 examinatione
3208 5176 3385 5244 facta;
3416 5192 3516 5228 non

1959 5288 2130 5330 autem
2157 5291 2223 5328 ex
2262 5274 2493 5329 susurris
2527 5270 2604 5325 vel
2638 5270 2933 5324 maledictis
2968 5277 3085 5322 orta
3113 5268 3168 5321 in
3197 5285 3313 5321 eum
3341 5269 3514 5332 suspi-

1955 5372 2118 5422 cione.
2152 5366 2247 5421 Sin
2288 5377 2461 5419 autem
2493 5382 2595 5418 non
2626 5364 2785 5433 fuerit
2829 5363 3064 5417 inventus
3109 5361 3318 5413 crimini
3350 5360 3511 5410 obno-

1953 5462 2093 5522 xius,
2127 5469 2332 5513 maneat
2377 5459 2431 5510 in
2478 5458 2633 5511 clero.
2669 5455 2848 5528 Neque
2882 5457 3016 5509 enim
3046 5454 3193 5507 vanis
3233 5450 3512 5503 calumniis

1954 5554 2186 5605 animum
2220 5551 2462 5604 adhibere
2492 5551 2710 5618 oportet.

2022 5662 2216 5718 BALS.
2244 5661 2413 5716 Jacoh
2447 5661 2667 5730 quidam
2707 5658 2877 5711 lector
2909 5655 3079 5730 fuisse
3116 5654 3423 5716 dicebatur,
3458 5663 3510 5706 et

1953 5764 2172 5826 propter
2202 5729 2609 5809 fornicationem
2636 5749 2780 5804 clero
2810 5729 3187 5816 esse'ejectus,
3217 5756 3271 5801 ct
3316 5747 3510 5803 deinde

1953 5850 2018 5903 ad
2059 5848 2317 5917 majorem
2352 5842 2575 5913 gradum
2606 5841 2773 5897 fuisse
2802 5842 3105 5896 ordinatus.
3141 5839 3339 5894 Scribit
3375 5854 3506 5908 ergo
