4034 6340
402 351 472 405 59
1422 337 1784 394 THEOPHILI
1827 336 2128 393 EPISCOPI
2170 335 2346 390 ALEX
2359 334 2630 390 ANDRI‘NI
3557 334 3624 390 1,0

397 461 727 532 'l‘lieopliilus
768 462 1008 534 diligenti
1066 457 1463 514 examinatione
1516 457 1692 519 facta,
1742 457 1789 510 si
1836 472 1959 510 eum

2082 450 2154 509 ιῦν
2195 456 2223 506 ὀ
2256 454 2529 520 Θεόφιλος,
2564 455 2644 506 ὅτι
2677 452 2971 517 ἐξετάσεως
3017 450 3274 520 ἀκριϐοῦς
3312 456 3627 520 γενομεντυς,

401 572 654 627 peccasse
671 564 1008 624 compertum
1029 552 1210 612 fuerit,
1236 549 1380 601 clero
1402 546 1666 616 ejiciatur.
1685 546 1803 601 Non
1822 548 1966 600 enim

397 653 610 717 oportet
641 664 709 702 ex
767 648 1008 701 susurris
1055 658 1152 696 seu
1199 638 1553 694 clandestinis
1601 641 1964 703 sermonibus,

398 737 481 789 vel
510 735 813 789 maledictis
841 751 934 788 seu
960 729 1160 800 apertis
1188 727 1452 783 conviciis
1482 738 1601 781 orta
1633 729 1963 797 suspicione,

398 825 749 878 condemnari
814 824 1067 890 aliquem.
1130 816 1284 881 Quod
1328 817 1373 871 si
1437 832 1602 871 causa
1661 819 1965 871 examinata

406 917 591 969 insons
626 921 933 983 compertus
966 908 1150 971 fuerit,
1180 916 1395 962 maneat
1418 908 1472 961 in
1496 908 1661 961 clero.

1001 1016 1231 1073 CANON
1275 1016 1365 1071 Vl.

471 1142 544 1194 De
578 1142 641 1191 iis
666 1137 753 1207 qui
777 1136 1061 1190 ordinandi
1081 1146 1199 1189 sunt
1222 1136 1333 1189 ltwc
1355 1136 1452 1190 erit
1482 1136 1695 1205 forma:
1726 1132 1790 1185 Ut
1814 1133 1966 1202 quid-

395 1230 520 1300 quid
550 1238 625 1281 est
658 1226 1010 1281 sacerdotalis
1050 1224 1253 1279 ordinis
1291 1225 1584 1278 consentiat
1616 1233 1664 1277 et
1703 1223 1880 1291 eligat,
1918 1232 1967 1275 et

398 1333 521 1374 tunc
573 1323 845 1390 episcopus
900 1320 1189 1384 examinet,
1237 1318 1316 1371 vel
1360 1319 1408 1372 ei
1454 1317 1614 1370 etiam
1658 1316 1966 1368 assentiente

396 1413 720 1467 sacerdotali
770 1410 952 1465 ordine
984 1411 1038 1463 in
1083 1411 1255 1464 media
1307 1410 1527 1463 ecclesia
1563 1408 1790 1470 ordinet,
1828 1425 1964 1477 priv-

394 1517 537 1559 sente
571 1505 780 1572 populo,
816 1514 865 1557 et
889 1504 1128 1573 episcopo
1159 1503 1476 1572 alloquente,
1515 1519 1582 1554 an
1611 1504 1771 1555 etiam
1802 1504 1966 1568 possit

394 1596 442 1648 ei
468 1598 690 1664 populus
732 1594 869 1662 ferre
902 1594 1276 1648 testimonium.
1313 1593 1595 1649 Ordinatio
1646 1604 1818 1646 autem
1863 1609 1964 1645 non

398 1686 494 1754 ﬁat
538 1684 857 1737 clanculum.
895 1680 1133 1736 Ecclesia
1180 1682 1318 1735 enim
1352 1697 1531 1748 pacem
1576 1679 1790 1734 habente
1824 1679 1964 1732 decet

2068 549 2162 601 ἐὰν
2210 548 2402 619 εὐρεθῇ
2435 545 2792 618 ἡμαρτηκὼς,
2830 545 3149 615 ἐκϐληθήτω
3189 543 3278 595 τοῦ
3310 544 3537 613 κλήρουδ
3571 547 3633 594 οὺ

2066 640 2146 692 δεῖ
2170 638 2278 708 γὰρ
2310 641 2372 691 ἐκ
2405 638 2746 708 ψιθυρισμῶν
2770 637 2886 707 ἦτοι
2919 637 3246 698 καταλαλιᾶς
3282 635 3561 703 λαθραίας,
3595 636 3627 704 ἢ

2069 729 2397 797 κακολογιῶν
2423 730 2540 799 ἦτοι
2582 727 2856 799 λοιδοριῶν
2884 726 3131 798 φανερῶν
3167 726 3397 794 ὑποψίας
3421 725 3635 795 γ.νομὲ-

2069 841 2164 892 νης
2198 821 2617 890 κατακρίνεσθαί
2644 838 2782 874 τινα.
2806 821 2870 875 Εἰ
2894 819 2951 873 δὲ
2974 822 3072 890 τῆς
3118 819 3420 882 ὑποθέσεως
3452 817 3634 882 ἐξετα-

2069 913 2300 983 ζομένης
2332 912 2618 975 ἀνεύθυνος
2642 911 2910 983 εὑρεθείη,
2940 911 3143 982 μενέτω
3174 913 3230 963 ὲν
3257 910 3334 980 τῷ
3356 909 3560 980 κλήρῳ.

2660 1024 2898 1076 ΚΑΝΩΝ
2948 1021 3039 1088 (τ’.

2136 1138 2273 1203 Περὶ
2327 1138 2446 1190 τῶν
2507 1140 2857 1207 μελλόντων
2930 1136 3395 1207 χειροτονεῖσθαι
3455 1129 3634 1200 οὗτος

2066 1228 2234 1281 ἔσται
2266 1230 2454 1295 τύπος
2478 1246 2492 1260 ·
2525 1230 2703 1284 Ὥστε
2731 1228 2855 1283 πᾶν
2883 1230 2950 1282 τὸ
2980 1228 3265 1296 ἱερατεῖον
3292 1226 3636 1296 συμφωνεῖν

2068 1322 2166 1372 καὶ
2209 1322 2520 1389 (ιίρεῖσθαι,
2555 1322 2652 1376 καί
2702 1325 2834 1375 τότε
2876 1321 2983 1375 τὸν
3017 1322 3353 1375 ἐπίσκοπον
3398 1316 3637 1386 δοκιμά-

2068 1411 2204 1476 ζειν,
2238 1414 2277 1475 ἢ
2297 1413 2395 1467 καὶ
2422 1413 2858 1477 συναινοῦντος
2887 1412 3046 1477 αὐτῷ
3074 1411 3180 1465 τοῦ
3205 1409 3489 1477 ἱερειτείου
3523 1425 3638 1476 χει-

2058 1502 2334 1568 ροτονεῖν
2386 1504 2454 1555 ἐν
2506 1503 2660 1574 μέσῃ
2713 1502 2787 1571 τῇ
2823 1502 3149 1569 ἐκκλησίᾳ,
3200 1502 3492 1566 παρόντος
3531 1499 3637 1551 τοῦ

2065 1595 2237 1656 λαοῦ,
2269 1596 2367 1648 καὶ
2400 1595 2904 1663 προσφωνοῦντος
2935 1593 3042 1648 τοῦ
3074 1593 3434 1653 ἐπισκόπου,
3462 1592 3513 1643 εὶ
3542 1591 3637 1643 καὶ

2066 1689 2098 1737 ό
2131 1685 2280 1749 λαὸς
2322 1685 2567 1738 δύναται
2605 1683 2764 1748 αὐτῷ
2800 1682 3142 1752 μαρτυρεῖν.
3199 1680 3540 1747 Χειροτονίιι
3575 1676 3642 1729 δὲ

398 1778 740 1844 prwsentibus
791 1775 991 1828 sanctis
1041 1773 1398 1827 ordinationes
1451 1772 1564 1841 ﬁeri
1616 1773 1670 1823 in
1710 1772 1959 1824 ecclesiis.

2082 1777 2359 1843 ῐαίὲραίως
2386 1776 2470 1844 μὴ
2502 1776 2774 1845 γινέσθω.
2814 1774 2929 1843 Τῆς
2952 1776 3061 1844 γὰρ
3102 1772 3461 1837 Ἑκκλησιάς
3486 1768 3643 1835 εἰρή-

399 1870 465 1923 Ιη
492 1870 695 1937 regione
730 1879 903 1920 autem
945 1867 993 1920 si
1030 1867 1119 1935 qui
1165 1867 1292 1930 sint,
1337 1866 1427 1935 qui
1461 1864 1959 1916 communicantiimt

396 1960 590 2012 animis
646 1955 1187 2020 communicaverint;
1247 1971 1351 2007 non
1409 1953 1565 2006 aliter
1631 1952 1961 2016 ordinentur,

2058 1884 2175 1933 νην
2187 1868 2448 1934 ἐχούσης
2462 1868 2671 1934 πρέπει
2688 1868 2999 1935 παρόντων
3011 1863 3128 1917 τῶν
3143 1864 3322 1933 ἁγίων
3336 1860 3442 1925 τὰς
3457 1876 3642 1929 χειρο-

2058 1960 2258 2023 τονίας
2289 1958 2388 2011 ἐπὶ
2435 1958 2564 2024 ταῖς
2592 1958 2943 2026 ἐκκλησίαις
2984 1957 3276 2026 γίνεσθαι.
3324 1954 3425 2006 Ἐν
3465 1950 3532 2002 δὲ
3569 1948 3643 2017 τῇ

395 2063 553 2105 quant
584 2046 676 2109 iis,
715 2047 804 2116 qui
841 2055 963 2100 sunt
991 2060 1104 2099 vere
1134 2042 1413 2097 orthodoxi
1435 2043 1632 2102 clerici,
1658 2043 1966 2095 examinan—

2082 2049 2280 2115 πνορίᾳ,
2306 2052 2358 2102 εὶ
2381 2048 2498 2117 μὲν
2521 2047 2998 2115 κοινωνήσαντες
3027 2048 3149 2100 είσί
3172 2063 3329 2110 τινες
3359 2042 3490 2108 ταῖς
3525 2036 3646 2094 τῶν

400 2139 559 2200 tibus,
596 2146 850 2205 prwsenle
875 2153 1061 2189 rursus
1092 2136 1351 2204 episcopo,
1387 2144 1436 2188 et
1459 2142 1764 2202 promentem
1796 2148 1964 2201 popu-

401 2246 507 2298 lum
542 2230 855 2297 alloquente,
890 2244 952 2281 ne
979 2226 1269 2280 intercedat
1303 2226 1484 2295 aliqua
1510 2225 1898 2277 circumventio.

2064 2140 2558 2206 κοινωνησάντων
2612 2138 2890 2207 γνώμαις,
2928 2137 3015 2207 μὴ
3051 2137 3252 2201 ἄλλως
3295 2131 3645 2204 χειροτονεί-

2066 2233 2331 2295 σθωσαν,
2361 2230 2519 2283 ἀλλὰ
2552 2229 2670 2282 τῶν
2703 2228 2941 2296 ἀληθῶς
2980 2229 3310 2296 ὀρθοδόξων
3348 2219 3646 2292 κληρικῶν

398 2318 845 2389 δοκιμαζόντων,
874 2319 1170 2387 παρόντος
1193 2316 1379 2372 πάλιν
1432 2316 1535 2371 τοῦ
1560 2317 1895 2369 ἐπισκόπου
1929 2318 2024 2371 καί
2064 2323 2565 2389 προσφωνοῦντος
2604 2323 2849 2389 παρόντι
2881 2319 2962 2386 τῷ
2999 2320 3149 2386 λαῷ,
3178 2322 3277 2373 ἵνα
3333 2317 3419 2388 μὴ
3452 2315 3647 2386 μέσον

398 2413 715 2483 περιδρομή
743 2431 833 2477 τις
863 2412 1106 2483 γένηται

470 2527 663 2582 BALS.
698 2527 774 2582 De
813 2528 880 2583 iis
919 2527 1013 2597 qui
1050 2528 1107 2580 in
1166 2527 1315 2581 clero
1364 2527 1649 2582 ordinandi
1707 2534 1836 2581 sunt
1879 2526 1971 2579 dat

398 2630 612 2693 typum,
649 2629 703 2674 et
736 2619 870 2674 dicit
904 2620 1048 2688 quod
1078 2627 1293 2686 oportet
1329 2635 1451 2673 eum
1484 2620 1576 2688 qui
1608 2629 1692 2672 est
1722 2619 1973 2671 ordinan-

401 2716 504 2768 dus
535 2728 566 2767 a
610 2720 725 2766 leto
769 2711 963 2764 ordine
1007 2709 1334 2763 sacerdotali
1373 2710 1522 2778 eligi,
1563 2710 1665 2764 hoc
1705 2718 1809 2773 est,
1839 2725 1975 2762 una-

404 2803 538 2858 nimi
567 2817 837 2855 consensu
870 2800 1158 2869 approbari
1193 2808 1247 2852 et
1273 2800 1553 2867 praeferri,
1585 2810 1639 2852 et
1667 2815 1791 2853 cum
1827 2801 1975 2868 ejus-

407 2894 550 2949 modi
581 2893 822 2948 delectns
857 2892 925 2946 de
966 2907 1032 2945 eo
1077 2891 1255 2945 factus
1296 2889 1478 2953 fuerit,
1520 2900 1648 2943 tunc
1691 2891 1868 2959 ipsum
1905 2889 1974 2943 ab

403 2989 660 3058 episcopo
709 2984 1031 3045 examinari,
1066 2989 1119 3036 et
1157 2980 1375 3051 quando
1428 2980 1505 3033 illi
1549 2994 1764 3049 quoque
1814 2979 1973 3031 homo

2147 2525 2340 2578 ΒΑΛΣ.
2376 2525 2508 2596 Περὶ
2525 2524 2632 2578 τῶν
2664 2523 2964 2596 μελλόντων
2987 2525 3406 2595 χειροτονεῖσθαι
3428 2531 3485 2580 ἐν
3511 2529 3611 2600 κλή
3626 2559 3646 2570 -

2079 2635 2157 2686 ρῳ
2203 2617 2382 2669 δίδωσι
2425 2618 2615 2679 τύπον,
2670 2617 2764 2669 καί
2807 2635 2970 2688 φησιν
3002 2618 3084 2669 δτι
3137 2617 3216 2669 δεῖ
3266 2618 3357 2671 τὸν
3388 2620 3649 2689 μέλλοντα

2076 2707 2493 2776 χειροτονεῖσθαι
2519 2708 2669 2777 παρὰ
2692 2710 2890 2771 παντὸς
2917 2709 3179 2779 ἱερατείου
3210 2711 3499 2779 αἱρεῖσθαι,
3530 2713 3649 2765 ἀντὶ

2078 2799 2171 2850 τοῦ
2202 2797 2586 2867 προκρίνεσθαι
2627 2797 2945 2868 συμφώνως,
2987 2799 3129 2853 οὕτω
3159 2800 3216 2852 δὲ
3262 2803 3646 2871 προκριθέντα,

2077 2888 2197 2941 τότε
2244 2888 2629 2958 δοκιμάζεσθαι
2677 2890 2837 2943 αὑτὸν
2882 2890 3030 2961 παρὰ
3060 2891 3152 2943 τοῦ
3200 2893 3519 2956 ἐπισκόπου,
3557 2897 3650 2947 καὶ

2079 2982 2166 3033 ὅτε
2193 2982 2426 3051 κάκείνῳ
2447 2981 2584 3046 δόξει
2608 2984 2636 3034 ὁ
2658 2983 2938 3054 ἄνθρωπος
2964 2984 3263 3054 ἐπιτήδειος
3302 2987 3381 3048 είς
3408 3003 3648 3056 χειροτο-

407 3084 556 3134 visus
587 3079 745 3132 I‘nerit
782 3088 940 3146 aptus
977 3085 1036 3129 ut
1064 3075 1370 3137 ordinetur,
1400 3081 1530 3125 tunc
1577 3085 1699 3125 eum
1731 3069 1975 3123 ordinari

2082 3076 2217 3141 νέαν,
2249 3077 2369 3129 τότε
2423 3078 2843 3147 χειροτονεῖσθαι
2888 3079 3189 3131 συναινέσει
3221 3080 3315 3132 τοῦ
3359 3081 3647 3152 ἱερατείου,

406 3184 680 3224 consensu
727 3166 1078 3222 sacerdolalis
1110 3164 1339 3223 ordinis.
1376 3171 1643 3232 praesente
1671 3160 1837 3215 etiam
1876 3173 1977 3228 po-

410 3259 558 3328 pulo.
585 3259 696 3313 Cur
731 3266 910 3311 autem
954 3255 1112 3319 dixit,
1149 3270 1273 3307 eum
1309 3253 1672 3308 ordinandum
1706 3264 1978 3305 consensu

409 3349 761 3405 sacerdotalis
786 3348 1032 3403 ordinis?
1054 3346 1187 3399 Nam
1220 3360 1343 3400 cum
1374 3359 1403 3397 a
1436 3343 1758 3398 sacerdotali
1789 3340 1981 3395 ordine

408 3445 613 3497 electus
646 3451 751 3504 est,
778 3441 843 3494 ad
867 3439 1266 3495 ordinationem
1296 3449 1602 3491 consensus
1629 3449 1739 3488 non
1768 3433 1983 3487 videtur

409 3549 531 3587 esse
563 3531 931 3586 necessarius.
966 3529 1071 3583 Sed
1097 3539 1182 3583 est
1202 3527 1499 3582 verisimile
1526 3539 1688 3596 posse
1717 3534 1842 3595 post
1872 3525 1983 3577 ele-

411 3623 647 3677 ctionem
672 3619 876 3689 aliquid
897 3618 1157 3689 temporis
1184 3618 1532 3687 praeteriisse,
1556 3625 1611 3672 et
1640 3631 1737 3671 eos
1767 3616 1982 3670 interim

412 3714 506 3782 qui
556 3711 920 3767 ordinandum
970 3709 1333 3780 praeiudicant
1392 3709 1685 3764 rescivisse
1736 3706 1983 3776 aliquid,

413 3807 558 3876 quod
603 3807 725 3874 ejus
779 3804 1175 3859 ordinationem
1225 3801 1531 3872 probibeat.
1556 3801 1621 3854 Et
1685 3799 1809 3856 ideo
1855 3798 1989 3852 dicit

414 3903 561 3967 ipsos
585 3897 917 3959 consentire,
937 3903 990 3950 et
1025 3895 1154 3949 dum
1175 3896 1464 3949 ordinatur
1483 3894 1740 3964 populum
1771 3905 1988 3961 quoque

414 3995 483 4046 ab
510 3990 765 4060 episcopo
793 3988 1140 4058 interrogari,
1175 4003 1243 4042 an
1266 3987 1462 4056 dignus
1493 3987 1582 4050 sit,
1626 3984 1711 4039 cui
1743 3984 1987 4037 testimo-

417 4088 566 4139 nium
590 4083 765 4136 l‘erant
794 4080 864 4135 ad
904 4081 1331 4135 ordinationem.
1356 4077 1649 4133 Dissuadet
1681 4084 1883 4137 autem,
1921 4091 1988 4128 ne

417 4178 547 4229 tlant
579 4172 956 4228 ordinationes
995 4168 1372 4225 clandestinze.
1408 4167 1542 4221 Cum
1583 4167 1751 4227 enim,
1789 4165 1985 4233 inquit,

417 4281 518 4333 pax
546 4274 631 4318 est
658 4265 713 4315 in
756 4260 1023 4323 Ecclesia,
1066 4259 1276 4313 scilicet
1305 4272 1430 4311 cum
1466 4271 1613 4310 nunc
1657 4270 1764 4307 non
1793 4265 1876 4309 est
1908 4255 1990 4307 di-

417 4355 571 4408 visus
592 4351 828 4422 populus
845 4347 1189 4402 cessantibus
1207 4347 1526 4410 liaeresibns,
1546 4346 1637 4401 sed
1659 4353 1785 4399 sunt
1800 4360 1988 4399 omnes

2080 3167 2344 3238 παρόντος
2371 3169 2464 3221 καὶ
2489 3169 2583 3221 τοῦ
2612 3169 2763 3224 λαοῦ.
2792 3172 2943 3223 Διατί
2972 3171 3015 3223 δ’
3047 3167 3187 3234 εἷπε,
3215 3176 3536 3241 χειροτονεῖν
3561 3174 3652 3225 αὐ-

2078 3258 2168 3311 τὸν
2195 3259 2499 3311 συναινέσει
2522 3258 2614 3312 τοῦ
2645 3260 2931 3330 ἱερατείου;
2950 3261 3103 3313 Ἐπεὶ⁸
3123 3262 3230 3330 γὰρ
3256 3261 3473 3332 ὲξελέγη
3502 3264 3654 3333 παρὰ

2079 3348 2174 3401 τοῦ
2217 3349 2503 3418 ίερατείου,
2537 3352 2570 3421 ὴ
2613 3351 2703 3401 ἐπὶ
2735 3350 3038 3421 χειροτονίᾳ
3065 3351 3367 3413 συναίνεσις
3402 3352 3548 3405 δοκεῖ
3580 3354 3653 3424 μὴ

2082 3437 2353 3504 ἀναγκαία
2403 3433 2559 3491 εἶναι.
2608 3437 2745 3489 Ἀλλ’
2778 3438 2923 3499 εἰκὸς
2971 3439 3158 3508 καιρόν
3203 3457 3324 3493 τινα
3368 3441 3505 3509 μετὰ
3556 3442 3653 3509 τὴν

2083 3528 2311 3598 ἐκλογὴν
2328 3528 2634 3597 παρελθεῖν,
2657 3529 2750 3580 καὶ
2766 3529 2825 3580 ἐν
2837 3528 2913 3598 τῷ
2933 3529 3083 3597 μέσῳ
3105 3529 3306 3596 γνῶναί
3320 3548 3371 3582 τι
3387 3532 3512 3594 τοὺς
3524 3549 3656 3602 προ-

2084 3618 2365 3685 κρίνοντας
2400 3618 2491 3670 τὸν
2525 3616 2784 3687 μέλλοντα
2816 3618 3251 3687 χειροτονηθῆναι
3287 3621 3491 3673 κωλύον
3510 3622 3656 3692 αὑτῷ

2083 3708 2180 3778 τὴν
2195 3708 2543 3778 χειροτονίαν.
2566 3708 2664 3761 Διὰ
2675 3708 2833 3761 τοῦτο
2855 3704 2949 3761 οὖν
2976 3714 3242 3763 συναινεῖν
3270 3712 3464 3775 αὐτοὺς
3480 3730 3657 3783 κεχει-

2087 3799 2446 3869 ροτονημένου
2478 3799 2639 3852 αὐτοῦ
2666 3796 2807 3862 εἷπε,
2839 3802 2931 3853 καὶ
2959 3800 3049 3853 τὸν
3081 3802 3375 3855 ἐπίσκοπον
3416 3805 3509 3857 καὶ
3538 3808 3657 3858 τότε

2087 3893 2421 3961 προσφωνεῖν
2443 3890 2519 3959 τῷ
2534 3890 2667 3960 λαῷ,
2687 3891 2973 3962 ἐρωτῶντα
2997 3895 3043 3945 εἰ
3069 3896 3502 3964 μαρτυρεῖαύτὺν
3524 3900 3658 3968 πρὸς

2086 3980 2417 4049 χειροτονίαν
2445 3978 2614 4044 ἄξιον.
2651 3979 2927 4051 Δαθραίας
2960 3981 3014 4034 δὲ
3054 3986 3383 4052 χειροτονίας
3418 3985 3658 4052 γίνεσθαι

2088 4071 2403 4140 ἀποτρέπει.
2459 4072 2609 4125 Ἐπεὶ
2655 4072 2782 4144 γὰρ,
2815 4073 2997 4143 φησὶν,
3032 4076 3221 4145 εἰρήνη
3255 4076 3372 4128 ἐστὶ
3402 4078 3553 4149 παρὰ
3582 4083 3646 4149 τῇ

2102 4162 2415 4232 Ἐκκλησία,
2439 4163 2604 4233 ἤγουν
2629 4164 2749 4216 ἐπεὶ
2774 4163 2867 4217 νῦν
2893 4166 2952 4217 οὐ
2982 4165 3305 4235 μεμέρισται
3327 4170 3356 4220 ὀ
3378 4169 3504 4233 λαὸς
3530 4188 3660 4224 παυ-

2090 4253 2201 4315 θεὶς
2223 4252 2329 4305 τῶν
2349 4254 2628 4322 αἱρέσεων,
2655 4254 2788 4308 ἀλλὰ
2811 4256 3010 4317 πάντες
3040 4258 3136 4328 τῆς
3165 4259 3443 4330 ὀρθοδόξου
3471 4262 3660 4333 μοίρας

2093 4345 2222 4404 εἰσὶ,
2253 4345 2452 4408 πάντες
2483 4347 2610 4415 μιᾶς
2636 4345 2848 4399 ἔσονται
2875 4348 3115 4419 γνώμης,
3146 4350 3237 4402 καὶ
3266 4350 3346 4403 δεῖ
3394 4354 3661 4424 παρουσίᾳ

420 4442 737 4498 orthodoxae
780 4439 986 4509 partis;
1032 4452 1223 4491 omnes
1280 4436 1444 4490 unius
1482 4443 1643 4490 erunt
1684 4437 1979 4497 sentcntiae,

2092 4433 2200 4486 τῶν
2226 4435 2397 4502 ἁγίων
2423 4436 2537 4505 ἦτοι
2563 4435 2671 4488 τῶν
2701 4437 2908 4491 πιστῶν
2936 4439 3035 4503 τὰς
3055 4442 3389 4514 χειροτονίας
3416 4443 3661 4511 γίνεσθαι

421 4547 476 4589 et
504 4542 714 4604 oportet
752 4532 806 4585 in
837 4528 1126 4601 praesentia
1159 4536 1473 4583 sanctorum
1507 4543 1601 4582 seu
1630 4527 1867 4581 ﬁdelium
1898 4543 1986 4581 or-

423 4625 735 4680 dinationes
765 4623 881 4675 lieri
925 4621 982 4675 in
1018 4620 1272 4675 ecclesia.
1304 4617 1540 4673 Sanctos
1584 4627 1764 4673 autem
1808 4618 1989 4672 lideles

431 4715 740 4786 appellavit,
763 4728 830 4767 ex
853 4720 1043 4767 sancto
1071 4711 1174 4765 hoc
1197 4708 1368 4764 Paulo
1397 4725 1699 4763 assumens.
1726 4709 1814 4762 Ille
1845 4710 1987 4762 enim

430 4807 511 4861 sic
541 4804 728 4858 ﬁdeles
762 4802 817 4856 in
840 4802 956 4857 suis
988 4800 1248 4870 Epistolis
1278 4799 1531 4868 appellat.
1563 4798 1686 4852 llazc
1720 4799 1901 4866 itaque
1927 4798 1992 4849 de

432 4898 521 4960 iis,
549 4895 642 4966 qui
675 4897 727 4949 in
767 4892 996 4947 urbibus
1038 4891 1306 4955 habitant,
1356 4889 1566 4943 videtur
1602 4890 1799 4943 dicere.
1832 4886 1903 4942 De
1926 4887 1993 4941 iis

433 4997 637 5053 autem,
662 4985 755 5056 qui
779 4992 905 5041 sunt
934 4984 988 5037 in
1018 4982 1255 5053 regione,
1283 4996 1376 5035 seu
1402 4980 1456 5033 in
1480 4980 1635 5042 vicis,
1664 4981 1816 5043 dicit,
1847 4980 1991 5048 quod

432 5081 689 5152 quoniam
727 5077 885 5131 multi
914 5075 1079 5130 etiam
1119 5074 1275 5127 inviti
1317 5073 1789 5126 communicabant
1822 5073 1995 5126 haere-

434 5173 591 5237 ticis;
620 5182 808 5224 eorum
850 5173 1029 5221 autem
1064 5163 1217 5217 multi
1252 5160 1485 5216 ﬁdelium
1523 5162 1719 5216 animis
1751 5176 1996 5215 conmm-

435 5263 691 5319 nicabant
727 5259 841 5313 sive
888 5254 1281 5310 conveniebant
1327 5260 1380 5307 et
1431 5254 1867 5307 assentiebantur
1894 5270 1906 5304 :
1938 5250 1995 5304 Si

433 5355 557 5424 quis
578 5365 765 5407 eorum
789 5347 859 5403 sit
884 5343 1219 5399 ordinandus
1246 5344 1301 5397 in
1326 5344 1555 5404 clerum,
1582 5358 1705 5399 eum
1730 5358 1838 5397 non
1861 5343 1995 5395 alias

436 5438 816 5501 ordinandum,
849 5447 1011 5504 quam
1044 5447 1168 5487 cum
1216 5432 1604 5525 ap‘probatione
1646 5431 1990 5495 clericorum,

438 5543 574 5595 quos
604 5534 819 5581 constat
848 5539 972 5580 esse
1006 5520 1364 5588 orthodox‘os,
1396 5529 1662 5591 praesente
1690 5522 1852 5576 etiam
1883 5520 1997 5588 epi-

440 5631 627 5685 scOpo.
657 5625 710 5671 et
743 5617 1050 5686 alloquente
1083 5613 1365 5685 populum,
1403 5623 1463 5667 ut
1503 5611 1757 5683 superius
1789 5611 1993 5665 dictum

438 5715 545 5763 ext.
579 5704 699 5761 llaec
729 5714 907 5762 autem
940 5708 1071 5763 dicit
1097 5707 1234 5772 ﬁeri,
1262 5722 1329 5762 ne
1355 5704 1656 5763 intercedat
1680 5704 1861 5777 aliqua
1888 5705 1995 5759 cir-

2094 4525 2182 4577 ὲπ⁹
2221 4525 2530 4597 ἐκκλησίας.
2570 4528 2781 4595 ’Λγίους
2812 4526 2869 4580 δὲ
2896 4530 3022 4592 τοὺς
3052 4532 3275 4593 πιστοὺς
3294 4530 3568 4594 ἐκάλεσεν,
3600 4534 3663 4586 ἐκ

2093 4616 2185 4668 τοῦ
2222 4615 2505 4668 θεσπεσίου
2552 4617 2765 4669 Παύλου
2803 4618 2961 4671 τοῦτο
3001 4620 3357 4689 παραλαϐών·
3388 4621 3528 4675 οὕτω
3557 4624 3662 4692 γὰρ

2096 4710 2344 4770 κάκεῖνος
2370 4710 2427 4759 ὲν
2450 4711 2568 4772 ταῖς
2602 4709 2936 4773 Ἐπιστολαῖς
2964 4712 3128 4764 αὑτοῦ
3153 4716 3277 4776 τοὺς
3309 4714 3531 4776 πιστοὺς
3551 4715 3665 4765 ὀνο-

2099 4801 2277 4871 μάζει.
2310 4803 2493 4856 Ταῦτα
2552 4805 2649 4873 μὲν
2695 4800 2786 4857 οὖν
2816 4806 2943 4876 περὶ
2992 4805 3099 4858 τῶν
3147 4809 3205 4859 ὲν
3239 4809 3457 4862 πόλεσιν
3499 4810 3667 4862 ὄντων

2097 4894 2239 4947 ἔοικε
2272 4894 2468 4961 λέγειν.
2501 4895 2633 4964 Περὶ
2660 4893 2715 4946 δὲ
2743 4894 2849 4947 τῶν
2887 4897 2945 4948 ὲν
2977 4899 3040 4966 τῇ
3083 4898 3283 4969 ἐνορίᾳ,
3325 4901 3440 4968 ἦτοι
3467 4901 3570 4952 τῶν
3606 4901 3659 4951 ἐν

2094 4985 2161 5055 τῇ
2191 4983 2362 5055 χώρα,
2391 4986 2572 5053 φησιν,
2600 4985 2685 5037 ὅτι
2712 4984 2833 5037 ἐπεὶ
2861 4984 3045 5039 πολλοὶ
3074 4991 3186 5051 τοῖς
3209 4990 3498 5059 αἱρετικοῖς
3524 4990 3656 5040 ἐκοι-

2098 5074 2298 5129 νώνουν
2327 5076 2423 5129 καὶ
2452 5076 2694 5140 ἄκοντες,
2723 5074 2831 5129 τῶν
2857 5077 3108 5132 τοιούτων
3136 5079 3193 5131 δὲ
3225 5079 3407 5131 πολλοὶ
3438 5078 3545 5131 τῶν
3573 5098 3664 5132 πι-

2099 5165 2239 5218 στῶν
2270 5164 2584 5219 ἐκοινώνουν
2606 5168 2724 5229 ταῖς
2752 5166 3017 5238 γνώμαις,
3044 5169 3211 5238 ἤγουν
3243 5169 3663 5236 συγκατέϐαινον

2098 5252 2192 5306 καὶ
2228 5253 2522 5324 συνῄνουν·
2554 5254 2617 5307 Εἰ
2662 5257 2726 5308 ἐκ
2757 5258 2960 5311 τούτων
3006 5256 3186 5325 μέλλει
3223 5274 3307 5320 τις
3350 5264 3668 5330 χειροτονεῖ-

2099 5341 2222 5396 σθαι
2250 5347 2329 5408 εἰς
2363 5345 2452 5398 τὸν
2487 5345 2702 5419 κλῆρον,
2741 5347 2815 5419 μὴ
2846 5347 3019 5411 ἄλλως
3050 5350 3486 5418 χειροτονεῖσθαι,
3511 5352 3559 5402 εί
3592 5350 3667 5423 μὴ

2101 5434 2241 5502 μετὰ
2261 5436 2579 5507 δοκιμασίας
2608 5438 2715 5491 τῶν
2744 5436 3183 5506 ὁμολογουμένως
3217 5438 3512 5509 ὀρθοδόξων
3537 5440 3667 5513 κλη-

2104 5526 2288 5593 ρικῶν,
2315 5527 2577 5598 παρόντος
2602 5528 2695 5580 καὶ
2721 5525 2811 5579 τοῦ
2834 5525 3153 5587 ἐπισκόπου,
3182 5528 3275 5581 καὶ¹
3295 5529 3671 5601 προσφωνοῦν-

2100 5634 2190 5680 τος
2215 5616 2292 5687 τῷ
2323 5617 2456 5688 λαῷ,
2491 5620 2565 5681 ὡς
2593 5617 2795 5672 ἄνωθεν
2837 5616 3067 5686 εἴρηται.
3102 5617 3287 5672 Ταῦτα
3319 5621 3373 5674 δὲ
3403 5622 3548 5690 λέγει
3582 5622 3669 5691 γί-

2099 5708 2301 5776 νεσθαι,
2341 5711 2425 5764 ἵνα
2460 5710 2533 5780 μὴ
2576 5709 2737 5780 μέσον
2768 5706 2991 5775 γένηταί
3025 5723 3108 5770 τις
3146 5711 3467 5780 περιδρομὴ,
3501 5717 3665 5785 ἤγουν

4008 328 4013 355 l

4007 3 4034 971 ἓ

4007 996 4034 1809 ἓ

4007 1818 4034 1910 ,1

4007 2052 4027 2107 ι

4014 2493 4024 2544 l

4011 2849 4020 2906 Ρ

4013 3031 4019 3118 l

4013 3133 4018 3208 ἓ

4013 3469 4020 3540 ἑ

4011 3563 4028 3664 ὲ

4013 4375 4026 4420 l

4013 4537 4020 4582 ι
