4034 6340
302 413 380 468 δί

1797 410 2138 496 CANONES.
3437 393 3442 401 ’
3531 405 3599 458 t2

314 531 528 605 ἀπάτη
561 535 661 588 καὶ
687 533 1022 604 συναρπαγὴ,
1055 533 1146 586 καὶ
1170 529 1517 605 χειροτονηθῇ
1547 547 1628 593 τις
1659 531 1734 602 μὴ
1755 531 1924 600 ὑγιῶς

2036 531 2359 594 cumventio,
2387 543 2483 587 seu
2523 532 2676 588 fraus
2703 541 2758 588 ct
2791 532 3055 605 abreptis,
3087 541 3140 590 et
3170 531 3457 588 ordinetur
3495 529 3598 584 ali-

323 624 482 697 ἒχων
509 643 584 679 πε
591 625 648 696 pl
664 624 764 697 τὴν
787 623 984 678 πίστιν.

967 737 1208 792 ΚᾹΝΩΝ
1245 739 1316 793 Z’.

423 831 506 888 Τὰ
519 831 978 900 προσφερόμενα
991 831 1038 884 el
1045 850 1076 896 ς
1086 831 1271 900 λόγον
1281 831 1518 896 θυσίας,
1536 829 1685 898 μετά
1697 829 1768 882 τὰ
1787 827 1928 882 ἀνα-

341 923 694 992 λισκόμενα
710 923 796 988 εις
814 920 929 989 τὴν
941 917 1061 974 τῶν
1081 919 1432 988 μυστηρίων·
1451 919 1680 988 χρείαν.
1702 921 1757 972 οἱ
1782 920 1928 984 κλη-

337 1017 502 1086 ρικοι
559 1013 1100 1086 διανειμάσθωσαν,
1146 1011 1246 1065 καὶ
1288 1011 1440 1082 μήτε
1484 1012 1930 1080 κατηχούμενος

345 1109 419 1162 ἐκ
468 1108 699 1161 τούτων
745 1104 991 1160 ἐσθιέτω
1035 1099 1074 1168 ἢ
1120 1104 1355 1169 πινέτω,
1403 1103 1563 1180 ἀλλὰ
1611 1101 1852 1172 μᾶλλον
1875 1104 1930 1154 ol

348 1197 626 1266 κληρικοὶ
653 1197 749 1250 καὶ
775 1198 828 1251 ol
852 1195 973 1250 σὺν
1003 1195 1206 1261 αὐτοῖς
1229 1194 1430 1248 πιστοὶ
1455 1193 1724 1262 ἀδελφοί.

419 1311 622 1366 ΒΑΛΣ.
661 1311 732 1364 El’
753 1327 876 1364 τινα
909 1309 1282 1383 περιττεύουσι
1309 1307 1418 1362 τῶν
1439 1311 1520 1372 εἰς
1549 1307 1738 1362 θυσίαν
1763 1323 1926 1378 προσ-

349 1401 638 1472 αγομένων
671 1401 821 1473 παρὰ
861 1399 966 1453 τῶν
1013 1399 1241 1469 πιστῶν,
1283 1400 1420 1470 μετὰ
1455 1399 1523 1452 τὰ
1565 1397 1929 1470 δαπανώμενα

348 1495 434 1556 εἰς
464 1491 536 1544 τὰ
575 1490 693 1544 θεῖα
748 1491 1042 1562 μυστήρια,
1089 1493 1204 1552 τοῖς
1259 1489 1542 1561 κληρικοῖς
1584 1490 1696 1542 δεῖν
1735 1489 1926 1553 ταῦτα,

348 1587 512 1656 φησὶ,
547 1583 916 1654 διανέμεσθαι,
961 1583 1100 1636 ὥστε
1130 1583 1258 1652 παρ’
1299 1583 1478 1646 αὐτοῖς
1534 1581 1806 1636 ἐσθίεσθαι
1837 1585 1930 1635 καὶ

349 1675 631 1738 πίνεσθαι,
653 1675 746 1727 καὶ
772 1673 920 1745 παρὰ
933 1673 1038 1728 τῶν
1062 1673 1266 1726 πιστῶν
1290 1673 1492 1728 λαῖκῶν
1511 1691 1524 1704 ’
1557 1677 1666 1738 τοῖς
1681 1674 1736 1728 δὲ
1762 1691 1928 1745 κατη-

349 1769 640 1840 χουμὲνοις
687 1768 852 1838 μηδὲν
886 1768 942 1835 ἐξ
969 1766 1149 1820 αὐτῶν
1169 1767 1422 1822 δίδοσθαι.
1462 1753 1616 1822 Ἐπεὶ
1639 1767 1743 1839 γὰρ
1769 1784 1932 1840 προσ-

348 1860 602 1931 ήχθησαν
657 1858 734 1930 τῷ
792 1858 1174 1930 θυσιαστηρίῳ,
1218 1861 1312 1912 καὶ
1367 1856 1426 1924 ἐξ
1483 1850 1662 1912 αὐτῶν
1719 1857 1928 1930 μερίδες

2030 622 2157 692 quis
2183 623 2277 694 qui
2307 637 2416 678 non
2449 633 2596 679 recte
2625 628 2792 680 sentit
2811 627 2879 682 de
2911 626 3032 682 lide.

2617 735 2844 793 CANON
2893 735 3000 792 VII.

2103 823 2236 892 Qua:
2264 826 2317 878 in
2339 825 2595 896 sacriﬁcii
2622 829 2880 883 rationem
2905 829 3220 896 amarentur,
3245 838 3362 898 post
3386 841 3450 882 ea
3479 840 3598 897 qua

2031 915 2084 970 in
2122 921 2492 986 mysteriorum
2517 933 2670 972 nsum
2707 929 3108 981 consumuntur,
3137 921 3314 973 clerici
3334 919 3597 980 dividant,

2028 1015 2079 1060 et
2118 1023 2209 1061 nec
2247 1007 2646 1062 catecltumenus
2674 1023 2738 1063 ex
2769 1009 2834 1063 iis
2877 1009 3114 1064 comedat
3151 1010 3232 1064 vel
3279 1009 3458 1073 bibat,
3506 1011 3599 1063 sed

2029 1101 2202 1155 solum
2226 1101 2422 1164 clerici,
2449 1111 2498 1155 et
2528 1101 2616 1168 qui
2649 1117 2767 1155 cum
2796 1102 2872 1158 eis
2903 1111 3025 1156 sunt
3048 1102 3228 1172 ﬁdeles
3263 1104 3478 1172 fratres.

2103 1301 2300 1356 BALS.
2331 1300 2389 1356 Si
2423 1317 2529 1373 qua
2565 1317 2755 1358 eorum
2810 1320 2931 1375 quae
2956 1319 2985 1360 a
3015 1305 3266 1362 ﬁdelibus
3295 1307 3361 1362 ad
3397 1307 3592 1364 sacriﬁ-

2029 1396 2174 1448 cium
2223 1393 2546 1458 oderuntur,
2605 1396 3073 1466 superabundant,
3115 1405 3234 1468 post
3277 1411 3339 1454 ea
3373 1413 3495 1468 qua:
3544 1399 3599 1452 in

2029 1485 2211 1539 divina
2235 1485 2493 1555 mysteria
2511 1494 2935 1551 consumuntur,
2955 1489 3194 1552 clericis.
3229 1489 3424 1559 inquit,
3451 1505 3604 1560 opor-

2029 1585 2106 1632 tet
2131 1592 2194 1632 ea
2241 1577 2506 1641 dividere,
2540 1587 2599 1631 ut
2632 1579 2700 1632 ab
2752 1579 2887 1649 ipsis
2917 1579 3277 1635 comedantur
3320 1597 3382 1636 ac
3412 1581 3605 1636 biban-

2029 1675 2140 1734 tur,
2175 1678 2227 1722 et
2257 1669 2421 1723 etiam
2469 1683 2501 1722 a
2533 1667 2782 1725 ﬁdelibus
2829 1671 3024 1734 Iaicis;
3055 1672 3464 1726 catechumenis
3508 1687 3606 1726 au-

2029 1767 2138 1812 tem
2168 1758 2302 1813 nihil
2325 1759 2394 1814 ab
2415 1760 2494 1816 eis
2521 1757 2699 1816 detur.
2725 1760 2864 1827 Quia
2894 1763 3036 1818 enim
3067 1763 3223 1818 altari
3249 1764 3428 1818 oblata
3451 1771 3603 1829 sunt,

2031 1859 2085 1904 et
2113 1851 2180 1905 ad
2215 1851 2395 1906 divina
2425 1851 2567 1906 dona
2612 1867 2680 1908 ex
2721 1853 2826 1910 illis
2877 1864 3058 1925 partes
3088 1856 3333 1925 quaedam
3376 1865 3607 1927 sumpta!

346 1951 667 2022 ἐλήφθησαν
712 1953 795 2014 εἰς
834 1951 902 2004 τὰ
943 1949 1062 2003 θεῖα
1099 1949 1268 2021 δῶρα,
1313 1950 1540 2004 κάκεῖνα
1573 1949 1932 2020 ἡγιάσθησαν,

2037 1949 2199 2012 atque
2227 1943 2582 2000 sanctiﬁcata:
2612 1945 2797 2012 fuere;
2827 1947 3103 2014 quomodo
3133 1948 3200 2002 iis
3229 1949 3320 2015 qui
3351 1957 3480 2002 s’unt
3511 1951 3612 2003 im-

347 2047 469 2108 πῶς
499 2045 564 2097 ἐκ
587 2043 795 2096 τούτων
821 2045 929 2106 τοῖς
949 2035 1321 2112 ἀτελεστέροις
1349 2041 1665 2110 δοθήσονται
1692 2041 1931 2110 δαπανη-

348 2138 667 2208 θησόμενας
698 2134 782 2188 Τὰ
816 2135 871 2188 δὲ
901 2135 980 2197 εἷς
1009 2131 1198 2186 θυσίαν
1231 2132 1618 2204 προσαγόμενα
1651 2133 1813 2202 ἄρτος
1841 2131 1933 2186 καὶ

347 2227 493 2293 οἶνός
521 2233 659 2283 εἰσιν
685 2248 698 2258 ·
753 2229 938 2298 ἕτερον
971 2226 1076 2297 γάρ
1114 2244 1166 2279 τι
1210 2226 1580 2298 προσάγεσθαι
1624 2227 1703 2290 εὶς
1743 2226 1930 2280 θυσια-

350 2323 576 2390 στήριον
617 2319 720 2372 οὐκ
763 2319 990 2384 ἐφεῖται.
1041 2316 1337 2386 Ἀνάγνωθι
1369 2315 1459 2369 τὸν
1510 2321 1550 2384 γ’
1579 2315 1932 2370 ἀποστολικὸν

349 2413 575 2472 κανόνα,
611 2411 706 2464 καὶ
753 2409 852 2478 τῆς
881 2411 936 2461 ἐν
979 2407 1055 2480 τῷ
1092 2406 1346 2478 Τρούλλῳ
1380 2406 1596 2461 συνόδου
1639 2406 1736 2474 τῆς
1774 2405 1932 2474 λεγο-

355 2504 527 2574 μένης
561 2500 614 2565 ς’
643 2500 844 2554 κανόνα
871 2505 974 2570 κη’.

959 2607 1198 2662 ΚΑΝΩΝ
1251 2608 1332 2661 II'.

441 2701 677 2769 Ἐπειδὴ
724 2699 906 2768 Ἱέραξ
933 2701 1126 2764 τόνδε,
1167 2701 1384 2753 ὡσανεὶ
1416 2700 1513 2753 ἐπὶ
1540 2702 1787 2770 πορνείᾳ
1808 2701 1934 2755 δια-

347 2797 752 2862 ϐαλλόμενον,
782 2793 892 2846 οὐκ
927 2792 1192 2860 ὀφείλειν
1212 2790 1370 2860 λέγει
1395 2791 1464 2844 ἐν
1495 2786 1575 2854 τῷ
1613 2791 1815 2858 κλήρῳ
1852 2772 1932 2844 εῖ-

347 2905 472 2946 ναι.
501 2889 533 2939 ό
561 2884 631 2937 δὲ
653 2884 988 2947 ἐπίσκοπος
1019 2881 1330 2935 Ἀπόλλων
1356 2879 1748 2949 διῖσχιφίζετο
1777 2897 1934 2949 τηνι-

347 2978 566 3039 καῦτα,
609 2973 848 3044 μηδένα
879 2973 1208 3042 κατήγορον
1249 2973 1318 3025 ἐν
1353 2973 1522 3042 μέσῳ
1569 2973 1932 3041 ἐληλυθέναι

349 3071 482 3125 κατ’
511 3067 728 3129 αὐτοῦ,
757 3065 1114 3131 ἐξεταζέσθω
1136 3065 1232 3118 καὶ
1263 3061 1470 3132 οὗτος·
1503 3065 1600 3119 καὶ
1625 3068 1677 3120 el
1694 3065 1812 3136 μὲν
1833 3084 1936 3120 κα-

345 3160 611 3232 τήγορός
658 3175 752 3222 τις
797 3157 1123 3226 ἀναφύεται
1168 3157 1427 3222 πίστεως
1471 3155 1660 3222 ἄξιος,
1717 3157 1816 3210 καὶ
1869 3158 1934 3210 τὸ

341 3254 628 3322 ἔγκλημα
673 3247 1117 3310 ἀποδείκνυται,
1184 3245 1526 3316 φερομένων
1567 3247 1936 3311 ἀξιοπίστων
1963 3286 2008 3344 C

335 3344 685 3416 μαρτύρων,
732 3340 843 3408 τῆς
901 3339 1264 3405 Ἔκκλησίας
1313 3336 1728 3391 ἐκσαλλέσθω·
1769 3340 1822 3391 el
1869 3337 1936 3391 δὲ

341 3435 463 3490 τοῦ
499 3431 722 3501 κλήροιν
757 3429 924 3494 ἄξιός
957 3431 1101 3494 ἐστι,
1135 3429 1232 3482 καὶ
1271 3428 1366 3481 ἐπὶ
1397 3430 1763 3498 σωφροσύνῃ
1789 3446 1938 3498 μαρ-

339 3525 632 3594 ττξρεῖται,
661 3521 890 3592 μενέτω
920 3523 988 3574 ἐν
1009 3522 1215 3585 τούτῳ.

419 3638 624 3692 ΒΑΛΣ,
675 3636 1081 3705 Ἐχειροτονήθη
1103 3652 1186 3697 τις
1233 3634 1512 3705 κληρικὸς,
1546 3631 1662 3688 εἶτα
1680 3633 1936 3706 διεϐλήθη

340 3731 424 3792 ὡς
461 3727 794 3800 πορνεύσας.
822 3726 1045 3794 Ἔλεγεν
1073 3721 1166 3778 οὖν
1206 3725 1380 3797 Ἰέραξ
1411 3743 1517 3789 τις.
1549 3725 1622 3796 μὴ
1644 3725 1752 3778 δεῖν
1777 3725 1937 3779 αὑτὸν

341 3826 408 3876 ὲν
445 3822 638 3892 κλήρῳ
673 3814 816 3872 εἶναι
837 3835 851 3848 ·
886 3819 914 3870 ὁ
941 3818 998 3871 δὲ
1048 3819 1430 3888 χειροτονήσας
1466 3817 1628 3869 αὑτὸν
1672 3817 1936 3888 διῖσχυρί-

341 3919 499 3982 ζετο,
540 3915 660 3984 ἦτοι
701 3913 968 3972 ἐνίστατο,
999 3911 1074 3981 μὴ
1115 3909 1556 3981 κατηγορηθῆναι
1600 3907 1760 3963 αὐτὸν
1788 3908 1939 3978 παρά

341 4025 520 4070 τινος.
554 4007 702 4073 Ἔφη
754 3999 846 4057 οὖν
877 4005 905 4056 ὁ
948 4001 1228 4068 Θεόφιλος,
1262 4003 1341 4054 ὅτι
1390 3999 1734 4070 ἑξετασθήτω
1771 4001 1800 4052 ό
1845 4001 1940 4054 ἄν·

341 4101 596 4171 θρωπος,
623 4096 720 4149 καὶ
745 4098 794 4147 εἰ
824 4094 918 4164 μὲν
943 4093 1256 4164 εὑρίσκεταί
1282 4109 1363 4155 τις
1382 4093 1684 4161 κατήγορος
1704 4091 1938 4154 πίστεως

339 4189 504 4254 ἄξιος
549 4189 717 4258 ἡγουν
770 4184 957 4248 δεκτὸς
1003 4185 1084 4250 εἰς
1115 4182 1442 4254 κατηγορίαν
1475 4183 1570 4252 (οὑ
1628 4181 1737 4252 γὰρ
1775 4181 1940 4234 παντὶ

339 4284 570 4350 ἐφεῖται
613 4280 938 4348 κατηγορεῖν
977 4275 1310 4348 ἱερωμένων,
1353 4274 1492 4328 κατὰ
1536 4275 1626 4327 τὸν
1662 4281 1714 4338 ς’
1742 4273 1939 4327 κανόνα

338 4373 450 4442 τῆς
483 4369 746 4440 δευτέρας
777 4367 1161 4437 οἰκουμενικῆς
1205 4366 1445 4428 συνόδου,
1487 4366 1582 4418 καὶ¹
1613 4366 1703 4418 τὸν
1740 4365 1939 4419 κανόνα

337 4462 437 4518 κα⁹
483 4461 586 4530 τῆς
641 4459 680 4513 δ’
709 4459 1089 4529 οἰκουμενικῆς
1140 4456 1418 4526 devotion),
1467 4455 1786 4526 ἐκϐληθήτω
1841 4455 1940 4526 τῆς

351 4553 693 4624 Ἐκκλησίας
718 4550 856 4620 μετὰ
882 4547 1152 4615 ἀπόδειξιν
1172 4566 1184 4580 ’
1211 4548 1258 4600 εξ
1281 4547 1336 4600 δὲ
1367 4546 1518 4599 οὐδὲν
1546 4545 1782 4599 τοιοῦτον
1803 4539 1936 4598 ἁπτο-

334 4649 652 4713 δείκνυται,
685 4644 893 4716 μενέτω
925 4645 982 4696 ὲν
1009 4641 1088 4712 τῷ
1118 4641 1216 4712 κλή
1228 4657 1322 4712 ρῳ.

973 4751 1211 4804 ΚΑΝΩΝ
1249 4751 1324 4805 Θ³.

424 4846 613 4900 ’Ὥστε
643 4843 844 4913 γνώμῃ
877 4843 1103 4908 παντὸς
1131 4842 1416 4910 ὶερατείου
1448 4841 1766 4909 οἰκονόμον
1785 4840 1935 4894 ἀπο-

332 4935 664 5007 δειχθῆναι
681 4934 905 5002 ἕτερον,
928 4932 1020 5002 ἐφ’
1041 4925 1090 4998 ᾧ
1114 4927 1484 4985 συντέθειται
1511 4929 1610 4984 καὶ
1637 4933 1668 4983 ό
1693 4929 1936 4982 ἐπίσκο-

327 5049 462 5099 πος
527 5029 845 5083 Ἀπόλλων
889 5025 1038 5092 πρὸς
1086 5024 1154 5078 τὸ
1195 5023 1266 5077 τὰ
1300 5021 1410 5091 τῆς
1447 5023 1813 5090 Ἐκκλησίας
1850 5023 1938 5084 εἰς

325 5125 488 5178 δέον
516 5117 979 5174 ἀναλίσκεσθαι.

405 5211 622 5268 ΒΑΛΣ.
672 5207 730 5260 '0
757 5207 917 5270 αὐτὸς
949 5204 1174 5276 γνώμην
1201 5205 1366 5258 ἔδωκε
1403 5204 1580 5274 κρίσει
1620 5203 1815 5266 παντὸς
1841 5201 1934 5256 τοῦ

321 5305 621 5380 ἰερατείου
665 5300 758 5354 τὸν
790 5300 1070 5368 οἰκονόμον
1100 5297 1198 5366 τῆς
1240 5297 1543 5367 ἐπισκοπῆς
1583 5294 1846 5364 γίνεσθαι,
1887 5298 1934 5348 εἰ

316 5404 416 5459 καὶ
444 5403 477 5455 ὁ
493 5396 808 5456 ἐπίσκοπος
830 5389 1277 5460 συγκατατίθεται
1304 5392 1370 5459 τῇ
1390 5387 1671 5458 κρίσειτοῦ
1700 5387 1900 5460 κλήρου
1918 5405 1932 5418 ·

309 5490 590 5567 γίνεσθαι
637 5488 698 5542 δὲ
740 5487 1045 5558 οἰκονόμον,
1083 5487 1172 5540 ἵνα
1215 5485 1285 5539 τὰ
1338 5485 1436 5554 τῆς
1481 5485 1808 5556 Ἐκκλησίας
1855 5487 1934 5548 εἰς

1967 4591 2014 4644 D

2039 2033 2392 2102 perfectiores
2424 2034 2699 2090 dabuntur
2729 2039 3138 2092 consumenda?
3161 2039 3292 2104 Quae
3329 2047 3507 2094 autem
3537 2039 3608 2094 ad

2038 2123 2368 2178 sacriﬁcium
2404 2123 2724 2191 oderuntur,
2771 2135 2900 2181 sunt
2943 2128 3102 2198 panis
3127 2139 3181 2182 et
3214 2131 3435 2193 vinum;
3471 2131 3610 2186 nihil

2035 2217 2180 2270 enim
2214 2216 2362 2271 aliud
2417 2217 2485 2272 ad
2537 2219 2712 2274 altare
2749 2221 2932 2275 olTerri
2983 2223 3336 2290 permittitur.
3374 2222 3513 2295 Lege
3545 2243 3608 2280 ιιι

2037 2325 2236 2364 canon.
2284 2310 2480 2380 Apost,
2523 2319 2576 2367 et
2628 2315 2824 2384 synod.
2866 2315 2920 2368 in
2969 2313 3178 2382 Trullo,
3235 2332 3351 2387 quae
3405 2319 3610 2373 dicitur

2036 2413 2209 2464 sexta,
2239 2416 2436 2457 canon.
2469 2419 2656 2460 κκνιιι.

2625 2595 2853 2654 CANON
2892 2595 3027 2654 VIII.

2110 2691 2375 2759 Quoniam
2409 2691 2613 2746 Hieraa:
2653 2691 2784 2744 dicit
2812 2693 3089 2762 quemdam
3138 2710 3242 2746 non
3291 2693 3474 2748 debere
3499 2711 3614 2750 esse

2037 2787 2090 2838 in
2116 2784 2275 2847 clero.
2311 2796 2367 2838 ut
2395 2785 2485 2855 qui
2515 2785 2582 2838 sit
2615 2785 2984 2854 fornicationis
3015 2784 3262 2848 delatus;
3292 2787 3481 2854 Apollo
3515 2804 3615 2842 au-

2038 2886 2139 2931 tem
2183 2878 2456 2947 episcopus
2497 2886 2620 2930 tunc
2665 2877 2944 2947 afﬁrmavit
2998 2877 3203 2932 nullum
3251 2888 3614 2934 accusatorem

2038 2967 2288 3021 adversus
2338 2983 2457 3021 eum
2512 2969 2567 3021 in
2615 2967 2844 3021 medium
2896 2969 3232 3036 processisse,
3283 2969 3367 3021 hic
3415 2985 3616 3038 quoque

2035 3061 2404 3113 examinetur:
2433 3067 2481 3114 et
2527 3060 2575 3114 si
2609 3060 2803 3130 aliquis
2832 3060 3040 3130 quidem
3085 3071 3366 3114 accusator
3387 3061 3493 3131 ﬁde
3529 3042 3636 3115 τιδέ

2037 3169 2169 3223 gnus
2227 3153 2490 3218 exoritur,
2535 3140 2582 3206 et
2632 3152 2828 3206 crimen
2879 3154 3138 3222 probatur
3184 3155 3452 3223 productis
3509 3154 3614 3224 ﬁde

2037 3244 2211 3314 dignis
2245 3243 2485 3309 testibus,
2518 3241 2760 3298 Ecclesia
2794 3244 3074 3312 ejiciatur;
3103 3247 3184 3300 sin
3219 3257 3393 3300 autem
3423 3248 3612 3320 dignus

2037 3343 2115 3390 est
2155 3334 2314 3398 clero,
2345 3345 2396 3389 et
2417 3337 2481 3389 de
2500 3337 2613 3404 ejus
2650 3333 2970 3389 continentia
3002 3337 3356 3390 testimonium
3385 3337 3612 3406 feratur,

2037 3428 2094 3480 in
2119 3445 2178 3482 eo
2210 3439 2440 3496 maneat.

2113 3626 2304 3682 BALS.
2360 3626 2590 3694 Quidam
2647 3627 2933 3684 ordinatus
2981 3636 3067 3684 est
3117 3625 3375 3691 clericus,
3421 3626 3618 3682 deinde

2041 3728 2298 3789 tanquam
2329 3719 2424 3789 qui
2457 3717 2759 3776 fornicatus
2799 3727 2965 3782 esset,
3003 3727 3294 3774 accusatus
3325 3725 3428 3772 est.
3461 3716 3613 3772 Dice-

2039 3811 2132 3865 bat
2155 3827 2284 3883 ergo
2307 3811 2528 3882 quidam
2559 3811 2782 3876 Ilierax,
2811 3828 2920 3868 non
2950 3819 3204 3882 oportere
3231 3827 3355 3865 eum
3391 3811 3445 3864 in
3471 3811 3618 3867 clero

2039 3915 2196 3966 esse;
2234 3903 2281 3956 is
2325 3909 2507 3956 autem
2565 3901 2657 3972 qui
2700 3917 2824 3956 eum
2873 3901 3242 3964 ordinaverat,
3292 3899 3616 3958 alﬁrmabat.

2041 4006 2136 4044 seu
2186 3992 2445 4057 instabat,
2480 4008 2604 4046 eum
2644 4007 2753 4046 non
2797 4007 2921 4046 esse
2961 3992 3030 4046 ab
3059 3993 3243 4057 aliquo
3274 4000 3613 4045 accusatum.

2042 4081 2183 4136 Dicit
2210 4097 2340 4154 ergo
2369 4082 2739 4152 Theophilus:
2775 4082 2948 4136 Ilomo
2977 4085 3341 4144 examinetur,
3379 4091 3433 4134 et
3457 4081 3504 4135 si
3535 4081 3619 4134 in-

2041 4172 2258 4225 venitur
2299 4171 2522 4242 quidem
2571 4171 2770 4241 aliquis
2815 4179 3102 4225 accusator
3129 4171 3233 4226 ﬁde
3263 4173 3479 4240 dignus,
3517 4187 3616 4224 seu

2040 4263 2134 4334 qui
2167 4263 2238 4320 sit
2269 4263 2334 4318 ad
2365 4265 2735 4318 accusandum
2763 4262 3134 4318 admittendus
3161 4264 3293 4335 (non
3319 4263 3464 4317 enim
3494 4263 3617 4316 cui.

2039 4359 2122 4412 vis
2163 4358 2500 4428 permittitur
2529 4372 2790 4412 accusare
2823 4371 2919 4412 eos
2949 4357 3042 4426 qui
3073 4364 3202 4410 sunt
3238 4356 3292 4408 in
3335 4353 3530 4418 sacris,
3559 4362 3620 4408 ut

2039 4450 2155 4503 vult
2181 4465 2234 4503 Vl
2263 4464 2386 4503 can.
2413 4447 2456 4501 II
2487 4465 2608 4519 syn.
2642 4449 3018 4511 meumenicae,
3059 4455 3114 4502 et
3143 4462 3256 4511 ut,
3297 4444 3362 4499 IV
3395 4445 3617 4500 univer-

2043 4540 2178 4596 salis
2205 4543 2372 4612 syn.),
2399 4539 2642 4596 Ecclesia
2669 4541 2922 4610 ejiciatur
2943 4549 3068 4610 post
3095 4538 3468 4610 probationem
3491 4554 3506 4603 ;
3531 4538 3617 4594 sin

2043 4641 2220 4688 autem
2245 4631 2379 4686 nihil
2411 4633 2515 4688 tale
2545 4634 2826 4702 probetur,
2853 4641 3070 4688 maneat
3105 4634 3158 4686 in
3194 4631 3362 4686 clero.

2575 4769 2581 4776 ·
2630 4744 2860 4802 CANON
2915 4745 3005 4801 IX.

2113 4835 2181 4890 Ut
2215 4839 2376 4892 totius
2422 4838 2771 4893 sacerdotalis
2807 4840 3011 4892 ordinis
3045 4837 3300 4892 sententia
3346 4835 3486 4890 alius
3537 4849 3620 4885 rc-

2039 4933 2309 4985 nuntietnr
2333 4948 2652 4994 oeconomus,
2677 4933 2729 4986 in
2759 4947 2861 5002 quo
2905 4930 3093 5000 Apollo
3115 4945 3316 5001 quoque
3345 4929 3616 4998 episcopus

2038 5025 2322 5088 consensit,
2346 5033 2402 5078 ut
2435 5023 2571 5078 bona
2607 5023 2855 5079 Ecclesia:
2883 5024 2935 5076 in
2963 5039 3026 5076 ea
3055 5037 3170 5090 qua:
3196 5029 3395 5088 oportet
3423 5019 3618 5089 impen-

2038 5116 2256 5170 dantur.

2110 5207 2308 5263 BALS.
2339 5210 2484 5270 Idem
2513 5209 2638 5262 tulit
2671 5207 3024 5270 sententiam,
3061 5208 3230 5261 totius
3259 5200 3613 5261 sacerdotalis

2038 5302 2246 5358 ordinis
2269 5301 2477 5372 judicio
2501 5302 2612 5356 fieri
2636 5302 2835 5356 debere
2861 5301 3214 5369 episeOpatus
3241 5308 3610 5350 oeconomum.

2039 5394 2086 5448 si
2123 5394 2287 5448 etiam
2321 5394 2614 5462 episcopus
2657 5391 2991 5448 assentiatur
3035 5389 3165 5444 cleri
3201 5386 3425 5458 judicio.
3467 5380 3615 5436 Fieri

2039 5493 2218 5538 autem
2249 5498 2616 5546 (economum,
2659 5491 2715 5536 ut
2751 5484 2892 5538 bona
2925 5479 3179 5535 Ecclesiae
3212 5475 3356 5530 illius
3395 5485 3524 5525 cura
3559 5469 3613 5524 in

2037 5591 2098 5629 ea
2131 5591 2252 5645 qua:
2285 5583 2498 5644 oportet
2529 5574 2932 5642 impenduntur.
2969 5569 3106 5636 Quid
3147 5567 3216 5622 sit
3257 5572 3434 5618 autem
3465 5561 3520 5616 in
3549 5579 3615 5616 ea

303 5588 438 5645 δέον
476 5579 848 5640 δαπανῶνται
896 5578 1135 5650 φροντίδι
1173 5577 1406 5630 ἐκείνου.
1432 5575 1543 5646 Τὴν
1591 5576 1648 5628 δὲ
1686 5579 1772 5642 εἰς
1797 5577 1937 5630 δέον

2037 5681 2157 5734 quae
2185 5673 2400 5734 oportet
2445 5665 2758 5734 impendere
2798 5675 3034 5728 sequens
3061 5657 3218 5710 docet
3249 5659 3432 5721 caput,
3466 5649 3614 5719 quod

296 5675 606 5744 δαπάνην,
640 5670 704 5723 τὸ
741 5668 869 5738 ἑξῆς
905 5667 1052 5738 δηλοί
1081 5666 1391 5736 κεφάλαιον,
1419 5666 1542 5735 ἥτις
1585 5667 1720 5730 ἐστὶ,
1761 5667 1831 5720 τὰ
1855 5670 1933 5732 εἰς
2037 5681 2157 5734 quae
2185 5673 2400 5734 oportet
2445 5666 2758 5734 impendere
2798 5675 3034 5728 sequens
3061 5666 3218 5710 docet
3249 5666 3432 5721 caput,

289 5775 503 5848 χήρας
526 5765 645 5820 καί.
661 5761 851 5828 ξένους
877 5762 970 5814 καὶ
996 5761 1230 5832 πένητας
1257 5759 1606 5828 ἀναλώματα.
1647 5759 1935 5813 Ἱδιοποιεῖ-

2037 5766 2119 5813 est
2149 5756 2460 5827 impendere
2493 5755 2545 5809 in
2584 5753 2800 5817 viduas,
2827 5753 3073 5822 hospites
3097 5755 3150 5803 et
3184 5759 3468 5817 pauperes.
3508 5740 3612 5793 Nc-

465 5858 592 5930 γάρ
620 5853 692 5907 τὰ
715 5853 816 5921 τῆς
855 5852 1182 5923 Ἐκκλησίας
1204 5852 1308 5904 τινί
1333 5852 1429 5905 οὐκ
1455 5853 1680 5920 ἐφεῖται,
1706 5852 1784 5904 ὅτι
1810 5851 1933 5920 ἀφι-

2039 5850 2170 5904 mini
2205 5849 2350 5903 enim
2399 5846 2728 5916 permittitur
2787 5847 2925 5900 bona
2967 5841 3221 5899 Ecclesia:
3271 5840 3322 5892 in
3362 5840 3610 5904 proprios

626 5946 906 6009 PATROL.
965 5943 1080 6004 Gn.
1121 5945 1307 6005 LXV.
3253 5932 3292 5986 2
