  <div class='ocr_page' id='page_1' title='image "/cluster/home/n/w/nwhite01/storage/ocr_20150623/65/mdp.39015008972203/027.png"; bbox 0 0 4034 6340; ppageno 0'>
   <div class='ocr_carea' id='block_1_1' title="bbox 489 380 3750 443">
    <p class='ocr_par' dir='ltr' id='par_1_1' title="bbox 489 380 3750 443">
     <span class='ocr_line' id='line_1_1' title="bbox 489 380 3750 443; baseline -0.001 0"><span class='ocrx_word' id='word_1_1' title='bbox 489 391 562 443; x_wconf 66' lang='grc' dir='ltr'>Ιῦ</span> <span class='ocrx_word' id='word_1_2' title='bbox 1474 382 1844 440; x_wconf 81' lang='lat' dir='ltr'><strong>TIIEOPHILI</strong></span> <span class='ocrx_word' id='word_1_3' title='bbox 1879 380 2189 438; x_wconf 74' lang='lat' dir='ltr'><strong>EPISCOPI</strong></span> <span class='ocrx_word' id='word_1_4' title='bbox 2230 384 2705 443; x_wconf 75' lang='lat' dir='ltr'><strong>ALEXANDRINI</strong></span> <span class='ocrx_word' id='word_1_5' title='bbox 3684 385 3750 440; x_wconf 72' lang='grc' dir='ltr'>Η</span> 
     </span>
    </p>
   </div>
   <div class='ocr_carea' id='block_1_2' title="bbox 488 498 2074 579">
    <p class='ocr_par' dir='ltr' id='par_1_2' title="bbox 488 499 2071 579">
     <span class='ocr_line' id='line_1_2' title="bbox 488 499 2071 579; baseline -0.006 -15"><span class='ocrx_word' id='word_1_6' title='bbox 488 523 625 564; x_wconf 69' lang='lat' dir='ltr'><strong>usus</strong></span> <span class='ocrx_word' id='word_1_7' title='bbox 644 508 979 575; x_wconf 76' lang='lat' dir='ltr'><strong>transferre;</strong></span> <span class='ocrx_word' id='word_1_8' title='bbox 1005 505 1206 579; x_wconf 78' lang='lat' dir='ltr'><strong>quippe</strong></span> <span class='ocrx_word' id='word_1_9' title='bbox 1226 503 1372 577; x_wconf 88' lang='lat' dir='ltr'><strong>quod</strong></span> <span class='ocrx_word' id='word_1_10' title='bbox 1397 509 1612 574; x_wconf 91' lang='lat' dir='ltr'><strong>oportet</strong></span> <span class='ocrx_word' id='word_1_11' title='bbox 1631 501 1726 557; x_wconf 80' lang='lat' dir='ltr'><strong>Dei</strong></span> <span class='ocrx_word' id='word_1_12' title='bbox 1758 499 2071 556; x_wconf 86' lang='lat' dir='ltr'><strong>ministrum</strong></span> 
     </span>
    </p>
   </div>
   <div class='ocr_carea' id='block_1_3' title="bbox 2179 498 3746 579">
    <p class='ocr_par' dir='ltr' id='par_1_3' title="bbox 2179 498 3746 576">
     <span class='ocr_line' id='line_1_3' title="bbox 2179 498 3746 576; baseline 0.002 -21"><span class='ocrx_word' id='word_1_13' title='bbox 2179 501 2444 575; x_wconf 78' lang='grc' dir='ltr'>λάργυρον</span> <span class='ocrx_word' id='word_1_14' title='bbox 2467 502 2549 556; x_wconf 80' lang='grc' dir='ltr'><strong>δεῖ</strong></span> <span class='ocrx_word' id='word_1_15' title='bbox 2571 498 2712 558; x_wconf 72' lang='grc' dir='ltr'>εἶναι</span> <span class='ocrx_word' id='word_1_16' title='bbox 2743 502 2835 557; x_wconf 82' lang='grc' dir='ltr'>τὸν</span> <span class='ocrx_word' id='word_1_17' title='bbox 2862 501 3174 576; x_wconf 77' lang='grc' dir='ltr'>λειτουργδι</span> <span class='ocrx_word' id='word_1_18' title='bbox 3207 499 3303 557; x_wconf 83' lang='grc' dir='ltr'>τοῦ</span> <span class='ocrx_word' id='word_1_19' title='bbox 3325 499 3483 566; x_wconf 82' lang='grc' dir='ltr'>Θεοῦ,</span> <span class='ocrx_word' id='word_1_20' title='bbox 3509 500 3602 555; x_wconf 81' lang='grc' dir='ltr'>καὶ</span> <span class='ocrx_word' id='word_1_21' title='bbox 3630 500 3746 558; x_wconf 73' lang='grc' dir='ltr'><strong>οὐδὲ</strong></span> 
     </span>
    </p>
   </div>
   <div class='ocr_carea' id='block_1_4' title="bbox 489 591 2067 665">
    <p class='ocr_par' dir='ltr' id='par_1_4' title="bbox 489 591 2067 665">
     <span class='ocr_line' id='line_1_4' title="bbox 489 591 2067 665; baseline -0.006 -11"><span class='ocrx_word' id='word_1_22' title='bbox 489 614 613 657; x_wconf 80' lang='lat' dir='ltr'><strong>esse</strong></span> <span class='ocrx_word' id='word_1_23' title='bbox 639 600 707 656; x_wconf 86' lang='lat' dir='ltr'><strong>ab</strong></span> <span class='ocrx_word' id='word_1_24' title='bbox 728 601 964 656; x_wconf 85' lang='lat' dir='ltr'><strong>avaritia</strong></span> <span class='ocrx_word' id='word_1_25' title='bbox 988 599 1255 665; x_wconf 82' lang='lat' dir='ltr'><strong>alienum;</strong></span> <span class='ocrx_word' id='word_1_26' title='bbox 1284 603 1339 651; x_wconf 87' lang='lat' dir='ltr'><strong>et</strong></span> <span class='ocrx_word' id='word_1_27' title='bbox 1369 608 1471 649; x_wconf 87' lang='lat' dir='ltr'><strong>nec</strong></span> <span class='ocrx_word' id='word_1_28' title='bbox 1498 593 1566 649; x_wconf 89' lang='lat' dir='ltr'><strong>ad</strong></span> <span class='ocrx_word' id='word_1_29' title='bbox 1598 607 1758 649; x_wconf 88' lang='lat' dir='ltr'><strong>usum</strong></span> <span class='ocrx_word' id='word_1_30' title='bbox 1785 591 2067 663; x_wconf 87' lang='lat' dir='ltr'><strong>proprium</strong></span> 
     </span>
    </p>
   </div>
   <div class='ocr_carea' id='block_1_5' title="bbox 490 681 2070 762">
    <p class='ocr_par' dir='ltr' id='par_1_5' title="bbox 490 681 2070 762">
     <span class='ocr_line' id='line_1_5' title="bbox 490 681 2070 762; baseline -0.007 -16"><span class='ocrx_word' id='word_1_31' title='bbox 490 692 569 746; x_wconf 91' lang='lat' dir='ltr'><strong>uti</strong></span> <span class='ocrx_word' id='word_1_32' title='bbox 600 691 766 748; x_wconf 81' lang='lat' dir='ltr'><strong>rebus</strong></span> <span class='ocrx_word' id='word_1_33' title='bbox 792 691 1141 762; x_wconf 82' lang='lat' dir='ltr'><strong>episcopatus</strong></span> <span class='ocrx_word' id='word_1_34' title='bbox 1177 687 1439 757; x_wconf 84' lang='lat' dir='ltr'><strong>episcopo</strong></span> <span class='ocrx_word' id='word_1_35' title='bbox 1478 684 1834 751; x_wconf 85' lang='lat' dir='ltr'><strong>conceditur;</strong></span> <span class='ocrx_word' id='word_1_36' title='bbox 1861 682 1968 739; x_wconf 86' lang='lat' dir='ltr'><strong>nisi</strong></span> <span class='ocrx_word' id='word_1_37' title='bbox 2001 681 2070 736; x_wconf 88' lang='lat' dir='ltr'><strong>ad</strong></span> 
     </span>
    </p>
   </div>
   <div class='ocr_carea' id='block_1_6' title="bbox 484 772 2068 850">
    <p class='ocr_par' dir='ltr' id='par_1_6' title="bbox 484 772 2068 850">
     <span class='ocr_line' id='line_1_6' title="bbox 484 772 2068 850; baseline -0.008 -14"><span class='ocrx_word' id='word_1_38' title='bbox 484 796 551 835; x_wconf 87' lang='lat' dir='ltr'><strong>ea</strong></span> <span class='ocrx_word' id='word_1_39' title='bbox 579 795 700 850; x_wconf 75' lang='lat' dir='ltr'><strong>qua:</strong></span> <span class='ocrx_word' id='word_1_40' title='bbox 732 786 862 836; x_wconf 86' lang='lat' dir='ltr'><strong>sunt</strong></span> <span class='ocrx_word' id='word_1_41' title='bbox 908 779 1131 832; x_wconf 82' lang='lat' dir='ltr'><strong>omnino</strong></span> <span class='ocrx_word' id='word_1_42' title='bbox 1172 773 1512 841; x_wconf 85' lang='lat' dir='ltr'><strong>necessaria,</strong></span> <span class='ocrx_word' id='word_1_43' title='bbox 1552 780 1608 829; x_wconf 83' lang='lat' dir='ltr'><strong>et</strong></span> <span class='ocrx_word' id='word_1_44' title='bbox 1663 781 1798 827; x_wconf 88' lang='lat' dir='ltr'><strong>tunc</strong></span> <span class='ocrx_word' id='word_1_45' title='bbox 1849 772 2068 827; x_wconf 84' lang='lat' dir='ltr'><strong>domum</strong></span> 
     </span>
    </p>
   </div>
   <div class='ocr_carea' id='block_1_7' title="bbox 489 862 2071 940">
    <p class='ocr_par' dir='ltr' id='par_1_7' title="bbox 489 862 2071 940">
     <span class='ocr_line' id='line_1_7' title="bbox 489 862 2071 940; baseline -0.008 -15"><span class='ocrx_word' id='word_1_46' title='bbox 489 871 710 940; x_wconf 70' lang='lat' dir='ltr'><strong>quando</strong></span> <span class='ocrx_word' id='word_1_47' title='bbox 750 869 802 925; x_wconf 87' lang='lat' dir='ltr'><strong>ei</strong></span> <span class='ocrx_word' id='word_1_48' title='bbox 851 867 1001 923; x_wconf 90' lang='lat' dir='ltr'><strong>domi</strong></span> <span class='ocrx_word' id='word_1_49' title='bbox 1031 866 1234 923; x_wconf 83' lang='lat' dir='ltr'><strong>desunt</strong></span> <span class='ocrx_word' id='word_1_50' title='bbox 1275 865 1603 932; x_wconf 81' lang='lat' dir='ltr'><strong>facultates;</strong></span> <span class='ocrx_word' id='word_1_51' title='bbox 1648 862 1951 920; x_wconf 85' lang='lat' dir='ltr'><strong>secundum</strong></span> <span class='ocrx_word' id='word_1_52' title='bbox 1978 875 2071 915; x_wconf 78' lang='lat' dir='ltr'><strong>xu</strong></span> 
     </span>
    </p>
   </div>
   <div class='ocr_carea' id='block_1_8' title="bbox 398 954 2068 1030">
    <p class='ocr_par' dir='ltr' id='par_1_8' title="bbox 398 954 2068 1030">
     <span class='ocr_line' id='line_1_8' title="bbox 398 954 2068 1030; baseline -0.004 -15"><span class='ocrx_word' id='word_1_53' title='bbox 398 1006 405 1009; x_wconf 96' lang='lat'><strong>.</strong></span> <span class='ocrx_word' id='word_1_54' title='bbox 485 976 611 1015; x_wconf 84' lang='lat' dir='ltr'><strong>can.</strong></span> <span class='ocrx_word' id='word_1_55' title='bbox 634 969 952 1017; x_wconf 81' lang='lat' dir='ltr'><strong>sanctorum</strong></span> <span class='ocrx_word' id='word_1_56' title='bbox 973 958 1373 1030; x_wconf 79' lang='lat' dir='ltr'><strong>apostolorum.</strong></span> <span class='ocrx_word' id='word_1_57' title='bbox 1392 957 1587 1024; x_wconf 68' lang='lat' dir='ltr'><strong>Quaere</strong></span> <span class='ocrx_word' id='word_1_58' title='bbox 1608 970 1731 1027; x_wconf 70' lang='lat' dir='ltr'><strong>quae</strong></span> <span class='ocrx_word' id='word_1_59' title='bbox 1751 957 1808 1010; x_wconf 87' lang='lat' dir='ltr'><strong>in</strong></span> <span class='ocrx_word' id='word_1_60' title='bbox 1838 970 1904 1011; x_wconf 92' lang='lat' dir='ltr'><strong>eo</strong></span> <span class='ocrx_word' id='word_1_61' title='bbox 1933 954 2068 1010; x_wconf 84' lang='lat' dir='ltr'><strong>scri-</strong></span> 
     </span>
    </p>
   </div>
   <div class='ocr_carea' id='block_1_9' title="bbox 489 1050 1714 1124">
    <p class='ocr_par' dir='ltr' id='par_1_9' title="bbox 489 1050 1714 1124">
     <span class='ocr_line' id='line_1_9' title="bbox 489 1050 1714 1124; baseline -0.005 -16"><span class='ocrx_word' id='word_1_62' title='bbox 489 1065 580 1124; x_wconf 85' lang='lat' dir='ltr'><strong>pta</strong></span> <span class='ocrx_word' id='word_1_63' title='bbox 609 1062 755 1118; x_wconf 87' lang='lat' dir='ltr'><strong>sunt,</strong></span> <span class='ocrx_word' id='word_1_64' title='bbox 785 1062 843 1109; x_wconf 90' lang='lat' dir='ltr'><strong>et</strong></span> <span class='ocrx_word' id='word_1_65' title='bbox 871 1068 1002 1109; x_wconf 80' lang='lat' dir='ltr'><strong>ntv</strong></span> <span class='ocrx_word' id='word_1_66' title='bbox 1032 1066 1159 1108; x_wconf 89' lang='lat' dir='ltr'><strong>can.</strong></span> <span class='ocrx_word' id='word_1_67' title='bbox 1183 1066 1309 1123; x_wconf 83' lang='lat' dir='ltr'><strong>syn.</strong></span> <span class='ocrx_word' id='word_1_68' title='bbox 1338 1050 1714 1106; x_wconf 64' lang='lat' dir='ltr'><strong>Antiochenam</strong></span> 
     </span>
    </p>
   </div>
   <div class='ocr_carea' id='block_1_10' title="bbox 554 1163 2073 1330">
    <p class='ocr_par' dir='ltr' id='par_1_10' title="bbox 554 1163 2073 1330">
     <span class='ocr_line' id='line_1_10' title="bbox 554 1163 2073 1330; baseline -0.005 -19"><span class='ocrx_word' id='word_1_69' title='bbox 554 1257 750 1315; x_wconf 61' lang='lat' dir='ltr'><strong>Vidua:</strong></span> <span class='ocrx_word' id='word_1_70' title='bbox 780 1268 836 1314; x_wconf 85' lang='lat' dir='ltr'><strong>et</strong></span> <span class='ocrx_word' id='word_1_71' title='bbox 879 1167 1151 1330; x_wconf 64' lang='lat' dir='ltr'><strong>paupere:1</strong></span> <span class='ocrx_word' id='word_1_72' title='bbox 1155 1164 1245 1313; x_wconf 48' lang='lat' dir='ltr'><strong>2F</strong></span> <span class='ocrx_word' id='word_1_73' title='bbox 1248 1163 1639 1328; x_wconf 48' lang='grc' dir='ltr'>ΐεῗεῇἓηαηιεε</span> <span class='ocrx_word' id='word_1_74' title='bbox 1669 1252 1896 1321; x_wconf 84' lang='lat' dir='ltr'><strong>hospites</strong></span> <span class='ocrx_word' id='word_1_75' title='bbox 1929 1250 2073 1306; x_wconf 86' lang='lat' dir='ltr'><strong>omni</strong></span> 
     </span>
    </p>
   </div>
   <div class='ocr_carea' id='block_1_11' title="bbox 486 1343 2071 1418">
    <p class='ocr_par' dir='ltr' id='par_1_11' title="bbox 486 1343 2071 1418">
     <span class='ocr_line' id='line_1_11' title="bbox 486 1343 2071 1418; baseline -0.004 -17"><span class='ocrx_word' id='word_1_76' title='bbox 486 1348 654 1417; x_wconf 82' lang='lat' dir='ltr'><strong>quiete</strong></span> <span class='ocrx_word' id='word_1_77' title='bbox 687 1349 941 1418; x_wconf 74' lang='lat' dir='ltr'><strong>fruantur</strong></span> <span class='ocrx_word' id='word_1_78' title='bbox 963 1391 979 1418; x_wconf 92' lang='lat'><strong>,</strong></span> <span class='ocrx_word' id='word_1_79' title='bbox 1024 1360 1074 1407; x_wconf 89' lang='lat' dir='ltr'><strong>et</strong></span> <span class='ocrx_word' id='word_1_80' title='bbox 1104 1366 1255 1406; x_wconf 87' lang='lat' dir='ltr'><strong>nemo</strong></span> <span class='ocrx_word' id='word_1_81' title='bbox 1308 1363 1371 1403; x_wconf 89' lang='lat' dir='ltr'><strong>ea</strong></span> <span class='ocrx_word' id='word_1_82' title='bbox 1401 1363 1518 1418; x_wconf 78' lang='lat' dir='ltr'><strong>qua:</strong></span> <span class='ocrx_word' id='word_1_83' title='bbox 1547 1354 1671 1401; x_wconf 87' lang='lat' dir='ltr'><strong>sunt</strong></span> <span class='ocrx_word' id='word_1_84' title='bbox 1702 1343 1977 1408; x_wconf 79' lang='lat' dir='ltr'><strong>Ecclesiw,</strong></span> <span class='ocrx_word' id='word_1_85' title='bbox 2014 1349 2071 1395; x_wconf 89' lang='lat' dir='ltr'><strong>ut</strong></span> 
     </span>
    </p>
   </div>
   <div class='ocr_carea' id='block_1_12' title="bbox 487 1451 863 1512">
    <p class='ocr_par' dir='ltr' id='par_1_12' title="bbox 487 1451 863 1512">
     <span class='ocr_line' id='line_1_12' title="bbox 487 1451 863 1512; baseline 0.016 -20"><span class='ocrx_word' id='word_1_86' title='bbox 487 1455 586 1493; x_wconf 89' lang='lat' dir='ltr'><strong>sua</strong></span> <span class='ocrx_word' id='word_1_87' title='bbox 617 1451 863 1512; x_wconf 71' lang='lat' dir='ltr'><strong>usurpet.</strong></span> 
     </span>
    </p>
   </div>
   <div class='ocr_carea' id='block_1_13' title="bbox 2176 594 3749 667">
    <p class='ocr_par' dir='ltr' id='par_1_13' title="bbox 2176 594 3749 667">
     <span class='ocr_line' id='line_1_13' title="bbox 2176 594 3749 667; baseline 0.001 -21"><span class='ocrx_word' id='word_1_88' title='bbox 2176 594 2256 658; x_wconf 80' lang='grc' dir='ltr'>εἰς</span> <span class='ocrx_word' id='word_1_89' title='bbox 2278 594 2486 650; x_wconf 73' lang='grc' dir='ltr'>οἰκείαν</span> <span class='ocrx_word' id='word_1_90' title='bbox 2515 596 2712 667; x_wconf 83' lang='grc' dir='ltr'>κρῆσιν</span> <span class='ocrx_word' id='word_1_91' title='bbox 2740 597 2850 659; x_wconf 78' lang='grc' dir='ltr'>τοῖς</span> <span class='ocrx_word' id='word_1_92' title='bbox 2878 594 2976 667; x_wconf 85' lang='grc' dir='ltr'>τῆς</span> <span class='ocrx_word' id='word_1_93' title='bbox 3006 594 3312 665; x_wconf 74' lang='grc' dir='ltr'>ἐπισκοπῆς</span> <span class='ocrx_word' id='word_1_94' title='bbox 3348 594 3634 665; x_wconf 79' lang='grc' dir='ltr'><strong>πράγμασι</strong></span> <span class='ocrx_word' id='word_1_95' title='bbox 3661 610 3749 647; x_wconf 82' lang='grc' dir='ltr'>κε-</span> 
     </span>
    </p>
   </div>
   <div class='ocr_carea' id='block_1_14' title="bbox 2176 680 3752 759">
    <p class='ocr_par' dir='ltr' id='par_1_14' title="bbox 2176 680 3752 759">
     <span class='ocr_line' id='line_1_14' title="bbox 2176 680 3752 759; baseline -0.004 -18"><span class='ocrx_word' id='word_1_96' title='bbox 2176 686 2410 757; x_wconf 76' lang='grc' dir='ltr'>χρῆσθαι</span> <span class='ocrx_word' id='word_1_97' title='bbox 2445 686 2525 759; x_wconf 80' lang='grc' dir='ltr'><strong>τῷ</strong></span> <span class='ocrx_word' id='word_1_98' title='bbox 2553 686 2838 758; x_wconf 74' lang='grc' dir='ltr'>ἐπισκόπῳ</span> <span class='ocrx_word' id='word_1_99' title='bbox 2890 684 3329 758; x_wconf 80' lang='grc' dir='ltr'>συγκεχώρηται,</span> <span class='ocrx_word' id='word_1_100' title='bbox 3375 684 3425 736; x_wconf 75' lang='grc' dir='ltr'>εἰ</span> <span class='ocrx_word' id='word_1_101' title='bbox 3460 684 3534 756; x_wconf 82' lang='grc' dir='ltr'><strong>μὴ</strong></span> <span class='ocrx_word' id='word_1_102' title='bbox 3575 684 3654 746; x_wconf 73' lang='grc' dir='ltr'>εἰς</span> <span class='ocrx_word' id='word_1_103' title='bbox 3685 680 3752 735; x_wconf 80' lang='grc' dir='ltr'>τὰ</span> 
     </span>
    </p>
   </div>
   <div class='ocr_carea' id='block_1_15' title="bbox 2178 772 3752 847">
    <p class='ocr_par' dir='ltr' id='par_1_15' title="bbox 2178 772 3752 847">
     <span class='ocr_line' id='line_1_15' title="bbox 2178 772 3752 847; baseline -0.004 -16"><span class='ocrx_word' id='word_1_104' title='bbox 2178 777 2319 831; x_wconf 75' lang='grc' dir='ltr'>πάνυ</span> <span class='ocrx_word' id='word_1_105' title='bbox 2332 778 2624 847; x_wconf 80' lang='grc' dir='ltr'>ἀναγκαῖα.</span> <span class='ocrx_word' id='word_1_106' title='bbox 2645 778 2741 833; x_wconf 78' lang='grc' dir='ltr'>καὶ</span> <span class='ocrx_word' id='word_1_107' title='bbox 2772 777 2893 831; x_wconf 83' lang='grc' dir='ltr'>τότε</span> <span class='ocrx_word' id='word_1_108' title='bbox 2917 777 3006 832; x_wconf 79' lang='grc' dir='ltr'>ὅτε</span> <span class='ocrx_word' id='word_1_109' title='bbox 3036 775 3248 831; x_wconf 72' lang='grc' dir='ltr'>οἴκοθεν</span> <span class='ocrx_word' id='word_1_110' title='bbox 3271 775 3370 830; x_wconf 80' lang='grc' dir='ltr'>οὐκ</span> <span class='ocrx_word' id='word_1_111' title='bbox 3395 774 3617 847; x_wconf 73' lang='grc' dir='ltr'>εὐπορεῖ</span> <span class='ocrx_word' id='word_1_112' title='bbox 3643 772 3752 826; x_wconf 82' lang='grc' dir='ltr'>τού·</span> 
     </span>
    </p>
   </div>
   <div class='ocr_carea' id='block_1_16' title="bbox 2176 860 3752 938">
    <p class='ocr_par' dir='ltr' id='par_1_16' title="bbox 2176 860 3752 938">
     <span class='ocr_line' id='line_1_16' title="bbox 2176 860 3752 938; baseline -0.004 -18"><span class='ocrx_word' id='word_1_113' title='bbox 2176 883 2285 921; x_wconf 88' lang='grc' dir='ltr'>των</span> <span class='ocrx_word' id='word_1_114' title='bbox 2299 868 2329 921; x_wconf 81' lang='grc' dir='ltr'>ὁ</span> <span class='ocrx_word' id='word_1_115' title='bbox 2350 867 2668 932; x_wconf 77' lang='grc' dir='ltr'>ἐπίσκοπος.</span> <span class='ocrx_word' id='word_1_116' title='bbox 2685 865 2828 921; x_wconf 82' lang='grc' dir='ltr'>κατὰ</span> <span class='ocrx_word' id='word_1_117' title='bbox 2847 865 2939 920; x_wconf 79' lang='grc' dir='ltr'><strong>τὸν</strong></span> <span class='ocrx_word' id='word_1_118' title='bbox 2958 871 3047 938; x_wconf 86' lang='grc' dir='ltr'><strong>μα’</strong></span> <span class='ocrx_word' id='word_1_119' title='bbox 3075 864 3278 920; x_wconf 79' lang='grc' dir='ltr'>κανόνα</span> <span class='ocrx_word' id='word_1_120' title='bbox 3296 863 3405 918; x_wconf 82' lang='grc' dir='ltr'><strong>τῶν</strong></span> <span class='ocrx_word' id='word_1_121' title='bbox 3428 861 3596 932; x_wconf 77' lang='grc' dir='ltr'><strong>ἁγίων</strong></span> <span class='ocrx_word' id='word_1_122' title='bbox 3619 860 3752 916; x_wconf 79' lang='grc' dir='ltr'>ἀπο-</span> 
     </span>
    </p>
   </div>
   <div class='ocr_carea' id='block_1_17' title="bbox 2190 953 3753 1031">
    <p class='ocr_par' dir='ltr' id='par_1_17' title="bbox 2190 953 3753 1031">
     <span class='ocr_line' id='line_1_17' title="bbox 2190 953 3753 1031; baseline -0.006 -18"><span class='ocrx_word' id='word_1_123' title='bbox 2190 957 2413 1014; x_wconf 80' lang='grc' dir='ltr'><strong>στόλων.</strong></span> <span class='ocrx_word' id='word_1_124' title='bbox 2442 959 2605 1031; x_wconf 85' lang='grc' dir='ltr'>Ζήτει</span> <span class='ocrx_word' id='word_1_125' title='bbox 2639 958 2709 1013; x_wconf 77' lang='grc' dir='ltr'>τὰ</span> <span class='ocrx_word' id='word_1_126' title='bbox 2736 958 2795 1012; x_wconf 83' lang='grc' dir='ltr'>ὲν</span> <span class='ocrx_word' id='word_1_127' title='bbox 2817 957 3010 1029; x_wconf 76' lang='grc' dir='ltr'>ἐκείνῳ</span> <span class='ocrx_word' id='word_1_128' title='bbox 3035 955 3415 1029; x_wconf 82' lang='grc' dir='ltr'><strong>γεγραμμένα,</strong></span> <span class='ocrx_word' id='word_1_129' title='bbox 3442 953 3537 1008; x_wconf 72' lang='grc' dir='ltr'>καὶ</span> <span class='ocrx_word' id='word_1_130' title='bbox 3559 953 3651 1008; x_wconf 82' lang='grc' dir='ltr'>τὸν</span> <span class='ocrx_word' id='word_1_131' title='bbox 3678 953 3753 1005; x_wconf 72' lang='grc' dir='ltr'><strong>κδ’</strong></span> 
     </span>
    </p>
   </div>
   <div class='ocr_carea' id='block_1_18' title="bbox 2176 1046 3205 1120">
    <p class='ocr_par' dir='ltr' id='par_1_18' title="bbox 2176 1046 3205 1120">
     <span class='ocr_line' id='line_1_18' title="bbox 2176 1046 3205 1120; baseline -0.003 -18"><span class='ocrx_word' id='word_1_132' title='bbox 2176 1047 2377 1103; x_wconf 82' lang='grc' dir='ltr'>κανόνα</span> <span class='ocrx_word' id='word_1_133' title='bbox 2412 1048 2510 1119; x_wconf 80' lang='grc' dir='ltr'>τῆς</span> <span class='ocrx_word' id='word_1_134' title='bbox 2532 1048 2592 1102; x_wconf 79' lang='grc' dir='ltr'>ὲν</span> <span class='ocrx_word' id='word_1_135' title='bbox 2632 1048 2934 1120; x_wconf 79' lang='grc' dir='ltr'><strong>Ἀντιοχείᾳ</strong></span> <span class='ocrx_word' id='word_1_136' title='bbox 2964 1046 3205 1102; x_wconf 77' lang='grc' dir='ltr'><strong>συνόδου.</strong></span> 
     </span>
    </p>
   </div>
   <div class='ocr_carea' id='block_1_19' title="bbox 2806 1161 3155 1215">
    <p class='ocr_par' dir='ltr' id='par_1_19' title="bbox 2806 1161 3155 1215">
     <span class='ocr_line' id='line_1_19' title="bbox 2806 1161 3155 1215; baseline -0.003 0"><span class='ocrx_word' id='word_1_137' title='bbox 2806 1161 3047 1215; x_wconf 79' lang='grc' dir='ltr'><strong>ΚΔΝΩΝ</strong></span> <span class='ocrx_word' id='word_1_138' title='bbox 3095 1162 3155 1214; x_wconf 86' lang='grc'><strong>1⁵.</strong></span> 
     </span>
    </p>
   </div>
   <div class='ocr_carea' id='block_1_20' title="bbox 2247 1244 3755 1322">
    <p class='ocr_par' dir='ltr' id='par_1_20' title="bbox 2247 1244 3755 1322">
     <span class='ocr_line' id='line_1_20' title="bbox 2247 1244 3755 1322; baseline -0.005 -16"><span class='ocrx_word' id='word_1_139' title='bbox 2247 1252 2435 1322; x_wconf 83' lang='grc' dir='ltr'>Χῆραι</span> <span class='ocrx_word' id='word_1_140' title='bbox 2465 1253 2565 1309; x_wconf 71' lang='grc' dir='ltr'>καὶ</span> <span class='ocrx_word' id='word_1_141' title='bbox 2609 1256 2664 1308; x_wconf 81' lang='grc' dir='ltr'><strong>οι</strong></span> <span class='ocrx_word' id='word_1_142' title='bbox 2692 1254 2947 1321; x_wconf 84' lang='grc' dir='ltr'>πένητες</span> <span class='ocrx_word' id='word_1_143' title='bbox 2972 1253 3070 1306; x_wconf 77' lang='grc' dir='ltr'>καὶ</span> <span class='ocrx_word' id='word_1_144' title='bbox 3107 1252 3163 1305; x_wconf 80' lang='grc' dir='ltr'><strong>οι</strong></span> <span class='ocrx_word' id='word_1_145' title='bbox 3204 1244 3755 1318; x_wconf 79' lang='grc' dir='ltr'>παρεπιδημοῦντες</span> 
     </span>
    </p>
   </div>
   <div class='ocr_carea' id='block_1_21' title="bbox 2179 1333 3755 1413">
    <p class='ocr_par' dir='ltr' id='par_1_21' title="bbox 2179 1333 3755 1413">
     <span class='ocr_line' id='line_1_21' title="bbox 2179 1333 3755 1413; baseline -0.003 -16"><span class='ocrx_word' id='word_1_146' title='bbox 2179 1342 2340 1407; x_wconf 82' lang='grc' dir='ltr'>ξένοι</span> <span class='ocrx_word' id='word_1_147' title='bbox 2364 1343 2569 1413; x_wconf 84' lang='grc' dir='ltr'><em>πάσης</em></span> <span class='ocrx_word' id='word_1_148' title='bbox 2588 1345 2983 1410; x_wconf 81' lang='grc' dir='ltr'>ἀναπαύσεως</span> <span class='ocrx_word' id='word_1_149' title='bbox 3008 1340 3499 1406; x_wconf 74' lang='grc' dir='ltr'><strong>ἀπολαυέτωσαν,</strong></span> <span class='ocrx_word' id='word_1_150' title='bbox 3522 1336 3619 1392; x_wconf 72' lang='grc' dir='ltr'><strong>καὶ</strong></span> <span class='ocrx_word' id='word_1_151' title='bbox 3642 1333 3755 1406; x_wconf 76' lang='grc' dir='ltr'><strong>μή·</strong></span> 
     </span>
    </p>
   </div>
   <div class='ocr_carea' id='block_1_22' title="bbox 2179 1433 3365 1505">
    <p class='ocr_par' dir='ltr' id='par_1_22' title="bbox 2179 1433 3365 1505">
     <span class='ocr_line' id='line_1_22' title="bbox 2179 1433 3365 1505; baseline 0 -18"><span class='ocrx_word' id='word_1_152' title='bbox 2179 1450 2269 1501; x_wconf 85' lang='grc' dir='ltr'><strong>τις</strong></span> <span class='ocrx_word' id='word_1_153' title='bbox 2297 1435 2367 1489; x_wconf 87' lang='grc' dir='ltr'>τὰ</span> <span class='ocrx_word' id='word_1_154' title='bbox 2395 1437 2507 1505; x_wconf 83' lang='grc' dir='ltr'>τῆς</span> <span class='ocrx_word' id='word_1_155' title='bbox 2558 1437 2918 1505; x_wconf 74' lang='grc' dir='ltr'>Ἐκκλησίας</span> <span class='ocrx_word' id='word_1_156' title='bbox 2947 1433 3365 1490; x_wconf 81' lang='grc' dir='ltr'>ὶδιοποιείσθω.</span> 
     </span>
    </p>
   </div>
   <div class='ocr_carea' id='block_1_23' title="bbox 1495 1670 2758 1780">
    <p class='ocr_par' dir='ltr' id='par_1_23' title="bbox 1495 1670 2758 1780">
     <span class='ocr_line' id='line_1_23' title="bbox 1495 1670 2758 1780; baseline -0.01 1"><span class='ocrx_word' id='word_1_157' title='bbox 1495 1670 1724 1780; x_wconf 78' lang='grc' dir='ltr'><strong>ΤΟΥ</strong></span> <span class='ocrx_word' id='word_1_158' title='bbox 1773 1685 2154 1778; x_wconf 78' lang='grc' dir='ltr'><strong>ΑΥΤΟΥ</strong></span> <span class='ocrx_word' id='word_1_159' title='bbox 2202 1682 2758 1771; x_wconf 78' lang='grc' dir='ltr'><strong>ΑΦΗΓΗΣΙΣ</strong></span> 
     </span>
    </p>
   </div>
   <div class='ocr_carea' id='block_1_24' title="bbox 1642 1865 2597 1944">
    <p class='ocr_par' dir='ltr' id='par_1_24' title="bbox 1642 1865 2597 1944">
     <span class='ocr_line' id='line_1_24' title="bbox 1642 1865 2597 1944; baseline -0.008 -16"><span class='ocrx_word' id='word_1_160' title='bbox 1642 1872 1783 1944; x_wconf 72' lang='grc' dir='ltr'>Περὶ</span> <span class='ocrx_word' id='word_1_161' title='bbox 1807 1871 1918 1926; x_wconf 87' lang='grc' dir='ltr'><strong>τῶν</strong></span> <span class='ocrx_word' id='word_1_162' title='bbox 1953 1866 2269 1940; x_wconf 76' lang='grc' dir='ltr'>λεγομένων</span> <span class='ocrx_word' id='word_1_163' title='bbox 2300 1865 2597 1937; x_wconf 82' lang='grc' dir='ltr'>Καθαρῶν.</span> 
     </span>
    </p>
   </div>
   <div class='ocr_carea' id='block_1_25' title="bbox 1042 2089 3226 2165">
    <p class='ocr_par' dir='ltr' id='par_1_25' title="bbox 1042 2089 3226 2165">
     <span class='ocr_line' id='line_1_25' title="bbox 1042 2089 3226 2165; baseline -0.005 0"><span class='ocrx_word' id='word_1_164' title='bbox 1042 2100 1402 2164; x_wconf 76' lang='lat' dir='ltr'><strong>EIUSDEM</strong></span> <span class='ocrx_word' id='word_1_165' title='bbox 1445 2096 1867 2161; x_wconf 75' lang='lat' dir='ltr'><strong>NAR-RATIO</strong></span> <span class='ocrx_word' id='word_1_166' title='bbox 1911 2094 2019 2157; x_wconf 89' lang='lat' dir='ltr'><strong>DE</strong></span> <span class='ocrx_word' id='word_1_167' title='bbox 2061 2093 2163 2155; x_wconf 90' lang='lat' dir='ltr'><strong>lIS</strong></span> <span class='ocrx_word' id='word_1_168' title='bbox 2204 2089 2340 2165; x_wconf 86' lang='lat' dir='ltr'><strong>QUI</strong></span> <span class='ocrx_word' id='word_1_169' title='bbox 2388 2089 2793 2153; x_wconf 82' lang='lat' dir='ltr'><strong>DICUNTUR</strong></span> <span class='ocrx_word' id='word_1_170' title='bbox 2838 2093 3226 2155; x_wconf 79' lang='lat' dir='ltr'><strong>CATHARI.</strong></span> 
     </span>
    </p>
   </div>
   <div class='ocr_carea' id='block_1_26' title="bbox 564 2330 2074 2414">
    <p class='ocr_par' dir='ltr' id='par_1_26' title="bbox 564 2335 2074 2412">
     <span class='ocr_line' id='line_1_26' title="bbox 564 2335 2074 2412; baseline -0.003 -17"><span class='ocrx_word' id='word_1_171' title='bbox 564 2335 865 2395; x_wconf 69' lang='lat' dir='ltr'><strong>Declaravit</strong></span> <span class='ocrx_word' id='word_1_172' title='bbox 898 2338 1028 2393; x_wconf 82' lang='lat' dir='ltr'><strong>mihi</strong></span> <span class='ocrx_word' id='word_1_173' title='bbox 1054 2348 1147 2393; x_wconf 82' lang='lat' dir='ltr'><strong>tua</strong></span> <span class='ocrx_word' id='word_1_174' title='bbox 1182 2340 1389 2410; x_wconf 82' lang='lat' dir='ltr'><strong>pietas,</strong></span> <span class='ocrx_word' id='word_1_175' title='bbox 1434 2341 1574 2411; x_wconf 88' lang='lat' dir='ltr'><strong>quod</strong></span> <span class='ocrx_word' id='word_1_176' title='bbox 1621 2340 1839 2412; x_wconf 86' lang='lat' dir='ltr'><strong>quidam</strong></span> <span class='ocrx_word' id='word_1_177' title='bbox 1887 2339 2074 2392; x_wconf 78' lang='lat' dir='ltr'><strong>Iterum</strong></span> 
     </span>
    </p>
   </div>
   <div class='ocr_carea' id='block_1_27' title="bbox 2179 2330 3762 2414">
    <p class='ocr_par' dir='ltr' id='par_1_27' title="bbox 2248 2330 3762 2402">
     <span class='ocr_line' id='line_1_27' title="bbox 2248 2330 3762 2402; baseline 0.002 -16"><span class='ocrx_word' id='word_1_178' title='bbox 2248 2330 2559 2400; x_wconf 73' lang='grc' dir='ltr'><strong>Δεδήλωκέ</strong></span> <span class='ocrx_word' id='word_1_179' title='bbox 2576 2349 2680 2402; x_wconf 88' lang='grc' dir='ltr'><strong>μοι</strong></span> <span class='ocrx_word' id='word_1_180' title='bbox 2705 2333 2743 2401; x_wconf 78' lang='grc' dir='ltr'><strong><em>ἠ</em></strong></span> <span class='ocrx_word' id='word_1_181' title='bbox 2768 2331 2852 2400; x_wconf 81' lang='grc' dir='ltr'>σὴ</span> <span class='ocrx_word' id='word_1_182' title='bbox 2874 2332 3175 2395; x_wconf 76' lang='grc' dir='ltr'>εὐλάϐεια,</span> <span class='ocrx_word' id='word_1_183' title='bbox 3190 2333 3270 2400; x_wconf 87' lang='grc' dir='ltr'>ὡς</span> <span class='ocrx_word' id='word_1_184' title='bbox 3301 2335 3454 2400; x_wconf 75' lang='grc' dir='ltr'>τινὲς</span> <span class='ocrx_word' id='word_1_185' title='bbox 3483 2333 3600 2387; x_wconf 87' lang='grc' dir='ltr'>τῶν</span> <span class='ocrx_word' id='word_1_186' title='bbox 3622 2334 3762 2389; x_wconf 80' lang='grc' dir='ltr'>ὀνο-</span> 
     </span>
    </p>
   </div>
   <div class='ocr_carea' id='block_1_28' title="bbox 481 2428 2068 2500">
    <p class='ocr_par' dir='ltr' id='par_1_28' title="bbox 481 2428 2068 2500">
     <span class='ocr_line' id='line_1_28' title="bbox 481 2428 2068 2500; baseline 0.001 -17"><span class='ocrx_word' id='word_1_187' title='bbox 481 2430 581 2500; x_wconf 83' lang='lat' dir='ltr'><strong>qui</strong></span> <span class='ocrx_word' id='word_1_188' title='bbox 610 2445 669 2484; x_wconf 88' lang='lat' dir='ltr'><strong>se</strong></span> <span class='ocrx_word' id='word_1_189' title='bbox 694 2428 958 2484; x_wconf 82' lang='lat' dir='ltr'><strong>Catharos</strong></span> <span class='ocrx_word' id='word_1_190' title='bbox 994 2432 1270 2485; x_wconf 86' lang='lat' dir='ltr'><strong>nominant</strong></span> <span class='ocrx_word' id='word_1_191' title='bbox 1297 2472 1311 2494; x_wconf 90' lang='lat'><strong><em>.</em></strong></span> <span class='ocrx_word' id='word_1_192' title='bbox 1344 2432 1522 2487; x_wconf 77' lang='lat' dir='ltr'><strong>uolunt</strong></span> <span class='ocrx_word' id='word_1_193' title='bbox 1549 2433 1619 2487; x_wconf 89' lang='lat' dir='ltr'><strong>ad</strong></span> <span class='ocrx_word' id='word_1_194' title='bbox 1647 2431 1942 2487; x_wconf 79' lang='lat' dir='ltr'><strong>Ecclesium</strong></span> <span class='ocrx_word' id='word_1_195' title='bbox 1975 2446 2068 2485; x_wconf 81' lang='lat' dir='ltr'><strong>ac-</strong></span> 
     </span>
    </p>
   </div>
   <div class='ocr_carea' id='block_1_29' title="bbox 482 2514 2073 2591">
    <p class='ocr_par' dir='ltr' id='par_1_29' title="bbox 482 2514 2073 2591">
     <span class='ocr_line' id='line_1_29' title="bbox 482 2514 2073 2591; baseline 0.003 -22"><span class='ocrx_word' id='word_1_196' title='bbox 482 2514 688 2571; x_wconf 83' lang='lat' dir='ltr'><strong>cedere.</strong></span> <span class='ocrx_word' id='word_1_197' title='bbox 733 2514 999 2581; x_wconf 77' lang='lat' dir='ltr'><strong>Quoniam</strong></span> <span class='ocrx_word' id='word_1_198' title='bbox 1042 2533 1167 2588; x_wconf 87' lang='lat' dir='ltr'><strong>ergo</strong></span> <span class='ocrx_word' id='word_1_199' title='bbox 1196 2534 1392 2589; x_wconf 85' lang='lat' dir='ltr'><strong>magna</strong></span> <span class='ocrx_word' id='word_1_200' title='bbox 1429 2519 1689 2591; x_wconf 81' lang='lat' dir='ltr'><strong>synodus,</strong></span> <span class='ocrx_word' id='word_1_201' title='bbox 1721 2535 1840 2589; x_wconf 79' lang='lat' dir='ltr'><strong>qua:</strong></span> <span class='ocrx_word' id='word_1_202' title='bbox 1870 2516 2073 2574; x_wconf 70' lang='lat' dir='ltr'><strong>Nica&#39;a:</strong></span> 
     </span>
    </p>
   </div>
   <div class='ocr_carea' id='block_1_30' title="bbox 487 2606 2073 2673">
    <p class='ocr_par' dir='ltr' id='par_1_30' title="bbox 487 2606 2073 2673">
     <span class='ocr_line' id='line_1_30' title="bbox 487 2606 2073 2673; baseline 0.002 -14"><span class='ocrx_word' id='word_1_203' title='bbox 487 2606 670 2661; x_wconf 79' lang='lat' dir='ltr'><strong>habita</strong></span> <span class='ocrx_word' id='word_1_204' title='bbox 699 2614 779 2661; x_wconf 85' lang='lat' dir='ltr'><strong>est</strong></span> <span class='ocrx_word' id='word_1_205' title='bbox 806 2623 839 2660; x_wconf 91' lang='lat' dir='ltr'><strong>a</strong></span> <span class='ocrx_word' id='word_1_206' title='bbox 868 2607 1070 2662; x_wconf 85' lang='lat' dir='ltr'><strong>sanctis</strong></span> <span class='ocrx_word' id='word_1_207' title='bbox 1102 2607 1362 2664; x_wconf 85' lang='lat' dir='ltr'><strong>Patribus</strong></span> <span class='ocrx_word' id='word_1_208' title='bbox 1396 2610 1618 2672; x_wconf 86' lang='lat' dir='ltr'><strong>nostris.</strong></span> <span class='ocrx_word' id='word_1_209' title='bbox 1648 2610 1861 2673; x_wconf 78' lang='lat' dir='ltr'><strong>statuit,</strong></span> <span class='ocrx_word' id='word_1_210' title='bbox 1891 2618 1950 2663; x_wconf 86' lang='lat' dir='ltr'><strong>ut</strong></span> <span class='ocrx_word' id='word_1_211' title='bbox 1983 2624 2073 2662; x_wconf 87' lang='lat' dir='ltr'><strong>or-</strong></span> 
     </span>
    </p>
   </div>
   <div class='ocr_carea' id='block_1_31' title="bbox 484 2696 2070 2772">
    <p class='ocr_par' dir='ltr' id='par_1_31' title="bbox 484 2696 2070 2772">
     <span class='ocr_line' id='line_1_31' title="bbox 484 2696 2070 2772; baseline 0.003 -21"><span class='ocrx_word' id='word_1_212' title='bbox 484 2699 737 2753; x_wconf 83' lang='lat' dir='ltr'><strong>dinentur</strong></span> <span class='ocrx_word' id='word_1_213' title='bbox 767 2698 858 2768; x_wconf 81' lang='lat' dir='ltr'><strong>qui</strong></span> <span class='ocrx_word' id='word_1_214' title='bbox 888 2696 1182 2763; x_wconf 85' lang='lat' dir='ltr'><strong>accedunt,</strong></span> <span class='ocrx_word' id='word_1_215' title='bbox 1213 2700 1336 2754; x_wconf 78' lang='lat' dir='ltr'><strong>velis</strong></span> <span class='ocrx_word' id='word_1_216' title='bbox 1364 2700 1527 2772; x_wconf 74' lang='lat' dir='ltr'><strong>juxta</strong></span> <span class='ocrx_word' id='word_1_217' title='bbox 1555 2700 1692 2754; x_wconf 81' lang='lat' dir='ltr'><strong>hanc</strong></span> <span class='ocrx_word' id='word_1_218' title='bbox 1729 2701 1955 2770; x_wconf 77' lang='lat' dir='ltr'><strong>formam</strong></span> <span class='ocrx_word' id='word_1_219' title='bbox 1981 2716 2070 2755; x_wconf 89' lang='lat' dir='ltr'><strong>eos</strong></span> 
     </span>
    </p>
   </div>
   <div class='ocr_carea' id='block_1_32' title="bbox 486 2786 2071 2861">
    <p class='ocr_par' dir='ltr' id='par_1_32' title="bbox 486 2786 2071 2861">
     <span class='ocr_line' id='line_1_32' title="bbox 486 2786 2071 2861; baseline 0.002 -20"><span class='ocrx_word' id='word_1_220' title='bbox 486 2789 577 2859; x_wconf 95' lang='lat' dir='ltr'><strong>qui</strong></span> <span class='ocrx_word' id='word_1_221' title='bbox 600 2788 669 2842; x_wconf 92' lang='lat' dir='ltr'><strong>ad</strong></span> <span class='ocrx_word' id='word_1_222' title='bbox 689 2786 984 2844; x_wconf 79' lang='lat' dir='ltr'><strong>Ecclesium</strong></span> <span class='ocrx_word' id='word_1_223' title='bbox 1018 2788 1261 2845; x_wconf 80' lang='lat' dir='ltr'><strong>accedere</strong></span> <span class='ocrx_word' id='word_1_224' title='bbox 1284 2792 1462 2845; x_wconf 79' lang='lat' dir='ltr'><strong>volunt</strong></span> <span class='ocrx_word' id='word_1_225' title='bbox 1483 2790 1752 2855; x_wconf 87' lang='lat' dir='ltr'><strong>ordinare,</strong></span> <span class='ocrx_word' id='word_1_226' title='bbox 1783 2792 1830 2846; x_wconf 93' lang='lat' dir='ltr'><strong>si</strong></span> <span class='ocrx_word' id='word_1_227' title='bbox 1860 2788 2071 2861; x_wconf 84' lang='lat' dir='ltr'><strong>quidem</strong></span> 
     </span>
    </p>
   </div>
   <div class='ocr_carea' id='block_1_33' title="bbox 488 2879 1819 2948">
    <p class='ocr_par' dir='ltr' id='par_1_33' title="bbox 488 2879 1819 2948">
     <span class='ocr_line' id='line_1_33' title="bbox 488 2879 1819 2948; baseline 0.003 -18"><span class='ocrx_word' id='word_1_228' title='bbox 488 2879 594 2932; x_wconf 78' lang='lat' dir='ltr'><strong>vita</strong></span> <span class='ocrx_word' id='word_1_229' title='bbox 625 2893 805 2933; x_wconf 82' lang='lat' dir='ltr'><strong>eorum</strong></span> <span class='ocrx_word' id='word_1_230' title='bbox 836 2887 983 2933; x_wconf 86' lang='lat' dir='ltr'><strong>recta</strong></span> <span class='ocrx_word' id='word_1_231' title='bbox 1010 2888 1112 2948; x_wconf 84' lang='lat' dir='ltr'><strong>est,</strong></span> <span class='ocrx_word' id='word_1_232' title='bbox 1142 2888 1193 2934; x_wconf 90' lang='lat' dir='ltr'><strong>et</strong></span> <span class='ocrx_word' id='word_1_233' title='bbox 1225 2879 1358 2934; x_wconf 81' lang='lat' dir='ltr'><strong>nihil</strong></span> <span class='ocrx_word' id='word_1_234' title='bbox 1385 2880 1460 2936; x_wconf 89' lang='lat' dir='ltr'><strong>eis</strong></span> <span class='ocrx_word' id='word_1_235' title='bbox 1490 2880 1819 2936; x_wconf 80' lang='lat' dir='ltr'><strong>adversatur.</strong></span> 
     </span>
    </p>
   </div>
   <div class='ocr_carea' id='block_1_34' title="bbox 549 3162 2071 3236">
    <p class='ocr_par' dir='ltr' id='par_1_34' title="bbox 549 3162 2071 3236">
     <span class='ocr_line' id='line_1_34' title="bbox 549 3162 2071 3236; baseline -0.001 -17"><span class='ocrx_word' id='word_1_236' title='bbox 549 3162 757 3219; x_wconf 84' lang='lat' dir='ltr'><strong>‘BALS.</strong></span> <span class='ocrx_word' id='word_1_237' title='bbox 798 3162 878 3221; x_wconf 88' lang='lat' dir='ltr'><strong>De</strong></span> <span class='ocrx_word' id='word_1_238' title='bbox 895 3162 1228 3221; x_wconf 60' lang='lat' dir='ltr'><strong>’Novatiauis</strong></span> <span class='ocrx_word' id='word_1_239' title='bbox 1262 3164 1636 3236; x_wconf 72' lang='lat' dir='ltr'><strong>interrogatus</strong></span> <span class='ocrx_word' id='word_1_240' title='bbox 1671 3172 1758 3220; x_wconf 90' lang='lat' dir='ltr'><strong>est</strong></span> <span class='ocrx_word' id='word_1_241' title='bbox 1801 3162 1895 3235; x_wconf 84' lang='lat' dir='ltr'><strong>(hi</strong></span> <span class='ocrx_word' id='word_1_242' title='bbox 1921 3163 2071 3219; x_wconf 84' lang='lat' dir='ltr'><strong>enim</strong></span> 
     </span>
    </p>
   </div>
   <div class='ocr_carea' id='block_1_35' title="bbox 489 3254 2071 3327">
    <p class='ocr_par' dir='ltr' id='par_1_35' title="bbox 489 3254 2071 3327">
     <span class='ocr_line' id='line_1_35' title="bbox 489 3254 2071 3327; baseline -0.003 -14"><span class='ocrx_word' id='word_1_243' title='bbox 489 3264 620 3313; x_wconf 85' lang='lat' dir='ltr'><strong>sunt</strong></span> <span class='ocrx_word' id='word_1_244' title='bbox 646 3256 741 3327; x_wconf 89' lang='lat' dir='ltr'><strong>qui</strong></span> <span class='ocrx_word' id='word_1_245' title='bbox 779 3255 942 3313; x_wconf 87' lang='lat' dir='ltr'><strong>etiam</strong></span> <span class='ocrx_word' id='word_1_246' title='bbox 970 3255 1216 3312; x_wconf 84' lang='lat' dir='ltr'><strong>Cathari</strong></span> <span class='ocrx_word' id='word_1_247' title='bbox 1256 3254 1605 3327; x_wconf 87' lang='lat' dir='ltr'><strong>dicuntur),</strong></span> <span class='ocrx_word' id='word_1_248' title='bbox 1638 3262 1694 3311; x_wconf 84' lang='lat' dir='ltr'><strong>et</strong></span> <span class='ocrx_word' id='word_1_249' title='bbox 1744 3268 2071 3325; x_wconf 86' lang='lat' dir='ltr'><strong>responsum</strong></span> 
     </span>
    </p>
   </div>
   <div class='ocr_carea' id='block_1_36' title="bbox 484 3345 2073 3419">
    <p class='ocr_par' dir='ltr' id='par_1_36' title="bbox 484 3345 2073 3419">
     <span class='ocr_line' id='line_1_36' title="bbox 484 3345 2073 3419; baseline -0.003 -16"><span class='ocrx_word' id='word_1_250' title='bbox 484 3355 593 3415; x_wconf 88' lang='lat' dir='ltr'><strong>est,</strong></span> <span class='ocrx_word' id='word_1_251' title='bbox 623 3345 768 3419; x_wconf 92' lang='lat' dir='ltr'><strong>quod</strong></span> <span class='ocrx_word' id='word_1_252' title='bbox 792 3348 840 3403; x_wconf 88' lang='lat' dir='ltr'><strong>si</strong></span> <span class='ocrx_word' id='word_1_253' title='bbox 870 3345 939 3401; x_wconf 87' lang='lat' dir='ltr'><strong>ad</strong></span> <span class='ocrx_word' id='word_1_254' title='bbox 962 3345 1057 3402; x_wconf 87' lang='lat' dir='ltr'><strong>Dei</strong></span> <span class='ocrx_word' id='word_1_255' title='bbox 1078 3346 1379 3404; x_wconf 85' lang='lat' dir='ltr'><strong>Ecclesiam</strong></span> <span class='ocrx_word' id='word_1_256' title='bbox 1406 3346 1697 3412; x_wconf 87' lang='lat' dir='ltr'><strong>accedunt,</strong></span> <span class='ocrx_word' id='word_1_257' title='bbox 1728 3346 1854 3417; x_wconf 85' lang='lat' dir='ltr'><strong>quia</strong></span> <span class='ocrx_word' id='word_1_258' title='bbox 1875 3359 2073 3416; x_wconf 74' lang='lat' dir='ltr'><strong>magna</strong></span> 
     </span>
    </p>
   </div>
   <div class='ocr_carea' id='block_1_37' title="bbox 485 3438 2069 3513">
    <p class='ocr_par' dir='ltr' id='par_1_37' title="bbox 485 3438 2069 3513">
     <span class='ocr_line' id='line_1_37' title="bbox 485 3438 2069 3513; baseline -0.003 -18"><span class='ocrx_word' id='word_1_259' title='bbox 485 3444 543 3495; x_wconf 84' lang='lat' dir='ltr'><strong>et</strong></span> <span class='ocrx_word' id='word_1_260' title='bbox 568 3440 746 3510; x_wconf 89' lang='lat' dir='ltr'><strong>prima</strong></span> <span class='ocrx_word' id='word_1_261' title='bbox 769 3438 989 3496; x_wconf 64' lang='lat' dir='ltr'><strong>Nicmna</strong></span> <span class='ocrx_word' id='word_1_262' title='bbox 1018 3440 1266 3513; x_wconf 84' lang='lat' dir='ltr'><strong>synodus</strong></span> <span class='ocrx_word' id='word_1_263' title='bbox 1298 3440 1523 3505; x_wconf 87' lang='lat' dir='ltr'><strong>statuit,</strong></span> <span class='ocrx_word' id='word_1_264' title='bbox 1561 3448 1621 3494; x_wconf 93' lang='lat' dir='ltr'><strong>ut</strong></span> <span class='ocrx_word' id='word_1_265' title='bbox 1647 3438 1684 3494; x_wconf 91' lang='lat' dir='ltr'><strong>ii</strong></span> <span class='ocrx_word' id='word_1_266' title='bbox 1723 3438 2069 3502; x_wconf 85' lang='lat' dir='ltr'><strong>ordinentur,</strong></span> 
     </span>
    </p>
   </div>
   <div class='ocr_carea' id='block_1_38' title="bbox 378 3520 2074 3605">
    <p class='ocr_par' dir='ltr' id='par_1_38' title="bbox 378 3520 2074 3605">
     <span class='ocr_line' id='line_1_38' title="bbox 378 3520 2074 3605; baseline -0.001 -19"><span class='ocrx_word' id='word_1_267' title='bbox 378 3520 386 3528; x_wconf 76' lang='grc'><em>’</em></span> <span class='ocrx_word' id='word_1_268' title='bbox 488 3531 578 3588; x_wconf 78' lang='lat' dir='ltr'><strong>fac</strong></span> <span class='ocrx_word' id='word_1_269' title='bbox 610 3542 666 3588; x_wconf 91' lang='lat' dir='ltr'><strong>tu</strong></span> <span class='ocrx_word' id='word_1_270' title='bbox 699 3548 919 3605; x_wconf 88' lang='lat' dir='ltr'><strong>quoque</strong></span> <span class='ocrx_word' id='word_1_271' title='bbox 952 3533 1258 3591; x_wconf 89' lang='lat' dir='ltr'><strong>secundum</strong></span> <span class='ocrx_word' id='word_1_272' title='bbox 1290 3532 1433 3588; x_wconf 80' lang='lat' dir='ltr'><strong>hanc</strong></span> <span class='ocrx_word' id='word_1_273' title='bbox 1465 3532 1696 3587; x_wconf 80' lang='lat' dir='ltr'><strong>formam</strong></span> <span class='ocrx_word' id='word_1_274' title='bbox 1725 3529 1844 3587; x_wconf 85' lang='lat' dir='ltr'><strong>sive</strong></span> <span class='ocrx_word' id='word_1_275' title='bbox 1873 3545 2074 3587; x_wconf 85' lang='lat' dir='ltr'><strong>secun-</strong></span> 
     </span>
    </p>
   </div>
   <div class='ocr_carea' id='block_1_39' title="bbox 487 3621 2069 3694">
    <p class='ocr_par' dir='ltr' id='par_1_39' title="bbox 487 3621 2069 3694">
     <span class='ocr_line' id='line_1_39' title="bbox 487 3621 2069 3694; baseline -0.002 -16"><span class='ocrx_word' id='word_1_276' title='bbox 487 3623 617 3679; x_wconf 83' lang='lat' dir='ltr'><strong>dum</strong></span> <span class='ocrx_word' id='word_1_277' title='bbox 654 3625 819 3683; x_wconf 71' lang='lat' dir='ltr'><strong>istum</strong></span> <span class='ocrx_word' id='word_1_278' title='bbox 852 3641 1120 3683; x_wconf 88' lang='lat' dir='ltr'><strong>canoncm</strong></span> <span class='ocrx_word' id='word_1_279' title='bbox 1140 3666 1156 3692; x_wconf 94' lang='lat'><strong>,</strong></span> <span class='ocrx_word' id='word_1_280' title='bbox 1209 3633 1266 3682; x_wconf 87' lang='lat' dir='ltr'><strong>et</strong></span> <span class='ocrx_word' id='word_1_281' title='bbox 1291 3625 1485 3681; x_wconf 88' lang='lat' dir='ltr'><strong>ordina</strong></span> <span class='ocrx_word' id='word_1_282' title='bbox 1514 3639 1611 3680; x_wconf 88' lang='lat' dir='ltr'><strong>eos</strong></span> <span class='ocrx_word' id='word_1_283' title='bbox 1640 3624 1733 3694; x_wconf 88' lang='lat' dir='ltr'><strong>qui</strong></span> <span class='ocrx_word' id='word_1_284' title='bbox 1764 3621 2069 3688; x_wconf 86' lang='lat' dir='ltr'><strong>accedunt;</strong></span> 
     </span>
    </p>
   </div>
   <div class='ocr_carea' id='block_1_40' title="bbox 2168 2424 3763 2497">
    <p class='ocr_par' dir='ltr' id='par_1_40' title="bbox 2168 2424 3763 2497">
     <span class='ocr_line' id='line_1_40' title="bbox 2168 2424 3763 2497; baseline 0 -16"><span class='ocrx_word' id='word_1_285' title='bbox 2168 2424 2474 2497; x_wconf 82' lang='grc' dir='ltr'>μαζόντων</span> <span class='ocrx_word' id='word_1_286' title='bbox 2516 2424 2767 2492; x_wconf 85' lang='grc' dir='ltr'>ἑαυτοὺς</span> <span class='ocrx_word' id='word_1_287' title='bbox 2799 2424 3110 2496; x_wconf 82' lang='grc' dir='ltr'><strong>Καθαροὺς</strong></span> <span class='ocrx_word' id='word_1_288' title='bbox 3137 2465 3151 2490; x_wconf 88' lang='grc'><em>,</em></span> <span class='ocrx_word' id='word_1_289' title='bbox 3209 2427 3569 2495; x_wconf 72' lang='grc' dir='ltr'><strong>προσελθεῖν</strong></span> <span class='ocrx_word' id='word_1_290' title='bbox 3608 2428 3763 2493; x_wconf 79' lang='grc' dir='ltr'><strong>βού-</strong></span> 
     </span>
    </p>
   </div>
   <div class='ocr_carea' id='block_1_41' title="bbox 2170 2514 3763 2589">
    <p class='ocr_par' dir='ltr' id='par_1_41' title="bbox 2170 2514 3763 2589">
     <span class='ocr_line' id='line_1_41' title="bbox 2170 2514 3763 2589; baseline -0.001 -16"><span class='ocrx_word' id='word_1_291' title='bbox 2170 2522 2381 2573; x_wconf 55' lang='lat' dir='ltr'><strong>dormt</strong></span> <span class='ocrx_word' id='word_1_292' title='bbox 2427 2514 2503 2585; x_wconf 76' lang='grc' dir='ltr'>τῇ</span> <span class='ocrx_word' id='word_1_293' title='bbox 2539 2518 2882 2585; x_wconf 70' lang='grc' dir='ltr'>Ἐκκλησία.</span> <span class='ocrx_word' id='word_1_294' title='bbox 2927 2517 3162 2586; x_wconf 81' lang='grc' dir='ltr'><strong>Ἐπειδὴ</strong></span> <span class='ocrx_word' id='word_1_295' title='bbox 3212 2519 3423 2574; x_wconf 79' lang='grc' dir='ltr'>τοίνυν</span> <span class='ocrx_word' id='word_1_296' title='bbox 3454 2519 3493 2586; x_wconf 77' lang='grc' dir='ltr'>ἡ</span> <span class='ocrx_word' id='word_1_297' title='bbox 3521 2518 3763 2589; x_wconf 73' lang='grc' dir='ltr'>μεγάλη</span> 
     </span>
    </p>
   </div>
   <div class='ocr_carea' id='block_1_42' title="bbox 2170 2603 3763 2677">
    <p class='ocr_par' dir='ltr' id='par_1_42' title="bbox 2170 2603 3763 2677">
     <span class='ocr_line' id='line_1_42' title="bbox 2170 2603 3763 2677; baseline 0.001 -17"><span class='ocrx_word' id='word_1_298' title='bbox 2170 2604 2433 2670; x_wconf 80' lang='grc' dir='ltr'><strong>σύνοδος</strong></span> <span class='ocrx_word' id='word_1_299' title='bbox 2464 2605 2502 2673; x_wconf 81' lang='grc' dir='ltr'><strong><em>ἠ</em></strong></span> <span class='ocrx_word' id='word_1_300' title='bbox 2534 2603 2824 2675; x_wconf 76' lang='grc' dir='ltr'><strong>γενομένη</strong></span> <span class='ocrx_word' id='word_1_301' title='bbox 2854 2605 2924 2660; x_wconf 87' lang='grc' dir='ltr'><strong>έν</strong></span> <span class='ocrx_word' id='word_1_302' title='bbox 2960 2606 3172 2674; x_wconf 82' lang='grc' dir='ltr'>Νικαίᾳ</span> <span class='ocrx_word' id='word_1_303' title='bbox 3201 2607 3362 2676; x_wconf 85' lang='grc' dir='ltr'>παρὰ</span> <span class='ocrx_word' id='word_1_304' title='bbox 3406 2606 3527 2661; x_wconf 86' lang='grc' dir='ltr'>τῶν</span> <span class='ocrx_word' id='word_1_305' title='bbox 3558 2624 3763 2677; x_wconf 79' lang='grc' dir='ltr'>μακα-</span> 
     </span>
    </p>
   </div>
   <div class='ocr_carea' id='block_1_43' title="bbox 2163 2693 3767 2767">
    <p class='ocr_par' dir='ltr' id='par_1_43' title="bbox 2163 2693 3767 2767">
     <span class='ocr_line' id='line_1_43' title="bbox 2163 2693 3767 2767; baseline -0.001 -17"><span class='ocrx_word' id='word_1_306' title='bbox 2163 2697 2314 2765; x_wconf 77' lang='grc' dir='ltr'>ρίων</span> <span class='ocrx_word' id='word_1_307' title='bbox 2362 2694 2640 2764; x_wconf 87' lang='grc' dir='ltr'>Πατέρων</span> <span class='ocrx_word' id='word_1_308' title='bbox 2691 2693 2862 2766; x_wconf 69' lang='grc' dir='ltr'>ἡμῶν</span> <span class='ocrx_word' id='word_1_309' title='bbox 2884 2737 2899 2764; x_wconf 90' lang='grc'><strong><em>,</em></strong></span> <span class='ocrx_word' id='word_1_310' title='bbox 2933 2696 3184 2766; x_wconf 84' lang='grc' dir='ltr'>ὥρισεν,</span> <span class='ocrx_word' id='word_1_311' title='bbox 3219 2697 3377 2751; x_wconf 85' lang='grc' dir='ltr'>ὥστε</span> <span class='ocrx_word' id='word_1_312' title='bbox 3407 2698 3767 2767; x_wconf 83' lang='grc' dir='ltr'>χειροτονεῖ-</span> 
     </span>
    </p>
   </div>
   <div class='ocr_carea' id='block_1_44' title="bbox 2172 2785 3768 2856">
    <p class='ocr_par' dir='ltr' id='par_1_44' title="bbox 2172 2785 3768 2856">
     <span class='ocr_line' id='line_1_44' title="bbox 2172 2785 3768 2856; baseline 0.002 -18"><span class='ocrx_word' id='word_1_313' title='bbox 2172 2788 2313 2840; x_wconf 87' lang='grc' dir='ltr'><strong>σθαι</strong></span> <span class='ocrx_word' id='word_1_314' title='bbox 2345 2785 2486 2852; x_wconf 87' lang='grc' dir='ltr'>τοὺς</span> <span class='ocrx_word' id='word_1_315' title='bbox 2531 2785 3056 2856; x_wconf 82' lang='grc' dir='ltr'><strong>προσερχομένους</strong></span> <span class='ocrx_word' id='word_1_316' title='bbox 3079 2826 3095 2852; x_wconf 84' lang='grc'><strong><em>,</em></strong></span> <span class='ocrx_word' id='word_1_317' title='bbox 3137 2786 3404 2856; x_wconf 70' lang='grc' dir='ltr'>θέλησον</span> <span class='ocrx_word' id='word_1_318' title='bbox 3448 2787 3598 2841; x_wconf 84' lang='grc' dir='ltr'>κατὰ</span> <span class='ocrx_word' id='word_1_319' title='bbox 3650 2788 3768 2841; x_wconf 83' lang='grc' dir='ltr'>τὸν</span> 
     </span>
    </p>
   </div>
   <div class='ocr_carea' id='block_1_45' title="bbox 2171 2874 3766 2948">
    <p class='ocr_par' dir='ltr' id='par_1_45' title="bbox 2171 2874 3766 2948">
     <span class='ocr_line' id='line_1_45' title="bbox 2171 2874 3766 2948; baseline 0.002 -19"><span class='ocrx_word' id='word_1_320' title='bbox 2171 2875 2365 2929; x_wconf 80' lang='grc' dir='ltr'><strong>τύπον</strong></span> <span class='ocrx_word' id='word_1_321' title='bbox 2406 2874 2624 2931; x_wconf 89' lang='grc' dir='ltr'>τοῦτον</span> <span class='ocrx_word' id='word_1_322' title='bbox 2662 2875 2806 2943; x_wconf 88' lang='grc' dir='ltr'>τοὺς</span> <span class='ocrx_word' id='word_1_323' title='bbox 2840 2876 3163 2942; x_wconf 72' lang='grc' dir='ltr'>ἐθέλοντας</span> <span class='ocrx_word' id='word_1_324' title='bbox 3192 2876 3635 2947; x_wconf 82' lang='grc' dir='ltr'>προσέρχεσθαι</span> <span class='ocrx_word' id='word_1_325' title='bbox 3685 2877 3766 2948; x_wconf 77' lang='grc' dir='ltr'>τῇ</span> 
     </span>
    </p>
   </div>
   <div class='ocr_carea' id='block_1_46' title="bbox 2185 2966 3769 3039">
    <p class='ocr_par' dir='ltr' id='par_1_46' title="bbox 2185 2966 3769 3039">
     <span class='ocr_line' id='line_1_46' title="bbox 2185 2966 3769 3039; baseline 0.006 -21"><span class='ocrx_word' id='word_1_326' title='bbox 2185 2966 2511 3035; x_wconf 74' lang='grc' dir='ltr'>Ἐκκλησία</span> <span class='ocrx_word' id='word_1_327' title='bbox 2531 2967 2897 3038; x_wconf 81' lang='grc' dir='ltr'>χειροτονεῖν</span> <span class='ocrx_word' id='word_1_328' title='bbox 2916 3010 2932 3033; x_wconf 86' lang='grc'><em>,</em></span> <span class='ocrx_word' id='word_1_329' title='bbox 2959 2969 3082 3039; x_wconf 71' lang='grc' dir='ltr'>εἴγε</span> <span class='ocrx_word' id='word_1_330' title='bbox 3122 2970 3156 3023; x_wconf 86' lang='grc' dir='ltr'><strong><em>ό</em></strong></span> <span class='ocrx_word' id='word_1_331' title='bbox 3176 2969 3320 3036; x_wconf 77' lang='grc' dir='ltr'>,βίος</span> <span class='ocrx_word' id='word_1_332' title='bbox 3350 2968 3551 3024; x_wconf 85' lang='grc' dir='ltr'>αὐτῶν</span> <span class='ocrx_word' id='word_1_333' title='bbox 3582 2970 3769 3039; x_wconf 82' lang='grc' dir='ltr'>ὀρθός</span> 
     </span>
    </p>
   </div>
   <div class='ocr_carea' id='block_1_47' title="bbox 2172 3055 3297 3128">
    <p class='ocr_par' dir='ltr' id='par_1_47' title="bbox 2172 3055 3297 3128">
     <span class='ocr_line' id='line_1_47' title="bbox 2172 3055 3297 3128; baseline 0.003 -19"><span class='ocrx_word' id='word_1_334' title='bbox 2172 3055 2303 3110; x_wconf 86' lang='grc' dir='ltr'>ἐστι</span> <span class='ocrx_word' id='word_1_335' title='bbox 2339 3056 2439 3111; x_wconf 73' lang='grc' dir='ltr'><strong>καὶ</strong></span> <span class='ocrx_word' id='word_1_336' title='bbox 2469 3058 2669 3128; x_wconf 79' lang='grc' dir='ltr'>μηδὲν</span> <span class='ocrx_word' id='word_1_337' title='bbox 2696 3059 2927 3125; x_wconf 84' lang='grc' dir='ltr'>τούτοις</span> <span class='ocrx_word' id='word_1_338' title='bbox 2954 3059 3297 3113; x_wconf 81' lang='grc' dir='ltr'>ἀντίκειται.</span> 
     </span>
    </p>
   </div>
   <div class='ocr_carea' id='block_1_48' title="bbox 2245 3170 3768 3244">
    <p class='ocr_par' dir='ltr' id='par_1_48' title="bbox 2245 3170 3768 3244">
     <span class='ocr_line' id='line_1_48' title="bbox 2245 3170 3768 3244; baseline 0.001 -21"><span class='ocrx_word' id='word_1_339' title='bbox 2245 3170 2442 3225; x_wconf 77' lang='grc' dir='ltr'><strong>ΒΔΛΣ.</strong></span> <span class='ocrx_word' id='word_1_340' title='bbox 2476 3172 2613 3244; x_wconf 77' lang='grc' dir='ltr'>Περὶ</span> <span class='ocrx_word' id='word_1_341' title='bbox 2643 3171 3000 3227; x_wconf 84' lang='grc' dir='ltr'>Ναυατιανῶν</span> <span class='ocrx_word' id='word_1_342' title='bbox 3023 3170 3283 3243; x_wconf 76' lang='grc' dir='ltr'>ἠρωτήθη</span> <span class='ocrx_word' id='word_1_343' title='bbox 3317 3170 3513 3241; x_wconf 81' lang='grc' dir='ltr'>(τοῦτοι</span> <span class='ocrx_word' id='word_1_344' title='bbox 3542 3171 3654 3243; x_wconf 77' lang='grc' dir='ltr'><strong>γάρ</strong></span> <span class='ocrx_word' id='word_1_345' title='bbox 3687 3174 3768 3225; x_wconf 80' lang='grc' dir='ltr'>ει-</span> 
     </span>
    </p>
   </div>
   <div class='ocr_carea' id='block_1_49' title="bbox 2174 3262 3769 3338">
    <p class='ocr_par' dir='ltr' id='par_1_49' title="bbox 2174 3262 3769 3338">
     <span class='ocr_line' id='line_1_49' title="bbox 2174 3262 3769 3338; baseline -0.001 -22"><span class='ocrx_word' id='word_1_346' title='bbox 2174 3279 2258 3316; x_wconf 89' lang='grc' dir='ltr'><strong>σιν</strong></span> <span class='ocrx_word' id='word_1_347' title='bbox 2305 3263 2356 3316; x_wconf 81' lang='grc' dir='ltr'>οἱ</span> <span class='ocrx_word' id='word_1_348' title='bbox 2408 3263 2692 3336; x_wconf 74' lang='grc' dir='ltr'>λεγόμενοι</span> <span class='ocrx_word' id='word_1_349' title='bbox 2722 3264 3037 3338; x_wconf 73' lang='grc' dir='ltr'>Καθαροὶ),</span> <span class='ocrx_word' id='word_1_350' title='bbox 3074 3262 3169 3317; x_wconf 81' lang='grc' dir='ltr'>καὶ</span> <span class='ocrx_word' id='word_1_351' title='bbox 3213 3262 3524 3334; x_wconf 75' lang='grc' dir='ltr'>ἀπεκρίθη,</span> <span class='ocrx_word' id='word_1_352' title='bbox 3578 3263 3670 3316; x_wconf 82' lang='grc' dir='ltr'>ὅτι</span> <span class='ocrx_word' id='word_1_353' title='bbox 3716 3264 3769 3317; x_wconf 75' lang='grc' dir='ltr'>εἰ</span> 
     </span>
    </p>
   </div>
   <div class='ocr_carea' id='block_1_50' title="bbox 2174 3353 3769 3430">
    <p class='ocr_par' dir='ltr' id='par_1_50' title="bbox 2174 3353 3769 3430">
     <span class='ocr_line' id='line_1_50' title="bbox 2174 3353 3769 3430; baseline 0.002 -24"><span class='ocrx_word' id='word_1_354' title='bbox 2174 3353 2568 3425; x_wconf 81' lang='grc' dir='ltr'>προσέρχονται</span> <span class='ocrx_word' id='word_1_355' title='bbox 2598 3359 2665 3428; x_wconf 80' lang='grc' dir='ltr'>τῇ</span> <span class='ocrx_word' id='word_1_356' title='bbox 2711 3357 3042 3430; x_wconf 76' lang='grc' dir='ltr'>Ἐκκλησία,</span> <span class='ocrx_word' id='word_1_357' title='bbox 3073 3357 3196 3410; x_wconf 72' lang='grc' dir='ltr'>ἐπεὶ</span> <span class='ocrx_word' id='word_1_358' title='bbox 3230 3357 3263 3427; x_wconf 65' lang='grc' dir='ltr'><strong>ἡ</strong></span> <span class='ocrx_word' id='word_1_359' title='bbox 3299 3355 3508 3426; x_wconf 80' lang='grc' dir='ltr'><strong>μεγάλη</strong></span> <span class='ocrx_word' id='word_1_360' title='bbox 3543 3355 3769 3419; x_wconf 83' lang='grc' dir='ltr'>σύνοδος</span> 
     </span>
    </p>
   </div>
   <div class='ocr_carea' id='block_1_51' title="bbox 2171 3446 3770 3521">
    <p class='ocr_par' dir='ltr' id='par_1_51' title="bbox 2171 3446 3770 3521">
     <span class='ocr_line' id='line_1_51' title="bbox 2171 3446 3770 3521; baseline 0.002 -23"><span class='ocrx_word' id='word_1_361' title='bbox 2171 3446 2205 3515; x_wconf 83' lang='grc' dir='ltr'><strong>ἡ</strong></span> <span class='ocrx_word' id='word_1_362' title='bbox 2241 3447 2299 3499; x_wconf 83' lang='grc' dir='ltr'>ὲν</span> <span class='ocrx_word' id='word_1_363' title='bbox 2322 3446 2529 3519; x_wconf 77' lang='grc' dir='ltr'>Νικαίᾳ</span> <span class='ocrx_word' id='word_1_364' title='bbox 2553 3488 2567 3513; x_wconf 89' lang='grc'><em>,</em></span> <span class='ocrx_word' id='word_1_365' title='bbox 2608 3449 2774 3520; x_wconf 75' lang='grc' dir='ltr'>ἡγουν</span> <span class='ocrx_word' id='word_1_366' title='bbox 2802 3450 2836 3520; x_wconf 77' lang='grc' dir='ltr'><strong>ἡ</strong></span> <span class='ocrx_word' id='word_1_367' title='bbox 2878 3447 3065 3520; x_wconf 84' lang='grc' dir='ltr'>πρώτη</span> <span class='ocrx_word' id='word_1_368' title='bbox 3089 3490 3103 3513; x_wconf 85' lang='grc'><em>,</em></span> <span class='ocrx_word' id='word_1_369' title='bbox 3141 3449 3308 3521; x_wconf 82' lang='grc' dir='ltr'>ὥρισε</span> <span class='ocrx_word' id='word_1_370' title='bbox 3339 3447 3770 3518; x_wconf 80' lang='grc' dir='ltr'>χειροτονεῖσθαι</span> 
     </span>
    </p>
   </div>
   <div class='ocr_carea' id='block_1_52' title="bbox 2172 3536 3772 3612">
    <p class='ocr_par' dir='ltr' id='par_1_52' title="bbox 2172 3536 3772 3612">
     <span class='ocr_line' id='line_1_52' title="bbox 2172 3536 3772 3612; baseline 0.001 -23"><span class='ocrx_word' id='word_1_371' title='bbox 2172 3536 2370 3601; x_wconf 70' lang='grc' dir='ltr'>αὐτοὺς</span> <span class='ocrx_word' id='word_1_372' title='bbox 2388 3578 2403 3602; x_wconf 88' lang='grc'><em>,</em></span> <span class='ocrx_word' id='word_1_373' title='bbox 2438 3538 2581 3593; x_wconf 72' lang='grc' dir='ltr'>ποίει</span> <span class='ocrx_word' id='word_1_374' title='bbox 2619 3540 2712 3594; x_wconf 81' lang='grc' dir='ltr'>καὶ</span> <span class='ocrx_word' id='word_1_375' title='bbox 2742 3542 2806 3595; x_wconf 81' lang='grc' dir='ltr'>σὺ</span> <span class='ocrx_word' id='word_1_376' title='bbox 2837 3541 2981 3595; x_wconf 83' lang='grc' dir='ltr'>κατὰ</span> <span class='ocrx_word' id='word_1_377' title='bbox 3004 3542 3095 3594; x_wconf 78' lang='grc' dir='ltr'>τὸν</span> <span class='ocrx_word' id='word_1_378' title='bbox 3121 3543 3291 3594; x_wconf 83' lang='grc' dir='ltr'>τύπον</span> <span class='ocrx_word' id='word_1_379' title='bbox 3312 3582 3327 3607; x_wconf 84' lang='grc'>,</span> <span class='ocrx_word' id='word_1_380' title='bbox 3355 3541 3475 3612; x_wconf 73' lang='grc' dir='ltr'>ἢτοι</span> <span class='ocrx_word' id='word_1_381' title='bbox 3498 3538 3644 3592; x_wconf 81' lang='grc' dir='ltr'>κατὰ</span> <span class='ocrx_word' id='word_1_382' title='bbox 3673 3539 3772 3592; x_wconf 78' lang='grc' dir='ltr'>τὸν</span> 
     </span>
    </p>
   </div>
   <div class='ocr_carea' id='block_1_53' title="bbox 2174 3628 3770 3703">
    <p class='ocr_par' dir='ltr' id='par_1_53' title="bbox 2174 3628 3770 3703">
     <span class='ocr_line' id='line_1_53' title="bbox 2174 3628 3770 3703; baseline 0.001 -22"><span class='ocrx_word' id='word_1_383' title='bbox 2174 3628 2375 3683; x_wconf 88' lang='grc' dir='ltr'>κανόνα</span> <span class='ocrx_word' id='word_1_384' title='bbox 2401 3628 2590 3685; x_wconf 83' lang='grc' dir='ltr'>τοῦτον</span> <span class='ocrx_word' id='word_1_385' title='bbox 2609 3672 2626 3698; x_wconf 84' lang='grc'><em>,</em></span> <span class='ocrx_word' id='word_1_386' title='bbox 2660 3632 2756 3686; x_wconf 80' lang='grc' dir='ltr'>καὶ</span> <span class='ocrx_word' id='word_1_387' title='bbox 2785 3631 3084 3703; x_wconf 80' lang='grc' dir='ltr'>χειροτόνει</span> <span class='ocrx_word' id='word_1_388' title='bbox 3109 3633 3238 3696; x_wconf 77' lang='grc' dir='ltr'>τοὺς</span> <span class='ocrx_word' id='word_1_389' title='bbox 3266 3629 3770 3702; x_wconf 79' lang='grc' dir='ltr'>προσερχομένους,</span> 
     </span>
    </p>
   </div>
   <div class='ocr_carea' id='block_1_54' title="bbox 486 3711 2074 3793">
    <p class='ocr_par' dir='ltr' id='par_1_54' title="bbox 486 3711 2070 3788">
     <span class='ocr_line' id='line_1_54' title="bbox 486 3711 2070 3788; baseline -0.001 -19"><span class='ocrx_word' id='word_1_390' title='bbox 486 3715 592 3770; x_wconf 85' lang='lat' dir='ltr'><strong>nisi</strong></span> <span class='ocrx_word' id='word_1_391' title='bbox 623 3716 845 3786; x_wconf 87' lang='lat' dir='ltr'><strong>aliquod</strong></span> <span class='ocrx_word' id='word_1_392' title='bbox 873 3716 1325 3788; x_wconf 84' lang='lat' dir='ltr'><strong>impedimentum</strong></span> <span class='ocrx_word' id='word_1_393' title='bbox 1356 3733 1421 3773; x_wconf 83' lang='lat' dir='ltr'><strong>ex</strong></span> <span class='ocrx_word' id='word_1_394' title='bbox 1449 3716 1561 3772; x_wconf 79' lang='lat' dir='ltr'><strong>vita</strong></span> <span class='ocrx_word' id='word_1_395' title='bbox 1590 3730 1783 3772; x_wconf 89' lang='lat' dir='ltr'><strong>eorum</strong></span> <span class='ocrx_word' id='word_1_396' title='bbox 1813 3711 2070 3769; x_wconf 81' lang='lat' dir='ltr'><strong>adverse-</strong></span> 
     </span>
    </p>
   </div>
   <div class='ocr_carea' id='block_1_55' title="bbox 2179 3711 3769 3793">
    <p class='ocr_par' dir='ltr' id='par_1_55' title="bbox 2179 3720 3769 3793">
     <span class='ocr_line' id='line_1_55' title="bbox 2179 3720 3769 3793; baseline -0.001 -22"><span class='ocrx_word' id='word_1_397' title='bbox 2179 3720 2220 3772; x_wconf 83' lang='grc' dir='ltr'>εἰ</span> <span class='ocrx_word' id='word_1_398' title='bbox 2249 3720 2323 3792; x_wconf 80' lang='grc' dir='ltr'>μή</span> <span class='ocrx_word' id='word_1_399' title='bbox 2357 3738 2410 3774; x_wconf 86' lang='grc' dir='ltr'><strong>τι</strong></span> <span class='ocrx_word' id='word_1_400' title='bbox 2439 3720 2669 3793; x_wconf 81' lang='grc' dir='ltr'>κώλυμα</span> <span class='ocrx_word' id='word_1_401' title='bbox 2698 3722 2806 3776; x_wconf 82' lang='grc' dir='ltr'><strong>ἀπὸ</strong></span> <span class='ocrx_word' id='word_1_402' title='bbox 2853 3721 2947 3776; x_wconf 82' lang='grc' dir='ltr'>τοῦ</span> <span class='ocrx_word' id='word_1_403' title='bbox 2999 3722 3114 3793; x_wconf 79' lang='grc' dir='ltr'>βίου</span> <span class='ocrx_word' id='word_1_404' title='bbox 3162 3721 3342 3776; x_wconf 83' lang='grc' dir='ltr'>αὐτῶν</span> <span class='ocrx_word' id='word_1_405' title='bbox 3371 3721 3555 3783; x_wconf 76' lang='grc' dir='ltr'>αὐτοῖς</span> <span class='ocrx_word' id='word_1_406' title='bbox 3606 3720 3769 3773; x_wconf 75' lang='grc' dir='ltr'>ἐναν-</span> 
     </span>
    </p>
   </div>
   <div class='ocr_carea' id='block_1_56' title="bbox 486 3802 2072 3876">
    <p class='ocr_par' dir='ltr' id='par_1_56' title="bbox 486 3802 2072 3876">
     <span class='ocr_line' id='line_1_56' title="bbox 486 3802 2072 3876; baseline -0.001 -15"><span class='ocrx_word' id='word_1_407' title='bbox 486 3815 596 3861; x_wconf 91' lang='lat' dir='ltr'><strong>tur.</strong></span> <span class='ocrx_word' id='word_1_408' title='bbox 625 3804 700 3863; x_wconf 86' lang='lat' dir='ltr'><strong>De</strong></span> <span class='ocrx_word' id='word_1_409' title='bbox 722 3805 1044 3866; x_wconf 80' lang='lat' dir='ltr'><strong>Novatianis</strong></span> <span class='ocrx_word' id='word_1_410' title='bbox 1074 3818 1259 3866; x_wconf 87' lang='lat' dir='ltr'><strong>autem</strong></span> <span class='ocrx_word' id='word_1_411' title='bbox 1285 3822 1462 3864; x_wconf 90' lang='lat' dir='ltr'><strong>canon</strong></span> <span class='ocrx_word' id='word_1_412' title='bbox 1509 3814 1595 3865; x_wconf 84' lang='lat' dir='ltr'><strong>est</strong></span> <span class='ocrx_word' id='word_1_413' title='bbox 1624 3813 1853 3863; x_wconf 84' lang='lat' dir='ltr'><strong>octavus</strong></span> <span class='ocrx_word' id='word_1_414' title='bbox 1883 3802 2072 3876; x_wconf 64' lang='lat' dir='ltr'><strong>prima</strong></span> 
     </span>
    </p>
   </div>
   <div class='ocr_carea' id='block_1_57' title="bbox 486 3897 701 3968">
    <p class='ocr_par' dir='ltr' id='par_1_57' title="bbox 486 3897 701 3968">
     <span class='ocr_line' id='line_1_57' title="bbox 486 3897 701 3968; baseline 0.009 -16"><span class='ocrx_word' id='word_1_415' title='bbox 486 3897 701 3968; x_wconf 70' lang='lat' dir='ltr'><strong>synodL</strong></span> 
     </span>
    </p>
   </div>
   <div class='ocr_carea' id='block_1_58' title="bbox 2175 3809 3770 3885">
    <p class='ocr_par' dir='ltr' id='par_1_58' title="bbox 2175 3809 3770 3885">
     <span class='ocr_line' id='line_1_58' title="bbox 2175 3809 3770 3885; baseline 0.005 -22"><span class='ocrx_word' id='word_1_416' title='bbox 2175 3810 2406 3865; x_wconf 86' lang='grc' dir='ltr'>τιοῦται.</span> <span class='ocrx_word' id='word_1_417' title='bbox 2447 3813 2504 3865; x_wconf 91' lang='lat'><strong>&#39;0</strong></span> <span class='ocrx_word' id='word_1_418' title='bbox 2544 3813 2601 3866; x_wconf 81' lang='grc' dir='ltr'><strong>δὲ</strong></span> <span class='ocrx_word' id='word_1_419' title='bbox 2634 3814 2761 3885; x_wconf 77' lang='grc' dir='ltr'>περὶ</span> <span class='ocrx_word' id='word_1_420' title='bbox 2808 3812 2917 3866; x_wconf 85' lang='grc' dir='ltr'><strong>τῶν</strong></span> <span class='ocrx_word' id='word_1_421' title='bbox 2957 3812 3313 3867; x_wconf 79' lang='grc' dir='ltr'>Ναυατιανῶν</span> <span class='ocrx_word' id='word_1_422' title='bbox 3351 3810 3530 3866; x_wconf 86' lang='grc' dir='ltr'>κανὼν</span> <span class='ocrx_word' id='word_1_423' title='bbox 3580 3809 3770 3879; x_wconf 78' lang='grc' dir='ltr'><strong>δγδοός</strong></span> 
     </span>
    </p>
   </div>
   <div class='ocr_carea' id='block_1_59' title="bbox 2177 3902 2941 3975">
    <p class='ocr_par' dir='ltr' id='par_1_59' title="bbox 2177 3902 2941 3975">
     <span class='ocr_line' id='line_1_59' title="bbox 2177 3902 2941 3975; baseline 0.005 -22"><span class='ocrx_word' id='word_1_424' title='bbox 2177 3902 2295 3955; x_wconf 74' lang='grc' dir='ltr'>ἐστι</span> <span class='ocrx_word' id='word_1_425' title='bbox 2322 3902 2421 3972; x_wconf 80' lang='grc' dir='ltr'>τῆς</span> <span class='ocrx_word' id='word_1_426' title='bbox 2452 3904 2676 3975; x_wconf 79' lang='grc' dir='ltr'>πρώτης</span> <span class='ocrx_word' id='word_1_427' title='bbox 2705 3904 2941 3958; x_wconf 83' lang='grc' dir='ltr'>συνόδου.</span> 
     </span>
    </p>
   </div>
   <div class='ocr_carea' id='block_1_60' title="bbox 1164 4127 3079 4256">
    <p class='ocr_par' dir='ltr' id='par_1_60' title="bbox 1164 4127 3079 4256">
     <span class='ocr_line' id='line_1_60' title="bbox 1164 4127 3079 4256; baseline -0.001 -39"><span class='ocrx_word' id='word_1_428' title='bbox 1164 4130 1394 4218; x_wconf 90' lang='grc' dir='ltr'><strong>ΤΟΥ</strong></span> <span class='ocrx_word' id='word_1_429' title='bbox 1448 4130 1829 4219; x_wconf 85' lang='grc' dir='ltr'>ΑΥΤΟΥ</span> <span class='ocrx_word' id='word_1_430' title='bbox 1893 4127 2397 4216; x_wconf 85' lang='grc' dir='ltr'><strong>ΑΓΑΘΩΝΙ</strong></span> <span class='ocrx_word' id='word_1_431' title='bbox 2452 4129 3079 4256; x_wconf 84' lang='grc' dir='ltr'><strong>ΕΠΙΣΚΟΠῼ.</strong></span> 
     </span>
    </p>
   </div>
   <div class='ocr_carea' id='block_1_61' title="bbox 1957 4397 2272 4457">
    <p class='ocr_par' dir='ltr' id='par_1_61' title="bbox 1957 4397 2272 4457">
     <span class='ocr_line' id='line_1_61' title="bbox 1957 4397 2272 4457; baseline -0.003 -1"><span class='ocrx_word' id='word_1_432' title='bbox 1957 4397 2272 4457; x_wconf 65' lang='lat' dir='ltr'><strong>EIUSDEM</strong></span> 
     </span>
    </p>
   </div>
   <div class='ocr_carea' id='block_1_62' title="bbox 1455 4570 2080 4667">
    <p class='ocr_par' dir='ltr' id='par_1_62' title="bbox 1455 4570 2080 4667">
     <span class='ocr_line' id='line_1_62' title="bbox 1455 4570 2080 4667; baseline 0.006 -8"><span class='ocrx_word' id='word_1_433' title='bbox 1455 4570 2080 4667; x_wconf 79' lang='lat' dir='ltr'><strong>AGATHONI</strong></span> 
     </span>
    </p>
   </div>
   <div class='ocr_carea' id='block_1_63' title="bbox 557 4823 2150 4897">
    <p class='ocr_par' dir='ltr' id='par_1_63' title="bbox 557 4823 2150 4897">
     <span class='ocr_line' id='line_1_63' title="bbox 557 4823 2150 4897; baseline -0.001 -14"><span class='ocrx_word' id='word_1_434' title='bbox 557 4825 829 4883; x_wconf 68' lang='lat' dir='ltr'><strong>Maximus</strong></span> <span class='ocrx_word' id='word_1_435' title='bbox 862 4826 1086 4880; x_wconf 80' lang='lat' dir='ltr'><strong>asseruit</strong></span> <span class='ocrx_word' id='word_1_436' title='bbox 1109 4842 1163 4880; x_wconf 88' lang='lat' dir='ltr'><strong>se</strong></span> <span class='ocrx_word' id='word_1_437' title='bbox 1188 4823 1441 4880; x_wconf 82' lang='lat' dir='ltr'><strong>Ecclesia:</strong></span> <span class='ocrx_word' id='word_1_438' title='bbox 1470 4825 1604 4897; x_wconf 79' lang='lat' dir='ltr'><strong>leges</strong></span> <span class='ocrx_word' id='word_1_439' title='bbox 1634 4826 1965 4897; x_wconf 84' lang='lat' dir='ltr'><strong>ignorantem</strong></span> <span class='ocrx_word' id='word_1_440' title='bbox 2009 4829 2075 4883; x_wconf 83' lang='lat' dir='ltr'><strong>il-</strong></span> <span class='ocrx_word' id='word_1_441' title='bbox 2106 4838 2150 4895; x_wconf 85' lang='grc' dir='ltr'>ι)</span> 
     </span>
    </p>
   </div>
   <div class='ocr_carea' id='block_1_64' title="bbox 489 4914 2072 4985">
    <p class='ocr_par' dir='ltr' id='par_1_64' title="bbox 489 4914 2072 4985">
     <span class='ocr_line' id='line_1_64' title="bbox 489 4914 2072 4985; baseline -0.002 -12"><span class='ocrx_word' id='word_1_442' title='bbox 489 4917 634 4973; x_wconf 77' lang='lat' dir='ltr'><strong>licito</strong></span> <span class='ocrx_word' id='word_1_443' title='bbox 665 4916 1004 4970; x_wconf 86' lang='lat' dir='ltr'><strong>matrimonia</strong></span> <span class='ocrx_word' id='word_1_444' title='bbox 1034 4914 1375 4984; x_wconf 87' lang='lat' dir='ltr'><strong>conjunctum</strong></span> <span class='ocrx_word' id='word_1_445' title='bbox 1416 4929 1530 4968; x_wconf 82' lang='lat' dir='ltr'><strong>esse</strong></span> <span class='ocrx_word' id='word_1_446' title='bbox 1550 4953 1565 4977; x_wconf 95' lang='lat'><strong>,</strong></span> <span class='ocrx_word' id='word_1_447' title='bbox 1594 4924 1644 4969; x_wconf 90' lang='lat' dir='ltr'><strong>et</strong></span> <span class='ocrx_word' id='word_1_448' title='bbox 1676 4916 1802 4985; x_wconf 85' lang='lat' dir='ltr'><strong>quia</strong></span> <span class='ocrx_word' id='word_1_449' title='bbox 1835 4916 1931 4969; x_wconf 83' lang='lat' dir='ltr'><strong>hoc</strong></span> <span class='ocrx_word' id='word_1_450' title='bbox 1954 4933 2072 4971; x_wconf 86' lang='lat' dir='ltr'><strong>eum</strong></span> 
     </span>
    </p>
   </div>
   <div class='ocr_carea' id='block_1_65' title="bbox 488 5003 2071 5077">
    <p class='ocr_par' dir='ltr' id='par_1_65' title="bbox 488 5003 2071 5077">
     <span class='ocr_line' id='line_1_65' title="bbox 488 5003 2071 5077; baseline -0.003 -13"><span class='ocrx_word' id='word_1_451' title='bbox 488 5010 628 5064; x_wconf 88' lang='lat' dir='ltr'><strong>male</strong></span> <span class='ocrx_word' id='word_1_452' title='bbox 652 5007 808 5062; x_wconf 83' lang='lat' dir='ltr'><strong>habet</strong></span> <span class='ocrx_word' id='word_1_453' title='bbox 836 5004 974 5077; x_wconf 81' lang='lat' dir='ltr'><strong>quod</strong></span> <span class='ocrx_word' id='word_1_454' title='bbox 1003 5021 1106 5059; x_wconf 88' lang='lat' dir='ltr'><strong>nou</strong></span> <span class='ocrx_word' id='word_1_455' title='bbox 1149 5014 1285 5059; x_wconf 82' lang='lat' dir='ltr'><strong>recte</strong></span> <span class='ocrx_word' id='word_1_456' title='bbox 1316 5014 1367 5057; x_wconf 88' lang='lat' dir='ltr'><strong>et</strong></span> <span class='ocrx_word' id='word_1_457' title='bbox 1404 5019 1469 5058; x_wconf 79' lang='lat' dir='ltr'><strong>ea:</strong></span> <span class='ocrx_word' id='word_1_458' title='bbox 1512 5003 1699 5059; x_wconf 83' lang='lat' dir='ltr'><strong>ordine</strong></span> <span class='ocrx_word' id='word_1_459' title='bbox 1732 5014 1893 5076; x_wconf 84' lang='lat' dir='ltr'><strong>agat,</strong></span> <span class='ocrx_word' id='word_1_460' title='bbox 1933 5007 2071 5075; x_wconf 69' lang='lat' dir='ltr'><strong>aﬁir-</strong></span> 
     </span>
    </p>
   </div>
   <div class='ocr_carea' id='block_1_66' title="bbox 490 5096 2071 5172">
    <p class='ocr_par' dir='ltr' id='par_1_66' title="bbox 490 5096 2071 5172">
     <span class='ocr_line' id='line_1_66' title="bbox 490 5096 2071 5172; baseline -0.004 -15"><span class='ocrx_word' id='word_1_461' title='bbox 490 5103 674 5165; x_wconf 84' lang='lat' dir='ltr'><strong>mavit,</strong></span> <span class='ocrx_word' id='word_1_462' title='bbox 704 5100 794 5172; x_wconf 86' lang='lat' dir='ltr'><strong>qui</strong></span> <span class='ocrx_word' id='word_1_463' title='bbox 824 5106 1008 5154; x_wconf 84' lang='lat' dir='ltr'><strong>contra</strong></span> <span class='ocrx_word' id='word_1_464' title='bbox 1040 5099 1176 5169; x_wconf 84' lang='lat' dir='ltr'><strong>leges</strong></span> <span class='ocrx_word' id='word_1_465' title='bbox 1208 5096 1331 5166; x_wconf 78' lang='lat' dir='ltr'><strong>fecit</strong></span> <span class='ocrx_word' id='word_1_466' title='bbox 1368 5111 1461 5166; x_wconf 82' lang='lat' dir='ltr'><strong>per</strong></span> <span class='ocrx_word' id='word_1_467' title='bbox 1482 5097 1842 5167; x_wconf 82' lang='lat' dir='ltr'><strong>ignorantiam</strong></span> <span class='ocrx_word' id='word_1_468' title='bbox 1868 5135 1882 5159; x_wconf 93' lang='lat'><strong>,</strong></span> <span class='ocrx_word' id='word_1_469' title='bbox 1919 5113 1975 5151; x_wconf 88' lang='lat' dir='ltr'><strong>se</strong></span> <span class='ocrx_word' id='word_1_470' title='bbox 2006 5098 2071 5150; x_wconf 86' lang='lat' dir='ltr'><strong>ab</strong></span> 
     </span>
    </p>
   </div>
   <div class='ocr_carea' id='block_1_67' title="bbox 487 5189 2075 5266">
    <p class='ocr_par' dir='ltr' id='par_1_67' title="bbox 487 5189 2075 5266">
     <span class='ocr_line' id='line_1_67' title="bbox 487 5189 2075 5266; baseline -0.007 -12"><span class='ocrx_word' id='word_1_471' title='bbox 487 5197 683 5254; x_wconf 79' lang='lat' dir='ltr'><strong>illicita</strong></span> <span class='ocrx_word' id='word_1_472' title='bbox 724 5195 845 5250; x_wconf 70' lang='lat' dir='ltr'><strong>vita:</strong></span> <span class='ocrx_word' id='word_1_473' title='bbox 877 5191 1126 5247; x_wconf 85' lang='lat' dir='ltr'><strong>societate</strong></span> <span class='ocrx_word' id='word_1_474' title='bbox 1153 5205 1219 5244; x_wconf 78' lang='lat' dir='ltr'><strong>ea:</strong></span> <span class='ocrx_word' id='word_1_475' title='bbox 1250 5205 1507 5244; x_wconf 75' lang='lat' dir='ltr'><strong>consensu</strong></span> <span class='ocrx_word' id='word_1_476' title='bbox 1546 5189 1912 5244; x_wconf 84' lang='lat' dir='ltr'><strong>absteuturum</strong></span> <span class='ocrx_word' id='word_1_477' title='bbox 1936 5229 1951 5255; x_wconf 91' lang='lat'><strong>,</strong></span> <span class='ocrx_word' id='word_1_478' title='bbox 1978 5190 2075 5266; x_wconf 60' lang='lat' dir='ltr'><strong>illd</strong></span> 
     </span>
    </p>
   </div>
   <div class='ocr_carea' id='block_1_68' title="bbox 483 5281 2076 5354">
    <p class='ocr_par' dir='ltr' id='par_1_68' title="bbox 483 5281 2076 5354">
     <span class='ocr_line' id='line_1_68' title="bbox 483 5281 2076 5354; baseline -0.008 -8"><span class='ocrx_word' id='word_1_479' title='bbox 483 5292 648 5346; x_wconf 86' lang='lat' dir='ltr'><strong>etiam</strong></span> <span class='ocrx_word' id='word_1_480' title='bbox 674 5287 771 5343; x_wconf 81' lang='lat' dir='ltr'><strong>hoc</strong></span> <span class='ocrx_word' id='word_1_481' title='bbox 804 5283 1023 5342; x_wconf 75' lang='lat' dir='ltr'><strong>volente.</strong></span> <span class='ocrx_word' id='word_1_482' title='bbox 1064 5282 1126 5339; x_wconf 88' lang='lat' dir='ltr'><strong>Si</strong></span> <span class='ocrx_word' id='word_1_483' title='bbox 1156 5299 1279 5354; x_wconf 88' lang='lat' dir='ltr'><strong>ergo</strong></span> <span class='ocrx_word' id='word_1_484' title='bbox 1309 5281 1615 5352; x_wconf 79' lang='lat' dir='ltr'><strong>probaveris</strong></span> <span class='ocrx_word' id='word_1_485' title='bbox 1642 5320 1658 5346; x_wconf 97' lang='lat'><strong>,</strong></span> <span class='ocrx_word' id='word_1_486' title='bbox 1687 5281 1826 5350; x_wconf 87' lang='lat' dir='ltr'><strong>quod</strong></span> <span class='ocrx_word' id='word_1_487' title='bbox 1875 5282 1971 5335; x_wconf 81' lang='lat' dir='ltr'><strong>hoc</strong></span> <span class='ocrx_word' id='word_1_488' title='bbox 2010 5296 2076 5335; x_wconf 74' lang='lat' dir='ltr'><strong>ea:</strong></span> 
     </span>
    </p>
   </div>
   <div class='ocr_carea' id='block_1_69' title="bbox 488 5373 2074 5451">
    <p class='ocr_par' dir='ltr' id='par_1_69' title="bbox 488 5373 2074 5451">
     <span class='ocr_line' id='line_1_69' title="bbox 488 5373 2074 5451; baseline -0.008 -13"><span class='ocrx_word' id='word_1_489' title='bbox 488 5398 743 5440; x_wconf 82' lang='lat' dir='ltr'><strong>consensu</strong></span> <span class='ocrx_word' id='word_1_490' title='bbox 770 5380 998 5451; x_wconf 79' lang='lat' dir='ltr'><strong>faciant,</strong></span> <span class='ocrx_word' id='word_1_491' title='bbox 1021 5386 1072 5433; x_wconf 87' lang='lat' dir='ltr'><strong>et</strong></span> <span class='ocrx_word' id='word_1_492' title='bbox 1101 5392 1203 5431; x_wconf 88' lang='lat' dir='ltr'><strong>non</strong></span> <span class='ocrx_word' id='word_1_493' title='bbox 1224 5374 1423 5445; x_wconf 78' lang='lat' dir='ltr'><strong>fallant</strong></span> <span class='ocrx_word' id='word_1_494' title='bbox 1447 5414 1462 5438; x_wconf 93' lang='lat'><strong>,</strong></span> <span class='ocrx_word' id='word_1_495' title='bbox 1493 5375 1620 5445; x_wconf 86' lang='lat' dir='ltr'><strong>quia</strong></span> <span class='ocrx_word' id='word_1_496' title='bbox 1647 5384 1723 5428; x_wconf 92' lang='lat' dir='ltr'><strong>est</strong></span> <span class='ocrx_word' id='word_1_497' title='bbox 1756 5382 1954 5442; x_wconf 84' lang='lat' dir='ltr'><strong>tempus</strong></span> <span class='ocrx_word' id='word_1_498' title='bbox 1983 5373 2074 5427; x_wconf 80' lang='lat' dir='ltr'><strong>de—</strong></span> 
     </span>
    </p>
   </div>
   <div class='ocr_carea' id='block_1_70' title="bbox 489 5464 2078 5539">
    <p class='ocr_par' dir='ltr' id='par_1_70' title="bbox 489 5464 2078 5539">
     <span class='ocr_line' id='line_1_70' title="bbox 489 5464 2078 5539; baseline -0.009 -9"><span class='ocrx_word' id='word_1_499' title='bbox 489 5475 703 5530; x_wconf 87' lang='lat' dir='ltr'><strong>cennale</strong></span> <span class='ocrx_word' id='word_1_500' title='bbox 723 5489 742 5539; x_wconf 87' lang='lat'><strong><em>;</em></strong></span> <span class='ocrx_word' id='word_1_501' title='bbox 759 5474 806 5529; x_wconf 83' lang='lat' dir='ltr'><strong>si</strong></span> <span class='ocrx_word' id='word_1_502' title='bbox 831 5470 1130 5528; x_wconf 83' lang='lat' dir='ltr'><strong>consideres</strong></span> <span class='ocrx_word' id='word_1_503' title='bbox 1148 5484 1236 5523; x_wconf 89' lang='lat' dir='ltr'><strong>eos</strong></span> <span class='ocrx_word' id='word_1_504' title='bbox 1257 5466 1441 5522; x_wconf 84' lang='lat' dir='ltr'><strong>debere</strong></span> <span class='ocrx_word' id='word_1_505' title='bbox 1474 5468 1675 5522; x_wconf 80' lang='lat' dir='ltr'><strong>versari</strong></span> <span class='ocrx_word' id='word_1_506' title='bbox 1696 5482 1815 5520; x_wconf 88' lang='lat' dir='ltr'><strong>cum</strong></span> <span class='ocrx_word' id='word_1_507' title='bbox 1840 5464 2078 5519; x_wconf 80' lang='lat' dir='ltr'><strong>catechu-</strong></span> 
     </span>
    </p>
   </div>
   <div class='ocr_carea' id='block_1_71' title="bbox 490 5552 2075 5631">
    <p class='ocr_par' dir='ltr' id='par_1_71' title="bbox 490 5552 2075 5631">
     <span class='ocr_line' id='line_1_71' title="bbox 490 5552 2075 5631; baseline -0.008 -14"><span class='ocrx_word' id='word_1_508' title='bbox 490 5566 655 5619; x_wconf 85' lang='lat' dir='ltr'><strong>menis</strong></span> <span class='ocrx_word' id='word_1_509' title='bbox 682 5607 697 5631; x_wconf 95' lang='lat'><strong>,</strong></span> <span class='ocrx_word' id='word_1_510' title='bbox 729 5581 867 5619; x_wconf 86' lang='lat' dir='ltr'><strong>nunc</strong></span> <span class='ocrx_word' id='word_1_511' title='bbox 889 5579 977 5617; x_wconf 86' lang='lat' dir='ltr'><strong>eos</strong></span> <span class='ocrx_word' id='word_1_512' title='bbox 1005 5560 1083 5617; x_wconf 81' lang='lat' dir='ltr'><strong>sic</strong></span> <span class='ocrx_word' id='word_1_513' title='bbox 1112 5560 1380 5627; x_wconf 84' lang='lat' dir='ltr'><strong>dispensa.</strong></span> <span class='ocrx_word' id='word_1_514' title='bbox 1422 5554 1516 5611; x_wconf 82' lang='lat' dir='ltr'><strong>Siu</strong></span> <span class='ocrx_word' id='word_1_515' title='bbox 1553 5565 1729 5609; x_wconf 83' lang='lat' dir='ltr'><strong>autent</strong></span> <span class='ocrx_word' id='word_1_516' title='bbox 1772 5554 1914 5608; x_wconf 82' lang='lat' dir='ltr'><strong>vides</strong></span> <span class='ocrx_word' id='word_1_517' title='bbox 1936 5552 2075 5623; x_wconf 85' lang='lat' dir='ltr'><strong>quod</strong></span> 
     </span>
    </p>
   </div>
   <div class='ocr_carea' id='block_1_72' title="bbox 498 5646 2074 5723">
    <p class='ocr_par' dir='ltr' id='par_1_72' title="bbox 498 5646 2074 5723">
     <span class='ocr_line' id='line_1_72' title="bbox 498 5646 2074 5723; baseline -0.007 -14"><span class='ocrx_word' id='word_1_518' title='bbox 498 5656 726 5723; x_wconf 84' lang='lat' dir='ltr'><strong>decipere</strong></span> <span class='ocrx_word' id='word_1_519' title='bbox 753 5655 911 5716; x_wconf 79' lang='lat' dir='ltr'><strong>velit,</strong></span> <span class='ocrx_word' id='word_1_520' title='bbox 963 5663 1012 5707; x_wconf 89' lang='lat' dir='ltr'><strong>et</strong></span> <span class='ocrx_word' id='word_1_521' title='bbox 1061 5651 1351 5707; x_wconf 87' lang='lat' dir='ltr'><strong>acerbitate</strong></span> <span class='ocrx_word' id='word_1_522' title='bbox 1381 5650 1558 5703; x_wconf 83' lang='lat' dir='ltr'><strong>adhuc</strong></span> <span class='ocrx_word' id='word_1_523' title='bbox 1605 5646 1662 5701; x_wconf 86' lang='lat' dir='ltr'><strong>in</strong></span> <span class='ocrx_word' id='word_1_524' title='bbox 1692 5662 1752 5700; x_wconf 87' lang='lat' dir='ltr'><strong>co</strong></span> <span class='ocrx_word' id='word_1_525' title='bbox 1794 5662 1922 5715; x_wconf 80' lang='lat' dir='ltr'><strong>opus</strong></span> <span class='ocrx_word' id='word_1_526' title='bbox 1959 5647 2027 5700; x_wconf 86' lang='lat' dir='ltr'><strong>sit</strong></span> <span class='ocrx_word' id='word_1_527' title='bbox 2057 5662 2074 5708; x_wconf 91' lang='lat'><em>;</em></span> 
     </span>
    </p>
   </div>
   <div class='ocr_carea' id='block_1_73' title="bbox 482 5738 2072 5814">
    <p class='ocr_par' dir='ltr' id='par_1_73' title="bbox 482 5738 2072 5814">
     <span class='ocr_line' id='line_1_73' title="bbox 482 5738 2072 5814; baseline -0.004 -14"><span class='ocrx_word' id='word_1_528' title='bbox 482 5748 581 5814; x_wconf 80' lang='lat' dir='ltr'><strong>jac</strong></span> <span class='ocrx_word' id='word_1_529' title='bbox 603 5744 659 5800; x_wconf 79' lang='lat' dir='ltr'><strong>id</strong></span> <span class='ocrx_word' id='word_1_530' title='bbox 686 5743 824 5813; x_wconf 78' lang='lat' dir='ltr'><strong>quod</strong></span> <span class='ocrx_word' id='word_1_531' title='bbox 852 5743 989 5799; x_wconf 82' lang='lat' dir='ltr'><strong>Deus</strong></span> <span class='ocrx_word' id='word_1_532' title='bbox 1020 5743 1116 5798; x_wconf 87' lang='lat' dir='ltr'><strong>tibi</strong></span> <span class='ocrx_word' id='word_1_533' title='bbox 1144 5741 1502 5814; x_wconf 76' lang='lat' dir='ltr'><strong>squesserit;</strong></span> <span class='ocrx_word' id='word_1_534' title='bbox 1533 5738 1588 5790; x_wconf 85' lang='lat' dir='ltr'><strong>id</strong></span> <span class='ocrx_word' id='word_1_535' title='bbox 1622 5753 1827 5812; x_wconf 82' lang='lat' dir='ltr'><strong>semper</strong></span> <span class='ocrx_word' id='word_1_536' title='bbox 1855 5752 2072 5810; x_wconf 75' lang='lat' dir='ltr'><strong>sequens</strong></span> 
     </span>
    </p>
   </div>
   <div class='ocr_carea' id='block_1_74' title="bbox 2168 4575 2796 4671">
    <p class='ocr_par' dir='ltr' id='par_1_74' title="bbox 2168 4575 2796 4671">
     <span class='ocr_line' id='line_1_74' title="bbox 2168 4575 2796 4671; baseline 0.005 -6"><span class='ocrx_word' id='word_1_537' title='bbox 2168 4575 2796 4671; x_wconf 88' lang='lat' dir='ltr'><strong>EPISCOPO.</strong></span> 
     </span>
    </p>
   </div>
   <div class='ocr_carea' id='block_1_75' title="bbox 2256 4825 3778 4903">
    <p class='ocr_par' dir='ltr' id='par_1_75' title="bbox 2256 4825 3778 4903">
     <span class='ocr_line' id='line_1_75' title="bbox 2256 4825 3778 4903; baseline 0.007 -24"><span class='ocrx_word' id='word_1_538' title='bbox 2256 4826 2514 4898; x_wconf 77' lang='grc' dir='ltr'>Ἀγνοῶν</span> <span class='ocrx_word' id='word_1_539' title='bbox 2537 4826 2679 4894; x_wconf 85' lang='grc' dir='ltr'>τοὺς</span> <span class='ocrx_word' id='word_1_540' title='bbox 2708 4825 3195 4895; x_wconf 76' lang='grc' dir='ltr'>τῆςῈκκλησίας</span> <span class='ocrx_word' id='word_1_541' title='bbox 3223 4829 3446 4899; x_wconf 81' lang='grc' dir='ltr'>νόμους</span> <span class='ocrx_word' id='word_1_542' title='bbox 3468 4831 3778 4903; x_wconf 78' lang='grc' dir='ltr'>Μάξιμος,</span> 
     </span>
    </p>
   </div>
   <div class='ocr_carea' id='block_1_76' title="bbox 2178 4918 3774 4993">
    <p class='ocr_par' dir='ltr' id='par_1_76' title="bbox 2178 4918 3774 4993">
     <span class='ocr_line' id='line_1_76' title="bbox 2178 4918 3774 4993; baseline -0.001 -19"><span class='ocrx_word' id='word_1_543' title='bbox 2178 4918 2597 4989; x_wconf 78' lang='grc' dir='ltr'>διτσχυρίσατο</span> <span class='ocrx_word' id='word_1_544' title='bbox 2634 4919 2992 4987; x_wconf 73' lang='grc' dir='ltr'>παρανόμως</span> <span class='ocrx_word' id='word_1_545' title='bbox 3039 4920 3360 4990; x_wconf 75' lang='grc' dir='ltr'>συμϐιώσει</span> <span class='ocrx_word' id='word_1_546' title='bbox 3404 4922 3727 4993; x_wconf 66' lang='grc' dir='ltr'>συνῆφθαι</span> <span class='ocrx_word' id='word_1_547' title='bbox 3757 4943 3774 4959; x_wconf 82' lang='lat'><strong>-</strong></span> 
     </span>
    </p>
   </div>
   <div class='ocr_carea' id='block_1_77' title="bbox 2174 5009 3777 5083">
    <p class='ocr_par' dir='ltr' id='par_1_77' title="bbox 2174 5009 3777 5083">
     <span class='ocr_line' id='line_1_77' title="bbox 2174 5009 3777 5083; baseline 0.004 -18"><span class='ocrx_word' id='word_1_548' title='bbox 2174 5011 2272 5065; x_wconf 74' lang='grc' dir='ltr'>καὶ</span> <span class='ocrx_word' id='word_1_549' title='bbox 2305 5009 2515 5079; x_wconf 78' lang='grc' dir='ltr'>ἐπειδὴ</span> <span class='ocrx_word' id='word_1_550' title='bbox 2548 5010 2787 5080; x_wconf 77' lang='grc' dir='ltr'>θορυϐεῖ</span> <span class='ocrx_word' id='word_1_551' title='bbox 2828 5011 3017 5065; x_wconf 79' lang='grc' dir='ltr'>αὑτὸν</span> <span class='ocrx_word' id='word_1_552' title='bbox 3061 5015 3129 5066; x_wconf 85' lang='grc' dir='ltr'>τὸ</span> <span class='ocrx_word' id='word_1_553' title='bbox 3168 5013 3553 5069; x_wconf 78' lang='grc' dir='ltr'>ἀσύντακτον</span> <span class='ocrx_word' id='word_1_554' title='bbox 3588 5013 3777 5083; x_wconf 80' lang='grc' dir='ltr'>εἶναι,</span> 
     </span>
    </p>
   </div>
   <div class='ocr_carea' id='block_1_78' title="bbox 2174 5100 3781 5179">
    <p class='ocr_par' dir='ltr' id='par_1_78' title="bbox 2174 5100 3781 5179">
     <span class='ocr_line' id='line_1_78' title="bbox 2174 5100 3781 5179; baseline 0.004 -22"><span class='ocrx_word' id='word_1_555' title='bbox 2174 5100 2644 5169; x_wconf 78' lang='grc' dir='ltr'>διεϐεϐαιώσατο,</span> <span class='ocrx_word' id='word_1_556' title='bbox 2665 5102 2872 5172; x_wconf 78' lang='grc' dir='ltr'>ἐπειδὴ</span> <span class='ocrx_word' id='word_1_557' title='bbox 2896 5104 3107 5174; x_wconf 81' lang='grc' dir='ltr'><strong>ἀγνοίᾳ</strong></span> <span class='ocrx_word' id='word_1_558' title='bbox 3129 5105 3196 5159; x_wconf 80' lang='grc' dir='ltr'>τὸ</span> <span class='ocrx_word' id='word_1_559' title='bbox 3223 5105 3574 5176; x_wconf 80' lang='grc' dir='ltr'>παράνομον</span> <span class='ocrx_word' id='word_1_560' title='bbox 3593 5110 3781 5179; x_wconf 77' lang='grc' dir='ltr'>ἕδρα-</span> 
     </span>
    </p>
   </div>
   <div class='ocr_carea' id='block_1_79' title="bbox 2175 5193 3781 5272">
    <p class='ocr_par' dir='ltr' id='par_1_79' title="bbox 2175 5193 3781 5272">
     <span class='ocr_line' id='line_1_79' title="bbox 2175 5193 3781 5272; baseline 0.006 -24"><span class='ocrx_word' id='word_1_561' title='bbox 2175 5210 2288 5249; x_wconf 88' lang='grc' dir='ltr'><strong>σεν</strong></span> <span class='ocrx_word' id='word_1_562' title='bbox 2308 5235 2326 5261; x_wconf 89' lang='grc'><em>,</em></span> <span class='ocrx_word' id='word_1_563' title='bbox 2376 5195 2446 5249; x_wconf 79' lang='grc' dir='ltr'>ἐκ</span> <span class='ocrx_word' id='word_1_564' title='bbox 2493 5193 2822 5264; x_wconf 75' lang='grc' dir='ltr'>συμφώνου</span> <span class='ocrx_word' id='word_1_565' title='bbox 2872 5195 3202 5267; x_wconf 80' lang='grc' dir='ltr'>ἀπέχεσθαι</span> <span class='ocrx_word' id='word_1_566' title='bbox 3248 5196 3360 5264; x_wconf 82' lang='grc' dir='ltr'>τῆς</span> <span class='ocrx_word' id='word_1_567' title='bbox 3409 5204 3781 5272; x_wconf 76' lang='grc' dir='ltr'>παρανόμου</span> 
     </span>
    </p>
   </div>
   <div class='ocr_carea' id='block_1_80' title="bbox 2176 5284 3780 5356">
    <p class='ocr_par' dir='ltr' id='par_1_80' title="bbox 2176 5284 3780 5356">
     <span class='ocr_line' id='line_1_80' title="bbox 2176 5284 3780 5356; baseline 0.005 -18"><span class='ocrx_word' id='word_1_568' title='bbox 2176 5284 2560 5354; x_wconf 80' lang='grc' dir='ltr'>συμϐιώσεως</span> <span class='ocrx_word' id='word_1_569' title='bbox 2584 5323 2599 5348; x_wconf 87' lang='grc'><em>,</em></span> <span class='ocrx_word' id='word_1_570' title='bbox 2633 5285 2917 5354; x_wconf 77' lang='grc' dir='ltr'>κάκείνης</span> <span class='ocrx_word' id='word_1_571' title='bbox 2939 5285 3270 5356; x_wconf 75' lang='grc' dir='ltr'>ἀγαπώσης</span> <span class='ocrx_word' id='word_1_572' title='bbox 3297 5286 3491 5341; x_wconf 86' lang='grc' dir='ltr'>τοῦτο.</span> <span class='ocrx_word' id='word_1_573' title='bbox 3534 5290 3680 5344; x_wconf 78' lang='grc' dir='ltr'><strong>Ἐὰν</strong></span> <span class='ocrx_word' id='word_1_574' title='bbox 3704 5292 3780 5345; x_wconf 72' lang='grc' dir='ltr'><strong><em>δὲ</em></strong></span> 
     </span>
    </p>
   </div>
   <div class='ocr_carea' id='block_1_81' title="bbox 2177 5374 3779 5454">
    <p class='ocr_par' dir='ltr' id='par_1_81' title="bbox 2177 5374 3779 5454">
     <span class='ocr_line' id='line_1_81' title="bbox 2177 5374 3779 5454; baseline 0.008 -27"><span class='ocrx_word' id='word_1_575' title='bbox 2177 5376 2387 5429; x_wconf 86' lang='grc' dir='ltr'>τοίνυν</span> <span class='ocrx_word' id='word_1_576' title='bbox 2410 5374 2743 5446; x_wconf 82' lang='grc' dir='ltr'>δοκιμάσῃς</span> <span class='ocrx_word' id='word_1_577' title='bbox 2761 5418 2776 5444; x_wconf 86' lang='grc'><em>,</em></span> <span class='ocrx_word' id='word_1_578' title='bbox 2807 5378 2895 5433; x_wconf 83' lang='grc' dir='ltr'>ὅτι</span> <span class='ocrx_word' id='word_1_579' title='bbox 2922 5379 3097 5433; x_wconf 85' lang='grc' dir='ltr'>τοῦτο</span> <span class='ocrx_word' id='word_1_580' title='bbox 3122 5378 3406 5432; x_wconf 82' lang='grc' dir='ltr'>ποιοῦσιν</span> <span class='ocrx_word' id='word_1_581' title='bbox 3425 5380 3493 5434; x_wconf 79' lang='grc' dir='ltr'>ἐκ</span> <span class='ocrx_word' id='word_1_582' title='bbox 3521 5385 3779 5454; x_wconf 66' lang='grc' dir='ltr'>συμφώ-</span> 
     </span>
    </p>
   </div>
   <div class='ocr_carea' id='block_1_82' title="bbox 2175 5463 3778 5539">
    <p class='ocr_par' dir='ltr' id='par_1_82' title="bbox 2175 5463 3778 5539">
     <span class='ocr_line' id='line_1_82' title="bbox 2175 5463 3778 5539; baseline 0.01 -23"><span class='ocrx_word' id='word_1_583' title='bbox 2175 5480 2288 5517; x_wconf 85' lang='grc' dir='ltr'><strong>νου</strong></span> <span class='ocrx_word' id='word_1_584' title='bbox 2318 5463 2416 5518; x_wconf 71' lang='lat' dir='ltr'><strong>real</strong></span> <span class='ocrx_word' id='word_1_585' title='bbox 2440 5466 2528 5535; x_wconf 76' lang='grc' dir='ltr'>μὴ</span> <span class='ocrx_word' id='word_1_586' title='bbox 2567 5466 2912 5538; x_wconf 82' lang='grc' dir='ltr'>ἀπατῶσιν,</span> <span class='ocrx_word' id='word_1_587' title='bbox 2945 5468 3151 5538; x_wconf 79' lang='grc' dir='ltr'>ἐπειδὴ</span> <span class='ocrx_word' id='word_1_588' title='bbox 3190 5468 3477 5539; x_wconf 81' lang='grc' dir='ltr'>δεκαετής</span> <span class='ocrx_word' id='word_1_589' title='bbox 3504 5472 3688 5529; x_wconf 86' lang='grc' dir='ltr'>ἐστιν</span> <span class='ocrx_word' id='word_1_590' title='bbox 3740 5479 3778 5532; x_wconf 83' lang='grc' dir='ltr'><em>ὁ</em></span> 
     </span>
    </p>
   </div>
   <div class='ocr_carea' id='block_1_83' title="bbox 2175 5556 3778 5631">
    <p class='ocr_par' dir='ltr' id='par_1_83' title="bbox 2175 5556 3778 5631">
     <span class='ocr_line' id='line_1_83' title="bbox 2175 5556 3778 5631; baseline -0.002 -20"><span class='ocrx_word' id='word_1_591' title='bbox 2175 5556 2396 5624; x_wconf 81' lang='grc' dir='ltr'>χρόνος</span> <span class='ocrx_word' id='word_1_592' title='bbox 2419 5596 2434 5621; x_wconf 89' lang='grc'><em>,</em></span> <span class='ocrx_word' id='word_1_593' title='bbox 2460 5560 2510 5611; x_wconf 85' lang='grc' dir='ltr'>εὶ</span> <span class='ocrx_word' id='word_1_594' title='bbox 2536 5559 2787 5627; x_wconf 83' lang='grc' dir='ltr'>σκοπεῖς</span> <span class='ocrx_word' id='word_1_595' title='bbox 2810 5561 2962 5631; x_wconf 86' lang='grc' dir='ltr'>μετὰ</span> <span class='ocrx_word' id='word_1_596' title='bbox 3000 5560 3118 5615; x_wconf 85' lang='grc' dir='ltr'>τῶν</span> <span class='ocrx_word' id='word_1_597' title='bbox 3149 5562 3623 5631; x_wconf 82' lang='grc' dir='ltr'>κατηχουμένων</span> <span class='ocrx_word' id='word_1_598' title='bbox 3657 5570 3778 5623; x_wconf 62' lang='grc' dir='ltr'><strong>αἱ.-</strong></span> 
     </span>
    </p>
   </div>
   <div class='ocr_carea' id='block_1_84' title="bbox 2174 5646 3777 5722">
    <p class='ocr_par' dir='ltr' id='par_1_84' title="bbox 2174 5646 3777 5722">
     <span class='ocr_line' id='line_1_84' title="bbox 2174 5646 3777 5722; baseline 0.009 -23"><span class='ocrx_word' id='word_1_599' title='bbox 2174 5646 2318 5713; x_wconf 87' lang='grc' dir='ltr'>τοὺς</span> <span class='ocrx_word' id='word_1_600' title='bbox 2350 5648 2722 5720; x_wconf 80' lang='grc' dir='ltr'>συνάγεσθαι</span> <span class='ocrx_word' id='word_1_601' title='bbox 2748 5689 2763 5713; x_wconf 83' lang='grc'><em>,</em></span> <span class='ocrx_word' id='word_1_602' title='bbox 2804 5651 2950 5717; x_wconf 80' lang='grc' dir='ltr'>τέως</span> <span class='ocrx_word' id='word_1_603' title='bbox 3001 5651 3154 5705; x_wconf 82' lang='grc' dir='ltr'>οὕτω</span> <span class='ocrx_word' id='word_1_604' title='bbox 3202 5653 3533 5722; x_wconf 81' lang='grc' dir='ltr'>διοίκησον.</span> <span class='ocrx_word' id='word_1_605' title='bbox 3576 5659 3654 5711; x_wconf 74' lang='lat' dir='ltr'><strong>EI</strong></span> <span class='ocrx_word' id='word_1_606' title='bbox 3702 5660 3777 5714; x_wconf 78' lang='grc' dir='ltr'><em>δὲ</em></span> 
     </span>
    </p>
   </div>
   <div class='ocr_carea' id='block_1_85' title="bbox 2175 5737 3772 5814">
    <p class='ocr_par' dir='ltr' id='par_1_85' title="bbox 2175 5737 3772 5814">
     <span class='ocr_line' id='line_1_85' title="bbox 2175 5737 3772 5814; baseline 0.006 -22"><span class='ocrx_word' id='word_1_607' title='bbox 2175 5737 2474 5809; x_wconf 84' lang='grc' dir='ltr'>συνορᾷς,</span> <span class='ocrx_word' id='word_1_608' title='bbox 2525 5742 2616 5797; x_wconf 85' lang='grc' dir='ltr'>ὅτι</span> <span class='ocrx_word' id='word_1_609' title='bbox 2659 5742 2963 5808; x_wconf 77' lang='grc' dir='ltr'>ἀπατῆσαι</span> <span class='ocrx_word' id='word_1_610' title='bbox 2992 5745 3306 5814; x_wconf 65' lang='grc' dir='ltr'>βούλεται,</span> <span class='ocrx_word' id='word_1_611' title='bbox 3340 5745 3438 5799; x_wconf 81' lang='grc' dir='ltr'>καὶ</span> <span class='ocrx_word' id='word_1_612' title='bbox 3468 5744 3665 5803; x_wconf 79' lang='grc' dir='ltr'>δεῖται</span> <span class='ocrx_word' id='word_1_613' title='bbox 3697 5748 3772 5801; x_wconf 78' lang='grc' dir='ltr'>τὰ</span> 
     </span>
    </p>
   </div>
  </div>
