4034 6340
247 405 307 459 is
1664 409 2000 467 CANONES.
3406 429 3477 487 is

243 512 363 569 κατ’
383 513 600 584 αὐτοὺς
632 516 1013 590 incede-sa);-
1036 565 1050 589 ,
1091 522 1237 594 ὅπερ
1274 525 1307 580 δ
1345 528 1490 596 Θεὸς
1522 531 1793 601 ὑποϐάλῃ

1904 529 2042 599 quod
2081 531 2135 584 in
2163 502 2262 586 usu
2291 541 2367 588 est
2408 535 2607 606 vimque
2636 537 2848 596 obtinet.
2895 539 3037 595 Nam
3076 558 3191 596 cum
3222 543 3288 598 iis
3317 545 3390 600 sic
3420 546 3475 601 in

243 626 337 665 σοι
355 653 371 678 ,
410 611 584 668 τοῦτο
625 616 889 686 ποίησον
910 659 925 684 ,
958 620 1271 696 πανταχοῦ
1304 627 1452 695 πρὸς
1480 627 1547 680 τὸ
1581 625 1802 695 ἐπέχον

220 701 648 779 θόδητούμενος.
690 710 821 764 Ἐπί
859 712 969 781 γὰρ
996 713 1114 768 τῶν
1142 719 1341 772 τόπων
1364 717 1675 787 τυγχάνων
1694 717 1800 783 τὰς

243 790 459 862 γνώμας
487 794 691 850 αὐτῶν
702 797 949 868 μᾶλλον
970 802 1191 859 ειδέναι
1222 806 1499 862 δύνασαι.

304 884 482 939 ΒΑΛΣ.
529 888 783 961 Μάξιμός
836 909 956 957 τις,
988 894 1065 959 ὡς
1111 900 1413 970 παρανόμῳ
1460 901 1624 972 γάμῳ
1676 919 1801 954 συν-

240 976 413 1046 αφθεὶς
434 982 674 1047 γυναικὶ,
696 984 984 1056 ἀφωρίσθη
1011 989 1223 1061 καὶτῆς
1250 978 1520 1057 συνάξεως
1540 994 1640 1064 τῆς
1662 994 1801 1064 μετά
1861 1048 1864 1056 λ

237 1068 332 1122 τῶν
380 1071 590 1125 πιστῶν
639 1072 875 1146 εἴργετο.
916 1078 976 1133 '0
1008 1081 1066 1135 δὲ
1113 1081 1298 1152 ἔλεγεν
1325 1124 1340 1150 ,
1382 1084 1464 1139 ὃτι
1511 1085 1570 1139 ἐν
1605 1087 1801 1160 ἀγνοίᾳ

238 1160 436 1231 ἐποίησε
462 1162 526 1217 τὸ
564 1166 906 1240 παράνομον,
932 1172 1030 1227 καὶ
1059 1173 1280 1246 ἕτοιμός
1321 1177 1473 1230 ἐστιν
1496 1178 1798 1250 ἀποστῆναι

235 1251 315 1304 τοῦ
340 1253 538 1322 γάμου,
577 1255 738 1310 τοῦτο
763 1260 858 1313 καὶ
886 1260 985 1332 τῆς
1013 1264 1271 1331 γυναικὸς
1302 1264 1661 1339 βουλομένηςο
1702 1268 1798 1323 καὶ

235 1341 397 1411 ἐζήτει
451 1344 821 1419 ἀφιστάμενος
853 1351 1129 1424 δεχθῆναι.
1162 1355 1307 1427 Πρὸς
1342 1356 1514 1412 ταῦτα
1564 1354 1658 1412 οὖν
1692 1358 1797 1430 ἔφη

168 1450 177 1463 ·
234 1435 260 1485 ὁ
282 1434 528 1505 Θεόφιλος
546 1480 564 1504 ,
586 1439 663 1503 ὡς
698 1440 765 1494 ἂν
795 1441 1056 1509 ἐξετάσας
1077 1446 1362 1519 εὑρήσεις,
1378 1449 1459 1503 ὅτι
1485 1451 1551 1505 ὲκ
1576 1453 1799 1522 συμφὼ-

233 1541 334 1592 νου,
358 1527 473 1581 ἀντὶ
497 1528 602 1583 τοῦ
636 1532 703 1585 ὲκ
736 1536 921 1605 κοινῆς
947 1536 1145 1608 βουλῆς
1169 1578 1184 1603 ,
1212 1538 1536 1608 ἀφίστανται
1562 1541 1653 1595 τοῦ
1697 1541 1813 1610 γάε

235 1630 328 1684 μου
353 1657 367 1679 ,
401 1619 498 1673 καὶ
543 1621 651 1674 οὐκ
705 1623 992 1690 ἀπατῶσι,
1041 1627 1328 1681 δεκαετίαν
1378 1632 1796 1702 συνοικήσαντες

231 1705 466 1778 ἀλλήλοις
485 1753 500 1776 ,
532 1712 798 1787 δυσχερὲς
826 1714 956 1782 ίσως
991 1718 1058 1772 ἂν
1085 1719 1357 1789 λογίζοιτο
1387 1723 1570 1786 αὐτοῖς
1610 1724 1644 1794 ή
1676 1723 1794 1778 διά-

230 1795 426 1865 ζευξις,
453 1803 549 1856 καὶ
582 1805 794 1875 μήποτε
823 1808 1129 1864 ἀπατῶσιν.
1156 1810 1218 1863 Εί
1252 1815 1474 1876 σκοπεῖς
1492 1852 1507 1877 ,
1547 1812 1668 1867 ἀντὶ
1697 1813 1792 1866 τοῦ

1904 622 2057 689 locis,
2093 640 2273 679 eorum
2305 637 2500 683 mentes
2532 629 2718 687 melius
2747 650 2901 689 nosse
2925 645 3091 703 potes.

1974 884 2169 939 BALS.
2194 885 2461 943 Maximus
2494 890 2713 960 quidam
2741 932 2755 955 ,
2790 901 2850 947 ιιι
2904 893 3094 949 illicito
3126 897 3474 953 matrimonio

1902 975 2116 1032 mulieri
2148 977 2479 1048 conjunctus
2509 992 2824 1051 segregatus
2859 984 3055 1049 fuerat,
3096 995 3149 1040 et
3180 1000 3210 1039 a
3238 1001 3473 1060 ροηδε-εκ

1900 1067 2120 1137 galione
2144 1083 2269 1123 cum
2303 1067 2557 1126 fidelibus
2580 1072 2989 1142 prohibebatur.
3023 1073 3074 1131 ls
3104 1091 3233 1132 vero
3261 1078 3476 1135 dicebat

1901 1173 1961 1214 se
1985 1174 2083 1229 per
2115 1159 2480 1230 ignorantiam
2511 1162 2706 1220 fecisse
2730 1174 2925 1219 contra
2951 1167 3117 1238 leges,
3141 1177 3196 1225 et
3223 1183 3472 1242 paratum

1899 1265 2022 1306 esse
2054 1250 2124 1306 ab
2173 1251 2279 1307 hoc
2323 1255 2674 1309 matrimonio
2706 1257 2959 1313 recedere
2988 1298 3003 1320 ,
3052 1260 3280 1318 muliere
3308 1264 3473 1318 etiam

1899 1346 2116 1401 volente
2142 1364 2157 1408 :
2185 1354 2240 1403 et
2274 1350 2529 1419 petebat,
2558 1360 2618 1405 ut
2644 1351 2712 1404 ab
2740 1366 2805 1407 ea
2834 1352 3135 1410 abscedens
3163 1356 3477 1411 admittere-

1904 1446 2015 1492 tur.
2048 1436 2131 1493 Ad
2165 1437 2281 1495 hazc
2304 1454 2433 1511 ergo
2461 1440 2595 1495 dicit
2624 1439 2982 1512 TheOphilus,
3015 1444 3160 1513 quod
3196 1445 3241 1501 si
3291 1448 3468 1518 inqui-

1899 1542 2027 1582 rens
2053 1527 2327 1583 inveneris
2359 1544 2455 1585 eos
2476 1545 2541 1585 ex
2572 1546 2846 1587 consensu
2866 1574 2881 1598 ,
2915 1533 3019 1587 hoc
3050 1541 3166 1599 est,
3197 1539 3474 1591 communi

1897 1620 2164 1685 consilio,
2209 1636 2240 1676 a
2272 1622 2623 1678 matrimonio
2676 1623 2979 1689 absistere,
3033 1634 3087 1681 et
3119 1642 3229 1681 non
3265 1626 3473 1692 fallere,

1897 1726 2021 1766 curn
2052 1712 2241 1769 decem
2275 1713 2436 1771 annis
2467 1716 2632 1770 simul
2680 1716 3075 1782 cohabitarint,
3106 1716 3342 1774 difﬁcilis
3370 1719 3476 1772 for-

1898 1819 1996 1859 san
2033 1804 2100 1859 iis
2148 1804 2449 1860 existimari
2484 1814 2669 1876 posset
2714 1822 2743 1860 a
2779 1821 2839 1863 se
2887 1809 3119 1864 invicem
3149 1808 3471 1879 disjunctio,

231 1892 274 1943 ει
302 1892 495 1961 κρίνεις
544 1897 686 1965 μετά
710 1898 822 1953 τῶν
850 1900 1274 1972 κατηχουμένων
1314 1904 1514 1967 αὐτοὺς
1542 1903 1793 1959 ἵστασθαι

1896 1904 1948 1948 et
1975 1910 2043 1949 ne
2073 1892 2284 1950 fallant.
2314 1894 2372 1950 Si
2406 1897 2740 1960 consideras.
2773 1897 2880 1953 hoc
2909 1906 3015 1964 est,
3049 1899 3096 1955 si
3131 1899 3348 1970 judicas
3376 1917 3473 1957 eos

230 1982 380 2047 τέως,
416 1985 589 2053 ἤγουν
621 1988 757 2059 πρὸς
789 1989 850 2043 τὸ
876 1991 1071 2062 παρὸν,
1095 1990 1270 2057 οὕτως
1305 1993 1470 2047 αὐτὸν
1502 1994 1789 2065 οίκονόμη-

232 2087 327 2124 σον.
369 2074 429 2127 Εἰ
455 2075 516 2127 δὲ
543 2080 717 2142 νοεῖς,
753 2081 917 2151 φησὶν
941 2121 955 2146 ,
988 2083 1070 2136 ὅτι
1119 2083 1263 2138 κατά
1310 2084 1527 2154 ἀπάτην
1572 2085 1790 2154 λέγουσι

232 2162 399 2228 ταῦτα,
433 2168 528 2219 καὶ
554 2168 639 2222 ὅτι
673 2169 756 2223 ἔτι
805 2171 1014 2228 δέονται
1055 2175 1301 2246 στύψεως
1324 2216 1339 2238 ν
1380 2177 1500 2247 ἦτοι
1524 2177 1792 2246 αὐστηρο-

235 2255 381 2327 τέρων
427 2260 754 2331 ἐπιτιμίων,
784 2265 1011 2338 ποίησον
1042 2267 1179 2340 ὅπερ
1210 2267 1277 2323 ἀν
1320 2269 1349 2321 ό
1384 2269 1516 2333 Θεὸς
1542 2268 1789 2340 ὑποσάλη

233 2360 321 2411 σοι,
349 2349 464 2402 ἀντὶ
489 2349 585 2405 τοῦ
617 2352 859 2427 ὲνηχήσῃ
885 2355 964 2428 τῷ
995 2356 1237 2430 λογισμῷ
1273 2376 1368 2412 σου
1394 2399 1409 2424 ,
1440 2360 1577 2431 ὅπερ
1606 2361 1634 2413 ὁ
1659 2359 1791 2424 Θεὸς

234 2436 498 2511 ὲνθυμήσει
522 2459 608 2508 σε,
632 2445 910 2517 πανταχοῦ
940 2446 1077 2520 πρὸς
1092 2447 1154 2502 τὸ
1181 2449 1378 2519 ἐπέχον
1403 2447 1598 2519 ὀδηγού
1608 2464 1789 2519 μενος,

233 2527 339 2595 ῆτοι
364 2531 488 2602 πρὸς
509 2533 573 2588 τὸ
598 2536 937 2607 ἐπικρατοῦν
966 2539 999 2609 ἢ
1033 2539 1095 2593 τὸ
1122 2542 1468 2607 κατεπεῖγον.

1898 1992 2047 2040 stare
2078 1984 2279 2042 debere
2311 2000 2437 2044 cum
2467 1988 2913 2055 catechumenis,
2949 2006 3095 2046 nunc
3116 2031 3131 2057 ,
3182 1992 3234 2046 id
3287 2000 3372 2048 est
3415 1992 3471 2046 in

1896 2078 2186 2148 praesentia
2207 2118 2222 2144 ,
2256 2080 2337 2136 sic
2371 2095 2467 2137 eos
2515 2080 2794 2153 dispensa.
2823 2081 2979 2149 Quod
3014 2085 3060 2140 si
3115 2084 3472 2151 intellexeris.

1900 2167 2099 2235 inquit,
2127 2170 2271 2239 quod
2300 2188 2397 2242 per
2421 2173 2668 2229 fraudem
2702 2174 2817 2230 haec
2841 2175 3030 2230 dicunt
3059 2214 3074 2240 ,
3102 2187 3156 2231 et
3188 2177 3335 2253 quod
3377 2180 3475 2234 ad-

1897 2255 2005 2311 huc
2032 2259 2331 2316 acerbitate
2349 2261 2618 2334 indigent,
2640 2279 2737 2320 seu
2762 2266 3135 2324 acerbiorihus
3158 2270 3355 2340 pmnis,
3385 2268 3472 2324 fac

1891 2348 2039 2418 quod
2071 2349 2212 2406 Deus
2243 2344 2342 2408 tibi
2374 2356 2712 2426 suggesserit
2731 2400 2745 2424 ,
2777 2357 2882 2413 hoc
2904 2369 3021 2424 est,
3049 2367 3156 2416 tute
3184 2362 3352 2416 mensi
3384 2363 3473 2417 in-

1891 2440 2179 2511 spiraverit
2205 2482 2219 2505 ,
2257 2445 2403 2514 quod
2435 2446 2757 2502 inanimum
2792 2449 3081 2506 immiserit
3119 2450 3294 2515 Deus,
3329 2469 3471 2509 sem-

1892 2545 1990 2599 per
2020 2533 2071 2587 id
2096 2535 2242 2604 quod
2262 2544 2347 2591 est
2375 2537 2430 2591 in
2455 2552 2555 2592 usu
2575 2547 2629 2593 et
2648 2540 2792 2609 quod
2814 2541 2961 2597 vires
2980 2542 3190 2599 obtinet
3211 2559 3467 2616 sequens,

1892 2621 1944 2676 id
1981 2632 2086 2689 est,
2119 2626 2264 2696 quod
2304 2629 2480 2700 magis
2509 2638 2594 2686 est
2620 2639 2796 2687 ratum
2828 2648 2891 2688 ac
2923 2634 3184 2690 validum.

987 2813 1215 2900 ΤΟΥ
1277 2813 1650 2901 ΑΥΤΟΥ
1710 2742 2035 2931 ΜῖιΝᾼ
2088 2807 2704 2932 ΕΠΙΣΚΟΠῼ.

1677 3015 1986 3076 EIUSDEM

1310 3146 1677 3235 MENIE
1751 3146 2376 3240 EPISCOPO.

286 3370 534 3440 Νόμιιιον
574 3364 821 3440 πρᾶγμα
863 3369 1267 3438 πεποιήκασιν
1299 3375 1351 3425 οἱ
1394 3375 1784 3443 πρεσϐύτεροι

1963 3371 2090 3426 Rem
2121 3371 2323 3439 iustam
2368 3370 2598 3439 fecerant
2644 3369 2930 3439 presbyteri
2966 3371 3021 3423 in
3056 3369 3270 3424 Gemino
3309 3386 3466 3439 pago.

223 3461 285 3515 ἐν
302 3464 526 3533 Papia-cp
550 3461 628 3531 τῇ
659 3460 856 3532 κώμῃ,
890 3464 943 3516 εὶ
969 3463 1251 3531 ἀληθεύει
1278 3464 1317 3531 ἡ
1357 3465 1689 3532 κομίζουσα
1718 3466 1783 3519 τὸ

224 3551 437 3622 ¹ιικιμμίι
481 3553 858 3618 Εὐσῐαθοῦς.
896 3552 1119 3606 Φάσκει
1169 3555 1313 3622 γὰρ,
1363 3554 1454 3607 ὅτι
1491 3554 1788 3623 Κυράδιον

222 3640 537 3698 ἀδικοῦσαν
565 3639 667 3697 καί
712 3641 799 3712 μὴ
844 3641 1236 3711 ,ϐουλομένην
1278 3643 1630 3698 ἀναστεῖλαι
1672 3646 1788 3714 τὴν

223 3733 459 3800 ἀδικίαν,
487 3736 794 3804 ἐχώρισαν
822 3733 932 3803 τῆς
952 3734 1283 3801 συνάεεως.
1316 3736 1548 3803 Ἐπειδὴ
1578 3738 1787 3791 τοίνυν

223 3818 411 3892 εὖρον,
452 3827 539 3893 ὡς
568 3825 635 3879 τὸ
665 3823 886 3893 ἑαυτῆς
909 3825 1099 3879 κακὸν
1128 3828 1543 3897 θεραπεύουσα
1560 3830 1780 3893 ,ϐούλε-

221 3930 301 3968 ται
337 3917 723 3987 συναχθῆναι
740 3957 755 3981 ,
782 3918 1049 3986 θέλησον
1090 3920 1548 3988 παρασκευάσαι
1592 3921 1787 3988 αὐτὴν

222 4006 534 4064 ἀποθέσθαι
593 4007 830 4077 πρῶτον
858 4009 974 4077 τὴν
1005 4010 1263 4077 ἀδικίαν,
1303 4013 1399 4066 καὶ
1436 4012 1641 4067 πεῖσαι
1681 4030 1786 4081 με-

221 4100 493 4168 τανοῆσαι
522 4140 539 4165 ,
569 4101 650 4155 ἵν’
675 4101 896 4168 οὕτως,
926 4104 980 4156 εὶ
1007 4103 1267 4171 συνίδῃς
1314 4104 1403 4157 ὅτι
1449 4106 1610 4174 νόμῳ
1637 4105 1784 4158 Θεοῦ

222 4192 599 4264 προσέρχεται
626 4193 741 4262 τῆς
758 4193 1072 4260 συνάξεως
1097 4195 1439 4266 ὀρεγομένη,
1458 4196 1786 4266 ἐπιτρέψῃς

220 4284 392 4353 αὐτὴν
409 4285 572 4355 μετὰ
594 4285 713 4340 τῶν
740 4285 907 4341 λαῶν
930 4284 1321 4354 συνάγεσθαι.

280 4374 465 4438 ΒΔΛΣ.
490 4374 740 4431 Γυναίκόι
767 4394 887 4431 τινα
913 4376 1182 4448 Κυράδιον
1211 4377 1509 4449 λεγομένην
1542 4380 1634 4433 καὶ
1668 4379 1785 4431 ἁδι-

221 4466 403 4522 κοῦσαν
429 4472 479 4523 οἱ
510 4471 575 4522 ὲν
596 4470 809 4541 Γεμίνῳ
838 4460 1199 4542 πρεσϐύτεροι
1224 4470 1507 4542 ἀφώρισαν
1537 4472 1635 4542 τῆς
1659 4473 1785 4525 Ἐκ-

220 4556 458 4626 κλησίας,
499 4560 580 4630 μή
608 4560 955 4631 ἀπεχομένην
988 4561 1087 4631 τῆς
1109 4560 1340 4624 ἀδικίας.
1375 4562 1437 4613 Ἦ
1477 4562 1554 4625 δὲ,
1582 4561 1670 4614 διά
1694 4562 1785 4614 τὸν

218 4646 526 4723 ἀφορισμδν,
565 4652 876 4722 ὑπισχνεῖτο
905 4650 1241 4722 θεραπεῦσαι
1269 4652 1365 4722 τὴν
1401 4653 1615 4706 ἀδικίαν
1643 4695 1656 4717 ,
1692 4653 1786 4707 καὶ

218 4737 361 4806 ἤθελε
392 4742 675 4814 δεχθῆναι.
699 4744 902 4817 Γράφει
924 4740 1016 4798 οὖν
1052 4746 1081 4798 ό
1112 4744 1370 4813 Θεόφιλος
1390 4745 1526 4817 πρὸς
1554 4746 1643 4799 τὸν
1681 4745 1783 4814 τῆς
1815 4723 1858 4778 D

216 4829 387 4902 χώρας
416 4836 719 4888 ἐπίσκοπον
743 4874 759 4899 ,
789 4835 872 4889 ὅτι
903 4836 1333 4904 Παρασκεύασον
1385 4836 1552 4907 αὐτὴν
1588 4837 1784 4892 ἀποθέ-

218 4923 330 4973 σθαι
357 4923 578 4996 πρῶτον
605 4924 705 4994 τὴν
736 4922 969 4988 ἀδικίαν,
999 4924 1166 4995 ἦγουν
1193 4923 1486 4979 ἀποδοῦναι
1521 4925 1558 4979 ἃ
1586 4926 1785 4990 ἀδίκως

217 5011 490 5085 ἐκτήσατο,
514 5016 609 5069 καὶ
640 5019 1001 5087 μετανοῆσαι,
1034 5018 1157 5071 ἀντὶ
1186 5018 1282 5072 τοῦ
1325 5018 1417 5071 ἐπὶ
1443 5020 1509 5089 τῇ
1539 5019 1784 5089 ἁμαρτίᾳ

217 5103 304 5175 τῆς
342 5108 562 5171 ἀδικίας
598 5108 1068 5179 μεταμεληθῆναι,
1095 5109 1190 5163 καὶ
1221 5108 1477 5180 δεηθῆναι
1525 5109 1618 5162 τοῦ
1650 5109 1782 5161 Θεοῦ

216 5193 468 5267 ἀφεθῆναι
496 5198 636 5269 αὐτῇ
667 5198 729 5251 τὸ
762 5197 1086 5270 ἁμάρτημα.
1118 5199 1228 5252 Καὶ
1270 5198 1441 5253 ταῦτα
1479 5199 1781 5270 ποιησάσης

219 5270 493 5354 αὐτῆς,εί
534 5286 785 5359 συνίδῃς,
832 5287 1113 5352 τουτέστι,
1159 5288 1301 5359 γνῷς
1337 5290 1418 5342 ὅτι
1461 5289 1613 5359 νόμῳ
1652 5289 1786 5342 Θεοῦ

217 5376 596 5449 προσέρχεται,
638 5377 807 5450 ῆγουν
841 5378 1147 5449 συνειδήσει
1172 5378 1348 5450 ἀγαθῇ
1381 5381 1454 5451 μὴ
1485 5379 1784 5451 ἀνεχομένη

218 5467 537 5538 κεχωρίσθαι
568 5469 668 5542 τῆς
693 5467 806 5523 τῶν
852 5468 1058 5523 πιστῶν
1093 5467 1397 5534 συνάξεως,
1422 5469 1509 5522 διά
1537 5469 1628 5523 τὸν
1654 5470 1786 5522 Θεὸν

220 5556 301 5610 καὶ
326 5558 403 5630 μὴ
433 5559 504 5613 δι’
536 5560 802 5632 αἰσχύνην
827 5558 1152 5631 ἀνθρώπων,
1187 5559 1307 5612 τότε
1331 5560 1621 5631 ἐπίτρεψον
1646 5561 1784 5631 αὐτῇ

216 5644 302 5717 τὴν
328 5649 471 5718 μετά
501 5649 605 5704 τῶν
636 5649 846 5705 πιστῶν
870 5648 1016 5703 λαῶν
1051 5648 1268 5713 σύναξιν
1313 5649 1404 5701 καὶ
1442 5650 1696 5702 σύστασιν
1730 5651 1786 5700 ἐν

218 5737 315 5800 τοῖς
354 5738 566 5811 ῦμνοις.

1888 3466 1936 3519 si
1965 3479 2141 3519 verum
2190 3462 2360 3526 dicit,
2389 3477 2506 3530 quae
2553 3460 2721 3530 defert
2759 3463 2961 3516 litteras
3003 3459 3294 3516 Eustathii.
3327 3461 3469 3514 Dicit

1886 3555 2050 3617 enim,
2090 3552 2229 3624 quod
2259 3550 2551 3622 Cyradium
2574 3551 2853 3620 facientem
2885 3551 3163 3621 injuriam,
3188 3568 3281 3605 nec
3312 3553 3377 3604 ab
3409 3568 3469 3605 ea

1887 3646 2138 3701 desistere
2165 3645 2440 3706 volentem,
2466 3660 2499 3697 a
2524 3644 2888 3698 communione
2909 3653 3305 3710 separaverunt.
3329 3642 3468 3709 Quia

1886 3754 2010 3807 ergo
2042 3737 2255 3797 inveni,
2298 3735 2436 3805 quod
2484 3751 2580 3789 suo
2617 3733 2758 3787 malo
2807 3751 2990 3788 curam
3048 3734 3303 3789 adhibens
3358 3736 3468 3789 uult

1887 3829 2275 3882 communicare
2301 3868 2315 3890 ,
2346 3828 2432 3896 fac
2461 3843 2525 3881 ea
2571 3828 2651 3880 ita
2676 3842 2732 3881 se
2775 3836 3043 3894 comparet
3066 3868 3079 3889 ,
3118 3835 3175 3879 ut
3209 3827 3468 3897 injuriam

1884 3921 2113 3988 primum
2144 3920 2405 3990 deponat.
2449 3929 2499 3972 et
2543 3919 2902 3988 paenitentiam
2933 3935 3085 3988 agere
3128 3920 3182 3973 in
3230 3921 3469 3974 animum

1886 4012 2130 4077 inducat,
2157 4022 2215 4064 ut
2245 4012 2293 4065 si
2321 4013 2399 4065 sic
2426 4010 2767 4072 intellexeris,
2802 4009 2941 4080 quod
2972 4011 3191 4073 accedit,
3229 4028 3463 4065 contmn-

1887 4104 2094 4158 nionem
2120 4101 2450 4165 desiderans,
2474 4103 2748 4171 permittas
2780 4102 2827 4154 ei
2856 4111 2912 4153 ut
2937 4118 3053 4153 cum
3079 4104 3281 4166 populis
3313 4119 3458 4157 com-

1887 4195 2132 4249 municet.

1962 4367 2157 4423 BALS.
2196 4366 2471 4421 Mulierem
2502 4363 2794 4435 quamdam
2822 4403 2836 4428 ,
2880 4379 3001 4433 qum
3029 4364 3323 4433 Cyradium
3369 4382 3464 4436 ap-

1888 4461 2225 4531 pellabatur,
2255 4466 2310 4511 et
2337 4456 2597 4526 injuriam
2631 4463 2757 4510 ante
2787 4454 3020 4511 faciebat
3048 4495 3063 4520 ,
3092 4457 3187 4525 qui
3219 4466 3376 4511 erant
3408 4461 3467 4533 in

1888 4552 2117 4607 Gemino
2147 4549 2447 4622 presbyteri
2496 4548 2566 4603 ab
2596 4547 2839 4603 Ecclesia
2880 4557 3298 4618 separaverast,
3339 4565 3462 4604 cum

1889 4643 1959 4699 ab
1998 4642 2197 4711 injuria
2224 4657 2333 4696 non
2362 4641 2683 4696 abstineret.
2714 4638 2808 4693 llla
2833 4654 2965 4694 vero
3020 4648 3240 4710 propter
3278 4656 3459 4711 segre-

1888 4734 2163 4805 gationem
2198 4732 2558 4802 pollicebatur
2595 4746 2654 4786 se
2684 4731 2901 4801 injuria:
2928 4730 3227 4785 remedium
3265 4731 3457 4785 allatu-

1891 4840 2004 4878 ram
2037 4863 2053 4886 ,
2082 4833 2137 4878 et
2168 4823 2235 4877 ad
2266 4823 2707 4878 communionem
2749 4820 2964 4875 admitti
2994 4821 3226 4876 volebat.
3262 4821 3461 4877 Scribit

1889 4931 2020 4988 ergo
2061 4915 2401 4986 Theophilus
2427 4915 2494 4971 ad
2521 4915 2838 4986 episcopum
2869 4914 3142 4984 regionis:
3174 4911 3282 4970 Fac
3319 4927 3378 4970 ut
3402 4930 3464 4971 ea

1890 5009 2125 5077 primum
2154 5010 2391 5079 deponat
2423 5007 2678 5076 injuriam
2701 5046 2714 5067 ,
2750 5006 2850 5059 hoc
2874 5013 2956 5059 est
2975 5046 2990 5067 ,
3019 5005 3210 5060 reddat
3257 5018 3321 5059 ea
3347 5022 3469 5076 qum

1890 5100 2092 5170 injuste
2126 5098 2446 5168 acquisivit,
2477 5106 2530 5153 et
2560 5096 2934 5168 paenitentiam
2988 5104 3147 5165 agat,
3179 5095 3231 5150 id
3255 5104 3340 5150 est
3363 5137 3378 5161 ,
3407 5112 3468 5152 se

1891 5191 2146 5258 injuriam
2179 5189 2378 5245 fecisse
2418 5204 2559 5258 mgre
2612 5189 2780 5251 ferat,
2813 5193 2868 5241 et
2900 5185 3066 5240 Deum
3099 5192 3220 5240 oret
3252 5194 3312 5239 ut
3362 5186 3463 5241 sibi

1890 5288 2111 5349 peccata
2143 5280 2545 5334 condonentur.
2573 5277 2639 5331 Et
2672 5293 2796 5332 cum
2829 5277 2944 5331 hcec
2979 5276 3189 5339 fecerit,
3221 5277 3264 5331 si
3299 5277 3462 5330 intel-

1892 5370 2111 5435 lexeris,
2141 5370 2244 5425 hoc
2276 5379 2359 5425 est
2384 5413 2398 5435 ,
2441 5370 2485 5425 si
2510 5368 2872 5439 cognoveris,
2907 5366 3052 5436 quod
3086 5367 3200 5436 lege
3246 5364 3336 5418 Dei
3374 5380 3464 5417 ac-

1891 5458 2067 5526 cedit,
2126 5476 2219 5515 seu
2266 5461 2409 5514 bona
2438 5458 2815 5522 conscientia,
2873 5471 2994 5525 quae
3047 5470 3156 5509 non
3191 5454 3293 5508 fert
3328 5467 3387 5507 se
3435 5469 3463 5505 a

1893 5550 2131 5604 fidelium
2153 5551 2535 5605 communione
2551 5564 2673 5605 esse
2691 5554 3019 5616 separatam,
3036 5551 3257 5613 propter
3268 5540 3432 5596 Deum
3450 5582 3464 5606 ,

1891 5650 1945 5693 et
1978 5656 2085 5694 non
2115 5652 2331 5710 propter
2361 5642 2640 5693 hominum
2669 5638 2929 5708 pudorem
2956 5676 2969 5698 ,
2995 5643 3126 5688 tunc
3153 5633 3204 5688 ei
3238 5636 3463 5703 permit-

1895 5745 1974 5785 l(‘S
1999 5748 2122 5785 cum
2163 5733 2411 5785 fidelibus
2440 5731 2652 5801 populis
2688 5728 3096 5785 communicare
3133 5738 3185 5781 et
3218 5726 3272 5781 in
3307 5727 3463 5800 hym-

1895 5825 1978 5877 nis
2002 5825 2316 5877 consistere.
