4034 6340
217 377 279 433 ιο
1159 379 1528 440 pnOLocus
1570 385 1660 440 Αι)
1699 381 2084 442 EPISTOLAS
2121 381 2547 442 PASCHALES.
3401 388 3491 457 50.

227 465 402 528 .la.£at
448 465 563 521 τὸν
585 464 759 537 μῆνα
788 465 905 520 τῶν
932 466 1107 532 νέων,
1148 470 1249 525 καὶ
1278 474 1553 539 ποιήσεις
1585 478 1652 527 τὸ
1686 473 1797 527 Πά-

1911 485 2062 534 rum;
2080 480 2128 524 et
2147 471 2310 539 facies
2333 471 2544 528 Pascha
2573 473 2795 531 Domino
2814 475 2921 530 Deo
2947 486 3037 530 tuo
3060 477 3262 531 decima
3282 488 3476 548 quarta

236 575 356 628 σχα
399 561 601 628 Κυρίῳ
640 557 721 624 τῷ
755 558 875 624 Θεῷ
902 573 1019 617 σου
1066 559 1140 629 τῇ
1181 563 1807 633 τεσσαρεσκαιδεκάτῃ

231 646 413 718 ἡμέρᾳ
445 647 551 702 τοῦ
582 647 818 716 πρώτου
843 648 1059 718 μηνός.
1105 651 1265 720 Μήνα
1311 651 1368 704 δὲ
1400 652 1520 704 νέον
1549 653 1721 722 λέγει,
1748 654 1807 707 ὃν

234 739 328 790 καὶ
357 735 577 806 πρῶτον
610 737 788 802 καλεῖ,
825 739 883 791 ὲν
906 731 950 804 ᾧ
971 738 1258 811 τεθηλὸτες
1291 743 1340 794 οἱ
1364 747 1568 813 καρποὶ
1597 744 1695 814 τὴν
1714 762 1808 813 γε-

235 828 463 898 νομένην
521 827 634 882 τῶν
677 827 926 881 παλαιῶν
971 831 1405 901 προσημαίνουσι
1440 833 1801 887 κατάπαυσιν.

246 918 331 970 Ἐν
359 918 416 971 δὲ
441 920 510 988 τῇ
560 918 1130 993 τεσσαρεσκαιδεκάτῃ
1165 921 1347 993 ήμέρᾳ
1388 921 1481 975 τοῦ
1520 922 1686 994 μηνὸς
1712 921 1804 977 τού

234 1007 446 1080 πρώτου
475 1008 857 1079 ὲπιτηρεῖσθαι
885 1009 944 1062 τὸ
971 1011 1162 1081 Πάσχα
1189 1012 1493 1078 συνέταξεν,
1518 1015 1618 1068 ούκ
1646 1015 1804 1070 ἄλλου

227 1098 386 1153 τούτο
439 1096 627 1169 χάριν,
664 1100 697 1171 ἢ
741 1100 828 1154 ἴνα
861 1100 1000 1154 κατὰ
1035 1102 1267 1173 μίμησιν
1312 1104 1406 1158 τοῦ
1444 1106 1542 1175 τῆς
1576 1105 1807 1178 σελήνης

231 1192 410 1259 φωτὸς
440 1192 624 1261 πλήρη
661 1190 751 1243 τδν
782 1191 910 1244 ἴδιον
937 1191 1134 1245 κύκλον
1163 1193 1416 1264 ἐχούσης,
1451 1194 1544 1247 τὸν
1578 1195 1678 1265 μὲν
1706 1198 1805 1267 τῆς

227 1283 467 1345 διανοίας
524 1283 785 1354 φωστῆρα
817 1286 978 1353 ἡμεῖς
1006 1284 1211 1339 τέλεον
1253 1286 1487 1357 ἔχοντες,
1537 1290 1595 1340 ὲν
1630 1288 1804 1358 σκότῳ

227 1373 508 1444 ἁμαρτίας
544 1373 618 1444 μὴ
647 1373 1038 1445 διατρίϐωμεν,
1075 1375 1364 1441 θάλλοντες
1386 1377 1445 1430 δέ
1473 1395 1575 1431 που
1605 1396 1802 1432 παντο-

227 1467 459 1521 δαπέσιν
485 1468 729 1537 ἀρεταῖς,
756 1467 851 1519 καὶ
884 1471 995 1531 τοῖς
1037 1471 1243 1523 τούτων
1279 1468 1528 1533 πετάλοις
1558 1464 1645 1523 οἷα
1679 1487 1804 1541 τερ-

226 1558 336 1611 πνά
367 1558 511 1627 φυτὰ
536 1559 887 1628 σκεπόμενοι,
903 1557 1071 1629 ληΐων
1100 1560 1258 1632 δίκην
1281 1561 1498 1633 φαιδροὶ
1515 1560 1803 1631 διαμείνω-

229 1665 353 1717 μεν.
398 1649 1010 1719 Τεσσαρεσκαιδεκάτην
1056 1649 1113 1702 δὲ
1162 1650 1256 1703 τοῦ
1309 1649 1477 1722 μηνὸς
1509 1651 1688 1719 λέγει,
1739 1652 1800 1704 ού

225 1738 373 1791 κατὰ
408 1738 499 1791 τὸν
531 1738 755 1809 ἡλιακὸν
804 1738 1023 1803 κύκλον,
1060 1738 1196 1793 ἀλλὰ
1238 1741 1381 1794 κατὰ
1417 1742 1517 1812 τήν
1548 1742 1795 1812 σελήνην.

235 1827 512 1898 Ἐϐραίων
539 1827 650 1904 γάρ
694 1829 901 1893 παῖδες,
934 1832 1033 1884 οὐκ
1066 1832 1131 1886 ἐκ
1172 1832 1266 1885 τοῦ
1300 1809 1528 1902 ἡλιακοῦ
1573 1809 1794 1905 apem,
1828 1809 1872 1864 Β

223 1919 341 1972 ἀλλ’
390 1920 454 1971 ἐκ
485 1919 581 1972 τοῦ
629 1920 729 1989 τῆς
774 1921 1004 1993 σελήνης
1052 1921 1253 1976 κύκλου
1288 1925 1378 1976 τὸν
1428 1926 1571 1995 μῆνα
1625 1929 1796 1979 ποιεῖν

227 2011 632 2083 ὲπαιδεύθησαν
653 2030 667 2042 ·
709 2012 896 2084 ἐπειδὴ
923 2014 1018 2067 καὶ
1046 2015 1074 2067 δ
1107 2016 1212 2085 μὴν
1240 2016 1380 2070 κατὰ
1410 2016 1468 2070 τὸ
1498 2017 1669 2087 ὄνομα
1696 2018 1797 2087 τῆς

229 2102 456 2173 σελήνης
485 2101 727 2168 λέγεται.
759 2102 919 2173 Μήνη
951 2102 1060 2174 γὰρ
1082 2102 1218 2175 αὕτη
1237 2105 1558 2175 ὀνομάζεται
1589 2106 1795 2161 Ἐλλάδι

227 2196 290 2264 τῇ
321 2195 494 2263 φωνῇ.
524 2193 814 2263 Αἰγύπτιοι
845 2195 975 2264 γοῦν
1014 2195 1227 2267 πρῶτον
1256 2195 1346 2249 διὰ
1369 2196 1430 2249 τὸ
1454 2196 1545 2250 τὸν
1574 2197 1674 2266 τῆς
1704 2215 1795 2252 σε-

227 2283 393 2354 λήνης
423 2285 627 2356 δρόμον
666 2286 925 2351 ὀξύτατον
948 2282 1106 2350 εἶναι,
1140 2288 1236 2340 καὶ
1264 2290 1329 2341 ὲκ
1346 2287 1535 2341 τούτου
1564 2290 1791 2360 συμϐαί-

227 2391 334 2427 νειν
383 2375 595 2448 πλάνην
630 2376 743 2432 τῶν
787 2379 1007 2449 ἡμερῶν
1057 2380 1208 2451 παρά
1244 2396 1355 2432 τισι
1403 2380 1677 2448 γενέσθαι,
1736 2381 1795 2446 ἐξ

228 2464 379 2532 ἡλίου
413 2467 512 2530 τὰς
532 2466 628 2521 τοῦ
664 2469 834 2539 μηνὸς
866 2469 1080 2540 ἡμέρας
1108 2471 1408 2543 ἐπενόησαν
1439 2471 1793 2542 ψηφίζεσθαι,

230 2554 555 2628 βραδύτερον
584 2558 680 2613 τοῦ
711 2560 812 2629 τῆς
843 2560 1071 2631 σελήνης
1100 2562 1238 2614 κατὰ
1264 2563 1353 2615 τὸν
1375 2562 1569 2615 ἑαυτοῦ
1595 2564 1795 2634 δρόμον

228 2648 566 2717 κινουμένου,
599 2649 675 2713 ὡς
690 2650 787 2704 καὶ
814 2649 1114 2721 δυναμένου
1150 2652 1338 2704 τοῦτον
1369 2654 1445 2721 (5)
1475 2656 1601 2724 ῥᾷον
1630 2671 1795 2711 κατα·

228 2735 616 2807 λαμϐάνεσθαι.

296 2828 369 2880 B‘.
411 2829 632 2884 Τούτων
674 2832 851 2884 τοίνυν
890 2831 1063 2896 οὕτως
1105 2832 1295 2895 ὄντων,
1345 2833 1527 2887 πολλοὶ
1569 2837 1661 2888 καί
1705 2835 1795 2889 τὸν

230 2921 441 2990 πρῶτον
479 2922 626 2992 μῆνα
655 2921 748 2975 τοῦ
788 2922 1031 2976 ἐνιαυτοῦ
1062 2923 1373 2978 συντέλειαν
1401 2924 1531 2978 ὄντα
1560 2925 1657 2994 τῆς
1680 2942 1792 2995 χει-

233 3013 448 3082 μερινῆς
472 3014 702 3083 τροπῆς.
724 3013 798 3076 ὡς
825 3014 1041 3085 πρῶτον
1059 3013 1126 3066 δι’
1155 3014 1277 3067 ὅλου
1299 3014 1601 3069 τάττουσιν.
1628 3016 1796 3070 Τοῦτο

228 3098 287 3152 δὲ
326 3102 573 3155 ποιοῦσιν
622 3101 941 3170 ἀγνοοῦντες
973 3103 1052 3173 (4)
1093 3105 1124 3155 ὁ
1165 3104 1266 3172 τῆς
1318 3105 1540 3175 ἐαρινῆς
1586 3107 1795 3176 τροπῆς

230 3192 560 3263 ἀρχομένης,
586 3195 710 3264 ἥτις
748 3194 856 3248 άπὸ
884 3194 984 3264 τῆς
1013 3185 1121 3266 πρὸ
1162 3195 1227 3264 ιβ’
1263 3195 1542 3251 καλανδῶν
1587 3197 1795 3270 Ἀπριλ-

228 3283 338 3336 λίου
384 3286 676 3355 τυγχάνει·
707 3287 735 3340 ὃ
775 3288 926 3341 ἐστιν
962 3287 1038 3358 (5)
1089 3287 1348 3357 Φαμενὼθ
1410 3297 1505 3351 κε’,
1549 3291 1792 3361 Μαρτίου

228 3381 310 3426 κα¹
363 3376 531 3443 (κατὰ
569 3375 627 3428 δὲ
673 3375 898 3446 Σύρους,
965 3377 1289 3446 Ἀντιοχέας,
1333 3379 1427 3432 καὶ
1477 3379 1794 3444 Μακεδόνας

226 3465 478 3535 Μαρτίου
504 3473 608 3531 κα¹,
631 3467 872 3541 Δύστρου
906 3470 1004 3539 μιᾷ
1027 3470 1122 3523 καὶ
1143 3469 1338 3541 εἰκάδι)
1367 3472 1509 3525 κατὰ
1527 3472 1619 3525 τὸν
1646 3474 1795 3544 ήλια-

226 3557 319 3608 κδν
345 3557 581 3628 δρόμονο
615 3559 684 3629 ἧν
718 3561 999 3630 ἐπιτηρεῖν
1033 3564 1297 3632 προσήκει
1339 3562 1591 3633 μάλιστα,
1629 3569 1793 3635 μήπω

226 3648 423 3720 ταύτης
444 3649 743 3722 κατωτέρω
770 3650 1198 3723 πεπλανημένως
1226 3671 1331 3718 τις,
1360 3656 1456 3725 τὴν
1492 3673 1791 3727 τεσσαρεσ-

230 3738 614 3793 καιδεκαταίαν
688 3741 832 3794 κατά
883 3742 1112 3813 σελήνην
1165 3744 1331 3809 τάξας
1380 3744 1656 3819 διαμάρτῃ
1699 3746 1791 3800 τοῦ

231 3827 438 3897 Πάσχα,
472 3830 549 3892 ὡς
578 3829 673 3882 τού
697 3829 914 3901 πρώτου
945 3832 1111 3903 μηνὸς
1140 3833 1375 3904 νομίζων
1397 3832 1532 3887 εἶναι
1566 3837 1789 3906 ταύτην.

230 3918 300 3970 Ού
334 3919 442 3991 γάρ
490 3922 549 3973 ἐν
580 3920 660 3990 τῷ
691 3921 982 3994 δωδεκάτῳ
1029 3925 1158 3995 μηνὶ
1204 3927 1522 3998 χειμερινῆς
1561 3931 1789 4000 τροπῆς,

228 4006 303 4072 ὡς
330 4014 609 4081 προεῖπον,
646 4011 811 4083 οὔσης
841 4016 869 4067 ὀ
893 4014 1001 4069 τῶν
1040 4016 1175 4068 νέων
1202 4018 1452 4070 τάττεται
1483 4019 1612 4089 μὴν,
1642 4019 1794 4074 οὔπω

226 4099 332 4152 τῶν
359 4103 591 4171 καρπῶν
615 4103 723 4157 τῶν
750 4105 885 4157 νέων
914 4106 1321 4176 πεπονημένων,
1355 4108 1475 4162 οὐδὲ
1497 4109 1792 4181 δυναμένου

228 4191 490 4262 δμπάνου
528 4196 586 4246 ὲν
615 4195 812 4266 ἀμητῷ
842 4197 1189 4267 πέμπεσθαι·
1223 4200 1379 4254 τοῦτο
1414 4201 1526 4273 γάρ
1561 4204 1793 4273 μάλιστα

232 4288 448 4355 σημεῖον
480 4285 574 4338 τοῦ
605 4285 821 4358 πρώτου
856 4288 1021 4358 μηνὸς
1052 4291 1080 4342 ὁ
1111 4290 1253 4354 θεῖος
1281 4290 1435 4357 ἔταξε
1469 4294 1649 4365 νόμος.

1908 558 1994 615 die
2046 563 2236 617 mensis
2289 565 2469 632 primi.
2526 564 2767 621 Mensem
2822 573 3003 622 autem
3055 567 3265 622 Novum
3314 569 3474 635 dixit,

1912 669 2073 722 quem
2110 660 2164 709 et
2192 655 2427 724 primum
2481 664 2662 723 vocat,
2699 658 2753 711 in
2784 673 2894 728 quo
2936 660 3112 713 adulti
3148 658 3360 715 fructus
3394 659 3473 731 (ξ)

1907 744 2201 799 adventum
2225 761 2385 801 suum
2410 749 2798 817 praenuntiant,
2818 755 3063 805 veterum
3086 752 3472 808 cessationem.

1907 836 1963 890 In
1995 835 2208 890 decima
2232 846 2426 905 quarta
2455 848 2633 892 autem
2664 839 2752 894 die
2781 839 2944 895 istius
2963 840 3124 909 primi
3144 842 3349 897 mensis
3374 843 3477 897 oh-

1907 928 2114 981 servari
2133 925 2342 981 Pascha
2367 928 2649 997 praecepit,
2667 943 2775 983 non
2794 939 3014 1000 propter
3031 932 3193 986 aliam
3219 946 3467 997 causam,

1907 1022 2013 1077 nisi
2049 1029 2274 1093 propter
2311 1020 2728 1079 similitudinem
2756 1022 2916 1086 lunae,
2951 1039 3073 1092 qua:
3098 1031 3231 1078 tunc
3269 1024 3323 1079 in
3365 1024 3473 1081 fut-

1907 1126 2035 1183 gore
2071 1112 2288 1180 plenum
2318 1110 2480 1164 habet
2514 1110 2730 1181 globum
2753 1111 3058 1181 pr0prium,
3103 1119 3165 1166 ut
3205 1128 3307 1168 nos
3336 1127 3473 1184 quo-

1904 1217 2011 1272 que
2034 1201 2337 1271 perfectum
2366 1200 2711 1270 splendorem
2744 1200 2864 1255 lidei
2898 1208 2955 1255 et
2975 1216 3169 1257 sensus
3197 1213 3488 1273 gerentem,

1904 1309 1935 1347 a
1964 1294 2170 1363 peccati
2201 1294 2447 1349 tenebris
2473 1308 2841 1365 segregemur,
2866 1303 2921 1348 et
2952 1302 3012 1348 ut
3035 1296 3267 1365 vegetati
3299 1296 3474 1350 diver-

1904 1401 2087 1440 sarum
2121 1388 2391 1441 varietate
2425 1387 2712 1451 virtutum,
2746 1400 3047 1455 earumque
3094 1388 3259 1455 foliis,
3305 1390 3485 1444 veluti-

1903 1487 2133 1530 alumna:
2158 1475 2376 1531 arboris
2409 1475 2826 1532 adumbratione
2849 1477 3030 1541 velati,
3054 1483 3311 1546 tanquam
3340 1479 3489 1535 laeta-

1903 1577 2067 1637 atque
2134 1567 2436 1623 fructifera:
2498 1576 2710 1639 segetes
2782 1567 3132 1638 pullulemus.
3193 1570 3469 1625 Decimum

1903 1666 2161 1727 quartum
2209 1666 2391 1715 autem
2426 1659 2570 1714 diem
2606 1659 2812 1715 mensis
2842 1660 3100 1729 appellat,
3135 1676 3242 1715 non
3274 1676 3472 1719 securi-

1902 1748 2029 1802 dum
2058 1750 2191 1807 solis
2228 1766 2453 1807 cursum
2476 1790 2491 1814 ,
2541 1750 2634 1806 sed
2667 1750 2967 1806 secundum
3019 1752 3223 1809 lunam.
3263 1750 3469 1808 Hebraei

1900 1842 2043 1894 enim
2078 1858 2185 1898 non
2206 1859 2272 1897 ex
2303 1845 2436 1900 solis
2464 1859 2653 1910 cursu,
2684 1845 2781 1899 sed
2807 1859 2874 1899 ex
2892 1845 3036 1899 lunae
3051 1844 3206 1914 cyclo
3232 1858 3470 1900 mensem

1900 1929 2015 1986 ﬁeri
2035 1925 2238 1988 debere
2262 1935 2538 2000 dixerunt,
2570 1934 2829 2005 quoniam
2848 1942 2903 1989 et
2932 1935 3136 1989 mensis
3167 1933 3469 1988 secundum

1898 2023 2084 2077 lunam
2115 2025 2335 2088 dicitur,
2371 2039 2683 2097 nomenque
2718 2026 2925 2081 Achiva
2963 2025 3145 2095 lingua
3184 2024 3334 2078 Mene
3367 2038 3471 2079 vo-

1897 2122 2079 2168 catur.
2122 2113 2361 2185 Egyptii
2395 2116 2542 2171 enim
2574 2117 2759 2186 primi,
2791 2123 3016 2186 propter
3040 2117 3184 2170 luna:
3216 2116 3470 2171 celerita-

1897 2212 2030 2269 tem,
2069 2220 2132 2259 ex
2167 2220 2276 2274 qua
2308 2206 2453 2275 apud
2486 2206 2750 2276 quosdam
2779 2206 2988 2262 dierum
3011 2219 3169 2261 error
3196 2206 3350 2260 nasci
3379 2221 3469 2261 so—

1898 2295 2066 2361 lebat,
2110 2313 2174 2351 ex
2216 2298 2351 2352 solis
2382 2313 2549 2352 cursu
2588 2314 2804 2354 menses
2836 2313 2899 2352 ac
2941 2298 3058 2352 dies
3089 2297 3468 2367 supputandos

1898 2386 2117 2442 facilius
2162 2389 2541 2454 crediderunt,
2586 2404 2654 2444 eo
2698 2388 2844 2458 quod
2884 2389 2966 2443 sol
3008 2387 3216 2442 tardius
3269 2389 3465 2442 caelum

1896 2491 2060 2547 quam
2103 2478 2230 2531 luna
2277 2479 2602 2543 circumeat,
2650 2488 2814 2547 atque
2858 2479 2979 2533 idco
3023 2478 3196 2545 possit
3251 2477 3476 2537 facilius

1895 2566 2306 2637 comprehendi.

1965 2823 2028 2879 ll.
2049 2823 2145 2880 llis
2168 2823 2335 2896 igitur
2363 2821 2437 2878 ita
2470 2839 2528 2880 se
2555 2824 2905 2892 habentibus,
2937 2826 3091 2882 multi
3122 2836 3173 2882 et
3202 2827 3441 2898 primum

1898 2932 2164 2981 mensem,
2206 2924 2262 2972 et
2295 2917 2351 2971 in
2381 2931 2445 2972 eo
2478 2915 2700 2972 Pascha:
2729 2917 2999 2972 decimum
3036 2927 3291 2988 quartum
3321 2919 3467 2974 diem

1898 3010 2168 3074 nesciunt,
2190 3009 2318 3078 quia
2341 3008 2675 3079 frequenter,
2699 3009 2993 3065 secundum
3018 3010 3298 3075 Hebraeos,
3329 3012 3467 3065 duo-

1896 3101 2169 3156 decimum
2194 3101 2324 3156 anni
2355 3116 2624 3165 mensem,
2647 3100 2859 3157 hiberni
2890 3102 3149 3171 temporis
3180 3102 3463 3156 mutationi

1896 3191 2169 3247 continent
2205 3201 2371 3261 atque
2400 3190 2745 3261 contiguum,
2780 3200 2837 3245 ut
2864 3206 2957 3259 per
2993 3192 3176 3246 omnia
3207 3193 3462 3261 primum.

1895 3288 2170 3337 statuunt.
2206 3268 2320 3335 HOc
2351 3288 2532 3335 autem
2567 3278 2797 3342 faciunt,
2832 3279 2960 3349 quia
2989 3294 3167 3334 verna:
3211 3278 3465 3331 immutu-

1897 3372 2333 3442 tionisignorant
2356 3371 2593 3435 initium,
2618 3369 2767 3440 quod
2786 3369 3170 3423 duodecimum
3192 3368 3463 3421 Kalendas

1895 3461 2096 3533 Aprilis
2126 3461 2295 3525 diem,
2321 3461 2485 3529 juxta.
2509 3458 2644 3514 solis
2692 3473 2937 3518 cursum,
2969 3472 3181 3527 semper
3212 3455 3462 3518 incurrit,

1892 3551 2039 3623 quod
2079 3562 2204 3607 ante
2239 3550 2425 3607 omnia
2476 3550 2773 3606 observare
2818 3564 2918 3603 nos
2959 3548 3237 3610 convenit,
3286 3562 3371 3611 ne,
3417 3546 3468 3600 si

1895 3644 2034 3698 forte
2070 3645 2122 3696 in
2159 3644 2261 3698 hac
2298 3643 2417 3713 ipsa
2454 3641 2758 3698 mutatione
2794 3639 3023 3696 inferius
3060 3639 3240 3694 adhuc
3269 3646 3323 3692 et
3345 3637 3460 3691 lon-

1894 3737 2018 3806 gius
2052 3736 2378 3798 constituta,
2419 3750 2517 3805 per
2550 3726 2791 3789 errorem
2837 3733 2961 3803 quis
2994 3732 3260 3787 decimam
3302 3745 3468 3819 qua}-

1895 3833 2003 3876 tam
2049 3831 2329 3893 computet
2358 3824 2568 3886 lunam,
2611 3822 2667 3877 in
2713 3821 2996 3878 Paschalis
3030 3821 3226 3875 calculi
3257 3820 3468 3875 ratione

1893 3913 2133 3979 fallatur,
2167 3913 2323 3983 quasi
2368 3912 2532 3982 primi
2559 3927 2680 3967 eam
2708 3913 2987 3967 aestimans
3020 3911 3244 3966 mensis.
3282 3908 3472 3980 Neque

1894 4006 2038 4059 enim
2085 4006 2140 4058 in
2176 4004 2506 4060 duodecimo
2538 4019 2746 4071 mense,
2783 4013 3027 4073 tempore
3058 4002 3239 4057 adhuc
3268 4001 3467 4057 hiemis

1893 4096 2218 4159 exsistenle,
2249 4102 2309 4150 ut
2342 4096 2499 4164 prius
2527 4095 2662 4159 dixi,
2698 4110 2964 4150 novorum
2996 4094 3272 4148 fructuum
3308 4094 3464 4162 poni-

1894 4193 1984 4239 tur
2011 4186 2241 4251 mensis,
2268 4201 2368 4243 nec
2396 4185 2525 4239 dum
2554 4184 2831 4240 fructibus
2871 4186 3031 4239 novis
3057 4183 3471 4238 maturescenti-

1895 4276 2020 4338 bus,
2071 4274 2516 4345 quandoquidem
2553 4291 2655 4330 nec
2690 4275 2861 4330 falces
2910 4275 3144 4344 supponi
3195 4274 3466 4329 messibus

1897 4374 2151 4436 possunt,
2201 4367 2305 4421 hoc
2336 4367 2482 4421 enim
2520 4366 2758 4421 maxime
2801 4367 3013 4437 signum
3061 4365 3219 4435 primi
3260 4365 3470 4421 mensis

1778 4475 1788 4483 ο
1823 4501 1860 4512 ,κ
1899 4458 1980 4511 lex
2007 4457 2191 4512 divina
2222 4457 2532 4512 constituit.

297 4538 371 4593 IV.
412 4541 556 4594 Ἀλλ’
591 4543 714 4597 ἐπεὶ
746 4546 1032 4614 ωμὸαίνει
1062 4548 1332 4616 προφάσει
1369 4550 1466 4619 τῆς
1498 4566 1793 4621 τεσσαρεσ-

234 4631 613 4696 καιδεκαταίας
655 4636 793 4688 κατὰ
826 4637 1055 4707 σελήνην
1082 4638 1173 4692 τοῦ
1199 4640 1361 4693 αὑτοῦ
1383 4639 1600 4710 πρώτου
1628 4641 1794 4711 μηνὸς

234 4719 312 4781 εἰς
340 4719 547 4790 πλάνην
589 4722 962 4790 ἐμπίπτοντάς
991 4742 1144 4788 τινας
1172 4728 1500 4798 ἀπαντώσης
1535 4729 1703 4796 αὐτῆς
1737 4730 1793 4780 ἐν

236 4806 514 4878 κυριακῇ,
545 4808 580 4877 ἦ
617 4810 673 4861 ὲν
720 4810 1012 4881 Σαϐϐάτῳ,
1047 4814 1324 4884 περιλύειν
1371 4816 1469 4877 τὰς
1509 4818 1791 4885 νηστείας,

229 4898 681 4968 τρισκαιδεκάτης
708 4901 1103 4975 εὐρισκομένης
1124 4906 1243 4960 τότε
1273 4908 1415 4962 κατὰ
1444 4907 1691 4979 σελήνην,
1720 4908 1794 4974 ὡς

233 4980 354 5045 ξένα
392 4984 487 5037 τοῦ
526 4984 698 5056 νόμου
731 4989 994 5058 πράττειν
1017 5006 1030 5019 ο
1066 4992 1226 5046 τοῦτο
1255 4997 1473 5047 σκοπεῖν
1504 4998 1791 5065 προσήκει,

231 5075 310 5128 ὅτι
341 5094 445 5147 περ
488 5080 538 5130 εἰ
582 5078 761 5150 συμϐῇ
797 5084 897 5150 τὴν
927 5082 1095 5153 αὐτὴν
1145 5087 1795 5157 τεσσαρεσκαιδεκαταίαν

232 5166 329 5235 τῆς
362 5169 590 5239 σελήνης
637 5172 695 5223 ὲν
729 5173 983 5244 Κυριακῇ
1024 5176 1387 5245 εὑρίσκεσθαι,
1433 5182 1510 5242 εἰς
1542 5181 1638 5251 τὴν
1669 5182 1797 5251 ὲξῆς

234 5256 496 5329 ἑϐδομάδα
523 5260 746 5331 ἄμεινον
789 5264 1196 5334 ὑπερτίθεσθαι,
1237 5267 1328 5321 δύο
1361 5269 1564 5323 τούτων
1603 5271 1792 5325 ’ἐνεκαο

236 5350 441 5418 πρῶτον
476 5354 575 5422 μὲν
609 5354 696 5407 ἵνα
731 5355 806 5425 μὴ
846 5359 1355 5427 τρισκαιδεκαταίας
1384 5363 1524 5416 κατὰ
1547 5365 1792 5435 σελήνην,

233 5438 505 5496 Σαὸδάτου
550 5445 673 5498 τότε
708 5448 1123 5519 εὑρισκομένου,
1160 5451 1537 5524 περιλύσωμεν
1570 5456 1669 5519 τὰς
1698 5474 1795 5527 νη-

236 5532 436 5598 στείας
481 5538 618 5609 ὅπερ
651 5540 752 5592 οὐκ
795 5540 1111 5605 ἀκόλουθον,
1165 5542 1259 5595 τοῦ
1297 5545 1461 5615 νόμου
1516 5548 1672 5601 τοῦτο
1722 5561 1794 5620 μή

306 5665 380 5741 (ἓ)
418 5667 750 5741 Ycrtemlum
780 5682 901 5727 crat
936 5676 1155 5741 factum.

308 5737 379 5804 (3)
417 5737 574 5797 Forte
601 5742 690 5796 διὰ
717 5744 894 5797 τοῦτο.

1968 4548 2062 4603 lli.
2098 4547 2203 4603 Sed
2236 4547 2363 4617 quia
2407 4547 2660 4603 accidere
2704 4548 2977 4603 interdum
3012 4547 3172 4615 solet,
3207 4555 3265 4601 ut
3305 4562 3473 4601 occaa

1900 4641 2053 4697 sione
2086 4640 2312 4695 decima:
2340 4646 2550 4708 quarta}
2574 4639 2716 4693 lume
2747 4640 2909 4708 primi
2946 4639 3179 4701 mensis.
3216 4639 3467 4692 nonnulli

1898 4721 1951 4785 in
1984 4747 2226 4788 errorem
2257 4732 2480 4792 cadant,
2529 4732 2575 4784 si
2618 4731 2831 4785 decima
2862 4739 3057 4800 quarta
3100 4732 3216 4800 ipsa
3249 4732 3374 4784 luna
3410 4731 3466 4783 in

1900 4823 2242 4879 Dominicum
2272 4823 2415 4877 diem
2447 4822 2627 4875 veniat
2659 4825 2791 4891 (quo
2814 4820 2958 4874 facto
2990 4836 3216 4875 necche
3242 4828 3327 4875 est
3350 4820 3466 4889 jam

1892 4915 2163 4985 jejunium
2216 4915 2352 4970 solvi
2384 4912 2607 4968 Sabbati
2645 4913 2752 4974 die,
2796 4913 3013 4979 quando
3054 4913 3261 4967 decima
3304 4913 3465 4967 tertia

1899 4986 2023 5061 luna
2051 5007 2346 5070 invenitur,
2382 5012 2436 5058 ct
2465 5003 2759 5073 incipimus
2791 5004 2893 5074 legi
2928 5004 3204 5058 contraria
3238 5006 3462 5069 facere),

1897 5098 2151 5150 convenit
2192 5096 2293 5149 hoc
2333 5095 2624 5164 diligenter
2664 5095 2967 5157 attendere,
3016 5103 3073 5148 ut
3115 5094 3332 5163 quoties
3369 5095 3466 5148 dc-

1897 5188 2037 5240 cima
2067 5195 2265 5254 quarta
2310 5186 2437 5239 luna
2472 5185 2526 5238 in
2559 5183 2905 5238 Dominicum
2940 5185 3177 5238 incurrit
3203 5185 3368 5241 diem.
3406 5182 3459 5235 in

1899 5286 2213 5347 sequentem
2237 5277 2597 5346 septimanam
2631 5275 2952 5332 Paschalcm
2974 5276 3116 5331 diem
3154 5278 3332 5346 potius
3360 5275 3466 5328 dil-

1902 5369 2161 5424 feramus.
2205 5368 2417 5437 Duplici
2461 5369 2562 5423 hac
2584 5385 2751 5425 causa
2793 5389 2805 5425 :
2838 5369 3079 5423 Primum
3110 5368 3348 5437 quidem,
3373 5382 3467 5427 ne.

1899 5459 2109 5513 decima
2140 5461 2298 5514 tertia
2322 5461 2449 5513 luna
2478 5461 2719 5524 inventa,
2750 5461 2805 5514 in
2836 5460 3057 5514 Sabbati
3085 5459 3172 5513 die
3188 5458 3463 5511 solvamus

1894 5550 2165 5622 jejunium
2201 5570 2212 5604 :
2239 5551 2383 5620 quod
2415 5566 2758 5621 consequens
2783 5566 2891 5605 non
2913 5557 3014 5613 est,
3047 5547 3190 5617 quod
3224 5561 3320 5600 nec
3351 5546 3469 5614 ipsa

1968 5684 2042 5753 (ι)
2087 5682 2271 5737 Mutila
2328 5692 2457 5736 sunt
2488 5684 2573 5737 hic
2605 5682 2809 5737 Graeca.

1958 5749 2034 5825 (Β)
2072 5753 2201 5819 ρικυ
2227 5754 2558 5807 clauduntur
2579 5752 2914 5819 parenthesi,
2944 5749 3143 5804 omittit
3174 5749 3462 5820 interpres.
