4034 6340
534 386 594 442 5t
1532 387 1895 446 TlliiOPilllJ
1942 384 2091 440 EPlS

2204 387 2250 441 91
2289 388 2762 446 ALEXANDRlNl
3711 386 3782 442 52

533 500 625 558 les
669 501 950 572 praecipit;
992 506 1226 560 maxime
1273 519 1395 558 cum
1442 512 1495 557 et
1539 503 1721 557 lumen
1763 501 1938 572 ipsius
1969 503 2095 557 luna

2215 501 2639 574 προστάξαντος,
2674 499 2809 555 ἀλλὰ
2841 500 2934 554 καὶ
2976 497 3069 553 τοῦ
3111 497 3396 570 φωστῆρος
3422 496 3518 568 τῆς
3555 495 3781 566 σελήνης

531 592 912 666 imperfectum
941 597 1118 651 adhuc
1145 597 1197 650 in
1227 596 1448 666 proprio
1480 594 1645 666 globo
1680 609 1806 651 esse
1831 596 2104 652 videatur.

531 685 766 752 Deinde,
805 704 895 754 ne,
951 687 1231 744 Dominica
1273 686 1402 740 luna
1444 687 1662 742 decima
1722 695 1918 760 quarta
1956 686 2107 742 exsi-

533 790 734 844 stente,
770 779 1024 850 jejunare
1065 793 1366 849 cogamur;
1413 779 1759 836 indecentem
1800 795 1914 836 rem
1947 778 2110 834 illici-

529 879 756 942 tamque
785 867 1050 926 iacientes
1082 889 1096 926 :
1149 871 1258 926 hoc
1305 871 1454 928 enim
1496 870 1921 927 Maniclueorum
1961 879 2110 926 recte

531 961 874 1017 consuetudo
895 960 1160 1030 possidet.
1186 959 1458 1028 Quoniam
1491 962 1657 1032 igitur
1671 962 1886 1017 decima
1907 969 2108 1032 quarta

535 1053 662 1104 luna
703 1050 954 1105 veniente
987 1050 1042 1104 in
1096 1049 1436 1108 Dominicam
1480 1053 1647 1118 diem,
1691 1053 1946 1123 jejunare
1997 1066 2107 1106 non

529 1143 816 1208 debemus,
853 1158 1032 1212 neque
1065 1159 1415 1216 consequens
1452 1152 1558 1208 est,
1595 1155 1654 1200 ut
1689 1146 1735 1200 si
1779 1146 1835 1198 in
1883 1143 2106 1199 Sabbati

526 1233 615 1286 die
647 1232 860 1286 decima
886 1243 1080 1303 quarta
1110 1237 1236 1289 luna
1264 1235 1466 1298 veniat,
1486 1238 1764 1292 solvamus
1796 1234 2102 1306 jejunium:

525 1324 842 1380 necessario
860 1327 1165 1382 asserimus
1194 1327 1296 1382 hoc
1319 1328 1372 1382 in
1405 1329 1770 1398 scptimanam
1789 1337 2104 1397 sequentem

523 1412 724 1468 debere
769 1412 1000 1478 differri,
1055 1415 1218 1470 sicuti
1271 1417 1436 1486 paulo
1481 1416 1740 1487 superius
1787 1416 1936 1483 dixi;
1999 1432 2106 1471 non

504 1499 707 1558 'tamen
737 1519 804 1560 ex
834 1505 934 1560 hac
955 1505 1239 1572 dilatione,
1273 1509 1722 1576 praevaricatione
1745 1508 1927 1578 aliqua
1957 1508 2104 1563 circa

523 1595 845 1652 Paschalem
901 1597 1169 1653 circulum
1234 1608 1569 1670 perpetrata.
1630 1599 2103 1665 Quemadmodum

522 1687 670 1742 enim
703 1687 951 1745 decimus
969 1705 1234 1746 numerus
1263 1691 1654 1762 complectitur
1683 1706 1914 1753 nonum,
1946 1689 2026 1744 sic
2053 1697 2103 1744 et

522 1781 742 1850 quoties
775 1781 990 1838 decima
1029 1791 1224 1853 quarta
1261 1784 1392 1838 luna
1433 1784 1490 1837 in
1539 1783 1878 1838 Dominicam
1920 1783 2107 1838 incur—

2210 592 2290 646 ἔτι
2335 611 2442 664 περ
2471 592 2701 658 ἀτελοῦς
2728 595 2859 666 περὶ
2886 593 2978 647 τὸν
3018 591 3216 645 κύκλον
3256 590 3344 643 τὸν
3387 592 3580 642 ἑαυτοῦ
3608 589 3774 652 ὄντος.

2214 687 2442 739 Ἔπειτα
2489 685 2576 738 ἵνα
2610 684 2686 757 μὴ
2717 685 2811 739 καὶ
2853 683 3138 757 Κυριακῆς
3163 681 3346 753 οὔσης,
3375 681 3467 735 ml.
3494 697 3786 750 τεσσαρεσ-

2215 777 2597 869 καιδεκσσαίας
2662 777 2804 832 κατὰ
2851 776 3082 848 σελήνην
3132 772 3503 869 ὑπαρχούσης,
3545 773 3785 869 ἀναχκα-

2215 861 2765 939 σθῶμεν’νηστεύειν,
2797 866 3045 939 ἀπρεπὲς
3077 866 3310 936 πρᾶγμα
3339 861 3639 924 ποιοῦντες.
3671 863 3788 914 Μα-

2209 957 2432 1027 νιχαὶων
2459 958 2568 1028 γάρ
2607 958 2754 1011 ἐστιν
2780 957 2908 1010 ἴδιον
2939 957 3172 1027 πρᾶγμα
3194 953 3255 1006 τὸ
3289 950 3547 1006 τοιοῦτον.
3579 950 3787 1003 Οὐκοῦν

2211 1049 2401 1118 ἐπειδὴ
2429 1049 2550 1102 οὑδέ
2579 1049 2678 1119 τῆς
2710 1044 3366 1120 τεσσαρεσκαιδεκαταίας
3390 1043 3532 1096 κατὰ
3559 1041 3787 1111 σελήνην

2213 1139 2271 1191 ἐν
2321 1141 2574 1212 Κυριακῇ
2625 1141 3018 1212 εὑρισκομένης
3057 1139 3340 1210 νηστεύειν
3375 1137 3476 1199 δεῖ,
3507 1133 3634 1188 οὔτε
3663 1133 3789 1188 ἀκό-

2209 1231 2398 1284 λουθον
2445 1234 2503 1284 ἐν
2535 1232 2798 1302 Σαϐϐάτῳ
2829 1231 3278 1303 τρισκαιδεκάτής
3308 1226 3638 1298 ἀπαντώσης
3690 1243 3790 1279 πε-

2153 1334 2159 1339 ·
2211 1320 2412 1391 ριλύειν
2441 1321 2541 1385 τὰς
2575 1323 2826 1392 νηστείας
2848 1339 2860 1352 ·
2890 1322 3163 1391 ἀναγκαία
3192 1323 3224 1392 ἡ
3259 1320 3551 1392 ὑπέρθεσις
3583 1321 3665 1381 εἰς
3693 1317 3790 1386 τὴν

2208 1409 2339 1482 ἑξῆς
2369 1412 2664 1483 ἑϐδομάδα,
2693 1413 2767 1477 ώς
2801 1412 2968 1483 ὀλίγῳ
3000 1412 3236 1484 πρόσθεν
3258 1411 3492 1483 εἴρηται,
3521 1411 3582 1463 οὑ
3619 1428 3793 1481 παρα-

2207 1501 2416 1568 λύσεως
2442 1505 2771 1575 γιγνομένης
2795 1506 2852 1557 ἐν
2873 1505 2952 1575 τῷ
2973 1506 3164 1575 Πάσχα
3184 1503 3271 1557 διὰ
3297 1503 3398 1574 τῆς
3419 1501 3788 1573 ὑπερθέσεως.

2220 1593 2362 1649 Ἀλλ’
2417 1596 2608 1668 ὥσπερ
2639 1598 2667 1649 ὁ
2701 1598 2924 1660 δέκατος
2974 1596 3209 1669 ἀριθμὸς
3259 1594 3658 1668 περιλαμϐάνει
3701 1595 3793 1648 τὸν

2209 1688 2390 1755 ἐννέα,
2425 1689 2601 1754 οὑτως
2626 1691 2658 1760 ἡ
2690 1689 3319 1760 τεσσαρεσκαιδεκαταία
3344 1689 3441 1758 τῆς
3476 1687 3708 1758 σελήνης
3734 1689 3792 1741 ἐν

2210 1781 2468 1851 κυριακῇ
2504 1780 2890 1852 εὑρισκομένη,
2930 1779 3017 1832 διὰ
3046 1780 3107 1832 τὸ
3143 1779 3216 1850 μὴ
3261 1779 3370 1832 δεῖν
3395 1780 3450 1831 ἐν
3493 1779 3668 1850 ταύτῃ
3699 1795 3792 1848 νη-

525 1873 659 1928 rerit
685 1873 846 1938 diem,
879 1889 943 1929 eo
974 1877 1118 1944 quod
1166 1877 1220 1930 in
1266 1891 1330 1930 ea
1380 1876 1634 1945 jejunare
1665 1891 1776 1930 non
1811 1874 1992 1939 liceat,
2045 1875 2095 1930 in

2213 1871 2442 1937 στεύειν,
2479 1873 2559 1935 εἰς
2600 1870 2699 1942 τὴν
2730 1872 2856 1940 ἑξῆς
2888 1871 3157 1943 ἑϐδομάδα
3192 1870 3485 1942 ὑπέρθεσις
3524 1870 3790 1940 γίγνοιτο,

521 1963 825 2033 proximam
857 1964 1216 2033 septimanam
1242 1964 1451 2022 dill'erri
1477 1980 1701 2021 necesse
1718 1973 1802 2022 est
1827 1965 1968 2021 diem
1996 1966 2101 2020 Pa-

521 2053 704 2120 sebae;
743 2055 892 2111 nulla
927 2055 1074 2112 enim
1109 2072 1176 2113 ex
1216 2057 1320 2112 hoc
1364 2057 1679 2112 imminutio
1717 2057 1835 2112 ﬁeri
1878 2058 2102 2114 Pascha:

519 2146 758 2214 videtur,
795 2149 925 2220 quia
960 2165 1055 2205 sex
1095 2160 1387 2220 sequentes
1421 2149 1538 2205 dies
1564 2151 2003 2220 complectuntur
2047 2161 2102 2206 et

520 2239 784 2310 reliquos.

593 2352 681 2407 IV.
705 2354 881 2409 Aliter
908 2364 1112 2420 autem,
1146 2355 1293 2426 quod
1322 2365 1376 2411 et
1406 2356 1659 2412 Salvator
1675 2363 1863 2413 noster
1885 2356 2096 2412 decima

517 2452 714 2514 quarta
745 2447 967 2516 quidem
1017 2455 1101 2502 est
1147 2447 1387 2503 traditus
1437 2449 1586 2512 luna,
1621 2448 1725 2502 hoc
1775 2455 1859 2503 est
1905 2447 2097 2517 quinta

514 2544 640 2605 post
663 2533 958 2592 Sabbatum
977 2554 994 2606 ;
1012 2538 1222 2594 decima
1240 2542 1432 2609 quinta
1450 2548 1630 2596 autem
1659 2539 1977 2604 cruciﬁxus,
2007 2538 2097 2594 die

515 2627 682 2681 tertio
713 2629 1100 2692 resurrexerit,
1131 2629 1236 2684 hoc
1265 2639 1370 2696 est,
1406 2630 1621 2685 decima
1665 2631 1900 2702 septima
1942 2633 2092 2697 luna,

524 2733 650 2787 quae
685 2729 817 2774 tunc
850 2719 905 2773 in
942 2718 1226 2774 Dominica
1266 2721 1354 2776 die
1382 2722 1602 2777 inventa
1629 2731 1746 2789 est;
1777 2724 1919 2778 sicut
1945 2731 1999 2778 et
2029 2739 2094 2778 ex

515 2807 939 2878 Evangelioruln
967 2811 1250 2865 notatione
1267 2811 1659 2880 comperimus.
1674 2809 1949 2868 Habemus
1965 2827 2095 2883 ergo

513 2898 798 2963 solatium,
821 2914 930 2970 quo
957 2908 1106 2954 recte
1131 2899 1308 2956 lacere
1325 2899 1534 2957 Pascha
1558 2903 1855 2973 possimus,
1874 2903 2094 2958 etiamsi

512 2988 712 3044 dilatio
742 2989 908 3044 fuerit
940 3000 1262 3056 consecuta,
1308 3001 1532 3062 propter
1574 2994 1947 3050 incurrentem
1996 3009 2094 3048 ne-

511 3081 848 3148 cessitatem,
888 3091 947 3137 ut
986 3083 1032 3139 si
1068 3081 1279 3140 decima
1307 3095 1501 3155 quarta
1527 3086 1691 3156 primi
1723 3087 1928 3141 mensis
1952 3076 2092 3140 SabL

513 3175 641 3228 bato
671 3177 914 3230 evenerit
951 3177 1102 3240 luna,
1137 3188 1231 3231 aut
1264 3179 1308 3233 si
1351 3188 1477 3233 ante
1526 3179 1825 3233 Sabbatum
1866 3178 1920 3232 in
1967 3179 2090 3233 aliis

511 3265 835 3334 septimanae
864 3269 1146 3338 sequentis
1173 3269 1369 3324 diebus
1400 3270 1684 3333 acciderit,
1722 3270 1844 3324 sine
1871 3269 2092 3323 dubita-

508 3356 663 3412 tione
689 3355 901 3414 Pascha
946 3361 1309 3416 celebremus.
1352 3359 1410 3415 Si
1454 3377 1585 3417 vero
1635 3362 1690 3416 in
1748 3361 2092 3416 Dominicum

509 3445 786 3510 inciderit,
827 3449 1146 3505 omnimodo
1178 3451 1233 3505 in
1265 3452 1626 3521 septimanam
1654 3458 1999 3521 sequentem,
2031 3459 2093 3506 ut

510 3539 714 3609 saepius
763 3541 970 3596 dictum
1019 3551 1126 3607 est,
1187 3543 1578 3606 conferamus,
1624 3543 1756 3614 quia
1808 3541 2090 3598 Dominica

509 3629 870 3688 hebdomadis
901 3633 1076 3705 prima
1108 3635 1227 3690 dies
1253 3644 1354 3700 est,
1391 3643 1447 3689 ut
1487 3636 1640 3705 prius
1667 3634 1804 3689 dixi.

580 3784 648 3841 V.
685 3786 781 3844 His
831 3805 964 3860 ergo
1001 3789 1391 3847 demonstratis
1422 3798 1589 3861 atque
1632 3789 1944 3861 patefactis,
1985 3789 2091 3843 hoc

505 3877 675 3932 etiam
727 3880 1190 3934 considerandum
1227 3888 1335 3943 est,
1375 3881 1521 3952 quod
1554 3891 1609 3936 et
1653 3883 1736 3936 lex
1771 3879 2090 3950 frequenter

505 3984 675 4024 causa
701 3972 1052 4026 necessitatis
1087 3987 1183 4026 eos
1239 3971 1334 4042 qui
1373 3971 1774 4028 constrictione
1821 3971 2089 4041 temporis

503 4061 744 4130 quadam
779 4078 886 4117 non
913 4071 1212 4133 potuerunt
1243 4065 1296 4119 in
1331 4065 1510 4136 primo
1534 4081 1727 4121 mense
1758 4064 1974 4122 Pascha
2000 4081 2091 4120 ce-

503 4153 746 4217 lebrare,
790 4156 1036 4211 secundo
1080 4155 1224 4211 idem
1263 4156 1446 4212 facere
1476 4158 1743 4227 pracipit.
1778 4156 1970 4211 Melius
2004 4163 2090 4211 est

499 4245 649 4301 enim
689 4245 743 4298 in
797 4248 1132 4302 necessitate
1168 4250 1383 4316 positos
1424 4248 1714 4316 superiora
1747 4262 1911 4315 quam
1949 4246 2088 4301 infe-

500 4333 653 4387 riora
687 4335 910 4398 sectari,
943 4335 1208 4403 quoniam
1250 4334 1516 4388 inferiora
1551 4335 1932 4404 superioribus
1961 4349 2090 4389 con-

502 4426 792 4489 tinentur;
854 4427 1143 4495 superiora
1191 4437 1376 4480 antem
1430 4427 1500 4480 ab
1557 4427 1804 4482 inferiori
1857 4442 2087 4482 numero

2210 1965 2270 2018 οὑ
2313 1962 2408 2016 τοῦ
2442 1963 2634 2034 Πάσχα
2664 1963 2961 2018 ἐλάττωσιν
3003 1963 3266 2017 ποιοῦσαο
3315 1962 3422 2017 τῶν
3467 1962 3527 2028 ἓξ
3567 1963 3793 2036 ἡμερῶν

2210 2071 2278 2106 πε
2286 2053 2738 2125 ριλαμϐανουσῶν
2766 2053 2859 2106 καὶ
2886 2052 2986 2117 τὰς
3015 2053 3194 2116 ἄλλας.

2281 2369 2355 2422 A'.
2393 2369 2606 2433 ’Ἄλλως
2637 2385 2697 2422 τε
2734 2369 2922 2440 ἐπειδὴ
2941 2371 2970 2422 ό
2999 2367 3189 2439 Σωτὴρ
3217 2365 3376 2438 ἡμῶν
3403 2369 3468 2437 τῇ
3505 2365 3606 2436 μέν
3637 2381 3796 2436 τρισ·

2206 2457 2565 2529 καιδεκαταίᾳ
2617 2457 2924 2528 παρεδόθη,
2989 2456 3236 2510 τουτέστι
3286 2457 3354 2525 τῇ
3409 2454 3638 2524 πέμπτῃ
3693 2451 3792 2504 τοῦ

2207 2548 2510 2612 Σαϐϐάτου,
2567 2551 2633 2619 τῇ
2667 2548 2724 2601 δέ
2767 2546 3397 2620 τεσσαρεσκαιδεκαταίᾳ
3442 2541 3793 2613 ἐσταυρώθη,

2204 2639 2262 2690 ἐν
2305 2639 2590 2709 τριημέρῳ
2633 2639 2894 2702 ἀναστὰς,
2933 2638 3211 2691 τουτέστιν
3260 2639 3325 2708 τῇ
3373 2636 3432 2702 ἒξ
3461 2636 3554 2688 καὶ
3581 2635 3791 2704 δεκάτῃ

2205 2729 2348 2782 κατὰ
2397 2730 2646 2800 σελήνην,
2688 2731 2812 2800 ἣτις
2843 2729 3050 2801 ηὑρέθη
3095 2730 3214 2782 τότε
3245 2729 3302 2780 ἐν
3336 2729 3610 2798 Κυριακῇ.
3640 2725 3720 2790 ώς
3749 2727 3785 2796 ὴ

2201 2817 2310 2871 τῶν
2345 2818 2692 2886 Εὑαγγελίων
2736 2817 2848 2888 ἔχει
2895 2817 3297 2887 παρατήρησις.
3335 2815 3570 2885 Ἔχομεν
3603 2830 3796 2884 παρα-

2206 2907 2398 2978 μύθιον
2446 2906 2540 2959 τοῦ
2575 2906 2754 2970 καλῶς
2789 2908 2962 2958 ποιεῖν
2988 2904 3049 2957 τὸ
3096 2905 3309 2974 Πάσχα,
3337 2902 3440 2956 κᾶν
3487 2901 3793 2973 ὑπέρθεσις

2202 2995 2449 3066 γένηται,
2489 2997 2579 3050 διὰ
2623 2997 2722 3067 τὴν
2760 2995 3174 3050 καταλαϐοῦσαν
3219 2995 3486 3063 ἀνάγκην.
3524 2994 3625 3048 Ἂν
3684 2995 3790 3065 μὲν

2201 3085 2294 3142 οὖν
2321 3091 2353 3159 ἡ
2387 3088 2959 3159 τεσσαρεσκαιδεκάτη
2988 3087 3085 3140 τοῦ
3131 3086 3291 3155 ἁγίου
3318 3086 3512 3156 Πάσχα
3550 3085 3792 3158 ἔρχηται

2201 3183 2258 3236 ἐν
2287 3179 2574 3250 Σαϐϐάτῳ,
2608 3181 2640 3250 ἢ
2667 3179 2771 3251 πρὸ
2799 3178 2894 3232 τοῦ
2921 3178 3204 3232 Σαϐϐάτου
3234 3181 3291 3233 ἐν
3317 3182 3436 3242 ταῖς
3464 3178 3659 3243 ἄλλαις
3689 3181 3795 3250 τῆς

2199 3271 2492 3342 ἑϐδομάδος
2514 3271 2770 3342 ἡμέραις,
2797 3271 3083 3342 ἀραρότως
3099 3269 3259 3323 τοῦτο
3288 3273 3462 3324 ποιεῖν
3485 3273 3788 3343 προσήκει·

2196 3361 2292 3415 ἐὰν
2316 3361 2372 3414 δέ
2408 3363 2465 3414 ἐν
2501 3362 2758 3432 Κυριακῇ
2801 3361 3107 3431 ἀπαντήσει
3153 3361 3188 3430 ἡ
3245 3362 3792 3430 τεσσαρεσκαιδεκα-

2193 3455 2323 3508 ταία
2366 3455 2467 3525 τῆς
2523 3453 2753 3524 σελήνης
2801 3452 2896 3506 τοῦ
2943 3450 3163 3524 πρώτου
3205 3451 3402 3522 μηνὸς,
3451 3451 3794 3523 ὑπερθετέον

2196 3548 2410 3610 πάντως
2442 3549 2523 3610 εἰς
2569 3545 2669 3617 τὴν
2716 3544 2844 3615 ἑξῆς
2888 3543 3180 3614 ἑϐδομάδα.
3245 3543 3309 3596 Ἢ
3355 3542 3464 3613 γὰρ
3519 3545 3793 3618 Κυριακὴ

2195 3634 2387 3706 πρώτη
2419 3635 2606 3707 ἡμέρα
2650 3636 2751 3706 τῆς
2779 3633 3073 3704 ἑϐδομάδος
3111 3633 3282 3694 ἐστὶν,
3317 3631 3390 3695 ὼς
3425 3633 3791 3705 προείρηται.

2193 3799 2313 3857 tes;
2341 3807 2448 3846 non
2484 3791 2730 3862 intelligo
2763 3803 2860 3845 cur
2901 3805 3034 3853 non,
3069 3787 3116 3845 si
3160 3788 3376 3844 decima
3412 3797 3618 3858 quarta
3652 3791 3793 3847 luna

2193 3883 2247 3938 in
2279 3881 2624 3936 Dominicum
2655 3883 2800 3936 diem
2833 3880 3152 3946 incurrerit,
3173 3879 3584 3936 rationabiliter
3614 3879 3673 3935 in
3711 3897 3797 3938 se-

2193 3975 2502 4045 ptimanam
2571 3983 2892 4043 sequentem
2929 3973 3250 4029 dilationem
3314 3971 3546 4028 Pascha:
3601 3973 3796 4031 facere

2193 4063 2539 4117 debeamus:
2593 4071 2849 4118 manente
2888 4071 2944 4119 et
2991 4063 3169 4134 primo
3200 4079 3409 4128 mense,
3458 4071 3515 4118 et
3566 4063 3796 4121 decima

2190 4156 2384 4226 quinta
2432 4155 2581 4216 luna,
2625 4154 2681 4209 in
2723 4169 2831 4225 qua
2861 4155 3115 4210 Salvator
3166 4154 3464 4209 cruciﬁxus
3495 4163 3632 4221 est;
3671 4172 3797 4210 ma-

2194 4253 2358 4300 nente
2389 4246 2557 4298 etiam
2597 4254 2652 4299 et
2688 4244 2902 4300 decima
2937 4247 3193 4316 septima,
3248 4245 3470 4315 quando
3515 4256 3650 4317 post
3689 4248 3797 4302 tri-

2189 4337 2357 4391 duum
2389 4337 2711 4392 resurrexit.

2262 4428 2351 4483 Vl.
2390 4428 2502 4483 llac
2543 4430 2712 4500 igitur
2760 4428 3114 4486 mediocriter
3145 4447 3176 4485 a
3211 4431 3371 4486 nobis
3423 4433 3800 4490 ordinatione

500 4531 612 4570 non
643 4516 1020 4572 includuntur.
1054 4516 1191 4572 lllud
1225 4519 1444 4582 iterum,
1474 4519 1620 4588 quod
1653 4519 1958 4589 posuimus,
1990 4519 2085 4574 de-
2119 4565 2160 4618 Β
2190 4521 2484 4591 disposita,
2540 4524 2980 4594 uniuscujusque
3028 4525 3157 4578 anni
3201 4527 3503 4592 calculum,
3562 4531 3662 4597 qui
3724 4531 3795 4585 ad

499 4610 799 4672 claranles,
839 4608 1100 4678 quoniam
1132 4609 1380 4666 decimus
1413 4625 1676 4666 numerus
1709 4624 1912 4664 nonum
1942 4611 2082 4667 intra

500 4719 562 4758 se
584 4702 886 4765 contineat,
918 4717 1100 4758 nonus
1131 4709 1313 4757 autem
1341 4703 1616 4757 decimum
1652 4705 1935 4758 continere
1971 4721 2079 4758 non

499 4796 698 4864 possit.
737 4794 892 4862 Quod
925 4797 970 4850 si
1007 4798 1090 4850 lex
1121 4796 1188 4850 ad
1232 4797 1534 4850 secundum
1571 4812 1815 4853 mensem
1842 4800 2080 4853 transire

499 4903 601 4942 nos
659 4888 932 4958 praecipit,
983 4887 1028 4942 si
1083 4903 1192 4941 non
1232 4888 1509 4958 possimus
1563 4897 1814 4943 sanctum
1867 4888 2075 4945 Pascha

496 4981 675 5052 primo
706 4996 892 5036 mense
916 4982 1195 5036 celebrare
1222 4989 1446 5051 propter
1476 4981 1744 5051 quasdam
1774 4983 2076 5038 necessita-

545 5228 619 5294 (tl)
668 5220 718 5276 is
744 5239 923 5277 annus
951 5234 1033 5278 cst
1065 5224 1302 5294 vulgaris
1332 5224 1538 5279 Christi
1584 5226 1711 5280 580.

2196 4614 2644 4684 supputationem
2686 4617 2921 4685 pertinet
2952 4615 3195 4679 Paschze,
3229 4616 3531 4687 diligenter
3559 4637 3795 4692 quoque

2191 4701 2481 4777 posuimus
2537 4706 2651 4774 (6);
2695 4721 2725 4759 a
2777 4707 2954 4775 primo
3015 4708 3307 4761 consulatu
3365 4709 3792 4780 religiosissimi

2189 4799 2542 4870 imperatoris
2571 4797 2894 4860 Theodosii,
2924 4807 3146 4852 centum
3187 4813 3362 4868 usque
3401 4814 3587 4857 annos
3613 4806 3794 4861 adne-

2185 4901 2422 4956 ctentes,
2491 4895 2654 4948 simul
2706 4909 2770 4948 ac
2813 4891 3234 4947 manilestantes
3283 4891 3516 4948 decima?
3569 4909 3794 4968 quarta:

2186 4985 2330 5039 lunae
2362 4985 2640 5049 notitiam,
2665 4994 2719 5042 et
2753 4983 3023 5039 Dominici
3047 4980 3332 5041 Paschalis
3366 4982 3501 5040 diei.
