4034 6340
466 380 535 436 ἓἈῖ
1468 375 1832 433 THEOPHILI
1872 372 2182 429 EPISCOPI
2217 370 2686 428 ALEXANDRINI
3634 368 3706 427 56
3784 428 3791 435 ,

461 509 564 565 pro
594 494 756 550 nobis
800 495 1085 566 ingressus
1131 502 1235 561 est,
1286 501 1448 565 atque
1484 495 1604 564 ejus
1643 494 1735 564 qui
1774 493 1826 547 in
1868 491 2073 564 figura,

2148 491 2284 564 ὑπὲρ
2313 489 2469 563 ἡμῶν
2498 488 2736 560 εἰσῆλθε,
2774 486 2867 540 καὶ
2907 485 3001 540 τοῦ
3033 484 3173 540 κατὰ
3210 484 3301 539 τὸν
3338 481 3507 537 τύπον
3538 484 3721 557 ἀρχιε-

462 586 661 640 summi
698 586 1000 642 sacerdotis
1032 601 1233 641 munus
1267 585 1509 657 gerebat,
1538 599 1697 638 usum
1730 583 2033 653 abrogavit,

2149 585 2285 656 ρέως
2324 584 2576 637 πέπαυκε
2614 580 2714 651 τὴν
2752 578 2969 661 χρείαν,
3008 579 3140 650 ἡμῖν
3188 577 3409 631 αἰωνίαν
3454 576 3723 647 λύτρωσιν

461 684 666 733 aeterna
687 694 784 748 pro
809 680 967 735 nobis
997 677 1375 747 redemptione
1401 676 1643 743 inventa,
1664 691 1727 730 ac
1759 691 1856 747 pro
1880 675 2039 732 nobis

2148 676 2462 747 εὑράμενος,
2486 674 2579 728 καὶ
2601 672 2740 743 ὑπὲρ
2763 670 2919 743 ἡμῶν
2951 668 3305 740 ἐμφανισθεὶς
3336 667 3413 739 τῷ
3448 665 3724 737 προσώπῳ

464 768 639 823 vultui
673 768 766 824 Dei
793 786 852 826 se
884 772 1105 824 sistens.
1141 765 1294 821 Tunc
1336 768 1557 835 quidem
1590 766 1760 822 semel
1794 766 1848 819 in
1894 780 2041 819 anno

2148 766 2236 822 τοῦ
2285 766 2441 819 Θεοῦ.
2506 766 2641 819 Τότε
2698 764 2797 835 μὲν
2853 763 2999 829 ἆπαξ
3050 759 3143 814 τοῦ
3192 760 3439 814 ἐνιαυτοῦ
3491 760 3650 830 μόνος
3694 763 3725 814 6

465 859 618 913 solus
648 874 897 914 summus
921 856 1178 913 sacerdos
1208 857 1263 910 in
1285 855 1485 911 Sancta
1517 864 1829 911 sanctorum
1854 854 2040 924 ingre-

2148 859 2430 931 ἅρχιερεὺς
2458 857 2745 927 εἰσήρχετο
2777 856 2854 917 είς
2883 852 2954 906 τὰ
2984 853 3117 921 ἅγια
3141 852 3251 905 τῶν
3280 852 3468 920 ἁγίων,
3500 852 3604 917 ἔξω
3627 853 3724 907 τοῦ

464 945 741 1009 diebatur,
776 947 977 1017 populo
1010 945 1146 1000 foris
1194 957 1484 1009 manente,
1520 946 1733 1001 scilicet
1764 946 1834 1000 ob
1881 953 2040 1015 pote—

2148 950 2270 1005 λαοῦ
2309 951 2594 1021 μένοντος,
2634 947 2723 1002 διὰ
2772 946 2833 1000 τὸ
2887 946 3082 1016 μικρὸν
3126 946 3225 1016 τῆς
3257 945 3575 1016 δυνάμεως·
3603 947 3633 998 6
3668 945 3726 999 δὲ

465 1040 622 1092 statis
669 1039 1022 1093 tenuitatem:
1064 1037 1318 1093 Salvator
1343 1048 1523 1092 autem
1557 1037 1860 1106 ingressus,
1904 1035 2038 1091 libe-

2148 1043 2336 1117 Σωτὴρ
2364 1040 2557 1105 ἐπιϐὰς
2590 1039 2775 1096 ἄδειαν
2811 1043 2923 1104 τοῖς
2951 1039 3292 1111 βουλομένοις
3326 1037 3579 1092 δέδωκεν.

461 1142 578 1183 ram
607 1130 807 1194 cuique
841 1131 1047 1185 volenti
1078 1130 1323 1185 intrandi
1349 1129 1659 1183 facultatem
1695 1128 1861 1182 dedit.

2064 1259 2108 1312 Il

1080 1394 1459 1464 Fragmentum
1488 1412 1555 1449 ex
1578 1394 1818 1465 Epistola
1854 1392 2105 1448 Paschali
2137 1408 2261 1445 ann.
2294 1389 2419 1457 401,
2460 1390 2487 1461 §
2519 1391 2573 1457 5,
2606 1405 2765 1458 supra
2784 1406 2904 1460 pag.
2936 1391 3062 1445 616.

528 1535 683 1608 Apud
714 1533 977 1606 Cyrillum
1001 1535 1154 1590 Alex.
1185 1534 1277 1588 lib.
1319 1551 1354 1600 I,
1381 1533 1462 1588 De
1501 1541 1649 1588 recta
1682 1531 1785 1587 fide
1816 1530 1880 1585 ad
1910 1528 2356 1670 reggéossigsimas
2412 1527 2650 1599 reginas,
2685 1524 2817 1595 Opp.
2844 1534 2968 1582 tom.
3015 1525 3073 1590 V,
3099 1536 3239 1596 part.
3290 1543 3349 1592 ιι,
3379 1525 3473 1581 sub
3530 1528 3649 1597 ﬁn.,

467 1742 734 1815 Theophili
759 1745 1013 1814 episcopi,
1049 1760 1115 1815 ea:
1149 1760 1387 1799 sermone
1417 1744 1671 1812 inscripto
1710 1742 1788 1796 Ad
1822 1755 1919 1796 eos
1949 1739 2042 1810 qui

900 1812 1024 1869 cum
1059 1812 1294 1884 Origene
1327 1814 1617 1869 sentirent.

844 1927 933 1981 Sic
962 1936 1137 1980 autem
1163 1925 1294 1979 dicit
1320 1924 1383 1979 de
1410 1923 1641 1981 Chrisro.

530 2038 803 2094 Caeterum
851 2054 919 2093 ne
966 2039 1014 2093 is
1061 2038 1155 2107 qui
1208 2038 1463 2107 apparuit
1512 2037 1631 2092 solo
1679 2035 1877 2097 verbo,
1940 2032 2036 2088 sed

460 2132 665 2185 virtute
713 2144 931 2199 quoque
984 2144 1145 2183 verus
1192 2126 1336 2182 Deus
1368 2142 1491 2183 esse
1534 2127 1871 2189 crederetur,
1921 2124 2037 2197 ipse

459 2237 687 2292 operum
729 2220 1136 2292 magnificentia
1180 2220 1550 2276 certissimum
1583 2217 1885 2272 divinitatis
1925 2230 2037 2269 sua:

461 2314 725 2369 indicium
784 2312 931 2367 fecit.
967 2311 1251 2368 Perfectus
1302 2313 1485 2382 itaque
1519 2309 1662 2365 Deus
1707 2324 1832 2364 cum
1868 2316 2034 2370 esset,

459 2408 644 2464 factus
686 2414 779 2462 est-
823 2407 1109 2462 voluntate
1143 2421 1240 2461 sua
1273 2407 1473 2472 homo;
1528 2421 1704 2475 neque
1737 2404 2035 2474 quidquam

459 2498 725 2563 omnino,
777 2497 922 2566 quod
972 2497 1228 2552 humanae
1268 2507 1477 2552 naturae
1529 2504 1821 2566 cognatum
1856 2503 2035 2558 esset,

460 2597 657 2659 praeter
688 2604 852 2642 unam
905 2589 1124 2657 impiam
1175 2590 1440 2645 malitiam
1472 2589 1887 2661 reliquit;nam
1931 2587 2035 2641 etsi

461 2682 665 2747 infans,
698 2681 1019 2735 Emmanuel
1054 2691 1233 2735 tamen
1266 2697 1388 2737 esse
1429 2684 1850 2751 agnoscebatur.
1887 2681 2035 2734 Con-

460 2782 570 2827 stat
614 2787 852 2841 namque
898 2770 1102 2840 Magos,
1142 2773 1233 2840 qui
1278 2773 1342 2825 ad
1394 2765 1546 2826 illum
1580 2779 1865 2835 venerunt,
1911 2785 2036 2825 eum

460 2865 640 2934 ipsqu
683 2864 774 2932 qui
816 2870 1166 2932 apparuerat,
1203 2870 1264 2915 ut
1303 2861 1470 2917 Deum
1504 2864 1785 2925 adorasse,
1824 2877 2037 2916 necnon

461 2953 806 3009 adorandum
838 2968 983 3017 esse,
1021 2968 1187 3022 opere
1220 2953 1340 3022 ipso
1386 2957 1644 3006 testatum
1692 2949 1910 3006 fecisse.
1947 2949 2039 3004 Sic

461 3059 682 3116 quoque
704 3045 831 3100 licet
852 3045 1160 3099 secundum
1188 3058 1408 3098 carnem
1436 3043 1489 3097 in
1517 3058 1737 3098 crucem
1761 3051 2035 3114 ageretur,

463 3135 597 3191 solis
622 3142 802 3190 tamen
850 3136 1036 3190 radios
1085 3134 1435 3205 reprimebat,
1478 3150 1727 3209 novoque
1772 3134 2039 3190 miraculo

2153 1759 2447 1834 Θεοφίλου
2496 1757 2839 1834 ἐπισκόπου
2867 1796 2881 1818 ,
2940 1756 3009 1834 ἐκ
3068 1755 3171 1808 τοῦ
3216 1756 3725 1834 προσ-φωνητικοῦ

2275 1830 2462 1895 λόγου
2494 1826 2639 1897 Πρὸς
2661 1828 2787 1888 τοὺς
2813 1825 3143 1896 φρονοῦντας
3172 1825 3239 1877 τὰ
3265 1826 3591 1896 Ὠριγένους.

2463 1941 2618 2007 Ἔφη
2648 1936 2716 1990 δὲ
2744 1937 2933 2003 οὕτως
2962 1938 3093 2004 περὶ
3126 1937 3407 2004 Χριστοῦ.

2219 2053 2333 2105 Ἵνα
2362 2051 2435 2122 μὴ
2460 2052 2515 2103 ὲν
2549 2051 2692 2121 λόγῳ
2729 2051 2895 2121 μόνῳ,
2921 2050 3058 2105 ἀλλὰ
3107 2052 3200 2103 καὶ
3244 2053 3302 2104 ὲν
3334 2051 3560 2121 δυνάμει
3593 2050 3729 2115 Θεὸς

2144 2140 2395 2213 ἀληθινὸς
2418 2143 2446 2193 6
2471 2140 2657 2209 (μανεὶς
2680 2136 2820 2194 εἶναι
2844 2139 3189 2210 πιστεύηται,
3207 2142 3271 2210 τῇ
3305 2140 3411 2192 τῶν
3433 2140 3728 2211 δρωμένων

2149 2229 2517 2303 μεγαλουργίᾳ
2543 2231 2641 2302 τὴν
2672 2231 2800 2303 περὶ
2840 2230 3004 2284 αὐτοῦ
3029 2230 3206 2301 δηλῶν
3235 2232 3554 2300 ἀσφάλειαν,
3585 2232 3728 2303 πλή⁴

2149 2342 2247 2396 ρης
2280 2324 2376 2395 μὲν
2417 2323 2491 2375 ὢν
2530 2323 2684 2387 Θεὸς,
2720 2322 3020 2386 αὐτοτελῶς
3055 2323 3112 2375 δὲ
3152 2324 3598 2395 ὲνανθρωπήσας,
3633 2322 3727 2376 καὶ

2149 2416 2314 2488 μηδὲν
2377 2414 2721 2488 ἀνθρωπείας
2775 2414 3087 2486 ὁμοιώσεως
3144 2416 3473 2482 καταλείψας
3528 2414 3724 2477 ἐκτὸς.

2146 2508 2286 2579 πλὴν
2329 2508 2498 2580 μόνης
2536 2506 2635 2576 τῆς
2683 2505 2899 2560 ἀνοσίου
2945 2507 3163 2570 κακίας.
3219 2507 3329 2560 Καὶ
3371 2506 3568 2577 βρέφος
3617 2510 3749 2576 γὰρ·

2146 2599 2456 2669 γενόμενος,
2513 2598 2862 2670 Ἐμμανουήλ
2913 2599 3276 2668 ὡμολογεῖτο,
3342 2598 3532 2669 μάγων
3590 2599 3728 2670 πρὸς

2147 2690 2306 2742 αὑτὸν
2339 2692 2545 2752 ἰόντων,
2582 2690 2673 2743 καὶ
2699 2689 2777 2760 τῷ
2809 2693 3137 2761 προσκυνεῖν
3168 2690 3263 2743 καὶ
3297 2689 3429 2742 Θεὸν
3469 2686 3607 2742 εἶναι
3636 2691 3729 2742 τὸν

2147 2782 2383 2851 φανέντα
2407 2781 2655 2851 βοώντων
2678 2799 2691 2811 ·
2713 2783 2793 2835 ὅτι
2821 2782 2912 2835 καὶ
2940 2785 3103 2853 σαρκὶ
3129 2782 3360 2852 σταυροῦ
3371 2798 3548 2850 μενος,
3576 2781 3728 2852 ἡλίου

2149 2872 2496 2926 συνέστελλεν
2526 2874 2779 2936 ἀκτῖνας,
2826 2874 2919 2925 καὶ
2948 2872 3025 2942 τῷ
3067 2872 3202 2942 ξένῳ
3234 2870 3474 2941 θαύματι
3520 2870 3617 2940 τὴν
3650 2872 3729 2923 οἰ-

2147 2964 2300 3017 κείαν
2345 2964 2653 3034 σαφηνίζων
2692 2964 2953 3035 θεότητα,
2988 2962 3222 3033 οὐδαμοῦ
3257 2962 3554 3035 σκορπίσας
3597 2965 3728 3017 ἐαυ-

2146 3050 2337 3124 τὸν,”ἣ
2382 3054 2642 3118 διαλύσας
2693 3057 2772 3118 είς
2805 3054 3057 3126 σωτῆρας
3103 3054 3214 3108 δύο.
3274 3053 3435 3107 Ἀλλὰ
3479 3054 3572 3107 καὶ
3615 3055 3731 3116 τοῖς

2149 3146 2418 3219 μαθηταῖς
2450 3146 2603 3214 ἔλεγε
2625 3164 2637 3178 ’
2665 3146 2763 3214 Μὴ
2789 3145 3086 3215 καλέσητε
3108 3145 3479 3199 διδάσκαλον
3498 3144 3595 3198 ἐπὶ
3620 3143 3731 3212 τῆς

462 3225 808 3280 divinitatem
840 3241 996 3281 suam
1023 3226 1143 3280 orbi
1169 3235 1438 3283 terrarum
1464 3225 1825 3294 patefaciebat
1855 3245 1867 3279 :
1904 3241 2038 3287 ειυς-
2069 3280 2073 3303 ,

2148 3239 2289 3308 γῆς’
2324 3237 2412 3305 εἷς
2585 3239 2755 3293 ἐστιν
2790 3237 2958 3307 ὑμῶν
2992 3235 3336 3306 καθηγητὴς
3383 3239 3413 3288 ὀ
3451 3235 3726 3303 Χριστός.

461 3327 628 3382 quam
672 3322 766 3368 aut
809 3330 868 3370 se
912 3315 1093 3385 ipsum
1124 3315 1410 3380 divisisse,
1452 3324 1545 3369 aut
1579 3315 1634 3369 in
1679 3315 1818 3371 duos
1858 3317 2040 3369 salva-

461 3414 613 3460 tores
644 3405 981 3462 dissecuisse
1015 3407 1374 3476 comperitur.
1408 3406 1553 3473 Quin
1578 3406 1826 3478 ejusdem
1858 3408 2042 3478 potius

458 3511 717 3552 sermone
760 3498 1060 3568 discipulos
1096 3514 1227 3554 suos
1275 3499 1637 3570 compellasse
1686 3501 1922 3571 legitur:
1967 3502 2044 3554 Ne

463 3592 654 3644 vocetis
689 3592 1004 3661 magistrum
1036 3592 1088 3644 in
1126 3601 1304 3656 terra;
1344 3607 1478 3644 unus
1514 3602 1590 3646 est
1623 3592 1759 3645 enim
1794 3593 2044 3662 magister

463 3693 632 3736 vester
659 3682 903 3737 Christus
926 3684 966 3737 ³.
996 3682 1183 3754 Neque
1209 3685 1354 3742 enim
1389 3685 1610 3755 quando
1638 3685 1900 3756 apostolis
1925 3687 2041 3741 haec

463 3773 788 3842 imperabat,
823 3773 1165 3829 divinitatem
1202 3790 1356 3831 suam
1403 3790 1434 3829 a
1472 3790 1705 3846 corpore
1739 3778 1887 3847 quod
1921 3793 2042 3833 cer—

463 3864 722 3928 nebatur,
773 3866 1115 3937 sejungebat,
1144 3883 1321 3937 neque
1354 3884 1597 3935 rursum,
1627 3882 1751 3923 cum
1783 3885 1842 3924 se
1878 3868 2039 3924 Chri-

465 3963 610 4010 stum
646 3973 771 4015 esse
802 3962 1131 4026 testabatur,
1179 3978 1237 4017 se
1270 3963 1338 4018 ab
1368 3964 1552 4019 animo
1595 3971 1651 4020 et
1686 3979 1921 4036 corpore
1954 3964 2042 4019 di-

462 4050 731 4116 vellebat,
765 4054 862 4109 sed
923 4055 1087 4110 simul
1123 4064 1452 4128 utrumque,
1511 4057 1617 4113 boc
1647 4066 1767 4120 est,
1816 4055 1961 4113 Deus
1990 4066 2044 4112 et

2146 3332 2220 3385 Οὐ
2249 3330 2357 3401 γὰρ
2387 3332 2474 3383 ὅτε
2486 3330 2643 3383 τοῦτο
2664 3332 2775 3392 τοῖς
2792 3329 3105 3391 ἀποστόλοις
3123 3326 3457 3398 παρήγγειλε
3483 3326 3617 3396 (10),
3632 3323 3727 3377 τοῦ

2147 3424 2469 3496 φαινομένου
2520 3422 2771 3494 σώματος
2808 3422 2906 3491 τὴν
2951 3421 3157 3475 οἰκείαν
3195 3418 3414 3489 διώριζε
3462 3419 3725 3488 θεότητα·

2145 3517 2265 3569 οὐδὲ
2294 3517 2383 3568 ὅτε
2433 3516 2667 3587 Χριστὸν
2700 3514 2890 3566 ἑαυτὸν
2924 3511 3315 3584 διεμαρτύρετο
3358 3507 3519 3572 εἶναι,
3549 3507 3732 3578 ψυχῆς

2145 3607 2238 3661 καὶ
2275 3606 2478 3677 σαρκὸς
2517 3603 2818 3675 διωρίζετο,
2847 3600 3020 3665 οὕτως
3063 3602 3230 3672 ἄμφω
3256 3598 3556 3670 τυγχάνων,
3594 3595 3733 3659 Θεός

2146 3715 2202 3751 τε
2231 3696 2324 3750 καὶ
2357 3696 2662 3767 ἄνθρωπος,
2695 3692 2879 3757 δοῦλος
2904 3693 3198 3767 ὁρώμενος,
3226 3693 3321 3746 καὶ
3355 3690 3556 3760 Κύριος
3585 3705 3730 3756 γνω-

2148 3788 2452 3860 ριζόμενος,
2478 3788 2537 3840 τὸ
2580 3787 2678 3857 μὲν
2713 3786 2915 3857 ὑψηλὸν
2951 3787 3048 3856 τῆς
3091 3784 3342 3855 θεότητος
3385 3782 3461 3852 τῷ
3492 3778 3733 3851 ταπεινῷ

2144 3883 2243 3951 τῆς
2283 3880 2748 3950 ὲνανθρωπήσεως
2782 3877 3265 3948 ὐποκρυπτόμενος
3309 3875 3637 3948 φρονήματι,
3667 3870 3734 3925 τὸ

2147 3972 2203 4025 δέ
2240 3989 2303 4041 γε
2337 3971 2589 4024 ταπεινὸν
2623 3968 2717 4022 τοῦ
2764 3970 3044 4041 ὁρωμένου
3079 3967 3326 4038 σώματος
3368 3969 3434 4038 τῇ
3481 3966 3579 4036 τῆς
3613 3961 3733 4017 θεό-

2149 4079 2309 4132 τητος
2348 4060 2659 4133 ὑπεραίρων
2687 4050 2958 4132 ἐνεργείᾳ.

464 4139 629 4195 homo
663 4151 803 4199 erat.
840 4144 1045 4203 Servus
1092 4148 1291 4220 quippe
1340 4156 1480 4214 erat,
1524 4150 1618 4220 qui
1664 4151 2033 4219 cernebatur;
2089 4153 2354 4209 Dominus
2384 4170 2512 4210 vero
2589 4155 2682 4225 qui
2730 4153 3165 4224 intelligebatur,
3212 4151 3434 4206 dcitatis
3505 4145 3734 4202 celsitu-

460 4235 683 4303 dinem,
739 4239 932 4295 humili
983 4240 1384 4297 incarnationis
1434 4258 1603 4298 sensu
1656 4242 2009 4311 occultabat;
2063 4254 2256 4299 contra
2320 4262 2448 4301 vero
2484 4247 2755 4317 corporis,
2799 4245 2946 4309 quod
2983 4245 3292 4307 videbatur,
3362 4239 3733 4296 humilitatem

462 4326 666 4384 efﬁcaci
687 4328 921 4384 .deitatis
952 4333 1269 4401 operatione
1291 4332 1575 4385 evellebat.

1028 4603 1404 4673 Fragmentum
1429 4620 1493 4659 ex
1527 4604 1709 4659 eadem
1738 4606 1978 4678 Epistola
2010 4609 2259 4667 Pascltali
2290 4628 2415 4666 anu.
2448 4612 2571 4679 401,
2609 4610 2635 4682 §
2662 4613 2714 4675 4,
2747 4626 2865 4678 sup.
2886 4624 3005 4678 pag.
3039 4607 3162 4661 617.

1319 4740 1475 4809 Apud
1505 4739 1885 4797 Theodoritum
1912 4741 2047 4798 Dial.
2084 4761 2145 4809 ll,
2182 4744 2313 4814 Opp.
2344 4754 2470 4800 tom.
2502 4743 2605 4811 IV,
2635 4759 2757 4815 pag.
2795 4743 2914 4796 101.

469 4878 622 4933 Beati
659 4877 927 4947 TheOpltiti
938 4878 1175 4950 episcopi
1198 4877 1561 4950 Alexandria,
1593 4892 1658 4932 ea:
1678 4878 1743 4933 iis
1766 4893 1884 4949 qua:
1910 4880 2046 4933 srri-

2160 4880 2268 4934 Τοῦ
2327 4882 2625 4950 μακαρίου
2699 4878 2998 4950 Θεοεφίλου
3063 4877 3402 4950 ἐπισκόπου
3468 4876 3739 4942 Ἀλεξαν-

869 4948 972 5016 psit
1005 4946 1285 5003 Adversus
1314 4945 1624 5017 Origenem.
1764 4945 1789 4969 "

2328 4945 2344 4950 ’
2433 4945 2654 5019 δρείας,
2677 4950 2744 5003 ἐκ
2783 4945 2903 5002 τῶν
2929 4947 3091 5002 Κατὰ
3138 4947 3461 5019 Ὠριγένους.

540 5057 651 5115 Nec
691 5057 1052 5115 similitudine
1082 5068 1290 5125 nostra,
1318 5074 1481 5130 quam
1515 5061 1836 5131 assumpsit,
1875 5061 1928 5115 in
1964 5061 2046 5116 di-

468 5151 717 5211 vinitatis
756 5158 1010 5205 naturam
1046 5159 1273 5215 mutata,
1323 5168 1421 5206 nec
1462 5151 1749 5209 divinitate
1784 5154 1959 5225 ipsius
1992 5156 2047 5211 in

469 5244 887 5300 similitudinem
914 5252 1159 5299 nostram
1192 5257 1480 5301 conversa.
1504 5245 1683 5301 Manet
1707 5247 1877 5315 enim,
1900 5249 2047 5319 quod

470 5336 542 5390 ab
572 5336 728 5392 initio
777 5344 917 5401 erat,
953 5334 1118 5396 Deus,
1170 5344 1353 5390 manet
1400 5336 1563 5389 etiam
1615 5345 1861 5391 nostram
1899 5337 1951 5391 in
1990 5354 2049 5393 se

470 5427 592 5499 ipso
627 5431 869 5487 retinens
896 5428 1282 5487 substantiam.

2232 5062 2368 5117 Οὔτε
2404 5063 2502 5135 τῆς
2544 5063 2815 5134 ἡμετέρας
2845 5060 3176 5132 ὁμοιώσεως,
3210 5060 3346 5131 πρὸς
3381 5061 3446 5130 ἦν
3480 5060 3740 5113 κεκοινώ-

2160 5173 2344 5228 νηκεν,
2381 5157 2459 5220 εἰς
2487 5155 2740 5226 θεότητος
2764 5154 2925 5223 φύσιν
2960 5152 3455 5223 μεταδαλλομένης,
3483 5152 3607 5204 οὔτε
3639 5152 3742 5220 τῆς

2162 5249 2412 5313 θεότητος
2434 5246 2598 5302 αὐτοῦ
2623 5246 2966 5319 τρεπομένης
2998 5248 3077 5309 είς
3106 5244 3202 5314 τὴν
3237 5243 3511 5313 ἡμετέραν
3539 5243 3741 5312 ὁμοίω-

2162 5357 2265 5393 σιν.
2298 5334 2459 5393 Μένει
2488 5338 2597 5409 γὰρ
2627 5339 2654 5391 ὃ
2682 5334 2749 5409 ἦν
2788 5339 2881 5391 ἀπ’
2909 5339 3104 5407 ἀρχῆς,
3136 5335 3298 5397 Θεός·
3337 5335 3486 5404 μένει
3518 5340 3608 5391 καὶ
3644 5333 3739 5405 τὴν

2159 5431 2316 5502 ἡμῶν
2341 5433 2397 5484 ἐν
2431 5431 2609 5504 ἑαυτῷ
2648 5427 3080 5503 παρασκευάζων
3106 5424 3355 5495 ὕπαρξιν.

545 5603 564 5633 ⁸
598 5603 785 5661 Matth.
822 5621 980 5668 xxtll,
1012 5607 1065 5671 8,
1108 5606 1191 5659 10.

554 5775 667 5845 (10)
708 5776 833 5847 ch.
876 5776 1233 5848 παρήγγελλε.
