4034 6340
282 365 348 425 57
1508 376 1875 438 EPISTOLE
1914 379 2343 439 PASCHALES.
3460 369 3529 423 '38
3620 363 3630 371 ’

1876 514 1963 574 W.

943 619 1324 695 Fragmentum
1365 640 1430 679 ex
1462 624 1705 697 Epistola
1737 628 1984 684 Paschali
2020 646 2144 682 ann.
2169 629 2295 693 402,
2332 627 2359 699 §
2391 628 2442 694 7,
2472 644 2589 697 sup.
2619 644 2741 700 pag.
2768 630 2890 686 625.

1094 737 1243 804 Apud
1274 737 1645 797 Theodoritum
1677 741 1810 797 Dial.
1846 758 1927 808 ιιι,
1964 742 2098 812 Opp.
2132 753 2261 795 tom.
2293 742 2321 795 1
2342 742 2398 807 ν,
2429 758 2552 813 pag.
2582 743 2704 797 167.

296 841 582 911 Θεοφίλου
631 841 972 898 ἐπισκόπου
1014 846 1488 922 ᾉλεξανδρείας,
1522 852 1592 916 ἐξ
1642 852 1867 920 Ἑορτασ
1901 860 1940 914 Α

2007 852 2247 922 ἾιεορΙιίίὶ
2310 853 2540 921 episcopi
2590 853 2962 916 Alexandriae,
3014 868 3081 909 ea:
3125 865 3266 909 tomo
3314 854 3545 909 lleorta-

855 916 1065 969 στικοῦ
1108 922 1289 986 τόμου

361 1025 479 1078 Τῶν
516 1026 629 1097 γάρ
656 1026 867 1096 ἀλόγων
892 1030 992 1083 ούκ
1022 1030 1266 1101 αἴρονται
1308 1034 1401 1086 καὶ
1448 1033 1679 1087 τίθενται
1709 1034 1871 1088 πάλιν

301 1120 353 1173 αἱ
376 1119 568 1188 ψυχαὶ,
591 1119 728 1173 ἀλλὰ
757 1122 894 1191 μετὰ
920 1121 1027 1175 τῶν
1056 1124 1323 1194 σωμάτων
1347 1126 1865 1197 συνδαιρθείρονται,

302 1210 389 1260 καὶ
418 1210 496 1271 είς
527 1208 660 1278 χοῦν
704 1210 1044 1265 άναλύουσιν.
1088 1213 1147 1265 '0
1184 1212 1240 1266 δὲ
1276 1215 1484 1285 Σωτὴρ,
1518 1218 1657 1288 ἄρας
1706 1218 1871 1271 αὑτοῦ

302 1300 445 1373 παρὰ
495 1300 588 1353 τὸν
617 1303 811 1373 καιρὸν
855 1302 948 1356 τοῦ
989 1305 1223 1375 σταυροῦ
1265 1307 1363 1377 τὴν
1401 1309 1575 1379 ψυχὴν
1624 1310 1735 1364 ἀπὸ
1776 1309 1872 1363 τοῦ

299 1391 496 1444 οἰκείου
554 1390 841 1462 σώματος,
894 1395 1053 1448 πάλιν
1104 1396 1272 1467 αὐτὴν
1324 1400 1405 1460 εἰς
1455 1400 1587 1451 αὐτὸ
1629 1401 1873 1453 τέθεικεν

304 1484 609 1552 ἀναστήσας
644 1485 711 1537 ἐκ
744 1485 972 1555 νεκρῶν,
1012 1487 1182 1539 Τοῦτο
1214 1487 1278 1557 δὴ
1318 1488 1671 1558 πιστούμενος
1707 1492 1872 1562 ἡμᾶς,

306 1573 564 1644 προῦλεγε
589 1574 681 1628 διὰ
708 1575 804 1628 τοῦ
836 1576 1138 1647 Ψαλμῳδοῦ
1172 1577 1338 1648 βοῶν·
1369 1581 1491 1632 Οὐκ
1527 1581 1877 1649 ἐγκαταλεί-

305 1668 436 1733 ψεις
470 1665 585 1733 τὴν
618 1668 838 1735 ψυχήν
866 1686 985 1738 μου
1030 1671 1119 1734 είς
1160 1668 1333 1736 ᾅδην,
1365 1669 1508 1723 οὐδὲ
1533 1671 1749 1739 δώσεις
1772 1674 1881 1728 τὸν

305 1753 475 1809 ὅσιόν
497 1771 614 1810 σου
645 1757 798 1812 ἰδεῖν
825 1757 1171 1828 διαφθοράν.

1900 1858 1965 1917 ν.

2688 925 2840 976 stico.

2046 1035 2279 1090 llatione
2305 1035 2611 1091 carentium
2649 1050 2755 1089 non
2795 1036 3085 1100 tolluntur,
3126 1046 3181 1091 et
3219 1038 3416 1093 iterum
3453 1054 3551 1109 po-

1976 1136 2182 1179 nuntur
2209 1127 2425 1190 animae,
2459 1126 2552 1180 sed
2589 1141 2692 1178 una
2730 1142 2853 1179 cum
2892 1142 3123 1196 corpore
3167 1129 3462 1191 intereunt,
3497 1135 3553 1185 et

1974 1218 2030 1270 in
2059 1218 2337 1288 pulverem
2373 1218 2742 1272 resolvuntur.
2778 1220 2845 1271 At
2892 1215 3145 1272 Salvator
3191 1219 3385 1274 tollens
3423 1231 3554 1274 tem-

1977 1325 2108 1380 pore
2139 1310 2419 1380 passionis
2460 1310 2698 1363 animam
2738 1323 2768 1362 a
2803 1310 3026 1379 preprio
3061 1325 3312 1380 corpore,
3353 1310 3555 1365 iterum

1977 1416 2099 1456 eam
2136 1403 2376 1457 restituit
2406 1400 2625 1471 corpori
2666 1415 2696 1453 a
2736 1401 2969 1454 mortuis
2997 1402 3345 1455 resuscitato.
3382 1401 3556 1470 Hujus

1978 1493 2058 1546 rei
2111 1492 2272 1547 ﬁdem
2322 1493 2485 1548 nobis
2532 1493 2745 1549 faciens
2770 1493 3022 1564 praedixit
3076 1507 3172 1561 per
3213 1491 3558 1545 Psalmistam

1979 1585 2269 1639 clamans:
2310 1583 2431 1638 Non
2464 1586 2723 1655 relinques
2763 1585 2998 1637 animam
3032 1600 3199 1636 meam
3241 1582 3293 1634 in
3333 1582 3556 1650 inferno,

1980 1668 2140 1745 neque
2168 1676 2319 1730 dabis
2350 1688 2591 1731 sanctum
2622 1688 2768 1730 tunnt
2799 1675 2972 1729 videre
3002 1676 3388 1746 corruptionem
3407 1672 3450 1727 ⁸.

830 1991 1206 2062 Fragmentum
1236 2009 1301 2046 ea:
1328 1997 1510 2047 eadem
1538 1991 1774 2064 Epistula
1802 1995 2054 2053 Paschali
2090 2015 2217 2052 ann.
2245 1997 2378 2061 402,
2412 1997 2440 2070 §
2470 1998 2553 2064 16,
2586 2015 2704 2069 sup.
2736 2015 2857 2070 pag.
2882 2000 3010 2053 623.

1133 2104 1284 2173 Apud
1317 2104 1688 2159 Theodoritum
1732 2107 1864 2161 Dial.
1904 2124 1963 2171 tt,
1997 2110 2129 2179 Opp.
2167 2120 2295 2164 tam.
2333 2110 2422 2176 IV,
2454 2128 2575 2182 pag.
2606 2112 2727 2169 101.

350 2223 455 2275 Τοῦ
501 2223 803 2289 μακαρίου
845 2223 1137 2286 Θεοφίλου
1185 2223 1522 2275 ἐπισκόπου
1578 2224 1591 2275 ἶ

602 2291 824 2356 δμεὶας,
858 2292 921 2342 ἐκ
953 2290 1059 2341 τῶν
1088 2290 1228 2343 κατὰ
1264 2292 1591 2361 Ὼριγένους.

392 2397 529 2449 Ἀλλ’
550 2398 611 2449 οὐ
636 2397 745 2467 γὰρ
771 2399 869 2467 οὐχ
896 2398 1182 2468 ἡσυχάζων
1201 2400 1361 2452 πάλιν
1389 2401 1728 2473 βλασφημεῖς
1750 2402 1884 2473 (11),

319 2491 660 2559 συκοφαντῶν
708 2490 800 2543 τὸν
850 2491 979 2543 Υίὸν
1017 2491 1110 2544 τοῦ
1158 2492 1321 2555 Θεοῦ,
1358 2496 1452 2545 καὶ
1488 2495 1662 2563 λέγων
1705 2497 1887 2560 αὐτοῖς

323 2582 550 2652 ῥήμασιν
570 2581 745 2644 οὕτως
769 2599 781 2611 ·
810 2601 828 2633 ι
860 2580 1065 2649 Ὠσπερ
1085 2584 1112 2635 6
1135 2583 1262 2647 Υἱὸς
1285 2587 1375 2637 καὶ
1417 2587 1603 2657 Πατὴρ
1627 2587 1684 2639 ἓν
1728 2590 1887 2652 εἰσιν,

309 2673 454 2726 ,οὕτω
473 2674 562 2726 καὶ
587 2674 655 2743 ἢν
682 2673 903 2740 εἴληφεν
927 2673 955 2725 6
975 2672 1105 2735 Υἱὸς
1130 2673 1306 2744 ψυχὴν
1328 2678 1419 2728 καὶ
1440 2678 1687 2742 αὑτὸς,’ἐν
1700 2679 1854 2731 εἰσιν·
1869 2696 1887 2728 ι

318 2765 518 2832 ἀγνοῶν
546 2765 629 2817 ὅτι
659 2767 687 2817 6
733 2765 830 2834 μὲν
874 2763 1001 2827 Υἱὸς
1030 2766 1123 2817 καὶ
1155 2768 1183 2819 6
1230 2767 1418 2839 Πατὴρ
1442 2768 1500 2822 ἓν
1538 2771 1643 2822 εἱσι
1674 2768 1762 2821 διὰ
1792 2772 1891 2840 τὴν

323 2857 442 2926 μέαν
474 2859 686 2919 οὐσίαν,
721 2858 814 2908 καὶ
844 2858 940 2927 τὴν
973 2858 1142 2927 αὐτὴν
1182 2858 1407 2929 Θεὸτητα
1429 2878 1440 2890 ·
1471 2864 1503 2932 ἠ
1534 2862 1589 2913 δὲ
1620 2861 1765 2933 ψυχὴ
1800 2864 1894 2915 καὶ⁸

318 2949 346 2999 6
373 2948 514 3010 Υἰῦς,
542 2948 703 3018 ἑτέρα
737 2947 871 3017 πρὸς
901 2948 1093 3019 ἑτέραν
1130 2949 1275 3001 ἐστὶν
1298 2951 1455 3002 οὐσία
1484 2968 1543 3003 τε
1578 2954 1674 3005 καὶ⁹
1710 2952 1889 3020 φύσις.

321 3039 377 3092 ΕΞ
403 3040 510 3109 γὰρ
538 3039 729 3109 ὥσπερ
753 3041 781 3091 6
809 3041 993 3112 Πατὴρ
1025 3042 1119 3094 καὶ
1147 3044 1175 3093 6
1197 3041 1321 3104 Υἱὸς
1354 3044 1411 3094 ’ἐν
1441 3046 1596 3111 εἰσιν,
1628 3044 1769 3097 οὕτω
1800 3046 1893 3098 καὶ¹

322 3130 522 3199 ἡψυχὴ
557 3130 826 3184 τοῦῪὶοὖ
878 3132 970 3184 καὶ
1009 3134 1038 3184 6
1084 3132 1213 3195 Υἱὸς
1260 3133 1317 3185 ἓν
1350 3136 1518 3196 εἰσιν,
1556 3134 1706 3188 ἔσται
1745 3136 1839 3188 xal.
1867 3139 1894 3189 6

326 3222 508 3292 Πατὴρ
546 3223 636 3276 καὶ
668 3226 700 3292 ἡ
749 3222 894 3293 ψυχὴ
927 3222 1007 3287 ἓν,
1050 3225 1142 3277 καὶ
1178 3225 1315 3289 λέξει
1370 3227 1499 3278 ποτὲ
1547 3229 1638 3279 καὶ
1681 3229 1713 3297 ἡ
1751 3227 1895 3298 ψυχὴ

324 3313 410 3364 τοῦ
454 3313 604 3376 Υἰοῦ,
648 3314 708 3365 '0
748 3313 1022 3381 ἑωρακὼς
1061 3316 1166 3384 ἐμὲ
1218 3315 1440 3385 ἑώρακε
1488 3318 1597 3371 τὸν
1641 3318 1891 3385 Πατέρα.

337 3405 468 3456 Ἀλλ’
500 3406 601 3458 οὑκ
632 3404 746 3458 ἐστι
782 3406 959 3467 τοῦτο,
996 3407 1071 3477 μὴ
1113 3408 1350 3475 γένοιτοί
1388 3410 1444 3461 '0
1490 3409 1597 3479 γάρ
1633 3409 1760 3472 Υἱὸς
1806 3412 1897 3462 καὶ

322 3497 351 3547 6
382 3497 564 3567 Πατὴρ
619 3496 700 3561 ἒν,
754 3498 938 3568 ἐπειδὴ
992 3500 1065 3569 μὴ
1099 3500 1346 3569 διάιέοροι
1396 3504 1709 3571 ποιότητες·
1763 3504 1794 3572 ή
1841 3503 1897 3554 δὲ

501 2220 803 2300 μακαρίου
845 2221 1137 2300 φεοφζλου
1185 2221 1522 2300 ἐςπιςκότζου
1578 2224 1849 2287 Ἀλεξαν-
1919 2239 1940 2297 ι

2007 2226 2143 2281 Beati
2171 2228 2440 2296 Theophili
2470 2230 2700 2298 episcopi
2721 2229 3080 2292 Alexandrina
3111 2245 3176 2285 ex
3204 2233 3269 2290 iis
3293 2248 3407 2300 qum
3434 2231 3572 2289 scri-

2416 2302 2523 2367 psit
2546 2302 2809 2354 adversus
2833 2299 3145 2369 Origenem.

2068 2411 2135 2461 At
2164 2410 2309 2463 enim
2340 2424 2446 2462 non
2473 2408 2731 2464 desinens
2759 2409 2954 2463 iterum
2980 2410 3352 2478 blasphemas,
3376 2409 3572 2464 Filium

1995 2499 2089 2555 Dei
2122 2501 2486 2561 calutuntans,
2514 2510 2565 2553 et
2592 2501 2677 2555 his
2709 2502 2889 2555 verbis
2923 2509 3080 2555 utens
3109 2518 3122 2553 :
3160 2518 3177 2550 t
3208 2502 3575 2566 Quemadmo-

1995 2590 2125 2643 dum
2160 2588 2333 2644 Fllius
2360 2598 2415 2642 et
2437 2588 2599 2643 Pater
2629 2605 2798 2642 unum
2828 2597 2976 2653 sunt,
3011 2589 3090 2643 sic
3120 2597 3173 2642 et
3204 2590 3383 2641 anima
3409 2605 3573 2658 quam

1998 2680 2295 2751 assumpsit
2314 2679 2483 2733 Filius
2512 2693 2564 2734 et
2593 2681 2707 2749 ipse
2737 2696 2903 2732 unum
2925 2687 3084 2733 sunt:
3121 2698 3140 2730 ι
3164 2682 3413 2733 nesciens
3430 2678 3575 2749 quod

1998 2769 2173 2825 Filius
2211 2772 2429 2840 quidem
2471 2781 2524 2824 et
2575 2769 2736 2823 Pater
2782 2786 2948 2821 unum
2998 2770 3109 2822 sint
3160 2779 3380 2837 preptcr
3414 2784 3577 2821 unam

1999 2862 2392 2924 substantiam,
2419 2870 2471 2913 et
2499 2862 2744 2913 eamdem
2780 2861 3161 2925 divinitatem;
3197 2865 3374 2913 anima
3398 2870 3578 2915 autem

2000 2961 2052 3007 et
2082 2952 2255 3008 Filius
2279 2953 2554 3007 diversam
2589 2954 2733 3005 inter
2766 2970 2824 3005 se
2857 2954 3219 3007 substantiam
3254 2954 3494 3007 habeant
3525 2960 3580 3008 et

2002 3054 2279 3095 naturam.
2311 3041 2367 3094 Si
2396 3044 2541 3095 enim
2582 3044 2726 3096 sicut
2755 3041 2916 3096 Pater
2943 3051 2992 3097 et
3030 3042 3199 3098 Filius
3228 3060 3392 3097 unum
3428 3052 3579 3107 sunt,

2005 3142 2167 3188 erunt
2200 3141 2253 3186 et
2279 3132 2445 3187 Pater
2483 3143 2537 3189 et.
2570 3135 2749 3187 anima
2786 3150 2977 3197 unum,
3022 3143 3074 3189 et
3112 3136 3257 3188 dicet
3287 3135 3583 3204 aliquando

2001 3231 2165 3284 etiam
2195 3227 2314 3281 Filii
2346 3228 2526 3281 anima
2554 3247 2566 3280 :
2598 3227 2703 3292 Qui
2727 3227 2851 3279 vidit
2887 3244 2982 3289 me,
3011 3229 3138 3281 vidit
3167 3227 3376 3281 Patrem
3406 3227 3445 3281 '.
3477 3227 3584 3282 Sed

2004 3335 2112 3372 non
2163 3320 2239 3370 ita
2280 3326 2400 3380 est,
2449 3318 2629 3371 absit!
2685 3317 2820 3369 Nam
2880 3316 3053 3371 Filius
3104 3331 3155 3371 ct
3201 3317 3364 3371 Pater
3415 3334 3585 3371 unum

2005 3418 2152 3468 sunt.
2178 3410 2307 3477 quia
2337 3424 2446 3462 non
2474 3417 2603 3461 sunt
2631 3409 2862 3463 diversa:
2893 3410 3186 3477 qualitates
3209 3425 3222 3472 ;
3243 3410 3424 3462 anima
3457 3424 3588 3463 vero

2004 3509 2057 3555 et
2095 3500 2266 3554 Filius
2324 3512 2378 3555 et
2404 3509 2597 3554 natura
2634 3509 2687 3555 et
2730 3501 3039 3556 substantia
3070 3500 3349 3563 differunt,
3380 3499 3505 3569 quia
3536 3508 3589 3555 et

325 3587 466 3657 ψυχὴ
493 3588 587 3640 καὶ
625 3590 655 3641 6
689 3588 838 3651 Υίὸς,
864 3590 957 3642 καὶ
985 3594 1050 3660 τῇ
1087 3590 1267 3658 φύσει,
1298 3593 1391 3644 καὶ
1421 3596 1486 3663 τῇ
1511 3595 1667 3664 οὐσίᾳ
1692 3596 1898 3665 ἕτερον,
1930 3603 1940 3649 4.

2008 3593 2123 3662 ipsa
2147 3608 2363 3662 quoque
2393 3609 2488 3662 per
2532 3609 2655 3648 eum
2694 3594 2836 3647 facta
2883 3601 2988 3657 est,
3021 3594 3268 3648 eamdem
3300 3593 3591 3646 nobiscum

328 3678 508 3749 ἐπειδὴ
545 3679 639 3732 καὶ
682 3679 823 3751 αὑτὴ
867 3681 933 3734 δι’
971 3682 1134 3735 αὑτοῦ
1172 3683 1416 3752 γέγονεν,
1461 3686 1743 3755 ὁμοούσιος
1775 3690 1906 3757 ἡμῖν

329 3769 665 3839 ὑπάρχουσα.
703 3772 766 3824 Ei
800 3771 911 3843 γὰρ
953 3766 997 3840 ᾧ
1043 3764 1231 3845 τρόπω
1277 3776 1305 3827 6
1345 3776 1536 3845 Πατὴρ
1586 3778 1678 3829 καὶ
1715 3780 1741 3831 ὁ
1780 3779 1906 3840 Υἱός

329 3862 459 3913 εἰσιν
487 3862 567 3925 ἐν,
604 3862 778 3933 τούτῳ
809 3863 887 3933 τῷ
916 3865 1099 3935 τρόπῳ
1128 3868 1219 3919 καὶ
1247 3867 1279 3937 ή
1321 3866 1466 3938 ψυχὴ
1496 3868 1588 3920 καὶ
1631 3870 1659 3920 6
1687 3869 1812 3933 Υἱὸς
1850 3870 1909 3924 ἓν

332 3953 455 4017 εἱσι,
486 3954 632 4006 κατὰ
674 3954 763 4006 τὸν
803 3955 1102 4026 Ὠριγένην,
1151 3957 1303 4010 ἔσται
1350 3961 1443 4012 κιιιί¹
1482 3961 1513 4029 ἡ
1557 3959 1725 4031 ψυχὴ,
1774 3962 1848 4027 ὡς
1882 3965 1910 4016 6

334 4044 478 4109 Υἱὸς,
514 4045 857 4117 ἀπαύγασμα
879 4048 978 4118 τῆς
1006 4049 1162 4120 δόξης
1189 4049 1279 4102 τοῦ
1308 4050 1463 4114 Θεοῦ,
1501 4053 1596 4103 καὶ
1624 4056 1911 4125 χαρακτὴρ

333 4137 428 4208 τῆς
457 4138 811 4202 ὑποστάσεως
846 4137 1033 4193 αὐτοῦ.
1072 4140 1233 4193 Ἀλλὰ
1275 4140 1380 4213 μὴν
1417 4141 1677 4197 ἀδύνατον
1718 4145 1908 4199 τοῦτο’

332 4228 590 4284 ἀδύνατον
634 4230 743 4301 ἄρα
775 4232 877 4307 καὶ
921 4230 1011 4285 τὸν
1044 4233 1168 4285 Υἱὸν
1211 4234 1304 4286 καὶ
1332 4233 1427 4304 τὴν
1456 4235 1631 4306 ψυχὴν
1660 4237 1825 4289 αὐτοῦ
1858 4236 1912 4288 ἓν

338 4316 495 4386 εἶναι,
531 4322 787 4394 καθάπερ
833 4323 995 4386 αὐτὸς
1029 4324 1123 4377 καὶ
1165 4326 1193 4376 6
1226 4326 1415 4396 Πατὴρ
1458 4326 1515 4378 ἓν
1555 4330 1678 4380 εἰσι.
1732 4331 1837 4381 Καὶ
1864 4330 1914 4380 τε

338 4415 552 4485 ποιήσει
600 4416 763 4468 πάλιν
799 4416 978 4487 ἑαυτῷ
1013 4418 1395 4488 περιπίπτων;
1428 4420 1629 4489 γράψει
1668 4422 1774 4491 γὰρ
1827 4422 1915 4474 οὒ-

338 4522 471 4569 τως·
509 4507 586 4559 Ού
632 4508 806 4577 δήπου
849 4509 958 4579 γὰρ
996 4511 1029 4578 ἡ
1064 4510 1443 4580 τεταραγμένη
1483 4513 1575 4563 καί
1623 4512 1915 4580 περίλυπος

339 4597 471 4656 οὖσα
507 4601 657 4672 ψυχὴ
683 4604 711 4654 6
742 4603 1050 4673 Μονογενὴς
1089 4603 1182 4655 καὶ
1215 4602 1555 4673 πρωτότοκος
1592 4604 1772 4674 πάσης
1802 4603 1917 4656 κτί-

345 4708 477 4756 σεως
503 4692 801 4761 ἐτύγχανεν
833 4690 988 4746 οὖσα.
1027 4693 1085 4744 '0
1112 4692 1222 4762 γὰρ
1249 4693 1381 4755 Θεὸς
1412 4693 1602 4759 Λόγος,
1634 4694 1707 4755 ὡς
1741 4693 1920 4759 κρείτ-

344 4799 445 4835 των
476 4786 577 4854 τῆς
612 4782 792 4853 ψυχῆς
818 4783 1124 4853 τυγχάνων,
1153 4784 1315 4847 αὐτὸς
1348 4785 1376 4835 6
1407 4783 1534 4846 Υἱός
1567 4800 1751 4852 φησιν,
1792 4783 1920 4845 Ἐξ-

344 4875 561 4928 ουσίαν
606 4876 726 4943 ἔχω
783 4873 971 4928 θεῖναι
1028 4874 1260 4935 αὐτὴν,
1312 4874 1410 4928 καί
1472 4874 1762 4937 ἐξουσίαν
1804 4874 1921 4941 ἔχω

2012 3686 2219 3739 habens
2241 3685 2630 3739 substantiam.
2661 3683 2717 3738 Si
2749 3686 2893 3739 enim
2927 3686 3390 3755 quemadmodum
3434 3684 3589 3736 Pater

2009 3789 2062 3831 et
2103 3776 2276 3831 Filius
2317 3794 2486 3831 unum
2536 3786 2697 3843 sunt,
2742 3778 2822 3831 sic
2864 3779 3044 3831 anima
3092 3788 3142 3833 et
3191 3777 3363 3832 Filius
3419 3792 3590 3831 unutn

2012 3877 2160 3929 sunt,
2186 3879 2247 3923 ut
2279 3870 2394 3922 vult
2442 3867 2728 3938 Origenes,
2761 3870 2865 3924 erit
2892 3881 2944 3923 et
2971 3870 3186 3932 anima,
3223 3870 3369 3924 sicut
3399 3866 3592 3935 Filirs,

2013 3961 2273 4030 splendor
2303 3960 2489 4029 gloria:
2517 3959 2633 4023 Dei,
2658 3969 2711 4014 et
2736 3962 3023 4016 character
3051 3962 3371 4015 substantia
3398 3960 3590 4028 ipsius.

2013 4052 2177 4121 Atqui
2230 4052 2333 4105 hoc
2373 4052 2487 4105 ﬁeri
2527 4052 2736 4120 nequit.
2773 4051 3115 4120 lmpossibile
3162 4061 3249 4107 est
3304 4054 3490 4121 igitur,
3539 4061 3597 4105 ut

2016 4142 2189 4197 Filius
2212 4150 2265 4195 et
2292 4141 2413 4211 ejus
2448 4141 2630 4195 anima
2661 4158 2826 4194 unum
2862 4143 2991 4203 sint,
3024 4143 3165 4196 sicut
3201 4144 3316 4210 ipse
3355 4153 3407 4195 et
3436 4140 3596 4194 Pater

2017 4247 2186 4287 unum
2224 4241 2375 4287 sunt.
2408 4231 2474 4286 Et
2502 4232 2633 4301 quid
2677 4232 2838 4285 faciet
2879 4245 3101 4285 rursum
3144 4232 3247 4285 sibi
3286 4232 3389 4299 ipsi
3434 4246 3599 4299 repu-

2018 4325 2231 4396 gnans?
2284 4322 2377 4377 Sic
2409 4324 2555 4379 enim
2606 4323 2802 4378 scribit
2836 4340 2848 4375 :
2882 4322 3235 4392 Nequaquam
3276 4324 3496 4375 turbata
3542 4330 3599 4376 et

2019 4418 2198 4473 tristis
2258 4416 2440 4470 anima
2494 4414 2823 4487 Unigenitus
2876 4424 3031 4481 erat,
3091 4423 3141 4469 et
3198 4415 3599 4484 primOgenitus

2018 4509 2199 4563 OllllllS
2225 4515 2515 4560 creaturae.
2540 4506 2673 4560 Nam
2700 4507 2841 4561 Deus
2872 4507 3127 4571 Verbum,
3166 4515 3224 4559 ut
3255 4506 3433 4559 anima
3463 4520 3599 4575 prte-

2021 4600 2276 4662 stantior,
2308 4599 2424 4667 ipse
2458 4597 2630 4651 Filius
2672 4599 2787 4653 ait:
2825 4598 3149 4652 Potestulem
3179 4598 3339 4651 habeo
3373 4596 3598 4664 portendi

2020 4707 2159 4755 eam,
2187 4702 2235 4745 et
2269 4699 2577 4760 potestatem
2609 4689 2770 4743 habeo
2801 4689 3100 4743 assumendi
3133 4689 3307 4742 eam“.
3346 4687 3400 4741 Si
3437 4689 3601 4757 igitur

2022 4784 2196 4839 Filius
2250 4784 2600 4853 praestantior
2638 4788 2721 4836 est
2763 4782 2946 4833 anima
2994 4769 3127 4845 sua,
3161 4780 3306 4834 sicut
3338 4787 3604 4847 praestan-

2025 4874 2219 4927 tiorem
2249 4888 2372 4927 esse
2411 4871 2468 4924 in
2511 4869 2769 4925 confesso
2798 4878 2901 4933 est,
2938 4868 3214 4937 quomodo
3258 4869 3379 4937 ejus
3422 4869 3604 4921 anima

343 4964 546 5017 λαϐεῖν
579 4966 793 5031 αὐτήν.
826 4967 889 5019 Ei
918 4966 1096 5019 τοίνυν
1128 4968 1391 5037 κρείττων
1421 4966 1567 5017 ἐστὶν
1605 4967 1631 5017 ὁ
1673 4966 1797 5029 Υἱὸς
1824 4966 1920 5036 τῆς

2033 4964 2259 5034 aequalis
2305 4971 2389 5017 est
2420 4962 2552 5024 Deo,
2595 4969 2648 5016 et
2683 4961 2737 5014 in
2776 4959 2948 5012 forma
3002 4959 3211 5028 ipsius?
3242 4957 3417 5028 Ipsam
3456 4959 3604 5013 enim

345 5056 532 5109 ἑαυτοῦ
565 5056 765 5127 ψυχῆς,
800 5056 989 5129 ὥσπερ
1016 5053 1108 5111 οὖν
1142 5057 1234 5110 καὶ
1255 5056 1517 5127 κρείττων
1552 5056 1917 5127 ὡμολόγηται,

346 5149 457 5212 πῶς
489 5152 523 5221 ἡ
553 5150 699 5221 ψυχὴ
738 5151 930 5203 τούτου
967 5149 1056 5203 ῐσα
1100 5150 1237 5222 Θεῷ,
1268 5152 1360 5203 καὶ
1389 5152 1447 5202 ἐν
1494 5153 1670 5221 μορφῇ
1718 5149 1917 5213 αὐτοῦς

345 5242 509 5312 αὐτὴν
536 5242 647 5311 γὰρ
698 5238 837 5294 εἷναί
871 5259 1052 5310 φαμεν
1082 5244 1179 5312 τὴν
1214 5242 1528 5293 κενώσασαν
1563 5242 1780 5311 ἑαυτὴν,
1828 5241 1922 5294 καὶ

351 5333 559 5404 μορφὴν
590 5332 777 5385 δούλου
802 5332 1092 5387 λαϐοῦσαν,
1137 5334 1268 5395 Ταῖς
1302 5335 1622 5404 ὑπερϐολαῖς
1661 5336 1767 5386 τῶν
1798 5336 1923 5388 ἀσε-

347 5426 504 5476 ϐειῶν
542 5425 947 5495 ἐπισημότερος
986 5424 1093 5477 τῶν
1138 5423 1312 5477 ἄλλων
1346 5425 1633 5495 αἱρετικῶν
1678 5426 1920 5492 ἐγένετο,

346 5513 417 5579 ὡς
449 5512 946 5585 ἐπεσημηνάμεθα.
988 5515 1048 5566 Ei
1075 5513 1184 5585 γὰρ
1217 5516 1277 5568 ἐν
1309 5518 1484 5586 μορφῇ
1527 5515 1662 5568 Θεοῦ
1694 5515 1925 5587 ὑπάρχει

411 5667 598 5725 ‘Psal.
634 5688 723 5737 xv,
758 5669 849 5725 Η).
926 5670 946 5701 ⁸
972 5668 1132 5724 Joan.
1166 5685 1278 5733 xw,
1311 5667 1365 5722 9.
1459 5670 1477 5698 ⁸
1511 5667 1666 5723 Joan.
1707 5686 1756 5731 ιι,
1796 5669 1870 5724 18.

2025 5074 2149 5114 esse
2179 5057 2419 5113 dicimus
2442 5096 2456 5118 ,
2494 5070 2614 5123 qua:
2665 5070 2725 5109 se
2779 5055 2954 5123 ipsam
2989 5052 3321 5120 exinanivit,
3353 5060 3406 5107 et
3461 5050 3605 5106 servi

2027 5152 2258 5207 formam
2295 5148 2522 5217 actepit.
2559 5146 2737 5213 Quare
2770 5145 3035 5216 Origenes
3081 5160 3271 5200 omnes
3304 5145 3446 5199 alios
3493 5143 3605 5197 ha:-

2027 5245 2230 5299 reticos
2270 5242 2545 5311 impietate
2581 5248 2825 5310 superat,
2873 5248 2932 5294 ut
2980 5238 3496 5293 demonstravimus.
3546 5234 3605 5287 Si

2028 5333 2173 5388 enim
2208 5334 2261 5385 in
2299 5332 2469 5384 forma
2509 5331 2601 5384 Dei
2632 5338 2716 5384 est
2745 5328 3004 5392 Verbum,
3042 5336 3095 5383 et
3118 5328 3228 5382 Deo
3258 5335 3340 5381 est
3371 5323 3602 5392 aequale.

2034 5424 2088 5475 in
2123 5422 2297 5476 forma
2330 5438 2455 5476 vero
2496 5421 2591 5477 Dei
2621 5438 2762 5483 esse,
2812 5428 2865 5475 et
2896 5420 3160 5489 mqualem
3190 5434 3312 5472 esse
3348 5416 3456 5469 Deo
3487 5414 3608 5468 ani-

2035 5533 2178 5570 mam
2215 5515 2515 5571 Salvatoris
2548 5522 2720 5585 putat,
2763 5514 2856 5582 qui
2909 5514 2989 5567 sic
3030 5511 3271 5567 scribere
3302 5523 3469 5564 ausus
3498 5514 3603 5575 est,

415 5782 523 5855 (11)
564 5784 695 5857 ch.
730 5784 1065 5855 βλασφημεῖ,
1103 5782 1444 5849 blasphemat.
1489 5780 1575 5835 Sic
1610 5797 1739 5837 sane
1781 5780 1989 5851 legebat
2027 5782 2400 5849 Hieronymus.
