4034 6340
487 323 553 376 ῖῑ9
1471 347 1846 404 THEOPHILI
1883 348 2196 410 EPISCOPI
2234 354 2706 412 ALEXANDRINI
3675 359 3744 412 (ῖο

477 454 753 524 quomodo
803 457 950 526 quod
985 467 1068 515 est
1115 462 1325 532 mquale
1369 465 1719 533 prazstantius
1762 465 1890 520 est?
1927 464 2044 532 Qua

2160 471 2188 522 ό
2222 469 2416 540 Λόγος,
2451 473 2546 526 καὶ
2585 471 2678 528 ἷσα
2697 473 2818 546 Θεῷ
2842 475 3010 541 ἐστιν,
3035 476 3091 528 ἐν
3125 477 3304 549 μορφῇ
3330 474 3386 528 δὲ
3404 473 3538 528 Θεοῦ
3571 474 3741 550 ὐπάρυ

475 547 618 601 cnim
656 556 851 603 natura
895 551 1156 607 inferiora
1185 561 1336 622 sunt,
1367 568 1556 610 eorum
1587 571 1710 627 quae
1742 572 1909 628 supra
1937 558 2058 630 ipsa

479 646 609 692 sunt
637 643 1010 710 praestantiam
1041 652 1329 701 testantur.

2166 576 2282 629 χειν
2311 561 2406 614 καὶ
2451 559 2543 617 ἶσα
2585 563 2705 635 Θεῷ
2751 565 2850 636 τὴν
2893 564 3071 636 ψυχὴν
3118 563 3212 618 τοῦ
3261 563 3510 634 Σωτῆρος
3541 565 3740 636 οἴεται,

2164 647 2446 720 τολμήσας
2479 649 2624 705 οὕτω
2665 653 2894 724 γράψαι,
2933 656 3050 719 πῶς
3083 654 3143 708 τὸ
3175 650 3284 708 ἴσον
3318 657 3561 726 κρεῖττόν
3590 658 3741 726 ἐστι;

2162 737 2244 791 Τὰ
2277 738 2384 812 γὰρ
2424 741 2806 814 ὑποϐεϐηκότα
2831 745 2930 816 τὴν
2961 745 3152 816 φύσιν,
3183 747 3292 801 τῶν
3337 746 3476 818 ὑπὲρ
3517 747 3654 801 αὐτὰ
3684 748 3737 801 τί

2162 832 2410 900 κρεῖττον
2439 838 2725 905 μαρτυρεῖ.

2072 941 2162 1000 Vl.

1392 1080 1402 1089 -
1481 1049 1864 1123 Fragmentum
1885 1069 1950 1109 ea:
1977 1053 2220 1126 Epistola
2255 1058 2508 1116 Paschali
2539 1059 2602 1116 V.

721 1152 869 1208 Inter
891 1167 1012 1210 acta
1043 1162 1547 1234 concilii-Ephesini
1568 1177 1713 1236 part.
1750 1184 1810 1233 ιι,
1839 1172 2005 1235 acM,
2034 1171 2242 1229 Concil.
2278 1185 2409 1231 tom.
2451 1176 2477 1231 I
2487 1177 2571 1243 11,
2597 1194 2720 1249 pug.
2745 1179 2907 1245 1055,
2937 1182 3063 1233 edit.
3107 1178 3490 1234 t’eneto-Labb.

476 1261 743 1332 Theophili
771 1270 1099 1350 sanctissimi
1119 1277 1728 1350 episcopiiAlexandriw,
1753 1298 1818 1337 ea:
1852 1284 2055 1350 Quinta

993 1341 1241 1400 Paschali
1279 1341 1528 1417 epistola.

542 1507 767 1562 Exstant
813 1519 868 1566 et
913 1529 1061 1568 nunc
1099 1532 1318 1588 quoque
1363 1529 1605 1576 veterum
1649 1524 2040 1582 miraculorum

470 1601 748 1670 reliquiae.
785 1601 957 1659 Nemo
991 1607 1202 1664 dubitet
1231 1611 1366 1680 quin
1405 1611 1494 1667 Dei
1526 1615 1703 1671 virtus
1743 1618 1954 1674 eﬂicere
1996 1620 2048 1673 id

466 1701 654 1760 queat,
712 1703 769 1749 ut
811 1697 963 1768 virgo
998 1701 1205 1769 pariat;
1261 1705 1313 1757 in
1369 1722 1478 1774 qua
1532 1710 1742 1780 utique,
1793 1715 1950 1770 nobis
1990 1725 2051 1770 ut

2169 1291 2462 1374 Θερςρίτίου
2487 1293 2594 1374 τοῦ
2620 1292 2944 1374 ἁγιωτάτῳ
2972 1293 3306 1374 eamad-{0v
3334 1291 3442 1360 τῆς
3474 1292 3742 1374 ᾉλεξαν-

2237 1360 2474 1442 δρείέτς,
2549 1364 2615 1417 ἐκ
2665 1360 2784 1434 ’τῆς
2846 1364 3105 1435 πέμπτης
3177 1364 3564 1434 Ἑορταστικής
3624 1365 3744 1416 ἐπι-

2234 1447 2447 1503 στοΛης.

2235 1541 2391 1593 Ἐστι
2417 1541 2524 1613 γὰρ
2555 1541 2652 1595 καὶ
2677 1542 2772 1595 νῦν
2801 1542 2908 1595 τῶν
2936 1543 3055 1596 τότε
3077 1543 3368 1616 θαυμάτων
3391 1544 3459 1597 τὰ
3491 1544 3742 1614 λείψανα.

2155 1631 2248 1703 Μὴ
2294 1633 2732 1696 ἀπιστείτωσαν,
2764 1634 2846 1687 ὅτι
2889 1633 3121 1705 δύναμις
3166 1635 3300 1689 Θεοῦ
3342 1635 3514 1706 ἰσχύει
3567 1639 3744 1690 ποιεῖν

2156 1721 2423 1792 παρθένον
2448 1723 2780 1789 άποτίκτειν,
2813 1723 2871 1776 ἐν
2971 1725 3258 1794 γενόμενος
3280 1727 3308 1778 ὁ
3344 1723 3452 1788 ζῶν
3484 1725 3576 1778 τοῦ
3600 1725 3738 1779 Θεοῦ

467 1788 908 1854 assimilaretur,
956 1793 1140 1848 vivum
1197 1796 1289 1852 Dei
1354 1798 1589 1856 Verbum
1626 1806 1767 1875 (alia
1818 1822 2044 1878 namque

2156 1788 2328 1880 Λόγος
2359 1812 2448 1866 διὰ
2469 1814 2568 1883 τὴν
2603 1813 2738 1885 πρὸς
2763 1788 2928 1884 ἡμᾶς’
2952 1788 3208 1884 ὁμοίωσιν
3228 1833 3241 1846 ·
3271 1815 3446 1878 ἄλλως
3474 1816 3584 1888 γὰρ
3621 1834 3744 1868 συν-

466 1876 680 1932 ratione
711 1879 1054 1939 familiariter
1085 1887 1231 1942 inter
1268 1906 1368 1945 nos
1399 1895 1607 1948 versari
1637 1911 1745 1950 non
1783 1899 2050 1969 poterat),

464 1977 537 2016 ne
583 1980 613 2019 e
647 1967 929 2037 voluptate
977 1981 1031 2027 et
1081 1989 1298 2042 somno,
1346 1987 1405 2032 ut
1458 1981 1514 2035 in
1561 1984 1686 2040 aliis
1735 1967 2052 2045 hominibus

464 2055 783 2125 contingere
816 2061 976 2121 solet.
1005 2079 1207 2135 corpus
1237 2075 1538 2137 sumeret",
1571 2084 1760 2131 nostra
1794 2078 2052 2134 similitu-

462 2144 593 2201 dine
618 2157 864 2218 accepta,
898 2168 960 2207 ex
1001 2155 1212 2225 virgine
1247 2161 1489 2230 prodiit:
1523 2165 1798 2222 hominem
1827 2171 2049 2240 quidem

463 2238 765 2291 secundum
799 2245 1049 2298 servilem
1089 2247 1320 2305 formam
1359 2255 1518 2311 nobis
1547 2258 1693 2312 haud
1723 2259 2044 2316 dissimilem

468 2325 767 2382 videndum
797 2346 856 2386 se
909 2336 1194 2403 praebens,
1228 2357 1292 2395 ex
1328 2346 1586 2413 operibus
1619 2357 1799 2404 tamen
1850 2350 2049 2422 (opera

460 2415 606 2469 enim
668 2419 851 2474 divina
908 2427 1195 2498 patrabat)
1245 2435 1491 2490 omnium
1540 2447 1595 2492 et
1638 2438 1930 2497 Dominum
1996 2453 2052 2499 et

459 2505 713 2576 opiﬁcem
750 2526 810 2566 se
849 2529 972 2569 esse
996 2519 1312 2578 ostendens.

2158 1903 2367 1974 ομιλεῖν
2395 1907 2529 1975 ἡμῖν
2559 1905 2719 1963 αὐτὸν
2749 1905 3042 1976 ἐγγύτερον
3065 1907 3163 1977 οὐχ
3187 1901 3298 1960 οἷόν
3323 1924 3383 1959 τε
3400 1902 3468 1978 ἦν
3487 1924 3501 1938 ·
3544 1908 3632 1961 ἵνα
3667 1909 3742 1979 μὴ

2158 1991 2218 2056 ἐξ
2248 1992 2439 2064 ἡδονῆς
2460 1993 2555 2046 καὶ
2588 1991 2779 2059 ὕπνου,
2805 1993 3056 2066 καθάπερ
3084 1995 3175 2047 ἐπὶ
3199 1994 3306 2048 τῶν
3329 1995 3503 2049 ἄλλων
3529 1996 3744 2066 ἀνθρώ·-

2159 2102 2275 2138 πων
2308 2085 2442 2156 ἔχει,
2495 2087 2712 2157 δέξηται
2753 2087 2941 2157 σῶμα,
2978 2088 3038 2140 τὸ
3088 2089 3145 2141 ἐν
3191 2085 3493 2158 ὁμοιώματι
3545 2087 3740 2139 τούτου

2156 2177 2424 2249 λαμϐάνει
2474 2179 2538 2232 ἐκ
2588 2178 2856 2252 παρθένου
2913 2178 3264 2248 τικτόμενοςο
3316 2177 3600 2248 ἄνθρωπος
3640 2178 3740 2248 μὲν

2157 2271 2498 2341 φαινόμενος,
2535 2270 2610 2334 ὼς
2643 2272 2824 2341 ἡμεῖς,
2849 2269 2993 2323 κατὰ
3022 2269 3118 2341 τὴν
3150 2269 3243 2322 τοῦ
3277 2269 3461 2322 δούλου
3496 2269 3735 2340 μορφὴν,

2155 2364 2219 2415 ἐκ
2249 2362 2306 2414 δέ
2336 2361 2445 2414 τῶν
2476 2361 2653 2432 ἔργων
2699 2361 3186 2433 ἀποδεικνύμενος,
3223 2362 3306 2414 ὅτι
3337 2359 3446 2413 τῶν
3480 2359 3739 2412 ἁπάντων

2155 2452 2488 2523 δημιουργὸς
2520 2452 2613 2504 καὶ
2637 2449 2840 2521 Κύριός
2865 2451 3003 2516 ἐστι,
3033 2450 3287 2520 πράττων
3313 2448 3450 2520 ἔργα
3472 2446 3632 2531 Θεοῦ.

2047 2648 2158 2704 Vll.

1523 2753 1984 2829 Fragmenlumex
2018 2765 2264 2836 Epistola
2299 2763 2549 2818 Paschali
2584 2761 2671 2817 Vl.

2043 2857 2176 2912 Ibid.

673 2927 949 2999 Ejusdem,
979 2945 1043 2984 ex
1077 2929 1243 2986 Sexta
1277 2931 1528 2990 Paschali
1562 2941 1811 3009 epistola.

2181 2945 2289 3000 Τοῦ
2341 2945 2548 3012 αὐτοῦ,
2595 2944 2664 2998 ἐκ
2694 2945 2791 3014 τῆς
2835 2944 3094 3026 ἑῇς-(19.)
3148 2944 3535 3015 Ἐορταστικῆς
3573 2947 3702 3000 ἐπι·-

2829 3030 3038 3065 στολτιτ.

2829 3031 3038 3084 στοΑης.

532 3101 746 3156 Etenim
799 3110 859 3157 ut
917 3106 1359 3171 praestantissimi
1399 3111 1606 3181 quique
1652 3115 1893 3173 artiﬁces
1931 3135 2041 3176 non

2215 3127 2318 3186 Οἷα
2362 3131 2468 3203 γὰρ
2507 3130 2616 3183 τῶν
2655 3131 2913 3202 τεχνιτῶν
2945 3132 2994 3185 ot
3044 3131 3254 3203 ἄριστοι
3295 3132 3396 3184 οὐκ
3431 3133 3488 3186 ἐν
3519 3131 3736 3203 τιμίαις

459 3192 638 3245 solum
667 3193 720 3245 in
746 3194 912 3248 nobili
937 3197 1192 3266 quapiam
1221 3202 1449 3255 materia
1478 3213 1648 3259 artem
1677 3222 1831 3261 suam
1856 3218 2044 3267 osten-

459 3280 675 3347 dentes,
706 3297 961 3354 magnam
999 3287 1082 3340 sui
1117 3287 1530 3345 admirationem
1555 3294 1796 3351 excitare
1825 3301 2042 3366 solent;

459 3386 650 3426 verum
686 3375 852 3430 etiam
904 3377 1063 3432 vilem
1099 3393 1303 3446 ceram,
1347 3394 1401 3436 et
1436 3383 1611 3438 lutum
1652 3389 1796 3456 quod
1844 3391 2047 3447 dissol-

458 3465 625 3530 vitur,
665 3482 809 3537 sarpe
857 3480 1170 3536 sumentes,
1207 3474 1342 3528 artis
1390 3490 1502 3530 suae
1536 3477 1640 3530 vim
1683 3479 1738 3533 in
1777 3497 1841 3536 ea
1871 3486 2045 3554 expli-

460 3565 608 3618 cant,
640 3567 694 3610 et
745 3560 1165 3615 cumulatiorem
1216 3561 1434 3619 laudem
1489 3580 1916 3635 promerentur:
1969 3576 2044 3631 ita

459 3661 594 3702 sane
616 3651 860 3714 omnium
885 3654 1126 3720 optimus
1155 3653 1376 3722 artifex,
1399 3657 1580 3713 vivum
1613 3661 1746 3717 illud
1771 3673 1825 3720 et
1850 3665 2042 3723 efficax

459 3737 555 3792 Dei
593 3737 828 3794 Verbum
848 3741 890 3804 ³,
923 3743 1069 3812 quod
1103 3748 1418 3802 universam
1457 3751 1597 3806 hanc
1629 3769 1811 3810 rerum
1843 3760 2043 3815 molem

459 3830 600 3884 mira
637 3832 848 3888 ordinis
878 3835 1256 3892 concinnitate
1285 3845 1590 3908 exornavit,
1629 3862 1737 3902 non
1774 3858 2041 3920 tanquam

460 3923 702 3993 pretiosa
748 3926 933 3996 aliqua
985 3930 1232 3996 materia,
1279 3933 1381 3988 hoc
1424 3943 1528 3998 est,
1565 3940 1775 3994 cmlesti
1810 3957 2042 4012 corpore

458 4025 680 4086 sumpto
713 4017 781 4072 ad
839 4035 940 4074 nos
987 4019 1304 4088 descendit,
1340 4027 1434 4081 sed
1471 4027 1524 4082 in
1572 4029 1686 4086 luto
1735 4033 1871 4088 artis
1927 4049 2042 4090 sua:

457 4109 897 4177 magnitudinem
943 4111 1278 4180 declaravit.
1317 4117 1444 4172 dum
1488 4121 1602 4191 ipse
1649 4123 1925 4180 hominem
1973 4142 2042 4182 ex

457 4199 589 4255 limo
614 4200 910 4258 formatum
935 4204 1364 4275 instauraturus,
1401 4228 1536 4266 nova
1567 4216 1802 4283 quadam
1830 4218 2043 4273 ratione

459 4293 625 4348 homo
665 4310 730 4350 ex
761 4296 972 4366 virgine
1003 4300 1296 4366 processit.
1338 4301 1402 4354 lit
1441 4306 1694 4369 quamvis
1733 4308 2042 4364 nativitatis

465 4385 628 4439 modo
667 4401 696 4438 a
749 4387 910 4440 nobis
949 4387 1223 4455 diﬂerret,
1256 4391 1672 4448 similitudinem
1714 4404 1896 4451 tamen
1940 4413 2042 4453 no-

466 4487 638 4532 stram
685 4482 968 4548 (peccato
1021 4481 1286 4537 duntaxat
1335 4489 1651 4560 cxcepto')
1706 4507 1802 4560 per
1857 4495 2042 4548 omnia

461 4570 896 4637 amplectendam
931 4573 1291 4629 existimavit.
1326 4576 1464 4632 Nam
1492 4589 1546 4634 et
1571 4583 1839 4650 nascitur,
1871 4594 1925 4640 et
1962 4587 2042 4641 fa-

459 4654 590 4708 sciis
649 4654 965 4723 involvitur,
997 4668 1051 4713 et
1096 4662 1349 4728 Iactatur,
1379 4674 1433 4720 et
1467 4667 1648 4726 infans
1681 4673 1736 4727 in
1774 4676 2041 4745 praesepio

463 4745 782 4812 punitur";
832 4759 886 4802 et
937 4765 1128 4809 omnes
1182 4755 1417 4826 denique
1459 4771 1681 4831 propter
1707 4764 1821 4834 jam
1861 4767 2038 4825 dictas

462 4853 661 4892 causas
697 4849 906 4896 natura:
934 4854 1137 4899 nostra:
1185 4846 1532 4907 infirmitates
1562 4856 1861 4923 experitur.
1897 4857 2037 4912 Inte-

464 4928 565 4980 rim
619 4936 800 4985 tamen
857 4949 982 4988 cum
1036 4935 1218 4992 infans
1266 4941 1444 4996 adhuc
1499 4955 1678 5010 esset,
1751 4948 2032 5003 inimicum

2151 3224 2311 3292 μόνον
2355 3222 2508 3285 ὕλαις
2557 3223 2655 3293 τὴν
2701 3223 2895 3293 τέχνην
2948 3224 3260 3292 ἐκφαίνουσι
3305 3222 3734 3293 θαυμαζόμενοι,

2146 3318 2260 3372 ἀλλ’
2281 3317 2531 3380 εὐτελοῦς
2561 3317 2734 3387 κηροῦ
2766 3317 2861 3370 καὶ
2887 3316 3056 3388 πηλοῦ
3085 3315 3434 3386 διαλυομένου
3470 3315 3736 3378 πολλάκις

2146 3405 2564 3478 ἐπειλημμένοι,
2603 3407 2704 3477 τῆς
2745 3407 3056 3476 ἐπιστήμης
3089 3405 3296 3458 ἑαυτῶν
3332 3405 3736 3458 ἐπιδεικνύουσι

2143 3498 2243 3568 τὴν
2272 3497 2522 3568 δύναμιν,
2567 3497 2744 3568 πολλῷ
2788 3497 2985 3568 μᾶλλον
3040 3496 3455 3567 ἐπαινούμενον
3497 3495 3673 3559 οὕτως
3706 3498 3736 3548 ὁ

2145 3590 2362 3644 πάντων
2397 3590 2785 3662 ἁριστοτέχνης
2805 3630 2818 3654 ,
2858 3591 2885 3642 ὁ
2933 3588 3041 3654 ζῶν
3071 3589 3162 3642 καὶ
3207 3589 3435 3660 ἐνεργὴς
3467 3588 3561 3642 τοῦ
3593 3587 3734 3641 Θεοῦ

2143 3684 2334 3752 Λόγος,
2367 3683 2572 3748 τάξεως
2607 3684 2844 3754 ἁρμονία
2887 3683 3262 3754 διακοσμήσας
3300 3684 3367 3736 τὰ
3412 3681 3733 3752 σύμπαντα,

2142 3775 2240 3844 οὐχ
2285 3769 2374 3827 οἷά
2418 3791 2562 3840 τινος
2601 3776 2786 3846 τιμίας
2821 3773 2972 3846 ὕλης,
3005 3775 3254 3846 οὐρανίου
3291 3773 3588 3844 λαϐόμενος
3622 3775 3736 3825 σά,-

2145 3882 2337 3938 ματος,
2372 3867 2509 3937 πρὸς
2541 3867 2688 3936 ἡμᾶς
2731 3867 2977 3934 ἀφῖκται,
3028 3864 3141 3918 ἀλλ’
3187 3865 3244 3916 ἐν
3288 3862 3443 3933 πηλῷ
3473 3863 3532 3914 τὸ
3587 3863 3736 3932 μέγα

2141 3957 2240 4021 τῆς
2270 3957 2464 4010 ἑαυτοῦ
2497 3957 2736 4009 δείκνυσι
2761 3957 2977 4026 τέχνης,
3008 3956 3097 4009 τὸν
3125 3958 3189 4009 ἐκ
3224 3954 3393 4026 πηλοῦ
3417 3955 3737 4009 πλασθέντα

2141 4047 2522 4118 διορθούμενος
2571 4047 2874 4117 ἄνθρωπον,
2913 4049 3073 4110 αὐτὸς
3121 4049 3185 4100 ἐκ
3220 4047 3496 4116 Παρθένου
3545 4063 3736 4100 καινο-

2143 4138 2369 4209 πρεπῶς
2393 4138 2597 4209 προίὼν
2637 4139 2732 4193 ἄνθ
2741 4157 2920 4211 ρωπος
2944 4157 2957 4169 ·
2989 4139 3065 4210 τῷ
3100 4139 3198 4210 μὲν
3225 4139 3409 4210 τρόπῳ
3437 4138 3540 4207 τῆς
3569 4139 3733 4207 γενέ-

2145 4245 2283 4291 σεως
2338 4229 2701 4294 διαλλάττων,
2751 4232 2848 4300 τὴν
2888 4231 2945 4283 δὲ
2983 4230 3124 4283 κατὰ
3159 4231 3334 4283 πάντα
3386 4229 3524 4300 πρὸς
3581 4232 3736 4300 ἡμᾶς

2142 4320 2311 4390 χωρὶς
2368 4320 2643 4392 ἁμαρτίας
2698 4322 2796 4373 οὐκ
2862 4321 3121 4391 ἐκφυγεῖν
3175 4321 3366 4391 κρίνας
3425 4322 3731 4391 ὁμοίωσιν⁸

2144 4409 2480 4480 τικτόμενος,
2524 4411 3040 4482 σπαργανούμενος,
3084 4412 3487 4482 τιθηνούμενος,
3524 4412 3734 4482 βρέφος

2075 4480 2120 4538 D
2147 4501 2204 4552 ἐν
2238 4501 2410 4572 φάτνῃ
2445 4480 2713 4571 κείμενος,
2743 4480 3090 4573 τῆς-φύσεως
3122 4480 3277 4572 ἡμῶν
3437 4480 3733 4555 ἀσθένειαν

2146 4588 2500 4659 ἐκδεχόμενος
2523 4589 2610 4642 διὰ
2638 4590 2736 4653 τὰς
2770 4590 3144 4661 προλαϐοῦσας
3173 4590 3446 4660 ἁμαρτίας
3482 4590 3601 4659 (ιῦ)
3634 4592 3732 4642 καὶ

2145 4679 2344 4743 αἰτίας.
2385 4681 2523 4733 Ἀλλ’
2549 4683 2628 4734 ἔτι
2676 4682 2875 4752 βρέφος
2913 4681 3007 4745 ὢν,
3064 4681 3198 4752 ὁμοῦ
3241 4681 3333 4734 καὶ
3371 4681 3461 4733 τὸν
3504 4681 3728 4751 ἐχθρὸν,

2145 4770 2238 4822 καὶ
2269 4771 2366 4841 τὴν
2404 4773 2596 4825 τούτου
2639 4773 2858 4844 θορυϐεῖ
2884 4774 3157 4843 φάλαγγα,
3189 4775 3397 4845 μάγους
3421 4775 3599 4827 ἕλκων
3635 4777 3730 4826 ἐπὶ

2145 4862 2470 4929 μετάνοιαν,
2527 4865 2622 4916 καὶ
2688 4865 3122 4934 παρασκευάζων
3164 4864 3256 4916 τοῦ
3303 4863 3728 4927 ἀποστείλαντος

2141 4955 2336 5017 αὐτοὺς
2362 4959 2708 5026 περιφρονεῖν
2732 4956 2777 5026 (Ι
2798 4956 2844 5025 ι)
2876 4957 3161 5025 βασιλέως.

463 5018 748 5090 ipsiusque
783 5025 1062 5082 cohortem
1100 5034 1388 5100 exterruit,
1421 5051 1607 5107 magos
1677 5041 1744 5095 ad
1786 5044 2162 5111 paenitentiam
2231 5050 2530 5116 adducens,
2576 5060 2630 5105 et
2701 5061 2757 5106 ut
2789 5068 2969 5123 regem
3021 5068 3052 5106 a
3105 5068 3215 5123 quo
3259 5050 3410 5106 missi
3476 5047 3726 5116 fuerant,

465 5124 898 5182 contemnerent,
931 5119 1190 5178 elliciens.

536 5293 555 5321 ⁷
589 5293 715 5363 Sap.
748 5310 842 5360 vn,
875 5295 926 5350 5.
1001 5297 1020 5328 '
1045 5297 1204 5354 llcbr.
1241 5316 1316 5365 ιν,
1349 5301 1430 5355 12.
1496 5308 1514 5336 ¹³
1542 5305 1668 5360 lhid.
1712 5309 1790 5361 Ιῖὶ.

537 5467 647 5544 (lg)
690 5467 816 5544 [λος.
848 5472 1032 5544 ἕκτης.

541 5537 646 5606 (15)
849 5537 1044 5608 αἰτίας.

1867 5311 1908 5341 ¹⁰
1942 5311 2072 5368 Luc.
2095 5330 2154 5378 ιι,
2186 5314 2233 5366 7.

2216 5491 2328 5562 (14)
2372 5494 2498 5564 Leg.
2531 5501 2913 5567 καταφρονεῖν.

1793 5726 2334 5756 —-—-—-wo-—-—-
2349 5742 2410 5752 ιο-
