4034 6340
391 293 462 348 65
1402 291 1766 351 THEOPHILI
1809 289 2119 348 EPISCGPI
2156 292 2628 349 ALEXANDRINI
3514 316 3521 322 ”
3575 295 3647 354 64

392 419 503 462 tem
555 412 714 462 extra
765 405 901 462 iines
948 422 1081 463 suos
1121 405 1365 477 judicet;
1405 408 1451 463 si
1494 416 1675 462 autem
1724 407 1970 477 ignoras,

2095 410 2154 481 ιὴ
2185 409 2391 480 κρίνειν
2417 409 2604 480 δίκηνο
2635 408 2761 463 εἰδὲ
2787 409 3019 477 ἀγνοεῖς,
3048 409 3234 480 μαθὼν
3267 405 3506 479 ἀπόσχου
3536 409 3648 462 τῶν

392 503 571 564 disce,
621 507 676 555 et
710 515 740 554 a
777 499 979 574 libellis
1023 498 1291 555 adversus
1329 514 1413 553 me
1450 499 1691 554 abstine.
1738 498 1873 553 Nam
1922 499 1969 555 si

391 589 633 659 judicari
667 603 752 643 me
793 595 1097 658 oporteret,
1143 588 1210 642 ab
1242 586 1518 659 Egyptiis
1557 590 1836 659 episcopis
1875 590 1970 660 ju~

396 682 667 737 dicandus
701 698 857 747 sum,
894 695 1003 736 non
1037 696 1068 734 a
1115 689 1169 735 te
1198 680 1290 749 qui
1336 682 1680 753 septuaginta
1726 683 1973 755 quinque

397 775 610 830 dierum
644 775 838 828 itinere
869 773 996 826 hinc
1018 772 1170 827 abes.

2078 500 2199 552 κατ’
2244 498 2377 569 ἐμοῦ
2415 498 2692 552 λιδέλλων.
2726 499 2790 552 Ei
2837 499 2943 571 γὰρ
2973 501 3063 552 καὶ
3104 499 3212 552 δέοι
3247 516 3310 568 με
3356 496 3646 569 κριθῆναι,

2081 588 2234 660 παρὰ
2264 591 2373 642 τῶν
2410 590 2740 659 Αἰγυπτίων,
2772 590 2866 642 καὶ
2906 590 2967 642 οὐ
3000 589 3153 660 παρὰ
3191 588 3306 653 σοῦ,
3336 587 3650 658 ἀφεστῶτος

2084 678 2617 755 ἑϐδομηκονταπέντε
2656 676 2879 750 ἡμερῶν
2911 678 3051 733 ὀδόν.

715 883 846 939 Vill.
887 884 1153 938 Epts'rou
1191 882 1412 939 Jomxls
1451 901 1685 942 EPISCOPI
1716 885 1921 947 Cursu,
1959 899 2029 938 ετ
2060 883 2378 964 Ses'rcu'rtt
2403 878 2697 935 Tianorum
2726 895 2959 937 EPISCOPI
2981 879 3370 933 ALEXANDRINI.

1124 1021 1277 1090 Apud
1309 1021 1628 1077 Cotelerium
1648 1024 1717 1077 ad
1746 1024 2181 1079 (lonstitutiones
2210 1018 2442 1089 apostol.
2476 1017 2570 1072 lib.
2596 1032 2648 1083 v,
2678 1034 2794 1086 cap.
2826 1017 2917 1074 20.

470 1162 671 1217 Diebus
695 1159 914 1229 jejunii,
946 1161 1097 1215 circa
1126 1163 1316 1216 horam
1348 1176 1552 1217 nonam
1587 1175 1709 1233 post
1735 1178 1974 1219 consue-

398 1265 480 1311 tas
532 1268 760 1324 preces,
809 1255 1122 1323 sumptione
1166 1255 1327 1325 panis
1378 1255 1675 1318 duntaxat.
1719 1271 1874 1328 aqum
1920 1265 1975 1312 et

397 1347 633 1410 olerum,
674 1351 769 1397 aut
804 1343 1146 1404 caricarum.
1182 1353 1275 1400 aut
1309 1346 1651 1416 daetylornm
1674 1388 1689 1412 ,
1730 1350 1975 1405 necessi—

380 1442 565 1509 talem
624 1433 873 1504 corporis
925 1434 1242 1505 explemus;
1296 1446 1660 1508 praeterquam
1703 1440 1747 1494 si
1788 1439 1976 1509 aliquo

404 1525 594 1578 morbo
621 1525 754 1579 illud
786 1524 1097 1580 alllictetur.
1125 1527 1259 1582 Cum
1293 1528 1463 1598 igitur
1493 1539 1547 1583 et
1576 1529 1663 1583 die
1694 1538 1818 1585 ante
1847 1546 1972 1585 san-

399 1622 486 1668 cta
520 1613 871 1684 TheOpliania
903 1616 1198 1686 jubeamur
1227 1618 1482 1689 jejunare
1503 1659 1517 1682 ,
1554 1628 1677 1689 post
1715 1620 1977 1690 vesperti—

325 1735 331 1742 -
400 1721 531 1759 num
574 1704 825 1761 Oilieium
877 1706 1068 1779 illique
1114 1711 1467 1779 conjunctam
1510 1712 1679 1766 divini
1732 1713 1978 1782 mysterii

399 1794 851 1865 celebrationem,
881 1799 951 1853 ad
983 1799 1166 1854 cibum
1202 1803 1419 1871 corpori
1454 1803 1869 1856 convenientem
1896 1818 1984 1858 so-

2095 1802 2180 1874 τὴν
2216 1790 2530 1871 σωματικὴν
2565 1797 2835 1867 εἰώθαμεν
2875 1795 3011 1849 ἱέναι
3049 1794 3254 1865 τροφὴν
3278 1836 3293 1859 ,
3324 1794 3383 1846 οὗ
3427 1793 3663 1864 μεταλη-
3768 1851 3772 1855 θ

399 1883 580 1942 lemus
629 1889 920 1957 accedere;
950 1896 1083 1946 tunc
1114 1907 1335 1947 sumere
1377 1906 1488 1947 non
1519 1900 1737 1962 oportet
1767 1894 1980 1957 oleum,

400 1988 496 2031 aut
537 1979 738 2047 pisces.
774 1979 909 2034 Nam
952 1982 997 2037 si
1033 1997 1097 2037 ea
1127 1983 1265 2047 dies,
1295 1983 1517 2054 vigilia,
1562 1984 1821 2054 inquam,
1855 2001 1982 2040 san-

401 2080 614 2125 ctorum
671 2071 1178 2143 Theophaniorum,
1235 2076 1289 2131 in
1314 2075 1457 2130 diem
1503 2075 1847 2132 Dominicum
1896 2078 1984 2132 in-

403 2163 706 2229 currisset;
736 2161 1075 2233 Theophilus
1109 2165 1463 2220 Alexandria;
1508 2167 1804 2236 episcopus
1842 2167 1984 2221 cari-

403 2263 499 2302 cas
529 2258 742 2303 tantum
778 2261 872 2306 aut
902 2255 1174 2321 palmulas
1200 2256 1485 2311 comedere
1510 2255 1769 2326 injungit,
1803 2264 1988 2326 quate.-

404 2354 509 2395 nus
569 2352 832 2397 caveatue
892 2361 962 2399 ne
1017 2346 1300 2402 Dominica
1363 2348 1650 2405 videamur
1697 2349 1982 2418 jejunare;

404 2439 607 2486 temere
638 2448 787 2496 vero,
813 2434 1006 2489 eadem
1033 2436 1212 2505 vigilia
1238 2438 1294 2491 in
1325 2438 1494 2493 alium
1522 2439 1662 2494 diem
1685 2440 1982 2503 incidente,

402 2523 585 2578 cibum
616 2525 958 2594 pinguiorem
996 2527 1367 2597 attigerimus.
1405 2530 1560 2597 Quod
1585 2531 1629 2586 si
1664 2540 1985 2587 sanctorum

403 2615 887 2686 Theophaniorum
922 2606 1042 2675 dies
1071 2622 1124 2674 in
1153 2620 1392 2677 Tetrade
1426 2633 1520 2677 aut
1560 2623 1864 2678 Parasccve
1886 2622 1985 2693 (Iv,

404 2716 498 2760 aut
533 2722 585 2762 vt
618 2706 789 2777 feria)
822 2709 1114 2774 institerit,
1140 2711 1375 2766 suﬁiciat
1403 2715 1563 2769 nobis
1596 2715 1809 2769 solvere
1839 2713 1986 2783 quod

400 2793 559 2862 juxta
593 2797 978 2865 Apostolorum
1010 2814 1271 2856 canonem
1304 2818 1464 2869 Lm,
1501 2803 1650 2858 hisce
1680 2804 1876 2860 diebus
1903 2804 1992 2860 in-

407 2889 661 2942 stitutum
699 2899 783 2945 est
809 2890 1115 2959 jejunium;
1149 2894 1225 2947 uti
1270 2903 1451 2947 autem
1483 2896 1604 2950 oleo
1636 2905 1692 2951 et
1723 2897 1986 2966 piscibus.

406 2976 475 3028 At
507 2992 725 3031 carnem
750 2982 831 3032 vel
858 2996 1079 3035 caseum
1099 2982 1458 3048 manducare,
1487 2984 1740 3055 ingluviei
1764 2998 1990 3055 prorsus

408 3076 775 3123 commentum
810 3080 927 3135 est,
964 3088 1071 3126 non
1108 3075 1426 3143 apostolica:
1468 3077 1830 3146 legislationis
1873 3078 1991 3145 jus-

2165 1163 2253 1214 Ἐν
2294 1165 2415 1225 ταῖς
2461 1158 2744 1230 νηστίμοις
2791 1155 2900 1210 τῶν
2936 1154 3196 1228 ἡμερῶν,
3245 1156 3374 1227 περὶ
3428 1156 3656 1229 ἐννὰτην

2081 1255 2230 1326 ὥραν
2267 1252 2405 1324 μετὰ
2450 1251 2551 1313 τὰς
2585 1248 2835 1320 συνήθεις
2869 1247 3052 1318 εὐχὰς,
3102 1249 3160 1300 ὲν
3190 1246 3340 1317 ἄρτῳ
3381 1246 3527 1318 μόνῳ
3561 1249 3657 1302 καὶ

2083 1331 2235 1401 ὕδατι
2268 1347 2362 1400 καὶ
2392 1343 2666 1414 λαχάνοις,
2717 1342 2752 1413 η
2788 1341 3000 1411 ἰσχάσιν
3046 1338 3184 1410 (is),
3226 1339 3261 1410 ἢ
3304 1338 3530 1407 φοίνιξιν
3557 1340 3658 1410 τὴν

2081 1438 2270 1510 χρείαν
2317 1434 2739 1506 ἁποπληροῦμεν
2774 1432 2870 1489 τοῦ
2917 1430 3200 1502 σώματος,
3240 1432 3288 1484 εί
3316 1426 3408 1502 μή
3443 1447 3527 1495 τις
3572 1432 3660 1483 ὲν-

2083 1530 2265 1601 οχλοίη
2296 1528 2471 1598 τούτῳ
2495 1524 2768 1580 ἀσθένεια.
2812 1524 2966 1577 Ἐπεὶ
2988 1521 3165 1575 τοίνυν
3196 1520 3296 1575 κάν
3323 1525 3389 1593 τῇ
3419 1522 3524 1591 πρὸ
3550 1521 3660 1575 τῶν

2083 1621 2254 1689 ἁγίων
2286 1617 2597 1687 Θεοφανίων
2629 1615 2815 1686 ἡμέρᾳ
2846 1613 3318 1685 προστεταγμένον
3356 1612 3659 1684 νηστεύειν,

2091 1711 2226 1783 μετὰ
2251 1709 2349 1780 τὴν
2378 1706 2728 1778 συνημμένην
2752 1703 2927 1776 ταύτῃ
2952 1702 3102 1757 θείαν
3128 1703 3538 1773 μυσταγωγίαν,
3568 1702 3663 1755 ἐπὶ

2084 1893 2244 1945 πτέον
2279 1890 2458 1943 ελαίου
2487 1888 2520 1958 ἢ
2560 1887 2775 1958 ἰχθύων.
2820 1887 2881 1939 Εἰ
2911 1885 3019 1956 γὰρ
3048 1886 3147 1954 τῆς
3181 1884 3392 1955 ἡμέρας
3419 1882 3623 1952 ταύτης
3645 1924 3659 1940 -

2082 1978 2181 2047 τῆς
2211 1975 2531 2047 παραμονῆς
2574 1992 2716 2044 φημι
2754 1971 2863 2026 τῶν
2906 1973 3075 2042 ἁγίων
3104 1972 3447 2042 Θεοφανίων,
3478 1972 3666 2044 ἡμέρᾳ

2084 2070 2336 2140 κυριακῇ
2403 2065 2791 2138 συνελθούσης,
2857 2067 2886 2118 ὁ
2943 2064 3200 2133 Θεόφιλος
3258 2062 3664 2143 Ἀλεξανδρείας

2089 2161 2319 2231 ἰσχάδων
2369 2159 2526 2230 μόνον
2563 2157 2595 2229 ἢ
2639 2156 2896 2227 φοινίκων
2945 2157 3274 2227 ἐπισκήπτει
3312 2155 3666 2226 μεταλαμϐά-

2086 2270 2227 2313 νειν,
2258 2253 2381 2304 ὅσον
2413 2248 2754 2318 φυλάξασθαι
2788 2247 2849 2300 τὸ
2882 2246 2939 2300 ὲν
2971 2247 3224 2320 Κυριακῇ
3258 2244 3530 2314 δειχθῆναι
3565 2261 3663 2314 νη-

2089 2343 2295 2395 στεύειν
2325 2358 2337 2369 ·
2375 2339 2536 2410 σχολῇ
2564 2341 2615 2407 γ’
2648 2338 2714 2392 ἂν
2742 2338 2907 2409 ἑτέρᾳ
2940 2336 3325 2407 συμπεσούσης
3349 2339 3382 2406 ἡ
3393 2336 3554 2408 μέρᾳ,
3582 2335 3662 2387 λι-

2088 2433 2409 2505 παρωτέρας
2436 2431 2639 2502 τροφῆς
2674 2429 2973 2500 ἁψαίμεθα.
3002 2429 3068 2481 Et
3091 2427 3148 2481 δὲ
3171 2429 3270 2481 καὶ
3293 2429 3327 2498 ἡ
3359 2427 3470 2481 τῶν
3493 2427 3666 2494 ἁγίων

2087 2523 2397 2594 Θεοφανίων
2422 2522 2602 2594 ἡμέρα
2629 2523 2688 2576 ἐν
2719 2520 2948 2593 Τετράδι
2969 2521 3002 2591 ἢ
3027 2522 3355 2592 Παρασκευῇ
3387 2519 3664 2588 ἐπισταίη,

2089 2596 2494 2688 ἁρκετδνὴμῖν
2542 2615 2702 2668 λῦσαι
2744 2616 2843 2686 τὴν
2872 2616 2929 2668 ἐν
2965 2616 3084 2677 ταῖς
3122 2611 3401 2675 τοιαύταις
3430 2613 3668 2683 ἡμέραις

2089 2705 2483 2775 νενομισμένην
2513 2703 2765 2772 νηστείαν
2797 2701 2940 2757 κατὰ
2968 2702 3059 2756 τὸν
3091 2700 3164 2766 ξθ¹
3196 2700 3306 2754 τῶν
3336 2700 3503 2769 ἁγίων
3531 2702 3669 2755 ἁπο-

2095 2800 2295 2854 στόλων
2336 2800 2555 2861 κανόνα,
2589 2796 2752 2866 ἐλαίῳ
2799 2813 2859 2848 τε
2896 2794 3201 2867 χρήσασθαι
3235 2797 3328 2849 καὶ
3358 2793 3556 2866 ἰχθύσι.
3594 2794 3638 2845 Τ
3642 2793 3670 2845 ὸ

2092 2891 2149 2945 δὲ
2182 2890 2407 2962 κρέατος
2435 2890 2467 2960 ἢ
2492 2887 2656 2961 τυροῦ
2689 2890 2907 2959 φαγεῖν,
2950 2886 3396 2957 γαστριμαργίας
3427 2885 3670 2956 ἀτεχνῶς

2093 2979 2331 3051 εὕρημα,
2356 2980 2455 3032 οὐκ
2478 2977 2842 3048 ἁποστολικῆς
2874 2976 3193 3048 νομοθεσίας
3221 2978 3521 3046 ἐπίταγμα.
3549 2978 3671 3028 Οὐκ

2094 3072 2226 3126 ἔστι
2256 3070 2364 3141 γὰρ
2391 3072 2429 3139 ἡ
2448 3071 2737 3134 βασιλεία
2762 3067 2864 3122 τοῦ
2893 3068 3063 3134 Θεοῦ,
3089 3065 3320 3136 ,βρῶσις
3342 3068 3440 3122 καὶ
3467 3068 3670 3133 πόσις,

410 3168 553 3209 smn.
584 3153 765 3225 Neque
797 3159 941 3211 enim
971 3175 1182 3229 regnum
1214 3160 1307 3215 Dei
1332 3173 1409 3216 est
1432 3177 1553 3216 esca
1582 3174 1629 3219 et
1657 3176 1810 3234 potus
1841 3165 1881 3195 “
1904 3180 1918 3230 ;
1941 3172 1989 3218 et

2102 3163 2196 3215 καὶ
2224 3139 2292 3215 τὰ
2321 3160 2469 3231 ἑξῆς.

411 3260 532 3313 quae
564 3257 890 3319 sequuntur.

1200 3393 1360 3457 Igitur
1377 3397 1611 3447 allocutio
1638 3404 1687 3447 et
1713 3400 1794 3448 lex
1820 3399 2041 3461 episcopi
2064 3396 2329 3460 Theophili
2350 3396 2496 3446 Alex.
2527 3396 2638 3445 talis
2659 3394 2881 3445 habetur.

486 3515 549 3567 Et
583 3530 703 3570 mos
725 3523 779 3570 et
802 3516 963 3570 oﬂicii
997 3522 1135 3572 ratio
1158 3537 1186 3573 a
1218 3521 1378 3575 nobis
1404 3525 1662 3591 postulat,
1700 3533 1757 3578 ut
1776 3541 1991 3582 omnem

414 3605 557 3660 diem
597 3606 946 3663 Dominiculn
986 3611 1357 3679 bonoremus,
1391 3631 1625 3684 eumque
1653 3617 1853 3673 festum
1893 3618 1995 3674 ha-

416 3694 667 3762 beamus,
700 3712 825 3767 cutu
863 3698 915 3751 in
951 3714 1017 3754 eo
1048 3700 1314 3757 Dominus
1344 3715 1531 3760 noster
1553 3706 1716 3763 Jesus
1743 3709 1998 3765 Christus

416 3788 874 3843 resurrectionem
909 3807 976 3845 ex
1010 3795 1244 3849 mortuis
1287 3795 1444 3851 nobis
1495 3802 1897 3866 procuravcrit.
1937 3800 2003 3855 Et

417 3876 541 3931 ideo
571 3876 661 3930 hic
697 3880 815 3933 dies
843 3880 896 3934 in
928 3882 1104 3938 sacris
1137 3881 1444 3955 Seripturis
1477 3894 1531 3941 et
1572 3888 1781 3957 primus
1812 3889 2002 3958 appel-

418 3969 563 4023 latus
592 3978 697 4034 est,
723 3981 782 4025 ut
812 3975 904 4043 qui
938 3975 1009 4030 sit
1038 3977 1200 4032 nobis
1231 3978 1354 4032 vitae
1387 3979 1602 4034 initium
1627 3998 1642 4047 ;
1666 3989 1721 4035 et
1751 3992 2004 4047 octavus,

417 4067 604 4131 utpote
655 4064 749 4133 qui
803 4063 1120 4125 Judaaorum
1167 4068 1574 4137 qubatismum
1617 4074 2004 4143 supergredia-

418 4156 527 4203 tur.
562 4150 700 4216 Quia
724 4154 890 4223 igitur
916 4158 1167 4227 contigit,
1193 4160 1337 4214 diem
1365 4159 1561 4230 jejunii
1590 4163 1684 4232 qui
1712 4164 1779 4218 ad
1808 4173 2003 4217 sancta

421 4238 773 4313 Theophania
798 4249 1054 4316 pertinet,
1081 4251 1136 4304 in
1161 4252 1311 4304 illum
1344 4252 1688 4308 Dominicum
1723 4255 2000 4321 incidere;

420 4336 728 4390 mconomia
762 4345 1004 4405 utamur,
1027 4347 1082 4393 et
1113 4340 1182 4394 ad
1210 4348 1501 4413 utrumque
1531 4344 1828 4413 prudenter
1852 4360 2005 4401 acce-

2174 3527 2283 3598 (16)
2318 3528 2427 3578 Καὶ
2453 3525 2515 3578 τὸ
2545 3524 2664 3586 ἔθος
2693 3524 2785 3576 καὶ
2815 3523 2876 3575 τὸ
2905 3525 3116 3594 πρέπον
3146 3525 3296 3594 ἡμᾶς
3326 3523 3545 3577 ἀπαιτεῖ
3576 3524 3676 3576 πᾶ·

2104 3636 2200 3671 σαν
2251 3617 2532 3688 Κυριακὴν
2566 3617 2753 3685 τιμᾷν,
2808 3616 2903 3668 καὶ
2951 3618 3008 3668 ὲν
3046 3616 3218 3688 ταύτῃ
3266 3614 3676 3686 πανηγυρίζειν,

2105 3710 2398 3780 ἐπειδήπερ
2428 3711 2484 3762 ὲν
2514 3709 2687 3780 ταύτῃ
2718 3710 2745 3760 ὁ
2782 3706 2985 3777 Κύριος
3010 3706 3165 3776 ἡμῶν
3205 3705 3412 3775 Ἰησοῦς
3445 3704 3679 3776 Χριστὸς

2105 3803 2205 3872 τὴν
2241 3804 2303 3854 ὲκ
2333 3800 2541 3870 νεκρῶν
2584 3799 2878 3853 ἀνάστασιν
2920 3799 3308 3869 ὲπρυτάνευσε.
3343 3796 3435 3849 Διό
3481 3798 3574 3850 καὶ
3622 3798 3680 3847 ἐν

2109 3897 2225 3956 ταῖς
2256 3894 2429 3963 ἱεραῖς
2455 3892 2719 3961 Γραφαῖς,
2760 3890 2854 3942 καὶ
2883 3888 3072 3960 πρώτη
3115 3889 3406 3958 κέκληται,
3436 3888 3510 3951 ὡς
3538 3888 3681 3957 ἀρχὴ

2113 3982 2258 4050 ζωῆς
2299 3983 2429 4051 ἡμῖν
2464 3980 2807 4050 ὑπάρχουσα,
2842 3981 2936 4033 καὶ
2967 3980 3124 4051 ὀγδόη
3145 4021 3156 4037 .
3186 3981 3280 4033 ἃτε
3311 3980 3375 4051 δὴ
3406 3981 3681 4049 ὑπερανα-

2105 4071 2373 4140 ϐεϐηκυῖα
2407 4068 2498 4121 τὸν
2525 4068 2633 4121 τῶν
2674 4067 2941 4121 Ἰουδαίων
2974 4069 3363 4138 σαϐϐατισμὸν.
3411 4069 3563 4120 Ἐπεὶ
3591 4065 3683 4121 οῦν

2107 4161 2305 4230 συνέϐη
2335 4159 2433 4231 τὴν
2478 4158 2586 4212 τῶν
2626 4159 2796 4227 ἁγίων
2835 4159 3149 4228 Θεοφανίων
3180 4159 3440 4229 νήστιμον
3474 4159 3684 4231 ἡμέραν

2104 4249 2242 4304 εἶναι
2272 4249 2474 4318 ταύτην
2512 4250 2646 4319 (1.7),
2677 4251 3155 4321 οίκονομήσωμεν,
3190 4251 3286 4303 καὶ
3319 4251 3454 4321 πρὸς
3494 4255 3685 4306 ἑκάτε-

2107 4360 2200 4412 ρον
2234 4342 2616 4412 ἐπιστημόνως
2646 4342 2985 4412 χωρήσωμεν
3007 4378 3023 4403 ,
3060 4340 3148 4394 ἵνα
3178 4341 3687 4411 μεταλαμϐάνοντες

421 4427 635 4493 damus,
664 4438 723 4481 ut
751 4438 1033 4485 sumentes
1064 4446 1268 4500 paucas
1301 4435 1590 4501 palmulas,
1616 4437 1783 4491 simul
1815 4446 1870 4492 et
1901 4439 1989 4493 ba}

2106 4434 2303 4501 ὀλίγων
2334 4433 2612 4501 φοινίκων,
2647 4432 2983 4502 ὲκκλίνωμεν
3017 4432 3133 4501 ἅμα
3172 4433 3266 4483 καὶ
3301 4433 3398 4494 τὰς
3426 4433 3685 4502 αἱρέσεις,

424 4531 574 4570 reses
614 4518 883 4582 vitemus,
940 4536 1063 4590 qua:
1107 4521 1252 4576 diem
1295 4526 1725 4582 resurrectionis
1783 4527 1989 4582 Domini

2107 4525 2204 4588 τὰς
2243 4524 2317 4595 μὴ
2358 4522 2603 4592 τιμώσας
2631 4522 2728 4592 τὴν
2768 4522 3136 4592 ἀναστάσιμον
3174 4521 3267 4573 τοῦ
3296 4523 3499 4593 Κυρίου
3528 4522 3688 4593 ἡμῶν

426 4609 601 4663 nostri
632 4609 765 4664 Jesu
792 4610 1000 4667 Christi
1032 4628 1141 4667 non
1175 4613 1481 4681 honorant;
1513 4624 1565 4671 et
1596 4619 1741 4687 quod
1776 4619 2008 4675 debetur

426 4700 534 4755 diei
568 4701 766 4771 jejunii
822 4705 1149 4772 reddamus,
1199 4717 1584 4778 exspectantes
1634 4713 2003 4779 vespertinum

428 4802 778 4860 conventum,
809 4801 901 4866 qui
934 4798 1046 4861 hic,
1081 4800 1192 4854 Deo
1224 4802 1439 4857 volente
1460 4843 1476 4866 ,
1509 4816 1822 4874 peragetur.
1858 4807 2005 4862 Con-

429 4900 715 4956 grrgcmur
745 4888 929 4959 itaque
952 4890 1041 4945 hic
1074 4892 1142 4946 ab
1173 4892 1307 4948 hora
1344 4909 1511 4949 nona.

504 5127 542 5161 “
574 5125 733 5184 Rom.
768 5143 885 5195 xw,
933 5129 1022 5187 i7.

506 5286 617 5359 (15)
644 5288 720 5359 ’Ἡ
743 5289 868 5359 ίσχ.
891 5287 978 5341 Al.
1007 5287 1100 5342 καὶ
1130 5290 1235 5357 ίσχ.
1277 5287 1370 5341 Sic
1402 5286 1529 5359 item
1556 5285 1719 5349 infra,
1745 5288 1839 5342 καὶ
1866 5288 2007 5359 φοίν.

429 5355 598 5428 ιιι-οᾲῆ
627 5355 765 5428 φοίν.
803 5355 865 5411 Et
899 5373 1023 5413 mox
1053 5358 1095 5411 δ’
1124 5355 1266 5426 ἀντ’
1301 5372 1397 5426 pro
1425 5357 1510 5413 ἄν.
1618 5426 1638 5428 _
1724 5361 1728 5365 “

504 5426 617 5495 (Hi)
646 5426 770 5482 llmc
799 5428 986 5484 videas
1015 5429 1270 5494 superius
1305 5427 1471 5482 relata
1504 5444 1566 5484 ex
1605 5426 1860 5485 Pandect.
1899 5426 2010 5483 (ἔα-ν

432 5510 560 5549 non.
585 5495 858 5568 Devercgii
895 5506 1026 5552 tom.
1062 5498 1125 5563 ll,
1153 5514 1310 5568 pagg.
1340 5497 1861 5568 170-175.7Exstant
1883 5515 2012 5568 pra:-

434 5568 584 5618 tcrea
615 5566 669 5619 in
695 5566 1051 5623 Conciliorum
1077 5566 1401 5634 col—lectione,
1429 5581 1562 5625 tum.
1599 5567 1660 5630 ll,
1683 5582 1802 5637 pag.
1846 5566 2005 5632 1576,

2122 4615 2295 4686 Ἰησοῦ
2332 4614 2569 4685 Χριστοῦ
2600 4614 2845 4685 ἡμέραν,
2900 4615 2993 4667 καὶ
3025 4615 3084 4665 τὸ
3127 4614 3474 4683 ὀφειλόμενον
3500 4618 3565 4685 τῇ
3594 4631 3691 4684 νη-

2112 4705 2288 4775 στίμῳ
2335 4704 2515 4775 ἡμέρᾳ
2549 4703 2869 4774 ἀποδῶμεν,
2908 4704 3289 4775 περιμένοντες
3328 4706 3424 4776 τὴν
3464 4706 3686 4776 ἑσπερι-

2108 4797 2204 4868 νὴν
2235 4797 2485 4864 σύναξιν,
2522 4798 2644 4868 ἥτις
2666 4796 2965 4857 .ὲνταῦθα,
3014 4796 3147 4847 Θεοῦ
3195 4797 3467 4860 θέλοντος,
3516 4797 3685 4849 τελεῖ-

2108 4908 2198 4943 ται
2231 4890 2365 4959 (18).
2409 4888 2766 4960 Συναχθῶμεν
2802 4887 2980 4940 τοίνυν
3025 4888 3131 4939 ἀπὸ
3160 4886 3305 4959 ὥρας
3338 4889 3560 4956 ὲννάτης
3600 4888 3686 4940 ὲν-

2110 4982 2295 5037 ταῦθα.

2116 5287 2245 5342 edit.
2282 5288 2681 5344 \‘eneto-Labb.

2144 5359 2297 5443 τ(17)
2333 5356 2500 5414 Εἶναι
2529 5362 2771 5430 ταύτην.
2818 5358 2875 5413 In
2914 5362 3245 5415 membranis
3282 5359 3461 5430 Regiis
3489 5354 3692 5425 ταίιτην

2118 5446 2281 5483 ειναι.
2516 5468 2521 5471 ‹

2190 5500 2302 5570 (l8)
2340 5501 2614 5556 Τελεῖται.
2651 5502 2757 5556 Aut
2787 5503 3138 5555 συντελεῖται.
