4034 6340
335 398 405 453 65

1740 401 2182 462 FRAGMENTA.

3516 404 3585 457 (36

450 604 3573 633 -———————————-——-——————————————_—_—___________________

832 781 1511 877 THEOPHILI
1598 783 2439 877 ALEXANDRINI
2520 792 3064 888 EPISCOPI

1152 994 1577 1053 FRAGMENTA
1619 994 1712 1051 EX
1748 995 1929 1053 ALllS
1979 996 2324 1057 OPERIBUS
2362 999 2776 1061 DEPEBDITIS

1081 1275 1147 1329 in
1183 1273 1320 1330 illud
1358 1268 1562 1329 Paalmi
1592 1289 1726 1339 xcn,
1750 1274 2013 1331 Dominus
2042 1277 2308 1347 regnavit,
2335 1277 2586 1335 decorem
2616 1280 2812 1334 induit.

1640 1363 1725 1417 Ex
1758 1365 1933 1419 codice
1961 1365 2099 1435 regio
2137 1366 2263 1420 211.

796 1512 948 1578 Apud
971 1510 1312 1567 Sir-mundum
1343 1513 1413 1565 ad
1449 1509 1626 1579 Rufini
1658 1511 1937 1565 Palaestini
1971 1511 2164 1564 librum
2196 1510 2270 1565 De
2294 1511 2416 1575 ﬁde,
2444 1510 2576 1580 Opp.
2605 1523 2731 1568 tom.
2766 1512 2812 1580 1,
2838 1531 2960 1586 pag.
2994 1516 3115 1572 313.

411 1653 465 1706 '0
486 1649 706 1719 Κύριος
729 1648 1152 1709 ἐϐασίλευσεν,
1176 1646 1505 1701 ἐνεδύσατο
1528 1643 1910 1714 εὐπρέπειαν.
1940 1682 1955 1708 λ

2093 1644 2350 1699 Dominus
2392 1646 2646 1725 regnavit,
2683 1651 2927 1701 decorem
2960 1648 3134 1702 induit
3165 1650 3224 1701 ¹².
3256 1648 3394 1715 Quia
3441 1650 3585 1705 enim

348 1742 559 1813 Ἐπειδὴ
590 1741 705 1812 γὰρ
739 1739 900 1793 ἔλαϐε
932 1738 1171 1811 φθαρτὸν
1203 1738 1394 1808 σῶμα,
1426 1738 1760 1809 εὐπρέπειαν
1794 1738 1910 1788 ἐνε-

336 1830 526 1885 δύσατο
557 1831 872 1898 ἀναστήσας
902 1829 1051 1891 αὐτὸ,
1082 1828 1143 1881 οὐ
1181 1828 1440 1899 φθαρτὸν,
1471 1827 1586 1881 ἀλλ’
1609 1827 1906 1897 ἄφθαρτον.

348 1924 405 1977 Ὀ
422 1920 623 1992 Κύριος
646 1918 1012 1981 ἐϐασίλευσεν,
1033 1920 1365 1991 εὐπρέπειαν
1383 1918 1684 1973 ἐνεδύσατο.
1710 1917 1909 1971 "Elatia.

342 2019 439 2086 γὰρ
470 2012 783 2082 ἀναστήσας
819 2010 981 2065 πάλιν
1009 2011 1070 2064 τὸ
1095 2011 1289 2066 ἑαυτοῦ
1321 2011 1499 2081 σῶμα,
1530 2012 1671 2066 κατὰ
1703 2011 1800 2081 τὴν
1830 2014 1909 2065 ol-

338 2106 484 2159 κείαν
519 2103 903 2172 ὲπαγγέλειαν,
937 2104 1175 2157 Λύσατε
1214 2104 1320 2156 τὸν
1360 2103 1510 2158 ναὸν
1536 2104 1783 2166 τοῦτον,
1813 2103 1912 2157 καὶ

339 2198 431 2251 ἐπὶ
473 2196 673 2268 τρισὶν
709 2197 955 2267 ἡμέραις
977 2195 1157 2267 ἐγερῶ
1178 2200 1381 2252 αὐτόν.
1419 2200 1483 2250 Ὃ
1516 2200 1700 2268 ἤγειρε
1736 2198 1915 2250 τοίνυν

341 2289 621 2343 ἐνεδύσατο
638 2288 818 2360 σῶμα.
839 2290 1032 2358 Ἔλεγε
1044 2291 1173 2360 γὰρ,
1187 2293 1308 2344 Οὐκ
1329 2291 1783 2360 ἐγκαταλείψεις
1802 2289 1916 2358 τὴν

338 2382 543 2451 ¹ψυχήν
565 2400 688 2451 μου
725 2385 814 2448 εις
844 2383 1023 2450 ᾅδην,
1049 2382 1192 2438 οὐδὲ
1218 2382 1435 2449 δώσεις
1464 2384 1570 2436 τὸν
1600 2382 1773 2436 ὅσιόν
1794 2398 1913 2436 σου

342 2470 483 2525 ἰδεῖν
495 2471 848 2541 διαφθοράν·
863 2473 950 2526 ἓτι
968 2473 1034 2526 δὲ
1059 2473 1158 2527 καὶ
1179 2475 1216 2541 ἠ
1241 2473 1396 2542 σάρξ
1406 2492 1524 2543 μου
1539 2471 1915 2539 κατασκηνώ-

346 2570 437 2611 σει
458 2559 545 2611 ὲπ’
565 2559 790 2613 ἐλπίδι.
836 2561 1097 2625 Ἀναστὰς
1127 2564 1183 2615 ὲν
1204 2561 1281 2630 τῷ
1305 2563 1546 2632 μνήματι
1571 2560 1668 2613 οὐκ
1697 2560 1879 2630 ἔμεινε
1901 2576 1913 2591 ·

342 2650 433 2703 καὶ
465 2652 653 2721 μείνας
691 2654 750 2706 ὲν
782 2652 861 2722 τῷ
894 2654 1156 2723 μνήματι,
1188 2654 1287 2705 οὐκ
1318 2652 1425 2705 ἴδεν
1456 2649 1775 2721 διαφθορὰν,
1813 2650 1914 2703 οὐκ

340 2740 632 2812 ἐκράτησεν
667 2740 836 2795 αὑτοῦ
866 2744 900 2812 ἡ
926 2741 1212 2813 διαφθορά.
1249 2743 1307 2795 ὐ
1338 2741 1614 2812 ἄφθαρτος
1643 2740 1817 2807 Λόγος
1852 2740 1914 2792 τὸ

342 2833 569 2904 φθαρτὸν
598 2833 865 2900 ἀνέστησε
907 2832 1064 2905 σῶμα
1099 2838 1178 2898 εἰς
1210 2834 1515 2902 ἀφθαρσίαν

2014 1736 2374 1805 corruptibile
2392 1751 2595 1806 corpus
2617 1738 2941 1807 assumpsit,
2962 1740 3214 1793 decorem
3245 1742 3442 1805 imluit,
3468 1758 3591 1798 sus-

2010 1825 2193 1880 citans
2229 1825 2360 1879 illud
2410 1841 2520 1879 non
2566 1829 2959 1896 corruptibile,
3005 1829 3098 1882 sed
3152 1831 3583 1899 incorruptibile.

2015 1917 2268 1971 Dominus
2313 1920 2569 1986 regnavit,
2613 1917 2849 1972 decorem
2880 1919 3067 1974 induit.
3103 1918 3417 1989 Assumpslt
3445 1925 3589 1977 enim

2009 2017 2303 2073 resurgens
2332 2003 2531 2057 iterum
2557 2007 2838 2074 proprium
2865 2022 3086 2075 corpus.
3120 2019 3282 2076 prout
3314 2011 3432 2079 ipse
3461 2028 3592 2079 prac-

2011 2091 2224 2147 dixerat
2268 2111 2280 2147 :
2324 2091 2523 2147 Solvite
2580 2095 2826 2163 templum
2856 2098 2984 2161 Itoc,
3016 2109 3060 2150 et
3104 2098 3159 2151 in
3206 2100 3372 2153 tribus
3408 2101 3590 2156 diebus

2010 2183 2251 2238 excitabo
2286 2185 2422 2237 illud
2450 2185 2516 2239 ⁸³.
2550 2184 2705 2251 Quod
2752 2190 3017 2241 excitarat
3048 2204 3179 2259 ergo
3204 2232 3219 2254 ,
3255 2191 3432 2244 induit
3471 2210 3592 2245 cor-

2012 2292 2140 2347 pus.
2174 2275 2399 2332 Dicebat
2431 2278 2577 2332 enim
2608 2297 2619 2329 :
2648 2276 2771 2330 Non
2801 2278 3124 2350 derelinques
3157 2284 3389 2335 animam
3422 2301 3591 2338 meum

2012 2367 2068 2419 in
2102 2365 2330 2433 inferno,
2364 2382 2456 2419 nec
2478 2367 2631 2419 dabis
2653 2382 2895 2420 sanctum
2926 2379 3068 2421 tuum
3094 2369 3261 2425 videre
3290 2376 3592 2441 corruptiu-

2015 2472 2130 2509 nem
2156 2456 2200 2488 “’
2228 2476 2240 2511 :
2269 2459 2482 2525 insuper
2511 2469 2686 2511 autem
2720 2468 2769 2512 et
2795 2476 2920 2512 caro
2949 2477 3064 2514 mea
3092 2465 3370 2531 requiescet
3395 2466 3448 2518 in
3480 2457 3589 2533 spe.

2013 2545 2329 2617 Resurgens
2373 2564 2481 2601 non
2515 2552 2715 2602 mansit
2748 2550 2800 2604 in
2851 2560 3249 2607 monumento:
3306 2556 3400 2609 sed
3438 2564 3492 2609 ct
3538 2559 3591 2609 in

2012 2648 2367 2692 monumento
2409 2654 2636 2694 manens
2667 2656 2774 2695 non
2823 2642 2957 2696 vidit
2992 2646 3428 2715 corruptionem;
3466 2662 3593 2702 cor-

2011 2730 2192 2799 ruptio
2219 2729 2297 2783 illi
2332 2745 2436 2783 non
2459 2740 2544 2785 est
2571 2731 2874 2786 dominata.
2908 2733 3147 2789 Verbum
3178 2736 3596 2808 incorruptibile

2010 2823 2373 2893 corruptibile
2417 2838 2623 2894 corpus
2662 2827 2953 2881 suscitavit
2988 2829 3053 2882 ad
3100 2828 3594 2900 incorruptibilita-

2010 2923 2137 2968 tem.

1392 3162 1471 3216 Ex
1502 3161 1705 3217 Catena
1736 3163 1790 3215 in
1824 3162 2084 3221 Genesin.
2109 3161 2223 3214 cod.
2261 3178 2365 3230 reg.
2394 3162 2519 3216 810.

1424 3279 1576 3349 Apud
1605 3278 1972 3346 Sirmonaum,
2000 3288 2154 3341 ιοιἀ.,
2184 3295 2308 3349 pag.
2337 3279 2467 3335 ‘292.

411 3420 521 3492 (l9)
550 3420 672 3474 Ὅτι
693 3419 756 3474 οὖ
778 3421 845 3474 δι’
863 3418 1250 3492 ἁμαρτίας,ὡς
1281 3418 1542 3491 Ὠριγένει
1561 3418 1727 3485 ἔδοξε,
1746 3434 1916 3471 κατα·
1947 3426 1955 3480 1

2087 3416 2244 3483 Quod
2297 3434 2408 3472 non
2455 3421 2526 3474 ob
2570 3430 2879 3490 peccatum,
2915 3432 2971 3476 ut
3020 3424 3239 3495 Origeni
3276 3428 3453 3483 visum
3490 3440 3596 3496 est,

344 3506 664 3577 δεδλημέναι
703 3509 759 3560 αἱ
804 3506 977 3578 ψυχαὶ
1016 3506 1231 3578 σώμασι
1276 3508 1705 3578 συνεπλάκησαν,
1750 3510 1916 3578 ἐχρη-

346 3598 551 3669 σάμεθα
582 3597 660 3668 τῷ
686 3598 929 3660 Μωσέως
968 3600 1193 3670 ῥήματι,
1223 3598 1471 3667 λέγοντος
1502 3601 1613 3662 τοῖς
1645 3601 1779 3661 υἱοῖς
1818 3600 1917 3651 ἰσ-

347 3691 508 3763 ραὴλ,
557 3691 774 3758 Κύριος
820 3693 852 3745 ό
898 3691 1042 3757 Θεὸς
1074 3690 1191 3745 τῶν
1221 3690 1490 3759 πατέρων
1523 3690 1689 3758 ὑμῶν
1718 3704 1908 3757 προσ-

346 3782 465 3851 θείη
516 3781 662 3852 ὑμῖν
699 3783 965 3852 σήμερον
999 3784 1083 3847 ὡς
1112 3781 1254 3836 ἐστὲ
1294 3782 1729 3853 χιλιοπλασίως
1751 3820 1765 3844 ,
1812 3782 1911 3835 καὶ

345 3872 670 3944 εὐλογῆσαι
712 3872 867 3943 ὑμᾶς
902 3877 1107 3931 καθότι
1153 3875 1460 3944 ἐλάλησεν
1495 3875 1657 3945 ὑμῖν.
1695 3875 1768 3926 Οὐ
1807 3874 1915 3943 γὰρ

347 3964 559 4033 εὐλογία
591 3964 733 4019 κατὰ
768 3966 1048 4038 Ὠριγέψην
1076 3967 1224 4021 ἐστὶν
1251 3969 1284 4039 ἡ
1317 3968 1424 4021 τῶν
1462 3968 1729 4038 σωμάτων
1760 3966 1917 4035 ποίη-

351 4074 449 4123 σις,
478 4059 617 4115 ἀλλὰ
642 4061 855 4134 κατάρα
898 4062 1278 4132 πλανωμέναις
1308 4063 1528 4133 ψυχαῖς.

2025 3509 2250 3578 dcjcctaa
2292 3512 2486 3565 animae
2520 3513 2845 3582 corporibus
2881 3516 3155 3584 implicita:
3201 3520 3346 3581 sint,
3386 3537 3451 3575 ex
3493 3522 3598 3577 Mo-

2025 3601 2104 3656 sis
2141 3600 2323 3656 verbis
2358 3601 2675 3669 didicimus,
2719 3602 2845 3658 [iliis
2894 3603 3059 3659 Israel
3094 3607 3328 3663 dicentis
3362 3628 3375 3664 :
3415 3611 3600 3664 Domi-

2022 3711 2121 3748 nus
2148 3692 2290 3748 Deus
2318 3704 2525 3764 patrum
2553 3704 2839 3750 vestrorum
2870 3698 3088 3767 atfjiciat
3118 3701 3285 3765 vobis,
3312 3704 3445 3755 sicut
3473 3706 3599 3758 estis

2021 3786 2194 3851 hodie,
2223 3788 2392 3841 millia
2417 3788 2602 3853 multa,
2626 3800 2673 3842 et
2701 3788 2968 3843 bettcdicat
2995 3793 3156 3856 robis,
3189 3795 3325 3847 sicut
3353 3795 3493 3848 vobis
3525 3798 3603 3850 lo-

2018 3887 2170 3931 cutus
2199 3889 2274 3931 est
2311 3880 2374 3932 ¹⁸.
2410 3878 2594 3948 Neque
2623 3881 2766 3935 enim
2802 3882 3128 3947 benedictio,
3150 3886 3450 3940 secundum
3480 3886 3600 3941 Ori-

2020 3983 2235 4037 gcncm,
2270 3979 2351 4023 est
2378 3983 2669 4036 corporum
2699 3970 3008 4039 productio,
3042 3975 3137 4029 sed
3166 3977 3479 4033 maledictio
3505 3992 3602 4032 cr-

2024 4058 2275 4112 rautiltus
2311 4059 2620 4113 animabus.

1580 4288 1659 4341 Ea:
1687 4289 1866 4342 eodem
1893 4290 2010 4341 cod.
2036 4301 2145 4354 reg.
2178 4285 2302 4341 810.

1746 4402 1875 4455 ibid.
1912 4417 2034 4472 pag.
2065 4398 2194 4453 295.

419 4521 593 4585 Μέσος
620 4517 712 4577 οὖν
743 4525 771 4577 ό
804 4521 1089 4592 ἄνθρωπος
1111 4521 1217 4574 τῶν
1248 4520 1341 4573 δύο
1364 4521 1577 4587 ἐγένετο
1600 4536 1612 4549 ο
1642 4519 1763 4571 οὔτε
1796 4519 1922 4587 θνη-

355 4611 437 4676 τὸς
485 4612 797 4685 ὁλοσχερὴς,
837 4613 961 4667 οὔτε
994 4612 1260 4676 ἀθάνατος
1289 4611 1517 4665 καθόλου
1538 4652 1552 4675 ,
1582 4610 1829 4671 δεκτικὸς
1863 4608 1919 4697 δὲ

358 4703 632 4778 ἑκατέρου.

2106 4515 2314 4572 Medius
2350 4516 2517 4585 igitur
2543 4517 2685 4572 inter
2711 4517 2849 4573 duos
2879 4518 3038 4572 homo
3067 4517 3241 4572 factus
3270 4520 3445 4575 fuerat
3472 4539 3485 4576 :
3515 4536 3605 4576 ne-

2028 4625 2134 4679 que
2164 4609 2412 4663 mortalis
2450 4609 2600 4662 omni
2631 4624 2696 4662 ex
2727 4617 2903 4678 parte,
2933 4626 3110 4679 neque
3140 4618 3288 4667 totus
3322 4612 3603 4668 immorta-

2028 4702 2116 4766 lis,
2152 4702 2244 4757 sed
2280 4717 2450 4771 capax
2490 4701 2798 4771 utriusque.

1936 4838 2020 4895 IV.

989 4958 1137 5026 Apud
1165 4955 1223 5011 S.
1256 4955 1520 5009 Joannem
1556 4955 1804 5008 Damasc.
1841 4954 2036 5007 Parall.
2070 4969 2213 5009 sacr.
2250 4953 2382 5022 Opp.
2427 4963 2553 5007 tom.
2588 4952 2675 5019 II,
2712 4971 2829 5025 pag.
2856 4956 2981 5012 559.

422 5063 551 5125 Εἶτα
580 5071 832 5142 βασιλεὺς
857 5074 956 5143 μὲν
990 5075 1228 5143 ἐπίγειος
1258 5072 1571 5126 πιστεύεται
1598 5065 1737 5122 εἶναι
1759 5109 1772 5130 ,
1808 5069 1930 5120 καί-

359 5182 456 5237 περ
498 5163 573 5235 μὴ
602 5167 735 5217 πᾶσι
781 5165 1142 5236 βλεπόμενος,
1173 5165 1259 5219 διὰ
1284 5165 1340 5217 δὲ
1374 5164 1556 5232 νόμων
1605 5162 1700 5214 καί
1749 5160 1928 5213 διατὰδ

360 5254 485 5319 ξεων
515 5256 700 5321 αὐτοῦ,
731 5258 828 5309 καὶ
848 5258 1108 5323 ἐξουσιῶν
1140 5258 1234 5310 καὶ
1268 5256 1552 5324 δυνάμεων
1582 5253 1676 5306 καὶ
1707 5253 1931 5305 εἰκόνιον

359 5348 576 5400 νοεῖται⁸
609 5348 700 5401 τὸν
734 5349 792 5401 δὲ
818 5349 950 5402 Θεὸν
976 5349 1037 5401 οὐ
1069 5348 1245 5419 βούλει
1273 5346 1513 5400 νοεῖσθαι
1538 5345 1605 5398 δι’
1632 5344 1808 5416 ἔργων
1839 5343 1930 5396 καὶ

362 5429 629 5504 δυνάμεων
643 5452 661 5500 ;

425 5588 467 5620 ¹¹
493 5588 637 5646 Psal.
665 5606 799 5655 xcn,
844 5592 925 5645 15.
1004 5592 1047 5626 ¹³
1082 5591 1241 5647 Joan.
1275 5608 1333 5656 ιι,
1379 5592 1463 5645 19.
1543 5591 1586 5623 ¹⁸
1619 5590 1764 5648 Psal.
1806 5609 1890 5656 xv,
1929 5590 2015 5647 l0.

2104 5068 2181 5121 Ita
2212 5085 2277 5121 ne
2309 5069 2525 5122 laudent
2558 5085 2649 5123 rex
2684 5079 2961 5134 terrenus,
2997 5071 3099 5124 etsi
3137 5071 3361 5125 minime
3392 5072 3606 5127 videtur

2032 5160 2098 5212 ab
2125 5160 2405 5225 omnibus,
2442 5169 2624 5215 tamen
2662 5179 2757 5232 per
2803 5163 2947 5232 leges
2983 5170 3036 5216 et
3068 5162 3244 5215 edicta
3267 5201 3280 5224 ,
3318 5164 3608 5216 auctorita-

2032 5255 2253 5314 temque
2289 5254 2341 5301 et
2375 5251 2672 5318 potentiam
2714 5266 2778 5304 ac
2811 5251 3076 5320 imagines
3125 5251 3393 5305 exsistere
3427 5251 3608 5303 credi-

2033 5347 2158 5401 tur;
2205 5338 2374 5393 Deum
2421 5357 2550 5395 vero
2592 5357 2656 5396 ex
2699 5342 2962 5412 cperibus
3013 5351 3066 5396 ct
3109 5343 3347 5410 potentia
3380 5340 3606 5412 intelligi

2036 5447 2142 5484 non
2185 5431 2299 5485 vis?

2094 5592 2135 5622 ’⁵
2171 5591 2327 5648 Deut.
2367 5609 2406 5657 ι,
2441 5594 2526 5648 11.

430 5743 528 5811 (19)
565 5747 661 5803 His
702 5743 880 5804 aliinia
926 5748 1118 5804 scribit
1165 5755 1356 5802 auctor
1402 5746 1455 5801 in
1506 5746 1675 5817 Epist.
1727 5747 1919 5802 Pascit.
1954 5760 2080 5800 ann.
2114 5747 2235 5812 401,
2265 5746 2291 5815 §
2324 5748 2407 5811 18,
2447 5747 2533 5799 ubi
2563 5755 2614 5803 et
2650 5745 3054 5802 Dcutcronomii
3081 5745 3260 5801 locum
3294 5745 3383 5803 hic
3414 5744 3602 5802 lauda-

373 5817 465 5868 tum
487 5821 710 5874 excitat.
