4034 6340
251 372 314 431 π
1384 377 1997 435 ΑΡοΡιιτιιΕοιιΑτΑ
2036 380 2352 447 PATRUM.
3424 399 3507 459 τε

317 498 380 552 8.
408 490 580 551 Εἶπεν
609 497 638 550 6
665 497 840 561 ἀῦϐἄς
878 496 1160 561 ’Λντώνπ
1183 498 1262 569 τῷ
1291 499 1436 572 ἀϐὁᾷ
1473 502 1722 573 Ποιμένι,
1749 503 1826 556 ὃτι

2004 503 2060 559 ι.
2092 504 2202 574 (19)
2225 507 2371 561 Dixit
2396 506 2565 565 abbas
2590 510 2858 570 Antonius
2880 515 3060 571 abbati
3084 515 3326 576 Pmmeni
3350 540 3367 579 :
3395 520 3509 577 Hoc

249 589 398 660 Αὕτη
415 588 564 644 ἐστὶν
595 592 629 661 ἡ
667 590 879 662 μεγάλη
924 592 1158 662 ἐργασία
1181 592 1276 646 τοῦ
1313 593 1625 664 ἀνθρώπου,
1662 596 1747 648 ἵνα
1774 595 1834 648 το

254 681 475 751 σφάλμα
531 681 730 734 ἑαυτοῦ
781 682 966 736 ἐπάνω
1019 682 1214 737 ἐαυτοῦ
1265 682 1404 755 βάλῃ
1458 684 1688 738 ἐνώπιον
1737 685 1832 738 τοῦ

252 771 387 828 Θεοῦ
420 813 437 838 ,
494 775 593 828 κα).
650 774 1000 852 προσδοκήσῃ
1070 777 1376 849 πειρασμὸν
1432 778 1537 843 ἕως
1598 780 1833 850 ἐσχάτης

252 864 552 936 ἀναπνοῆς.

314 961 378 1009 ε’.
419 957 479 1008 '0
512 955 677 1020 αὐτὸς
729 949 883 1011 εἶπεν
908 975 922 990 υ
952 958 1143 1022 Οὐδεὶς
1192 958 1519 1033 ἁπείραστος
1545 958 1829 1029 δυνήσεται

250 1043 512 1099 εἰσελθεῖν
564 1046 647 1109 εἰς
691 1044 793 1116 τὴν
826 1044 1103 1116 βασιλείαν
1138 1048 1246 1102 τῶν
1276 1048 1541 1118 οὐρανῶν.
1585 1050 1830 1120 Ἔπαρον

249 1136 380 1207 γὰρ,
444 1135 601 1207 φησὶ.
637 1135 764 1199 τοὺς
821 1140 1180 1211 πειρασμοὺς,
1237 1139 1556 1229 ηὶοοὺδεὶς
1595 1141 1624 1193 6
1663 1141 1830 1206 σωζό-

250 1244 427 1299 μενος.

316 1320 394 1386 ς’.
437 1318 752 1392 Ἦρώτησεν
774 1323 802 1377 6
849 1321 1026 1388 666d;
1055 1323 1267 1396 Παμσὼ
1299 1325 1390 1378 τδν
1430 1325 1603 1380 ἀόσᾶν
1632 1327 1829 1380 Ἀντώ-

247 1425 387 1462 νιονο
417 1409 486 1462 Τί
532 1410 780 1478 ποιήσω;
810 1411 973 1478 Λέγει
1019 1410 1170 1482 αὐτῷ
1200 1415 1228 1465 6
1251 1411 1430 1483 γέρων
1453 1429 1466 1443 ·
1489 1413 1581 1484 Μὴ
1609 1412 1700 1466 ἔσο
1728 1429 1826 1466 πε-

247 1501 450 1568 ποιθὼς
503 1506 569 1576 τῇ
614 1504 929 1576 δικαιοσύνῃ
992 1521 1087 1558 σου
1111 1544 1127 1569 ,
1184 1503 1322 1573 μηδέ
1372 1503 1676 1575 μεταμελοῦ
1733 1504 1828 1558 ἐπὶ

247 1596 531 1666 πράγματι
558 1594 903 1665 παρελθόντι,
947 1595 1042 1648 καὶ
1073 1594 1346 1665 ἐγκρατὴς
1388 1593 1547 1663 γενοῦ
1573 1593 1823 1665 γλώσσης

244 1687 340 1740 καὶ
364 1686 597 1750 κοιλίας.

310 1774 378 1842 ζ’.
412 1772 582 1831 Εἶπεν
632 1777 662 1831 6
703 1776 878 1841 ἀόὄᾶς
918 1775 1200 1840 ’Δντὼνιος
1226 1793 1242 1808 '
1299 1771 1452 1831 Εἶδον
1510 1777 1691 1840 πάσας
1723 1775 1821 1841 τὰς

1935 604 2020 651 est
2043 611 2300 667 magnum
2351 598 2591 656 hominis
2619 618 2781 673 opus,
2830 616 2887 660 ut
2912 607 3127 678 culpam
3157 625 3311 666 suam
3343 627 3505 684 super

1935 699 1995 740 se
2021 695 2187 756 ponat
2204 702 2391 743 coram
2416 690 2546 754 Deo,
2574 697 2628 745 et
2655 693 3010 751 tentationem
3038 704 3317 769 exspectet
3334 714 3506 772 usque

1934 776 2003 830 ad
2039 785 2348 834 extremum
2375 779 2501 835 vita;
2530 780 2779 837 halitum.

2003 953 2058 1008 5.
2086 953 2201 1023 (20)
2233 953 2377 1011 ldem
2410 956 2530 1013 infit
2562 973 2576 1009 :
2602 958 2775 1016 Nemo
2813 966 3136 1023 tentationis
3164 982 3361 1039 expers
3416 975 3505 1025 in-

1931 1054 2081 1102 trare
2109 1048 2309 1118 poterit
2347 1049 2404 1105 in
2450 1065 2682 1120 regnum
2730 1055 3018 1113 calorum.
3045 1056 3199 1115 Tolle
3221 1061 3389 1131 enim,
3420 1062 3506 1118 in-

1932 1137 2070 1208 quit,
2098 1141 2455 1207 teutationes,
2486 1149 2542 1197 et
2571 1157 2734 1200 nemo
2764 1145 2949 1202 salvus
2976 1148 3106 1203 erit.

1998 1313 2054 1368 6.
2087 1314 2199 1386 (21)
2230 1313 2589 1387 Interrogavit
2615 1318 2786 1376 abbas
2813 1318 3020 1378 Pambo
3051 1323 3299 1382 abbatem
3335 1328 3505 1386 Anto-

1930 1404 2080 1458 nium
2102 1426 2117 1461 :
2151 1405 2291 1473 Quid
2309 1421 2468 1478 agam
2486 1410 2509 1462 ?
2525 1410 2617 1464 Ait
2642 1411 2719 1467 illi
2746 1427 2945 1469 senex:
2969 1413 3091 1469 Noli
3111 1416 3166 1470 in
3184 1425 3275 1472 tua
3289 1419 3502 1488 iustitia

1927 1495 2223 1565 conﬁdere,
2251 1513 2429 1569 neque
2454 1500 2522 1555 de
2549 1516 2609 1556 re
2649 1502 2920 1571 praeterita
2960 1505 3250 1575 pociiiteas,
3297 1516 3352 1564 et
3373 1525 3503 1566 con—

1926 1588 2039 1645 tine
2066 1588 2305 1660 linguam
2332 1602 2708 1663 ventremque.
2824 1600 2839 1603 “

1928 1765 1954 1791 ε’
1998 1764 2050 1818 7.
2084 1764 2197 1836 (22)
2224 1764 2439 1823 Dictum
2463 1776 2549 1824 est
2574 1768 2645 1823 ab
2679 1770 2876 1826 abbate
2905 1773 3146 1827 Antonio
3172 1791 3188 1828 :
3226 1772 3350 1830 Vidi
3382 1790 3501 1832 om-

242 1868 478 1937 παγίδας
534 1867 630 1921 τοῦ
670 1866 865 1938 ἐχθροῦ
907 1868 1233 1939 ἡπλωμένας
1291 1866 1384 1919 ἐπὶ
1418 1868 1518 1937 τῆς
1547 1868 1649 1937 γῆς
1673 1883 1689 1900 ο
1727 1869 1821 1920 καὶ

1927 1870 2021 1912 nes
2051 1857 2277 1927 laqueos
2306 1859 2515 1915 inimici
2563 1869 2822 1918 extensos
2868 1877 3031 1933 super
3064 1873 3303 1932 terram;
3330 1876 3385 1922 et
3414 1868 3504 1924 in-

244 1957 506 2024 στενὰξας
548 1954 734 2012 εἷπον·
771 1959 868 2023 Τίς
902 1958 1010 2030 ἄρα
1055 1957 1390 2031 παρέρχεται
1441 1957 1680 2022 ταύτας,
1718 1955 1825 2010 Καὶ

238 2050 451 2120 ηκουσα
501 2050 687 2119 φωνῆς
732 2049 996 2120 λεγούσης
1046 2067 1170 2122 μοι·
1214 2051 1280 2104 Ἦ
1329 2050 1820 2121 ταπεινοφροσύνη.

305 2148 378 2212 η’.
408 2137 547 2195 Εἷπε
579 2140 765 2204 πάλιν,
807 2141 891 2194 ὅτι
926 2141 1046 2195 Εἰσί
1091 2158 1237 2204 τινες
1274 2140 1709 2210 κατατρίψαντες
1753 2139 1824 2193 τὰ

240 2231 451 2286 ἑαυτῶν
486 2230 714 2304 σώματα
754 2234 813 2286 ἐν
846 2233 1095 2304 ἀσκήσει,
1136 2233 1230 2286 καὶ
1256 2231 1346 2286 διὰ
1390 2231 1453 2285 τὸ
1487 2231 1563 2303 μὴ
1594 2229 1823 2301 ἐσχηκέ-

241 2339 326 2375 ναι
362 2324 565 2386 αὐτοὺς
604 2323 898 2395 διάκρισιν,
942 2328 1158 2398 μακρὰν
1204 2322 1297 2376 τοῦ
1332 2321 1467 2375 Θεοῦ
1511 2320 1820 2390 γεγόνασιν.

308 2414 376 2470 θ’.
404 2412 574 2469 Εἶπεν
609 2416 794 2478 πάλιν.
824 2418 907 2470 ὅτι
941 2418 1037 2472 Ἐκ
1068 2414 1163 2471 τοῦ
1210 2415 1434 2486 πλησίον
1462 2416 1608 2467 ἐστὶν
1641 2417 1676 2485 ἡ
1711 2414 1824 2484 ζωὴ

244 2507 338 2560 καὶ.
384 2509 414 2561 6
461 2506 714 2573 Θάνατος.
763 2509 890 2563 Ἐὰν
932 2510 1039 2580 γὰρ
1066 2509 1420 2581 κερδήσωμεν
1446 2505 1536 2558 τὸν
1571 2503 1821 2573 ἀδελφὸν,

241 2599 333 2651 τὸν
382 2599 514 2653 Θεδν
564 2600 922 2673 κερδαίνομεν
948 2617 963 2631 ⁸
1008 2600 1105 2655 ἐὰν
1153 2600 1210 2653 δέ
1255 2596 1697 2667 σκανδαλίσωμεν
1732 2596 1824 2649 τὸν

242 2689 495 2760 ἀδελφὸν.
528 2693 609 2756 εἱς
631 2692 865 2763 Χριστὸν
894 2690 1297 2762 ἁμαρτάνομεν.

311 2783 363 2836 ι’.
410 2780 548 2837 Εἷπε
581 2784 774 2837 πάλιν·
809 2783 1020 2854 Ὥσπερ
1048 2784 1095 2836 oi
1140 2780 1321 2853 ἰχθύες
1350 2781 1462 2851 (17)
1492 2778 1824 2852 ἐγχρονίζον-

239 2892 327 2938 τες
351 2878 420 2946 τῇ
452 2875 598 2947 ξηρᾷ
626 2874 969 2940 τελευτῶσιν,
1006 2874 1181 2937 οὕτως
1218 2874 1314 2927 καὶ
1349 2874 1397 2928 οἱ
1424 2874 1667 2945 μοναχοὶ,
1697 2872 1826 2944 βρα-

237 2967 484 3030 δύνοντες
515 2967 624 3031 ἐξω
665 2966 761 3020 τοῦ
815 2965 1046 3028 κελλίου,
1072 2966 1107 3036 ἢ
1136 2965 1275 3036 μετά
1312 2965 1591 3036 κοσμικῶν
1614 2965 1823 3036 διατρί-

238 3058 445 3122 ϐοντες,
475 3058 615 3128 πρὸς
646 3057 738 3113 τὸν
785 3058 883 3128 τῆς
936 3056 1168 3136 ⁴ᾐσυχίας
1215 3056 1368 3110 τόνον
1397 3055 1699 3110 ἐκλύονται.
1734 3057 1825 3108 Δεῖ

238 3147 350 3214 οὖν,
391 3152 589 3221 ὥσπερ
618 3151 709 3203 τὸν
740 3150 891 3222 ἰχθὺν
937 3151 1016 3215 είς
1053 3151 1153 3223 τὴν
1204 3151 1499 3213 θάλασσαν,
1519 3149 1701 3213 ,οὕτως
1730 3150 1821 3203 καὶ
1847 3181 1891 3238 C

240 3244 384 3312 ἡμᾶς
412 3243 494 3306 εἰς
522 3242 584 3295 τὸ
604 3240 815 3294 κελλίον
847 3240 1185 3310 ἐπείγεσθαι,
1231 3243 1440 3312 μήποτε
1470 3239 1821 3310 βραδύνοντες

241 3332 342 3398 ἔξω
368 3332 761 3403 ἐπιλαθώμεθα
790 3334 888 3404 τῆς
916 3332 1062 3386 ἔνδον
1087 3332 1354 3404 φυλακῆς.

311 3428 398 3475 ια’.
423 3417 562 3474 Εῗπε
602 3421 784 3485 πάλιν,
807 3420 891 3473 ὅτι
919 3420 976 3473 ὐ
1005 3419 1312 3491 καθήμενος
1332 3421 1391 3473 ἐν
1420 3421 1484 3491 τῇ
1505 3421 1699 3491 ἐρήμῳ
1728 3419 1824 3474 καὶ

242 3511 550 3581 ἡσυχάζων,
565 3510 734 3583 τριῶν
756 3508 1156 3563 ἀπαλλάττεται
1180 3508 1453 3580 πολέμων,
1489 3510 1591 3580 τῆς
1623 3509 1811 3578 ἀκοῆς,

243 3603 333 3653 aui.
363 3603 463 3668 τῆς
490 3602 704 3666 λαλιᾶς,
727 3600 928 3656 καὶτοῦ
955 3599 1171 3671 βλέπειν
1187 3616 1201 3631 ’
1224 3600 1362 3672 πρὸς
1381 3600 1477 3653 ἕνα
1506 3600 1665 3672 μόνον
1690 3599 1823 3670 ἔχει,

242 3692 327 3745 τὸν
354 3692 451 3763 τῆς
476 3693 736 3766 πορνείας
763 3692 900 3763 (18).

316 3789 401 3842 ιε’.
445 3785 691 3855 Ἀδελφοί
735 3802 880 3848 τινες
907 3783 1212 3856 παρέϐαλον
1242 3781 1320 3854 τῷ
1348 3782 1491 3854 ἅϐϐᾷ
1533 3783 1821 3853 Ἀντωνίῳ,

240 3878 562 3949 ἀναγγεῖλαι
598 3874 751 3946 αὐτῷ
785 3874 1085 3945 φαντασίας
1134 3872 1200 3938 ἃς
1229 3872 1474 3935 ἔόλεπον,
1511 3872 1603 3925 καὶ
1634 3871 1824 3942 μαθεῖν

238 3969 366 4039 παρ’
397 3965 564 4021 αὑτοῦ
598 3966 649 4018 εί
679 3961 930 4032 ἀληθιναὶ
960 3965 1117 4024 εἰσιν,
1143 3961 1177 4033 ἢ
1211 3960 1320 4015 ἀπὸ
1349 3960 1638 4032 δαιμόνων.
1663 3956 1823 4031 Εἶχον
1862 4018 1867 4022 ,

236 4060 291 4112 δέ
315 4060 460 4123 ὄνον,
493 4057 592 4111 καὶ
617 4054 888 4109 ἀπέθανεν
917 4054 973 4107 ἐν
1000 4055 1064 4125 τῇ
1090 4051 1214 4123 ὁδῷ.
1256 4051 1344 4115 Ὠς
1365 4048 1458 4106 οὖν
1490 4047 1651 4123 ἦλθον
1685 4052 1823 4122 πρὸς

238 4150 329 4205 τὸν
362 4149 623 4219 γέροντα,
655 4144 944 4218 προλαϐὼν
970 4140 1122 4198 εἶπεν
1154 4144 1366 4207 αὐτοῖς’
1399 4143 1522 4207 Πῶς
1553 4142 1823 4196 ἀπέθανεν

235 4240 265 4292 6
318 4237 520 4310 μικρὸς
576 4235 697 4300 δνος
743 4236 801 4288 ἐν
833 4238 901 4306 τῇ
932 4232 1064 4305 ὁδῷ;
1112 4232 1375 4302 Λέγουσιν
1410 4231 1596 4302 αὐτῷ·
1651 4231 1823 4284 Πόθεν

236 4326 403 4394 οἱδας,
426 4327 612 4394 assa;
647 4327 706 4380 Ὀ
727 4325 783 4380 δὲ
812 4321 966 4379 εἶπεν
997 4326 1181 4389 αὐτοῖς
1202 4341 1216 4354 ο
1247 4326 1309 4378 Ol
1340 4325 1592 4395 δαίμονες
1616 4324 1823 4392 ἔδειξάν

240 4422 468 4491 perﬁci.
484 4418 739 4487 λέγουσιν
763 4415 931 4487 αὐτῷ’
950 4417 1141 4486 Ἡμεῖς
1155 4414 1243 4468 διὰ
1257 4415 1414 4468 τοῦτο
1432 4414 1664 4485 ἤλθομεν
1686 4418 1822 4485 ἐρω-

1926 1948 2233 2016 gemiscens
2256 1949 2366 2004 dixi
2395 1967 2407 2003 :
2435 1949 2573 2018 Quis
2598 1953 2785 2023 utique
2805 1953 2969 2010 hosce
2992 1958 3506 2028 prmtergredietur?

1925 2036 2064 2092 Tum
2094 2039 2280 2095 audivi
2312 2055 2501 2098 vocem
2530 2043 2764 2099 aientem
2798 2045 2930 2099 mibi
2967 2064 2981 2100 :
3012 2044 3323 2103 Humilitas.

1995 2128 2051 2183 8.
2085 2130 2198 2201 (23)
2240 2129 2437 2187 lterum
2472 2133 2630 2201 dixit,
2668 2126 2792 2190 esse
2817 2135 3085 2206 quosdam
3114 2138 3208 2208 qui
3247 2154 3349 2195 sua
3379 2155 3503 2196 eor-

1925 2235 2056 2290 pora
2080 2220 2137 2275 in
2168 2222 2491 2278 austeritate
2509 2225 2913 2292 contriverunt,
2929 2232 2984 2281 et
3003 2227 3149 2297 quod
3171 2228 3505 2286 discretione

1925 2317 2198 2377 carerent,
2224 2311 2438 2383 longea
2475 2312 2585 2368 Deo
2604 2313 2736 2369 facti
2779 2324 2924 2374 sunt.

1996 2401 2049 2455 9.
2078 2400 2191 2472 (24)
2245 2401 2459 2459 Rursus
2512 2404 2590 2458 ait
2630 2403 2722 2457 :A
2761 2407 3008 2474 proximo
3058 2407 3257 2477 pendet
3296 2409 3409 2463 vita
3449 2418 3505 2466 et

1926 2507 2098 2549 mors.
2127 2492 2267 2547 Nam
2321 2494 2370 2549 si
2403 2495 2600 2548 lucrati
2639 2494 2907 2552 fuerimus
2939 2496 3187 2561 fratrem,
3212 2497 3380 2554 Deum
3413 2500 3503 2554 lu-

1926 2599 2146 2639 cramur
2172 2602 2189 2651 ;
2218 2584 2304 2640 sin
2336 2599 2465 2640 vero
2503 2583 2725 2640 fratrem
2756 2585 3335 2656 scandalizaverimus,
3378 2604 3503 2661 pec-

1926 2688 2117 2730 camus
2148 2675 2202 2729 in
2234 2675 2535 2731 Christum.

2001 2765 2087 2821 t0.
2133 2764 2618 2836 (25)1)ἱχὶιιιι1ὴιιο
2657 2784 2671 2820 :
2706 2764 2863 2821 Sicut
2888 2766 3068 2836 pisces
3096 2765 3143 2824 si
3169 2783 3334 2839 supra
3385 2776 3500 2825 ter~

1926 2871 2046 2910 ram
2074 2856 2271 2912 morati
2305 2855 2527 2923 fuerint,
2563 2856 2910 2925 moriuntur;
2940 2859 3017 2913 ita
3046 2873 3270 2930 quoque
3305 2875 3500 2917 mona-

1926 2952 2038 3016 chi,
2061 2953 2106 3008 si
2124 2959 2277 3007 extra
2296 2952 2486 3006 cellam
2511 2950 2866 3014 tardaverint,
2886 2959 2980 3006 aut
2995 2966 3120 3007 cum
3144 2953 3501 3009 saecularibus

1927 3043 2349 3113 permanserint,
2375 3057 2404 3096 a
2433 3042 2633 3112 quietae
2664 3044 2786 3098 vita:
2807 3051 2997 3099 tenore
3022 3042 3304 3099 decidunt.
3332 3042 3502 3115 Opor-

1926 3144 2005 3192 tet
2032 3137 2218 3208 igitur,
2247 3139 2387 3192 sicut
2418 3137 2624 3206 piscem
2670 3138 2725 3191 in
2780 3151 2952 3200 mare,
2974 3136 3057 3191 sic
3083 3145 3140 3193 et
3167 3152 3270 3193 nos
3289 3137 3358 3192 ad
3391 3140 3501 3195 cel-

1929 3229 2033 3282 lam
2066 3242 2360 3298 properare
2379 3246 2391 3280 :
2413 3243 2483 3282 ne
2514 3227 2651 3283 forte
2670 3226 2803 3282 foris
2826 3233 3175 3293 cunctantes,
3201 3228 3501 3285 oblivisca-

1925 3335 2051 3374 mur
2075 3320 2353 3374 interioris
2383 3318 2667 3374 custodiae.

1995 3409 2221 3478 11.(26)
2272 3408 2597 3478 llujusmodi
2651 3408 2817 3464 etiam
2870 3408 3049 3464 oratio
3091 3422 3212 3477 ejus
3242 3409 3495 3464 exstitit:

1924 3498 2026 3566 Qui
2060 3499 2213 3555 sedet
2261 3500 2315 3553 in
2346 3499 2660 3565 solitudine,
2694 3506 2748 3553 et
2773 3498 3026 3569 quiescit,
3056 3511 3086 3550 a
3123 3498 3299 3552 tribus
3342 3498 3500 3553 bellis

1924 3594 2189 3663 eripitur:
2225 3592 2463 3651 auditus.
2493 3591 2804 3654 locutionis,
2826 3598 2880 3643 et
2906 3590 3099 3655 visus;
3131 3603 3297 3643 unum
3324 3588 3499 3644 solum

1925 3697 2169 3752 pugnare
2194 3682 2379 3745 habet,
2411 3694 2608 3750 nempe
2638 3678 3040 3742 fornicationis.

1997 3771 2085 3826 12.
2112 3771 2220 3841 (27)
2252 3770 2472 3826 Fratres
2503 3771 2723 3840 quidam
2759 3777 3124 3826 accesserunt
3150 3769 3217 3825 ad
3248 3771 3501 3828 abbatem

1925 3862 2573 3927 Antonium,nuntiaturi
2617 3877 2758 3933 quas
2802 3862 3101 3918 cernebant
3137 3862 3401 3927 visiones,
3444 3869 3501 3916 et

1925 3955 2174 4010 discituri
2201 3955 2269 4010 ab
2295 3954 2388 4009 illo
2411 3969 2541 4008 num
2573 3969 2715 4009 vera:
2740 3961 2945 4018 essent,
2970 3968 3041 4009 an
3076 3967 3107 4007 a
3134 3953 3497 4009 daemonibus.

1929 4047 2212 4103 llabebant
2239 4056 2422 4101 autem
2475 4045 2714 4110 asinum,
2748 4049 2840 4115 qui
2881 4046 2937 4102 in
2989 4047 3075 4101 via
3114 4054 3366 4102 mortuus
3392 4053 3501 4101 est.

1928 4136 1999 4191 Ut
2033 4152 2163 4207 ergo
2220 4143 2587 4206 pervenerunt
2618 4135 2686 4189 ad
2737 4150 2919 4190 senem
2940 4175 2954 4200 ,
2997 4137 3339 4206 praeveniens
3364 4136 3504 4190 dixit

1930 4230 2041 4284 illis
2069 4244 2082 4280 :
2111 4227 2230 4293 Quo
2258 4226 2421 4281 modo
2450 4228 2502 4280 in
2531 4227 2613 4280 via
2646 4233 2895 4281 mortuus
2934 4236 3019 4281 est
3051 4227 3297 4282 asellus?
3335 4227 3504 4281 Aiunt

1926 4323 1976 4377 ei
2004 4341 2018 4376 :
2050 4319 2206 4387 Unde
2254 4320 2386 4384 scis,
2414 4316 2612 4372 Pater?
2637 4317 2733 4371 Ille
2772 4331 2901 4371 vero
2926 4317 3066 4371 dixit
3081 4316 3216 4387 ipsis
3248 4335 3261 4372 :
3295 4316 3503 4373 Dauno-

1928 4427 2026 4466 nes
2082 4384 2219 4465 mihi
2271 4407 2656 4464 ostenderunt.
2707 4396 2846 4460 Tuin
2881 4405 3074 4460 dicunt
3101 4384 3173 4461 tei
3204 4406 3353 4462 :Nos
3376 4422 3503 4477 pro-

237 4511 395 4579 τῆσαί
416 4527 502 4575 σε,
520 4508 607 4562 ὅτι
627 4506 897 4578 βλέπομεν
922 4506 1244 4575 φαντασίας,
1266 4505 1360 4558 κα)⁸
1382 4505 1823 4573 πολλάκιςγίνον-

1929 4512 2115 4574 pterea
2153 4500 2409 4557 venimus
2432 4499 2770 4568 interrogare
2803 4505 2876 4560 te,
2908 4499 3039 4567 quia
3067 4497 3318 4554 videmus
3339 4499 3502 4569 phan-

238 4620 323 4656 ται
347 4599 628 4672 ἀληθιναὶ,
663 4599 860 4670 μήπως
904 4595 1256 4667 πλανώμεθα.
1293 4598 1403 4650 Καὶ
1443 4597 1823 4668 ἐπληροφὸρη-

241 4711 331 4747 sev
354 4693 560 4755 αὐτοὺς
593 4694 622 4745 6
643 4689 819 4761 γέρων
848 4692 913 4743 ἐκ
933 4688 1025 4743 τοῦ
1056 4687 1198 4742 κατὰ
1230 4686 1321 4742 τὸν
1345 4688 1466 4741 ὄνον
1496 4687 1823 4759 ἀποδείγμα-

237 4802 349 4849 τος,
381 4786 467 4838 ὅτι
501 4781 615 4836 ἀπὸ
646 4782 916 4852 δαιμόνων
934 4781 1091 4834 εἰσίν.

304 4875 377 4946 ιγ’
384 4919 400 4932 .
432 4871 548 4929 Ἦν
587 4874 647 4928 δέ.
673 4891 758 4937 τις
791 4872 933 4927 κατὰ
962 4873 1061 4943 τὴν
1117 4870 1326 4944 ἔρημον
1374 4870 1622 4943 θηρεύων
1653 4870 1820 4940 ἄγρια

238 4966 375 5031 ζῶα,
400 4966 497 5018 καὶ
523 4959 633 5017 εἶδε
675 4963 767 5016 τὸν
816 4962 990 5017 ἀὸϐᾶν
1030 4961 1312 5016 Ἀντώνιον
1350 4961 1822 5033 χαρ;εντιζὸμενον

310 5160 428 5228 (17)
463 5158 696 5227 Ὠσπερ
725 5159 797 5228 pol
849 5157 1092 5228 ίχθύες.
1132 5153 1636 5228 Cod.__}'in_i_lobon.
1680 5154 1822 5228 251ς

248 5224 580 5283 Athanasius
609 5224 670 5282 in
722 5224 1116 5281 Vita—Antonii
1159 5241 1212 5294 p.
1255 5224 1380 5278 499.
1422 5224 1620 5279 Videre
1659 5226 1821 5277 etiam

247 5315 418 5366 operae
453 5298 689 5368 pretium
728 5298 894 5368 fuerit
926 5297 1124 5368 librum
1164 5295 1235 5368 ρε
1255 5295 1649 5368 quadripartito
1668 5309 1825 5368 eaten-

250 5363 365 5421 cilia
411 5363 587 5430 σὲίίιε,
617 5381 739 5434 cap.
772 5368 829 5429 9,
873 5367 927 5419 in
958 5364 1199 5419 Manuali
1254 5363 1630 5418 Solitariorum
1684 5363 1822 5416 Petri

250 5435 520 5494 Francisci
554 5438 811 5493 Cliillletii
864 5437 966 5489 viri
1010 5434 1351 5499 doctissimi;
1404 5450 1618 5490 necnon
1646 5434 1821 5501 Euge-

253 5508 613 5580 niumpapam
641 5523 767 5562 can.
802 5505 1024 5580 Placuit
1052 5504 1134 5580 l6_,
1168 5521 1221 5573 q.
1251 5504 1300 5556 1.

312 5572 432 5649 (18)
462 5572 578 5646 Τῆς
602 5576 911 5649 πορνείας·ἶ
938 5572 1199 5649 Pelagius
1216 5573 1411 5649 cordis,
1448 5572 1692 5649 καρδίας.

314 5642 420 5719 (19)
470 5642 577 5704 Vit.
600 5642 952 5719 Ratr.xv,2;
972 5642 1193 5719 99mm.
1216 5643 1395 5698 Ductr.
1418 5659 1489 5696 vu
1514 5642 1531 5709 ς
1575 5642 1822 5711 Eplirzem

251 5719 371 5784 n.3,
400 5715 501 5775 inf.
529 5723 589 5774 in
614 5717 815 5779 PtBlll.,
846 5731 903 5768 ιι.
933 5715 1056 5768 125.

311 5781 696 5861 (εωροιόιὴ.
734 5786 899 5857 epist.
932 5784 984 5848 5,
1019 5782 1115 5838 inf.
1156 5784 1208 5838 in
1238 5781 1483 5854 Evagrio,
1518 5797 1571 5835 ιι.
1604 5783 1653 5836 5.

1928 4597 2117 4658 tasias,
2163 4608 2228 4647 ac
2276 4592 2595 4662 plerumque
2632 4603 2771 4644 verre
2802 4589 3099 4654 exsistunt,
3132 4604 3202 4645 ne
3231 4605 3501 4646 erremus.

1930 4691 1995 4744 Et
2017 4686 2284 4746 satisfecit
2303 4686 2384 4741 eis
2414 4699 2576 4739 senex
2610 4698 2706 4752 per
2728 4682 2869 4737 asini
2887 4683 3218 4753 exemplum,
3247 4697 3503 4752 compro-

1929 4779 2188 4848 bavitque
2213 4792 2308 4831 eas
2331 4774 2570 4830 visiones
2604 4788 2631 4827 a
2668 4772 3008 4828 daemonibus
3036 4785 3182 4828 esse.

2002 4871 2090 4925 15.
2112 4868 2223 4940 (28)
2242 4867 2372 4920 Erat
2394 4873 2573 4920 autem
2598 4863 2818 4934 quidam
2838 4863 2931 4933 qui
2955 4879 3051 4933 per
3076 4878 3319 4919 eremum
3344 4879 3503 4936 agre—

1933 4963 2039 5017 stia
2063 4958 2318 5015 animalia
2351 4956 2653 5013 venabatur
2679 4972 2691 5005 :
2722 4955 2768 5011 is
2799 4955 3049 5010 abbatem
3095 4955 3394 5012 Antonium
3420 4957 3503 5011 vi-

2021 5157 2112 5226 ει)
2157 5158 2262 5212 ve.
2301 5156 2454 5210 Patr.
2499 5171 2538 5218 ι,
2567 5155 2623 5209 2.

1927 5258 1960 5299 οΔ
2000 5219 2113 5299 (22)
2160 5226 2445 5299 _Vit._P_atr.
2475 5242 2565 5289 xv,
2593 5219 3504 5299 3;_Iu_,129;in_Dorotlr._init.:gt

1929 5286 2112 5352 Do‘ctr'.
2151 5297 2217 5360 2;
2258 5296 2505 5365 Ephrazm
2546 5286 2603 5349 ιι.
2632 5286 2686 5348 6.
2720 5286 2963 5349 Andreas
2992 5295 3048 5347 in
3072 5290 3288 5359 Apocal.
3317 5303 3368 5344 c.
3408 5286 3501 5355 55,

2000 5369 2112 5438 (25)
2162 5366 2266 5438 git.
2304 5366 2479 5438 liam,
2509 5380 2564 5426 κ,
2600 5365 2650 5420 1.

2000 5434 2113 5505 (21)
2163 5436 2269 5488 Vit.
2314 5434 2466 5505 Patr.
2505 5450 2639 5499 xvn,
2673 5434 2724 5487 2.

1998 5504 2113 5579 (25)
2305 5504 2454 5579 ιζιιιτ.
2484 5520 2542 5567 Il,
2583 5506 2632 5579 l_.

2002 5573 2113 5643 (215)
2164 5575 2268 5629 Vit.
2305 5574 2460 5627 Patr.
2502 5589 2561 5631 It.
2591 5573 2646 5625 2.

2000 5644 2112 5708 (ετ)
2166 5646 2272 5697 Vit.
2316 5644 2468 5698 Patr.
2502 5659 2555 5707 κ,
2585 5643 2641 5695 2.

2001 5706 2112 5786 (28)
2156 5715 2231 5769 Ib.
2273 5713 2432 5767 Juan.
2470 5711 2658 5766 Gcom.
2692 5706 2893 5765 Parad.
2926 5707 3014 5767 68.
