4034 6340
471 343 588 402 .79
1684 327 2022 394 APPE‘NDIX
2060 338 2151 392 AD
2191 321 2607 398 rALLADtut‘t.
3689 335 3763 406 :3

459 523 463 526 ,
513 461 595 517 dit
627 473 755 515 cum
807 457 1070 514 fratribus
1103 457 1310 512 urbane
1351 459 1628 524 agentem.
1667 451 1870 508 Volcns
1903 464 2083 507 autem

2191 453 2326 523 μετᾶ
2355 455 2463 508 τῶν
2487 442 2729 525 ἀδελφῶν
2760 456 2802 512 ³.
2831 455 3010 512 Θέλων
3053 457 3108 511 δὲ
3151 457 3311 512 αὑτὸν
3347 457 3760 532 πληροφορῆσαι

512 556 564 610 ei
597 555 752 626 plene
773 551 1101 622 persuadere
1124 563 1312 611 senex,
1338 543 1612 599 interdum
1644 544 2087 599 coudescendenc

516 624 653 703 dum
687 661 808 700 csse
836 644 1120 704 fratribus,
1145 640 1219 693 ait
1243 639 1318 690 illi
1348 634 1534 691 :Pone
1557 624 1809 706 sagittam
1863 636 1918 689 in
1949 650 2080 689 arcu

515 749 634 805 tuo,
690 751 754 791 ac
801 735 982 790 tende.
1032 736 1206 799 Atque
1253 729 1326 782 ita
1362 727 1509 782 fecit.
1560 726 1702 781 Dicit
1737 727 1787 781 ei
1841 743 1854 778 :
1894 725 2086 781 Adhuc

516 830 697 888 tende.
732 829 798 882 Et
832 825 1076 881 tetendit.
1119 823 1317 877 lterum
1367 823 1444 875 ait
1477 839 1492 875 :
1528 819 1737 876 Tende.
1786 819 2087 890 Respondit

511 931 745 980 venator
772 940 786 974 :
811 917 866 972 Si
904 918 1045 972 ultra
1085 928 1398 969 mensuram
1445 907 1753 976 tetendero,
1803 919 2088 980 rumpetur

515 1029 695 1071 arcus.
723 1010 860 1065 Tutn
888 1022 1054 1063 senex
1085 1021 1100 1060 :
1129 1005 1228 1071 Ita,
1266 1005 1463 1074 inquit,
1500 1005 1662 1058 etiam
1695 1003 1750 1056 in
1778 1002 1872 1058 Dei
1897 1017 2082 1072 opere,

512 1109 560 1164 si
584 1118 747 1174 supra
787 1114 1103 1155 mensuram
1134 1097 1532 1154 tetenderimus
1569 1110 1696 1166 erga
1728 1095 1947 1156 fratres,
1975 1093 2085 1149 cito

509 1197 852 1262 irangenlur.
892 1188 1122 1260 Oportet
1167 1189 1336 1258 igitur
1369 1186 1652 1257 paululum
1694 1193 1749 1239 et
1796 1185 2084 1253 aliquoties

510 1283 775 1340 fratribus
795 1279 1261 1336 c0ndescendere.
1320 1276 1418 1332 His
1444 1276 1646 1330 auditis
1669 1273 1907 1329 venator
1935 1288 2086 1328 com-

507 1378 808 1450 punctione
840 1375 1045 1429 ductus
1092 1379 1208 1437 est;
1242 1370 1585 1437 multumque
1623 1381 1654 1419 a
1693 1381 1824 1420 sene
1871 1365 2082 1419 emolu-

506 1469 676 1524 menti
701 1466 949 1536 capiens,
973 1463 1259 1528 discessit;
1309 1461 1508 1516 fratres
1548 1458 1713 1514 etiam
1750 1455 2080 1522 confirmati,

507 1558 713 1615 reversi
742 1563 870 1610 sunt
897 1555 951 1608 in
986 1554 1162 1607 locttm
1186 1565 1368 1606 suum.

580 1647 668 1702 14.
699 1645 812 1714 (29)
854 1642 1077 1698 Audivit
1116 1641 1285 1696 abbas
1324 1637 1597 1693 Antonius
1627 1637 1696 1692 de
1739 1635 1975 1714 quodam
2003 1634 2084 1703 ju-

509 1742 665 1798 ni0re
691 1730 986 1802 monacho,
1022 1735 1115 1804 qui
1146 1735 1205 1787 in
1253 1733 1343 1785 via
1375 1729 1708 1785 miraculum
1766 1712 2080 1797 hujusmodi

480 1831 733 1887 fecerat.
766 1826 904 1881 Cum
958 1823 1186 1878 vidisset
1234 1835 1392 1876 senes
1429 1818 1694 1888 quosdam
1721 1819 1828 1872 iter
1859 1825 2081 1887 agentes

508 1929 672 1992 atque
725 1918 1076 1987 defatigatos,
1125 1915 1348 1985 onagris
1399 1913 1569 1982 jussit
1612 1919 1673 1965 ut
1723 1910 1973 1966 venirent
2018 1924 2082 1964 ac

505 2019 790 2084 portarent
815 2024 996 2073 senes,
1047 2007 1223 2063 donec
1255 2003 1636 2073 pervenissent
1662 2001 1729 2055 ad
1760 2001 2078 2055 Antonium.

507 2105 634 2159 Haec
659 2117 788 2173 ergo
817 2115 978 2155 senes
1021 2098 1209 2153 abbati
1254 2095 1493 2150 Antonio
1539 2093 1886 2149 nuntiarunt.
1920 2090 1978 2145 Et
2006 2092 2082 2144 ait

488 2197 615 2252 'illis
643 2213 659 2253 :
691 2193 922 2248 Videtur
953 2189 1089 2245 mihi
1141 2187 1445 2242 monachus
1485 2186 1589 2241 iste
1626 2183 1903 2252 navigium
1960 2197 2084 2237 esse

506 2285 728 2357 plenum
760 2281 957 2346 bonis;
1000 2277 1096 2335 sed
1123 2276 1312 2332 nescio
1341 2291 1410 2330 an
1453 2275 1519 2329 ad
1570 2282 1792 2343 portum
1824 2272 2078 2342 appellet.

493 2378 573 2433 Et
611 2382 734 2448 post
787 2375 1124 2443 aliquantum
1179 2369 1496 2439 temporis,
1523 2381 1651 2423 ecce
1692 2365 1875 2420 subito
1917 2364 2083 2432 cmpit

505 2470 677 2526 abbas
699 2465 976 2520 Antonius
1029 2461 1179 2527 flere,
1233 2460 1463 2529 capillos
1499 2459 1722 2520 vellere,
1770 2455 2078 2510 lamentari.

507 2561 707 2618 Dicunt
763 2557 814 2613 ei
874 2555 1132 2624 discipuli
1167 2553 1341 2622 ipsius
1379 2566 1392 2602 :
1424 2550 1597 2615 Quam
1629 2549 1700 2602 ob
1724 2563 1838 2603 rem
1874 2547 2079 2616 ploras,

507 2647 682 2704 abba?
707 2644 1010 2715 Respondit
1034 2656 1201 2696 senex
1232 2658 1246 2694 :
1280 2638 1439 2693 Modo
1479 2652 1675 2708 magna
1698 2636 1956 2690 Ecclesiae
1989 2650 2083 2689 co-

507 2741 694 2796 lumna
727 2735 946 2791 cecidit.
984 2731 1341 2802 Loquebatur
1368 2739 1545 2783 autem
1577 2728 1643 2782 de
1669 2727 1868 2797 juvene
1894 2742 2084 2781 mona-

494 2831 634 2886 ‘0lto.
671 2826 776 2882 Sed
809 2823 1244 2896 proﬁciscimini,
1278 2820 1479 2890 inquit,
1509 2833 1683 2888 usque
1717 2818 1784 2872 ad
1810 2818 1984 2882 illum,
2019 2831 2083 2870 ac

501 2919 689 2973 .videte
719 2915 978 2986 quidnam
1019 2910 1336 2982 contigerit.
1364 2911 1577 2964 Abeunt
1610 2907 1742 2980 ergo
1781 2908 2034 2978 discipuli
2065 2923 2080 2972 ;

509 3013 904 3080 inveniuntque
950 3006 1277 3062 monachum
1330 3004 1388 3058 in
1437 3009 1606 3057 matta
1665 3001 1963 3065 sedentem,
2019 3014 2084 3053 ac

497 3104 726 3168 flentem
757 3066 902 3172 quod
924 3098 1276 3153 commiserat
1300 3095 1611 3165 peccatum.
1644 3092 1880 3148 lntuitus
1904 3066 2091 3146 autem.
2111 3134 2155 3192 Ε

502 3193 661 3252 senis
691 3193 1012 3262 discipulos,
1046 3190 1124 3244 ait
1155 3207 1171 3244 :
1216 3187 1394 3242 Dicite
1423 3185 1564 3248 seni,
1596 3193 1655 3238 ut
1684 3184 1851 3239 Deum
1895 3185 2088 3254 depre-

509 3294 688 3353 cetur,
716 3285 904 3341 decem
966 3280 1310 3338 solummodo
1332 3280 1452 3337 dies
1502 3280 1636 3335 mihi
1681 3279 1966 3344 concedat,
2025 3295 2090 3333 ac

504 3389 672 3448 spero
731 3373 878 3448 quod
923 3371 1284 3431 satisfaciam.
1331 3369 1442 3428 Sed
1486 3372 1630 3428 intra
1675 3371 1918 3443 quinque
1971 3369 2089 3425 dies

510 3471 668 3525 obiit.

582 3558 672 3612 15.
719 3556 833 3629 (30)
868 3554 1147 3611 Laudatus
1180 3552 1356 3609 fuerat
1377 3567 1408 3608 a
1429 3551 1694 3608 fratribus
1728 3551 1951 3623 quidam
1974 3565 2088 3605 mo-

513 3649 722 3704 nachus
753 3647 896 3718 apud
930 3647 1180 3701 abbatem
1206 3645 1526 3700 Antonium.
1559 3643 1659 3699 Hic
1706 3655 1888 3698 autem
1935 3643 2088 3696 illum

508 3750 637 3796 "cum
667 3740 992 3795 accessisset
1024 3738 1274 3802 tentavit,
1305 3753 1374 3791 an
1407 3736 1573 3792 ferret
1606 3736 1863 3806 injuriam
1899 3753 1912 3790 :
1943 3749 2090 3788 com-

513 3839 779 3904 pertoque
805 3829 949 3900 quod
981 3844 1093 3883 non
1125 3827 1397 3893 sull'erret,
1424 3828 1498 3882 ait
1520 3829 1598 3882 illi
1639 3845 1653 3882 :
1690 3827 1898 3883 Similis
1921 3842 1981 3882 es
2009 3826 2090 3881 vi-

511 3933 602 3985 co,
637 3919 799 3990 cujus
839 3919 1117 3974 anteriora
1162 3918 1384 3988 quidem
1428 3926 1695 3972 exornata
1722 3927 1870 3982 sunt,
1905 3929 2090 3987 poste-

513 4012 664 4086 riora
693 4027 827 4067 vero
854 4027 883 4065 a
913 4011 1260 4082 praedonibus
1286 4009 1519 4080 direpta.
1775 4065 1780 4074 ,

585 4101 674 4157 16.
715 4102 826 4172 (51)
865 4100 1054 4156 Frater
1101 4101 1242 4155 dixit
1287 4101 1467 4156 abbati
1505 4102 1742 4156 Antonio
1779 4120 1793 4155 ε
1827 4098 1936 4154 Ora
1993 4115 2092 4170 pro

513 4210 620 4251 me.
651 4194 740 4247 Ait
769 4193 845 4247 illi
877 4207 1080 4248 senex:
1104 4184 1215 4245 Nec
1238 4206 1338 4262 ego
1370 4192 1446 4246 tui
1477 4193 1765 4252 misereor,
1797 4205 1900 4244 nec
1924 4191 2089 4255 Deus,

511 4288 617 4341 nisi
650 4294 707 4339 tu
746 4299 964 4355 quoque
1007 4297 1228 4353 operam
1269 4281 1580 4345 navaveris,
1612 4281 1890 4350 Deumque
1923 4281 2092 4335 fueris

520 4377 859 4448 deprecatus.

2187 547 2215 598 6
2245 547 2442 618 γέρων,
2478 549 2558 601 ὅτι
2595 548 2699 619 χρὴ
2730 550 2858 619 μίαν
2889 551 2910 582 ⁴
2945 549 3402 617 συγκαταϐαίνειν
3447 553 3560 614 τοῖς
3603 545 3760 606 ἁδελ-

2188 642 2326 708 φοῖς,
2377 641 2523 708 λέγει
2551 643 2699 713 αὺτῷ
2717 659 2733 674 ·
2768 645 2905 697 Βάλε
2964 644 3113 714 βέλος
3143 646 3220 708 εἰς
3247 644 3306 697 1‘6
3327 643 3478 710 τόξον
3516 661 3631 707 σου,
3663 647 3760 698 καὶ

2186 734 2360 786 τεῖνον
2381 750 2394 764 °
2432 735 2525 787 καὶ
2555 734 2807 805 ἐποίησεν
2833 732 3024 797 οὕτως.
3053 735 3214 804 Λέγει
3244 735 3420 805 αὐτῷ·
3453 735 3622 788 Πάλιν
3647 738 3761 787 τεῖ-

2187 840 2275 878 νον
2297 838 2312 853 ·
2339 825 2433 878 καὶ
2457 825 2675 880 ἔτεινεν.
2697 826 2800 880 Καὶ
2821 827 2981 882 πάλιν
3005 828 3164 898 φησί·
3194 827 3399 880 Τεῖνον.
3431 827 3591 894 Λέγει
3608 826 3760 896 αὐτῷ

2185 915 2214 966 ὁ
2245 913 2511 987 θηρευτής
2538 934 2552 950 ·
2599 918 2721 972 Ἐὰν
2752 916 2893 989 ὑπὲρ
2921 919 2980 970 16
3014 918 3209 988 μέτρον
3263 916 3444 980 τείνω,
3471 916 3666 970 κλᾶται
3697 917 3761 968 16

2184 1007 2358 1074 τόξον.
2395 1009 2558 1076 Λέγει
2586 1008 2734 1079 αὑτῷ
2765 1011 2792 1062 6
2825 1009 3003 1079 γέρων
3022 1025 3036 1039 °
3071 1007 3255 1072 Οὕτως
3286 1007 3379 1061 καὶ
3400 1009 3477 1070 εἰς
3503 1007 3565 1059 16
3597 1007 3760 1078 ἔργον

2184 1099 2278 1151 τοῦ
2310 1100 2444 1152 Θεοῦ
2464 1117 2478 1131 ’
2505 1101 2598 1154 ἐὰν
2633 1101 2812 1154 πλεῖον
2844 1101 2938 1155 τοῦ
2965 1101 3165 1172 μέτρου
3198 1101 3460 1170 τείνωμεν
3486 1100 3629 1152 κατὰ
3649 1095 3762 1152 τῶν

2184 1187 2453 1257 ἀδελφῶν,
2493 1191 2631 1260 ταχὺ
2668 1191 3096 1261 προσρήσσουσι.
3154 1188 3274 1260 Χρὴ
3322 1185 3414 1241 οὖν
3465 1189 3592 1258 μίαν
3632 1194 3762 1258 μίαν

2186 1279 2640 1347 συγκαταϐαίνειν
2673 1283 2785 1342 τοῖς
2809 1280 3074 1349 ἀδελφοῖς.
3113 1279 3292 1332 Ταῦτα
3342 1277 3577 1340 ἀκούσας
3605 1279 3633 1329 ὁ
3663 1275 3762 1347 Θη-

2187 1371 2401 1442 ρευτὴς,
2432 1371 2725 1441 κατενύγη,
2779 1372 2872 1424 καὶ
2907 1371 3073 1424 πολλὰ
3121 1369 3420 1438 ὠφεληθεὶς
3474 1368 3624 1438 παρὰ
3663 1365 3758 1420 τοῦ

2181 1463 2458 1534 γέροντος,
2485 1464 2695 1534 ἀπῆλθε
2725 1476 2740 1492 ⁸
2771 1465 2863 1517 καὶ
2889 1465 2938 1516 οί
2972 1462 3191 1531 ἀδελφοὶ
3233 1460 3614 1533 στηριχθέντες
3667 1461 3763 1512 ἀν-

2186 1554 2472 1626 εχώρησαν
2505 1558 2584 1618 εἰς
2616 1555 2707 1608 τὸν
2731 1554 2895 1607 τόπον
2926 1555 3125 1607 αὐτῶν.

2260 1647 2340 1699 ιδ’.
2375 1648 2642 1701 Ἤκουσεν
2672 1649 2699 1699 ό
2721 1647 2894 1710 ἁϐϐᾶς
2935 1647 3216 1708 Ἀντώνιος
3243 1645 3368 1716 περί
3396 1661 3538 1706 τινος
3566 1643 3755 1698 νεωτέ-

2190 1755 2283 1810 ρου
2343 1737 2599 1809 μοκκαχοῦ,
2669 1739 2996 1810 ποιήσαντος
3053 1738 3278 1807 σημεῖον
3327 1737 3383 1787 ἐν
3412 1739 3478 1805 τῇ
3507 1735 3610 1804 ὁδῷ
3635 1751 3647 1762 ·
3685 1735 3761 1796 ὡς

2191 1831 2378 1885 τούτου
2413 1829 2716 1903 ἑωρακότος
2753 1830 3013 1901 γέροντάς
3060 1842 3211 1892 τινας
3235 1828 3516 1891 ὁδεύοντας
3539 1826 3632 1879 καὶ
3664 1825 3764 1878 κά-

2197 1938 2425 1993 μνοντας
2457 1923 2514 1976 ἐν
2545 1924 2609 1992 τῇ
2637 1920 2759 1990 ὁδῷ,
2789 1921 2882 1973 καὶ
2909 1919 3173 1991 όνάγρους
3212 1917 3562 1994 ἐπιτάξαντος
3588 1915 3765 1968 ἐλθεῖν

2191 2016 2286 2067 καὶ
2320 2013 2586 2084 βαστάσαι
2629 2015 2756 2073 τοὺς
2791 2013 3074 2083 γέροντας,
3114 2011 3220 2075 ἓως
3252 2006 3314 2065 οὗ
3347 2005 3590 2078 φθάσωσι
3626 2000 3765 2076 πρδς

2205 2105 2508 2160 Ἀντώνιον.
2565 2107 2628 2158 Οἱ
2674 2101 2766 2158 οὖν
2813 2105 3067 2175 γέροντες
3119 2102 3445 2174 ἀνήγγειλαν
3499 2099 3576 2169 τῷ
3620 2098 3767 2167 ἁϐϐᾆ

2205 2197 2472 2269 Ἀντωνίῳ
2493 2196 2683 2250 ταῦτα.
2712 2197 2821 2250 Ka‘t
2839 2196 2984 2264 λέγει
3012 2196 3195 2257 αὐτοῖς
3214 2211 3227 2224 υ
3269 2192 3454 2246 Ἔοικέ
3489 2209 3578 2262 μοι
3606 2191 3634 2241 6
3668 2206 3765 2259 μο-

2191 2291 2352 2360 ναχὸς
2381 2283 2534 2352 οὗτος
2563 2289 2744 2342 πλοῖον
2769 2285 2907 2341 εἶναι
2938 2288 3131 2359 μεστὸν
3160 2285 3398 2353 ἀγαθῶν,
3430 2284 3530 2352 οὐκ
3559 2277 3675 2334 οἶδα
3705 2278 3767 2332 δὲ

2193 2385 2240 2437 εί
2287 2383 2406 2455 ἥξει
2465 2384 2542 2447 είς
2583 2383 2674 2434 τὸν
2733 2379 2945 2448 λιμένα.
2986 2379 3095 2430 Καὶ
3125 2375 3262 2446 μετὰ
3303 2373 3492 2444 χρόνον
3537 2371 3770 2455 ἄρχεται

2192 2453 2450 2545 ἐξαίιρνης
2495 2476 2523 2526 6
2573 2472 2748 2535 assa;
2790 2469 3070 2532 Ἀντώνιος
3099 2468 3304 2522 κλαίειν
3332 2466 3426 2518 καὶ
3450 2463 3649 2516 τίλλειν
3670 2453 3769 2523 τᾶς

2190 2573 2383 2642 τρίχας
2409 2569 2575 2624 αὐτοῦ
2617 2570 2708 2622 καὶ
2732 2567 3039 2639 ὀδύρεσθαι.
3066 2565 3326 2633 Λέγουσιν
3342 2559 3489 2630 αὑτῷ
3518 2562 3565 2612 οἱ
3590 2556 3769 2628 μαθη-

2191 2668 2282 2718 ταὶ
2315 2664 2478 2717 αὑτοῦ
2506 2681 2519 2694 ·
2549 2663 2612 2715 Τί
2652 2662 2880 2724 κλαίεις,
2926 2661 3108 2724 ἀ66ἄ;
3143 2659 3250 2711 Καὶ
3280 2651 3432 2708 εἶπεν
3481 2656 3508 2705 6
3543 2652 3723 2720 γέρων
3747 2662 3763 2678 ’

2193 2757 2383 2825 Μέγας
2413 2755 2600 2818 στύλος
2629 2754 2727 2824 τῆς
2765 2752 3088 2823 Ἐκκλησίας
3130 2751 3254 2818 ἄρτι
3289 2747 3479 2799 ἔπεσεν
3510 2745 3684 2814 (ἔλεγε
3711 2742 3766 2794 δὲ

2185 2847 2321 2917 ’περὶ
2350 2845 2444 2898 τοῦ
2477 2843 2740 2914 νεωτέρου
2774 2841 3028 2912 μοναχοῦ)
3049 2857 3062 2868 ’
3097 2838 3231 2890 ἀλλὰ
3269 2836 3546 2897 ἀπέλθετε,
3578 2835 3763 2903 φησὶν,

2191 2938 2298 3001 ἓως
2347 2935 2536 3000 αὐτοῦ,
2588 2935 2682 2989 καί
2715 2933 2940 3003 βλέπετε
2991 2931 3051 2984 τὸ
3098 2928 3338 2998 γεγονός.
3407 2927 3767 2994 Ἀπέρχονται

2191 3027 2284 3084 οὖν
2313 3030 2361 3083 οἱ
2406 3027 2661 3100 μαθηταὶ.
2681 3026 2776 3078 καὶ
2809 3023 3118 3096 εὑρίσκουσι
3147 3017 3239 3075 16v
3273 3019 3501 3091 μοναχὸν
3524 3018 3616 3069 ἐπὶ
3642 3015 3768 3084 data-

2189 3126 2304 3181 θίου
2340 3123 2670 3191 καθήμενον,
2697 3119 2792 3172 καὶ
2841 3117 3094 3170 κλαίοντα
3132 3114 3231 3183 τὴν
3269 3110 3538 3184 ἁμαρτίαν
3558 3110 3625 3180 ἢν
3648 3110 3766 3178 εἰρι-

2187 3214 2412 3282 γάσατο.
2461 3206 2753 3280 Ἐωρακὼς
2810 3206 2866 3258 δὲ
2915 3207 3039 3266 τοὺς
3075 3203 3319 3274 μαθητὰς
3350 3201 3444 3254 τοῦ
3487 3199 3765 3270 γέροντος,

2189 3305 2370 3371 λέγει·
2409 3300 2616 3353 Εἴπατε
2648 3297 2727 3367 τῷ
2751 3296 2964 3368 γέροντι
2992 3296 3079 3347 ἵνα
3106 3292 3457 3365 παρακαλέσῃ
3488 3289 3577 3342 τὸν
3606 3288 3764 3352 Θεὸν,

2188 3390 2321 3448 δέκα
2369 3387 2533 3462 μόνας
2562 3389 2776 3461 ἡμέρας
2809 3385 3049 3440 ἐνδοῦναί
3087 3403 3196 3455 μοι,
3227 3377 3321 3436 καὶ
3342 3378 3542 3443 ἐλπίζω
3565 3378 3767 3432 611010-

2190 3481 2482 3553 γήσασθαι.
2538 3477 2650 3532 Καὶ
2679 3477 2828 3540 ἐντὸς
2860 3474 3078 3547 ἡμερῶν
3105 3473 3265 3527 πέντε
3318 3469 3690 3539 ἐτελεύτησεν.

2265 3580 2347 3627 ιε’.
2399 3569 2664 3642 Ἐπῃνέθη
2692 3586 2775 3632 τις
2808 3567 3036 3638 μοναχδς
3065 3565 3169 3619 ὑπὸ
3197 3563 3303 3616 τῶν
3342 3561 3586 3630 ἀδελφῶν
3626 3559 3770 3632 πρὸς

2187 3672 2280 3720 τὸν
2310 3664 2483 3720 essay
2518 3661 2894 3714 Ἀντώνιον.’0
2927 3659 2981 3710 δὲ
3014 3656 3395 3728 παραϐαλόντα
3427 3652 3589 3706 αὑτὸν
3614 3654 3770 3704 ἐπεί-

2192 3775 2376 3830 ρασεν,
2409 3758 2457 3809 εί
2490 3754 2644 3826 φέρει
2673 3751 2921 3821 ἀτιμίαν-
2961 3748 3055 3800 καὶ
3084 3745 3256 3817 εὑρὼν
3289 3747 3368 3798 ὅτι
3400 3745 3459 3797 οὐ
3486 3741 3765 3814 βαστάζει,

2191 3851 2343 3904 εἶπεν
2378 3845 2556 3916 αὐτῷ’
2594 3846 2816 3904 Ἔοικας
2850 3841 3032 3913 κώμῃ,
3055 3840 3122 3893 τὰ
3151 3838 3456 3910 ἔμπροσθεν
3491 3837 3772 3891 κεκαλλω-

2191 3941 2451 4012 πισμένῃ,
2490 3937 2560 3990 τὰ
2586 3936 2641 3990 δὲ
2670 3932 2893 3989 ὄπισθεν
2923 3932 3027 3986 ὑπὸ
3051 3931 3262 4004 λῃστῶν
3298 3926 3624 4000 συλουμένῃ.

2267 4119 2360 4178 ις’.
2414 4110 2667 4179 ’Λδελφδς
2690 4106 2809 4162 εἶπε
2839 4107 2916 4178 τῷ
2945 4108 3088 4179 άϐὅᾷ
3114 4103 3384 4174 Ἀντωνίῳ
3401 4121 3415 4135 ·
3441 4096 3605 4170 Εὗξαι
3625 4103 3770 4175 ὑπὲρ

2192 4199 2347 4274 ἐμοῦ.
2379 4201 2540 4269 Λέγει
2568 4199 2715 4269 αὐτῷ
2751 4201 2779 4251 6
2809 4199 2988 4270 γέρων
3007 4211 3020 4228 ⁸
3048 4198 3181 4250 Οὐδὲ
3217 4195 3326 4265 ἐγώ
3369 4211 3426 4248 σε
3460 4193 3613 4257 ἐλεῶ,
3643 4195 3770 4246 οὑδὶ

2192 4298 2220 4348 6
2252 4292 2402 4355 Θεὸς.
2435 4292 2529 4345 ἐὰν
2564 4290 2639 4362 μὴ
2676 4291 2738 4342 σὺ
2775 4289 2934 4351 αὐτὸς
2961 4286 3285 4357 σπουδάσῃς,
3319 4285 3411 4338 καὶ
3450 4284 3781 4358 αἱτήσῃςτδν

2193 4385 2348 4442 Θεόν.

585 4467 673 4520 Π.
716 4466 828 4536 (59.)
865 4466 1253 4520 Convenerunt
1299 4465 1593 4534 aliquando
1645 4481 1804 4520 senes
1836 4467 2084 4520 abbatem

2266 4469 2349 4535 ιζ’.
2391 4467 2704 4541 Παρέϐαλόν
2739 4483 2870 4521 ποτε
2904 4468 3158 4538 γέροντες
3182 4464 3259 4536 τῷ
3290 4464 3433 4535 ἀὸϐᾷ
3473 4461 3768 4532 Ἀντωνίῳ,

515 4556 834 4619 Antonium,
863 4563 1088 4624 eratque
1128 4569 1234 4607 una
1266 4569 1388 4608 cum
1420 4554 1529 4608 illis
1564 4555 1734 4609 abbas
1764 4555 1986 4624 Josepb.
2022 4555 2088 4611 Et

514 4647 705 4702 volens
737 4661 903 4700 senex
935 4645 1169 4714 probare
1206 4659 1324 4710 eos,
1353 4659 1661 4700 sermonem
1703 4647 1989 4717 proposuit
2022 4663 2089 4702 ex

516 4737 823 4814 Scriptura,
859 4739 1131 4808 cmpilque
1181 4739 1492 4808 percontari
1533 4754 1562 4792 a
1613 4741 1920 4795 minoribus
1964 4744 2090 4812 quis

511 4837 663 4886 esset
695 4844 876 4884 sermo
911 4830 1024 4885 ille.
1068 4829 1133 4883 Et
1165 4831 1544 4900 unusquisque
1571 4847 1669 4901 pro
1695 4833 1836 4888 virili
1870 4849 1968 4888 sua
1995 4851 2092 4889 ex-

515 4919 797 4990 planabat.
829 4918 1006 4976 Senex
1053 4930 1233 4975 autem
1277 4923 1508 4993 singulis
1539 4923 1757 4979 dicebat
1789 4943 1804 4980 :
1835 4923 2089 4981 Nondum

518 5011 798 5070 invenisti.
847 5011 978 5069 Post
1025 5021 1255 5069 cunctos
1303 5016 1485 5069 abbati
1536 5015 1775 5087 Josepho
1824 5019 1899 5072 ait
1937 5036 1948 5071 :
1983 5017 2088 5081 Tu,

517 5103 650 5175 quid
679 5104 785 5158 sibi
813 5105 949 5159 velle
976 5105 1031 5160 id
1059 5106 1208 5160 verbi
1239 5108 1468 5162 censes'?
1495 5106 1795 5178 Respondit
1827 5127 1842 5164 :
1868 5108 2088 5165 Nescio.

517 5193 746 5268 Excepit
793 5196 964 5250 abbas
1013 5195 1336 5252 Antonius:
1375 5200 1608 5254 Omnino
1663 5201 1836 5258 abbas
1887 5199 2089 5274 Joseph

517 5288 660 5345 vlam
702 5289 929 5352 invenit,
961 5289 1054 5359 qui
1090 5303 1149 5344 se
1176 5291 1392 5345 nescire
1422 5291 1708 5359 professus
1733 5300 1840 5348 est.

591 5444 614 5476 ⁸
649 5444 732 5496 Al.
755 5441 881 5498 add.
908 5445 1004 5496 καὶ
1031 5441 1446 5513 έσκανδαλίσθη.
1523 5442 1546 5474 ⁸
1579 5443 1663 5498 Al.
1704 5444 1832 5516 μίαν
1869 5444 2017 5516 μίαν.

592 5602 706 5672 (29)
753 5603 858 5676 Yit.
889 5604 1047 5676 Patr.
1111 5623 1230 5674 vm,
1294 5608 1366 5676 l;
1406 5607 1681 5667 Climacus
1736 5607 1919 5664 Gradu
1979 5610 2087 5676 15;

522 5667 710 5730 Schol.
738 5667 827 5738 4⁷1,
853 5677 918 5728 ad
951 5675 1114 5732 Grad.
1140 5679 1196 5731 4.

593 5743 705 5813 (50)
759 5743 864 5799 γει.
910 5745 1060 5802 Patr.
1088 5763 1170 5815 ut,
1203 5747 1303 5818 88;
1342 5763 1460 5816 vnt,
1487 5748 1543 5804 2.

2195 4561 2289 4613 καὶ
2319 4556 2386 4631 ἦν
2420 4562 2447 4612 6
2484 4559 2655 4622 ἀὸϐᾶς
2689 4559 2883 4630 Ἰωσὴφ
2918 4558 3037 4628 μετ’
3061 4556 3258 4609 αὐτῶν.
3281 4556 3391 4609 Ka‘t
3426 4555 3592 4608 θέλων
3618 4553 3648 4605 6
3669 4553 3769 4621 γέ-

2198 4669 2307 4723 ρων
2327 4651 2616 4720 δοκιμάσαι
2647 4650 2862 4713 αὐτοὺς,
2889 4648 3218 4719 προεϐάλετο
3245 4648 3398 4718 ῥῆμα
3422 4646 3480 4698 ἐκ
3503 4645 3600 4715 τῆς
3627 4643 3772 4712 Γρα-

2197 4746 2323 4814 φῆς,
2346 4745 2440 4797 καὶ
2470 4745 2673 4815 ἤρξατο
2699 4745 2905 4814 ἐρωτᾷν
2932 4743 3039 4796 ἀπὸ
3063 4743 3169 4794 τῶν
3195 4741 3548 4811 μικροτέρων,
3576 4738 3626 4789 τί
3651 4739 3770 4789 ἐστι

2196 4832 2260 4884 τὸ
2294 4833 2444 4902 ρἧα
2475 4833 2651 4886 τοῦτο.
2687 4835 2796 4886 Καὶ
2827 4833 3054 4894 ἕκαστος
3102 4830 3252 4898 ἔλεγε
3301 4830 3441 4882 κατὰ
3483 4827 3580 4899 τὴν
3632 4826 3771 4879 ἰδίαν

2198 4924 2447 4995 δύναμιν.
2477 4927 2534 4979 Ὀ
2563 4926 2618 4978 δὲ
2666 4925 2844 4996 γέρων
2891 4924 3104 4992 ἑκάστῳ
3137 4923 3350 4991 ἓλεγεψ
3396 4919 3560 4974 Οὔπω
3589 4913 3771 4987 εὗρες.

2196 5017 2460 5088 ’Ὕστερον
2501 5018 2636 5071 ὅλων
2669 5017 2815 5086 λέγει
2865 5015 2942 5086 τῷ
2989 5015 3130 5086 ἀϐὃᾷ
3164 5015 3394 5084 Ἰωσήφ⁶
3429 5013 3501 5064 Σὺ
3531 5011 3648 5073 πῶς
3681 5009 3774 5062 λέ-

2191 5127 2312 5180 γεις
2338 5107 2476 5163 εἶναι
2503 5110 2594 5162 16v
2618 5109 2774 5177 λόγον
2795 5108 2985 5161 τοῦτον
3009 5123 3022 5172 ;
3055 5106 3430 5177 Ἀποκρίνεται
3450 5121 3465 5134 °
3495 5103 3607 5156 Οὐκ
3625 5097 3770 5155 οἶδα.

2193 5203 2355 5270 Λέγει
2378 5198 2473 5255 οὖν
2502 5204 2530 5254 ὁ
2554 5202 2726 5264 ἀϐϐἄς
2762 5200 3069 5263 ’Λντώνιος’
3105 5199 3327 5262 Πάντως
3362 5195 3534 5260 άϐὁᾶς
3569 5192 3774 5266 Ἰωσὴφ

2193 5290 2318 5365 εὗρε
2346 5295 2444 5364 τὴν
2477 5294 2615 5358 ὁδὸν,
2645 5294 2727 5347 ὅτι
2755 5289 2930 5362 εἶπεν,
2965 5294 3078 5348 Οὐκ
3111 5288 3248 5346 οἶδα.

2271 5603 2381 5670 (⁸51)
2433 5601 2536 5654 Vit.
2576 5599 2727 5654 Patr.
2757 5615 2810 5656 x.
2840 5598 2896 5670 352

2270 5665 2383 5745 (5‘2)
2431 5673 2535 5727 γὶι.
2573 5671 2841 5744 Patre“,
2869 5665 2928 5725 ι.
