4034 6340
217 390 265 447 8|
1328 391 1942 453 APOPHTHEGMATA
1978 397 2285 455 PATRUM.

3380 412 3453 473 ω

272 509 349 575 ιη’.
400 501 654 573 ’Δὸελφοὶ
705 503 1013 576 παρέϐαλον
1065 506 1143 578 τῷ
1188 508 1332 581 ἁϐϐᾁ
1370 511 1640 585 Ἀντωνίῳ
1670 515 1778 570 ἀπὸ

1954 516 2038 571 l8.
2081 516 2193 587 (35)
2232 514 2453 572 Fratres
2497 514 2761 571 abbatem.
2797 516 3095 572 Mtonium
3146 515 3457 574 inviserunt

218 594 463 668 Σκήτεως,
496 597 596 649 καὶ
622 596 890 669 ἐμϐάντες
915 599 997 662 εἰς
1027 601 1207 655 πλοῖον
1237 603 1490 658 ἀπελθεῖν
1522 606 1659 677 πρὸς
1687 608 1779 661 αὑ-

214 686 309 754 τὴν,
335 683 492 761 εὗρον
525 689 763 761 γέροντα
797 689 1016 746 θέλοντα
1043 694 1139 747 καὶ
1165 696 1326 751 αὐτὸν
1352 697 1604 752 ἀπελθεῖν
1636 700 1773 753 ἐκεῖ.

230 781 462 850 Ἠγνόουν
494 781 751 862 δὲξαύτὸν
780 783 832 836 οἱ
861 783 1100 854 ἀδελφοί.
1140 788 1251 842 Καὶ
1282 788 1579 859 καθήμενοι
1610 791 1669 849 ἐν
1699 791 1778 861 τῷ

219 873 361 944 πλοίῳ
383 872 613 927 ἐλάλουν
638 870 831 943 λόγους
858 874 1139 947 Πατέρων,
1174 879 1269 932 καὶ
1306 880 1371 933 ἐκ
1402 879 1504 954 τῆς
1534 880 1775 953 Γραφῆς,

222 966 297 1019 καὶ
340 965 503 1018 πάλιν
544 964 675 1037 περὶ
714 967 1045 1039 ἐργοχείρων
1095 970 1324 1029 ἑαυτῶν.
1361 971 1421 1023 ’0
1462 970 1519 1024 δὲ
1563 971 1778 1042 γέρων⁹

218 1051 423 1108 ἐσιώπα.
441 1054 743 1108 Ἐλθόντων
772 1054 831 1108 δὲ
858 1055 1037 1110 αὐτῶν
1076 1058 1170 1111 ἐπὶ
1211 1058 1306 1111 τοῦ
1351 1059 1545 1131 ὅρμου,
1580 1058 1778 1133 εὑρέθη

221 1147 296 1200 καὶ
318 1147 347 1198 6
366 1145 549 1216 γέρων
572 1146 802 1214 ὑπάγων
833 1147 969 1218 πρὸς
1015 1147 1108 1201 τὸν
1152 1150 1327 1204 ἀϐϐᾶν
1368 1150 1673 1207 Ἀντώνιον.
1692 1153 1782 1218 '0;

216 1236 265 1291 δὲ
288 1232 443 1308 ἦλθον
481 1237 621 1309 πρὸς
664 1238 848 1302 αὑτὸν,
890 1238 1036 1311 λέγει
1068 1241 1285 1305 αὐτοῖς’
1319 1242 1504 1317 Καλὴν
1538 1244 1781 1299 συνοδίαν

221 1326 406 1396 εὕρετε,
434 1328 530 1379 τὸν
556 1328 789 1399 γέροντα
816 1328 1024 1384 τοῦτον.
1056 1327 1193 1384 Εἷπε
1220 1332 1277 1385 δὲ
1302 1334 1396 1386 καὶ
1423 1332 1501 1406 τῷ
1528 1334 1743 1407 γέροντι
1764 1351 1778 1368 ⁸

220 1417 408 1481 Καλοὺς
436 1418 703 1488 ἀδελφοὺς
731 1412 890 1492 εὗρες
924 1421 1063 1494 μετά
1091 1421 1207 1487 σοῦ,
1236 1424 1400 1479 ὰϐϐἄ.
1436 1425 1600 1495 Λέγει
1628 1428 1657 1481 6
1683 1426 1780 1495 γέ-

220 1525 336 1579 ρων·
370 1510 544 1563 Καλοὶ
588 1513 699 1582 μέν
722 1512 882 1578 εισιν,
916 1512 1031 1566 ἀλλ’
1055 1515 1089 1585 ἡ
1124 1496 1263 1589 αὐλῆ
1292 1518 1474 1573 αὐτῶν
1520 1522 1620 1574 οὐκ
1666 1520 1782 1595 ἔχει

216 1598 387 1669 θύραν,
420 1602 519 1654 καὶ
550 1605 581 1655 6
630 1602 808 1656 θέλων-
828 1604 1135 1675 εἰσέρχεται
1174 1608 1255 1671 εἰς
1291 1608 1383 1662 τὸν
1412 1610 1660 1678 σταῦλον,
1688 1610 1783 1671 καὶ

215 1688 317 1743 λύει
341 1691 429 1745 τὸν
450 1692 593 1747 ὄνον.
626 1693 805 1748 Τοῦτο
821 1695 880 1749 δὲ
902 1695 1107 1768 ἔλεγεν,
1134 1698 1219 1760 ὅτι
1242 1700 1311 1754 τὰ
1335 1701 1602 1777 ἐρχόμενα
1620 1707 1700 1771 εις
1722 1704 1783 1761 τὸ

218 1783 375 1854 πόμα
398 1784 583 1838 αὐτῶν
608 1786 861 1843 λαλοῦσιν
884 1788 931 1847 ⁸.

1878 608 1952 664 de
1982 608 2161 674 Secti,
2181 616 2236 664 et
2257 607 2492 680 ingressi
2525 623 2720 664 navem
2748 615 2819 663 ut.
2844 609 2987 665 irent
3014 609 3089 665 ad
3120 624 3272 676 eum,
3303 610 3460 666 inve-

1884 706 2085 754 nerunt
2115 714 2301 755 senem
2331 699 2427 770 qui
2468 698 2586 769 ipse
2614 699 2780 755 etiam
2822 699 2953 754 illuc
2997 698 3273 770 proficisci
3315 699 3464 755 vole-

1885 790 1997 846 bat.
2021 774 2307 845 Fratribus
2334 796 2518 845 autem
2550 804 2661 849 non
2689 795 2809 844 erat
2836 799 3022 845 notus.
3053 788 3321 846 Sedentes
3343 803 3465 859 por-

1886 898 1947 936 ro
1978 882 2033 936 in
2063 882 2211 948 navi,
2242 881 2611 952 loquebantur
2661 894 2946 936 sermones
2973 877 3221 945 Patrum,
3249 893 3466 936 necnon

1885 990 1949 1030 ex
1997 972 2321 1045 Scripturis,
2352 983 2541 1045 postea
2587 971 2655 1028 de
2705 972 3299 1033 laboribusmanuum
3337 986 3464 1026 sua-

1886 1080 2027 1119 rum.
2060 1065 2129 1119 At
2179 1080 2346 1121 senex
2400 1063 2638 1119 tacebat.
2670 1061 2809 1119 Cum
2845 1070 3027 1120 autem
3058 1062 3343 1119 venissent
3397 1060 3467 1117 ad

1887 1166 2126 1229 portum,
2157 1157 2534 1226 deprehensus
2580 1160 2673 1210 est
2715 1155 2881 1209 etiam
2912 1168 3082 1210 senex
3111 1155 3181 1209 ad
3212 1154 3472 1210 abbatem

1885 1245 2182 1302 Antonium
2215 1243 2508 1315 proﬁcisci.
2538 1240 2719 1311 thue
2772 1239 2841 1294 ad
2887 1255 3014 1294 cum
3066 1239 3472 1303 venerunt,‘ait

1888 1338 1998 1393 illis
2031 1356 2044 1391 :
2084 1335 2292 1390 Bonum
2326 1334 2648 1390 comitatum
2684 1331 2830 1386 nacti
2876 1332 3035 1395 estis,
3068 1329 3217 1384 hunc
3259 1343 3469 1385 senem.

1888 1426 2036 1483 Dixit
2063 1441 2283 1497 quoque
2316 1426 2435 1494 seni
2465 1444 2478 1478 :
2509 1423 2723 1481 Probos
2753 1422 2956 1479 fratres
2986 1428 3165 1476 tecum
3195 1420 3470 1491 reperisti,

1888 1519 2027 1574 abba
2077 1516 2217 1573 Tum
2261 1532 2475 1573 senex:
2513 1514 2773 1571 Praeclari
2819 1514 3042 1585 quidem
3085 1518 3252 1579 sunt;
3283 1526 3472 1566 verum

1888 1610 2015 1666 auia
2055 1625 2244 1666 eorum
2283 1625 2392 1665 non
2428 1609 2591 1663 habet
2612 1608 2864 1677 januam,
2900 1612 2956 1662 et
3001 1604 3317 1676 quicunque
3357 1602 3480 1659 vult

1888 1703 2058 1759 intrat
2094 1702 2150 1757 in
2179 1701 2480 1764 stabulum,
2514 1714 2580 1754 ac
2607 1699 2771 1755 solvit
2801 1698 3046 1753 asinum.
3075 1694 3134 1751 ιιι
3164 1709 3299 1751 vero
3324 1693 3476 1750 dico-

1887 1794 2003 1859 bat,
2034 1793 2163 1865 quia
2193 1791 2461 1864 quidquid
2491 1790 2603 1848 illis
2629 1791 2687 1850 in
2718 1790 2950 1849 buccam
2982 1787 3257 1853 veniebat,
3284 1786 3478 1861 loque-

1813 1881 1858 1938 B
1886 1888 2113 1946 bantur.

275 1960 357 2015 tB'.
396 1962 719 2034 Παρέϐαλον
748 1965 970 2037 ἀδελφοὶ
994 1968 1075 2041 τῷ
1100 1970 1245 2043 ἀϐϐᾷ
1275 1972 1564 2045 ’Λντωνίῳ,
1590 1975 1683 2030 καὶ
1702 1976 1794 2031 λέ-

215 2067 385 2119 γουσιν
430 2054 586 2124 αὑτῷ
605 2073 620 2087 ο
664 2056 803 2111 Εἰπὲ
835 2060 969 2128 ἡμῖν
994 2061 1174 2130 λόγον,
1208 2063 1326 2129 πῶς
1353 2065 1617 2137 σωθῶμεν
1640 2084 1656 2134 ;
1683 2067 1790 2121 Λέ-

214 2157 290 2208 γει
318 2143 504 2206 dinei;
549 2146 580 2197 6
619 2145 833 2218 γέρων⁵
871 2149 1171 2206 Ἠκούσατε
1194 2154 1295 2226 τὴν
1318 2156 1571 2229 Γραφήν;
1611 2159 1793 2225 καλῶς

214 2232 330 2302 ὑμῖν
354 2233 488 2304 ἔχει.
520 2235 585 2288 οι
615 2236 673 2289 δὲ
697 2232 851 2311 εἷπον
870 2256 885 2270 θ
916 2242 1033 2315 ,Καὶ
1061 2243 1213 2316 παρὰ
1242 2244 1337 2299 σοῦ
1365 2246 1592 2318 θέλομεν
1626 2249 1793 2303 ἀκοῦ-

216 2340 313 2390 σαι,
342 2325 551 2397 Πάτερ.
575 2325 710 2381 Εἷπε
740 2328 799 2383 δὲ
831 2332 1016 2398 αὐτοῖς
1042 2337 1072 2389 6
1093 2335 1270 2408 γέρων
1291 2354 1304 2368 ·
1334 2339 1499 2408 Λέγει
1523 2340 1585 2393 τὸ
1617 2342 1795 2412 Εὐαγ-

214 2415 412 2481 γέλιον·
458 2417 606 2472 Ἐάν
625 2421 721 2488 τις
747 2438 823 2477 σε
842 2425 1086 2496 pardem
1128 2430 1216 2495 εις
1256 2428 1373 2501 τὴν
1420 2430 1629 2497 δεξιὰν
1657 2447 1794 2489 σια-

212 2507 375 2576 rem,
420 2510 697 2580 στρέψον
735 2514 897 2580 αὐτῷ
945 2516 1046 2571 καὶ
1090 2518 1206 2588 τὴν
1254 2520 1476 2590 ἄλλην.
1527 2523 1795 2592 Λέγουσιν

211 2600 354 2671 αὐτῷ
378 2616 395 2632 ο
425 2603 498 2655 Οὐ
528 2603 823 2679 ,δυνάμεθα
863 2607 1026 2663 τοῦτο
1068 2611 1313 2685 ποιῆσαι.
1343 2613 1509 2684 Λέγει
1551 2616 1736 2679 αὐτοῖς
1767 2617 1797 2670 6

212 2691 423 2760 γέρων
452 2692 517 2745 Εἰ
565 2696 640 2766 μὴ
681 2695 913 2751 δύνασθε
948 2697 1175 2772 στρέψαι
1210 2704 1311 2775 καὶ⁴
1332 2704 1432 2775 τὴν
1465 2704 1653 2776 ἄλλην,
1693 2706 1796 2767 κᾶν

210 2782 302 2852 τὴν
338 2782 470 2851 μίαν
511 2784 869 2855 ὑπομείνατε.
910 2790 1178 2859 Λέγουσιν
1230 2793 1411 2868 αὐτῷ’
1452 2796 1589 2850 Οὐδὲ
1639 2797 1798 2853 τοῦτο

210 2873 498 2949 δυνάμεθα,
534 2879 699 2948 Λέγει
726 2882 756 2934 6
780 2880 958 2953 γέρων
982 2899 996 2912 ο
1028 2884 1092 2936 Ei
1119 2884 1242 2940 οὐδέ
1267 2884 1426 2939 τοῦτο
1450 2885 1700 2951 δύνασθε,
1720 2890 1796 2965 μὴ

209 2967 317 3021 δότε
350 2970 470 3024 ἀνθ’
494 2965 559 3025 οὗ
587 2970 833 3025 ἐλάϐετε.
870 2974 979 3026 Καὶ
1030 2969 1216 3028 εἷπον·
1258 2977 1393 3030 Οὐδὲ
1435 2978 1594 3032 τοῦτο
1636 2979 1796 3033 δυνά-

213 3059 366 3128 μεθα.
414 3060 584 3129 Λέγει
624 3057 721 3116 οὖν
752 3064 782 3115 6
816 3063 995 3134 γέρων
1023 3064 1100 3137 τῷ
1131 3066 1349 3138 μαθητῇ
1380 3069 1580 3123 αὐτοῦ·
1633 3071 1800 3142 Ποίη-

212 3151 332 3202 σοντ
359 3153 552 3215 αὐτοῖς
577 3154 783 3230 μικρὰν
807 3155 1018 3227 ἀθὴραν
1035 3173 1050 3188 ο
1081 3157 1367 3213 ἀσθενοῦσι
1400 3161 1567 3232 γάρ.⁸
1592 3163 1655 3216 Εἰ
1673 3160 1800 3218 τοῦ·

211 3259 269 3294 το
296 3245 356 3297 οὐ
387 3242 646 3309 δύνασθε,
687 3247 907 3300 κάκεῖνο
933 3249 995 3300 οὐ
1030 3247 1052 3280 ³
1084 3247 1292 3317 θέλετε,
1318 3250 1368 3304 τί
1397 3251 1527 3324 ὑμῖν
1552 3254 1796 3320 ποιήσως

211 3331 392 3402 Εὖχῶν
404 3332 593 3402 χρεία.

275 3420 348 3476 κ’.
401 3424 660 3495 ’Λδελφὸς
692 3420 1104 3498 ἀποταξᾶμενος
1140 3428 1219 3501 τῷ
1251 3431 1440 3505 κόσμῳ
1468 3435 1561 3488 καὶ
1590 3434 1801 3500 διαδοὺς

209 3514 275 3568 τὰ
299 3515 619 3588 ὑπάρχοντα
647 3518 810 3571 αὐτοῦ
838 3523 1096 3591 πτωχοῖς,
1133 3525 1575 3597 παρακατασχὼν
1611 3526 1666 3580 δὲ
1704 3526 1806 3581 όλί·

207 3621 281 3671 γα
322 3608 405 3667 εἰς
448 3606 610 3676 λόγον
659 3608 877 3673 ἑαυτοῦ,
909 3610 1186 3677 παρέϐαλε
1218 3612 1296 3682 τῷ
1324 3613 1466 3687 ἀϐϐᾀ
1513 3614 1800 3686 Ἀντωνίῳ.

205 3696 320 3749 Καὶ
351 3698 513 3751 τοῦτο
550 3698 759 3769 μαθὼν,
793 3699 940 3768 λέγει
989 3701 1137 3773 αὐτῷ
1186 3705 1215 3757 6
1254 3704 1465 3777 γέρων*
1521 3706 1583 3759 Εἰ
1630 3706 1806 3770 θέλεις

207 3790 445 3860 μοναχδς
486 3791 763 3857 γενέσθαι,
795 3793 996 3847 ἄπελθε
1027 3797 1106 3858 εἰς
1137 3795 1292 3865 τήνδε
1330 3796 1429 3867 τὴν
1463 3796 1675 3868 κώμην,
1711 3799 1807 3853 καὶ

206 3880 487 3952 ἀγόρασον
513 3883 708 3953 κρέας,
739 3885 833 3938 καὶ
866 3876 1087 3957 περίθες
1107 3886 1185 3957 τῷ
1224 3887 1437 3958 σώματί
1468 3905 1558 3941 σου
1594 3889 1805 3961 γυμνῷ,

206 3973 304 4024 καὶ
338 3972 515 4036 οὕτως
553 3973 678 4027 ἐλθὲ
708 3975 962 4031 ἐνταῦθα.
992 3978 1104 4031 Καὶ
1155 3979 1481 4048 ποιήσαντος
1513 3978 1685 4043 οὔτως
1712 3979 1807 4033 τοῦ

203 4064 471 4134 ἀδελφοῦ,
500 4066 553 4118 oi
596 4065 758 4130 κύνες
797 4068 892 4121 καὶ
924 4068 993 4123 τὰ
1022 4070 1185 4140 ὄρνεα
1208 4070 1268 4122 τὸ
1299 4070 1459 4141 σῶμα
1489 4071 1652 4124 αὐτοῦ
1682 4089 1812 4126 κατ-

201 4155 920 4228 έτεμνον.’Λπαντήσαντος
953 4159 1008 4213 δὲ
1056 4161 1222 4213 αὐτοῦ
1257 4160 1394 4231 πρὸς
1432 4161 1523 4216 τὸν
1554 4163 1809 4238 γέροντα..

204 4248 449 4301 ἐπύθετο
469 4249 521 4301 εξ
548 4248 772 4316 γέγονεν
792 4249 870 4314 ὡς
900 4251 1335 4306 συνεϐούλευσεν.
1356 4253 1593 4307 Ἐκείνου
1615 4254 1672 4307 δὲ
1692 4255 1813 4311 ἐπι-

202 4337 573 4409 δεικνυμένου
608 4341 668 4393 τδ
709 4340 866 4411 σῶμα
890 4341 1384 4419 διεσπαραγμένον,
1423 4344 1573 4414 λέγει
1601 4347 1629 4398 ὁ
1658 4346 1813 4415 ἅγιος

218 4427 545 4494 ’Δντώνιος-
569 4431 635 4483 0i
665 4430 1063 4503 ἀποταξάμενοι
1087 4433 1165 4503 τῷ
1198 4433 1407 4505 κόσμῳ,
1443 4435 1538 4487 καὶ
1572 4435 1814 4499 θέλοντες

1964 1978 2050 2033 l9.
2092 1976 2207 2049 (⁸58)
2247 1975 2530 2033 Venerunt
2550 1974 2748 2031 fratres
2776 1972 2845 2028 ad
2868 1972 3122 2028 abbatem
3145 1968 3475 2033 Antonium,

1892 2071 2154 2141 aiuntque
2183 2068 2232 2124 ci
2272 2067 2490 2124 :Eﬂare
2543 2068 2706 2123 nobis
2757 2067 3007 2132 verbum,
3042 2078 3283 2136 quonam
3315 2059 3481 2116 modo

1893 2158 2029 2218 salvi
2065 2161 2319 2217 erimus?
2350 2159 2658 2231 Respondit
2708 2174 2875 2215 senex
2903 2172 2919 2211 :
2948 2154 3199 2216 Audistis
3229 2151 3482 2222 Scriptu-

1892 2247 2218 2308 ram?Bene
2249 2250 2534 2306 vobiscum
2565 2252 2768 2320 agitur.
2810 2247 2880 2300 At
2910 2246 2990 2301 illi
3018 2248 3356 2314 exceperunt
3389 2259 3403 2296 :
3435 2240 3484 2295 Δ

1895 2353 1949 2400 tc
1971 2343 2181 2414 pariter
2208 2341 2400 2397 audire
2429 2340 2705 2409 cupimus,
2737 2336 2923 2393 Pater.
2952 2335 3110 2390 Tunc
3139 2334 3206 2388 ad
3236 2333 3361 2389 illos
3386 2346 3479 2387 θοι

1895 2451 2003 2493 nex
2044 2452 2059 2491 :
2095 2433 2275 2489 Verba
2310 2431 2592 2501 Evangelii
2627 2435 2757 2486 sunt
2794 2445 2808 2482 :
2844 2426 3045 2497 Siquis
3081 2433 3129 2478 te
3166 2421 3484 2493 percusserit

1895 2527 1951 2581 in
1975 2525 2248 2581 dexteram
2275 2522 2577 2584 maxillam,
2613 2519 2786 2588 praebe
2832 2518 2917 2572 illi
2966 2524 3017 2570 et
3045 2513 3357 2570 alterum“.
3389 2510 3486 2568 Di-

1897 2626 2030 2673 cunt
2055 2617 2105 2672 ei
2137 2634 2152 2670 :
2185 2613 2301 2670 Hoc
2328 2613 2511 2669 facere
2542 2625 2653 2666 non
2683 2623 3001 2680 possumus.
3033 2604 3246 2673 Quibus
3274 2617 3443 2659 senex
3463 2619 3483 2660 :

1901 2707 1958 2763 Si
1995 2707 2222 2762 alteram
2252 2704 2495 2776 praebere
2546 2716 2657 2757 non
2707 2698 2965 2772 potestis,
2996 2697 3193 2754 saltem
3220 2710 3331 2761 una
3360 2708 3485 2765 per-

1898 2814 2064 2858 cussa
2112 2797 2358 2853 tolerate.
2411 2794 2585 2849 Aiunt
2620 2791 2671 2848 ei
2707 2810 2725 2847 :
2755 2788 2944 2861 Neque
2994 2789 3102 2844 hoc
3143 2801 3307 2859 agere
3337 2785 3487 2846 vale.—

1898 2907 2042 2949 mus.
2091 2889 2225 2944 Dein
2255 2903 2417 2944 senex
2446 2904 2461 2942 :
2499 2886 2560 2941 Si
2593 2899 2772 2956 neque
2806 2883 2912 2941 hoc
2939 2880 3159 2945 valetis,
3195 2878 3367 2935 nolite
3403 2876 3489 2933 fe-

1900 2982 2011 3037 rire
2042 2994 2141 3051 pro
2173 2994 2239 3034 eo
2266 2977 2414 3049 quod
2439 2975 2765 3047 vapulastis.
2802 2972 2888 3028 Illi
2923 2990 2938 3028 :
2972 2969 3161 3041 Neque
3196 2969 3254 3023 id
3290 2982 3490 3039 possu-

1899 3088 2044 3130 mus.
2091 3070 2234 3126 Dicit
2271 3071 2436 3141 igitur
2459 3083 2649 3141 [senex
2680 3063 2957 3135 discipulo
2998 3077 3102 3120 suo
3139 3059 3326 3117 :Para
3378 3059 3490 3116 illis

1900 3179 2123 3235 parvam
2154 3154 2411 3234 pultem;
2458 3159 2664 3216 etenim
2707 3161 3001 3227 aegrotant.
3050 3150 3297 3226 [Deinde
3350 3149 3491 3209 dixit

1900 3261 1981 3314 eis
2007 3275 2020 3310 :
2045 3255 2068 3330 ]
2101 3254 2159 3311 Si
2190 3256 2293 3309 hoc
2319 3269 2428 3309 non
2459 3250 2714 3324 potestis,
2755 3263 2934 3319 neque
2963 3245 3099 3301 illud
3135 3243 3326 3308 vultis,
3354 3240 3491 3313 quid

1902 3349 2099 3404 faciam
2122 3346 2324 3402 vobis?
2350 3343 2611 3415 Indigetis
2644 3340 2926 3413 precibus.

1970 3442 2062 3496 20.
2104 3440 2217 3512 (55)
2263 3436 2454 3491 Frater
2486 3435 2581 3506 qui
2613 3433 3025 3489 renuntiaverat
3054 3425 3281 3491 smnio,
3313 3432 3492 3488 etwa

1902 3534 2240 3606 pauperibus
2260 3529 2649 3592 distribuerat,
2678 3526 2784 3582 sibi
2818 3532 3001 3579 tamen
3026 3520 3334 3577 retinuerat
3354 3531 3491 3591 pau-

1905 3639 1992 3687 ea,
2034 3621 2269 3678 accessit
2300 3619 2369 3674 ad
2399 3618 2654 3674 abbatem
2688 3614 3009 3670 Antonium.
3037 3610 3160 3677 Quo
3178 3615 3495 3678 comperto,

1907 3715 2045 3770 dixit
2076 3715 2124 3769 ei
2159 3722 2328 3770 senex
2361 3729 2374 3766 :
2414 3708 2475 3765 Si
2503 3709 2589 3764 vis
2618 3706 2926 3763 monachus
2960 3702 3100 3767 fieri,
3132 3714 3298 3773 perge
3330 3698 3399 3753 ad
3434 3697 3497 3750 il-

1907 3808 2019 3862 lum
2065 3807 2270 3869 vicum,
2306 3819 2428 3860 eme
2466 3815 2686 3865 carnes,
2724 3790 3357 3867 circumponecorpor't
3398 3796 3498 3845 tuo

1909 3896 2080 3956 nudo,
2133 3895 2326 3964 sicque
2375 3892 2485 3946 huc
2516 3891 2661 3945 veni.
2688 3888 2825 3942 Cum
2860 3898 2993 3956 ergo
3020 3880 3350 3944 ita.,fecisset
3379 3876 3495 3932 fra-

1912 3996 2014 4050 ter,
2044 4000 2208 4039 cancs
2255 3991 2419 4053 atque
2461 3996 2590 4036 aves
2626 3992 2830 4048 corpus
2869 3977 2992 4043 ejus
3020 3972 3361 4031 lacerabant.
3391 3967 3498 4024 0c-

1911 4083 2164 4130 currente
2194 4078 2377 4126 autem
2399 4071 2494 4123 illo
2527 4069 2594 4121 ad
2623 4081 2836 4129 senem,
2866 4061 3229 4132 interrogavit
3262 4073 3391 4114 num
3415 4057 3499 4112 fc—

1912 4162 2076 4217 cisset
2128 4167 2189 4213 ut
2236 4159 2341 4228 ipsi
2383 4154 2678 4211 consilium
2726 4151 2973 4207 dederat.
3016 4148 3084 4202 Et
3127 4153 3415 4218 postquam
3449 4144 3498 4199 is

1913 4252 2248 4309 ostendisset
2295 4263 2497 4318 corpus
2543 4259 2704 4301 suum
2736 4241 3144 4319 vdilaceratum,
3170 4236 3248 4297 ait
3272 4244 3498 4298 sanctus

1918 4342 2187 4398 Antonius
2222 4359 2237 4395 :
2270 4338 2376 4404 Qui
2428 4334 2634 4390 mundo
2675 4330 3154 4393 renuntiaverunt,
3198 4324 3500 4394 voluntquo

1916 4433 2116 4487 habere
2139 4429 2421 4501 pecunias,
2443 4427 2591 4480 hunc
2620 4424 2678 4479 in
2707 4421 2933 4483 modum
2966 4434 3000 4475 a
3024 4413 3364 4480 daemonibus
3396 4413 3502 4476 imo

210 4514 369 4584 εχειν
405 4518 695 4593 χρήματα,
742 4516 917 4584 οὕτως
956 4519 1065 4573 ἀπὸ
1114 4520 1229 4578 τῶν
1272 4520 1542 4592 δαιμόνων
1580 4523 1798 4578 κατακό-

1921 4523 2143 4596 pugnati
2173 4520 2585 4588 discerpuntur.

208 4620 449 4660 πτονται
486 4608 727 4678 τυολεμού
736 4625 911 4678 μενοι.

285 4703 403 4750 κω.
455 4698 699 4769 Ἀδελφῷ
729 4717 856 4753 ποτε
887 4702 1084 4775 συνέϐη
1115 4704 1419 4779 πειρασμὸς
1449 4705 1528 4768 εἰς
1549 4705 1609 4758 τὸ
1641 4703 1816 4759 κοινό⁴

210 4785 339 4840 ὄιον
374 4788 473 4842 τοῦ
498 4789 648 4844 ἁϐϐᾶ
689 4792 836 4845 Ἦλίτ
870 4794 914 4825 ὀ
934 4809 951 4825 '
976 4796 1069 4847 xci.
1084 4795 1331 4867 διωχθεὶς
1347 4795 1553 4850 ἐκεῖθεν
1576 4798 1817 4869 ἀπῆλθεν

212 4880 298 4942 εἰς
330 4880 466 4952 ὅρος
510 4882 648 4954 πρὸς
692 4883 784 4938 τὸν
833 4885 1008 4939 ἀϐϐἄν
1048 4888 1350 4942 Ἄντώνιον.
1391 4888 1501 4941 Καὶ
1540 4889 1819 4958 μείναντος

211 4969 315 5022 τοῦ
344 4972 585 5042 ἀδελφοῦ
615 4975 805 5046 χρόνον
831 4977 967 5047 πρὸς
1000 4978 1184 5042 αὐτὸν,
1212 4978 1528 5032 ἀπέστειλεν
1559 4977 1718 5031 αὐτὸν
1738 4980 1818 5043 εἰς

216 5060 281 5112 τὸ
319 5063 597 5117 κοινόϐιον
639 5064 760 5120 ὅθεν
793 5065 974 5137 ἐξέϐη.
1012 5069 1076 5120 Οἱ
1107 5068 1164 5120 δὲ
1205 5069 1406 5131 ἰδόντες
1446 5069 1628 5132 αὐτὸν,
1656 5069 1818 5124 πάλιν

221 5149 488 5219 ἐδίωξαν·
534 5155 565 5207 6
612 5155 670 5210 δὲ
698 5156 983 5229 ἀνέκαμψε
1007 5159 1142 5232 πρὸς
1178 5159 1269 5214 τὸν
1301 5159 1474 5217 ἀϐϐἄν
1512 5160 1818 5226 Ἀντώνιον,

224 5239 437 5312 λέγων’
471 5240 591 5302 οὐκ
619 5238 893 5320 ἠθέλησαν
925 5269 993 5321 με
1020 5250 1296 5317 δέξασθαι,
1324 5251 1528 5322 Πάτερ.
1548 5251 1821 5304 Ἀπέστει-

229 5329 323 5387 λεν
342 5332 438 5391 οὖν
474 5340 505 5392 6
537 5339 719 5411 γέρων
758 5340 934 5410 λέγων
954 5359 969 5373 ·
1022 5341 1213 5395 Πλοῖον
1260 5341 1598 5411 ἐναυάγησεν
1639 5343 1697 5395 ἐν
1743 5341 1820 5412 τῷ

233 5424 475 5496 ⁸ιτεὶλὶγει,
504 5430 601 5485 καὶ
634 5429 886 5485 ἀπώλεσε
913 5432 1005 5485 τὸν
1032 5433 1221 5503 γόμον,
1258 5433 1353 5486 καὶ
1383 5431 1521 5504 μετὰ
1572 5432 1821 5503 καμάτου

1926 4684 1929 4687 ’
1987 4701 2074 4757 21.
2118 4698 2229 4771 (56)
2269 4690 2832 4767 Contigitaliquando
2858 4686 3016 4745 fratri
3035 4685 3271 4742 tentatio
3300 4682 3355 4738 in
3384 4696 3502 4738 coe-

1920 4792 2086 4848 nobio
2109 4791 2322 4846 abbatis
2345 4788 2508 4853 Elim;
2540 4801 2605 4840 ac
2628 4783 2894 4854 expulsus
2927 4778 3076 4844 inde,
3106 4777 3240 4833 abiit
3268 4775 3324 4829 in
3346 4788 3503 4828 mon—

1922 4892 2028 4939 tem
2089 4882 2159 4937 ad
2223 4882 2472 4936 abbatem
2537 4875 2861 4934 Antonium.
2900 4871 3151 4940 Cumque
3205 4866 3503 4922 mansisset

1924 4975 2067 5047 apud
2094 4990 2216 5030 eum
2249 4973 2418 5028 frater
2455 4985 2552 5041 per
2590 4967 2815 5040 aliquod
2839 4972 3077 5032 tempus,
3106 4959 3321 5015 remisit
3346 4957 3503 5047 illum

1926 5044 1978 5118 in
2026 5062 2341 5118 coenobium
2401 5058 2544 5115 unde
2599 5071 2857 5129 egressus
2894 5053 3094 5108 fuerat.
3126 5050 3199 5102 At
3242 5044 3504 5101 monachi

1924 5156 2103 5226 ipsum
2155 5152 2589 5220 intuiti,_iterum
2622 5152 2945 5219 ejccerunt;
2979 5143 3026 5198 is
3056 5155 3186 5198 vero
3219 5137 3287 5193 ad
3330 5137 3504 5191 abba.

1926 5257 2031 5300 tem
2088 5244 2385 5297 Antonium
2438 5256 2693 5296 reversus
2723 5248 2831 5303 est,
2865 5234 3113 5305 dixitque
3147 5250 3161 5285 :
3194 5228 3505 5283 Noluerunt
3580 5240 3585 5245 ·

1926 5355 2014 5396 me
2057 5337 2358 5408 suscipere,
2388 5333 2567 5393 Pater.
2605 5332 2789 5403 Itaque
2843 5328 2998 5385 misit
3045 5338 3234 5386 senex,
3263 5320 3502 5374 dicens:

1928 5428 2094 5486 Navis
2124 5429 2178 5485 in
2212 5429 2402 5499 pelago
2432 5424 2776 5495 naufragium
2827 5420 2976 5483 fecit,
3012 5414 3306 5488 amisitque
3352 5419 3505 5462 mer-

304 5539 440 5616 _'_Al_.
470 5545 642 5601 inser.
674 5544 783 5601 ἀεὲ.
862 5545 980 5616 εΛΙ.
1006 5546 1361 5616 εἰσερχόμενα
1391 5546 1469 5609 εἰς
1489 5545 1685 5612 αὐτοὺς
1715 5548 1798 5603 ἐλά

1907 5562 1956 5602 ν.
2030 5548 2050 5581 "
2085 5546 2170 5600 Al.
2204 5546 2315 5608 τοῖς
2344 5540 2611 5610 ἀδελφοῖς.
2687 5538 2710 5571 ⁸
2736 5536 2821 5592 Al.
2854 5530 2981 5589 add.
3007 5530 3103 5587 καὶ
3122 5527 3272 5597 λέγει
3291 5521 3500 5587 αὐτοῖς.

244 5599 267 5631 ³
291 5611 374 5668 Al.
405 5599 656 5672 δύνασθε.
682 5599 704 5601 ”
737 5599 783 5649 ιδ
816 5615 1020 5670 Ἡλίου.
1100 5599 1366 5671 ii"nauita.
1402 5599 1466 5669 ν’
1487 5616 1579 5698 59..
1612 5626 1617 5630 θ

364 5724 416 5784 5)
473 5726 574 5781 νει.
608 5724 771 5782 Patr.
804 5740 877 5783 Iv.
908 5723 960 5786 1.

328 5795 415 5869 36)
461 5796 564 5855 Vit.
604 5797 762 5855 Patr.
799 5810 880 5863 tv,
912 5794 1000 5851 lt.

1998 5718 2109 5789 ('55)
2291 5714 2443 5789 Ratr.
2479 5726 2560 5769 ιιι.
2594 5709 2692 5789 (ξ8;
2723 5722 2793 5778 tv,
2832 5705 2886 5767 1.

2002 5781 2113 5860 {56)
2166 5787 2269 5840 Vit.
2301 5784 2454 5839 I’atr.
2498 5781 2656 5851 1x,l.
