4034 6340
537 349 607 404 85
1702 342 2043 398 APPENDIX
2080 345 2124 398 A

2246 344 2552 402 'ALLADIU
2564 347 2633 401 Η.
3729 356 3798 409 84

537 482 633 522 ces
677 482 828 530 suas,
861 477 915 521 ct
956 467 1044 520 vix
1078 466 1132 519 in
1163 473 1363 518 terram
1390 459 1536 515 salva
1567 457 1810 526 appulit;
1855 473 1951 511 vos
1982 472 2112 511 vero

2247 460 2394 532 σώθη
2427 462 2520 514 ἐπὶ
2546 463 2645 533 τὴν
2674 463 2778 533 γῆν
2796 479 2808 494 ⁸
2839 463 2994 534 ὑμεῖς
3014 462 3069 519 δὲ
3095 463 3162 517 τὰ
3195 463 3434 518 σωθέντα
3455 463 3549 517 ἐπὶ
3575 463 3676 535 τὴν
3695 465 3800 536 γῆν

535 573 661 628 qua:
689 559 757 613 ad
795 567 996 612 terram
1029 563 1242 610 servata
1275 553 1493 605 fuerunt
1530 548 1694 603 vultis
1734 549 2107 616 submergere.

538 651 621 707 illi
674 666 838 722 porro
889 647 1282 716 comperientes
1329 639 1475 711 quod
1518 641 1587 694 ab
1632 639 1829 694 abbate
1881 641 2113 693 Antonio

539 743 746 798 missus
785 740 999 800 fuisset,
1033 736 1212 791 statim
1248 747 1373 788 eum
1411 738 1756 800 receperunt.
1804 788 1808 792 _

609 834 698 890 22.
743 832 856 903 (57)
900 830 1042 883 Dixit
1098 826 1266 881 abbas
1319 823 1592 878 Antonius
1638 841 1652 877 :
1701 823 1912 892 Reputo
1967 823 2112 892 quod

545 941 742 995 corpus
777 924 970 977 habeat
1002 919 1297 972 mOtionem
1331 917 1636 970 naturalem
1666 916 1768 986 ipsi
1804 922 2114 983 contempe-

545 1025 740 1078 ratam,
767 1015 859 1070 sed
914 1013 1137 1066 nolente
1188 1011 1392 1074 animo,
1423 1025 1532 1064 non
1581 1018 1872 1079 operatur;
1901 1017 2113 1061 tantum

539 1107 745 1160 indicat
779 1105 832 1157 in
861 1117 1093 1172 corpore
1122 1108 1329 1156 motum
1360 1101 1479 1155 sine
1504 1100 1776 1169 passione.
1809 1098 1904 1152 Est
1931 1106 2112 1151 autem

529 1207 592 1251 'et
633 1197 739 1249 alia
787 1195 978 1257 motio,
1011 1208 1078 1246 ex
1121 1191 1423 1246 nutritione
1467 1192 1820 1258 fomentoque
1867 1189 2115 1259 corporis

538 1301 635 1356 per
667 1285 852 1339 cibum
885 1299 949 1338 ac
983 1291 1212 1354 potum;
1250 1281 1396 1336 unde
1424 1281 1710 1352 sanguinis
1741 1280 1892 1335 calor
1915 1295 2115 1349 corpus

536 1379 739 1434 excitat
768 1378 836 1431 ad
863 1376 1259 1446 operationem.
1292 1373 1473 1440 Quare
1506 1373 1804 1442 Apostolus
1847 1372 2070 1442 scripsit
2098 1389 2111 1424 :

533 1466 723 1524 .Nolite
751 1467 1006 1520 inebriari
1031 1467 1168 1530 vino,
1197 1465 1249 1518 in
1278 1480 1379 1534 quo
1415 1471 1492 1516 est
1515 1462 1830 1517 luxuriam.
1856 1461 2118 1516 Rursum-

538 1577 647 1631 que
692 1560 958 1614 Dominus
1008 1557 1062 1611 in
1113 1556 1407 1626 Evangelia
1452 1554 1741 1625 discipulis
1791 1553 2117 1623 praecipiens

539 1656 726 1710 dixit:
771 1653 968 1716 Videte,
1005 1667 1068 1705 ne
1119 1650 1254 1719 forte
1299 1655 1584 1718 graventur
1635 1646 1797 1700 corda
1849 1657 2021 1700 vestra
2064 1646 2118 1698 in

2220 551 2402 605 θέλετε
2435 554 2848 609 καταποντίσαι.
2885 555 2946 606 Oi
2994 555 3051 608 δὲ
3091 555 3421 618 ἀκούσαντες
3447 557 3530 609 ὅτι
3565 558 3594 610 6
3626 556 3804 621 ἀϐϐἆς

2233 643 2514 708 Ἀντώνιος
2564 645 2725 700 αὐτὸν
2772 645 3109 713 ἀπέστειλεν,
3153 646 3356 710 εὐθέως
3402 647 3649 716 ἐδέξαντο
3698 650 3802 704 αὺ-

2218 737 2329 791 τόν.

2290 830 2392 899 κβ’.
2436 827 2601 884 Εἶπεν
2631 834 2658 884 6
2696 831 2869 894 ἀϐϐᾶς
2906 830 3187 895 Ἀντώνιος
3207 849 3220 861 ·
3249 831 3549 902 Λογίζομαι
3575 833 3657 886 ὅτι
3691 833 3806 903 ἔχει

2218 921 2279 974 τὸ
2306 922 2466 992 σῶμα
2491 921 2702 994 κίνησιν
2731 924 2968 994 φυσικὴν
3000 926 3466 995 συναναφυρεῖσαν
3487 924 3662 994 αύτῷ-
3687 923 3804 978 ἀλλ’

2221 1013 2320 1066 οὐκ
2355 1015 2585 1084 ἐνεργεῖ,
2627 1016 2701 1086 μὴ
2754 1015 3012 1085 θελούσης
3044 1016 3143 1088 τῆς
3170 1017 3346 1088 ψυχῆς
3372 1033 3384 1045 ·
3429 1019 3588 1086 μόνον
3616 1017 3674 1070 δὲ
3707 1035 3810 1088 ση-

2224 1105 2404 1174 μαίνει
2435 1109 2492 1158 ὲν
2524 1106 2602 1178 τῷ
2633 1105 2842 1176 σώματι
2868 1107 3050 1177 ἀπαθῆ
3079 1108 3476 1178 κίνησιν.Ἐστι
3503 1107 3559 1160 δὲ
3589 1108 3683 1161 καὶ⁵
3713 1108 3811 1163 ἀλ-

2219 1195 2286 1266 λη
2312 1194 2542 1262 κίνησις,
2568 1197 2633 1249 ὲκ
2659 1197 2754 1249 τοῦ
2781 1198 2999 1270 τρέφειν
3026 1198 3121 1252 καὶ
3141 1197 3366 1252 θάλπειν
3389 1199 3449 1252 τὸ
3481 1198 3640 1270 σῶμα
3667 1198 3810 1270 βρώ-

2225 1303 2357 1358 μασι
2394 1289 2486 1340 καὶ
2506 1288 2742 1358 πόμασιν
2763 1305 2777 1318 ο
2807 1289 2866 1353 ἐξ
2891 1283 2964 1342 ὧν
2993 1291 3026 1361 ἡ
3053 1288 3228 1361 Θέρμη
3252 1289 3345 1343 τοῦ
3367 1290 3597 1361 αἵματος
3615 1290 3814 1358 διεγεί-

2227 1395 2306 1447 ρει
2331 1379 2393 1432 τὸ
2426 1379 2584 1451 σῶμα
2615 1382 2749 1452 πρὸς
2779 1382 3073 1451 ἐνέργειαν.
3113 1381 3206 1435 Διὸ
3241 1382 3334 1434 καὶ
3377 1381 3559 1450 ἔλεγεν
3585 1384 3612 1434 6
3647 1382 3812 1436 Ἀπό-

2226 1468 2437 1533 στολος·
2473 1471 2570 1538 Μὴ
2599 1472 2980 1539 μεθύσκεσθε
3015 1469 3262 1534 circini?
3289 1462 3337 1536 ᾧ
3365 1471 3538 1524 ἐστιν
3557 1471 3808 1526 ἀσωτία.

2223 1559 2334 1612 Καὶ
2359 1559 2518 1612 πάλιν
2548 1562 2576 1612 6
2605 1559 2808 1632 Κύριος
2838 1560 2895 1613 ὲν
2919 1560 2997 1632 τῷ
3030 1561 3346 1630 Εὑαγγελίῳ
3380 1564 3492 1623 τοῖς
3543 1561 3811 1631 μαθηταῖς

2225 1649 2601 1720 ἐντελλόμενος
2637 1647 2756 1705 εἶπε
2777 1669 2789 1680 ·
2821 1651 3084 1706 Βλέπετε
3129 1651 3363 1723 μήποτε
3385 1652 3738 1721 βαρηθῶσιν
3766 1653 3812 1686 ⁸³

541 1746 760 1814 crapula
813 1754 862 1799 et
907 1742 1236 1799 ebrietate".
1269 1739 1368 1796 Est
1401 1748 1456 1795 et
1479 1740 1586 1794 alia
1615 1740 1788 1794 motio
1835 1738 1890 1792 in
1926 1739 1993 1793 iis
2025 1737 2115 1808 qui

2246 1742 2393 1812 ἱνμῶν
2419 1745 2480 1797 αἱ
2519 1743 2755 1812 καρδίαι
2797 1743 2866 1797 ἐν
2891 1743 3191 1814 κραιπάλῃ
3228 1745 3327 1798 καί
3361 1743 3534 1814 μέθῃ.
3557 1744 3715 1798 Ἔστι
3754 1743 3814 1798 δέ

543 1841 599 1893 in
633 1838 795 1908 hujus
825 1837 949 1892 vitae
977 1850 1150 1906 agone
1175 1833 1480 1897 decertant,
1513 1846 1636 1902 qua:
1680 1847 1747 1886 ex
1795 1829 2010 1886 insidiis
2053 1843 2117 1882 ac

2246 1852 2303 1898 ἰς
2332 1836 2423 1888 καὶ
2451 1836 2614 1906 ἑτέρα
2640 1835 2854 1906 κίνησις
2896 1837 3007 1898 τοῖς
3032 1835 3470 1906 ἀγωνιζομένοις,
3503 1833 3561 1900 ἐξ
3591 1834 3813 1886 ὲπιὸουο

543 1927 747 1982 invidia
770 1927 1079 1981 dzemouum
1124 1923 1457 1994 supervenit.
1489 1920 1676 1991 itaque
1707 1921 1850 1976 scire
1880 1927 2114 1990 oportet,
2159 1933 2164 1937 λ

543 2026 658 2072 tres
709 2031 830 2072 esse
881 2015 1198 2086 corporales
1265 2023 1483 2079 motus;
1539 2028 1709 2067 unum
1771 2011 2117 2076 naturalem,

545 2109 715 2163 alium
747 2123 812 2163 ex
851 2109 1168 2178 promiscuo
1199 2122 1307 2162 usu
1336 2106 1605 2170 ciborum,
1637 2105 1855 2160 tertium
1887 2102 2121 2173 denique

546 2217 575 2254 a
609 2200 965 2255 daemonibus.

614 2293 708 2346 23.
751 2293 861 2364 (58)
904 2291 1049 2345 Dixit
1087 2291 1304 2357 iterum,
1331 2288 1502 2345 Deum
1531 2303 1640 2342 non
1667 2285 1955 2342 demittere
1982 2283 2124 2338 bella

545 2383 990 2452 tentationesque
1042 2382 1098 2435 in
1151 2389 1366 2436 aetatem
1429 2381 1592 2444 hanc,
1658 2374 2122 2448 quemadmodum

546 2472 691 2541 apud
727 2472 983 2540 antiquos
1016 2490 1029 2525 :
1067 2471 1212 2527 scire
1241 2470 1388 2525 enim
1416 2469 1667 2524 homines
1697 2481 1846 2522 nunc
1876 2465 2126 2520 inﬁrmos

546 2581 694 2628 esse,
731 2580 831 2618 nec
865 2578 1025 2634 posse
1055 2571 1297 2633 portare.

613 2657 707 2710 24.
751 2655 1070 2709 Revelatum
1100 2661 1184 2708 est
1222 2655 1275 2707 in
1312 2653 1606 2708 solitudine
1651 2651 1833 2706 abbati
1865 2649 2125 2711 Antonio,

547 2763 672 2802 esse
706 2746 940 2815 aliquem
970 2745 1024 2797 in
1061 2744 1194 2798 urbe
1221 2743 1322 2812 ipsi
1355 2744 1611 2806 similem,
1645 2741 1986 2812 professione
2015 2754 2130 2794 me-

551 2840 760 2900 dicum,
789 2839 881 2906 qui
915 2835 1179 2906 quidquid
1208 2833 1468 2904 superﬂui
1510 2833 1826 2904 possidebat
1854 2831 2011 2884 daret
2044 2830 2128 2882 in-

551 2927 886 2999 digentibus,
916 2935 970 2981 et
1002 2925 1248 2996 quotidie
1267 2924 1577 2996 Trisagium
1606 2937 1730 2978 cum
1756 2921 1962 2992 angelis
1985 2919 2132 2990 psal-

553 3023 710 3076 lcrct.

2221 1926 2322 1995 λῆς
2349 1928 2443 1979 καὶ
2480 1926 2674 1995 φθόνου
2707 1925 2977 1996 δαιμόνων
3015 1925 3395 1996 ὲπιγινομένη,
3432 1925 3572 1978 ὥστε
3612 1924 3813 1977 εἰδέναι

2222 2017 2318 2082 δεῖ,
2352 2018 2434 2070 ὅτι
2471 2019 2616 2088 τρεῖς
2651 2018 2757 2070 εἱσι
2788 2017 3100 2087 σωματικαὶ
3136 2018 3402 2087 κινήσεις,
3450 2015 3550 2086 μία
3584 2015 3685 2085 μὲν
3714 2030 3815 2082 φυ-

2227 2107 2374 2176 σικὴ,
2396 2106 2559 2175 ἑτέρα
2582 2105 2639 2158 δὲ
2660 2105 2720 2170 ἐξ
2745 2104 3066 2178 ἀδιαφορίας
3090 2104 3308 2176 τροφῶν
3337 2104 3472 2176 (40),
3508 2106 3543 2176 ἡ
3571 2104 3628 2156 δὲ
3653 2102 3814 2174 τρίτη

2226 2198 2334 2252 ἀπὸ
2362 2197 2649 2267 δαιμόνων.

2298 2295 2403 2357 κγ’.
2447 2283 2579 2342 Εἷπε
2610 2287 2791 2354 πάλιν,
2823 2288 2906 2341 ὃτι
2947 2289 2974 2342 6
3015 2286 3146 2351 Θεὸς
3173 2287 3272 2340 οὐκ
3296 2286 3446 2356 ἀφίει
3483 2286 3612 2349 τοὺς
3649 2282 3814 2338 πολέα

2231 2397 2362 2451 μους
2402 2380 2492 2432 ἐπὶ
2536 2379 2635 2450 τὴν
2664 2378 2855 2447 γενεὰν
2899 2376 3126 2447 ταύτην,
3164 2375 3352 2447 ὥσπερ
3407 2376 3501 2428 ἐπὶ
3547 2373 3658 2427 τῶν
3710 2375 3813 2442 ἀρε

2227 2471 2415 2542 χαίων.
2449 2466 2570 2524 Οἵδε
2605 2471 2713 2542 γὰρ
2741 2471 2822 2524 ὅτι
2859 2468 3104 2532 ἀσθενεῖς
3152 2469 3258 2521 εἰσι
3292 2466 3385 2521 καὶ
3417 2466 3476 2519 οὐ
3515 2462 3817 2536 βαστάζου-

2231 2581 2333 2617 σιν.

2301 2653 2399 2705 κδ’.
2443 2652 2532 2722 Τῷ
2565 2652 2708 2722 ἅὸὁᾷ
2737 2651 3005 2722 ’Λντωνίῳ
3032 2647 3392 2719 ἀπεκαλύφθη
3422 2648 3480 2702 εν
3507 2649 3573 2718 τῇ
3600 2647 3814 2720 ἐρήμῳ,

2230 2743 2312 2796 ὅτι
2357 2743 2447 2795 Ἐν
2480 2744 2546 2813 τῇ
2575 2742 2728 2794 πόλει
2757 2743 2873 2794 ἐστι
2895 2759 2980 2804 τις
3006 2740 3192 2810 ὅμοιός
3225 2755 3327 2800 σοι,
3359 2738 3541 2809 ἰατρὸς
3567 2738 3664 2808 τὴν
3695 2737 3842 2793 ἔπιε,

2234 2836 2468 2904 στήμην,
2513 2833 2610 2904 τὴν
2667 2833 2980 2905 περισσείαν
3024 2830 3188 2885 αὑτοῦ
3238 2830 3415 2894 διδοὺς
3468 2830 3581 2890 τοῖς
3626 2829 3822 2898 χρείαν

2232 2923 2435 2994 ἔχουσι,
2463 2925 2555 2978 καὶ
2588 2924 2770 2976 πᾶσαν
2814 2922 2910 2994 τὴν
2944 2921 3158 2994 ἡμέραν
3182 2920 3245 2973 τὸ
3275 2917 3568 2990 Τρισάγιον
3601 2916 3823 2986 ψάλλων

2239 3017 2377 3088 μετὰ
2405 3015 2516 3070 τῶν
2553 3014 2821 3083 ἀγγέλων.

625 3111 718 3165 25.
757 3110 972 3164 Dictum
999 3107 1212 3163 abbatis
1241 3106 1454 3163 Antonii
1494 3123 1508 3161 :
1543 3102 1709 3162 Venit
1756 3111 1994 3173 tempus,
2022 3117 2129 3172 quo

2307 3113 2404 3162 κε’.
2445 3105 2613 3160 Εἶπεν
2651 3109 2678 3160 6
2710 3106 2885 3169 ἀϐὃᾶς
2921 3102 3234 3169 Ἀντώνιος,
3283 3103 3365 3156 ὅτι
3397 3103 3655 3174 Ἔρχεται
3699 3116 3825 3153 και-

557 3201 810 3257 bomines
865 3200 1160 3261 insanient,
1192 3204 1247 3253 et
1292 3210 1414 3250 cum
1449 3195 1686 3250 viderint
1732 3195 1968 3264 aliquem
2023 3208 2129 3246 non

554 3286 832 3356 insanum,
866 3292 1154 3360 iusurgent
1187 3289 1450 3342 adversus
1481 3287 1657 3350 illum,
1691 3286 1938 3340 dicentes
1987 3305 2001 3340 :
2051 3283 2133 3336 Tu

557 3383 802 3444 insanis;
836 3397 900 3436 eo
933 3380 1080 3451 quod
1102 3379 1236 3449 ipsis
1267 3377 1462 3434 similis
1488 3391 1597 3431 non
1630 3377 1720 3431 sit.

628 3473 719 3529 ‘26.
763 3471 986 3526 Fratres
1016 3479 1389 3525 convenerunt
1438 3469 1688 3523 abbatem
1714 3467 2036 3532 Antonium,
2073 3481 2136 3521 ac

559 3563 908 3632 protulerunt
956 3561 1034 3615 illi
1085 3559 1459 3615 testimonium
1492 3557 1810 3613 eLevitico.
1868 3557 2136 3628 Egressus

565 3657 752 3723 itaque
793 3660 878 3708 est
925 3667 1088 3708 senex
1136 3653 1193 3706 in
1241 3665 1508 3717 eremum,
1535 3651 1675 3704 clam
1717 3659 1976 3720 sequente
2010 3667 2134 3706 eum

565 3745 761 3799 abbate
783 3746 1068 3808 Ammona,
1097 3744 1189 3814 qui
1213 3742 1660 3799 consuetudinem
1695 3742 1867 3812 ipsius
1890 3750 2133 3796 noverat.

567 3834 634 3886 Et
683 3834 874 3904 procul
928 3849 1096 3889 senex
1146 3832 1449 3903 profectus,
1485 3844 1640 3888 stans
1684 3833 1752 3886 ad
1807 3834 2132 3896 orationem,

565 3929 822 3982 clamavit
855 3943 987 3984 voce
1017 3943 1211 3999 magna
1240 3947 1254 3983 ε
1284 3926 1450 3992 Deus,
1481 3928 1701 4000 Moysen
1729 3931 1900 3993 mitte,
1930 3929 2022 3999 qui
2051 3944 2137 3984 me

564 4020 759 4075 doceat
788 4020 840 4075 id
871 4021 1175 4075 oraculum.
1210 4020 1348 4074 Tum
1393 4020 1542 4074 venit
1593 4019 1659 4074 ad
1704 4036 1826 4076 eum
1871 4036 1976 4074 vox
2012 4035 2137 4074 cum

563 4112 688 4182 ipso
735 4113 1072 4181 colloquens.
1104 4111 1250 4165 Dixit
1304 4111 1467 4181 igitur
1516 4111 1685 4166 abbas
1729 4110 2052 4176 Ammonas,
2081 4125 2140 4166 se

559 4201 778 4272 quidem
807 4201 1047 4257 audiisse
1076 4218 1264 4258 vocem
1292 4217 1415 4256 cum
1447 4202 1567 4272 ipso
1589 4203 1923 4272 loquentem,
1948 4218 2138 4257 verum

563 4293 840 4350 sermonis
869 4294 979 4347 vim
1019 4309 1128 4347 non
1161 4293 1519 4347 intellexisse.

633 4387 725 4440 2³1.
767 4384 904 4439 Tres
931 4383 1122 4438 Patres
1156 4384 1406 4438 solebant
1442 4382 1673 4451 singulis
1703 4383 1860 4439 annis
1903 4383 1969 4438 ad
2013 4384 2140 4438 bea-

2239 3197 2352 3269 ρὸς,
2383 3197 2469 3250 ἵνα
2497 3199 2546 3250 οἱ
2579 3195 2853 3266 ἄνθρωποι
2885 3193 3117 3265 μανῶσι,
3142 3195 3235 3246 καὶ
3258 3192 3394 3245 ἐπὰν
3425 3192 3574 3246 ἴδωσί
3598 3208 3718 3244 τινα
3745 3190 3824 3260 μὴ

2237 3288 2582 3359 μαινόμενον,
2617 3289 3079 3358 ἐπαναστήσονται
3123 3285 3271 3356 αὐτῷ
3310 3285 3577 3354 λέγοντες,
3621 3284 3705 3337 ὅτι
3748 3284 3825 3337 Σὺ

2239 3379 2426 3450 μαίνῃ,
2457 3379 2544 3432 διὰ
2572 3379 2630 3432 τὸ
2667 3379 2742 3450 μὴ
2768 3375 2909 3432 εἶναι
2942 3379 3128 3450 ὅμοιον
3161 3380 3366 3442 αὐτοῖς.

2311 3476 2423 3536 κς’.
2478 3469 2722 3539 Ἀδελφώ⁹
2757 3470 3064 3541 παρέϐαλον
3108 3469 3187 3540 τῷ
3218 3469 3360 3539 ἀϐὁᾷ
3400 3467 3696 3539 Ἀντωνίῳ,
3727 3469 3828 3522 καὶ

2242 3559 2395 3617 εἷπον
2427 3563 2577 3634 αὐτῷ
2610 3565 2760 3635 ρῆμα
2791 3562 2885 3616 τοῦ
2920 3560 3497 3632 Λευῖτικοῧ.“Εξῆλθεν
3534 3557 3627 3615 οὖν
3664 3565 3693 3616 ὁ
3731 3563 3830 3630 γέ-

2241 3676 2349 3731 ρων
2399 3659 2479 3722 είς
2523 3657 2621 3728 τὴν
2676 3656 2900 3728 ἔρημον,
2932 3657 3024 3710 καὶ
3071 3654 3434 3725 ἠκολούθησεν
3463 3652 3612 3723 αύτῷ
3651 3653 3830 3716 ἀὸὅᾶς

2250 3751 2543 3820 Ἀμμωνᾶς
2589 3750 2793 3821 κρυφῆ,
2829 3748 2984 3811 εἰδὼς
3024 3746 3122 3818 τὴν
3173 3746 3458 3818 συνήθειαν
3488 3744 3674 3799 αὑτοῦ.
3717 3747 3832 3798 Καὶ

2243 3841 2525 3912 μακρύνας
2551 3841 2684 3893 πολὺ
2714 3843 2743 3893 6
2777 3841 2976 3910 γέρων,
3009 3837 3141 3901 στὰς
3176 3839 3254 3901 εἰς
3287 3837 3598 3908 προσευχὴν
3626 3835 3831 3907 Exporge.

2240 3937 2389 4004 φωνῇ
2423 3932 2666 4004 μεγάλῃσ
2706 3931 2764 3986 '0
2797 3931 2950 3993 Θεὸς,
2981 3929 3297 3984 ἀπόστειλον
3330 3929 3421 3982 τὸν
3446 3929 3707 3998 Μωῦσῆν,
3734 3930 3834 3982 καὶ

2240 4024 2438 4091 διδάξει
2477 4041 2544 4095 με
2575 4023 2636 4076 τὸ
2667 4025 2818 4094 ῥῆμα
2847 4022 3024 4076 τοῦτο.
3053 4022 3162 4074 Καὶ
3187 4017 3350 4092 ἦλθεν
3376 4018 3527 4089 αὑτῷ
3557 4017 3708 4089 φωνὴ
3734 4018 3835 4071 λα-

2241 4116 2407 4170 λοῦσα
2445 4117 2558 4186 μετ’
2586 4114 2772 4170 αὐτοῦ.
2802 4110 2970 4168 Εἶπεν
2999 4110 3093 4168 οὖν
3123 4115 3152 4166 6
3182 4111 3356 4175 ἀὸϐᾶς
3390 4111 3704 4181 Ἀμμωνᾶς,
3746 4111 3833 4164 ὃτι

2242 4207 2350 4278 Τὴν
2384 4207 2480 4277 μὲν
2513 4206 2695 4276 φωνὴν
2722 4205 2932 4275 ἥκουσα
2959 4203 3057 4276 τὴν
3084 4201 3353 4257 λαλοῦσαν
3383 4200 3501 4273 μετ’
3527 4198 3835 4269 αὑτοῢ,τὴν

2243 4299 2299 4352 δὲ
2330 4298 2561 4367 δύναμιν
2593 4295 2684 4350 τοῦ
2715 4296 2873 4362 λόγου
2905 4297 3005 4348 οὐκ
3034 4294 3256 4364 ἔμαθον.

2315 4390 2416 4454 κζ’.
2457 4391 2619 4462 Τρεῖς
2667 4389 2774 4443 τῶν
2828 4386 3088 4458 Πατέρων
3116 4383 3259 4456 εἶχον
3288 4384 3407 4449 ἔθος
3433 4385 3552 4438 κατ’
3579 4380 3832 4436 ἐνιαυτὸν

565 4484 680 4529 tum
708 4473 1006 4526 Antonium
1039 4471 1348 4541 proficisci;
1385 4486 1450 4525 ac
1496 4471 1605 4526 duo
1639 4473 1859 4542 quidem
1889 4474 2129 4529 sciscita-

2246 4478 2478 4545 ὑπάγειν
2517 4477 2652 4550 πρὸς
2699 4477 2790 4531 τὸν
2833 4476 3100 4547 μακάριον
3145 4472 3457 4528 Ἀντώνιον·
3487 4473 3581 4526 καὶ
3629 4474 3678 4525 oi
3732 4471 3835 4542 μὲν

569 4567 767 4620 bantur
803 4564 977 4633 ipsum
1011 4563 1079 4618 de
1108 4562 1540 4633 cogitationibus
1585 4571 1640 4617 et
1683 4565 1863 4620 salute
1908 4566 2141 4630 animae;

571 4657 765 4712 tertius
805 4671 953 4720 vero,
986 4655 1200 4710 tacebat
1239 4656 1484 4720 omnino,
1517 4670 1620 4710 nec
1660 4656 1957 4725 quidquam
1986 4671 2149 4728 roga-

569 4749 685 4800 bat.
716 4747 900 4815 Itaque
925 4754 1048 4816 post
1082 4747 1310 4800 multum
1339 4753 1577 4816 tempus,
1615 4748 1691 4801 ait
1717 4746 1792 4800 illi
1830 4747 2000 4802 abbas
2031 4747 2146 4801 An»

2245 4568 2339 4622 δύο
2371 4567 2604 4639 ἠρώτων
2632 4566 2793 4620 αὑτὸν
2819 4566 2948 4637 περὶ
2971 4563 3248 4635 λογισμῶν
3290 4564 3386 4618 καὶ⁵
3424 4560 3696 4633 σωτηρίας
3727 4560 3838 4629 ψυ-

2248 4659 2379 4728 χῆς·
2424 4660 2451 4711 6
2491 4657 2547 4710 δὲ
2593 4653 2673 4721 εἷς
2704 4654 2945 4710 πάντα¹¹⁵
2969 4653 3181 4708 ἐσιώπα
3213 4652 3376 4724 μηδὲν
3405 4650 3642 4723 ἐρωτῶν.
3679 4650 3839 4703 Μετά

2249 4749 2306 4802 δὲ
2336 4749 2500 4802 πολὺν
2529 4748 2718 4820 χρόνον
2745 4747 2893 4815 λέγει
2921 4745 3070 4817 αὐτῷ
3099 4747 3127 4798 6
3151 4744 3325 4806 ἀὸὅᾶς
3353 4740 3663 4804 Ἀντώνιος·
3699 4740 3839 4794 Ἰδοὺ

571 4836 757 4890 tonius
789 4855 802 4891 :
841 4835 976 4889 Ecce
1012 4851 1042 4889 a
1083 4844 1234 4891 tanto
1275 4844 1521 4905 tempore
1573 4839 1680 4892 huc
1729 4839 1902 4903 venis,
1941 4853 2042 4893 nec
2081 4839 2129 4891 dt

2249 4838 2504 4894 τοσοῦτον
2529 4840 2719 4910 χρόνον
2753 4839 2897 4910 ἔχεις
2925 4837 3215 4909 ἐρχόμενος
3239 4829 3363 4900 ὧδε,
3399 4833 3496 4886 καὶ
3527 4832 3677 4885 οὐδὲν
3705 4831 3842 4901 ἔρω-

572 4941 846 4995 qunquam
878 4927 1183 4994 interrogas
1217 4943 1320 4982 me.
1349 4927 1488 4981 Tum
1519 4930 1861 4999 respondens
1891 4927 2027 4982 dixit
2055 4929 2102 4982 ei
2128 4947 2138 4980 :

575 5015 704 5069 Milli
731 5016 782 5069 id
813 5033 979 5070 unum
1012 5016 1226 5078 sullicit.
1257 5017 1437 5082 Pater,
1471 5019 1615 5088 quod
1653 5028 1706 5072 te
1739 5020 1916 5076 viden.

585 5129 588 5134 ’
644 5107 734 5160 ‘28.
781 5109 892 5178 ('59)
931 5111 1162 5164 Aiebant
1194 5111 1484 5180 quemdam
1538 5128 1727 5166 senum
1756 5129 1785 5167 a
1821 5111 1928 5167 Deo
1958 5122 2149 5182 postu-

2255 4931 2352 5000 τᾷς
2383 4946 2469 4999 με.
2500 4928 2608 4981 Καὶ
2639 4928 2958 4998 ἀποκριθεὶς
2986 4923 3138 4979 εἶπεν
3170 4923 3320 4995 αὑτῷ
3342 4942 3355 4955 ·
3401 4923 3586 4994 Ἀρκεῖ
3616 4938 3705 4992 μοι
3743 4921 3842 4990 μό-

2257 5037 2344 5073 νον
2372 5019 2523 5072 τοῦ¹⁸
2557 5018 2775 5089 βλέπειν
2805 5034 2886 5084 σε,
2918 5017 3120 5085 Πάτερ.

2333 5118 2439 5183 κη’.
2484 5112 2728 5178 Ἔλεγον,
2768 5111 2850 5163 ὃτι
2899 5126 2980 5172 τις
3029 5109 3135 5163 τῶν
3167 5108 3435 5178 γερόντων
3462 5104 3716 5177 ἠρώτησε
3748 5100 3846 5155 τὸν

599 5216 722 5256 asse
760 5202 838 5255 uti
873 5201 1080 5256 videret
1126 5201 1355 5270 Patres;
1407 5219 1471 5257 ac
1521 5205 1723 5259 vidisse
1767 5205 1911 5270 illos,
1956 5213 2129 5276 praete

2258 5202 2389 5255 Θεὸν
2419 5201 2547 5254 ἰδεῖν
2576 5199 2702 5262 τοὺς
2729 5198 2977 5272 Πατέρας
2997 5215 3012 5230 ·
3041 5198 3136 5252 καὶ
3161 5193 3300 5252 εἶδεν
3330 5195 3528 5258 αὐτοὺς
3560 5192 3728 5265 χωρὶς
3745 5191 3844 5244 τοῦ

588 5402 593 5408 .
649 5356 716 5390 ³⁸⁵
746 5355 948 5426 Ephes.
983 5374 1034 5421 v,
1074 5357 1158 5414 18.
1237 5359 1280 5388 ¹²
1320 5357 1451 5412 Luc.
1486 5375 1595 5420 xu,
1628 5359 1716 5414 54.
1796 5359 1838 5392 ¹³
1878 5360 1961 5414 Al.
1997 5359 2129 5430 βαρ-α

2251 5375 2352 5412 σιν.
2433 5358 2476 5389 ’⁸
2518 5356 2601 5410 Al.
2635 5354 2885 5409 πάντοτε.

655 5508 769 5582 (3'7)
823 5511 928 5582 fit.
955 5508 1108 5582 Patr.
1138 5528 1191 5578 ν,
1227 5511 1275 5565 l.

651 5582 766 5645 (aa)
821 5581 920 5637 va.
955 5581 1107 5636 Patr.
1139 5599 1190 5645 κ,
1222 5585 1274 5636 4.

656 5651 769 5776 ξῗὲ)
893 5651 1192 5717 Moschum,
1216 5670 1266 5706 c.
1298 5653 1418 5707 res.

758 5729 772 5776 i
830 5721 916 5776 EE
946 5721 1289 5776 ἀδιαφορία(
1320 5741 1418 5776 too

2967 5355 3008 5386 ⁸⁸
3035 5353 3120 5408 Al.
3163 5352 3244 5406 τό.

2266 5513 2608 5574 reddidisset,
2635 5527 2698 5565 ea:
2722 5510 3047 5581 plenitudine
3075 5509 3330 5581 ciborum.
3364 5506 3421 5562 ln
3451 5505 3720 5575 Operibus
3741 5520 3842 5581 au-

2266 5593 2372 5636 tem
2415 5583 2680 5652 Eplmemi
2722 5575 2788 5650 'p.
2822 5581 3080 5652 587,115
3117 5579 3172 5652 7,
3231 5579 3497 5652 interpres
3554 5575 3846 5645 praesentis

2268 5649 2929 5723 Apophiltcgnmtishabet,
2961 5665 3024 5701 ea:
3047 5649 3246 5723 deiectu
3278 5649 3531 5714 ciborum,
3560 5653 3707 5717 quod
3725 5660 3847 5703 esse

814 5720 916 5783 Ἓξ
946 5721 1289 5803 ἀδιαφορίας
1320 5728 1568 5803 τροξῶν.
1599 5725 1879 5803 Invenerat
1902 5725 2124 5803 Pelagii:

2268 5719 2500 5789 \‘idelur,
2536 5719 2597 5776 Er.
2636 5721 2896 5790 διαφορᾶς
2927 5719 3164 5789 τροφῶν,

592 5792 643 5843 itt
675 5789 863 5844 codice
899 5805 1017 5855 suo,
1063 5789 1126 5846 εκ
1160 5789 1534 5866 πληροφορίας
1586 5800 1816 5868 τροφῶν,
1852 5799 1999 5854 Alias
2042 5789 2155 5851 'nou
