4034 6340
423 283 494 344 3.7
1591 283 1938 338 APPENDIX
1977 283 2068 338 AD
2106 285 2530 343 PALLADIUM.
3623 269 3692 354 δέ

420 417 543 474 quo
567 415 740 472 usque
780 400 862 457 sol
898 401 966 455 ad
993 415 1250 456 occasum
1284 399 1544 464 venisset,
1573 398 1644 452 ita
1678 397 1896 455 locutus
1922 408 2006 452 est

2124 416 2208 452 ταν
2239 401 2339 473 τὴν
2375 401 2578 472 ἔρημον
2617 401 2722 466 ἕως
2749 395 2809 457 οὗ
2833 403 3006 459 ἐλθεῖν
3035 401 3190 458 δῦναι
3219 404 3310 474 τὸν
3337 405 3508 476 ἣλιον,
3540 404 3693 474 λέγει

425 493 596 550 abbas
621 491 924 547 Antonius:
951 491 1206 554 Oremus,
1238 497 1401 558 atque
1424 489 1512 541 hic
1542 495 1855 543 statuamus
1879 501 2007 542 cru-

426 601 568 650 cem,
599 593 662 639 ut
699 585 896 640 ibidem
927 583 1194 638 aediﬁcent
1225 581 1319 650 qui
1347 577 1618 633 aediﬁcare
1646 580 1866 645 volunt;
1899 594 2007 649 quo

427 678 465 731 ii
488 676 598 747 ‘qui
628 677 743 731 illic
773 676 1090 739 manebunt,
1119 671 1338 740 quando
1372 671 1440 726 ad
1466 685 1562 726 eos
1590 672 1681 740 qui
1709 671 1798 725 hic
1827 687 2008 727 versa-

429 767 536 820 turi
569 773 699 821 sunt
724 764 984 820 accedere
1020 760 1314 825 voluerint,
1343 767 1561 830 gustata
1595 759 1660 813 ad
1689 758 1880 812 horam
1913 773 2030 812 no»

429 870 553 910 nam
598 870 766 924 parva
817 868 915 909 sua
944 853 1168 915 buccea,
1202 849 1284 904 sic
1313 849 1612 914 accedant;
1653 859 1706 904 et
1740 848 1834 918 qui
1879 847 2007 902 hinc

428 947 570 1000 idem
627 944 891 998 facientes
943 940 1312 1010 perrexerint,
1348 938 1405 993 in
1458 947 1650 992 mutua
1696 937 2007 993 visitatione

429 1040 638 1108 absque
662 1037 860 1090 mentis
895 1033 1256 1089 distractione
1287 1038 1657 1103 perseverent.
1697 1029 1795 1085 Est
1822 1037 2006 1086 autem

427 1128 768 1184 intervallum
823 1125 1066 1196 lapidum
1097 1124 1412 1180 duodecim.

497 1215 585 1270 35.
624 1215 809 1269 Abbas
859 1214 1136 1270 Antonius
1184 1214 1325 1268 dixit
1364 1231 1378 1267 :
1426 1211 1532 1280 Qui
1581 1226 1820 1268 massam
1878 1211 2008 1266 ferri

427 1306 684 1376 percutit,
718 1305 874 1375 prius
923 1314 1108 1361 mente
1154 1305 1373 1375 reputat
1421 1305 1686 1374 quidnam
1720 1302 2010 1358 confectu-

425 1411 524 1452 rus
553 1397 646 1461 sit,
681 1395 895 1460 falcem,
924 1398 1186 1468 gladium,
1217 1397 1478 1452 securim.
1529 1394 1608 1451 lta
1636 1411 1738 1452 nos
1765 1411 2004 1466 quoque,

426 1488 734 1558 uecogitare
782 1488 1068 1556 debemus,
1109 1488 1418 1558 cujusmodi
1454 1489 1712 1545 virtutem
1757 1489 2008 1562 aggredi-

429 1595 586 1646 mur;
622 1596 691 1635 ne
717 1580 1028 1639 laboremus
1057 1581 1114 1635 in
1141 1595 1366 1635 vanum.

451 1695 454 1710 θ
499 1671 592 1728 56.
635 1670 790 1726 llanc
823 1688 1043 1743 quoque
1073 1672 1404 1729 sententiam
1436 1673 1664 1743 protulit
1692 1692 1706 1728 :
1738 1670 2011 1730 Obedien-

429 1764 505 1818 tia
539 1778 662 1818 cum
691 1765 1042 1830 abstinentia,
1071 1765 1216 1820 feras
1252 1765 1568 1821 hominibus
1601 1764 1842 1835 subjicit.

505 1855 596 1909 57.
635 1853 874 1910 Rursum
907 1857 984 1910 ait
1017 1875 1030 1911 :
1065 1855 1202 1912 Novi
1232 1858 1532 1914 monachos
1584 1858 1678 1928 qui
1706 1867 1829 1927 post
1853 1857 2010 1913 laboo

428 1955 521 1999 res
566 1945 851 2013 plurimos,
885 1946 1022 2016 lapsi
1073 1956 1224 2011 sunt,
1259 1955 1315 2001 et
1363 1947 1420 2001 in
1471 1947 1674 2002 mentis
1721 1961 2010 2002 excessum

432 2037 777 2105 inciderunt;
809 2039 954 2105 quod
1003 2039 1058 2092 in
1101 2039 1364 2108 operibus
1411 2038 1530 2094 suis
1556 2046 1894 2107 sperassent,
1928 2047 2013 2092 at-

429 2143 542 2197 que
566 2129 778 2198 decepti
805 2144 916 2184 non
945 2129 1337 2199 cogitavissent
1365 2129 1700 2183 'mandatum
1733 2129 1881 2184 illius
1914 2130 2009 2198 qui

437 2220 604 2280 dicit:
633 2220 911 2291 Interroga
938 2231 1143 2290 patrem
1179 2230 1347 2286 tuum,
1376 2229 1427 2276 et
1451 2221 1792 2275 annuntiabit
1831 2221 2006 2277 tibi".

501 2312 592 2369 38.
626 2314 737 2384 (44)
763 2313 909 2368 Dixit
934 2314 1148 2369 adhuc:
1177 2313 1232 2367 Si
1257 2312 1372 2367 ﬁeri
1396 2322 1593 2383 potest,
1622 2323 1756 2384 quot
1786 2329 2011 2384 gressus

430 2403 732 2459 monachus
779 2404 1002 2470 incedit,
1053 2406 1137 2459 vel
1182 2411 1315 2475 quot
1355 2419 1508 2474 aquae
1555 2413 1739 2474 guttas
1785 2406 1922 2461 bibit
1954 2406 2008 2461 in

435 2493 566 2547 cella
596 2508 719 2562 sua,
747 2493 906 2550 debet
933 2494 1270 2552 confidenter
1295 2497 1519 2554 senibus
1548 2496 1849 2566 declarare,
1875 2514 2007 2554 num

435 2583 489 2639 in
519 2584 625 2640 illis
651 2583 908 2640 oll‘endat.

939 2699 1016 2756 De
1049 2701 1235 2754 abbate
1264 2701 1509 2757 Arsemo.

505 2791 558 2845 1.
606 2789 716 2860 (45)
765 2788 947 2844 Abbas
978 2790 1264 2855 Arsenius,
1319 2805 1445 2846 cum
1481 2789 1659 2846 adhuc
1711 2791 1766 2845 in
1807 2793 2010 2862 palatio

432 2889 764 2945 versaretur,
805 2881 979 2936 oravit
1000 2882 1069 2938 ad
1102 2881 1294 2945 Deum,
1329 2882 1558 2937 dicens:
1611 2881 1858 2949 Domine,
1903 2885 2010 2940 duc

433 2988 524 3028 me
557 2989 653 3044 per
680 2973 823 3027 viam
853 2987 960 3045 qua
1001 2972 1230 3028 salutem
1258 2988 1589 3044 consequar.
1633 2975 1698 3028 Et
1727 2976 2010 3032 descendit

2111 491 2260 562 αὐτῷ
2288 495 2316 546 6
2345 491 2518 556 ἁϐϐᾶς
2553 492 2861 558 Ἀντώνιος·
2903 496 3227 567 Ποιήσωμεν
3255 495 3422 568 εὐχὴν
3442 497 3536 550 καὶ
3565 503 3702 566 στηε-

2110 601 2292 654 σωμεν
2329 578 2432 638 ὧδε
2469 585 2702 656 σταυρὸν
2733 585 2869 658 (50),
2901 587 2986 640 ἵνα
3013 584 3115 642 ὧδε
3148 587 3406 643 κτίσωσιν
3431 589 3481 640 οἱ
3508 586 3693 642 θέλον-

2105 692 2198 739 τες
2231 677 2432 740 κτίσαι,
2467 677 2554 732 ἵνα
2582 677 2674 732 καὶ
2701 680 2749 731 οἱ
2783 677 3013 742 ἐκεῖθεν,
3031 681 3159 733 ὅταν
3183 678 3538 752 παραϐάλωσι
3567 679 3694 734 τού-

2107 784 2242 831 τοις,
2285 768 2614 837 γευσάμενοι
2647 769 2708 822 τὸ
2743 770 2936 841 μικρὸν
2960 769 3144 840 βουκὶν
3181 770 3293 840 (51)
3328 771 3502 824 αὐτων
3539 765 3699 842 ὥραν

2108 857 2326 930 ἐνάτην,
2353 858 2526 923 οὕτως
2569 859 2948 931 παραϐάλωσι,
2975 859 3071 912 καὶ
3112 859 3162 912 οἱ
3196 857 3346 912 ἔνθεν
3373 860 3693 932 ἁπερχόμε-
3797 862 3805 870 ”

2109 964 2210 1014 νοι,
2251 949 2312 1001 τὸ
2343 949 2474 1003 αὐτὸ
2498 949 2799 1017 ποιοῦντες,
2835 949 3234 1020 άπερίσπαστοι
3262 936 3499 1019 μένωσιν
3526 954 3585 1004 ἐν
3613 950 3693 1023 τῷ

2108 1040 2478 1112 παραϐάλλειν
2522 1039 2956 1113 άλλήλοις.Ἔστι
2990 1041 3047 1095 δὲ
3076 1043 3136 1094 τὸ
3167 1041 3443 1114 διάστημα
3489 1046 3697 1114 σημεῖα.

2017 1142 2022 1148 ’
2107 1128 2352 1184 δεκαδύο.

2181 1219 2275 1274 λε’.
2316 1217 2487 1276 Εἶπεν
2527 1223 2556 1276 ό
2585 1221 2761 1286 άὸϐἄς
2792 1220 3106 1286 Ἀντώνιοςο
3151 1222 3212 1275 '0
3239 1222 3460 1276 τύπτων
3493 1222 3555 1275 τὸ
3589 1240 3696 1293 μα-

2109 1310 2193 1375 ζὶν
2239 1309 2332 1364 τοῦ
2373 1312 2616 1383 σιδήρου,
2657 1310 2872 1381 πρῶτον
2917 1312 3114 1364 σκοπεί
3148 1311 3248 1364 τὸν
3290 1309 3552 1381 λογισμὸν
3568 1311 3614 1341 ²²
3641 1309 3696 1363 τί

2113 1402 2295 1472 μέλλει
2339 1404 2535 1468 ποιεῖν,
2565 1402 2853 1474 δρέπανον,
2892 1403 3189 1474 μάχαιραν,
3221 1399 3455 1453 πέλυκα.
3505 1398 3697 1463 Οὕτως

2115 1497 2208 1549 καὶ
2234 1497 2395 1568 ἡμεῖς
2422 1495 2711 1566 ὀφείλομεν
2737 1493 3046 1564 λογίζεσθαι
3080 1493 3237 1547 ποίαν
3272 1491 3474 1564 ἀρετὴν
3501 1507 3699 1562 μετερ-

2110 1585 2340 1656 χόμεθα,
2373 1586 2460 1638 ἵνα
2491 1585 2565 1656 μὴ
2596 1587 2677 1648 είς
2706 1583 2864 1637 κενὸν
2893 1584 3265 1654 κοπιάσωμεν.

2182 1679 2292 1744 λς’.
2334 1674 2472 1732 Εἶπε
2511 1678 2694 1746 πάλιν,
2726 1679 2810 1732 ὅτι
2840 1679 2875 1750 ἡ
2903 1675 3150 1747 ὑποταγὴ
3183 1673 3324 1747 μετὰ
3365 1673 3722 1747 ἐγκρατείας

2042 1736 2086 1792 Β
2116 1736 2411 1824 ὑποτάσσει
2445 1768 2628 1840 θηρία.

2182 1861 2279 1925 λζ’.
2321 1856 2457 1914 Εῖπε
2488 1861 2680 1913 πάλιν·
2714 1855 2844 1914 Οἶδα
2882 1859 3150 1931 μοναχοὺς
3181 1859 3318 1931 μετὰ
3346 1858 3575 1923 πολλοὺς
3606 1858 3700 1913 κό-

2113 1965 2246 2012 πους
2288 1948 2574 2012 πεσόντας,
2607 1949 2700 2002 καὶ
2744 1951 2824 2012 εἰς
2868 1949 3122 2003 ἔκστασιν
3160 1949 3373 2020 φρενῶν
3419 1949 3692 2012 ἐλθόντας.

2110 2041 2197 2094 διὰ
2223 2041 2282 2094 τὸ
2307 2039 2596 2111 ἠλπικέναι
2622 2041 2714 2093 ἐπὶ
2751 2040 2812 2094 τὸ
2855 2040 3014 2114 ἔργον
3041 2040 3239 2106 αὐτῶν,
3269 2041 3361 2094 καὶ
3393 2040 3696 2112 παραλογι-

2114 2123 2381 2203 σαμὲνους
2415 2131 2512 2203 τὴν
2552 2131 2770 2203 ἐντολὴν
2803 2131 2896 2184 τοῦ
2945 2133 3225 2196 εἰπόντος·
3281 2131 3699 2201 Ἐπερώτησον

2111 2225 2220 2278 τὸν
2250 2223 2476 2291 πατέρα
2506 2238 2647 2288 σου,
2675 2223 2774 2277 καὶ
2798 2222 3126 2292 ἀναγγελεῖ
3151 2237 3271 2276 σοι.

2181 2315 2284 2386 λη’.
2329 2309 2466 2368 Εῐπε
2499 2315 2662 2368 πάλιν
2684 2331 2698 2346 ο
2745 2315 2807 2367 Et
2835 2313 3085 2376 δυνατὸν,
3131 2313 3232 2366 ὅσα
3258 2312 3482 2383 βήματα
3511 2311 3699 2382 βάλλει

2110 2409 2138 2460 ὁ
2167 2406 2418 2477 μοναχὸς,
2447 2406 2481 2478 ἢ
2506 2408 2637 2470 ὅσας
2669 2405 2938 2474 σταγόνας
2970 2405 3117 2457 πίνει
3146 2403 3257 2476 (52)
3282 2405 3362 2467 εἰς
3399 2403 3458 2456 τὸ
3487 2403 3702 2456 κελλίον

2111 2497 2299 2562 αὐτοῦ,
2328 2497 2530 2567 ὀφείλει
2551 2498 2770 2570 Θαρῤεἰν
2784 2499 2897 2560 τοῖς
2914 2495 3192 2567 γέρουσιν,
3213 2496 3262 2548 εἰ
3292 2493 3401 2565 ἄρα
3434 2493 3495 2547 οὐ
3514 2492 3700 2547 πταίει

2112 2593 2169 2648 ἐν
2191 2591 2389 2656 αὐτοῖς.

2489 2705 2629 2774 Περὶ
2658 2705 2763 2759 τοῦ
2798 2703 2950 2758 ἀϐϐᾶ
2978 2701 3313 2770 Ἀρσενίου.

2182 2799 2250 2854 α’.
2287 2799 2344 2851 Ὀ
2379 2797 2554 2860 assa;
2587 2796 2860 2864 Ἀρσένιος
2899 2794 3036 2862 (55),
3085 2792 3166 2845 ἔτι
3201 2793 3276 2846 ὢν
3322 2793 3378 2846 ἐν
3407 2787 3483 2861 τῷ
3521 2789 3696 2843 παλα-

2110 2891 2231 2961 τίῳ,
2255 2888 2450 2954 εὔξατο
2471 2887 2549 2958 τῷ
2577 2886 2698 2956 Θεῷ
2730 2885 2931 2955 λέγων·
2960 2883 3156 2955 Κύριε,
3193 2883 3456 2954 όδήγησόν
3486 2899 3552 2953 με
3577 2880 3698 2944 πῶς

2114 2979 2292 3033 σωθῶ.
2315 2979 2422 3031 Καὶ
2436 2974 2598 3048 ἦλθεν
2613 2975 2762 3046 αὐτῷ
2781 2975 2931 3047 φωνὴ
2946 2973 3181 3043 λέγουσα
3198 2990 3213 3005 ο
3246 2971 3508 3045 Ἀρσένιε,
3531 2969 3700 3042 φεῦγε

433 3064 503 3118 ad
525 3078 648 3118 eum
666 3063 779 3118 haec
798 3078 929 3118 vox:
950 3064 1165 3129 Arseni,
1182 3063 1305 3134 fuge
1325 3064 1596 3131 homines,
1613 3076 1664 3122 et
1682 3069 1866 3124 salvus
1884 3071 2011 3128 eris.

2124 3073 2244 3135 τοὺς
2276 3069 2616 3142 ἀνθρώπους,
2641 3067 2738 3120 καὶ
2767 3065 2933 3137 σώζῃ.

505 3155 560 3208 2.
593 3155 704 3226 ('46)
732 3154 876 3210 Idem
907 3169 1030 3208 cum
1054 3155 1120 3210 ad
1139 3155 1440 3210 solitariam
1471 3157 1639 3211 vitam
1664 3163 2009 3230 secessisset,

436 3247 634 3300 iterum
668 3245 843 3300 oravit
871 3245 1116 3300 eamdem
1150 3260 1390 3316 precem.
1441 3247 1775 3320 Audivitque
1819 3268 2013 3310 vocem

437 3337 783 3405 hujusmodi:
831 3337 1049 3402 Arseni,
1083 3337 1229 3409 fuge,
1268 3346 1410 3407 tace,
1455 3340 1696 3411 quiesce.
1746 3342 1840 3400 Hae
1868 3347 2013 3400 enim

439 3437 566 3484 sunt
599 3429 814 3485 radices
844 3429 1236 3498 impeccantiae.

509 3518 561 3571 5.
605 3518 716 3590 (47)
761 3519 1069 3574 Astiterunt
1116 3519 1411 3589 aliquando
1449 3521 1632 3576 abbati
1681 3523 1911 3581 Arsenio
1958 3525 2013 3580 in

439 3611 574 3663 cella
607 3611 786 3679 posito
814 3610 1108 3673 daemones,
1132 3619 1187 3666 et
1217 3611 1470 3667 molestia
1501 3614 1652 3667 illum
1684 3614 2011 3671 adiciebant.

437 3701 775 3757 Accedentes
819 3709 1002 3756 autem
1031 3703 1266 3758 ministri
1317 3705 1457 3774 ejus,
1511 3716 1564 3759 et
1613 3715 1766 3761 extra
1820 3709 2014 3763 cellam

440 3799 672 3859 stantes,
719 3793 1012 3849 audierunt
1057 3795 1211 3850 illum
1249 3797 1575 3853 clamantem
1633 3800 1700 3854 ad
1737 3799 1904 3855 Deum
1951 3794 2027 3858 ac'

401 3882 756 3939 'dieentem:
800 3883 974 3951 Deus,
1025 3902 1096 3941 ne
1138 3886 1484 3959 derelinquas
1525 3905 1649 3956 me;
1702 3891 1836 3945 nihil
1884 3893 2014 3947 boni

439 3976 543 4030 feci
577 3991 761 4031 coram
784 3986 876 4045 te;
907 3978 1005 4033 sed
1029 3978 1097 4034 da
1126 3981 1257 4034 mihi
1289 3981 1589 4036 secundum
1623 3983 2012 4054 benignitatem

439 4077 611 4131 tuam,
647 4078 708 4122 ut
737 4084 882 4124 nunc
910 4070 1166 4140 incipiam
1202 4073 1339 4128 bene
1372 4088 1552 4144 agere.

505 4157 559 4214 ι.
607 4157 719 4230 (48)
757 4159 993 4215 Aiehant
1035 4160 1104 4216 de
1133 4163 1363 4227 eodem,
1407 4164 1550 4233 quod
1583 4163 1728 4220 sicut
1765 4166 1949 4220 nullus
1983 4182 2015 4222 e

439 4253 658 4322 palatio,
694 4253 1002 4322 pretiosiori
1024 4268 1091 4308 eo
1120 4264 1269 4308 veste
1303 4254 1671 4321 induebatur;
1715 4255 1791 4308 ita
1824 4271 1927 4311 nec
1957 4257 2014 4310 in

441 4339 682 4414 Ecclesia
716 4343 861 4396 ullus
895 4342 1179 4412 tegebatur
1207 4341 1409 4396 viliori.

2191 3164 2256 3233 β’.
2304 3164 2362 3216 '0
2391 3162 2552 3224 αὐτὸς
2577 3160 2937 3230 ἀναχωρήσας
2971 3159 3028 3211 ἐν
3062 3157 3140 3226 τῷ
3174 3155 3400 3228 μονήρει
3434 3154 3555 3226 βίῳ,
3588 3153 3698 3207 πά-

2115 3253 2198 3306 λιν
2224 3251 2438 3318 εΰξατο,
2461 3251 2552 3304 τὸν
2576 3251 2736 3304 αὑτὸν
2759 3250 2915 3318 λόγον
2940 3248 3127 3302 εἰπών.
3152 3248 3263 3301 Καὶ
3293 3248 3492 3317 ἢκουσε
3515 3245 3700 3315 φωνῆς

2059 3390 2065 3398 ,
2113 3343 2379 3413 λεγούσης
2409 3341 2558 3414 αὐτῷ
2581 3360 2595 3377 ο
2644 3340 2909 3413 Ἀρσένιε,
2953 3339 3142 3409 φεῦγε,
3181 3337 3382 3400 σιώπα,
3414 3335 3660 3407 ἡσύχαζε
3682 3351 3697 3365 ο

2116 3426 2278 3494 αὗται
2311 3436 2420 3506 γάρ
2451 3434 2589 3487 εἰσιν
2619 3433 2676 3485 αί
2702 3431 2846 3504 ῥίζαι
2869 3431 2969 3501 τῆς
2991 3428 3426 3499 ἁναμαρτησίας.

2189 3533 2258 3595 γ’.
2307 3523 2644 3595 Ἐπὲστησάν
2674 3539 2808 3576 ποτε
2830 3521 2906 3592 τῷ
2925 3519 3068 3590 άϐϐᾄ
3100 3517 3358 3589 Ἀρσενίῳ
3377 3519 3426 3569 οἱ
3447 3515 3702 3586 δαίμονες

2118 3621 2175 3674 ἐν
2196 3617 2274 3689 τῷ
2296 3616 2493 3686 κελλίῳ
2514 3614 2785 3677 θλίϐοντες
2801 3613 2983 3667 αὐτόν.
3001 3609 3416 3682 Παραϐαλόντες
3437 3608 3495 3662 δὲ
3517 3609 3563 3660 οἱ
3582 3607 3703 3660 δια-

2117 3709 2400 3771 κονοῢντες
2425 3706 2594 3777 αὐτῷ,
2635 3706 2731 3760 καὶ
2760 3705 2984 3767 στάντες
3018 3703 3124 3767 ἔξω
3146 3702 3247 3772 τῆς
3286 3699 3501 3771 κέλλης,
3532 3698 3701 3770 ἥκου-

2120 3816 2219 3856 σαν
2255 3797 2420 3852 αὐτοῦ
2461 3796 2696 3864 βοῶντος
2735 3794 2874 3866 πρὸς
2910 3793 3001 3846 τὸν
3035 3792 3167 3846 Θεὸν
3189 3791 3284 3844 καὶ
3313 3790 3597 3857 λέγοντος·
3639 3788 3700 3843 '0
3743 3780 3750 3796 ’

2117 3891 2269 3955 Θεὸς,
2293 3889 2368 3960 μὴ
2392 3886 2769 3958 ἐγκαταλίπῃς
2795 3901 2864 3954 με
2884 3901 2899 3915 ’
2929 3885 3081 3939 οὐδὲν
3106 3883 3336 3952 ἐποίησα
3355 3880 3582 3935 ἐνώπιόν
3603 3897 3698 3933 σου

2116 3979 2316 4058 ἀγαθόν
2340 3995 2354 4010 ⁸
2402 3976 2540 4035 ἀλλὰ
2561 3977 2650 4041 δός
2680 3993 2770 4047 μοι
2791 3973 2936 4028 κατὰ
2959 3974 3056 4044 τὴν
3093 3972 3440 4046 χρηστότητα
3474 3988 3567 4024 σου
3598 3970 3700 4041 βα·-

2116 4072 2230 4125 λεῖν
2259 4071 2454 4143 ἀρχήν.

2186 4164 2249 4217 δ’.
2290 4162 2512 4230 Ἔλεγον
2542 4159 2672 4231 περὶ
2707 4156 2898 4224 αὐτοῦ,
2937 4158 3020 4211 ὅτι
3049 4156 3237 4225 ὥσπερ
3266 4151 3441 4216 οὐδεὶς
3468 4152 3564 4206 τοῦ
3593 4170 3700 4206 πα-

2116 4254 2301 4308 λατίου
2339 4252 2526 4321 ἐφόρει
2561 4250 2807 4322 βελτίονα
2837 4247 3002 4302 αὐτοῦ
3041 4247 3247 4318 ἐσθῆτα
3265 4247 3310 4277 ’⁸
3330 4260 3346 4276 ⁸
3370 4244 3543 4308 οὕτως
3577 4243 3700 4298 οὐδὲ

2117 4347 2196 4409 είς
2221 4345 2322 4415 τὴν
2366 4342 2692 4412 Ἐκκλησίαν
2737 4338 3124 4409 εὐτελεστέραν
3167 4353 3252 4398 τις
3295 4334 3459 4388 αὑτοῦ
3489 4334 3697 4405 ἐφόρει.

507 4432 559 4484 5.
592 4430 704 4502 (ιθ)
751 4431 896 4486 Dixit
951 4433 1153 4500 aliquis
1211 4433 1372 4488 beato
1406 4434 1684 4490 Arsenio:
1726 4435 2011 4501 Quomodo

2183 4432 2246 4487 ε’.
2279 4427 2414 4487 Εἴπέ
2434 4449 2516 4495 τις
2544 4430 2621 4499 τῷ
2653 4429 2908 4501 μακαρίῳ
2933 4425 3192 4497 Ἀρσενίῳ
3211 4442 3226 4455 ·
3251 4425 3375 4488 Πῶς
3391 4427 3554 4495 ἡμεῖς
3590 4423 3701 4476 ἀπὸ

443 4535 563 4584 nos,
596 4518 691 4592 qui
729 4519 864 4576 adeo
893 4521 1093 4577 eruditi
1140 4535 1204 4576 ac
1237 4523 1382 4578 docti
1423 4541 1636 4588 sumus,
1676 4527 1811 4580 nihil
1842 4526 2010 4583 habe—

2115 4525 2385 4593 τοσαύτης
2411 4521 2748 4584 παιδεύσεως
2781 4520 2877 4573 καὶ
2909 4518 3101 4588 σοφίας
3128 4517 3276 4571 οὐδὲν
3309 4516 3528 4588 ἔχομεν,
3553 4509 3700 4570 οὗτοι

511 4678 556 4707 ’ί
600 4675 755 4730 Deut.
787 4692 961 4743 xxx",
989 4677 1042 4731 7.
1117 4678 1162 4710 “
1187 4677 1273 4732 Al.
1307 4677 1383 4748 τῷ
1416 4677 1679 4751 λογισμῷ.
1757 4679 1804 4711 ⁸³
1831 4679 1916 4734 Al.
1940 4681 2011 4735 in:

2124 4698 2174 4732 τε
2205 4675 2271 4751 ἧν
2300 4679 2357 4731 ἐν
2380 4677 2458 4747 τῷ
2480 4676 2744 4745 παλατῖῳ.

515 4787 626 4857 (Η)
680 4787 780 4842 Vit.
816 4788 964 4857 Patr.
992 4806 1071 4852 ιιι,
1102 4791 1222 4846 176.

515 4857 627 4928 (45)
664 4858 783 4928 _Vit.
814 4856 968 4913 Patr.
1005 4876 1090 4926 ιιι,
1129 4862 1262 4928 19ος
1292 4878 1349 4928 ιι,
1391 4864 1440 4917 5.

514 4925 627 4993 (46)
663 4925 798 4982 Ibid.

537 4996 626 5062 57)
674 4996 780 5051 Vit.
817 4997 967 5052 Patr.
999 5015 1090 5062 xv,
1123 5001 1175 5054 5.

535 5065 627 5134 48)
675 5067 778 5120 Vit.
817 5067 968 5122 I’atr.
996 5085 1082 5134 xv,
1114 5071 1168 5124 6.

537 5135 627 5196 49)
676 5134 785 5193 Vit.
823 5136 975 5191 Patr.
1009 5153 1068 5196 ι.
1109 5140 1162 5192 5.

539 5205 627 5277 50)
667 5207 993 5283 Στῇσωμεν
1010 5205 1125 5265 ὧδε
1152 5211 1432 5277 σταιφόν.
1461 5208 1620 5269 Vides
1637 5213 2014 5283 antiquitatem

446 5275 949 5345 Stauropegioruin.

517 5346 626 5418 (51)
666 5348 906 5420 βορκίν.
947 5347 1051 5404 Pro
1084 5349 1318 5420 βουκίον,
1373 5350 1638 5420 βουκκῐον,
1674 5353 1898 5406 buccea.
1953 5351 2013 5406 In

447 5416 714 5490 Anastasii
741 5416 956 5490 Hodego
985 5435 1038 5490 p.
1073 5416 1143 5475 30
1167 5435 1187 5490 :7
1225 5421 1284 5474 Ὀ
1307 5416 1467 5490 ἄρτος
1488 5459 1504 5483 ,
1548 5424 1641 5475 καὶ
1681 5421 1743 5474 τὸ
1777 5422 2014 5490 ψωμίον,

443 5484 539 5561 καὶ
566 5487 630 5561 τὲ
655 5487 859 5561 βουκίν,
893 5484 1004 5561 ’δεὺ
1035 5489 1270 5561 βουκίον.
1324 5484 1629 5561 Dorotheus
1667 5484 2016 5547 Institutione

447 5555 532 5616 ιι,
561 5555 863 5638 ςἘκλεπτεν
903 5559 932 5610 ὁ
969 5555 1193 5638 άρε-λφέζς
1234 5563 1440 5638 ἐκείνος
1467 5559 1713 5638 βουκκία,
1754 5561 2010 5629 φυινίκια,

445 5625 631 5700 auxia,
665 5625 973 5700 xpéapua._
1003 5625 1119 5687 Ubi
1148 5630 1376 5700 βουκκία
1411 5625 1668 5687 διιεεοιιιε
1700 5625 1868 5692 sunt,
1905 5645 2012 5684 non

449 5691 602 5761 (abte,
637 5691 728 5748 aut
749 5691 917 5752 vicia.
957 5691 1250 5771 Institfil,
1280 5709 1476 5774 quaest.
1509 5703 1560 5773 8,
1605 5703 1921 5758 ἁπεκτεῖναι
1953 5701 2014 5754 τὸ

513 5000 534 5278 Ξ

2123 4792 2307 4863 βουκίν
2338 4809 2432 4844 σου
2465 4791 2544 4852 εἰς
2569 4790 2666 4843 ὅλα
2687 4787 2754 4841 τά
2783 4787 2976 4858 ὲψητά.
3009 4786 3187 4854 Atque
3217 4784 3344 4838 hinc
3389 4784 3699 4854 βουκάκρα-

2119 4880 2208 4943 ⁸εον
2233 4864 2286 4915 in
2320 4860 2437 4943 Vita
2462 4859 2721 4913 Dosithei.
2750 4856 2895 4920 llaec,
2927 4855 3056 4926 quia
3090 4870 3194 4908 vox
3225 4855 3379 4910 abest
3411 4871 3441 4908 a
3473 4853 3697 4910 Meursii

2119 4932 2658 5070 ᾳῗὲἒῗΐὲὶέαγόνας.
2699 4996 2902 5051 Calices
2947 5011 3100 5070 aqure
3142 4993 3197 5070 i_n
3239 4993 3374 5048 Vitis
3435 4992 3695 5070 Patrum;

2117 5063 2211 5126 aut
2246 5063 2778 5133 laxiori'versione;
2836 5074 2930 5120 aut
2970 5063 3099 5136 quia
3163 5065 3382 5128 lectum,
3436 5063 3692 5131 λαγόνας,

2116 5144 2200 5196 vel
2229 5139 2486 5209 λαγόνας.

2189 5202 2323 5280 (55f
2354 5211 2405 5261 Ὁ
2434 5205 2618 5280 ἀεὸᾄς
2637 5204 3047 5280 [ᾼρσένιοςε-ίη
3071 5203 3286 5280 d_uobus_
3317 5202 3470 5280 hisce
3501 5202 3692 5271 primis

2117 5271 2386 5349 capitibus
2403 5271 2605 5362 videsis
2636 5271 2900 5358 Excerpta
2934 5275 3068 5330 Vita:
3086 5271 3513 5340 Lucwjunioris,
3554 5281 3690 5354 tom.

2116 5349 2161 5405 ll
2209 5351 2450 5404 Auctam
2503 5346 2886 5402 Combelisnani
2939 5345 3046 5399 col.
3111 5342 3247 5405 989,
3303 5356 3368 5396 ac
3421 5341 3694 5405 Ephraemt

2117 5357 2161 5405 ll
2209 5357 2450 5404 Auctarii
2503 5357 2886 5402 Uombeltstani
2939 5357 3046 5399 cot.
3111 5357 3247 5405 9w,
3303 5357 3368 5396 ac
3421 5357 3694 5410 Lpuraemt

2115 5420 2291 5489 Opera
2314 5436 2370 5489 p.
2395 5418 2521 5489 386,
2547 5433 2618 5489 ιι.»
2633 5416 2687 5480 6,
2718 5415 3151 5489 cum_Do_rotheo,
3169 5412 3350 5489 Doctr.
3372 5410 3694 5489 6,Qedreno

2117 5481 2178 5544 et
2192 5481 2379 5558 Glyr'a.
2399 5488 2550 5542 Adde
2569 5487 2657 5558 hic
2683 5497 2736 5558 et
2767 5486 2890 5558 aliis
2917 5483 3237 5558 Arsenianis
3266 5481 3694 5558 apophthegma:

2116 5548 2454 5630 tjbus'Vitam
2471 5556 2802 5630 sanctissimi
2820 5548 3323 5630 anachoretaﬂuze
3349 5548 3691 5630 exstatapud

2121 5627 2342 5682 Surium
2379 5628 2446 5681 l9
2477 5625 2628 5685 Julii,
2660 5627 2712 5682 in
2739 5640 2872 5681 mss.
2919 5621 3124 5678 Graecis
3178 5620 3463 5694 Symeonis
3515 5619 3690 5676 Meta-

2117 5698 2372 5772 phrastac,
2412 5697 2444 5752 8
2491 5697 2638 5756 Maii.
