4034 6340
327 326 398 384 93
1456 340 2068 402 APOPIITHEGMATA
2105 349 2416 412 PATRUM.
3515 366 3591 426 9‘

328 431 511 549 illucv-
541 437 869 549 Εἶξαρὲσξῶ
892 459 996 509 σοι,
1026 445 1221 518 Κύριε,
1256 449 1337 505 ὅτι
1362 429 1601 522 ἠξίωσας
1625 474 1693 528 με
1724 459 1895 514 λαϐεῖν

2008 462 2219 534 accepit
2247 479 2276 519 a
2305 465 2541 537 quodam
2588 468 3025 545 eleemosynam;
3054 475 3334 549 dixitque:
3370 478 3588 541 Gratias

328 526 546 598 ἀγάπην
576 527 693 599 (75)
722 528 812 582 διὰ
828 530 891 584 τὸ
917 532 1089 605 ὄνομά
1114 553 1227 595 σου.

397 716 503 765 ια’.
546 710 777 780 Ἔλεγον
802 711 930 784 περὶ
954 713 1140 780 αὐτοῦ,
1173 717 1255 770 ὅτι
1284 714 1397 791 εἶχε
1434 721 1494 775 τὸ
1516 723 1788 796 διάστημα
1812 729 1907 786 τοῦ

329 802 538 857 κελλίου
572 802 738 856 αὑτοῦ
776 805 927 875 μίλια
967 809 1383 877 τριακονταδύο·
1434 815 1532 868 οὐκ
1571 816 1829 888 ἐξήρχετο
1851 820 1907 873 δὲ

325 892 563 963 ταχέως·
598 893 748 948 ἄλλοι
773 894 882 967 γὰρ
911 897 1124 951 ἐποίουν
1160 900 1309 970 αὑτῷ
1339 903 1399 955 τὸ
1417 903 1740 977 διακόνημα.
1778 910 1907 966 Ὅτε

327 985 382 1037 δὲ
412 985 686 1058 ἠρημώθη
716 989 750 1058 ἡ
782 988 1002 1058 Σκῆτις,
1042 989 1233 1062 ἐξῆλθε
1272 994 1497 1062 κλαίων,
1545 1000 1638 1053 καὶ
1688 1000 1903 1070 ἔλεγεν·

336 1079 395 1131 ’Δ
407 1079 647 1132 πώλεσεν
671 1081 700 1132 6
731 1080 935 1152 κόσμος
962 1083 1061 1155 τὴν
1091 1084 1327 1159 Ῥώμην,
1348 1090 1441 1142 καὶ
1470 1089 1519 1142 οἱ
1552 1092 1776 1162 μοναχοὶ
1811 1092 1908 1165 τὴν

327 1172 547 1243 Σκῆτιν.

394 1262 500 1333 κβ’.
534 1261 847 1335 Ἠρώτησεν
880 1266 909 1317 6
939 1266 1111 1332 ἀϐὃᾶς
1146 1268 1372 1342 Μάρκος
1400 1270 1494 1325 τὸν
1514 1270 1688 1326 ἀὸὄᾶν
1721 1275 1909 1348 ’Δρσέ-

328 1372 434 1407 νιον
460 1355 638 1423 λέγων
657 1371 673 1385 ο
700 1356 881 1409 Καλὸν
905 1356 965 1410 τὸ
993 1358 1066 1430 μὴ
1088 1358 1232 1430 ἔχειν
1257 1361 1379 1416 τινὰ
1410 1364 1468 1418 ἐν
1489 1363 1567 1434 τῷ
1593 1364 1788 1436 κελλίῳ
1814 1366 1908 1419 αὐ-

326 1442 418 1496 τοῦ
443 1444 790 1516 παράκλησιν
814 1462 831 1511 ;
878 1441 1017 1501 εἶδον
1046 1448 1155 1518 γὰρ
1181 1449 1411 1520 ἀδελφόν
1436 1469 1554 1507 τινα
1586 1453 1781 1523 ἔχοντα
1811 1472 1903 1525 μι-

329 1533 435 1604 κρὰ
465 1533 696 1605 λάχανα,
729 1535 824 1589 καὶ
857 1536 1184 1609 ἐκριζοῦντα
1217 1542 1378 1597 αὑτά.
1417 1545 1531 1597 Καὶ
1557 1540 1713 1598 εἶπεν
1746 1548 1775 1599 6
1807 1545 1905 1599 ἀσ-

327 1626 425 1690 σᾶς
459 1626 763 1698 Ἀρσὲνιοςο
801 1628 979 1683 Καλὸν
998 1630 1099 1701 μέν
1130 1633 1300 1698 ἐστιν,
1335 1633 1472 1688 ἀλλὰ
1508 1636 1644 1707 πρὸς
1671 1636 1770 1708 τὴν
1791 1635 1903 1702 ἕξιν

323 1718 414 1771 τοῦ
441 1719 761 1792 ἀνθρώπου·
811 1721 908 1776 ἐὰν
931 1722 1040 1794 γὰρ
1077 1724 1151 1795 μὴ
1186 1725 1284 1798 ἔχῃ
1322 1728 1475 1798 ἰσχὺν
1516 1731 1575 1783 ἐν
1609 1729 1688 1802 τῷ
1723 1729 1900 1783 τοιού-

322 1825 398 1880 τῳ
425 1809 634 1880 τρόπῳ,
673 1809 838 1863 πάλιν
865 1811 1087 1889 φυτεύει
1115 1814 1269 1870 ἄλλα.

389 1924 494 1987 κγ’.
558 1920 871 1992 Διηγήσατο
908 1922 937 1975 6
981 1923 1156 1988 ἀὸὄᾶς
1193 1928 1392 1999 Δανιὴλ
1429 1930 1458 1982 6
1511 1931 1758 2005 μαθητὴς
1806 1934 1899 1988 τοῦ

318 2008 464 2071 ὰὸὃᾶ.
499 2011 775 2082 ’Δρσενίου
829 2012 1023 2083 λέγων,
1061 2018 1144 2072 ὅτι
1171 2018 1416 2091 Εὑρέθην
1448 2023 1579 2076 ποτὲ
1609 2024 1780 2093 ἐγγὺς
1805 2025 1900 2079 τοῦ

308 2102 462 2157 sese
506 2105 857 2178 Ἀλεξάνδρου
877 2124 892 2139 ·
937 2109 1032 2162 καὶ
1071 2111 1376 2182 ἐκράτησεν
1410 2115 1572 2169 αὑτὸν
1602 2117 1781 2184 πόνος,
1806 2120 1902 2174 καὶ

307 2195 569 2264 .ᾕπλωσεν
597 2197 761 2250 αὐτὸν
788 2197 901 2252 ἄνω
929 2198 1139 2268 βλέπων
1167 2203 1256 2257 διὰ
1280 2203 1370 2259 τὸν
1400 2208 1579 2263 πόνον.
1614 2210 1819 2282 Συνέϐη
1844 2210 1901 2264 δὲ

308 2287 408 2375 ,τόν
433 2287 704 2359 μακάριον
719 2289 997 2361 Ἀρσένιον
1025 2291 1197 2375 ἐλθεῖν
1216 2295 1309 2349 τοῦ
1335 2295 1566 2368 λαλῆσαι
1591 2300 1743 2372 αὐτῷ
1764 2318 1778 2331 ·
1808 2303 1902 2355 καὶ

321 2371 456 2431 εἶδεν
475 2379 640 2433 αὐτὸν
666 2381 1011 2452 ήπλωμένον.
1041 2371 1128 2448 Ὦς
1149 2382 1241 2440 οὖν
1265 2388 1516 2461 ἐλάλησε,
1544 2391 1692 2461 λέγει
1716 2371 1867 2465 αὐτῷ
1883 2413 1898 2428 ο

322 2468 427 2520 Καὶ
456 2469 541 2532 τίς
569 2466 639 2541 ἦν
670 2474 936 2543 κοσμικδς
960 2474 1018 2530 ὃν
1048 2473 1187 2531 εῐδον
1207 2473 1346 2547 ὦδε;
1378 2483 1541 2551 Λέγει
1574 2484 1723 2555 αὐτῷ
1747 2489 1775 2539 6
1801 2487 1900 2541 ἁσ-

319 2555 421 2619 6i;
458 2557 836 2632 Ἀλέξανδρος·
879 2564 992 2619 Ποῦ
1029 2566 1280 2639 ἑώρακας
1324 2571 1520 2639 αὑτόν;
1566 2573 1678 2626 Καὶ
1710 2570 1898 2629 εἶπεν·

311 2648 416 2713 νὮς
456 2653 814 2724 κατηρχόμην
869 2657 977 2711 ἀπὸ
1002 2658 1095 2712 τοῦ
1139 2659 1320 2731 ὅρους,
1352 2664 1652 2735 προσέσχον
1806 2668 1901 2721 ἐπὶ

320 2741 377 2794 τὸ
398 2744 686 2813 σπήλαιον,
700 2748 795 2800 καὶ
823 2743 965 2802 εἶδόν
982 2767 1103 2804 τινα
1123 2751 1445 2823 ἡπλωμένον
1473 2756 1587 2811 ἄνω
1610 2757 1895 2827 βλέποντα.

306 2834 426 2888 Καὶ
472 2834 665 2890 ἔϐαλεν
719 2838 870 2909 αὐτῷ
927 2842 1214 2911 μετάνοιαν
1270 2843 1442 2913 λέγων
1467 2862 1483 2879 '
1536 2848 1898 2921 Συγχώρησόν

321 2940 408 2995 μοι
430 2924 566 2995 (76),
604 2925 716 2994 ἐγὼ
768 2929 949 2999 ήμην·
1012 2931 1172 2995 πόνος
1211 2934 1319 3001 γάρ
1354 2952 1421 3004 με
1470 2939 1725 3009 κατέσχε.
1789 2944 1898 2997 Καὶ

316 3016 459 3084 λέγει
491 3017 645 3088 αὑτῷ
673 3021 703 3073 6
747 3020 925 3090 γέρων
948 3038 963 3053 ·
1011 3023 1219 3077 Οὐκοῦν
1258 3026 1323 3078 σὺ
1357 3023 1459 3096 ἧς;
1513 3030 1713 3095 καλῶς.
1757 3034 1898 3103 Ἐγὼ

317 3110 589 3181 ὁπενόησα
616 3112 699 3165 ὅτι
731 3115 993 3184 κοσμικὰς
1030 3116 1165 3182 ἐστι,
1198 3118 1293 3170 καὶ
1317 3118 1404 3171 διὰ
1427 3120 1586 3175 τοῦτο
1614 3123 1895 3197 ἠρώτησα.
1926 3151 1968 3207 c

383 3314 480 3368 κδ.
512 3315 735 3369 Ἀλλοτε
752 3311 905 3370 εἶπεν
931 3318 959 3371 6
981 3318 1152 3384 ἀεὸἄς
1178 3321 1452 3392 Ἀρσένιος
1481 3323 1559 3394 τῷ
1579 3323 1721 3395 ἀ66ᾷ
1745 3326 1895 3379 Ἀλε-

316 3405 542 3479 ξὰνδρῳ,
555 3408 637 3461 ὅτι
657 3408 753 3461 Ἂν
766 3409 1065 3483 ἀποσχίσῃς
1080 3412 1124 3444 ³⁷
1140 3412 1208 3466 τὰ
1226 3412 1411 3467 θαλλεα
1430 3432 1545 3476 σου,
1564 3415 1682 3468 ἐλθὲ
1704 3417 1894 3484 γεῦσαι

319 3501 431 3568 μετ’
454 3499 589 3570 ἐμοῦ
615 3516 629 3530 ·
665 3500 759 3554 ἐὰν
777 3500 832 3554 δὲ
863 3501 1055 3556 ἔλθωσι
1082 3501 1240 3568 ξένοι,
1278 3505 1415 3575 φάγε
1449 3506 1565 3576 μετ’
1592 3507 1788 3561 αὐτῶν.
1834 3509 1894 3561 Ὀ

314 3586 403 3644 οὖν
453 3591 630 3655 ἁϐὅᾶς
680 3592 1026 3665 Ἀλέξανδρος
1065 3595 1284 3665 ὁμαλῶς
1315 3597 1600 3669 εἰργάξετο
1637 3599 1729 3652 καὶ
1770 3601 1892 3652 ἐπι-

315 3681 496 3744 εικῶς.
556 3683 665 3735 Καὶ
690 3683 768 3747 ὡς
814 3682 1035 3754 γέγονεν
1066 3689 1099 3756 ἡ
1130 3688 1268 3758 ὥρα,
1305 3688 1488 3759 ἀκμὴν
1516 3685 1627 3759 εἶχε
1660 3689 1850 3745 θαλλέα
1875 3708 1888 3722 ·

315 3774 403 3825 καὶ
424 3772 597 3826 eam
624 3775 862 3844 τηρῆσαι
901 3776 992 3829 τὸν
1033 3775 1190 3844 λόγον
1220 3777 1313 3831 τοῦ
1347 3779 1620 3848 γέροντος,
1645 3781 1893 3851 ἀνέμεινε

276 3894 284 3900 -
312 3860 598 3929 πληρῶσαι
636 3861 704 3915 τὰ
732 3862 921 3916 θαλλία
943 3865 1005 3917 ³⁸.
1054 3865 1113 3917 '0
1146 3860 1238 3918 οὖν
1265 3865 1437 3930 ἀόϐᾶς
1479 3868 1777 3938 ’Δρσένιος,
1815 3870 1891 3933 ὡς

313 3942 451 4001 εἶδεν
482 3949 568 4001 ὅτι
605 3949 903 4019 ἐχρόνισεν.
939 3952 1222 4020 ἐγεύσατο,
1277 3954 1631 4026 λογισάμενος
1681 3958 1890 4027 μήποτε

314 4039 498 4104 ξένους
534 4039 714 4111 ἔσχεν.
763 4042 820 4096 Ὁ
851 4042 907 4096 δέ
933 4042 1107 4107 ἀϐϐᾶς
1156 4045 1503 4117 Ἀλέξανδρος
1532 4047 1609 4111 ὡς
1642 4049 1889 4102 ἐτέλεσεν

310 4129 430 4197 ὀψὲ,
449 4128 686 4198 ἀπῆλθε.
711 4130 823 4183 Καὶ
844 4130 991 4199 λέγει
1013 4132 1163 4205 αὺτῷ
1188 4137 1219 4187 6
1241 4134 1441 4205 γέρων·
1474 4135 1669 4201 Ξένους
1697 4137 1883 4208 ἔσχες;

311 4222 509 4289 Λέγει·
546 4221 698 4293 Οὐχί.
741 4220 873 4276 Eius
913 4224 971 4278 δὲ
1014 4224 1201 4296 αὐτῷ’
1251 4225 1376 4291 Πῶς
1416 4222 1509 4282 οὖν
1549 4229 1648 4281 οὐκ
1680 4223 1882 4300 ἦλθεςς

376 4404 424 4437 υ
459 4403 550 4458 Al.
575 4403 812 4478 ἀπόσχῃ.
885 4403 932 4437 η
964 4404 1051 4460 Al.
1093 4404 1242 4475 βαΐα.

378 4562 491 4635 (75)
532 4562 587 4635 ῘΑ

312 4633 366 4686 lii
392 4632 550 4702 apud

311 4704 568 4766 uidelicet,
607 4711 658 4755 et
682 4702 911 4756 aliorum
934 4720 1029 4772 pro
1060 4704 1286 4757 remedio
1325 4702 1628 4759 animarum
1653 4716 1887 4774 receptas

310 4776 450 4833 cuia.
475 4791 509 4827 a
533 4775 636 4839 piis
666 4774 1092 4840 imperatoribus,
1122 4774 1347 4827 Patrum
1372 4775 1591 4838 scilicet,
1625 4784 1675 4828 et
1695 4786 1887 4829 vestro-

311 4861 422 4898 rum
447 4845 502 4896 in
534 4844 723 4898 timore
746 4853 795 4897 et
819 4860 999 4898 amore
1036 4843 1130 4898 Dei
1168 4853 1491 4911 prteparata,
1516 4845 1581 4898 ab
1611 4846 1756 4899 omni
1785 4861 1884 4898 usu

307 4924 355 4968 et
382 4914 542 4967 libita
573 4915 822 4967 humanm
871 4914 1186 4968 temeritatis
1224 4913 1490 4974 absoluta,
1528 4916 1579 4967 in
1602 4931 1688 4968 eos
1732 4932 1880 4979 usus,

306 4983 492 5052 quibus
527 4992 652 5037 sunt
685 4982 996 5046 constituta,
1035 4984 1281 5052 pietatem
1323 4985 1767 5052 prcedecessorum
1805 5000 1887 5037 se-

301 5063 540 5120 quentes,
566 5052 662 5106 sub
687 5054 983 5117 patrocinio
1005 5064 1176 5108 vestro
1202 5053 1419 5123 dignum
1443 5063 1518 5107 est
1548 5064 1716 5107 vestro
1755 5064 1883 5107 tem-

300 5137 429 5190 pore
476 5133 529 5177 et
579 5133 756 5178 vestra
783 5123 1146 5178 sollicitudine
1182 5133 1568 5182 restaurentur.
1606 5124 1711 5189 Qui
1749 5125 1884 5177 enim

232 5202 235 5203 '
302 5209 506 5265 agapen
544 5208 859 5261 pauperum.
887 5205 950 5265 iet
990 5194 1424 5265 sustentationem
1467 5195 1882 5265 peregrinorum,

298 5257 360 5316 ἐἱ
381 5257 771 5332 eleemosynam
801 5264 1171 5332 defunctorum
1193 5257 1538 5333 defraudant,
1581 5257 1721 5333 apud
1762 5281 1884 5318 san—

309 5339 421 5387 ctos"
447 5334 642 5387 Patres
671 5349 855 5387 eorum
885 5343 1153 5388 necatores
1183 5344 1453 5389 vocantur.
1487 5334 1658 5403 Cujus
1679 5334 1884 5388 decreti

311 5405 451 5471 prior
490 5419 622 5474 pars
674 5404 740 5458 ad
783 5404 1008 5474 bonum,
1046 5419 1267 5458 sensum
1320 5411 1375 5457 et
1421 5404 1883 5459 constructionem

310 5473 717 5542 grammaticam
753 5474 856 5527 hoc
885 5473 1049 5526 modo
1082 5474 1324 5528 revocari
1374 5474 1555 5534 debet,
1597 5474 1887 5528 scribendo

300 5541 581 5609 nimirum,
628 5541 888 5597 Patribus
913 5542 1112 5598 scilicet
1152 5544 1358 5607 vestris,
1389 5554 1443 5599 et
1472 5545 1714 5611 pietatem
1749 5558 1885 5610 prun

310 5612 633 5683 decessorum
658 5614 949 5683 sequendo.

308 5717 323 5733 ..
372 5682 477 5753 (76)
517 5682 937 5753 Συτχώρησόν
951 5700 1073 5751 μοι.
1097 5682 1167 5735 Ea
1197 5683 1452 5752 loquendi
1484 5682 1713 5737 formula
1744 5683 1882 5750 pleni

312 5766 427 5810 sunt
455 5757 603 5824 libri,
646 5755 961 5828 praesertim
992 5754 1235 5820 ascetici,
1273 5769 1335 5808 ac
1373 5754 1626 5825 liturgiei.
1651 5755 1756 5809 Sed
1781 5770 1881 5806 no-

1967 1420 1981 1430 .
2005 1371 2297 1428 Arsenium
2337 1374 2423 1429 his
2466 1376 2683 1432 verbis:

2006 568 2110 626 ago
2139 554 2525 623 tibi,Domine,
2559 561 2706 632 quod
2738 564 2870 619 mihi
2893 569 3236 629 concesseris
3275 579 3337 626 ut
3362 572 3593 630 eleemo-

2006 658 2194 714 synam
2231 660 2331 714 pro
2360 649 2583 705 nomine
2613 659 2706 706 tuo
2734 654 3062 725 acciperem.

1982 783 1988 787 .
2022 784 2030 794 ,
2075 736 2165 793 2|.
2193 736 2306 808 (77)
2332 737 2594 795 Dicebant
2625 742 2695 797 de
2729 744 2842 810 illo,
2865 748 3011 817 quod
3040 748 3214 819 ipsius
3236 752 3372 807 cella
3395 742 3597 811 dissita.

2005 834 2122 881 erat
2146 828 2323 897 spatio
2347 829 2661 885 milliarium
2691 833 2912 904 triginta
2938 836 3082 904 duo;
3115 855 3224 896 non
3264 841 3374 896 cito
3403 852 3586 898 autent

2006 918 2430 989 egrediebatur;
2480 922 2572 975 alii
2614 924 2759 979 enim
2799 928 3168 986 ministerium
3213 933 3265 988 ei
3293 932 3587 991 faciebant.

2007 1010 2237 1077 Quando
2279 1021 2461 1068 autem
2507 1020 2744 1069 vastata‘
2774 1027 2858 1073 est
2906 1019 3105 1086 Sectis,
3164 1025 3297 1078 exiit
3341 1025 3588 1095 plorans,

2007 1102 2289 1172 dixitque:
2351 1103 2590 1161 Mundus
2643 1104 2874 1163 Romam
2916 1112 3175 1182 perdidit,
3232 1123 3287 1170 et
3330 1117 3587 1173 monachi

2008 1192 2234 1249 Scetim.

2075 1283 2167 1338 2%.
2208 1284 2321 1355 (78)
2366 1283 2728 1345 Percontatus
2764 1296 2850 1345 est
2881 1290 3050 1347 abbas
3079 1292 3296 1351 Marcus
3332 1296 3584 1353 abbatem

2767 1377 3053 1435 Bonumne
3081 1390 3186 1449 est,
3247 1385 3454 1439 nullum
3490 1386 3587 1440 ba-

2003 1463 2134 1519 bere
2151 1465 2205 1520 in
2228 1465 2363 1521 cella
2385 1481 2486 1522 sua
2515 1469 2809 1523 solatium?
2830 1469 2946 1526 Vidi
2973 1473 3117 1527 enim
3147 1473 3369 1529 li-atrem
3393 1492 3586 1546 quem-

2004 1554 2128 1611 dam
2162 1557 2255 1626 qui
2277 1557 2523 1613 oluscula
2556 1559 2784 1626 habens,
2818 1561 3134 1618 eradicabat
3168 1579 3254 1621 ea.
3283 1566 3587 1637 Respondit

1982 1644 2172 1699 abbas
2213 1645 2514 1702 Arsenius:
2559 1646 2769 1703 Bonum
2806 1650 3025 1719 quidem
3066 1659 3176 1717 est,
3211 1658 3267 1705 at
3296 1650 3454 1721 juxta
3488 1653 3589 1707 bo.

2007 1735 2170 1790 minis
2187 1735 2453 1792 habitum.
2478 1726 2614 1792 Na'm
2645 1738 2690 1795 si
2719 1753 2828 1794 non
2851 1740 3102 1795 habuerit
3128 1740 3278 1798 vires
3304 1742 3360 1797 in
3388 1742 3588 1813 hujus-

1931 1804 1974 1863 Β
2002 1826 2148 1881 modi
2181 1828 2418 1897 incepto,
2444 1829 2641 1884 iterum
2671 1831 2779 1885 alia
2807 1832 3154 1901 plantaturus
3182 1841 3287 1889 est.

2072 1940 2162 1995 23.
2188 1939 2444 1996 Narravit
2487 1942 2590 1998 hoc
2638 1943 2803 1999 modo
2842 1946 3014 2001 abbas
3057 1945 3247 2002 Daniel
3280 1946 3591 2018 discipulus

2003 2030 2217 2087 abbatis
2259 2032 2514 2088 Arsenii:
2561 2033 2758 2090 Exstiti
2804 2036 3101 2106 aliquando
3134 2053 3303 2108 prope
3335 2039 3586 2094 abbatem

2000 2120 2399 2191 Alexandrum;
2424 2132 2479 2180 et
2502 2124 2691 2181 dolore
2712 2136 3001 2197 correptus
3027 2138 3132 2193 est,
3151 2144 3319 2199 seque
3337 2128 3410 2185 ob
3429 2130 3590 2200 argri-

2002 2214 2243 2269 tudinem
2267 2214 2534 2280 extendit,
2558 2231 2781 2273 sursum
2817 2219 3112 2289 aspiciens.
3132 2218 3374 2291 Contigit
3400 2228 3585 2275 autem

2003 2310 2062 2356 ut
2087 2303 2280 2359 beatus
2304 2305 2569 2361 Arsenius
2598 2308 2808 2363 veniret
2838 2308 2905 2362 ad
2937 2310 3269 2379 loquendum
3299 2311 3348 2371 ei
3375 2328 3391 2377 ;
3422 2310 3589 2364 vidit-

2000 2410 2108 2465 que
2140 2396 2289 2449 illum
2320 2405 2632 2453 extensum.
2698 2398 3000 2470 Postquam
3044 2417 3174 2472 ergo
3211 2402 3432 2458 loeutus
3477 2408 3585 2467 est,

2001 2482 2131 2536 dicit
2159 2484 2209 2539 ei
2236 2502 2249 2538 :
2276 2484 2340 2538 Et
2363 2487 2488 2555 quis
2525 2494 2643 2541 erat
2676 2487 2838 2542 homo
2868 2491 3150 2545 smeularis
3189 2506 3350 2561 quem
3380 2491 3468 2548 hic
3505 2491 3589 2546 vi-

2001 2573 2096 2628 di?
2137 2573 2441 2645 Respondit
2479 2576 2650 2634 abbas
2688 2578 3030 2637 Alexander:
3074 2580 3308 2637 Ubinam
3348 2599 3584 2654 conspe.

2002 2666 2129 2720 xisti
2162 2682 2285 2722 eum
2303 2667 2327 2721 ?
2346 2668 2470 2724 Ait:
2502 2667 2639 2722 Cum
2668 2680 2897 2726 emonte
2925 2672 3336 2735 descenderem.
3369 2674 3585 2746 respexi

2000 2756 2108 2812 huc
2143 2757 2208 2811 ad
2243 2760 2578 2828 speluncam,
2625 2767 2677 2814 et
2713 2761 2819 2815 vidi
2865 2762 3099 2832 aliquem
3135 2773 3422 2821 extensum
3453 2781 3575 2822 cer~

2000 2856 2218 2903 nentem
2264 2867 2505 2906 sursum.
2576 2851 2716 2908 Tum
2780 2856 2993 2909 veniam
3040 2871 3271 2927 corpore
3319 2858 3588 2912 inclinato

2000 2938 2151 3006 petiit
2177 2939 2248 2993 ab
2275 2940 2388 3005 illo,
2413 2940 2638 2997 dicens:
2691 2942 2863 2997 Parce
2890 2944 3022 2997 mihi
3045 2962 3061 3013 ;
3087 2960 3188 3014 ego
3209 2959 3357 2999 eram
3384 2964 3397 2999 :
3429 2945 3588 3002 dolor

1999 3028 2142 3081 enim
2162 3044 2249 3083 me
2274 3031 2705 3100 comprehendit.
2736 3031 2874 3087 Tum
2901 3049 3098 3089 senex:
3125 3033 3206 3089 Tu
3238 3035 3402 3106 igitur
3426 3038 3589 3093 eras?

2002 3119 2144 3177 Bene
2174 3122 2355 3178 habet.
2388 3126 2498 3194 Ego
2528 3126 2714 3195 putavi
2749 3127 2934 3182 sateuli
2971 3126 3247 3184 hominem
3284 3127 3478 3196 fuisse,
3502 3137 3587 3183 at-

2001 3228 2109 3282 que
2139 3213 2260 3268 ideo
2286 3216 2603 3272 sciscitatus
2633 3233 2778 3273 sum.

2070 3323 2162 3377 24.
2198 3324 2309 3395 (79)
2337 3326 2454 3382 Alia
2480 3328 2599 3383 vice
2628 3328 2798 3385 abbas
2820 3329 3086 3386 Arsenius
3109 3329 3246 3385 dixit
3265 3330 3447 3386 abbati
3467 3328 3588 3385 Ale-

2000 3420 2244 3474 xandro:
2274 3421 2571 3493 Postquam
2601 3425 2888 3481 discideris
2920 3425 3165 3495 palmeos
3198 3439 3381 3480 ramos
3428 3430 3580 3490 tuos,

2003 3514 2121 3565 veni
2163 3513 2499 3570 manducare
2543 3532 2791 3573 merum:
2841 3516 2987 3588 quod
3038 3516 3082 3572 si
3125 3515 3368 3586 hospites
3399 3529 3586 3586 super-

2001 3600 2273 3665 venerint,
2299 3616 2423 3655 cum
2453 3602 2561 3656 illis
2588 3603 2833 3661 comede.
2867 3604 3035 3677 Igitur
3060 3604 3231 3662 abbas
3253 3605 3581 3673 Alexander,

2000 3690 2142 3745 lente
2174 3692 2504 3761 operabatur
2531 3703 2693 3766 atque
2724 3697 3025 3753 moderate.
3048 3697 3222 3769 thue
3247 3698 3379 3753 hora
3407 3699 3580 3768 venit,

2001 3779 2178 3834 adhuc
2207 3781 2441 3838 habebat
2472 3801 2679 3841 ramos.
2708 3786 2773 3840 Et
2800 3786 2989 3844 volens
3017 3790 3166 3845 senis
3199 3789 3454 3843 mandato
3478 3790 3580 3845 ob-

1990 3877 2321 3939 temperare,
2357 3877 2699 3944 exspectavit
2723 3877 2899 3933 donec
2929 3893 3068 3951 opus
3095 3894 3254 3934 suum
3285 3882 3580 3950 explesset.

1989 3958 2058 4012 At
2096 3961 2267 4016 abbas
2303 3963 2593 4030 Arsenius,
2645 3979 2935 4039 postquam
2983 3969 3118 4023 vidit
3165 3986 3288 4024 eum
3340 3972 3577 4034 tardare,

1988 4050 2247 4112 comedit,
2287 4067 2472 4107 secum
2510 4065 2798 4124 reputans,
2846 4054 2988 4113 forte
3020 4059 3263 4129 hospites
3290 4060 3368 4114 illi
3400 4063 3582 4117 couti-

1987 4141 2155 4210 gisse.
2183 4141 2369 4198 Abbas
2400 4159 2533 4199 vero
2560 4145 2891 4212 Alexander,
2920 4151 3194 4219 completo
3224 4166 3391 4219 opere
3422 4155 3573 4206 circa

1986 4247 2288 4302 vesperam,
2317 4236 2576 4305 perrexit.
2601 4235 2741 4291 Dicit
2768 4239 2818 4293 ei
2839 4253 3040 4294 senex:
3074 4237 3397 4296 liabuistine
3422 4257 3577 4312 pere-

716 4579 814 4630 ην.
835 4521 1271 4648 .Eleein'osynam.
1330 4563 1554 4648 qanone
1590 4565 1657 4619 N
1682 4564 1882 4647 ponci-
1917 4577 1962 4631 1)
1990 4565 2092 4618 tari
2125 4563 2178 4645 in
2206 4562 2398 4648 primis
2420 4560 3012 4648 debethltpophtbegma
3045 4560 3378 4648 ﬁ‘Theodori
3404 4561 3575 4648 Pheg-

627 4633 915 4705 appnarias
942 4653 954 4687 :
1006 4632 1073 4687 Ut
1093 4631 1108 4635 ⁷
1135 4634 1418 4705 hospitalia
1438 4674 1452 4697 ,
1493 4637 1885 4705 peregrinorum
1994 4631 2394 4705 niensis’inlra,
2419 4649 2553 4705 cuin
2571 4631 3002 4705 Sozomen_i_loco
3026 4633 3138 4705 ω),
3168 4649 3288 4705 νιιι,
3316 4648 3436 4702 cap.
3482 4635 3568 4690 l7.

1992 4704 2102 4758 Καὶ
2141 4703 2344 4773 κύκλῳ,
2400 4704 2477 4755 ait
2506 4701 2762 4773 ASytneon
2813 4700 3319 4773 Thessalonicensis
3359 4700 3480 4773 cap.
3539 4706 3571 4757 7

1992 4773 2087 4844 lib.
2123 4771 3031 4844 Deisacrisordinationibus:T91;
3062 4772 3160 4844 τὴν
3186 4773 3337 4842 ἱερὰν
3365 4771 3573 4844 τράπε-ν

1991 4841 2092 4914 ζαν
2119 4843 2341 4914 διελθὼν
2392 4842 2544 4904 Θείας
2586 4842 2806 4914 χορείας
2848 4841 3262 4914 συνισταμένης,
3304 4841 3411 4914 τοῦ
3438 4844 3571 4914 ἧχου

1991 4859 2092 4905 ςαν
2119 4859 2341 4896 οιεΑυων
2392 4859 2544 4904 υειας
2623 4859 2806 4910 ορειας
2848 4859 3173 4910 συνισταμεν
3215 4859 3262 4905 ς,
3312 4859 3408 4897 του
3438 4859 3571 4914 ηχου

1984 4913 2094 4984 τῷν
2122 4911 2484 4984 ἑορταζόντων
2512 4860 2620 4965 καξί
2642 4909 3120 4984 πανηγυριζόντων
3150 4859 3434 4984 ξόομένου.
3476 4913 3573 4984 καλ

1985 4982 2096 5034 τῶν
2132 4980 2425 5053 μαρτύρων
2478 4980 3460 5053 συγχωρεῦεινίὴμῖνέπιϐοωμένων.
3512 4982 3569 5035 Id

1986 5060 2069 5106 est
2097 5049 2161 5106 ex
2190 5049 2635 5119 interpretatione
2663 5049 2763 5103 viri
2808 5049 2990 5104 docti:
3030 5049 3131 5103 Ter
3176 5049 3349 5104 autem
3382 5052 3569 5106 chorea

1987 5121 2135 5189 facta
2184 5122 2428 5175 circumit
2472 5137 2684 5174 sacram
2726 5135 2999 5174 mensam:
3039 5121 3250 5174 interim
3284 5131 3569 5174 cantantur

1987 5191 2168 5262 Itynmi
2188 5194 2241 5245 in
2275 5201 2396 5245 tono
2423 5190 2561 5243 diem
2584 5190 2775 5258 festum
2807 5190 3070 5262 agentium
3091 5202 3139 5262 et
3159 5193 3570 5262 panegyrimrce-

1990 5260 2350 5323 lebmntium;
2387 5272 2746 5331 martyresque
2775 5260 3008 5313 utnobis
3043 5260 3428 5331 indulgentiam
3463 5261 3567 5311 im-

1987 5341 2189 5400 petrent
2237 5347 2426 5401 magno
2463 5329 2692 5385 clamore
2745 5332 3080 5384 invocantur.
3128 5329 3257 5411 hlihi
3294 5344 3420 5383 vero
3447 5343 3567 5411 'non

1988 5411 2074 5455 est
2116 5402 2341 5455 dubimn
2400 5404 2532 5470 quin
2580 5416 2847 5471 reponere
2900 5407 3149 5468 oporteat
3197 5402 3567 5471 συγχορεῦειν,

1990 5466 2516 5541 nullatenusque'ad
2553 5466 2951 5540 indulgentiam
2994 5483 3055 5523 ae
3092 5466 3568 5522 veniatuvcrbuut

1991 5543 2278 5612 pertineat.

2061 5612 2172 5679 (77)
2221 5610 2324 5664 Vit.
2365 5610 2514 5663 Patr.
2552 5625 2610 5668 it.
2637 5610 2690 5679 6.

2063 5681 2173 5745 (78)
2222 5680 2326 5732 l’it.
2369 5679 2515 5732 Patr.
2555 5696 2604 5735 κ.
2640 5678 2691 5731 7.

2062 5752 2172 5823 (79)
2225 5750 2329 5803 l'it.
2359 5749 2497 5802 I’atr
2542 5766 2652 5813 x'v,
2690 5749 2743 5800 Ι.
