4034 6340
391 377 397 384 -
422 337 493 397 95
1593 329 1938 386 APPENDlX
1981 331 2070 386 AD
2105 333 2521 392 PALLADIUM.
3603 326 3675 382 96

419 452 648 524 grinos?
695 449 1037 523 Respondit:
1081 447 1453 518 Nequaquam.
1500 444 1992 514 Tumille:Quare

2123 449 2166 506 Ο
2191 451 2247 504 δὲ
2270 452 2439 520 λέγει·
2469 454 2588 506 ’Ότι
2612 445 2767 512 εἶπές
2795 465 2904 518 μοι,
2928 449 3059 502 ὅταν
3081 446 3382 519 ἀποσχίσῃς
3397 449 3441 480 ³⁸
3460 447 3528 501 τὰ
3553 445 3676 500 θαλ-

417 560 550 614 ergo
599 559 708 598 non
759 543 993 598 venisti?
1038 540 1168 594 llic:
1218 539 1356 604 Quia
1406 535 1594 590 dixisti
1639 537 1810 592 mihi:
1860 540 1996 593 Cum

2123 543 2184 595 la
2213 561 2328 608 σου,
2362 543 2516 596 ἐλθέ·
2576 543 2671 596 καί¹
2696 540 2879 612 τηρῶν
2910 540 3000 592 τὸν
3031 539 3187 608 λόγον
3223 555 3338 599 σου,
3369 539 3468 592 οὐκ
3497 533 3678 610 ἦλθον,

421 634 728 687 abseideris
750 633 957 703 palmas
982 629 1283 693 tuas,veni;
1312 628 1454 682 unde
1473 627 1620 682 dicto
1634 639 1728 682 tuo
1746 624 1996 697 audiens,

2125 652 2175 686 τι
2226 635 2349 704 ἄρτι
2405 635 2719 704 ἐπλήρωσα.
2781 633 2891 686 Kal
2937 631 3247 702 ἐθαύμασεν
3283 633 3312 684 ὁ
3353 630 3532 702 γέρων
3583 630 3682 701 τὴν

422 738 534 778 non
563 725 840 793 prolectus
870 737 1011 787 sum,
1046 721 1171 788 quia
1201 717 1362 772 modo
1398 717 1623 786 perfeci.
1657 717 1797 773 Tum
1827 720 1999 774 mira-

2123 724 2378 794 ικρίὄειαν
2409 725 2596 787 αὐτοῦ,
2638 723 2734 778 καὶ
2772 723 2924 790 λέγει
2955 721 3105 793 αὐτῷ
3128 738 3140 752 '
3182 721 3489 792 Ταχύτερον
3515 722 3680 775 κατά-

424 822 514 869 tus
539 822 626 869 est
660 829 822 868 senex
865 817 1172 864 accuratam
1209 807 1330 876 ejus
1361 807 1767 874 obedientiam;
1816 810 2001 879 aitque

2123 831 2190 866 ,υε
2213 814 2344 884 (84),
2397 815 2484 868 ἴνα
2509 815 2602 869 καὶ
2630 815 2728 886 τὴν
2773 812 2990 878 σύναξίν
3041 829 3132 864 σου
3165 811 3331 881 βάλῃς
3360 811 3425 875 ³ο,
3463 811 3558 864 καὶ
3587 811 3681 864 τοῦ

427 905 545 956 illi:
585 903 762 956 Citius
797 900 944 954 solve
973 895 1266 965 jejunium,
1311 910 1421 965 quo
1468 905 1523 952 et
1568 897 1802 951 ollieium
1844 905 1999 952 tuum

2123 902 2293 966 »δατός
2340 920 2435 956 σου
2467 903 2780 973 μεταλάὸῃς
2801 919 2816 932 ο
2859 902 2909 957 εἰ
2953 899 3010 953 δὲ
3039 900 3203 973 μήγε,
3238 900 3443 970 ταχέως
3470 899 3581 971 ἔχει
3623 900 3681 953 τὸ

431 994 652 1055 recites,
702 998 755 1045 et
799 1003 994 1058 aquam
1038 996 1185 1041 tuam
1233 1002 1450 1042 sumas:
1497 989 1581 1042 sin
1628 989 1811 1044 minus
1849 989 2000 1044 brevi

427 1099 628 1153 co:-pus
659 1090 809 1134 tuum
847 1081 900 1132 in
936 1078 1308 1133 infirmitatem
1345 1079 1606 1134 incurret.

495 1175 584 1226 25.
627 1172 737 1240 (80)
781 1169 1042 1225 Pervenit
1088 1170 1382 1239 aliquando
1427 1171 1597 1226 abbas
1627 1171 1893 1228 Arsenius
1933 1172 2003 1227 ad

426 1261 712 1331 quemdam
760 1260 940 1314 locum
980 1260 1037 1312 in
1083 1273 1194 1328 quo
1233 1267 1392 1314 erant
1431 1259 1758 1326 arundines;
1809 1277 1929 1331 quae
1971 1277 2004 1316 a

425 1361 585 1407 vento
617 1360 775 1406 mqu
820 1360 970 1406 sunt.
1012 1350 1078 1403 Et
1119 1351 1194 1404 ait
1221 1366 1384 1406 senex
1412 1349 1716 1406 fratribus:
1759 1353 1895 1418 Quis
1918 1360 2004 1408 est

425 1451 605 1498 motus
638 1443 760 1497 hic?
804 1442 1257 1512 Responderunt:
1295 1442 1604 1498 Arundines
1634 1451 1784 1499 sunt.
1818 1445 2006 1514 Itaque

426 1533 559 1587 dicit
591 1534 672 1590 eis
703 1550 904 1590 senex:
957 1533 1168 1588 Revera
1203 1533 1248 1588 si
1291 1534 1416 1603 quis
1443 1533 1648 1589 sederit
1675 1535 1876 1604 quiete,
1909 1549 2008 1589 au-

427 1623 696 1692 dieritque
723 1638 912 1678 vocem
951 1623 1199 1688 aviculae,
1236 1639 1345 1676 non
1370 1623 1594 1678 habebit
1635 1639 1732 1679 cor
1770 1625 1889 1695 ejus
1918 1641 2009 1681 re-

426 1715 610 1783 quiem
639 1713 882 1769 eamdem
909 1734 923 1770 :
959 1720 1164 1785 quanto
1195 1715 1368 1786 magis
1403 1730 1524 1784 vos,
1559 1716 1752 1770 barum
1783 1717 2007 1773 arundi-

431 1819 560 1856 num
593 1803 941 1873 agitationem
979 1804 1308 1859 sentientes.

500 1893 590 1953 26.
626 1894 709 1963 (81
720 1902 738 1963 )
773 1893 1061 1949 Referebat
1084 1894 1257 1948 abbas
1285 1893 1493 1960 Daniel,
1516 1893 1782 1964 quosdam
1808 1894 2004 1952 fratres

434 1981 716 2034 Thebaida
741 1989 958 2051 propter
987 1981 1133 2034 tilum
1151 1981 1353 2035 lineum
1372 1989 1742 2051 perrecturos,
1762 1983 2002 2040 dixisse:

438 2072 548 2125 Per
581 2071 928 2125 occasionem
961 2071 1212 2127 abbatem
1239 2071 1530 2127 Arsenium
1558 2072 2010 2128 invisamus.lta-

435 2177 541 2234 que
564 2161 845 2231 ingressus
866 2161 1038 2217 abbas
1062 2160 1389 2225 Alexander,
1411 2161 1550 2215 dixit
1580 2163 1698 2218 seni
1723 2180 1736 2215 :
1785 2162 2008 2221 Fratres

434 2268 503 2310 ex
532 2253 860 2308 Alexandria
886 2253 1182 2315 venientes,
1200 2251 1387 2308 videre
1410 2261 1461 2307 te
1481 2253 1728 2323 cupiunt.
1759 2251 2010 2324 Respon-

437 2348 515 2402 dit
544 2361 746 2403 senex:
775 2344 932 2402 Disce
953 2362 1019 2401 cx
1048 2345 1117 2403 iis
1139 2360 1245 2415 qua
1270 2345 1337 2400 de
1359 2359 1526 2400 causa
1546 2345 1886 2400 advenerint.
1917 2345 2012 2402 Ille

437 2436 533 2496 ubi,
566 2437 942 2506 comperisset,
971 2435 1026 2493 in
1051 2433 1380 2491 Thebaidem
1409 2434 1506 2488 lini
1549 2449 1678 2505 ergo
1708 2434 2009 2504 proﬁcisci,

437 2525 553 2582 seni
606 2523 955 2581 renuntiavit.
1010 2522 1146 2579 Tum
1193 2522 1311 2578 hic:
1368 2520 1530 2576 Certe
1563 2520 1757 2575 faciem
1795 2522 2011 2576 Arsenii

439 2633 545 2671 non
576 2616 940 2686 conspicient,
975 2614 1236 2683 quoniam
1265 2611 1369 2666 mei
1413 2610 1588 2681 gratia
1619 2626 1728 2665 non
1767 2625 2013 2666 accesse-

437 2717 590 2772 runt,
622 2709 714 2763 sed
766 2707 836 2761 ob
865 2721 1002 2775 opus
1031 2720 1211 2760 suum.
1267 2701 1496 2772 Suscipe
1522 2716 1616 2756 eos
1647 2715 1710 2755 ac
1740 2710 2016 2758 recreatos

439 2799 652 2852 dimitte
703 2797 756 2848 in
814 2810 969 2865 pace,
1002 2794 1224 2849 dicens:
1294 2791 1473 2848 Senex
1517 2791 1676 2847 vobis
1727 2805 2018 2852 occurrere

440 2904 552 2946 non
581 2895 776 2957 potest.

509 2982 601 3034 27.
635 2980 748 3050 (82)
774 2979 982 3048 Aliquis
1023 2977 1252 3032 fratrum
1284 2976 1419 3032 abiit
1450 2976 1520 3031 ad
1566 2976 1763 3032 cellam
1805 2976 2018 3034 abbatis

445 3073 657 3134 Arsenii
687 3072 740 3125 in
778 3071 947 3132 Secti,
997 3085 1061 3124 ac
1111 3083 1206 3140 per
1235 3068 1435 3123 ostium
1474 3068 1808 3134 attendebat,
1839 3068 2019 3124 videt-

445 3181 550 3234 que
573 3179 758 3218 senem
790 3164 967 3216 instar
995 3161 1135 3230 ignis
1166 3167 1338 3214 totum
1365 3177 1379 3225 ;
1412 3169 1529 3215 erat
1551 3167 1733 3216 autem
1768 3160 1816 3216 is
1849 3159 2017 3216 frater

444 3256 642 3325 dignus
681 3255 775 3323 qui
831 3254 1195 3322 conspiceret.
1235 3249 1413 3320 thue
1460 3251 1716 3322 pulsavit,
1763 3266 2018 3321 egressus

446 3355 532 3403 est
563 3363 750 3412 senex,
773 3353 825 3399 et
855 3344 1205 3408 conspicatus
1225 3342 1447 3398 fratrem
1476 3344 1625 3398 velut
1645 3350 1869 3413 stupore
1892 3359 2018 3399 cor-

449 3446 682 3508 reptum,
731 3435 869 3490 dixit
902 3436 987 3491 ei.-
1057 3435 1097 3487 A
1133 3435 1376 3488 multone
1405 3442 1649 3506 tempore
1688 3434 1833 3490 fores
1894 3436 2018 3509 pui-

449 3529 579 3584 sas?
607 3527 745 3581 Num
777 3525 979 3597 aliquid
1023 3526 1112 3580 hic
1135 3542 1195 3580 es
1231 3525 1503 3580 intuitus?
1549 3525 1880 3598 Respondit:
1917 3525 2022 3583 Ne-

449 3631 744 3686 quaquam.
776 3615 914 3668 Tum
953 3615 1280 3674 collocutus.
1316 3615 1692 3670 dimisiteum.

518 3725 610 3780 28.
651 3706 765 3796 (85)
806 3724 1054 3790 Quodam
1092 3731 1338 3794 tempore
1377 3723 1506 3778 dum
1547 3723 1815 3779 resideret
1854 3723 2022 3780 abbas

451 3817 716 3876 Arsenius
748 3816 803 3870 in
832 3815 1076 3884 Canopo,
1110 3815 1372 3870 senatorii
1417 3814 1631 3884 generis
1660 3814 1834 3885 virgo,
1872 3814 2024 3871 dives

453 3907 765 3969 admodum,
810 3920 874 3959 ac
905 3904 1072 3958 Deum
1105 3903 1326 3968 timens,
1369 3903 1518 3957 venit
1565 3917 1596 3956 a
1631 3901 1824 3968 Roma,
1849 3913 1905 3958 ut
1939 3904 2023 3958 vi-

453 3999 606 4053 deret
636 4012 798 4065 eum;
847 4003 1210 4066 susceptaque
1248 4000 1333 4050 est
1366 4009 1396 4048 a
1427 3992 1729 4064 TheOpbilo
1755 3994 2027 4066 archiepi-

2102 993 2264 1063 σῶμά
2296 1009 2390 1046 σου
2419 993 2735 1064 ἀσθενῆσαι.

2173 1175 2269 1224 κε’.
2312 1167 2595 1241 Παρέϐαλέ
2652 1184 2784 1221 ποτε
2812 1168 2841 1220 6
2873 1166 3046 1230 ἀόὄᾶς
3085 1165 3358 1237 Ἀρσένιος
3393 1167 3471 1229 εἰς
3497 1167 3686 1232 τόπον,

2102 1263 2197 1314 καὶ
2216 1256 2356 1332 ἦσαν
2385 1261 2504 1314 ἐκεῖ
2535 1260 2791 1330 κάλαμοι,
2823 1260 2919 1312 καὶ
2948 1259 3277 1329 ἐκινήθησαν
3310 1259 3413 1312 ὑπὸ
3440 1259 3531 1312 τοῦ
3565 1260 3682 1314 ἀνέ-

2105 1367 2229 1422 μου.
2291 1350 2403 1404 Kal
2442 1349 2589 1418 λέγει
2621 1353 2648 1404 6
2679 1350 2856 1420 γέρων
2901 1352 3014 1412 τοῖς
3062 1348 3342 1418 ἀδελφοῖς·
3385 1349 3450 1402 Ti
3486 1351 3634 1403 ἐστιν
3659 1351 3688 1402 6

2105 1441 2326 1512 σεισμὸς
2369 1433 2560 1506 οὗτοςς
2612 1442 2723 1494 Kal
2762 1440 3012 1510 λέγουσι·
3049 1440 3298 1510 Κάλαμοί
3346 1441 3473 1495 εἰσι.
3523 1441 3689 1508 Λέγει

2105 1526 2198 1585 οὖν
2234 1532 2417 1594 αὐτοῖς
2441 1533 2470 1585 6
2513 1531 2690 1602 γέρων
2709 1548 2723 1562 °
2777 1531 2940 1584 Φύσει
2969 1532 3064 1583 ὲάν
3096 1530 3331 1600 κάθηταί
3355 1548 3444 1593 τις
3466 1531 3523 1584 ὲν
3556 1532 3689 1601 ἡσυ-

2105 1623 2218 1694 χίᾳ,
2253 1621 2478 1677 ἀκούσει
2504 1622 2563 1674 δὲ
2595 1622 2777 1693 φωνὴν
2818 1621 3122 1694 στρουθίου,
3156 1622 3255 1674 οὐκ
3287 1620 3399 1690 ἔχει
3429 1623 3462 1691 ἠ
3491 1621 3691 1694 καρδία

2105 1714 2204 1785 τὴν
2236 1714 2405 1784 αὐτὴν
2431 1713 2661 1784 ἡσυχίαν
2681 1729 2696 1746 ο
2727 1713 2878 1784 πόσῳ
2935 1713 3134 1784 μᾶλλον
3171 1713 3327 1782 ὑμεῖς
3363 1710 3576 1782 ἔχοντες
3597 1713 3690 1766 τὸν

2035 1788 2082 1838 Β
2108 1807 2331 1877 σεισμὸν
2359 1805 2469 1860 τῶν
2491 1806 2753 1876 καλάμων
2775 1806 3008 1859 τούτων.

2177 1906 2290 1965 κς’.
2317 1898 2545 1968 Ἔλεγεν
2572 1901 2601 1952 6
2620 1898 2796 1962 ἀϐὄᾶς
2821 1897 3042 1970 Δανιὴλ,
3064 1899 3145 1952 ὅτι
3166 1897 3308 1961 τινὲς
3327 1895 3547 1965 ἀδελφοὶ
3562 1896 3693 1966 μέλ·
3735 1906 3740 1907 ’

2106 1988 2290 2050 λοντες
2327 1988 2556 2056 ὑπάγειν
2581 1988 2662 2051 εἰς
2682 1986 2920 2058 Θηϐαΐδα
2952 1986 3040 2040 διά
3069 1984 3305 2057 λινάρια·,
3330 1985 3582 2054 λέγουσι·
3611 1983 3692 2036 Δι’

2109 2079 2364 2150 ἀφορμῆς
2398 2079 2596 2148 ἴδωμεν
2629 2077 2723 2131 καὶ
2763 2077 2856 2131 τὸν
2897 2076 3070 2130 ἀὸὅᾶν
3107 2076 3402 2148 Ἀρσένιον.
3438 2075 3548 2127 Kal
3576 2077 3694 2127 elo-

2109 2169 2271 2242 ῆλθεν
2307 2172 2336 2224 ὁ
2384 2169 2559 2233 ἀὸὄᾶς
2615 2169 2978 2240 ⁹Λλέξανδρος,
3023 2168 3116 2221 καὶ
3161 2163 3282 2220 εἷπε
3327 2166 3403 2237 τῷ
3432 2167 3649 2236 γέροντι
3677 2182 3695 2196 ι

2125 2261 2367 2331 Ἀδελφοὶ
2393 2261 2634 2323 ἐλθόντες
2662 2260 2770 2314 ἀπὸ
2793 2259 3199 2331 Ἀλεξανδρείας
3221 2259 3432 2312 θέλουσί
3457 2275 3515 2310 σε
3541 2258 3694 2311 ἰδεῖν.

2112 2352 2273 2420 Λέγει
2296 2353 2324 2404 6
2351 2353 2529 2426 γέρων
2546 2367 2559 2382 ο
2585 2350 2741 2405 Μάθε
2771 2351 2901 2422 παρ’
2928 2349 3105 2403 αὐτῶν
3130 2350 3195 2403 δι’
3221 2349 3288 2420 ἢν
3308 2349 3486 2402 αἰτίαν
3515 2365 3696 2420 παρα-

2113 2443 2392 2512 γεγόνασι.
2447 2443 2558 2496 Kal
2595 2441 2781 2512 μαθὼν
2821 2443 2905 2495 ὅτι
2946 2442 3024 2504 εἰς
3079 2440 3318 2512 Θηϐαΐδα
3354 2439 3441 2492 διά
3476 2439 3697 2511 λινάρια

2114 2532 2431 2600 ὑπάγουσιν,
2457 2530 2756 2602 ἀπήγγειλε
2780 2530 2860 2602 τῷ
2891 2531 3126 2602 γέροντι.
3164 2531 3325 2600 Λέγει
3358 2532 3452 2584 καὶ
3483 2531 3646 2595 αὐτός
3671 2547 3686 2561 ο

2113 2621 2280 2674 Φύσει
2307 2621 2368 2676 οὐ
2401 2621 2654 2692 βλέπουσι
2675 2621 2736 2674 τὸ
2761 2621 3049 2692 πρόσωπον
3076 2622 3474 2691 ’Λρσενιου,ὅτι
3505 2621 3571 2674 δι’
3588 2621 3693 2691 ἐμὲ

2115 2713 2216 2769 οὐκ
2239 2707 2422 2782 ἦλθον,
2455 2710 2591 2765 ἀλλά
2617 2710 2706 2765 διά
2726 2711 2788 2764 τὸ
2817 2711 2976 2782 ἔργον
2998 2711 3200 2766 αὐτῶν.
3229 2712 3562 2766 Ἀνάπαυσον
3588 2711 3690 2765 αὑ-

2116 2801 2260 2864 τοὺς.
2283 2801 2377 2853 καὶ
2395 2799 2663 2854 ἀπόλυσον
2691 2801 2748 2853 ὲν
2776 2801 2988 2872 εἰρήνῃ,
3015 2798 3184 2856 εἰπὼν
3204 2799 3408 2865 αὐτοῖς,
3429 2801 3510 2852 ὅτι
3530 2798 3698 2868 Ὀ-γέ-

2121 2906 2229 2961 ρων
2258 2889 2318 2943 ού
2342 2888 2565 2946 δύναται
2591 2889 2922 2958 ἀπαντῆσαι.

2187 2980 2290 3045 κζ’.
2328 2981 2578 3050 Ἀδελφός
2604 2999 2688 3044 τις
2717 2979 2960 3051 ἀπῆλθεν
2986 2980 3066 3044 εἰς
3092 2980 3154 3034 τὸ
3196 2980 3404 3034 κελλίον
3433 2979 3525 3034 τοῦ
3555 2979 3702 3034 ἀὸϐᾶ

2131 3072 2406 3144 ’Λρσενίου
2432 3074 2490 3127 ὲν
2528 3074 2746 3144 Σκήτει,
2775 3075 2869 3126 καὶ
2906 3073 3181 3147 προσέσχε
3221 3072 3309 3126 διὰ
3337 3072 3435 3142 τῆς
3463 3070 3698 3142 θυρίδος,

2124 3165 2214 3218 καὶ
2246 3164 2440 3235 θεωρεῖ
2469 3163 2558 3218 τὸν
2595 3163 2827 3235 γέροντα
2860 3165 2979 3218 ὅλον
3008 3164 3083 3226 ὼς
3112 3162 3254 3234 πύρ’
3296 3158 3364 3231 ἦν
3400 3161 3456 3214 δὲ
3497 3161 3642 3225 ἀξιος
3671 3163 3702 3214 ὁ

2123 3256 2348 3326 ἀδελφὸς
2373 3255 2466 3308 τοῦ
2495 3255 2641 3310 ἰδεῖν.
2671 3255 2782 3308 Kal
2800 3255 2875 3318 ὡς
2899 3254 3178 3327 ἔκρουσεν,
3209 3251 3428 3323 ἐξῆλθεν
3454 3253 3482 3304 6
3499 3251 3700 3322 γέρων,

2125 3349 2216 3402 καὶ
2242 3349 2437 3419 θεωρεῖ
2469 3347 2559 3399 τὸν
2592 3347 2819 3416 ἀδελφὸν
2844 3347 2918 3412 ὼς
2950 3346 3243 3418 ἐκθαμϐον.
3273 3345 3384 3405 Kal
3416 3343 3562 3412 λέγει
3599 3343 3701 3395 αὑ-

2124 3436 2203 3507 τῷ
2225 3453 2239 3465 ·
2267 3438 2452 3507 Ἔχεις
2490 3435 2688 3506 πολλὴν
2717 3435 2866 3508 ὥραν
2895 3435 3145 3507 κρούων;
3200 3436 3274 3506 μή
3308 3435 3359 3487 τί
3399 3450 3528 3486 ποτε
3563 3429 3706 3494 εἶδες

2127 3522 2264 3593 ὧδε;
2319 3527 2430 3581 Kal
2471 3522 2631 3580 εἷπε·
2681 3525 2838 3596 Οὐχί.
2896 3527 3007 3581 Kal
3049 3525 3288 3596 λαλήσας
3308 3524 3350 3556 ³³
3396 3522 3558 3578 αὐτὸν
3598 3523 3707 3575 ἀπ-

2131 3618 2340 3673 έλυσεν.

2199 3738 2303 3802 κη’.
2345 3731 2667 3802 Καθημένου
2711 3747 2812 3785 ποτ
2849 3718 2853 3722 ’
2882 3727 2975 3782 τοῦ
3005 3727 3150 3782 ἀϐϐἄ
3192 3723 3474 3798 ’Λρσενιου
3508 3725 3588 3789 εἰς
3611 3725 3707 3778 τὸν

2129 3822 2416 3888 Κάνωπον,
2456 3817 2585 3893 ἦλθε
2629 3822 2727 3891 μία
2780 3818 3116 3891 συγκλητικὴ
3165 3817 3431 3889 παρθένος
3475 3815 3707 3868 πλουσία

2133 3912 2334 3982 σφόδρα
2371 3912 2464 3964 καί.
2506 3911 2814 3982 φοϐουμένη
2852 3909 2942 3963 τὸν
2976 3907 3130 3972 Θεὸν,
3181 3907 3288 3960 ἀπὸ
3327 3905 3542 3976 Ῥώμης
3580 3905 3709 3959 ἰδεῖν

2131 4002 2292 4056 αὐτόν
2312 4017 2326 4032 ⁸
2363 4002 2456 4055 καὶ
2489 4002 2781 4067 ὑπεδέξατο
2813 4001 2982 4071 αὐτὴν
3017 3997 3268 4066 Θεόφιλος
3296 3999 3324 4050 6
3351 3996 3706 4068 ἀρχιεπίσκο-

454 4104 656 4158 scopo;
681 4103 840 4158 quem
874 4087 1107 4156 rogavit,
1127 4093 1187 4139 ut
1219 4087 1336 4141 seni
1368 4085 1720 4156 persuaderet
1742 4085 2028 4142 admittere

455 4180 623 4237 illam.
651 4179 716 4236 Et
743 4179 989 4244 veniens,
1017 4179 1266 4233 hortatus
1286 4186 1370 4233 est
1398 4192 1522 4232 eum
1541 4177 1626 4232 his
1655 4177 1838 4235 verbis
1864 4197 1878 4233 :
1910 4177 2027 4241 Illa,

2131 4109 2261 4156 ποςο
2299 4092 2392 4145 καὶ
2421 4091 2794 4164 παρεκάλεσεν
2827 4091 3010 4157 αὐτὸν,
3055 4091 3141 4143 ἵνα
3173 4087 3337 4161 πείσῃ
3359 4087 3451 4140 τὸν
3475 4086 3710 4156 γέροντα

2132 4181 2387 4247 δέξασθαι
2412 4182 2602 4252 αὑτήν.
2646 4181 2757 4235 Kal
2797 4180 2966 4233 ἐλθὼν
3002 4181 3138 4251 πρὸς
3165 4179 3324 4233 αὐτὸν
3365 4177 3710 4249 παρεκάλεσε

458 4273 755 4339 senatoria,
804 4288 834 4326 e
871 4272 1044 4326 Roma
1088 4269 1332 4331 advenit,
1369 4270 1599 4338 vultque
1627 4269 1814 4324 videre
1849 4278 1920 4325 te.
1959 4273 2013 4323 Al

2134 4271 2334 4341 λέγων·
2364 4272 2429 4325 Ἦ
2444 4272 2636 4344 δεῖναή
2665 4271 2998 4342 συγκλητικὴ
3019 4267 3180 4342 ἦλθεν
3206 4269 3314 4324 ἀπὸ
3339 4268 3576 4339 Ῥώμης,
3612 4267 3712 4320 καὶ

455 4379 618 4418 senex
657 4378 764 4417 non
797 4361 1072 4431 acquievit
1103 4368 1164 4414 ut
1203 4359 1420 4414 mulieri
1453 4358 1672 4413 obviam
1715 4359 1836 4414 iret.
1893 4359 2013 4415 Cun

2137 4362 2278 4416 θέλει
2312 4379 2372 4414 σε
2398 4362 2542 4416 ἰδεῖν.
2579 4361 2641 4417 '0
2673 4362 2729 4415 δὲ
2752 4362 2928 4434 γέρων
2957 4362 3018 4416 ού
3047 4360 3369 4427 κατεδέξατο
3397 4357 3712 4426 ἀπαντῆσαι

453 4469 585 4522 ergo
629 4451 823 4522 virgini
855 4450 1226 4505 renuntiatum
1262 4449 1475 4515 fuisset,
1521 4450 1689 4520 jussit
1730 4451 1902 4506 sterni
1941 4454 2013 4524 ju-

2132 4453 2290 4523 αὐτῇ.
2337 4452 2423 4515 Ὠς
2452 4447 2544 4504 οὖν
2577 4449 2847 4521 ἀνηγγέλη
2891 4450 3027 4520 αὐτῇ
3069 4449 3260 4513 ταῦτα,
3296 4447 3506 4500 κελεύει
3534 4462 3714 4518 στρω-

456 4551 662 4605 menta,
699 4539 843 4611 apud
869 4556 928 4596 se
957 4541 1177 4595 dicens:
1214 4539 1441 4595 Conﬁdo
1471 4541 1602 4608 Deo,
1633 4542 1780 4613 quod
1802 4558 2013 4614 conspe

2128 4543 2287 4614 θῆναι
2314 4543 2508 4613 κτήνη,
2535 4541 2768 4609 λέγουσα
2785 4557 2799 4571 ο
2845 4538 3092 4593 Πιστεύω
3115 4539 3194 4609 τῷ
3224 4536 3343 4608 Θεῷ
3378 4537 3502 4590 ἰδεῖν
3527 4535 3709 4592 αὐτόν.

456 4640 611 4687 ctura
640 4634 740 4686 sim
774 4631 1101 4696 Arsenium;
1138 4644 1244 4686 non
1271 4631 1417 4685 enim
1444 4631 1513 4686 ad
1541 4633 1815 4689 hominem
1842 4635 2013 4691 viden

2127 4636 2201 4689 Οὐ
2234 4633 2338 4706 γὰρ
2382 4633 2663 4704 ἄνθρωπον
2709 4627 2874 4702 ἦλθον
2910 4631 3070 4685 ἰδεῖν·
3127 4629 3235 4684 εἰσὶ
3287 4630 3394 4700 γάρ
3428 4627 3524 4681 καὶ
3555 4628 3612 4679 ὲν
3641 4629 3712 4698 τῇ

457 4723 586 4778 dum
623 4737 743 4782 sum
771 4721 1050 4790 profecta;
1091 4721 1293 4792 quippe
1323 4737 1448 4776 cum
1485 4724 1736 4793 plurimis
1774 4727 1906 4781 viris
1946 4741 2013 4782 rei

2131 4725 2286 4784 πόλει
2309 4727 2342 4795 ἡ
2351 4725 2465 4795 μῶν
2503 4723 2690 4777 πολλοὶ
2717 4722 2813 4776 ἄνθ
2823 4740 2990 4793 ρωποι
3011 4739 3025 4754 ·
3068 4722 3206 4776 ἀλλά
3233 4722 3518 4792 προφήτην
3545 4716 3714 4790 ἦλθον

459 4812 599 4867 ferta
623 4812 695 4868 sit
711 4820 898 4867 nostra
924 4813 1149 4881 civitas;
1169 4813 1266 4869 sed
1285 4813 1352 4868 ad
1371 4813 1692 4870 intuendum
1714 4818 2013 4887 prophetan

2133 4816 2283 4870 ἰδεῖν.
2311 4815 2422 4868 Kal
2451 4813 2526 4877 ὡς
2555 4813 2754 4884 ἔφθασε
2789 4814 2918 4884 περὶ
2953 4813 3052 4883 τὴν
3087 4812 3281 4866 κέλλαν
3307 4811 3402 4865 τοῦ
3436 4811 3712 4880 γέροντος,

459 4903 564 4958 lter
617 4902 858 4973 suscepi.
918 4902 1098 4973 thue
1152 4905 1395 4974 pervenit
1435 4906 1582 4960 circa
1616 4907 1810 4961 cellam
1864 4908 2011 4963 senis

2131 4905 2253 4960 κατ’
2304 4905 2614 4975 οἰκονομίαν
2653 4903 2787 4956 Θεοῦ
2837 4903 3163 4974 εὐκαίρησεν
3203 4904 3231 4955 6
3264 4901 3441 4974 γέρων
3470 4900 3574 4966 ἔξω
3610 4901 3715 4970 τῆς

462 4993 810 5048 commodum
838 4994 918 5051 sic
942 4995 1051 5050 Deo
1087 4995 1410 5065 disponente
1446 5011 1612 5052 senex
1655 5003 1806 5051 extra
1845 4998 2013 5052 cellan

2133 4995 2330 5066 κέλλης
2353 5011 2367 5027 ο
2416 4995 2510 5050 καὶ
2541 4991 2723 5048 ἰδοῦσα
2747 4993 2908 5045 αὑτὸν
2939 4993 3244 5064 προσέπεσε
3288 4994 3398 5056 τοῖς
3424 4991 3583 5043 ποσὶν
3611 4989 3717 5044 αὑ-

459 5083 690 5138 vacabat
717 5100 731 5135 :
759 5099 918 5153 quem
944 5084 1034 5138 illa
1056 5093 1343 5151 contuens,
1371 5085 1603 5156 procidit
1626 5086 1693 5141 ad
1716 5085 1876 5155 pedes
1899 5086 2013 5156 ejus

2134 5086 2252 5139 τοῦ.
2297 5086 2354 5139 Ὀ
2376 5086 2433 5139 δὲ
2456 5086 2676 5156 ἤγειρεν
2703 5084 2872 5153 αὐτὴν
2897 5087 3014 5154 μετ’
3043 5085 3213 5156 ὀργῆς
3235 5083 3345 5154 (85)
3365 5100 3382 5114 ο
3419 5083 3515 5136 καλ⁸
3544 5098 3715 5153 προσ-

463 5171 516 5229 ls
545 5187 675 5229 vero
701 5173 881 5230 erexit
913 5173 1060 5228 illam
1093 5188 1218 5228 cum
1252 5175 1364 5243 ira;
1408 5175 1807 5247 intendensque
1837 5179 1893 5232 in
1921 5187 2013 5233 ean

2139 5177 2295 5247 έσχεν
2327 5177 2464 5247 αὐτῇ
2502 5177 2676 5246 λέγων
2695 5193 2711 5249 ’λ
2741 5177 2804 5230 Εἰ
2825 5175 2886 5229 τὸ
2914 5177 3203 5250 πρόσωπόν
3234 5193 3335 5247 μου
3360 5174 3533 5239 θέλεις
3560 5174 3714 5239 ἰδεῖν,

537 5345 586 5378 ’³
611 5345 702 5401 Al.
740 5345 977 5418 ἀπόσχῃ.
1055 5346 1099 5379 ⁸⁸
1130 5346 1217 5402 Αἱ.
1251 5350 1409 5418 ποιῇς
1429 5347 1734 5420 ἀταράχως.
1796 5349 1838 5384 ⁸⁸
1873 5349 1958 5404 Al.
1979 5349 2085 5408 ins.
2110 5349 2279 5421 αὐτῷ.

533 5499 650 5566 (801
697 5495 802 5556 Vit.
841 5501 989 5556 Patr.
1029 5517 1089 5566 ιι,
1114 5501 1164 5556 5.

538 5569 651 5641 (St)
701 5571 803 5641 th.
843 5571 992 5641 Patr.
1023 5589 1105 5631 ιιι,
1140 5571 1278 5636 192;
1318 5588 1414 5641 vn,
1453 5588 1642 5640 xxxxv,
1681 5573 1747 5631 2.

538 5635 656 5775 ἓξὲξ

2216 5503 2328 5575 (81)
2366 5503 2655 5560 Kurd/Ius.
2681 5504 2954 5575 lnterpres
2969 5512 3145 5569 vetus,
3164 5503 3464 5575 disjungen
3476 5503 3544 5557 ab
3561 5521 3719 5575 opere

2147 5573 2254 5627 tuo.
2283 5573 2500 5635 Inscite,
2529 5589 2592 5628 ac
2626 5575 2801 5629 alieno
2831 5573 2992 5643 plane
3034 5589 3218 5628 sensu.

2218 5645 2329 5711 (ὃὸ)
2368 5644 2506 5696 Μετ’
2540 5643 2740 5712 ὀργῆς.
2785 5641 2916 5698 Ciam
2954 5643 3332 5712 indignatione,
3356 5644 3519 5697 vertit
3552 5641 3710 5699 Pela-

2147 5715 2266 5785 gius
2302 5731 2312 5767 :
2356 5730 2470 5767 cum
2499 5714 2857 5784 festinatione,
2888 5712 3146 5780 Rufinus,
3179 5713 3296 5784 μεθ’
3333 5713 3526 5784 ὁρμῆς.

702 5639 805 5692 Vit.
844 5640 994 5695 Patr.
1033 5657 1186 5706 xvm,
1225 5644 1271 5696 1.
1403 5639 1409 5641 ⁷
1630 5639 1635 5640 ί
1757 5652 1774 5683 ν

707 5707 808 5761 l'it.
843 5708 994 5764 Patr.
1034 5727 1111 5778 ιιι,
1141 5712 1243 5777 65;
1279 5728 1338 5780 ιι,
1373 5711 1424 5766 '1.
