4034 6340
311 357 395 418 97κ

1472 360 2085 429 Αροριιτηεσωτλ
2125 372 2433 432 ρλτιιωι.
2768 344 2771 347 ’
3512 383 3587 438 os

315 471 423 528 ἰδοὺ
466 471 659 542 βλέπε.
707 474 776 528 ’11
832 474 889 530 δὲ
931 475 1042 530 ἀπὸ
1088 475 1354 550 αῒσχύνης
1400 478 1462 533 οὐ
1483 565 1489 566 γ
1514 484 1811 555 κατενόησε
1843 486 1890 538 τε

2006 487 2185 542 dixit:
2242 486 2302 543 Si
2348 488 2539 546 faciem
2587 505 2762 547 meam
2815 490 2976 566 cupis
3024 493 3291 566 aspicere,
3339 513 3406 555 en
3438 502 3584 560 vide.

314 559 610 631 πρόσωπον
627 562 821 618 αὐτοῦ.
843 564 955 618 Kal.
978 563 1126 635 λέγει
1156 566 1297 638 αὐτῇ
1319 569 1348 620 6
1367 565 1544 640 γέρων
1562 587 1576 600 ·
1608 572 1721 624 Οὐκ
1743 573 1903 642 ἦκουο

316 668 412 717 σας
430 652 505 705 τὰ
529 651 672 724 ἔργα
696 671 832 725 μου;
864 655 1036 710 ταῦτα
1058 656 1276 727 βλέπειν
1300 659 1597 727 ἀναγκαῖόν
1624 663 1759 716 ἐστι.
1780 664 1904 726 Πῶς

312 742 370 797 δὲ
396 744 709 815 ἐτόλμησας
739 746 995 801 τοσοῦτον
1032 749 1260 818 ποιῆσαι
1290 749 1492 817 πλοῦν;
1523 751 1623 805 οὐκ
1652 749 1799 817 οἶδας
1819 754 1901 808 ὅτι

311 836 447 906 γυνὴ
493 831 545 888 εἷ
571 853 589 901 ;
638 837 741 890 οὐκ
767 837 999 906 ὀφείλεις
1037 840 1354 912 έξέρχεσθαί
1387 842 1489 895 πού
1516 859 1682 909 ποτε;
1713 845 1784 897 Ἦ
1814 846 1903 900 ἵνα

313 927 556 1001 ἀπέλθῃς
584 929 667 992 είς
692 927 935 1000 Ῥώμην,
967 931 1238 1007 καὶεῐπῃς
1273 935 1395 996 ταῖς
1421 932 1611 998 ἄλλαις
1633 935 1899 1003 γυναιξὶν,

313 1019 394 1072 ὅτι
433 1018 693 1090 Ἑώρακα
735 1020 1029 1090 Ἀρσένιον,
1072 1023 1167 1076 καὶ
1200 1024 1468 1095 ποιήσωσι
1499 1025 1597 1097 τὴν
1624 1024 1899 1080 θάλασσαν

311 1107 427 1161 ὁδὸν
457 1109 739 1176 γυναικῶν
769 1111 1080 1181 ἐρχομένων
1102 1112 1237 1183 πρὸς
1267 1114 1370 1185 μέ;
1401 1115 1537 1169 Ἡδὲ
1560 1112 1739 1170 εἶπενο
1774 1118 1897 1173 Ἐὰν

296 1178 442 1272 ⁹θέλῃ
468 1200 499 1251 6
532 1199 753 1271 Κύριος,
904 1178 1044 1270 -ἁφῶ
1075 1178 1195 1255 τινα
1237 1178 1410 1259 ὲλθείν
1445 1200 1580 1260 ὧδεο
1621 1207 1756 1282 ,ἀλλ’
1809 1207 1898 1262 εὔ-

311 1307 405 1359 χου
453 1291 598 1362 ὑπὲρ
641 1291 799 1362 ἐμοῦ,
834 1293 928 1345 καὶ
965 1294 1268 1364 μνημόνευέ
1323 1314 1424 1367 μου
1468 1298 1775 1363 διαπαντός.
1833 1301 1894 1353 '0

311 1380 367 1432 δὲ
399 1381 721 1453 ἀποκριθεὶς
746 1378 898 1436 εἶπεν
929 1385 1066 1455 αὐτῇ
1092 1404 1106 1417 ·
1142 1385 1385 1458 Εΰχομαι
1413 1388 1489 1457 τῷ
1529 1388 1669 1459 Θεῷ,
1699 1390 1784 1444 ἴνα
1808 1390 1894 1456 ἐξ·

313 1471 509 1545 αλείψῃ
533 1474 594 1526 τὸ
623 1474 961 1544 μνημόσυνόν
990 1492 1083 1528 σου
1114 1479 1179 1530 ὲκ
1222 1478 1325 1548 τῆς
1352 1479 1579 1550 καρδίας
1620 1498 1742 1550 μου.
1784 1483 1894 1535 Ka‘t

312 1561 484 1614 ταῦτα
504 1562 804 1629 ἀκούσασα,
839 1564 1031 1634 ἐξῆλθε
1054 1568 1458 1638 τεταραγμένη.
1498 1570 1606 1622 Καὶ
1632 1570 1706 1633 ὡς
1730 1566 1893 1641 ἦλθεν

313 1653 392 1715 είς
426 1651 528 1721 τὴν
552 1651 724 1716 πόλιν,
761 1654 870 1708 ἀπὸ
894 1655 992 1725 τῆς
1023 1654 1199 1726 λύπης
1228 1656 1389 1711 ἔϐαλε
1419 1660 1710 1728 πυρέσσειν
1730 1676 1742 1688 ³
1799 1661 1894 1714 καὶ

314 1739 590 1812 ἀνηγγέλη
636 1742 714 1813 τῷ
772 1745 1031 1817 μακαρίῳ
1078 1745 1318 1817 Θεοφίλῳ
1363 1746 1441 1819 τῷ
1480 1748 1894 1821 ἁρχιεπισκόπῳ

2002 574 2098 630 Illa
2130 592 2242 647 pra:
2269 581 2595 636 verecundia
2625 583 2832 637 vultum
2871 584 3046 655 ipsius
3085 590 3452 659 contemplata
3477 609 3583 649 non

2000 673 2106 720 est.
2165 666 2302 721 Tum
2344 684 2543 726 senex:
2571 671 2764 728 Nonne
2792 676 3011 731 audiisti
3045 692 3213 746 opera
3249 681 3403 734 mea?
3452 680 3580 737 llwc

2001 756 2352 812 considerare
2404 762 2668 828 oportuit.
2726 762 3009 829 Quomodo
3081 773 3260 822 autem
3333 784 3463 824 ausa
3524 789 3584 828 es

2001 852 2208 899 tantam
2232 849 2630 919 navigationem
2662 855 2966 911 coniicere?
3017 856 3211 912 Nonne
3240 860 3352 915 scis
3378 869 3433 915 te
3459 878 3584 919 esse

2001 933 2310 999 mulierem,
2351 952 2454 991 nec
2501 940 2697 995 debere
2741 959 3014 1013 quoquam
3046 947 3236 1001 exire?
3277 950 3357 1002 An
3393 950 3583 1007 utRo-

1999 1038 2144 1076 mam
2180 1040 2428 1093 reversa,
2455 1028 2608 1084 dicas
2634 1033 2844 1087 caeteris
2871 1035 3219 1090 mulieribus:
3267 1036 3382 1093 Vidi
3415 1041 3578 1096 Arse-

1998 1112 2188 1179 nium;
2243 1116 2442 1188 ﬁatque
2486 1136 2636 1175 mare
2670 1121 2770 1175 iter
2798 1124 3086 1177 mulierum
3111 1125 3427 1183 adeuntium
3461 1128 3582 1187 me?
3624 1186 3632 1193 ,

1995 1200 2066 1254 At
2118 1202 2208 1257 illa
2252 1208 2496 1277 excepit:
2548 1209 2605 1263 Si
2665 1209 2774 1265 Deo
2824 1212 3066 1280 libuerit,
3111 1230 3219 1271 non
3267 1222 3578 1288 permittam

1994 1307 2270 1364 quamque
2313 1297 2421 1353 huc
2455 1301 2747 1370 appellere.
2800 1301 2997 1357 Verum
3030 1319 3127 1359 ora
3167 1324 3266 1377 pro
3303 1326 3408 1375 me,
3444 1314 3579 1368 mei-

1994 1399 2103 1454 que
2141 1387 2356 1457 Zsemper
2389 1402 2683 1447 memento.
2731 1396 3037 1466 Respondit
3063 1401 3361 1458 Arsenius:
3407 1404 3576 1461 Deum

1995 1489 2212 1544 precor,
2264 1486 2324 1532 ut
2373 1484 2692 1537 memoriam
2750 1486 2827 1539 tui
2881 1486 3061 1541 deleat
3110 1489 3178 1545 de
3224 1494 3386 1547 corde
3432 1511 3572 1551 meo.

1996 1563 2209 1629 Quibus
2241 1569 2444 1625 auditis
2475 1572 2627 1643 virgo
2666 1576 2983 1643 perturbata
3018 1579 3297 1636 discessit.
3328 1578 3575 1655 Cumque

1993 1656 2059 1708 ad
2093 1658 2281 1713 urbem
2316 1662 2573 1729 venisset,
2610 1680 2721 1734 prae
2754 1667 2972 1721 tristitia
3003 1668 3058 1723 in
3103 1669 3311 1726 febrem
3342 1673 3573 1746 incidit;

1994 1749 2394 1820 nuntiatusque
2443 1762 2527 1807 est
2582 1754 2740 1810 beato
2792 1755 3097 1826 TheOphilo
3161 1763 3575 1836 archiepiscopo

310 1831 392 1884 ὃτι
417 1831 655 1886 ἀσθενεῖ.
691 1834 801 1888 Καὶ
833 1834 1002 1887 ἐλθὼν
1039 1837 1176 1907 πρὸς
1218 1837 1408 1907 αὐτὴν,
1452 1840 1746 1909 παρεκάλει
1777 1859 1883 1912 μα-

1989 1837 2209 1893 morbus
2241 1838 2381 1908 ejus.
2418 1836 2523 1906 Qui
2556 1843 2626 1895 ad
2676 1845 2824 1899 illam
2864 1847 3165 1916 profectus,
3199 1831 3454 1921 precibus
3486 1831 3572 1911 di-

312 1920 423 1975 θεῖν
449 1923 504 1975 τί
530 1924 676 1977 ἐστιν
700 1924 728 1977 ὃ
756 1925 889 1996 ἔχει.
931 1926 993 1979 Ἦ
1013 1926 1069 1980 δὲ
1097 1923 1248 1983 εἶπεν
1271 1930 1448 2001 αὐτῷ·
1478 1931 1602 1985 Εἴθε
1625 1934 1699 2005 μὴ
1717 1935 1890 2005 ἀπήνη

309 2027 449 2081 τησα
474 2005 613 2065 ὦδε·
658 2010 810 2068 εἷπον
839 2014 946 2086 γὰρ
984 2015 1061 2086 τῷ
1098 2016 1344 2089 γέροντι·
1391 2021 1714 2091 Μνημόνευέ
1750 2042 1884 2095 μου*

310 2102 401 2155 καὶ
426 2099 551 2155 εἶπέ
571 2120 690 2174 μοι·
719 2104 962 2176 Εὖχομαι
982 2106 1061 2177 τῷ
1077 2107 1215 2179 Θεῷ,
1247 2110 1334 2164 ἵνα
1362 2111 1653 2185 ἐξαλειφθῇ
1673 2115 1732 2168 τὸ
1757 2134 1890 2188 μνη-

313 2191 543 2261 μόσυνόν
568 2209 663 2246 σου
693 2195 757 2247 ὲκ
778 2194 877 2265 τῆς
909 2196 1133 2266 καρδίας
1165 2215 1286 2266 μου.
1322 2200 1433 2252 Καὶ
1464 2201 1572 2254 ίδοὺ
1601 2202 1712 2270 ἐγὼ
1746 2205 1886 2257 ἀπο-

311 2281 536 2353 θνήσκω
557 2285 622 2337 ἐκ
646 2284 746 2355 τῆς
773 2286 972 2357 λύπης.
1001 2289 1110 2341 Καὶ
1134 2288 1279 2357 λέγει
1310 2291 1443 2362 αὐτῇ
1476 2294 1504 2345 6
1535 2295 1884 2365 ἁρχιεπίσκοο

309 2390 409 2438 tuo;
428 2392 442 2406 ·
484 2375 600 2429 Οὐκ
619 2372 765 2440 οἶδας
797 2378 881 2430 ὅτι
919 2379 1054 2450 γυνὴ
1086 2375 1157 2442 εἷ,
1187 2383 1280 2433 καὶ
1303 2381 1390 2434 διὰ
1420 2382 1527 2437 τῶν
1559 2385 1831 2452 γυναικῶν
1858 2388 1888 2439 ὁ

278 2502 283 2507 ι
312 2465 500 2536 ἐχθρὸς
528 2466 756 2537 πολεμεί
777 2471 904 2532 τοὺς
927 2470 1144 2539 ἀγίους;
1165 2471 1254 2525 διὰ
1279 2473 1437 2526 τοῦτο
1456 2470 1608 2528 εἶπεν
1638 2478 1665 2529 6
1686 2477 1884 2548 γέρων·

315 2557 440 2627 περὶ
494 2556 603 2628 γὰρ
647 2558 750 2627 τῆς
788 2559 965 2630 ψυχῆς
1011 2578 1104 2614 σου
1153 2562 1369 2633 εὔχεται
1411 2565 1741 2631 διαπαντός..
1778 2571 1887 2623 Καὶ

316 2647 486 2711 οὕτως
524 2648 867 2722 ἐθεραπεύθη
914 2654 942 2705 6
997 2653 1254 2727 λογισμὸς
1292 2657 1485 2727 αὐτῆς,
1534 2658 1630 2712 καὶ
1676 2660 1886 2732 ἀπῆλθε

317 2741 451 2804 μετὰ
484 2742 661 2814 χαρᾶς
692 2743 772 2805 είς
798 2742 870 2798 τὰ
908 2743 1035 2801 ῐδια.

377 2917 481 2973 κθ’.
511 2919 819 2990 Διηγήσατο
843 2922 873 2975 6
902 2922 1073 2987 ἀϐϐἄς
1105 2924 1301 2996 Δανιὴλ
1322 2926 1450 2997 περὶ
1479 2926 1574 2980 τοῦ
1606 2926 1886 2998 ἀϐϐᾶἋρ-

320 3009 519 3073 σενίου,
540 3010 624 3062 ὅτι
646 3005 778 3080 ἦλθέ
812 3027 939 3063 ποτε
966 3014 1373 3082 μαγιστριανὸς,
1406 3014 1585 3084 φέρων
1608 3015 1754 3086 αὐτῴ
1773 3016 1886 3070 δια-

311 3098 482 3171 θήκην
512 3101 660 3164 τινὸς
698 3101 1062 3173 συγκλητικοῦ
1098 3104 1392 3173 συγγενοῦς
1441 3106 1624 3169 αὑτοῦ,
1660 3108 1719 3170 ὃς
1752 3124 1885 3161 κατ-

312 3160 493 3244 έλιπεν
520 3160 669 3262 αὑτῷ
690 3160 1053 3263 κληρονομίαν
1313 3160 1516 3266 σςρὸδρα
1537 3211 1550 3226 °
1583 3160 1677 3250 κά).
1699 3160 1883 3251 λαϐὼν
1911 3160 1955 3217 c

311 3281 500 3348 αὐτὴν,
534 3282 695 3353 ἤθελε
723 3283 924 3353 σχίσαι.
953 3286 1061 3338 Καὶ
1092 3285 1286 3339 ἔπεσεν
1307 3289 1335 3340 6
1363 3288 1751 3359 μαγιστριανδς
1774 3288 1884 3360 (86)

310 3373 387 3435 είς
410 3372 537 3436 τοὺς
571 3373 741 3437 πόδας
773 3374 957 3438 αὐτοῦ,
1003 3374 1175 3445 λέγων
1195 3391 1208 3407 ·
1274 3377 1471 3449 Δέομαί
1508 3395 1622 3443 σου,
1659 3380 1732 3449 μὴ
1766 3380 1883 3449 σχί-

311 3479 406 3534 an;
439 3464 635 3534 αὐτὴν,
670 3466 791 3518 ἐπεὶ
835 3466 1046 3537 αἴρεταί
1086 3485 1187 3538 μου
1231 3469 1265 3539 ἡ
1312 3469 1541 3541 κεφαλή.
1596 3471 1703 3524 Καὶ
1734 3470 1882 3539 λέγει

309 3552 452 3624 αὐτῷ
487 3557 518 3607 6
547 3554 724 3619 ἀϐϐἄς
768 3557 1067 3628 Ἀρσένιος·
1123 3558 1263 3627 Ἐγὼ
1296 3559 1402 3630 πρὸ
1436 3560 1643 3614 ἐκείνου
1673 3561 1883 3615 ἀπέθα-

308 3658 394 3698 νον
411 3661 425 3674 ·
453 3645 620 3709 αὐτὸς
648 3646 704 3698 δὲ
726 3645 850 3718 ἄρτι
875 3648 1131 3702 ἀπέθανε.
1175 3650 1282 3703 Καὶ
1321 3650 1662 3722 ἀντέπεμψεν
1688 3653 1880 3724 αὐτὴν,

314 3734 476 3803 μηδὲν
498 3734 808 3807 δεξάμενος.

372 3826 435 3879 λ’.
480 3823 706 3896 Ἔλεγον
738 3829 896 3884 πάλιν
936 3830 1066 3902 περ)⁹
1105 3831 1293 3896 αὐτοῦ,
1336 3835 1419 3888 ὅτι
1462 3834 1559 3904 ὀψὲ
1597 3836 1880 3891 σαϐϐάτων

310 3916 729 3989 έπιφωσκοὺσης
758 3920 1067 3991 Κυριακῆς,
1110 3922 1237 3992 ἧφιε
1270 3923 1362 3978 τὸν
1396 3924 1546 3995 ἥλιον
1578 3925 1752 3979 ὀπίσω
1780 3927 1878 3979 αὐ·-

308 4006 422 4071 τοῢ,
450 4009 547 4061 καὶ
574 4008 746 4063 ἔτεινε
777 4011 876 4074 τὰς
900 4014 1091 4083 χεῖρας
1116 4013 1282 4066 αὑτοῦ
1312 4016 1392 4078 είς
1419 4014 1509 4068 τὸν
1539 4017 1763 4087 οὐρανὸν
1786 4019 1879 4071 εὐ-

309 4098 555 4167 χόμενος,
582 4098 688 4162 ἕως
714 4098 875 4153 πάλιν
908 4099 1147 4170 ἔλαμψεν
1172 4103 1200 4155 6
1228 4102 1376 4172 ἥλιος
1405 4104 1484 4168 είς
1510 4103 1570 4157 τὸ
1591 4104 1878 4175 πρόσωπον

310 4186 471 4239 αὑτοῦ
496 4205 510 4217 ’
543 4190 640 4242 καὶ
671 4188 843 4254 οὕτως
865 4189 1155 4255 ἐκαθέζετο
1177 4192 1243 4244 ³².

377 4276 478 4330 λα’.
508 4278 736 4348 Ἔλεγον
756 4281 884 4352 περὶ
906 4280 1001 4335 τοῦ
1028 4282 1174 4335 ἀϐϐᾶ
1207 4283 1480 4352 Ἀρσενίου
1506 4283 1711 4338 καὶτοῦ
1736 4284 1879 4338 ἀϐϐᾶ

308 4366 580 4442 Θεοδώρου
601 4369 696 4423 τοῦ
718 4372 815 4442 τῆς
840 4372 1080 4444 Φέρμης,
1104 4374 1185 4426 ὅτι
1213 4373 1353 4444 ὑπὲρ
1381 4373 1587 4438 πάντας
1609 4374 1722 4445 (87)
1753 4373 1876 4445 έμί-

311 4474 434 4511 σουν
464 4460 566 4530 τὴν
608 4460 719 4513 τῶν
761 4461 1063 4532 ἀνθρώπων
1111 4462 1285 4528 δόξαν.
1342 4465 1399 4515 ὐ
1439 4463 1538 4533 μὲν
1557 4460 1665 4560 Δοὗν
1682 4465 1874 4560 Δ(Ξιϐϐὀίς
1910 4506 1953 4560 D

324 4549 592 4620 ’Δρσένιος
615 4551 715 4622 οὐχ
743 4552 954 4624 ὑπήντα
976 4553 1184 4624 ταχέως
1200 4554 1325 4607 τινί·
1347 4556 1375 4607 6
1399 4553 1454 4606 δὲ
1477 4554 1646 4619 ἀϐϐᾶς
1672 4555 1876 4609 Θεόδω-

313 4655 401 4710 ρος
432 4641 643 4712 ὑπήντα
683 4644 800 4713 μὲν,
829 4643 963 4697 ἀλλά
982 4644 1057 4708 ὼς
1087 4646 1327 4716 ῥομφαία
1353 4641 1442 4716 ἦν.

260 4714 266 4721 ⁴
377 4731 473 4785 λϐν.
499 4731 879 4804 Καθεζομένου
902 4734 1012 4805 (88)
1196 4736 1291 4788 τοῦ
1330 4714 1473 4789 ἀϐϐἄ
1513 4736 1783 4807 Ἀρσενίου
1816 4737 1873 4790 ἐν

312 4820 419 4882 τοῖς
445 4821 596 4874 κάτω
620 4821 831 4893 μέρεσι,
854 4825 946 4878 καὶ
964 4823 1287 4896 ὀχλουμένου
1313 4826 1512 4893 ἐκεῖσε,
1538 4825 1712 4893 ἔδοξεν
1730 4826 1876 4897 αὐτῷ

360 4974 407 5006 ³⁸
424 4975 511 5029 Al.
537 4976 703 5032 inscr.
744 4976 946 5034 λοιπόν.

375 5128 488 5199 (86)
525 5131 984 5203 ῌαγιστριανός.
1025 5130 1412 5203 Magistrianus
1464 5131 1578 5187 sive
1620 5133 1878 5203 magiste-

311 5196 517 5270 rianus,
549 5196 787 5270 dignitas
812 5216 844 5253 a
876 5196 1151 5257 veteribus
1185 5217 1328 5270 saepe
1358 5210 1674 5262 memorata.
1702 5196 1754 5256 Et
1782 5217 1877 5270 per

313 5264 636 5339 recentiores
693 5271 898 5325 multos
949 5272 1220 5338 exposita;
1265 5264 1492 5339 ideoque
1532 5272 1617 5323 hic
1651 5264 1873 5339 przet'er-
1934 5264 1939 5267 “

313 5338 591 5409 mittenda.
619 5339 749 5409 _nisi
792 5339 1121 5409 monendum
1162 5340 1376 5404 luisset,
1410 5338 1552 5393 male
1592 5338 1873 5409 epistolam

309 5403 369 5489 81
402 5407 497 5461 lib.
537 5423 591 5461 tv
617 5407 813 5489 lsidgri
838 5406 1122 5463 Pelusiotae
1173 5403 1667 5489 titulymnhabere,
1697 5408 1875 5489 ἕεμε-

313 5473 419 5564 ξίφ-
444 5476 938 5564 μαστριανῷιηρτοὶ
957 5478 1349 5564 μαγιστριανᾷκ
1388 5477 1646 5564 Memorat
1697 5473 1875 5564 Thec-

312 5543 849 5618 doritus,'e‘pist.'79_,
888 5543 980 5600 τὸν
1008 5543 1419 5617 καθωσιωμένον
1451 5547 1747 5618 Εὑφρὸνιον
1780 5550 1872 5602 τὸν

314 5615 993 5765 πῗέἦῃλῌὲέἔόέάντας.
1024 5683 1291 5759 Pelagius,
1320 5685 1458 5757 ὑπὲρ
1481 5686 1655 5741 πάντα
1674 5727 1688 5753 ,
1719 5702 1872 5756 super

315 5767 499 5810 omnia.

1994 1942 2147 1982 srere
2191 1931 2553 1987 contendebat
2610 1935 2871 2003 quidnam
2929 1946 3076 1994 esset
3120 1944 3266 2012 quod
3322 1945 3567 2004 haberet.

1992 2015 2291 2086 Respondit
2327 2016 2476 2092 ipsa:
2523 2016 2743 2079 Utinam
2777 2041 2862 2083 me
2911 2026 3019 2084 huc
3055 2047 3163 2086 non
3189 2037 3567 2093 contulissem!

1991 2105 2112 2162 Dixi
2142 2112 2341 2181 quippe
2368 2115 2520 2169 seni:
2559 2114 2765 2171 Memor
2800 2121 2902 2175 mei
2924 2129 3080 2189 esto;
3117 2139 3181 2178 ac
3211 2126 3308 2180 tuli
3345 2120 3572 2199 respon-

1990 2215 2145 2255 sum:
2189 2198 2358 2258 Deum
2404 2221 2619 2275 precor;
2659 2215 2717 2262 ut
2762 2214 3023 2267 memoria
3058 2215 3137 2269 tui
3174 2231 3206 2272 e
3250 2219 3415 2273 corde
3438 2198 3571 2276 nico

1989 2288 2253 2347 deleatur.
2310 2286 2376 2348 Et
2406 2311 2532 2352 ecce
2574 2314 2685 2369 prae
2740 2298 2959 2358 tristitia
3011 2321 3111 2376 ego
3149 2310 3373 2364 morior.
3416 2308 3569 2367 Tunc

1989 2377 2468 2453 archiepiscopus:
2508 2385 2614 2457 (89)
2647 2382 2858 2455 Nescis,
2892 2389 3091 2462 inquit,
3128 2402 3180 2449 te
3212 2411 3335 2452 esse
3369 2401 3562 2455 mulie-

1989 2484 2125 2533 rem,
2144 2474 2474 2544 sanctosque
2496 2490 2593 2545 per
2609 2478 2869 2534 mulieres
2890 2481 2959 2535 ab
2976 2483 3201 2538 inimico
3225 2486 3570 2556 impugnari?

1989 2555 2293 2628 Eapmpter
2324 2561 2400 2615 ita
2442 2565 2813 2632 pronuntiavit
2844 2584 3031 2626 senex.
3083 2571 3217 2627 Nam
3254 2555 3353 2644 pro
3382 2579 3564 2635 anima

1987 2653 2079 2701 tua
2110 2652 2289 2705 orabit
2344 2668 2580 2724 semper.
2617 2655 2795 2728 Atque
2833 2660 2978 2716 hunc
3013 2661 3070 2717 in
3120 2667 3341 2720 modum
3374 2653 3565 2724 curata

1986 2742 2071 2794 est
2108 2756 2260 2797 mens
2308 2742 2553 2814 feminine;
2606 2754 2660 2802 et
2707 2764 2830 2803 cum
2862 2750 3059 2821 gaudio
3095 2755 3163 2810 ad
3205 2750 3439 2826 patriam
3478 2777 3566 2817 re-

1990 2833 2212 2886 meavit.

2055 2919 2141 2976 29.
2174 2923 2287 2993 (90)
2310 2918 2562 2983 Narravit
2595 2928 2763 2986 abbas
2780 2929 2966 2988 Daniel
2995 2934 3062 2989 de
3092 2935 3287 2993 abbate
3308 2941 3562 3010 Arsenio,

1985 3013 2131 3080 quod
2163 3017 2373 3070 venerit
2408 3018 2703 3087 aliquando
2751 3023 3167 3092 magistr-ianus.
3205 3029 3456 3088 deferens
3489 3043 3564 3088 te-

1988 3111 2316 3162 stamentum
2342 3107 2627 3179 cujusdam
2669 3116 2940 3170 senatoris
2967 3119 3257 3191 propinqui
3300 3124 3442 3192 ejus,
3467 3127 3559 3197 qui

1985 3195 2033 3250 ei
2080 3198 2368 3252 maximam
2404 3200 2772 3258 hzereditatem
2825 3206 3157 3277 reliquerat:
3211 3214 3357 3283 quod
3399 3195 3559 3272 testa-

1988 3294 2229 3340 mentum
2276 3289 2366 3342 tibi
2410 3293 2640 3361 accepit,
2676 3294 2847 3348 voluit
2882 3296 3144 3354 lacerare.
3205 3302 3277 3355 At
3327 3306 3561 3373 procidit

1986 3375 2376 3444 magistrianus
2418 3379 2484 3433 ad
2516 3381 2679 3449 pedes
2733 3382 2875 3452 ejus,
2918 3385 3144 3444 dicens:
3207 3389 3449 3449 Obsecro
3481 3403 3557 3459 te,

1984 3466 2095 3519 noli
2122 3466 2466 3534 discindere;
2495 3472 2698 3543 alioqui
2727 3475 2901 3545 capite
2935 3480 3252 3535 truncahor.
3300 3480 3438 3537 Tum
3463 3489 3558 3540 ab-

1981 3553 2079 3610 bas
2109 3558 2373 3615 Arsenius
2405 3563 2481 3616 ait
2504 3562 2616 3619 illi:
2645 3563 2753 3636 Ego
2777 3576 2905 3621 ante
2931 3567 3109 3638 ipsum
3134 3582 3382 3628 mortuus
3409 3591 3555 3643 sum;

1982 3642 2029 3700 is
2072 3657 2250 3702 autem
2279 3649 2440 3705 modo
2466 3653 2621 3711 obiit.
2676 3653 2859 3728 Atque
2902 3659 3113 3715 remisit
3143 3642 3554 3731 testamentum,

1981 3751 2080 3791 nec
2108 3740 2402 3810 quidquam
2432 3744 2594 3810 cepit.

2052 3828 2141 3881 30.
2186 3828 2298 3900 (91)
2354 3833 2585 3887 Aiebant
2621 3843 2880 3905 pra-terea
2912 3837 2979 3894 de
3005 3839 3117 3907 illo,
3157 3842 3301 3909 quod
3330 3859 3559 3915 vespere

1983 3914 2342 3974 Sabbatorum
2376 3921 2725 3980 illucescente
2756 3925 3057 3994 Dominica,
3088 3932 3255 3988 solem
3279 3914 3557 4006 relinque-

1979 4006 2073 4062 bat
2104 4018 2272 4075 retro,
2305 4026 2607 4083 manusque
2638 4015 2705 4068 ad
2742 4019 2939 4073 cmlum
2976 4022 3322 4087 extendebat,
3359 4041 3547 4087 orans.

1979 4112 2263 4168 quousque
2282 4099 2477 4163 iterum
2502 4105 2584 4157 sol
2606 4107 2814 4160 vultum
2833 4107 2953 4178 ejus
2976 4110 3357 4179 collustraret;
3390 4122 3557 4185 atque

1981 4189 2054 4242 ita
2086 4190 2379 4247 residebat.

2047 4281 2133 4334 51.
2175 4281 2288 4352 (92)
2320 4281 2582 4338 Dicebant
2628 4285 2697 4341 de
2737 4287 2933 4345 abbate
2975 4288 3208 4346 Arsemo
3249 4301 3305 4348 et
3348 4294 3550 4353 abbate

1978 4368 2264 4451 Theodoro
2293 4372 2633 4441 Phermensi,
2668 4377 2812 4446 quod
2849 4393 3018 4449 supra
3057 4393 3291 4438 cunctos
3318 4385 3548 4456 gloriam

1979 4447 2259 4516 hominum
2300 4466 2426 4520 odio
2463 4466 2745 4522 haberent.
2794 4468 3061 4536 Quocirca
3092 4475 3258 4530 abbas
3284 4476 3551 4533 Arsenius

1980 4568 2089 4607 non
2129 4554 2286 4611 facile
2323 4557 2644 4612 occurrebat
2669 4561 2944 4631 cuiquam.
2995 4564 3180 4619 Abbas
3220 4583 3349 4621 vero
3379 4566 3553 4623 Theo-

1980 4646 2167 4713 dorus,
2193 4651 2514 4705 occurrebat
2537 4653 2777 4721 quidem,
2806 4654 2900 4708 sed
2933 4656 3074 4709 velut
3093 4658 3304 4728 gladius
3330 4669 3468 4714 erat.

2049 4737 2137 4791 32.
2175 4739 2284 4807 (93)
2319 4739 2539 4794 Sedenti
2565 4743 2860 4811 aliquando
2893 4745 3068 4799 abbati
3104 4749 3336 4802 Arsenio
3367 4750 3419 4802 in
3459 4751 3549 4805 in-

1982 4827 2270 4885 ferioribus
2296 4832 2542 4900 partibus
2574 4832 2865 4906 [Egypti],
2892 4845 3054 4908 atque
3076 4837 3187 4893 illic
3206 4839 3545 4911 interpellari

2048 5132 2162 5202 (88)
2200 5133 2623 5206 KaBetI’oyér-ov.
2653 5134 2925 5206 Przeponit
2955 5136 3202 5205 Pelagius
3234 5157 3248 5192 :
3295 5137 3541 5194 Dicebant

1977 5214 2147 5255 autem
2178 5203 2241 5256 de
2269 5221 2347 5269 eo,
2380 5206 2505 5274 quia
2530 5223 2678 5287 nemo
2699 5203 2926 5287 potuerit
2961 5203 3400 5287 co.t_npfe.‘iei:dere_
3431 5226 3542 5287 nio—

1976 5273 2101 5357 dpm
2132 5273 2551 5357 conversationis
2563 5273 2902 5357 cjitsﬁraece
2923 5273 3331 5357 ea‘Ciilbcrtiuis
3351 5278 3502 5357 libris
3519 5296 3539 5332 :

1988 5340 2314 5417 :E).éy_aro_6é
2339 5360 2405 5395 πε
2416 5345 2467 5417 ρ).
2495 5340 2679 5417 αὑτοῦ,
2710 5347 2800 5417 ,ὅτι
2830 5348 2928 5417 οὐκ
2947 5346 3182 5417 ἠδυνήθη
3205 5364 3285 5408 τις
3308 5346 3540 5399 καταλα-

1976 5409 2088 5462 ϐεῖν
2108 5409 2501 5484 τὴν-,διαγωγὴν
2520 5415 2618 5484 τῆς
2638 5415 2907 5477 πολιτείας
2930 5409 3117 5467 αὖτοῦζ

2050 5480 2159 5550 (89)
2200 5479 2327 5547 Sup.
2357 5479 2584 5550 _Noinoc.
2624 5500 2678 5535 n.
2711 5485 2800 5537 41.

2348 5548 2496 5625 Ila"-
2541 5566 2617 5613 Ἢν
2645 5553 2699 5625 2:

2072 5616 2158 5686 91)
2211 5618 2318 5673 Vit.
2362 5616 2512 5672 Patr.
2548 5636 2641 5683 xu,
2678 5618 2921 5685 l;Joan.
2951 5620 3138 5677 Geom.
3176 5618 3374 5680 Parad.
3412 5624 3467 5680 2.

2049 5688 2158 5756 (92)
2209 5688 2314 5741 Vit.
2352 5687 2502 5742 Patr.
2536 5704 2651 5751 vm,
2679 5690 2732 5741 5.

2048 5756 2160 5826 (93)
2211 5757 2313 5824 Vit,
2341 5756 2493 5825 Patr.
2523 5772 2610 5824 xv,
2645 5759 2702 5822 9,
