4034 6340
460 396 534 460 εξ)
1643 380 1986 446 ᾹΡΡΕΝῘΜΧ
2021 387 2060 440 A

2165 383 2369 441 :“ALLA
2382 378 2569 439 DIUM.

3623 361 3724 417 1Ρο

466 515 655 575 sotito.
693 513 871 569 visum
907 520 990 568 est
1031 504 1223 567 cellam
1265 499 1593 575 relinquere.
1631 504 1708 556 Ac
1748 502 1884 556 nihil
1917 499 2042 555 inde

2165 499 2465 553 ιαταλιπεῐν
2490 494 2551 549 τὸ
2573 492 2803 548 κελλὲον.
2839 490 3021 562 Μηδὲν
3047 488 3104 543 δέ
3127 486 3190 551 ἐξ
3217 483 3382 538 αὑτοῦ
3406 477 3610 545 λαϐὼν,
3642 477 3728 532 οὕ-

471 620 781 671 assumens,
809 604 884 659 ita
918 602 1156 673 perrexit
1187 599 1253 654 ad
1284 615 1413 655 suos
1443 595 1745 665 discipulos
1778 592 2049 648 Pharani-

469 704 559 752 tas
590 696 958 753 Alexandrum
1000 701 1053 749 et
1086 691 1319 746 Zoilum.
1353 688 1499 743 Dixit
1527 703 1658 758 ergo
1690 684 1998 742 Alexandro
2028 697 2045 737 :

472 789 671 860 Surge,
702 788 982 845 ascendito
1017 798 1230 840 navem.
1268 779 1459 851 ‘Atque
1500 781 1575 834 ita
1623 779 1768 834 fecit.
1803 777 1868 833 Et
1899 776 2050 833 Zoilo

475 886 550 936 ait
577 900 590 935 :
623 879 756 935 Veni
787 892 997 932 mecum
1024 888 1195 944 usque
1225 873 1293 927 ad
1320 873 1544 934 llumen,
1576 878 1629 925 et
1658 884 1841 941 quaere
1868 868 2048 922 navim

473 988 595 1043 quae
613 968 992 1025 Alexandriam
1023 980 1109 1021 me
1132 965 1314 1027 vehat,
1342 964 1533 1034 sicque
1557 962 1625 1017 ad
1650 960 1871 1016 fratrem
1895 967 2050 1014 tuum

473 1063 692 1130 naviga.
734 1060 917 1114 Zoilus
946 1072 1078 1113 vero
1111 1057 1207 1111 tali
1238 1071 1494 1112 sermone
1540 1055 1924 1118 conturbatus,
1973 1059 2053 1106 ta-

400 1178 405 1185 -
469 1156 607 1210 cuit.
652 1151 837 1220 quue
877 1148 1039 1204 modo
1067 1164 1097 1203 a
1128 1164 1188 1204 se
1219 1148 1454 1203 invicem
1486 1146 1748 1216 disiuncti
1777 1152 1925 1201 sunt.
1950 1141 2053 1198 De-

473 1243 686 1301 scendit
712 1243 879 1313 igitur
897 1255 1062 1297 senex
1094 1239 1161 1293 ad
1195 1252 1377 1309 partes
1407 1237 1781 1301 Alexandriae;
1813 1252 1919 1304 quo
1947 1234 2053 1289 loci

471 1337 530 1392 in
565 1337 942 1391 vehementem
974 1332 1225 1388 morbum
1263 1330 1476 1386 incidit.
1508 1329 1579 1384 At
1613 1329 1786 1400 ipsius
1813 1328 2054 1398 ministri

479 1445 577 1486 seu
617 1427 874 1497 discipuli
904 1441 964 1482 se
995 1433 1186 1480 mutuo
1227 1429 1595 1494 rogaverunt:
1630 1420 1769 1475 Num
1798 1422 2056 1476 alteruter

471 1532 726 1576 nOS'rum
772 1532 958 1573 senem
1016 1517 1391 1582 contristavit,
1440 1523 1494 1569 et
1534 1529 1653 1568 eam
1707 1512 1780 1568 ob
1835 1527 2054 1568 causam

471 1610 706 1668 secessit
735 1624 764 1663 a
796 1609 995 1664 nobis?
1043 1607 1153 1663 Nec
1202 1608 1528 1662 invenerunt
1575 1606 1631 1658 in
1676 1620 1735 1660 se
1778 1604 2054 1675 quidpiam

472 1704 676 1772 culpae,
716 1707 812 1755 aut
850 1678 1255 1756 inobedientiac.
1298 1695 1469 1752 Porro
1519 1711 1686 1752 senex
1737 1702 2055 1765 recuperata

477 1795 735 1856 sanitate,
771 1791 953 1847 dixit:
989 1789 1196 1846 Vadam
1243 1789 1309 1844 ad
1364 1789 1556 1845 Patres
1602 1802 1772 1844 meos.
1811 1785 1968 1840 liunc
2001 1786 2057 1838 in

2148 609 2255 655 τως
2292 587 2563 661 ἐπορεύθη
2585 585 2632 618 ⁸⁸
2664 583 2911 656 μαθητὰς
2945 582 3073 645 τοὺς
3117 576 3425 649 Φαρανίτας
3478 569 3726 661 Ἀλέξαν-

2147 684 2271 755 δρον
2293 682 2388 735 καὶ
2417 679 2635 734 Ζώῖλον.
2662 670 2831 730 Εἲπεν
2851 669 2949 727 οὖν
2966 671 3047 743 τῷ
3071 667 3425 737 Ἀλεξάνδρῳ·
3463 660 3730 755 Ἀναστὰς

2150 753 2507 832 ἀνάπλευσον.
2558 770 2668 826 Καὶ
2718 768 2993 840 ἐποίησεν
3023 764 3218 827 οὕτως.
3260 761 3372 815 Ka‘t
3412 757 3491 829 τῷ
3539 753 3729 828 Ζωΐλῳ

2150 863 2291 922 εἶπεν
2323 867 2493 937 Δεῦρο
2520 863 2636 936 μετ’
2663 860 2799 934 ἐμοῦ
2823 860 2926 923 ἕως
2954 856 3051 911 τοῦ
3079 852 3348 925 ποταμοῦ,
3370 849 3466 904 καὶ
3493 843 3732 920 ζήτησόν

2154 978 2244 1033 μοι
2278 959 2459 1013 πλοῖον
2484 958 2577 1010 ἐπὶ
2594 955 2694 1026 τὴν
2739 949 3150 1022 Ἀλεξάνδρειαν
3168 942 3497 1008 καταπλέον,
3521 958 3595 994 κα
3637 937 3735 993 οὖ-

2151 1030 2259 1116 τως
2283 1051 2619 1105 ἀνάπλευσον
2647 1046 2740 1101 καὶ
2767 1047 2830 1099 σὺ
2859 1044 2994 1115 πρὸς
3029 1041 3122 1095 τὸν
3157 1037 3388 1107 ἀδελφόν
3418 1051 3534 1089 σου.
3581 1032 3640 1086 '0
3673 1030 3732 1084 δέ

2153 1142 2372 1208 Ζὼῖλος,
2392 1141 2483 1195 ἐπὶ
2500 1140 2578 1211 τῷ
2598 1139 2744 1208 λόγῳ
2762 1134 3074 1208 ταραχθεὶς,
3105 1129 3403 1198 ἐσιώπησε.
3428 1123 3542 1180 Καὶ
3558 1120 3735 1185 οὓτως

2155 1232 2531 1306 ἐχωρίσθησαν
2558 1231 2650 1283 ἀπ’
2675 1226 2938 1297 ἀλλήλων.
2966 1220 3250 1292 Κατῆλθεν
3272 1213 3365 1272 οὖν
3387 1219 3418 1271 6
3438 1216 3616 1288 γέρων
3640 1211 3736 1267 ἐπὶ

2154 1304 2223 1381 τά
2266 1304 2406 1396 μέρη
2463 1318 2892 1392 Ἀλεξανδρείας,
2937 1316 3032 1370 καὶ
3076 1312 3373 1383 ἠσθένησεν
3420 1304 3737 1379 ἀρρωστίαν

2160 1417 2420 1490 μεγάλην.
2453 1415 2516 1468 Οί
2550 1414 2607 1467 δέ
2640 1411 2830 1465 τούτου
2863 1405 3179 1476 διακονηταὶ
3217 1399 3370 1456 εἷπον
3403 1400 3539 1472 πρὸς
3570 1397 3738 1468 ἀλλή-

2155 1489 2301 1575 λους·
2328 1509 2419 1578 Μὴ
2452 1507 2560 1579 ἄρα
2578 1523 2663 1569 τις
2686 1503 2842 1577 ἡμῶν
2865 1501 3104 1572 ἐλύπησε
3129 1497 3223 1552 τὸν
3246 1497 3501 1567 γέροντα,
3530 1491 3626 1545 και
3650 1489 3741 1543 διὰ

2158 1602 2316 1656 τοῦτο
2346 1597 2620 1672 ἐχωρίσθη
2651 1596 2745 1665 ἀφ’
2767 1593 2923 1665 ἡμῶν
2946 1605 2962 1658 ;
2992 1591 3104 1644 Καὶ
3130 1588 3229 1659 ούχ
3253 1580 3412 1658 εὗρον
3437 1586 3497 1637 ἐν
3526 1583 3742 1672 ἐαυτοίς

2157 1695 2334 1756 οὐδὲν,
2515 1692 2596 1744 ὅτι
2624 1690 2981 1759 παρήκουσαν
3006 1681 3171 1736 αὐτοῦ
3197 1696 3351 1733 ποτε.
3394 1672 3657 1743 ’Υγιᾶνας
3684 1668 3743 1722 δέ

2157 1787 2188 1839 6
2215 1785 2393 1855 γέρων
2426 1776 2568 1836 εἴπεο
2598 1778 2945 1850 Πορεύσομαι
2969 1773 3106 1846 πρὸς
3124 1773 3251 1835 τοὺς
3272 1768 3438 1840 ἐμοὺς
3467 1762 3738 1855 Πατέρας.

474 1885 702 1940 modum
730 1882 1079 1951 renavigans,
1114 1881 1260 1936 venit
1291 1881 1356 1934 ad
1387 1881 1567 1933 locum
1597 1877 1689 1947 qui
1723 1876 1925 1931 dicitur
1954 1875 2057 1930 Pe—

2165 1844 2478 1936 καὶ-οὔτως
2511 1844 2862 1932 ἀναπλεύσας.
2895 1844 3060 1938 ἦλθεν
3105 1865 3184 1927 εἰς
3226 1861 3325 1929 τὴν
3356 1857 3571 1927 Πέτραν
3609 1854 3744 1905 ὅπου

479 1987 587 2043 tra,
622 1978 715 2033 ubi
751 1977 1043 2032 manebant
1095 1974 1333 2029 ministri
1385 1973 1580 2043 ipsius.
1630 1970 1878 2041 Cumque
1912 1975 2059 2027 esset

476 2074 634 2144 iuxta
662 2071 884 2136 ﬂumen,
906 2069 1101 2125 ancilla
1124 2068 1370 2139 quaedam
1399 2066 1741 2135 Ethiopissa
1763 2063 2054 2127 accedens,

480 2163 662 2231 tetigit
700 2160 876 2231 ipsius
899 2158 1153 2212 meloten.
1176 2154 1315 2209 Tum
1350 2169 1518 2209 senex
1548 2152 1852 2222 increpavit
1884 2151 2056 2205 illam.

481 2249 653 2327 Igitur
695 2252 890 2307 ancilla
929 2249 994 2304 ad
1031 2264 1155 2304 eum
1187 2248 1327 2303 dixit
1367 2265 1380 2300 :
1417 2245 1473 2301 Si
1522 2244 1825 2300 monachus
1872 2258 1953 2307 es,
2005 2243 2059 2296 in

480 2355 723 2401 montem
754 2340 1123 2413 proﬁciscere.
1165 2337 1284 2405 Quo
1321 2352 1573 2393 sermone
1607 2350 1773 2391 senex
1815 2333 1870 2387 in
1901 2348 2057 2388 com-

480 2436 837 2507 punctionem
872 2432 1165 2494 adductus,
1195 2430 1410 2484 dicebat
1444 2428 1585 2499 apud
1620 2443 1678 2482 se
1718 2445 1731 2481 :
1763 2426 1977 2489 Arseui,
2008 2424 2056 2480 si

479 2543 541 2583 es
572 2525 898 2604 monachus,
939 2524 994 2578 in
1037 2530 1275 2578 montem
1306 2520 1678 2590 proficiscere.
1719 2519 1933 2573 Interea
1967 2531 2060 2571 oc-

480 2624 774 2674 currerunt
797 2617 845 2671 ci
870 2614 1180 2669 Alexander
1209 2622 1262 2668 et
1290 2610 1496 2667 Zoilus.
1528 2610 1776 2681 Cumque
1803 2608 2062 2679 procidis-

482 2720 607 2764 sent
643 2720 769 2763 ante
800 2706 965 2778 pedes
1000 2705 1170 2769 illius,
1203 2718 1263 2757 se
1311 2702 1477 2756 etiam
1522 2700 1824 2771 prostravit
1860 2714 2060 2764 senex;

482 2816 548 2856 ac
578 2801 779 2855 ﬂebant
808 2814 874 2853 ex
901 2805 1130 2867 utraque
1158 2803 1333 2865 parte.
1370 2795 1459 2848 Ait
1491 2809 1658 2857 senex
1689 2812 1702 2847 :
1734 2790 1930 2846 Nonne
1960 2806 2061 2845 au-

484 2889 667 2945 diistis
693 2894 985 2957 aegrotasse
1008 2884 1130 2939 me?
1156 2883 1583 2954 Responderunt
1613 2902 1626 2936 :
1651 2881 1729 2936 ita
1759 2890 1859 2938 est.
1884 2883 2062 2938 Senex

484 2991 616 3036 tunc
644 2998 657 3033 :
687 2979 751 3032 Et
783 2993 884 3033 cur
914 2991 1024 3030 non
1058 2975 1286 3030 venistis
1317 2972 1384 3028 ad
1416 2973 1709 3029 videndum
1736 2973 1861 3028 me?
1882 2973 2065 3028 Abbas

2163 1963 2306 2039 ἦσαν
2338 1967 2388 2018 oi
2422 1961 2737 2033 διακονηταὶ
2778 1958 2968 2013 αὐτοῦ.
3017 1957 3208 2017 Ὀντος
3236 1951 3293 2004 δὲ
3323 1947 3487 2004 αὑτοῦ
3518 1944 3748 2039 πλησίον

2164 2034 2257 2114 τοῦ
2285 2054 2548 2127 ποταμοῦ,
2570 2053 2829 2123 παιδίσκη
2850 2067 2934 2113 τις
2955 2045 3282 2101 Δίθιόπισσα
3297 2040 3548 2098 ἐλθοῦσα,
3568 2034 3751 2105 ἥψατο

2164 2152 2264 2221 τῆς
2303 2148 2559 2221 μηλωτῆς
2596 2143 2782 2199 αὑτοῦ.
2831 2143 2890 2195 '0
2918 2140 2975 2194 δὲ
3004 2139 3181 2210 γέρων
3218 2133 3548 2221 ἐπετίμησεν
3583 2128 3748 2221 αὐτῇ.

2273 2218 2375 2294 οὖν
2397 2238 2657 2307 παιδίσκη
2683 2232 2833 2289 εἷπεν
2866 2231 3035 2302 αὐτῷ·
3063 2230 3127 2283 Εἰ
3157 2225 3388 2298 μοναχδς
3411 2219 3483 2287 εἷ,
3512 2218 3749 2307 πορεύου

2168 2333 2247 2395 είς
2288 2327 2350 2383 τὺ
2392 2328 2536 2399 ὅρος.
2588 2305 2654 2399 Ὀ-
2673 2324 2729 2377 δὲ
2761 2320 2937 2393 γέρων
2979 2318 3072 2372 ἐπὶ
3105 2315 3184 2387 τῷ
3219 2314 3363 2383 λόγῳ
3404 2305 3744 2399 κατανυγεις

2168 2423 2351 2490 ἔλεγεν
2378 2396 2437 2474 ἐν
2457 2396 2655 2486 ἐαυτῷ·
2692 2414 2959 2485 Ἀρσένιε,
2986 2411 3035 2463 εί
3063 2406 3293 2481 μοναχδς
3314 2399 3384 2467 εἷ,
3411 2399 3645 2471 πορεύου

2167 2515 2227 2568 τὸ
2255 2488 2401 2585 ύρος.
2428 2512 2541 2588 Kal.
2577 2510 2672 2562 ἐπὶ
2709 2505 2883 2574 τούτῳ
2914 2502 3235 2572 ἀπήντησαν
3269 2493 3419 2564 αύτῷ
3450 2495 3479 2546 ὃ
3500 2509 3559 2544 τε
3603 2488 3754 2542 Ἀλέ-

2171 2608 2393 2678 ξανδρος
2419 2582 2512 2658 καὶ
2541 2599 2760 2662 Ζὼῖλοςο
2789 2597 2884 2651 καὶ
2913 2591 3286 2647 ἐπιπεσόντων
3310 2583 3492 2640 αὐτῶν
3512 2582 3627 2643 τοῖς
3652 2593 3753 2630 πο-

2170 2670 2256 2748 σὶν
2289 2670 2476 2754 αὑτοῦ,
2501 2687 2723 2761 ἔρριψεν
2745 2684 2938 2740 ἐαυτδν
2959 2682 3054 2735 καὶ
3077 2681 3106 2732 6
3132 2678 3196 2749 γέ
3206 2692 3333 2750 ρων·
3356 2673 3451 2727 καὶ
3477 2670 3752 2761 ἔκλαυσαν

2170 2783 2491 2855 ἀμφότεροι.
2516 2758 2652 2832 Eine
2683 2776 2740 2829 δὲ
2769 2777 2797 2828 ὁ
2821 2775 3020 2844 γέρων·
3048 2769 3163 2824 Ούκ
3185 2762 3567 2855 ὴκούσατεῂὄτι
3598 2758 3756 2855 sese:

2169 2848 2340 2944 νησας
2365 2848 2476 2922 Ka‘.
2505 2863 2660 2920 εἶπον
2686 2864 2852 2934 αὐτῷ·
2888 2862 3014 2915 Ναί.
3045 2860 3157 2914 Καὶ
3182 2857 3330 2924 λέγει
3356 2856 3385 2907 6
3413 2848 3755 2944 ereptum-Kal

2170 2936 2311 3015 διατί
2326 2959 2426 3013 οὐκ
2451 2956 2640 3028 ἤλθετε
2674 2955 2800 3009 ίδεῖν
2821 2969 2922 3024 με;
2953 2950 3062 3004 Kal
3088 2947 3236 3015 λέγει
3263 2947 3292 2997 6
3316 2936 3756 3004 ἀὸθᾶςἊλέξαν-

485 3071 796 3127 Alexander
823 3067 990 3122 dixit:
1024 3065 1309 3136 Separatio
1334 3074 1424 3120 tua
1448 3079 1478 3117 a
1502 3065 1662 3120 nobis
1720 3079 2060 3136 nequaquam

2169 3055 2293 3125 δρος
2330 3053 2412 3106 ὃτι
2445 3051 2503 3103 '0
2521 3046 2798 3121 χωρισμός
2815 3061 2907 3098 σου
2925 3043 3017 3112 ἀφ’
3031 3040 3188 3112 ἡμῶν
3209 3037 3268 3091 ού
3290 3035 3483 3105 γέγονε
3506 3028 3751 3090 πιθανὸς,

487 3163 590 3216 fuit
620 3167 868 3229 accepta,
892 3158 1004 3211 imo
1025 3157 1212 3211 multis
1238 3155 1446 3219 nocuit,
1470 3156 1564 3226 qui
1589 3157 1664 3210 ita
1684 3155 2067 3212 disserebant:

485 3252 602 3308 Nisi
633 3250 1009 3304 inobedientes
1034 3246 1380 3302 exstitissent
1409 3246 1551 3314 seni,
1587 3262 1697 3303 non
1732 3248 1800 3303 ab
1833 3247 1943 3303 illis
1983 3263 2072 3303 se-

486 3342 768 3396 cessiss-t.
805 3337 945 3391 Dicit
974 3336 1054 3391 eis
1093 3354 1107 3391 :
1160 3333 1376 3390 Rursus
1430 3337 1616 3407 itaque
1661 3337 2071 3406 pronuntiaturi

486 3440 615 3488 sunt
646 3430 931 3485 homines:
974 3426 1092 3481 Non
1133 3427 1340 3482 invenit
1366 3427 1618 3483 columba
1653 3430 1894 3498 requiem
1930 3430 2074 3500 pedi-

485 3524 592 3578 bus
617 3522 759 3584 suis,
793 3528 849 3575 ct
879 3535 1098 3575 reversa
1133 3526 1217 3574 est
1247 3517 1315 3572 ad
1348 3517 1463 3572 Noe
1497 3518 1556 3571 in
1589 3533 1774 3573 arcam
1797 3519 1864 3572 ³³.
1894 3520 2073 3590 Atque

488 3616 592 3669 hnc
625 3621 784 3683 pacto
808 3611 1085 3667 conciliati
1118 3620 1281 3677 sunt;
1309 3611 1619 3681 mansitque
1642 3625 1766 3666 cum
1794 3611 1874 3667 eis
1897 3626 2073 3683 usque

489 3706 558 3762 ad
593 3712 821 3758 mortem
852 3718 1033 3758 suam.

564 3797 809 3868 53.(95')
832 3794 979 3849 Dixit
995 3795 1161 3851 abbas
1182 3793 1369 3849 Daniel
1388 3812 1403 3849 :
1421 3793 1590 3851 Nobis
1615 3795 1782 3850 abbas
1805 3795 2071 3851 Arsenius

488 3890 645 3947 velut
673 3889 741 3944 de
767 3888 879 3943 alio
910 3888 1186 3952 narravit;
1223 3885 1361 3942 forte
1388 3895 1569 3942 autem
1598 3888 1714 3958 ipse
1744 3896 1895 3951 erat;
1926 3887 2069 3957 quod

490 3983 558 4038 ad
592 3996 780 4037 senem
821 3980 1118 4050 quemdam
1158 3980 1213 4033 in
1253 3995 1352 4034 sua
1379 3979 1513 4034 cella
1545 3980 1819 4034 sedentem
1849 3978 2070 4049 delapsa

493 4074 659 4129 fuerit
703 4070 1020 4142 huiusmodi
1062 4086 1207 4126 vox:
1234 4070 1391 4138 Veni,
1436 4071 1720 4126 ostendam
1760 4070 1855 4125 tibi
1903 4083 2070 4140 opera

492 4165 805 4217 hominum.
840 4162 916 4216 Ac
951 4175 1184 4233 surgens
1211 4178 1471 4233 egressus
1502 4170 1616 4229 est;
1648 4162 1911 4232 duxitque
1944 4174 2067 4216 eum

491 4254 545 4310 in
572 4257 754 4310 locum
781 4253 1095 4325 quemdam,
1119 4264 1173 4309 et
1199 4253 1440 4310 ostendit
1465 4253 1778 4323 Ethiopem
1804 4253 1949 4323 ligna
1971 4265 2072 4305 cm-

492 4348 734 4411 dcntem,
762 4362 827 4401 ex
858 4347 1064 4416 quibus
1095 4344 1421 4399 conﬁciebat
1461 4343 1719 4414 grandem
1757 4342 2063 4405 sarcinam;

2185 3123 2276 3200 καὶ
2296 3144 2479 3197 πολλοὶ
2497 3142 2596 3195 οὐκ
2614 3133 3278 3209 ὡφελήθησαν,λέγοντες.
3291 3130 3375 3182 ὅτι
3400 3127 3462 3180 Εἰ
3486 3123 3561 3195 μὴ
3608 3137 3756 3190 παρ-

2177 3240 2414 3311 ήκουσαν
2429 3234 2521 3288 τοῦ
2538 3232 2599 3301 γέ
2607 3229 2911 3303 ροντοςωύκ
2927 3226 2990 3279 ἂν
3007 3221 3276 3295 ἐχωρίσθη
3294 3218 3355 3284 ἐξ
3369 3216 3565 3272 αὐτῶν.
3591 3213 3753 3311 Λέγει

2178 3303 2380 3390 αὐτοῖς·
2403 3325 2571 3381 Πάλιν
2593 3319 2685 3376 οὖν
2703 3320 2955 3392 μέλλουσι
2968 3316 3148 3383 λέγειν
3162 3314 3212 3367 οἱ
3231 3311 3328 3367 ἄνθ
3336 3325 3529 3382 ρωποι,
3542 3307 3625 3359 ὅτι
3641 3303 3756 3372 Ούχ

2178 3414 2338 3492 εὗρεν
2372 3421 2406 3489 ἡ
2448 3415 2744 3488 περιστερὰ
2781 3410 3086 3465 ἀνάπαυσιν
3117 3409 3229 3468 τοῖς
3259 3403 3415 3457 ποσὶν
3442 3401 3633 3470 αὐτῆς,
3662 3398 3756 3451 καὶ

2179 3489 2478 3583 ἀνέστρεψε
2503 3507 2640 3579 πρὸς
2670 3506 2761 3559 τὸν
2787 3502 2931 3565 Νῶε,
2955 3501 3036 3562 είς
3054 3498 3152 3570 τὴν
3176 3495 3426 3551 κιϐωτόν.
3448 3493 3558 3546 Καὶ
3579 3489 3758 3553 οὕτως

2178 3599 2645 3673 ἐθεραπεύθησαν*
2680 3594 2774 3648 καὶ
2805 3593 2987 3664 ἔμεινε
3019 3589 3136 3663 μετ’
3160 3586 3338 3642 αὐτῶν
3360 3587 3405 3617 ³⁸
3423 3585 3529 3648 ἕως
3551 3585 3652 3654 τῆς
3671 3599 3758 3634 τε-

2176 3694 2367 3764 λευτῆς
2402 3688 2587 3745 αὐτοῦ.

2246 3786 2348 3856 λγ.
2395 3782 2561 3838 Εἶπεν
2588 3784 2616 3835 6
2645 3779 2818 3842 esea;
2848 3775 3065 3844 Δανιὴλ,
3113 3775 3196 3827 ὅτι
3229 3771 3535 3842 Διηγήσατο
3566 3769 3701 3839 ἡμῖν
3729 3768 3758 3818 6

2163 3880 2351 3943 ’άθϐἄς
2392 3876 2664 3948 Ἀροένιος
2692 3872 2767 3935 ὡς
2797 3869 2928 3941 περὶ
2956 3867 3115 3921 ἄλλου
3142 3864 3306 3927 τινόςο
3342 3863 3481 3933 τάχα
3504 3861 3563 3914 δὲ
3596 3859 3760 3921 αὐτὸς

2175 3969 2264 4045 ἦν·
2295 3972 2376 4024 ὅτι
2410 3965 2721 4037 καθημένου
2751 3961 2896 4024 τινὸς
2927 3959 3181 4031 γέροντος
3210 3958 3291 4018 είς
3321 3954 3382 4007 τὸ
3414 3951 3626 4007 κελλίον
3654 3951 3756 4006 αὐ-

2176 4065 2292 4130 τοῦ,
2315 4060 2478 4136 ἦλθεν
2503 4058 2650 4130 αὐτῷ
2681 4056 2832 4128 φωνὴ
2859 4056 3113 4124 λέγουσα·
3136 4050 3326 4123 Δεῦρο,
3359 4050 3456 4103 καὶ
3484 4046 3644 4112 δείξω
3674 4061 3758 4099 σοι

2175 4157 2244 4210 τὰ
2276 4156 2411 4225 ἔργα.
2454 4153 2561 4205 τῶν
2607 4146 2931 4221 ἀνθρώπων.
2964 4145 3078 4199 Καὶ
3121 4141 3358 4205 ἀναστὰς
3404 4137 3616 4207 ἐξῆλθε’
3661 4137 3758 4190 καὶ

2176 4248 2485 4318 ἀπήνεγκεν
2514 4242 2676 4297 αὐτὸν
2705 4241 2784 4304 είς
2808 4238 2972 4291 τόπον
2998 4235 3141 4300 τινὰ,
3178 4235 3274 4288 καὶ
3304 4231 3502 4297 ἔδειξεν
3522 4229 3757 4283 Αἰθίοπα

2176 4340 2445 4392 κόπτοντα
2484 4333 2639 4402 ξύλα,
2672 4333 2767 4386 καὶ
2802 4330 3102 4401 ποιήσαντα
3142 4326 3361 4397 φορτίον
3401 4322 3563 4394 μέγα·
3601 4321 3757 4374 ἐπει-

489 4438 796 4492 conabatur
827 4443 1009 4490 autem
1036 4436 1183 4490 illam
1217 4444 1456 4505 portare,
1488 4449 1589 4488 nec
1610 4432 1855 4499 valebat;
1884 4440 1937 4487 et
1968 4446 2060 4502 pro

2172 4434 2301 4503 ρᾶτο
2325 4431 2381 4484 δὲ
2408 4428 2538 4483 αὐτὸ
2558 4425 2849 4498 βαστάσαι,
2876 4423 2972 4475 καὶ
2998 4421 3100 4474 οὐκ
3127 4418 3380 4489 ἠδύνατοο
3403 4416 3499 4470 καὶ
3520 4415 3642 4468 ἀντὶ
3661 4411 3755 4465 τού

491 4540 558 4579 eo
591 4533 648 4578 ut
675 4523 807 4578 inde
832 4523 1558 4588 nonnihiltolleret,iterum
1586 4521 1859 4575 incidebat
1889 4521 2056 4592 ligna,

493 4626 656 4686 atque
686 4615 979 4684 adjiciebat
1007 4614 1077 4670 ad
1104 4615 1400 4671 sarcinam.
1440 4612 1497 4667 Id
1541 4628 1703 4683 porro
1736 4612 1943 4667 diutius
1979 4611 2062 4665 fa-

492 4706 695 4761 ciebat.
729 4704 791 4757 Et
820 4704 1100 4775 paululum
1132 4719 1479 4776 progressus,
1515 4704 1710 4758 iterum
1745 4703 1982 4759 ostendit
2013 4703 2063 4757 ei

493 4795 768 4850 hominem
793 4795 888 4863 qui
916 4794 1091 4850 stabat
1123 4794 1187 4848 ad
1218 4796 1419 4856 lacum,
1451 4792 1843 4861 bauriebatque
1868 4805 2063 4860 aquam

490 4902 562 4942 ex
587 4886 701 4948 illo,
727 4899 791 4939 ac
822 4884 1185 4941 transferebat
1215 4885 1270 4939 in
1302 4893 1582 4956 pertusum
1606 4898 1722 4947 vas,
1751 4880 1894 4952 quod
1914 4896 2063 4937 eam-

491 4977 617 5031 dem
648 4991 846 5046 aquam
885 4976 940 5031 in
980 4977 1159 5031 lacum
1203 4976 1547 5033 refundebat.
1578 4975 1774 5033 Postea
1806 4975 1945 5029 dixit
1968 4976 2017 5030 ei
2052 4995 2063 5030 :

492 5065 654 5128 Veni,
686 5066 971 5121 ostendam
1002 5066 1100 5121 tibi
1131 5066 1301 5120 aliud.
1332 5065 1471 5121 Tum
1509 5066 1646 5121 vidit
1684 5065 1970 5136 templum,
2003 5079 2068 5117 ac

488 5156 630 5212 duos
661 5156 812 5213 viros
841 5156 1093 5213 sedentes
1134 5158 1188 5211 in
1226 5158 1407 5228 equis,
1441 5164 1493 5213 et
1536 5164 1818 5229 portantes
1858 5157 2065 5227 lignum

488 5249 731 5321 oblique,
781 5248 930 5303 hunc
975 5256 1164 5303 contra
1214 5248 1401 5316 illum;
1453 5249 1706 5305 volebant
1752 5257 1930 5304 autem
1974 5262 2069 5316 per

485 5337 710 5408 ianuam
768 5338 1002 5410 ingredi,
1043 5354 1221 5409 neque
1270 5348 1543 5409 poterant,
1590 5349 1876 5410 propterea
1918 5337 2065 5406 quod

488 5431 695 5501 lignum
721 5440 1098 5487 transversum
1128 5438 1296 5490 esset.
1330 5429 1441 5486 Nec
1473 5446 1534 5487 se
1556 5431 1775 5487 demisit
1805 5431 2066 5485 alteruter

2160 4519 2291 4595 ἆραι
2329 4522 2387 4589 ἐξ
2416 4519 2602 4584 αὐτοῦ,
2635 4517 2798 4571 πάλιν
2820 4515 2866 4547 ³⁸
2901 4513 3101 4567 ἔκοπτε
3131 4510 3286 4576 ξύλα,
3318 4509 3413 4562 καὶ
3443 4504 3754 4578 προσετίθει

2159 4612 2236 4683 τῷ
2281 4611 2503 4681 φορτίῳ.
2538 4606 2708 4662 Τοῦτο
2755 4606 2811 4658 δὲ
2857 4605 2950 4657 ἐπὶ
2982 4604 3118 4657 πολὺ
3150 4603 3342 4655 ἐποίει.
3387 4599 3499 4654 Ka‘:
3543 4597 3756 4669 προϐὰς

2159 4703 2337 4771 ὀλίγον
2374 4700 2532 4755 πάλιν
2581 4699 2777 4763 ἔδειξεν
2824 4695 2973 4767 αὐτῷ
3005 4695 3292 4765 ἄνθρωπον
3332 4693 3622 4764 ἱστάμενον
3661 4693 3755 4744 ἐπὶ

2161 4796 2387 4859 λάκκου,
2418 4793 2511 4847 καὶ
2544 4791 2842 4847 ἁντλούντα
2876 4788 3021 4861 ὕδωρ
3051 4788 3110 4855 ἐξ
3141 4786 3332 4851 αὐτοῦ,
3354 4786 3449 4840 καὶ
3480 4783 3753 4856 μεταϐάλ-

2163 4886 2323 4940 λοντα
2350 4887 2429 4950 είς
2460 4884 2759 4956 δεξαμενὴν
2781 4881 3192 4955 τετρημμένην,
3220 4879 3316 4934 καὶ
3352 4879 3414 4932 τὸ
3438 4877 3572 4933 αὐτὸ
3605 4877 3753 4948 ὕδωρ

2166 4978 2460 5047 ἐκχέουσαν
2498 4978 2577 5039 είς
2623 4975 2714 5028 τὸν
2759 4975 2979 5028 λάκκον.
3031 4973 3141 5026 Καὶ
3181 4972 3331 5040 λέγει
3362 4969 3510 5040 αὐτῷ
3564 4969 3748 5024 πάλιν·

2164 5066 2353 5138 Δεῦρο,
2385 5066 2543 5130 δείξω
2578 5083 2658 5118 σοι
2687 5063 2835 5119 ἄλλο.
2858 5063 2968 5116 Καὶ
3010 5064 3205 5134 θεωρεῖ
3232 5063 3396 5135 ἱερὸν,
3420 5062 3515 5115 καὶ
3539 5060 3635 5114 δύο
3658 5060 3754 5114 ἄν·

2165 5157 2295 5225 δρας
2327 5155 2666 5226 καθημένους
2689 5154 2897 5216 ἵπποις,
2920 5155 3014 5206 καὶ
3032 5153 3399 5224 βαστάζοντας
3429 5150 3584 5219 ξύλον
3611 5151 3752 5205 πλα-

2173 5247 2323 5315 γίως,
2348 5246 2442 5298 ’ἐνα
2468 5245 2753 5299 κατέναντι
2776 5244 2871 5299 τοῦ
2901 5244 3038 5307 ἐνός·
3062 5243 3250 5317 ἤθελον
3272 5243 3328 5298 δέ
3349 5244 3437 5297 διὰ
3456 5242 3557 5314 τῆς
3577 5241 3754 5313 πύλης

2172 5337 2454 5400 είσελθεῖν,
2503 5337 2597 5390 καὶ
2642 5339 2742 5391 οὐκ
2783 5338 3065 5407 ἠδύναντο,
3114 5337 3201 5390 διὰ
3240 5336 3301 5389 τὸ
3328 5330 3471 5390 εἷναι
3499 5335 3562 5388 τὸ
3595 5334 3753 5402 ξύλον

2172 5427 2401 5496 πλάγιον
2422 5427 2487 5482 ³⁷.
2504 5427 2619 5481 Ούκ
2643 5426 2974 5480 ἐταπείνωσε
2996 5427 3053 5479 δὲ
3073 5428 3101 5480 6
3127 5420 3206 5489 εἷς
3237 5425 3425 5479 ἐαυτὸν
3453 5422 3631 5477 ὀπίσω
3658 5421 3754 5476 τοῦ

560 5588 603 5618 ³³
636 5587 770 5669 βου.
798 5604 919 5656 vin,
948 5588 1003 5644 9.
1105 5587 1150 5619 “
1182 5586 1269 5645 Al.
1297 5588 1466 5646 inser.
1493 5588 1628 5661 πρὸς
1663 5589 1788 5653 τοὺς
1834 5585 2051 5643 ἑαυτοῦ.

2165 5587 2193 5667 [⁵
2225 5585 2307 5639 Al.
2348 5584 2566 5654 ἔμειναν
2603 5584 2719 5655 μετ’
2754 5583 2941 5639 αὐτοῦ.
2998 5624 2999 5627 η
3034 5582 3079 5615 ³⁸
3109 5581 3195 5636 AI.
3231 5578 3503 5637 ἀπελθών.
3579 5580 3625 5614 ⁸⁷
3662 5579 3750 5636 Al.

487 5652 746 5726 πλαγίως.

558 5771 695 5843 (93')
736 5769 842 5824 Vit.
882 5769 1039 5828 Patr.
1074 5771 1315 5857 xvm,‘.2r
1582 5787 1625 5849 :-_
1654 5782 1696 5857 εξ
