4034 6340
256 419 347 476 101

1429 405 2037 468 ΔΡΟΡΙΙἸΗΕΕΜΑΤΑ
2080 408 2383 470 PATRUM.

3421 419 3441 475 l
3454 416 3522 473 οε

253 528 435 598 ἑτέρου
467 524 700 594 ὶνέγκαι
736 520 795 578 τὸ
829 520 981 590 ξύλον
1022 525 1102 579 ἐπ’
1130 520 1365 587 εΰθείας·
1411 525 1504 577 καὶ
1545 523 1633 577 διὰ
1672 523 1830 578 τοῦτο

1937 535 2100 591 retro,
2136 536 2195 582 ut
2234 527 2441 598 lignum
2489 526 2655 584 ferret
2700 528 2755 582 in
2804 531 3052 593 rectum;
3095 529 3325 600 ideoque
3366 543 3515 587 eum

255 621 474 689 ἔμειναν
498 618 609 682 ἔξω
634 617 739 686 τῆς
775 616 968 687 πύλης.
1000 610 1158 669 Οὗτοί
1183 618 1310 678 εἰσι,
1346 616 1530 685 φησιν,
1555 618 1603 668 οἱ
1639 615 1840 685 βαστά-

254 709 436 773 ζοντες
470 706 547 770 ὡς
573 706 927 774 δικαιοσύνης
956 703 1116 772 ζυγὸν
1145 703 1282 772 μετά
1317 704 1715 774 ὑπερηφανίας,
1747 706 1842 756 καὶ⁵

254 802 353 855 οὐκ
385 795 840 868 ιταπεινώοησαν
878 795 973 848 τοῦ
1019 794 1415 868 διορθώσασθαι
1462 796 1707 858 ἑαυτοὺς,
1748 796 1841 847 καὶ

256 889 593 961 πορευθῆναι
620 890 689 957 τῇ
714 889 945 958 ταπεινῇ
972 885 1076 956 ὁδῷ
1098 884 1192 939 τοῦ
1219 885 1476 957 Χριστοῦ·
1503 886 1585 939 διὸ
1620 887 1712 939 καὶ
1742 886 1840 957 μὲ-

255 994 432 1032 νονσιν
470 977 579 1043 ἔξω
608 976 707 1045 τῆς
737 973 1010 1044 βασιλείας
1033 974 1127 1029 τοῦ
1157 974 1313 1030 Θεοῦ.
1357 976 1416 1029 '0
1440 976 1494 1028 δὲ
1526 975 1739 1028 κόπτων
1770 976 1840 1029 τὰ

257 1069 385 1137 ξύλα
415 1068 710 1139 ἄνθρωπός
735 1071 883 1121 ὲστιν
913 1067 971 1119 ὲν
998 1066 1292 1138 ἁμαρτίαις
1320 1066 1562 1129 πολλαῖς
1599 1067 1692 1119 καὶ
1718 1067 1840 1120 ἀντὶ

254 1161 344 1214 τοῦ
381 1160 737 1231 μετανοῆσαι,
768 1158 935 1221 ἄλλας
966 1157 1195 1228 ἀνομίας
1223 1157 1503 1228 προστιθεῖ
1523 1158 1707 1210 ἐπάνω
1733 1156 1840 1210 τῶν

190 1316 193 1321 _
256 1253 542 1325 ἁμαρτιῶν
586 1249 774 1306 αὑτοῦ.
807 1252 916 1305 Καὶ
945 1253 974 1304 ὁ
1016 1250 1077 1304 τὺ
1123 1249 1267 1322 ὕδωρ
1305 1250 1513 1304 άντλών
1556 1250 1840 1321 ἄνθρωπός

257 1350 366 1401 ἐστι
410 1346 554 1400 καλὰ
585 1345 684 1415 μὲν
709 1344 847 1416 ἔργα
881 1342 1072 1404 ποιῶν.
1107 1342 1220 1396 ἀλλ’
1265 1344 1451 1413 ἐπειδὴ
1489 1339 1632 1412 εἶχεν
1659 1345 1714 1395 ὲν
1737 1343 1838 1395 αὐ-

253 1439 362 1499 τοῖς
406 1432 654 1504 πονηρὰν
689 1431 992 1503 συμμιγὴν,
1034 1433 1093 1484 ὲν
1125 1428 1301 1501 τούτῳ
1345 1430 1591 1485 ἀπώλεσε
1641 1431 1731 1483 καὶ
1770 1429 1839 1482 τὰ

252 1527 395 1580 καλὲ
426 1524 599 1577 αὐτοῦ
640 1523 794 1594 ἔργα.
841 1523 959 1592 Χρὴ
999 1517 1091 1574 οὖν
1122 1522 1312 1591 νήφειν
1341 1521 1516 1574 πάντα
1555 1520 1838 1594 ἄνθρωπον

251 1616 332 1677 εἰς
356 1615 426 1667 τὰ
453 1613 595 1683 ἔργα
630 1609 819 1675 αὑτοῦ,
854 1610 940 1664 ἵνα
968 1609 1043 1680 μὴ
1067 1611 1146 1673 εἰς
1175 1609 1330 1663 κενὸν
1364 1611 1625 1681 κοπιάσῃ.

320 1703 416 1755 λδ’.
464 1704 525 1755 Ὀ
559 1700 719 1764 αὐτὸς
748 1701 1064 1771 διηγήσατο,
1093 1700 1173 1753 ὅτι
1209 1701 1339 1753 ποτὲ
1368 1696 1530 1771 ἦλθόν
1557 1714 1700 1763 τινες
1729 1700 1838 1753 τῶν

251 1791 519 1863 Πατὲρων
547 1791 657 1844 ἀπὸ
693 1790 1121 1861 Ἀλεξανδρείας.
1155 1790 1281 1843 ἰδεῖν
1312 1789 1403 1841 τὸν
1430 1789 1603 1842 ἀϐϐᾶν
1648 1787 1835 1859 Ἀρσέ-

1940 625 2155 685 portam
2185 625 2591 671 remanserunt.
2626 616 2714 684 Hi,
2743 619 2944 689 inquit,
2977 629 3105 675 sunt
3137 621 3387 678 homines
3417 627 3510 692 qui

1943 706 2087 759 velut
2109 704 2339 774 justitiae
2359 705 2551 777 jugum
2578 718 2797 778 portant
2820 726 2942 764 eum
2967 713 3245 781 superbia,
3270 729 3372 768 nee
3398 730 3519 768 sese

1940 793 2278 849 demiserunt
2310 803 2367 848 ut
2399 799 2827 868 corrigerentur,
2875 802 3300 874 ineederentque
3331 805 3383 859 in
3419 806 3521 859 huc

1940 883 2054 936 mili
2094 881 2301 938 Christi
2340 886 2429 939 via
2469 905 2481 940 :
2525 888 2670 944 unde
2712 897 2868 943 extra
2902 906 3128 963 regnum
3171 892 3264 949 Dei
3298 910 3517 964 perma-

1940 980 2091 1025 nent.
2127 971 2231 1038 Qui
2279 988 2408 1027 vero
2442 975 2588 1044 ligna
2621 976 2886 1040 caedebat,
2940 979 3103 1033 homo
3150 988 3235 1035 est
3281 989 3515 1037 onustus

1942 1064 2217 1132 peccatis;
2250 1064 2341 1133 qui
2380 1063 2501 1118 loco
2528 1066 2883 1134 posuitentiaz,
2915 1068 3053 1123 alias
3092 1069 3277 1137 adjicit
3314 1071 3520 1140 iniqui-

1940 1159 2081 1207 tates
2103 1153 2168 1206 ad
2201 1161 2423 1222 peccata
2450 1170 2570 1210 sua.
2602 1153 2696 1209 llle
2721 1171 2852 1210 vero
2872 1159 2966 1226 qui
2987 1158 3274 1213 hauriebat
3295 1174 3513 1230 aquam,

1939 1242 2102 1297 homo
2138 1253 2241 1307 est,
2284 1246 2379 1315 qui
2409 1245 2630 1316 quidem
2677 1248 2815 1302 bona
2858 1264 3022 1317 Opera
3065 1250 3212 1313 facit,
3252 1253 3347 1307 sed
3384 1254 3512 1321 quia

1938 1347 2064 1387 cum
2107 1334 2214 1389 illis
2257 1336 2398 1388 mala
2445 1336 2706 1405 permista
2753 1337 2937 1403 habet,
2986 1338 3040 1391 in
3081 1354 3148 1393 eo
3175 1342 3340 1394 etiam
3374 1341 3513 1394 bona

1939 1436 2104 1491 opera
2142 1423 2394 1492 perdidit.
2431 1422 2658 1494 Oportet
2698 1426 2862 1495 igitur
2891 1435 2950 1481 ut
2973 1429 3203 1497 quilibet
3230 1431 3517 1499 vigilanter

1938 1513 2180 1566 attendat
2210 1514 2277 1567 ad
2307 1529 2469 1584 opera
2506 1530 2625 1579 sua,
2661 1531 2770 1585 quo
2809 1532 2920 1571 non
2959 1517 3170 1573 laboret
3205 1519 3259 1571 in
3290 1534 3511 1574 vanum.

2009 1690 2098 1744 54.
2133 1690 2248 1761 (95)
2279 1689 2423 1745 Idem
2457 1693 2641 1747 retulit
2691 1694 2840 1764 quod
2869 1694 3054 1763 aliquo
3077 1704 3320 1766 tempore
3348 1711 3514 1752 vene-

1938 1780 2050 1834 rint
2075 1780 2295 1850 quidam
2327 1781 2553 1838 Patrum
2587 1785 2656 1838 ab
2684 1787 3037 1849 Alexandria,
3061 1795 3122 1841 ut
3152 1787 3401 1842 viderent
3420 1793 3518 1842 ab.-

250 1899 382 1936 νιον⁸
408 1883 508 1936 καὶ
527 1878 592 1953 ἦν
615 1876 695 1945 εἷς
715 1881 773 1947 ἐξ
800 1881 978 1934 αὐτῶν
1029 1879 1168 1943 θεῖος
1193 1878 1286 1932 τοῦ
1310 1878 1542 1934 παλαιοῦ
1571 1878 1834 1949 Τιμοθέου

1941 1873 2118 1927 hatem
2150 1874 2481 1941 Arsenium;
2520 1890 2584 1929 ex
2628 1877 2830 1946 quibus
2869 1893 3008 1932 unus
3043 1889 3159 1933 erat
3195 1881 3394 1934 veteris
3425 1879 3514 1933 Ti-

250 1973 686 2043 ἁρχιεπισκὸπου
726 1969 1132 2042 Ἀλεξανδρείας
1154 1970 1245 2023 τοῦ
1274 1969 1566 2040 λεγομένου
1598 1972 1733 2040 ἀκτή
1744 1987 1839 2040 μο-

250 2080 359 2125 νος,
398 2063 495 2117 καὶ
521 2058 665 2132 εἶχεν
690 2061 788 2116 ἕνα
809 2063 872 2115 ἐκ
888 2062 997 2115 τῶν
1018 2060 1389 2130 τεκναδέλφων
1412 2058 1593 2112 αὑτοῦ.
1632 2057 1758 2130 Εἶχε
1782 2061 1838 2114 δὲ

250 2154 370 2209 τότε
404 2156 433 2206 ὁ
454 2153 636 2223 γέρων
663 2153 967 2216 ἀσθένειαν,
994 2154 1086 2205 καὶ
1111 2154 1211 2205 οὐκ
1235 2151 1496 2222 ἠθέλησεν
1524 2151 1836 2220 ἀπαντῆσαι

252 2244 456 2306 αὐτοῖς.
482 2244 571 2295 ἵνα
597 2241 673 2313 μὴ
696 2243 791 2295 καὶ
822 2242 967 2296 ἄλλοι
1000 2242 1193 2295 ἔλθωσι
1229 2244 1321 2295 καὶ
1359 2241 1836 2312 παρενοχλήσωσιν

252 2334 432 2387 αὐτόν.
453 2329 565 2386 Ἦν
595 2332 654 2386 δὲ
683 2332 805 2386 τότε
838 2335 918 2396 εἰς
948 2334 1046 2404 τὴν
1081 2333 1291 2402 Πέτραν
1320 2332 1422 2402 τῆς
1469 2332 1682 2403 Τρώης.
1727 2333 1836 2386 Kal

254 2423 578 2494 ἀνέκαμψαν
592 2422 765 2476 λυπού
772 2438 943 2494 μενοι.
964 2423 1167 2494 Συνέϐη
1181 2424 1236 2476 δὲ
1252 2424 1535 2477 ἐπίστασιν
1547 2422 1835 2495 βαρϐάρων

252 2513 526 2578 γενέσθαι.
545 2515 642 2566 καὶ
660 2512 831 2566 θέλων
844 2514 888 2544 ³⁸
904 2512 1113 2583 ἔμεινεν
1130 2515 1186 2566 ὲν
1203 2517 1314 2576 τοῖς
1331 2514 1479 2567 κάτω
1499 2514 1706 2584 μέρεσι.
1727 2515 1835 2567 Kal

252 2600 589 2664 ἀκούσαντες
614 2602 778 2655 πάλιν
806 2597 966 2672 ἦλθον
992 2603 1120 2655 ἰδεῖν
1146 2602 1327 2656 αὐτόν.
1362 2603 1472 2656 Kal
1504 2601 1641 2670 μετὰ
1660 2602 1834 2673 χαρᾶς

258 2689 625 2760 προσελάϐετο
659 2691 877 2755 αὐτούς.
903 2692 1010 2743 Καὶ
1031 2691 1177 2759 λέγει
1202 2692 1350 2762 αὐτῷ
1372 2694 1400 2746 ὁ
1424 2690 1650 2762 ἀδελφὸς
1677 2692 1735 2755 ὸς
1765 2687 1833 2761 ἦν

254 2785 370 2854 μετ’
388 2784 596 2837 αὐτῶν·
628 2784 743 2837 υύκ
761 2780 930 2846 οἶδας,
952 2783 1115 2847 ἀϐὅᾶ,
1140 2785 1219 2837 ὅτι
1240 2784 1473 2856 ἤλθομεν
1498 2783 1833 2854 παραϐαλεῖν

253 2888 333 2924 σοι
362 2874 444 2935 εἰς
472 2871 692 2943 Τρώην,
726 2873 819 2925 καὶ
847 2872 944 2924 οὐκ
973 2870 1137 2936 ἐδέξω
1165 2875 1343 2943 ἡμᾶς
1377 2872 1486 2925 Kal
1512 2872 1662 2940 λέγει
1683 2870 1833 2939 αύτῷ

253 2967 279 3018 6
311 2964 517 3036 γέρωνο
566 2965 756 3034 Ὑμεῖς
792 2964 1087 3032 ἐγεύσασθε
1117 2965 1284 3034 ἄρτου
1312 2964 1405 3017 καὶ
1435 2965 1617 3017 ἐπίετε
1666 2964 1828 3036 ὕδωρ·

252 3055 409 3125 φύσει
443 3053 502 3108 δὲ
529 3053 661 3121 ἐγὼ,
688 3054 898 3117 τέκνον,
939 3053 1061 3106 οὔτε
1095 3054 1259 3125 ἄρτου
1292 3054 1412 3108 οὔτε
1451 3054 1640 3118 ὕδατος
1678 3056 1833 3123 ἐγευ-

253 3148 454 3218 σάμην,
483 3145 612 3199 οὔτε
650 3146 755 3217 μὴν
782 3146 1026 3211 ἐκάθισα,
1072 3147 1315 3211 κολάζων
1350 3147 1606 3218 ἐμαυτὸν,
1637 3147 1740 3210 ἓως
1768 3142 1829 3199 οὗ

254 3237 553 3307 ιδοκξμασα
586 3239 669 3292 ὅτι
703 3237 973 3307 noema
1002 3240 1081 3301 εἰς
1107 3238 1200 3290 τὸν
1232 3239 1396 3291 τόπον
1436 3239 1606 3309 ὑμῶν,
1645 3239 1726 3291 ὅτι
1763 3239 1832 3291 δι’

255 3328 349 3399 εμὲ
395 3329 493 3381 καὶ
547 3329 705 3398 ὑμεῖς
754 3327 1040 3399 ιξσκύλητε⁸
1091 3328 1225 3382 ἀλλὰ
1271 3329 1660 3401 συγχωρήσατε
1716 3347 1828 3400 μοι,

256 3418 488 3489 αδελφοί.
514 3420 625 3474 Καὶ
652 3418 1091 3491 παρακληθέντες
1111 3418 1480 3492 ἀνεχώρησαν.
1536 3426 1541 3429 ’

319 3600 414 3658 λε’.
461 3601 525 3655 Ὀ
547 3601 708 3666 αὐτὸς
736 3602 940 3671 ἔλεγεν,
963 3605 1044 3658 ὅτι
1072 3605 1326 3659 Ἐκάλεσέ
1360 3624 1425 3676 με
1454 3608 1581 3678 μίαν
1602 3611 1630 3664 ὁ
1657 3611 1833 3678 άϐϐἄς

264 3691 560 3764 Ἀρσὲνιος,
580 3695 674 3746 καὶ
694 3692 845 3762 λέγει
870 3710 978 3766 μοι’
1010 3696 1345 3750 Ἀνάπαυσον
1365 3698 1456 3750 τὸν
1480 3699 1692 3770 πατέρα
1712 3719 1829 3765 σου,

253 3786 336 3838 ἶνα
361 3787 493 3838 ὅταν
518 3784 733 3859 ἀπέλθῃ
763 3786 898 3856 πρδς
922 3786 1146 3858 Κύριον,
1173 3787 1527 3860 παρακαλέσῃ
1550 3790 1688 3861 ὑπὲρ
1711 3791 1828 3860 σού,

253 3876 341 3927 καὶ
365 3875 431 3929 εὖ
468 3893 554 3929 σοι
578 3876 822 3948 γένηται.

317 3965 428 4033 λς’.
467 3968 696 4037 Ἔλεγον
718 3968 847 4040 περὶ
868 3968 960 4023 τοῦ
982 3968 1125 4023 esca
1161 3969 1455 4041 Ἀρσενέου,
1485 3972 1589 4038 ὅτι,
1613 3971 1834 4044 ἀσθενή-

253 4075 442 4124 σαντος
484 4060 654 4114 αὑτοῦ
701 4079 831 4115 ποτε
869 4065 948 4127 εἰς
984 4062 1206 4133 Σκῆτιν,
1267 4063 1508 4135 ἀπῆλθεν
1537 4066 1564 4117 ὁ
1595 4065 1833 4135 πρεσϐύ-

251 4167 427 4222 τερος,
482 4152 578 4205 καὶ
625 4153 854 4221 ἤνεγκεν
891 4155 1051 4208 αὐτὸν
1108 4155 1190 4218 εἰς
1237 4154 1337 4225 τὴν
1387 4156 1702 4226 ἐκκλησίαν,
1737 4160 1831 4211 καὶ

251 4240 444 4310 ἔθηκεν
487 4243 651 4296 αὐτὸν
684 4245 765 4307 εἰς
810 4244 1118 4317 χαλάδριον,
1164 4247 1356 4317 μικρὸν
1391 4249 1828 4318 προσκεφάλαιον

250 4329 386 4398 πρὸς
435 4333 503 4401 τῇ
560 4331 769 4403 κεφαλῇ
803 4334 988 4389 αὑτοῦ.
1019 4337 1128 4389 Kal
1161 4336 1271 4390 ἰδοὺ
1298 4330 1378 4398 εἷς
1406 4337 1512 4389 τῶν
1560 4340 1829 4410 γερόντων

251 4419 418 4472 ἐλθὼν
487 4421 889 4488 ἐπισκέψασθαι
952 4424 1135 4488 αὐτὸν,
1209 4426 1303 4479 καὶ
1354 4426 1478 4478 ἰδὼν
1531 4428 1692 4481 αὐτὸν
1750 4432 1831 4495 εἰς
1880 4472 1893 4490 .

1942 1963 2148 2017 mothei
2181 1965 2582 2035 archiepiscopi
2611 1968 2991 2030 Alexandrini,
3018 1971 3276 2038 pauperis
3303 1987 3515 2027 nuncu‘

1938 2055 2071 2120 pati,
2109 2056 2439 2115 avunculus.
2473 2056 2838 2127 comitemque
2871 2058 3108 2112 habebat
3139 2074 3170 2113 e
3206 2060 3394 2116 fratris
3427 2062 3513 2115 sui

1940 2140 2127 2197 liberis
2169 2160 2358 2198 unum.
2396 2144 2551 2199 Tunc
2586 2161 2713 2201 vero
2745 2148 3047 2217 :rgrotabat
3086 2164 3277 2211 senex,
3310 2150 3515 2204 noluit-

1937 2246 2045 2301 que
2072 2232 2153 2288 eis
2184 2249 2495 2297 occurrere,
2549 2251 2618 2290 ne
2671 2236 2763 2289 alii
2810 2239 3017 2307 pariter
3062 2239 3405 2298 accederent.
3449 2254 3515 2294 ac

1936 2339 2060 2378 eum
2091 2325 2539 2383 interturbarent.
2577 2327 2708 2382 Erat
2738 2344 2903 2398 porro
2940 2331 2993 2384 in
3023 2329 3184 2386 Petra
3216 2330 3390 2386 Τιοιε.
3428 2332 3512 2385 Illi

1938 2416 2127 2471 tristes
2172 2427 2507 2472 remearunt.
2552 2420 2795 2490 Contigit
2831 2429 3010 2475 autem
3055 2431 3115 2475 ut
3151 2423 3512 2477 barbarorum

1937 2508 2165 2577 irruptio
2204 2509 2385 2571 ﬁeret;
2420 2510 2564 2566 unde
2596 2515 2798 2566 mansit
2832 2520 3027 2581 sponte
3061 2514 3117 2567 in
3154 2514 3509 2569 inferioribus

1936 2600 2204 2667 partibus.
2246 2599 2364 2665 Quo
2394 2602 2601 2666 audito,
2636 2603 2831 2657 iterum
2869 2613 3137 2658 venerunt
3172 2604 3323 2658 illum
3366 2606 3511 2659 iuvi-

1936 2707 2077 2747 sere.
2106 2691 2169 2744 Et
2195 2693 2449 2748 alacriter
2477 2695 2719 2764 suscepit
2743 2710 2858 2750 eos.
2901 2696 3043 2751 Dicit
3083 2698 3159 2751 illi
3206 2696 3376 2752 frater
3407 2701 3507 2768 qui

1935 2799 2043 2837 una
2077 2799 2199 2838 cum
2227 2785 2333 2838 illis
2357 2794 2511 2839 erat:
2545 2786 2731 2839 Nonne
2762 2789 2892 2851 scis,
2929 2788 3088 2854 abba,
3116 2804 3218 2843 nos
3245 2805 3510 2859 congres—

1935 2889 2095 2929 suros
2132 2884 2332 2939 tecum,
2375 2878 2681 2946 perrexisse
2713 2879 2916 2942 Troen,
2951 2897 3051 2935 nec
3083 2896 3115 2935 a
3152 2890 3203 2934 te
3233 2882 3509 2937 admissus

1935 2963 2147 3019 fuisse?
2194 2965 2493 3035 Respondit
2542 2982 2706 3021 senex
2735 2985 2748 3022 :
2781 2966 2889 3023 Vos
2929 2983 3127 3038 panem
3167 2971 3509 3028 comedistis.

1932 3072 1996 3110 ae
2028 3056 2243 3112 bibistis
2270 3073 2502 3127 aquam;
2535 3074 2634 3129 ego
2673 3074 2823 3121 vero,
2860 3059 2954 3124 illi,
2990 3074 3125 3115 sane
3164 3076 3264 3115 nec
3306 3078 3505 3131 panem

1936 3165 2036 3203 nec
2061 3164 2255 3218 aquam
2289 3150 2526 3220 gustavi,
2570 3165 2746 3220 neque
2773 3150 2912 3215 sedi,
2946 3151 3215 3222 meipsum
3253 3146 3509 3222 puniens,

1936 3240 2111 3295 donec
2161 3242 2505 3311 exploratum
2561 3242 2748 3304 habui,
2793 3256 2889 3298 vos
2932 3242 3000 3297 ad
3050 3243 3229 3297 locum
3266 3254 3507 3300 vestrum

1934 3334 2269 3402 pervenisse,
2306 3334 2431 3404 quia
2472 3342 2694 3404 propter
2723 3349 2808 3387 me
2853 3333 3063 3405 fatigati
3113 3333 3379 3400 fueratis;
3413 3335 3510 3390 sed

1932 3424 2149 3478 veniam
2188 3424 2322 3479 mihi
2346 3424 2570 3490 donate,
2607 3423 2828 3479 fratres.
2862 3421 2943 3477 llli
2973 3424 3205 3480 recreati
3237 3424 3511 3480 discesse-

1933 3521 2083 3568 runt.
2408 3526 2415 3534 ‘

2003 3607 2093 3661 55.
2129 3604 2276 3661 Idem
2302 3606 2611 3663 referebat:
2641 3604 2887 3673 Quodam
2921 3605 3011 3661 die
3048 3605 3264 3661 vocavit
3297 3622 3381 3661 me
3409 3607 3508 3661 ah-

1932 3696 2032 3752 bas
2058 3699 2345 3762 Arsenius,
2380 3699 2627 3769 dixitque
2653 3697 2825 3753 mihi:
2864 3694 3072 3752 Solatio
3104 3697 3180 3753 sis
3212 3696 3361 3752 Patri
3388 3706 3503 3762 tuo,

1935 3795 1994 3843 ut
2033 3797 2326 3858 postquam
2358 3787 2424 3843 ad
2457 3789 2748 3843 Dominum
2780 3786 3127 3855 discesserit,
3156 3796 3277 3843 oret
3298 3803 3398 3858 pro
3432 3796 3506 3851 te.

1937 3893 2001 3932 ac
2044 3879 2180 3932 bene
2210 3879 2281 3933 sit
2316 3878 2435 3934 tibi.

2003 3970 2092 4022 '56.
2135 3969 2248 4039 (96)
2274 3969 2531 4024 Dixerunt
2565 3968 2632 4023 de
2671 3969 2869 4025 abbate
2900 3968 3131 4024 Arsenio
3152 4006 3168 4034 ,
3195 3968 3339 4039 quod
3379 3983 3503 4022 cum

1935 4058 2080 4115 Secti
2109 4068 2419 4129 mgrotaret,
2463 4058 2738 4129 profectus
2769 4060 3072 4130 presbyter,
3115 4074 3239 4113 eum
3279 4058 3508 4112 adduxit

1934 4154 1999 4205 ad
2038 4151 2346 4214 ecclesiam,
2382 4150 2672 4219 posuitque
2705 4151 2759 4205 in
2788 4157 2981 4214 strato,
3016 4165 3141 4204 cum
3181 4164 3351 4216 parvo
3386 4164 3508 4202 cer-

1931 4241 2090 4295 vicali
2141 4241 2245 4296 sub
2282 4240 2459 4310 capite
2489 4240 2629 4308 ejus.
2679 4238 2817 4293 Tum
2864 4254 2994 4294 ecce
3027 4253 3058 4293 e
3095 4238 3321 4292 senibus
3359 4252 3509 4292 unus

1932 4333 2155 4388 veniens
2204 4331 2269 4386 ad
2315 4329 2643 4387 visitandum
2686 4345 2832 4398 eum,
2878 4329 2970 4384 ubi
3004 4328 3232 4383 vidisset
3261 4328 3412 4381 illum
3445 4330 3501 4382 in

1933 4432 2129 4486 strato,
2155 4439 2278 4478 cum
2306 4423 2561 4478 cervicali
2591 4423 2808 4486 subtus,
2841 4419 3157 4476 scandalum
3182 4434 3381 4489 passus
3396 4428 3506 4483 est,

250 4509 309 4561 τὸ
351 4510 649 4581 χαλὰδριον
673 4511 807 4581 (94),
853 4513 946 4566 καὶ
984 4514 1046 4568 τὸ
1095 4516 1529 4586 προσκεφάλαιον
1575 4520 1831 4574 ὑποκάτω

1935 4515 2180 4583 dixitque
2213 4531 2226 4568 :
2263 4512 2488 4569 lliccine
2513 4523 2597 4569 εει
2617 4515 2786 4569 abbas
2816 4512 3124 4568 Arsenius?
3149 4519 3203 4567 et
3239 4527 3306 4567 eo
3342 4513 3508 4567 modo

251 4602 438 4666 αὑτοῦ,
488 4603 906 4674 ὲσκανδαλὶσθη,
950 4605 1146 4675 λέγων’
1185 4600 1352 4671 Οὗτός
1399 4608 1544 4661 ἐστιν
1589 4611 1617 4664 ὁ
1657 4612 1831 4675 esse;

265 4693 576 4764 ’Δρσένιοςς
609 4695 708 4748 καὶ
730 4696 809 4758 εἰς
830 4695 1000 4751 ταῦτα
1021 4696 1332 4763 ἁνάκειταις
1368 4699 1557 4752 Λαϐὼν
1578 4700 1634 4753 δὲ
1665 4702 1826 4755 αὐτὸν

253 4785 626 4856 πρεσϐύτερος
657 4786 777 4838 κατ’
810 4786 963 4848 ἰδίαν,
997 4786 1142 4854 λέγει
1176 4787 1342 4856 αὐτῷ·
1377 4789 1444 4840 Τί
1473 4784 1543 4859 ἦν
1576 4790 1636 4842 τὸ
1667 4789 1825 4860 ἔργον

255 4892 344 4929 σου
366 4877 513 4947 ὲντῇ
548 4875 710 4949 κώμῃ
751 4893 875 4943 eoo;
909 4876 966 4931 '0
991 4876 1047 4930 δὲ
1083 4873 1225 4929 εἴπεο
1261 4878 1472 4949 Ποιμήν
1503 4879 1668 4949 ἤμην.
1701 4879 1827 4943 Πῶς

252 4961 361 5030 οὖν,
388 4968 547 5037 φησὶ,
581 4968 767 5038 διῆγες
792 4968 884 5021 τὸν
918 4966 1029 5038 βίον
1052 4985 1178 5033 σου;
1215 4967 1271 5022 '0
1292 4969 1345 5021 δὲ
1371 4968 1494 5038 ἔφη·
1539 4971 1626 5023 Ἐν
1650 4970 1829 5041 πολλῷ

253 5059 399 5129 τόπῳ
426 5059 636 5130 διῆγον.
661 5059 772 5112 Kal
790 5058 938 5128 λέγει
962 5058 1131 5129 αὐτῷ’
1159 5059 1272 5112 Νῦν
1298 5055 1389 5112 οὖν
1416 5060 1531 5123 πῶς
1549 5060 1754 5128 διάγεις
1775 5064 1832 5114 ὲν

253 5148 324 5216 τῷ
355 5148 587 5218 κελλίῳς
624 5148 684 5200 '0
707 5148 765 5201 δὲ
795 5148 918 5217 ἔφη·
953 5148 1171 5201 Μᾶλλον
1196 5148 1569 5218 ἀναπαύομαι.
1606 5152 1715 5203 Kal
1746 5150 1831 5203 λέο

253 5238 528 5310 γειαύτῷ·
561 5237 790 5303 Βλέπεις
827 5238 1016 5293 τοῦτον
1047 5238 1141 5292 τὸν
1172 5238 1347 5293 άϐϐἄν
1382 5239 1684 5309 Ἀρσένιον;
1722 5258 1829 5293 πα-

320 5389 367 5422 ³⁹
393 5392 480 5446 Al.
514 5390 713 5445 ἐλθών.

322 5502 426 5571 (91)
448 5504 831 5578 thddpzoy.
865 5504 1128 5578 Stratum,
1172 5506 1347 5561 instar
1384 5508 1564 5562 lectuli
1600 5510 1832 5578 pellibus

262 5568 476 5696 insttra'ti.
515 5568 732 5631 Unrle'a
763 5574 973 5630 Joanne
1019 5568 1303 5632 GeOmetra
1340 5594 1434 5647 per
1464 5568 1613 5633 κώεα
1654 5583 1834 5651 expri-

262 5655 323 5694 nn
351 5660 447 5696 nr:

260 5655 411 5696 untur
431 5662 447 5699 Ζ

319 5732 583 5805 Μέμρετο
611 5733 928 5802 Ἀρσένιόν
952 5752 1040 5799 τις
1062 5733 1202 5790 ἰδὼν·
1220 5735 1317 5789 ἐπὶ
1344 5734 1563 5790 κώεσιν
1593 5737 1755 5792 ὄντα.

262 5817 453 5882 Dictum
482 5838 677 5885 autem
719 5827 942 5884 videtur
968 5826 1277 5897 χαλάδριον,
1329 5835 1419 5881 aut
1455 5842 1484 5881 a
1522 5829 1684 5886 verbo
1726 5847 1827 5901 χα-

1935 4606 2240 4660 reeumbit?
2279 4603 2511 4660 Sumens
2543 4611 2721 4659 autem
2754 4604 2906 4659 illum
2939 4604 3170 4659 seorsim
3199 4605 3504 4674 presbyter,

1932 4697 2045 4749 ait:
2082 4694 2365 4761 Quodnam
2409 4705 2528 4750 erat
2573 4711 2711 4764 opus
2759 4702 2911 4749 tuum
2957 4695 3012 4749 in
3057 4702 3150 4749 tuo
3190 4696 3367 4765 pago?
3403 4692 3507 4749 Re-

1933 4784 2154 4852 spondit
2187 4784 2314 4837 ille:
2339 4782 2500 4837 Eram
2532 4791 2737 4852 pastor.
2767 4783 3014 4848 Quonam
3047 4798 3178 4853 ergo
3202 4782 3387 4848 modo,
3420 4781 3507 4837 in-

1930 4878 2070 4946 quit,
2098 4877 2262 4931 vitam
2291 4876 2671 4947 transigebas?
2694 4876 2785 4929 Ait
2813 4895 2825 4930 :
2854 4877 2909 4930 ln
2942 4875 3128 4931 labore
3150 4877 3345 4930 multo.
3366 4875 3505 4929 Tum

1932 4968 2217 5038 presbyter
2259 4984 2273 5021 :
2316 4965 2473 5022 Nunc
2515 4982 2642 5022 vero
2688 4983 2849 5037 quem
2893 4966 2960 5021 ad
2999 4967 3220 5022 modum
3277 4968 3331 5021 in
3369 4968 3507 5022 cella

1935 5058 2090 5128 agis?
2121 5056 2298 5112 Senex
2328 5076 2340 5111 :
2367 5055 2424 5111 In
2456 5057 2650 5125 majori
2687 5057 2825 5127 dego
2855 5058 3057 5127 quiete.
3094 5056 3232 5113 Dicit
3263 5058 3340 5111 illi
3369 5076 3382 5112 :
3418 5057 3510 5111 Vi-

1932 5150 2030 5205 des
2069 5148 2215 5203 hunc
2255 5148 2505 5203 abbatem
2557 5149 2886 5203 Arsenium?
2931 5149 3163 5215 Quando
3205 5151 3258 5203 in
3302 5150 3511 5203 mundo

1932 5240 2279 5306 versabatur,
2309 5252 2464 5310 pater
2484 5242 2693 5298 exstitit
2723 5244 3153 5312 imperatorum;
3187 5242 3334 5298 mille
3360 5242 3507 5296 serxi

1934 5508 2067 5564 λάω.
2098 5514 2192 5559 aut
2222 5507 2376 5576 quasi
2409 5507 2720 5576 χαράδριον.
2758 5507 2878 5560 Vita
2932 5507 3143 5561 Arscnii
3182 5508 3362 5562 Graeca
3396 5520 3500 5560 ms.

1933 5577 2148 5650 εὐτελές
2170 5592 2220 5629 τι
2246 5578 2490 5650 στρῶμα.
2524 5577 2679 5642 Quod
2721 5579 2864 5646 apud
2901 5576 3218 5641 Surium,n.
3265 5576 3354 5640 21,
3406 5579 3510 5630 vita

1933 5648 2250 5715 stragulum.

2006 5717 2117 5784 (95)
2162 5715 2279 5770 Vid.
2317 5714 2491 5770 Vitam
2530 5716 2750 5774 Arsenii,
2787 5732 2840 5768 ιι.
2872 5715 2963 5768 92.

2013 5787 2121 5857 (96)
2162 5784 2319 5840 Joan.
2347 5785 2534 5840 Geom.
2574 5786 2768 5840 Parad.
2810 5787 2888 5840 10.
