4034 6340
288 337 385 394 163

1412 330 2027 397 ΑΡΟΡῙΠΙΙΕΟᾺῙΑΤᾹ
2068 337 2371 401 PATRUM.

3436 346 3538 408 106

286 448 620 519 καταστῆσαι
646 447 831 512 αὐτὸν,
855 448 936 502 ὅτι
965 449 1183 520 μακρὰν
1208 443 1275 520 ἦν
1298 451 1331 522 ὴ
1352 452 1517 506 κέλλα
1537 453 1725 508 αὐτοῦ.
1750 456 1850 508 Kal

1963 465 2122 521 trem,
2156 457 2248 525 qui
2289 470 2413 510 eum
2445 453 2685 524 sisteret,
2716 454 2980 527 quoniam
3012 457 3204 528 procul
3239 466 3359 515 erat
3395 464 3532 519 cella

284 542 612 611 κρούσαντες
640 539 742 611 τὴν
771 539 937 612 θύραν
959 539 1227 610 εἰσῆλθον,
1254 541 1346 595 καὶ
1368 544 1747 616 ἀσπασάμενοι
1769 547 1862 599 τὸν

284 639 507 705 γέροντα
540 631 808 686 ἐκάθισαν
842 631 1172 696 σιωπῶντες.
1208 629 1374 688 Εἶπεν
1398 632 1491 689 οὖν
1523 639 1552 690 6
1580 637 1806 706 ἀδελφὸς
1834 641 1863 692 6

282 725 376 794 τῆς
415 720 767 792 Ἐκκλησίαςο
802 720 946 790 Ἐγὼ
971 722 1185 790 ὑπάγω,
1203 722 1430 790 εὔξασθε
1457 727 1596 799 ὑπὲρ
1622 727 1777 798 ἐμοῦ.
1804 729 1861 782 Ὀ

280 814 333 868 66
363 810 596 882 ἀδελφὸς
627 814 658 865 6
695 812 865 877 ξένος,
904 812 986 884 μὴ
1019 813 1196 886 εὑρὼν
1228 818 1543 887 παρρησίαν
1586 818 1722 888 πρὸς
1766 819 1861 873 τὸν

283 903 530 976 γέροντα,
559 900 680 957 εἷπε
703 905 782 974 τῷ
805 905 1038 976 ἀδελφῷ·
1070 908 1344 979 Ἔρχομαι
1383 908 1537 978 κάγὼ
1572 914 1709 979 μετά
1741 911 1855 965 σοῦ.

282 989 391 1045 Καὶ
428 994 658 1066 ἐξῆλθον
698 995 857 1066 ὁμοῦ.
895 997 1273 1067 Παρεκάλεσεν
1315 996 1407 1053 οὖν
1438 1001 1619 1065 αὑτὸν,
1662 1000 1856 1070 λέγων’

286 1091 424 1141 Λάϐε
460 1103 529 1155 με
560 1087 655 1139 καὶ
688 1086 826 1157 πρὸς
856 1086 947 1140 τὸν
960 1087 1140 1141 ἀδὸἄν
1155 1090 1358 1160 Μωσῆν
1379 1088 1466 1144 τὸν
1490 1092 1599 1145 ἀπὸ
1623 1091 1856 1166 λῃστῶν.

283 1178 388 1229 Καὶ
408 1178 679 1231 ἐλθόντων
701 1177 881 1232 αὐτῶν
902 1179 1036 1250 πρὸς
1056 1180 1238 1245 αὑτὸν,
1258 1181 1476 1246 ἐδέξατο
1500 1185 1695 1248 αὐτοὺς
1720 1185 1859 1254 μετά

281 1276 472 1345 χαρᾶς,
511 1274 605 1328 καὶ
635 1275 1035 1346 φιλοφρονήσας
1055 1276 1100 1308 ³⁸
1135 1277 1330 1341 αὐτοὺς
1353 1277 1610 1332 ἀπέλυσε.
1638 1280 1747 1332 Kal.
1766 1280 1852 1333 λέ-

280 1381 363 1432 γει
394 1364 547 1434 αὐτῷ
572 1367 600 1418 6
631 1364 856 1432 ἁδελφὸς
877 1368 905 1418 6
929 1364 1167 1434 ἐνεγκὼν
1194 1369 1380 1421 αὐτόν’
1424 1370 1555 1422 Ἰδοὺ
1577 1372 1857 1440 ἀπένεγκά

282 1471 337 1507 σε
379 1454 517 1525 πρὸς
549 1455 641 1508 τὸν
676 1453 885 1518 ξενικὸν
916 1457 1009 1509 καὶ
1036 1456 1173 1527 πρὸς
1200 1458 1291 1511 τὸν
1319 1458 1634 1526 Αίγύπτιον.
1669 1462 1763 1526 Τίς
1791 1465 1856 1514 ἐκ

280 1543 385 1597 τῶν
423 1544 522 1598 δύο
562 1545 729 1615 ήρεσέ
762 1563 878 1611 σοι;
919 1547 976 1599 Ὀ
1015 1547 1071 1600 δὲ
1114 1547 1434 1619 ἀποκριθεὶς
1471 1547 1646 1603 εἶπεν·
1700 1551 1854 1622 Ἐμοὶ

280 1637 415 1699 τέως
442 1637 471 1688 6
497 1637 795 1704 Αἰγύπτιος
824 1639 1035 1709 ήρεσεν.
1076 1639 1337 1703 Ἀκούσας
1354 1641 1411 1693 δέ
1439 1658 1521 1705 τις
1550 1642 1657 1695 τῶν
1685 1644 1846 1697 Πατέ-

274 1744 387 1799 ρων
406 1727 600 1784 ταῦτα.
629 1725 823 1791 εὔξατο
851 1728 928 1798 τῷ
950 1727 1088 1798 Θεῷ,
1124 1730 1319 1798 λέγων·
1348 1731 1538 1804 Κύριε,
1567 1732 1737 1800 δεῖξόν
1761 1753 1851 1806 μοι

1963 547 2159 617 ipsius.
2195 546 2442 615 Cumque
2467 545 2668 599 ostium
2700 547 3035 616 pulsassent,
3079 548 3377 604 intrarunt.
3428 552 3538 607 Sa-

1963 638 2243 707 lutatoque
2273 650 2403 693 sene
2436 637 2700 692 sederunt
2731 639 2906 693 taciti.
2951 638 3097 694 Dixit
3140 640 3231 695 ille
3273 641 3530 700 Ecclesia:

1962 730 2171 783 frater:
2209 727 2319 797 Ego
2348 729 2506 791 abeo,
2542 737 2695 784 orate
2727 745 2826 801 pro
2852 746 2957 785 me.
2991 731 3183 786 Frater
3216 750 3346 787 vero
3376 750 3534 805 pere-

1958 822 2175 892 grinus,
2212 825 2357 890 quod
2407 834 2536 887 erga
2581 836 2765 875 senem
2812 821 3064 877 fiduciam
3121 825 3375 895 loquendi
3424 840 3534 880 non

1958 912 2211 975 haberet,
2242 911 2382 966 dixit
2407 911 2565 964 fratri
2593 930 2606 964 :
2641 911 2751 983 Ego
2783 915 2946 967 etiam
2988 922 3164 969 tecum
3193 918 3528 986 proficiscor.

1961 1002 2246 1072 Simulque
2289 1002 2568 1056 exierunt.
2608 1002 2942 1072 Deprecatus
2975 1022 3106 1075 ergo
3146 1023 3269 1062 eum
3307 1018 3411 1073 est,
3451 1010 3536 1063 di-

1957 1109 2128 1148 cens:
2166 1093 2280 1147 Duc
2310 1107 2397 1147 me
2439 1093 2504 1147 ad
2546 1092 2798 1148 abbatem
2849 1094 3051 1152 Mosen]
3101 1098 3194 1166 qui
3230 1099 3332 1152 fuit
3367 1101 3528 1154 latro.

1956 1183 2077 1248 Quo
2105 1199 2227 1238 cum
2262 1182 2664 1252 pervenissent,
2711 1184 2955 1252 suscepit
3004 1184 3124 1238 illos
3162 1184 3336 1247 laetus,
3368 1186 3531 1239 dimi-

1957 1277 2136 1347 sitque
2162 1283 2411 1329 amanter
2435 1282 2721 1329 tractatos.
2755 1273 2898 1327 Dixit
2928 1273 3095 1329 frater
3125 1277 3215 1344 qui
3239 1277 3409 1329 alium
3442 1276 3533 1330 ad-

1955 1367 2226 1421 duxerat:
2255 1363 2396 1419 Ecce
2436 1365 2568 1419 duxi
2612 1376 2669 1419 te
2706 1364 2771 1419 ad
2812 1371 3132 1418 extraneum
3170 1375 3224 1419 et
3266 1368 3329 1420 ad
3360 1367 3529 1438 Egy.

1956 1459 2127 1529 ptium
2154 1474 2168 1511 :
2195 1457 2323 1527 quis
2349 1472 2380 1511 e
2405 1455 2621 1510 duobus
2650 1455 2857 1524 placuit
2891 1456 3030 1511 tibi?
3064 1457 3360 1526 Respondit
3390 1460 3482 1514 ille
3512 1477 3525 1512 :

1955 1547 2084 1601 Mihi
2131 1547 2318 1616 utique
2360 1544 2569 1615 placuit
2610 1543 2926 1614 ngyptius.
2964 1544 3210 1600 Audiens
3255 1554 3384 1600 vero
3423 1548 3529 1603 ista

1954 1636 2177 1692 Patrum
2206 1636 2425 1707 aliquis,
2451 1636 2628 1690 oravit
2659 1634 2827 1689 Deum
2860 1636 2941 1689 sic
2971 1654 2984 1690 :
3021 1635 3271 1700 Domine,
3301 1641 3527 1693 ostende

1955 1731 2089 1784 mibi
2136 1731 2277 1782 banc
2322 1743 2459 1792 rem,
2501 1726 2630 1797 quia
2677 1727 2769 1781 ille
2815 1726 3035 1796 quidem
3074 1739 3300 1797 propter
3327 1743 3525 1782 nomen

277 1818 337 1870 τὸ
358 1818 592 1887 πρᾶγμα
616 1818 776 1871 τοῦτο
820 1820 903 1872 ὃτι
925 1820 985 1883 ὃς
1009 1821 1107 1890 μὲν
1131 1820 1432 1891 φεύγειδιά
1451 1825 1512 1877 τὸ
1536 1823 1708 1896 όνομά
1732 1844 1845 1881 σου⁵

1954 1828 2106 1875 tuum
2144 1819 2300 1889 fugit,
2326 1818 2416 1871 hic
2448 1832 2579 1871 vero
2608 1823 2833 1886 propter
2866 1816 3005 1870 idem
3040 1831 3241 1872 nomen
3263 1818 3528 1872 ambabus

278 1908 334 1972 ὃς
356 1908 413 1961 δὲ
431 1908 849 1976 ἐναγκαλίζεται
870 1910 959 1963 διὰ
978 1911 1038 1963 τὸ
1060 1910 1231 1982 ὄνομά
1248 1930 1361 1966 σου.
1382 1915 1492 1968 Καὶ
1512 1916 1620 1970 ἰδοὺ
1636 1916 1848 1989 ἐδείχθη

276 2000 421 2070 αὐτῷ
439 1999 535 2052 δύο
564 1999 726 2053 πλοῖα
746 2001 955 2071 μεγάλα
977 2004 1034 2055 ἐν
1059 2002 1135 2073 τῷ
1158 2003 1408 2075 ποταμῷ,
1431 2007 1525 2058 καὶ
1546 2006 1742 2079 θεωρεί
1759 2008 1851 2065 τὸν

276 2089 448 2143 ἁὸδᾶν
463 2090 521 2140 ’Δ
530 2089 740 2160 ρσένιον
753 2091 848 2143 καὶ
859 2091 908 2142 τί
924 2090 1059 2146 Πνεῦ
1068 2110 1141 2162 μα
1151 2093 1242 2145 τοῦ
1259 2093 1393 2146 Θεοῦ
1410 2094 1569 2148 πλέον
1585 2098 1641 2149 ἐν
1654 2100 1852 2171 ἡσυχίᾳ

280 2180 355 2242 εἰς
372 2180 471 2232 Eva
490 2180 559 2211 δ”
588 2181 685 2232 καὶ
699 2183 726 2232 6
744 2179 918 2243 ἀϐϐἄς
933 2182 1137 2251 Μωσῆς
1165 2184 1259 2235 καὶ
1280 2187 1328 2238 οἱ
1350 2186 1570 2253 ἄγγελοι
1596 2189 1689 2241 τοῦ
1715 2189 1850 2243 Θεοῦ

280 2269 533 2333 πλέοντες
556 2271 638 2334 εἰς
655 2268 833 2332 ἔναι’,
856 2271 953 2324 καὶ
979 2271 1254 2343 ἐψώμιζω
1282 2274 1442 2328 αὑτὸν
1476 2276 1849 2349 μελικηρίδας.

344 2360 441 2413 λθ¹.
474 2360 705 2428 Ἔλεγεν
731 2363 760 2414 6
791 2362 965 2426 ἀὸϐἄς
994 2363 1217 2435 Δανιὴλ,
1244 2365 1326 2419 ὅτι
1367 2366 1575 2436 μέλλων
1595 2371 1852 2442 τελευτᾷν

279 2450 308 2503 6
348 2449 523 2513 ἀὸὁᾶς
579 2449 875 2520 Ἀρσένιος,
932 2452 1295 2522 παρήγγειλεν
1340 2453 1470 2523 ἡμῖν
1512 2454 1705 2523 λέγων’
1760 2458 1849 2530 Μὴ

282 2542 601 2613 φροντίσητε
639 2543 816 2594 ποιεῖν
849 2542 1066 2611 ἀγάπας
1083 2544 1129 2574 ⁸⁸
1165 2543 1304 2614 ὑπὲρ
1333 2544 1492 2613 ἐμοῦσ
1521 2545 1632 2613 ἐγὼ
1665 2549 1769 2618 γὰρ
1804 2549 1851 2600 εί

279 2633 508 2704 ἐποίησα
534 2631 757 2703 ἐμαυτῷ
779 2631 1019 2704 ἀγάπην,
1048 2632 1251 2706 ταύτην
1279 2635 1387 2704 ἔχω
1419 2636 1618 2707 εὑρεῖν.

347 2730 423 2793 μ’.
453 2723 759 2789 Μέλλοντος
796 2724 1053 2796 τελευτᾷν
1091 2709 1183 2779 τοῦ
1222 2726 1365 2781 ἀϐὅᾶ
1404 2725 1699 2797 Ἀρσενίου,
1731 2729 1854 2782 ἐτα-

274 2811 555 2885 ράχθησαν
584 2815 634 2867 οί
661 2813 900 2884 μαθηταὶ
925 2816 1108 2869 αὐτοῦ.
1145 2817 1252 2870 Καὶ
1277 2816 1424 2886 λέγει
1455 2819 1658 2883 αὐτοῖς·
1688 2817 1853 2873 Οὔπω

276 2901 433 2973 ἦλθεν
465 2908 499 2977 ή
531 2903 670 2977 ὥρα·
701 2906 791 2959 ὅτε
817 2906 875 2959 δέ
908 2906 1037 2981 ἔλθῃ
1068 2907 1203 2978 ὥρα,
1235 2907 1376 2977 λέγω
1402 2908 1550 2977 ὑμῖν.
1578 2910 1853 2984 Κριθῆναι

271 2992 327 3046 66
353 2992 465 3064 ἔχω
491 2993 613 3064 μεθ’
649 2992 805 3063 ὑμῶν
847 2995 937 3047 ἐπὶ
979 2994 1070 3048 τοῦ
1103 2994 1343 3066 βήματος
1390 2996 1484 3049 τοῦ
1534 2997 1849 3069 φοϐεροῦη,

273 3080 365 3136 ἐὰν
392 3081 532 3135 δῶτε
574 3082 636 3136 τὸ
675 3082 929 3153 λείψανόν
969 3083 1069 3155 μού
1107 3098 1231 3138 τινι.
1262 3087 1324 3138 Οί
1355 3085 1412 3138 δὲ
1448 3081 1621 3140 εἷπον·
1662 3087 1727 3140 Τί
1759 3082 1851 3140 οὖν

275 3172 600 3243 ποιήσομεν,
641 3174 725 3227 ὅτι
757 3174 860 3226 οὐκ
896 3173 1117 3244 οἴδαμεν
1158 3174 1507 3244 ἐνταφιάσαι;
1549 3177 1660 3232 Καὶ
1700 3178 1849 3246 λέγει

273 3263 457 3327 αὐτοῖς
488 3265 519 3316 6
555 3263 754 3335 γέρων·
799 3266 913 3319 Οὐκ
939 3266 1115 3320 οἴδατε
1151 3267 1334 3337 βαλεῖν
1374 3267 1604 3338 σχοινίον
1648 3271 1728 3333 είς
1761 3270 1851 3323 τὸν

270 3355 409 3410 πόδα
448 3374 577 3427 μου,
611 3359 707 3410 καὶ
736 3344 869 3430 ἆραι
901 3374 968 3429 με
992 3360 1071 3423 είς
1095 3360 1156 3413 τὸ
1186 3359 1341 3429 όρος;
1371 3346 1539 3424 Οὗτος
1567 3360 1622 3414 δέ
1648 3362 1677 3416 6
1697 3361 1851 3431 λόγος

267 3447 364 3501 τοῦ
412 3447 673 3520 γέροντος
705 3444 794 3521 ἦν·
849 3450 1111 3521 Ἀρσένιε,
1161 3451 1243 3504 διὸ
1289 3450 1540 3523 ἐξῆλθες;
1590 3452 1847 3524 λαλήσας,

264 3539 535 3603 πολλάκις
556 3540 962 3613 μετεμελήθην,
980 3544 1260 3614 σιωπήσας
1288 3543 1343 3596 δέ
1368 3545 1643 3601 οὐδέποτε.
1678 3545 1764 3610 Ὧς
1793 3546 1849 3599 δὲ

270 3631 435 3698 ἐγγὺς
473 3626 543 3704 ἦν
585 3630 683 3685 τοῦ
730 3632 989 3704 τελευτᾷν
1008 3633 1076 3696 ⁸⁸,
1126 3629 1267 3687 εἶδον
1319 3635 1478 3688 αὐτὸν
1528 3638 1577 3688 οἱ
1630 3636 1850 3704 ἀδελφοὶ

266 3720 547 3777 κλαίοντα*
596 3722 692 3776 καὶ
730 3722 980 3792 λέγουσιν
1027 3723 1194 3794 αὐτῷ·
1251 3724 1340 3777 Ἐν
1376 3724 1603 3796 ἀληθείᾳ
1646 3726 1740 3780 καὶ
1784 3727 1847 3779 σὺ

260 3811 430 3883 φοϐῇ.
459 3813 677 3884 Πάτερ;
706 3813 815 3866 Καὶ
836 3809 986 3867 εἶπεν
1013 3815 1214 3877 αὐτοῖς’
1254 3814 1339 3867 Ἐν
1361 3814 1607 3885 ἀληθείᾳ,
1631 3818 1659 3869 6
1686 3816 1850 3886 φόϐος

266 3904 410 3958 όνῦν
442 3905 565 3975 μετ’
594 3903 730 3974 ἐμοῦ
761 3907 819 3960 ἐν
853 3907 918 3976 τῇ
961 3906 1079 3976 ὥρᾳ
1108 3906 1301 3978 ταύτῃ,
1354 3908 1470 3977 μετ’
1522 3904 1657 3978 ἐμοῦ
1702 3909 1847 3960 ἐστιν

263 3997 361 4067 ἀφ’
387 3989 451 4050 οὗ
479 3996 751 4067 ἐγενόμην
772 3996 1021 4067 μοναχός.
1052 3998 1163 4051 Kal.
1186 3997 1357 4057 οὕτως
1378 3998 1667 4070 ἐκοιμήθη.

341 4092 455 4158 μα’.
494 4083 726 4154 Ἔλεγον
751 4083 808 4137 δὲ
844 4086 926 4139 ὅτι
955 4086 1074 4140 ὅλον
1100 4087 1190 4140 τόν
1224 4089 1413 4158 χρόνον
1443 4089 1541 4159 τῆς
1574 4088 1720 4159 ζωῆς
1746 4087 1846 4144 αὖ·

262 4176 382 4240 τοῦ,
424 4174 793 4245 καθεζόμενος
831 4178 915 4240 είς
958 4177 1018 4230 τὸ
1058 4178 1371 4250 ἐργόχειρον
1414 4180 1602 4245 αὑτοῦ,
1646 4182 1847 4251 ῥάκκος

262 4263 411 4338 εἶχεν
436 4269 498 4320 ἐν
522 4266 605 4336 τῷ
629 4267 834 4338 κόλπῳ,
876 4267 1033 4339 χάριν
1068 4268 1177 4322 τῶν
1210 4270 1458 4341 δακρύων
1489 4270 1597 4324 τῶν
1622 4273 1847 4327 πιπτόν·

258 4374 376 4412 των
407 4357 521 4412 ἀπὸ
555 4358 668 4411 τῶν
691 4358 983 4429 ὀφθαλμῶν
1006 4359 1194 4416 αὐτοῦ.
1244 4361 1505 4424 ’Δκούσας
1530 4361 1589 4417 66
1618 4365 1647 4416 6
1673 4363 1846 4427 ἀὸὁᾶς

1956 1913 2103 1967 ulnis
2129 1910 2380 1980 suscipit.
2419 1908 2483 1961 Et
2514 1924 2647 1963 ecce
2678 1917 2916 1964 ostensa:
2944 1918 3072 1962 sunt
3096 1910 3145 1963 ei
3176 1909 3295 1964 dua:
3320 1925 3528 1979 magum

1954 2019 2118 2059 naves
2146 2003 2201 2056 in
2232 2000 2432 2066 ﬂuvio;
2468 1999 2926 2070 conspicaturque
2953 1999 3203 2054 abbatem
3231 2000 3523 2055 Arsenium

1952 2106 2008 2151 et
2030 2095 2291 2165 Spiritum
2325 2091 2417 2146 Dei
2454 2092 2508 2146 in
2541 2106 2650 2145 una
2680 2092 2861 2161 quiete
2889 2092 3225 2162 navigantes.
3257 2092 3392 2147 Cum
3420 2094 3523 2148 ab-

1954 2180 2079 2236 bate
2131 2195 2260 2235 vero
2302 2179 2450 2234 Mose
2493 2179 2667 2248 angeli
2713 2177 2809 2234 Dei
2858 2180 2914 2234 in
2955 2180 3123 2235 altera
3164 2181 3523 2248 vehebantur,

1954 2283 2188 2339 eumque
2226 2268 2386 2322 melle
2413 2282 2444 2322 e
2477 2267 2616 2322 favis
2642 2268 2941 2324 distillante
2964 2269 3241 2324 cibabant.
3506 2280 3510 2284 ‘

2024 2361 2112 2415 59.
2164 2358 2240 2431 (2)
2285 2358 2481 2413 Aiebat
2523 2359 2694 2414 abbas
2739 2359 2927 2414 Daniel
2971 2378 2984 2413 :
3020 2359 3316 2416 Moriturus
3356 2361 3524 2417 abbas

1955 2451 2240 2513 Arsenius,
2296 2449 2643 2503 denuntiavit
2692 2449 2850 2506 nobis
2901 2449 3136 2504 dicens:
3171 2449 3346 2505 Nolite
3393 2452 3526 2505 dare

1954 2557 2174 2613 operam
2206 2548 2266 2595 ut
2294 2556 2394 2610 pro
2414 2554 2499 2594 me
2529 2554 2732 2610 agapas
2759 2539 2996 2595 faciatis.
3022 2538 3131 2610 Ego
3150 2541 3295 2595 enim
3314 2541 3363 2595 si
3381 2542 3522 2596 mihi

1952 2647 2160 2703 agapen
2198 2630 2323 2695 feci,
2361 2631 2687 2685 inventurus
2714 2645 2835 2686 sum
2867 2645 3010 2685 eam.

2021 2720 2111 2775 40.
2163 2718 2241 2791 (5)
2273 2719 2410 2775 Cum
2457 2718 2626 2773 abbas
2684 2719 2952 2773 Arsenius
3007 2718 3308 2775 moriturus
3351 2728 3520 2784 esset.

1952 2810 2156 2867 turbati
2188 2818 2317 2866 sunt
2348 2811 2525 2881 ipsius
2554 2810 2829 2880 discipuli.
2862 2809 2927 2864 Et
2962 2811 3098 2865 dixit
3122 2812 3203 2866 eis
3230 2830 3242 2865 :
3266 2810 3522 2867 Nondum

1953 2903 2101 2958 venit
2138 2902 2303 2967 hora;
2327 2880 2547 2970 quando
2575 2910 2755 2955 autem
2785 2901 3019 2966 venerit,
3053 2902 3208 2957 vobis
3232 2903 3520 2959 nuntiabo.

1950 2995 2217 3049 Caeterum
2237 2992 2574 3063 judicandus
2594 3008 2714 3048 sum
2733 2993 3016 3048 vobiscum
3037 3002 3161 3048 ante
3181 2997 3519 3051 tremendum

1953 3082 2215 3148 tribunal,
2242 3082 2287 3136 si
2314 3068 2514 3150 corpus
2538 3097 2721 3136 meum
2754 3084 3009 3152 cuiquam
3044 3084 3323 3139 dederitis.
3360 3084 3524 3141 Dixe-

1952 3185 2079 3231 runt
2100 3176 2135 3231 ii
2170 3195 2181 3229 :
2208 3174 2351 3241 Quid
2373 3174 2919 3249 ergofaciemus,qui
2944 3175 3220 3230 nescimus
3250 3174 3520 3246 sepelire!

1947 3268 2252 3340 Respondit
2287 3283 2456 3322 senex
2484 3285 2499 3322 :
2531 3265 2768 3321 Nescitis
2798 3268 3011 3322 mittere
3034 3269 3214 3322 funem
3247 3268 3299 3321 in
3321 3268 3517 3338 pedem

1952 3376 2153 3425 meum,
2186 3370 2238 3415 et
2277 3361 2497 3414 trahere
2533 3375 2619 3413 me
2650 3360 2705 3413 in
2745 3359 3024 3413 montem?
3053 3358 3129 3429 (6)
3164 3357 3384 3414 Solebat
3419 3375 3519 3413 au-

1949 3457 2056 3503 tem
2087 3449 2270 3513 dicere
2298 3467 2313 3503 :
2348 3447 2566 3510 Arseni,
2601 3448 2955 3517 quamobrem
2985 3462 3015 3501 e
3037 3447 3235 3500 saeculo
3260 3462 3517 3517 egressus

1947 3541 2043 3595 es?
2073 3538 2270 3610 Loqui,
2298 3538 2557 3609 pmnituit
2585 3554 2669 3591 me
2703 3554 2875 3608 saepe;
2913 3537 3170 3602 tacuisse,
3213 3554 3513 3607 nunquam.

1948 3631 2016 3686 Ut
2037 3640 2221 3687 autem
2249 3632 2409 3685 morti
2438 3631 2540 3684 fuit
2567 3630 2870 3699 proximus,
2908 3629 3100 3685 fratres
3120 3629 3371 3684 viderunt
3392 3646 3515 3684 eum

1946 3724 2106 3789 flere;
2146 3733 2201 3778 et
2238 3723 2398 3777 aiunt
2435 3721 2484 3776 ei
2517 3740 2531 3776 :
2563 3720 2624 3774 In
2666 3722 2915 3786 veritate,
2968 3728 3022 3773 tu
3078 3735 3298 3790 quoque
3333 3721 3512 3784 times,

1946 3813 2142 3869 Pater?
2170 3813 2221 3870 Is
2255 3813 2363 3867 illis
2397 3831 2411 3866 :
2465 3811 2698 3876 Revera,
2744 3814 2909 3866 timor
2943 3826 3051 3881 quo
3092 3812 3195 3865 bac
3227 3811 3362 3865 hora
3392 3828 3514 3866 cor-

1946 3904 2139 3974 ripior,
2170 3918 2380 3958 mecum
2413 3918 2536 3957 esse
2565 3919 2673 3955 non
2704 3902 2912 3957 destitit
2941 3918 2972 3955 a
2995 3910 3237 3972 tempore
3259 3918 3369 3973 quo
3395 3919 3516 3957 mo-

1945 3996 2212 4050 nasticam
2248 3996 2413 4057 vitam
2450 3995 2689 4062 suscepi.
2723 3994 2903 4063 Atque
2938 3995 3011 4047 ita
3032 3994 3387 4048 obdormivit.

2014 4089 2105 4143 6i.
2135 4086 2209 4158 (5)
2245 4086 2602 4141 Afﬁrmabant
2637 4095 2840 4150 autem,
2872 4086 3017 4156 quod
3054 4102 3151 4155 per
3176 4102 3339 4141 omne
3372 4095 3515 4140 tem-

1946 4196 2048 4250 pus
2071 4180 2195 4234 vita!
2213 4193 2346 4240 suae,
2367 4178 2562 4231 sedens
2584 4178 2649 4232 ad
2675 4177 3023 4231 manufrcium
3058 4194 3239 4240 suum,
3273 4191 3513 4246 pannum

1946 4270 1999 4324 in
2032 4270 2158 4325 sinu
2179 4268 2501 4340 gestaverit,
2525 4269 2597 4323 ob
2628 4268 2901 4338 lacrymas
2930 4283 2995 4322 ex
3021 4269 3196 4322 oculis
3223 4270 3345 4337 ejus
3369 4270 3516 4326 deci-

1947 4363 2158 4417 dentes.
2204 4360 2279 4432 (6)
2325 4360 2595 4415 Caeterum
2645 4360 2812 4414 abbas
2847 4360 3093 4423 Pmmcn,
3150 4359 3336 4414 audita
3369 4360 3514 4415 illius

262 4447 484 4518 Ποιμήν
518 4449 604 4502 ὅτι
646 4447 934 4520 ἐκοιμήθη,
972 4448 1249 4521 δακρῦσας
1284 4448 1426 4505 εἴπεο
1454 4453 1740 4523 Μακάριος
1773 4450 1844 4518 εἴ,

1951 4451 2295 4517 dormitione,
2326 4448 2461 4505 flens
2493 4449 2640 4505 infit:
2660 4446 2895 4504 Felicem
2923 4459 2996 4513 te,
3015 4450 3153 4503 abba
3176 4449 3395 4514 Arseni,
3418 4452 3512 4522 qui

258 4538 411 4591 666i
450 4537 720 4610 ’Δρσένιε,
749 4539 830 4592 ὅτι
862 4537 1127 4603 ἔκλαυσας
1149 4542 1340 4595 ἑαυτὸν
1365 4545 1444 4607 εἰς
1471 4544 1562 4597 τὸν
1602 4537 1704 4597 ὦδε
1749 4545 1843 4599 κό-

263 4646 424 4697 σμον.
460 4627 524 4681 ’0
568 4626 682 4698 γὰρ
728 4628 801 4699 μὴ
841 4626 1043 4682 κλαίων
1085 4629 1277 4684 ἑαυτὸν
1314 4625 1433 4693 ὧδε,
1466 4632 1698 4696 αίωνίως
1730 4634 1848 4685 ἐκεῖ

258 4719 589 4774 κλαύσεται.
612 4718 740 4772 Εἴτε
758 4716 850 4772 οὖν
873 4714 973 4773 ὧδε
991 4719 1153 4786 ἐκὼν,
1167 4721 1277 4775 εἴτε
1293 4722 1410 4776 ἐκεῖ
1434 4723 1543 4777 ἀπὸ
1572 4722 1840 4793 βασάνων,

256 4811 531 4865 ἀδύνατον
566 4811 643 4883 μὴ
669 4810 921 4864 κλαῦσαι.

328 4923 442 4995 μβν.
480 4924 796 4995 Διηγήσατο
820 4924 878 4978 66
908 4925 938 4978 6
963 4924 1137 4988 ἀσόἀς
1168 4925 1361 4996 Δανιὴλ
1394 4927 1522 4997 περὶ.
1551 4927 1736 4989 αὑτοῦ.
1760 4928 1844 4982 δτι

251 5017 520 5070 0666113013
569 5015 730 5087 ήθελε
767 5015 948 5070 λαλεῖν
986 5033 1039 5069 τι
1085 5015 1305 5087 ζήτημα
1353 5019 1418 5071 ἐκ
1459 5019 1557 5090 τῆς
1601 5020 1845 5091 Γραφῆς,

253 5104 463 5176 καίπερ
501 5103 805 5174 δυνάμενος
835 5103 1065 5176 λαλῆσαι
1093 5106 1141 5158 εἰ
1175 5106 1384 5176 ἦθελεψ
1426 5106 1538 5158 ἀλλ’
1570 5108 1691 5161 οὐδὲ
1727 5110 1848 5163 ἐπι-

256 5197 451 5269 στολὴν
490 5197 708 5266 ταχέως
737 5195 996 5267 ἔγραφεν.
1034 5199 1161 5251 Ὅτε
1192 5198 1248 5252 66
1286 5199 1483 5269 ἤρχετο
1523 5201 1603 5258 εἰς
1631 5198 1726 5266 τὴν
1757 5216 1848 5253 εκ-

254 5285 489 5357 κλησίαν
515 5287 610 5341 διὰ
635 5287 855 5359 χρόνου,
881 5288 1058 5341 ὀπίσω
1084 5288 1178 5341 τοῦ
1210 5289 1401 5341 στύλου
1424 5289 1734 5354 ἐκαθέζετο,
1760 5290 1846 5344 ἵνα

1946 4544 2115 4597 hocce
2143 4542 2196 4595 in
2227 4541 2432 4596 mundo
2467 4541 2700 4610 teipsum
2742 4538 2978 4595 fleveris.
3022 4538 3157 4594 Nam
3190 4541 3282 4612 qui
3315 4553 3516 4597 seruet-

1944 4634 2125 4703 ipsum
2147 4633 2237 4687 hic
2263 4647 2372 4687 non
2400 4629 2587 4697 deﬂet,
2611 4630 2943 4700 sempiterne
2964 4630 3075 4685 illic
3103 4631 3360 4699 plorabit.
3389 4630 3515 4687 Sive

1943 4739 2074 4793 ergo
2098 4723 2187 4777 hic
2223 4732 2437 4793 sponte,
2472 4722 2586 4775 sive
2618 4721 2687 4775 ibi
2724 4736 2820 4790 per
2851 4728 3146 4788 tormenta,
3178 4722 3291 4777 fieri
3328 4725 3515 4793 nequit

1942 4816 2074 4884 quin
2103 4817 2404 4886 lugeamus.

2018 4928 2107 4984 ω.
2144 4928 2220 4999 (7)
2258 4927 2510 4981 Narravit
2559 4926 2628 4981 de
2678 4925 2867 4982 eodem
2915 4926 3086 4981 abbas
3118 4926 3331 4991 Daniel,
3369 4929 3512 4997 quod

1947 5035 2222 5090 nunquam
2252 5018 2320 5074 de
2354 5019 2462 5072 ulla
2494 5016 2788 5087 Scriptura:
2815 5017 3118 5087 qumstione
3146 5018 3293 5087 loqui
3330 5019 3516 5073 volue-

1946 5112 2038 5175 rit,
2078 5112 2203 5165 licet
2246 5111 2485 5180 potuerit
2518 5112 2563 5164 si
2597 5110 2881 5163 voluisset.
2919 5109 3024 5163 Sed
3059 5127 3157 5165 nec
3188 5111 3399 5164 litteras
3431 5110 3513 5164 fa-

1943 5202 2047 5256 cile
2081 5202 2379 5257 scribebat.
2417 5200 2648 5266 Quando
2676 5209 2856 5255 autcm
2895 5199 2963 5252 ad
2987 5201 3273 5256 ecclesiam
3309 5216 3403 5270 per
3431 5202 3514 5254 in-

1945 5294 2168 5348 tervalla
2197 5292 2469 5355 veniebat,
2497 5291 2721 5346 sedebat
2750 5305 2780 5343 a
2813 5300 2963 5360 tergo
2990 5291 3276 5355 columnm,
3300 5306 3367 5344 ne
3388 5289 3513 5358 quis

328 5401 374 5432 ³³
406 5403 491 5481 Al.
523 5400 892 5472 φιλοξενίσας.
973 5400 1017 5433 δ’
1039 5402 1125 5456 Al.
1160 5401 1239 5457 ἓν.
1316 5405 1357 5435 ’³
1392 5404 1477 5457 Al.
1503 5404 1580 5459 ἓν.
1654 5407 1698 5437 ⁸⁸
1735 5406 1816 5459 Al.
1856 5406 2096 5481 ἀγάπην.
2178 5409 2222 5441 ⁸³
2257 5408 2340 5463 Al.
2373 5408 2630 5481 Χριστοῦ.
2713 5408 2758 5439 ⁵⁵
2789 5406 3126 5477 Δ1.ήμελλεν
3160 5405 3513 5477 παραδιδόναι

257 5468 316 5522 τὸ
342 5468 584 5545 πνεῦμα.

324 5612 402 5682 (2)
436 5612 539 5668 vn.
570 5612 729 5668 Patr.
759 5627 817 5675 χ,
852 5609 913 5682 ε.

349 5684 399 5751 3)
446 5683 547 5738 Vir.
586 5685 747 5737 Patr.
778 5697 833 5742 χ,
865 5679 920 5735 9.

351 5749 399 5826 ι)
428 5755 653 5813 Dorotb.
690 5752 887 5807 Doctr.
922 5749 1025 5819 10;
1059 5749 1331 5823 Euthymii
1369 5750 1511 5819 Vita,
1546 5770 1598 5809 η,
1635 5754 1721 5809 59.

516 5852 810 5912 ΡΑτιιοι..
863 5844 985 5905 Gri.
1037 5847 1220 5908 LXV.

2013 5612 2088 5685 (5)
2132 5614 2238 5685 [ξι.
2268 5612 2417 5685 Patr.
2451 5627 2534 5673 lli,
2580 5615 2633 5685 l;
2674 5611 3044 5681 Martyrolag.,
3073 5609 3181 5664 Jul.
3218 5610 3301 5666 l9.

2036 5685 2090 5740 6i
2131 5683 2237 5738 Vit.
2269 5684 2415 5736 Patr.
2454 5700 2539 5740 xv,
2578 5684 2630 5735 9.

2036 5686 2068 5737 6
2131 5685 2237 5738 Vit.
2269 5685 2415 5736 Patr.
2454 5700 2539 5740 xv,
2578 5685 2630 5735 9.

2014 5685 2091 5825 :7;
2133 5753 2237 5806 Vit.
2268 5753 2417 5806 Patr.
2444 5768 2530 5817 xv,
2563 5753 2643 5807 ιτ).

3204 5844 3240 5902 ὁ
