4034 6340
513 371 615 427 i0?

1666 362 2013 422 APPENDIX
2049 365 2141 422 AD
2168 364 2566 423 PALLADIUM
2576 405 2589 419 .

3657 362 3767 418 “ll

512 479 721 538 videret
760 476 957 534 faciem
997 475 1194 548 ipsius,
1251 489 1352 530 nec
1408 472 1524 543 ipse
1575 470 1699 529 aliis
1740 474 2069 533 intenderet.

2191 477 2370 548 μηδεὶς
2416 476 2495 547 [δῇ
2539 475 2600 529 τὸ
2647 474 2934 546 πρόσωπον
2996 469 3184 537 αὑτοῦ,
3229 472 3363 545 μηδὲ
3405 471 3569 535 αύτδς
3610 474 3755 545 ἄλλῃ

404 626 409 633 ,
508 568 685 628 Porro
710 568 893 640 specie
927 579 1045 623 erat
1080 566 1346 638 angelica,
1392 553 1777 634 sicut'iacob;
1805 574 1955 621 totus
1982 582 2077 621 ca-

510 677 639 727 nus,
671 676 899 732 corpore
926 660 1157 730 eleganti
1194 676 1208 711 :
1240 655 1340 711 fuit
1368 665 1551 711 autem
1592 658 1811 723 aridus;
1845 660 2078 729 gestavit

510 752 735 809 barbam
770 751 986 818 longam
1018 763 1139 819 quae
1170 747 1234 800 ad
1277 755 1520 801 ventrem
1570 750 1929 818 pertingeret;
1983 751 2078 820 pili

510 842 796 896 oculorum
822 855 935 909 prae
957 839 1111 892 ﬂetus
1134 836 1475 891 vehementia
1496 836 1834 893 deciderant.
1858 838 2078 893 Statura

509 940 628 983 erat
656 931 785 989 alta.
811 929 908 984 sed
937 925 1092 981 senio
1120 939 1344 979 curvus.
1378 927 1566 981 Annos
1591 936 1754 983 natus
1786 930 2079 998 nonaginta

507 1021 769 1091 quinque.
808 1018 873 1071 Et
901 1031 1030 1071 vero
1059 1017 1260 1071 mansit
1287 1016 1339 1070 in
1370 1016 1570 1072 divinae
1600 1020 1874 1074 memoria:
1903 1017 2082 1074 Theo-

506 1110 652 1166 dosii
690 1108 917 1177 majoris
950 1108 1153 1177 palatio
1184 1121 1359 1161 annos
1393 1109 1780 1177 quadraginta,
1818 1119 1972 1178 pater
1995 1108 2080 1163 fa-

509 1208 629 1254 ctus
656 1200 1132 1254 divinissimorum
1164 1199 1385 1252 Arcadii
1413 1206 1466 1253 et
1490 1198 1746 1267 “tmarii;
1778 1200 1924 1255 Sceti
1945 1202 2082 1255 alios

506 1290 901 1361 quadraginta;
934 1290 989 1342 in
1026 1287 1169 1342 Troe
1205 1288 1511 1358 superioris
1538 1288 1857 1359 Babylonis,
1887 1303 2083 1344 versus

508 1381 823 1450 Metiiphim,
857 1380 1043 1434 decem
1071 1397 1086 1446 ;
1117 1387 1230 1433 tres
1265 1379 1319 1433 in
1349 1377 1584 1448 Canopo
1609 1380 1988 1449 Alexandrias;
2014 1381 2081 1435 ad

506 1475 753 1541 reliquos
776 1478 959 1525 autem
991 1471 1129 1524 duos
1155 1484 1353 1530 annos.
1382 1470 1543 1524 rediit
1574 1467 1790 1536 Troen;
1824 1471 1915 1525 ubi
1941 1487 2085 1527 mor-

507 1576 637 1621 tuus
675 1573 794 1632 est;
828 1573 1117 1635 postquam
1156 1565 1209 1617 in
1243 1577 1374 1632 pace
1411 1578 1475 1618 ae
1508 1563 1706 1617 timore
1743 1562 1833 1618 Dei
1858 1578 2081 1619 cursum

510 1674 670 1715 suum
694 1663 1132 1712 consummasset
1162 1674 1175 1709 :
1208 1655 1345 1719 Quia
1376 1663 1492 1708 erat
1528 1656 1605 1708 vir
1628 1653 1793 1709 bonus
1818 1664 1867 1709 et
1898 1656 2083 1725 plenus

510 1748 717 1817 Spiritu
738 1755 922 1803 samto
942 1762 989 1801 et
1018 1746 1120 1815 ﬁde
1137 1744 1203 1799 ".
1229 1744 1468 1816 Reliquit
1488 1761 1622 1800 vero
1643 1747 1773 1800 mihi
1802 1748 2083 1817 pelliceam

2185 571 2419 640 πρόσχῃ.
2447 564 2555 621 Ἶῐν
2572 567 2628 621 δὲ
2653 566 2714 619 τὸ
2742 561 2881 629 εἶδος
2900 565 3087 628 αὑτοῦ,
3111 564 3421 632 άγγελικδν,
3446 563 3636 636 ὥσπερ
3660 564 3761 620 τοῦ

2197 660 2407 715 Ἰακώϐ·
2431 660 2724 720 ὁλοπόλιος,
2748 660 2959 721 ἀστεῖος
2974 656 3051 727 τῷ
3074 655 3304 726 σώματι·
3328 654 3487 728 ξηρὸς
3506 656 3563 710 δὲ
3582 657 3762 731 ύτιτῆρ⁴

2185 769 2298 823 χεν·
2326 747 2438 822 εἶχε
2465 750 2521 804 δὲ
2547 750 2635 804 τὸν
2653 748 2888 818 πώγωνα
2914 748 3084 818 μέγαν
3111 747 3376 816 φθάνοντα
3402 747 3505 810 ἕως
3524 748 3620 818 τῆς
3645 766 3763 802 κοιο

2184 842 2324 906 λίας⁸
2357 845 2411 895 αἱ
2450 841 2508 895 δὲ
2537 841 2720 912 τρίχες
2754 841 2862 893 τῶν
2898 838 3190 909 ὀφθαλμῶν
3223 837 3386 892 αὑτοῦ
3424 838 3617 893 ἔπεσον
3649 840 3763 893 ἀπὺ

2185 931 2281 986 τοῦ
2313 932 2480 986 κλαυο
2490 931 2614 1001 μοῦ’
2646 930 2851 1001 μακρὸς
2872 930 2926 983 δὲ
2951 925 3040 1000 ἦν,
3074 928 3189 982 ἀλλ’
3218 929 3500 1000 ὲκυρτώθη
3534 929 3642 983 ἀπὸ
3661 929 3761 984 τοῦ

2185 1025 2389 1094 γήρως.
2422 1023 2669 1090 Ἐγένετο
2690 1022 2734 1053 ’⁵⁸
2753 1022 2809 1075 δὲ
2828 1019 2965 1074 ὲτῶν
2988 1022 3307 1091 ἐνενήκοντα
3326 1020 3510 1074 πέντε.
3540 1020 3762 1093 Ἐποίη-

2189 1132 2248 1169 σε
2281 1116 2337 1168 δὲ
2371 1117 2450 1178 εἰς
2486 1114 2545 1167 τὸ
2595 1112 2855 1166 παλάτιον
2902 1110 2994 1164 τοῦ
3022 1109 3121 1179 τῆς
3148 1110 3295 1172 Θείας
3321 1111 3541 1183 μνήμης
3570 1111 3761 1165 Θεοδοο

2190 1208 2306 1261 σίου
2339 1206 2432 1259 τοῦ
2465 1206 2698 1276 μεγάλου
2746 1204 2838 1273 ἔτη
2865 1201 3292 1272 τεσσαράκοντα,
3320 1203 3500 1272 πατὴρ
3528 1201 3761 1270 γενόμεη

2187 1315 2276 1362 νος
2304 1297 2412 1349 τῶν
2441 1296 2729 1350 θειοτάτων
2761 1292 3042 1363 ’Δρκαδίου
3065 1293 3158 1345 καὶ⁸
3193 1291 3469 1363 Ὀνωρίου’
3492 1293 3587 1344 καὶ
3613 1294 3673 1345 ὲν
3694 1291 3765 1364 τῇ

2190 1389 2384 1461 Σκήτει
2431 1387 2683 1456 ἐποίησεν
2735 1382 2830 1453 ἐτη
2875 1381 3302 1451 τεσσαράκοντα·
3358 1382 3449 1434 καὶ
3499 1381 3631 1435 δέκα
3683 1385 3763 1444 είς

2190 1479 2384 1552 Τρώην
2413 1478 2511 1548 τῆς
2552 1478 2662 1531 ἄνω
2689 1473 3005 1535 Βαϐυλῶνος
3041 1473 3114 1543 (9)
3150 1472 3433 1524 κατέναντι
3460 1473 3764 1542 Μέμφεως⁸

2190 1570 2287 1623 καὶ
2310 1570 2436 1641 τρία
2462 1568 2559 1638 ἐτη
2582 1569 2663 1627 είς
2687 1566 2776 1618 τὸν
2811 1565 3077 1617 Κάνωπον
3117 1561 3518 1633 Ἀλεξανδρείας
3566 1563 3663 1617 καὶ
3693 1559 3766 1617 τὰ

2191 1659 2324 1713 ἄλλα
2355 1659 2446 1712 δύο
2482 1659 2597 1728 ἔτη,
2632 1653 2763 1727 ἦλθε
2796 1655 2955 1708 πάλιν
2988 1656 3067 1717 είς
3093 1650 3306 1724 Τρὼην,
3343 1655 3436 1707 καὶ
3473 1656 3592 1707 ἐκεῖ
3620 1656 3767 1708 ἐκοι-

2196 1750 2365 1822 μήθη,
2386 1749 2608 1811 τελέσας
2630 1748 2671 1778 ⁸⁷
2694 1750 2752 1799 ὲν
2778 1747 2966 1818 είρήνῃ
2993 1748 3088 1800 καὶ
3114 1749 3170 1800 ὲν
3192 1746 3340 1816 φόϐῳ
3363 1744 3499 1798 Θεοῦ
3526 1744 3618 1799 τὸν
3637 1745 3767 1816 δρό-

511 1855 669 1895 suam
720 1840 987 1902 tunicam,
1039 1837 1321 1891 cilicinum
1368 1853 1649 1891 camasum
1698 1839 1904 1903 album,
1960 1854 2082 1894 cum

2192 1859 2289 1913 μον
2324 1839 2510 1893 αὑτοῦ·
2555 1840 2637 1892 ὃτι
2676 1834 2744 1909 ἦν
2774 1836 2913 1907 ἀνὴρ
2948 1838 3150 1905 ἀγαθὸς
3182 1837 3276 1889 καὶ
3302 1835 3540 1904 πλήρης
3570 1838 3764 1890 Πνεῦ-

510 1933 779 1992 sandaliis
834 1931 1082 2003 palmeis.
1136 1930 1268 1997 Quae
1313 1943 1415 2001 ego
1462 1929 1723 2001 indignus
1762 1932 1990 2002 gestavi,
2026 1940 2086 1986 ut

2191 1952 2371 2004 ματος
2397 1934 2569 2002 ἁγίου
2608 1930 2707 1985 καὶ
2741 1931 3020 1995 πίστεως.
3058 1928 3331 1982 Κατέλιπε
3359 1929 3413 1981 δέ
3447 1946 3537 1999 μοι
3564 1929 3654 1982 τὸν
3681 1946 3769 1999 χι-

509 2037 610 2097 per
633 2039 699 2081 ea
723 2022 1097 2079 benedicerer.

582 2293 673 2347 43.
711 2293 908 2346 lterum
946 2290 1192 2346 narravit
1234 2290 1402 2345 abbas
1434 2289 1620 2346 Daniel
1658 2289 1727 2345 de
1755 2289 1952 2345 abbate
1986 2289 2087 2343 Ar-

511 2381 701 2437 senio:
741 2378 968 2434 Vocavit
1021 2380 1317 2449 aliquando
1366 2378 1559 2435 Patres
1613 2395 1803 2444 meos,
1837 2380 2086 2434 abbatem

511 2472 881 2526 Alexandrum
909 2486 972 2524 ac
992 2468 1222 2537 Zoilum,
1244 2480 1299 2525 et
1330 2487 1437 2541 pra:
1465 2474 1768 2529 humilitate
1795 2474 2088 2530 demittens

511 2578 606 2624 se,
642 2562 780 2616 dixit
814 2563 927 2617 eis:
965 2561 1418 2633 Quandoquidem
1452 2565 1728 2620 daemones
1765 2567 2088 2637 impugnant

512 2666 621 2713 tne,
647 2667 711 2705 ac
740 2653 928 2707 nescio
955 2668 1024 2705 an
1052 2653 1107 2705 in
1136 2668 1330 2707 somno
1360 2655 1678 2725 subrepant,
1702 2664 1918 2709 noctem
1950 2659 2089 2710 hanc

515 2743 729 2812 vigilate
760 2756 1006 2804 mecum,
1038 2749 1095 2797 et
1142 2742 1463 2810 observate,
1516 2760 1646 2799 num
1699 2745 1755 2799 in
1807 2746 2089 2816 pervigilio

511 2830 825 2888 dormitem.
853 2830 1024 2902 Igitur
1051 2845 1083 2884 a
1108 2833 1424 2901 vespertino
1451 2841 1693 2905 tempore
1717 2834 1978 2890 sederunt
2009 2844 2090 2889 ta-

512 2923 606 2978 citi
628 2963 643 2985 ,
669 2936 807 2977 unus
860 2938 889 2975 a
941 2920 1150 2977 dextris
1182 2924 1361 2985 illius,
1389 2925 1523 2979 alter
1573 2939 1605 2979 a
1642 2926 1902 2982 sinistris.
1933 2925 2090 2982 Dixe-

515 3023 750 3084 runtque
774 3012 963 3069 Patres
996 3012 1138 3067 mei:
1164 3011 1275 3068 Nos
1300 3014 1661 3072 dormivimus
1692 3030 1755 3070 ac
1782 3020 2086 3086 experrecti

516 3117 706 3158 smnus
728 3143 742 3167 ,
772 3119 871 3157 nec
910 3103 1185 3158 sensimus
1216 3119 1341 3158 eum
1373 3104 1689 3160 nictantem.
1721 3104 1877 3160 Mane
1906 3118 2084 3161 autem

517 3192 703 3262 (Deus
736 3194 922 3257 novit,
966 3202 1149 3247 utrum
1179 3193 1296 3264 ipse
1326 3193 1700 3261 simulaverit,
1732 3211 1841 3266 quo
1873 3208 2090 3265 putare-

515 3297 637 3337 mus
679 3297 803 3336 eum
838 3282 1243 3338 dormituriisse
1267 3323 1281 3345 ,
1316 3299 1409 3339 seu
1442 3299 1570 3339 vere
1616 3299 1841 3338 somnus
1897 3296 2093 3340 natura

515 3379 742 3442 cogente
774 3371 1094 3443 advenerit)
1139 3382 1225 3428 ter
1249 3370 1396 3426 ﬂavit
1424 3414 1438 3438 ,
1474 3373 1873 3444 confestimque
1906 3391 2093 3429 surre-

516 3464 589 3516 xit
616 3501 630 3525 ,
687 3463 874 3518 aiens:
914 3461 1120 3518 Dormii
1164 3464 1371 3534 utique.
1405 3463 1470 3519 Et
1517 3467 1904 3535 respondimus
1957 3483 2091 3523 uos:

516 3552 823 3608 Nescimus.

586 3646 676 3699 44.
706 3646 985 3700 Venerunt
1009 3647 1303 3716 aliquando
1335 3662 1493 3702 senes
1536 3646 1601 3700 ad
1638 3646 1887 3702 abbatem
1929 3648 2093 3703 Arse-

518 3735 691 3800 nium,
710 3736 1052 3805 multumque
1080 3744 1405 3805 rogaverunt
1431 3745 1488 3789 ut
1507 3737 1947 3805 colloquerentur
1970 3753 2088 3793 cum

517 3841 601 3881 eo.
637 3824 731 3880 llie
763 3836 943 3880 autem
997 3835 1209 3896 portam
1242 3831 1472 3895 aperuit.
1505 3824 1643 3880 Tum
1694 3827 1892 3881 hortati
1945 3840 2095 3894 sunt,

519 3925 578 3971 ut
606 3917 672 3971 ad
707 3931 802 3972 eos
841 3930 1146 3971 sermonem
1198 3917 1422 3972 haberet
1466 3917 1533 3971 de
1562 3917 1826 3973 solitariis
1875 3920 1963 3989 qui
1995 3937 2095 3976 ne-

516 4009 718 4062 minem
752 4008 1064 4060 admittunt.
1093 4007 1179 4061 Ait
1217 4023 1418 4063 senex:
1457 4006 1712 4073 Quaudiu
1763 4010 1915 4079 virgo
1948 4011 2097 4081 degit

516 4100 573 4155 in
605 4102 768 4153 domo
807 4101 981 4169 patris
1014 4100 1130 4163 sui,
1177 4101 1398 4169 plurimi
1443 4104 1667 4169 cupiunt
1716 4102 1901 4170 sponsi
1947 4101 2095 4157 illius

515 4190 667 4255 ﬁeri;
719 4207 843 4245 cum
900 4206 1029 4245 vero
1090 4194 1345 4244 maritum
1390 4193 1691 4260 acceperit,
1752 4206 2092 4260 nequaquam

514 4285 691 4355 placet
733 4283 987 4347 cunctis,
1038 4283 1130 4337 sed
1167 4284 1244 4335 illi
1292 4282 1507 4351 quidem
1560 4290 1948 4344 contemnunt,
2003 4284 2093 4335 alii

514 4390 641 4430 vero
670 4375 1004 4443 pra'dieaut;
1040 4389 1137 4425 nec
1166 4374 1217 4425 in
1249 4373 1341 4425 tali
1378 4372 1583 4426 honore
1608 4380 1712 4431 est,
1755 4374 1899 4439 quali
1935 4384 2093 4429 antea

2185 2026 2332 2079 τῶνα
2375 2022 2539 2079 αὑτοῦ
2581 2023 2673 2076 τὸν
2717 2021 3063 2092 δερμάτινον,
3111 2020 3203 2073 καὶ
3245 2019 3482 2089 τρίχινον
3522 2021 3769 2090 καμάσιν

2184 2115 2395 2180 λευκὸν,
2437 2115 2531 2167 καὶ
2555 2113 2813 2166 σανδάλια
2839 2112 3082 2164 σεϐἐνινα
3104 2111 3235 2181 (10).
3272 2111 3381 2163 Καὶ
3406 2108 3517 2178 ἐγὼ
3546 2110 3767 2176 ἀνάξιος

2187 2204 2422 2276 ἑφόρεσα
2449 2202 2610 2264 αὐτὰ,
2651 2202 2736 2254 ἵνα
2768 2198 3068 2269 εὐλογηοῶ.

2262 2301 2369 2367 μγ¹.
2408 2295 2713 2364 Διηγήσατο
2762 2291 2923 2344 πάλιν
2970 2293 2999 2343 6
3037 2289 3211 2353 assa;
3250 2289 3448 2361 Δανιὴλ
3489 2291 3617 2361 περὶ
3667 2292 3768 2347 τοῦ

2187 2387 2331 2441 ἀδεᾶ
2366 2384 2661 2456 Ἀρσενίου,
2696 2384 2777 2435 ὃτι
2803 2383 2932 2435 ποτὲ
2961 2381 3189 2434 ἐκάλεσε
3207 2383 3331 2442 τοὺς
3357 2382 3605 2456 Πατέρας
3636 2399 3765 2453 μου,

2186 2478 2279 2531 τόν
2310 2493 2369 2530 τε
2396 2475 2569 2529 ἀϐϐἄν
2622 2471 2965 2542 Ἀλέξανδρον
2996 2471 3091 2524 καὶ
3114 2471 3309 2523 Ζώῖλον
3328 2487 3341 2501 ο
3378 2471 3472 2524 καὶ
3492 2470 3766 2523 ταπεινῶν

2188 2570 2376 2624 ἑαυτὸν
2403 2564 2553 2620 εἶπεν
2586 2566 2767 2627 αὐτοῖς
2790 2577 2805 2592 ⁸
2854 2562 3072 2632 Ἐπειδὴ
3106 2563 3154 2613 οἱ
3187 2561 3437 2630 δαίμονες
3465 2559 3766 2631 πολεμοῦσί

2193 2677 2258 2730 με
2283 2699 2297 2723 ,
2323 2660 2416 2712 καὶ
2443 2659 2542 2711 ούκ
2571 2652 2687 2709 οἶδα
2718 2657 2765 2707 εί
2790 2653 3081 2707 κλέπτουσι
3107 2669 3172 2723 με
3204 2654 3261 2704 ἐν
3287 2652 3439 2722 ὕπνῳ
3461 2692 3475 2711 .
3507 2650 3643 2704 ἀλλὰ
3666 2649 3769 2724 τὴν

2191 2751 2359 2805 νύκτα
2384 2748 2587 2818 ταύτην
2611 2745 2909 2800 κοπιάσατε
2936 2744 3052 2814 μετ’
3079 2741 3237 2813 ὲμοῦ,
3270 2744 3363 2796 καὶ
3390 2743 3665 2813 τηρήσατε
3695 2757 3768 2812 με

2190 2844 2239 2897 εί
2268 2841 2518 2897 νυσταζω
2549 2841 2606 2892 ὲν
2634 2840 2700 2908 τῇ
2732 2836 3031 2908 ἀγρυπνίᾳο
3051 2835 3160 2889 Καὶ
3193 2834 3440 2888 ὲκάθιτεν
3472 2829 3552 2897 εἷς
3578 2835 3644 2887 ὲκ
3673 2833 3765 2887 δε-

2193 2931 2321 2999 ξιῶν
2351 2928 2539 2994 αὑτοῦ,
2571 2931 2665 2984 καὶ
2698 2925 2780 2992 εἷς
2812 2928 2871 2994 ἐξ
2897 2925 3224 2996 εὐωνύμων,
3254 2925 3364 2980 ἀπὸ
3389 2925 3485 2996 (Λιιὲ
3519 2924 3767 2979 σιωπῶν-

2189 3042 2300 3088 τες.
2337 3025 2447 3078 Kal
2473 3018 2622 3075 εἷπον
2646 3022 2695 3073 οί
2718 3019 2957 3090 Πατέρες
2979 3035 3102 3089 μου,
3128 3019 3208 3071 ὅτι
3251 3017 3441 3088 Ἡμεῖς
3471 3017 3766 3090 ἐκοιμήθη-

2195 3133 2294 3187 μεν
2342 3114 2437 3168 καὶ
2471 3111 2774 3182 ἀνέστημεν
2794 3151 2809 3174 ,
2843 3109 2936 3161 καὶ
2963 3108 3062 3161 οὐκ
3106 3106 3454 3177 ῂσοάνθημεν
3479 3106 3641 3162 αὐτὸν
3672 3123 3766 3162 νυ-

2196 3206 2484 3271 στάξαντα.
2516 3204 2625 3256 Καὶ
2653 3202 2745 3254 ἐπὶ
2768 3199 2829 3253 τὸ
2861 3197 3004 3269 πρωῒ
3031 3198 3080 3269 (6
3106 3197 3236 3259 Θεὸς
3267 3194 3408 3249 οἶδεν
3437 3197 3485 3249 εί
3516 3197 3608 3265 ἀφ’
3636 3197 3765 3251 ἑαυ-

2191 3298 2286 3350 τοῦ
2316 3297 2569 3365 ἐποίησεν
2594 3333 2608 3356 ,
2645 3291 2730 3344 ἵνα
2761 3291 3041 3359 νοήσωμεν
3073 3291 3152 3341 ὅτι
3185 3286 3473 3352 ὲνύσταξεν
3497 3328 3513 3353 ,
3562 3287 3598 3357 ἢ
3625 3286 3769 3341 κατὰ

2194 3387 2448 3459 ἀλήθειαν
2496 3385 2718 3456 ἡφύσις
2768 3381 2863 3435 τοῦ
2894 3380 3064 3434 ὕπνου
3089 3376 3271 3450 ἦλθεν)
3333 3377 3571 3449 ἐτρύπησε
3619 3379 3766 3450 τρεῖς

2194 3481 2361 3543 πνοὰς
2387 3519 2400 3541 ,
2438 3479 2532 3531 καὶ
2578 3476 2781 3536 εύοέως
2814 3474 3015 3541 ἀνέστη
3054 3471 3227 3539 λέγων
3248 3488 3263 3502 '
3313 3470 3629 3537 Ἐνύσταξα,
3654 3470 3765 3525 ναί.

2195 3574 2303 3626 Καὶ
2329 3569 2704 3640 ἁπεκρίθημεν
2750 3567 2909 3636 ἡμεῖς
2932 3604 2947 3629 ,
2988 3563 3236 3631 λέγοντες
3260 3581 3272 3592 ’
3305 3562 3417 3615 οὐκ
3449 3562 3691 3631 οἴδαμεν.

2269 3663 2369 3733 μδν.
2396 3658 2598 3714 Ἦλῦόν
2626 3674 2754 3711 ποτε
2786 3658 3038 3726 γέροντες
3071 3653 3206 3724 πρὸς
3249 3653 3340 3705 τὸν
3373 3652 3546 3705 ἁϐὅᾶν
3582 3651 3771 3723 Ἀρσέ-

2194 3770 2325 3813 νιον,
2360 3752 2453 3803 καὶ
2483 3748 2651 3801 πολλὰ
2685 3744 3060 3817 παρεκάλεσαν
3103 3743 3188 3794 ἵνα
3236 3740 3566 3811 συντύχωσιν
3596 3739 3768 3812 αύτῷ.

2206 3846 2263 3898 '0
2290 3844 2345 3897 δὲ
2377 3840 2585 3914 ἡνοιξεν
2619 3839 2818 3900 αὐτοῖς.
2853 3834 2962 3889 Καὶ
2996 3832 3375 3905 παρεκάλεσαν
3399 3832 3561 3886 αὐτὸν
3590 3833 3770 3886 εἰπεῖν

2192 3937 2373 3998 αὐτοῖς
2428 3933 2583 4000 λόγον
2645 3928 2772 3999 περὶ
2840 3926 2948 3978 τῶν
3002 3923 3382 3994 ἡσυχαζόντων
3434 3923 3527 3976 καὶ
3578 3923 3772 3994 μηδενὶ

2194 4022 2576 4079 ἀπαντώντων.
2607 4019 2768 4086 Λέγει
2801 4018 2981 4080 αὐτοῖς
3012 4017 3040 4067 6
3090 4013 3268 4085 γέρων
3290 4031 3303 4045 ·
3339 4014 3505 4067 Ὅταν
3547 4015 3581 4085 ὴ
3619 4030 3770 4087 παρ-

2197 4115 2348 4178 θένος
2380 4115 2435 4165 ἐν
2466 4112 2543 4182 τῷ
2575 4110 2707 4178 οἴκῳ
2741 4107 2834 4161 τοῦ
2867 4105 3069 4178 πατρὸς
3096 4105 3265 4175 αὐτῆς
3291 4101 3349 4176 ᾖ,
3379 4104 3563 4157 πολλοὶ
3590 4104 3771 4158 θέλου-

2198 4223 2284 4259 σιν
2336 4205 2471 4273 αύτῇ
2523 4199 2955 4272 μνηστευθῆναι·
3006 4197 3145 4250 ἐπὰν
3189 4196 3245 4249 δὲ
3295 4195 3437 4267 λάϐῃ
3467 4195 3668 4267 ἄνδρα,
3703 4197 3768 4249 ού

2197 4298 2359 4350 πᾶσιν
2389 4293 2643 4361 ἀρέσκειο
2677 4293 2724 4343 οί
2758 4291 2855 4361 μὲν
2887 4286 3257 4354 ὲξουθενοῦσιν
3282 4326 3295 4349 ,
3334 4285 3481 4340 ἄλλοι
3508 4286 3563 4340 δὲ
3603 4290 3770 4341 ἐπαι-

2196 4386 2374 4440 νοῦσι·
2403 4384 2497 4437 καὶ
2533 4383 2630 4452 οὐχ
2658 4380 2827 4443 οὕτως
2858 4380 2969 4450 ἔχει
3001 4378 3164 4449 τιμὴν
3201 4377 3276 4441 ὡς
3301 4378 3359 4431 τὸ
3388 4378 3601 4448 πρῶτον
3624 4417 3638 4436 .
3674 4378 3770 4432 ὅτε

518 4465 840 4527 frui-batur,
895 4463 1117 4532 quando
1180 4462 1436 4516 manebat
1502 4460 1839 4517 abscondita.
1891 4461 2087 4517 Eodem

2194 4468 2261 4543 ἦν
2294 4470 2668 4540 κεκρυμμένη.
2705 4468 2887 4531 Οὕτως
2936 4468 3031 4519 καὶ
3067 4467 3149 4520 τὰ⁶
3178 4466 3279 4536 τῆς
3309 4466 3484 4537 ψυχῆς
3507 4483 3521 4497 ο
3557 4467 3651 4535 ἀφ’
3674 4466 3773 4521 ὅτε

518 4566 677 4625 pacto
702 4594 718 4621 ,
748 4560 803 4608 et
833 4554 1029 4606 animae
1060 4568 1146 4607 res
1174 4572 1188 4607 :
1219 4568 1284 4608 ex
1333 4568 1439 4624 que
1469 4554 1760 4626 vulgantur
1782 4596 1798 4617 ,
1837 4555 2087 4611 omnibus

2194 4562 2603 4633 δημοσιεύεται,
2624 4561 2681 4613 ού
2719 4560 2922 4623 πάντας
2952 4557 3173 4613 δύναται
3204 4559 3629 4633 πληροφορῆσαι.

518 4654 793 4716 nequeunt
826 4644 1158 4702 satisfacere.

1007 4778 1082 4832 De
1124 4778 1311 4833 abbate
1344 4778 1629 4850 Agathone.

592 4894 645 4948 1.
681 4893 758 4962 (8)
798 4892 944 4948 Dixit
988 4893 1157 4948 abbas
1190 4891 1407 4957 Petrus,
1438 4893 1527 4947 ille
1548 4893 1758 4948 abbatis
1783 4892 1883 4947 Lot
1910 4895 2094 4966 [disci-

518 4984 739 5059 pulos]:
774 4987 934 5042 Eram
962 4985 1257 5057 aliquando
1281 4986 1336 5040 in
1365 4986 1500 5042 Cella
1526 4986 1739 5043 abbatis
1766 4988 2089 5058 Agathonis,

589 5144 634 5178 ⁸⁸
658 5145 783 5200 Act.
812 5161 888 5210 xi,
920 5142 1009 5199 24.
1091 5144 1133 5177 ³⁸
1157 5144 1243 5197 Al.
1285 5143 1530 5217 τελευτᾷ.
1605 5144 1651 5177 δ’
1684 5143 1771 5200 ΑΙ.
1805 5145 2115 5209 τελειώσας.

585 5301 661 5371 (8)
698 5299 805 5355 Vit.
842 5299 988 5371 Patr.
1022 5317 1076 5362 Χ,
1106 5300 1158 5371 8.

584 5369 795 5441 (9)1511:
839 5370 1039 5438 ηώην
1087 5369 1199 5436 τῆς
1258 5370 1408 5441 ἀνω⁸
1430 5370 1807 5438 Βαϐυλῶνος.
1861 5376 2085 5426 Patrum

526 5439 692 5496 vum.-
738 5440 803 5495 Iu
846 5445 958 5493 low
998 5442 1084 5509 qui
1129 5439 1567 5510 diciturrTrohea
1599 5445 1740 5510 (IIIS.
1795 5442 2083 5495 SuCSsion.

518 5522 563 5563 vl
588 5512 796 5565 Vossal-
831 5511 1026 5575 Tim-ti)
1063 5526 1219 5577 supra
1254 5509 1622 5579 Baby'ouiam.
1660 5511 1812 5574 Quod
1852 5521 1968 5573 «ται,
2008 5514 2088 5571 εἰς

520 5580 707 5650 Τρῴην
732 5583 828 5650 τὴν
855 5583 964 5635 άκω
1006 5581 1319 5642 Βαϐυλῶνος
1370 5590 1462 5631 aut
1493 5582 1570 5642 είς
1605 5580 1823 5648 Τρώην
1850 5582 1961 5633 ἅνω
1990 5581 2087 5649 τῆς

519 5648 848 5705 Βαϐυλῶνος.
877 5650 1159 5703 Lz't‘lltillt's
1184 5666 1523 5718 nequaquam
1559 5654 1941 5716 n-Ipruhandw.

589 5719 699 5789 (10)
718 5722 1015 5775 rasam-ct.
1034 5725 1229 5775 lterum
1249 5723 1390 5775 intra
1416 5722 1468 5775 in
1486 5720 1672 5775 lsaaco
1685 5720 1913 5776 Celliota
1933 5736 2087 5775 nutu.

2547 4784 2683 4850 Περὶ
2712 4778 2818 4837 τοῦ
2856 4775 3002 4832 ἁεϐίῗ
3051 4777 3399 4848 ’Λτάθωγοᾳ

2268 4903 2336 4951 a'.
2374 4892 2536 4950 Εἶπεν
2564 4898 2592 4950 6
2620 4896 2791 4959 ἀὸϐἄς
2818 4898 3017 4967 Πέτρος
3043 4903 3072 4950 6
3100 4896 3194 4949 τοῦ
3240 4892 3384 4949 esea
3405 4889 3545 4956 Λὼτ,
3568 4890 3650 4945 ὅτι
3677 4890 3771 4944 Ἐν

2197 4986 2273 5057 τῷ
2307 4986 2499 5059 κελλίῳ
2531 4987 2626 5040 τοῦ
2665 4986 2809 5041 ἁϐὅᾶ
2847 4988 3148 5056 Ἀγάθωνος
3177 4990 3321 5059 ἥμην
3348 4988 3495 5049 ποτε,
3526 4989 3617 5040 καὶ
3634 4990 3769 5058 ὴ).οε

2193 5301 2247 5363 7,
2279 5312 2493 5353 necnon
2518 5298 2571 5350 in
2606 5293 2831 5351 Joannis
2870 5294 3087 5350 Meursii
3118 5295 3406 5351 Glossaria.
3443 5293 3770 5351 Ammonius

2196 5368 2502 5423 monachus
2543 5367 2614 5420 De
2652 5366 2899 5420 Putnbtts
2948 5366 2984 5419 S
3010 5369 3168 5418 mutis
3198 5376 3245 5417 et
3290 5363 3686 5419 Raitlteusihus.
3738 5382 3771 5416 ει

2196 5438 2257 5490 li.
2295 5438 2353 5491 Ρ.
2384 5441 2495 5489 (Jun
2526 5439 2906 5490 belisiot-Ilittls
2956 5453 2987 5503 p
3037 5436 3136 5489 lllO
3159 5430 3427 5503 ’Ἦν-ὂὲή
3461 5432 3635 5503 τροςιὴ
3668 5432 3775 5485 αὑ-

2194 5509 2288 5560 τοῦ
2346 5507 2489 5579 ὕδωρ
2522 5509 2614 5559 καὶ
2670 5510 2853 5578 μικροὶ
2894 5500 3154 5574 φοίνικες,
3195 5505 3251 5569 ἐξ
3284 5500 3357 5556 ὧν
3404 5500 3549 5579 εἶχεν
3570 5500 3774 5579 galia

2198 5572 2470 5647 ἐνδύματα
2499 5578 2604 5629 ἀπὸ
2631 5572 2882 5628 σιὸινῖαίου
2904 5572 2980 5625 ὶιιι
3017 5576 3303 5647 σιϐιννίων,
3339 5591 3459 5642 cap.
3499 5573 3619 5647 lifl,
3648 5572 3770 5632 I25,

2197 5640 2349 5700 Prut't
2380 5650 2707 5713 spiritualis,
2737 5647 2842 5701 ἀπὸ
2868 5647 3091 5699 σιῦενου.
3128 5646 3230 5697 Adi
3282 5640 3519 5698 Leucon
3562 5640 3738 5711 Ηὶίψο

2197 5728 2437 5774 etalt-um
2477 5718 2674 5774 Fecsti.
