4034 6340
242 429 347 488 113-

1389 440 1713 497 APOPHTH
1723 439 2000 498 EGMATA
2040 441 2349 502 PATBUH.

3393 443 3505 501 118

240 552 388 607 om.
422 549 596 620 Λέγει
624 552 773 624 αὐτῷ
804 556 834 607 ό
857 553 1035 623 γέρων
1056 571 1069 584 ·
1095 554 1160 608 ΕΞ
1191 556 1310 627 μετ’
1333 558 1469 628 ἐμοῦ
1491 555 1655 630 ἦλθες
1680 562 1831 631 οἰκῆ-

1932 559 1978 615 ei
1999 577 2012 614 :
2037 555 2095 613 Si
2128 574 2342 614 mecum
2369 556 2627 614 veniebas
2654 557 2920 623 habitare,
2937 558 3205 628 quodnon
3235 574 3498 630 posueras

244 661 353 704 σαι.
386 641 416 696 ό
444 642 551 696 οὐκ
577 641 788 714 ἔθηκας
811 683 826 706 ,
859 643 978 706 πῶς
1010 644 1273 715 εἴληφαςς
1306 648 1416 701 Καὶ
1452 648 1699 722 επεμψεν
1729 651 1827 705 αὐ-

243 733 332 788 τδν
358 734 691 801 ἀπενεγκεῖν
716 732 868 796 αὐτὸ,
893 733 1016 788 ὅθεν
1040 734 1261 807 εἴληφεν
1284 737 1437 791 αὑτό.

313 831 400 893 ιγ’.
446 824 707 893 Ἀδελφδς
750 823 1001 896 ἠρώτησε
1050 826 1141 880 τὸν
1182 827 1414 900 γέροντα
1452 829 1626 900 λέγων
1652 849 1665 863 ·
1708 832 1826 886 Ἕν-

245 914 367 986 τολή
400 930 493 985 μοι
521 913 753 981 ἔφθασε,
782 917 875 969 καὶ
906 916 1020 969 ἔστι
1045 917 1280 989 πόλεμος
1314 921 1449 974 ὅπου
1483 922 1633 976 ἐστὶν
1660 926 1694 995 ἡ
1739 926 1827 978 ὲν·-

247 1003 393 1076 τολή.
422 1004 577 1058 Θέλω
613 1000 708 1059 οῦν
759 1007 1014 1061 ἀπελθεῖν
1061 1008 1130 1063 δι’
1161 1010 1330 1082 αὐτὴν
1356 1050 1370 1076 ,
1421 1012 1515 1066 καὶ
1554 1013 1827 1087 φοϐοῦμαι

248 1096 334 1149 τδν
363 1096 626 1168 πόλεμον.
656 1098 768 1151 Καὶ
798 1097 946 1167 λέγει
967 1100 1116 1172 αὐτῷ
1144 1103 1174 1156 ό
1214 1103 1394 1176 γέρων
1414 1122 1426 1134 ·
1458 1108 1521 1160 Ei
1554 1102 1624 1179 ἦν
1663 1107 1827 1177 Ἀγά-

248 1187 353 1241 θων
387 1186 504 1258 (25)
531 1228 547 1251 ,
600 1189 775 1243 ἐποίει
824 1189 922 1262 τὴν
965 1191 1182 1265 ἐντολὴν
1208 1234 1224 1259 ,
1268 1195 1364 1250 καὶ
1403 1196 1559 1253 ἐνίκα
1601 1199 1694 1254 τὸν
1726 1200 1828 1255 πό-

246 1278 430 1352 λεμον.

309 1371 391 1427 ιδ’.
437 1372 499 1427 '0
529 1372 694 1437 αὐτὸς
731 1373 976 1443 ’Δγάθων
998 1414 1014 1439 ,
1043 1376 1322 1449 συνεδρίου
1369 1381 1666 1453 γενομένου
1696 1383 1829 1456 περὶ

246 1462 572 1534 πράγματός
617 1481 760 1527 τινος
818 1467 876 1517 ἐν
921 1466 1117 1537 Σκήτει
1144 1507 1159 1532 ,
1190 1470 1284 1522 καὶ
1330 1469 1587 1537 λαϐόντος
1633 1473 1826 1539 τύπον,

246 1550 473 1623 ὕστερον
512 1552 682 1607 ἐλθὼν
724 1551 879 1609 εἶπεν
920 1559 1132 1621 αὐτοῖς’
1175 1561 1251 1613 Οὐ
1285 1561 1466 1626 καλῶς
1510 1565 1827 1619 ὲτυπώσατε

255 1641 309 1697 ,ιδ
345 1645 601 1715 πρᾶγμα.
635 1647 698 1699 Ol
730 1646 788 1700 δὲ
820 1646 973 1703 εἷπον
1006 1650 1142 1719 πρὸς
1180 1652 1344 1706 αὐτόν
1366 1670 1377 1682 ·
1431 1655 1502 1707 Σὺ
1532 1656 1616 1719 τίς
1663 1651 1715 1710 εἴ
1744 1659 1829 1712 δτι

245 1730 385 1796 ὅλως
403 1732 588 1796 λαλεῖς
612 1752 627 1801 ;
660 1735 719 1787 '0
739 1734 796 1789 δὲ
821 1731 995 1790 εἶπεν·
1026 1739 1152 1802 Υἱὸς
1177 1740 1485 1813 ἀνθρώπου.
1515 1744 1827 1817 Γέγραπται

246 1820 383 1892 γάρ’
409 1823 483 1875 El
510 1821 746 1890 ἀληθῶς
771 1824 885 1893 ἄρα
909 1824 1304 1897 δικαιοσύνην
1316 1831 1576 1898 λαλεῖτε,
1592 1836 1828 1903 εὐθείας

246 1912 513 1980 κρίνατε,
530 1914 645 1966 υιοι
676 1911 797 1966 τῶν
818 1915 1164 1984 ἀνθρώπων.

315 2089 398 2138 ιε’.
437 2084 673 2153 Ἔλεγον
719 2086 848 2156 περὶ
898 2085 990 2139 τοῦ
1019 2087 1163 2143 ἀϐϐᾶ
1198 2089 1505 2157 Ἀγάθωνος
1528 2132 1546 2157 ,
1590 2094 1673 2146 ὅτι
1699 2094 1826 2165 τρία

247 2174 338 2246 ἔτη
369 2176 650 2245 εποίησεν,
681 2176 819 2247 ἔχων
848 2177 995 2231 λίθον
1020 2181 1100 2243 εἰς
1126 2179 1187 2233 τὸ
1214 2180 1386 2252 στόμα
1412 2183 1578 2237 αὑτοῦ
1595 2223 1609 2249 ,
1637 2184 1741 2248 ἕως
1766 2179 1826 2239 οῦ

248 2265 581 2337 κατώρθωσε
614 2266 675 2320 τὸ
711 2270 944 2339 σιωπᾷν.

335 2358 431 2424 ις’.
472 2360 703 2427 Ἔλεγον
760 2362 923 2415 πάλιν
985 2365 1115 2435 περὶ
1159 2364 1325 2419 αὐτοῦ
1378 2368 1473 2421 καὶ
1529 2366 1625 2421 τοῦ
1682 2368 1828 2423 άϐϐᾶ

259 2451 480 2523 Ἀμοῦν,
507 2455 591 2507 ὅτι
616 2456 705 2508 ὅτε
734 2456 1073 2527 ἐπίπρασκον
1102 2457 1318 2522 σκεῦος,
1346 2457 1493 2524 ἅπαξ
1514 2460 1697 2528 ἔλεγον
1729 2462 1827 2533 τὴν

248 2544 413 2615 τιμὴν
437 2585 452 2608 ,
482 2547 578 2598 καὶ
605 2546 667 2598 τὸ
700 2545 977 2617 διδόμενον
1002 2546 1185 2610 αὐτοῖς
1234 2547 1538 2618 ἐλάμϐανον
1582 2552 1830 2604 σιωπῶν-

246 2652 339 2699 τες
384 2636 524 2707 μετὰ
574 2636 935 2701 ἀναπαύσεως
960 2651 971 2662 ·
1004 2638 1099 2691 καὶ
1142 2639 1305 2692 πάλιν
1347 2640 1436 2693 ὅτε
1478 2640 1668 2712 ἤθελον
1699 2643 1829 2711 άγο⁴

250 2728 410 2798 ράσαι
438 2727 494 2780 τί
526 2745 691 2790 ποτε,
733 2729 795 2782 τὸ
841 2729 1131 2799 λεγόμενον
1176 2732 1358 2796 αὐτοῖς
1391 2736 1653 2804 παρεῖχον
1691 2734 1829 2805 μετά

247 2819 459 2889 σιωπῆς
477 2860 493 2884 ,
520 2820 616 2873 καὶ
644 2818 949 2891 ἐλάμϐανον
973 2821 1033 2873 τὸ
1054 2822 1268 2889 σκεῦος,
1300 2824 1526 2877 καθόλου
1560 2825 1634 2896 μὴ
1664 2825 1830 2895 φθεγ-

246 2911 490 2981 γόμενοι.

311 3006 398 3069 ιζ’.
436 3005 496 3059 '0
539 3004 703 3069 αὐτὸς
735 3006 908 3070 άϐϐἄς
947 3008 1193 3076 ’Δγάθων
1232 3005 1383 3063 εἶπεν
1410 3050 1425 3076 ,
1456 3012 1537 3065 ὅτι
1560 3013 1830 3067 Οὐδέποτε

247 3096 422 3149 ἔδωκα
473 3096 698 3168 ἀγάπην
741 3098 855 3168 (24)
878 3117 892 3130 ·
949 3098 1089 3154 ἀλλὰ
1142 3100 1203 3155 τὺ
1260 3102 1442 3156 δοῦναι
1501 3105 1594 3158 καὶ
1643 3105 1830 3159 λαϐεῖν

247 3189 436 3259 ἀγάπη
463 3195 558 3261 μοι
590 3186 659 3262 ἦν
681 3207 697 3223 ·
738 3189 1087 3261 λογιζόμενος
1122 3194 1203 3247 ὅτι
1231 3196 1290 3248 τὸ
1340 3196 1528 3268 κέρδος
1554 3197 1648 3251 τοῦ
1677 3198 1831 3252 ἀδελ-

250 3280 351 3349 φοῦ
383 3298 510 3351 μου,
542 3282 704 3352 ἔργον
735 3284 1111 3355 καρποφορίας
1145 3286 1312 3339 ἐστίν.

321 3378 412 3442 ιη’.
457 3372 517 3426 Ὀ
554 3373 717 3435 αὐτὸς
764 3374 852 3426 ὅτε
890 3373 1084 3428 ἐϐλεπε
1129 3380 1393 3447 πρᾶγμα,
1432 3381 1525 3432 καὶ
1563 3380 1755 3451 ἢθελεν
1802 3382 1831 3435 ό

248 3461 508 3532 λογισμὸς
542 3461 705 3514 αὐτοῦ
736 3465 949 3534 κρῖναι,
979 3462 1164 3533 ἔλεγεν
1192 3466 1371 3536 ἐαυτῷ
1392 3483 1405 3497 ·
1455 3468 1720 3536 Ἀγάθων,
1756 3471 1831 3541 μὴ

250 3556 482 3626 ποιήσῃς
509 3554 645 3609 αὐτὸ
675 3554 767 3607 σύ.
790 3556 898 3610 Καὶ
919 3548 1071 3621 οὗτος
1092 3557 1138 3589 ⁸³
1158 3559 1186 3610 ὁ
1206 3558 1465 3630 λογισμὸς
1491 3561 1656 3615 αὑτοῦ
1695 3563 1833 3635 ἡσύ-

252 3646 435 3715 χαζεν.
1034 3650 1049 3657 “

321 3737 406 3792 ιθθ.
454 3738 514 3792 Ὀ
540 3738 704 3802 αὐτὸς
732 3734 914 3793 εἶπενο
963 3741 1086 3795 Ἐάν
1127 3740 1344 3814 ὀργίλος
1386 3744 1577 3815 νεκρὸν
1623 3744 1832 3817 ἐγείρῃ,

228 3830 348 3883 ὀὐκ
370 3830 487 3884 ἔστι
508 3831 700 3895 δεκτὸς
732 3832 883 3904 παρὰ
910 3833 988 3903 τῷ
1018 3834 1157 3905 Θεῷ.

316 3929 387 3977 κ’.
438 3924 608 3993 Ἔσχε
666 3924 797 3977 ποτὲ
846 3927 874 3978 ὁ
925 3926 1095 3989 ἀϐὅᾶς
1149 3926 1392 3995 Ἁγάθων
1442 3926 1534 3981 δύο
1585 3927 1835 3999 μαθητὰς

252 4015 677 4086 ἀναχωροῦντας
713 4016 835 4069 κατ’
872 4018 1025 4074 ἰδίαν.
1073 4020 1161 4071 Ἐν
1195 4020 1293 4089 μιᾷ
1322 4015 1415 4072 οῦν
1441 4018 1553 4072 τῶν
1590 4020 1831 4090 ἡμερῶν,

252 4102 505 4175 ἠρώτησε
540 4103 632 4157 τὸν
653 4104 918 4177 ἒναχΠῶς
948 4105 1154 4174 διάγεις
1185 4109 1242 4160 ὲν
1270 4106 1347 4177 τῷ
1378 4108 1574 4179 κελλίῳ
1606 4126 1731 4173 seu;
1778 4109 1834 4161 Ὀ

252 4193 307 4247 δὲ
343 4194 449 4265 ἔφη
474 4210 490 4225 ⁸
519 4195 787 4264 Nnc-catini
816 4195 923 4259 ἕως
951 4198 1066 4266 ὀψὲ,
1101 4199 1196 4251 καὶ
1226 4199 1393 4252 ὲσθξω
1435 4199 1527 4252 δύο
1577 4200 1835 4270 παξαμά-

254 4303 361 4340 τια.
387 4287 556 4356 Λέγει
583 4287 733 4358 αὑτῷ
753 4305 765 4316 ·
796 4287 953 4359 Καλὴ
974 4289 1152 4343 δίαιτα
1172 4330 1187 4353 ,
1218 4292 1278 4344 οὐ
1314 4292 1453 4345 πάνυ
1499 4291 1696 4361 ἔχουσα
1743 4292 1836 4343 κό-

256 4393 376 4431 πον.
410 4378 576 4447 Λέγει
606 4380 702 4432 καὶ
746 4378 823 4450 τῷ
850 4380 995 4450 ἄλλῳ
1017 4395 1030 4408 ·
1063 4383 1135 4433 Σὺ
1172 4384 1324 4447 πῶςς
1369 4384 1425 4436 Ὀ
1466 4382 1521 4434 δὲ
1550 4382 1651 4452 ἔφη
1675 4398 1689 4411 ο
1736 4382 1839 4434 Δύο

254 4466 345 4522 δύο
365 4469 479 4542 (25)
509 4470 782 4541 νηστεύω,
811 4473 905 4526 καὶ
928 4472 1020 4526 δύο
1048 4472 1365 4545 παξαμάτια
1396 4474 1575 4529 ἐσθίω.
1614 4476 1722 4528 Καὶ
1747 4475 1837 4528 λέ-

320 4625 368 4659 ⁸³
392 4626 486 4680 Al.
526 4625 725 4691 οὕτως.
800 4628 851 4661 ³⁸
889 4628 1036 4684 Psal.
1075 4645 1208 4696 LVII,
1234 4629 1289 4683 2.

1927 667 2038 722 quo
2071 652 2234 705 modo
2259 651 2502 720 cepisti?
2541 649 2792 721 Misitque
2818 664 2943 705 eum
2980 658 3259 722 reportare
3293 653 3494 711 nitrum

1925 756 2035 811 quo
2059 740 2180 796 loco
2192 748 2519 808 acceperat..

1998 833 2085 887 15.
2117 832 2229 903 (26)
2270 829 2464 885 Frater
2491 830 2566 884 ita
2596 837 2948 901 percontatus
2971 839 3055 886 est
3098 845 3326 887 senem:
3346 830 3498 888 Mau-

1927 925 2113 980 datum
2145 922 2355 993 accepi,
2383 924 2479 978 sed
2505 920 2806 992 periculum
2837 921 3152 978 tentationis
3177 923 3417 977 occurrit
3442 922 3496 976 in

1927 1016 2048 1071 loco
2074 1013 2338 1069 mandati.
2368 1011 2505 1067 Volo
2535 1012 2699 1083 igitur
2734 1026 2958 1082 pergere
2978 1049 2995 1076 ,
3024 1012 3096 1067 ob
3145 1020 3496 1084 praeceptum,

1928 1103 2025 1160 sed
2074 1102 2373 1175 periculum
2423 1102 2610 1155 timeo.
2656 1098 2793 1154 Dicit
2839 1100 2889 1155 ei
2937 1115 3144 1156 senex:
3196 1102 3254 1157 Si
3288 1102 3500 1171 Agatho

1927 1202 2112 1260 esset,
2141 1192 2464 1251 mandatum
2493 1190 2824 1263 peregisset,
2860 1206 2926 1246 ac
2976 1200 3289 1263 superasset
3322 1203 3501 1248 tenta-

1926 1290 2153 1344 tionem.

2003 1379 2088 1435 M.
2127 1377 2237 1449 (27)
2272 1376 2420 1432 Idem
2446 1375 2678 1448 Agatho,
2711 1390 2837 1431 cum
2873 1373 3018 1431 Sceti
3051 1375 3343 1432 haberetur
3368 1392 3502 1433 con-

1928 1486 2117 1528 sessus
2142 1471 2214 1527 ob
2247 1470 2468 1541 aliquod
2500 1468 2776 1539 negotium
2800 1508 2817 1535 ,
2847 1467 3089 1537 illudque
3122 1468 3405 1524 sanctione
3434 1468 3500 1524 ﬂ-

1927 1578 2051 1618 nem
2081 1562 2405 1633 accepisset,
2432 1568 2620 1632 postea
2644 1559 2868 1615 veniens
2889 1559 3027 1613 dixit
3044 1559 3359 1616 monachis:
3382 1558 3501 1615 Non

1928 1663 2077 1710 recte
2106 1653 2174 1709 de
2206 1654 2425 1724 negotio
2452 1651 2734 1708 sanxistis.
2768 1650 2849 1706 Illi
2884 1657 3065 1705 autem
3098 1650 3166 1705 ad
3200 1666 3356 1706 eum:
3394 1649 3500 1715 Tu,

1928 1745 2203 1816 inquiunt,
2229 1744 2482 1814 quisnam
2509 1758 2592 1809 es,
2625 1742 2717 1813 qui
2743 1743 2826 1798 vel
2852 1741 3136 1812 loqueris?
3163 1739 3502 1813 Respondit:

1930 1835 2061 1891 Sum
2113 1835 2254 1891 illius
2304 1833 2565 1889 hominis.
2601 1833 2877 1905 Scriptum
2929 1834 3073 1888 enim
3117 1840 3239 1889 est:
3281 1831 3344 1886 Si
3393 1848 3508 1887 vere

1856 1923 1899 1979 Β
1928 1928 2103 1997 utique
2122 1925 2394 1995 justitiam
2426 1926 2737 1994 loquimini,
2787 1933 2934 1980 recta
2956 1923 3196 1992 iudicate
3218 1964 3234 1990 ,
3276 1925 3380 1996 filii
3408 1924 3506 1979 lto-

1988 2019 2070 2050 ἷιη.
2079 2034 2124 2050 ηε
2144 2017 2191 2050 Id

1927 2034 2232 2179 υηῗέἴηβθ)
2268 2107 2533 2163 Dicebant
2566 2107 2635 2164 de
2672 2107 2869 2164 abbate
2895 2107 3185 2178 Agathone
3212 2148 3229 2173 ,
3271 2121 3370 2179 per
3393 2118 3511 2166 tres

1928 2199 2079 2253 illum
2118 2213 2291 2255 annos
2325 2199 2560 2271 lapidem
2594 2214 2690 2257 ore
2726 2210 2995 2273 gestasse,
3031 2200 3206 2255 donec
3232 2200 3395 2256 silere
3420 2200 3511 2257 di.-

1928 2289 2174 2345 dicisset.

1998 2380 2084 2434 16.
2128 2382 2357 2435 Aiebant
2392 2383 2588 2436 iterum
2633 2380 2702 2437 de
2746 2382 2845 2437 illo
2870 2389 2925 2437 et
2969 2382 3037 2438 de
3068 2381 3266 2437 abbate
3302 2383 3507 2447 Amun,
3576 2382 3675 2421 ι’τι-

1928 2472 2073 2541 quod
2106 2473 2328 2540 quando
2371 2488 2463 2527 ras
2510 2472 2729 2541 aliquod
2763 2474 3111 2539 vendebant,
3170 2475 3339 2529 semel
3376 2490 3504 2545 pre-

1927 2564 2062 2617 tium
2099 2571 2400 2632 ponerent,
2429 2562 2721 2633 datamque
2752 2566 3040 2633 chuniam
3079 2565 3392 2636 accipereut
3420 2575 3505 2621 ta-

1929 2656 2023 2710 citi
2061 2670 2186 2710 cum
2232 2656 2453 2725 quiete:
2495 2655 2715 2724 quando
2772 2663 2953 2710 autem
3003 2656 3283 2726 quidpiam
3322 2673 3506 2716 emere

1928 2748 2181 2802 volebant
2207 2786 2222 2810 ,
2256 2746 2399 2818 quod
2433 2748 2720 2817 petebatur
2767 2746 3069 2802 tribuerent
3108 2763 3231 2802 cum
3266 2748 3509 2814 silentio,

1928 2846 2323 2909 sumerentquc
2352 2853 2471 2906 vas,
2500 2838 2637 2893 nihil
2671 2839 2898 2894 omnino
2937 2840 3232 2911 prolocuti.

2002 3017 2090 3073 17.
2136 3015 2278 3072 Idem
2311 3017 2524 3087 Agatho
2549 3017 2723 3072 dixit:
2778 3020 3070 3088 Nunquam
3119 3017 3241 3074 dedi
3276 3033 3506 3090 agapen.

1931 3110 2027 3165 sed
2056 3109 2187 3165 dare
2228 3119 2281 3165 et
2313 3110 2563 3180 accipere
2589 3149 2606 3173 ,
2639 3125 2810 3180 agape
2842 3110 2974 3164 mihi
3003 3120 3153 3178 erat;
3190 3112 3508 3181 reputabam

1931 3200 2076 3255 enim
2118 3200 2264 3270 quod
2309 3200 2523 3255 lucrum
2558 3197 2747 3256 fratris
2778 3200 2916 3266 mei,
2957 3215 3097 3271 opus
3127 3198 3200 3255 sit
3229 3199 3511 3255 fructuum

1930 3291 2241 3347 oblationis.

2000 3382 2086 3435 18.
2125 3381 2271 3437 Idem
2324 3397 2449 3437 cum
2480 3381 2685 3453 aliquid
2719 3383 2949 3437 vidisset
2975 3422 2990 3446 ,
3041 3380 3314 3451 velletque
3354 3392 3513 3435 mens

1927 3472 2047 3541 ejus
2081 3473 2149 3527 de
2177 3488 2234 3527 re
2254 3472 2525 3542 judicare,
2559 3474 2784 3529 sibimet
2820 3473 3036 3528 aiebat:
3070 3472 3305 3543 Agatho,
3344 3480 3402 3526 tu
3440 3486 3510 3528 ne

1932 3564 1987 3618 id
2012 3565 2230 3622 feceris.
2260 3563 2457 3636 Sicque
2479 3567 2697 3638 quietus
2735 3565 2993 3620 manebat
3025 3564 3242 3621 animus
3272 3563 3416 3635 ejus.

1936 3766 1941 3773 ·
2001 3748 2087 3802 19.
2115 3748 2228 3819 (29)
2256 3747 2403 3815 Dixit
2424 3748 2602 3805 idem:
2628 3749 2934 3807 iracundus
2957 3748 3208 3820 quamvis
3233 3756 3517 3803 mortuum

1930 3840 2300 3903 suscitaverit,
2338 3842 2482 3911 apud
2513 3840 2693 3897 Deum:
2709 3857 2815 3896 non
2840 3850 2925 3897 est
2959 3849 3240 3911 acceptus.

2000 3930 2107 3984 20.:
2126 3929 2324 4007 Habuit
2351 3931 2643 4000 aliquando
2670 3933 2840 3987 abbas
2868 3933 3079 4003 Agatho
3102 3933 3243 3988 duos
3271 3930 3512 4001 discipu-

1932 4020 2028 4074 los.
2053 4020 2145 4087 qui
2200 4035 2449 4077 seorsum
2497 4023 2663 4075 vitam
2721 4025 3159 4079 anachoreticam
3216 4024 3510 4079 ducebant.

1933 4110 2177 4176 Quadam
2213 4126 2342 4180 ergo
2374 4112 2463 4167 die
2500 4114 2654 4182 petiit
2692 4116 2760 4169 ab
2802 4131 2942 4177 uno,
2975 4130 3210 4183 quonam
3267 4124 3429 4185 pacto
3457 4115 3512 4169 in

1932 4203 2068 4255 cella
2100 4217 2201 4263 sua
2222 4212 2426 4273 ageret.
2456 4202 2757 4272 Respondit
2780 4206 2869 4259 ille
2890 4224 2901 4258 :
2928 4204 3114 4275 Usque
3138 4205 3205 4257 ad
3227 4220 3509 4274 vesperam

1927 4292 2118 4361 jejuno
2144 4333 2160 4357 ,
2211 4302 2265 4349 et
2309 4294 2537 4349 comedo
2583 4295 2692 4349 duo
2725 4296 3052 4365 paxamatia.
3090 4295 3229 4350 Tum
3267 4296 3507 4367 Agatho:

1936 4384 2203 4439 Praeclara
2236 4385 2453 4441 vivendi
2482 4387 2644 4447 ratio.
2669 4402 2768 4442 nec
2799 4387 2969 4441 labori
2996 4386 3227 4441 multum
3250 4387 3509 4441 obnoxia.

1936 4478 2015 4531 Ad
2043 4478 2274 4533 alterum
2311 4493 2441 4534 vero
2479 4479 2617 4535 dixit
2653 4497 2666 4534 :
2702 4477 2783 4534 Tu
2815 4487 2997 4534 autem
3018 4518 3033 4545 ,
3065 4478 3378 4550 quomodo?
3410 4476 3515 4533 Re-

326 4783 437 4869 (2ξ)
461 4784 534 4838 El
562 4780 642 4869 ἦν
1002 4784 1225 4869 {atrum
1267 4785 1431 4846 Vita';
1458 4787 1547 4843 Sic
1569 4786 1832 4857 eratAga-

1939 4786 2044 4869 γάρ
2066 4802 2148 4848 τις
2186 4783 2515 4869 νηιστεύῃκέὶξ
2558 4781 2637 4869 ἓξ,
2666 4782 2759 4869 καὶ
2780 4781 3126 4869 ἐηκδῷθέαυτρν
3148 4783 3228 4864 εἰς
3252 4786 3518 4869 μεγάλους

258 4853 360 4908 tlte.
387 4854 709 4923 Legendum
749 4855 967 4907 videtur
997 4854 1078 4909 Si.

320 4923 990 4996 (25)-01’26ézore£6wxa
1009 4924 1268 4994 ἀγάπην.
1298 4928 1519 4996 Agapen
1554 4927 1797 4995 intelligo
1822 4945 1834 4979 :

256 4995 501 5049 solemne
577 4995 911 5065 convivium.
964 4995 1137 5060 Quam
1219 4995 1630 5065 usurpationem
1681 5014 1840 5050 nemo

256 5065 492 5133 ignorat.
534 5067 777 5119 Historia
819 5064 1167 5126 Trevirensis,
1206 5064 1371 5120 torno
1408 5067 1503 5120 XII
1558 5068 1839 5121 utilissimi

255 5137 471 5204 operis,
506 5134 785 5204 Spicilegii
830 5136 1124 5189 Acin-riani
1174 5152 1226 5204 p.
1276 5136 1382 5191 219
1419 5139 1486 5191 de
1525 5138 1839 5199 Ekctberto,

256 5202 489 5275 Cumque
512 5202 632 5273 post
661 5202 871 5275 expleta
901 5202 1188 5259 Missurum
1221 5208 1495 5270 solemnia,
1518 5226 1549 5260 a
1582 5207 1840 5275 fratribus

256 5276 445 5329 obnixe
466 5285 735 5344 peteretur
765 5274 870 5327 cibi
901 5286 1156 5344 potusque
1182 5276 1495 5330 cltnrt'tatetn
1519 5274 1743 5339 sumere,
1780 5294 1841 5329 ne

256 5346 325 5397 eis
346 5362 627 5399 onerosum
660 5346 892 5410 fortasse
945 5348 1240 5409 exsisteret,
1282 5350 1327 5398 si
1365 5358 1514 5400 tanta
1558 5349 1840 5400 comitatus

258 5416 542 5485 ambitione
558 5415 749 5470 ibidem
771 5417 1095 5483 reficeretur.
1118 5418 1267 5484 cwpit
1286 5434 1322 5469 a
1348 5417 1606 5485 fratribus
1628 5417 1843 5471 omnino

258 5484 567 5540 charitatem
599 5487 862 5555 refutare,
889 5494 939 5539 et
974 5487 1203 5540 reditum
1232 5503 1389 5540 suum
1422 5490 1475 5540 in
1515 5487 1693 5541 urbem
1729 5503 1846 5539 ma-

261 5563 453 5611 turare.

325 5626 436 5693 (25)
467 5629 813 5693 Νηστεύειν
857 5626 969 5679 δύο
1025 5625 1157 5679 δύο.
1217 5625 1293 5679 Ex
1354 5627 1659 5682 innumeris
1708 5626 1844 5679 locis

262 5709 421 5771 unum
453 5700 633 5771 _selegi
671 5697 924 5754 nondum
970 5695 1159 5771 (ἔπορε
1206 5697 1411 5771 editum
1434 5740 1447 5759 ,
1484 5697 1673 5771 Latine
1714 5712 1842 5750 vero

262 5766 406 5841 yalde
436 5766 822 5841 depravatum,
858 5781 1020 5841 quem
1043 5766 1131 5841 hic
1160 5767 1495 5841 atltcxercm.
1529 5766 1625 5841 Est
1655 5776 1834 5841 autem

265 5831 638 5897 hababbatis
674 5831 940 5897 oratione
964 5837 1019 5901 8,
1074 5836 1129 5890 in
1172 5852 1275 5892 llis.
1313 5836 1664 5894 Colbertino:
1710 5836 1834 5889 Ἐὰν

1938 4852 2139 4918 κόπους
2179 4852 2271 4908 καὶ
2309 4852 2548 4917 ἐντολὰς,
2581 4853 2736 4914 ἐκτὸς
2760 4852 2860 4920 τῆς
2884 4852 3004 4906 ὁδοῦ
3020 4853 3206 4905 αὐτοῦ’
3239 4852 3439 4920 πάντες
3467 4858 3529 4909 oi'

1939 4926 2097 4997 κόποι
2119 4924 2282 4977 αὐτοῦ
2313 4924 2530 4994 μάταιοί
2554 4924 2708 4997 εἰσιν.
2740 4923 2854 4975 Hoc
2892 4933 2976 4977 est
3008 4939 3019 4973 :
3057 4921 3107 4974 Ν
3115 4939 3200 4997 ant
3224 4926 3411 4997 siquis
3433 4927 3514 4997 jeo

1930 4995 2084 5062 junet
2112 5011 2204 5064 per
2231 4993 2322 5064 sea:
2349 5004 2397 5047 et
2431 5008 2523 5047 sea:
2555 4994 2688 5058 dies,
2737 5006 2782 5045 et
2825 5009 2879 5046 se
2910 4997 3114 5061 magnis
3158 4993 3515 5049 Iabertbusvae

1938 5067 2216 5135 pra'ceptis
2254 5063 2828 5135 dedatkea'traiviam
2880 5078 3062 5135 suam;
3093 5080 3267 5135 omnes
3310 5065 3515 5120 labores

1939 5131 2054 5203 ejus
2079 5131 2256 5187 inanes
2288 5145 2429 5188 sunt.
2464 5133 2633 5187 Ziuus
2670 5134 2973 5198 interpres:
3010 5131 3162 5198 Quod
3195 5135 3375 5200 siqnis
3404 5138 3517 5189 sine

1941 5206 2244 5257 humilitate
2277 5206 2351 5258 vel
2387 5205 2599 5271 iejuniis
2634 5205 2922 5264 incumbat,
2961 5207 3033 5255 rel
3065 5220 3175 5257 sese
3197 5206 3516 5258 vehementer

1943 5276 2162 5344 affligat,
2198 5276 2274 5328 rel
2308 5275 2562 5327 mandata
2614 5285 2829 5328 conetur
2859 5274 3154 5339 observare,
3186 5274 3300 5342 ejus
3333 5277 3515 5327 inanes

1941 5361 2053 5397 esse
2084 5346 2313 5402 labores.
2338 5345 2499 5399 Vtiles
2529 5356 2792 5412 quantum
2822 5344 3059 5407 intersit,
3080 5344 3296 5397 Graeco:
3326 5352 3513 5397 auctu.

1943 5431 2033 5468 res
2058 5432 2153 5469 sua
2180 5417 2363 5485 lingua
2387 5416 2564 5469 editus
2588 5418 2803 5469 habere.
2834 5412 2937 5467 Sed
2958 5430 3058 5485 nec
3090 5413 3517 5485 felicitcrtruns-

1944 5486 2067 5539 tulit
2114 5481 2380 5555 Evagrius
2410 5487 2788 5539 Autiochenus
2829 5485 2930 5538 ista
2966 5482 3252 5536 Athanasii
3296 5483 3352 5537 in
3391 5481 3516 5537 Vita

3298 5556 3523 5608 Antonii.

2015 5624 2122 5694 (~26)
2169 5624 2269 5679 Vit.
2304 5625 2457 5679 Patr.
2494 5640 2587 5687 vn,
2619 5624 2670 5677 2.

2017 5698 2127 5758 (27)
2166 5696 2270 5748 Vit.
2306 5695 2460 5748 Patr.
2495 5711 2549 5755 ι.
2585 5696 2665 5746 t2.

2016 5768 2126 5835 ('28)
2168 5764 2273 5818 Vit.
2310 5765 2460 5835 l’atr.
2491 5779 2565 5825 Iv,
2592 5763 2655 5835 ἶ.

2015 5830 2123 5906 (21))
2170 5836 2267 5889 i'it
2317 5834 2462 5889 Patr.
2500 5850 2554 5901 x,
2584 5834 2683 5900 i3;
2716 5830 2869 5887 Joan.
2902 5831 3086 5888 Geom.
3133 5831 3330 5887 Parad.
3357 5832 3487 5888 Gth.
