4034 6340
471 359 570 420 H5

1634 359 1976 416 APPENDIX
2017 362 2108 416 AD
2147 365 2568 422 PALLADIUM.

3605 371 3701 430 Hii

468 471 722 543 spondit:
751 471 884 529 Post
922 473 1147 528 biduum
1188 473 1382 542 jejunii
1406 516 1420 538 ,
1457 472 1594 528 duos
1639 475 2038 532 subcinericios

2152 498 2226 548 γει
2257 483 2405 553 αὐτῷ
2449 487 2478 537 6
2507 485 2684 555 γέρων
2704 501 2716 512 ·
2751 485 2960 554 Κοπιᾷς
3005 484 3162 554 τόνῳ,
3201 484 3293 536 δύο
3321 484 3586 553 πολέμους
3615 486 3712 558 βα-

467 578 636 634 panes
667 565 958 618 manduco.
999 563 1064 616 Et
1110 563 1182 616 ait
1232 561 1306 615 illi
1347 576 1546 614 senex:
1582 560 1751 618 Valde
1801 565 2038 629 laboras,

468 655 578 709 duo
606 655 741 710 bella
783 671 994 726 gerens.
1033 653 1167 719 Quia
1204 653 1248 707 si
1281 653 1404 720 quis
1438 654 1670 724 singulis
1709 656 1904 712 diebus
1947 675 2043 713 co-

471 748 734 810 mederit,
769 763 867 800 nec
917 747 1076 798 fuerit
1106 745 1370 805 satiatus,
1405 743 1755 815 defatigalnr.
1791 747 1886 802 Est
1914 765 2040 803 vero

473 839 634 898 alius,
669 839 758 905 qui
795 848 937 905 cnpt
971 852 1062 904 per
1088 835 1248 888 bidua
1281 836 1551 905 jejunare,
1583 849 1746 908 atquc
1777 841 2036 894 saturari.

473 930 536 982 At
569 939 623 980 tu
651 929 924 1000 duplicato
956 943 1050 981 seu
1087 927 1350 982 biduatim
1377 928 1658 998 jejunans,
1692 946 2036 1002 nequaquam

471 1021 706 1074 satiaris.

539 1110 624 1162 21.
658 1107 842 1160 Frater
860 1106 1178 1161 sciscitatus
1207 1115 1290 1162 est
1317 1110 1568 1164 abbatem
1605 1112 1942 1179 Agathonem
1971 1112 2039 1166 de

469 1197 854 1264 fornicatione;
914 1203 1004 1267 qui
1065 1215 1382 1266 responsum
1447 1203 1633 1256 dedit:
1676 1203 1863 1269 Valle,
1914 1211 2040 1258 ante

467 1289 631 1342 Deum
665 1291 868 1359 projice
921 1291 1292 1345 inﬁrmitatem
1342 1301 1533 1359 tuam,
1569 1302 1622 1348 et
1677 1295 1904 1350 habebis
1953 1311 2040 1350 re-

467 1396 670 1450 qtnem.

536 1489 1083 1561 2‘2..1Egrotaverunt
1139 1493 1433 1563 aliquando
1467 1496 1636 1551 abbas
1687 1496 1935 1568 Agatho,
1985 1509 2039 1554 et

467 1582 607 1638 alius
666 1599 851 1638 senex.
908 1582 1372 1640 Recunibentibus
1403 1598 1580 1641 autem
1639 1589 1747 1642 illis
1783 1591 1835 1643 in
1877 1591 2034 1653 cella,

467 1673 637 1726 frater
683 1675 902 1743 quidam
955 1678 1138 1745 legens
1192 1679 1455 1732 recitabat
1494 1695 1522 1732 c
1563 1681 1699 1733 libro
1729 1680 2033 1748 Geneseos,

2144 571 2373 636 στάζων·
2403 574 2482 626 ὃτι
2517 573 2608 626 ἐὰν
2627 591 2711 637 τις
2737 573 2888 644 ἐσθίῃ
2916 575 3035 627 καθ’
3069 575 3280 646 ἡμέραν
3311 575 3402 628 καὶ
3424 575 3484 628 οὐ
3511 578 3711 648 χορτά-

2143 663 2332 732 (qui,
2369 667 2551 736 κοπιᾷ.
2587 665 2742 719 Ἔστι
2787 666 2842 718 δὲ
2881 666 3068 729 ἄλλος,
3100 665 3378 735 νηστεύειν
3412 665 3578 721 θέλων
3617 667 3715 723 δύο

2139 754 2232 806 δύο
2263 757 2355 808 καὶ
2389 757 2743 828 χορτάζεσθαι
2765 774 2778 786 ·
2807 759 2870 814 σὺ
2899 757 2955 813 δὲ
2981 757 3173 820 διπλᾶς
3198 756 3471 828 νηστεύων
3499 759 3560 812 οὐ
3585 776 3716 832 χορ-

2142 843 2300 918 τάξῃ.

2211 1113 2315 1158 κα¹.
2352 1107 2601 1176 Ἀδελιρὸς
2634 1106 2886 1178 ἠρώτησε
2911 1106 3002 1159 τὸν
3051 1107 3222 1159 ἀῦεᾶν
3267 1107 3547 1178 Ἀγάθωνα
3587 1113 3716 1182 περὶ

2139 1198 2235 1267 τῆς
2276 1197 2547 1268 πορνείας.
2585 1198 2694 1250 Καὶ
2740 1197 2884 1264 λέγει
2925 1197 3092 1265 αὐτῷ’
3140 1199 3352 1265 ’Ύπαγε
3377 1240 3390 1260 ,
3428 1199 3583 1268 ῥίψον
3633 1201 3720 1252 ὲν-

2138 1288 2308 1342 ὡπιον
2334 1288 2426 1340 τοῦ
2448 1287 2582 1340 Θεοῦ
2611 1290 2708 1358 τὴν
2737 1288 3034 1358 ἀδυναμίαν
3055 1287 3099 1319 ⁸⁷
3131 1305 3245 1356 σου,
3281 1290 3376 1342 καὶ
3411 1289 3552 1355 ἕξεις
3584 1289 3720 1345 ἀνά-

2143 1395 2252 1432 παν
2261 1395 2363 1432 σιν.

2212 1491 2318 1562 κβκ
2350 1491 2642 1559 Ὴσθένησέ
2669 1507 2792 1544 ποτε
2818 1493 2846 1544 6
2869 1491 3039 1555 ἀῦϐἅς
3069 1491 3311 1559 Ἀγάθων
3338 1493 3430 1546 καὶ
3453 1491 3612 1557 ἄλλος
3631 1509 3722 1558 τις

2137 1584 2246 1637 τῶν
2273 1583 2978 1653 γερόντωνοἋνακειμένων
3006 1583 3062 1636 δὲ
3101 1583 3279 1635 αὐτῶν
3311 1587 3368 1637 ὲν
3391 1583 3468 1655 τῷ
3497 1583 3718 1655 κελλίῳ,

2139 1676 2495 1742 ἀνεγίνωσκεν
2523 1675 2552 1725 6
2580 1672 2896 1740 ἀδελφὸςείς
2918 1674 3013 1745 τὴν
3041 1673 3276 1739 Γένεσιν,
3297 1676 3389 1728 καὶ
3404 1675 3622 1747 ἔρχεται
3639 1678 3723 1740 εἰς·

467 1763 722 1832 venitque
761 1764 826 1818 ad
865 1766 1159 1835 capitulum
1197 1769 1284 1821 ubi
1315 1769 1446 1822 dicit
1478 1767 1677 1822 Jacob:
1709 1768 1902 1836 Joseplt
1935 1787 2036 1824 non

2152 1768 2200 1820 τὸ
2234 1767 2522 1836 κεφάλαιον
2571 1767 2705 1820 ὅπου
2743 1765 2886 1834 λέγει
2945 1769 2972 1819 6
3033 1766 3263 1820 Ἰακώϐ·
3324 1767 3548 1836 Ἰωσὴφ
3605 1771 3721 1824 οὐκ

466 1861 564 1914 σει,
592 1852 814 1924 Symcon
841 1871 942 1907 non
972 1866 1068 1918 est,
1099 1869 1149 1912 et
1173 1857 1450 1926 Benjamin
1477 1858 1765 1927 auferetis;
1793 1868 1842 1912 et
1873 1859 2037 1914 dedu-

467 1945 594 2000 cetis
643 1955 897 1998 senectam
933 1961 1099 1998 meam
1143 1963 1257 2000 cum
1310 1949 1528 2002 tristitia
1561 1947 1630 2001 ad
1669 1950 1928 2010 infernum
1961 1951 2031 2004 ".

469 2035 536 2092 Et
558 2051 722 2090 senex
752 2037 915 2104 cmpit
950 2036 1172 2092 dicere:
1203 2037 1319 2092 Non
1352 2039 1449 2094 tibi
1484 2039 1760 2094 sntliciunt
1803 2041 1891 2095 alii
1940 2042 2038 2096 de-

470 2141 624 2189 cem,
660 2123 820 2180 Pater
856 2126 1057 2182 Jacob?
1093 2129 1174 2183 Ad
1209 2147 1367 2200 quem
1403 2129 1645 2200 Agatho:
1688 2130 1922 2194 Desine,
1955 2133 2038 2188 in-

469 2226 607 2289 qut,
631 2235 666 2273 ο
692 2235 876 2275 senex.
905 2218 960 2275 St
986 2219 1126 2276 Deus
1152 2222 1490 2290 comprobat,
1520 2224 1644 2295 quis
1679 2222 1877 2277 audeat
1900 2239 2036 2278 con-

469 2309 664 2366 demna
674 2326 729 2365 re
759 2311 805 2344 “
826 2312 849 2365 ’ἒ

538 2418 628 2474 25.
664 2419 805 2474 Dixit
825 2423 994 2478 abbas
1023 2423 1274 2492 Agatho:
1310 2423 1364 2478 Si
1394 2425 1518 2494 quis
1551 2429 1678 2482 mihi
1711 2447 1880 2501 supra
1916 2449 2035 2489 mo-

470 2510 598 2565 dum
645 2512 844 2566 charus
877 2525 1042 2577 esset,
1082 2523 1136 2569 et
1161 2531 1558 2585 cognoscerem
1615 2524 1758 2589 quod
1824 2539 1908 2578 me
1963 2527 2032 2580 ad

469 2609 754 2672 peccatum
789 2603 1102 2665 deduceret,
1133 2606 1507 2660 abscinderem
1541 2609 1692 2663 illum
1723 2626 1754 2665 a
1785 2628 1890 2668 me.

539 2711 630 2770 24.
658 2713 826 2766 Ειὶτιιιι
855 2711 1026 2767 dixit:
1061 2712 1286 2782 Oportet
1311 2724 1369 2773 ut
1406 2717 1572 2772 homo
1620 2723 1864 2790 qualibet
1903 2723 2038 2780 bora

473 2803 713 2860 attendant
746 2804 1098 2870 adjudicium
1134 2805 1247 2860 Dei.

540 2912 794 2968 25.00111
833 2913 1027 2968 fratres
1057 2913 1124 2966 de
1151 2913 1418 2970 charitate
1467 2918 1860 2988 loquerentur,
1906 2925 2042 2981 dixit

474 3003 642 3060 abbas
672 3003 913 3074 Ioseph:
949 3004 1169 3059 Scimus
1211 3021 1311 3060 nos
1345 3009 1475 3075 quid
1535 3012 1606 3065 sit
1658 3014 1937 3070 charitas?
1973 3017 2040 3071 Et

474 3096 660 3150 retulit
693 3095 758 3150 de
779 3097 975 3151 abbate
1000 3097 1302 3166 Agathone,
1342 3099 1487 3168 quod
1519 3101 1764 3159 habuerit
1797 3109 2038 3176 scalpel-

476 3187 610 3252 lum,
641 3201 872 3257 cumque
905 3187 1214 3242 advenisset
1251 3189 1438 3254 frater,
1475 3207 1538 3247 ac
1575 3194 1709 3248 illud
1743 3197 2042 3265 praedicas-

476 3286 580 3342 set,
611 3295 718 3333 non
752 3279 1058 3348 permiserit
1088 3295 1210 3336 eum
1241 3282 1410 3347 abire,
1445 3285 1547 3341 nisi
1573 3297 1862 3358 postquam
1896 3293 2041 3346 scal-

475 3371 676 3442 pellum
703 3372 928 3442 accepit.

543 3461 635 3520 eti.
663 3464 776 3536 (30)
803 3465 943 3518 Dixit
961 3465 1129 3523 abbas
1152 3469 1362 3538 Agatho
1395 3485 1408 3519 :
1448 3466 1505 3522 Si
1536 3468 1646 3524 ﬂeri
1671 3479 1855 3541 posset
1887 3474 2047 3528 utin-

478 3562 641 3607 vento
676 3555 912 3622 leproso,
945 3554 1131 3610 darem
1169 3559 1244 3612 illi
1281 3573 1481 3628 corpus
1512 3573 1690 3614 meum
1713 3600 1726 3622 ,
1763 3563 2052 3633 ipsiusque

481 3642 806 3710 acciperem,
835 3645 1068 3700 facerem
1101 3647 1352 3704 libenter.
1389 3647 1465 3704 Ea
1489 3649 1634 3703 enim
1679 3659 1762 3706 est
1798 3653 2043 3723 perlecta

481 3735 739 3790 charitas.

552 3825 642 3881 27.
668 3827 778 3898 (51)
808 3827 1000 3881 Adhuc
1022 3829 1088 3884 de
1111 3829 1204 3883 illo
1233 3831 1467 3897 aiebant,
1507 3835 1650 3904 quod
1675 3835 1902 3891 veniens
1951 3837 2048 3892 ali~

485 3917 706 3984 quando
723 3917 790 3971 ad
819 3918 1092 3972 civitatem
1121 3929 1177 3972 nt
1207 3923 1464 3976 venderet
1483 3939 1608 3978 vasa
1631 3941 1751 3986 sua,
1779 3927 2048 3980 invenerit

492 4007 756 4062 hominem
778 4010 1122 4079 pcregrinmn
1139 4011 1406 4078 jacentem
1425 4014 1476 4067 in
1503 4015 1676 4083 platea
1695 4031 1920 4085 aegrum,
1946 4032 2047 4070 nec

487 4094 770 4151 habentem
801 4097 894 4166 qui
921 4097 1039 4166 ejus
1069 4114 1254 4153 curam
1288 4111 1538 4168 gereret;
1576 4104 2049 4172 permanseritque

485 4203 608 4242 cum
635 4205 699 4244 eo
719 4205 904 4254 senex,
931 4191 1197 4245 conducta
1224 4194 1382 4255 cella,
1419 4206 1482 4246 ac
1508 4209 1573 4246 ex
1603 4193 1785 4262 operis
1805 4195 1887 4248 sui
1916 4209 2054 4248 mer-

486 4280 617 4335 cede
648 4281 876 4349 pretinm
905 4282 1054 4336 cella:
1088 4282 1334 4343 solverit,
1372 4283 1636 4351 reliquam
1663 4287 1948 4350 pecuniam
1981 4285 2050 4338 ad

488 4372 686 4427 intlrmi
738 4373 1117 4426 necessitatem
1159 4372 1464 4432 insumens,
1513 4379 1580 4423 .et
1629 4373 1896 4425 manserit
1937 4381 2050 4427 tres

2141 1860 2272 1913 ἐστι
2297 1899 2311 1922 ,
2345 1862 2388 1913 Σ
2395 1858 2586 1927 υμεὼν
2619 1859 2728 1910 οὐκ
2757 1859 2888 1910 ἐστι
2907 1897 2920 1919 ,
2957 1857 3057 1911 καὶ
3080 1858 3186 1912 τὸν
3215 1859 3496 1929 Βενιαμὶν
3523 1861 3723 1929 λήψει.

2143 1956 2252 2005 σθε
2277 1966 2289 1978 °
2325 1952 2421 2004 καὶ
2461 1948 2737 2012 καθέξετέ
2779 1949 2827 1980 ⁵⁸
2851 1967 2970 2018 μου
3014 1950 3078 2002 τὸ
3128 1947 3312 2018 γῆρας
3336 1949 3487 2018 μετὰ
3515 1953 3722 2019 ,λύπης

2142 2045 2228 2108 εις
2255 2042 2404 2110 ᾅδου
2441 2043 2576 2112 (52).
2612 2040 2721 2092 Καὶ
2751 2040 3068 2110 ἀποκριθεὶς
3099 2043 3128 2094 6
3169 2041 3345 2112 γέρων
3382 2036 3535 2095 εἶπεν
3558 2059 3572 2075 ·
3605 2043 3722 2096 Οὐκ

2144 2133 2371 2203 ἀρκοῦσι
2406 2149 2486 2184 σοι
2534 2133 2584 2184 oi
2625 2131 2772 2185 ἄλλοι
2803 2131 2934 2184 δέκα
2958 2171 2972 2193 ,
3006 2130 3151 2184 ἀὸϐἄ
3197 2128 3428 2194 Ἰακὼ6;
3477 2130 3642 2199 Λέγει
3691 2131 3728 2184 6

2143 2225 2314 2287 666i;
2345 2223 2584 2291 Ἀγάθων
2604 2241 2616 2252 ·
2640 2223 2871 2289 Παῦσαι,
2897 2223 3094 2294 γέρων.
3126 2223 3189 2273 Εἰ
3218 2223 3246 2274 6
3271 2222 3402 2286 Θεὸς
3423 2225 3451 2275 6
3470 2221 3718 2288 δικαιῶν,

2143 2317 2227 2380 τίς
2259 2317 2286 2368 6
2319 2315 2659 2386 κατακρίνων
2681 2333 2696 2382 ;

2215 2435 2319 2497 κγ’.
2354 2424 2518 2482 Εἶπεν
2550 2431 2578 2483 6
2610 2427 2784 2491 ἀϐἣᾶς
2817 2423 3095 2494 Ἀγάθων·
3150 2425 3457 2496 Ἀγαπητὸς
3502 2425 3603 2496 μού
3635 2441 3723 2488 τις

2145 2517 2296 2592 ὲὰνῇ
2329 2521 2448 2574 καθ’
2478 2519 2802 2590 ὑπερϐολὴν,
2850 2518 2946 2571 καὶ
2989 2516 3108 2585 γνῶ
3130 2517 3211 2570 ὅτι
3245 2517 3475 2585 κατάγει
3522 2532 3589 2586 με
3639 2516 3723 2578 εις

2147 2611 2447 2681 ἐλάττωμα.
2475 2611 2770 2664 ἀποκόπτω
2801 2608 2962 2663 αὐτὸν
2992 2609 3084 2660 ἀπ’
3114 2605 3272 2676 ἐμοῦ.

2215 2725 2314 2777 κδ’.
2347 2719 2482 2776 Eine
2526 2723 2713 2776 πάλιν·
2749 2724 2868 2795 Χρὴ
2900 2723 2992 2776 τὸν
3034 2723 3320 2792 ἄνθρωπον
3365 2714 3503 2773 εἶναι
3540 2717 3724 2771 πᾶσαν

2127 2807 2296 2884 ’ὤραν
2326 2813 2660 2884 προσέχοντα
2689 2814 2766 2884 τῷ
2793 2813 3062 2884 κριτηρίῳ
3090 2812 3188 2864 τοῦ
3207 2809 3364 2864 Θεοῦ.

2218 2933 2315 2980 κε’.
2346 2926 2572 2994 Ἔλεγεν
2602 2927 2630 2979 6
2663 2926 2837 2990 ἁϐὅᾶς
2882 2924 3098 2995 Ἰωσὴφ,
3133 2922 3378 2992 ἀδελφῶν
3415 2918 3732 2976 λαλούντων

2149 3019 2275 3090 περὶ
2313 3019 2554 3088 ἀγάπης,
2600 3018 2682 3071 ὅτι
2715 3019 2903 3088 Ἡμεῖς
2953 3017 3174 3086 οἴδαμεν
3207 3016 3261 3069 τί
3292 3017 3440 3068 ἐστιν
3492 3014 3679 3083 ἀγάπη
3707 3029 3728 3076 ;

2150 3109 2260 3163 Καὶ
2289 3105 2408 3162 εἶπε
2443 3109 2689 3178 περὶτοῦ
2721 3109 2866 3162 ἀϐὁᾶ.
2915 3107 3220 3176 Ἀγάθωνος
3245 3147 3260 3172 ,
3308 3107 3390 3160 ὅτι
3426 3104 3638 3179 σμιλίον
3672 3104 3726 3137 ³⁸

2144 3191 2280 3266 εἶχε,
2309 3196 2404 3248 καὶ
2428 3191 2559 3266 ἦλθε
2583 3196 2718 3266 πρὸς
2749 3195 2908 3248 αὑτὸν
2939 3194 3182 3262 ἀδελφὸς,
3209 3194 3302 3248 καὶ
3331 3193 3594 3264 ἐπῄνεσεν
3624 3191 3728 3246 αὐ·-

2142 3286 2224 3349 16,
2257 3288 2350 3340 καὶ
2379 3288 2480 3340 οὐκ
2512 3287 2724 3357 ἀφῆκεν
2753 3287 2915 3340 αὑτὸν
2957 3284 3226 3351 ἐξελθεῖν,
3271 3287 3321 3338 εἰ
3357 3285 3432 3356 μὴ
3471 3283 3630 3337 ἔλαϐε
3661 3282 3724 3335 τὸ

2148 3378 2378 3448 σμιλίον.

2216 3474 2326 3531 κς’.
2365 3467 2588 3534 Ἔλεγεν
2619 3468 2648 3518 6
2679 3465 2851 3528 ἀϐϐἱς
2884 3465 3146 3535 Ἀγάθων,
3178 3467 3258 3519 ὅτι
3296 3465 3360 3518 Εἰ
3408 3462 3631 3518 δυνατὸν
3651 3457 3724 3534 ἦν

2151 3571 2238 3625 μοι
2272 3555 2446 3626 εὑρεῖν
2491 3555 2716 3624 κελεφὺν
2760 3556 2894 3625 (35),
2941 3557 3034 3609 καὶ
3083 3555 3265 3609 δοῦναι
3295 3553 3440 3624 αὐτῷ
3478 3553 3539 3606 τὸ
3587 3553 3728 3623 ἐμὸν

2150 3646 2329 3716 σῶμα,
2362 3649 2453 3700 καὶ
2473 3647 2658 3700 λαϐεῖν
2682 3648 2740 3700 τὸ
2781 3645 2967 3713 αὑτοῦ,
2995 3647 3162 3717 ἡδέως
3211 3641 3376 3717 εἶχον.
3413 3643 3560 3716 Αὕτη
3607 3643 3728 3715 γάρ

2149 3737 2298 3788 ἐστιν
2329 3737 2361 3806 ἡ
2391 3736 2569 3790 τελεία
2597 3737 2806 3808 ἀγάπη.

2219 3830 2321 3896 κζ’.
2355 3831 2576 3897 Ἔλεγον
2605 3829 2762 3880 πάλιν
2794 3827 2920 3898 περῖ⁹
2945 3825 3130 3888 αὐτοῦ,
3160 3826 3239 3878 ὅτι
3263 3822 3430 3877 ὲλθὼν
3452 3837 3578 3874 ποτε
3607 3837 3725 3873 πω-

2149 3924 2309 3993 λῆσαι
2335 3924 2502 3990 σκεύη
2531 3923 2586 3973 ὲν
2615 3923 2677 3989 τῇ
2699 3919 2868 3980 πόλει,
2894 3913 3050 3990 εὗρεν
3078 3915 3360 3987 ἄνθρωπον
3391 3911 3538 3978 ξένον
3567 3912 3626 3963 ὲν
3651 3911 3724 3982 τῇ

2151 4015 2382 4086 πλατείᾳ.
2409 4011 2737 4085 ἐρριμμένον
2758 4010 3058 4083 ἄρρωστον,
3086 4008 3160 4079 μὴ
3185 4007 3374 4077 ἔχοντα
3407 4005 3499 4058 τὸν
3529 4004 3730 4073 turpe-

2151 4105 2407 4174 λούμενον
2427 4118 2440 4131 ⁸
2479 4103 2573 4154 καὶ
2603 4100 2783 4171 ἔμεινε
2805 4103 2900 4154 σὺν
2924 4099 3071 4168 αὐτῷ
3099 4101 3127 4150 6
3147 4097 3324 4168 γέρων
3369 4093 3551 4148 λαϐὼν
3583 4093 3729 4145 ἔνοι-

2152 4197 2270 4250 κίον
2297 4193 2524 4254 κελλίον,
2558 4195 2650 4246 καὶ
2669 4194 2731 4244 ἐκ
2761 4191 2854 4244 τοῦ
2883 4191 3194 4262 ἐργοχεὶρου
3233 4189 3454 4258 παρεῖχε
3501 4185 3558 4238 τὸ
3589 4183 3732 4236 ἐνοί-

2153 4306 2288 4352 κιον,
2318 4287 2410 4340 καὶ
2436 4287 2504 4338 τὰ
2527 4285 2688 4338 λοιπά
2718 4285 2798 4348 είς
2822 4284 2919 4354 τὴν
2951 4283 3044 4336 τοῦ
3073 4279 3353 4354 ἀρρώστου
3398 4279 3589 4350 χρείαν
3635 4279 3732 4330 ἀν-

2155 4381 2344 4449 ήλισκε
2366 4390 2380 4408 ⁸
2412 4376 2506 4429 καὶ
2539 4376 2721 4446 ἔμεινε
2743 4375 3104 4446 τετράμηνον,
3133 4373 3237 4434 ’ἐως
3264 4365 3323 4426 οῦ
3349 4370 3470 4440 ἰάθη
3493 4371 3521 4424 6
3543 4367 3731 4441 ἄρρω-

489 4476 727 4520 menses,
745 4475 1032 4529 quousque
1058 4468 1294 4529 mgrotus
1319 4473 1689 4527 recuperasset
1721 4463 2007 4517 sanitatem
2036 4481 2044 4515 :

2158 4488 2299 4533 στος.
2353 4468 2462 4522 Καὶ
2499 4467 2672 4530 οὕτως
2707 4468 2735 4518 6
2771 4466 2950 4536 γέρων
2999 4463 3238 4534 ἀπῆλθεν
3286 4464 3367 4526 εἰς
3409 4459 3471 4514 τὸ
3519 4458 3735 4515 κελλίον

491 4560 654 4620 atque
697 4552 770 4604 ita
825 4550 889 4604 ad
947 4551 1139 4605 cellam
1195 4566 1348 4605 suam
1406 4567 1688 4621 regressus
1729 4553 1890 4608 fuerit
1925 4570 2052 4608 cum

489 4657 640 4717 pace.

561 4733 649 4788 28.
683 4731 886 4788 Retulit
945 4733 1114 4788 abbas
1164 4732 1396 4788 Daniel:
1451 4735 1752 4803 Antequam
1813 4737 2054 4791 venisset

495 4826 662 4881 abbas
691 4819 950 4880 Arscnius
979 4825 1044 4878 ad
1076 4822 1264 4879 Patres
1297 4839 1464 4885 mens.
1493 4825 1592 4893 ipsi
1617 4839 1834 4894 quaque
1869 4841 2056 4880 mane.

495 4921 624 4971 bant
657 4931 780 4970 cum
808 4917 1001 4970 abbate
1040 4917 1338 4986 Agathone.
1382 4915 1645 4985 Diligebat
1679 4925 1856 4970 autem
1885 4918 2054 4972 abbas

501 5007 702 5081 Agatho
729 5007 976 5062 abbatem
1002 5007 1389 5074 Alexandrum,
1421 5009 1548 5076 quia
1588 5016 1704 5060 erat
1738 5019 2054 5064 mansuetus

2159 4559 2322 4616 αὑτοῦ
2353 4561 2466 4628 μετ’
2507 4559 2750 4629 εἰρήνης.

2231 4741 2335 4805 κη’.
2373 4734 2595 4802 Ἔλεγεν
2620 4736 2647 4786 ὁ
2667 4732 2836 4796 ἀδεεῖς
2864 4731 3082 4802 Δανιὴλ,
3101 4732 3182 4785 ὅτι
3205 4731 3340 4802 Hp‘tv
3358 4729 3486 4802 ἔλθῃ
3507 4732 3535 4782 6
3558 4727 3735 4792 ἀόῦᾶς

2172 4828 2440 4899 Ἀρσένιος
2464 4827 2598 4897 πρὲς
2627 4829 2750 4888 τοὺς
2791 4827 3038 4898 Πατέρας
3065 4843 3187 4896 μου,
3213 4827 3306 4879 καὶ
3338 4826 3490 4878 αὐτοὶ⁵
3513 4824 3742 4894 ἔμειναν

2163 4918 2301 4987 μετά
2321 4917 2412 4969 τοῦ
2437 4918 2580 4970 ἁεόᾶ
2618 4917 2938 4984 Ἀγάθωνος.
2988 4917 3204 4984 Ἡγάπα
3235 4917 3292 4970 δὲ
3317 4918 3345 4969 6
3371 4915 3545 4975 ἀὸϐἄς
3565 4915 3735 4980 Ἀγά-

2161 5009 2267 5062 θων
2299 5009 2388 5062 τὸν
2442 5009 2614 5063 ἀ66ᾶν
2671 5007 3038 5079 Ἀλέξανδρον,
3090 5011 3171 5062 ὅτι
3228 5008 3471 5078 ἀσκητὴς
3519 5003 3586 5078 ἦν
3639 5005 3737 5060 καὶ

563 5176 610 5209 ⁸³
641 5171 777 5229 Gem
804 5187 936 5241 ml,
965 5171 1055 5238 '56,
1084 5173 1172 5230 58.
1247 5173 1295 5207 "
1326 5172 1486 5228 Rom.
1509 5189 1624 5236 vui,
1649 5173 1736 5238 55,
1763 5175 1834 5230 34
1903 5176 1952 5208 ⁸⁷
1984 5176 2044 5229 Al

2152 5174 2345 5248 ἳναμιν.
2423 5179 2469 5211 ⁵⁸
2499 5178 2582 5233 AI.
2609 5178 2890 5245 κατάξετέ.
2965 5179 3010 5210 ⁸⁸
3045 5177 3127 5230 Al.
3169 5177 3468 5248 σμιλάριον.

496 5334 716 5392 Αηιριιιί
745 5333 964 5403 (1.6562
998 5329 1106 5387 Ἦν
1127 5331 1168 5385 δ’
1214 5313 1299 5403 ετ.
1328 5333 1423 5403 και
1451 5331 1538 5387 διὰ
1563 5332 1972 5403 δύω-πολλάκις
2008 5333 2065 5386 δὲ

497 5408 590 5458 καὶ
622 5405 711 5458 διὰ
751 5401 1028 5474 τεσσάρων
1081 5402 1474 5472 μετελάμϐανε,
1528 5403 1640 5462 sic,
1673 5401 2066 5474 Nonnunquam

497 5474 655 5531 biduo
680 5472 964 5545 triduoque
1004 5474 1081 5528 sic
1115 5488 1448 5542 permanet",
1491 5483 1681 5542 quarta
1723 5472 1928 5526 demum
1982 5472 2066 5526 die

504 5543 906 5680 “again
938 5611 1174 5666 Viridar.
1205 5629 1290 5676 ιιι,
1332 5612 1386 5673 6,
1417 5612 1506 5664 ‘20.

574 5679 685 5745 (51)
721 5683 830 5733 νει.
863 5683 1012 5735 Patr.
1049 5697 1132 5743 III.
1164 5683 1295 5749 156;
1321 5681 1456 5736 Bad.
1488 5679 1560 5734 ib.

575 5749 1008 5819 Καθὲξετέ
1054 5769 1171 5819 μου
1208 5755 1269 5803 τὸ
1325 5749 1510 5819 γῆρας
1542 5750 1690 5818 μετά
1721 5753 1919 5818 λύπης
1975 5752 2060 5818 εἶς

2173 5331 2338 5397 ᾅδου.
2371 5330 2528 5384 Certa
2567 5331 2872 5384 emendatio
2909 5330 3189 5396 κατάξετε.
3215 5329 3292 5382 Ad
3333 5345 3491 5398 quem
3526 5335 3744 5382 textum

2173 5401 2308 5454 Gen.
2335 5416 2466 5462 XLII,
2497 5401 2584 5457 '58.
2621 5402 2930 5470 conspectis
2962 5401 3114 5470 libris
3147 5401 3312 5467 regiis
3341 5414 3504 5470 manu
3539 5412 3736 5452 exara-

2172 5472 2262 5531 tis,
2298 5471 2474 5523 inveni
2515 5471 2567 5522 in
2601 5470 2728 5530 ‘2l9,
2764 5469 2888 5528 8l0.
2918 5469 3078 5529 2116,
3114 5470 3324 5537 ἦξεται.
3351 5469 3405 5521 In
3431 5469 3524 5522 illo
3552 5477 3738 5521 autem

2173 5543 2262 5606 qui
2295 5543 2538 5606 signatur
2571 5556 2795 5594 numero
2847 5540 3003 5595 1416.
3044 5539 3366 5608 κατάξηται,
3395 5553 3521 5592 cum
3557 5537 3740 5592 littera

2172 5627 2194 5660 ε
2226 5627 2388 5671 supra
2424 5611 2653 5664 litteram
2685 5629 2738 5680 η.
2769 5611 2911 5680 quod
2939 5616 3023 5663 est
3051 5609 3362 5680 κατάξεται.

2241 5629 2388 5671 supra
2425 5629 2653 5664 “ueram
2729 5651 2738 5662 .
2769 5629 2911 5680 quon
2939 5629 3023 5663 εει
3051 5629 3362 5673 καταςεται.

2241 5680 2352 5741 (35)
2384 5629 2806 5748 Κελερόν.ἲίοε
2834 5681 2900 5734 de
2920 5677 3138 5732 nomine
3168 5677 3419 5733 Petavius
3449 5683 3502 5731 et
3523 5674 3746 5731 Salma-

2169 5748 2284 5804 sius
2314 5751 2671 5822 scripserunt.
