4034 6340
252 405 352 465 H‘!

1384 416 1995 477 APOPHTHEGMATA
2026 419 2332 476 PATRUM.

3393 428 3505 482 εῖτ

256 519 522 592 ιπωικής.
565 520 771 593 Συνέϐη
800 522 854 575 δὲ
886 522 1041 588 ὅλους
1072 526 1198 590 τοὺς
1240 528 1487 600 μαθητὰς
1505 534 1669 586 αὐτοῦ
1701 535 1834 588 πλύ-

1939 549 2001 587 ac
2025 534 2078 587 in
2094 535 2486 590 exercitatione
2506 536 2807 590 monastica
2829 536 3081 607 diligens.
3100 538 3314 592 Accidit
3340 553 3499 608 porro

252 614 362 666 νιιν
389 611 462 664 τὰ
492 612 634 684 ορύα
674 614 755 678 εἰς
782 615 873 668 τὸν
897 618 1164 688 ποταμόν·
1194 621 1288 672 καὶ
1314 622 1342 673 6
1371 621 1544 687 άϐϐἄς
1590 624 1831 691 Ἀλέξαν-

253 704 375 773 δρος
400 704 669 767 ἐπιεικῶς
691 705 938 760 ἐπλυνεν.
967 710 1029 761 Οἱ
1059 709 1114 763 δὲ
1145 710 1319 766 λοιποὶ
1338 713 1555 783 ἀδελφοὶ
1575 713 1726 770 εἶπον
1753 717 1832 788 τῷ

255 794 501 863 γέροντι·
559 795 621 847 '0
661 795 885 867 ἀδελφὸς
932 798 1277 873 Ἀλέξανδρος
1307 804 1667 860 οὖδὲν⁹ποιεί2
1721 808 1832 861 Kal

256 881 420 938 θέλων
436 883 639 946 αὐτοὺς
668 884 1018 954 θεραπεῦσαι,
1050 885 1202 941 εἶπεν
1223 891 1397 961 αὐτῷ·
1435 892 1653 961 Ἀδελφὲ
1682 894 1831 948 Ἀλέ-

259 973 485 1045 ξανδρε,
524 974 709 1038 καλῶς
752 976 946 1031 πλῦνον
998 979 1135 1033 αὐτὰ
1187 980 1267 1033 ὅτι
1296 981 1512 1054 λινάριά
1555 986 1683 1038 εἱσι.
1723 986 1832 1039 Kal

257 1065 327 1126 ὡς
353 1065 592 1135 ἤκουσεν
613 1066 876 1136 ἐλυπήθη.
918 1070 1025 1122 Kal
1061 1072 1198 1139 μετὰ
1238 1073 1410 1127 ταῦτα
1455 1076 1831 1145 παρεκάλεσεν

153 1215 157 1219 _
257 1155 411 1212 αὑτὸν
444 1159 475 1210 6
506 1158 708 1228 γέρων,
739 1158 909 1225 λέγων
937 1176 949 1188 ·
978 1161 1069 1233 Μὴ
1100 1164 1208 1234 γὰρ
1236 1166 1334 1217 οὐκ
1369 1166 1515 1237 ῇῖειν
1547 1167 1630 1220 ὅτι
1652 1167 1831 1231 καλῶς

259 1249 460 1310 ποιείςς
506 1248 646 1301 ἀλλὰ
682 1249 840 1303 τοῦτο
881 1247 1033 1305 εἶπόν
1065 1270 1145 1306 σοι
1185 1255 1275 1306 ἐπὶ
1312 1258 1522 1321 αὐτῶν,
1561 1259 1647 1311 ἵνα
1677 1259 1834 1329 θερα-

257 1336 442 1390 πεύσω
461 1339 643 1392 αὐτῶν
668 1342 757 1392 τὸν
787 1341 1042 1412 λογισμὸν
1079 1345 1135 1396 ἐν
1165 1347 1229 1414 τῇ
1262 1349 1324 1415 σῇ
1358 1347 1593 1418 ὑπακοῇ,
1612 1350 1828 1419 ἀδελφέ.

323 1430 425 1484 κδ’.
466 1433 809 1503 Διηγήσαντο
864 1436 991 1506 περὶ
1044 1436 1140 1489 τοῦ
1191 1438 1336 1492 assa
1392 1440 1712 1508 Ἀγάθωνος,
1748 1446 1830 1498 ὅτι

259 1519 558 1585 ἐσπούδαζε
593 1528 764 1575 ποιεῖν
790 1526 964 1577 πᾶσαν
989 1527 1231 1598 ἐντολήν.
1260 1530 1366 1582 Kal
1394 1533 1442 1582 εί
1467 1532 1731 1586 διέϐαινεν
1753 1538 1832 1599 εἰς

260 1607 558 1678 πορθμεῖον
582 1650 597 1673 ,
635 1612 797 1675 αὐτὸς
831 1613 1044 1683 πρῶτος
1076 1617 1298 1686 ἐκράτει
1344 1620 1442 1689 τὴν
1466 1620 1657 1691 κώπην
1681 1640 1694 1653 ·
1736 1627 1831 1680 καὶ

257 1694 342 1747 ὅτε
379 1697 694 1767 παρέϐαλον
722 1700 870 1771 αὐτῷ
898 1702 1132 1772 ἀδελφοὶ,
1164 1706 1364 1770 εὐθέως
1396 1711 1503 1763 ἀπὸ
1531 1712 1628 1782 τῆς
1665 1714 1831 1785 εὐχῆς

255 1787 289 1855 ἡ
313 1788 434 1857 χεὶρ
452 1788 620 1842 αὐτοῦ
639 1791 737 1860 τὴν
750 1793 1025 1861 τράπεζαν
1047 1796 1211 1849 ἐτίθει
1233 1812 1245 1824 ·
1264 1793 1331 1869 ἦν
1354 1799 1459 1871 γάρ
1480 1804 1674 1871 μεστὸς
1695 1806 1832 1873 ἀγά-

258 1894 365 1947 πης
388 1878 549 1932 Θεοῦ.
581 1881 883 1947 Μέλλοντος
905 1884 962 1937 δὲ
991 1887 1154 1941 αὐτοῦ
1171 1891 1445 1961 τελευτᾷν,
1478 1893 1660 1964 ἔμεινε
1684 1900 1831 1969 τρεῖς
1862 1872 1903 1926 Β

257 1968 468 2039 ἡμέρας
502 1972 877 2041 ἀνεῳγμένους
899 1975 1036 2046 ἔχων
1061 1980 1185 2043 τοὺς
1210 1981 1519 2052 ὀφθαλμοὺς
1551 1986 1625 2055 μὴ
1655 1968 1834 2043 κινου-

261 2061 475 2130 μένους.
509 2063 742 2130 Ἔνυξαν
770 2066 825 2118 δὲ
854 2069 1017 2121 αὑτὸν
1038 2070 1087 2121 οἱ
1115 2071 1334 2139 ἀδελφοὶ
1358 2074 1607 2143 λέγοντες
1633 2097 1646 2109 ·
1665 2080 1836 2135 Ἀσϐᾶ

271 2151 538 2220 Ἀγάθων,
567 2152 670 2206 m6
690 2152 769 2220 ei;
792 2158 952 2225 Λέγει
982 2160 1195 2223 αὐτοῖς·
1241 2162 1498 2218 Ἐνώπιον
1528 2168 1623 2221 τοῦ
1648 2187 1835 2242 κριτη-

261 2242 374 2312 ρίου
398 2243 497 2296 τοῦ
528 2244 663 2297 Θεοῦ
689 2246 937 2316 ἵσταμαι.
963 2250 1226 2315 Λέγουσιν
1245 2254 1395 2324 αὐτῷ
1419 2269 1432 2282 ·
1454 2258 1562 2311 Kal
1586 2261 1647 2315 σὺ
1672 2261 1831 2333 φοϐῇ,

260 2334 473 2405 Πάτερ;
510 2336 674 2403 Λέγει
701 2336 911 2401 αὐτοῖς·
941 2339 1089 2404 Τέως
1114 2342 1344 2412 ἐποίησα
1364 2345 1459 2416 τὴν
1480 2346 1708 2419 δύναμίν
1732 2369 1832 2421 μου

261 2427 338 2488 εἰς
365 2426 427 2479 τὸ
458 2426 695 2493 φυλάξαι
730 2429 827 2491 τὰς
849 2430 1065 2494 ἐντολὰς
1086 2432 1180 2485 τοῦ
1204 2434 1337 2486 Θεοῦ
1364 2453 1376 2465 ·
1412 2437 1525 2490 ἀλλ’
1549 2440 1835 2509 ἄνθρωπός

262 2518 379 2586 ειμι
400 2533 414 2546 ·
445 2518 610 2571 πόθεν
624 2514 743 2573 οἶδα
766 2521 814 2572 εί
835 2520 894 2572 τὸ
916 2520 1074 2591 ἔργον
1107 2541 1207 2593 μου
1228 2524 1558 2598 εὐηρέστησε
1581 2531 1656 2601 τῷ
1680 2532 1831 2603 Θεῷ;

262 2606 524 2674 Λέγουσιν
556 2608 707 2678 αὐτῷ
741 2610 790 2661 oi
825 2610 1070 2679 ἀδελφοί·
1112 2615 1225 2667 Οὐκ
1257 2611 1308 2667 εἰ
1340 2618 1612 2682 πεποιθὼς
1647 2622 1738 2673 ἐπὶ
1775 2622 1835 2674 τὸ

264 2695 421 2767 ἔργον
445 2715 563 2759 σου,
598 2700 681 2752 ὅτι
714 2702 854 2753 κατά
876 2701 1009 2755 Θεόν
1045 2706 1224 2769 ὲστιν;
1258 2708 1417 2776 Λέγει
1446 2711 1474 2762 6
1508 2710 1685 2781 γέρων
1715 2728 1727 2741 ·
1759 2714 1834 2766 Οὐ

262 2787 468 2860 6αρρὦ
504 2792 556 2843 εἰ
596 2791 673 2861 μὴ
695 2790 773 2861 τῷ
795 2791 913 2862 Θεῷ
942 2794 1259 2866 ἁπαντήσω.
1295 2799 1519 2870 Ἕτερον
1562 2801 1671 2871 γάρ
1720 2804 1835 2856 ὲστι

262 2881 319 2934 τὸ
343 2880 439 2934 τοῦ
465 2881 605 2933 Θεοῦ
636 2888 935 2953 κριτήριον,
966 2887 1056 2938 καὶ
1079 2887 1265 2958 ἕτερον
1292 2888 1353 2941 τὸ
1372 2890 1480 2943 τῶν
1509 2890 1832 2962 ἀνθρώπων.

275 2971 360 3034 Ὠς
390 2970 449 3023 δὲ
474 2970 668 3041 ἧθελον
702 2973 974 3044 ἐρωτῆσαι
1005 2976 1167 3029 αὐτὸν
1207 2978 1391 3050 ἕτερον
1438 2981 1591 3050 λόγον
1615 3022 1629 3044 ,
1685 2982 1835 3051 λέγει

264 3062 442 3125 αὐτοῖς
459 3078 471 3090 ·
497 3063 770 3130 Ποιήσατε
792 3065 1032 3135 ἀγάπην,
1061 3068 1133 3137 μὴ
1156 3067 1519 3143 λαλεῖτε-ἄρτι
1544 3074 1661 3142 μετ’
1678 3072 1833 3141 ἐμοῦ,

263 3154 342 3205 ὅτι
366 3152 723 3223 ἀσχολοῦμαι.
766 3152 869 3207 Καὶ
899 3156 1183 3228 ἐτελειώθη
1236 3160 1281 3191 ⁸⁸
1311 3163 1370 3213 ὲν
1421 3164 1583 3233 χαρᾷ.
1622 3163 1837 3234 Ἑώρων

264 3245 372 3315 γὰρ
400 3245 565 3297 αὐτὸν
592 3246 946 3315 ἀναγόμενον,
972 3246 1029 3299 ὃν
1059 3250 1259 3316 τρόπον
1280 3268 1363 3313 τις
1386 3252 1687 3317 ἀσπάζεται
1712 3255 1838 3318 τοὺς

266 3333 456 3385 ἑαυτοῦ
489 3333 678 3400 φίλους
709 3338 804 3387 καὶ
840 3337 1176 3407 ἀγαπητούς.
1222 3336 1344 3409 Εἶχε
1384 3340 1435 3393 δὲ
1466 3341 1707 3413 φυλακὴν
1743 3359 1841 3409 με·

263 3424 429 3495 γάλην
467 3428 526 3478 ἐν
556 3427 691 3477 πᾶσι
716 3465 731 3488 ,
769 3428 862 3478 καὶ
888 3426 1069 3495 ἔλεγεν
1090 3446 1102 3459 ·
1131 3431 1293 3481 ’Ἄνευ
1328 3418 1575 3500 φυλακῆς
1599 3432 1840 3503 μεγάλης

264 3518 320 3568 οὔ
347 3517 630 3587 προϐαίνει
656 3517 941 3588 ἄνθρωπος
968 3518 1088 3572 οὔτε
1118 3523 1198 3584 είς
1240 3523 1366 3591 μίαν
1405 3524 1627 3594 ἀρετήν.

330 3607 391 3660 λ’.
427 3608 665 3677 [εἰσῆλθέ
706 3625 838 3661 ποτε
866 3611 895 3660 6
934 3611 1106 3673 ἁϐὅάς
1153 3612 1395 3678 Ἀγάθων
1442 3615 1521 3674 εἰς
1560 3612 1658 3683 τὴν
1689 3612 1841 3665 πόλιν

264 3699 514 3770 πωλῆσαι
542 3698 720 3769 μικρὰ
752 3699 942 3770 σκεύη,
977 3702 1071 3753 καὶ
1105 3702 1488 3770 εὑρίσκειτινά
1527 3701 1842 3771 λελωῦημέ-

263 3808 349 3843 νον
386 3793 426 3823 ⁶¹
465 3791 623 3863 παρὰ
672 3793 772 3861 τὴν
804 3791 940 3843 ὁδόν.
972 3793 1134 3859 Λέγει
1185 3794 1332 3863 αὐτῴ
1359 3795 1386 3846 6
1432 3794 1837 3863 λελωϐημένος·

264 3881 371 3934 Ποῦ
394 3882 633 3948 ὑπάγεις
658 3896 675 3942 ς
706 3879 868 3946 Λέγει
899 3880 1045 3949 αὐτῷ
1070 3881 1096 3931 6
1125 3882 1297 3943 6665i;
1322 3882 1565 3948 Ἀγάθων
1587 3898 1599 3910 ·
1629 3882 1719 3944 Εἰς
1743 3882 1841 3951 τὴν

264 3972 414 4024 πόλιν
447 3972 708 4043 πωλῆσαι
738 3971 925 4040 σκεύη.
962 3973 1124 4039 Λέγει
1147 3972 1293 4042 αὐτῷ
1313 3989 1325 4002 ·
1352 3972 1583 4041 Ποίησον
1601 3972 1839 4042 ἀγάπην,

264 4064 355 4115 καὶ
388 4059 521 4135 ἆρόν
562 4081 631 4135 με
665 4065 797 4116 ἐκεῖ.
841 4066 945 4117 Καὶ
981 4064 1255 4132 βαστάσας
1300 4064 1493 4125 αὐτὸν,
1533 4064 1841 4135 ἀπήνεγκεν

263 4148 338 4209 είς
364 4151 465 4217 τὴν
496 4149 673 4203 πόλιν.
719 4149 879 4218 Λέγει
905 4150 1085 4220 αὐτῷ·
1124 4152 1295 4203 Ὅπου
1324 4151 1521 4214 πωλεῖς
1547 4151 1614 4203 τὰ
1651 4150 1840 4222 σκεύη,

264 4240 375 4290 ἐκεῖ
412 4257 484 4309 με
514 4239 631 4302 Θές.
697 4240 944 4310 Ἐποίησε
973 4242 1028 4293 δὲ
1066 4240 1259 4305 οὕτως.
1320 4243 1423 4295 Kal
1454 4243 1541 4295 ὅτε
1594 4242 1843 4312 ἐπώλησε

265 4331 475 4394 σκεῦος,
512 4331 702 4398 ἔλεγεν
737 4332 884 4402 αὐτῷ
906 4335 933 4384 ὁ
971 4332 1349 4403 λελωϐημένος
1372 4349 1383 4361 ·
1414 4335 1587 4387 Πόσον
1630 4335 1838 4405 ἐπώληη

266 4435 360 4480 σας
391 4421 560 4483 αὐτός
598 4421 709 4474 Kal
741 4420 893 4489 ἔλεγε
916 4421 1095 4475 τόσου.
1122 4424 1230 4475 Kal
1263 4423 1443 4491 ἔλεγεν
1476 4423 1624 4492 αὑτῷ
1651 4444 1662 4455 -
1687 4424 1843 4490 ‘A16-

276 4512 433 4576 ρασόν
464 4527 556 4580 μοι
608 4509 933 4564 πλακοῦντιν
970 4512 1032 4563 ⁵³.
1075 4512 1181 4564 Kal
1229 4512 1488 4583 ἠγόραζε.
1528 4514 1634 4565 Kal
1682 4513 1842 4565 πάλιν

276 4600 468 4653 ἐπώλει
501 4601 634 4654 ἄλλο
679 4600 892 4664 σκεῦος.
933 4603 1040 4654 Kal
1070 4603 1248 4669 ἔλεγε·
1298 4604 1405 4655 Καὶ
1446 4605 1603 4657 τοῦτο
1642 4605 1842 4669 ﬁdem;

271 4687 374 4740 Kal
404 4688 559 4756 ἔλεγε
583 4707 596 4718 ⁸
635 4689 825 4742 Τόσου.
868 4690 976 4743 Kal
1001 4691 1184 4759 ἔλεγεν
1210 4691 1356 4762 αὐτῷ
1375 4708 1387 4721 ·
1432 4694 1722 4763 ’Λγόρασὸν
1756 4712 1844 4763 μοι

273 4779 406 4833 τάδε.
428 4781 538 4833 Kal
550 4779 809 4850 ἠγόραζε.
832 4780 983 4833 Μετὰ
993 4777 1085 4834 οὖν
1099 4781 1160 4834 τὸ
1185 4782 1336 4852 πωλῆ
1346 4799 1434 4836 σαι
1456 4784 1551 4835 ὅλα
1567 4784 1636 4836 τὰ
1652 4784 1842 4853 σκεύη,

282 4870 369 4923 καὶ
414 4869 593 4923 Θέλειν
649 4869 920 4933 ἀπελθεῖν,
974 4871 1117 4939 ὶέγει
1175 4870 1323 4941 αὑτῴ
1365 4875 1392 4925 6
1430 4873 1837 4942 λελωϐημένος·

292 4960 577 5028 Ύπάγεις;
609 4960 768 5029 Λέγει
788 4958 938 5030 αὑτῷ
959 4978 969 4989 ·
993 4961 1118 5013 Ναί.
1146 4963 1253 5015 Καὶ
1283 4963 1456 5031 λέγει·
1490 4962 1719 5032 Ποίησον
1742 4962 1845 5015 πά-

280 5051 355 5105 λιν
380 5054 624 5123 ἀγάπην.
666 5054 758 5105 καὶ
794 5049 1075 5123 ἆρονὸπου
1112 5070 1177 5122 με
1222 5047 1378 5124 εὗρες
1427 5055 1536 5107 Kal
1573 5055 1846 5123 βαστάσας

281 5145 447 5209 αὑτὸν,
478 5147 714 5218 ἦνεγκεν
751 5148 828 5208 εἰς
851 5145 941 5198 τὸν
965 5147 1128 5199 τόπον
1149 5146 1338 5200 αὑτοῦ.
1363 5147 1470 5198 Kal
1495 5147 1640 5214 λέγει
1672 5145 1840 5217 αὐτῷ·

286 5234 647 5308 Εὐλογημένος
672 5232 744 5296 εἷ.
762 5237 1030 5305 Ἁγάθων,
1062 5239 1166 5291 ὑπὸ
1194 5238 1397 5309 Κυρίου
1425 5240 1482 5290 ὲν
1511 5238 1724 5309 οὐρανῷ
1751 5240 1846 5292 καὶ

286 5325 367 5378 ἐπὶ
392 5330 516 5399 γῆς.
570 5329 683 5381 Καὶ
729 5328 869 5399 ἄρας
917 5330 1042 5392 τοὺς
1081 5329 1399 5399 ὀφθαλμοὺς
1441 5330 1603 5382 αὑτοῦ
1656 5329 1844 5383 οὐδένα

291 5413 437 5473 εἶδεν·
469 5417 538 5494 ἦν
576 5422 686 5494 γὰρ
716 5421 947 5490 ἄγγελος
986 5421 1190 5493 Κυρίου
1221 5419 1389 5474 ἐλθὼν
1425 5421 1715 5491 δοκιμάσαι
1751 5423 1845 5474 αὑ·

288 5511 381 5566 τόν.
552 5520 553 5523 “

354 5672 392 5703 ⁸⁸
413 5672 493 5728 ΔΙ.
516 5672 689 5731 inser.
726 5670 955 5732 εὸθέως.
1035 5668 1076 5700 ⁶²
1107 5670 1190 5723 Al.
1221 5669 1387 5724 inser.
1430 5667 1781 5738 ἐρριμμένον.

357 5825 453 5898 (Si)
500 5828 603 5884 Vit.
639 5829 801 5883 Patr.
844 5844 923 5891 xl,
952 5825 1013 5880 '2.

1933 633 1992 677 ut
2019 639 2209 679 onmes
2242 624 2361 694 ejus
2392 623 2645 694 discipuli
2670 639 2863 695 scapos
2895 627 3137 682 lavarent
3160 628 3214 682 in
3238 618 3501 694 ﬂumine:

1930 719 1985 768 et
2010 714 2179 769 abbas
2208 713 2509 769 Alexander
2544 714 2757 767 lavabat
2790 717 3088 773 moderate.
3129 715 3337 779 Catteri
3370 733 3500 774 vero

1932 802 2131 859 fratres
2154 802 2410 857 dixerunt
2440 803 2594 858 seni:
2627 802 2815 857 Frater
2848 804 3155 860 AleXander
3178 805 3313 859 nihil
3350 805 3507 860 facit.

1935 893 2087 951 Unde
2121 895 2309 950 volens
2341 894 2421 949 eis
2445 894 2671 956 mederi.
2706 896 2782 949 ait
2813 897 2890 949 illi
2922 894 3150 951 :Frater
3175 898 3502 965 Alexander,

1931 994 2079 1041 recte
2114 986 2231 1040 lava
2278 1000 2405 1050 eos;
2446 986 2540 1038 lini
2601 985 2746 1039 enim
2781 995 2931 1039 sunt.
2971 983 3148 1057 thue
3176 987 3221 1043 is
3278 989 3505 1050 audwit,

1931 1078 2123 1131 acerbe
2159 1076 2302 1130 tulit.
2341 1076 2405 1129 Et
2437 1084 2624 1147 postea
2673 1077 2882 1130 solatus
2912 1087 2995 1131 est
3057 1092 3180 1130 eum
3223 1091 3387 1132 senex
3420 1078 3505 1134 his

1930 1169 2112 1223 verbis
2142 1186 2155 1222 :
2186 1170 2265 1220 An
2291 1167 2601 1221 nesciebam
2622 1176 2673 1220 te
2697 1175 2842 1221 recte
2873 1168 3074 1236 agere?
3098 1166 3295 1222 Verum
3327 1168 3380 1221 id
3408 1169 3507 1223 tibi

1930 1272 2117 1312 coram
2153 1257 2258 1312 illis
2299 1257 2433 1322 dixi,
2471 1255 2659 1320 frater,
2694 1270 2804 1326 quo
2847 1271 3039 1310 eorum
3066 1258 3309 1310 animum
3332 1258 3387 1311 in
3414 1268 3506 1312 tua

1930 1347 2241 1404 ohedicntia
2277 1362 2552 1402 curarem.

2000 1438 2090 1494 29.
2118 1437 2699 1495 Commemoraverunt
2729 1437 2797 1492 de
2828 1436 3027 1492 abbate
3044 1437 3506 1508 Agathone,quod

1931 1543 2092 1581 omne
2125 1528 2443 1581 mandatum
2475 1526 2703 1596 exsequi
2753 1525 3131 1581 contenderet.
3181 1527 3241 1579 lat
3290 1526 3344 1579 in
3385 1527 3509 1579 navi

1932 1617 1978 1671 si
2006 1617 2327 1685 trajiciebat,
2368 1617 2578 1687 primus
2620 1618 2737 1689 ipse
2783 1617 3052 1669 tractabat
3104 1630 3335 1668 remum.
3373 1615 3506 1669 Cum

1932 1710 2320 1764 adventassent
2351 1709 2579 1775 fratres,
2634 1709 2819 1765 statim
2859 1715 2981 1777 post
3022 1722 3261 1776 precem,
3314 1721 3512 1760 manus

1932 1798 2050 1865 ejus
2070 1814 2315 1852 mensam
2344 1800 2668 1868 apponebat.
2701 1798 2897 1853 Plenus
2923 1799 3069 1853 enim
3097 1806 3216 1853 erat
3244 1797 3519 1853 charitate

1936 1886 2052 1942 Dei.
2076 1886 2474 1959 (34)Ca‘terum
2507 1887 2727 1957 quando
2761 1888 2952 1943 mortis
2982 1895 3197 1957 tempus
3218 1887 3514 1957 appropin-

1933 1977 2145 2046 quavit,
2174 1985 2287 2033 tres
2324 1977 2443 2032 dies
2470 1977 2670 2030 mansit
2701 1976 2875 2031 oculis
2903 1977 3108 2047 apertis
3142 1976 3511 2046 immotisque.

1933 2066 2155 2122 Fratres
2171 2076 2349 2121 autem
2380 2068 2896 2137 pulsaverunteum,
2925 2067 3289 2135 dixeruntque
3321 2064 3519 2120 :Abba.

1933 2156 2167 2228 Agatho,
2200 2159 2421 2213 ubinam
2476 2158 2571 2213 es?
2601 2157 2902 2227 Respondit
2940 2158 3021 2213 eis
3056 2176 3067 2211 :
3108 2155 3204 2211 Sto
3236 2164 3362 2211 ante
3410 2159 3509 2210 tri-

1934 2249 2101 2304 bunal
2133 2250 2246 2303 Dei.
2276 2249 2387 2321 (55)
2421 2250 2586 2303 Aiunt
2613 2270 2625 2305 :
2663 2249 2833 2302 Etiam
2859 2258 2917 2303 tu
2951 2249 3131 2310 times,
3159 2247 3355 2302 Pater?
3376 2246 3468 2302 llle
3496 2266 3511 2301 :

1935 2343 2109 2394 Antea
2135 2342 2277 2411 quod
2308 2341 2455 2410 potui
2491 2342 2589 2395 feci
2625 2348 2682 2394 ut
2708 2341 3055 2394 observarem
3096 2339 3350 2393 mandata
3380 2338 3512 2407 Dei;

1938 2431 2044 2484 sed'
2064 2432 2224 2486 homo
2275 2446 2434 2486 sum:
2473 2432 2618 2484 unde
2667 2432 2836 2486 sciam
2869 2438 3051 2483 utrum
3100 2428 3211 2482 Deo
3251 2431 3515 2499 placuerit

1936 2533 2074 2588 opus
2092 2534 2269 2573 meum
2287 2520 2310 2572 ?
2329 2519 2525 2573 Dicunt
2550 2521 2596 2573 ei
2617 2519 2816 2573 fratres
2840 2538 2852 2572 :
2877 2516 2994 2572 Non
3019 2518 3250 2573 confidis
3273 2520 3324 2572 in
3348 2534 3515 2588 opere

1937 2613 2051 2670 tuo,
2080 2609 2225 2677 quod
2258 2610 2559 2663 secundum
2619 2607 2786 2661 Deum
2821 2608 2933 2661 sit?
2958 2606 3256 2676 Respondit
3297 2624 3459 2662 senex
3497 2628 3510 2662 :

1934 2697 2053 2752 Non
2084 2701 2256 2756 habeo
2281 2701 2553 2764 ﬁduciam,
2582 2701 2684 2755 nisi
2713 2699 2818 2754 Deo
2842 2714 3154 2754 occurrero.
3188 2700 3347 2754 Aliud
3370 2701 3512 2754 enim

1935 2799 2018 2845 est
2044 2791 2310 2859 judicium
2348 2789 2465 2852 Dei.
2500 2792 2648 2845 aliud
2700 2792 3001 2844 hominum.
3038 2789 3286 2859 Cumque
3318 2792 3517 2845 vellent

1936 2897 2061 2936 eum
2096 2883 2203 2935 alia
2229 2884 2295 2937 de
2322 2899 2379 2937 re
2413 2882 2749 2952 percontari,
2780 2883 2856 2935 ait
2886 2882 2992 2937 illis
3018 2901 3030 2936 :
3064 2882 3363 2936 Charitatis
3380 2897 3519 2951 Opus

1937 2975 2197 3044 peragite,
2219 2990 2287 3029 ne
2309 2975 2545 3044 amplius
2577 2990 2787 3029 mecum
2810 2974 3139 3044 loquamini:
3170 2990 3290 3028 smn
3316 2976 3519 3044 quippe

1938 3073 2262 3134 occupatus.
2300 3063 2366 3117 Et
2422 3064 2660 3120 excessit
2698 3080 2728 3119 e
2778 3065 2886 3119 vita
2922 3080 3047 3118 cum
3078 3064 3302 3134 gaudio.
3354 3062 3518 3120 Vide-

1940 3164 2068 3208 runt
2094 3155 2362 3225 siquidem
2390 3172 2512 3209 eum
2544 3156 2821 3220 eductum,
2850 3171 2959 3225 quo
2983 3156 3141 3211 modo
3168 3156 3292 3226 quis
3315 3157 3519 3210 salutat

1942 3244 2146 3299 amicos
2179 3259 2311 3299 suos
2353 3243 2713 3313 dilectosque.
2765 3244 2963 3297 llabttit
3010 3260 3173 3314 porro
3214 3245 3266 3297 in
3303 3244 3518 3299 cunctis

1941 3350 2192 3404 magnam
2225 3333 2569 3398 custodiam;
2605 3341 2658 3387 et
2688 3333 2869 3388 dicere
2902 3334 3147 3396 solebat,
3187 3334 3393 3403 absque
3434 3335 3519 3387 in-

1942 3426 2087 3495 genti
2141 3425 2390 3481 custodia
2448 3425 2722 3479 hominem
2756 3440 2931 3496 neque
2962 3424 3028 3479 ad
3066 3440 3228 3478 unam
3254 3424 3516 3478 virtutem

1942 3515 2214 3586 pro-gredi.

2011 3608 2096 3660 ‘50.
2127 3604 2409 3674 Ingressus
2430 3604 2671 3675 quodam
2698 3616 2939 3676 tempore
2966 3604 3019 3659 in
3052 3604 3328 3659 civitatem
3348 3603 3518 3658 abbas

1941 3693 2151 3763 Agatho
2179 3695 2244 3748 ad
2281 3696 2564 3749 vendenda
2605 3697 2851 3758 vascula,
2888 3696 3089 3766 reperit
3121 3699 3174 3750 in
3214 3696 3299 3750 via
3341 3696 3519 3763 lepro-

1942 3800 2061 3837 sum
2097 3802 2109 3838 :
2149 3786 2241 3854 qui
2275 3788 2593 3841 sciscitatus
2622 3795 2727 3851 est,
2761 3804 2870 3858 quo
2916 3788 3040 3841 iret.
3083 3786 3385 3856 Respondit
3424 3786 3519 3841 ab-

1944 3876 2042 3929 bas
2078 3878 2289 3945 Agatho
2325 3894 2336 3928 :
2384 3878 2461 3930 Ad
2499 3879 2709 3942 urbem,
2744 3879 3019 3932 venditum
3053 3895 3203 3933 vasa.
3248 3877 3400 3931 Tunc
3437 3878 3517 3933 le-

1944 3983 2140 4037 prosus
2172 3968 2287 4020 infit
2318 3987 2329 4021 :
2363 3967 2472 4022 Fac
2503 3970 2850 4031 charitatem,
2897 3985 2962 4023 eo
3008 3986 3094 4022 me
3123 3969 3270 4024 tolle.
3306 3967 3370 4022 Et
3393 3985 3521 4040 pur-

1943 4066 2066 4112 tans
2095 4072 2240 4120 eum,
2273 4056 2501 4110 adduxit
2541 4059 2594 4112 in
2641 4060 2937 4112 civitatein.
2999 4058 3195 4111 lterum
3245 4058 3378 4112 ille:
3415 4056 3517 4113 Ubi

1943 4148 2179 4201 vendere
2208 4149 2353 4202 soles
2384 4163 2535 4209 vasa,
2568 4148 2642 4201 ibi
2676 4164 2760 4202 me
2783 4163 2941 4217 pone.
2978 4148 3056 4200 Ita
3093 4140 3236 4201 iecit.
3269 4147 3521 4218 Cumque

1945 4240 2282 4294 vendidisset
2314 4254 2429 4304 vas,
2475 4241 2627 4308 petiit
2679 4240 2747 4293 ab
2776 4254 2841 4292 eo
2863 4240 3134 4309 leprosus,
3168 4240 3361 4309 quanti
3390 4257 3518 4295 ven-

1946 4330 2192 4386 didisset.
2230 4329 2408 4391 Tanti,
2447 4329 2643 4400 inquit.
2676 4328 2812 4383 Tnm
2846 4330 2893 4384 is
2929 4348 2940 4384 z
2977 4328 3103 4383 Eme
3140 4330 3266 4383 mihi
3307 4331 3519 4400 placen-

1946 4432 2073 4475 tam.
2111 4422 2270 4475 Emit.
2311 4421 2503 4475 lterum
2537 4421 2684 4475 aliud
2715 4437 2810 4476 vas
2842 4420 3104 4475 vendidit.
3137 4419 3201 4475 Et
3241 4424 3329 4477 ille
3365 4423 3520 4478 :lloc

1951 4527 2081 4566 vero
2106 4512 2341 4581 quanti?
2388 4511 2570 4574 Tanti,
2624 4513 2818 4582 inquit.
2852 4511 3128 4581 chrosus
3162 4531 3172 4561 :
3221 4512 3355 4569 Eme
3387 4516 3521 4569 tn.lti

1952 4602 2075 4657 hoc.
2102 4603 2242 4657 Emit
2264 4605 2451 4660 abbas.
2473 4605 2608 4659 Cum
2640 4622 2768 4677 ergo
2809 4607 3142 4660 vendidisset
3160 4609 3341 4661 omnia
3367 4625 3520 4676 vasa,

1949 4697 2217 4765 velletque
2274 4698 2443 4760 abire,
2479 4698 2614 4752 dixit
2645 4699 2692 4752 ei
2751 4698 2999 4768 leprosus
3032 4718 3044 4752 :
3083 4696 3356 4753 Recedis?
3420 4701 3521 4756 lle-

1951 4788 2172 4857 spondit
2201 4807 2214 4842 :
2243 4788 2435 4843 Etiam.
2467 4790 2601 4843 Tum
2638 4791 2728 4844 ille
2757 4808 2771 4844 :
2808 4791 2998 4844 Adhuc
3047 4807 3183 4859 opus
3236 4791 3518 4847 charitatis

1950 4893 2165 4948 exerce,
2196 4878 2337 4932 refer
2371 4894 2454 4932 me
2506 4894 2614 4948 quo
2667 4879 2784 4932 loco
2834 4879 3110 4932 invenisti.
3165 4877 3516 4948 Portavitque

1945 4984 2089 5032 eum,
2125 4976 2178 5021 et
2210 4969 2274 5022 ad
2310 4984 2468 5023 suum
2503 4969 2679 5022 locum
2742 4969 2995 5023 restituit,
3040 4967 3195 5023 ’l‘unc
3228 4970 3365 5023 dixit
3411 4972 3459 5023 ei
3500 4990 3512 5025 :

1945 5060 2267 5116 Benedictus
2301 5078 2360 5117 es
2385 5063 2594 5130 Agatho
2626 5077 2656 5115 a
2691 5061 2991 5115 Dominoin
3023 5063 3160 5114 caelo
3193 5072 3245 5114 et
3275 5062 3515 5116 interra.

1948 5153 2270 5222 Levatisque
2328 5156 2504 5208 oculis
2539 5153 2709 5206 abbas
2769 5152 3040 5206 neminem
3075 5152 3312 5222 amplius
3362 5152 3516 5204 vidit.

1948 5244 2080 5297 Erat
2103 5245 2248 5299 enim
2298 5247 2527 5315 angelus
2554 5243 2768 5298 Domini
2798 5245 2892 5315 qui
2922 5252 3147 5300 venerat
3177 5256 3232 5298 ut
3263 5243 3514 5314 probaret

1950 5351 2091 5388 ευιιι.

1875 5666 1919 5696 ⁶²
1955 5666 2037 5718 Al.
2082 5666 2420 5726 πλακοῦντας
2458 5674 2514 5715 et
2566 5663 2892 5715 πλακοῦντα.

1973 5849 1976 5853 -
2031 5820 2136 5890 (ῖῶ)
2171 5818 2390 5874 ιλιι-,ηιμ
2430 5818 2468 5869 ι)
2507 5831 2601 5869 ur.
2635 5835 2690 5879 tt,
2729 5816 2789 5869 ii.
