  <div class='ocr_page' id='page_1' title='image "/cluster/home/n/w/nwhite01/storage/ocr_20150623/65/mdp.39015008972203/065.png"; bbox 0 0 4034 6340; ppageno 0'>
   <div class='ocr_carea' id='block_1_1' title="bbox 1688 400 3784 472">
    <p class='ocr_par' dir='ltr' id='par_1_1' title="bbox 1688 400 3784 472">
     <span class='ocr_line' id='line_1_1' title="bbox 1688 400 3784 472; baseline -0 -2"><span class='ocrx_word' id='word_1_1' title='bbox 1688 412 2032 470; x_wconf 74' lang='lat' dir='ltr'><strong>APPENDIX</strong></span> <span class='ocrx_word' id='word_1_2' title='bbox 2073 412 2165 469; x_wconf 83' lang='lat' dir='ltr'><strong>AD</strong></span> <span class='ocrx_word' id='word_1_3' title='bbox 2201 411 2622 472; x_wconf 71' lang='lat' dir='ltr'><strong>PALLADIUH.</strong></span> <span class='ocrx_word' id='word_1_4' title='bbox 3682 400 3784 455; x_wconf 67' lang='grc' dir='ltr'>τεο</span> 
     </span>
    </p>
   </div>
   <div class='ocr_carea' id='block_1_2' title="bbox 2593 524 3351 602">
    <p class='ocr_par' dir='ltr' id='par_1_2' title="bbox 2593 524 3351 602">
     <span class='ocr_line' id='line_1_2' title="bbox 2593 524 3351 602; baseline 0 -15"><span class='ocrx_word' id='word_1_5' title='bbox 2593 531 2731 602; x_wconf 80' lang='grc' dir='ltr'>Περί</span> <span class='ocrx_word' id='word_1_6' title='bbox 2758 525 2867 586; x_wconf 79' lang='grc' dir='ltr'><strong>τοῦ</strong></span> <span class='ocrx_word' id='word_1_7' title='bbox 2887 527 3039 587; x_wconf 77' lang='grc' dir='ltr'>ἀσϐἅ</span> <span class='ocrx_word' id='word_1_8' title='bbox 3064 524 3351 601; x_wconf 68' lang='grc' dir='ltr'>Ἀμμωνῶ</span> 
     </span>
    </p>
   </div>
   <div class='ocr_carea' id='block_1_3' title="bbox 2257 636 3775 719">
    <p class='ocr_par' dir='ltr' id='par_1_3' title="bbox 2257 636 3775 719">
     <span class='ocr_line' id='line_1_3' title="bbox 2257 636 3775 719; baseline -0.005 -19"><span class='ocrx_word' id='word_1_9' title='bbox 2257 652 2327 700; x_wconf 85' lang='grc' dir='ltr'>α’.</span> <span class='ocrx_word' id='word_1_10' title='bbox 2358 646 2610 719; x_wconf 77' lang='grc' dir='ltr'>Ἀδελφδς</span> <span class='ocrx_word' id='word_1_11' title='bbox 2637 645 2891 717; x_wconf 81' lang='grc' dir='ltr'>ἠρώτησε</span> <span class='ocrx_word' id='word_1_12' title='bbox 2919 645 3010 698; x_wconf 83' lang='grc' dir='ltr'><strong>τὸν</strong></span> <span class='ocrx_word' id='word_1_13' title='bbox 3030 642 3206 698; x_wconf 78' lang='grc' dir='ltr'>ἀὸὁᾶν</span> <span class='ocrx_word' id='word_1_14' title='bbox 3235 640 3551 713; x_wconf 77' lang='grc' dir='ltr'>’Δμμωνᾶν,</span> <span class='ocrx_word' id='word_1_15' title='bbox 3572 636 3775 709; x_wconf 67' lang='grc' dir='ltr'>λέγων*</span> 
     </span>
    </p>
   </div>
   <div class='ocr_carea' id='block_1_4' title="bbox 2187 731 3777 808">
    <p class='ocr_par' dir='ltr' id='par_1_4' title="bbox 2187 731 3777 808">
     <span class='ocr_line' id='line_1_4' title="bbox 2187 731 3777 808; baseline -0.002 -19"><span class='ocrx_word' id='word_1_16' title='bbox 2187 735 2322 790; x_wconf 75' lang='grc' dir='ltr'>Εἰπέ</span> <span class='ocrx_word' id='word_1_17' title='bbox 2365 754 2453 807; x_wconf 88' lang='grc' dir='ltr'><strong>μοι</strong></span> <span class='ocrx_word' id='word_1_18' title='bbox 2487 736 2658 808; x_wconf 77' lang='grc' dir='ltr'>ῥῆμα.</span> <span class='ocrx_word' id='word_1_19' title='bbox 2687 736 2799 789; x_wconf 89' lang='lat' dir='ltr'><strong>Kal</strong></span> <span class='ocrx_word' id='word_1_20' title='bbox 2813 735 2959 803; x_wconf 90' lang='grc' dir='ltr'>λέγει</span> <span class='ocrx_word' id='word_1_21' title='bbox 2981 737 3009 787; x_wconf 84' lang='grc' dir='ltr'>ὁ</span> <span class='ocrx_word' id='word_1_22' title='bbox 3030 735 3209 805; x_wconf 86' lang='grc' dir='ltr'>γέρων</span> <span class='ocrx_word' id='word_1_23' title='bbox 3230 749 3243 762; x_wconf 93' lang='grc'>·</span> <span class='ocrx_word' id='word_1_24' title='bbox 3273 733 3513 801; x_wconf 84' lang='grc' dir='ltr'>Ὕπαγε,</span> <span class='ocrx_word' id='word_1_25' title='bbox 3543 731 3777 803; x_wconf 71' lang='grc' dir='ltr'>ποίησαι</span> 
     </span>
    </p>
   </div>
   <div class='ocr_carea' id='block_1_5' title="bbox 2184 823 3773 899">
    <p class='ocr_par' dir='ltr' id='par_1_5' title="bbox 2184 823 3773 899">
     <span class='ocr_line' id='line_1_5' title="bbox 2184 823 3773 899; baseline 0 -20"><span class='ocrx_word' id='word_1_26' title='bbox 2184 828 2274 881; x_wconf 74' lang='grc' dir='ltr'>τὸν</span> <span class='ocrx_word' id='word_1_27' title='bbox 2306 828 2563 898; x_wconf 88' lang='grc' dir='ltr'>λογισμόν</span> <span class='ocrx_word' id='word_1_28' title='bbox 2621 845 2711 881; x_wconf 89' lang='grc' dir='ltr'><strong>σου</strong></span> <span class='ocrx_word' id='word_1_29' title='bbox 2736 869 2750 891; x_wconf 90' lang='grc'><strong>,</strong></span> <span class='ocrx_word' id='word_1_30' title='bbox 2794 827 2986 899; x_wconf 85' lang='grc' dir='ltr'>ὥσπερ</span> <span class='ocrx_word' id='word_1_31' title='bbox 3043 828 3086 881; x_wconf 89' lang='grc' dir='ltr'><strong>οί</strong></span> <span class='ocrx_word' id='word_1_32' title='bbox 3119 824 3414 895; x_wconf 86' lang='grc' dir='ltr'>κακοῦργοι</span> <span class='ocrx_word' id='word_1_33' title='bbox 3439 824 3683 878; x_wconf 86' lang='grc' dir='ltr'>ποιοῦσιν</span> <span class='ocrx_word' id='word_1_34' title='bbox 3717 823 3773 879; x_wconf 73' lang='grc' dir='ltr'>οι</span> 
     </span>
    </p>
   </div>
   <div class='ocr_carea' id='block_1_6' title="bbox 2184 912 3772 987">
    <p class='ocr_par' dir='ltr' id='par_1_6' title="bbox 2184 912 3772 987">
     <span class='ocr_line' id='line_1_6' title="bbox 2184 912 3772 987; baseline -0.001 -20"><span class='ocrx_word' id='word_1_35' title='bbox 2184 914 2335 977; x_wconf 73' lang='grc' dir='ltr'>ὄντες</span> <span class='ocrx_word' id='word_1_36' title='bbox 2364 916 2422 967; x_wconf 86' lang='grc' dir='ltr'><strong>ἐν</strong></span> <span class='ocrx_word' id='word_1_37' title='bbox 2445 917 2508 986; x_wconf 79' lang='grc' dir='ltr'>τῇ</span> <span class='ocrx_word' id='word_1_38' title='bbox 2537 915 2770 987; x_wconf 79' lang='grc' dir='ltr'>φυλακῇ.</span> <span class='ocrx_word' id='word_1_39' title='bbox 2800 916 3041 968; x_wconf 80' lang='grc' dir='ltr'><strong>Ἐκεῖνοι</strong></span> <span class='ocrx_word' id='word_1_40' title='bbox 3070 915 3179 985; x_wconf 76' lang='grc' dir='ltr'>γὰρ</span> <span class='ocrx_word' id='word_1_41' title='bbox 3209 912 3489 985; x_wconf 83' lang='grc' dir='ltr'>ἐρωτῶσιν</span> <span class='ocrx_word' id='word_1_42' title='bbox 3520 912 3609 965; x_wconf 79' lang='grc' dir='ltr'>ἀεὶ</span> <span class='ocrx_word' id='word_1_43' title='bbox 3639 912 3772 976; x_wconf 77' lang='grc' dir='ltr'>τοὺς</span> 
     </span>
    </p>
   </div>
   <div class='ocr_carea' id='block_1_7' title="bbox 2183 1002 3768 1077">
    <p class='ocr_par' dir='ltr' id='par_1_7' title="bbox 2183 1002 3768 1077">
     <span class='ocr_line' id='line_1_7' title="bbox 2183 1002 3768 1077; baseline -0.004 -18"><span class='ocrx_word' id='word_1_44' title='bbox 2183 1005 2519 1077; x_wconf 83' lang='grc' dir='ltr'>ἀνθρώπους,</span> <span class='ocrx_word' id='word_1_45' title='bbox 2553 1005 2655 1059; x_wconf 88' lang='grc' dir='ltr'><strong>ποῦ</strong></span> <span class='ocrx_word' id='word_1_46' title='bbox 2694 1006 2839 1058; x_wconf 77' lang='grc' dir='ltr'>ἐστιν</span> <span class='ocrx_word' id='word_1_47' title='bbox 2863 1008 2891 1058; x_wconf 85' lang='lat'><strong>6</strong></span> <span class='ocrx_word' id='word_1_48' title='bbox 2927 1002 3151 1076; x_wconf 77' lang='grc' dir='ltr'>ἡγεμὼν</span> <span class='ocrx_word' id='word_1_49' title='bbox 3197 1005 3291 1055; x_wconf 73' lang='grc' dir='ltr'><strong>καὶ</strong></span> <span class='ocrx_word' id='word_1_50' title='bbox 3342 1002 3472 1055; x_wconf 88' lang='grc' dir='ltr'>πότε</span> <span class='ocrx_word' id='word_1_51' title='bbox 3510 1002 3768 1071; x_wconf 77' lang='grc' dir='ltr'>ἔρχεται,</span> 
     </span>
    </p>
   </div>
   <div class='ocr_carea' id='block_1_8' title="bbox 2183 1092 3771 1168">
    <p class='ocr_par' dir='ltr' id='par_1_8' title="bbox 2183 1092 3771 1168">
     <span class='ocr_line' id='line_1_8' title="bbox 2183 1092 3771 1168; baseline -0.005 -17"><span class='ocrx_word' id='word_1_52' title='bbox 2183 1098 2278 1151; x_wconf 81' lang='grc' dir='ltr'>καὶ</span> <span class='ocrx_word' id='word_1_53' title='bbox 2306 1098 2414 1151; x_wconf 82' lang='grc' dir='ltr'>ἀπὸ</span> <span class='ocrx_word' id='word_1_54' title='bbox 2445 1098 2547 1167; x_wconf 84' lang='grc' dir='ltr'>τῆς</span> <span class='ocrx_word' id='word_1_55' title='bbox 2578 1097 2906 1168; x_wconf 74' lang='grc' dir='ltr'><strong>προσδοκίας</strong></span> <span class='ocrx_word' id='word_1_56' title='bbox 2932 1095 3235 1149; x_wconf 70' lang='grc' dir='ltr'><strong>κλαίουσιν.</strong></span> <span class='ocrx_word' id='word_1_57' title='bbox 3270 1092 3459 1155; x_wconf 70' lang='grc' dir='ltr'>Οὕτως</span> <span class='ocrx_word' id='word_1_58' title='bbox 3486 1093 3582 1144; x_wconf 66' lang='grc' dir='ltr'><strong>καὶ</strong></span> <span class='ocrx_word' id='word_1_59' title='bbox 3609 1094 3638 1144; x_wconf 92' lang='lat'><strong>6</strong></span> <span class='ocrx_word' id='word_1_60' title='bbox 3669 1107 3771 1161; x_wconf 84' lang='grc' dir='ltr'>μο-</span> 
     </span>
    </p>
   </div>
   <div class='ocr_carea' id='block_1_9' title="bbox 2181 1183 3775 1259">
    <p class='ocr_par' dir='ltr' id='par_1_9' title="bbox 2181 1183 3775 1259">
     <span class='ocr_line' id='line_1_9' title="bbox 2181 1183 3775 1259; baseline -0.006 -17"><span class='ocrx_word' id='word_1_61' title='bbox 2181 1189 2343 1259; x_wconf 78' lang='grc' dir='ltr'>ναχδς</span> <span class='ocrx_word' id='word_1_62' title='bbox 2376 1189 2579 1258; x_wconf 80' lang='grc' dir='ltr'><strong>ὀφείλει</strong></span> <span class='ocrx_word' id='word_1_63' title='bbox 2602 1188 2889 1249; x_wconf 80' lang='grc' dir='ltr'>διαπαντὸς</span> <span class='ocrx_word' id='word_1_64' title='bbox 2923 1186 3228 1257; x_wconf 85' lang='grc' dir='ltr'>προσέχειν,</span> <span class='ocrx_word' id='word_1_65' title='bbox 3260 1185 3354 1237; x_wconf 65' lang='grc' dir='ltr'>καὶ</span> <span class='ocrx_word' id='word_1_66' title='bbox 3386 1183 3629 1254; x_wconf 79' lang='grc' dir='ltr'><strong>ἐλέγχειν</strong></span> <span class='ocrx_word' id='word_1_67' title='bbox 3668 1184 3775 1251; x_wconf 76' lang='grc' dir='ltr'>τὴν</span> 
     </span>
    </p>
   </div>
   <div class='ocr_carea' id='block_1_10' title="bbox 2181 1274 3768 1353">
    <p class='ocr_par' dir='ltr' id='par_1_10' title="bbox 2181 1274 3768 1353">
     <span class='ocr_line' id='line_1_10' title="bbox 2181 1274 3768 1353; baseline -0.006 -19"><span class='ocrx_word' id='word_1_68' title='bbox 2181 1280 2371 1334; x_wconf 82' lang='grc' dir='ltr'>ἑαυτοῦ</span> <span class='ocrx_word' id='word_1_69' title='bbox 2394 1281 2592 1353; x_wconf 79' lang='grc' dir='ltr'>ψυχὴν,</span> <span class='ocrx_word' id='word_1_70' title='bbox 2620 1280 2794 1348; x_wconf 87' lang='grc' dir='ltr'>λέγων</span> <span class='ocrx_word' id='word_1_71' title='bbox 2813 1300 2824 1312; x_wconf 69' lang='grc' dir='ltr'><strong>ι</strong></span> <span class='ocrx_word' id='word_1_72' title='bbox 2856 1278 2990 1332; x_wconf 75' lang='grc' dir='ltr'>Οὐαί</span> <span class='ocrx_word' id='word_1_73' title='bbox 3023 1296 3112 1348; x_wconf 84' lang='grc' dir='ltr'><strong>μοι</strong></span> <span class='ocrx_word' id='word_1_74' title='bbox 3138 1279 3150 1330; x_wconf 81' lang='lat' dir='ltr'><strong>l</strong></span> <span class='ocrx_word' id='word_1_75' title='bbox 3194 1275 3320 1338; x_wconf 85' lang='grc' dir='ltr'><strong>Πῶς</strong></span> <span class='ocrx_word' id='word_1_76' title='bbox 3346 1275 3454 1345; x_wconf 77' lang='grc' dir='ltr'><strong>ἔχω</strong></span> <span class='ocrx_word' id='word_1_77' title='bbox 3478 1274 3768 1346; x_wconf 84' lang='grc' dir='ltr'>παραστῆ-</span> 
     </span>
    </p>
   </div>
   <div class='ocr_carea' id='block_1_11' title="bbox 2181 1363 3766 1443">
    <p class='ocr_par' dir='ltr' id='par_1_11' title="bbox 2181 1363 3766 1443">
     <span class='ocr_line' id='line_1_11' title="bbox 2181 1363 3766 1443; baseline -0.006 -18"><span class='ocrx_word' id='word_1_78' title='bbox 2181 1388 2267 1425; x_wconf 88' lang='grc' dir='ltr'>ναι</span> <span class='ocrx_word' id='word_1_79' title='bbox 2295 1370 2371 1441; x_wconf 85' lang='grc' dir='ltr'>τῷ</span> <span class='ocrx_word' id='word_1_80' title='bbox 2392 1371 2594 1443; x_wconf 82' lang='grc' dir='ltr'><strong>βήματι</strong></span> <span class='ocrx_word' id='word_1_81' title='bbox 2627 1370 2719 1424; x_wconf 87' lang='grc' dir='ltr'><strong>τοῦ</strong></span> <span class='ocrx_word' id='word_1_82' title='bbox 2747 1369 2980 1440; x_wconf 86' lang='grc' dir='ltr'>Χριστοῦ</span> <span class='ocrx_word' id='word_1_83' title='bbox 3004 1387 3019 1435; x_wconf 90' lang='lat'><strong>;</strong></span> <span class='ocrx_word' id='word_1_84' title='bbox 3045 1368 3139 1421; x_wconf 78' lang='grc' dir='ltr'><strong>καὶ</strong></span> <span class='ocrx_word' id='word_1_85' title='bbox 3164 1366 3283 1429; x_wconf 83' lang='grc' dir='ltr'><strong>πῶς</strong></span> <span class='ocrx_word' id='word_1_86' title='bbox 3313 1366 3422 1436; x_wconf 70' lang='grc' dir='ltr'>ἔχω</span> <span class='ocrx_word' id='word_1_87' title='bbox 3453 1363 3602 1435; x_wconf 81' lang='grc' dir='ltr'>αὐτῷ</span> <span class='ocrx_word' id='word_1_88' title='bbox 3625 1366 3766 1417; x_wconf 85' lang='grc' dir='ltr'>ἁπο-</span> 
     </span>
    </p>
   </div>
   <div class='ocr_carea' id='block_1_12' title="bbox 2179 1454 3765 1534">
    <p class='ocr_par' dir='ltr' id='par_1_12' title="bbox 2179 1454 3765 1534">
     <span class='ocr_line' id='line_1_12' title="bbox 2179 1454 3765 1534; baseline -0.005 -19"><span class='ocrx_word' id='word_1_89' title='bbox 2179 1462 2539 1534; x_wconf 84' lang='grc' dir='ltr'>λογήσασθαι;</span> <span class='ocrx_word' id='word_1_90' title='bbox 2583 1463 2707 1515; x_wconf 77' lang='grc' dir='ltr'><strong>Ἐὰν</strong></span> <span class='ocrx_word' id='word_1_91' title='bbox 2740 1460 2912 1524; x_wconf 78' lang='grc' dir='ltr'>οὕτως</span> <span class='ocrx_word' id='word_1_92' title='bbox 2940 1459 3243 1531; x_wconf 78' lang='grc' dir='ltr'>μελετήσῃς</span> <span class='ocrx_word' id='word_1_93' title='bbox 3270 1456 3583 1519; x_wconf 78' lang='grc' dir='ltr'>διαπαντὸς,</span> <span class='ocrx_word' id='word_1_94' title='bbox 3605 1454 3765 1508; x_wconf 72' lang='lat' dir='ltr'><strong>56w.-</strong></span> 
     </span>
    </p>
   </div>
   <div class='ocr_carea' id='block_1_13' title="bbox 2182 1553 2679 1622">
    <p class='ocr_par' dir='ltr' id='par_1_13' title="bbox 2182 1553 2679 1622">
     <span class='ocr_line' id='line_1_13' title="bbox 2182 1553 2679 1622; baseline 0 -16"><span class='ocrx_word' id='word_1_95' title='bbox 2182 1570 2272 1607; x_wconf 86' lang='grc' dir='ltr'><strong>σαι</strong></span> <span class='ocrx_word' id='word_1_96' title='bbox 2305 1553 2562 1622; x_wconf 80' lang='grc' dir='ltr'>σωθῆναι.</span> <span class='ocrx_word' id='word_1_97' title='bbox 2674 1604 2679 1619; x_wconf 78' lang='grc'><em>,</em></span> 
     </span>
    </p>
   </div>
   <div class='ocr_carea' id='block_1_14' title="bbox 2254 1634 3777 1715">
    <p class='ocr_par' dir='ltr' id='par_1_14' title="bbox 2254 1634 3777 1715">
     <span class='ocr_line' id='line_1_14' title="bbox 2254 1634 3777 1715; baseline -0.007 -18"><span class='ocrx_word' id='word_1_98' title='bbox 2254 1644 2317 1715; x_wconf 87' lang='grc' dir='ltr'><strong>β’.</strong></span> <span class='ocrx_word' id='word_1_99' title='bbox 2353 1644 2578 1712; x_wconf 85' lang='grc' dir='ltr'>Ἔλεγον</span> <span class='ocrx_word' id='word_1_100' title='bbox 2604 1643 2730 1715; x_wconf 77' lang='grc' dir='ltr'>περὶ</span> <span class='ocrx_word' id='word_1_101' title='bbox 2754 1642 2848 1695; x_wconf 89' lang='grc' dir='ltr'><strong>τοῦ</strong></span> <span class='ocrx_word' id='word_1_102' title='bbox 2874 1641 3020 1696; x_wconf 73' lang='grc' dir='ltr'><strong>ἀὸϐἄ</strong></span> <span class='ocrx_word' id='word_1_103' title='bbox 3059 1638 3346 1711; x_wconf 77' lang='grc' dir='ltr'>Ἀμμωνᾶ,</span> <span class='ocrx_word' id='word_1_104' title='bbox 3382 1636 3464 1689; x_wconf 78' lang='grc' dir='ltr'>ὅτι</span> <span class='ocrx_word' id='word_1_105' title='bbox 3491 1634 3587 1689; x_wconf 80' lang='grc' dir='ltr'>καὶ</span> <span class='ocrx_word' id='word_1_106' title='bbox 3619 1634 3777 1705; x_wconf 80' lang='grc' dir='ltr'>βασι-</span> 
     </span>
    </p>
   </div>
   <div class='ocr_carea' id='block_1_15' title="bbox 2179 1725 3770 1801">
    <p class='ocr_par' dir='ltr' id='par_1_15' title="bbox 2179 1725 3770 1801">
     <span class='ocr_line' id='line_1_15' title="bbox 2179 1725 3770 1801; baseline -0.006 -14"><span class='ocrx_word' id='word_1_107' title='bbox 2179 1734 2363 1788; x_wconf 90' lang='grc' dir='ltr'>λίσκον</span> <span class='ocrx_word' id='word_1_108' title='bbox 2389 1734 2727 1788; x_wconf 82' lang='grc' dir='ltr'>ἀπέκτεινεν.</span> <span class='ocrx_word' id='word_1_109' title='bbox 2779 1732 3052 1785; x_wconf 74' lang='grc' dir='ltr'>Ἀπελθὼν</span> <span class='ocrx_word' id='word_1_110' title='bbox 3074 1732 3182 1801; x_wconf 74' lang='grc' dir='ltr'>γὰρ</span> <span class='ocrx_word' id='word_1_111' title='bbox 3213 1732 3291 1793; x_wconf 85' lang='grc' dir='ltr'>εἰς</span> <span class='ocrx_word' id='word_1_112' title='bbox 3314 1728 3411 1798; x_wconf 84' lang='grc' dir='ltr'>τὴν</span> <span class='ocrx_word' id='word_1_113' title='bbox 3437 1726 3644 1798; x_wconf 81' lang='grc' dir='ltr'>ἔρημον</span> <span class='ocrx_word' id='word_1_114' title='bbox 3674 1725 3770 1778; x_wconf 83' lang='grc' dir='ltr'>ἀν·-</span> 
     </span>
    </p>
   </div>
   <div class='ocr_carea' id='block_1_16' title="bbox 508 1816 2075 1895">
    <p class='ocr_par' dir='ltr' id='par_1_16' title="bbox 508 1820 2075 1895">
     <span class='ocr_line' id='line_1_16' title="bbox 508 1820 2075 1895; baseline 0.006 -22"><span class='ocrx_word' id='word_1_115' title='bbox 508 1820 867 1878; x_wconf 86' lang='lat' dir='ltr'><strong>bauriendam</strong></span> <span class='ocrx_word' id='word_1_116' title='bbox 898 1839 1094 1895; x_wconf 88' lang='lat' dir='ltr'><strong>aquam</strong></span> <span class='ocrx_word' id='word_1_117' title='bbox 1119 1842 1149 1882; x_wconf 91' lang='lat' dir='ltr'><strong>e</strong></span> <span class='ocrx_word' id='word_1_118' title='bbox 1170 1828 1312 1892; x_wconf 90' lang='lat' dir='ltr'><strong>lacu,</strong></span> <span class='ocrx_word' id='word_1_119' title='bbox 1341 1844 1465 1884; x_wconf 88' lang='lat' dir='ltr'><strong>cum</strong></span> <span class='ocrx_word' id='word_1_120' title='bbox 1490 1827 1715 1884; x_wconf 78' lang='lat' dir='ltr'><strong>vidisset</strong></span> <span class='ocrx_word' id='word_1_121' title='bbox 1736 1829 2075 1893; x_wconf 88' lang='lat' dir='ltr'><strong>basiliscum,</strong></span> 
     </span>
    </p>
   </div>
   <div class='ocr_carea' id='block_1_17' title="bbox 2182 1816 3764 1895">
    <p class='ocr_par' dir='ltr' id='par_1_17' title="bbox 2182 1816 3764 1895">
     <span class='ocr_line' id='line_1_17' title="bbox 2182 1816 3764 1895; baseline -0.006 -18"><span class='ocrx_word' id='word_1_122' title='bbox 2182 1825 2373 1895; x_wconf 84' lang='grc' dir='ltr'>τλῆσαι</span> <span class='ocrx_word' id='word_1_123' title='bbox 2405 1823 2549 1894; x_wconf 76' lang='grc' dir='ltr'>ὕδωρ</span> <span class='ocrx_word' id='word_1_124' title='bbox 2582 1824 2688 1878; x_wconf 84' lang='grc' dir='ltr'><strong>ἀπὸ</strong></span> <span class='ocrx_word' id='word_1_125' title='bbox 2717 1822 2940 1888; x_wconf 83' lang='grc' dir='ltr'>λάκκου,</span> <span class='ocrx_word' id='word_1_126' title='bbox 2992 1821 3087 1874; x_wconf 74' lang='grc' dir='ltr'>καὶ</span> <span class='ocrx_word' id='word_1_127' title='bbox 3137 1818 3258 1872; x_wconf 78' lang='grc' dir='ltr'>ἰδὼν</span> <span class='ocrx_word' id='word_1_128' title='bbox 3285 1818 3376 1870; x_wconf 82' lang='grc' dir='ltr'><strong>τὸν</strong></span> <span class='ocrx_word' id='word_1_129' title='bbox 3432 1816 3764 1887; x_wconf 79' lang='grc' dir='ltr'>βασιλίσκον,</span> 
     </span>
    </p>
   </div>
   <div class='ocr_carea' id='block_1_18' title="bbox 513 1906 2075 1988">
    <p class='ocr_par' dir='ltr' id='par_1_18' title="bbox 513 1915 2075 1988">
     <span class='ocr_line' id='line_1_18' title="bbox 513 1915 2075 1988; baseline 0.004 -18"><span class='ocrx_word' id='word_1_130' title='bbox 513 1927 634 1970; x_wconf 85' lang='lat' dir='ltr'><strong>sese</strong></span> <span class='ocrx_word' id='word_1_131' title='bbox 665 1915 719 1969; x_wconf 92' lang='lat' dir='ltr'><strong>in</strong></span> <span class='ocrx_word' id='word_1_132' title='bbox 752 1915 946 1972; x_wconf 85' lang='lat' dir='ltr'><strong>laciem</strong></span> <span class='ocrx_word' id='word_1_133' title='bbox 1000 1920 1313 1988; x_wconf 72' lang='lat' dir='ltr'><strong>prostravit,</strong></span> <span class='ocrx_word' id='word_1_134' title='bbox 1365 1935 1429 1974; x_wconf 93' lang='lat' dir='ltr'><strong>ac</strong></span> <span class='ocrx_word' id='word_1_135' title='bbox 1457 1920 1634 1974; x_wconf 83' lang='lat' dir='ltr'><strong>dixit:</strong></span> <span class='ocrx_word' id='word_1_136' title='bbox 1674 1918 1924 1984; x_wconf 87' lang='lat' dir='ltr'><strong>Domine,</strong></span> <span class='ocrx_word' id='word_1_137' title='bbox 1983 1930 2075 1976; x_wconf 88' lang='lat' dir='ltr'><strong>aut</strong></span> 
     </span>
    </p>
   </div>
   <div class='ocr_carea' id='block_1_19' title="bbox 2182 1906 3768 1988">
    <p class='ocr_par' dir='ltr' id='par_1_19' title="bbox 2182 1906 3768 1986">
     <span class='ocr_line' id='line_1_19' title="bbox 2182 1906 3768 1986; baseline -0.007 -17"><span class='ocrx_word' id='word_1_138' title='bbox 2182 1918 2371 1970; x_wconf 76' lang='grc' dir='ltr'>ἔϐαλεν</span> <span class='ocrx_word' id='word_1_139' title='bbox 2400 1917 2561 1970; x_wconf 83' lang='grc' dir='ltr'>αὑτὸν</span> <span class='ocrx_word' id='word_1_140' title='bbox 2588 1915 2680 1968; x_wconf 75' lang='grc' dir='ltr'><strong>ἐπὶ</strong></span> <span class='ocrx_word' id='word_1_141' title='bbox 2713 1914 3002 1986; x_wconf 80' lang='grc' dir='ltr'>πρόσωπον</span> <span class='ocrx_word' id='word_1_142' title='bbox 3022 1953 3037 1978; x_wconf 91' lang='grc'><strong>,</strong></span> <span class='ocrx_word' id='word_1_143' title='bbox 3072 1912 3245 1979; x_wconf 87' lang='grc' dir='ltr'>λέγων</span> <span class='ocrx_word' id='word_1_144' title='bbox 3266 1925 3281 1939; x_wconf 84' lang='grc'><em>’</em></span> <span class='ocrx_word' id='word_1_145' title='bbox 3328 1908 3534 1979; x_wconf 82' lang='grc' dir='ltr'>Κύριε,</span> <span class='ocrx_word' id='word_1_146' title='bbox 3577 1909 3628 1960; x_wconf 84' lang='grc' dir='ltr'><strong>εί</strong></span> <span class='ocrx_word' id='word_1_147' title='bbox 3654 1906 3768 1976; x_wconf 86' lang='grc' dir='ltr'>ἐγὼ</span> 
     </span>
    </p>
   </div>
   <div class='ocr_carea' id='block_1_20' title="bbox 508 1998 2075 2084">
    <p class='ocr_par' dir='ltr' id='par_1_20' title="bbox 508 2008 2075 2084">
     <span class='ocr_line' id='line_1_20' title="bbox 508 2008 2075 2084; baseline 0.008 -25"><span class='ocrx_word' id='word_1_148' title='bbox 508 2019 609 2075; x_wconf 84' lang='lat' dir='ltr'><strong>ego</strong></span> <span class='ocrx_word' id='word_1_149' title='bbox 642 2008 865 2074; x_wconf 88' lang='lat' dir='ltr'><strong>moriar,</strong></span> <span class='ocrx_word' id='word_1_150' title='bbox 921 2017 1015 2063; x_wconf 89' lang='lat' dir='ltr'><strong>aut</strong></span> <span class='ocrx_word' id='word_1_151' title='bbox 1049 2011 1174 2068; x_wconf 87' lang='lat' dir='ltr'><strong>iste.</strong></span> <span class='ocrx_word' id='word_1_152' title='bbox 1210 2013 1515 2084; x_wconf 88' lang='lat' dir='ltr'><strong>Statimque</strong></span> <span class='ocrx_word' id='word_1_153' title='bbox 1548 2012 1845 2070; x_wconf 88' lang='lat' dir='ltr'><strong>basiliscus</strong></span> <span class='ocrx_word' id='word_1_154' title='bbox 1878 2015 2075 2072; x_wconf 85' lang='lat' dir='ltr'><strong>virtute</strong></span> 
     </span>
    </p>
   </div>
   <div class='ocr_carea' id='block_1_21' title="bbox 2182 1998 3773 2084">
    <p class='ocr_par' dir='ltr' id='par_1_21' title="bbox 2182 1998 3773 2079">
     <span class='ocr_line' id='line_1_21' title="bbox 2182 1998 3773 2079; baseline -0.005 -18"><span class='ocrx_word' id='word_1_155' title='bbox 2182 2009 2283 2079; x_wconf 76' lang='grc' dir='ltr'><strong>ἔχω</strong></span> <span class='ocrx_word' id='word_1_156' title='bbox 2312 2007 2624 2071; x_wconf 80' lang='grc' dir='ltr'>ἀποθανεῖν,</span> <span class='ocrx_word' id='word_1_157' title='bbox 2662 2007 2695 2078; x_wconf 80' lang='grc' dir='ltr'>ἢ</span> <span class='ocrx_word' id='word_1_158' title='bbox 2726 1999 2903 2063; x_wconf 73' lang='grc' dir='ltr'>οὗτος.</span> <span class='ocrx_word' id='word_1_159' title='bbox 2931 2004 3042 2057; x_wconf 86' lang='lat' dir='ltr'><strong>Kal</strong></span> <span class='ocrx_word' id='word_1_160' title='bbox 3071 2002 3271 2064; x_wconf 84' lang='grc' dir='ltr'>εὐθέως</span> <span class='ocrx_word' id='word_1_161' title='bbox 3294 2000 3323 2052; x_wconf 97' lang='lat'><strong>6</strong></span> <span class='ocrx_word' id='word_1_162' title='bbox 3351 1998 3661 2071; x_wconf 78' lang='grc' dir='ltr'>βασιλίσκος</span> <span class='ocrx_word' id='word_1_163' title='bbox 3698 2000 3773 2061; x_wconf 76' lang='grc' dir='ltr'><strong>ἐν,</strong></span> 
     </span>
    </p>
   </div>
   <div class='ocr_carea' id='block_1_22' title="bbox 509 2092 2075 2169">
    <p class='ocr_par' dir='ltr' id='par_1_22' title="bbox 509 2093 969 2169">
     <span class='ocr_line' id='line_1_22' title="bbox 509 2093 969 2169; baseline 0.007 -18"><span class='ocrx_word' id='word_1_164' title='bbox 509 2093 711 2152; x_wconf 87' lang='lat' dir='ltr'><strong>Christi</strong></span> <span class='ocrx_word' id='word_1_165' title='bbox 735 2100 969 2169; x_wconf 87' lang='lat' dir='ltr'><strong>crepuit.</strong></span> 
     </span>
    </p>
   </div>
   <div class='ocr_carea' id='block_1_23' title="bbox 2182 2092 3181 2169">
    <p class='ocr_par' dir='ltr' id='par_1_23' title="bbox 2182 2092 3181 2166">
     <span class='ocr_line' id='line_1_23' title="bbox 2182 2092 3181 2166; baseline -0.006 -17"><span class='ocrx_word' id='word_1_166' title='bbox 2182 2098 2241 2166; x_wconf 73' lang='grc' dir='ltr'>τῇ</span> <span class='ocrx_word' id='word_1_167' title='bbox 2275 2095 2498 2164; x_wconf 80' lang='grc' dir='ltr'>δυνάμει</span> <span class='ocrx_word' id='word_1_168' title='bbox 2522 2093 2613 2147; x_wconf 87' lang='grc' dir='ltr'><strong>τοῦ</strong></span> <span class='ocrx_word' id='word_1_169' title='bbox 2639 2092 2872 2164; x_wconf 82' lang='grc' dir='ltr'>Χριστοῦ</span> <span class='ocrx_word' id='word_1_170' title='bbox 2897 2092 3181 2165; x_wconf 56' lang='lat' dir='ltr'><strong>mappam.</strong></span> 
     </span>
    </p>
   </div>
   <div class='ocr_carea' id='block_1_24' title="bbox 560 2180 2074 2268">
    <p class='ocr_par' dir='ltr' id='par_1_24' title="bbox 560 2180 2074 2268">
     <span class='ocr_line' id='line_1_24' title="bbox 560 2180 2074 2268; baseline 0.005 -25"><span class='ocrx_word' id='word_1_171' title='bbox 560 2180 630 2243; x_wconf 76' lang='lat'><strong>.3.</strong></span> <span class='ocrx_word' id='word_1_172' title='bbox 666 2187 777 2261; x_wconf 83' lang='lat'><strong>(58)</strong></span> <span class='ocrx_word' id='word_1_173' title='bbox 809 2189 953 2244; x_wconf 84' lang='lat' dir='ltr'><strong>Dixit</strong></span> <span class='ocrx_word' id='word_1_174' title='bbox 976 2190 1146 2247; x_wconf 85' lang='lat' dir='ltr'><strong>abbas</strong></span> <span class='ocrx_word' id='word_1_175' title='bbox 1172 2193 1500 2250; x_wconf 84' lang='lat' dir='ltr'><strong>Ammonas:</strong></span> <span class='ocrx_word' id='word_1_176' title='bbox 1528 2194 1633 2251; x_wconf 92' lang='lat' dir='ltr'><strong>Per</strong></span> <span class='ocrx_word' id='word_1_177' title='bbox 1660 2197 2074 2268; x_wconf 89' lang='lat' dir='ltr'><strong>quatuordccim</strong></span> 
     </span>
    </p>
   </div>
   <div class='ocr_carea' id='block_1_25' title="bbox 507 2277 2078 2340">
    <p class='ocr_par' dir='ltr' id='par_1_25' title="bbox 507 2277 2078 2340">
     <span class='ocr_line' id='line_1_25' title="bbox 507 2277 2078 2340; baseline 0.008 -12"><span class='ocrx_word' id='word_1_178' title='bbox 507 2289 682 2331; x_wconf 85' lang='lat' dir='ltr'><strong>annos</strong></span> <span class='ocrx_word' id='word_1_179' title='bbox 706 2277 762 2332; x_wconf 88' lang='lat' dir='ltr'><strong>in</strong></span> <span class='ocrx_word' id='word_1_180' title='bbox 794 2277 940 2333; x_wconf 82' lang='lat' dir='ltr'><strong>Secti</strong></span> <span class='ocrx_word' id='word_1_181' title='bbox 971 2288 1341 2335; x_wconf 81' lang='lat' dir='ltr'><strong>commoratus</strong></span> <span class='ocrx_word' id='word_1_182' title='bbox 1371 2283 1520 2337; x_wconf 88' lang='lat' dir='ltr'><strong>oravi</strong></span> <span class='ocrx_word' id='word_1_183' title='bbox 1550 2282 1715 2338; x_wconf 87' lang='lat' dir='ltr'><strong>Deum</strong></span> <span class='ocrx_word' id='word_1_184' title='bbox 1755 2284 1843 2339; x_wconf 89' lang='lat' dir='ltr'><strong>die</strong></span> <span class='ocrx_word' id='word_1_185' title='bbox 1883 2299 1948 2339; x_wconf 91' lang='lat' dir='ltr'><strong>ac</strong></span> <span class='ocrx_word' id='word_1_186' title='bbox 1976 2300 2078 2340; x_wconf 87' lang='lat' dir='ltr'><strong>no-</strong></span> 
     </span>
    </p>
   </div>
   <div class='ocr_carea' id='block_1_26' title="bbox 505 2367 1792 2441">
    <p class='ocr_par' dir='ltr' id='par_1_26' title="bbox 505 2367 1792 2441">
     <span class='ocr_line' id='line_1_26' title="bbox 505 2367 1792 2441; baseline 0.009 -23"><span class='ocrx_word' id='word_1_187' title='bbox 505 2373 611 2428; x_wconf 90' lang='lat' dir='ltr'><strong>cte,</strong></span> <span class='ocrx_word' id='word_1_188' title='bbox 648 2375 704 2420; x_wconf 87' lang='lat' dir='ltr'><strong>ut</strong></span> <span class='ocrx_word' id='word_1_189' title='bbox 735 2367 866 2420; x_wconf 89' lang='lat' dir='ltr'><strong>mihi</strong></span> <span class='ocrx_word' id='word_1_190' title='bbox 898 2369 1004 2422; x_wconf 93' lang='lat' dir='ltr'><strong>vim</strong></span> <span class='ocrx_word' id='word_1_191' title='bbox 1035 2370 1327 2441; x_wconf 77' lang='lat' dir='ltr'><strong>largiretur</strong></span> <span class='ocrx_word' id='word_1_192' title='bbox 1356 2372 1610 2427; x_wconf 85' lang='lat' dir='ltr'><strong>vincendi</strong></span> <span class='ocrx_word' id='word_1_193' title='bbox 1633 2376 1792 2429; x_wconf 88' lang='lat' dir='ltr'><strong>iram.</strong></span> 
     </span>
    </p>
   </div>
   <div class='ocr_carea' id='block_1_27' title="bbox 571 2457 2074 2536">
    <p class='ocr_par' dir='ltr' id='par_1_27' title="bbox 571 2457 2074 2536">
     <span class='ocr_line' id='line_1_27' title="bbox 571 2457 2074 2536; baseline 0.006 -23"><span class='ocrx_word' id='word_1_194' title='bbox 571 2457 626 2513; x_wconf 71' lang='lat'><em>6.</em></span> <span class='ocrx_word' id='word_1_195' title='bbox 662 2459 773 2529; x_wconf 80' lang='lat'><strong>(59)</strong></span> <span class='ocrx_word' id='word_1_196' title='bbox 804 2458 1058 2515; x_wconf 76' lang='lat' dir='ltr'><strong>Narravit</strong></span> <span class='ocrx_word' id='word_1_197' title='bbox 1097 2461 1317 2532; x_wconf 90' lang='lat' dir='ltr'><strong>quidam</strong></span> <span class='ocrx_word' id='word_1_198' title='bbox 1349 2462 1593 2528; x_wconf 85' lang='lat' dir='ltr'><strong>Patrum,</strong></span> <span class='ocrx_word' id='word_1_199' title='bbox 1636 2465 1781 2536; x_wconf 91' lang='lat' dir='ltr'><strong>quod</strong></span> <span class='ocrx_word' id='word_1_200' title='bbox 1805 2466 1872 2521; x_wconf 90' lang='lat' dir='ltr'><strong>ad</strong></span> <span class='ocrx_word' id='word_1_201' title='bbox 1903 2466 2074 2522; x_wconf 86' lang='lat' dir='ltr'><strong>Ccilia</strong></span> 
     </span>
    </p>
   </div>
   <div class='ocr_carea' id='block_1_28' title="bbox 500 2550 2073 2620">
    <p class='ocr_par' dir='ltr' id='par_1_28' title="bbox 500 2550 2073 2620">
     <span class='ocr_line' id='line_1_28' title="bbox 500 2550 2073 2620; baseline 0.005 -16"><span class='ocrx_word' id='word_1_202' title='bbox 500 2555 622 2604; x_wconf 86' lang='lat' dir='ltr'><strong>erat</strong></span> <span class='ocrx_word' id='word_1_203' title='bbox 677 2550 875 2619; x_wconf 87' lang='lat' dir='ltr'><strong>aliquis</strong></span> <span class='ocrx_word' id='word_1_204' title='bbox 926 2566 1096 2606; x_wconf 81' lang='lat' dir='ltr'><strong>senex</strong></span> <span class='ocrx_word' id='word_1_205' title='bbox 1127 2552 1456 2620; x_wconf 89' lang='lat' dir='ltr'><strong>laboriosus,</strong></span> <span class='ocrx_word' id='word_1_206' title='bbox 1490 2554 1671 2610; x_wconf 83' lang='lat' dir='ltr'><strong>ferens</strong></span> <span class='ocrx_word' id='word_1_207' title='bbox 1723 2565 1967 2612; x_wconf 88' lang='lat' dir='ltr'><strong>mattam.</strong></span> <span class='ocrx_word' id='word_1_208' title='bbox 2021 2557 2073 2611; x_wconf 89' lang='lat' dir='ltr'><strong>ls</strong></span> 
     </span>
    </p>
   </div>
   <div class='ocr_carea' id='block_1_29' title="bbox 503 2640 2072 2715">
    <p class='ocr_par' dir='ltr' id='par_1_29' title="bbox 503 2640 2072 2715">
     <span class='ocr_line' id='line_1_29' title="bbox 503 2640 2072 2715; baseline 0.008 -22"><span class='ocrx_word' id='word_1_209' title='bbox 503 2640 693 2697; x_wconf 88' lang='lat' dir='ltr'><strong>abiens</strong></span> <span class='ocrx_word' id='word_1_210' title='bbox 736 2641 884 2696; x_wconf 90' lang='lat' dir='ltr'><strong>venit</strong></span> <span class='ocrx_word' id='word_1_211' title='bbox 918 2642 985 2696; x_wconf 89' lang='lat' dir='ltr'><strong>ad</strong></span> <span class='ocrx_word' id='word_1_212' title='bbox 1033 2644 1284 2700; x_wconf 86' lang='lat' dir='ltr'><strong>abbatem</strong></span> <span class='ocrx_word' id='word_1_213' title='bbox 1320 2646 1664 2702; x_wconf 83' lang='lat' dir='ltr'><strong>Ammonam.</strong></span> <span class='ocrx_word' id='word_1_214' title='bbox 1698 2649 1802 2715; x_wconf 85' lang='lat' dir='ltr'><strong>Qui</strong></span> <span class='ocrx_word' id='word_1_215' title='bbox 1838 2666 2072 2706; x_wconf 81' lang='lat' dir='ltr'><strong>cernens</strong></span> 
     </span>
    </p>
   </div>
   <div class='ocr_carea' id='block_1_30' title="bbox 502 2737 2069 2810">
    <p class='ocr_par' dir='ltr' id='par_1_30' title="bbox 502 2737 2069 2810">
     <span class='ocr_line' id='line_1_30' title="bbox 502 2737 2069 2810; baseline 0.005 -25"><span class='ocrx_word' id='word_1_216' title='bbox 502 2747 629 2786; x_wconf 88' lang='lat' dir='ltr'><strong>cum</strong></span> <span class='ocrx_word' id='word_1_217' title='bbox 659 2742 829 2788; x_wconf 91' lang='lat' dir='ltr'><strong>matta</strong></span> <span class='ocrx_word' id='word_1_218' title='bbox 861 2737 1139 2801; x_wconf 82' lang='lat' dir='ltr'><strong>vestitum,</strong></span> <span class='ocrx_word' id='word_1_219' title='bbox 1179 2738 1351 2792; x_wconf 80' lang='lat' dir='ltr'><strong>dixit:</strong></span> <span class='ocrx_word' id='word_1_220' title='bbox 1383 2738 1507 2795; x_wconf 68' lang='lat' dir='ltr'><strong>llaec</strong></span> <span class='ocrx_word' id='word_1_221' title='bbox 1531 2738 1630 2795; x_wconf 86' lang='lat' dir='ltr'><strong>tibi</strong></span> <span class='ocrx_word' id='word_1_222' title='bbox 1663 2741 1795 2796; x_wconf 85' lang='lat' dir='ltr'><strong>nihil</strong></span> <span class='ocrx_word' id='word_1_223' title='bbox 1828 2741 2069 2810; x_wconf 88' lang='lat' dir='ltr'><strong>prodest.</strong></span> 
     </span>
    </p>
   </div>
   <div class='ocr_carea' id='block_1_31' title="bbox 506 2822 2073 2901">
    <p class='ocr_par' dir='ltr' id='par_1_31' title="bbox 506 2822 2073 2901">
     <span class='ocr_line' id='line_1_31' title="bbox 506 2822 2073 2901; baseline 0.006 -26"><span class='ocrx_word' id='word_1_224' title='bbox 506 2822 863 2895; x_wconf 83' lang='lat' dir='ltr'><strong>interrogavit</strong></span> <span class='ocrx_word' id='word_1_225' title='bbox 896 2836 1077 2881; x_wconf 90' lang='lat' dir='ltr'><strong>autem</strong></span> <span class='ocrx_word' id='word_1_226' title='bbox 1117 2843 1307 2891; x_wconf 88' lang='lat' dir='ltr'><strong>senex,</strong></span> <span class='ocrx_word' id='word_1_227' title='bbox 1345 2829 1576 2885; x_wconf 88' lang='lat' dir='ltr'><strong>dicens:</strong></span> <span class='ocrx_word' id='word_1_228' title='bbox 1611 2829 1746 2885; x_wconf 87' lang='lat' dir='ltr'><strong>Tres</strong></span> <span class='ocrx_word' id='word_1_229' title='bbox 1787 2832 2073 2901; x_wconf 84' lang='lat' dir='ltr'><strong>cogitatio-</strong></span> 
     </span>
    </p>
   </div>
   <div class='ocr_carea' id='block_1_32' title="bbox 506 2913 2074 2989">
    <p class='ocr_par' dir='ltr' id='par_1_32' title="bbox 506 2913 2074 2989">
     <span class='ocr_line' id='line_1_32' title="bbox 506 2913 2074 2989; baseline 0.005 -23"><span class='ocrx_word' id='word_1_230' title='bbox 506 2927 602 2967; x_wconf 89' lang='lat' dir='ltr'><strong>nes</strong></span> <span class='ocrx_word' id='word_1_231' title='bbox 629 2914 760 2967; x_wconf 91' lang='lat' dir='ltr'><strong>mihi</strong></span> <span class='ocrx_word' id='word_1_232' title='bbox 784 2913 996 2970; x_wconf 81' lang='lat' dir='ltr'><strong>faciunt</strong></span> <span class='ocrx_word' id='word_1_233' title='bbox 1024 2917 1352 2983; x_wconf 89' lang='lat' dir='ltr'><strong>molestiam,</strong></span> <span class='ocrx_word' id='word_1_234' title='bbox 1394 2920 1474 2973; x_wconf 88' lang='lat' dir='ltr'><strong>vel</strong></span> <span class='ocrx_word' id='word_1_235' title='bbox 1505 2935 1601 2989; x_wconf 87' lang='lat' dir='ltr'><strong>per</strong></span> <span class='ocrx_word' id='word_1_236' title='bbox 1626 2920 1950 2977; x_wconf 84' lang='lat' dir='ltr'><strong>solitudines</strong></span> <span class='ocrx_word' id='word_1_237' title='bbox 1981 2936 2074 2974; x_wconf 86' lang='lat' dir='ltr'><strong>va-</strong></span> 
     </span>
    </p>
   </div>
   <div class='ocr_carea' id='block_1_33' title="bbox 529 416 633 475">
    <p class='ocr_par' dir='ltr' id='par_1_33' title="bbox 529 416 633 475">
     <span class='ocr_line' id='line_1_33' title="bbox 529 416 633 475; baseline 0.029 -3"><span class='ocrx_word' id='word_1_238' title='bbox 529 416 633 475; x_wconf 74' lang='lat' dir='ltr'><strong>H9</strong></span> 
     </span>
    </p>
   </div>
   <div class='ocr_carea' id='block_1_34' title="bbox 999 520 2163 593">
    <p class='ocr_par' dir='ltr' id='par_1_34' title="bbox 999 520 2163 593">
     <span class='ocr_line' id='line_1_34' title="bbox 999 520 2163 593; baseline -0.005 -4"><span class='ocrx_word' id='word_1_239' title='bbox 999 534 1078 592; x_wconf 71' lang='lat' dir='ltr'><strong>De</strong></span> <span class='ocrx_word' id='word_1_240' title='bbox 1105 520 1293 590; x_wconf 72' lang='lat' dir='ltr'><strong>abbate</strong></span> <span class='ocrx_word' id='word_1_241' title='bbox 1332 533 1614 587; x_wconf 78' lang='lat' dir='ltr'><strong>Ammona.</strong></span> <span class='ocrx_word' id='word_1_242' title='bbox 2115 536 2163 593; x_wconf 76' lang='grc' dir='ltr'>Α</span> 
     </span>
    </p>
   </div>
   <div class='ocr_carea' id='block_1_35' title="bbox 589 646 2082 721">
    <p class='ocr_par' dir='ltr' id='par_1_35' title="bbox 589 646 2082 721">
     <span class='ocr_line' id='line_1_35' title="bbox 589 646 2082 721; baseline -0.003 -19"><span class='ocrx_word' id='word_1_243' title='bbox 589 649 643 702; x_wconf 71' lang='grc'><strong>1.</strong></span> <span class='ocrx_word' id='word_1_244' title='bbox 678 646 792 721; x_wconf 78' lang='lat'><strong>(36)</strong></span> <span class='ocrx_word' id='word_1_245' title='bbox 826 647 1019 705; x_wconf 84' lang='lat' dir='ltr'><strong>Frater</strong></span> <span class='ocrx_word' id='word_1_246' title='bbox 1060 648 1417 719; x_wconf 79' lang='lat' dir='ltr'><strong>interrogavit</strong></span> <span class='ocrx_word' id='word_1_247' title='bbox 1449 647 1701 704; x_wconf 86' lang='lat' dir='ltr'><strong>abbatem</strong></span> <span class='ocrx_word' id='word_1_248' title='bbox 1734 651 2082 713; x_wconf 80' lang='lat' dir='ltr'><strong>Ammonam,</strong></span> 
     </span>
    </p>
   </div>
   <div class='ocr_carea' id='block_1_36' title="bbox 519 734 2082 802">
    <p class='ocr_par' dir='ltr' id='par_1_36' title="bbox 519 734 2082 802">
     <span class='ocr_line' id='line_1_36' title="bbox 519 734 2082 802; baseline -0.003 -6"><span class='ocrx_word' id='word_1_249' title='bbox 519 738 755 796; x_wconf 85' lang='lat' dir='ltr'><strong>dicens:</strong></span> <span class='ocrx_word' id='word_1_250' title='bbox 809 739 997 795; x_wconf 80' lang='lat' dir='ltr'><strong>Profer</strong></span> <span class='ocrx_word' id='word_1_251' title='bbox 1026 740 1159 794; x_wconf 87' lang='lat' dir='ltr'><strong>mihi</strong></span> <span class='ocrx_word' id='word_1_252' title='bbox 1195 739 1442 795; x_wconf 88' lang='lat' dir='ltr'><strong>verbum.</strong></span> <span class='ocrx_word' id='word_1_253' title='bbox 1493 739 1582 794; x_wconf 87' lang='lat' dir='ltr'><strong>Ait</strong></span> <span class='ocrx_word' id='word_1_254' title='bbox 1637 754 1802 794; x_wconf 85' lang='lat' dir='ltr'><strong>senex</strong></span> <span class='ocrx_word' id='word_1_255' title='bbox 1837 753 1853 792; x_wconf 88' lang='lat'><strong>:</strong></span> <span class='ocrx_word' id='word_1_256' title='bbox 1919 734 2082 802; x_wconf 80' lang='lat' dir='ltr'><strong>Vade,</strong></span> 
     </span>
    </p>
   </div>
   <div class='ocr_carea' id='block_1_37' title="bbox 519 830 2085 901">
    <p class='ocr_par' dir='ltr' id='par_1_37' title="bbox 519 830 2085 901">
     <span class='ocr_line' id='line_1_37' title="bbox 519 830 2085 901; baseline -0.001 -16"><span class='ocrx_word' id='word_1_257' title='bbox 519 831 683 885; x_wconf 83' lang='lat' dir='ltr'><strong>talem</strong></span> <span class='ocrx_word' id='word_1_258' title='bbox 713 830 851 886; x_wconf 87' lang='lat' dir='ltr'><strong>habe</strong></span> <span class='ocrx_word' id='word_1_259' title='bbox 887 831 1291 901; x_wconf 84' lang='lat' dir='ltr'><strong>cogitationem,</strong></span> <span class='ocrx_word' id='word_1_260' title='bbox 1322 831 1541 900; x_wconf 87' lang='lat' dir='ltr'><strong>qualem</strong></span> <span class='ocrx_word' id='word_1_261' title='bbox 1558 831 1638 885; x_wconf 91' lang='lat' dir='ltr'><strong>rei</strong></span> <span class='ocrx_word' id='word_1_262' title='bbox 1660 830 1752 901; x_wconf 88' lang='lat' dir='ltr'><strong>qui</strong></span> <span class='ocrx_word' id='word_1_263' title='bbox 1786 831 1841 884; x_wconf 90' lang='lat' dir='ltr'><strong>in</strong></span> <span class='ocrx_word' id='word_1_264' title='bbox 1864 844 2085 885; x_wconf 82' lang='lat' dir='ltr'><strong>carcere</strong></span> 
     </span>
    </p>
   </div>
   <div class='ocr_carea' id='block_1_38' title="bbox 518 919 2085 992">
    <p class='ocr_par' dir='ltr' id='par_1_38' title="bbox 518 919 2085 992">
     <span class='ocr_line' id='line_1_38' title="bbox 518 919 2085 992; baseline -0.001 -16"><span class='ocrx_word' id='word_1_265' title='bbox 518 928 823 976; x_wconf 85' lang='lat' dir='ltr'><strong>versantur.</strong></span> <span class='ocrx_word' id='word_1_266' title='bbox 847 920 928 975; x_wconf 91' lang='lat' dir='ltr'><strong>llli</strong></span> <span class='ocrx_word' id='word_1_267' title='bbox 951 936 1187 991; x_wconf 86' lang='lat' dir='ltr'><strong>namque</strong></span> <span class='ocrx_word' id='word_1_268' title='bbox 1210 937 1426 992; x_wconf 88' lang='lat' dir='ltr'><strong>semper</strong></span> <span class='ocrx_word' id='word_1_269' title='bbox 1450 922 1789 991; x_wconf 88' lang='lat' dir='ltr'><strong>interrogant</strong></span> <span class='ocrx_word' id='word_1_270' title='bbox 1823 919 2085 975; x_wconf 88' lang='lat' dir='ltr'><strong>acceden-</strong></span> 
     </span>
    </p>
   </div>
   <div class='ocr_carea' id='block_1_39' title="bbox 516 1011 2082 1083">
    <p class='ocr_par' dir='ltr' id='par_1_39' title="bbox 516 1011 2082 1083">
     <span class='ocr_line' id='line_1_39' title="bbox 516 1011 2082 1083; baseline 0.001 -19"><span class='ocrx_word' id='word_1_271' title='bbox 516 1017 599 1065; x_wconf 88' lang='lat' dir='ltr'><strong>tes</strong></span> <span class='ocrx_word' id='word_1_272' title='bbox 621 1011 789 1074; x_wconf 87' lang='lat' dir='ltr'><strong>viros,</strong></span> <span class='ocrx_word' id='word_1_273' title='bbox 822 1012 1039 1065; x_wconf 87' lang='lat' dir='ltr'><strong>ubinam</strong></span> <span class='ocrx_word' id='word_1_274' title='bbox 1068 1012 1229 1083; x_wconf 85' lang='lat' dir='ltr'><strong>degat</strong></span> <span class='ocrx_word' id='word_1_275' title='bbox 1249 1028 1469 1082; x_wconf 74' lang='lat' dir='ltr'><strong>praeses,</strong></span> <span class='ocrx_word' id='word_1_276' title='bbox 1493 1023 1547 1067; x_wconf 91' lang='lat' dir='ltr'><strong>et</strong></span> <span class='ocrx_word' id='word_1_277' title='bbox 1574 1012 1792 1082; x_wconf 87' lang='lat' dir='ltr'><strong>quando</strong></span> <span class='ocrx_word' id='word_1_278' title='bbox 1819 1024 2082 1066; x_wconf 83' lang='lat' dir='ltr'><strong>venturus</strong></span> 
     </span>
    </p>
   </div>
   <div class='ocr_carea' id='block_1_40' title="bbox 516 1097 2081 1171">
    <p class='ocr_par' dir='ltr' id='par_1_40' title="bbox 516 1097 2081 1171">
     <span class='ocr_line' id='line_1_40' title="bbox 516 1097 2081 1171; baseline 0.003 -20"><span class='ocrx_word' id='word_1_279' title='bbox 516 1097 620 1163; x_wconf 89' lang='lat' dir='ltr'><strong>sit;</strong></span> <span class='ocrx_word' id='word_1_280' title='bbox 645 1105 804 1167; x_wconf 84' lang='lat' dir='ltr'><strong>atque</strong></span> <span class='ocrx_word' id='word_1_281' title='bbox 818 1113 883 1152; x_wconf 85' lang='lat' dir='ltr'><strong>ex</strong></span> <span class='ocrx_word' id='word_1_282' title='bbox 908 1102 1315 1169; x_wconf 78' lang='lat' dir='ltr'><strong>exspectatione</strong></span> <span class='ocrx_word' id='word_1_283' title='bbox 1345 1102 1587 1171; x_wconf 87' lang='lat' dir='ltr'><strong>plorant.</strong></span> <span class='ocrx_word' id='word_1_284' title='bbox 1612 1101 1737 1155; x_wconf 90' lang='lat' dir='ltr'><strong>Pari</strong></span> <span class='ocrx_word' id='word_1_285' title='bbox 1769 1101 1928 1156; x_wconf 93' lang='lat' dir='ltr'><strong>modo</strong></span> <span class='ocrx_word' id='word_1_286' title='bbox 1959 1116 2081 1155; x_wconf 39' lang='lat' dir='ltr'><strong>mo.-</strong></span> 
     </span>
    </p>
   </div>
   <div class='ocr_carea' id='block_1_41' title="bbox 515 1187 2082 1260">
    <p class='ocr_par' dir='ltr' id='par_1_41' title="bbox 515 1187 2082 1260">
     <span class='ocr_line' id='line_1_41' title="bbox 515 1187 2082 1260; baseline 0.004 -21"><span class='ocrx_word' id='word_1_287' title='bbox 515 1187 722 1241; x_wconf 90' lang='lat' dir='ltr'><strong>nachus</strong></span> <span class='ocrx_word' id='word_1_288' title='bbox 758 1187 918 1243; x_wconf 88' lang='lat' dir='ltr'><strong>debet</strong></span> <span class='ocrx_word' id='word_1_289' title='bbox 945 1205 1159 1260; x_wconf 87' lang='lat' dir='ltr'><strong>semper</strong></span> <span class='ocrx_word' id='word_1_290' title='bbox 1206 1190 1506 1254; x_wconf 84' lang='lat' dir='ltr'><strong>attendere,</strong></span> <span class='ocrx_word' id='word_1_291' title='bbox 1553 1206 1618 1244; x_wconf 92' lang='lat' dir='ltr'><strong>ac</strong></span> <span class='ocrx_word' id='word_1_292' title='bbox 1655 1190 1889 1244; x_wconf 89' lang='lat' dir='ltr'><strong>animam</strong></span> <span class='ocrx_word' id='word_1_293' title='bbox 1925 1205 2082 1245; x_wconf 84' lang='lat' dir='ltr'><strong>suam</strong></span> 
     </span>
    </p>
   </div>
   <div class='ocr_carea' id='block_1_42' title="bbox 512 1278 2082 1351">
    <p class='ocr_par' dir='ltr' id='par_1_42' title="bbox 512 1278 2082 1351">
     <span class='ocr_line' id='line_1_42' title="bbox 512 1278 2082 1351; baseline 0.004 -21"><span class='ocrx_word' id='word_1_294' title='bbox 512 1278 823 1348; x_wconf 88' lang='lat' dir='ltr'><strong>objurgare,</strong></span> <span class='ocrx_word' id='word_1_295' title='bbox 858 1279 1088 1334; x_wconf 91' lang='lat' dir='ltr'><strong>dicendo</strong></span> <span class='ocrx_word' id='word_1_296' title='bbox 1123 1298 1136 1335; x_wconf 91' lang='lat'>:</span> <span class='ocrx_word' id='word_1_297' title='bbox 1177 1279 1270 1335; x_wconf 66' lang='lat' dir='ltr'><strong>Va:</strong></span> <span class='ocrx_word' id='word_1_298' title='bbox 1326 1282 1499 1335; x_wconf 79' lang='lat' dir='ltr'><strong>mihi!</strong></span> <span class='ocrx_word' id='word_1_299' title='bbox 1557 1279 1839 1346; x_wconf 84' lang='lat' dir='ltr'><strong>Quomodo</strong></span> <span class='ocrx_word' id='word_1_300' title='bbox 1890 1288 2082 1351; x_wconf 87' lang='lat' dir='ltr'><strong>potero</strong></span> 
     </span>
    </p>
   </div>
   <div class='ocr_carea' id='block_1_43' title="bbox 512 1369 2083 1442">
    <p class='ocr_par' dir='ltr' id='par_1_43' title="bbox 512 1369 2083 1442">
     <span class='ocr_line' id='line_1_43' title="bbox 512 1369 2083 1442; baseline 0.002 -19"><span class='ocrx_word' id='word_1_301' title='bbox 512 1377 693 1423; x_wconf 85' lang='lat' dir='ltr'><strong>astare</strong></span> <span class='ocrx_word' id='word_1_302' title='bbox 720 1369 787 1423; x_wconf 92' lang='lat' dir='ltr'><strong>ad</strong></span> <span class='ocrx_word' id='word_1_303' title='bbox 820 1370 1059 1425; x_wconf 88' lang='lat' dir='ltr'><strong>tribunal</strong></span> <span class='ocrx_word' id='word_1_304' title='bbox 1099 1371 1348 1427; x_wconf 79' lang='lat' dir='ltr'><strong>Christi?</strong></span> <span class='ocrx_word' id='word_1_305' title='bbox 1380 1371 1582 1442; x_wconf 89' lang='lat' dir='ltr'><strong>quidve</strong></span> <span class='ocrx_word' id='word_1_306' title='bbox 1632 1370 1843 1427; x_wconf 85' lang='lat' dir='ltr'><strong>habebo</strong></span> <span class='ocrx_word' id='word_1_307' title='bbox 1892 1370 2083 1426; x_wconf 82' lang='lat' dir='ltr'><strong>defen-</strong></span> 
     </span>
    </p>
   </div>
   <div class='ocr_carea' id='block_1_44' title="bbox 511 1458 2078 1530">
    <p class='ocr_par' dir='ltr' id='par_1_44' title="bbox 511 1458 2078 1530">
     <span class='ocr_line' id='line_1_44' title="bbox 511 1458 2078 1530; baseline 0.004 -19"><span class='ocrx_word' id='word_1_308' title='bbox 511 1458 684 1513; x_wconf 86' lang='lat' dir='ltr'><strong>sionis</strong></span> <span class='ocrx_word' id='word_1_309' title='bbox 717 1473 904 1514; x_wconf 89' lang='lat' dir='ltr'><strong>coram</strong></span> <span class='ocrx_word' id='word_1_310' title='bbox 926 1460 1059 1516; x_wconf 87' lang='lat' dir='ltr'><strong>illo?</strong></span> <span class='ocrx_word' id='word_1_311' title='bbox 1088 1461 1145 1516; x_wconf 91' lang='lat' dir='ltr'><strong>Si</strong></span> <span class='ocrx_word' id='word_1_312' title='bbox 1178 1463 1252 1517; x_wconf 88' lang='lat' dir='ltr'><strong>ita</strong></span> <span class='ocrx_word' id='word_1_313' title='bbox 1286 1462 1510 1519; x_wconf 83' lang='lat' dir='ltr'><strong>assidue</strong></span> <span class='ocrx_word' id='word_1_314' title='bbox 1553 1461 1849 1518; x_wconf 88' lang='lat' dir='ltr'><strong>meditatus</strong></span> <span class='ocrx_word' id='word_1_315' title='bbox 1876 1461 2078 1530; x_wconf 82' lang='lat' dir='ltr'><strong>fueris,</strong></span> 
     </span>
    </p>
   </div>
   <div class='ocr_carea' id='block_1_45' title="bbox 511 1551 1283 1622">
    <p class='ocr_par' dir='ltr' id='par_1_45' title="bbox 511 1551 1283 1622">
     <span class='ocr_line' id='line_1_45' title="bbox 511 1551 1283 1622; baseline 0.012 -21"><span class='ocrx_word' id='word_1_316' title='bbox 511 1551 716 1620; x_wconf 87' lang='lat' dir='ltr'><strong>poteris</strong></span> <span class='ocrx_word' id='word_1_317' title='bbox 738 1553 998 1622; x_wconf 88' lang='lat' dir='ltr'><strong>consequi</strong></span> <span class='ocrx_word' id='word_1_318' title='bbox 1027 1555 1283 1610; x_wconf 86' lang='lat' dir='ltr'><strong>salutem.</strong></span> 
     </span>
    </p>
   </div>
   <div class='ocr_carea' id='block_1_46' title="bbox 585 1639 2082 1715">
    <p class='ocr_par' dir='ltr' id='par_1_46' title="bbox 585 1639 2082 1715">
     <span class='ocr_line' id='line_1_46' title="bbox 585 1639 2082 1715; baseline 0.004 -22"><span class='ocrx_word' id='word_1_319' title='bbox 585 1639 641 1695; x_wconf 80' lang='lat'><strong>2.</strong></span> <span class='ocrx_word' id='word_1_320' title='bbox 675 1640 785 1713; x_wconf 80' lang='grc'><strong>(57)</strong></span> <span class='ocrx_word' id='word_1_321' title='bbox 814 1641 1185 1700; x_wconf 85' lang='lat' dir='ltr'><strong>Memorabant</strong></span> <span class='ocrx_word' id='word_1_322' title='bbox 1205 1646 1272 1701; x_wconf 91' lang='lat' dir='ltr'><strong>de</strong></span> <span class='ocrx_word' id='word_1_323' title='bbox 1294 1647 1489 1703; x_wconf 85' lang='lat' dir='ltr'><strong>abbate</strong></span> <span class='ocrx_word' id='word_1_324' title='bbox 1512 1646 1801 1713; x_wconf 83' lang='lat' dir='ltr'><strong>Ammona,</strong></span> <span class='ocrx_word' id='word_1_325' title='bbox 1821 1644 1967 1715; x_wconf 88' lang='lat' dir='ltr'><strong>quod</strong></span> <span class='ocrx_word' id='word_1_326' title='bbox 1989 1645 2082 1701; x_wconf 90' lang='lat' dir='ltr'><strong>ba-</strong></span> 
     </span>
    </p>
   </div>
   <div class='ocr_carea' id='block_1_47' title="bbox 512 1730 2079 1809">
    <p class='ocr_par' dir='ltr' id='par_1_47' title="bbox 512 1730 2079 1809">
     <span class='ocr_line' id='line_1_47' title="bbox 512 1730 2079 1809; baseline 0.004 -23"><span class='ocrx_word' id='word_1_327' title='bbox 512 1730 757 1787; x_wconf 90' lang='lat' dir='ltr'><strong>siliscum</strong></span> <span class='ocrx_word' id='word_1_328' title='bbox 786 1735 1068 1791; x_wconf 89' lang='lat' dir='ltr'><strong>occiderit.</strong></span> <span class='ocrx_word' id='word_1_329' title='bbox 1113 1735 1250 1792; x_wconf 80' lang='lat' dir='ltr'><strong>Nam</strong></span> <span class='ocrx_word' id='word_1_330' title='bbox 1279 1737 1557 1809; x_wconf 82' lang='lat' dir='ltr'><strong>prolectus</strong></span> <span class='ocrx_word' id='word_1_331' title='bbox 1610 1738 1668 1793; x_wconf 86' lang='lat' dir='ltr'><strong>in</strong></span> <span class='ocrx_word' id='word_1_332' title='bbox 1705 1737 1982 1793; x_wconf 84' lang='lat' dir='ltr'><strong>desertum</strong></span> <span class='ocrx_word' id='word_1_333' title='bbox 2010 1736 2079 1793; x_wconf 92' lang='lat' dir='ltr'><strong>ad</strong></span> 
     </span>
    </p>
   </div>
   <div class='ocr_carea' id='block_1_48' title="bbox 2246 2177 3752 2256">
    <p class='ocr_par' dir='ltr' id='par_1_48' title="bbox 2246 2177 3752 2256">
     <span class='ocr_line' id='line_1_48' title="bbox 2246 2177 3752 2256; baseline -0.009 -14"><span class='ocrx_word' id='word_1_334' title='bbox 2246 2193 2312 2256; x_wconf 65' lang='grc' dir='ltr'>γ,</span> <span class='ocrx_word' id='word_1_335' title='bbox 2346 2184 2514 2239; x_wconf 80' lang='grc' dir='ltr'>Εἶπεν</span> <span class='ocrx_word' id='word_1_336' title='bbox 2537 2188 2565 2239; x_wconf 90' lang='grc' dir='ltr'><strong>ὁ</strong></span> <span class='ocrx_word' id='word_1_337' title='bbox 2593 2185 2766 2248; x_wconf 65' lang='lat' dir='ltr'><strong>esse;</strong></span> <span class='ocrx_word' id='word_1_338' title='bbox 2789 2185 3106 2255; x_wconf 78' lang='grc' dir='ltr'>Ἀμμωνᾶς,</span> <span class='ocrx_word' id='word_1_339' title='bbox 3135 2183 3217 2236; x_wconf 86' lang='grc' dir='ltr'>ὃτι</span> <span class='ocrx_word' id='word_1_340' title='bbox 3244 2179 3627 2250; x_wconf 86' lang='grc' dir='ltr'>Δεκατέσσαρα</span> <span class='ocrx_word' id='word_1_341' title='bbox 3652 2177 3752 2248; x_wconf 78' lang='grc' dir='ltr'><strong>ἐτη</strong></span> 
     </span>
    </p>
   </div>
   <div class='ocr_carea' id='block_1_49' title="bbox 2175 2262 3756 2349">
    <p class='ocr_par' dir='ltr' id='par_1_49' title="bbox 2175 2262 3756 2349">
     <span class='ocr_line' id='line_1_49' title="bbox 2175 2262 3756 2349; baseline -0.006 -16"><span class='ocrx_word' id='word_1_342' title='bbox 2175 2279 2407 2348; x_wconf 81' lang='grc' dir='ltr'>ἐποίησα</span> <span class='ocrx_word' id='word_1_343' title='bbox 2430 2281 2486 2331; x_wconf 83' lang='grc' dir='ltr'><strong>ἐν</strong></span> <span class='ocrx_word' id='word_1_344' title='bbox 2510 2279 2709 2349; x_wconf 81' lang='grc' dir='ltr'>Σκήτει</span> <span class='ocrx_word' id='word_1_345' title='bbox 2724 2262 2979 2347; x_wconf 77' lang='grc' dir='ltr'>δεόμενος</span> <span class='ocrx_word' id='word_1_346' title='bbox 3001 2274 3094 2328; x_wconf 88' lang='grc' dir='ltr'><strong>τοῦ</strong></span> <span class='ocrx_word' id='word_1_347' title='bbox 3119 2273 3253 2327; x_wconf 86' lang='grc' dir='ltr'>Θεοῦ</span> <span class='ocrx_word' id='word_1_348' title='bbox 3286 2273 3478 2336; x_wconf 81' lang='grc' dir='ltr'>νυκτὸς</span> <span class='ocrx_word' id='word_1_349' title='bbox 3506 2273 3601 2325; x_wconf 77' lang='grc' dir='ltr'><strong>καὶ</strong></span> <span class='ocrx_word' id='word_1_350' title='bbox 3622 2271 3756 2343; x_wconf 75' lang='grc' dir='ltr'>ὴμέ-</span> 
     </span>
    </p>
   </div>
   <div class='ocr_carea' id='block_1_50' title="bbox 2178 2366 3471 2442">
    <p class='ocr_par' dir='ltr' id='par_1_50' title="bbox 2178 2366 3471 2442">
     <span class='ocr_line' id='line_1_50' title="bbox 2178 2366 3471 2442; baseline -0.005 -18"><span class='ocrx_word' id='word_1_351' title='bbox 2178 2388 2296 2442; x_wconf 80' lang='grc' dir='ltr'>ρας,</span> <span class='ocrx_word' id='word_1_352' title='bbox 2333 2370 2419 2423; x_wconf 72' lang='grc' dir='ltr'>ἵνα</span> <span class='ocrx_word' id='word_1_353' title='bbox 2456 2387 2544 2440; x_wconf 88' lang='grc' dir='ltr'><strong>μοι</strong></span> <span class='ocrx_word' id='word_1_354' title='bbox 2573 2368 2860 2440; x_wconf 83' lang='grc' dir='ltr'>χαρίσηται</span> <span class='ocrx_word' id='word_1_355' title='bbox 2892 2369 3110 2438; x_wconf 82' lang='grc' dir='ltr'>νικῆσαι</span> <span class='ocrx_word' id='word_1_356' title='bbox 3146 2368 3243 2438; x_wconf 87' lang='grc' dir='ltr'>τὴν</span> <span class='ocrx_word' id='word_1_357' title='bbox 3280 2366 3471 2437; x_wconf 83' lang='grc' dir='ltr'>ὀργήν.</span> 
     </span>
    </p>
   </div>
   <div class='ocr_carea' id='block_1_51' title="bbox 2243 2454 3761 2532">
    <p class='ocr_par' dir='ltr' id='par_1_51' title="bbox 2243 2454 3761 2532">
     <span class='ocr_line' id='line_1_51' title="bbox 2243 2454 3761 2532; baseline -0.003 -18"><span class='ocrx_word' id='word_1_358' title='bbox 2243 2460 2304 2514; x_wconf 92' lang='grc' dir='ltr'>δ’.</span> <span class='ocrx_word' id='word_1_359' title='bbox 2329 2460 2637 2532; x_wconf 86' lang='grc' dir='ltr'>Διηγήσατό</span> <span class='ocrx_word' id='word_1_360' title='bbox 2662 2477 2745 2523; x_wconf 89' lang='grc' dir='ltr'><strong>τις</strong></span> <span class='ocrx_word' id='word_1_361' title='bbox 2784 2458 2891 2513; x_wconf 85' lang='grc' dir='ltr'>τῶν</span> <span class='ocrx_word' id='word_1_362' title='bbox 2913 2458 3195 2530; x_wconf 86' lang='grc' dir='ltr'>Πατέρων,</span> <span class='ocrx_word' id='word_1_363' title='bbox 3243 2458 3324 2510; x_wconf 85' lang='grc' dir='ltr'>ὅτι</span> <span class='ocrx_word' id='word_1_364' title='bbox 3364 2454 3432 2530; x_wconf 80' lang='grc' dir='ltr'>ἦν</span> <span class='ocrx_word' id='word_1_365' title='bbox 3470 2475 3553 2520; x_wconf 83' lang='grc' dir='ltr'><strong>τις</strong></span> <span class='ocrx_word' id='word_1_366' title='bbox 3578 2456 3761 2527; x_wconf 83' lang='grc' dir='ltr'>γέρων</span> 
     </span>
    </p>
   </div>
   <div class='ocr_carea' id='block_1_52' title="bbox 2173 2546 3761 2621">
    <p class='ocr_par' dir='ltr' id='par_1_52' title="bbox 2173 2546 3761 2621">
     <span class='ocr_line' id='line_1_52' title="bbox 2173 2546 3761 2621; baseline -0.004 -15"><span class='ocrx_word' id='word_1_367' title='bbox 2173 2551 2393 2614; x_wconf 83' lang='grc' dir='ltr'>πονικὸς</span> <span class='ocrx_word' id='word_1_368' title='bbox 2417 2553 2494 2614; x_wconf 82' lang='grc' dir='ltr'><strong>είς</strong></span> <span class='ocrx_word' id='word_1_369' title='bbox 2527 2550 2595 2605; x_wconf 80' lang='grc' dir='ltr'>τὰ</span> <span class='ocrx_word' id='word_1_370' title='bbox 2615 2550 2816 2603; x_wconf 83' lang='grc' dir='ltr'>Κελλία</span> <span class='ocrx_word' id='word_1_371' title='bbox 2840 2550 2974 2620; x_wconf 74' lang='grc'><strong>(40),</strong></span> <span class='ocrx_word' id='word_1_372' title='bbox 3005 2550 3188 2621; x_wconf 78' lang='grc' dir='ltr'>φορῶν</span> <span class='ocrx_word' id='word_1_373' title='bbox 3209 2549 3423 2619; x_wconf 79' lang='grc' dir='ltr'>ψιάθιον</span> <span class='ocrx_word' id='word_1_374' title='bbox 3444 2568 3458 2582; x_wconf 77' lang='grc' dir='ltr'><strong>ο</strong></span> <span class='ocrx_word' id='word_1_375' title='bbox 3490 2549 3585 2602; x_wconf 67' lang='grc' dir='ltr'><strong>καὶ</strong></span> <span class='ocrx_word' id='word_1_376' title='bbox 3601 2546 3761 2601; x_wconf 86' lang='grc' dir='ltr'>ἀπελ-</span> 
     </span>
    </p>
   </div>
   <div class='ocr_carea' id='block_1_53' title="bbox 2173 2636 3760 2713">
    <p class='ocr_par' dir='ltr' id='par_1_53' title="bbox 2173 2636 3760 2713">
     <span class='ocr_line' id='line_1_53' title="bbox 2173 2636 3760 2713; baseline -0.003 -17"><span class='ocrx_word' id='word_1_377' title='bbox 2173 2642 2281 2696; x_wconf 87' lang='grc' dir='ltr'><strong>θὼν</strong></span> <span class='ocrx_word' id='word_1_378' title='bbox 2310 2641 2584 2713; x_wconf 78' lang='grc' dir='ltr'>παρέϐαλε</span> <span class='ocrx_word' id='word_1_379' title='bbox 2630 2640 2710 2710; x_wconf 83' lang='grc' dir='ltr'>τῷ</span> <span class='ocrx_word' id='word_1_380' title='bbox 2754 2641 2899 2712; x_wconf 53' lang='lat' dir='ltr'><strong>esse</strong></span> <span class='ocrx_word' id='word_1_381' title='bbox 2944 2642 3227 2712; x_wconf 76' lang='grc' dir='ltr'>’Δμμωνᾷ.</span> <span class='ocrx_word' id='word_1_382' title='bbox 3263 2636 3383 2693; x_wconf 79' lang='grc' dir='ltr'>Εῐδε</span> <span class='ocrx_word' id='word_1_383' title='bbox 3431 2639 3488 2692; x_wconf 83' lang='grc' dir='ltr'><strong>δέ</strong></span> <span class='ocrx_word' id='word_1_384' title='bbox 3523 2637 3687 2692; x_wconf 80' lang='grc' dir='ltr'>αὐτὸν</span> <span class='ocrx_word' id='word_1_385' title='bbox 3730 2638 3760 2691; x_wconf 84' lang='lat'><strong>6</strong></span> 
     </span>
    </p>
   </div>
   <div class='ocr_carea' id='block_1_54' title="bbox 2172 2726 3761 2803">
    <p class='ocr_par' dir='ltr' id='par_1_54' title="bbox 2172 2726 3761 2803">
     <span class='ocr_line' id='line_1_54' title="bbox 2172 2726 3761 2803; baseline -0.004 -17"><span class='ocrx_word' id='word_1_386' title='bbox 2172 2736 2352 2803; x_wconf 88' lang='grc' dir='ltr'>γέρων</span> <span class='ocrx_word' id='word_1_387' title='bbox 2378 2731 2649 2802; x_wconf 83' lang='grc' dir='ltr'>φοροῦντα</span> <span class='ocrx_word' id='word_1_388' title='bbox 2671 2732 2732 2784; x_wconf 84' lang='grc' dir='ltr'><strong>τὸ</strong></span> <span class='ocrx_word' id='word_1_389' title='bbox 2759 2731 2994 2800; x_wconf 82' lang='grc' dir='ltr'>ψιάθιον,</span> <span class='ocrx_word' id='word_1_390' title='bbox 3032 2731 3125 2784; x_wconf 73' lang='grc' dir='ltr'>καὶ</span> <span class='ocrx_word' id='word_1_391' title='bbox 3168 2730 3315 2798; x_wconf 86' lang='grc' dir='ltr'>λέγει</span> <span class='ocrx_word' id='word_1_392' title='bbox 3357 2728 3506 2798; x_wconf 78' lang='grc' dir='ltr'>αὐτῷ</span> <span class='ocrx_word' id='word_1_393' title='bbox 3526 2742 3540 2757; x_wconf 85' lang='grc'>⁶</span> <span class='ocrx_word' id='word_1_394' title='bbox 3586 2726 3761 2781; x_wconf 77' lang='grc' dir='ltr'>Τοῦτο</span> 
     </span>
    </p>
   </div>
   <div class='ocr_carea' id='block_1_55' title="bbox 2172 2818 3757 2896">
    <p class='ocr_par' dir='ltr' id='par_1_55' title="bbox 2172 2818 3757 2896">
     <span class='ocr_line' id='line_1_55' title="bbox 2172 2818 3757 2896; baseline -0.004 -18"><span class='ocrx_word' id='word_1_395' title='bbox 2172 2825 2323 2877; x_wconf 82' lang='grc' dir='ltr'>οὐδέν</span> <span class='ocrx_word' id='word_1_396' title='bbox 2358 2841 2416 2875; x_wconf 89' lang='grc' dir='ltr'><strong>σε</strong></span> <span class='ocrx_word' id='word_1_397' title='bbox 2450 2822 2669 2892; x_wconf 81' lang='grc' dir='ltr'>ὠφελεῖ.</span> <span class='ocrx_word' id='word_1_398' title='bbox 2706 2823 2815 2876; x_wconf 97' lang='lat' dir='ltr'><strong>Kal</strong></span> <span class='ocrx_word' id='word_1_399' title='bbox 2850 2820 3143 2896; x_wconf 73' lang='grc' dir='ltr'>ἠρώτησεν</span> <span class='ocrx_word' id='word_1_400' title='bbox 3183 2821 3343 2875; x_wconf 69' lang='grc' dir='ltr'>αὐτὴν</span> <span class='ocrx_word' id='word_1_401' title='bbox 3372 2823 3401 2873; x_wconf 89' lang='lat'><strong>6</strong></span> <span class='ocrx_word' id='word_1_402' title='bbox 3423 2820 3598 2890; x_wconf 82' lang='grc' dir='ltr'>γέρων</span> <span class='ocrx_word' id='word_1_403' title='bbox 3621 2859 3637 2884; x_wconf 87' lang='grc'><strong>,</strong></span> <span class='ocrx_word' id='word_1_404' title='bbox 3664 2818 3757 2872; x_wconf 84' lang='grc' dir='ltr'>λέ-</span> 
     </span>
    </p>
   </div>
   <div class='ocr_carea' id='block_1_56' title="bbox 2173 2909 3766 2986">
    <p class='ocr_par' dir='ltr' id='par_1_56' title="bbox 2173 2909 3766 2986">
     <span class='ocr_line' id='line_1_56' title="bbox 2173 2909 3766 2986; baseline -0.004 -18"><span class='ocrx_word' id='word_1_405' title='bbox 2173 2932 2285 2984; x_wconf 90' lang='grc' dir='ltr'><strong>γων</strong></span> <span class='ocrx_word' id='word_1_406' title='bbox 2307 2930 2319 2944; x_wconf 75' lang='grc'><strong><em>⁸</em></strong></span> <span class='ocrx_word' id='word_1_407' title='bbox 2357 2916 2518 2986; x_wconf 88' lang='grc' dir='ltr'>Τρεῖς</span> <span class='ocrx_word' id='word_1_408' title='bbox 2548 2913 2797 2983; x_wconf 76' lang='grc' dir='ltr'>λογισμοὶ</span> <span class='ocrx_word' id='word_1_409' title='bbox 2829 2913 3044 2982; x_wconf 86' lang='grc' dir='ltr'>ὀχλοῦσί</span> <span class='ocrx_word' id='word_1_410' title='bbox 3080 2928 3205 2983; x_wconf 88' lang='grc' dir='ltr'>μοι·</span> <span class='ocrx_word' id='word_1_411' title='bbox 3238 2913 3274 2983; x_wconf 77' lang='grc' dir='ltr'><strong>ἢ</strong></span> <span class='ocrx_word' id='word_1_412' title='bbox 3295 2911 3354 2964; x_wconf 80' lang='grc' dir='ltr'><strong>τδ</strong></span> <span class='ocrx_word' id='word_1_413' title='bbox 3377 2909 3675 2973; x_wconf 78' lang='grc' dir='ltr'>πλάζεσθαι</span> <span class='ocrx_word' id='word_1_414' title='bbox 3698 2911 3766 2962; x_wconf 81' lang='grc' dir='ltr'><strong>ἐν</strong></span> 
     </span>
    </p>
   </div>
   <div class='ocr_carea' id='block_1_57' title="bbox 504 3001 2075 3077">
    <p class='ocr_par' dir='ltr' id='par_1_57' title="bbox 504 3005 2072 3077">
     <span class='ocr_line' id='line_1_57' title="bbox 504 3005 2072 3077; baseline 0.006 -20"><span class='ocrx_word' id='word_1_415' title='bbox 504 3005 642 3074; x_wconf 87' lang='lat' dir='ltr'><strong>gari,</strong></span> <span class='ocrx_word' id='word_1_416' title='bbox 675 3006 757 3060; x_wconf 91' lang='lat' dir='ltr'><strong>vel</strong></span> <span class='ocrx_word' id='word_1_417' title='bbox 784 3006 848 3060; x_wconf 86' lang='lat' dir='ltr'><strong>ad</strong></span> <span class='ocrx_word' id='word_1_418' title='bbox 875 3009 1219 3077; x_wconf 79' lang='lat' dir='ltr'><strong>peregrinum</strong></span> <span class='ocrx_word' id='word_1_419' title='bbox 1252 3009 1431 3063; x_wconf 91' lang='lat' dir='ltr'><strong>locum</strong></span> <span class='ocrx_word' id='word_1_420' title='bbox 1460 3012 1631 3075; x_wconf 88' lang='lat' dir='ltr'><strong>abire,</strong></span> <span class='ocrx_word' id='word_1_421' title='bbox 1664 3011 1755 3065; x_wconf 87' lang='lat' dir='ltr'><strong>ubi</strong></span> <span class='ocrx_word' id='word_1_422' title='bbox 1790 3027 1948 3065; x_wconf 85' lang='lat' dir='ltr'><strong>nemo</strong></span> <span class='ocrx_word' id='word_1_423' title='bbox 1979 3028 2072 3067; x_wconf 90' lang='lat' dir='ltr'><strong>co-</strong></span> 
     </span>
    </p>
   </div>
   <div class='ocr_carea' id='block_1_58' title="bbox 2182 3001 3755 3077">
    <p class='ocr_par' dir='ltr' id='par_1_58' title="bbox 2182 3001 3755 3075">
     <span class='ocr_line' id='line_1_58' title="bbox 2182 3001 3755 3075; baseline -0.004 -16"><span class='ocrx_word' id='word_1_424' title='bbox 2182 3010 2290 3069; x_wconf 84' lang='grc' dir='ltr'>ταῖς</span> <span class='ocrx_word' id='word_1_425' title='bbox 2313 3007 2540 3075; x_wconf 83' lang='grc' dir='ltr'>ἐρήμοις</span> <span class='ocrx_word' id='word_1_426' title='bbox 2561 3005 2607 3036; x_wconf 71' lang='grc'>⁸⁸</span> <span class='ocrx_word' id='word_1_427' title='bbox 2624 3004 2766 3073; x_wconf 73' lang='grc'><strong>(41),</strong></span> <span class='ocrx_word' id='word_1_428' title='bbox 2793 3003 2825 3074; x_wconf 75' lang='grc' dir='ltr'>ἦ</span> <span class='ocrx_word' id='word_1_429' title='bbox 2856 3004 2941 3055; x_wconf 73' lang='grc' dir='ltr'>ἵνα</span> <span class='ocrx_word' id='word_1_430' title='bbox 2970 3003 3188 3056; x_wconf 82' lang='grc' dir='ltr'>ἀπέλθω</span> <span class='ocrx_word' id='word_1_431' title='bbox 3216 3004 3308 3054; x_wconf 73' lang='grc' dir='ltr'>ἐπὶ</span> <span class='ocrx_word' id='word_1_432' title='bbox 3325 3002 3479 3071; x_wconf 78' lang='grc' dir='ltr'>ξένης</span> <span class='ocrx_word' id='word_1_433' title='bbox 3496 3002 3629 3054; x_wconf 83' lang='grc' dir='ltr'>ὅπου</span> <span class='ocrx_word' id='word_1_434' title='bbox 3661 3001 3755 3053; x_wconf 82' lang='grc' dir='ltr'>οὑ-</span> 
     </span>
    </p>
   </div>
   <div class='ocr_carea' id='block_1_59' title="bbox 506 3091 2075 3168">
    <p class='ocr_par' dir='ltr' id='par_1_59' title="bbox 506 3098 2069 3168">
     <span class='ocr_line' id='line_1_59' title="bbox 506 3098 2069 3168; baseline 0.006 -22"><span class='ocrx_word' id='word_1_435' title='bbox 506 3105 729 3164; x_wconf 83' lang='lat' dir='ltr'><strong>gnoscat</strong></span> <span class='ocrx_word' id='word_1_436' title='bbox 759 3110 877 3161; x_wconf 85' lang='lat' dir='ltr'><strong>me;</strong></span> <span class='ocrx_word' id='word_1_437' title='bbox 903 3098 988 3152; x_wconf 84' lang='lat' dir='ltr'><strong>vel</strong></span> <span class='ocrx_word' id='word_1_438' title='bbox 1011 3098 1245 3167; x_wconf 86' lang='lat' dir='ltr'><strong>denique</strong></span> <span class='ocrx_word' id='word_1_439' title='bbox 1277 3107 1335 3153; x_wconf 89' lang='lat' dir='ltr'><strong>ut</strong></span> <span class='ocrx_word' id='word_1_440' title='bbox 1368 3102 1419 3154; x_wconf 88' lang='lat' dir='ltr'><strong>in</strong></span> <span class='ocrx_word' id='word_1_441' title='bbox 1441 3102 1631 3155; x_wconf 90' lang='lat' dir='ltr'><strong>cellam</strong></span> <span class='ocrx_word' id='word_1_442' title='bbox 1658 3118 1743 3155; x_wconf 89' lang='lat' dir='ltr'><strong>me</strong></span> <span class='ocrx_word' id='word_1_443' title='bbox 1772 3102 2069 3168; x_wconf 85' lang='lat' dir='ltr'><strong>includam,</strong></span> 
     </span>
    </p>
   </div>
   <div class='ocr_carea' id='block_1_60' title="bbox 2182 3091 3755 3168">
    <p class='ocr_par' dir='ltr' id='par_1_60' title="bbox 2182 3091 3755 3167">
     <span class='ocr_line' id='line_1_60' title="bbox 2182 3091 3755 3167; baseline -0.004 -18"><span class='ocrx_word' id='word_1_444' title='bbox 2182 3096 2283 3159; x_wconf 77' lang='grc' dir='ltr'>δεῖς</span> <span class='ocrx_word' id='word_1_445' title='bbox 2317 3113 2384 3167; x_wconf 88' lang='grc' dir='ltr'><strong>με</strong></span> <span class='ocrx_word' id='word_1_446' title='bbox 2413 3094 2788 3165; x_wconf 74' lang='grc' dir='ltr'>ἐπιγινώσκει,</span> <span class='ocrx_word' id='word_1_447' title='bbox 2824 3093 2857 3164; x_wconf 79' lang='grc' dir='ltr'><strong>ἦ</strong></span> <span class='ocrx_word' id='word_1_448' title='bbox 2887 3095 2973 3146; x_wconf 83' lang='grc' dir='ltr'><strong>ἵνα</strong></span> <span class='ocrx_word' id='word_1_449' title='bbox 3002 3093 3265 3162; x_wconf 84' lang='grc' dir='ltr'>ἐγκλεῐσω</span> <span class='ocrx_word' id='word_1_450' title='bbox 3294 3095 3484 3146; x_wconf 71' lang='grc' dir='ltr'>ἐαυτὸν</span> <span class='ocrx_word' id='word_1_451' title='bbox 3513 3094 3593 3155; x_wconf 89' lang='grc' dir='ltr'>εἰς</span> <span class='ocrx_word' id='word_1_452' title='bbox 3625 3091 3755 3144; x_wconf 77' lang='grc' dir='ltr'>κελ-</span> 
     </span>
    </p>
   </div>
   <div class='ocr_carea' id='block_1_61' title="bbox 505 3183 2075 3271">
    <p class='ocr_par' dir='ltr' id='par_1_61' title="bbox 505 3185 2073 3257">
     <span class='ocr_line' id='line_1_61' title="bbox 505 3185 2073 3257; baseline 0.003 -21"><span class='ocrx_word' id='word_1_453' title='bbox 505 3197 803 3239; x_wconf 89' lang='lat' dir='ltr'><strong>occurrens</strong></span> <span class='ocrx_word' id='word_1_454' title='bbox 843 3185 1071 3248; x_wconf 86' lang='lat' dir='ltr'><strong>nemini,</strong></span> <span class='ocrx_word' id='word_1_455' title='bbox 1122 3199 1186 3239; x_wconf 90' lang='lat' dir='ltr'><strong>ac</strong></span> <span class='ocrx_word' id='word_1_456' title='bbox 1218 3194 1340 3257; x_wconf 84' lang='lat' dir='ltr'><strong>post</strong></span> <span class='ocrx_word' id='word_1_457' title='bbox 1372 3187 1594 3241; x_wconf 88' lang='lat' dir='ltr'><strong>biduum</strong></span> <span class='ocrx_word' id='word_1_458' title='bbox 1621 3187 1935 3242; x_wconf 88' lang='lat' dir='ltr'><strong>comedens.</strong></span> <span class='ocrx_word' id='word_1_459' title='bbox 1982 3189 2073 3241; x_wconf 81' lang='lat' dir='ltr'><strong>Ait</strong></span> 
     </span>
    </p>
   </div>
   <div class='ocr_carea' id='block_1_62' title="bbox 2182 3183 3765 3271">
    <p class='ocr_par' dir='ltr' id='par_1_62' title="bbox 2182 3183 3765 3257">
     <span class='ocr_line' id='line_1_62' title="bbox 2182 3183 3765 3257; baseline -0.004 -17"><span class='ocrx_word' id='word_1_460' title='bbox 2182 3187 2307 3252; x_wconf 78' lang='grc' dir='ltr'>λίον,</span> <span class='ocrx_word' id='word_1_461' title='bbox 2359 3187 2454 3241; x_wconf 75' lang='grc' dir='ltr'><strong>καὶ</strong></span> <span class='ocrx_word' id='word_1_462' title='bbox 2506 3186 2693 3257; x_wconf 75' lang='grc' dir='ltr'>μηδενὶ</span> <span class='ocrx_word' id='word_1_463' title='bbox 2734 3186 3048 3255; x_wconf 78' lang='grc' dir='ltr'>ἀπαντήσω.</span> <span class='ocrx_word' id='word_1_464' title='bbox 3087 3184 3173 3237; x_wconf 71' lang='grc' dir='ltr'>διὰ</span> <span class='ocrx_word' id='word_1_465' title='bbox 3202 3184 3292 3236; x_wconf 78' lang='grc' dir='ltr'><strong>δύο</strong></span> <span class='ocrx_word' id='word_1_466' title='bbox 3321 3183 3534 3236; x_wconf 83' lang='grc' dir='ltr'>ἐσθίων.</span> <span class='ocrx_word' id='word_1_467' title='bbox 3590 3183 3765 3251; x_wconf 65' lang='grc' dir='ltr'>Λέγει</span> 
     </span>
    </p>
   </div>
   <div class='ocr_carea' id='block_1_63' title="bbox 505 3273 2075 3350">
    <p class='ocr_par' dir='ltr' id='par_1_63' title="bbox 505 3276 2072 3350">
     <span class='ocr_line' id='line_1_63' title="bbox 505 3276 2072 3350; baseline 0.004 -22"><span class='ocrx_word' id='word_1_468' title='bbox 505 3276 584 3331; x_wconf 89' lang='lat' dir='ltr'><strong>illi</strong></span> <span class='ocrx_word' id='word_1_469' title='bbox 612 3277 782 3332; x_wconf 89' lang='lat' dir='ltr'><strong>abbas</strong></span> <span class='ocrx_word' id='word_1_470' title='bbox 827 3277 1166 3334; x_wconf 86' lang='lat' dir='ltr'><strong>Ammonas:</strong></span> <span class='ocrx_word' id='word_1_471' title='bbox 1202 3279 1473 3343; x_wconf 82' lang='lat' dir='ltr'><strong>Nullume</strong></span> <span class='ocrx_word' id='word_1_472' title='bbox 1506 3280 1683 3334; x_wconf 87' lang='lat' dir='ltr'><strong>tribus</strong></span> <span class='ocrx_word' id='word_1_473' title='bbox 1741 3280 1961 3350; x_wconf 76' lang='lat' dir='ltr'><strong>expedit</strong></span> <span class='ocrx_word' id='word_1_474' title='bbox 2014 3289 2072 3334; x_wconf 91' lang='lat' dir='ltr'><strong>ut</strong></span> 
     </span>
    </p>
   </div>
   <div class='ocr_carea' id='block_1_64' title="bbox 2182 3273 3755 3350">
    <p class='ocr_par' dir='ltr' id='par_1_64' title="bbox 2182 3273 3755 3348">
     <span class='ocr_line' id='line_1_64' title="bbox 2182 3273 3755 3348; baseline -0.004 -16"><span class='ocrx_word' id='word_1_475' title='bbox 2182 3278 2322 3348; x_wconf 65' lang='grc' dir='ltr'>αὐτῷ</span> <span class='ocrx_word' id='word_1_476' title='bbox 2346 3278 2374 3330; x_wconf 92' lang='lat'><strong>6</strong></span> <span class='ocrx_word' id='word_1_477' title='bbox 2400 3276 2571 3340; x_wconf 71' lang='lat' dir='ltr'><strong>assa;</strong></span> <span class='ocrx_word' id='word_1_478' title='bbox 2606 3277 2931 3346; x_wconf 80' lang='grc' dir='ltr'>Ἀμμωνᾶς’</span> <span class='ocrx_word' id='word_1_479' title='bbox 2963 3275 3127 3328; x_wconf 75' lang='grc' dir='ltr'>Οὐδὲν</span> <span class='ocrx_word' id='word_1_480' title='bbox 3166 3276 3230 3328; x_wconf 90' lang='grc' dir='ltr'><strong>ἐκ</strong></span> <span class='ocrx_word' id='word_1_481' title='bbox 3263 3274 3370 3328; x_wconf 85' lang='grc' dir='ltr'>τῶν</span> <span class='ocrx_word' id='word_1_482' title='bbox 3408 3273 3576 3345; x_wconf 83' lang='grc' dir='ltr'>τριῶν</span> <span class='ocrx_word' id='word_1_483' title='bbox 3616 3290 3755 3344; x_wconf 80' lang='grc' dir='ltr'>συμ-</span> 
     </span>
    </p>
   </div>
   <div class='ocr_carea' id='block_1_65' title="bbox 503 3364 2075 3442">
    <p class='ocr_par' dir='ltr' id='par_1_65' title="bbox 503 3365 2072 3442">
     <span class='ocr_line' id='line_1_65' title="bbox 503 3365 2072 3442; baseline 0.005 -23"><span class='ocrx_word' id='word_1_484' title='bbox 503 3365 711 3432; x_wconf 85' lang='lat' dir='ltr'><strong>l&#39;acias;</strong></span> <span class='ocrx_word' id='word_1_485' title='bbox 749 3366 843 3422; x_wconf 89' lang='lat' dir='ltr'><strong>sed</strong></span> <span class='ocrx_word' id='word_1_486' title='bbox 876 3368 1057 3438; x_wconf 88' lang='lat' dir='ltr'><strong>potius</strong></span> <span class='ocrx_word' id='word_1_487' title='bbox 1091 3369 1219 3425; x_wconf 91' lang='lat' dir='ltr'><strong>sede</strong></span> <span class='ocrx_word' id='word_1_488' title='bbox 1250 3370 1306 3424; x_wconf 89' lang='lat' dir='ltr'><strong>in</strong></span> <span class='ocrx_word' id='word_1_489' title='bbox 1338 3371 1473 3425; x_wconf 89' lang='lat' dir='ltr'><strong>cella</strong></span> <span class='ocrx_word' id='word_1_490' title='bbox 1504 3379 1628 3436; x_wconf 90' lang='lat' dir='ltr'><strong>tua,</strong></span> <span class='ocrx_word' id='word_1_491' title='bbox 1672 3383 1725 3427; x_wconf 91' lang='lat' dir='ltr'><strong>et</strong></span> <span class='ocrx_word' id='word_1_492' title='bbox 1758 3387 1948 3442; x_wconf 91' lang='lat' dir='ltr'><strong>parum</strong></span> <span class='ocrx_word' id='word_1_493' title='bbox 1977 3388 2072 3427; x_wconf 86' lang='lat' dir='ltr'><strong>co-</strong></span> 
     </span>
    </p>
   </div>
   <div class='ocr_carea' id='block_1_66' title="bbox 2182 3364 3755 3442">
    <p class='ocr_par' dir='ltr' id='par_1_66' title="bbox 2182 3364 3755 3440">
     <span class='ocr_line' id='line_1_66' title="bbox 2182 3364 3755 3440; baseline -0.003 -19"><span class='ocrx_word' id='word_1_494' title='bbox 2182 3369 2324 3440; x_wconf 70' lang='grc' dir='ltr'>ρέρει</span> <span class='ocrx_word' id='word_1_495' title='bbox 2352 3386 2433 3421; x_wconf 92' lang='grc' dir='ltr'><strong>σοι</strong></span> <span class='ocrx_word' id='word_1_496' title='bbox 2457 3369 2679 3438; x_wconf 85' lang='grc' dir='ltr'>ποιῆσαι</span> <span class='ocrx_word' id='word_1_497' title='bbox 2704 3384 2717 3397; x_wconf 92' lang='grc'><strong>·</strong></span> <span class='ocrx_word' id='word_1_498' title='bbox 2747 3367 2881 3420; x_wconf 83' lang='grc' dir='ltr'><strong>ἀλλά</strong></span> <span class='ocrx_word' id='word_1_499' title='bbox 2916 3365 3113 3437; x_wconf 79' lang='grc' dir='ltr'>μᾶλλον</span> <span class='ocrx_word' id='word_1_500' title='bbox 3141 3366 3308 3419; x_wconf 77' lang='grc' dir='ltr'>κάθου</span> <span class='ocrx_word' id='word_1_501' title='bbox 3337 3368 3418 3429; x_wconf 87' lang='grc' dir='ltr'><strong>είς</strong></span> <span class='ocrx_word' id='word_1_502' title='bbox 3454 3365 3513 3418; x_wconf 83' lang='grc' dir='ltr'><strong>τὸ</strong></span> <span class='ocrx_word' id='word_1_503' title='bbox 3540 3364 3755 3418; x_wconf 87' lang='grc' dir='ltr'>κελλίον</span> 
     </span>
    </p>
   </div>
   <div class='ocr_carea' id='block_1_67' title="bbox 505 3456 2075 3531">
    <p class='ocr_par' dir='ltr' id='par_1_67' title="bbox 505 3456 2072 3531">
     <span class='ocr_line' id='line_1_67' title="bbox 505 3456 2072 3531; baseline 0.006 -23"><span class='ocrx_word' id='word_1_504' title='bbox 505 3456 658 3511; x_wconf 92' lang='lat' dir='ltr'><strong>mede</strong></span> <span class='ocrx_word' id='word_1_505' title='bbox 676 3456 910 3526; x_wconf 81' lang='lat' dir='ltr'><strong>singulis</strong></span> <span class='ocrx_word' id='word_1_506' title='bbox 932 3458 1160 3513; x_wconf 91' lang='lat' dir='ltr'><strong>diebus:</strong></span> <span class='ocrx_word' id='word_1_507' title='bbox 1183 3469 1343 3529; x_wconf 90' lang='lat' dir='ltr'><strong>atque</strong></span> <span class='ocrx_word' id='word_1_508' title='bbox 1364 3462 1562 3515; x_wconf 86' lang='lat' dir='ltr'><strong>habeto</strong></span> <span class='ocrx_word' id='word_1_509' title='bbox 1588 3476 1805 3531; x_wconf 84' lang='lat' dir='ltr'><strong>semper</strong></span> <span class='ocrx_word' id='word_1_510' title='bbox 1830 3462 1883 3515; x_wconf 91' lang='lat' dir='ltr'><strong>in</strong></span> <span class='ocrx_word' id='word_1_511' title='bbox 1907 3459 2072 3517; x_wconf 68' lang='lat' dir='ltr'><strong>cord‘e</strong></span> 
     </span>
    </p>
   </div>
   <div class='ocr_carea' id='block_1_68' title="bbox 2182 3456 3762 3531">
    <p class='ocr_par' dir='ltr' id='par_1_68' title="bbox 2182 3456 3762 3530">
     <span class='ocr_line' id='line_1_68' title="bbox 2182 3456 3762 3530; baseline -0.004 -17"><span class='ocrx_word' id='word_1_512' title='bbox 2182 3477 2288 3524; x_wconf 69' lang='grc' dir='ltr'>που,</span> <span class='ocrx_word' id='word_1_513' title='bbox 2321 3461 2416 3513; x_wconf 73' lang='grc' dir='ltr'>καὶ</span> <span class='ocrx_word' id='word_1_514' title='bbox 2450 3458 2595 3511; x_wconf 73' lang='grc' dir='ltr'>ἔσθιε</span> <span class='ocrx_word' id='word_1_515' title='bbox 2628 3459 2821 3530; x_wconf 70' lang='grc' dir='ltr'>μικρὸν</span> <span class='ocrx_word' id='word_1_516' title='bbox 2854 3458 2975 3511; x_wconf 86' lang='grc' dir='ltr'>καθ’</span> <span class='ocrx_word' id='word_1_517' title='bbox 3002 3459 3217 3529; x_wconf 80' lang='grc' dir='ltr'>ἡμέραν</span> <span class='ocrx_word' id='word_1_518' title='bbox 3240 3475 3253 3489; x_wconf 76' lang='grc' dir='ltr'><strong>ο</strong></span> <span class='ocrx_word' id='word_1_519' title='bbox 3283 3458 3373 3511; x_wconf 76' lang='grc' dir='ltr'>καὶ</span> <span class='ocrx_word' id='word_1_520' title='bbox 3403 3457 3492 3527; x_wconf 75' lang='grc' dir='ltr'>ἔχε</span> <span class='ocrx_word' id='word_1_521' title='bbox 3526 3456 3762 3510; x_wconf 81' lang='grc' dir='ltr'>διαπαν-</span> 
     </span>
    </p>
   </div>
   <div class='ocr_carea' id='block_1_69' title="bbox 505 3545 2075 3627">
    <p class='ocr_par' dir='ltr' id='par_1_69' title="bbox 505 3546 2066 3627">
     <span class='ocr_line' id='line_1_69' title="bbox 505 3546 2066 3627; baseline 0.004 -29"><span class='ocrx_word' id='word_1_522' title='bbox 505 3557 600 3599; x_wconf 91' lang='grc' dir='ltr'>ιιιο</span> <span class='ocrx_word' id='word_1_523' title='bbox 625 3546 903 3619; x_wconf 86' lang='lat' dir='ltr'><strong>publicani</strong></span> <span class='ocrx_word' id='word_1_524' title='bbox 937 3562 1247 3608; x_wconf 87' lang='lat' dir='ltr'><strong>sermonem</strong></span> <span class='ocrx_word' id='word_1_525' title='bbox 1274 3550 1341 3615; x_wconf 83' lang='lat'><strong>“,</strong></span> <span class='ocrx_word' id='word_1_526' title='bbox 1364 3552 1676 3627; x_wconf 85' lang='lat' dir='ltr'><strong>poterisque</strong></span> <span class='ocrx_word' id='word_1_527' title='bbox 1712 3552 1897 3607; x_wconf 81' lang='lat' dir='ltr'><strong>salvus</strong></span> <span class='ocrx_word' id='word_1_528' title='bbox 1928 3551 2066 3607; x_wconf 86' lang='lat' dir='ltr'><strong>tieri.</strong></span> 
     </span>
    </p>
   </div>
   <div class='ocr_carea' id='block_1_70' title="bbox 2182 3545 3757 3627">
    <p class='ocr_par' dir='ltr' id='par_1_70' title="bbox 2182 3545 3757 3621">
     <span class='ocr_line' id='line_1_70' title="bbox 2182 3545 3757 3621; baseline -0.003 -17"><span class='ocrx_word' id='word_1_529' title='bbox 2182 3551 2260 3613; x_wconf 77' lang='grc' dir='ltr'><strong>τὸς</strong></span> <span class='ocrx_word' id='word_1_530' title='bbox 2287 3550 2379 3602; x_wconf 86' lang='grc' dir='ltr'><strong>τὸν</strong></span> <span class='ocrx_word' id='word_1_531' title='bbox 2404 3549 2561 3617; x_wconf 82' lang='grc' dir='ltr'>λόγον</span> <span class='ocrx_word' id='word_1_532' title='bbox 2584 3550 2677 3602; x_wconf 87' lang='grc' dir='ltr'><strong>τοῦ</strong></span> <span class='ocrx_word' id='word_1_533' title='bbox 2702 3548 2932 3602; x_wconf 83' lang='grc' dir='ltr'>τελώνου</span> <span class='ocrx_word' id='word_1_534' title='bbox 2966 3550 3023 3604; x_wconf 83' lang='grc' dir='ltr'><strong>ἐν</strong></span> <span class='ocrx_word' id='word_1_535' title='bbox 3050 3552 3115 3621; x_wconf 79' lang='grc' dir='ltr'><strong>τῇ</strong></span> <span class='ocrx_word' id='word_1_536' title='bbox 3145 3549 3342 3620; x_wconf 75' lang='grc' dir='ltr'>καρδίᾳ</span> <span class='ocrx_word' id='word_1_537' title='bbox 3373 3564 3464 3600; x_wconf 90' lang='grc' dir='ltr'><strong>σου</strong></span> <span class='ocrx_word' id='word_1_538' title='bbox 3488 3564 3502 3578; x_wconf 87' lang='grc'><strong>·</strong></span> <span class='ocrx_word' id='word_1_539' title='bbox 3544 3546 3640 3600; x_wconf 73' lang='grc' dir='ltr'><strong>καὶ</strong></span> <span class='ocrx_word' id='word_1_540' title='bbox 3661 3545 3757 3600; x_wconf 73' lang='grc' dir='ltr'><strong>δῦ-</strong></span> 
     </span>
    </p>
   </div>
   <div class='ocr_carea' id='block_1_71' title="bbox 2170 3639 2632 3709">
    <p class='ocr_par' dir='ltr' id='par_1_71' title="bbox 2170 3639 2632 3709">
     <span class='ocr_line' id='line_1_71' title="bbox 2170 3639 2632 3709; baseline 0 -16"><span class='ocrx_word' id='word_1_541' title='bbox 2170 3656 2330 3694; x_wconf 85' lang='grc' dir='ltr'>νασαι</span> <span class='ocrx_word' id='word_1_542' title='bbox 2371 3639 2632 3709; x_wconf 71' lang='grc' dir='ltr'>σωθῆναι.</span> 
     </span>
    </p>
   </div>
   <div class='ocr_carea' id='block_1_72' title="bbox 2238 3727 3756 3800">
    <p class='ocr_par' dir='ltr' id='par_1_72' title="bbox 2238 3727 3756 3800">
     <span class='ocr_line' id='line_1_72' title="bbox 2238 3727 3756 3800; baseline -0.001 -15"><span class='ocrx_word' id='word_1_543' title='bbox 2238 3739 2302 3786; x_wconf 91' lang='grc' dir='ltr'><strong>ε’.</strong></span> <span class='ocrx_word' id='word_1_544' title='bbox 2346 3731 2618 3800; x_wconf 82' lang='grc' dir='ltr'>Ἀδελφοῖς</span> <span class='ocrx_word' id='word_1_545' title='bbox 2645 3728 2842 3799; x_wconf 79' lang='grc' dir='ltr'>συνέϐη</span> <span class='ocrx_word' id='word_1_546' title='bbox 2874 3728 3049 3798; x_wconf 79' lang='grc' dir='ltr'>θλῖψις</span> <span class='ocrx_word' id='word_1_547' title='bbox 3068 3732 3125 3783; x_wconf 90' lang='grc' dir='ltr'><strong>ἐν</strong></span> <span class='ocrx_word' id='word_1_548' title='bbox 3154 3729 3231 3799; x_wconf 80' lang='grc' dir='ltr'><strong>τῷ</strong></span> <span class='ocrx_word' id='word_1_549' title='bbox 3263 3729 3413 3800; x_wconf 86' lang='grc' dir='ltr'>τόπῳ</span> <span class='ocrx_word' id='word_1_550' title='bbox 3433 3727 3634 3792; x_wconf 81' lang='grc' dir='ltr'>αὐτῶν,</span> <span class='ocrx_word' id='word_1_551' title='bbox 3654 3728 3756 3783; x_wconf 71' lang='grc' dir='ltr'><strong>καὶ</strong></span> 
     </span>
    </p>
   </div>
   <div class='ocr_carea' id='block_1_73' title="bbox 2170 3818 3754 3891">
    <p class='ocr_par' dir='ltr' id='par_1_73' title="bbox 2170 3818 3754 3891">
     <span class='ocr_line' id='line_1_73' title="bbox 2170 3818 3754 3891; baseline -0.003 -13"><span class='ocrx_word' id='word_1_552' title='bbox 2170 3824 2413 3887; x_wconf 83' lang='grc' dir='ltr'>θέλοντες</span> <span class='ocrx_word' id='word_1_553' title='bbox 2441 3821 2756 3875; x_wconf 82' lang='grc' dir='ltr'>καταλιπεῖν</span> <span class='ocrx_word' id='word_1_554' title='bbox 2787 3823 2968 3887; x_wconf 81' lang='grc' dir='ltr'>αὐτὸν,</span> <span class='ocrx_word' id='word_1_555' title='bbox 2996 3820 3236 3891; x_wconf 82' lang='grc' dir='ltr'>ἀπῆλθον</span> <span class='ocrx_word' id='word_1_556' title='bbox 3271 3821 3409 3891; x_wconf 80' lang='grc' dir='ltr'>πρὸς</span> <span class='ocrx_word' id='word_1_557' title='bbox 3442 3820 3533 3874; x_wconf 83' lang='grc' dir='ltr'><strong>τὸν</strong></span> <span class='ocrx_word' id='word_1_558' title='bbox 3575 3818 3754 3876; x_wconf 56' lang='lat' dir='ltr'><strong>esse»</strong></span> 
     </span>
    </p>
   </div>
   <div class='ocr_carea' id='block_1_74' title="bbox 2180 3910 3752 3987">
    <p class='ocr_par' dir='ltr' id='par_1_74' title="bbox 2180 3910 3752 3987">
     <span class='ocr_line' id='line_1_74' title="bbox 2180 3910 3752 3987; baseline -0.005 -15"><span class='ocrx_word' id='word_1_559' title='bbox 2180 3916 2492 3987; x_wconf 78' lang='grc' dir='ltr'>Ἀμμωνᾶν.</span> <span class='ocrx_word' id='word_1_560' title='bbox 2524 3914 2632 3966; x_wconf 92' lang='lat' dir='ltr'><strong>Kal</strong></span> <span class='ocrx_word' id='word_1_561' title='bbox 2655 3914 2762 3966; x_wconf 78' lang='grc' dir='ltr'>ἰδοὺ</span> <span class='ocrx_word' id='word_1_562' title='bbox 2794 3916 2822 3967; x_wconf 92' lang='lat'><strong>6</strong></span> <span class='ocrx_word' id='word_1_563' title='bbox 2860 3913 3035 3983; x_wconf 82' lang='grc' dir='ltr'>γέρων</span> <span class='ocrx_word' id='word_1_564' title='bbox 3059 3912 3344 3977; x_wconf 86' lang='grc' dir='ltr'>κατέπλεε,</span> <span class='ocrx_word' id='word_1_565' title='bbox 3380 3913 3475 3965; x_wconf 73' lang='grc' dir='ltr'><strong>καὶ</strong></span> <span class='ocrx_word' id='word_1_566' title='bbox 3505 3910 3626 3965; x_wconf 86' lang='grc' dir='ltr'>ἰδὼν</span> <span class='ocrx_word' id='word_1_567' title='bbox 3649 3912 3752 3966; x_wconf 83' lang='grc' dir='ltr'><strong>αὐ-</strong></span> 
     </span>
    </p>
   </div>
   <div class='ocr_carea' id='block_1_75' title="bbox 2165 3999 3753 4078">
    <p class='ocr_par' dir='ltr' id='par_1_75' title="bbox 2165 3999 3753 4078">
     <span class='ocr_line' id='line_1_75' title="bbox 2165 3999 3753 4078; baseline -0.003 -17"><span class='ocrx_word' id='word_1_568' title='bbox 2165 4010 2292 4072; x_wconf 82' lang='grc' dir='ltr'>τοὺς</span> <span class='ocrx_word' id='word_1_569' title='bbox 2320 4007 2469 4078; x_wconf 83' lang='grc' dir='ltr'><strong>παρά</strong></span> <span class='ocrx_word' id='word_1_570' title='bbox 2496 4006 2593 4077; x_wconf 83' lang='grc' dir='ltr'>τὴν</span> <span class='ocrx_word' id='word_1_571' title='bbox 2630 4006 2797 4077; x_wconf 80' lang='grc' dir='ltr'>δχθαν</span> <span class='ocrx_word' id='word_1_572' title='bbox 2842 4005 3124 4069; x_wconf 86' lang='grc' dir='ltr'>ὁδεύοντας</span> <span class='ocrx_word' id='word_1_573' title='bbox 3167 4004 3261 4058; x_wconf 89' lang='grc' dir='ltr'><strong>τοῦ</strong></span> <span class='ocrx_word' id='word_1_574' title='bbox 3306 4004 3573 4075; x_wconf 85' lang='grc' dir='ltr'>ποταμοῦ,</span> <span class='ocrx_word' id='word_1_575' title='bbox 3627 3999 3753 4057; x_wconf 77' lang='grc' dir='ltr'>εἷπε</span> 
     </span>
    </p>
   </div>
   <div class='ocr_carea' id='block_1_76' title="bbox 2167 4095 3753 4167">
    <p class='ocr_par' dir='ltr' id='par_1_76' title="bbox 2167 4095 3753 4167">
     <span class='ocr_line' id='line_1_76' title="bbox 2167 4095 3753 4167; baseline -0.002 -15"><span class='ocrx_word' id='word_1_576' title='bbox 2167 4102 2280 4162; x_wconf 83' lang='grc' dir='ltr'>τοῖς</span> <span class='ocrx_word' id='word_1_577' title='bbox 2312 4098 2567 4161; x_wconf 76' lang='grc' dir='ltr'>ναύταιςο</span> <span class='ocrx_word' id='word_1_578' title='bbox 2599 4098 2799 4150; x_wconf 81' lang='grc' dir='ltr'>Βάλετέ</span> <span class='ocrx_word' id='word_1_579' title='bbox 2836 4115 2902 4167; x_wconf 90' lang='grc' dir='ltr'><strong>με</strong></span> <span class='ocrx_word' id='word_1_580' title='bbox 2945 4098 3025 4161; x_wconf 89' lang='grc' dir='ltr'><strong>είς</strong></span> <span class='ocrx_word' id='word_1_581' title='bbox 3071 4097 3170 4167; x_wconf 84' lang='grc' dir='ltr'>τὴν</span> <span class='ocrx_word' id='word_1_582' title='bbox 3207 4096 3331 4167; x_wconf 86' lang='grc' dir='ltr'>γῆν.</span> <span class='ocrx_word' id='word_1_583' title='bbox 3363 4098 3471 4148; x_wconf 89' lang='lat' dir='ltr'><strong>Kal</strong></span> <span class='ocrx_word' id='word_1_584' title='bbox 3513 4095 3753 4160; x_wconf 75' lang='grc' dir='ltr'>καλέσας</span> 
     </span>
    </p>
   </div>
   <div class='ocr_carea' id='block_1_77' title="bbox 2168 4183 3747 4257">
    <p class='ocr_par' dir='ltr' id='par_1_77' title="bbox 2168 4183 3747 4257">
     <span class='ocr_line' id='line_1_77' title="bbox 2168 4183 3747 4257; baseline -0.002 -16"><span class='ocrx_word' id='word_1_585' title='bbox 2168 4191 2292 4252; x_wconf 78' lang='grc' dir='ltr'>τοὺς</span> <span class='ocrx_word' id='word_1_586' title='bbox 2320 4188 2577 4257; x_wconf 83' lang='grc' dir='ltr'>ἀδελφοὺς</span> <span class='ocrx_word' id='word_1_587' title='bbox 2622 4183 2775 4243; x_wconf 74' lang='grc' dir='ltr'>εἶπεν</span> <span class='ocrx_word' id='word_1_588' title='bbox 2817 4189 3033 4250; x_wconf 78' lang='grc' dir='ltr'>αὐτοῖς’</span> <span class='ocrx_word' id='word_1_589' title='bbox 3083 4186 3223 4254; x_wconf 83' lang='grc' dir='ltr'>Ἐγώ</span> <span class='ocrx_word' id='word_1_590' title='bbox 3273 4188 3388 4257; x_wconf 84' lang='grc' dir='ltr'>εἰμι</span> <span class='ocrx_word' id='word_1_591' title='bbox 3432 4187 3747 4257; x_wconf 76' lang='grc' dir='ltr'>Ἀμμωνᾶς,</span> 
     </span>
    </p>
   </div>
   <div class='ocr_carea' id='block_1_78' title="bbox 2171 4276 3752 4351">
    <p class='ocr_par' dir='ltr' id='par_1_78' title="bbox 2171 4276 3752 4351">
     <span class='ocr_line' id='line_1_78' title="bbox 2171 4276 3752 4351; baseline -0.003 -18"><span class='ocrx_word' id='word_1_592' title='bbox 2171 4280 2307 4351; x_wconf 73' lang='grc' dir='ltr'>πρὸς</span> <span class='ocrx_word' id='word_1_593' title='bbox 2342 4279 2401 4333; x_wconf 86' lang='grc' dir='ltr'>ὃν</span> <span class='ocrx_word' id='word_1_594' title='bbox 2434 4279 2615 4333; x_wconf 82' lang='grc' dir='ltr'>θέλετε</span> <span class='ocrx_word' id='word_1_595' title='bbox 2642 4278 2838 4334; x_wconf 86' lang='grc' dir='ltr'>ἐλθεῖν.</span> <span class='ocrx_word' id='word_1_596' title='bbox 2864 4280 2975 4332; x_wconf 86' lang='lat' dir='ltr'><strong>Kal</strong></span> <span class='ocrx_word' id='word_1_597' title='bbox 3013 4277 3402 4349; x_wconf 82' lang='grc' dir='ltr'>παρακαλέσας</span> <span class='ocrx_word' id='word_1_598' title='bbox 3440 4276 3620 4330; x_wconf 82' lang='grc' dir='ltr'>αὐτῶν</span> <span class='ocrx_word' id='word_1_599' title='bbox 3650 4276 3752 4340; x_wconf 75' lang='grc' dir='ltr'>τὰς</span> 
     </span>
    </p>
   </div>
   <div class='ocr_carea' id='block_1_79' title="bbox 2168 4367 3750 4441">
    <p class='ocr_par' dir='ltr' id='par_1_79' title="bbox 2168 4367 3750 4441">
     <span class='ocr_line' id='line_1_79' title="bbox 2168 4367 3750 4441; baseline -0.001 -17"><span class='ocrx_word' id='word_1_600' title='bbox 2168 4370 2415 4441; x_wconf 89' lang='grc' dir='ltr'>καρδίας.</span> <span class='ocrx_word' id='word_1_601' title='bbox 2441 4369 2694 4440; x_wconf 83' lang='grc' dir='ltr'>ἐποίησεν</span> <span class='ocrx_word' id='word_1_602' title='bbox 2728 4370 2922 4433; x_wconf 76' lang='grc' dir='ltr'>αὐτοὺς</span> <span class='ocrx_word' id='word_1_603' title='bbox 2956 4369 3294 4441; x_wconf 80' lang='grc' dir='ltr'>ὑποστρέψαι</span> <span class='ocrx_word' id='word_1_604' title='bbox 3341 4368 3463 4422; x_wconf 84' lang='grc' dir='ltr'>ὅθεν</span> <span class='ocrx_word' id='word_1_605' title='bbox 3502 4367 3750 4438; x_wconf 80' lang='grc' dir='ltr'>ἐξῆλθον.</span> 
     </span>
    </p>
   </div>
   <div class='ocr_carea' id='block_1_80' title="bbox 2170 4453 3753 4530">
    <p class='ocr_par' dir='ltr' id='par_1_80' title="bbox 2170 4453 3753 4530">
     <span class='ocr_line' id='line_1_80' title="bbox 2170 4453 3753 4530; baseline 0 -21"><span class='ocrx_word' id='word_1_606' title='bbox 2170 4457 2243 4509; x_wconf 72' lang='grc' dir='ltr'><strong>Οὐ</strong></span> <span class='ocrx_word' id='word_1_607' title='bbox 2270 4457 2376 4528; x_wconf 77' lang='grc' dir='ltr'>γὰρ</span> <span class='ocrx_word' id='word_1_608' title='bbox 2402 4453 2516 4526; x_wconf 73' lang='grc' dir='ltr'>εἶχε</span> <span class='ocrx_word' id='word_1_609' title='bbox 2544 4456 2605 4509; x_wconf 86' lang='grc' dir='ltr'><strong>τὸ</strong></span> <span class='ocrx_word' id='word_1_610' title='bbox 2637 4458 2867 4530; x_wconf 84' lang='grc' dir='ltr'>πρᾶγμα</span> <span class='ocrx_word' id='word_1_611' title='bbox 2908 4457 3111 4528; x_wconf 80' lang='grc' dir='ltr'>ζημίαν</span> <span class='ocrx_word' id='word_1_612' title='bbox 3154 4457 3359 4528; x_wconf 82' lang='grc' dir='ltr'>ψυχῆς,</span> <span class='ocrx_word' id='word_1_613' title='bbox 3393 4456 3532 4511; x_wconf 85' lang='grc' dir='ltr'><strong>ἀλλά</strong></span> <span class='ocrx_word' id='word_1_614' title='bbox 3567 4456 3753 4526; x_wconf 72' lang='grc' dir='ltr'>θλίψιν</span> 
     </span>
    </p>
   </div>
   <div class='ocr_carea' id='block_1_81' title="bbox 574 3720 2071 3795">
    <p class='ocr_par' dir='ltr' id='par_1_81' title="bbox 574 3720 2071 3795">
     <span class='ocr_line' id='line_1_81' title="bbox 574 3720 2071 3795; baseline 0.005 -19"><span class='ocrx_word' id='word_1_615' title='bbox 574 3722 627 3776; x_wconf 89' lang='grc'><strong>5.</strong></span> <span class='ocrx_word' id='word_1_616' title='bbox 666 3720 949 3778; x_wconf 81' lang='lat' dir='ltr'><strong>Fratribus</strong></span> <span class='ocrx_word' id='word_1_617' title='bbox 986 3727 1185 3781; x_wconf 84' lang='lat' dir='ltr'><strong>accidit</strong></span> <span class='ocrx_word' id='word_1_618' title='bbox 1237 3726 1457 3782; x_wconf 84' lang='lat' dir='ltr'><strong>atllictio</strong></span> <span class='ocrx_word' id='word_1_619' title='bbox 1490 3727 1542 3780; x_wconf 90' lang='lat' dir='ltr'><strong>in</strong></span> <span class='ocrx_word' id='word_1_620' title='bbox 1584 3727 1705 3784; x_wconf 93' lang='lat' dir='ltr'><strong>loco</strong></span> <span class='ocrx_word' id='word_1_621' title='bbox 1759 3743 1973 3795; x_wconf 81' lang='lat' dir='ltr'><strong>eorum;</strong></span> <span class='ocrx_word' id='word_1_622' title='bbox 2007 3743 2071 3783; x_wconf 90' lang='lat' dir='ltr'><strong>ac</strong></span> 
     </span>
    </p>
   </div>
   <div class='ocr_carea' id='block_1_82' title="bbox 504 3814 2069 3889">
    <p class='ocr_par' dir='ltr' id='par_1_82' title="bbox 504 3814 2069 3889">
     <span class='ocr_line' id='line_1_82' title="bbox 504 3814 2069 3889; baseline 0.003 -22"><span class='ocrx_word' id='word_1_623' title='bbox 504 3814 751 3870; x_wconf 82' lang='lat' dir='ltr'><strong>volentes</strong></span> <span class='ocrx_word' id='word_1_624' title='bbox 786 3815 964 3870; x_wconf 87' lang='lat' dir='ltr'><strong>locum</strong></span> <span class='ocrx_word' id='word_1_625' title='bbox 984 3819 1295 3888; x_wconf 87' lang='lat' dir='ltr'><strong>relinquere</strong></span> <span class='ocrx_word' id='word_1_626' title='bbox 1316 3818 1541 3889; x_wconf 84' lang='lat' dir='ltr'><strong>profecti</strong></span> <span class='ocrx_word' id='word_1_627' title='bbox 1565 3828 1693 3873; x_wconf 89' lang='lat' dir='ltr'><strong>sunt</strong></span> <span class='ocrx_word' id='word_1_628' title='bbox 1720 3818 1786 3873; x_wconf 87' lang='lat' dir='ltr'><strong>ad</strong></span> <span class='ocrx_word' id='word_1_629' title='bbox 1818 3820 2069 3874; x_wconf 86' lang='lat' dir='ltr'><strong>abbatem</strong></span> 
     </span>
    </p>
   </div>
   <div class='ocr_carea' id='block_1_83' title="bbox 502 3909 2066 3982">
    <p class='ocr_par' dir='ltr' id='par_1_83' title="bbox 502 3909 2066 3982">
     <span class='ocr_line' id='line_1_83' title="bbox 502 3909 2066 3982; baseline 0.001 -19"><span class='ocrx_word' id='word_1_630' title='bbox 502 3909 845 3965; x_wconf 82' lang='lat' dir='ltr'><strong>Ammonam.</strong></span> <span class='ocrx_word' id='word_1_631' title='bbox 868 3910 1007 3967; x_wconf 86' lang='lat' dir='ltr'><strong>Ecce</strong></span> <span class='ocrx_word' id='word_1_632' title='bbox 1037 3922 1216 3967; x_wconf 88' lang='lat' dir='ltr'><strong>autem</strong></span> <span class='ocrx_word' id='word_1_633' title='bbox 1250 3928 1416 3968; x_wconf 82' lang='lat' dir='ltr'><strong>senex</strong></span> <span class='ocrx_word' id='word_1_634' title='bbox 1447 3913 1665 3982; x_wconf 85' lang='lat' dir='ltr'><strong>navigio</strong></span> <span class='ocrx_word' id='word_1_635' title='bbox 1680 3913 2066 3968; x_wconf 86' lang='lat' dir='ltr'><strong>devehebatur.</strong></span> 
     </span>
    </p>
   </div>
   <div class='ocr_carea' id='block_1_84' title="bbox 503 3998 2072 4076">
    <p class='ocr_par' dir='ltr' id='par_1_84' title="bbox 503 3998 2072 4076">
     <span class='ocr_line' id='line_1_84' title="bbox 503 3998 2072 4076; baseline 0.001 -20"><span class='ocrx_word' id='word_1_636' title='bbox 503 3998 609 4068; x_wconf 87' lang='lat' dir='ltr'><strong>Qui</strong></span> <span class='ocrx_word' id='word_1_637' title='bbox 631 4003 820 4061; x_wconf 88' lang='lat' dir='ltr'><strong>videns</strong></span> <span class='ocrx_word' id='word_1_638' title='bbox 844 4004 967 4061; x_wconf 89' lang='lat' dir='ltr'><strong>illos</strong></span> <span class='ocrx_word' id='word_1_639' title='bbox 990 4006 1056 4060; x_wconf 88' lang='lat' dir='ltr'><strong>ad</strong></span> <span class='ocrx_word' id='word_1_640' title='bbox 1087 4005 1497 4060; x_wconf 82' lang='lat' dir='ltr'><strong>ﬂuminislittus</strong></span> <span class='ocrx_word' id='word_1_641' title='bbox 1526 4006 1628 4060; x_wconf 90' lang='lat' dir='ltr'><strong>iter</strong></span> <span class='ocrx_word' id='word_1_642' title='bbox 1660 4015 1902 4076; x_wconf 86' lang='lat' dir='ltr'><strong>agentes,</strong></span> <span class='ocrx_word' id='word_1_643' title='bbox 1933 4006 2072 4058; x_wconf 81' lang='lat' dir='ltr'><strong>dixit</strong></span> 
     </span>
    </p>
   </div>
   <div class='ocr_carea' id='block_1_85' title="bbox 503 4094 2073 4153">
    <p class='ocr_par' dir='ltr' id='par_1_85' title="bbox 503 4094 2073 4153">
     <span class='ocr_line' id='line_1_85' title="bbox 503 4094 2073 4153; baseline 0 -5"><span class='ocrx_word' id='word_1_644' title='bbox 503 4095 688 4149; x_wconf 89' lang='lat' dir='ltr'><strong>nautis</strong></span> <span class='ocrx_word' id='word_1_645' title='bbox 725 4113 738 4151; x_wconf 93' lang='lat'><strong>:</strong></span> <span class='ocrx_word' id='word_1_646' title='bbox 780 4094 864 4151; x_wconf 84' lang='lat' dir='ltr'><strong>Me</strong></span> <span class='ocrx_word' id='word_1_647' title='bbox 889 4096 957 4150; x_wconf 87' lang='lat' dir='ltr'><strong>ad</strong></span> <span class='ocrx_word' id='word_1_648' title='bbox 990 4105 1191 4151; x_wconf 89' lang='lat' dir='ltr'><strong>terram</strong></span> <span class='ocrx_word' id='word_1_649' title='bbox 1229 4097 1512 4153; x_wconf 89' lang='lat' dir='ltr'><strong>demittite.</strong></span> <span class='ocrx_word' id='word_1_650' title='bbox 1550 4096 1615 4150; x_wconf 87' lang='lat' dir='ltr'><strong>Et</strong></span> <span class='ocrx_word' id='word_1_651' title='bbox 1644 4096 1851 4151; x_wconf 86' lang='lat' dir='ltr'><strong>vocatis</strong></span> <span class='ocrx_word' id='word_1_652' title='bbox 1887 4095 2073 4149; x_wconf 82' lang='lat' dir='ltr'><strong>fratri-</strong></span> 
     </span>
    </p>
   </div>
   <div class='ocr_carea' id='block_1_86' title="bbox 503 4185 2072 4258">
    <p class='ocr_par' dir='ltr' id='par_1_86' title="bbox 503 4185 2072 4258">
     <span class='ocr_line' id='line_1_86' title="bbox 503 4185 2072 4258; baseline 0.001 -18"><span class='ocrx_word' id='word_1_653' title='bbox 503 4186 629 4253; x_wconf 82' lang='lat' dir='ltr'><strong>bus,</strong></span> <span class='ocrx_word' id='word_1_654' title='bbox 661 4186 800 4242; x_wconf 88' lang='lat' dir='ltr'><strong>dixit</strong></span> <span class='ocrx_word' id='word_1_655' title='bbox 839 4188 920 4243; x_wconf 87' lang='lat' dir='ltr'><strong>eis</strong></span> <span class='ocrx_word' id='word_1_656' title='bbox 955 4207 968 4242; x_wconf 87' lang='lat'><strong>:</strong></span> <span class='ocrx_word' id='word_1_657' title='bbox 1002 4185 1113 4258; x_wconf 82' lang='lat' dir='ltr'><strong>Ego</strong></span> <span class='ocrx_word' id='word_1_658' title='bbox 1145 4204 1265 4244; x_wconf 90' lang='lat' dir='ltr'><strong>sum</strong></span> <span class='ocrx_word' id='word_1_659' title='bbox 1298 4188 1621 4252; x_wconf 82' lang='lat' dir='ltr'><strong>Ammonas,</strong></span> <span class='ocrx_word' id='word_1_660' title='bbox 1671 4204 1833 4258; x_wconf 89' lang='lat' dir='ltr'><strong>quem</strong></span> <span class='ocrx_word' id='word_1_661' title='bbox 1872 4203 2072 4242; x_wconf 82' lang='lat' dir='ltr'><strong>conve-</strong></span> 
     </span>
    </p>
   </div>
   <div class='ocr_carea' id='block_1_87' title="bbox 502 4277 2070 4351">
    <p class='ocr_par' dir='ltr' id='par_1_87' title="bbox 502 4277 2070 4351">
     <span class='ocr_line' id='line_1_87' title="bbox 502 4277 2070 4351; baseline -0.002 -17"><span class='ocrx_word' id='word_1_662' title='bbox 502 4281 621 4335; x_wconf 88' lang='lat' dir='ltr'><strong>nire</strong></span> <span class='ocrx_word' id='word_1_663' title='bbox 645 4280 866 4351; x_wconf 89' lang='lat' dir='ltr'><strong>cupitis.</strong></span> <span class='ocrx_word' id='word_1_664' title='bbox 887 4278 1216 4349; x_wconf 89' lang='lat' dir='ltr'><strong>Soiatusque</strong></span> <span class='ocrx_word' id='word_1_665' title='bbox 1249 4280 1492 4349; x_wconf 88' lang='lat' dir='ltr'><strong>ipsorum</strong></span> <span class='ocrx_word' id='word_1_666' title='bbox 1516 4277 1703 4341; x_wconf 86' lang='lat' dir='ltr'><strong>corda,</strong></span> <span class='ocrx_word' id='word_1_667' title='bbox 1734 4279 1946 4335; x_wconf 86' lang='lat' dir='ltr'><strong>remisit</strong></span> <span class='ocrx_word' id='word_1_668' title='bbox 1975 4292 2070 4331; x_wconf 91' lang='lat' dir='ltr'><strong>eos</strong></span> 
     </span>
    </p>
   </div>
   <div class='ocr_carea' id='block_1_88' title="bbox 503 4367 2071 4439">
    <p class='ocr_par' dir='ltr' id='par_1_88' title="bbox 503 4367 2071 4439">
     <span class='ocr_line' id='line_1_88' title="bbox 503 4367 2071 4439; baseline -0.002 -15"><span class='ocrx_word' id='word_1_669' title='bbox 503 4369 646 4424; x_wconf 86' lang='lat' dir='ltr'><strong>unde</strong></span> <span class='ocrx_word' id='word_1_670' title='bbox 677 4381 958 4425; x_wconf 87' lang='lat' dir='ltr'><strong>venerant.</strong></span> <span class='ocrx_word' id='word_1_671' title='bbox 1011 4367 1132 4423; x_wconf 88' lang='lat' dir='ltr'><strong>Non</strong></span> <span class='ocrx_word' id='word_1_672' title='bbox 1157 4369 1302 4423; x_wconf 89' lang='lat' dir='ltr'><strong>enim</strong></span> <span class='ocrx_word' id='word_1_673' title='bbox 1332 4367 1479 4439; x_wconf 90' lang='lat' dir='ltr'><strong>quod</strong></span> <span class='ocrx_word' id='word_1_674' title='bbox 1512 4368 1814 4438; x_wconf 84' lang='lat' dir='ltr'><strong>contigerat</strong></span> <span class='ocrx_word' id='word_1_675' title='bbox 1838 4368 2071 4422; x_wconf 84' lang='lat' dir='ltr'><strong>nocebat</strong></span> 
     </span>
    </p>
   </div>
   <div class='ocr_carea' id='block_1_89' title="bbox 502 4458 1541 4523">
    <p class='ocr_par' dir='ltr' id='par_1_89' title="bbox 502 4458 1541 4523">
     <span class='ocr_line' id='line_1_89' title="bbox 502 4458 1541 4523; baseline -0.003 -10"><span class='ocrx_word' id='word_1_676' title='bbox 502 4460 720 4523; x_wconf 62' lang='lat' dir='ltr'><strong>anima,</strong></span> <span class='ocrx_word' id='word_1_677' title='bbox 760 4459 853 4515; x_wconf 81' lang='lat' dir='ltr'><strong>scd</strong></span> <span class='ocrx_word' id='word_1_678' title='bbox 885 4458 1125 4512; x_wconf 88' lang='lat' dir='ltr'><strong>humana</strong></span> <span class='ocrx_word' id='word_1_679' title='bbox 1157 4465 1277 4513; x_wconf 85' lang='lat' dir='ltr'><strong>erat</strong></span> <span class='ocrx_word' id='word_1_680' title='bbox 1305 4459 1541 4512; x_wconf 86' lang='lat' dir='ltr'><strong>vexatio.</strong></span> 
     </span>
    </p>
   </div>
   <div class='ocr_carea' id='block_1_90' title="bbox 2103 4547 2549 4618">
    <p class='ocr_par' dir='ltr' id='par_1_90' title="bbox 2103 4547 2549 4618">
     <span class='ocr_line' id='line_1_90' title="bbox 2103 4547 2549 4618; baseline 0.011 -19"><span class='ocrx_word' id='word_1_681' title='bbox 2103 4552 2146 4606; x_wconf 90' lang='lat' dir='ltr'><strong>D</strong></span> <span class='ocrx_word' id='word_1_682' title='bbox 2175 4547 2549 4618; x_wconf 62' lang='grc' dir='ltr'>ἀνθρωπίνην.</span> 
     </span>
    </p>
   </div>
   <div class='ocr_carea' id='block_1_91' title="bbox 575 4629 2071 4703">
    <p class='ocr_par' dir='ltr' id='par_1_91' title="bbox 575 4629 2071 4703">
     <span class='ocr_line' id='line_1_91' title="bbox 575 4629 2071 4703; baseline -0.001 -17"><span class='ocrx_word' id='word_1_683' title='bbox 575 4632 628 4686; x_wconf 85' lang='grc'><strong>6.</strong></span> <span class='ocrx_word' id='word_1_684' title='bbox 657 4629 820 4687; x_wconf 77' lang='lat' dir='ltr'><strong>Venit</strong></span> <span class='ocrx_word' id='word_1_685' title='bbox 845 4630 1139 4703; x_wconf 87' lang='lat' dir='ltr'><strong>aliquando</strong></span> <span class='ocrx_word' id='word_1_686' title='bbox 1169 4630 1338 4685; x_wconf 85' lang='lat' dir='ltr'><strong>abbas</strong></span> <span class='ocrx_word' id='word_1_687' title='bbox 1364 4630 1661 4686; x_wconf 79' lang='lat' dir='ltr'><strong>Ammonas</strong></span> <span class='ocrx_word' id='word_1_688' title='bbox 1702 4639 1763 4685; x_wconf 88' lang='lat' dir='ltr'><strong>ut</strong></span> <span class='ocrx_word' id='word_1_689' title='bbox 1790 4632 2071 4700; x_wconf 85' lang='lat' dir='ltr'><strong>trajiccrct</strong></span> 
     </span>
    </p>
   </div>
   <div class='ocr_carea' id='block_1_92' title="bbox 504 4720 2067 4790">
    <p class='ocr_par' dir='ltr' id='par_1_92' title="bbox 504 4720 2067 4790">
     <span class='ocr_line' id='line_1_92' title="bbox 504 4720 2067 4790; baseline 0.001 -15"><span class='ocrx_word' id='word_1_690' title='bbox 504 4723 728 4785; x_wconf 81' lang='lat' dir='ltr'><strong>numen,</strong></span> <span class='ocrx_word' id='word_1_691' title='bbox 770 4736 836 4775; x_wconf 90' lang='lat' dir='ltr'><strong>ac</strong></span> <span class='ocrx_word' id='word_1_692' title='bbox 883 4730 1099 4790; x_wconf 89' lang='lat' dir='ltr'><strong>reperto</strong></span> <span class='ocrx_word' id='word_1_693' title='bbox 1136 4720 1404 4775; x_wconf 87' lang='lat' dir='ltr'><strong>instructo</strong></span> <span class='ocrx_word' id='word_1_694' title='bbox 1424 4730 1783 4790; x_wconf 85' lang='lat' dir='ltr'><strong>promptoque</strong></span> <span class='ocrx_word' id='word_1_695' title='bbox 1812 4729 2067 4790; x_wconf 90' lang='lat' dir='ltr'><strong>pontone,</strong></span> 
     </span>
    </p>
   </div>
   <div class='ocr_carea' id='block_1_93' title="bbox 506 4795 2071 4878">
    <p class='ocr_par' dir='ltr' id='par_1_93' title="bbox 506 4795 2071 4878">
     <span class='ocr_line' id='line_1_93' title="bbox 506 4795 2071 4878; baseline 0.001 -11"><span class='ocrx_word' id='word_1_696' title='bbox 506 4812 733 4869; x_wconf 84' lang='lat' dir='ltr'><strong>assedit.</strong></span> <span class='ocrx_word' id='word_1_697' title='bbox 778 4812 919 4867; x_wconf 85' lang='lat' dir='ltr'><strong>Ecce</strong></span> <span class='ocrx_word' id='word_1_698' title='bbox 945 4821 1124 4867; x_wconf 89' lang='lat' dir='ltr'><strong>autem</strong></span> <span class='ocrx_word' id='word_1_699' title='bbox 1161 4813 1267 4867; x_wconf 87' lang='lat' dir='ltr'><strong>alia</strong></span> <span class='ocrx_word' id='word_1_700' title='bbox 1305 4813 1481 4876; x_wconf 85' lang='lat' dir='ltr'><strong>navis,</strong></span> <span class='ocrx_word' id='word_1_701' title='bbox 1506 4828 1571 4867; x_wconf 90' lang='lat' dir='ltr'><strong>eo</strong></span> <span class='ocrx_word' id='word_1_702' title='bbox 1597 4813 1851 4878; x_wconf 82' lang='lat' dir='ltr'><strong>deducta,</strong></span> <span class='ocrx_word' id='word_1_703' title='bbox 1890 4795 2071 4869; x_wconf 81' lang='lat' dir='ltr'><strong>vecto-</strong></span> 
     </span>
    </p>
   </div>
   <div class='ocr_carea' id='block_1_94' title="bbox 508 4902 2067 4973">
    <p class='ocr_par' dir='ltr' id='par_1_94' title="bbox 508 4902 2067 4973">
     <span class='ocr_line' id='line_1_94' title="bbox 508 4902 2067 4973; baseline -0.001 -15"><span class='ocrx_word' id='word_1_704' title='bbox 508 4922 596 4959; x_wconf 87' lang='lat' dir='ltr'><strong>res</strong></span> <span class='ocrx_word' id='word_1_705' title='bbox 643 4905 969 4973; x_wconf 83' lang='lat' dir='ltr'><strong>trajiciebat.</strong></span> <span class='ocrx_word' id='word_1_706' title='bbox 1005 4904 1201 4958; x_wconf 88' lang='lat' dir='ltr'><strong>Dicunt</strong></span> <span class='ocrx_word' id='word_1_707' title='bbox 1231 4905 1319 4959; x_wconf 86' lang='lat' dir='ltr'><strong>ei:</strong></span> <span class='ocrx_word' id='word_1_708' title='bbox 1369 4902 1507 4959; x_wconf 76' lang='lat' dir='ltr'><strong>Veni</strong></span> <span class='ocrx_word' id='word_1_709' title='bbox 1556 4905 1743 4969; x_wconf 88' lang='lat' dir='ltr'><strong>etiam,</strong></span> <span class='ocrx_word' id='word_1_710' title='bbox 1798 4912 1853 4957; x_wconf 87' lang='lat' dir='ltr'><strong>to</strong></span> <span class='ocrx_word' id='word_1_711' title='bbox 1905 4905 2067 4969; x_wconf 90' lang='lat' dir='ltr'><strong>abba,</strong></span> 
     </span>
    </p>
   </div>
   <div class='ocr_carea' id='block_1_95' title="bbox 508 4995 2068 5065">
    <p class='ocr_par' dir='ltr' id='par_1_95' title="bbox 508 4995 2068 5065">
     <span class='ocr_line' id='line_1_95' title="bbox 508 4995 2068 5065; baseline 0.001 -16"><span class='ocrx_word' id='word_1_712' title='bbox 508 4995 701 5065; x_wconf 84' lang='lat' dir='ltr'><strong>trajice</strong></span> <span class='ocrx_word' id='word_1_713' title='bbox 733 4996 1034 5050; x_wconf 90' lang='lat' dir='ltr'><strong>nobiscum.</strong></span> <span class='ocrx_word' id='word_1_714' title='bbox 1063 4995 1361 5065; x_wconf 74' lang='lat' dir='ltr'><strong>Respondit</strong></span> <span class='ocrx_word' id='word_1_715' title='bbox 1389 4995 1480 5049; x_wconf 88' lang='lat' dir='ltr'><strong>ille</strong></span> <span class='ocrx_word' id='word_1_716' title='bbox 1507 5014 1520 5050; x_wconf 88' lang='lat'><strong>:</strong></span> <span class='ocrx_word' id='word_1_717' title='bbox 1548 4995 1661 5049; x_wconf 80' lang='lat' dir='ltr'><strong>Nisi</strong></span> <span class='ocrx_word' id='word_1_718' title='bbox 1700 4996 1753 5049; x_wconf 91' lang='lat' dir='ltr'><strong>in</strong></span> <span class='ocrx_word' id='word_1_719' title='bbox 1788 4997 2068 5065; x_wconf 89' lang='lat' dir='ltr'><strong>publicum</strong></span> 
     </span>
    </p>
   </div>
   <div class='ocr_carea' id='block_1_96' title="bbox 508 5086 2067 5158">
    <p class='ocr_par' dir='ltr' id='par_1_96' title="bbox 508 5086 2067 5158">
     <span class='ocr_line' id='line_1_96' title="bbox 508 5086 2067 5158; baseline 0.001 -17"><span class='ocrx_word' id='word_1_720' title='bbox 508 5094 801 5158; x_wconf 86' lang='lat' dir='ltr'><strong>pontonem</strong></span> <span class='ocrx_word' id='word_1_721' title='bbox 837 5103 946 5142; x_wconf 90' lang='lat' dir='ltr'><strong>non</strong></span> <span class='ocrx_word' id='word_1_722' title='bbox 976 5088 1231 5142; x_wconf 81' lang='lat' dir='ltr'><strong>ascendo.</strong></span> <span class='ocrx_word' id='word_1_723' title='bbox 1264 5086 1508 5142; x_wconf 88' lang='lat' dir='ltr'><strong>Habebat</strong></span> <span class='ocrx_word' id='word_1_724' title='bbox 1532 5095 1710 5142; x_wconf 88' lang='lat' dir='ltr'><strong>autem</strong></span> <span class='ocrx_word' id='word_1_725' title='bbox 1745 5087 2067 5143; x_wconf 81' lang='lat' dir='ltr'><strong>fasciculum</strong></span> 
     </span>
    </p>
   </div>
   <div class='ocr_carea' id='block_1_97' title="bbox 506 5177 2074 5253">
    <p class='ocr_par' dir='ltr' id='par_1_97' title="bbox 506 5177 2074 5253">
     <span class='ocr_line' id='line_1_97' title="bbox 506 5177 2074 5253; baseline 0.001 -20"><span class='ocrx_word' id='word_1_726' title='bbox 506 5181 846 5253; x_wconf 84' lang='lat' dir='ltr'><strong>palmeorum</strong></span> <span class='ocrx_word' id='word_1_727' title='bbox 877 5180 1336 5245; x_wconf 87' lang='lat' dir='ltr'><strong>ramusculorum,</strong></span> <span class='ocrx_word' id='word_1_728' title='bbox 1371 5188 1425 5234; x_wconf 91' lang='lat' dir='ltr'><strong>et</strong></span> <span class='ocrx_word' id='word_1_729' title='bbox 1456 5177 1678 5234; x_wconf 87' lang='lat' dir='ltr'><strong>sedebat</strong></span> <span class='ocrx_word' id='word_1_730' title='bbox 1730 5181 1959 5249; x_wconf 85' lang='lat' dir='ltr'><strong>plectam</strong></span> <span class='ocrx_word' id='word_1_731' title='bbox 1996 5189 2074 5235; x_wconf 92' lang='lat' dir='ltr'><strong>te-</strong></span> 
     </span>
    </p>
   </div>
   <div class='ocr_carea' id='block_1_98' title="bbox 578 5310 2107 5409">
    <p class='ocr_par' dir='ltr' id='par_1_98' title="bbox 578 5310 2107 5409">
     <span class='ocr_line' id='line_1_98' title="bbox 578 5310 2107 5409; baseline -0.005 -11"><span class='ocrx_word' id='word_1_732' title='bbox 578 5343 624 5376; x_wconf 78' lang='lat'>“</span> <span class='ocrx_word' id='word_1_733' title='bbox 656 5341 788 5397; x_wconf 84' lang='lat' dir='ltr'><strong>Luc.</strong></span> <span class='ocrx_word' id='word_1_734' title='bbox 814 5354 968 5404; x_wconf 77' lang='lat' dir='ltr'><strong>xvm,</strong></span> <span class='ocrx_word' id='word_1_735' title='bbox 1157 5336 1204 5369; x_wconf 78' lang='lat'><strong>“</strong></span> <span class='ocrx_word' id='word_1_736' title='bbox 1240 5338 1325 5393; x_wconf 82' lang='lat' dir='ltr'><strong>Al.</strong></span> <span class='ocrx_word' id='word_1_737' title='bbox 1357 5335 1679 5402; x_wconf 79' lang='grc' dir='ltr'>πελάζεσθαι</span> <span class='ocrx_word' id='word_1_738' title='bbox 1710 5338 1771 5392; x_wconf 84' lang='grc' dir='ltr'>ὲν</span> <span class='ocrx_word' id='word_1_739' title='bbox 1793 5340 1858 5409; x_wconf 78' lang='grc' dir='ltr'>τῇ</span> <span class='ocrx_word' id='word_1_740' title='bbox 1896 5338 2107 5409; x_wconf 83' lang='grc' dir='ltr'><strong>ἐρήμῳ.</strong></span> 
     </span>
    </p>
   </div>
   <div class='ocr_carea' id='block_1_99' title="bbox 579 5470 2070 5561">
    <p class='ocr_par' dir='ltr' id='par_1_99' title="bbox 579 5470 2070 5561">
     <span class='ocr_line' id='line_1_99' title="bbox 579 5470 2070 5561; baseline -0.005 -28"><span class='ocrx_word' id='word_1_741' title='bbox 579 5476 690 5561; x_wconf 30' lang='lat'><strong>(36‘)</strong></span> <span class='ocrx_word' id='word_1_742' title='bbox 723 5475 834 5561; x_wconf 49' lang='lat' dir='ltr'><strong>ﬁt;</strong></span> <span class='ocrx_word' id='word_1_743' title='bbox 859 5473 1013 5528; x_wconf 89' lang='lat' dir='ltr'><strong>Patr.</strong></span> <span class='ocrx_word' id='word_1_744' title='bbox 1051 5488 1133 5540; x_wconf 84' lang='grc' dir='ltr'>ιιι,</span> <span class='ocrx_word' id='word_1_745' title='bbox 1155 5471 1224 5540; x_wconf 76' lang='grc'><strong>2;</strong></span> <span class='ocrx_word' id='word_1_746' title='bbox 1250 5470 1310 5528; x_wconf 88' lang='lat' dir='ltr'><strong>L.</strong></span> <span class='ocrx_word' id='word_1_747' title='bbox 1337 5471 1562 5527; x_wconf 91' lang='lat' dir='ltr'><strong>Climac.</strong></span> <span class='ocrx_word' id='word_1_748' title='bbox 1582 5487 1637 5542; x_wconf 89' lang='lat' dir='ltr'><strong>p.</strong></span> <span class='ocrx_word' id='word_1_749' title='bbox 1658 5471 1783 5535; x_wconf 73' lang='lat' dir='ltr'><strong>M8,</strong></span> <span class='ocrx_word' id='word_1_750' title='bbox 1814 5473 2070 5528; x_wconf 81' lang='lat' dir='ltr'><strong>Anastas.</strong></span> 
     </span>
    </p>
   </div>
   <div class='ocr_carea' id='block_1_100' title="bbox 508 5546 1296 5685">
    <p class='ocr_par' dir='ltr' id='par_1_100' title="bbox 508 5546 1296 5685">
     <span class='ocr_line' id='line_1_100' title="bbox 508 5546 856 5623; baseline -0.006 -22"><span class='ocrx_word' id='word_1_751' title='bbox 508 5546 702 5623; x_wconf 64' lang='lat' dir='ltr'><strong>quiest.</strong></span> <span class='ocrx_word' id='word_1_752' title='bbox 733 5546 856 5599; x_wconf 79' lang='lat' dir='ltr'><strong>l35.</strong></span> 
     </span>
     <span class='ocr_line' id='line_1_101' title="bbox 581 5612 1296 5685; baseline -0.006 -15"><span class='ocrx_word' id='word_1_753' title='bbox 581 5618 692 5685; x_wconf 75' lang='lat' dir='ltr'><strong>l37)</strong></span> <span class='ocrx_word' id='word_1_754' title='bbox 734 5614 841 5685; x_wconf 62' lang='lat' dir='ltr'><strong>Yt&#39;t.</strong></span> <span class='ocrx_word' id='word_1_755' title='bbox 870 5615 1026 5669; x_wconf 86' lang='lat' dir='ltr'><strong>Patr.</strong></span> <span class='ocrx_word' id='word_1_756' title='bbox 1055 5630 1138 5676; x_wconf 90' lang='grc' dir='ltr'>ιιι,</span> <span class='ocrx_word' id='word_1_757' title='bbox 1168 5612 1296 5685; x_wconf 65' lang='grc'><strong>2]4.</strong></span> 
     </span>
    </p>
   </div>
   <div class='ocr_carea' id='block_1_101' title="bbox 585 5682 1249 5751">
    <p class='ocr_par' dir='ltr' id='par_1_101' title="bbox 585 5682 1249 5751">
     <span class='ocr_line' id='line_1_102' title="bbox 585 5682 1249 5751; baseline -0.003 -13"><span class='ocrx_word' id='word_1_758' title='bbox 585 5682 690 5751; x_wconf 69' lang='lat'><strong>(58)</strong></span> <span class='ocrx_word' id='word_1_759' title='bbox 733 5683 835 5737; x_wconf 83' lang='lat' dir='ltr'><strong>Vit.</strong></span> <span class='ocrx_word' id='word_1_760' title='bbox 870 5685 1021 5738; x_wconf 84' lang='lat' dir='ltr'><strong>Patr.</strong></span> <span class='ocrx_word' id='word_1_761' title='bbox 1066 5699 1160 5748; x_wconf 86' lang='lat' dir='ltr'><strong>vlt,</strong></span> <span class='ocrx_word' id='word_1_762' title='bbox 1196 5682 1249 5736; x_wconf 83' lang='lat'><strong>&#39;5.</strong></span> 
     </span>
    </p>
   </div>
   <div class='ocr_carea' id='block_1_102' title="bbox 578 5752 1245 5825">
    <p class='ocr_par' dir='ltr' id='par_1_102' title="bbox 578 5752 1245 5825">
     <span class='ocr_line' id='line_1_103' title="bbox 578 5752 1245 5825; baseline -0.001 -19"><span class='ocrx_word' id='word_1_763' title='bbox 578 5755 691 5825; x_wconf 69' lang='grc' dir='ltr'><strong>(δν)</strong></span> <span class='ocrx_word' id='word_1_764' title='bbox 735 5752 837 5806; x_wconf 75' lang='grc' dir='ltr'>γει.</span> <span class='ocrx_word' id='word_1_765' title='bbox 876 5752 1031 5825; x_wconf 72' lang='lat' dir='ltr'><strong>Patr.</strong></span> <span class='ocrx_word' id='word_1_766' title='bbox 1070 5770 1125 5812; x_wconf 73' lang='grc' dir='ltr'><strong>χ.</strong></span> <span class='ocrx_word' id='word_1_767' title='bbox 1159 5753 1245 5825; x_wconf 71' lang='lat' dir='ltr'><strong>t6,</strong></span> 
     </span>
    </p>
   </div>
   <div class='ocr_carea' id='block_1_103' title="bbox 580 5816 2073 5909">
    <p class='ocr_par' dir='ltr' id='par_1_103' title="bbox 580 5816 2073 5909">
     <span class='ocr_line' id='line_1_104' title="bbox 580 5816 2073 5909; baseline -0.005 -30"><span class='ocrx_word' id='word_1_768' title='bbox 580 5816 691 5883; x_wconf 64' lang='lat' dir='ltr'><strong>till)</strong></span> <span class='ocrx_word' id='word_1_769' title='bbox 721 5826 820 5887; x_wconf 84' lang='grc' dir='ltr'>Είς</span> <span class='ocrx_word' id='word_1_770' title='bbox 846 5823 1189 5909; x_wconf 55' lang='lat' dir='ltr'><strong>camilla.</strong></span> <span class='ocrx_word' id='word_1_771' title='bbox 1234 5816 1500 5889; x_wconf 81' lang='lat' dir='ltr'><strong>Pelagius,</strong></span> <span class='ocrx_word' id='word_1_772' title='bbox 1533 5819 1585 5873; x_wconf 74' lang='lat' dir='ltr'><strong>in</strong></span> <span class='ocrx_word' id='word_1_773' title='bbox 1620 5818 1774 5874; x_wconf 83' lang='lat' dir='ltr'><strong>cella.</strong></span> <span class='ocrx_word' id='word_1_774' title='bbox 1798 5818 1946 5874; x_wconf 80' lang='lat' dir='ltr'><strong>Cella</strong></span> <span class='ocrx_word' id='word_1_775' title='bbox 1976 5830 2073 5890; x_wconf 89' lang='lat' dir='ltr'><strong>pro</strong></span> 
     </span>
    </p>
   </div>
   <div class='ocr_carea' id='block_1_104' title="bbox 2243 4632 3753 4709">
    <p class='ocr_par' dir='ltr' id='par_1_104' title="bbox 2243 4632 3753 4709">
     <span class='ocr_line' id='line_1_105' title="bbox 2243 4632 3753 4709; baseline 0.004 -22"><span class='ocrx_word' id='word_1_776' title='bbox 2243 4643 2317 4699; x_wconf 79' lang='grc' dir='ltr'>ς’.</span> <span class='ocrx_word' id='word_1_777' title='bbox 2348 4632 2517 4689; x_wconf 79' lang='grc' dir='ltr'>’Ἦλοέ</span> <span class='ocrx_word' id='word_1_778' title='bbox 2543 4654 2671 4689; x_wconf 88' lang='grc' dir='ltr'>ποτε</span> <span class='ocrx_word' id='word_1_779' title='bbox 2691 4639 2719 4694; x_wconf 83' lang='grc' dir='ltr'>ὁ</span> <span class='ocrx_word' id='word_1_780' title='bbox 2756 4637 2928 4699; x_wconf 78' lang='grc' dir='ltr'>ἀ66ᾶς</span> <span class='ocrx_word' id='word_1_781' title='bbox 2960 4639 3253 4708; x_wconf 81' lang='grc' dir='ltr'>Ἀμμωνᾶς</span> <span class='ocrx_word' id='word_1_782' title='bbox 3275 4639 3508 4709; x_wconf 81' lang='grc' dir='ltr'>περάσαι</span> <span class='ocrx_word' id='word_1_783' title='bbox 3535 4639 3626 4693; x_wconf 80' lang='grc' dir='ltr'><strong>τὸν</strong></span> <span class='ocrx_word' id='word_1_784' title='bbox 3653 4656 3753 4693; x_wconf 84' lang='grc' dir='ltr'>πο-</span> 
     </span>
    </p>
   </div>
   <div class='ocr_carea' id='block_1_105' title="bbox 2169 4720 3753 4801">
    <p class='ocr_par' dir='ltr' id='par_1_105' title="bbox 2169 4720 3753 4801">
     <span class='ocr_line' id='line_1_106' title="bbox 2169 4720 3753 4801; baseline 0.004 -21"><span class='ocrx_word' id='word_1_785' title='bbox 2169 4727 2360 4798; x_wconf 81' lang='grc' dir='ltr'>ταμὸν,</span> <span class='ocrx_word' id='word_1_786' title='bbox 2389 4731 2483 4781; x_wconf 77' lang='grc' dir='ltr'>καὶ</span> <span class='ocrx_word' id='word_1_787' title='bbox 2510 4720 2635 4799; x_wconf 76' lang='grc' dir='ltr'>εὗρε</span> <span class='ocrx_word' id='word_1_788' title='bbox 2661 4729 2722 4781; x_wconf 80' lang='grc' dir='ltr'><strong>τὸ</strong></span> <span class='ocrx_word' id='word_1_789' title='bbox 2753 4728 3046 4798; x_wconf 88' lang='grc' dir='ltr'>πορθμεῖον</span> <span class='ocrx_word' id='word_1_790' title='bbox 3077 4729 3504 4801; x_wconf 86' lang='grc' dir='ltr'>φιλοκαλημένον</span> <span class='ocrx_word' id='word_1_791' title='bbox 3544 4732 3588 4763; x_wconf 75' lang='grc'><strong>⁸⁸</strong></span> <span class='ocrx_word' id='word_1_792' title='bbox 3609 4771 3623 4795; x_wconf 91' lang='grc'><strong>,</strong></span> <span class='ocrx_word' id='word_1_793' title='bbox 3656 4731 3753 4786; x_wconf 74' lang='grc' dir='ltr'><strong>καὶ</strong></span> 
     </span>
    </p>
   </div>
   <div class='ocr_carea' id='block_1_106' title="bbox 2170 4817 3753 4889">
    <p class='ocr_par' dir='ltr' id='par_1_106' title="bbox 2170 4817 3753 4889">
     <span class='ocr_line' id='line_1_107' title="bbox 2170 4817 3753 4889; baseline 0.002 -19"><span class='ocrx_word' id='word_1_794' title='bbox 2170 4817 2552 4888; x_wconf 67' lang='grc' dir='ltr'>Μρεκαοέσοη</span> <span class='ocrx_word' id='word_1_795' title='bbox 2580 4818 2746 4889; x_wconf 78' lang='grc' dir='ltr'>αὐτῷ’</span> <span class='ocrx_word' id='word_1_796' title='bbox 2772 4818 2865 4871; x_wconf 71' lang='grc' dir='ltr'><strong>καὶ</strong></span> <span class='ocrx_word' id='word_1_797' title='bbox 2890 4818 2996 4870; x_wconf 76' lang='grc' dir='ltr'>ἰδοὺ</span> <span class='ocrx_word' id='word_1_798' title='bbox 3021 4818 3144 4873; x_wconf 82' lang='grc' dir='ltr'>ἀλλο</span> <span class='ocrx_word' id='word_1_799' title='bbox 3164 4819 3367 4888; x_wconf 78' lang='grc' dir='ltr'>σκάφος</span> <span class='ocrx_word' id='word_1_800' title='bbox 3382 4820 3461 4881; x_wconf 87' lang='grc' dir='ltr'>εἰς</span> <span class='ocrx_word' id='word_1_801' title='bbox 3476 4819 3567 4873; x_wconf 78' lang='grc' dir='ltr'><strong>τὸν</strong></span> <span class='ocrx_word' id='word_1_802' title='bbox 3587 4822 3753 4874; x_wconf 85' lang='grc' dir='ltr'>τόπον</span> 
     </span>
    </p>
   </div>
   <div class='ocr_carea' id='block_1_107' title="bbox 2170 4905 3753 4983">
    <p class='ocr_par' dir='ltr' id='par_1_107' title="bbox 2170 4905 3753 4983">
     <span class='ocr_line' id='line_1_108' title="bbox 2170 4905 3753 4983; baseline 0.002 -20"><span class='ocrx_word' id='word_1_803' title='bbox 2170 4905 2323 4979; x_wconf 79' lang='grc' dir='ltr'>ἦλθε,</span> <span class='ocrx_word' id='word_1_804' title='bbox 2339 4912 2433 4963; x_wconf 74' lang='grc' dir='ltr'><strong>καὶ</strong></span> <span class='ocrx_word' id='word_1_805' title='bbox 2446 4911 2681 4981; x_wconf 81' lang='grc' dir='ltr'>ἐπέρασε</span> <span class='ocrx_word' id='word_1_806' title='bbox 2708 4912 2833 4974; x_wconf 75' lang='grc' dir='ltr'>τοὺς</span> <span class='ocrx_word' id='word_1_807' title='bbox 2853 4912 3010 4973; x_wconf 83' lang='grc' dir='ltr'>ὄντας</span> <span class='ocrx_word' id='word_1_808' title='bbox 3026 4910 3364 4983; x_wconf 84' lang='grc' dir='ltr'>ἀνθρώπους.</span> <span class='ocrx_word' id='word_1_809' title='bbox 3379 4911 3490 4966; x_wconf 79' lang='grc' dir='ltr'><strong>Καὶ</strong></span> <span class='ocrx_word' id='word_1_810' title='bbox 3504 4912 3753 4981; x_wconf 86' lang='grc' dir='ltr'>λέγουσιν</span> 
     </span>
    </p>
   </div>
   <div class='ocr_carea' id='block_1_108' title="bbox 2176 5000 3753 5075">
    <p class='ocr_par' dir='ltr' id='par_1_108' title="bbox 2176 5000 3753 5075">
     <span class='ocr_line' id='line_1_109' title="bbox 2176 5000 3753 5075; baseline 0.003 -21"><span class='ocrx_word' id='word_1_811' title='bbox 2176 5000 2324 5071; x_wconf 82' lang='grc' dir='ltr'>αὐτῷ</span> <span class='ocrx_word' id='word_1_812' title='bbox 2343 5018 2355 5031; x_wconf 88' lang='grc'><strong>·</strong></span> <span class='ocrx_word' id='word_1_813' title='bbox 2382 5000 2551 5071; x_wconf 88' lang='grc' dir='ltr'>Δεῦρο</span> <span class='ocrx_word' id='word_1_814' title='bbox 2575 5002 2667 5057; x_wconf 78' lang='grc' dir='ltr'>καὶ</span> <span class='ocrx_word' id='word_1_815' title='bbox 2695 5002 2757 5054; x_wconf 84' lang='grc' dir='ltr'><strong>σὺ</strong></span> <span class='ocrx_word' id='word_1_816' title='bbox 2786 5002 2949 5064; x_wconf 78' lang='grc' dir='ltr'>ἁὸὗᾶ,</span> <span class='ocrx_word' id='word_1_817' title='bbox 2982 5001 3217 5072; x_wconf 84' lang='grc' dir='ltr'>πέρασον</span> <span class='ocrx_word' id='word_1_818' title='bbox 3245 5002 3361 5072; x_wconf 85' lang='grc' dir='ltr'>μεθ’</span> <span class='ocrx_word' id='word_1_819' title='bbox 3389 5003 3563 5075; x_wconf 84' lang='grc' dir='ltr'>ἡμῶν.</span> <span class='ocrx_word' id='word_1_820' title='bbox 3613 5004 3671 5058; x_wconf 82' lang='lat'><strong>&#39;0</strong></span> <span class='ocrx_word' id='word_1_821' title='bbox 3693 5004 3753 5059; x_wconf 64' lang='grc' dir='ltr'>δὲ</span> 
     </span>
    </p>
   </div>
   <div class='ocr_carea' id='block_1_109' title="bbox 2175 5091 3751 5162">
    <p class='ocr_par' dir='ltr' id='par_1_109' title="bbox 2175 5091 3751 5162">
     <span class='ocr_line' id='line_1_110' title="bbox 2175 5091 3751 5162; baseline 0.004 -17"><span class='ocrx_word' id='word_1_822' title='bbox 2175 5092 2321 5159; x_wconf 87' lang='grc' dir='ltr'>λέγει</span> <span class='ocrx_word' id='word_1_823' title='bbox 2341 5106 2355 5121; x_wconf 73' lang='grc' dir='ltr'><strong>ο</strong></span> <span class='ocrx_word' id='word_1_824' title='bbox 2380 5092 2441 5143; x_wconf 87' lang='lat' dir='ltr'><strong>El</strong></span> <span class='ocrx_word' id='word_1_825' title='bbox 2461 5092 2535 5161; x_wconf 83' lang='grc' dir='ltr'>μὴ</span> <span class='ocrx_word' id='word_1_826' title='bbox 2565 5093 2645 5155; x_wconf 85' lang='grc' dir='ltr'><strong>είς</strong></span> <span class='ocrx_word' id='word_1_827' title='bbox 2661 5091 2721 5144; x_wconf 80' lang='grc' dir='ltr'>τὸ</span> <span class='ocrx_word' id='word_1_828' title='bbox 2746 5091 3000 5162; x_wconf 81' lang='grc' dir='ltr'>δημόσιον</span> <span class='ocrx_word' id='word_1_829' title='bbox 3023 5091 3314 5162; x_wconf 87' lang='grc' dir='ltr'>πορθμεῖον</span> <span class='ocrx_word' id='word_1_830' title='bbox 3329 5093 3428 5145; x_wconf 74' lang='grc' dir='ltr'><strong>οὐκ</strong></span> <span class='ocrx_word' id='word_1_831' title='bbox 3454 5094 3751 5151; x_wconf 80' lang='grc' dir='ltr'>ἀναϐαίνω.</span> 
     </span>
    </p>
   </div>
   <div class='ocr_carea' id='block_1_110' title="bbox 2178 5177 3754 5253">
    <p class='ocr_par' dir='ltr' id='par_1_110' title="bbox 2178 5177 3754 5253">
     <span class='ocr_line' id='line_1_111' title="bbox 2178 5177 3754 5253; baseline 0.004 -20"><span class='ocrx_word' id='word_1_832' title='bbox 2178 5177 2306 5252; x_wconf 86' lang='grc' dir='ltr'><strong>Εἶχε</strong></span> <span class='ocrx_word' id='word_1_833' title='bbox 2338 5180 2395 5234; x_wconf 84' lang='grc' dir='ltr'>δὲ</span> <span class='ocrx_word' id='word_1_834' title='bbox 2432 5181 2637 5253; x_wconf 82' lang='grc' dir='ltr'>δέσμην</span> <span class='ocrx_word' id='word_1_835' title='bbox 2677 5181 2926 5251; x_wconf 87' lang='grc' dir='ltr'>θαλλίων,</span> <span class='ocrx_word' id='word_1_836' title='bbox 2972 5182 3068 5237; x_wconf 76' lang='grc' dir='ltr'>καὶ</span> <span class='ocrx_word' id='word_1_837' title='bbox 3108 5180 3343 5253; x_wconf 81' lang='grc' dir='ltr'>ἐκάθητο</span> <span class='ocrx_word' id='word_1_838' title='bbox 3375 5185 3589 5240; x_wconf 87' lang='grc' dir='ltr'>πλέκων</span> <span class='ocrx_word' id='word_1_839' title='bbox 3644 5204 3754 5240; x_wconf 85' lang='grc' dir='ltr'>σει-</span> 
     </span>
    </p>
   </div>
   <div class='ocr_carea' id='block_1_111' title="bbox 2182 5338 2882 5413">
    <p class='ocr_par' dir='ltr' id='par_1_111' title="bbox 2182 5338 2882 5413">
     <span class='ocr_line' id='line_1_112' title="bbox 2182 5338 2882 5413; baseline 0.006 -20"><span class='ocrx_word' id='word_1_840' title='bbox 2182 5338 2228 5372; x_wconf 81' lang='grc'>⁶⁵</span> <span class='ocrx_word' id='word_1_841' title='bbox 2251 5340 2337 5393; x_wconf 82' lang='grc' dir='ltr'>Αι.</span> <span class='ocrx_word' id='word_1_842' title='bbox 2363 5339 2692 5413; x_wconf 83' lang='grc' dir='ltr'>πεφιλοκαλη</span> <span class='ocrx_word' id='word_1_843' title='bbox 2701 5341 2882 5411; x_wconf 84' lang='grc' dir='ltr'>μένον.</span> 
     </span>
    </p>
   </div>
   <div class='ocr_carea' id='block_1_112' title="bbox 2175 5471 3752 5547">
    <p class='ocr_par' dir='ltr' id='par_1_112' title="bbox 2175 5471 3752 5547">
     <span class='ocr_line' id='line_1_113' title="bbox 2175 5471 3752 5547; baseline 0.004 -21"><span class='ocrx_word' id='word_1_844' title='bbox 2175 5471 2367 5547; x_wconf 65' lang='lat' dir='ltr'><strong>Gellia.</strong></span> <span class='ocrx_word' id='word_1_845' title='bbox 2399 5472 2579 5529; x_wconf 87' lang='lat' dir='ltr'><strong>Locus</strong></span> <span class='ocrx_word' id='word_1_846' title='bbox 2605 5482 2689 5531; x_wconf 90' lang='lat' dir='ltr'><strong>est</strong></span> <span class='ocrx_word' id='word_1_847' title='bbox 2719 5475 2950 5531; x_wconf 89' lang='lat' dir='ltr'><strong>celebris</strong></span> <span class='ocrx_word' id='word_1_848' title='bbox 2975 5475 3030 5530; x_wconf 92' lang='lat' dir='ltr'><strong>in</strong></span> <span class='ocrx_word' id='word_1_849' title='bbox 3052 5473 3273 5547; x_wconf 70' lang='lat' dir='ltr'><strong>Egypti</strong></span> <span class='ocrx_word' id='word_1_850' title='bbox 3296 5490 3503 5541; x_wconf 91' lang='lat' dir='ltr'><strong>eremo,</strong></span> <span class='ocrx_word' id='word_1_851' title='bbox 3543 5491 3576 5531; x_wconf 85' lang='lat' dir='ltr'><strong>a</strong></span> <span class='ocrx_word' id='word_1_852' title='bbox 3614 5482 3752 5533; x_wconf 86' lang='lat' dir='ltr'><strong>mul-</strong></span> 
     </span>
    </p>
   </div>
   <div class='ocr_carea' id='block_1_113' title="bbox 2175 5544 3750 5616">
    <p class='ocr_par' dir='ltr' id='par_1_113' title="bbox 2175 5544 3750 5616">
     <span class='ocr_line' id='line_1_114' title="bbox 2175 5544 3750 5616; baseline 0.005 -20"><span class='ocrx_word' id='word_1_853' title='bbox 2175 5544 2410 5616; x_wconf 74' lang='lat' dir='ltr'><strong>titudine</strong></span> <span class='ocrx_word' id='word_1_854' title='bbox 2436 5546 2759 5600; x_wconf 88' lang='lat' dir='ltr'><strong>cellularum</strong></span> <span class='ocrx_word' id='word_1_855' title='bbox 2788 5544 3174 5616; x_wconf 60' lang='lat' dir='ltr'><strong>nuncupatus,</strong></span> <span class='ocrx_word' id='word_1_856' title='bbox 3194 5544 3388 5611; x_wconf 76' lang='lat' dir='ltr'><strong>Cellia,</strong></span> <span class='ocrx_word' id='word_1_857' title='bbox 3418 5546 3603 5613; x_wconf 68' lang='lat' dir='ltr'><strong>Cellae,</strong></span> <span class='ocrx_word' id='word_1_858' title='bbox 3627 5548 3750 5603; x_wconf 60' lang='lat' dir='ltr'><strong>Gelo</strong></span> 
     </span>
    </p>
   </div>
   <div class='ocr_carea' id='block_1_114' title="bbox 2177 5613 3752 5761">
    <p class='ocr_par' dir='ltr' id='par_1_114' title="bbox 2177 5613 3752 5761">
     <span class='ocr_line' id='line_1_115' title="bbox 2177 5613 3752 5761; baseline 0.004 -28"><span class='ocrx_word' id='word_1_859' title='bbox 2177 5613 2358 5761; x_wconf 42' lang='grc' dir='ltr'><strong>ῗιῗιδί)</strong></span> <span class='ocrx_word' id='word_1_860' title='bbox 2395 5682 2467 5761; x_wconf 58' lang='grc' dir='ltr'><strong>ζὸ</strong></span> <span class='ocrx_word' id='word_1_861' title='bbox 2497 5683 2823 5761; x_wconf 51' lang='grc' dir='ltr'>πβάζερνθαι</span> <span class='ocrx_word' id='word_1_862' title='bbox 2869 5684 2940 5738; x_wconf 79' lang='grc' dir='ltr'>ἐν</span> <span class='ocrx_word' id='word_1_863' title='bbox 2998 5685 3129 5750; x_wconf 80' lang='grc' dir='ltr'>ταῖς</span> <span class='ocrx_word' id='word_1_864' title='bbox 3146 5683 3423 5761; x_wconf 45' lang='grc' dir='ltr'>ἐρήμοις.</span> <span class='ocrx_word' id='word_1_865' title='bbox 3455 5685 3752 5761; x_wconf 76' lang='lat' dir='ltr'><strong>_lnterpres</strong></span> 
     </span>
    </p>
   </div>
   <div class='ocr_carea' id='block_1_115' title="bbox 2175 5749 3786 5882">
    <p class='ocr_par' dir='ltr' id='par_1_115' title="bbox 2175 5749 3786 5882">
     <span class='ocr_line' id='line_1_116' title="bbox 2175 5749 3786 5882; baseline 0.004 -79"><span class='ocrx_word' id='word_1_866' title='bbox 2175 5749 2316 5882; x_wconf 57' lang='lat' dir='ltr'><strong>icdetét</strong></span> <span class='ocrx_word' id='word_1_867' title='bbox 2341 5749 2364 5804; x_wconf 65' lang='grc' dir='ltr'><strong>ξ</strong></span> <span class='ocrx_word' id='word_1_868' title='bbox 2397 5749 2463 5806; x_wconf 88' lang='lat' dir='ltr'><strong>Ut</strong></span> <span class='ocrx_word' id='word_1_869' title='bbox 2494 5755 2691 5809; x_wconf 78' lang='lat' dir='ltr'><strong>alicubi</strong></span> <span class='ocrx_word' id='word_1_870' title='bbox 2721 5758 2772 5809; x_wconf 80' lang='lat' dir='ltr'><strong>in</strong></span> <span class='ocrx_word' id='word_1_871' title='bbox 2799 5770 2970 5809; x_wconf 78' lang='lat' dir='ltr'><strong>eremo</strong></span> <span class='ocrx_word' id='word_1_872' title='bbox 3009 5749 3283 5809; x_wconf 59' lang='lat' dir='ltr'><strong>recedam:</strong></span> <span class='ocrx_word' id='word_1_873' title='bbox 3308 5749 3547 5827; x_wconf 73' lang='lat' dir='ltr'><strong>Legebat</strong></span> <span class='ocrx_word' id='word_1_874' title='bbox 3621 5749 3786 5812; x_wconf 65' lang='grc' dir='ltr'>πελά-</span> 
     </span>
     <span class='ocr_line' id='line_1_117' title="bbox 2211 5837 2384 5876; baseline 0.023 -4"><span class='ocrx_word' id='word_1_875' title='bbox 2211 5837 2269 5873; x_wconf 86' lang='grc' dir='ltr'><strong>εσ</strong></span> <span class='ocrx_word' id='word_1_876' title='bbox 2307 5837 2384 5876; x_wconf 85' lang='grc' dir='ltr'><strong>αι.</strong></span> 
     </span>
    </p>
   </div>
  </div>
