4034 6340
280 389 377 450 Hi

1390 361 2006 452 Arern'ruscuau
2044 393 2353 452 parum.
2400 420 2403 421 ί

3435 403 3543 460 ηε

283 505 400 578 ράν,
419 504 515 557 καὶ
548 502 718 557 πάλιν
732 502 873 555 λύων
887 502 1200 574 αὐτὴν,έως
1240 499 1302 559 οὗ
1330 506 1520 575 γέγονε
1553 506 1613 560 τὸ
1634 508 1681 541 ⁸⁸
1730 526 1866 580 πορ-
1897 561 1900 571 1

2006 525 2122 577 ens,
2174 510 2486 577 iterumque
2517 506 2737 562 solvens
2769 522 2908 576 eam,
2949 509 3193 579 quandiu
3228 512 3283 566 in
3308 520 3546 581 pootone

290 596 497 666 θμεῖον.
549 594 667 648 Kal
700 595 876 659 οὕτως
923 596 1209 666 ἐπέρασεν.
1264 598 1495 652 Ἐσαλον
1525 595 1618 653 οὖν
1645 601 1793 672 αὐτῷ
1817 605 1865 657 οί

283 685 497 754 ἀδελφοὶ
521 685 839 755 μετάνοιαν,
868 685 1113 755 λέγοντες
1132 704 1146 719 ο
1171 687 1238 741 Τί
1264 688 1422 742 τοῦτο
1449 689 1710 759 ἐποίησας
1725 709 1740 757 ;
1758 693 1869 746 Καὶ

286 777 430 846 λέγει
460 777 652 839 αὐτοῖς
680 777 709 828 6
728 775 907 846 γέρων
926 791 943 805 ³
977 779 1093 831 ἰνα
1116 777 1190 847 μὴ
1213 778 1447 832 πάντοτε
1476 780 1869 847 σπουδάζοντος

288 868 377 922 τοῦ
407 867 673 938 λογισμοῦ
709 867 1016 939 περιπατῶ.
1062 868 1224 922 Ἀλλά
1255 871 1350 923 καὶ
1382 856 1538 924 τοῦτο
1564 872 1871 943 ὑπόδειγμά

289 961 455 1024 ἔστιν,
487 960 576 1012 ἴνα
605 958 745 1029 μετά
771 959 1154 1025 καταστάσεως
1183 959 1490 1032 βαδίζωμεν
1513 963 1613 1033 τήν
1634 962 1750 1018 ὁδόν
1770 962 1869 1035 τοῦ

290 1049 444 1106 Θεοῦ.

361 1143 428 1206 ζ’.
469 1141 707 1213 ’Δπῆλθέ
750 1158 878 1195 ποτε
908 1142 937 1195 6
966 1140 1140 1207 assa;
1197 1143 1490 1214 ’Λμμωνᾶς
1538 1143 1873 1215 παραϐαλεῖν

292 1235 368 1307 τῷ
389 1234 539 1306 ἀὸὗᾷ
571 1234 860 1306 Ἀντωνίῳ,
884 1233 980 1288 καὶ
1001 1234 1279 1305 ἐπλανήθη
1301 1234 1399 1306 τὴν
1440 1235 1587 1289 όδόν⁶
1618 1237 1712 1289 xal
1740 1236 1874 1289 καθ-

304 1329 420 1392 ίσας
458 1328 730 1401 ἐκοιμήθη
767 1329 992 1400 μικρόν·
1044 1329 1136 1382 καὶ
1180 1330 1418 1394 ἀναστὰς
1448 1332 1511 1384 ὲκ
1537 1331 1632 1384 τοῦ
1680 1331 1870 1398 ὕπνου,

297 1420 491 1485 εὔξατο
518 1419 598 1490 τῷ
629 1419 772 1489 Θεῷ,
823 1419 1025 1489 λέγων’
1053 1420 1256 1491 Δέομαί
1289 1438 1381 1474 σου
1406 1462 1421 1484 ,
1454 1422 1626 1493 Κύριε
1672 1424 1700 1475 6
1743 1423 1875 1488 Θεός

303 1529 422 1583 μου,
462 1511 538 1582 μή
566 1507 841 1581 ἀπολέσῃς
865 1511 927 1563 τὸ
966 1512 1192 1582 πλάσμα
1230 1528 1344 1565 σου.
1383 1513 1493 1565 Kal
1530 1512 1687 1583 ὤφθη
1728 1512 1876 1585 αὑτῷ

298 1604 372 1666 ὡς
403 1604 529 1674 χεὶρ
557 1601 844 1673 ἀνθρώπου
892 1604 1219 1674 κρεμαμένη
1258 1604 1323 1658 ἐκ
1346 1603 1441 1657 τοῦ
1471 1603 1721 1675 οὐρανοῦ,
1769 1605 1877 1659 δει-

300 1693 534 1751 κνύουσα
562 1692 712 1764 αὐτῷ
740 1693 840 1764 τήν
874 1693 1013 1757 ὁδὸν,
1041 1694 1147 1757 ἕως
1167 1688 1229 1747 οὗ
1271 1691 1405 1767 ἦλθε
1435 1697 1530 1749 xal
1572 1696 1702 1770 ἔστη
1738 1698 1878 1752 κατὰ

299 1785 392 1840 τοῦ
421 1784 690 1855 σπηλαίου
713 1783 807 1838 τοῦ
833 1784 976 1838 esse
1014 1785 1316 1840 Ἀντωνίου.

1970 602 2140 654 stetit.
2190 598 2371 670 Atque
2419 599 2495 652 ita
2549 598 2792 652 transiit.
2834 597 3008 669 Igitur
3060 599 3260 657 fratres
3314 617 3546 672 corpore

1968 690 2111 744 flexo
2149 692 2439 760 petierunt,
2479 705 2578 745 cur
2603 689 2656 744 id
2684 689 2923 746 fecisset.
2949 692 3040 746 Ait
3071 707 3235 747 senex
3268 711 3280 746 :
3307 690 3384 746 Ne
3402 708 3544 747 sem~

1969 794 2067 850 per
2098 779 2308 833 intenta
2344 788 2524 834 mente
2554 780 2885 835 incederem.
2922 781 3029 836 Sed
3056 793 3109 836 et
3144 782 3276 837 illud
3298 783 3553 853 exetnplo

1970 877 2076 936 est,
2112 870 2192 923 uti
2232 869 2535 939 composite
2561 869 2623 925 in
2646 871 2734 925 via
2764 869 2859 927 Dei
2894 872 3229 943 gradiamur.

2053 1149 2107 1204 ’1.
2148 1146 2430 1204 Profectus
2451 1147 2747 1218 aliquando
2773 1147 2943 1203 abbas
2981 1151 3275 1205 Ammonas
3304 1149 3370 1205 ad
3396 1151 3555 1208 abba-

1972 1248 2080 1297 tem
2110 1240 2432 1303 Antonium,
2458 1254 2489 1293 a
2518 1239 2607 1293 via
2657 1239 2968 1304 aberravit;
2996 1239 3300 1309 sedensque
3328 1239 3544 1296 dormiit

1972 1348 2268 1405 parumper
2298 1351 2312 1387 :
2348 1333 2473 1387 dein
2508 1346 2541 1386 e
2591 1346 2785 1387 somno
2810 1331 3103 1398 excitatus,
3132 1332 3306 1385 oravit
3341 1331 3505 1387 Deum

1975 1426 2055 1481 sic
2081 1442 2095 1475 :
2127 1423 2370 1481 Obsecro
2402 1432 2477 1487 te,
2510 1422 2741 1478 Domine
2771 1420 2913 1477 Deus
2944 1438 3116 1485 meus,
3144 1438 3212 1477 ne
3244 1434 3532 1478 creaturan
3566 1402 3571 1407 I

1977 1525 2122 1571 tuam
2154 1516 2381 1586 patiaris
2407 1514 2606 1584 perire.
2631 1511 2786 1567 Tunc
2817 1512 3073 1582 apparuit
3096 1512 3145 1566 ei
3178 1513 3326 1566 velut
3360 1529 3551 1568 manui:

1976 1608 2215 1663 hominis
2231 1623 2262 1661 e
2285 1607 2427 1661 cmlo
2445 1619 2735 1674 suspensa,
2762 1591 3064 1659 ostendens
3087 1602 3253 1669 viam,
3272 1619 3537 1674 quousque

1976 1698 2318 1770 pervenisset
2356 1712 2421 1752 ac
2458 1697 2704 1752 stetisset
2743 1702 2872 1750 ante
2910 1693 3126 1749 abbatis
3167 1693 3391 1748 Antonii
3435 1709 3559 1764 spe—

1978 1791 2218 1845 luncam.

367 1884 439 1947 η’.
472 1875 661 1947 Τούτῳ
689 1875 767 1947 πῖ»
793 1873 940 1947 asas
988 1875 1254 1947 Ἀμμωνᾷ
1290 1878 1697 1949 προεφήτευσεν
1722 1881 1752 1932 6
1777 1878 1879 1933 ἀϐ-

2050 1880 2105 1936 8.
2141 1880 2253 1951 (42)
2291 1877 2428 1934 lluic
2457 1877 2645 1935 abbati
2668 1877 2951 1933 Ammona:
2974 1875 3227 1946 praedixit
3251 1876 3422 1932 abbas
3449 1874 3563 1929 An-

303 1970 401 2036 δᾶς
441 1968 749 2033 Ἀντώνιος,
784 1968 958 2038 λέγων
978 2009 996 2036 ,
1041 1970 1125 2023 ότι
1158 1968 1345 2040 Ἔχεις
1376 1972 1644 2043 προκόψαι
1678 1973 1757 2036 είς
1792 1973 1882 2026 τὸν

304 2061 463 2132 φόϐον
490 2059 588 2114 τοῦ
616 2059 776 2113 Θεοῦ.
809 2060 921 2113 Καὶ
941 2059 1208 2133 ἐξήγαγεν
1228 2061 1387 2114 αὑτὸν
1403 2061 1508 2127 ἔξω
1533 2062 1628 2115 τοῦ
1647 2062 1882 2128 κελλίου,

303 2153 394 2208 καὶ
442 2151 648 2218 ἔδειξεν
681 2151 831 2221 αὐτῷ
884 2150 1031 2204 λίθον
1053 2189 1069 2215 ,
1096 2151 1191 2204 καὶ
1233 2146 1386 2205 εἶπεν
1409 2151 1590 2223 αὐτῷ·
1625 2153 1886 2227 ’Υσρισον

303 2243 391 2297 τὸν
441 2242 595 2297 λίθον
649 2243 837 2297 τοῦτον
875 2243 967 2296 καὶ
1001 2241 1168 2312 τύψον
1199 2241 1385 2297 αὐτόν.
1433 2242 1491 2295 Ὁ
1544 2243 1600 2297 δὲ
1630 2244 1886 2314 ἐποίησεν

307 2332 494 2397 οὕτως.
532 2333 645 2386 Kal
678 2333 822 2401 λέγει
856 2333 1007 2403 αὐτῷ
1040 2334 1068 2385 6
1100 2332 1581 2397 ἀῦϐᾶςἊντώνιος
1600 2350 1616 2366 ο
1647 2335 1741 2406 Μή
1764 2334 1888 2391 ὲλά-

306 2424 465 2495 λησεν
489 2424 519 2477 6
550 2423 738 2488 λίθος;
777 2423 836 2477 '0
862 2423 920 2476 δὲ
947 2417 1132 2475 εἶπεν·
1175 2423 1327 2494 Οὐχί.
1363 2423 1474 2478 Kal
1504 2423 1651 2491 λέγει
1682 2423 1831 2495 αὐτῷ
1861 2426 1891 2478 6

312 2515 476 2580 esse;
525 2514 816 2578 ’Δντώνιος
831 2530 844 2545 ⁶
882 2512 1039 2568 Οὕτω
1083 2514 1269 2569 καὶσὺ
1312 2514 1635 2570 ηταλαὸεῖν
1674 2516 1891 2585 μέλλεις

310 2607 457 2662 τοῦτο
481 2607 545 2660 τδ
597 2606 821 2677 μέτρον.
879 2606 945 2659 Ὃ
1002 2605 1096 2659 καὶ
1128 2604 1368 2675 ἐγένετο,
1416 2604 1697 2677 Προέκοψε
1726 2605 1836 2677 γὰρ
1861 2607 1892 2658 6

308 2698 476 2759 6665.:
517 2697 817 2769 ’Δμμωνᾶς
845 2694 1036 2760 οὕτως,
1077 2695 1152 2759 ὡς
1180 2695 1288 2749 ἀπδ
1330 2694 1528 2766 πολλῆς,
1557 2696 1894 2771 ἀγαθότητος

313 2789 508 2863 μηκέτι
538 2789 745 2843 εἰδέναι
772 2786 872 2858 τήν
901 2786 1118 2840 κακίαν.
1161 2787 1253 2841 Ἐν
1277 2780 1358 2850 οἷς
1398 2785 1691 2857 γενομένου
1725 2787 1894 2843 αὑτοῦ

310 2883 635 2946 ἐπισκόπου,
662 2880 1045 2952 προσήνεγκαν
1074 2877 1225 2949 αὑτῷ
1241 2876 1510 2948 παρθένον
1538 2876 1811 2934 λαϐοῦσαν
1838 2883 1897 2934 ὲν

315 2976 532 3045 γαστρὶ,
562 2975 659 3028 καὶ
688 2973 939 3042 λέγουσιν
963 2971 1111 3043 αὑτῷ
1134 2988 1148 3001 '
1182 2971 1244 3024 '0
1269 2971 1418 3024 δεῖνα
1446 2972 1674 3046 ἐποίησε
1700 2973 1858 3028 τοῦτο
1878 2988 1896 3006 ο

316 3067 404 3130 δὺς
431 3066 618 3129 αὐτοῖς
647 3063 952 3134 ἀπιτιμίαν.
979 3063 1036 3118 '0
1067 3062 1125 3116 δὲ
1147 3065 1455 3138 σφραγίσας
1474 3065 1645 3134 αὐτῆς
1662 3065 1763 3135 τὴν
1788 3081 1901 3117 κοι-

320 3159 460 3221 λίαν,
494 3156 753 3211 ἐκέλευσε
782 3153 998 3230 δοθῆναι
1034 3160 1171 3230 αὐτῇ
1200 3158 1261 3223 ἒξ
1287 3158 1457 3226 ζυγάς
1490 3156 1780 3216 σινδονίων,
1811 3153 1897 3207 λέ-

320 3261 466 3316 γων·
506 3244 738 3316 Μήποτε
794 3245 870 3309 ὡς
911 3245 1212 3316 ἀπέρχεται
1253 3247 1530 3317 γεννῆσαι,
1580 3243 1826 3314 ἀποθάνῃ
1863 3242 1897 3313 ἢ

322 3338 456 3409 αὐτὴ
484 3337 518 3409 ἢ
543 3339 605 3390 τὸ
630 3336 864 3399 παιδίον,
890 3337 984 3390 καὶ
1008 3337 1083 3408 μή
1109 3336 1247 3410 εὕρῃ
1262 3337 1608 3408 κηδευθῆναι.
1640 3335 1907 3403 Λέγουσιν

327 3428 471 3498 αὐτῷ
496 3429 548 3479 οἱ
576 3428 701 3481 κατ’
732 3427 900 3497 αὐτῆς
934 3427 1248 3497 ἐντυχόντες
1267 3442 1281 3456 ο
1323 3427 1388 3479 Τί
1416 3426 1574 3480 τοῦτο
1611 3425 1906 3495 ὲποίησας;

326 3519 412 3584 δδς
441 3519 627 3581 αὐτοῖς
650 3517 949 3588 ἐπιτιμίαν.
1002 3516 1059 3569 '0
1090 3516 1147 3569 δὲ
1203 3515 1350 3585 λέγει
1402 3516 1584 3579 αὐτοῖς
1603 3530 1617 3543 ·
1645 3513 1905 3575 Βλέπετε,

330 3609 568 3679 ἀδελφοὶ,
604 3610 689 3663 ﬁt
717 3606 885 3677 ἐγγύς
904 3611 1020 3662 ἐστι
1045 3607 1137 3661 τοῦ
1169 3607 1399 3662 θανάτου
1419 3624 1434 3641 ο
1464 3606 1559 3660 καὶ
1582 3605 1635 3658 τί
1663 3604 1772 3675 ἔχω
1801 3602 1912 3672 ἐγὼ

335 3703 594 3771 ποιῆσαι;
622 3700 734 3753 Καὶ
753 3699 1023 3753 ἀπέλυσεν
1048 3699 1224 3770 αὑτήν
1243 3718 1256 3732 ·
1289 3701 1384 3754 καὶ
1420 3698 1521 3752 οὐκ
1553 3698 1852 3768 ἐτόλμησεν
1884 3697 1913 3749 6

337 3793 512 3864 γέρων
538 3790 868 3864 κατακρίναι
898 3807 1042 3844 τινα.

407 3882 475 3939 θ’.
510 3883 741 3952 Ἔλεγον
774 3882 903 3955 περὶ
933 3878 1098 3935 αὐτοῦ
1123 3918 1139 3945 ,
1174 3881 1256 3935 ὅτι
1286 3880 1429 3945 τινὲς
1463 3876 1629 3967 ἦλθον
1653 3880 1917 3950 δικασθῆ-

339 3991 428 4030 ναι
449 3974 583 4046 παρ’
624 3971 796 4044 αὐτῷ.
850 3972 909 4026 '0
938 3971 996 4024 δὲ
1044 3971 1223 4042 γέρων
1268 3973 1618 4043 ὲμωροποίει.
1649 3971 1755 4026 Kal
1807 3972 1915 4025 ίδοὺ

340 4066 473 4136 γυνή
507 4082 592 4128 τις
610 4062 743 4134 ἔστη
772 4061 998 4133 πλησίον
1033 4061 1219 4127 αὑτοῦ,
1250 4064 1341 4115 καὶ
1371 4062 1556 4130 ἔλεγεν
1584 4063 1629 4093 ⁸¹¹
1650 4078 1663 4092 ⁸
1693 4057 1859 4125 Οὗτος
1890 4063 1919 4116 6

339 4156 517 4228 γέρων
538 4154 699 4217 σαλός
726 4156 894 4206 ἐστιν.
933 4152 1202 4205 Ἤκουσεν
1234 4146 1326 4204 οὖν
1349 4151 1520 4221 αὐτῆς
1543 4153 1571 4204 6
1597 4151 1796 4221 γέρων,
1826 4151 1919 4204 καὶ

344 4250 600 4320 φωνήσας
644 4244 812 4315 αὐτὴν
861 4243 1043 4313 λέγει·
1091 4243 1301 4306 Πόσους
1352 4242 1553 4305 κόπους
1606 4241 1836 4311 ἐποίησα
1864 4243 1920 4295 ὲν

342 4343 459 4403 ταῖς
496 4339 748 4409 ἐρήμοις,
778 4336 865 4388 ἵνα
898 4335 1186 4405 κτήσωμαι
1211 4333 1310 4405 τὴν
1355 4332 1624 4401 σαλότητα
1673 4331 1877 4401 ταύτην
1902 4370 1918 4396 ,

347 4432 441 4487 καὶ
469 4431 560 4484 διὰ
592 4430 656 4482 σὲ
679 4428 788 4498 ἔχω
816 4426 1081 4480 ἀπολέσαι
1100 4424 1266 4494 αὐτὴν
1294 4424 1360 4493 σή
1370 4423 1565 4493 μερονι

1988 1972 2188 2038 tonius,
2221 1970 2368 2041 quod
2421 1970 2476 2025 in
2532 1972 2728 2024 timore
2768 1967 2863 2023 Dei
2913 1982 3265 2038 progressum
3316 1968 3562 2022 facturus

1983 2074 2148 2121 esset.
2183 2062 2263 2117 Ac
2295 2062 2485 2117 eduxit
2521 2076 2646 2116 eum
2673 2076 2705 2117 e
2743 2060 2913 2125 cella,
2969 2071 3303 2130 estcumque
3345 2058 3563 2130 lapide,

1984 2153 2124 2209 dixit
2152 2172 2166 2207 :
2197 2153 2458 2209 Convicia
2487 2153 2611 2224 jace
2630 2154 2687 2208 in
2722 2153 2869 2207 hunc
2894 2154 3156 2223 lapidem,
3186 2162 3241 2209 et
3270 2154 3424 2208 illum
3447 2167 3570 2208 ver-

1985 2246 2137 2301 bera.
2190 2246 2282 2300 Ille
2312 2260 2443 2300 vero
2495 2246 2570 2299 ita
2606 2244 2754 2301 fecit.
2792 2245 2881 2300 Ait
2913 2246 2992 2299 illi
3032 2246 3202 2301 abbas
3242 2246 3514 2300 Antonius
3546 2262 3564 2301 :

1987 2335 2128 2391 Num
2159 2339 2374 2393 locutus
2421 2344 2506 2392 est
2554 2335 2732 2406 lapis?
2787 2334 3137 2406 Respondit:
3185 2314 3564 2406 Nequaquam.

1990 2427 2128 2482 Tum
2162 2428 2427 2482 Antonius
2457 2443 2471 2479 :
2506 2427 2586 2481 Ita
2618 2434 2675 2480 tu
2709 2426 2776 2480 ad
2822 2441 2943 2481 eam
2998 2442 3312 2482 mensuram
3344 2441 3572 2497 perven-

1988 2526 2149 2572 turus
2173 2534 2250 2573 es.
2271 2517 2425 2584 Quod
2450 2524 2504 2575 et
2535 2519 2738 2574 evenit.
2763 2518 2913 2572 Adeo
2936 2518 3082 2571 enim
3126 2514 3358 2587 profecit
3402 2515 3573 2569 abbas

1989 2612 2314 2673 Ammonas,
2370 2619 2429 2666 ut
2460 2626 2570 2681 prie
2622 2610 2793 2665 multa
2842 2609 3119 2670 bonitate,
3180 2621 3291 2661 non
3332 2607 3572 2675 amplius

1993 2713 2183 2761 nosset
2220 2704 2502 2758 malitiam.
2553 2701 2740 2772 itaque
2769 2716 2895 2756 cum
2935 2700 3004 2754 ad
3050 2699 3422 2770 episcOpatum
3445 2713 3575 2757 eve.-

1950 2821 1952 2823 ’
1994 2804 2120 2852 ctus
2150 2795 2364 2858 fuisset,
2406 2792 2722 2847 obtulerunt
2746 2792 2793 2846 ei
2830 2790 3065 2860 puellam
3096 2795 3486 2858 praegnantem,
3517 2793 3573 2841 et

1995 2887 2293 2941 dixerunt:
2342 2884 2436 2938 Ille
2468 2882 2573 2937 hoc
2609 2880 2876 2951 patravit;
2928 2879 3152 2948 iujunge
3210 2877 3321 2931 illis
3362 2875 3574 2946 peccati

1997 2980 2081 3034 sui
2118 2990 2353 3048 pinnam.
2381 2974 2764 3027 AtAmmonas
2793 2972 2952 3042 signo
2978 2971 3162 3024 crucis
3188 2983 3355 3038 super
3383 2968 3578 3038 puellae

1998 3078 2214 3125 uterum
2245 3066 2411 3129 facto,
2463 3065 2633 3134 jussit
2681 3063 2732 3118 ei
2780 3063 2900 3116 dari
2955 3077 3049 3118 sex
3080 3059 3372 3115 sindonum
3400 3059 3578 3128 paria,

2002 3160 2190 3215 dicens
2225 3174 2240 3211 :
2279 3156 2355 3212 Ne
2381 3157 2511 3211 dum
2542 3155 2610 3209 ad
2640 3162 2854 3225 partum
2900 3153 3133 3218 venerit,
3164 3159 3260 3205 aut
3313 3152 3454 3221 ipsa,
3484 3160 3582 3204 aut

2008 3246 2191 3304 infans
2235 3246 2417 3310 obeat,
2469 3259 2570 3299 nec
2598 3250 2672 3299 sit
2701 3244 2845 3297 unde
2874 3240 3154 3311 sepultura
3187 3239 3296 3293 (lat.
3329 3239 3496 3292 Aiunt
3531 3239 3581 3292 ei

2007 3339 2102 3409 qui
2130 3336 2386 3392 feminam
2416 3335 2723 3390 accusaturi
2755 3333 3089 3387 advenerant
3121 3347 3134 3383 :
3166 3329 3349 3395 Quare
3379 3329 3482 3382 hoc
3499 3327 3579 3383 fe-

2009 3429 2171 3486 cisti?
2240 3427 2461 3499 Impune
2513 3426 2623 3481 illis
2663 3424 2997 3495 paenitentia:
3054 3422 3331 3474 mulctam.
3370 3419 3463 3473 Ille
3513 3417 3583 3471 ad

2009 3536 2143 3577 eos:
2172 3518 2398 3583 Videtis,
2438 3518 2660 3579 fratres,
2714 3531 2881 3584 prope
2916 3521 3145 3567 mortem
3176 3520 3293 3576 est;
3324 3509 3455 3579 quid
3485 3523 3587 3579 ego

2012 3626 2173 3683 agere
2219 3608 2425 3665 debeo?
2457 3606 2595 3662 Tum
2628 3606 2838 3660 dimisit
2861 3620 2981 3660 eam
3008 3618 3024 3669 ;
3057 3617 3159 3658 nec
3188 3616 3358 3656 ausus
3382 3609 3466 3655 est
3499 3614 3587 3655 se-

2012 3716 2116 3756 nex
2146 3712 2473 3771 quemquam
2507 3695 2894 3751 condemnare.

2084 3871 2139 3928 9.
2177 3871 2290 3942 (43)
2322 3869 2397 3925 De
2435 3870 2528 3925 illo
2582 3868 2917 3933 referebant,
2951 3866 3099 3937 quod
3138 3865 3472 3923 accesserint
3520 3862 3591 3918 ad

2016 3977 2141 4017 eum
2164 3962 2404 4030 quidam,
2430 3969 2487 4014 ut
2511 3959 2909 4028 judicarentur.
2946 3955 3123 4011 Senex
3156 3966 3337 4009 autem
3365 3952 3591 4007 stultum

2019 4054 2334 4110 simulabat.
2366 4051 2432 4104 Et
2457 4066 2586 4105 ecce
2613 4048 2865 4118 quaedam
2883 4047 3078 4101 mulier
3103 4062 3225 4115 qua
3244 4059 3410 4114 prope
3438 4043 3592 4097 illum

2021 4145 2221 4207 stabat,
2256 4143 2395 4196 dixit
2430 4156 2443 4194 :
2470 4140 2578 4195 Iste
2610 4154 2775 4194 senex
2802 4154 2833 4193 e
2868 4138 3035 4192 fatuis
3079 4143 3183 4191 est.
3214 4135 3435 4187 Audivit
3464 4146 3596 4200 ergo

2020 4234 2304 4290 mulierem
2333 4245 2521 4293 senex,
2553 4237 2853 4296 vocataque
2872 4241 2936 4279 ea
2962 4226 3098 4279 dixit
3134 4239 3147 4274 :
3177 4222 3423 4288 Quantos
3446 4221 3600 4275 labo-

2022 4342 2111 4381 res
2138 4326 2193 4379 in
2222 4321 2615 4379 solitudinibus
2646 4319 2770 4383 tuli,
2801 4325 2862 4372 ut
2890 4317 3032 4371 banc
3068 4314 3370 4368 fatuitatem
3402 4311 3595 4382 acqui-

2023 4429 2236 4480 rerem;
2268 4413 2429 4467 hodie
2456 4426 2585 4467 vero
2611 4420 2834 4481 propter
2864 4417 2917 4463 te
2934 4406 3248 4478 perditurus
3276 4418 3400 4459 sum
3428 4403 3607 4457 illam!

419 4530 472 4578 ι’.
506 4518 683 4576 *Ηλθέ
708 4490 844 4572 ἰποτε
868 4520 898 4572 6
926 4516 1100 4580 ἀὸὅᾶς
1156 4490 1453 4585 ’Λμμωνᾶςν
1482 4514 1560 4577 εἰς
1598 4512 1761 4564 τόπον
1800 4509 1896 4579 γεύ

2100 4506 2188 4560 10.
2242 4504 2355 4577 (44)
2408 4503 2570 4564 Venit
2619 4500 2915 4571 aliquando
2961 4499 3134 4553 abbas
3189 4496 3487 4549 Ammonas
3536 4490 3608 4547 ad

352 4615 568 4680 σασθαι,
591 4613 687 4668 καὶ
705 4608 772 4684 ἦν
795 4613 912 4663 ἐκεῖ
925 4604 1003 4673 εἷς
1017 4608 1155 4678 ἔχων
1181 4610 1369 4678 φήμην
1385 4606 1561 4675 κακήν
1580 4619 1595 4632 ·
1614 4604 1707 4657 καὶ
1729 4602 1925 4672 συνέϐη

351 4709 523 4763 ἐλθεῖν
551 4706 655 4778 τὴν
682 4706 932 4773 γυναῖκα,
960 4700 1056 4755 καὶ
1085 4699 1343 4751 εἰσελθεῖν
1387 4699 1467 4759 είς
1501 4696 1559 4748 τὸ
1595 4693 1803 4749 κελλίον
1832 4692 1924 4778 τοῦ

351 4796 582 4869 ἀδελφοῦ
609 4776 704 4849 τοῦ
731 4793 944 4864 ἔχοντος
964 4789 1062 4862 τὴν
1095 4787 1268 4859 κακὴν
1295 4788 1502 4857 φήμην.
1531 4782 1807 4844 Μαθόντες
1833 4776 1925 4833 οὖν

353 4893 400 4945 οἱ
428 4887 706 4950 οἰκοῦντες
736 4888 816 4949 είς
841 4884 934 4937 τὸν
954 4882 1118 4935 τόπον
1147 4881 1370 4940 ἐκεῖνον,
1401 4874 1797 4946 ἐταράχθησαν,
1831 4871 1925 4924 καὶ

356 4982 723 5055 συνήχθησαν,
754 4978 896 5032 ὥστε
935 4974 1122 5041 διῶξαι
1150 4972 1311 5027 αὑτὸν
1335 4974 1400 5025 ὲκ
1424 4970 1516 5023 τοῦ
1541 4969 1770 5023 κελλίου.
1822 4967 1929 5020 Καὶ

358 5074 572 5140 γνόντες
621 5073 705 5126 ὅτι
755 5070 784 5123 6
823 5067 1121 5131 ἐπίσκοπος
1177 5064 1470 5136 ’Δμμωνᾶς
1510 5063 1588 5124 είς
1631 5061 1722 5113 τὸν
1768 5059 1931 5110 τόπον

357 5166 564 5222 ἐκεῖνόν
617 5166 800 5230 ἐστιν,
837 5160 1082 5222 ἐλθόντες
1133 5155 1515 5228 παρεκάλεσαν
1560 5150 1933 5227 αὑτὸν,ἰόπω;

358 5257 739 5330 παραγένηται
763 5257 861 5308 σὺν
894 5253 1097 5314 αὐτοῖς.
1144 5250 1233 5312 Ὧς
1252 5248 1308 5301 δὲ
1342 5246 1455 5316 γνῶ
1498 5248 1525 5298 6
1555 5242 1778 5310 ἀδελφὸς
1798 5280 1812 5306 ,
1843 5241 1936 5293 λα-

360 5349 467 5403 ὃὼν
494 5350 599 5420 τὴν
629 5348 867 5416 γυναῖκα
893 5341 1129 5414 ἔκρυψεν
1150 5342 1228 5403 εἰς
1258 5339 1414 5391 πίθον
1460 5336 1652 5406 μέγαν.
1685 5335 1936 5403 Παραγε-

363 5441 581 5514 νομένου
609 5439 670 5493 δὲ
693 5436 792 5491 τοῦ
827 5434 1089 5507 πλήθους,
1116 5427 1254 5485 εἶδεν
1278 5430 1307 5482 6
1334 5428 1508 5490 ἀὸὅᾶς
1553 5425 1846 5496 Ἀμμωνᾶς
1877 5422 1938 5475 τὸ

431 5597 474 5630 ⁶⁶
504 5593 567 5652 F.
602 5595 686 5659 εἰς
709 5594 793 5647 τό.
872 5591 917 5622 ⁸⁷
948 5587 1032 5645 Al.
1068 5586 1223 5657 ἔλεγε
1252 5589 1319 5660 τῇ
1350 5585 1581 5658 πλησίον
1616 5583 1793 5650 ςῖξρτῆς.

429 5753 537 5821 (ιε)
572 5747 819 5821 Amat.
863 5743 1112 5821 1000.3.
1147 5743 1204 5796 8.

425 5812 534 5900 (65)
578 5812 691 5880 Vit.
720 5818 884 5874 Patr.
914 5830 1004 5879 xv,
1042 5812 1122 5867 12,

2035 4599 2325 4670 quemdam
2366 4598 2542 4650 locum
2577 4594 3030 4653 manducaturus,
3063 4589 3155 4643 ubi
3192 4587 3421 4656 degebat
3444 4584 3609 4637 homo

2034 4691 2191 4744 mala:
2223 4688 2376 4742 fama:
2408 4703 2421 4738 :
2456 4687 2684 4755 contigit
2712 4693 2893 4738 autem
2918 4691 2977 4736 ut
3005 4680 3203 4735 mulier
3232 4676 3610 4748 ingrederetur

2031 4784 2087 4837 in
2113 4781 2306 4835 cellam
2341 4778 2524 4833 fratris
2556 4777 2704 4831 illius
2734 4788 2898 4845 prava
2942 4772 3084 4825 fama
3113 4770 3434 4823 laborantis.
3482 4764 3601 4831 Quo

2030 4882 2312 4944 comperto
2342 4871 2534 4925 incolat
2573 4868 2700 4931 loci,
2733 4865 3036 4937 perturbati
3076 4869 3227 4924 sunt,
3261 4867 3318 4914 et
3348 4871 3622 4912 convene-

2033 4974 2183 5030 runt,
2216 4972 2274 5017 ut
2300 4979 2422 5017 eum
2456 4977 2487 5016 e
2507 4961 2645 5015 cella
2673 4958 3026 5027 expellerent.
3065 4953 3314 5019 Cumque
3336 4946 3620 5016 cognovis-

2036 5069 2158 5114 sent
2185 5059 2508 5125 episeopum
2548 5051 2869 5103 Ammonam
2910 5047 3130 5105 adesse.
3165 5041 3430 5095 adeuntes
3461 5051 3615 5106 roga-

2035 5159 2235 5204 verunt
2263 5161 2387 5201 eum
2414 5152 2473 5198 ut
2507 5158 2632 5197 cum
2665 5142 2775 5195 illis
2804 5139 3111 5194 accederet.
3144 5132 3440 5200 Postquam
3492 5142 3620 5180 vero

2035 5256 2150 5295 rem
2187 5237 2355 5291 frater
2400 5234 2648 5299 rescivit,
2698 5237 2982 5300 acceptam
3013 5225 3296 5279 mulierem
3327 5215 3621 5273 occultavit

2044 5334 2098 5386 iu
2132 5344 2328 5400 magno
2363 5327 2532 5382 dolio.
2567 5325 2914 5378 Adventante
2934 5333 3063 5388 ergo
3088 5305 3622 5400 multitudinetqund

2049 5394 2252 5476 feceral
2285 5417 2446 5474 scivit
2487 5416 2657 5470 abbas
2688 5411 3021 5476 Ammonas,
3073 5403 3168 5459 sed
3206 5409 3427 5472 propter
3453 5394 3625 5449 Deum

2122 5728 2230 5797 {46)
2263 5723 2483 5778 Dorotli.
2525 5717 2703 5771 Doctr.
2738 5716 2792 5769 li.
