4034 6340
283 359 378 414 ης

701 468 843 539 Περὶ
884 469 991 523 τοῦ
1032 464 1183 522 ἀὸὄᾶ
1227 463 1458 518 Ἀνούὅ.

355 589 421 644 α’.
440 585 761 654 Διηγήσατο
786 587 813 637 δ
834 583 1007 644 sese;
1031 581 1300 650 Ἰωάννης,
1320 579 1402 632 δτι
1423 578 1452 630 δ
1483 577 1658 658 assa;
1688 575 1876 630 Ἀνοὺϐ
1904 537 1951 592 Α

293 682 382 736 καὶ
410 681 438 733 6
467 676 643 740 ἀσϐᾶς
676 674 892 745 Ποιμὴν
929 673 1023 726 καὶ
1056 673 1103 725 oi
1149 671 1328 724 λοιποὶ
1358 669 1575 738 ἀδελφοὶ
1602 668 1882 730 abst?)va

299 774 431 844 μιᾶς
465 768 678 830 κοιλίας
704 768 876 828 ὅντες,
915 765 1008 818 καὶ
1059 761 1279 832 μοναχοὶ
1314 762 1371 812 ὲν
1397 763 1463 829 τῇ
1495 761 1689 829 Σκήτει
1730 757 1884 826 γενόο

297 871 464 934 μενοι,
497 860 589 913 ὅτε
620 853 786 928 ἦλθον
813 857 862 908 οἱ
887 853 1133 917 Μάζικες
1166 851 1259 904 καὶ
1284 851 1589 920 ἠρήμωσαν
1619 845 1789 918 αὐτὴν
1818 847 1880 900 τὸ

296 953 530 1024 πρῶτον,
559 947 916 1018 ἀνεχώρησαν
939 944 1170 1006 ἐκεῖθεν,
1189 943 1283 996 καὶ
1316 938 1481 1012 ἦλθον
1509 943 1588 1003 εις
1610 941 1774 993 τόπον
1795 955 1888 994 κα-

295 1042 550 1113 λούμενον
578 1038 921 1111 Τερενοῦθιν,
939 1036 1042 1098 ἕως
1061 1028 1122 1087 οὗ
1149 1034 1464 1103 σκοπήσωσι
1493 1031 1610 1094 πῶς
1630 1031 1885 1098 ὀφείλωσι

298 1139 512 1206 μεῖναι.
538 1133 649 1186 Kal
688 1131 910 1200 ἔμειναν
946 1128 1061 1180 ἐκεῖ
1091 1127 1171 1189 εἰς
1216 1123 1443 1178 παλαιὸν
1487 1122 1631 1192 ἱερὸν
1683 1121 1886 1192 μικρὰς

298 1225 526 1298 ήμέρας.
545 1220 679 1277 Εἷπε
699 1222 754 1275 δὲ
769 1217 1182 1282 ὁὰὁόᾶςἈνοῦὸ
1198 1215 1274 1285 τῷ
1292 1214 1434 1285 assa
1451 1213 1674 1284 Ποιμένι
1687 1231 1698 1242 ·
1722 1213 1888 1282 Ποίη-

299 1335 384 1371 σον
401 1317 630 1386 ἀγάπην
645 1332 658 1344 ·
677 1321 742 1367 σὺ
759 1311 920 1366 καὶοὶ
955 1308 1172 1376 ἀδελφοί
1198 1325 1291 1359 σου
1319 1306 1550 1368 ἕκαστος
1572 1303 1887 1374 καταμόνας

295 1408 584 1480 ήσυχάσει,
621 1405 715 1458 καὶ
761 1402 836 1473 μὴ
875 1400 1277 1468 ἀπαντήσωμεν
1310 1397 1563 1466 ἀλλήλοις
1596 1397 1695 1464 τὴν
1730 1393 1882 1447 ἑϐδο-

301 1499 440 1569 μάδα
472 1494 702 1564 ταύτην.
736 1492 844 1544 Kal
866 1484 1018 1543 εἶπεν
1048 1491 1076 1542 6
1107 1488 1282 1550 ἀὸὄᾶς
1311 1489 1553 1556 Ποιμήν·
1601 1485 1688 1546 Ὠς
1712 1483 1888 1546 Θέλεις

299 1587 582 1658 ποιοῦμεν.
625 1585 734 1637 Καὶ
775 1583 1038 1652 ἐποίησαν
1079 1579 1269 1642 οὕτως.
1297 1575 1405 1630 ’Ἦν
1434 1577 1489 1630 δὲ
1529 1579 1644 1629 ἐκεῖ
1667 1574 1889 1644 ἄγαλμα

299 1679 500 1732 λίθινον
535 1680 592 1730 ὲν
625 1674 772 1745 αὐτῷ
799 1673 878 1745 τῷ
926 1671 1057 1743 ἱερῷ
1085 1689 1096 1700 ·
1129 1671 1224 1724 καὶ
1260 1669 1512 1739 ἠγείρετο
1536 1668 1564 1720 6
1589 1667 1767 1738 γέρων
1793 1665 1836 1696 ⁸⁸
1860 1667 1889 1718 6

299 1771 473 1833 6665;
517 1767 708 1821 Ἀνοὺὸ
753 1766 894 1820 κατὰ
950 1763 1115 1834 πρωῒ,
1149 1763 1246 1815 xal
1277 1759 1568 1814 ὲλιθοόόλει
1617 1759 1679 1812 τὸ
1718 1758 1887 1828 πρόσ-

300 1881 448 1918 ωπον
477 1860 575 1914 τοῦ
599 1859 932 1930 ἀγάλματος,
969 1855 1062 1909 καὶ
1088 1854 1208 1908 καθ’
1236 1853 1473 1924 ἑσπέραν
1491 1852 1675 1919 ἔλεγεν
1704 1849 1852 1919 αὐτῷ
1871 1866 1882 1878 ·
1922 1886 1962 1942 Β

301 1951 663 2023 Συτχώρησόν
698 1968 807 2021 μοι.
830 1949 939 2001 Kal
972 1946 1258 2018 ἐπλήρωσε
1291 1944 1390 2013 τὴν
1419 1942 1687 2014 ἑϐδομάδα
1710 1939 1884 2003 οὕτως

301 2044 488 2096 ποιῶν.
526 2043 606 2112 Τῇ
641 2041 696 2093 δὲ
723 2039 908 2110 ἡμέρᾳ
940 2037 1032 2091 τοῦ
1070 2036 1339 2090 σαὸὁὰτου
1367 2035 1689 2104 ἀπήντησαν
1721 2033 1886 2102 ἀλλή-

301 2137 431 2198 λοις,
481 2136 581 2188 καὶ
620 2129 773 2186 εἷπεν
822 2133 852 2184 6
900 2129 1071 2192 a66a'i;
1106 2127 1314 2198 Ποιμήν
1346 2125 1424 2197 τῷ
1478 2124 1620 2194 ἀόϐᾷ
1672 2122 1883 2176 Ἀνούόο

302 2223 451 2282 Εἴδὸν
493 2243 590 2290 σε,
631 2223 810 2288 assa,
846 2225 913 2292 τῇ
971 2219 1224 2289 ἑϐδομάδι
1267 2216 1442 2290 ταύτῃ
1488 2216 1774 2279 λιθάζοντα
1827 2214 1888 2266 τὸ

305 2319 594 2390 πρόσωπον
625 2315 721 2369 τοῦ
773 2304 1116 2383 ἀγάλματος,
1172 2312 1262 2364 καὶ
1303 2311 1344 2340 ⁸¹
1400 2310 1684 2380 μετάνοιαν
1741 2306 1889 2376 αὐτῷ

307 2410 562 2466 ποιοῦντα
599 2426 614 2440 ο
653 2408 840 2471 πιστὸς
874 2405 1157 2477 ἄνθρωπος
1198 2401 1374 2456 ταῦτα
1409 2404 1589 2465 ποιεῖς
1642 2401 1748 2453 Kal
1787 2400 1891 2451 ἀπ-

315 2504 505 2576 εκρίθη
531 2504 559 2554 6
591 2502 769 2570 γέρων
791 2518 805 2530 ·
825 2499 934 2552 Kal
950 2498 1110 2551 τοῦτο
1126 2497 1184 2550 τὸ
1214 2496 1444 2566 πρᾶγμα
1459 2493 1524 2545 δι’
1549 2493 1692 2562 ὑμᾶς
1709 2489 1892 2560 ἐποίη-

310 2610 392 2647 σα.
434 2595 558 2646 Ὅτι
579 2590 626 2622 θ’
656 2589 824 2642 εῖδετέ
855 2605 923 2659 με
948 2584 1325 2640 λιθοϐολοῦντα
1355 2581 1415 2634 τὸ
1460 2581 1750 2651 πρόσωπον
1797 2575 1890 2630 τοῦ

308 2684 644 2754 ἀγάλματος,
683 2683 757 2754 μὴ
812 2680 1071 2749 ἐλάλησεν
1091 2720 1104 2742 ,
1135 2676 1170 2748 ἢ
1225 2673 1504 2746 ὠργίσθη;
1539 2673 1648 2724 Kal
1681 2665 1832 2722 εἶπεν
1864 2669 1892 2720 6

305 2776 477 2839 6665;
509 2776 745 2845 Ποιμήν·
772 2770 870 2825 Οὔ.
903 2771 1014 2848 Kal
1053 2768 1236 2831 πάλιν,
1264 2767 1345 2818 ὅτι
1381 2764 1571 2816 ἔϐαλον
1620 2761 1768 2831 αὐτῷ
1801 2777 1894 2830 με-

307 2867 544 2928 τάνοιαν,
563 2865 638 2934 μὴ
672 2859 970 2932 ἐταράχθη,
1000 2857 1093 2910 καὶ
1127 2852 1300 2918 εἶπεν,
1337 2854 1409 2905 Οὺ
1453 2849 1754 2920 συγχωρῶ;
1786 2849 1895 2900 Kal

305 2952 459 3010 εἶπεν
486 2958 515 3008 6
537 2955 712 3018 6.665.;
745 2954 982 3022 Ποιμήν·
1016 2948 1111 3003 0⁸5.
1141 2948 1250 3000 Kal
1281 2941 1443 3000 ,εἶπεν
1474 2947 1502 2996 ὁ
1534 2943 1712 3012 γέρων
1733 2959 1745 2972 ·
1785 2940 1896 2994 Kal

307 3050 468 3119 ἡμεῖς
500 3042 594 3098 οῦν
620 3047 788 3114 ἐσμεν
816 3041 955 3095 ἑπτὰ
991 3037 1206 3106 ἀδελφοί
1226 3056 1238 3068 ·
1287 3037 1336 3089 εἰ
1379 3034 1561 3087 θέλετε
1586 3032 1670 3084 ἵνα
1701 3025 1896 3101 μείνω-

315 3158 409 3212 μεν
437 3140 555 3211 μετ’
584 3131 1151 3207 ἀλλήλων,γενώμεθα
1175 3129 1365 3199 ὥσπερ
1386 3127 1445 3179 τὸ
1465 3125 1687 3194 ἄγαλμα
1714 3122 1893 3185 τοῦτο,

1377 347 1995 404 APOPHTHEGMATA
2037 345 2352 401 PATRUM.

3381 364 3385 370 ·
3444 337 3548 394 15’)

2532 460 2610 514 De
2645 459 2828 513 abbate
2865 456 3037 511 Anuli.

2057 575 2108 627 l.
2145 574 2250 645 (58
2277 575 2294 642 )
2317 573 2442 628 Haec
2474 573 2687 628 abbatis
2720 571 2950 626 Joannis
3000 567 3248 623 narratio
3307 566 3514 621 exstitit
3539 586 3552 600 -

1983 670 2165 723 Abhaa
2223 669 2381 722 Anub
2428 675 2482 721 et
2529 667 2700 721 abbas
2743 664 2965 718 Ptemen
3010 678 3074 717 ac
3113 659 3307 729 reliqui
3356 657 3553 713 fratres

1982 775 2195 824 eorum,
2250 775 2313 812 ex
2363 773 2474 812 uno
2521 767 2676 812 utero
2707 757 2835 819 orti,
2868 756 3142 823 vitamque
3195 749 3554 806 monasticam

1983 851 2038 905 in
2066 851 2211 904 Sceti
2236 860 2478 920 agentes,
2496 847 2714 916 quando
2739 853 3005 901 venerunt
3032 844 3262 896 Mazices
3285 855 3347 894 ac
3373 846 3552 893 vasta-

1982 948 2182 995 verunt
2207 955 2324 994 eam
2356 940 2614 1008 primum,
2646 939 3021 991 discesserunt
3059 934 3227 998 illinc,
3253 939 3551 986 venerunt-

1985 1047 2091 1101 que
2117 1033 2181 1084 ad
2220 1032 2399 1084 locum
2436 1029 2658 1083 nomine
2687 1026 3048 1087 Terenulhin,
3077 1039 3142 1078 eo
3169 1024 3287 1077 loco
3310 1019 3558 1076 mansuri

1986 1123 2160 1178 donec
2208 1122 2585 1193 prospicerent
2630 1120 2851 1174 ubinam
2887 1117 3148 1170 deberent
3195 1113 3465 1168 habitare.
3494 1111 3561 1164 Et

1985 1224 2310 1272 manserunt
2341 1215 2414 1269 ibi
2448 1214 2657 1282 aliquot
2701 1210 2820 1266 dies
2871 1211 2924 1264 in
2966 1210 3164 1278 templo
3195 1208 3427 1277 quodam
3464 1220 3562 1258 an-

1987 1309 2162 1377 tiquo.
2203 1307 2345 1360 Dixit
2369 1314 2552 1360 autem
2587 1303 2757 1358 abbas
2788 1300 2948 1353 Anub
2976 1300 3042 1352 ad
3074 1298 3324 1351 abbatem
3353 1295 3563 1350 Patrne-

1991 1416 2111 1455 nem
2149 1419 2162 1454 :
2195 1399 2303 1453 Fac
2332 1415 2469 1468 opus
2494 1397 2818 1460 charitatis;
2853 1401 2908 1447 tu
2946 1398 3000 1445 et
3034 1390 3230 1444 fratres
3261 1389 3360 1453 tui,
3389 1403 3563 1442 unus-

1988 1488 2221 1558 quiSque
2243 1487 2530 1558 separatim
2556 1500 2619 1538 ac
2644 1484 2884 1538 solitarie
2911 1481 3092 1550 degat,
3107 1496 3205 1534 nec
3224 1487 3412 1533 mutuo
3427 1494 3563 1534 con-

1991 1581 2302 1651 grediamur
2325 1597 2420 1650 per
2443 1580 2584 1634 hanc
2613 1574 3028 1631 hebdomadam.
3055 1573 3358 1641 Respondit
3391 1572 3561 1626 abbas

1991 1673 2211 1727 Pmmen
2241 1691 2252 1726 :
2281 1670 2745 1737 Quemadmodum
2793 1668 2898 1729 vis,
2943 1665 3228 1720 faciemus.
3268 1666 3442 1732 Atque
3489 1664 3564 1716 ita

1995 1765 2264 1819 fecerunt.
2299 1763 2426 1815 Erat
2457 1769 2640 1815 autem
2675 1759 2783 1812 illic
2813 1760 2932 1828 ipso
2976 1759 3031 1810 in
3076 1756 3283 1825 templo
3337 1755 3566 1810 simula-

1993 1869 2146 1907 crum
2179 1852 2487 1922 lapideum;
2547 1858 2601 1905 et
2649 1849 2889 1918 quotidie
2918 1848 3176 1916 surgebat
3216 1861 3372 1899 mane
3401 1860 3568 1900 senex

1993 1947 2162 2000 abbas
2190 1944 2367 2005 Annb,
2394 1959 2458 1996 ac
2479 1943 2530 1995 in
2553 1941 2744 1994 faciem
2774 1939 3052 1994 simulacri
3077 1937 3319 2005 jactabat
3338 1937 3565 2005 lapides;

1991 2052 2220 2106 vespere
2256 2049 2388 2088 vero
2441 2033 2656 2087 dicebat
2686 2013 2778 2086 ei':
2809 2030 3034 2100 Ignosce
3083 2029 3238 2082 mihi.
3288 2027 3366 2081 Ac
3397 2035 3566 2081 totam

1995 2122 2734 2192 hebdou'tadempertransiit
2767 2121 2846 2176 sic
2901 2119 3126 2173 faciens.
3175 2116 3395 2171 Sabbati
3442 2131 3572 2170 vero

1995 2219 2105 2280 die,
2135 2216 2420 2285 congressi
2451 2222 2598 2269 sunt.
2625 2212 2770 2266 Dixit
2797 2227 2926 2280 ergo
2949 2211 3116 2264 abbas
3139 2208 3357 2262 Pmmen
3389 2207 3570 2261 abbati

1995 2311 2156 2365 Anub
2185 2330 2200 2364 :
2234 2309 2353 2362 Vidi
2383 2319 2460 2368 te,
2501 2307 2638 2360 abba
2691 2323 2784 2374 per
2821 2303 3216 2358 hebdomadam
3244 2302 3384 2356 hanc
3426 2304 3573 2356 saxis

1999 2408 2180 2464 petere
2208 2393 2398 2447 faciem
2431 2391 2735 2452 simulacri,
2764 2397 2814 2442 et
2843 2405 2980 2457 genu
3007 2387 3146 2440 ﬂexo
3170 2387 3237 2439 ab
3267 2401 3331 2438 eo
3356 2387 3570 2439 veniam

1998 2485 2281 2554 postulare
2319 2505 2330 2537 :
2360 2483 2522 2536 homo
2559 2480 2659 2534 fide
2685 2481 2944 2548 praeditus
2973 2479 3150 2532 istanc
3179 2477 3308 2530 facit
3333 2476 3356 2528 ?
3393 2476 3573 2529 Senex

1998 2584 2114 2630 tum
2186 2575 2466 2644 respondit
2515 2591 2528 2626 :
2589 2571 2740 2625 llanc
2806 2585 2934 2639 ergo
2997 2584 3110 2623 rem
3171 2576 3350 2622 vestra
3400 2567 3573 2638 gratia

2001 2669 2125 2723 feci.
2157 2665 2384 2722 Vidistis
2414 2681 2502 2720 me
2532 2665 2737 2734 lapides
2760 2663 3050 2732 jacientem
3080 2663 3133 2713 in
3179 2660 3368 2713 faciem
3405 2660 3579 2714 simu-

1972 2753 2169 2825 'lacri;
2205 2773 2350 2812 nunc
2373 2768 2502 2812 tunc
2525 2756 2764 2810 locutum
2797 2765 2879 2808 est
2906 2762 2999 2806 aut
3031 2753 3085 2806 in
3123 2751 3258 2805 iram
3288 2753 3582 2821 prorupit?

2001 2851 2148 2906 Dixit
2194 2851 2364 2905 abbas
2414 2849 2633 2903 Paemen
2675 2867 2687 2902 :
2733 2847 3106 2916 Nequaquam.
3170 2843 3368 2897 lterum
3437 2843 3578 2896 vidi-

2006 2945 2130 3010 stis,
2163 2943 2424 2997 inclinato
2455 2956 2686 3010 corpore
2738 2939 2942 3009 ignosci
2993 2937 3123 2990 mihi
3177 2937 3574 3005 postulantem;

2004 3050 2148 3089 nunc
2167 3035 2443 3087 turbatum
2475 3041 2578 3093 est,
2609 3046 2671 3084 ac
2697 3031 2834 3083 dixit
2868 3048 2882 3082 :
2909 3027 3025 3081 Non
3060 3028 3328 3097 ignosco?
3355 3026 3578 3095 Excepit

2003 3128 2174 3181 abbas
2225 3125 2444 3180 Pannen
2482 3144 2493 3177 :
2536 3123 2877 3178 Nullatenus.
2954 3120 3108 3175 Tunc
3158 3135 3322 3175 senex
3357 3139 3370 3174 :
3407 3119 3578 3172 Etiam

312 3235 444 3303 ὅπερ
480 3231 577 3284 ἐὰν
630 3227 864 3300 ὑϐρισθῇ
899 3227 933 3295 ἢ
964 3225 1008 3256 ⁸³
1041 3222 1296 3292 δοξασθῇ,
1336 3221 1395 3273 οὐ
1436 3219 1787 3290 ταράσσεται.
1834 3215 1895 3266 Εἰ

2005 3234 2107 3273 nos
2145 3233 2294 3286 ergo,
2340 3216 2534 3284 inquit,
2571 3230 2762 3269 smnus
2799 3221 3002 3282 septem
3044 3211 3270 3277 fratres;
3303 3211 3346 3266 si
3379 3212 3580 3280 cupitis

309 3323 365 3378 δὲ
395 3324 455 3375 οὐ
485 3321 670 3376 Θέλετε
702 3317 958 3388 γενέσθαι
997 3316 1190 3379 οὕτως,
1228 3313 1336 3366 ἰδοὺ
1364 3311 1621 3380 τέσσαρες
1650 3308 1818 3359 πύλαι
1851 3305 1897 3336 ⁸⁸

312 3417 446 3469 εἰσὶν
479 3417 540 3466 ἐν
576 3412 658 3482 τῷ
701 3408 834 3482 ἱερῷ
857 3427 870 3440 ν
899 3408 1126 3468 ἕκαστος
1174 3406 1307 3458 ὅπου
1343 3402 1472 3471 θέλῃ
1514 3399 1753 3468 ἀπέλθῃ.
1788 3396 1900 3449 Kal

315 3504 499 3558 ἔϐαλον
542 3502 770 3565 ἑαυτοὺς
825 3499 1020 3570 χαμαὶ,
1052 3499 1300 3566 λέγοντες
1343 3493 1421 3563 τῷ
1466 3492 1608 3562 ἀϐϐᾷ
1665 3489 1853 3542 Ἀνούὸ
1881 3507 1894 3518 ·

326 3596 409 3661 Ὦς
445 3595 644 3658 θέλεις,
667 3593 872 3662 Πάτερ,
897 3590 1172 3660 ποιοῦμεν,
1213 3589 1305 3640 καὶ
1326 3585 1594 3653 ἀκούομεν
1620 3583 1694 3645 ὡς
1720 3582 1899 3649 λέγεις

317 3690 461 3756 ἡμῖν.
493 3681 632 3738 Eine
680 3685 736 3737 δὲ
763 3685 790 3736 6
822 3683 993 3746 ἁὸὅᾶς
1031 3680 1261 3751 Ποιμὴν,
1287 3680 1367 3731 ὅτι
1425 3674 1750 3746 Ἐμεεναμεν
1780 3673 1897 3744 μετ’

317 3778 557 3847 ἀλλήλων
578 3776 672 3829 τὸν
701 3775 914 3828 ἅπαντα
946 3773 1134 3845 χρόνον
1163 3776 1194 3841 ἡ
1205 3771 1343 3842 μῶν,
1372 3767 1726 3839 ἐργαζόμενοι
1757 3765 1898 3818 κατὰ

318 3870 404 3923 τὸν
430 3869 588 3937 λόγον
627 3866 721 3921 τοῦ
759 3867 1014 3938 γέροντος
1052 3865 1110 3918 ὃν
1135 3860 1286 3916 εἶπεν
1321 3865 1451 3932 ἡμῖν
1473 3877 1485 3889 ·
1519 3860 1899 3928 καταστήσαν-

319 3978 406 4024 τος
430 3959 595 4012 αὐτοῦ
625 3960 720 4012 ἕνα
756 3958 812 4024 ἐξ
835 3957 992 4028 ἡμῶν
1029 3955 1310 4024 οἰκονόμον
1329 3971 1340 3982 ·
1368 3952 1464 4005 καὶ
1499 3952 1604 4003 πᾶν
1633 3951 1768 4018 ὅπερ
1792 3948 1900 4001 ἐτί-

321 4053 398 4106 θει
428 4055 561 4124 ήμῖν
604 4050 892 4120 ὴσθίομεν·
949 4049 1042 4100 καὶ
1081 4046 1338 4100 ἀδύνατον
1373 4039 1440 4114 ἧν
1473 4043 1644 4094 εἰπεῖν
1697 4057 1813 4091 τινα
1848 4038 1906 4101 ἐξ

322 4143 495 4215 ήμῶν,
545 4143 682 4213 Φέρε
727 4143 861 4212 ήμῖν
889 4139 934 4171 ⁸⁸
964 4138 1091 4192 ἄλλο
1116 4137 1170 4190 τί
1205 4152 1367 4197 ποτε,
1408 4133 1441 4204 ἢ
1487 4134 1680 4192 εἰπεῖν,
1715 4132 1797 4183 ὅτι
1831 4131 1904 4182 Οὐ

323 4235 546 4306 θέλομεν
579 4235 626 4267 ⁸⁸
661 4233 820 4288 τοῦτο
852 4234 1064 4302 φαγεῖν.
1108 4229 1220 4282 Kal
1265 4225 1558 4296 ἐποιοῦμεν
1591 4224 1682 4277 τὸν
1732 4223 1906 4276 πάντα

324 4328 508 4398 χρόνον
535 4329 570 4397 ή
581 4327 697 4396 μῶν
721 4328 777 4378 ὲν
793 4322 1092 4377 ἀναπαύσει
1118 4321 1211 4374 xal
1239 4321 1450 4390 εἰρήνῃ.

2007 3321 2066 3366 ut
2091 3310 2253 3365 simul
2295 3324 2636 3370 maneamus,
2667 3306 2966 3360 efficiamur
2998 3306 3146 3359 velut
3177 3305 3308 3358 illud
3350 3304 3579 3358 simula-

2005 3415 2194 3463 crum;
2230 3397 2372 3468 quod
2400 3397 2514 3451 sive
2553 3394 2881 3449 contumelia
2913 3394 3026 3449 sive
3060 3393 3264 3446 honore
3294 3391 3578 3454 afficiatur,

2007 3508 2114 3546 non
2137 3490 2500 3544 conturbatur
2529 3487 2670 3542 ideo.
2705 3485 2760 3540 Si
2791 3501 2922 3540 vero
2955 3486 3029 3538 ita
3061 3499 3170 3538 non
3197 3485 3359 3538 vultis
3394 3499 3576 3553 agere,

2006 3599 2134 3636 ecce
2160 3590 2395 3651 quatuor
2427 3586 2596 3649 porta:
2630 3583 2879 3647 prostant
2912 3575 2966 3629 in
2996 3577 3218 3644 templo,
3243 3575 3398 3628 abeat
3421 3589 3582 3628 unusv

2005 3676 2238 3744 quisque
2271 3685 2597 3742 quocunque
2633 3669 2918 3738 placuerit.
2963 3668 3039 3720 Illi
3072 3682 3129 3722 se
3162 3667 3309 3719 humi
3342 3674 3580 3734 prostra-

2004 3770 2220 3825 verunt,
2255 3755 2596 3814 dicentes’ad
2664 3759 2912 3812 abbatem
2972 3756 3130 3810 Anub
3173 3774 3187 3810 :
3221 3755 3614 3820 Quemadmo—'

2007 3853 2136 3907 dum
2171 3853 2272 3910 vis.
2307 3850 2490 3910 Pater,
2538 3848 2840 3912 faciemus;
2877 3849 3380 3916 obtemperabimus
3422 3845 3584 3899 dictis

2008 3945 2138 3998 tuis.
2185 3944 2388 3997 Retulit
2431 3957 2594 4012 porro
2624 3943 2794 3995 abbas
2825 3940 3043 3994 Poemen
3071 3958 3085 3993 :
3119 3938 3419 3994 Mansimus
3475 3952 3582 3990 una

2011 4049 2106 4102 per
2131 4048 2292 4086 omne
2316 4033 2438 4084 vita:
2472 4041 2705 4097 tempus,
2739 4031 2948 4099 operati
2975 4031 3131 4097 juxta
3173 4031 3396 4083 verbum
3435 4026 3586 4082 senis

2011 4125 2154 4195 quod
2198 4125 2334 4178 dixit
2366 4123 2555 4186 nobis;
2594 4137 2717 4174 cum
2756 4122 2845 4174 ille
2889 4137 3055 4172 unum
3106 4135 3136 4173 e
3179 4120 3338 4172 nobis
3378 4119 3585 4172 consri-

2011 4217 2205 4270 tuisset
2231 4221 2684 4277 (Bconomum;et
2713 4210 2977 4280 quidquid
3024 4210 3181 4264 nobis
3235 4220 3581 4278 apposuerat,

2012 4308 2457 4367 comedebamus.
2496 4321 2596 4360 nec
2627 4306 2826 4359 licebat
2857 4304 3060 4369 dicere,
3094 4304 3175 4358 vel
3216 4321 3228 4356 :
3266 4303 3409 4357 Atler
3437 4301 3584 4357 aliud

331 4421 474 4490 quid,
539 4417 816 4474 vel:lloc
873 4419 1129 4471 nolumus
1180 4411 1534 4468 manducare.
1598 4409 1777 4478 Atque
1821 4408 1895 4462 ita
1933 4421 2096 4461 omne
2127 4405 2251 4459 vitae
2304 4412 2506 4458 nostrae
2537 4411 2751 4471 tempus
2779 4401 2834 4454 in
2894 4399 3080 4470 quiete
3136 4413 3198 4452 ac
3229 4414 3363 4470 pace
3431 4413 3586 4470 pere-

328 4513 523 4577 ghnus.

396 4602 460 4672 β’.
506 4598 677 4655 Εἶπεν
714 4602 742 4653 6
782 4599 954 4663 6665.;
998 4594 1218 4651 Ἀνούϐ·
1259 4593 1347 4658 ἘΞ
1388 4594 1450 4647 οὗ
1496 4590 1558 4643 τὸ
1590 4589 1761 4660 ὄνομα
1809 4589 1895 4641 τοῦ

2073 4588 2127 4642 2.
2161 4587 2270 4658 (59)
2317 4584 2458 4638 Dixit
2490 4583 2660 4637 abbas
2697 4582 2858 4636 Anub
2894 4600 2906 4634 :
2946 4581 3018 4637 Ex
3059 4596 3169 4651 quo
3211 4591 3448 4650 tempore
3489 4598 3586 4636 no-

328 4691 561 4762 Χριστοῦ
592 4689 796 4761 ἐκλήθη
844 4688 929 4742 ἐπ’
957 4686 1074 4756 ἐμὲ.
1122 4685 1220 4738 οὐκ
1266 4679 1455 4749 ἐξῆλθε
1484 4677 1674 4747 ψεῦδος
1706 4680 1769 4730 ἐκ
1811 4677 1902 4729 τοῦ

332 4785 594 4856 στόματός
626 4799 747 4853 μου.

735 4892 872 4961 Περὶ
900 4891 1004 4944 τοῦ
1036 4889 1185 4945 ἀϐὄᾶ.
1233 4887 1496 4957 Ἀϐραάμ.

398 5014 473 5061 α’.
501 5006 727 5074 Ἔλεγον
759 5003 887 5074 περὶ
922 5020 1063 5065 τινος
1098 5001 1368 5072 γέροντος,
1399 4999 1479 5050 ὅτι
1522 4995 1740 5064 ἐποίησε
1774 5011 1903 5045 πεν-

2009 4692 2133 4730 tnen
2165 4674 2367 4728 Christi
2397 4675 2702 4726 invocatum
2735 4678 2820 4726 est
2845 4686 3008 4739 super
3032 4685 3138 4735 me,
3171 4685 3279 4723 non
3305 4685 3585 4740 egressum

2011 4768 2110 4822 fuit
2148 4767 2490 4822 mendacium
2521 4781 2583 4820 ex
2614 4779 2709 4817 ore
2739 4778 2877 4818 meo.

2480 4875 2558 4928 De
2584 4873 2770 4928 abbate
2798 4872 3120 4928 Abraltamo.

2084 4991 2136 5043 1.
2163 4989 2273 5060 (60)
2318 4995 2384 5047 De
2420 4988 2650 5057 quodam
2699 5000 2828 5039 sene
2876 4984 3206 5047 referebant,
3239 4983 3382 5052 quod
3415 4999 3587 5037 annos

330 5099 562 5169 τήκοντα
602 5097 718 5167 ἔτη,
765 5096 900 5165 μήτε
925 5093 1098 5165 ¹ἄρτον
1139 5091 1331 5144 ἐσθίων
1369 5091 1503 5161 μήτε
1551 5083 1689 5140 οἶνον
1738 5085 1895 5137 πενωκ.

2014 5081 2403 5151 quinquaginta
2425 5078 2613 5148 egerit,
2634 5092 2734 5130 nec
2755 5091 2944 5144 panem
2969 5075 3259 5128 comedens
3286 5089 3384 5128 nec
3403 5074 3585 5128 vinum

330 5191 477 5259 ταχύ.
512 5189 622 5242 Kal
655 5187 858 5255 ἔλεγεν,
889 5187 968 5237 ὅτι
1012 5183 1327 5236 Ἀπέκτεινα
1374 5180 1470 5250 τὴν
1523 5177 1775 5249 πορνείαν
1814 5174 1895 5226 κα)

2013 5173 2224 5234 bibens,
2269 5169 2446 5223 facile.
2497 5169 2573 5221 Ac
2615 5167 2828 5221 dicebat
2869 5185 2882 5220 :
2922 5164 3379 5224 Fornicationem,
3413 5163 3590 5216 avari-

455 5253 820 5350 φιλαργυρίαν
855 5277 948 5329 καὶ
981 5275 1077 5346 τὴν
1115 5272 1435 5337 κενοδοξίαν.
1469 5271 1578 5323 Kal
1615 5266 1742 5340 ἦλθε
1776 5267 1895 5336 πρὸς

2016 5263 2142 5315 tiam
2170 5269 2222 5315 et
2250 5276 2438 5313 vanam
2480 5260 2704 5331 gloriam
2739 5257 2960 5327 peremi.
3010 5255 3162 5320 Quod
3194 5255 3280 5306 ubi
3320 5254 3387 5306 ab
3413 5268 3476 5306 co
3504 5253 3589 5305 di-

335 5371 486 5425 atit‘w
515 5374 542 5424 6
571 5370 745 5432 ἁϐϐᾶς
785 5367 1054 5438 Ἀϐραὰμ,
1084 5365 1319 5425 ἀκούσας
1349 5364 1431 5414 ὅτι
1462 5357 1579 5412 εἷπε
1611 5357 1784 5418 τοῦτο,
1818 5355 1895 5408 κα¹

2017 5361 2162 5408 ctum
2194 5351 2362 5406 fuisse
2391 5352 2594 5405 audivit
2617 5351 2784 5405 abbas
2811 5348 3102 5407 Abraham,
3125 5344 3376 5408 accessit,
3404 5343 3589 5412 aitque

399 5525 443 5558 ⁸³
483 5527 511 5578 6
545 5526 727 5594 γέρων
767 5523 924 5576 abest
961 5520 1030 5573 ab
1081 5519 1153 5572 al.
1229 5518 1271 5548 ⁸¹
1300 5516 1384 5570 Al.
1426 5515 1521 5568 καὶ
1569 5511 1770 5585 πάλιν..
1828 5509 1871 5541 ³²

342 5597 400 5650 ab
433 5597 497 5650 al.
578 5597 626 5627 ⁸⁸
651 5596 738 5648 ΑΙ.
779 5592 944 5645 θέλω.

2019 5507 2128 5560 ὅτε.
2191 5506 2237 5538 ⁸³
2270 5505 2449 5561 Deest.
2481 5507 2516 5574 ἦ
2548 5505 2601 5557 in
2647 5505 2717 5557 al.
2794 5503 2840 5535 ⁸³
2866 5505 2949 5557 Al.
2986 5503 3156 5556 στοαί.
3191 5502 3236 5534 ⁸⁵
3271 5496 3440 5552 Abest
3461 5501 3585 5572 ἡμῖν

421 5710 506 5774 58)
548 5707 657 5763 Vit.
693 5707 854 5761 Patr.
886 5719 973 5763 xv,
1009 5703 1087 5755 l-l.

421 5711 506 5774 58)
548 5711 657 5763 Vit.
693 5711 854 5761 Patr.
886 5719 973 5763 xv,
1009 5711 1087 5755 I-l.

398 5711 506 5852 £59)
546 5780 653 5837 Vit.
685 5778 845 5833 Patr.
879 5790 992 5842 vm,
1031 5774 1115 5827 258.

2091 5689 2201 5760 (60)
2246 5688 2352 5745 vn.
2383 5688 2534 5741 Patr.
2563 5703 2617 5752 x,
2648 5685 2733 5738 ιδ.
