4034 6340
458 375 563 460 13;;

1591 358 1935 418 APPENDIX
1975 356 2066 412 AD
2106 354 2524 412 PALLADIUM.
2549 353 2568 375 '

3593 341 3700 401 136

451 455 600 544 illis:
623 483 792 540 Natus
814 499 935 540 sum
965 497 1138 539 annos
1161 479 1536 552 quadraginta,
1557 492 1734 547 neque
1761 475 1844 531 vel
1872 489 2033 528 unam

2164 472 2348 524 πλεῖον
2376 469 2574 527 αὐτῶν
2598 468 2783 535 κόπος
2814 467 2910 522 καί
2949 466 3153 532 πόνος.
3181 463 3288 516 Kal.
3320 455 3473 514 εἶπεν
3499 459 3703 519 αὐτοῖς.

453 591 668 642 precem
697 574 764 629 ad
793 574 958 628 Deum
994 573 1139 638 fudi;
1179 585 1324 625 nunc
1353 582 1482 622 vero
1529 567 1576 623 si
1621 567 1758 622 alios
1803 563 2038 637 quadra-

453 672 604 740 ginta
643 681 817 721 annos
857 665 1066 726 vixero,
1112 676 1220 716 non
1273 659 1501 713 cessabo
1545 672 1706 712 orare
1753 657 1944 719 Deum,
1982 659 2042 709 ut

456 757 590 811 mihi
652 757 921 810 condonet
968 751 1163 806 delicta
1208 763 1347 802 mea.
1388 745 1508 801 Non
1555 747 1699 800 enim
1749 761 1886 816 opus
1927 759 2042 798 ma-

461 865 630 903 nuum
681 848 946 912 faciebat,
995 843 1088 898 sed
1129 842 1324 896 orabat
1365 855 1600 910 semper,
1641 839 1787 893 hunc
1831 838 1885 891 in
1921 853 2040 891 mo-

457 941 585 995 dum
626 959 638 994 :
683 937 906 992 Peccavi
951 944 1008 987 ut
1058 934 1256 999 homo,
1309 942 1368 986 ut
1415 934 1555 987 Deus
1594 939 1714 985 esto
1752 927 2038 999 pr0pitius.

457 1033 632 1098 Atque
665 1044 784 1082 eam
835 1025 1139 1079 orationem
1192 1031 1359 1076 noctu
1405 1022 1601 1090 dieque
1652 1016 2040 1072 meditabatur.

455 1124 721 1178 (laterum
757 1116 924 1170 frater
956 1114 1213 1168 manebat
1254 1129 1376 1167 cum
1415 1127 1513 1176 eo;
1562 1109 1879 1178 audivitque
1927 1106 2044 1159 haec

458 1211 604 1268 illius
651 1209 810 1262 verba
849 1225 862 1261 :
899 1204 1160 1260 Molestus
1216 1205 1312 1258 tibi
1373 1203 1483 1267 fui,
1533 1201 1778 1263 Domine,
1833 1197 2047 1252 dimitte

453 1299 611 1361 mihi,
637 1306 695 1352 ut
728 1313 919 1367 parum
963 1296 1163 1366 quietis
1211 1295 1442 1364 capiam.
1493 1293 1558 1345 Et
1591 1293 1803 1361 plenam
1837 1288 2046 1357 accepit

459 1391 831 1453 securitatem,
873 1388 1017 1458 quod
1060 1389 1111 1440 ei
1151 1387 1448 1454 ignovisset
1495 1383 1637 1438 Dens
1675 1389 1870 1436 cuncta
1921 1395 2046 1450 pec-

457 1493 599 1546 cata,
640 1483 801 1536 etiam
838 1481 968 1535 illud
1003 1480 1281 1545 mulieris;
1327 1487 1381 1531 at
1415 1477 1482 1531 de
1527 1491 1694 1546 puero
1738 1475 1936 1531 certior
1965 1473 2046 1527 fa-

463 1583 586 1629 ctus
622 1589 728 1628 non
761 1570 864 1627 est.
911 1571 1052 1626 Dixit
1082 1581 1260 1625 tamen
1291 1569 1338 1624 ei
1374 1584 1563 1623 senum
1595 1567 1793 1636 aliquis
1825 1586 1837 1620 :
1869 1565 2043 1618 Etiam

462 1665 715 1721 scelusin
741 1663 968 1732 puerulo
994 1666 1358 1732 perpetratum
1389 1657 1707 1712 condonavit
1743 1655 1838 1708 tibi
1869 1655 2042 1718 Deus;

461 1756 556 1811 sed
589 1765 640 1809 te
684 1755 736 1808 in
787 1753 973 1808 dolore
1004 1767 1068 1806 ac
1099 1751 1282 1805 labore
1316 1749 1592 1818 relinquit,
1627 1747 1753 1817 quia
1791 1745 2046 1802 conducit

473 1847 666 1899 anima:
697 1852 821 1898 tua).

533 1937 587 1991 5.
623 1936 766 1990 Idem
800 1933 936 1988 dixit
960 1932 1028 1988 de
1061 1933 1409 2002 susceptione
1455 1930 1681 1984 fratrum
1708 1946 1722 1982 :
1753 1927 2046 1984 Venientes

467 2027 664 2082 fratres
703 2025 931 2079 adorare
967 2032 1202 2094 oportet.
1254 2022 1390 2077 Nam
1439 2038 1546 2076 non
1595 2037 1710 2082 eos,
1747 2021 1842 2076 sed
1877 2019 2046 2074 Deum

471 2117 780 2172 adoramus.
808 2115 998 2170 Vidisti
1023 2115 1188 2179 enim,
1218 2115 1415 2184 inquit,
1445 2113 1666 2168 fratrem
1698 2119 1874 2175 tuum,
1904 2111 2048 2166 vidi-

467 2210 536 2264 sti
569 2207 855 2262 Dominum
894 2207 1059 2263 Deum
1106 2216 1281 2260 tuum.
1325 2205 1391 2258 Et
1421 2206 1544 2270 hoc,
1581 2204 1807 2267 addidit,
1840 2203 2050 2272 accepi-

463 2313 590 2351 mus
615 2297 682 2350 ab
710 2296 1018 2350 Abrahamo
1040 2295 1107 2348 ".
1131 2295 1378 2364 Cumque
1408 2293 1783 2364 susceperitis,
1814 2291 1881 2345 ad
1907 2291 2053 2360 quie-

465 2395 575 2444 tem
609 2387 924 2457 capiendam
965 2386 1160 2456 cogite.
1198 2384 1253 2439 ld
1285 2401 1521 2457 namque
1551 2399 1650 2441 nos
1700 2383 1885 2438 docuit
1927 2380 2049 2444 Lot,

463 2479 685 2552 quando
713 2479 922 2550 angelis
957 2479 1065 2533 vim
1101 2477 1286 2533 intulit
1310 2477 1378 2534 ”.

978 2675 1056 2730 De
1093 2675 1280 2729 abbate
1310 2673 1542 2728 Andrea.

542 2787 692 2842 Dixit
741 2787 910 2842 abbas
943 2786 1191 2841 Andreas
1221 2804 1236 2841 :
1270 2784 1398 2839 Tria
1445 2786 1557 2840 haec
1609 2785 1927 2840 monachum
1961 2785 2059 2842 de-

472 2886 600 2934 cent
625 2897 636 2931 :
667 2893 918 2934 secessus
951 2894 981 2932 a
1009 2878 1206 2948 patria,
1233 2885 1547 2948 paupertas,
1577 2885 1631 2933 et
1669 2878 1722 2932 in
1773 2879 2060 2934 tolerantia

477 2966 778 3025 silentium.

1032 3077 1110 3132 De
1150 3077 1338 3133 abbate
1377 3079 1498 3132 Aio.

548 3191 877 3248 Referebant
923 3192 991 3248 de
1035 3192 1272 3262 quodam
1320 3208 1450 3249 sene
1491 3190 1818 3256 Thebaidis,
1866 3190 2061 3246 abbate
2089 3178 2132 3201 ⁸⁸

480 3283 736 3346 Antiano,
760 3280 904 3350 quod
934 3280 1062 3334 dum
1096 3289 1243 3336 esset
1288 3280 1506 3350 juvenis
1541 3281 1707 3334 multa
1741 3280 1895 3334 bona:
1931 3295 2063 3334 con-

477 3371 804 3429 versationis
834 3386 998 3442 opera
1031 3371 1250 3436 fecerat,
1295 3372 1347 3426 in
1393 3379 1671 3426 senectute
1703 3386 1850 3434 vero,
1879 3372 2064 3425 incur-

478 3472 626 3519 rerat
655 3463 710 3516 in
745 3463 993 3516 morbum
1031 3469 1085 3516 et
1113 3462 1448 3527 caecitatem;
1481 3460 1679 3515 fratres
1711 3469 1888 3515 autem
1919 3462 2062 3531 quod

478 3562 786 3626 aegrotaret.
819 3568 1070 3625 magnam
1106 3553 1174 3608 de
1209 3567 1275 3606 eo
1317 3567 1506 3606 curam
1540 3552 1820 3622 gerebant,
1855 3553 2066 3607 cibum-

480 3661 588 3715 que
625 3646 677 3698 in
703 3660 764 3699 os
790 3645 910 3713 ejus
936 3644 1320 3698 immittebant.
1351 3645 1468 3708 Qua
1504 3642 1570 3697 de
1599 3658 1658 3696 re
1697 3643 2064 3711 interrogave-

483 3746 611 3792 runt
649 3737 897 3791 abbatem
931 3735 1052 3802 Aio,
1084 3735 1343 3805 quidnam
1374 3735 1617 3790 eveniret
1641 3749 1706 3789 ex
1751 3735 1854 3788 bac
1897 3735 2067 3789 multa

484 3825 876 3885 sollicitudine.
928 3826 1007 3881 Ac
1052 3825 1336 3896 respondit
1373 3843 1386 3876 :
1442 3824 1573 3880 Dico
1610 3825 1767 3879 vobis
1809 3843 1822 3880 :
1866 3824 1922 3880 Si
1971 3840 2069 3880 cor

486 3920 608 3989 ejus
653 3917 1048 3973 desideraverit
1087 3925 1141 3972 et
1181 3915 1628 3972 condescenderit
1655 3916 1904 3982 libenter,
1942 3932 2066 3970 cum

488 4009 790 4065 comederit
829 4023 989 4062 unam
1033 4007 1347 4077 palmulam,
1393 4005 1534 4061 Deus
1577 4006 1718 4060 tollit
1745 4022 1864 4061 eam
1905 4022 1936 4061 e
1976 4007 2070 4060 la-

486 4102 617 4156 bore
651 4100 806 4167 ejus;
846 4099 992 4168 quod
1042 4099 1088 4154 si
1134 4113 1243 4154 non
1292 4097 1650 4168 acquieverit,
1687 4098 1782 4152 sed
1818 4113 2068 4168 sumpse-

488 4191 558 4246 rit
584 4191 809 4254 invitus,
835 4191 1044 4246 salvum
1075 4189 1315 4245 laborem
1351 4190 1428 4243 illi
1469 4190 1707 4246 servabit
1751 4191 1912 4253 Deus,
1941 4190 2069 4260 quia

487 4281 676 4336 nolens
732 4280 946 4354 cogitur
993 4298 1009 4336 :
1065 4278 1263 4334 fratres
1317 4289 1447 4336 vero
1505 4277 1810 4333 mercedem
1864 4294 2071 4337 conse-

489 4367 750 4442 quentur.

931 4478 1006 4534 De
1035 4479 1220 4532 abbate
1248 4479 1626 4532 Ammonatha.

562 4591 794 4648 Advenit
825 4589 1118 4660 aliquando
1145 4587 1424 4644 Pelusium
1469 4604 1694 4658 praeses,
1729 4590 2007 4660 voluitque
2041 4607 2071 4646 a

493 4681 779 4736 monachis
812 4681 1029 4749 exigere
1057 4680 1343 4749 capitalem
1373 4681 1711 4749 pensionem,
1749 4681 1890 4735 sicut
1917 4698 1946 4736 a
1977 4699 2078 4738 sa:-

495 4771 794 4828 cularibus.
829 4771 1017 4841 Itaque
1043 4771 1223 4825 cuncti
1267 4769 1464 4827 fratres
1490 4771 1633 4841 apud
1667 4772 1916 4828 abbatem
1945 4775 2076 4828 Am-

494 4861 806 4918 monatham
841 4878 959 4916 eam
997 4862 1070 4916 ob
1116 4877 1231 4916 rem
1273 4874 1680 4929 convenerunt;
1717 4865 2076 4920 decreverunt

495 4963 676 5010 autem
727 4963 786 5008 ut
837 4952 1055 5022 quidam
1107 4951 1330 5006 Patrum
1394 4954 1606 5008 adirent
1670 4955 2069 5024 imperatorem.

496 5047 634 5102 Dicit
665 5045 743 5100 eis
774 5045 942 5099 abbas
979 5045 1371 5098 Ammonatlias
1411 5060 1425 5095 :
1465 5044 1582 5100 Non
1621 5062 1760 5116 Opus
1803 5055 1887 5101 est
1931 5046 2078 5114 ejus-

496 5139 644 5193 modi
677 5137 1022 5207 fatigatione;
1059 5133 1156 5190 sed
1189 5137 1368 5204 potius
1401 5137 1568 5206 quieti
1601 5145 1814 5191 manete
1844 5137 1896 5190 in
1923 5137 2077 5191 cellis

496 5228 713 5290 vestris,
747 5242 809 5280 ac
835 5227 1077 5296 jejunate
1105 5226 1240 5281 duas
1265 5225 1654 5288 hebdomadas,
1681 5243 1782 5297 ego
1806 5227 1956 5282 solus
1985 5241 2080 5295 per

495 5318 703 5374 Christi
735 5319 966 5388 gratiam
996 5317 1271 5387 perficiam
1310 5319 1606 5387 negotium.
1647 5316 1870 5372 Reversi
1913 5317 2081 5385 igitur

496 5417 626 5466 sunt
677 5410 875 5465 fratres
919 5408 975 5463 in
1013 5409 1178 5464 cellas
1206 5424 1337 5464 suas
1380 5429 1393 5464 :
1433 5425 1596 5464 senex
1625 5409 1826 5478 pariter
1859 5409 1912 5461 in
1943 5409 2079 5462 cella

566 5565 614 5599 "
636 5564 772 5620 Gen.
798 5581 949 5630 xviii,
969 5564 1026 5620 2.
1104 5565 1151 5598 ⁸⁸
1173 5564 1308 5620 Gen.
1351 5579 1464 5629 xIx,
1497 5567 1552 5620 5.

568 5679 685 5748 (70)
715 5680 1008 5750 Ἥμαρτον
1031 5681 1112 5747 ὡς
1137 5681 1471 5750 ἄνθρωπος.
1493 5684 1573 5748 ὡς
1602 5683 1746 5749 Θεὸς
1777 5684 2075 5746 Ιλὰσθητι.

510 5749 565 5804 lu
590 5747 1320 5818 oralione'Chrysoﬂomica
1359 5763 1400 5808 t.
1428 5747 1501 5806 ’Ἥ
1539 5747 1799 5823 Ξεινὶίξρ.
1847 5751 2004 5817 lll07,
2034 5751 2070 5805 l.

1626 5567 1672 5598 ⁹⁹
1710 5565 1794 5618 ΔΙ.
1828 5563 2108 5618 ἀπελθεῖν.

2141 567 2270 636 Εἰμὶ
2305 565 2711 635 τεσσαράκοντα
2755 562 2909 622 ἑτῶν,
2959 559 3086 629 μίαν
3125 555 3287 626 εὐχὴν
3319 552 3402 624 μὴ
3454 553 3687 622 ποιήσας

2141 657 2232 710 καὶ
2265 656 2360 710 νῦν
2383 657 2479 709 ἐὰν
2508 654 2657 726 ζήσω
2685 653 2816 708 ἄλλα
2844 651 3247 720 τεσσαράκοντα
3279 645 3372 715 ἔτη
3397 687 3410 709 ,
3446 645 3506 697 οὐ
3547 647 3690 697 παὺο

2145 766 2241 818 μαι
2267 749 2555 818 εὐχόμενος
2578 745 2655 817 τῷ
2679 743 2816 815 Θεῷ,
2842 743 2926 796 ἴνα
2958 741 3284 810 συγχωρήσῃ
3311 754 3398 808 μοι
3417 735 3515 799 τὰς
3538 737 3705 805 ἀμαρ-

2140 841 2262 902 τίας
2288 858 2406 910 μου.
2443 838 2578 894 Οὐδὲ
2601 838 2709 908 γὰρ
2733 835 3044 907 ὲργόχειρον
3074 831 3276 892 ἐποίει,
3319 827 3454 880 ἀλλὰ
3489 826 3719 878 πάντοτε

2143 930 2373 1002 ηὔχετο,
2420 931 2628 998 λέγων’
2659 931 2944 1000 Ἥμαρτον
2993 925 3068 987 ὡς
3108 922 3425 993 ἄνθρωπος,
3464 919 3540 983 ὡς
3591 917 3718 978 Θεος

2147 1024 2392 1092 natme
2426 1023 2556 1092 (70).
2610 1022 2722 1075 Kal
2760 1022 2980 1089 γέγονεν
3022 1015 3170 1086 αὐτῷ
3207 1015 3240 1084 ἠ
3277 1011 3411 1082 εὐχὴ
3451 1009 3610 1080 αῦτη.
3643 1010 3722 1071 εἰς

2148 1115 2376 1185 μελέτην
2412 1115 2602 1178 νυκτὸς
2646 1116 2740 1167 καὶ
2781 1113 3014 1183 ἡμέρας.
3041 1105 3148 1162 Ἦν
3187 1107 3243 1159 δὲ
3282 1103 3506 1171 ἀδελφὸς
3551 1101 3726 1170 μένων

2147 1205 2264 1276 μετ’
2310 1204 2495 1268 αὑτοῦ,
2541 1206 2632 1256 καὶ
2669 1205 2899 1275 ἤκουσεν
2947 1197 3111 1254 αὐτοῦ
3163 1197 3445 1264 λέγοντος
3487 1191 3729 1262 "opma

2147 1307 2250 1353 σοι,
2283 1289 2476 1360 Κύριε,
2513 1291 2648 1358 ἄφες
2684 1307 2792 1359 μοι,
2823 1289 2910 1340 ἵνα
2945 1285 3345 1354 ἁναπαῦσωμαι
3380 1281 3592 1353 μικρόν.
3617 1280 3730 1333 Καὶ

2145 1378 2358 1447 ἐγένετο
2386 1379 2530 1449 αὑτῷ
2564 1378 2924 1449 πληροφορία,
2963 1377 3044 1429 ὅτι
3095 1373 3469 1445 συνεχώρησεν
3516 1371 3663 1441 αὑτῷ
3697 1369 3728 1422 6

2145 1468 2276 1532 Θεὸς
2308 1469 2486 1532 πάσας
2524 1469 2620 1533 τὰς
2656 1469 2928 1539 ἁμαρτίας
2959 1465 3141 1531 αὑτοῦ,
3167 1465 3263 1519 καὶ
3308 1465 3367 1516 τὸ
3410 1463 3512 1533 τῆς
3548 1479 3730 1531 γυναι.

2146 1561 2240 1624 κός
2258 1577 2271 1589 ·
2300 1563 2378 1624 εἰς
2406 1560 2463 1612 δὲ
2492 1561 2552 1614 τὸ
2586 1561 2796 1614 παιδίον
2825 1561 2927 1612 οὐκ
2951 1555 3393 1629 ὲπληροφορήθη.
3433 1555 3544 1608 Kal.
3574 1548 3731 1608 εἶπεν

2146 1650 2295 1720 αὐτῷ
2327 1669 2408 1715 τις
2436 1651 2545 1702 τῶν
2579 1650 2872 1720 γερόντων,
2901 1650 2982 1702 ὅτι
3014 1647 3106 1700 καὶ
3133 1645 3194 1698 τὸ
3228 1644 3322 1698 τοῦ
3364 1643 3580 1696 παιδίου
3615 1658 3732 1694 συν-

2146 1740 2392 1812 εχώρησέ
2431 1759 2511 1795 σοι
2545 1743 2572 1794 6
2609 1741 2740 1804 Θεός
2761 1757 2774 1770 ο
2807 1739 2945 1794 ἀλλά
2977 1739 3124 1808 ἀφίει
3162 1755 3221 1790 σε
3255 1738 3313 1790 ὲν
3345 1735 3424 1806 τῷ
3453 1734 3619 1804 πόνῳ,
3647 1733 3730 1786 ὅτι

2078 1817 2120 1872 Β
2151 1833 2419 1904 συμφέρει
2455 1836 2519 1903 τῇ
2549 1832 2692 1902 ψυχῇ
2727 1849 2842 1886 σου.

2218 1930 2287 1993 γ’.
2331 1926 2386 1978 Ὀ
2420 1925 2579 1988 αὐτὸς
2623 1920 2776 1977 εἶπεν
2827 1924 2956 1995 περὶ
2988 1923 3087 1992 τῆς
3131 1920 3396 1991 ὑποδοχῆς
3429 1917 3538 1971 τῶν
3575 1915 3732 1970 ἀδελ-

2149 2016 2288 2085 φῶν,
2331 2018 2414 2070 ὅτι
2449 2019 2542 2069 Δεῖ
2572 2016 2898 2087 ἐρχομένους
2925 2018 3051 2079 τοὺς
3083 2013 3344 2082 ἀδελφοὺς
3373 2010 3698 2081 προσκυνεῖν
3718 2023 3730 2036 ’

2151 2111 2210 2162 οὺ
2244 2109 2352 2181 γὰρ
2395 2109 2610 2171 αὐτοὺς,
2644 2107 2779 2161 ἀλλά
2807 2108 2898 2161 τὸν
2947 2106 3078 2159 Θεὸν
3116 2103 3550 2177 προσκυνοῦμεν.
3583 2095 3738 2162 Εἶδες

2150 2199 2281 2272 γὰρ,
2321 2200 2476 2269 φησὶ,
2519 2199 2608 2254 τὸν
2657 2197 2882 2268 ἀδελφόν
2924 2215 3039 2262 σου,
3088 2194 3226 2260 εἶδες
3259 2195 3461 2265 Κύριον
3491 2193 3580 2245 τὸν
3606 2190 3738 2243 Θεὸν

2155 2305 2280 2343 σου·
2327 2288 2617 2353 καὶτοῦτο,
2661 2290 2816 2359 φησὶ,
2863 2289 3012 2360 παρά
3043 2287 3137 2340 τοῦ
3181 2285 3432 2356 Ἀϐραὰμ
3478 2280 3740 2354 παρειλή-

2155 2398 2353 2452 φαμεν.
2397 2383 2508 2436 Καὶ
2548 2382 2635 2435 ὅτε
2669 2381 2911 2452 δέχεσθε,
2953 2381 3088 2451 πρὸς
3122 2379 3427 2433 ἀνάπαυσιν
3467 2371 3742 2445 παραϐιά-

2156 2471 2345 2538 ζεσθε·
2393 2474 2488 2528 καὶ
2518 2473 2677 2528 τοῦτο
2715 2474 2823 2544 γὰρ
2858 2474 3008 2544 παρὰ
3043 2471 3136 2526 τοῦ
3179 2469 3302 2525 Λὼτ
3337 2468 3741 2542 μεμαθήκαμεν

2164 2563 2652 2636 παραϐιασαμένου
2681 2565 2808 2628 τοὺς
2839 2563 3123 2632 ἀγγέλους.

2547 2674 2686 2743 Περί
2724 2675 2830 2728 τοῦ
2873 2672 3024 2728 ἀϐϐᾶ
3053 2671 3346 2742 Ἀνδρέου.

2233 2788 2457 2856 Ἔλεγεν
2489 2791 2517 2841 6
2548 2787 2720 2850 ἀϐϐἄς
2745 2787 3002 2858 Ἀνδρέας
3020 2803 3033 2816 ·
3070 2786 3276 2856 Πρέπει
3304 2784 3380 2855 τῷ
3423 2781 3642 2854 μοναχῷ
3671 2781 3741 2834 τὰ

2159 2878 2285 2950 τρία
2309 2877 2508 2932 ταῦτα·
2551 2879 2584 2949 ἡ
2625 2877 2876 2943 ξενιτεία,
2911 2879 2944 2948 ἡ
2975 2875 3237 2946 πτωχεία,
3275 2877 3366 2928 καὶ
3402 2876 3434 2944 ή
3473 2873 3650 2943 σιωπὴ
3683 2875 3744 2925 ἐν

2163 2969 2429 3040 ὑπομονῇ.

2634 3082 2774 3150 Περὶ
2806 3081 2912 3136 τοῦ
2937 3080 3088 3136 ἀϐϐᾱ
3121 3080 3299 3136 ’Μῶν

2240 3195 2462 3263 Ἔλεγον
2523 3193 2653 3266 περί
2711 3211 2858 3258 τινος
2916 3195 3169 3266 γέροντος
3221 3195 3300 3256 είς
3351 3193 3450 3261 τὴν
3503 3190 3748 3262 Θηϐαΐδα

2167 3286 2312 3341 ἀϐϐᾶ
2367 3286 2663 3348 ’Δντιανοῦ,
2710 3286 2790 3339 ὅτι
2849 3286 3044 3348 πολλὰς
3084 3285 3357 3347 πολιτείας
3397 3284 3650 3354 ἐποίησεν
3688 3283 3750 3336 ὲν

2166 3381 2232 3448 τῇ
2259 3377 2470 3447 νεότητι
2501 3376 2687 3440 αὑτοῦ,
2725 3376 2816 3428 καὶ
2851 3377 2929 3439 είς
2969 3375 3028 3427 τὸ
3060 3375 3235 3446 γῆρας
3267 3374 3430 3427 αὑτοῦ
3461 3373 3748 3442 ἠσθένησε,

2169 3473 2262 3521 καὶ
2291 3467 2596 3539 ἐτυφλώθη,
2623 3468 2716 3520 καὶ
2745 3466 2942 3537 πολλὴν
2973 3467 3314 3538 παράκλησιν
3341 3468 3388 3517 oi
3412 3465 3633 3534 ἀδελφοὶ
3659 3462 3752 3516 διὰ

2167 3559 2267 3630 τὴν
2293 3557 2454 3612 αὑτοῦ
2477 3558 2760 3612 ἀσθένειαν
2782 3557 3017 3621 ἐποίουν,
3043 3557 3134 3609 καὶ
3157 3555 3347 3608 ἔϐαλον
3371 3557 3448 3618 εἱς
3479 3554 3539 3607 τὸ
3573 3555 3754 3624 στόμα

2169 3649 2335 3704 αὑτοῦ
2357 3666 2369 3681 ·
2411 3649 2506 3703 καὶ
2536 3650 2824 3722 ἠρώτησαν
2857 3650 2947 3702 τὸν
2987 3648 3160 3702 ἀϐϐᾶν
3193 3646 3323 3699 Ἀῖὼ
3364 3647 3491 3717 περὶ
3539 3644 3750 3698 τούτουο

2171 3742 2236 3794 Τί
2266 3741 2472 3810 γίνεται
2504 3740 2589 3794 διὰ
2620 3741 2718 3811 τὴν
2751 3740 2951 3809 πολλὴν
2991 3738 3332 3810 παράκλησιν
3362 3738 3600 3810 ταύτην;
3641 3739 3756 3790 Kal.

2170 3832 2317 3902 λέγει
2364 3834 2570 3896 αὐτοῖς·
2610 3832 2770 3900 Λέγω
2807 3832 2957 3901 ὑμῖν,
2998 3831 3080 3884 ὄτι
3129 3829 3222 3884 ἐὰν
3267 3831 3301 3901 ἡ
3350 3830 3546 3901 καρδία
3585 3828 3753 3882 αὐτοῦ

2173 3925 2323 3996 θέλῃ.
2357 3925 2451 3977 xal.
2481 3923 2891 3994 συγκαταϐαίνῃ
2924 3922 3114 3992 ἡδέως,
3162 3922 3257 3975 ἐὰν
3289 3921 3438 3992 φάγῃ
3479 3921 3535 3973 ἒν
3580 3921 3756 3990 φοίνι-

2173 4034 2280 4078 κιν,
2306 4018 2334 4069 ὁ
2359 4015 2489 4078 Θεὸς
2517 4017 2659 4086 αἴρει
2695 4015 2825 4068 αὐτὸ
2857 4017 2923 4068 ὲκ
2952 4014 3043 4067 τοῦ
3076 4015 3242 4068 κόπου
3273 4012 3564 4066 αὑτοῦ·ὲάν
3589 4013 3644 4065 δὲ
3677 4013 3756 4086 μὴ

2175 4105 2603 4176 συγκαταϐαἱνῃ,
2633 4105 2768 4158 ἀλλὰ
2814 4106 2888 4176 μὴ
2923 4105 3089 4158 θέλων
3119 4104 3390 4177 λαμϐάνῃ,
3430 4107 3458 4157 6
3495 4103 3627 4166 Θεὸς
3658 4121 3760 4174 τησ-

2177 4199 2261 4267 ρεί
2289 4196 2380 4248 τὸν
2419 4197 2587 4248 κόπον
2621 4195 2785 4247 αὐτοῦ
2821 4194 2978 4260 σῶον,
3025 4197 3107 4249 ὅτι
3153 4195 3228 4266 μὴ
3271 4195 3440 4249 θέλων
3475 4195 3720 4265 βιάζεται
3741 4211 3755 4226 ⁸

2175 4286 2414 4340 κάκεῖνοι
2444 4285 2535 4338 τὸν
2569 4284 2756 4337 μισθὸν
2784 4282 3018 4353 ἔχουσιν.

2540 4480 2676 4548 Περὶ
2706 4481 2813 4535 τοῦ
2844 4480 2994 4536 ἀϐϐᾶ
3035 4477 3389 4550 Ἄμμωναθᾶ.

2249 4584 2420 4642 Ἦλθέ
2449 4589 2579 4643 ποτέ
2602 4607 2686 4654 τις
2711 4590 2891 4662 ἄρχων
2915 4591 2995 4656 είς
3020 4591 3080 4644 τὸ
3100 4589 3418 4660 Πηλούσιον,
3446 4591 3538 4644 καὶ
3567 4591 3763 4662 ἠθελεν

2181 4680 2482 4751 ἀπαιτῆσαι
2543 4681 2908 4750 ὲπικεφάλαια
2962 4682 3088 4746 τοὺς
3152 4683 3452 4751 μοναχοὺς,
3507 4682 3764 4756 καθάπερ

2181 4771 2276 4824 καὶ
2300 4771 2427 4834 τοὺς
2460 4770 2774 4842 κοσμικούς.
2802 4772 2914 4826 Kal.
2948 4771 3294 4843 συνήχθησαν
3325 4773 3436 4825 ὅλοι
3468 4774 3516 4826 oi
3542 4773 3766 4844 ἀδελφοὶ

2181 4862 2319 4934 πρὸς
2343 4863 2436 4916 τὸν
2469 4863 2643 4918 ἀϐϐᾶν
2685 4865 3048 4935 ’Λμμωναθᾶν
3072 4867 3198 4936 περὶ
3235 4865 3447 4930 τούτου,
3492 4867 3587 4919 καὶ
3628 4865 3768 4938 ἐψη-

2181 4953 2405 5021 φίσαντό
2441 4971 2590 5016 τινας
2610 4955 2717 5007 τῶν
2753 4955 3011 5026 Πατέρων
3043 4956 3281 5010 ἀνελθεῖν
3309 4957 3356 4988 ’⁸
3377 4957 3512 5027 πρὸς
3540 4956 3629 5008 τὸν
3659 4956 3764 5024 βα-

2181 5044 2350 5098 σιλέα.
2406 5046 2516 5098 Kal.
2559 5043 2709 5112 λέγει
2757 5045 2942 5109 αὐτοῖς
2986 5049 3014 5099 6
3053 5047 3224 5111 ἀϐϐἆς
3253 5047 3653 5118 Ἀμμωναθᾶς-
3682 5048 3763 5101 Οὐ

2178 5137 2337 5208 χρεία
2369 5136 2463 5190 τοῦ
2497 5137 2738 5208 σκυλμοῦ
2773 5138 2995 5192 τούτου·
3031 5139 3167 5192 ἀλλά
3209 5141 3407 5210 μᾶλλον
3451 5139 3762 5208 ἡσυχάσατε

2179 5227 2260 5289 είς
2295 5226 2364 5279 τὰ
2403 5225 2585 5280 κελλία
2612 5226 2784 5297 ὑμῶν,
2818 5229 2912 5281 καὶ
2956 5227 3286 5298 νηστεύσατε
3316 5228 3407 5280 δύο
3440 5228 3765 5298 ἑϐδομάδας,

2179 5320 2274 5370 καὶ
2303 5320 2368 5388 τῇ
2395 5317 2578 5388 χάριτι
2609 5317 2704 5369 τοῦ
2747 5319 2981 5388 Χριστοῦ
3013 5319 3122 5387 ἐγὼ
3157 5320 3314 5390 μόνος
3359 5320 3500 5372 ποιῶ
3531 5319 3589 5371 τὸ
3623 5321 3770 5390 πρᾶ-

2180 5425 2316 5478 γμα.
2354 5408 2463 5460 Kal
2495 5406 2738 5477 ἀπῆλθον
2767 5412 2814 5462 οἱ
2848 5410 3068 5479 ἀδελφοὶ
3108 5413 3186 5473 είς
3218 5413 3284 5464 τὰ
3313 5411 3496 5464 κελλία
3524 5411 3768 5465 ἑαυτῶνο

2187 5696 2326 5744 xxii,
2355 5680 2448 5745 Ἡ,
2480 5685 2555 5744 ὡς
2587 5680 2874 5752 ἄνθρωπος
2911 5683 3177 5752 ἥμαρτον,
3211 5683 3287 5748 ὡς
3316 5685 3386 5738 Θε
3402 5687 3458 5748 ὸς
3480 5686 3767 5757 συγχώρη-

2187 5767 2296 5803 σον.
