4034 6340
272 311 365 368 ιιι
1388 309 1996 367 ᾹΡΟΡΗΤΙΙΕΟΜΑΪΑ
2026 310 2329 368 PATRUM.

3421 328 3527 385 ΗΞ

281 439 353 493 [ει
393 437 484 493 μοι
530 422 561 475 6
602 422 816 505 γέρων·
860 424 1048 497 Δεῦρο,
1106 424 1320 493 ἀδελσὲ.
1381 424 1744 495 συστείλωμεν
1795 425 1845 479 τὸ

1956 426 2204 483 venimus
2227 443 2350 483 eum
2375 435 2550 485 morte
2564 439 3021 490 consummatum.
3053 436 3140 490 Ait
3163 437 3289 491 milii
3317 454 3480 498 senex
3500 462 3519 499 :

280 516 435 585 σῶμα
462 514 669 568 αὐτοῦ·
724 516 809 580 είς
848 516 957 587 γὰρ
996 514 1152 570 τοῦτο
1193 515 1437 587 ἔπεμψεν
1476 518 1623 587 ἡμᾶς
1654 517 1682 568 6
1721 514 1845 579 Θεὸς

1957 518 2116 583 \‘eni,
2159 517 2350 585 frater,
2389 535 2784 590 componamus
2827 539 3026 596 corpus
3085 526 3226 597 ejus.
3280 530 3363 585 Ad
3418 533 3525 591 hoc

274 601 393 661 ὦδε.
424 607 840 661 Συστελλόντων
867 608 925 661 δὲ
952 607 1105 679 ἡμῶν
1148 609 1226 670 είς
1256 608 1317 660 1:6
1349 607 1515 677 θάψαι
1549 607 1727 670 αὑτὸν,
1762 606 1853 660 εὖ-

278 715 442 769 ρομεν
461 699 548 752 ὅτι
576 698 721 767 γυνὴ
742 693 812 769 ἦν
831 700 896 769 τῇ
922 699 1098 766 φύσει.
1126 698 1237 752 Καὶ
1266 697 1575 770 ἐθαύμασεν
1601 701 1630 752 6
1651 698 1850 769 γέρων,

275 791 367 844 καὶ
395 786 546 842 εἶπεν
564 804 579 817 ·
617 789 727 843 Ἴδε
757 789 876 853 πῶς
905 789 1001 843 καὶ
1032 792 1290 858 γυναῖκες
1311 791 1741 844 κατα-παλαίουσι
1761 792 1852 844 τὸν

273 882 534 944 Σατανᾶν,
576 881 675 935 καὶ
706 883 867 951 ἡμεῖς
901 882 958 934 ἐν
1001 885 1118 946 ταῖς
1154 882 1369 936 πόλεσιν
1411 882 1849 953 ἀσχημονοῦμεν.

276 972 382 1024 Καὶ
419 971 748 1035 δοξάσαντες
771 972 861 1025 τδν
890 972 1022 1025 Θεὸν
1043 972 1136 1026 τὸν
1154 973 1569 1045 ὐπερασπιστὴν
1590 973 1697 1027 τῶν
1720 974 1852 1041 ἁγα-

275 1062 498 1116 πώντων
528 1062 716 1129 αὐτὸν,
754 1063 1183 1136 ἀνεχωρήσαμεν
1210 1065 1438 1120 ἐκεῖθεν.

340 1244 401 1292 ε’.
432 1234 606 1291 ⁷11).θὲ
635 1237 719 1302 τίς
748 1255 877 1292 ποτε
908 1237 1351 1310 δαιμονιζόμενος
1390 1241 1470 1304 είς
1494 1240 1593 1312 τὴν
1623 1239 1847 1310 Σκῆτιν,

272 1331 362 1382 καὶ
393 1328 613 1397 ἐγένετο
633 1327 766 1400 εὐχὴ
788 1330 914 1401 περὶ
941 1328 1103 1382 αὐτοῦ
1127 1330 1186 1382 ὲν
1213 1333 1279 1401 τῇ
1310 1331 1594 1402 ἐκκλησίᾳ,
1627 1332 1722 1384 καὶ
1749 1331 1849 1384 οὐκ

272 1421 534 1490 ἐξήρχετο
566 1421 594 1472 6
633 1419 841 1489 δαίμων
864 1435 877 1449 ·
916 1414 983 1490 ἦν
1015 1420 1123 1491 γάρ
1157 1420 1412 1491 σκληρός.
1454 1422 1563 1474 Καὶ
1595 1421 1849 1489 λέγουσιν

270 1511 319 1561 οἱ
351 1508 605 1580 κληρικοί
626 1525 640 1537 ·
686 1508 749 1560 Τί
785 1506 981 1577 ἔχομεν
1019 1510 1242 1580 ποιῆσαι
1274 1509 1352 1581 τῷ
1382 1510 1594 1580 δαίμονι
1637 1510 1846 1579 τούτῳς

271 1599 447 1662 οὐδεὶς
480 1598 706 1653 δύναται
744 1599 906 1651 αὐτὸν
939 1599 1210 1664 ὲκόαλετν,
1237 1602 1286 1653 εἰ
1324 1601 1398 1673 μὴ
1428 1602 1457 1654 6
1492 1601 1661 1665 ἀϐὗᾶς
1686 1602 1851 1655 Βισα-

271 1690 403 1763 ρίων
425 1708 439 1721 ·
473 1692 569 1743 καλ⁸
597 1691 692 1742 ἐὰν
726 1690 887 1743 αὐτὸν
921 1692 1387 1763 παρακαλέσωμεν
1413 1694 1456 1760 ⁸,
1488 1693 1608 1747 οὐδὲ
1642 1696 1721 1757 είς
1748 1694 1848 1765 τὴν

1952 611 2093 664 enim
2119 610 2266 665 misit
2292 627 2392 667 nos
2423 612 2564 669 Deus
2585 615 2713 671 buc.
2740 616 2877 671 Cum
2907 634 3037 689 ergo
3065 635 3525 691 componeremus

1953 700 2019 754 ad
2067 702 2422 771 sepulturam,
2478 705 2785 763 invenimus
2836 710 3121 767 mulierem
3176 727 3319 768 esse.
3381 713 3519 769 Tum

1951 791 2254 849 admiratus
2303 808 2503 860 senex,
2562 795 2619 849 in
2672 796 2789 852 haec
2840 802 3088 872 prorupit
3132 803 3297 859 verba
3331 823 3345 860 :
3379 805 3522 862 Ecce

1950 883 2225 952 quomodo
2277 885 2440 938 etiam
2488 884 2701 941 feminae
2758 902 3017 960 superant
3063 893 3360 962 daemones,
3417 912 3520 954 nos

1949 989 2081 1029 vero
2145 975 2200 1028 in
2254 975 2484 1032 urbibus
2529 976 2783 1035 indecore
2832 984 3064 1052 agimus.
3115 985 3295 1055 Atque
3353 986 3522 1058 glori~

1951 1064 2111 1122 flcato
2145 1067 2280 1133 Deo,
2321 1068 2412 1138 qui
2456 1078 2733 1139 protector
2778 1081 2862 1128 est
2903 1074 3237 1146 diligentium
3283 1090 3363 1143 se,
3394 1078 3521 1134 inde

1949 1159 2296 1213 secessimus.

2018 1248 2072 1303 5.
2104 1248 2216 1320 (80)
2245 1248 2446 1305 Scetim
2469 1250 2615 1307 venit
2635 1251 2930 1323 aliquando
2947 1254 3402 1327 daemoniaeus,et
3420 1277 3521 1333 pro

1950 1354 2014 1394 eo
2036 1339 2177 1394 facta
2206 1349 2289 1395 est
2317 1342 2493 1396 oratio
2524 1344 2579 1396 in
2613 1344 2883 1412 ecclesia;
2925 1361 3118 1400 verum
3163 1348 3373 1404 danuon
3408 1367 3519 1407 non

1948 1428 2359 1499 egrediebatur;
2395 1440 2512 1485 erat
2537 1432 2683 1486 enim
2715 1447 2920 1489 saevus.
2937 1434 3102 1489 Aiunt
3129 1436 3313 1492 clerici
3341 1459 3353 1493 :
3379 1440 3520 1506 Quid

1950 1520 2214 1576 habemus
2257 1520 2437 1576 facere
2479 1521 2743 1578 adversus
2786 1522 2931 1577 hunc
2971 1525 3308 1582 daemonem?
3349 1528 3521 1585 Nemo

1949 1619 2127 1681 potest
2153 1628 2276 1667 eum
2302 1612 2524 1681 ejicere,
2560 1613 2664 1669 nisi
2693 1614 2863 1671 abbas
2895 1615 3154 1685 Besario;
3189 1619 3287 1675 sed
3318 1621 3365 1677 si
3393 1637 3520 1678 eum

1951 1706 2343 1775 rogaverimus,
2370 1721 2545 1776 neque
2576 1707 2628 1761 in
2660 1708 2947 1764 ecclesiam
2977 1718 3244 1768 venturus
3266 1720 3369 1769 est.
3405 1712 3522 1769 Hoc

268 1781 573 1851 ἐκκλησίαν
602 1781 841 1852 ἔρχεται.
873 1781 1042 1835 Τοῦτο
1069 1779 1161 1835 οὖν
1187 1784 1498 1853 ποιήσωμεν
1517 1800 1530 1814 ’
1566 1784 1672 1837 ἰδοὺ
1698 1784 1845 1855 ἔρχε-

1951 1812 2082 1866 ergo
2112 1797 2376 1855 faciamus
2406 1817 2419 1854 :
2452 1814 2580 1855 ecce
2614 1800 2760 1855 venit
2789 1816 2948 1857 mane
2983 1804 3049 1857 ad
3078 1804 3365 1859 ecclesiam
3395 1813 3522 1860 ante

268 1889 360 1925 ται
394 1872 543 1943 πρωῒ
565 1873 670 1943 πρὸ
699 1873 916 1925 πάντων
941 1874 1023 1935 εἰς
1049 1871 1146 1943 τὴν
1172 1874 1494 1943 ἐκκλησίαν·
1531 1875 1844 1945 ποιήσωμεν

1949 1903 2187 1967 omnes;
2230 1906 2498 1961 ponamus
2542 1892 2690 1947 hunc
2735 1892 3062 1948 daemonium
3117 1897 3409 1965 patientem
3462 1898 3521 1953 in

268 1963 358 2017 τὸν
380 1963 664 2033 πάσχοντα
687 1963 1017 2035 Μθευδῆσαι
1040 1968 1060 1997 ⁹
1088 1967 1166 2028 είς
1198 1965 1290 2018 τὸν
1322 1965 1484 2018 τόπον
1513 1964 1677 2019 αὑτοῦ
1703 1982 1716 1995 ’
1751 1966 1845 2019 καὶ

1949 1978 2069 2034 loco
2100 1966 2291 2050 ipsius,
2323 1984 2478 2053 quasi
2507 1982 2902 2048 dormientem;
2936 1993 2989 2041 et
3015 2002 3138 2041 cum
3164 1986 3518 2056 ingredietur,

268 2053 355 2106 ὅτε
384 2054 723 2123 εἰσέρχεται,
745 2053 960 2123 στῶμεν
980 2056 1058 2117 εἰς
1079 2054 1263 2125 εὐχὴν,
1287 2055 1381 2107 καὶ
1407 2053 1648 2125 εἴπωμεν
1666 2053 1812 2125 αὐτῷ
1829 2071 1842 2085 ·

283 2142 620 2213 Ἐξύπνησον
662 2141 755 2195 καὶ
801 2142 894 2196 τὸν
936 2142 1186 2211 ἀδελφὺν,
1235 2141 1395 2196 ἀϐὁᾶ.
1451 2143 1743 2213 Ἐποίησαν
1786 2142 1844 2195 δὲ

269 2230 461 2294 οὕτως.
512 2232 610 2285 καὶ
641 2232 885 2295 ἐλθόντος
916 2232 1010 2285 τοῦ
1043 2233 1294 2304 γέροντος
1330 2231 1494 2304 πρωῒ,
1539 2232 1843 2303 ἐστάθησαν

272 2325 351 2386 εἰς
380 2322 570 2393 εὐχὴν,
610 2322 704 2375 καὶ
739 2322 985 2390 λέγουσιν
1036 2323 1214 2393 αὐτῷ·
1256 2322 1587 2393 Ἐξύπνησον
1616 2323 1709 2376 καὶ
1743 2323 1836 2376 τὸν

272 2413 516 2481 ἀδελφόν.
548 2412 659 2465 Καὶ
685 2407 837 2464 εἶπεν
869 2412 1016 2483 αὐτῷ
1043 2415 1070 2467 6
1097 2414 1275 2484 γέρων
1303 2430 1316 2444 ο
1368 2413 1629 2476 Ἀνάστα,
1666 2410 1843 2476 ἔξελθε

272 2506 395 2570 ἔξω.
426 2505 536 2558 Καὶ
578 2504 779 2567 εὐθέως
809 2504 1030 2576 ἐξῆλθεν
1071 2506 1167 2560 ἀπ’
1215 2503 1378 2559 αὐτοῦ
1417 2505 1445 2556 6
1479 2503 1707 2575 δαίμων,
1749 2502 1844 2557 καὶ

276 2596 398 2667 ἰάθη
427 2596 536 2650 ἀπὸ
561 2600 659 2664 τῆς
693 2596 843 2666 ὧρας
867 2597 1103 2668 ἐκείνης.

342 2696 416 2753 ς’.
441 2685 611 2742 Εἶπεν
632 2691 660 2742 6
691 2689 863 2752 ἁὸϐᾶς
885 2689 1166 2760 Βισαρίων,
1185 2687 1268 2741 ὅτι
1304 2686 1719 2758 Τεσσαράκοντα
1754 2704 1845 2742 νυ-

272 2777 527 2849 χθήμερα
557 2776 747 2847 ἔμεινα
797 2776 962 2846 μέσον
994 2777 1235 2847 ῥάμνων,
1267 2777 1498 2846 στήκων,
1534 2774 1608 2845 μὴ
1638 2773 1842 2846 κοιμώ-

319 2885 451 2920 ενοσ.

275 2887 722 3027 μέοπγἋδελφπ
768 2975 853 3021 τις
889 2957 1211 3029 ἁμαρτήσας
1266 2955 1558 3028 ἐχωρίζετο
1598 2959 1703 3012 ὑπὸ
1746 2958 1841 3012 τοῦ

275 3050 645 3121 πρεσϐυτέρου
666 3053 729 3103 ἐκ
760 3051 856 3120 τῆς
882 3049 1193 3121 ἐκκλησίας.
1211 3049 1269 3103 Ὀ
1295 3049 1351 3101 δὲ
1380 3049 1552 3113 assa;
1572 3050 1842 3123 Βισαρίων

1948 2078 2156 2125 stemus
2196 2071 2261 2126 ad
2294 2073 2629 2137 orationem,
2674 2088 2739 2127 ac
2769 2074 3016 2130 dicamus
3046 2075 3097 2130 ei
3133 2094 3147 2129 :
3182 2074 3374 2131 Excita
3409 2076 3520 2132 fra-

1946 2167 2115 2221 trem,
2164 2158 2323 2214 abba.
2376 2160 2553 2230 Atque
2601 2162 2674 2215 ita
2715 2161 2981 2216 fecerunt.
3031 2163 3339 2220 Aecedcute
3387 2180 3520 2221 sene

1947 2262 2126 2312 mane,
2163 2258 2431 2304 steterunt
2448 2251 2514 2304 ad
2560 2252 2886 2315 orationem,
2914 2260 2970 2306 et
3000 2253 3154 2307 aiunt
3181 2254 3231 2308 ei
3265 2272 3280 2309 :
3332 2253 3519 2311 Excita

1946 2337 2189 2394 fratrem.
2215 2339 2351 2394 Tum
2374 2340 2510 2395 dixit
2531 2343 2578 2396 ei
2608 2357 2773 2397 senex
2805 2358 2819 2393 :
2852 2340 3044 2413 Surge,
3070 2343 3324 2413 egredere
3346 2346 3516 2402 foras.

1949 2427 2253 2499 Statimque
2278 2432 2408 2484 exiit
2434 2431 2502 2485 ab
2529 2446 2594 2485 eo
2621 2431 2855 2497 daemon,
2885 2439 2939 2486 et
2969 2440 3194 2488 sanatus
3225 2441 3312 2489 est
3331 2449 3400 2490 ex
3425 2435 3521 2491 illa

1945 2518 2097 2572 bora.

2017 2685 2069 2741 6.
2093 2688 2293 2760 (81.82)
2310 2687 2453 2744 Dixit
2475 2691 2643 2748 abbas
2659 2691 2879 2749 Besario
2897 2713 2909 2747 :
2930 2694 3296 2768 Quadraginta
3316 2697 3432 2757 dies
3453 2714 3518 2757 ac

1948 2785 2140 2833 noctes
2174 2781 2346 2834 mansi
2380 2780 2521 2836 inter
2550 2783 2758 2853 spinas,
2788 2794 2963 2851 stans,
2995 2800 3097 2842 nec
3127 2787 3422 2846 dormiens.

2016 2953 2066 3008 7.
2101 2955 2212 3025 (85)
2243 2954 2472 3023 Quidam
2506 2958 2672 3016 frater
2697 2964 2789 3032 qui
2820 2975 3166 3035 peccaverat,
3201 2978 3517 3038 segregatus

1950 3056 2046 3110 per
2076 3044 2451 3114 presbyterum
2492 3050 2866 3128 expellebatur
2911 3054 2978 3108 ab
3020 3056 3280 3112 ecclesia.
3331 3058 3515 3115 Abbas

272 3142 510 3204 ἀναστλις
554 3139 878 3211 συνεξῆλθεν
909 3138 1075 3210 αὐτῷ,
1106 3137 1299 3207 λέγων,
1330 3139 1411 3192 ὃτι
1456 3139 1627 3208 Κάγὼ
1665 3143 1843 3213 ἀμαρ-

1948 3139 2124 3187 autem
2162 3132 2383 3190 Besario
2433 3152 2696 3209 surgens,
2740 3157 2995 3213 egressus
3027 3155 3108 3201 est
3144 3163 3268 3202 cum
3295 3163 3391 3215 eo,
3433 3151 3519 3207 bis

274 3233 437 3298 τωλὸς
459 3235 598 3303 εἰμι.

340 3334 413 3398 η’.
453 3327 515 3380 '0
560 3325 725 3388 αὐτὸς
749 3324 925 3386 ἁόϐᾶς
955 3321 1225 3392 Βισαρίων
1253 3316 1426 3382 εἶπεν,
1458 3323 1539 3375 ὅτι
1567 3324 1844 3395 Τεσσαρά-

273 3436 437 3472 κοντα
467 3417 563 3488 ἔτη
585 3417 690 3471 οὐκ
717 3416 888 3486 ἔθηκα
916 3413 1103 3468 ἑαυτὸν
1121 3413 1443 3484 ὲπιπλευρὸν
1470 3414 1533 3480 ¹⁰,
1553 3402 1685 3467 ante
1710 3413 1844 3467 καθ-

274 3512 473 3581 ἥμενος
500 3509 531 3580 ἢ
570 3510 780 3579 στήκων
812 3504 1147 3576 ἐκοιμώμην.

343 3599 409 3652 θ’.
454 3600 513 3651 '0
544 3599 706 3661 αὐτὸς
731 3592 884 3650 εἶπεν
905 3613 918 3627 ’
956 3598 1120 3650 Ὅταν
1148 3597 1204 3648 εν
1233 3596 1422 3670 εἰρήνῃ
1451 3596 1721 3668 τυγχάνῃς
1750 3595 1845 3648 καὶ

273 3691 332 3744 οὐ
366 3689 707 3761 πολεμῆσαι,
735 3688 856 3741 τότε
890 3687 1087 3759 μᾶλλον
1117 3686 1394 3751 ταπεινοῦ,
1441 3688 1636 3759 μήπως
1670 3688 1846 3757 χαρᾶς

274 3781 560 3852 ἀλλοτρίας
599 3778 1017 3850 ἐπεισελθούσης
1064 3777 1495 3849 καυχησὼμεθα,
1534 3778 1628 3830 καὶ
1672 3793 1847 3848 παρα-

275 3873 516 3943 δοθῶμεν
546 3873 627 3936 είς
678 3871 935 3942 πόλεμον.
968 3871 1233 3929 Πολλάκις
1265 3870 1373 3942 γάρ
1405 3873 1433 3923 ὁ
1469 3869 1601 3931 Θεὸς
1629 3868 1715 3922 διὰ
1748 3867 1847 3930 τὰς

276 3958 558 4021 ἀσθενείας
588 3957 743 4028 ἡμῶν
775 3958 835 4011 οὐ
878 3961 1152 4030 συγχωρεῖ
1198 3958 1338 4028 ἡμᾶς
1374 3956 1744 4028 παραδοθῆναι
1777 3959 1842 4019 ιι,

271 4052 359 4103 ἵνα
392 4051 468 4120 μὴ
498 4048 847 4120 ἀπολώμεθα.

345 4147 395 4197 ι’.
440 4141 690 4210 ’Λδελφδς
726 4141 987 4195 συνοικῶν
1016 4141 1258 4210 ἀδελφοῖς
1280 4141 1532 4214 ἠρώτησε
1558 4141 1647 4194 τὸν
1670 4139 1843 4194 ἀ66ἄν

278 4232 690 4305 Βισαρίωνα·Τί
715 4235 958 4300 ποιήσως
990 4234 1150 4302 Λέγει
1173 4233 1321 4304 αὐτῷ
1343 4235 1372 4287 6
1406 4232 1601 4303 γέρων·
1633 4230 1840 4295 Σιώπα,

276 4327 366 4380 καὶ
394 4325 474 4398 μὴ
505 4327 785 4397 μετρήσῃς
808 4327 1019 4379 ἑαυτόν.

1946 3222 2173 3292 prolatis
2198 3226 2381 3280 verbis
2412 3246 2425 3282 :
2457 3226 2569 3299 Ego
2603 3246 2818 3302 quoque
2850 3248 3104 3305 peccator
3132 3254 3278 3296 sum.

2014 3314 2068 3368 8.
2105 3312 2248 3370 Idem
2278 3317 2444 3373 abbas
2474 3318 2693 3378 Besario
2730 3324 2862 3380 dixit
2893 3346 2905 3380 :
2940 3325 3042 3384 Per
3067 3345 3239 3387 annos
3279 3335 3516 3403 quadra-

1945 3403 2093 3472 ginta
2128 3422 2237 3460 non
2278 3410 2503 3464 recubui
2546 3427 2710 3483 super
2745 3415 2905 3481 latus,
2932 3419 3027 3474 sed
3075 3430 3167 3476 aut
3198 3425 3394 3481 sedens
3420 3434 3516 3481 aut

1945 3503 2099 3553 stans
2126 3497 2483 3555 dormiebam.

2015 3587 2069 3641 9.
2106 3588 2154 3644 ls
2178 3590 2295 3659 ipse
2329 3594 2575 3650 monuit:
2608 3594 2834 3663 Quando
2870 3600 2922 3655 in
2957 3617 3088 3672 pace
3116 3604 3297 3677 degis.
3338 3624 3518 3681 neque

1947 3677 2310 3749 impugnaris,
2341 3690 2473 3739 tunc
2495 3687 2665 3755 magis
2688 3688 2945 3746 humilem
2979 3701 3031 3747 te
3059 3695 3267 3763 praebe;
3287 3712 3354 3751 ne
3376 3677 3515 3753 forte

1946 3771 2143 3839 gaudio
2172 3781 2431 3829 extraneo
2467 3776 2738 3847 irrepente
2780 3782 3095 3851 gloriemur,
3126 3787 3514 3860 tradamurque

1946 3859 2014 3912 ad
2047 3870 2346 3918 certamen.
2394 3864 2527 3920 Nam
2575 3867 2717 3923 Deus
2761 3885 2904 3939 saepe
2929 3888 3035 3927 non
3072 3877 3360 3945 permittit,
3389 3859 3514 3947 pro-

1946 3954 2068 4018 pter
2092 3948 2436 4008 infirmitates
2470 3965 2710 4021 nostras,
2745 3968 2802 4014 ut
2831 3960 2972 4017 bello
3008 3979 3073 4018 ac
3101 3966 3384 4022 teutationi
3410 3978 3524 4024 tra-'

1946 4038 2162 4105 damur,
2203 4057 2273 4097 ne
2309 4058 2621 4112 pereamus.

2019 4130 2104 4183 10.
2142 4130 2252 4203 (84)
2278 4132 2469 4189 Frater
2502 4150 2852 4196 commorans
2885 4156 3006 4197 cum
3046 4144 3305 4203 fratribus
3344 4149 3512 4204 inter-

1948 4224 2159 4293 rogavit
2198 4224 2444 4280 abbatem
2473 4225 2841 4300 Besarionem,
2889 4234 3018 4302 quid
3048 4236 3152 4290 sibi
3190 4252 3327 4307 opus
3369 4238 3513 4294 facto

1946 4319 2116 4367 esset.
2166 4311 2465 4385 Respondit
2511 4329 2678 4371 senex
2714 4337 2726 4372 :
2763 4317 2933 4384 Tace,
2976 4336 3081 4383 nec
3120 4330 3174 4378 te
3216 4339 3341 4379 cum
3393 4327 3515 4382 aliis

1948 4403 2210 4459 metiaris.

344 4502 432 4550 ια’.
492 4497 555 4551 Ὃ
599 4494 773 4559 ἀ66ᾶς
816 4494 1086 4567 Βισαρίων
1119 4494 1477 4568 ἀποθνήσκων
1509 4493 1714 4561 ἔλεγεν,
1761 4492 1841 4545 ὅτι

2020 4492 2106 4547 ll.
2137 4491 2249 4565 (85)
2282 4494 2467 4552 Abbas
2496 4495 2747 4562 Besario,
2788 4500 3025 4556 moriens
3060 4501 3271 4559 dicebat
3300 4522 3316 4559 :
3351 4502 3517 4561 Debet

275 4588 471 4656 ὀφείλει
510 4583 648 4643 εἶναι
680 4590 708 4641 6
739 4585 993 4658 μοναχδς,
1021 4586 1095 4651 ὼς
1126 4586 1192 4640 τά
1243 4582 1508 4658 χερουὸὶμ
1540 4582 1635 4649 καὶ
1658 4581 1724 4636 τὰ
1757 4598 1843 4634 σε-

274 4678 467 4746 pacm,
498 4676 616 4740 ὅλος
641 4676 941 4747 ὀφθαλμός.

342 4768 411 4837 ιβ’
462 4769 810 4839 Διηγήσαντο
842 4771 891 4824 ot
924 4768 1163 4841 μαθηταὶ
1187 4769 1282 4824 τοῦ
1313 4768 1458 4825 ἀὸΰᾶ
1486 4768 1837 4840 Βισαρίωνος,

271 4854 360 4908 τὸν
375 4858 486 4926 βίον
517 4859 685 4914 αὐτοῦ
707 4858 880 4923 οὕτως
907 4860 1252 4931 γεγενῆσθαι,
1283 4861 1356 4925 ὡς
1372 4860 1431 4914 ἓν
1447 4878 1499 4914 τι
1516 4861 1622 4914 τῶν
1640 4859 1840 4931 ἀερίων

274 4952 484 5021 πτηνῶν
518 4953 551 5023 ἢ
589 4952 867 5025 νηκτῶνῆ
912 4952 1180 5024 χερσαίων
1209 4953 1382 5018 ζώων,
1413 4954 1699 5024 ἀταράχως
1745 4949 1841 5003 καὶ

201 5060 211 5069 ·
272 5039 583 5114 ἀμερίμνως
609 5043 790 5097 πάντα
814 5042 903 5096 τὸν
928 5043 1026 5113 τῆς
1062 5041 1207 5113 ζωῆς
1235 5041 1399 5097 αὐτοῦ
1440 5043 1632 5114 χρόνον
1661 5041 1843 5094 διατε-

272 5127 491 5189 λέσαντα
505 5137 572 5189 ¹¹.
591 5134 670 5188 Οὐ
684 5133 796 5206 γὰρ
809 5133 1026 5204 φροντὶς
1035 5133 1183 5187 οἴκου
1203 5134 1330 5205 παρ’
1348 5132 1512 5187 αὐτοῦ
1530 5132 1841 5203 ἐμελετᾶτο,
1863 5188 1869 5193 _

285 5388 305 5419 ,
324 5337 631 5419 ’.ᾼΙιδώίε
664 5336 823 5419 ,περὶ
861 5336 1079 5419 ςιτιζιότουἔ
1099 5407 1112 5419 _
1172 5339 1193 5371 ’
1215 5337 1299 5393 AI,
1329 5338 1570 5394 καθίςαι,

328 5412 410 5473 Al.
448 5408 790 5471 διατελέσας
822 5415 880 5463 et
906 5407 1229 5464 διατελέσαι.

309 5552 418 5621 (80)
467 5549 785 5621 νίιηραις.
825 5563 888 5611 II,
921 5547 975 5602 4.

303 5619 518 5695 (81-82;
561 5620 677 5695 γίε.
720 5619 892 5672 Patr.
934 5633 1025 5695 9.,
1061 5619 1112 5671 ς,

299 5685 410 5766 (85)
468 5685 575 5749 Vit.
609 5691 788 5746 Patr.
827 5703 903 5754 ιιι,
937 5685 989 5737 Ξ.

1951 4584 2282 4649 monachus,
2313 4585 2483 4641 instar
2520 4588 2946 4645 cherubinorum
2985 4601 3039 4648 et
3075 4596 3512 4666 seraphinorum,

1947 4680 2097 4729 totus
2121 4689 2243 4730 esse
2277 4678 2490 4734 oculus.

2020 4765 2109 4821 12.
2150 4766 2520 4825 Narraverunt
2550 4772 2761 4827 abbatis
2786 4773 3096 4832 Besarionis
3130 4776 3406 4851 discipuli,
3439 4781 3514 4836 ita

1951 4856 2120 4914 fuisse
2169 4860 2331 4914 vitam
2374 4861 2545 4927 illius,
2589 4865 3042 4931 quemadmodum
3084 4869 3314 4937 alicujus
3357 4875 3517 4929 aeriae

1951 4950 2097 5015 avis,
2156 4958 2251 5004 aut
2301 4951 2497 5022 piscis,
2551 4962 2644 5007 aut
2690 4956 2971 5012 terrestris
3016 4958 3299 5027 animalis;
3355 4978 3517 5017 omne

1949 5038 2094 5093 enim
2126 5039 2249 5093 vitae
2294 5055 2406 5095 sua:
2455 5050 2668 5112 tempus
2720 5044 2929 5116 absque
2969 5049 3217 5105 molestia
3268 5031 3322 5107 et
3371 5056 3518 5108 curis

1952 5130 2244 5201 peregisse.
2279 5129 2413 5185 Nam
2460 5148 2559 5187 nec
2586 5133 2782 5191 domus
2816 5151 2946 5192 cura
2983 5153 3077 5209 per
3119 5156 3243 5196 eum
3273 5142 3517 5211 agitaba~

1678 5334 1721 5369 ιθ
1751 5336 1833 5390 Al.
1879 5336 1972 5389 ἐπὶ
2038 5335 2286 5404 πλευρόν.
2367 5338 2405 5368 ¹¹
2449 5336 2531 5390 Al.
2607 5344 2880 5413 συγχωρεῖ
2935 5344 3068 5413 ἡμῖν
3115 5341 3511 5415 πολεμηθῖψαι.

2026 5539 2136 5609 (84)
2160 5540 2293 5609 App.
2331 5554 2381 5605 p.
2415 5539 2573 5603 1005,
2604 5555 2658 5593 η.
2691 5540 2779 5595 5‘2.

2025 5610 2136 5679 (85)
2179 5608 2283 5662 Vit.
2321 5609 2470 5664 Patr.
2507 5624 2584 5666 χι.
2620 5609 2669 5664 7.
