  <div class='ocr_page' id='page_1' title='image "/cluster/home/n/w/nwhite01/storage/ocr_20150623/65/mdp.39015008972203/077.png"; bbox 0 0 4034 6340; ppageno 0'>
   <div class='ocr_carea' id='block_1_1' title="bbox 534 356 638 410">
    <p class='ocr_par' dir='ltr' id='par_1_1' title="bbox 534 356 638 410">
     <span class='ocr_line' id='line_1_1' title="bbox 534 356 638 410; baseline 0.01 -1"><span class='ocrx_word' id='word_1_1' title='bbox 534 356 638 410; x_wconf 73' lang='lat' dir='ltr'><strong>H3</strong></span> 
     </span>
    </p>
   </div>
   <div class='ocr_carea' id='block_1_2' title="bbox 1656 336 2605 398">
    <p class='ocr_par' dir='ltr' id='par_1_2' title="bbox 1656 336 2605 398">
     <span class='ocr_line' id='line_1_2' title="bbox 1656 336 2605 398; baseline -0.001 -1"><span class='ocrx_word' id='word_1_2' title='bbox 1656 336 2002 397; x_wconf 70' lang='lat' dir='ltr'><strong>APPENDIX</strong></span> <span class='ocrx_word' id='word_1_3' title='bbox 2040 336 2130 393; x_wconf 79' lang='lat' dir='ltr'><strong>AD</strong></span> <span class='ocrx_word' id='word_1_4' title='bbox 2172 339 2393 396; x_wconf 79' lang='lat' dir='ltr'><strong>PALLA</strong></span> <span class='ocrx_word' id='word_1_5' title='bbox 2404 339 2605 398; x_wconf 75' lang='lat' dir='ltr'><strong>DIUM.</strong></span> 
     </span>
    </p>
   </div>
   <div class='ocr_carea' id='block_1_3' title="bbox 3687 340 3797 399">
    <p class='ocr_par' dir='ltr' id='par_1_3' title="bbox 3687 340 3797 399">
     <span class='ocr_line' id='line_1_3' title="bbox 3687 340 3797 399; baseline 0.018 -3"><span class='ocrx_word' id='word_1_6' title='bbox 3687 340 3797 399; x_wconf 72' lang='grc' dir='ltr'>ιιι</span> 
     </span>
    </p>
   </div>
   <div class='ocr_carea' id='block_1_4' title="bbox 534 460 2120 538">
    <p class='ocr_par' dir='ltr' id='par_1_4' title="bbox 534 461 2109 538">
     <span class='ocr_line' id='line_1_4' title="bbox 534 461 2109 538; baseline -0.01 -9"><span class='ocrx_word' id='word_1_7' title='bbox 534 487 648 538; x_wconf 87' lang='lat' dir='ltr'><strong>tur,</strong></span> <span class='ocrx_word' id='word_1_8' title='bbox 676 485 775 527; x_wconf 89' lang='lat' dir='ltr'><strong>nec</strong></span> <span class='ocrx_word' id='word_1_9' title='bbox 800 471 1045 526; x_wconf 84' lang='lat' dir='ltr'><strong>locorum</strong></span> <span class='ocrx_word' id='word_1_10' title='bbox 1086 468 1416 526; x_wconf 84' lang='lat' dir='ltr'><strong>desiderium</strong></span> <span class='ocrx_word' id='word_1_11' title='bbox 1448 465 1623 519; x_wconf 76' lang='lat' dir='ltr'><strong>visum</strong></span> <span class='ocrx_word' id='word_1_12' title='bbox 1651 470 1735 517; x_wconf 90' lang='lat' dir='ltr'><strong>est</strong></span> <span class='ocrx_word' id='word_1_13' title='bbox 1762 470 1947 517; x_wconf 89' lang='lat' dir='ltr'><strong>tenere</strong></span> <span class='ocrx_word' id='word_1_14' title='bbox 1985 461 2109 515; x_wconf 84' lang='lat' dir='ltr'><strong>ani-</strong></span> 
     </span>
    </p>
   </div>
   <div class='ocr_carea' id='block_1_5' title="bbox 2228 460 3795 538">
    <p class='ocr_par' dir='ltr' id='par_1_5' title="bbox 2228 460 3795 537">
     <span class='ocr_line' id='line_1_5' title="bbox 2228 460 3795 537; baseline 0.002 -23"><span class='ocrx_word' id='word_1_15' title='bbox 2228 462 2268 516; x_wconf 69' lang='grc' dir='ltr'>ιύ</span> <span class='ocrx_word' id='word_1_16' title='bbox 2286 463 2468 519; x_wconf 83' lang='grc' dir='ltr'>τόπων</span> <span class='ocrx_word' id='word_1_17' title='bbox 2482 462 2644 517; x_wconf 86' lang='grc' dir='ltr'>ἐπιθυ</span> <span class='ocrx_word' id='word_1_18' title='bbox 2652 463 2750 535; x_wconf 92' lang='grc' dir='ltr'><strong>μία</strong></span> <span class='ocrx_word' id='word_1_19' title='bbox 2764 463 3161 537; x_wconf 76' lang='grc' dir='ltr'><strong>κεκρατηκέναι</strong></span> <span class='ocrx_word' id='word_1_20' title='bbox 3184 460 3330 530; x_wconf 72' lang='grc' dir='ltr'>εδοξε</span> <span class='ocrx_word' id='word_1_21' title='bbox 3350 462 3450 533; x_wconf 79' lang='grc' dir='ltr'>τῆς</span> <span class='ocrx_word' id='word_1_22' title='bbox 3469 462 3663 517; x_wconf 87' lang='grc' dir='ltr'>τούτου</span> <span class='ocrx_word' id='word_1_23' title='bbox 3687 464 3795 533; x_wconf 75' lang='grc' dir='ltr'>ψυο</span> 
     </span>
    </p>
   </div>
   <div class='ocr_carea' id='block_1_6' title="bbox 538 551 2110 632">
    <p class='ocr_par' dir='ltr' id='par_1_6' title="bbox 538 551 2110 632">
     <span class='ocr_line' id='line_1_6' title="bbox 538 551 2110 632; baseline -0.011 -11"><span class='ocrx_word' id='word_1_24' title='bbox 538 578 688 621; x_wconf 90' lang='lat' dir='ltr'><strong>mum</strong></span> <span class='ocrx_word' id='word_1_25' title='bbox 715 562 911 632; x_wconf 80' lang='lat' dir='ltr'><strong>Ipsius,</strong></span> <span class='ocrx_word' id='word_1_26' title='bbox 939 575 1047 615; x_wconf 89' lang='lat' dir='ltr'><strong>non</strong></span> <span class='ocrx_word' id='word_1_27' title='bbox 1076 559 1299 615; x_wconf 91' lang='lat' dir='ltr'><strong>satietas</strong></span> <span class='ocrx_word' id='word_1_28' title='bbox 1321 554 1662 619; x_wconf 82' lang='lat' dir='ltr'><strong>deliciarum,</strong></span> <span class='ocrx_word' id='word_1_29' title='bbox 1693 568 1804 607; x_wconf 85' lang='lat' dir='ltr'><strong>non</strong></span> <span class='ocrx_word' id='word_1_30' title='bbox 1832 551 2110 622; x_wconf 80' lang='lat' dir='ltr'><strong>possessio</strong></span> 
     </span>
    </p>
   </div>
   <div class='ocr_carea' id='block_1_7' title="bbox 538 642 2111 717">
    <p class='ocr_par' dir='ltr' id='par_1_7' title="bbox 538 642 2111 717">
     <span class='ocr_line' id='line_1_7' title="bbox 538 642 2111 717; baseline -0.01 -6"><span class='ocrx_word' id='word_1_31' title='bbox 538 653 971 717; x_wconf 83' lang='lat' dir='ltr'><strong>domiciliorum,</strong></span> <span class='ocrx_word' id='word_1_32' title='bbox 1016 665 1125 705; x_wconf 89' lang='lat' dir='ltr'><strong>non</strong></span> <span class='ocrx_word' id='word_1_33' title='bbox 1169 648 1431 702; x_wconf 89' lang='lat' dir='ltr'><strong>librorum</strong></span> <span class='ocrx_word' id='word_1_34' title='bbox 1480 643 1960 708; x_wconf 84' lang='lat' dir='ltr'><strong>circumlationes;</strong></span> <span class='ocrx_word' id='word_1_35' title='bbox 2015 642 2111 697; x_wconf 86' lang='lat' dir='ltr'><strong>sed</strong></span> 
     </span>
    </p>
   </div>
   <div class='ocr_carea' id='block_1_8' title="bbox 539 733 2110 807">
    <p class='ocr_par' dir='ltr' id='par_1_8' title="bbox 539 733 2110 807">
     <span class='ocr_line' id='line_1_8' title="bbox 539 733 2110 807; baseline -0.01 -5"><span class='ocrx_word' id='word_1_36' title='bbox 539 753 687 802; x_wconf 89' lang='lat' dir='ltr'><strong>totus</strong></span> <span class='ocrx_word' id='word_1_37' title='bbox 726 744 946 798; x_wconf 87' lang='lat' dir='ltr'><strong>omnino</strong></span> <span class='ocrx_word' id='word_1_38' title='bbox 971 755 1000 793; x_wconf 90' lang='lat' dir='ltr'><strong>a</strong></span> <span class='ocrx_word' id='word_1_39' title='bbox 1032 736 1278 807; x_wconf 90' lang='lat' dir='ltr'><strong>corporis</strong></span> <span class='ocrx_word' id='word_1_40' title='bbox 1305 733 1591 791; x_wconf 72' lang='lat' dir='ltr'><strong>affectibus</strong></span> <span class='ocrx_word' id='word_1_41' title='bbox 1619 736 1756 789; x_wconf 85' lang='lat' dir='ltr'><strong>liber</strong></span> <span class='ocrx_word' id='word_1_42' title='bbox 1789 735 2110 805; x_wconf 85' lang='lat' dir='ltr'><strong>apparebat,</strong></span> 
     </span>
    </p>
   </div>
   <div class='ocr_carea' id='block_1_9' title="bbox 539 825 2110 902">
    <p class='ocr_par' dir='ltr' id='par_1_9' title="bbox 539 825 2110 902">
     <span class='ocr_line' id='line_1_9' title="bbox 539 825 2110 902; baseline -0.007 -11"><span class='ocrx_word' id='word_1_43' title='bbox 539 837 692 891; x_wconf 85' lang='lat' dir='ltr'><strong>alens</strong></span> <span class='ocrx_word' id='word_1_44' title='bbox 715 850 773 890; x_wconf 91' lang='lat' dir='ltr'><strong>se</strong></span> <span class='ocrx_word' id='word_1_45' title='bbox 812 848 908 902; x_wconf 75' lang='lat' dir='ltr'><strong>spe</strong></span> <span class='ocrx_word' id='word_1_46' title='bbox 948 830 1275 891; x_wconf 88' lang='lat' dir='ltr'><strong>futurorum,</strong></span> <span class='ocrx_word' id='word_1_47' title='bbox 1299 841 1363 881; x_wconf 87' lang='lat' dir='ltr'><strong>ac</strong></span> <span class='ocrx_word' id='word_1_48' title='bbox 1392 826 1517 881; x_wconf 83' lang='lat' dir='ltr'><strong>fidei</strong></span> <span class='ocrx_word' id='word_1_49' title='bbox 1540 827 1880 881; x_wconf 82' lang='lat' dir='ltr'><strong>munimento</strong></span> <span class='ocrx_word' id='word_1_50' title='bbox 1899 825 2110 888; x_wconf 84' lang='lat' dir='ltr'><strong>firmus,</strong></span> 
     </span>
    </p>
   </div>
   <div class='ocr_carea' id='block_1_10' title="bbox 540 915 2113 998">
    <p class='ocr_par' dir='ltr' id='par_1_10' title="bbox 540 915 2113 998">
     <span class='ocr_line' id='line_1_10' title="bbox 540 915 2113 998; baseline -0.008 -16"><span class='ocrx_word' id='word_1_51' title='bbox 540 927 808 998; x_wconf 79' lang='lat' dir='ltr'><strong>patienter</strong></span> <span class='ocrx_word' id='word_1_52' title='bbox 831 924 977 978; x_wconf 80' lang='lat' dir='ltr'><strong>velut</strong></span> <span class='ocrx_word' id='word_1_53' title='bbox 999 920 1249 991; x_wconf 77' lang='lat' dir='ltr'><strong>captivus</strong></span> <span class='ocrx_word' id='word_1_54' title='bbox 1282 919 1479 989; x_wconf 78' lang='lat' dir='ltr'><strong>agebat</strong></span> <span class='ocrx_word' id='word_1_55' title='bbox 1511 918 1619 972; x_wconf 83' lang='lat' dir='ltr'><strong>huc</strong></span> <span class='ocrx_word' id='word_1_56' title='bbox 1645 918 1903 988; x_wconf 83' lang='lat' dir='ltr'><strong>illucque,</strong></span> <span class='ocrx_word' id='word_1_57' title='bbox 1939 915 1994 970; x_wconf 91' lang='lat' dir='ltr'><strong>in</strong></span> <span class='ocrx_word' id='word_1_58' title='bbox 2019 915 2113 970; x_wconf 87' lang='lat' dir='ltr'><strong>fri-</strong></span> 
     </span>
    </p>
   </div>
   <div class='ocr_carea' id='block_1_11' title="bbox 537 1009 2114 1089">
    <p class='ocr_par' dir='ltr' id='par_1_11' title="bbox 537 1009 2114 1089">
     <span class='ocr_line' id='line_1_11' title="bbox 537 1009 2114 1089; baseline -0.008 -16"><span class='ocrx_word' id='word_1_59' title='bbox 537 1032 667 1089; x_wconf 88' lang='lat' dir='ltr'><strong>gore</strong></span> <span class='ocrx_word' id='word_1_60' title='bbox 696 1031 760 1071; x_wconf 80' lang='lat' dir='ltr'><strong>ac</strong></span> <span class='ocrx_word' id='word_1_61' title='bbox 799 1015 1044 1070; x_wconf 76' lang='lat' dir='ltr'><strong>nuditate</strong></span> <span class='ocrx_word' id='word_1_62' title='bbox 1079 1025 1463 1084; x_wconf 76' lang='lat' dir='ltr'><strong>perseverans,</strong></span> <span class='ocrx_word' id='word_1_63' title='bbox 1498 1017 1553 1065; x_wconf 84' lang='lat' dir='ltr'><strong>et</strong></span> <span class='ocrx_word' id='word_1_64' title='bbox 1597 1009 1729 1064; x_wconf 90' lang='lat' dir='ltr'><strong>solis</strong></span> <span class='ocrx_word' id='word_1_65' title='bbox 1758 1009 1953 1063; x_wconf 83' lang='lat' dir='ltr'><strong>ardore</strong></span> <span class='ocrx_word' id='word_1_66' title='bbox 1981 1022 2114 1062; x_wconf 67' lang='lat' dir='ltr'><strong>eau-</strong></span> 
     </span>
    </p>
   </div>
   <div class='ocr_carea' id='block_1_12' title="bbox 539 1098 2115 1174">
    <p class='ocr_par' dir='ltr' id='par_1_12' title="bbox 539 1098 2115 1174">
     <span class='ocr_line' id='line_1_12' title="bbox 539 1098 2115 1174; baseline -0.01 -9"><span class='ocrx_word' id='word_1_67' title='bbox 539 1115 681 1169; x_wconf 89' lang='lat' dir='ltr'><strong>stus,</strong></span> <span class='ocrx_word' id='word_1_68' title='bbox 727 1107 829 1162; x_wconf 87' lang='lat' dir='ltr'><strong>sub</strong></span> <span class='ocrx_word' id='word_1_69' title='bbox 872 1105 963 1159; x_wconf 88' lang='lat' dir='ltr'><strong>dio</strong></span> <span class='ocrx_word' id='word_1_70' title='bbox 1011 1119 1267 1174; x_wconf 83' lang='lat' dir='ltr'><strong>semper;</strong></span> <span class='ocrx_word' id='word_1_71' title='bbox 1319 1102 1375 1157; x_wconf 88' lang='lat' dir='ltr'><strong>in</strong></span> <span class='ocrx_word' id='word_1_72' title='bbox 1413 1099 1728 1172; x_wconf 72' lang='lat' dir='ltr'><strong>praecipitiis</strong></span> <span class='ocrx_word' id='word_1_73' title='bbox 1763 1098 2115 1153; x_wconf 83' lang='lat' dir='ltr'><strong>solitudinum</strong></span> 
     </span>
    </p>
   </div>
   <div class='ocr_carea' id='block_1_13' title="bbox 540 1191 2118 1266">
    <p class='ocr_par' dir='ltr' id='par_1_13' title="bbox 540 1191 2118 1266">
     <span class='ocr_line' id='line_1_13' title="bbox 540 1191 2118 1266; baseline -0.007 -15"><span class='ocrx_word' id='word_1_74' title='bbox 540 1214 599 1252; x_wconf 89' lang='lat' dir='ltr'><strong>se</strong></span> <span class='ocrx_word' id='word_1_75' title='bbox 646 1205 903 1266; x_wconf 88' lang='lat' dir='ltr'><strong>tanquam</strong></span> <span class='ocrx_word' id='word_1_76' title='bbox 953 1208 1205 1249; x_wconf 82' lang='lat' dir='ltr'><strong>erronem</strong></span> <span class='ocrx_word' id='word_1_77' title='bbox 1253 1191 1527 1261; x_wconf 81' lang='lat' dir='ltr'><strong>deﬁgens,</strong></span> <span class='ocrx_word' id='word_1_78' title='bbox 1568 1197 1623 1245; x_wconf 90' lang='lat' dir='ltr'><strong>et</strong></span> <span class='ocrx_word' id='word_1_79' title='bbox 1681 1197 1874 1259; x_wconf 89' lang='lat' dir='ltr'><strong>sponte</strong></span> <span class='ocrx_word' id='word_1_80' title='bbox 1921 1202 2118 1259; x_wconf 77' lang='lat' dir='ltr'><strong>passus</strong></span> 
     </span>
    </p>
   </div>
   <div class='ocr_carea' id='block_1_14' title="bbox 539 1277 2118 1357">
    <p class='ocr_par' dir='ltr' id='par_1_14' title="bbox 539 1277 2118 1357">
     <span class='ocr_line' id='line_1_14' title="bbox 539 1277 2118 1357; baseline -0.006 -16"><span class='ocrx_word' id='word_1_81' title='bbox 539 1299 912 1357; x_wconf 64' lang='lat' dir='ltr'><strong>stepcnumero</strong></span> <span class='ocrx_word' id='word_1_82' title='bbox 940 1299 1001 1339; x_wconf 91' lang='lat' dir='ltr'><strong>se</strong></span> <span class='ocrx_word' id='word_1_83' title='bbox 1038 1283 1093 1337; x_wconf 93' lang='lat' dir='ltr'><strong>in</strong></span> <span class='ocrx_word' id='word_1_84' title='bbox 1121 1283 1227 1336; x_wconf 89' lang='lat' dir='ltr'><strong>lata</strong></span> <span class='ocrx_word' id='word_1_85' title='bbox 1260 1296 1326 1336; x_wconf 80' lang='lat' dir='ltr'><strong>ae</strong></span> <span class='ocrx_word' id='word_1_86' title='bbox 1352 1281 1657 1336; x_wconf 84' lang='lat' dir='ltr'><strong>inbabitata</strong></span> <span class='ocrx_word' id='word_1_87' title='bbox 1684 1293 1864 1333; x_wconf 84' lang='lat' dir='ltr'><strong>arenae</strong></span> <span class='ocrx_word' id='word_1_88' title='bbox 1896 1277 2118 1346; x_wconf 81' lang='lat' dir='ltr'><strong>regione</strong></span> 
     </span>
    </p>
   </div>
   <div class='ocr_carea' id='block_1_15' title="bbox 541 1368 2118 1446">
    <p class='ocr_par' dir='ltr' id='par_1_15' title="bbox 541 1368 2118 1446">
     <span class='ocr_line' id='line_1_15' title="bbox 541 1368 2118 1446; baseline -0.006 -14"><span class='ocrx_word' id='word_1_89' title='bbox 541 1378 686 1433; x_wconf 77' lang='lat' dir='ltr'><strong>velut</strong></span> <span class='ocrx_word' id='word_1_90' title='bbox 714 1376 768 1430; x_wconf 91' lang='lat' dir='ltr'><strong>in</strong></span> <span class='ocrx_word' id='word_1_91' title='bbox 803 1376 991 1446; x_wconf 81' lang='lat' dir='ltr'><strong>pelago</strong></span> <span class='ocrx_word' id='word_1_92' title='bbox 1016 1373 1172 1429; x_wconf 83' lang='lat' dir='ltr'><strong>ferri.</strong></span> <span class='ocrx_word' id='word_1_93' title='bbox 1205 1371 1361 1440; x_wconf 82' lang='lat' dir='ltr'><strong>Quod</strong></span> <span class='ocrx_word' id='word_1_94' title='bbox 1406 1371 1454 1427; x_wconf 93' lang='lat' dir='ltr'><strong>si</strong></span> <span class='ocrx_word' id='word_1_95' title='bbox 1477 1371 1795 1440; x_wconf 87' lang='lat' dir='ltr'><strong>contigisset</strong></span> <span class='ocrx_word' id='word_1_96' title='bbox 1821 1375 1880 1422; x_wconf 88' lang='lat' dir='ltr'><strong>ut</strong></span> <span class='ocrx_word' id='word_1_97' title='bbox 1906 1369 1972 1423; x_wconf 89' lang='lat' dir='ltr'><strong>ad</strong></span> <span class='ocrx_word' id='word_1_98' title='bbox 2000 1368 2118 1422; x_wconf 88' lang='lat' dir='ltr'><strong>loca</strong></span> 
     </span>
    </p>
   </div>
   <div class='ocr_carea' id='block_1_16' title="bbox 543 1459 2120 1535">
    <p class='ocr_par' dir='ltr' id='par_1_16' title="bbox 543 1459 2120 1535">
     <span class='ocr_line' id='line_1_16' title="bbox 543 1459 2120 1535; baseline -0.008 -10"><span class='ocrx_word' id='word_1_99' title='bbox 543 1468 761 1525; x_wconf 86' lang='lat' dir='ltr'><strong>mitiora</strong></span> <span class='ocrx_word' id='word_1_100' title='bbox 793 1468 1027 1532; x_wconf 63' lang='lat' dir='ltr'><strong>veniret,</strong></span> <span class='ocrx_word' id='word_1_101' title='bbox 1058 1466 1114 1520; x_wconf 83' lang='lat' dir='ltr'><strong>in</strong></span> <span class='ocrx_word' id='word_1_102' title='bbox 1147 1465 1348 1535; x_wconf 84' lang='lat' dir='ltr'><strong>quibus</strong></span> <span class='ocrx_word' id='word_1_103' title='bbox 1380 1476 1725 1518; x_wconf 82' lang='lat' dir='ltr'><strong>communem</strong></span> <span class='ocrx_word' id='word_1_104' title='bbox 1754 1459 2120 1514; x_wconf 86' lang='lat' dir='ltr'><strong>consimilem-</strong></span> 
     </span>
    </p>
   </div>
   <div class='ocr_carea' id='block_1_17' title="bbox 542 1550 2119 1633">
    <p class='ocr_par' dir='ltr' id='par_1_17' title="bbox 542 1550 2119 1633">
     <span class='ocr_line' id='line_1_17' title="bbox 542 1550 2119 1633; baseline -0.008 -16"><span class='ocrx_word' id='word_1_105' title='bbox 542 1577 648 1633; x_wconf 88' lang='lat' dir='ltr'><strong>que</strong></span> <span class='ocrx_word' id='word_1_106' title='bbox 690 1562 856 1615; x_wconf 71' lang='lat' dir='ltr'><strong>vitam</strong></span> <span class='ocrx_word' id='word_1_107' title='bbox 898 1559 1106 1614; x_wconf 90' lang='lat' dir='ltr'><strong>ducunt</strong></span> <span class='ocrx_word' id='word_1_108' title='bbox 1156 1555 1445 1619; x_wconf 82' lang='lat' dir='ltr'><strong>monachi,</strong></span> <span class='ocrx_word' id='word_1_109' title='bbox 1502 1561 1655 1609; x_wconf 80' lang='lat' dir='ltr'><strong>extra</strong></span> <span class='ocrx_word' id='word_1_110' title='bbox 1694 1558 1881 1623; x_wconf 88' lang='lat' dir='ltr'><strong>portas</strong></span> <span class='ocrx_word' id='word_1_111' title='bbox 1924 1550 2119 1605; x_wconf 87' lang='lat' dir='ltr'><strong>sedens</strong></span> 
     </span>
    </p>
   </div>
   <div class='ocr_carea' id='block_1_18' title="bbox 542 1640 2120 1724">
    <p class='ocr_par' dir='ltr' id='par_1_18' title="bbox 542 1640 2120 1724">
     <span class='ocr_line' id='line_1_18' title="bbox 542 1640 2120 1724; baseline -0.007 -18"><span class='ocrx_word' id='word_1_112' title='bbox 542 1651 821 1724; x_wconf 83' lang='lat' dir='ltr'><strong>plorabat,</strong></span> <span class='ocrx_word' id='word_1_113' title='bbox 857 1657 911 1705; x_wconf 90' lang='lat' dir='ltr'><strong>et</strong></span> <span class='ocrx_word' id='word_1_114' title='bbox 955 1650 1102 1705; x_wconf 80' lang='lat' dir='ltr'><strong>velut</strong></span> <span class='ocrx_word' id='word_1_115' title='bbox 1148 1644 1448 1716; x_wconf 77' lang='lat' dir='ltr'><strong>naufragus</strong></span> <span class='ocrx_word' id='word_1_116' title='bbox 1496 1645 1551 1698; x_wconf 90' lang='lat' dir='ltr'><strong>in</strong></span> <span class='ocrx_word' id='word_1_117' title='bbox 1598 1651 1799 1698; x_wconf 89' lang='lat' dir='ltr'><strong>terram</strong></span> <span class='ocrx_word' id='word_1_118' title='bbox 1842 1640 2120 1712; x_wconf 72' lang='lat' dir='ltr'><strong>proiectus</strong></span> 
     </span>
    </p>
   </div>
   <div class='ocr_carea' id='block_1_19' title="bbox 545 1732 2120 1807">
    <p class='ocr_par' dir='ltr' id='par_1_19' title="bbox 545 1732 2120 1807">
     <span class='ocr_line' id='line_1_19' title="bbox 545 1732 2120 1807; baseline -0.007 -11"><span class='ocrx_word' id='word_1_119' title='bbox 545 1740 961 1796; x_wconf 80' lang='lat' dir='ltr'><strong>lamentabatur.</strong></span> <span class='ocrx_word' id='word_1_120' title='bbox 1014 1738 1244 1804; x_wconf 83' lang='lat' dir='ltr'><strong>Postea,</strong></span> <span class='ocrx_word' id='word_1_121' title='bbox 1298 1736 1344 1792; x_wconf 87' lang='lat' dir='ltr'><strong>si</strong></span> <span class='ocrx_word' id='word_1_122' title='bbox 1396 1735 1524 1807; x_wconf 87' lang='lat' dir='ltr'><strong>quis</strong></span> <span class='ocrx_word' id='word_1_123' title='bbox 1577 1732 1810 1788; x_wconf 87' lang='lat' dir='ltr'><strong>fratrum</strong></span> <span class='ocrx_word' id='word_1_124' title='bbox 1862 1744 2120 1802; x_wconf 88' lang='lat' dir='ltr'><strong>egressus</strong></span> 
     </span>
    </p>
   </div>
   <div class='ocr_carea' id='block_1_20' title="bbox 545 1822 2115 1905">
    <p class='ocr_par' dir='ltr' id='par_1_20' title="bbox 545 1822 2115 1905">
     <span class='ocr_line' id='line_1_20' title="bbox 545 1822 2115 1905; baseline -0.008 -19"><span class='ocrx_word' id='word_1_125' title='bbox 545 1832 845 1887; x_wconf 73' lang='lat' dir='ltr'><strong>invenisset</strong></span> <span class='ocrx_word' id='word_1_126' title='bbox 908 1846 1035 1885; x_wconf 89' lang='lat' dir='ltr'><strong>eum</strong></span> <span class='ocrx_word' id='word_1_127' title='bbox 1097 1838 1355 1897; x_wconf 80' lang='lat' dir='ltr'><strong>tanquam</strong></span> <span class='ocrx_word' id='word_1_128' title='bbox 1434 1824 1747 1880; x_wconf 84' lang='lat' dir='ltr'><strong>mendicum</strong></span> <span class='ocrx_word' id='word_1_129' title='bbox 1806 1822 2115 1905; x_wconf 80' lang='lat' dir='ltr'><strong>sedentem,</strong></span> 
     </span>
    </p>
   </div>
   <div class='ocr_carea' id='block_1_21' title="bbox 543 1914 2115 1990">
    <p class='ocr_par' dir='ltr' id='par_1_21' title="bbox 543 1914 2115 1990">
     <span class='ocr_line' id='line_1_21' title="bbox 543 1914 2115 1990; baseline -0.008 -12"><span class='ocrx_word' id='word_1_130' title='bbox 543 1925 693 1979; x_wconf 77' lang='lat' dir='ltr'><strong>velut</strong></span> <span class='ocrx_word' id='word_1_131' title='bbox 743 1937 912 1976; x_wconf 86' lang='lat' dir='ltr'><strong>unum</strong></span> <span class='ocrx_word' id='word_1_132' title='bbox 965 1920 1151 1976; x_wconf 67' lang='lat' dir='ltr'><strong>seaculi</strong></span> <span class='ocrx_word' id='word_1_133' title='bbox 1205 1933 1519 1990; x_wconf 85' lang='lat' dir='ltr'><strong>pauperem,</strong></span> <span class='ocrx_word' id='word_1_134' title='bbox 1549 1924 1602 1971; x_wconf 90' lang='lat' dir='ltr'><strong>et</strong></span> <span class='ocrx_word' id='word_1_135' title='bbox 1647 1914 2115 1986; x_wconf 84' lang='lat' dir='ltr'><strong>appropinquans,</strong></span> 
     </span>
    </p>
   </div>
   <div class='ocr_carea' id='block_1_22' title="bbox 544 2002 2118 2076">
    <p class='ocr_par' dir='ltr' id='par_1_22' title="bbox 544 2002 2118 2076">
     <span class='ocr_line' id='line_1_22' title="bbox 544 2002 2118 2076; baseline -0.008 -7"><span class='ocrx_word' id='word_1_136' title='bbox 544 2014 776 2071; x_wconf 79' lang='lat' dir='ltr'><strong>dixisset</strong></span> <span class='ocrx_word' id='word_1_137' title='bbox 821 2028 890 2068; x_wconf 76' lang='lat' dir='ltr'><strong>ex</strong></span> <span class='ocrx_word' id='word_1_138' title='bbox 942 2010 1318 2067; x_wconf 84' lang='lat' dir='ltr'><strong>misericordia</strong></span> <span class='ocrx_word' id='word_1_139' title='bbox 1351 2027 1365 2065; x_wconf 90' lang='lat'><strong>:</strong></span> <span class='ocrx_word' id='word_1_140' title='bbox 1399 2008 1602 2073; x_wconf 83' lang='lat' dir='ltr'><strong>Homo,</strong></span> <span class='ocrx_word' id='word_1_141' title='bbox 1653 2007 1784 2076; x_wconf 88' lang='lat' dir='ltr'><strong>quid</strong></span> <span class='ocrx_word' id='word_1_142' title='bbox 1818 2004 2041 2076; x_wconf 84' lang='lat' dir='ltr'><strong>ploras?</strong></span> <span class='ocrx_word' id='word_1_143' title='bbox 2070 2002 2118 2059; x_wconf 90' lang='lat' dir='ltr'><strong>si</strong></span> 
     </span>
    </p>
   </div>
   <div class='ocr_carea' id='block_1_23' title="bbox 542 2095 2118 2173">
    <p class='ocr_par' dir='ltr' id='par_1_23' title="bbox 542 2095 2118 2173">
     <span class='ocr_line' id='line_1_23' title="bbox 542 2095 2118 2173; baseline -0.006 -14"><span class='ocrx_word' id='word_1_144' title='bbox 542 2104 776 2173; x_wconf 84' lang='lat' dir='ltr'><strong>alicujus</strong></span> <span class='ocrx_word' id='word_1_145' title='bbox 820 2103 899 2157; x_wconf 88' lang='lat' dir='ltr'><strong>rei</strong></span> <span class='ocrx_word' id='word_1_146' title='bbox 946 2100 1272 2157; x_wconf 73' lang='lat' dir='ltr'><strong>necessaria:</strong></span> <span class='ocrx_word' id='word_1_147' title='bbox 1314 2112 1473 2170; x_wconf 84' lang='lat' dir='ltr'><strong>eges,</strong></span> <span class='ocrx_word' id='word_1_148' title='bbox 1515 2105 1782 2168; x_wconf 85' lang='lat' dir='ltr'><strong>quantum</strong></span> <span class='ocrx_word' id='word_1_149' title='bbox 1819 2095 2118 2165; x_wconf 80' lang='lat' dir='ltr'><strong>poterimus</strong></span> 
     </span>
    </p>
   </div>
   <div class='ocr_carea' id='block_1_24' title="bbox 544 2184 2120 2264">
    <p class='ocr_par' dir='ltr' id='par_1_24' title="bbox 544 2184 2120 2264">
     <span class='ocr_line' id='line_1_24' title="bbox 544 2184 2120 2264; baseline -0.006 -16"><span class='ocrx_word' id='word_1_150' title='bbox 544 2194 820 2264; x_wconf 85' lang='lat' dir='ltr'><strong>accipies;</strong></span> <span class='ocrx_word' id='word_1_151' title='bbox 868 2199 1079 2245; x_wconf 86' lang='lat' dir='ltr'><strong>tantum</strong></span> <span class='ocrx_word' id='word_1_152' title='bbox 1128 2189 1314 2253; x_wconf 83' lang='lat' dir='ltr'><strong>introi,</strong></span> <span class='ocrx_word' id='word_1_153' title='bbox 1354 2189 1639 2249; x_wconf 83' lang='lat' dir='ltr'><strong>nobiscum</strong></span> <span class='ocrx_word' id='word_1_154' title='bbox 1691 2200 1937 2241; x_wconf 89' lang='lat' dir='ltr'><strong>mensam</strong></span> <span class='ocrx_word' id='word_1_155' title='bbox 1981 2184 2120 2239; x_wconf 84' lang='lat' dir='ltr'><strong>habe</strong></span> 
     </span>
    </p>
   </div>
   <div class='ocr_carea' id='block_1_25' title="bbox 542 2278 2117 2349">
    <p class='ocr_par' dir='ltr' id='par_1_25' title="bbox 542 2278 2117 2349">
     <span class='ocr_line' id='line_1_25' title="bbox 542 2278 2117 2349; baseline -0.005 -10"><span class='ocrx_word' id='word_1_156' title='bbox 542 2299 829 2340; x_wconf 76' lang='lat' dir='ltr'><strong>commune</strong></span> <span class='ocrx_word' id='word_1_157' title='bbox 837 2298 911 2345; x_wconf 89' lang='lat' dir='ltr'><strong>m,</strong></span> <span class='ocrx_word' id='word_1_158' title='bbox 926 2282 1089 2337; x_wconf 84' lang='lat' dir='ltr'><strong>refice</strong></span> <span class='ocrx_word' id='word_1_159' title='bbox 1104 2288 1159 2337; x_wconf 86' lang='lat' dir='ltr'><strong>te</strong></span> <span class='ocrx_word' id='word_1_160' title='bbox 1175 2300 1189 2334; x_wconf 90' lang='lat'><strong>:</strong></span> <span class='ocrx_word' id='word_1_161' title='bbox 1208 2287 1338 2334; x_wconf 91' lang='lat' dir='ltr'><strong>tunc</strong></span> <span class='ocrx_word' id='word_1_162' title='bbox 1356 2279 1446 2334; x_wconf 84' lang='lat' dir='ltr'><strong>ille</strong></span> <span class='ocrx_word' id='word_1_163' title='bbox 1460 2278 1846 2349; x_wconf 78' lang='lat' dir='ltr'><strong>respondebat,</strong></span> <span class='ocrx_word' id='word_1_164' title='bbox 1865 2291 1973 2331; x_wconf 91' lang='lat' dir='ltr'><strong>non</strong></span> <span class='ocrx_word' id='word_1_165' title='bbox 1990 2290 2117 2347; x_wconf 83' lang='lat' dir='ltr'><strong>pos-</strong></span> 
     </span>
    </p>
   </div>
   <div class='ocr_carea' id='block_1_26' title="bbox 544 2370 2120 2438">
    <p class='ocr_par' dir='ltr' id='par_1_26' title="bbox 544 2370 2120 2438">
     <span class='ocr_line' id='line_1_26' title="bbox 544 2370 2120 2438; baseline -0.006 -7"><span class='ocrx_word' id='word_1_166' title='bbox 544 2392 605 2431; x_wconf 86' lang='lat' dir='ltr'><strong>se</strong></span> <span class='ocrx_word' id='word_1_167' title='bbox 628 2390 688 2431; x_wconf 89' lang='lat' dir='ltr'><strong>se</strong></span> <span class='ocrx_word' id='word_1_168' title='bbox 708 2376 811 2430; x_wconf 88' lang='lat' dir='ltr'><strong>sub</strong></span> <span class='ocrx_word' id='word_1_169' title='bbox 838 2382 985 2430; x_wconf 88' lang='lat' dir='ltr'><strong>tecto</strong></span> <span class='ocrx_word' id='word_1_170' title='bbox 1005 2388 1243 2438; x_wconf 84' lang='lat' dir='ltr'><strong>manere,</strong></span> <span class='ocrx_word' id='word_1_171' title='bbox 1273 2372 1447 2427; x_wconf 88' lang='lat' dir='ltr'><strong>donec</strong></span> <span class='ocrx_word' id='word_1_172' title='bbox 1467 2371 1762 2426; x_wconf 80' lang='lat' dir='ltr'><strong>invenisset</strong></span> <span class='ocrx_word' id='word_1_173' title='bbox 1789 2370 1987 2425; x_wconf 84' lang='lat' dir='ltr'><strong>domus</strong></span> <span class='ocrx_word' id='word_1_174' title='bbox 2006 2383 2120 2425; x_wconf 67' lang='lat' dir='ltr'><strong>sua:</strong></span> 
     </span>
    </p>
   </div>
   <div class='ocr_carea' id='block_1_27' title="bbox 545 2460 2119 2532">
    <p class='ocr_par' dir='ltr' id='par_1_27' title="bbox 545 2460 2119 2532">
     <span class='ocr_line' id='line_1_27' title="bbox 545 2460 2119 2532; baseline -0.005 -9"><span class='ocrx_word' id='word_1_175' title='bbox 545 2482 655 2532; x_wconf 88' lang='lat' dir='ltr'><strong>res,</strong></span> <span class='ocrx_word' id='word_1_176' title='bbox 693 2467 847 2520; x_wconf 84' lang='lat' dir='ltr'><strong>aiens</strong></span> <span class='ocrx_word' id='word_1_177' title='bbox 880 2479 911 2518; x_wconf 89' lang='lat' dir='ltr'><strong>a</strong></span> <span class='ocrx_word' id='word_1_178' title='bbox 940 2479 1002 2519; x_wconf 90' lang='lat' dir='ltr'><strong>se</strong></span> <span class='ocrx_word' id='word_1_179' title='bbox 1034 2464 1203 2519; x_wconf 78' lang='lat' dir='ltr'><strong>variis</strong></span> <span class='ocrx_word' id='word_1_180' title='bbox 1236 2463 1413 2518; x_wconf 90' lang='lat' dir='ltr'><strong>modis</strong></span> <span class='ocrx_word' id='word_1_181' title='bbox 1447 2462 1648 2516; x_wconf 86' lang='lat' dir='ltr'><strong>multas</strong></span> <span class='ocrx_word' id='word_1_182' title='bbox 1683 2462 1915 2517; x_wconf 86' lang='lat' dir='ltr'><strong>amissas</strong></span> <span class='ocrx_word' id='word_1_183' title='bbox 1948 2460 2119 2516; x_wconf 87' lang='lat' dir='ltr'><strong>fuisse</strong></span> 
     </span>
    </p>
   </div>
   <div class='ocr_carea' id='block_1_28' title="bbox 543 2554 2118 2630">
    <p class='ocr_par' dir='ltr' id='par_1_28' title="bbox 543 2554 2118 2630">
     <span class='ocr_line' id='line_1_28' title="bbox 543 2554 2118 2630; baseline -0.005 -14"><span class='ocrx_word' id='word_1_184' title='bbox 543 2574 697 2630; x_wconf 86' lang='lat' dir='ltr'><strong>opes.</strong></span> <span class='ocrx_word' id='word_1_185' title='bbox 730 2557 943 2612; x_wconf 90' lang='lat' dir='ltr'><strong>Etenim</strong></span> <span class='ocrx_word' id='word_1_186' title='bbox 974 2557 1027 2610; x_wconf 93' lang='lat' dir='ltr'><strong>in</strong></span> <span class='ocrx_word' id='word_1_187' title='bbox 1058 2556 1264 2626; x_wconf 85' lang='lat' dir='ltr'><strong>piratas</strong></span> <span class='ocrx_word' id='word_1_188' title='bbox 1308 2555 1511 2619; x_wconf 87' lang='lat' dir='ltr'><strong>incidi,</strong></span> <span class='ocrx_word' id='word_1_189' title='bbox 1541 2554 1888 2625; x_wconf 81' lang='lat' dir='ltr'><strong>naufragium</strong></span> <span class='ocrx_word' id='word_1_190' title='bbox 1920 2570 2118 2630; x_wconf 80' lang='lat' dir='ltr'><strong>passus</strong></span> 
     </span>
    </p>
   </div>
   <div class='ocr_carea' id='block_1_29' title="bbox 545 2628 2121 2719">
    <p class='ocr_par' dir='ltr' id='par_1_29' title="bbox 545 2628 2121 2719">
     <span class='ocr_line' id='line_1_29' title="bbox 545 2628 2121 2719; baseline -0.003 -14"><span class='ocrx_word' id='word_1_191' title='bbox 545 2628 705 2718; x_wconf 79' lang='lat' dir='ltr'><strong>sum;</strong></span> <span class='ocrx_word' id='word_1_192' title='bbox 740 2662 772 2702; x_wconf 88' lang='lat' dir='ltr'><strong>a</strong></span> <span class='ocrx_word' id='word_1_193' title='bbox 824 2647 1116 2718; x_wconf 89' lang='lat' dir='ltr'><strong>splendore</strong></span> <span class='ocrx_word' id='word_1_194' title='bbox 1164 2647 1380 2717; x_wconf 83' lang='lat' dir='ltr'><strong>generis</strong></span> <span class='ocrx_word' id='word_1_195' title='bbox 1432 2648 1541 2701; x_wconf 90' lang='lat' dir='ltr'><strong>mei</strong></span> <span class='ocrx_word' id='word_1_196' title='bbox 1598 2646 1807 2713; x_wconf 88' lang='lat' dir='ltr'><strong>decidi,</strong></span> <span class='ocrx_word' id='word_1_197' title='bbox 1866 2628 2121 2719; x_wconf 76' lang='lat' dir='ltr'><strong>ignobilis</strong></span> 
     </span>
    </p>
   </div>
   <div class='ocr_carea' id='block_1_30' title="bbox 545 2738 2119 2811">
    <p class='ocr_par' dir='ltr' id='par_1_30' title="bbox 545 2738 2119 2811">
     <span class='ocr_line' id='line_1_30' title="bbox 545 2738 2119 2811; baseline -0.002 -16"><span class='ocrx_word' id='word_1_198' title='bbox 545 2741 725 2797; x_wconf 88' lang='lat' dir='ltr'><strong>factus</strong></span> <span class='ocrx_word' id='word_1_199' title='bbox 773 2741 866 2811; x_wconf 90' lang='lat' dir='ltr'><strong>qui</strong></span> <span class='ocrx_word' id='word_1_200' title='bbox 917 2741 1059 2794; x_wconf 86' lang='lat' dir='ltr'><strong>inter</strong></span> <span class='ocrx_word' id='word_1_201' title='bbox 1104 2740 1316 2794; x_wconf 81' lang='lat' dir='ltr'><strong>nobiles</strong></span> <span class='ocrx_word' id='word_1_202' title='bbox 1366 2741 1650 2795; x_wconf 88' lang='lat' dir='ltr'><strong>censebar.</strong></span> <span class='ocrx_word' id='word_1_203' title='bbox 1687 2738 1879 2795; x_wconf 86' lang='lat' dir='ltr'><strong>Frater</strong></span> <span class='ocrx_word' id='word_1_204' title='bbox 1910 2755 2037 2794; x_wconf 83' lang='lat' dir='ltr'><strong>vero</strong></span> <span class='ocrx_word' id='word_1_205' title='bbox 2071 2739 2119 2795; x_wconf 90' lang='lat' dir='ltr'><strong>si</strong></span> 
     </span>
    </p>
   </div>
   <div class='ocr_carea' id='block_1_31' title="bbox 541 2830 2119 2901">
    <p class='ocr_par' dir='ltr' id='par_1_31' title="bbox 541 2830 2119 2901">
     <span class='ocr_line' id='line_1_31' title="bbox 541 2830 2119 2901; baseline -0.001 -14"><span class='ocrx_word' id='word_1_206' title='bbox 541 2833 614 2888; x_wconf 86' lang='lat' dir='ltr'><strong>ad</strong></span> <span class='ocrx_word' id='word_1_207' title='bbox 665 2832 719 2887; x_wconf 90' lang='lat' dir='ltr'><strong>id</strong></span> <span class='ocrx_word' id='word_1_208' title='bbox 745 2832 1013 2887; x_wconf 84' lang='lat' dir='ltr'><strong>sermonis</strong></span> <span class='ocrx_word' id='word_1_209' title='bbox 1061 2830 1427 2895; x_wconf 88' lang='lat' dir='ltr'><strong>lamentatus,</strong></span> <span class='ocrx_word' id='word_1_210' title='bbox 1465 2831 1806 2901; x_wconf 85' lang='lat' dir='ltr'><strong>ingrediens,</strong></span> <span class='ocrx_word' id='word_1_211' title='bbox 1839 2839 2119 2901; x_wconf 89' lang='lat' dir='ltr'><strong>sumptum</strong></span> 
     </span>
    </p>
   </div>
   <div class='ocr_carea' id='block_1_32' title="bbox 544 2920 2117 2992">
    <p class='ocr_par' dir='ltr' id='par_1_32' title="bbox 544 2920 2117 2992">
     <span class='ocr_line' id='line_1_32' title="bbox 544 2920 2117 2992; baseline -0.001 -14"><span class='ocrx_word' id='word_1_212' title='bbox 544 2923 780 2978; x_wconf 77' lang='lat' dir='ltr'><strong>frustum</strong></span> <span class='ocrx_word' id='word_1_213' title='bbox 822 2923 981 2992; x_wconf 91' lang='lat' dir='ltr'><strong>panis</strong></span> <span class='ocrx_word' id='word_1_214' title='bbox 1015 2920 1354 2985; x_wconf 90' lang='lat' dir='ltr'><strong>tradidisset,</strong></span> <span class='ocrx_word' id='word_1_215' title='bbox 1381 2920 1568 2975; x_wconf 90' lang='lat' dir='ltr'><strong>dicens</strong></span> <span class='ocrx_word' id='word_1_216' title='bbox 1600 2940 1614 2975; x_wconf 91' lang='lat'><strong>:</strong></span> <span class='ocrx_word' id='word_1_217' title='bbox 1648 2920 1880 2991; x_wconf 85' lang='lat' dir='ltr'><strong>Accipe,</strong></span> <span class='ocrx_word' id='word_1_218' title='bbox 1917 2928 2071 2992; x_wconf 87' lang='lat' dir='ltr'><strong>pater</strong></span> <span class='ocrx_word' id='word_1_219' title='bbox 2103 2940 2117 2976; x_wconf 90' lang='lat'><strong>:</strong></span> 
     </span>
    </p>
   </div>
   <div class='ocr_carea' id='block_1_33' title="bbox 540 3009 2124 3084">
    <p class='ocr_par' dir='ltr' id='par_1_33' title="bbox 540 3009 2124 3084">
     <span class='ocr_line' id='line_1_33' title="bbox 540 3009 2124 3084; baseline -0.002 -16"><span class='ocrx_word' id='word_1_220' title='bbox 540 3020 745 3068; x_wconf 60' lang='lat' dir='ltr'><strong>caetera</strong></span> <span class='ocrx_word' id='word_1_221' title='bbox 786 3013 885 3066; x_wconf 84' lang='lat' dir='ltr'><strong>tibi</strong></span> <span class='ocrx_word' id='word_1_222' title='bbox 920 3011 1086 3077; x_wconf 86' lang='lat' dir='ltr'><strong>Deus,</strong></span> <span class='ocrx_word' id='word_1_223' title='bbox 1123 3009 1578 3081; x_wconf 86' lang='lat' dir='ltr'><strong>quemadmodum</strong></span> <span class='ocrx_word' id='word_1_224' title='bbox 1618 3010 1732 3076; x_wconf 88' lang='lat' dir='ltr'><strong>ais,</strong></span> <span class='ocrx_word' id='word_1_225' title='bbox 1767 3011 1992 3076; x_wconf 87' lang='lat' dir='ltr'><strong>tribuet,</strong></span> <span class='ocrx_word' id='word_1_226' title='bbox 2025 3026 2124 3084; x_wconf 82' lang='lat' dir='ltr'><strong>pa-</strong></span> 
     </span>
    </p>
   </div>
   <div class='ocr_carea' id='block_1_34' title="bbox 2211 553 3797 628">
    <p class='ocr_par' dir='ltr' id='par_1_34' title="bbox 2211 553 3797 628">
     <span class='ocr_line' id='line_1_34' title="bbox 2211 553 3797 628; baseline -0.018 -2"><span class='ocrx_word' id='word_1_227' title='bbox 2211 554 2334 625; x_wconf 71' lang='grc' dir='ltr'><strong>Χῆςν</strong></span> <span class='ocrx_word' id='word_1_228' title='bbox 2353 556 2413 608; x_wconf 65' lang='grc' dir='ltr'><strong>οὗ</strong></span> <span class='ocrx_word' id='word_1_229' title='bbox 2432 555 2589 627; x_wconf 64' lang='grc' dir='ltr'>κόρος</span> <span class='ocrx_word' id='word_1_230' title='bbox 2613 556 2823 628; x_wconf 82' lang='grc' dir='ltr'><strong>τρυφῆς</strong></span> <span class='ocrx_word' id='word_1_231' title='bbox 2840 557 2897 615; x_wconf 76' lang='grc'><strong>⁸³,</strong></span> <span class='ocrx_word' id='word_1_232' title='bbox 2912 556 2968 611; x_wconf 81' lang='grc' dir='ltr'>οὐ</span> <span class='ocrx_word' id='word_1_233' title='bbox 2987 555 3241 619; x_wconf 81' lang='grc' dir='ltr'>κτίσις¹³’</span> <span class='ocrx_word' id='word_1_234' title='bbox 3268 553 3607 625; x_wconf 72' lang='grc' dir='ltr'><strong>οἰκημάτων,</strong></span> <span class='ocrx_word' id='word_1_235' title='bbox 3623 554 3684 608; x_wconf 77' lang='grc' dir='ltr'>οὐ</span> <span class='ocrx_word' id='word_1_236' title='bbox 3711 554 3797 626; x_wconf 76' lang='grc' dir='ltr'><strong>βξ.</strong></span> 
     </span>
    </p>
   </div>
   <div class='ocr_carea' id='block_1_35' title="bbox 2212 644 3798 722">
    <p class='ocr_par' dir='ltr' id='par_1_35' title="bbox 2212 644 3798 722">
     <span class='ocr_line' id='line_1_35' title="bbox 2212 644 3798 722; baseline 0.001 -23"><span class='ocrx_word' id='word_1_237' title='bbox 2212 646 2354 702; x_wconf 88' lang='grc' dir='ltr'>ϐλων</span> <span class='ocrx_word' id='word_1_238' title='bbox 2387 649 2681 722; x_wconf 88' lang='grc' dir='ltr'>περιφοραί</span> <span class='ocrx_word' id='word_1_239' title='bbox 2699 665 2714 681; x_wconf 75' lang='grc' dir='ltr'><strong>ο</strong></span> <span class='ocrx_word' id='word_1_240' title='bbox 2746 649 2860 702; x_wconf 89' lang='grc' dir='ltr'>ἀλλ’</span> <span class='ocrx_word' id='word_1_241' title='bbox 2887 649 3009 712; x_wconf 87' lang='grc' dir='ltr'>ὅλος</span> <span class='ocrx_word' id='word_1_242' title='bbox 3028 649 3098 702; x_wconf 82' lang='grc' dir='ltr'><strong>δι’</strong></span> <span class='ocrx_word' id='word_1_243' title='bbox 3126 649 3250 700; x_wconf 82' lang='grc' dir='ltr'>ὅλου</span> <span class='ocrx_word' id='word_1_244' title='bbox 3270 646 3381 700; x_wconf 90' lang='grc' dir='ltr'><strong>τῶν</strong></span> <span class='ocrx_word' id='word_1_245' title='bbox 3407 644 3504 700; x_wconf 82' lang='grc' dir='ltr'>τοῦ</span> <span class='ocrx_word' id='word_1_246' title='bbox 3539 646 3798 717; x_wconf 78' lang='grc' dir='ltr'>σώματος</span> 
     </span>
    </p>
   </div>
   <div class='ocr_carea' id='block_1_36' title="bbox 2214 734 3795 809">
    <p class='ocr_par' dir='ltr' id='par_1_36' title="bbox 2214 734 3795 809">
     <span class='ocr_line' id='line_1_36' title="bbox 2214 734 3795 809; baseline 0.002 -21"><span class='ocrx_word' id='word_1_247' title='bbox 2214 734 2400 789; x_wconf 82' lang='grc' dir='ltr'>παθῶν</span> <span class='ocrx_word' id='word_1_248' title='bbox 2432 739 2603 809; x_wconf 86' lang='grc' dir='ltr'>ἐφάνη</span> <span class='ocrx_word' id='word_1_249' title='bbox 2647 736 2951 809; x_wconf 81' lang='grc' dir='ltr'>ἐλεύθερος,</span> <span class='ocrx_word' id='word_1_250' title='bbox 2984 737 3157 790; x_wconf 80' lang='grc' dir='ltr'>ἐλπίδι</span> <span class='ocrx_word' id='word_1_251' title='bbox 3183 736 3291 790; x_wconf 88' lang='grc' dir='ltr'><strong>τῶν</strong></span> <span class='ocrx_word' id='word_1_252' title='bbox 3325 735 3628 807; x_wconf 73' lang='grc' dir='ltr'><strong>μελλόντων</strong></span> <span class='ocrx_word' id='word_1_253' title='bbox 3662 751 3795 809; x_wconf 79' lang='grc' dir='ltr'>τρε-</span> 
     </span>
    </p>
   </div>
   <div class='ocr_carea' id='block_1_37' title="bbox 2215 826 3797 901">
    <p class='ocr_par' dir='ltr' id='par_1_37' title="bbox 2215 826 3797 901">
     <span class='ocr_line' id='line_1_37' title="bbox 2215 826 3797 901; baseline 0 -20"><span class='ocrx_word' id='word_1_254' title='bbox 2215 828 2468 899; x_wconf 80' lang='grc' dir='ltr'>φόμενος,</span> <span class='ocrx_word' id='word_1_255' title='bbox 2488 830 2583 883; x_wconf 74' lang='grc' dir='ltr'>καὶ</span> <span class='ocrx_word' id='word_1_256' title='bbox 2603 830 2837 893; x_wconf 86' lang='grc' dir='ltr'>πίστεως</span> <span class='ocrx_word' id='word_1_257' title='bbox 2861 829 3177 901; x_wconf 76' lang='grc' dir='ltr'><strong>ὀχυρώματι</strong></span> <span class='ocrx_word' id='word_1_258' title='bbox 3208 826 3479 899; x_wconf 80' lang='grc' dir='ltr'>βεϐηκὼς,</span> <span class='ocrx_word' id='word_1_259' title='bbox 3502 827 3797 900; x_wconf 75' lang='grc' dir='ltr'><strong>ἐκαρτέρει</strong></span> 
     </span>
    </p>
   </div>
   <div class='ocr_carea' id='block_1_38' title="bbox 2214 914 3803 991">
    <p class='ocr_par' dir='ltr' id='par_1_38' title="bbox 2214 914 3803 991">
     <span class='ocr_line' id='line_1_38' title="bbox 2214 914 3803 991; baseline -0.001 -20"><span class='ocrx_word' id='word_1_260' title='bbox 2214 916 2404 990; x_wconf 82' lang='grc' dir='ltr'>ῶσπερ</span> <span class='ocrx_word' id='word_1_261' title='bbox 2438 921 2780 991; x_wconf 76' lang='grc' dir='ltr'>αἰχμάλωτος</span> <span class='ocrx_word' id='word_1_262' title='bbox 2818 914 2921 974; x_wconf 83' lang='grc' dir='ltr'>ὧδε</span> <span class='ocrx_word' id='word_1_263' title='bbox 2963 922 3208 985; x_wconf 83' lang='grc' dir='ltr'>κάκεῖσε,</span> <span class='ocrx_word' id='word_1_264' title='bbox 3240 922 3297 972; x_wconf 80' lang='grc' dir='ltr'><strong>ἐν</strong></span> <span class='ocrx_word' id='word_1_265' title='bbox 3328 919 3490 989; x_wconf 76' lang='grc' dir='ltr'>ψύχει</span> <span class='ocrx_word' id='word_1_266' title='bbox 3523 920 3619 973; x_wconf 78' lang='grc' dir='ltr'>καὶ</span> <span class='ocrx_word' id='word_1_267' title='bbox 3647 935 3803 988; x_wconf 72' lang='grc' dir='ltr'>γυμο</span> 
     </span>
    </p>
   </div>
   <div class='ocr_carea' id='block_1_39' title="bbox 2216 1010 3803 1083">
    <p class='ocr_par' dir='ltr' id='par_1_39' title="bbox 2216 1010 3803 1083">
     <span class='ocr_line' id='line_1_39' title="bbox 2216 1010 3803 1083; baseline 0.001 -21"><span class='ocrx_word' id='word_1_268' title='bbox 2216 1010 2403 1081; x_wconf 87' lang='grc' dir='ltr'>νότητι</span> <span class='ocrx_word' id='word_1_269' title='bbox 2424 1011 2717 1081; x_wconf 81' lang='grc' dir='ltr'><strong>διαμένων,</strong></span> <span class='ocrx_word' id='word_1_270' title='bbox 2754 1012 2851 1066; x_wconf 71' lang='grc' dir='ltr'>καὶ</span> <span class='ocrx_word' id='word_1_271' title='bbox 2876 1014 2942 1083; x_wconf 78' lang='grc' dir='ltr'><strong>τῇ</strong></span> <span class='ocrx_word' id='word_1_272' title='bbox 2986 1011 3145 1081; x_wconf 70' lang='grc' dir='ltr'>φλογὶ</span> <span class='ocrx_word' id='word_1_273' title='bbox 3168 1010 3264 1066; x_wconf 81' lang='grc' dir='ltr'>τοῦ</span> <span class='ocrx_word' id='word_1_274' title='bbox 3300 1011 3454 1083; x_wconf 80' lang='grc' dir='ltr'>ἡλίου</span> <span class='ocrx_word' id='word_1_275' title='bbox 3479 1010 3803 1081; x_wconf 82' lang='grc' dir='ltr'>διακαιόμε-</span> 
     </span>
    </p>
   </div>
   <div class='ocr_carea' id='block_1_40' title="bbox 2217 1100 3803 1174">
    <p class='ocr_par' dir='ltr' id='par_1_40' title="bbox 2217 1100 3803 1174">
     <span class='ocr_line' id='line_1_40' title="bbox 2217 1100 3803 1174; baseline 0.002 -23"><span class='ocrx_word' id='word_1_276' title='bbox 2217 1115 2306 1162; x_wconf 90' lang='grc' dir='ltr'><strong>νος</strong></span> <span class='ocrx_word' id='word_1_277' title='bbox 2344 1100 2554 1170; x_wconf 73' lang='grc' dir='ltr'>αἴθριος</span> <span class='ocrx_word' id='word_1_278' title='bbox 2595 1102 2858 1156; x_wconf 54' lang='grc' dir='ltr'>πάντων</span> <span class='ocrx_word' id='word_1_279' title='bbox 2900 1106 3168 1174; x_wconf 75' lang='grc' dir='ltr'>κρημνοῖς</span> <span class='ocrx_word' id='word_1_280' title='bbox 3209 1102 3457 1174; x_wconf 82' lang='grc' dir='ltr'>ἐρημιῶν</span> <span class='ocrx_word' id='word_1_281' title='bbox 3497 1102 3691 1156; x_wconf 75' lang='grc' dir='ltr'>ἑαυτὸν</span> <span class='ocrx_word' id='word_1_282' title='bbox 3718 1102 3803 1166; x_wconf 81' lang='grc' dir='ltr'>ὡς</span> 
     </span>
    </p>
   </div>
   <div class='ocr_carea' id='block_1_41' title="bbox 2220 1192 3804 1267">
    <p class='ocr_par' dir='ltr' id='par_1_41' title="bbox 2220 1192 3804 1267">
     <span class='ocr_line' id='line_1_41' title="bbox 2220 1192 3804 1267; baseline 0.001 -24"><span class='ocrx_word' id='word_1_283' title='bbox 2220 1192 2569 1267; x_wconf 69' lang='grc' dir='ltr'>πλανώμενον</span> <span class='ocrx_word' id='word_1_284' title='bbox 2587 1196 2944 1265; x_wconf 87' lang='grc' dir='ltr'>περιπείρων,</span> <span class='ocrx_word' id='word_1_285' title='bbox 2969 1196 3065 1247; x_wconf 67' lang='grc' dir='ltr'>καὶ</span> <span class='ocrx_word' id='word_1_286' title='bbox 3087 1192 3314 1265; x_wconf 75' lang='grc' dir='ltr'>πλατείᾳ</span> <span class='ocrx_word' id='word_1_287' title='bbox 3338 1196 3404 1265; x_wconf 81' lang='grc' dir='ltr'>τῇ</span> <span class='ocrx_word' id='word_1_288' title='bbox 3428 1193 3615 1264; x_wconf 80' lang='grc' dir='ltr'>ἄμμου</span> <span class='ocrx_word' id='word_1_289' title='bbox 3642 1192 3804 1264; x_wconf 75' lang='grc' dir='ltr'>χώρᾳ</span> 
     </span>
    </p>
   </div>
   <div class='ocr_carea' id='block_1_42' title="bbox 2218 1283 3807 1355">
    <p class='ocr_par' dir='ltr' id='par_1_42' title="bbox 2218 1283 3807 1355">
     <span class='ocr_line' id='line_1_42' title="bbox 2218 1283 3807 1355; baseline 0 -19"><span class='ocrx_word' id='word_1_290' title='bbox 2218 1284 2459 1355; x_wconf 79' lang='grc' dir='ltr'>ἀοικήτῳ</span> <span class='ocrx_word' id='word_1_291' title='bbox 2489 1285 2747 1348; x_wconf 82' lang='grc' dir='ltr'>πολλάκις</span> <span class='ocrx_word' id='word_1_292' title='bbox 2768 1286 2958 1339; x_wconf 81' lang='grc' dir='ltr'>ἐαυτὸν</span> <span class='ocrx_word' id='word_1_293' title='bbox 2980 1285 3056 1349; x_wconf 84' lang='grc' dir='ltr'><strong>ὡς</strong></span> <span class='ocrx_word' id='word_1_294' title='bbox 3079 1286 3137 1338; x_wconf 78' lang='grc' dir='ltr'><strong>ἐν</strong></span> <span class='ocrx_word' id='word_1_295' title='bbox 3165 1283 3392 1352; x_wconf 78' lang='grc' dir='ltr'><strong>πελάγει</strong></span> <span class='ocrx_word' id='word_1_296' title='bbox 3418 1283 3683 1353; x_wconf 70' lang='grc' dir='ltr'>φέρεσθαι</span> <span class='ocrx_word' id='word_1_297' title='bbox 3709 1286 3807 1336; x_wconf 80' lang='grc' dir='ltr'>εύ-</span> 
     </span>
    </p>
   </div>
   <div class='ocr_carea' id='block_1_43' title="bbox 2218 1373 3807 1448">
    <p class='ocr_par' dir='ltr' id='par_1_43' title="bbox 2218 1373 3807 1448">
     <span class='ocr_line' id='line_1_43' title="bbox 2218 1373 3807 1448; baseline 0 -22"><span class='ocrx_word' id='word_1_298' title='bbox 2218 1373 2468 1445; x_wconf 85' lang='grc' dir='ltr'>δοκήσας.</span> <span class='ocrx_word' id='word_1_299' title='bbox 2506 1375 2571 1429; x_wconf 87' lang='grc' dir='ltr'><strong>Εί</strong></span> <span class='ocrx_word' id='word_1_300' title='bbox 2597 1376 2655 1430; x_wconf 82' lang='grc' dir='ltr'>δὲ</span> <span class='ocrx_word' id='word_1_301' title='bbox 2687 1375 3021 1448; x_wconf 81' lang='grc' dir='ltr'>συμϐεϐήκει</span> <span class='ocrx_word' id='word_1_302' title='bbox 3058 1376 3137 1439; x_wconf 87' lang='grc' dir='ltr'><strong>είς</strong></span> <span class='ocrx_word' id='word_1_303' title='bbox 3170 1375 3484 1447; x_wconf 74' lang='grc' dir='ltr'>ἡμερότητα</span> <span class='ocrx_word' id='word_1_304' title='bbox 3502 1373 3684 1427; x_wconf 85' lang='grc' dir='ltr'>τόπων</span> <span class='ocrx_word' id='word_1_305' title='bbox 3714 1374 3807 1426; x_wconf 81' lang='grc' dir='ltr'>ἐλ-</span> 
     </span>
    </p>
   </div>
   <div class='ocr_carea' id='block_1_44' title="bbox 2222 1464 3805 1539">
    <p class='ocr_par' dir='ltr' id='par_1_44' title="bbox 2222 1464 3805 1539">
     <span class='ocr_line' id='line_1_44' title="bbox 2222 1464 3805 1539; baseline 0.001 -21"><span class='ocrx_word' id='word_1_306' title='bbox 2222 1464 2352 1527; x_wconf 86' lang='grc' dir='ltr'>θεῖν,</span> <span class='ocrx_word' id='word_1_307' title='bbox 2387 1465 2514 1519; x_wconf 77' lang='grc' dir='ltr'>ἔνθα</span> <span class='ocrx_word' id='word_1_308' title='bbox 2544 1467 2595 1520; x_wconf 78' lang='grc' dir='ltr'>οἱ</span> <span class='ocrx_word' id='word_1_309' title='bbox 2615 1468 2714 1539; x_wconf 81' lang='grc' dir='ltr'>τῆς</span> <span class='ocrx_word' id='word_1_310' title='bbox 2744 1469 3051 1539; x_wconf 86' lang='grc' dir='ltr'>ὀμοτρόπου</span> <span class='ocrx_word' id='word_1_311' title='bbox 3082 1467 3226 1536; x_wconf 79' lang='grc' dir='ltr'>ζωῆς</span> <span class='ocrx_word' id='word_1_312' title='bbox 3258 1466 3481 1538; x_wconf 75' lang='grc' dir='ltr'>μοναχοὶ</span> <span class='ocrx_word' id='word_1_313' title='bbox 3502 1466 3597 1519; x_wconf 70' lang='grc' dir='ltr'><strong>καὶ</strong></span> <span class='ocrx_word' id='word_1_314' title='bbox 3620 1465 3805 1520; x_wconf 74' lang='grc' dir='ltr'>κοινὸν</span> 
     </span>
    </p>
   </div>
   <div class='ocr_carea' id='block_1_45' title="bbox 2220 1556 3804 1631">
    <p class='ocr_par' dir='ltr' id='par_1_45' title="bbox 2220 1556 3804 1631">
     <span class='ocr_line' id='line_1_45' title="bbox 2220 1556 3804 1631; baseline 0 -20"><span class='ocrx_word' id='word_1_315' title='bbox 2220 1556 2311 1611; x_wconf 78' lang='grc' dir='ltr'>τὸν</span> <span class='ocrx_word' id='word_1_316' title='bbox 2338 1557 2451 1628; x_wconf 77' lang='grc' dir='ltr'>βίον</span> <span class='ocrx_word' id='word_1_317' title='bbox 2482 1556 2717 1629; x_wconf 73' lang='grc' dir='ltr'>ἔχουσιν,</span> <span class='ocrx_word' id='word_1_318' title='bbox 2748 1558 2853 1631; x_wconf 76' lang='grc' dir='ltr'><strong>ἔξω</strong></span> <span class='ocrx_word' id='word_1_319' title='bbox 2879 1557 3058 1629; x_wconf 85' lang='grc' dir='ltr'>θυρῶν</span> <span class='ocrx_word' id='word_1_320' title='bbox 3089 1557 3449 1628; x_wconf 75' lang='grc' dir='ltr'>καθεζόμενος</span> <span class='ocrx_word' id='word_1_321' title='bbox 3476 1556 3681 1623; x_wconf 75' lang='grc' dir='ltr'>ἔκλαιε,</span> <span class='ocrx_word' id='word_1_322' title='bbox 3703 1557 3804 1611; x_wconf 87' lang='grc' dir='ltr'>καὶ</span> 
     </span>
    </p>
   </div>
   <div class='ocr_carea' id='block_1_46' title="bbox 2221 1643 3801 1723">
    <p class='ocr_par' dir='ltr' id='par_1_46' title="bbox 2221 1643 3801 1723">
     <span class='ocr_line' id='line_1_46' title="bbox 2221 1643 3801 1723; baseline 0.001 -24"><span class='ocrx_word' id='word_1_323' title='bbox 2221 1646 2411 1723; x_wconf 84' lang='grc' dir='ltr'>ῶσπερ</span> <span class='ocrx_word' id='word_1_324' title='bbox 2445 1647 2509 1701; x_wconf 85' lang='grc' dir='ltr'><strong>ἐκ</strong></span> <span class='ocrx_word' id='word_1_325' title='bbox 2552 1649 2809 1717; x_wconf 76' lang='grc' dir='ltr'>ναυαγίου</span> <span class='ocrx_word' id='word_1_326' title='bbox 2841 1666 2925 1713; x_wconf 87' lang='grc' dir='ltr'><strong>τις</strong></span> <span class='ocrx_word' id='word_1_327' title='bbox 2957 1647 3288 1719; x_wconf 69' lang='grc' dir='ltr'>ἀπορριφεὶς</span> <span class='ocrx_word' id='word_1_328' title='bbox 3325 1647 3581 1717; x_wconf 82' lang='grc' dir='ltr'>ὠδύρετο.</span> <span class='ocrx_word' id='word_1_329' title='bbox 3630 1643 3763 1700; x_wconf 73' lang='grc' dir='ltr'>Εἶτα</span> <span class='ocrx_word' id='word_1_330' title='bbox 3784 1687 3801 1700; x_wconf 89' lang='grc'><strong>.</strong></span> 
     </span>
    </p>
   </div>
   <div class='ocr_carea' id='block_1_47' title="bbox 2222 1733 3804 1811">
    <p class='ocr_par' dir='ltr' id='par_1_47' title="bbox 2222 1733 3804 1811">
     <span class='ocr_line' id='line_1_47' title="bbox 2222 1733 3804 1811; baseline 0 -21"><span class='ocrx_word' id='word_1_331' title='bbox 2222 1733 2455 1802; x_wconf 79' lang='grc' dir='ltr'>ἐξελθών</span> <span class='ocrx_word' id='word_1_332' title='bbox 2479 1755 2565 1802; x_wconf 89' lang='grc' dir='ltr'><strong>τις</strong></span> <span class='ocrx_word' id='word_1_333' title='bbox 2585 1739 2693 1794; x_wconf 88' lang='grc' dir='ltr'><strong>τῶν</strong></span> <span class='ocrx_word' id='word_1_334' title='bbox 2718 1739 2980 1809; x_wconf 76' lang='grc' dir='ltr'>ἀδελφῶν,</span> <span class='ocrx_word' id='word_1_335' title='bbox 3010 1741 3058 1792; x_wconf 90' lang='grc' dir='ltr'><strong>εί</strong></span> <span class='ocrx_word' id='word_1_336' title='bbox 3084 1734 3208 1811; x_wconf 74' lang='grc' dir='ltr'>εὗρε</span> <span class='ocrx_word' id='word_1_337' title='bbox 3235 1737 3445 1800; x_wconf 79' lang='grc' dir='ltr'>τοῦτον,</span> <span class='ocrx_word' id='word_1_338' title='bbox 3469 1737 3547 1802; x_wconf 82' lang='grc' dir='ltr'>ὡς</span> <span class='ocrx_word' id='word_1_339' title='bbox 3574 1738 3804 1809; x_wconf 79' lang='grc' dir='ltr'>προσαί-</span> 
     </span>
    </p>
   </div>
   <div class='ocr_carea' id='block_1_48' title="bbox 2218 1828 3805 1902">
    <p class='ocr_par' dir='ltr' id='par_1_48' title="bbox 2218 1828 3805 1902">
     <span class='ocr_line' id='line_1_48' title="bbox 2218 1828 3805 1902; baseline -0.001 -19"><span class='ocrx_word' id='word_1_340' title='bbox 2218 1847 2318 1900; x_wconf 89' lang='grc' dir='ltr'><strong>την</strong></span> <span class='ocrx_word' id='word_1_341' title='bbox 2357 1828 2460 1883; x_wconf 71' lang='grc' dir='ltr'>ἕνα</span> <span class='ocrx_word' id='word_1_342' title='bbox 2487 1830 2595 1885; x_wconf 87' lang='grc' dir='ltr'><strong>τῶν</strong></span> <span class='ocrx_word' id='word_1_343' title='bbox 2625 1832 2682 1883; x_wconf 83' lang='grc' dir='ltr'><strong>ἐν</strong></span> <span class='ocrx_word' id='word_1_344' title='bbox 2714 1830 2793 1901; x_wconf 82' lang='grc' dir='ltr'>τῷ</span> <span class='ocrx_word' id='word_1_345' title='bbox 2843 1831 3032 1901; x_wconf 85' lang='grc' dir='ltr'>κόσμῳ</span> <span class='ocrx_word' id='word_1_346' title='bbox 3067 1831 3297 1901; x_wconf 86' lang='grc' dir='ltr'>πτωχῶν</span> <span class='ocrx_word' id='word_1_347' title='bbox 3329 1830 3663 1902; x_wconf 86' lang='grc' dir='ltr'>καθήμενον,</span> <span class='ocrx_word' id='word_1_348' title='bbox 3704 1831 3805 1883; x_wconf 72' lang='grc' dir='ltr'>καὶ</span> 
     </span>
    </p>
   </div>
   <div class='ocr_carea' id='block_1_49' title="bbox 2219 1918 3794 1993">
    <p class='ocr_par' dir='ltr' id='par_1_49' title="bbox 2219 1918 3794 1993">
     <span class='ocr_line' id='line_1_49' title="bbox 2219 1918 3794 1993; baseline 0.001 -22"><span class='ocrx_word' id='word_1_349' title='bbox 2219 1918 2467 1989; x_wconf 88' lang='grc' dir='ltr'>ἐγγίσας,</span> <span class='ocrx_word' id='word_1_350' title='bbox 2498 1919 2743 1985; x_wconf 76' lang='grc' dir='ltr'>ἐλεεινῶς</span> <span class='ocrx_word' id='word_1_351' title='bbox 2772 1938 2934 1991; x_wconf 89' lang='grc' dir='ltr'>φησιν</span> <span class='ocrx_word' id='word_1_352' title='bbox 2954 1920 3123 1992; x_wconf 76' lang='grc' dir='ltr'>αὐτῷ’</span> <span class='ocrx_word' id='word_1_353' title='bbox 3150 1921 3214 1974; x_wconf 88' lang='grc' dir='ltr'>Τί</span> <span class='ocrx_word' id='word_1_354' title='bbox 3245 1920 3473 1985; x_wconf 79' lang='grc' dir='ltr'>κλαίεις,</span> <span class='ocrx_word' id='word_1_355' title='bbox 3499 1920 3754 1993; x_wconf 65' lang='grc' dir='ltr'>ἀνθρωπ</span> <span class='ocrx_word' id='word_1_356' title='bbox 3776 1938 3794 1983; x_wconf 81' lang='grc' dir='ltr'><strong>ς</strong></span> 
     </span>
    </p>
   </div>
   <div class='ocr_carea' id='block_1_50' title="bbox 2220 2009 3801 2083">
    <p class='ocr_par' dir='ltr' id='par_1_50' title="bbox 2220 2009 3801 2083">
     <span class='ocr_line' id='line_1_50' title="bbox 2220 2009 3801 2083; baseline 0.001 -19"><span class='ocrx_word' id='word_1_357' title='bbox 2220 2013 2269 2064; x_wconf 86' lang='grc' dir='ltr'><strong>εί</strong></span> <span class='ocrx_word' id='word_1_358' title='bbox 2311 2009 2404 2083; x_wconf 81' lang='grc' dir='ltr'>δέῃ</span> <span class='ocrx_word' id='word_1_359' title='bbox 2454 2010 2598 2074; x_wconf 75' lang='grc' dir='ltr'>τινος</span> <span class='ocrx_word' id='word_1_360' title='bbox 2643 2010 2751 2064; x_wconf 89' lang='grc' dir='ltr'><strong>τῶν</strong></span> <span class='ocrx_word' id='word_1_361' title='bbox 2800 2011 3133 2080; x_wconf 80' lang='grc' dir='ltr'>ἀναγκαίων,</span> <span class='ocrx_word' id='word_1_362' title='bbox 3184 2012 3326 2065; x_wconf 85' lang='grc' dir='ltr'><strong>κατά</strong></span> <span class='ocrx_word' id='word_1_363' title='bbox 3368 2010 3595 2081; x_wconf 86' lang='grc' dir='ltr'>δύναμιν</span> <span class='ocrx_word' id='word_1_364' title='bbox 3631 2011 3801 2083; x_wconf 64' lang='grc' dir='ltr'>λήψῃ,</span> 
     </span>
    </p>
   </div>
   <div class='ocr_carea' id='block_1_51' title="bbox 2224 2100 3802 2173">
    <p class='ocr_par' dir='ltr' id='par_1_51' title="bbox 2224 2100 3802 2173">
     <span class='ocr_line' id='line_1_51' title="bbox 2224 2100 3802 2173; baseline 0.003 -20"><span class='ocrx_word' id='word_1_365' title='bbox 2224 2103 2384 2171; x_wconf 89' lang='grc' dir='ltr'>μόνον</span> <span class='ocrx_word' id='word_1_366' title='bbox 2426 2100 2683 2154; x_wconf 76' lang='grc' dir='ltr'>εἰσελθὼν</span> <span class='ocrx_word' id='word_1_367' title='bbox 2726 2100 2872 2156; x_wconf 77' lang='grc' dir='ltr'>ἔνδον</span> <span class='ocrx_word' id='word_1_368' title='bbox 2927 2100 3257 2173; x_wconf 81' lang='grc' dir='ltr'>κοινώνησον</span> <span class='ocrx_word' id='word_1_369' title='bbox 3313 2103 3446 2172; x_wconf 83' lang='grc' dir='ltr'>ἡμῖν</span> <span class='ocrx_word' id='word_1_370' title='bbox 3498 2102 3802 2173; x_wconf 71' lang='grc' dir='ltr'>τραπέζης,</span> 
     </span>
    </p>
   </div>
   <div class='ocr_carea' id='block_1_52' title="bbox 2220 2190 3805 2264">
    <p class='ocr_par' dir='ltr' id='par_1_52' title="bbox 2220 2190 3805 2264">
     <span class='ocr_line' id='line_1_52' title="bbox 2220 2190 3805 2264; baseline 0.003 -19"><span class='ocrx_word' id='word_1_371' title='bbox 2220 2191 2578 2262; x_wconf 81' lang='grc' dir='ltr'>παραμυθίας</span> <span class='ocrx_word' id='word_1_372' title='bbox 2614 2190 2814 2261; x_wconf 84' lang='grc' dir='ltr'>τυχών.</span> <span class='ocrx_word' id='word_1_373' title='bbox 2860 2191 2918 2245; x_wconf 88' lang='lat'><strong>&#39;0</strong></span> <span class='ocrx_word' id='word_1_374' title='bbox 2958 2192 3014 2246; x_wconf 82' lang='grc' dir='ltr'>δὲ</span> <span class='ocrx_word' id='word_1_375' title='bbox 3048 2191 3403 2263; x_wconf 86' lang='grc' dir='ltr'>ἀπεκρίνατο,</span> <span class='ocrx_word' id='word_1_376' title='bbox 3435 2192 3508 2264; x_wconf 76' lang='grc' dir='ltr'>μὴ</span> <span class='ocrx_word' id='word_1_377' title='bbox 3546 2193 3805 2249; x_wconf 75' lang='grc' dir='ltr'>δύνασθαι</span> 
     </span>
    </p>
   </div>
   <div class='ocr_carea' id='block_1_53' title="bbox 2219 2282 3809 2357">
    <p class='ocr_par' dir='ltr' id='par_1_53' title="bbox 2219 2282 3809 2357">
     <span class='ocr_line' id='line_1_53' title="bbox 2219 2282 3809 2357; baseline 0.003 -22"><span class='ocrx_word' id='word_1_378' title='bbox 2219 2283 2323 2336; x_wconf 71' lang='grc' dir='ltr'><strong>ὑπὸ</strong></span> <span class='ocrx_word' id='word_1_379' title='bbox 2358 2282 2554 2352; x_wconf 87' lang='grc' dir='ltr'>στέγην</span> <span class='ocrx_word' id='word_1_380' title='bbox 2599 2285 2799 2353; x_wconf 87' lang='grc' dir='ltr'>μεῖναι,</span> <span class='ocrx_word' id='word_1_381' title='bbox 2835 2283 2964 2354; x_wconf 74' lang='grc' dir='ltr'>πρὶν</span> <span class='ocrx_word' id='word_1_382' title='bbox 3008 2283 3076 2338; x_wconf 80' lang='grc' dir='ltr'>ἂν</span> <span class='ocrx_word' id='word_1_383' title='bbox 3136 2283 3281 2354; x_wconf 79' lang='grc' dir='ltr'>εὕρω</span> <span class='ocrx_word' id='word_1_384' title='bbox 3323 2288 3423 2355; x_wconf 79' lang='grc' dir='ltr'>τῆς</span> <span class='ocrx_word' id='word_1_385' title='bbox 3459 2285 3598 2357; x_wconf 79' lang='grc' dir='ltr'>ἐμῆς</span> <span class='ocrx_word' id='word_1_386' title='bbox 3626 2287 3809 2351; x_wconf 78' lang='grc' dir='ltr'>οἰκίας</span> 
     </span>
    </p>
   </div>
   <div class='ocr_carea' id='block_1_54' title="bbox 2218 2371 3808 2446">
    <p class='ocr_par' dir='ltr' id='par_1_54' title="bbox 2218 2371 3808 2446">
     <span class='ocr_line' id='line_1_54' title="bbox 2218 2371 3808 2446; baseline 0.003 -21"><span class='ocrx_word' id='word_1_387' title='bbox 2218 2373 2318 2445; x_wconf 86' lang='grc' dir='ltr'>τὴν</span> <span class='ocrx_word' id='word_1_388' title='bbox 2361 2371 2631 2444; x_wconf 75' lang='grc' dir='ltr'>ὕπαρξιν·</span> <span class='ocrx_word' id='word_1_389' title='bbox 2676 2373 3078 2428; x_wconf 79' lang='grc' dir='ltr'>ἀπολωλεκέναι</span> <span class='ocrx_word' id='word_1_390' title='bbox 3113 2376 3292 2445; x_wconf 80' lang='grc' dir='ltr'>φήσας</span> <span class='ocrx_word' id='word_1_391' title='bbox 3332 2374 3502 2428; x_wconf 87' lang='grc' dir='ltr'>πολλὰ</span> <span class='ocrx_word' id='word_1_392' title='bbox 3544 2378 3808 2446; x_wconf 81' lang='grc' dir='ltr'>χρήματα</span> 
     </span>
    </p>
   </div>
   <div class='ocr_carea' id='block_1_55' title="bbox 2218 2466 3802 2539">
    <p class='ocr_par' dir='ltr' id='par_1_55' title="bbox 2218 2466 3802 2539">
     <span class='ocr_line' id='line_1_55' title="bbox 2218 2466 3802 2539; baseline -0.001 -18"><span class='ocrx_word' id='word_1_393' title='bbox 2218 2466 2499 2539; x_wconf 79' lang='grc' dir='ltr'>διαφόροις</span> <span class='ocrx_word' id='word_1_394' title='bbox 2546 2466 2789 2538; x_wconf 84' lang='grc' dir='ltr'>τρόποις.</span> <span class='ocrx_word' id='word_1_395' title='bbox 2837 2467 2947 2520; x_wconf 72' lang='grc' dir='ltr'><strong>Καὶ</strong></span> <span class='ocrx_word' id='word_1_396' title='bbox 2985 2466 3095 2538; x_wconf 84' lang='grc' dir='ltr'><strong>γὰρ</strong></span> <span class='ocrx_word' id='word_1_397' title='bbox 3133 2470 3422 2538; x_wconf 84' lang='grc' dir='ltr'>πειραταῖς</span> <span class='ocrx_word' id='word_1_398' title='bbox 3474 2467 3802 2538; x_wconf 78' lang='grc' dir='ltr'>περιέπεσα,</span> 
     </span>
    </p>
   </div>
   <div class='ocr_carea' id='block_1_56' title="bbox 2219 2557 3799 2629">
    <p class='ocr_par' dir='ltr' id='par_1_56' title="bbox 2219 2557 3799 2629">
     <span class='ocr_line' id='line_1_56' title="bbox 2219 2557 3799 2629; baseline 0 -17"><span class='ocrx_word' id='word_1_399' title='bbox 2219 2558 2315 2613; x_wconf 71' lang='grc' dir='ltr'>καὶ</span> <span class='ocrx_word' id='word_1_400' title='bbox 2353 2558 2597 2629; x_wconf 80' lang='grc' dir='ltr'>ναυαγίῳ</span> <span class='ocrx_word' id='word_1_401' title='bbox 2626 2557 2885 2629; x_wconf 79' lang='grc' dir='ltr'>ἐλήφθην,</span> <span class='ocrx_word' id='word_1_402' title='bbox 2915 2559 3009 2611; x_wconf 77' lang='grc' dir='ltr'>καὶ</span> <span class='ocrx_word' id='word_1_403' title='bbox 3036 2558 3138 2628; x_wconf 80' lang='grc' dir='ltr'>τῆς</span> <span class='ocrx_word' id='word_1_404' title='bbox 3164 2558 3443 2627; x_wconf 82' lang='grc' dir='ltr'>εὐγενείας</span> <span class='ocrx_word' id='word_1_405' title='bbox 3477 2574 3577 2629; x_wconf 89' lang='grc' dir='ltr'><strong>μου</strong></span> <span class='ocrx_word' id='word_1_406' title='bbox 3609 2557 3799 2622; x_wconf 61' lang='lat' dir='ltr'><strong>seem.</strong></span> 
     </span>
    </p>
   </div>
   <div class='ocr_carea' id='block_1_57' title="bbox 2223 2645 3807 2718">
    <p class='ocr_par' dir='ltr' id='par_1_57' title="bbox 2223 2645 3807 2718">
     <span class='ocr_line' id='line_1_57' title="bbox 2223 2645 3807 2718; baseline -0.001 -16"><span class='ocrx_word' id='word_1_407' title='bbox 2223 2664 2336 2714; x_wconf 88' lang='grc' dir='ltr'>σον,</span> <span class='ocrx_word' id='word_1_408' title='bbox 2364 2647 2548 2715; x_wconf 81' lang='grc' dir='ltr'>ἄδοξος</span> <span class='ocrx_word' id='word_1_409' title='bbox 2573 2647 2633 2712; x_wconf 78' lang='grc' dir='ltr'>ἐξ</span> <span class='ocrx_word' id='word_1_410' title='bbox 2658 2645 2883 2711; x_wconf 79' lang='grc' dir='ltr'>ἐνδόξων</span> <span class='ocrx_word' id='word_1_411' title='bbox 2905 2647 3216 2718; x_wconf 87' lang='grc' dir='ltr'>γενόμενος.</span> <span class='ocrx_word' id='word_1_412' title='bbox 3261 2649 3319 2702; x_wconf 90' lang='lat'><strong>&#39;0</strong></span> <span class='ocrx_word' id='word_1_413' title='bbox 3346 2648 3401 2701; x_wconf 80' lang='grc' dir='ltr'>δὲ</span> <span class='ocrx_word' id='word_1_414' title='bbox 3438 2648 3575 2718; x_wconf 83' lang='grc' dir='ltr'>πρὸς</span> <span class='ocrx_word' id='word_1_415' title='bbox 3598 2648 3689 2700; x_wconf 77' lang='grc' dir='ltr'>τὸν</span> <span class='ocrx_word' id='word_1_416' title='bbox 3712 2647 3807 2700; x_wconf 87' lang='grc' dir='ltr'>λό-</span> 
     </span>
    </p>
   </div>
   <div class='ocr_carea' id='block_1_58' title="bbox 2220 2735 3810 2807">
    <p class='ocr_par' dir='ltr' id='par_1_58' title="bbox 2220 2735 3810 2807">
     <span class='ocr_line' id='line_1_58' title="bbox 2220 2735 3810 2807; baseline 0.001 -18"><span class='ocrx_word' id='word_1_417' title='bbox 2220 2753 2316 2805; x_wconf 89' lang='grc' dir='ltr'><strong>γον</strong></span> <span class='ocrx_word' id='word_1_418' title='bbox 2349 2737 2687 2807; x_wconf 83' lang='grc' dir='ltr'>σχετλιάσας,</span> <span class='ocrx_word' id='word_1_419' title='bbox 2718 2735 3005 2800; x_wconf 86' lang='grc' dir='ltr'>εἰσελθὼν,</span> <span class='ocrx_word' id='word_1_420' title='bbox 3038 2736 3134 2789; x_wconf 77' lang='grc' dir='ltr'>καὶ</span> <span class='ocrx_word' id='word_1_421' title='bbox 3180 2736 3372 2807; x_wconf 72' lang='grc' dir='ltr'>ψωμὸν</span> <span class='ocrx_word' id='word_1_422' title='bbox 3408 2736 3587 2790; x_wconf 79' lang='grc' dir='ltr'>λαϐὼν</span> <span class='ocrx_word' id='word_1_423' title='bbox 3606 2776 3621 2801; x_wconf 94' lang='grc'><strong>,</strong></span> <span class='ocrx_word' id='word_1_424' title='bbox 3658 2754 3810 2806; x_wconf 78' lang='grc' dir='ltr'>παρ-</span> 
     </span>
    </p>
   </div>
   <div class='ocr_carea' id='block_1_59' title="bbox 2222 2824 3809 2898">
    <p class='ocr_par' dir='ltr' id='par_1_59' title="bbox 2222 2824 3809 2898">
     <span class='ocr_line' id='line_1_59' title="bbox 2222 2824 3809 2898; baseline 0.001 -19"><span class='ocrx_word' id='word_1_425' title='bbox 2222 2824 2372 2897; x_wconf 76' lang='grc' dir='ltr'>έσχε,</span> <span class='ocrx_word' id='word_1_426' title='bbox 2400 2826 2574 2894; x_wconf 88' lang='grc' dir='ltr'>λέγων</span> <span class='ocrx_word' id='word_1_427' title='bbox 2595 2843 2610 2857; x_wconf 91' lang='grc'><strong>·</strong></span> <span class='ocrx_word' id='word_1_428' title='bbox 2650 2825 2795 2880; x_wconf 87' lang='grc' dir='ltr'>Λάϐε</span> <span class='ocrx_word' id='word_1_429' title='bbox 2823 2826 3031 2891; x_wconf 82' lang='grc' dir='ltr'>τοῦτον,</span> <span class='ocrx_word' id='word_1_430' title='bbox 3073 2827 3248 2898; x_wconf 83' lang='grc' dir='ltr'>πάτερ</span> <span class='ocrx_word' id='word_1_431' title='bbox 3268 2843 3282 2857; x_wconf 82' lang='lat'>&#39;</span> <span class='ocrx_word' id='word_1_432' title='bbox 3315 2827 3382 2881; x_wconf 79' lang='grc' dir='ltr'><strong>τὰ</strong></span> <span class='ocrx_word' id='word_1_433' title='bbox 3410 2828 3465 2881; x_wconf 83' lang='grc' dir='ltr'>δὲ</span> <span class='ocrx_word' id='word_1_434' title='bbox 3494 2827 3627 2883; x_wconf 80' lang='grc' dir='ltr'>ἄλλα</span> <span class='ocrx_word' id='word_1_435' title='bbox 3663 2844 3747 2881; x_wconf 88' lang='grc' dir='ltr'><strong>σοι</strong></span> <span class='ocrx_word' id='word_1_436' title='bbox 3778 2831 3809 2881; x_wconf 86' lang='grc' dir='ltr'>ὁ</span> 
     </span>
    </p>
   </div>
   <div class='ocr_carea' id='block_1_60' title="bbox 2221 2916 3808 2987">
    <p class='ocr_par' dir='ltr' id='par_1_60' title="bbox 2221 2916 3808 2987">
     <span class='ocr_line' id='line_1_60' title="bbox 2221 2916 3808 2987; baseline 0.001 -18"><span class='ocrx_word' id='word_1_437' title='bbox 2221 2916 2374 2980; x_wconf 81' lang='grc' dir='ltr'>Θεὸς,</span> <span class='ocrx_word' id='word_1_438' title='bbox 2420 2917 2496 2982; x_wconf 83' lang='grc' dir='ltr'><strong>ὡς</strong></span> <span class='ocrx_word' id='word_1_439' title='bbox 2526 2917 2725 2987; x_wconf 83' lang='grc' dir='ltr'>λέγεις,</span> <span class='ocrx_word' id='word_1_440' title='bbox 2781 2919 3046 2986; x_wconf 82' lang='grc' dir='ltr'>ἀπονεμεῐ</span> <span class='ocrx_word' id='word_1_441' title='bbox 3073 2917 3306 2987; x_wconf 74' lang='grc' dir='ltr'>πατρίδα</span> <span class='ocrx_word' id='word_1_442' title='bbox 3345 2917 3438 2970; x_wconf 74' lang='grc' dir='ltr'>καὶ</span> <span class='ocrx_word' id='word_1_443' title='bbox 3479 2917 3655 2985; x_wconf 82' lang='grc' dir='ltr'>γένος,</span> <span class='ocrx_word' id='word_1_444' title='bbox 3705 2917 3808 2970; x_wconf 69' lang='grc' dir='ltr'>καὶ</span> 
     </span>
    </p>
   </div>
   <div class='ocr_carea' id='block_1_61' title="bbox 2224 3006 3809 3078">
    <p class='ocr_par' dir='ltr' id='par_1_61' title="bbox 2224 3006 3809 3078">
     <span class='ocr_line' id='line_1_61' title="bbox 2224 3006 3809 3078; baseline 0.001 -19"><span class='ocrx_word' id='word_1_445' title='bbox 2224 3006 2455 3060; x_wconf 76' lang='grc' dir='ltr'>πλοῦτον</span> <span class='ocrx_word' id='word_1_446' title='bbox 2485 3007 2544 3061; x_wconf 84' lang='grc' dir='ltr'>ὃν</span> <span class='ocrx_word' id='word_1_447' title='bbox 2589 3007 2745 3078; x_wconf 78' lang='grc' dir='ltr'>ἔφης.</span> <span class='ocrx_word' id='word_1_448' title='bbox 2806 3007 2864 3061; x_wconf 80' lang='lat'><strong>&#39;0</strong></span> <span class='ocrx_word' id='word_1_449' title='bbox 2896 3007 2954 3061; x_wconf 80' lang='grc' dir='ltr'><strong>δέ</strong></span> <span class='ocrx_word' id='word_1_450' title='bbox 2985 3007 3063 3061; x_wconf 83' lang='grc' dir='ltr'><strong>έτι</strong></span> <span class='ocrx_word' id='word_1_451' title='bbox 3098 3008 3297 3077; x_wconf 81' lang='grc' dir='ltr'>μᾶλλον</span> <span class='ocrx_word' id='word_1_452' title='bbox 3343 3007 3558 3061; x_wconf 83' lang='grc' dir='ltr'>πενθῶν</span> <span class='ocrx_word' id='word_1_453' title='bbox 3607 3008 3809 3077; x_wconf 78' lang='grc' dir='ltr'>ἕϐρυξε</span> 
     </span>
    </p>
   </div>
   <div class='ocr_carea' id='block_1_62' title="bbox 538 3094 2120 3184">
    <p class='ocr_par' dir='ltr' id='par_1_62' title="bbox 538 3099 2120 3172">
     <span class='ocr_line' id='line_1_62' title="bbox 538 3099 2120 3172; baseline 0 -17"><span class='ocrx_word' id='word_1_454' title='bbox 538 3101 746 3168; x_wconf 78' lang='lat' dir='ltr'><strong>triam,</strong></span> <span class='ocrx_word' id='word_1_455' title='bbox 788 3116 997 3171; x_wconf 89' lang='lat' dir='ltr'><strong>genus,</strong></span> <span class='ocrx_word' id='word_1_456' title='bbox 1027 3099 1245 3155; x_wconf 86' lang='lat' dir='ltr'><strong>divitias</strong></span> <span class='ocrx_word' id='word_1_457' title='bbox 1290 3115 1426 3170; x_wconf 89' lang='lat' dir='ltr'><strong>quas</strong></span> <span class='ocrx_word' id='word_1_458' title='bbox 1473 3099 1688 3155; x_wconf 87' lang='lat' dir='ltr'><strong>locutus</strong></span> <span class='ocrx_word' id='word_1_459' title='bbox 1716 3115 1808 3166; x_wconf 91' lang='lat' dir='ltr'><strong>es;</strong></span> <span class='ocrx_word' id='word_1_460' title='bbox 1851 3100 1899 3156; x_wconf 88' lang='lat' dir='ltr'><strong>is</strong></span> <span class='ocrx_word' id='word_1_461' title='bbox 1949 3100 2120 3172; x_wconf 88' lang='lat' dir='ltr'><strong>magis</strong></span> 
     </span>
    </p>
   </div>
   <div class='ocr_carea' id='block_1_63' title="bbox 2228 3094 3811 3184">
    <p class='ocr_par' dir='ltr' id='par_1_63' title="bbox 2232 3094 3811 3171">
     <span class='ocr_line' id='line_1_63' title="bbox 2232 3094 3811 3171; baseline -0.001 -19"><span class='ocrx_word' id='word_1_462' title='bbox 2232 3099 2394 3170; x_wconf 83' lang='grc' dir='ltr'>μέγα,</span> <span class='ocrx_word' id='word_1_463' title='bbox 2425 3098 2928 3171; x_wconf 47' lang='grc' dir='ltr'>ἐπιφθεγξάμενος</span> <span class='ocrx_word' id='word_1_464' title='bbox 2958 3099 3072 3153; x_wconf 84' lang='grc' dir='ltr'>Οὐκ</span> <span class='ocrx_word' id='word_1_465' title='bbox 3094 3094 3210 3152; x_wconf 80' lang='grc' dir='ltr'>οἶδα</span> <span class='ocrx_word' id='word_1_466' title='bbox 3232 3100 3408 3152; x_wconf 70' lang='grc' dir='ltr'>εἰπεῖν</span> <span class='ocrx_word' id='word_1_467' title='bbox 3438 3101 3486 3152; x_wconf 85' lang='grc' dir='ltr'><strong>εί</strong></span> <span class='ocrx_word' id='word_1_468' title='bbox 3515 3098 3811 3169; x_wconf 83' lang='grc' dir='ltr'>δυνηθείην</span> 
     </span>
    </p>
   </div>
   <div class='ocr_carea' id='block_1_64' title="bbox 538 3188 2120 3261">
    <p class='ocr_par' dir='ltr' id='par_1_64' title="bbox 538 3188 2120 3261">
     <span class='ocr_line' id='line_1_64' title="bbox 538 3188 2120 3261; baseline 0.001 -16"><span class='ocrx_word' id='word_1_469' title='bbox 538 3190 727 3245; x_wconf 73' lang='lat' dir='ltr'><strong>adhuc</strong></span> <span class='ocrx_word' id='word_1_470' title='bbox 760 3190 974 3260; x_wconf 84' lang='lat' dir='ltr'><strong>lugens,</strong></span> <span class='ocrx_word' id='word_1_471' title='bbox 1011 3189 1215 3260; x_wconf 83' lang='lat' dir='ltr'><strong>ingenti</strong></span> <span class='ocrx_word' id='word_1_472' title='bbox 1245 3190 1391 3245; x_wconf 90' lang='lat' dir='ltr'><strong>edito</strong></span> <span class='ocrx_word' id='word_1_473' title='bbox 1425 3188 1662 3253; x_wconf 80' lang='lat' dir='ltr'><strong>fremitu,</strong></span> <span class='ocrx_word' id='word_1_474' title='bbox 1686 3188 1978 3261; x_wconf 87' lang='lat' dir='ltr'><strong>adjiciebat</strong></span> <span class='ocrx_word' id='word_1_475' title='bbox 2003 3191 2120 3246; x_wconf 69' lang='lat' dir='ltr'><strong>haec</strong></span> 
     </span>
    </p>
   </div>
   <div class='ocr_carea' id='block_1_65' title="bbox 546 3279 2122 3354">
    <p class='ocr_par' dir='ltr' id='par_1_65' title="bbox 546 3279 2122 3354">
     <span class='ocr_line' id='line_1_65' title="bbox 546 3279 2122 3354; baseline 0 -17"><span class='ocrx_word' id='word_1_476' title='bbox 546 3283 710 3337; x_wconf 72' lang='lat' dir='ltr'><strong>verba</strong></span> <span class='ocrx_word' id='word_1_477' title='bbox 748 3298 763 3336; x_wconf 90' lang='lat'><strong>:</strong></span> <span class='ocrx_word' id='word_1_478' title='bbox 795 3279 912 3335; x_wconf 81' lang='lat' dir='ltr'><strong>Non</strong></span> <span class='ocrx_word' id='word_1_479' title='bbox 952 3281 1126 3338; x_wconf 85' lang='lat' dir='ltr'><strong>habeo</strong></span> <span class='ocrx_word' id='word_1_480' title='bbox 1177 3280 1359 3337; x_wconf 89' lang='lat' dir='ltr'><strong>dicere</strong></span> <span class='ocrx_word' id='word_1_481' title='bbox 1395 3297 1463 3335; x_wconf 93' lang='lat' dir='ltr'><strong>an</strong></span> <span class='ocrx_word' id='word_1_482' title='bbox 1498 3288 1689 3354; x_wconf 88' lang='lat' dir='ltr'><strong>potero</strong></span> <span class='ocrx_word' id='word_1_483' title='bbox 1729 3280 1973 3339; x_wconf 86' lang='lat' dir='ltr'><strong>invenire</strong></span> <span class='ocrx_word' id='word_1_484' title='bbox 2000 3297 2122 3353; x_wconf 65' lang='lat' dir='ltr'><strong>qua:</strong></span> 
     </span>
    </p>
   </div>
   <div class='ocr_carea' id='block_1_66' title="bbox 546 3372 2123 3445">
    <p class='ocr_par' dir='ltr' id='par_1_66' title="bbox 546 3372 2123 3445">
     <span class='ocr_line' id='line_1_66' title="bbox 546 3372 2123 3445; baseline 0 -18"><span class='ocrx_word' id='word_1_485' title='bbox 546 3372 752 3429; x_wconf 78' lang='lat' dir='ltr'><strong>amissa</strong></span> <span class='ocrx_word' id='word_1_486' title='bbox 790 3388 975 3445; x_wconf 72' lang='lat' dir='ltr'><strong>quacro</strong></span> <span class='ocrx_word' id='word_1_487' title='bbox 1005 3374 1145 3429; x_wconf 89' lang='lat' dir='ltr'><strong>bona</strong></span> <span class='ocrx_word' id='word_1_488' title='bbox 1169 3412 1184 3438; x_wconf 90' lang='lat'><strong>,</strong></span> <span class='ocrx_word' id='word_1_489' title='bbox 1227 3374 1321 3430; x_wconf 87' lang='lat' dir='ltr'><strong>sed</strong></span> <span class='ocrx_word' id='word_1_490' title='bbox 1354 3373 1532 3428; x_wconf 87' lang='lat' dir='ltr'><strong>adhuc</strong></span> <span class='ocrx_word' id='word_1_491' title='bbox 1580 3372 1881 3444; x_wconf 85' lang='lat' dir='ltr'><strong>majoribus</strong></span> <span class='ocrx_word' id='word_1_492' title='bbox 1920 3373 2123 3430; x_wconf 83' lang='lat' dir='ltr'><strong>alliciar</strong></span> 
     </span>
    </p>
   </div>
   <div class='ocr_carea' id='block_1_67' title="bbox 548 3461 2122 3535">
    <p class='ocr_par' dir='ltr' id='par_1_67' title="bbox 548 3461 2122 3535">
     <span class='ocr_line' id='line_1_67' title="bbox 548 3461 2122 3535; baseline 0.001 -18"><span class='ocrx_word' id='word_1_493' title='bbox 548 3464 729 3529; x_wconf 86' lang='lat' dir='ltr'><strong>malis,</strong></span> <span class='ocrx_word' id='word_1_494' title='bbox 757 3464 995 3534; x_wconf 82' lang='lat' dir='ltr'><strong>pericula</strong></span> <span class='ocrx_word' id='word_1_495' title='bbox 1042 3464 1361 3535; x_wconf 87' lang='lat' dir='ltr'><strong>quotidiana</strong></span> <span class='ocrx_word' id='word_1_496' title='bbox 1406 3463 1629 3519; x_wconf 88' lang='lat' dir='ltr'><strong>subiens</strong></span> <span class='ocrx_word' id='word_1_497' title='bbox 1656 3478 1831 3533; x_wconf 86' lang='lat' dir='ltr'><strong>usque</strong></span> <span class='ocrx_word' id='word_1_498' title='bbox 1865 3461 1933 3521; x_wconf 87' lang='lat' dir='ltr'><strong>ad</strong></span> <span class='ocrx_word' id='word_1_499' title='bbox 1973 3479 2122 3519; x_wconf 88' lang='lat' dir='ltr'><strong>mor-</strong></span> 
     </span>
    </p>
   </div>
   <div class='ocr_carea' id='block_1_68' title="bbox 2227 3188 3810 3262">
    <p class='ocr_par' dir='ltr' id='par_1_68' title="bbox 2227 3188 3810 3262">
     <span class='ocr_line' id='line_1_68' title="bbox 2227 3188 3810 3262; baseline -0.001 -21"><span class='ocrx_word' id='word_1_500' title='bbox 2227 3188 2401 3260; x_wconf 82' lang='grc' dir='ltr'>εὑρεῖν</span> <span class='ocrx_word' id='word_1_501' title='bbox 2427 3189 2567 3262; x_wconf 76' lang='grc' dir='ltr'>άπερ</span> <span class='ocrx_word' id='word_1_502' title='bbox 2592 3189 2738 3261; x_wconf 75' lang='grc' dir='ltr'>ζητῶ</span> <span class='ocrx_word' id='word_1_503' title='bbox 2770 3190 3044 3253; x_wconf 80' lang='grc' dir='ltr'>ἀπολέσας</span> <span class='ocrx_word' id='word_1_504' title='bbox 3067 3205 3080 3219; x_wconf 92' lang='grc'><strong>·</strong></span> <span class='ocrx_word' id='word_1_505' title='bbox 3101 3188 3215 3243; x_wconf 84' lang='grc' dir='ltr'>ἀλλ’</span> <span class='ocrx_word' id='word_1_506' title='bbox 3257 3188 3334 3242; x_wconf 76' lang='grc' dir='ltr'>ἔτι</span> <span class='ocrx_word' id='word_1_507' title='bbox 3362 3188 3560 3259; x_wconf 77' lang='grc' dir='ltr'>μᾶλλον</span> <span class='ocrx_word' id='word_1_508' title='bbox 3582 3188 3810 3259; x_wconf 85' lang='grc' dir='ltr'>χαρίσο-</span> 
     </span>
    </p>
   </div>
   <div class='ocr_carea' id='block_1_69' title="bbox 2231 3279 3811 3353">
    <p class='ocr_par' dir='ltr' id='par_1_69' title="bbox 2231 3279 3811 3353">
     <span class='ocr_line' id='line_1_69' title="bbox 2231 3279 3811 3353; baseline 0 -22"><span class='ocrx_word' id='word_1_509' title='bbox 2231 3297 2349 3351; x_wconf 90' lang='grc' dir='ltr'>μαι,</span> <span class='ocrx_word' id='word_1_510' title='bbox 2379 3280 2703 3334; x_wconf 78' lang='grc' dir='ltr'>κινδυνεύων</span> <span class='ocrx_word' id='word_1_511' title='bbox 2724 3281 2810 3335; x_wconf 79' lang='grc' dir='ltr'>ἀεὶ</span> <span class='ocrx_word' id='word_1_512' title='bbox 2836 3280 2959 3334; x_wconf 78' lang='grc' dir='ltr'>καθ’</span> <span class='ocrx_word' id='word_1_513' title='bbox 2984 3280 3197 3353; x_wconf 74' lang='grc' dir='ltr'>ἡμέραν</span> <span class='ocrx_word' id='word_1_514' title='bbox 3219 3282 3298 3345; x_wconf 90' lang='grc' dir='ltr'><strong>είς</strong></span> <span class='ocrx_word' id='word_1_515' title='bbox 3323 3281 3572 3345; x_wconf 87' lang='grc' dir='ltr'>θάνατον,</span> <span class='ocrx_word' id='word_1_516' title='bbox 3605 3279 3811 3349; x_wconf 78' lang='grc' dir='ltr'>ἀνοχὴν</span> 
     </span>
    </p>
   </div>
   <div class='ocr_carea' id='block_1_70' title="bbox 2228 3375 3815 3451">
    <p class='ocr_par' dir='ltr' id='par_1_70' title="bbox 2228 3375 3815 3451">
     <span class='ocr_line' id='line_1_70' title="bbox 2228 3375 3815 3451; baseline -0.001 -20"><span class='ocrx_word' id='word_1_517' title='bbox 2228 3378 2327 3432; x_wconf 78' lang='grc' dir='ltr'>οὐκ</span> <span class='ocrx_word' id='word_1_518' title='bbox 2357 3378 2493 3450; x_wconf 81' lang='grc' dir='ltr'>έχων</span> <span class='ocrx_word' id='word_1_519' title='bbox 2524 3378 2632 3431; x_wconf 80' lang='grc' dir='ltr'><strong>ἀπὸ</strong></span> <span class='ocrx_word' id='word_1_520' title='bbox 2664 3379 2773 3431; x_wconf 90' lang='grc' dir='ltr'><strong>τῶν</strong></span> <span class='ocrx_word' id='word_1_521' title='bbox 2802 3378 3056 3450; x_wconf 85' lang='grc' dir='ltr'>ἀμέτρων</span> <span class='ocrx_word' id='word_1_522' title='bbox 3081 3377 3207 3449; x_wconf 75' lang='grc' dir='ltr'>ἐμοὶ</span> <span class='ocrx_word' id='word_1_523' title='bbox 3234 3376 3555 3451; x_wconf 78' lang='grc' dir='ltr'>συμφορῶν.</span> <span class='ocrx_word' id='word_1_524' title='bbox 3584 3377 3677 3430; x_wconf 79' lang='grc' dir='ltr'>Δεῖ</span> <span class='ocrx_word' id='word_1_525' title='bbox 3694 3375 3815 3447; x_wconf 84' lang='grc' dir='ltr'><strong>γὰρ</strong></span> 
     </span>
    </p>
   </div>
   <div class='ocr_carea' id='block_1_71' title="bbox 2233 3466 3773 3540">
    <p class='ocr_par' dir='ltr' id='par_1_71' title="bbox 2233 3466 3773 3540">
     <span class='ocr_line' id='line_1_71' title="bbox 2233 3466 3773 3540; baseline 0.002 -19"><span class='ocrx_word' id='word_1_526' title='bbox 2233 3485 2301 3538; x_wconf 88' lang='grc' dir='ltr'><strong>με</strong></span> <span class='ocrx_word' id='word_1_527' title='bbox 2327 3468 2564 3540; x_wconf 83' lang='grc' dir='ltr'>συνεχῶς</span> <span class='ocrx_word' id='word_1_528' title='bbox 2594 3467 3078 3539; x_wconf 83' lang='grc' dir='ltr'>ἁποπλανώμενον,</span> <span class='ocrx_word' id='word_1_529' title='bbox 3118 3467 3403 3522; x_wconf 85' lang='grc' dir='ltr'>τελειῶσαι</span> <span class='ocrx_word' id='word_1_530' title='bbox 3428 3468 3521 3522; x_wconf 86' lang='grc' dir='ltr'><strong>τδν</strong></span> <span class='ocrx_word' id='word_1_531' title='bbox 3546 3466 3773 3539; x_wconf 85' lang='grc' dir='ltr'>δρόμον.</span> 
     </span>
    </p>
   </div>
   <div class='ocr_carea' id='block_1_72' title="bbox 546 3558 3795 3636">
    <p class='ocr_par' dir='ltr' id='par_1_72' title="bbox 546 3558 3795 3636">
     <span class='ocr_line' id='line_1_72' title="bbox 546 3558 3795 3636; baseline 0.002 -24"><span class='ocrx_word' id='word_1_532' title='bbox 546 3567 689 3624; x_wconf 61' lang='lat' dir='ltr'><strong>tem,</strong></span> <span class='ocrx_word' id='word_1_533' title='bbox 733 3575 834 3615; x_wconf 89' lang='lat' dir='ltr'><strong>nec</strong></span> <span class='ocrx_word' id='word_1_534' title='bbox 884 3561 1091 3616; x_wconf 82' lang='lat' dir='ltr'><strong>habens</strong></span> <span class='ocrx_word' id='word_1_535' title='bbox 1120 3560 1498 3617; x_wconf 87' lang='lat' dir='ltr'><strong>remissionem</strong></span> <span class='ocrx_word' id='word_1_536' title='bbox 1536 3558 1606 3614; x_wconf 89' lang='lat' dir='ltr'><strong>ab</strong></span> <span class='ocrx_word' id='word_1_537' title='bbox 1659 3558 1941 3616; x_wconf 85' lang='lat' dir='ltr'><strong>immensis</strong></span> <span class='ocrx_word' id='word_1_538' title='bbox 1984 3559 2122 3617; x_wconf 88' lang='lat' dir='ltr'><strong>meis</strong></span> <span class='ocrx_word' id='word_1_539' title='bbox 2153 3563 2576 3621; x_wconf 82' lang='lat' dir='ltr'><strong>calamitatibus.</strong></span> <span class='ocrx_word' id='word_1_540' title='bbox 2615 3564 2841 3636; x_wconf 87' lang='lat' dir='ltr'><strong>Oportet</strong></span> <span class='ocrx_word' id='word_1_541' title='bbox 2866 3564 3013 3619; x_wconf 90' lang='lat' dir='ltr'><strong>enim</strong></span> <span class='ocrx_word' id='word_1_542' title='bbox 3051 3578 3139 3618; x_wconf 91' lang='lat' dir='ltr'><strong>me</strong></span> <span class='ocrx_word' id='word_1_543' title='bbox 3199 3564 3462 3621; x_wconf 90' lang='lat' dir='ltr'><strong>continuo</strong></span> <span class='ocrx_word' id='word_1_544' title='bbox 3519 3563 3795 3619; x_wconf 82' lang='lat' dir='ltr'><strong>oberran-</strong></span> 
     </span>
    </p>
   </div>
   <div class='ocr_carea' id='block_1_73' title="bbox 546 3651 1402 3724">
    <p class='ocr_par' dir='ltr' id='par_1_73' title="bbox 546 3651 1402 3724">
     <span class='ocr_line' id='line_1_73' title="bbox 546 3651 1402 3724; baseline -0.005 -15"><span class='ocrx_word' id='word_1_545' title='bbox 546 3656 682 3717; x_wconf 65' lang='lat' dir='ltr'><strong>tem,</strong></span> <span class='ocrx_word' id='word_1_546' title='bbox 706 3665 977 3724; x_wconf 85' lang='lat' dir='ltr'><strong>.peragere</strong></span> <span class='ocrx_word' id='word_1_547' title='bbox 1008 3667 1229 3707; x_wconf 90' lang='lat' dir='ltr'><strong>cursum</strong></span> <span class='ocrx_word' id='word_1_548' title='bbox 1259 3651 1402 3711; x_wconf 67' lang='lat' dir='ltr'><strong>vitta.</strong></span> 
     </span>
    </p>
   </div>
   <div class='ocr_carea' id='block_1_74' title="bbox 986 3759 1646 3830">
    <p class='ocr_par' dir='ltr' id='par_1_74' title="bbox 986 3759 1646 3830">
     <span class='ocr_line' id='line_1_74' title="bbox 986 3759 1646 3830; baseline 0.005 -12"><span class='ocrx_word' id='word_1_549' title='bbox 986 3759 1064 3818; x_wconf 84' lang='lat' dir='ltr'><strong>De</strong></span> <span class='ocrx_word' id='word_1_550' title='bbox 1092 3760 1278 3817; x_wconf 80' lang='lat' dir='ltr'><strong>abbate</strong></span> <span class='ocrx_word' id='word_1_551' title='bbox 1310 3760 1646 3830; x_wconf 82' lang='lat' dir='ltr'><strong>Benjamino.</strong></span> 
     </span>
    </p>
   </div>
   <div class='ocr_carea' id='block_1_75' title="bbox 621 3849 2116 3926">
    <p class='ocr_par' dir='ltr' id='par_1_75' title="bbox 621 3849 2116 3926">
     <span class='ocr_line' id='line_1_75' title="bbox 621 3849 2116 3926; baseline 0.002 -19"><span class='ocrx_word' id='word_1_552' title='bbox 621 3851 674 3907; x_wconf 75' lang='grc' dir='ltr'>ι.</span> <span class='ocrx_word' id='word_1_553' title='bbox 708 3851 853 3907; x_wconf 79' lang='lat' dir='ltr'><strong>Dixit</strong></span> <span class='ocrx_word' id='word_1_554' title='bbox 895 3849 1063 3907; x_wconf 86' lang='lat' dir='ltr'><strong>abbas</strong></span> <span class='ocrx_word' id='word_1_555' title='bbox 1092 3850 1373 3921; x_wconf 86' lang='lat' dir='ltr'><strong>Benjamin</strong></span> <span class='ocrx_word' id='word_1_556' title='bbox 1405 3870 1418 3908; x_wconf 91' lang='lat'><strong>:</strong></span> <span class='ocrx_word' id='word_1_557' title='bbox 1449 3851 1678 3920; x_wconf 87' lang='lat' dir='ltr'><strong>Quando</strong></span> <span class='ocrx_word' id='word_1_558' title='bbox 1726 3860 1851 3926; x_wconf 84' lang='lat' dir='ltr'><strong>post</strong></span> <span class='ocrx_word' id='word_1_559' title='bbox 1882 3866 2116 3913; x_wconf 80' lang='lat' dir='ltr'><strong>messem</strong></span> 
     </span>
    </p>
   </div>
   <div class='ocr_carea' id='block_1_76' title="bbox 544 3940 2126 4008">
    <p class='ocr_par' dir='ltr' id='par_1_76' title="bbox 544 3940 2126 4008">
     <span class='ocr_line' id='line_1_76' title="bbox 544 3940 2126 4008; baseline 0.001 -8"><span class='ocrx_word' id='word_1_560' title='bbox 544 3942 756 4007; x_wconf 80' lang='lat' dir='ltr'><strong>Scetim</strong></span> <span class='ocrx_word' id='word_1_561' title='bbox 794 3940 1205 4008; x_wconf 84' lang='lat' dir='ltr'><strong>descendimus,</strong></span> <span class='ocrx_word' id='word_1_562' title='bbox 1231 3944 1531 4003; x_wconf 86' lang='lat' dir='ltr'><strong>attulerunt</strong></span> <span class='ocrx_word' id='word_1_563' title='bbox 1564 3945 1725 4002; x_wconf 84' lang='lat' dir='ltr'><strong>nobis</strong></span> <span class='ocrx_word' id='word_1_564' title='bbox 1773 3960 1842 4007; x_wconf 73' lang='lat' dir='ltr'><strong>ex</strong></span> <span class='ocrx_word' id='word_1_565' title='bbox 1889 3944 2126 4004; x_wconf 79' lang='lat' dir='ltr'><strong>Alexan-</strong></span> 
     </span>
    </p>
   </div>
   <div class='ocr_carea' id='block_1_77' title="bbox 549 4034 2127 4109">
    <p class='ocr_par' dir='ltr' id='par_1_77' title="bbox 549 4034 2127 4109">
     <span class='ocr_line' id='line_1_77' title="bbox 549 4034 2127 4109; baseline 0.001 -17"><span class='ocrx_word' id='word_1_566' title='bbox 549 4034 671 4093; x_wconf 85' lang='lat' dir='ltr'><strong>dria</strong></span> <span class='ocrx_word' id='word_1_567' title='bbox 700 4034 1062 4100; x_wconf 83' lang='lat' dir='ltr'><strong>oblationem,</strong></span> <span class='ocrx_word' id='word_1_568' title='bbox 1111 4035 1340 4107; x_wconf 89' lang='lat' dir='ltr'><strong>singulis</strong></span> <span class='ocrx_word' id='word_1_569' title='bbox 1373 4051 1470 4091; x_wconf 84' lang='lat' dir='ltr'><strong>vas</strong></span> <span class='ocrx_word' id='word_1_570' title='bbox 1517 4037 1740 4095; x_wconf 75' lang='lat' dir='ltr'><strong>sextarii</strong></span> <span class='ocrx_word' id='word_1_571' title='bbox 1780 4036 1885 4093; x_wconf 90' lang='lat' dir='ltr'><strong>olei</strong></span> <span class='ocrx_word' id='word_1_572' title='bbox 1926 4050 2127 4109; x_wconf 55' lang='lat' dir='ltr'><strong>gypsa-</strong></span> 
     </span>
    </p>
   </div>
   <div class='ocr_carea' id='block_1_78' title="bbox 549 4123 2123 4199">
    <p class='ocr_par' dir='ltr' id='par_1_78' title="bbox 549 4123 2123 4199">
     <span class='ocr_line' id='line_1_78' title="bbox 549 4123 2123 4199; baseline -0.003 -18"><span class='ocrx_word' id='word_1_573' title='bbox 549 4135 688 4185; x_wconf 89' lang='lat' dir='ltr'><strong>tum.</strong></span> <span class='ocrx_word' id='word_1_574' title='bbox 739 4124 987 4196; x_wconf 80' lang='lat' dir='ltr'><strong>Cumque</strong></span> <span class='ocrx_word' id='word_1_575' title='bbox 1032 4125 1226 4181; x_wconf 88' lang='lat' dir='ltr'><strong>messis</strong></span> <span class='ocrx_word' id='word_1_576' title='bbox 1275 4132 1493 4199; x_wconf 83' lang='lat' dir='ltr'><strong>tempus</strong></span> <span class='ocrx_word' id='word_1_577' title='bbox 1542 4125 1819 4190; x_wconf 85' lang='lat' dir='ltr'><strong>rediisset,</strong></span> <span class='ocrx_word' id='word_1_578' title='bbox 1856 4123 2123 4196; x_wconf 84' lang='lat' dir='ltr'><strong>quidquid</strong></span> 
     </span>
    </p>
   </div>
   <div class='ocr_carea' id='block_1_79' title="bbox 548 4212 2123 4289">
    <p class='ocr_par' dir='ltr' id='par_1_79' title="bbox 548 4212 2123 4289">
     <span class='ocr_line' id='line_1_79' title="bbox 548 4212 2123 4289; baseline -0.003 -15"><span class='ocrx_word' id='word_1_579' title='bbox 548 4217 748 4289; x_wconf 81' lang='lat' dir='ltr'><strong>reliqui</strong></span> <span class='ocrx_word' id='word_1_580' title='bbox 782 4223 974 4281; x_wconf 73' lang='lat' dir='ltr'><strong>esset,</strong></span> <span class='ocrx_word' id='word_1_581' title='bbox 1022 4212 1220 4271; x_wconf 78' lang='lat' dir='ltr'><strong>fratres</strong></span> <span class='ocrx_word' id='word_1_582' title='bbox 1268 4216 1336 4275; x_wconf 84' lang='lat' dir='ltr'><strong>ad</strong></span> <span class='ocrx_word' id='word_1_583' title='bbox 1387 4216 1678 4275; x_wconf 71' lang='lat' dir='ltr'><strong>ecclesiam</strong></span> <span class='ocrx_word' id='word_1_584' title='bbox 1723 4216 1971 4272; x_wconf 85' lang='lat' dir='ltr'><strong>solebant</strong></span> <span class='ocrx_word' id='word_1_585' title='bbox 2024 4214 2123 4271; x_wconf 89' lang='lat' dir='ltr'><strong>de-</strong></span> 
     </span>
    </p>
   </div>
   <div class='ocr_carea' id='block_1_80' title="bbox 550 4303 2124 4377">
    <p class='ocr_par' dir='ltr' id='par_1_80' title="bbox 550 4303 2124 4377">
     <span class='ocr_line' id='line_1_80' title="bbox 550 4303 2124 4377; baseline -0.002 -14"><span class='ocrx_word' id='word_1_586' title='bbox 550 4309 712 4365; x_wconf 90' lang='lat' dir='ltr'><strong>ferre.</strong></span> <span class='ocrx_word' id='word_1_587' title='bbox 746 4307 858 4377; x_wconf 84' lang='lat' dir='ltr'><strong>Ego</strong></span> <span class='ocrx_word' id='word_1_588' title='bbox 893 4321 1023 4362; x_wconf 82' lang='lat' dir='ltr'><strong>vero</strong></span> <span class='ocrx_word' id='word_1_589' title='bbox 1061 4321 1171 4363; x_wconf 91' lang='lat' dir='ltr'><strong>non</strong></span> <span class='ocrx_word' id='word_1_590' title='bbox 1209 4306 1399 4376; x_wconf 88' lang='lat' dir='ltr'><strong>aperui</strong></span> <span class='ocrx_word' id='word_1_591' title='bbox 1448 4307 1730 4363; x_wconf 73' lang='lat' dir='ltr'><strong>vasculum</strong></span> <span class='ocrx_word' id='word_1_592' title='bbox 1764 4320 1945 4365; x_wconf 85' lang='lat' dir='ltr'><strong>meum</strong></span> <span class='ocrx_word' id='word_1_593' title='bbox 1968 4345 1982 4371; x_wconf 94' lang='lat'><strong>,</strong></span> <span class='ocrx_word' id='word_1_594' title='bbox 2026 4303 2124 4363; x_wconf 84' lang='lat' dir='ltr'><strong>sed</strong></span> 
     </span>
    </p>
   </div>
   <div class='ocr_carea' id='block_1_81' title="bbox 550 4393 2126 4467">
    <p class='ocr_par' dir='ltr' id='par_1_81' title="bbox 550 4393 2126 4467">
     <span class='ocr_line' id='line_1_81' title="bbox 550 4393 2126 4467; baseline 0 -14"><span class='ocrx_word' id='word_1_595' title='bbox 550 4413 656 4453; x_wconf 88' lang='lat' dir='ltr'><strong>acu</strong></span> <span class='ocrx_word' id='word_1_596' title='bbox 700 4395 1005 4467; x_wconf 81' lang='lat' dir='ltr'><strong>perforavi,</strong></span> <span class='ocrx_word' id='word_1_597' title='bbox 1054 4401 1110 4449; x_wconf 86' lang='lat' dir='ltr'><strong>et</strong></span> <span class='ocrx_word' id='word_1_598' title='bbox 1158 4409 1349 4464; x_wconf 89' lang='lat' dir='ltr'><strong>parum</strong></span> <span class='ocrx_word' id='word_1_599' title='bbox 1383 4393 1623 4449; x_wconf 81' lang='lat' dir='ltr'><strong>deduxi:</strong></span> <span class='ocrx_word' id='word_1_600' title='bbox 1654 4403 1819 4465; x_wconf 91' lang='lat' dir='ltr'><strong>atque</strong></span> <span class='ocrx_word' id='word_1_601' title='bbox 1846 4396 1901 4450; x_wconf 92' lang='lat' dir='ltr'><strong>in</strong></span> <span class='ocrx_word' id='word_1_602' title='bbox 1941 4396 2126 4453; x_wconf 85' lang='lat' dir='ltr'><strong>animo</strong></span> 
     </span>
    </p>
   </div>
   <div class='ocr_carea' id='block_1_82' title="bbox 2610 3757 3413 3829">
    <p class='ocr_par' dir='ltr' id='par_1_82' title="bbox 2610 3757 3413 3829">
     <span class='ocr_line' id='line_1_82' title="bbox 2610 3757 3413 3829; baseline 0.001 -17"><span class='ocrx_word' id='word_1_603' title='bbox 2610 3757 2752 3826; x_wconf 69' lang='grc' dir='ltr'>Περὶ</span> <span class='ocrx_word' id='word_1_604' title='bbox 2788 3757 2896 3812; x_wconf 86' lang='grc' dir='ltr'>τοῦ</span> <span class='ocrx_word' id='word_1_605' title='bbox 2927 3757 3078 3813; x_wconf 77' lang='grc' dir='ltr'><strong>άόϐᾶ</strong></span> <span class='ocrx_word' id='word_1_606' title='bbox 3107 3760 3413 3829; x_wconf 79' lang='grc' dir='ltr'>Βενιαμίν.</span> 
     </span>
    </p>
   </div>
   <div class='ocr_carea' id='block_1_83' title="bbox 2298 3849 3815 3927">
    <p class='ocr_par' dir='ltr' id='par_1_83' title="bbox 2298 3849 3815 3927">
     <span class='ocr_line' id='line_1_83' title="bbox 2298 3849 3815 3927; baseline 0.002 -23"><span class='ocrx_word' id='word_1_607' title='bbox 2298 3856 2369 3907; x_wconf 85' lang='grc' dir='ltr'><strong>α’.</strong></span> <span class='ocrx_word' id='word_1_608' title='bbox 2402 3850 2627 3919; x_wconf 87' lang='grc' dir='ltr'>Ἔλεγεν</span> <span class='ocrx_word' id='word_1_609' title='bbox 2666 3852 2693 3903; x_wconf 88' lang='grc' dir='ltr'>ὁ</span> <span class='ocrx_word' id='word_1_610' title='bbox 2726 3849 2899 3913; x_wconf 76' lang='grc' dir='ltr'>ἀϐϐἂς</span> <span class='ocrx_word' id='word_1_611' title='bbox 2933 3849 3214 3921; x_wconf 69' lang='grc' dir='ltr'>Βενιαμὶν,</span> <span class='ocrx_word' id='word_1_612' title='bbox 3242 3851 3322 3904; x_wconf 80' lang='grc' dir='ltr'>ὅτι</span> <span class='ocrx_word' id='word_1_613' title='bbox 3350 3850 3439 3913; x_wconf 83' lang='grc' dir='ltr'>Ὧς</span> <span class='ocrx_word' id='word_1_614' title='bbox 3461 3854 3815 3927; x_wconf 76' lang='grc' dir='ltr'>κατήλθομεν</span> 
     </span>
    </p>
   </div>
   <div class='ocr_carea' id='block_1_84' title="bbox 2224 3938 3816 4012">
    <p class='ocr_par' dir='ltr' id='par_1_84' title="bbox 2224 3938 3816 4012">
     <span class='ocr_line' id='line_1_84' title="bbox 2224 3938 3816 4012; baseline 0.003 -17"><span class='ocrx_word' id='word_1_615' title='bbox 2224 3940 2332 3995; x_wconf 77' lang='grc' dir='ltr'>ἀπὸ</span> <span class='ocrx_word' id='word_1_616' title='bbox 2357 3939 2452 3993; x_wconf 80' lang='grc' dir='ltr'>τοῦ</span> <span class='ocrx_word' id='word_1_617' title='bbox 2490 3938 2680 4011; x_wconf 87' lang='grc' dir='ltr'>θέρους</span> <span class='ocrx_word' id='word_1_618' title='bbox 2705 3941 2783 4004; x_wconf 87' lang='grc' dir='ltr'><strong>είς</strong></span> <span class='ocrx_word' id='word_1_619' title='bbox 2813 3939 3032 4011; x_wconf 77' lang='grc' dir='ltr'>Σκῆτιν,</span> <span class='ocrx_word' id='word_1_620' title='bbox 3073 3940 3310 4011; x_wconf 79' lang='grc' dir='ltr'>ήνεγκαν</span> <span class='ocrx_word' id='word_1_621' title='bbox 3349 3941 3481 4012; x_wconf 78' lang='grc' dir='ltr'>ἡμῖν</span> <span class='ocrx_word' id='word_1_622' title='bbox 3513 3943 3621 3996; x_wconf 79' lang='grc' dir='ltr'>ἀπὸ</span> <span class='ocrx_word' id='word_1_623' title='bbox 3659 3946 3816 4000; x_wconf 76' lang='grc' dir='ltr'>Ἀλε-</span> 
     </span>
    </p>
   </div>
   <div class='ocr_carea' id='block_1_85' title="bbox 2227 4030 3814 4103">
    <p class='ocr_par' dir='ltr' id='par_1_85' title="bbox 2227 4030 3814 4103">
     <span class='ocr_line' id='line_1_85' title="bbox 2227 4030 3814 4103; baseline 0.004 -19"><span class='ocrx_word' id='word_1_624' title='bbox 2227 4031 2511 4103; x_wconf 84' lang='grc' dir='ltr'>ξανδρείας</span> <span class='ocrx_word' id='word_1_625' title='bbox 2558 4031 2958 4102; x_wconf 79' lang='grc' dir='ltr'>καρποφορίαν,</span> <span class='ocrx_word' id='word_1_626' title='bbox 3022 4031 3157 4100; x_wconf 74' lang='grc' dir='ltr'>πρὸς</span> <span class='ocrx_word' id='word_1_627' title='bbox 3217 4030 3315 4086; x_wconf 72' lang='grc' dir='ltr'>ἕνα</span> <span class='ocrx_word' id='word_1_628' title='bbox 3362 4032 3582 4101; x_wconf 88' lang='grc' dir='ltr'>ἀγγεῖον</span> <span class='ocrx_word' id='word_1_629' title='bbox 3623 4034 3814 4091; x_wconf 84' lang='grc' dir='ltr'>ἐλαίου</span> 
     </span>
    </p>
   </div>
   <div class='ocr_carea' id='block_1_86' title="bbox 2230 4117 3814 4200">
    <p class='ocr_par' dir='ltr' id='par_1_86' title="bbox 2230 4117 3814 4200">
     <span class='ocr_line' id='line_1_86' title="bbox 2230 4117 3814 4200; baseline 0.004 -24"><span class='ocrx_word' id='word_1_630' title='bbox 2230 4123 2418 4190; x_wconf 80' lang='grc' dir='ltr'>ξέστου</span> <span class='ocrx_word' id='word_1_631' title='bbox 2464 4122 2886 4193; x_wconf 71' lang='grc' dir='ltr'>γεγυψωμένον·</span> <span class='ocrx_word' id='word_1_632' title='bbox 2938 4121 3032 4174; x_wconf 73' lang='grc' dir='ltr'>καὶ</span> <span class='ocrx_word' id='word_1_633' title='bbox 3067 4122 3143 4185; x_wconf 86' lang='grc' dir='ltr'>ὡς</span> <span class='ocrx_word' id='word_1_634' title='bbox 3179 4117 3309 4194; x_wconf 80' lang='grc' dir='ltr'>ἦλθε</span> <span class='ocrx_word' id='word_1_635' title='bbox 3340 4122 3503 4177; x_wconf 83' lang='grc' dir='ltr'>πάλιν</span> <span class='ocrx_word' id='word_1_636' title='bbox 3546 4128 3575 4179; x_wconf 83' lang='grc' dir='ltr'>ὁ</span> <span class='ocrx_word' id='word_1_637' title='bbox 3615 4130 3814 4200; x_wconf 72' lang='grc' dir='ltr'>καιρὸς</span> 
     </span>
    </p>
   </div>
   <div class='ocr_carea' id='block_1_87' title="bbox 2228 4213 3814 4290">
    <p class='ocr_par' dir='ltr' id='par_1_87' title="bbox 2228 4213 3814 4290">
     <span class='ocr_line' id='line_1_87' title="bbox 2228 4213 3814 4290; baseline 0.003 -20"><span class='ocrx_word' id='word_1_638' title='bbox 2228 4214 2323 4271; x_wconf 81' lang='grc' dir='ltr'><strong>τοῦ</strong></span> <span class='ocrx_word' id='word_1_639' title='bbox 2355 4214 2566 4285; x_wconf 76' lang='grc' dir='ltr'>θέρους,</span> <span class='ocrx_word' id='word_1_640' title='bbox 2600 4215 2654 4267; x_wconf 82' lang='grc' dir='ltr'><strong>εἴ</strong></span> <span class='ocrx_word' id='word_1_641' title='bbox 2680 4231 2732 4267; x_wconf 88' lang='grc' dir='ltr'><strong>τι</strong></span> <span class='ocrx_word' id='word_1_642' title='bbox 2762 4213 3132 4285; x_wconf 87' lang='grc' dir='ltr'>περιέσσευεν,</span> <span class='ocrx_word' id='word_1_643' title='bbox 3177 4215 3226 4266; x_wconf 81' lang='lat' dir='ltr'><strong>oi</strong></span> <span class='ocrx_word' id='word_1_644' title='bbox 3255 4214 3473 4285; x_wconf 74' lang='grc' dir='ltr'>ἀδελφοὶ</span> <span class='ocrx_word' id='word_1_645' title='bbox 3503 4216 3698 4290; x_wconf 79' lang='grc' dir='ltr'>ἔφερον</span> <span class='ocrx_word' id='word_1_646' title='bbox 3729 4224 3814 4285; x_wconf 79' lang='grc' dir='ltr'>εἰς</span> 
     </span>
    </p>
   </div>
   <div class='ocr_carea' id='block_1_88' title="bbox 2229 4304 3813 4378">
    <p class='ocr_par' dir='ltr' id='par_1_88' title="bbox 2229 4304 3813 4378">
     <span class='ocr_line' id='line_1_88' title="bbox 2229 4304 3813 4378; baseline 0.004 -20"><span class='ocrx_word' id='word_1_647' title='bbox 2229 4306 2328 4377; x_wconf 85' lang='grc' dir='ltr'>τὴν</span> <span class='ocrx_word' id='word_1_648' title='bbox 2367 4305 2683 4375; x_wconf 81' lang='grc' dir='ltr'>ἐκκλησίαν.</span> <span class='ocrx_word' id='word_1_649' title='bbox 2722 4304 2892 4374; x_wconf 85' lang='grc' dir='ltr'><strong>Κάγὼ</strong></span> <span class='ocrx_word' id='word_1_650' title='bbox 2930 4305 3079 4375; x_wconf 78' lang='grc' dir='ltr'>ήμην</span> <span class='ocrx_word' id='word_1_651' title='bbox 3126 4305 3201 4376; x_wconf 77' lang='grc' dir='ltr'>μὴ</span> <span class='ocrx_word' id='word_1_652' title='bbox 3244 4305 3461 4371; x_wconf 85' lang='grc' dir='ltr'>ἀνοίξας</span> <span class='ocrx_word' id='word_1_653' title='bbox 3494 4308 3556 4361; x_wconf 89' lang='grc' dir='ltr'><strong>τδ</strong></span> <span class='ocrx_word' id='word_1_654' title='bbox 3586 4310 3813 4378; x_wconf 81' lang='grc' dir='ltr'>ἀγγεῖόν</span> 
     </span>
    </p>
   </div>
   <div class='ocr_carea' id='block_1_89' title="bbox 2234 4394 3809 4473">
    <p class='ocr_par' dir='ltr' id='par_1_89' title="bbox 2234 4394 3809 4473">
     <span class='ocr_line' id='line_1_89' title="bbox 2234 4394 3809 4473; baseline 0.005 -25"><span class='ocrx_word' id='word_1_655' title='bbox 2234 4412 2359 4465; x_wconf 90' lang='grc' dir='ltr'>μου,</span> <span class='ocrx_word' id='word_1_656' title='bbox 2392 4394 2527 4449; x_wconf 85' lang='grc' dir='ltr'><strong>ἀλλά</strong></span> <span class='ocrx_word' id='word_1_657' title='bbox 2565 4399 2631 4468; x_wconf 82' lang='grc' dir='ltr'><strong>τῇ</strong></span> <span class='ocrx_word' id='word_1_658' title='bbox 2677 4396 2861 4468; x_wconf 82' lang='grc' dir='ltr'>ραφίδι</span> <span class='ocrx_word' id='word_1_659' title='bbox 2889 4398 3192 4467; x_wconf 81' lang='grc' dir='ltr'>τρυπήσας,</span> <span class='ocrx_word' id='word_1_660' title='bbox 3231 4396 3529 4466; x_wconf 87' lang='grc' dir='ltr'>μετέϐαλον</span> <span class='ocrx_word' id='word_1_661' title='bbox 3575 4402 3809 4473; x_wconf 58' lang='grc' dir='ltr'>μικρόν</span> 
     </span>
    </p>
   </div>
   <div class='ocr_carea' id='block_1_90' title="bbox 552 4479 2120 4562">
    <p class='ocr_par' dir='ltr' id='par_1_90' title="bbox 552 4482 2120 4560">
     <span class='ocr_line' id='line_1_90' title="bbox 552 4482 2120 4560; baseline -0.001 -18"><span class='ocrx_word' id='word_1_662' title='bbox 552 4488 745 4552; x_wconf 73' lang='lat' dir='ltr'><strong>habui,</strong></span> <span class='ocrx_word' id='word_1_663' title='bbox 787 4500 818 4545; x_wconf 82' lang='lat' dir='ltr'><strong>a</strong></span> <span class='ocrx_word' id='word_1_664' title='bbox 852 4500 937 4544; x_wconf 89' lang='lat' dir='ltr'><strong>me</strong></span> <span class='ocrx_word' id='word_1_665' title='bbox 962 4482 1095 4559; x_wconf 84' lang='lat' dir='ltr'><strong>quid</strong></span> <span class='ocrx_word' id='word_1_666' title='bbox 1128 4484 1307 4555; x_wconf 84' lang='lat' dir='ltr'><strong>magni</strong></span> <span class='ocrx_word' id='word_1_667' title='bbox 1338 4491 1522 4542; x_wconf 87' lang='lat' dir='ltr'><strong>actum</strong></span> <span class='ocrx_word' id='word_1_668' title='bbox 1552 4499 1695 4543; x_wconf 84' lang='lat' dir='ltr'><strong>esse.</strong></span> <span class='ocrx_word' id='word_1_669' title='bbox 1734 4484 1935 4540; x_wconf 80' lang='lat' dir='ltr'><strong>Verum</strong></span> <span class='ocrx_word' id='word_1_670' title='bbox 1976 4497 2120 4560; x_wconf 87' lang='lat' dir='ltr'><strong>post-</strong></span> 
     </span>
    </p>
   </div>
   <div class='ocr_carea' id='block_1_91' title="bbox 2228 4479 3809 4562">
    <p class='ocr_par' dir='ltr' id='par_1_91' title="bbox 2231 4479 3809 4562">
     <span class='ocr_line' id='line_1_91' title="bbox 2231 4479 3809 4562; baseline 0.007 -25"><span class='ocrx_word' id='word_1_671' title='bbox 2231 4483 2325 4538; x_wconf 77' lang='grc' dir='ltr'>καὶ</span> <span class='ocrx_word' id='word_1_672' title='bbox 2350 4479 2494 4556; x_wconf 75' lang='grc' dir='ltr'>εἶχεν</span> <span class='ocrx_word' id='word_1_673' title='bbox 2532 4487 2566 4555; x_wconf 77' lang='grc' dir='ltr'>ἡ</span> <span class='ocrx_word' id='word_1_674' title='bbox 2610 4485 2807 4557; x_wconf 83' lang='grc' dir='ltr'>καρδία</span> <span class='ocrx_word' id='word_1_675' title='bbox 2837 4502 2961 4557; x_wconf 91' lang='grc' dir='ltr'>μου,</span> <span class='ocrx_word' id='word_1_676' title='bbox 2992 4485 3075 4539; x_wconf 84' lang='grc' dir='ltr'>ὅτι</span> <span class='ocrx_word' id='word_1_677' title='bbox 3105 4485 3246 4557; x_wconf 83' lang='grc' dir='ltr'>μέγα</span> <span class='ocrx_word' id='word_1_678' title='bbox 3280 4488 3513 4560; x_wconf 83' lang='grc' dir='ltr'>πρᾶγμα</span> <span class='ocrx_word' id='word_1_679' title='bbox 3548 4491 3809 4562; x_wconf 81' lang='grc' dir='ltr'>ἐποίησα.</span> 
     </span>
    </p>
   </div>
   <div class='ocr_carea' id='block_1_92' title="bbox 554 4574 2129 4650">
    <p class='ocr_par' dir='ltr' id='par_1_92' title="bbox 554 4574 2129 4650">
     <span class='ocr_line' id='line_1_92' title="bbox 554 4574 2129 4650; baseline -0.001 -14"><span class='ocrx_word' id='word_1_680' title='bbox 554 4594 720 4650; x_wconf 86' lang='lat' dir='ltr'><strong>quam</strong></span> <span class='ocrx_word' id='word_1_681' title='bbox 754 4579 1055 4635; x_wconf 78' lang='lat' dir='ltr'><strong>attulerunt</strong></span> <span class='ocrx_word' id='word_1_682' title='bbox 1084 4574 1281 4637; x_wconf 82' lang='lat' dir='ltr'><strong>fratres</strong></span> <span class='ocrx_word' id='word_1_683' title='bbox 1308 4590 1440 4632; x_wconf 82' lang='lat' dir='ltr'><strong>vasa</strong></span> <span class='ocrx_word' id='word_1_684' title='bbox 1471 4579 1676 4639; x_wconf 83' lang='lat' dir='ltr'><strong>suauti</strong></span> <span class='ocrx_word' id='word_1_685' title='bbox 1701 4588 1877 4643; x_wconf 84' lang='lat' dir='ltr'><strong>erant,</strong></span> <span class='ocrx_word' id='word_1_686' title='bbox 1918 4594 2129 4637; x_wconf 89' lang='lat' dir='ltr'><strong>meum-</strong></span> 
     </span>
    </p>
   </div>
   <div class='ocr_carea' id='block_1_93' title="bbox 554 4663 2125 4740">
    <p class='ocr_par' dir='ltr' id='par_1_93' title="bbox 554 4663 2125 4740">
     <span class='ocr_line' id='line_1_93' title="bbox 554 4663 2125 4740; baseline -0.003 -15"><span class='ocrx_word' id='word_1_687' title='bbox 554 4685 662 4740; x_wconf 90' lang='lat' dir='ltr'><strong>que</strong></span> <span class='ocrx_word' id='word_1_688' title='bbox 688 4676 804 4724; x_wconf 87' lang='lat' dir='ltr'><strong>erat</strong></span> <span class='ocrx_word' id='word_1_689' title='bbox 825 4667 1164 4738; x_wconf 86' lang='lat' dir='ltr'><strong>perforatum</strong></span> <span class='ocrx_word' id='word_1_690' title='bbox 1180 4707 1196 4734; x_wconf 86' lang='lat'><strong>,</strong></span> <span class='ocrx_word' id='word_1_691' title='bbox 1226 4666 1375 4721; x_wconf 84' lang='lat' dir='ltr'><strong>velut</strong></span> <span class='ocrx_word' id='word_1_692' title='bbox 1401 4663 1701 4723; x_wconf 83' lang='lat' dir='ltr'><strong>fornicator</strong></span> <span class='ocrx_word' id='word_1_693' title='bbox 1726 4682 1838 4739; x_wconf 66' lang='lat' dir='ltr'><strong>pra</strong></span> <span class='ocrx_word' id='word_1_694' title='bbox 1864 4682 2125 4727; x_wconf 79' lang='lat' dir='ltr'><strong>verecun-</strong></span> 
     </span>
    </p>
   </div>
   <div class='ocr_carea' id='block_1_94' title="bbox 554 4758 1090 4817">
    <p class='ocr_par' dir='ltr' id='par_1_94' title="bbox 554 4758 1090 4817">
     <span class='ocr_line' id='line_1_94' title="bbox 554 4758 1090 4817; baseline -0.002 -5"><span class='ocrx_word' id='word_1_695' title='bbox 554 4758 643 4815; x_wconf 90' lang='lat' dir='ltr'><strong>dia</strong></span> <span class='ocrx_word' id='word_1_696' title='bbox 673 4758 823 4817; x_wconf 65' lang='lat' dir='ltr'><strong>visus</strong></span> <span class='ocrx_word' id='word_1_697' title='bbox 850 4772 996 4812; x_wconf 87' lang='lat' dir='ltr'><strong>sum.</strong></span> <span class='ocrx_word' id='word_1_698' title='bbox 1086 4789 1090 4794; x_wconf 68' lang='grc' dir='ltr'><strong>ι</strong></span> 
     </span>
    </p>
   </div>
   <div class='ocr_carea' id='block_1_95' title="bbox 625 4847 2129 4923">
    <p class='ocr_par' dir='ltr' id='par_1_95' title="bbox 625 4847 2129 4923">
     <span class='ocr_line' id='line_1_95' title="bbox 625 4847 2129 4923; baseline 0.003 -20"><span class='ocrx_word' id='word_1_699' title='bbox 625 4849 681 4905; x_wconf 72' lang='lat'><strong>2.</strong></span> <span class='ocrx_word' id='word_1_700' title='bbox 712 4848 851 4919; x_wconf 84' lang='lat'><strong>(86)</strong></span> <span class='ocrx_word' id='word_1_701' title='bbox 890 4847 1095 4907; x_wconf 78' lang='lat' dir='ltr'><strong>Retulit</strong></span> <span class='ocrx_word' id='word_1_702' title='bbox 1117 4847 1288 4905; x_wconf 86' lang='lat' dir='ltr'><strong>abbas</strong></span> <span class='ocrx_word' id='word_1_703' title='bbox 1317 4847 1599 4923; x_wconf 85' lang='lat' dir='ltr'><strong>Benjamiu</strong></span> <span class='ocrx_word' id='word_1_704' title='bbox 1640 4847 1934 4909; x_wconf 83' lang='lat' dir='ltr'><strong>Celliorum</strong></span> <span class='ocrx_word' id='word_1_705' title='bbox 1969 4865 2129 4921; x_wconf 82' lang='lat' dir='ltr'><strong>pres-</strong></span> 
     </span>
    </p>
   </div>
   <div class='ocr_carea' id='block_1_96' title="bbox 556 4939 2126 5014">
    <p class='ocr_par' dir='ltr' id='par_1_96' title="bbox 556 4939 2126 5014">
     <span class='ocr_line' id='line_1_96' title="bbox 556 4939 2126 5014; baseline 0.004 -23"><span class='ocrx_word' id='word_1_706' title='bbox 556 4941 754 5014; x_wconf 79' lang='lat' dir='ltr'><strong>byter:</strong></span> <span class='ocrx_word' id='word_1_707' title='bbox 802 4940 1067 5001; x_wconf 76' lang='lat' dir='ltr'><strong>Venimus</strong></span> <span class='ocrx_word' id='word_1_708' title='bbox 1118 4939 1319 4999; x_wconf 86' lang='lat' dir='ltr'><strong>Scetim</strong></span> <span class='ocrx_word' id='word_1_709' title='bbox 1350 4940 1421 4995; x_wconf 85' lang='lat' dir='ltr'><strong>ad</strong></span> <span class='ocrx_word' id='word_1_710' title='bbox 1458 4939 1747 5011; x_wconf 88' lang='lat' dir='ltr'><strong>quemdam</strong></span> <span class='ocrx_word' id='word_1_711' title='bbox 1795 4956 1980 4999; x_wconf 84' lang='lat' dir='ltr'><strong>senem</strong></span> <span class='ocrx_word' id='word_1_712' title='bbox 2005 4984 2021 5009; x_wconf 91' lang='lat'><strong>,</strong></span> <span class='ocrx_word' id='word_1_713' title='bbox 2072 4951 2126 4998; x_wconf 88' lang='lat' dir='ltr'><strong>et</strong></span> 
     </span>
    </p>
   </div>
   <div class='ocr_carea' id='block_1_97' title="bbox 526 5029 2122 5102">
    <p class='ocr_par' dir='ltr' id='par_1_97' title="bbox 526 5029 2122 5102">
     <span class='ocr_line' id='line_1_97' title="bbox 526 5029 2122 5102; baseline 0.003 -17"><span class='ocrx_word' id='word_1_714' title='bbox 526 5030 829 5102; x_wconf 52' lang='lat' dir='ltr'><strong>.volttimus</strong></span> <span class='ocrx_word' id='word_1_715' title='bbox 855 5030 905 5087; x_wconf 90' lang='lat' dir='ltr'><strong>ei</strong></span> <span class='ocrx_word' id='word_1_716' title='bbox 945 5029 1076 5091; x_wconf 84' lang='lat' dir='ltr'><strong>dare</strong></span> <span class='ocrx_word' id='word_1_717' title='bbox 1105 5044 1294 5099; x_wconf 77' lang='lat' dir='ltr'><strong>parum</strong></span> <span class='ocrx_word' id='word_1_718' title='bbox 1322 5029 1428 5089; x_wconf 86' lang='lat' dir='ltr'><strong>olei</strong></span> <span class='ocrx_word' id='word_1_719' title='bbox 1450 5045 1465 5095; x_wconf 87' lang='lat'><strong>;</strong></span> <span class='ocrx_word' id='word_1_720' title='bbox 1489 5036 1604 5085; x_wconf 85' lang='lat' dir='ltr'><strong>tum</strong></span> <span class='ocrx_word' id='word_1_721' title='bbox 1634 5029 1771 5086; x_wconf 78' lang='lat' dir='ltr'><strong>dixit</strong></span> <span class='ocrx_word' id='word_1_722' title='bbox 1808 5031 2005 5087; x_wconf 89' lang='lat' dir='ltr'><strong>nobis:</strong></span> <span class='ocrx_word' id='word_1_723' title='bbox 2041 5031 2122 5091; x_wconf 82' lang='lat' dir='ltr'><strong>En</strong></span> 
     </span>
    </p>
   </div>
   <div class='ocr_carea' id='block_1_98' title="bbox 559 5121 2129 5199">
    <p class='ocr_par' dir='ltr' id='par_1_98' title="bbox 559 5121 2129 5199">
     <span class='ocr_line' id='line_1_98' title="bbox 559 5121 2129 5199; baseline 0 -21"><span class='ocrx_word' id='word_1_724' title='bbox 559 5124 712 5179; x_wconf 80' lang='lat' dir='ltr'><strong>locus</strong></span> <span class='ocrx_word' id='word_1_725' title='bbox 739 5123 794 5179; x_wconf 86' lang='lat' dir='ltr'><strong>in</strong></span> <span class='ocrx_word' id='word_1_726' title='bbox 832 5138 948 5194; x_wconf 82' lang='lat' dir='ltr'><strong>quo</strong></span> <span class='ocrx_word' id='word_1_727' title='bbox 978 5122 1216 5199; x_wconf 78' lang='lat' dir='ltr'><strong>positum</strong></span> <span class='ocrx_word' id='word_1_728' title='bbox 1255 5127 1339 5177; x_wconf 85' lang='lat' dir='ltr'><strong>est</strong></span> <span class='ocrx_word' id='word_1_729' title='bbox 1370 5135 1598 5195; x_wconf 84' lang='lat' dir='ltr'><strong>parvum</strong></span> <span class='ocrx_word' id='word_1_730' title='bbox 1629 5136 1723 5178; x_wconf 77' lang='lat' dir='ltr'><strong>vas</strong></span> <span class='ocrx_word' id='word_1_731' title='bbox 1751 5121 1899 5192; x_wconf 89' lang='lat' dir='ltr'><strong>quod</strong></span> <span class='ocrx_word' id='word_1_732' title='bbox 1933 5123 2000 5179; x_wconf 88' lang='lat' dir='ltr'><strong>ad</strong></span> <span class='ocrx_word' id='word_1_733' title='bbox 2040 5139 2129 5183; x_wconf 83' lang='lat' dir='ltr'><strong>me</strong></span> 
     </span>
    </p>
   </div>
   <div class='ocr_carea' id='block_1_99' title="bbox 559 5211 2128 5282">
    <p class='ocr_par' dir='ltr' id='par_1_99' title="bbox 559 5211 2128 5282">
     <span class='ocr_line' id='line_1_99' title="bbox 559 5211 2128 5282; baseline 0.001 -14"><span class='ocrx_word' id='word_1_734' title='bbox 559 5213 821 5269; x_wconf 86' lang='lat' dir='ltr'><strong>attulistis</strong></span> <span class='ocrx_word' id='word_1_735' title='bbox 847 5220 977 5268; x_wconf 88' lang='lat' dir='ltr'><strong>ante</strong></span> <span class='ocrx_word' id='word_1_736' title='bbox 1002 5212 1332 5279; x_wconf 87' lang='lat' dir='ltr'><strong>triennium;</strong></span> <span class='ocrx_word' id='word_1_737' title='bbox 1362 5211 1816 5282; x_wconf 86' lang='lat' dir='ltr'><strong>quemadmodum</strong></span> <span class='ocrx_word' id='word_1_738' title='bbox 1861 5214 2128 5271; x_wconf 79' lang='lat' dir='ltr'><strong>collocas-</strong></span> 
     </span>
    </p>
   </div>
   <div class='ocr_carea' id='block_1_100' title="bbox 558 5303 2129 5383">
    <p class='ocr_par' dir='ltr' id='par_1_100' title="bbox 558 5303 2129 5383">
     <span class='ocr_line' id='line_1_100' title="bbox 558 5303 2129 5383; baseline 0.003 -24"><span class='ocrx_word' id='word_1_739' title='bbox 558 5309 629 5383; x_wconf 83' lang='lat' dir='ltr'><strong>tis</strong></span> <span class='ocrx_word' id='word_1_740' title='bbox 659 5303 812 5370; x_wconf 89' lang='lat' dir='ltr'><strong>illud,</strong></span> <span class='ocrx_word' id='word_1_741' title='bbox 854 5304 928 5361; x_wconf 89' lang='lat' dir='ltr'><strong>ita</strong></span> <span class='ocrx_word' id='word_1_742' title='bbox 962 5305 1186 5365; x_wconf 87' lang='lat' dir='ltr'><strong>mansit.</strong></span> <span class='ocrx_word' id='word_1_743' title='bbox 1222 5305 1341 5372; x_wconf 77' lang='lat' dir='ltr'><strong>Quo</strong></span> <span class='ocrx_word' id='word_1_744' title='bbox 1373 5320 1474 5361; x_wconf 92' lang='lat' dir='ltr'><strong>nos</strong></span> <span class='ocrx_word' id='word_1_745' title='bbox 1509 5306 1717 5373; x_wconf 88' lang='lat' dir='ltr'><strong>audito,</strong></span> <span class='ocrx_word' id='word_1_746' title='bbox 1744 5305 2003 5363; x_wconf 85' lang='lat' dir='ltr'><strong>admirati</strong></span> <span class='ocrx_word' id='word_1_747' title='bbox 2030 5322 2129 5363; x_wconf 88' lang='lat' dir='ltr'><strong>su-</strong></span> 
     </span>
    </p>
   </div>
   <div class='ocr_carea' id='block_1_101' title="bbox 551 5393 1167 5450">
    <p class='ocr_par' dir='ltr' id='par_1_101' title="bbox 551 5393 1167 5450">
     <span class='ocr_line' id='line_1_101' title="bbox 551 5393 1167 5450; baseline 0 -3"><span class='ocrx_word' id='word_1_748' title='bbox 551 5410 671 5450; x_wconf 84' lang='lat' dir='ltr'><strong>mus</strong></span> <span class='ocrx_word' id='word_1_749' title='bbox 709 5394 856 5450; x_wconf 89' lang='lat' dir='ltr'><strong>senis</strong></span> <span class='ocrx_word' id='word_1_750' title='bbox 887 5393 1167 5449; x_wconf 81' lang='lat' dir='ltr'><strong>virtutem.</strong></span> 
     </span>
    </p>
   </div>
   <div class='ocr_carea' id='block_1_102' title="bbox 622 5483 2122 5560">
    <p class='ocr_par' dir='ltr' id='par_1_102' title="bbox 622 5483 2122 5560">
     <span class='ocr_line' id='line_1_102' title="bbox 622 5483 2122 5560; baseline 0 -18"><span class='ocrx_word' id='word_1_751' title='bbox 622 5486 680 5543; x_wconf 78' lang='grc'><strong>3.</strong></span> <span class='ocrx_word' id='word_1_752' title='bbox 710 5486 844 5560; x_wconf 80' lang='lat'><strong>(87)</strong></span> <span class='ocrx_word' id='word_1_753' title='bbox 898 5483 1043 5541; x_wconf 84' lang='lat' dir='ltr'><strong>Idem</strong></span> <span class='ocrx_word' id='word_1_754' title='bbox 1063 5486 1198 5542; x_wconf 73' lang='lat' dir='ltr'><strong>dixit</strong></span> <span class='ocrx_word' id='word_1_755' title='bbox 1221 5505 1234 5541; x_wconf 93' lang='lat'><strong>:</strong></span> <span class='ocrx_word' id='word_1_756' title='bbox 1258 5485 1605 5545; x_wconf 80' lang='lat' dir='ltr'><strong>Perreximus</strong></span> <span class='ocrx_word' id='word_1_757' title='bbox 1628 5489 1692 5546; x_wconf 89' lang='lat' dir='ltr'><strong>ad</strong></span> <span class='ocrx_word' id='word_1_758' title='bbox 1718 5489 1881 5546; x_wconf 86' lang='lat' dir='ltr'><strong>alium</strong></span> <span class='ocrx_word' id='word_1_759' title='bbox 1905 5503 2122 5556; x_wconf 89' lang='lat' dir='ltr'><strong>senem;</strong></span> 
     </span>
    </p>
   </div>
   <div class='ocr_carea' id='block_1_103' title="bbox 630 5638 1545 5715">
    <p class='ocr_par' dir='ltr' id='par_1_103' title="bbox 630 5638 1545 5715">
     <span class='ocr_line' id='line_1_103' title="bbox 630 5638 1545 5715; baseline 0.008 -23"><span class='ocrx_word' id='word_1_760' title='bbox 630 5639 675 5673; x_wconf 84' lang='grc'><em>⁸³</em></span> <span class='ocrx_word' id='word_1_761' title='bbox 703 5641 808 5695; x_wconf 81' lang='lat' dir='ltr'><strong>An.</strong></span> <span class='ocrx_word' id='word_1_762' title='bbox 835 5644 1064 5714; x_wconf 83' lang='grc' dir='ltr'>τροφῆς.</span> <span class='ocrx_word' id='word_1_763' title='bbox 1141 5640 1207 5673; x_wconf 83' lang='grc'><strong>¹³⁶</strong></span> <span class='ocrx_word' id='word_1_764' title='bbox 1233 5638 1294 5696; x_wconf 83' lang='lat' dir='ltr'><strong>F.</strong></span> <span class='ocrx_word' id='word_1_765' title='bbox 1331 5642 1545 5715; x_wconf 79' lang='grc' dir='ltr'>κτῆσις.</span> 
     </span>
    </p>
   </div>
   <div class='ocr_carea' id='block_1_104' title="bbox 624 5747 1303 5825">
    <p class='ocr_par' dir='ltr' id='par_1_104' title="bbox 624 5747 1303 5825">
     <span class='ocr_line' id='line_1_104' title="bbox 624 5747 1303 5825; baseline 0.012 -18"><span class='ocrx_word' id='word_1_766' title='bbox 624 5747 740 5825; x_wconf 72' lang='grc' dir='ltr'>(εει)</span> <span class='ocrx_word' id='word_1_767' title='bbox 776 5750 880 5807; x_wconf 69' lang='grc' dir='ltr'>γει.</span> <span class='ocrx_word' id='word_1_768' title='bbox 915 5752 1069 5808; x_wconf 80' lang='lat' dir='ltr'><strong>Patr.</strong></span> <span class='ocrx_word' id='word_1_769' title='bbox 1110 5770 1185 5822; x_wconf 82' lang='grc' dir='ltr'><strong>ιν,</strong></span> <span class='ocrx_word' id='word_1_770' title='bbox 1216 5757 1303 5817; x_wconf 75' lang='lat' dir='ltr'><strong>t2.</strong></span> 
     </span>
    </p>
   </div>
   <div class='ocr_carea' id='block_1_105' title="bbox 2230 4575 3811 4653">
    <p class='ocr_par' dir='ltr' id='par_1_105' title="bbox 2230 4575 3811 4653">
     <span class='ocr_line' id='line_1_105' title="bbox 2230 4575 3811 4653; baseline 0.005 -23"><span class='ocrx_word' id='word_1_771' title='bbox 2230 4575 2341 4630; x_wconf 74' lang='grc' dir='ltr'><strong>Καὶ</strong></span> <span class='ocrx_word' id='word_1_772' title='bbox 2367 4575 2443 4639; x_wconf 83' lang='grc' dir='ltr'><strong>ὡς</strong></span> <span class='ocrx_word' id='word_1_773' title='bbox 2473 4576 2711 4648; x_wconf 78' lang='grc' dir='ltr'>ήνεγκαν</span> <span class='ocrx_word' id='word_1_774' title='bbox 2736 4578 2786 4631; x_wconf 87' lang='lat' dir='ltr'><strong>oi</strong></span> <span class='ocrx_word' id='word_1_775' title='bbox 2816 4576 3038 4648; x_wconf 76' lang='grc' dir='ltr'>ἀδελφοὶ</span> <span class='ocrx_word' id='word_1_776' title='bbox 3067 4577 3137 4634; x_wconf 73' lang='grc' dir='ltr'><strong>τὰ</strong></span> <span class='ocrx_word' id='word_1_777' title='bbox 3165 4577 3374 4633; x_wconf 80' lang='grc' dir='ltr'>ἑαυτῶν</span> <span class='ocrx_word' id='word_1_778' title='bbox 3416 4580 3611 4653; x_wconf 83' lang='grc' dir='ltr'>ἀγγεῖα</span> <span class='ocrx_word' id='word_1_779' title='bbox 3637 4599 3811 4652; x_wconf 87' lang='grc' dir='ltr'>γεγυ-</span> 
     </span>
    </p>
   </div>
   <div class='ocr_carea' id='block_1_106' title="bbox 2229 4663 3814 4749">
    <p class='ocr_par' dir='ltr' id='par_1_106' title="bbox 2229 4663 3814 4749">
     <span class='ocr_line' id='line_1_106' title="bbox 2229 4663 3814 4749; baseline 0.005 -30"><span class='ocrx_word' id='word_1_780' title='bbox 2229 4666 2457 4738; x_wconf 79' lang='grc' dir='ltr'>ψωμένα</span> <span class='ocrx_word' id='word_1_781' title='bbox 2502 4667 2577 4732; x_wconf 84' lang='grc' dir='ltr'>ὡς</span> <span class='ocrx_word' id='word_1_782' title='bbox 2622 4663 2782 4740; x_wconf 81' lang='grc' dir='ltr'>ἦσαν,</span> <span class='ocrx_word' id='word_1_783' title='bbox 2839 4671 2935 4723; x_wconf 80' lang='grc' dir='ltr'>καὶ</span> <span class='ocrx_word' id='word_1_784' title='bbox 2980 4669 3041 4722; x_wconf 86' lang='grc' dir='ltr'>τὸ</span> <span class='ocrx_word' id='word_1_785' title='bbox 3082 4670 3214 4743; x_wconf 68' lang='grc' dir='ltr'>ἐμὸν</span> <span class='ocrx_word' id='word_1_786' title='bbox 3255 4672 3668 4748; x_wconf 84' lang='grc' dir='ltr'>τετρυπημένον</span> <span class='ocrx_word' id='word_1_787' title='bbox 3716 4672 3814 4749; x_wconf 66' lang='grc' dir='ltr'><strong>ἦ),</strong></span> 
     </span>
    </p>
   </div>
   <div class='ocr_carea' id='block_1_107' title="bbox 2230 4760 3478 4837">
    <p class='ocr_par' dir='ltr' id='par_1_107' title="bbox 2230 4760 3478 4837">
     <span class='ocr_line' id='line_1_107' title="bbox 2230 4760 3478 4837; baseline 0.006 -24"><span class='ocrx_word' id='word_1_788' title='bbox 2230 4760 2461 4833; x_wconf 75' lang='grc' dir='ltr'>εὐρέθην</span> <span class='ocrx_word' id='word_1_789' title='bbox 2491 4763 2567 4829; x_wconf 80' lang='grc' dir='ltr'>ὡς</span> <span class='ocrx_word' id='word_1_790' title='bbox 2596 4763 2896 4835; x_wconf 79' lang='grc' dir='ltr'>πορνεύσας</span> <span class='ocrx_word' id='word_1_791' title='bbox 2925 4764 3033 4821; x_wconf 81' lang='grc' dir='ltr'>ἀπὸ</span> <span class='ocrx_word' id='word_1_792' title='bbox 3067 4764 3166 4835; x_wconf 83' lang='grc' dir='ltr'><strong>τῆς</strong></span> <span class='ocrx_word' id='word_1_793' title='bbox 3196 4766 3478 4837; x_wconf 82' lang='grc' dir='ltr'>αἰσχύνης.</span> 
     </span>
    </p>
   </div>
   <div class='ocr_carea' id='block_1_108' title="bbox 2306 4848 3821 4931">
    <p class='ocr_par' dir='ltr' id='par_1_108' title="bbox 2306 4848 3821 4931">
     <span class='ocr_line' id='line_1_108' title="bbox 2306 4848 3821 4931; baseline 0.005 -23"><span class='ocrx_word' id='word_1_794' title='bbox 2306 4851 2373 4922; x_wconf 86' lang='grc' dir='ltr'><strong>β’.</strong></span> <span class='ocrx_word' id='word_1_795' title='bbox 2404 4848 2571 4909; x_wconf 79' lang='grc' dir='ltr'>Εἶπεν</span> <span class='ocrx_word' id='word_1_796' title='bbox 2588 4854 2619 4907; x_wconf 89' lang='grc' dir='ltr'><strong>ὀ</strong></span> <span class='ocrx_word' id='word_1_797' title='bbox 2650 4854 2820 4918; x_wconf 78' lang='grc' dir='ltr'>ἀϐϐᾶς</span> <span class='ocrx_word' id='word_1_798' title='bbox 2839 4856 3095 4927; x_wconf 77' lang='grc' dir='ltr'>Βενιαμὶν</span> <span class='ocrx_word' id='word_1_799' title='bbox 3112 4859 3140 4913; x_wconf 82' lang='grc' dir='ltr'>ὁ</span> <span class='ocrx_word' id='word_1_800' title='bbox 3168 4858 3534 4931; x_wconf 86' lang='grc' dir='ltr'>πρεσϐύτερος</span> <span class='ocrx_word' id='word_1_801' title='bbox 3555 4860 3663 4917; x_wconf 86' lang='grc' dir='ltr'><strong>τῶν</strong></span> <span class='ocrx_word' id='word_1_802' title='bbox 3673 4862 3821 4916; x_wconf 82' lang='grc' dir='ltr'>Κελ-</span> 
     </span>
    </p>
   </div>
   <div class='ocr_carea' id='block_1_109' title="bbox 2232 4942 3815 5024">
    <p class='ocr_par' dir='ltr' id='par_1_109' title="bbox 2232 4942 3815 5024">
     <span class='ocr_line' id='line_1_109' title="bbox 2232 4942 3815 5024; baseline 0.006 -28"><span class='ocrx_word' id='word_1_803' title='bbox 2232 4942 2381 5010; x_wconf 90' lang='grc' dir='ltr'>λίων,</span> <span class='ocrx_word' id='word_1_804' title='bbox 2404 4944 2485 5000; x_wconf 80' lang='grc' dir='ltr'>ὅτι</span> <span class='ocrx_word' id='word_1_805' title='bbox 2511 4945 2900 5022; x_wconf 81' lang='grc' dir='ltr'>Παρεϐἀλομεν</span> <span class='ocrx_word' id='word_1_806' title='bbox 2922 4947 3002 5012; x_wconf 83' lang='grc' dir='ltr'><strong>είς</strong></span> <span class='ocrx_word' id='word_1_807' title='bbox 3026 4949 3170 5021; x_wconf 84' lang='grc' dir='ltr'>Σκῆτ</span> <span class='ocrx_word' id='word_1_808' title='bbox 3181 4967 3229 5003; x_wconf 86' lang='grc' dir='ltr'><strong>ιν</strong></span> <span class='ocrx_word' id='word_1_809' title='bbox 3257 4952 3391 5024; x_wconf 83' lang='grc' dir='ltr'>πρός</span> <span class='ocrx_word' id='word_1_810' title='bbox 3416 4967 3537 5006; x_wconf 88' lang='grc' dir='ltr'>τινα</span> <span class='ocrx_word' id='word_1_811' title='bbox 3556 4949 3815 5022; x_wconf 79' lang='grc' dir='ltr'>γέροντα,</span> 
     </span>
    </p>
   </div>
   <div class='ocr_carea' id='block_1_110' title="bbox 2234 5035 3821 5113">
    <p class='ocr_par' dir='ltr' id='par_1_110' title="bbox 2234 5035 3821 5113">
     <span class='ocr_line' id='line_1_110' title="bbox 2234 5035 3821 5113; baseline 0.006 -25"><span class='ocrx_word' id='word_1_812' title='bbox 2234 5036 2329 5089; x_wconf 75' lang='grc' dir='ltr'>καὶ</span> <span class='ocrx_word' id='word_1_813' title='bbox 2362 5035 2705 5110; x_wconf 72' lang='grc' dir='ltr'>ἠθελήσαμεν</span> <span class='ocrx_word' id='word_1_814' title='bbox 2732 5039 2880 5113; x_wconf 82' lang='grc' dir='ltr'><strong>αύτῷ</strong></span> <span class='ocrx_word' id='word_1_815' title='bbox 2911 5039 3093 5113; x_wconf 82' lang='grc' dir='ltr'>βαλεῖν</span> <span class='ocrx_word' id='word_1_816' title='bbox 3129 5042 3323 5113; x_wconf 82' lang='grc' dir='ltr'>μικρὸν</span> <span class='ocrx_word' id='word_1_817' title='bbox 3358 5043 3534 5096; x_wconf 77' lang='grc' dir='ltr'>ἔλαιον</span> <span class='ocrx_word' id='word_1_818' title='bbox 3554 5057 3567 5072; x_wconf 84' lang='grc'><em>’</em></span> <span class='ocrx_word' id='word_1_819' title='bbox 3600 5042 3692 5097; x_wconf 80' lang='grc' dir='ltr'>καὶ</span> <span class='ocrx_word' id='word_1_820' title='bbox 3721 5043 3821 5098; x_wconf 75' lang='grc' dir='ltr'>λέο</span> 
     </span>
    </p>
   </div>
   <div class='ocr_carea' id='block_1_111' title="bbox 2234 5129 3820 5206">
    <p class='ocr_par' dir='ltr' id='par_1_111' title="bbox 2234 5129 3820 5206">
     <span class='ocr_line' id='line_1_111' title="bbox 2234 5129 3820 5206; baseline 0.006 -26"><span class='ocrx_word' id='word_1_821' title='bbox 2234 5144 2321 5196; x_wconf 88' lang='grc' dir='ltr'><strong>γει</strong></span> <span class='ocrx_word' id='word_1_822' title='bbox 2376 5131 2541 5199; x_wconf 78' lang='grc' dir='ltr'>ἡμῖν’</span> <span class='ocrx_word' id='word_1_823' title='bbox 2590 5129 2721 5186; x_wconf 82' lang='grc' dir='ltr'>Ἰδοὺ</span> <span class='ocrx_word' id='word_1_824' title='bbox 2779 5131 2881 5187; x_wconf 82' lang='grc' dir='ltr'>ποῦ</span> <span class='ocrx_word' id='word_1_825' title='bbox 2935 5135 3109 5187; x_wconf 89' lang='grc' dir='ltr'>κεῖται</span> <span class='ocrx_word' id='word_1_826' title='bbox 3157 5133 3219 5186; x_wconf 83' lang='grc' dir='ltr'>τὸ</span> <span class='ocrx_word' id='word_1_827' title='bbox 3271 5135 3466 5205; x_wconf 78' lang='grc' dir='ltr'>μικρὸν</span> <span class='ocrx_word' id='word_1_828' title='bbox 3507 5135 3731 5206; x_wconf 86' lang='grc' dir='ltr'>ἀγγεῖον</span> <span class='ocrx_word' id='word_1_829' title='bbox 3785 5136 3820 5190; x_wconf 81' lang='grc' dir='ltr'><strong>ὃ</strong></span> 
     </span>
    </p>
   </div>
   <div class='ocr_carea' id='block_1_112' title="bbox 2235 5219 3812 5295">
    <p class='ocr_par' dir='ltr' id='par_1_112' title="bbox 2235 5219 3812 5295">
     <span class='ocr_line' id='line_1_112' title="bbox 2235 5219 3812 5295; baseline 0.006 -25"><span class='ocrx_word' id='word_1_830' title='bbox 2235 5219 2499 5289; x_wconf 83' lang='grc' dir='ltr'>ὴνέγκατέ</span> <span class='ocrx_word' id='word_1_831' title='bbox 2545 5237 2633 5290; x_wconf 89' lang='grc' dir='ltr'><strong>μοι</strong></span> <span class='ocrx_word' id='word_1_832' title='bbox 2669 5222 2774 5293; x_wconf 78' lang='grc' dir='ltr'>πρὸ</span> <span class='ocrx_word' id='word_1_833' title='bbox 2823 5223 2992 5295; x_wconf 89' lang='grc' dir='ltr'>τριῶν</span> <span class='ocrx_word' id='word_1_834' title='bbox 3027 5223 3196 5278; x_wconf 58' lang='grc' dir='ltr'>ἐτῶν</span> <span class='ocrx_word' id='word_1_835' title='bbox 3249 5224 3325 5287; x_wconf 83' lang='grc' dir='ltr'>ὡς</span> <span class='ocrx_word' id='word_1_836' title='bbox 3369 5224 3603 5295; x_wconf 80' lang='grc' dir='ltr'>ὲθήκατε</span> <span class='ocrx_word' id='word_1_837' title='bbox 3648 5226 3812 5292; x_wconf 72' lang='grc' dir='ltr'>αὐτὸ,</span> 
     </span>
    </p>
   </div>
   <div class='ocr_carea' id='block_1_113' title="bbox 2235 5307 3819 5388">
    <p class='ocr_par' dir='ltr' id='par_1_113' title="bbox 2235 5307 3819 5388">
     <span class='ocr_line' id='line_1_113' title="bbox 2235 5307 3819 5388; baseline 0.005 -25"><span class='ocrx_word' id='word_1_838' title='bbox 2235 5307 2408 5371; x_wconf 74' lang='grc' dir='ltr'>οὕτως</span> <span class='ocrx_word' id='word_1_839' title='bbox 2446 5307 2676 5378; x_wconf 76' lang='grc' dir='ltr'>ἔμεινεν.</span> <span class='ocrx_word' id='word_1_840' title='bbox 2721 5311 3079 5381; x_wconf 79' lang='grc' dir='ltr'>Ἀκούσαντες</span> <span class='ocrx_word' id='word_1_841' title='bbox 3122 5313 3178 5368; x_wconf 85' lang='grc' dir='ltr'>δὲ</span> <span class='ocrx_word' id='word_1_842' title='bbox 3224 5315 3385 5388; x_wconf 78' lang='grc' dir='ltr'>ἡμεῖς</span> <span class='ocrx_word' id='word_1_843' title='bbox 3418 5314 3819 5386; x_wconf 77' lang='grc' dir='ltr'>ἐθαυμάσαμεν</span> 
     </span>
    </p>
   </div>
   <div class='ocr_carea' id='block_1_114' title="bbox 2230 5397 3066 5476">
    <p class='ocr_par' dir='ltr' id='par_1_114' title="bbox 2230 5397 3066 5476">
     <span class='ocr_line' id='line_1_114' title="bbox 2230 5397 3066 5476; baseline 0.01 -25"><span class='ocrx_word' id='word_1_844' title='bbox 2230 5397 2329 5469; x_wconf 80' lang='grc' dir='ltr'>τὴν</span> <span class='ocrx_word' id='word_1_845' title='bbox 2362 5398 2633 5454; x_wconf 89' lang='grc' dir='ltr'>πολιτείαν</span> <span class='ocrx_word' id='word_1_846' title='bbox 2664 5400 2760 5456; x_wconf 66' lang='grc' dir='ltr'><strong>τοῦ⁹</strong></span> <span class='ocrx_word' id='word_1_847' title='bbox 2792 5402 3066 5476; x_wconf 83' lang='grc' dir='ltr'>γέροντος.</span> 
     </span>
    </p>
   </div>
   <div class='ocr_carea' id='block_1_115' title="bbox 2302 5488 3817 5573">
    <p class='ocr_par' dir='ltr' id='par_1_115' title="bbox 2302 5488 3817 5573">
     <span class='ocr_line' id='line_1_115' title="bbox 2302 5488 3817 5573; baseline 0.005 -30"><span class='ocrx_word' id='word_1_848' title='bbox 2302 5496 2371 5558; x_wconf 75' lang='grc' dir='ltr'><strong>γ’.</strong></span> <span class='ocrx_word' id='word_1_849' title='bbox 2423 5488 2483 5545; x_wconf 92' lang='lat'><strong>&#39;0</strong></span> <span class='ocrx_word' id='word_1_850' title='bbox 2526 5491 2689 5556; x_wconf 77' lang='grc' dir='ltr'>αὐτὸς</span> <span class='ocrx_word' id='word_1_851' title='bbox 2732 5488 2918 5560; x_wconf 82' lang='grc' dir='ltr'>εἶπεν,</span> <span class='ocrx_word' id='word_1_852' title='bbox 2967 5496 3049 5548; x_wconf 82' lang='grc' dir='ltr'>ὅτι</span> <span class='ocrx_word' id='word_1_853' title='bbox 3096 5496 3484 5573; x_wconf 78' lang='grc' dir='ltr'>Παρεσάλομεν</span> <span class='ocrx_word' id='word_1_854' title='bbox 3530 5497 3678 5571; x_wconf 74' lang='grc' dir='ltr'>ἄλλῳ</span> <span class='ocrx_word' id='word_1_855' title='bbox 3714 5496 3817 5569; x_wconf 71' lang='grc' dir='ltr'>γέο</span> 
     </span>
    </p>
   </div>
   <div class='ocr_carea' id='block_1_116' title="bbox 2294 5754 2966 5826">
    <p class='ocr_par' dir='ltr' id='par_1_116' title="bbox 2294 5754 2966 5826">
     <span class='ocr_line' id='line_1_116' title="bbox 2294 5754 2966 5826; baseline 0.007 -17"><span class='ocrx_word' id='word_1_856' title='bbox 2294 5754 2408 5826; x_wconf 84' lang='grc'><strong>(87)</strong></span> <span class='ocrx_word' id='word_1_857' title='bbox 2439 5754 2571 5825; x_wconf 80' lang='lat' dir='ltr'><strong>App.</strong></span> <span class='ocrx_word' id='word_1_858' title='bbox 2599 5770 2651 5825; x_wconf 89' lang='lat' dir='ltr'><strong>p.</strong></span> <span class='ocrx_word' id='word_1_859' title='bbox 2681 5754 2808 5822; x_wconf 85' lang='lat'><strong>988,</strong></span> <span class='ocrx_word' id='word_1_860' title='bbox 2837 5771 2886 5813; x_wconf 90' lang='lat' dir='ltr'><strong>c.</strong></span> <span class='ocrx_word' id='word_1_861' title='bbox 2912 5757 2966 5814; x_wconf 80' lang='grc' dir='ltr'>θ.</span> 
     </span>
    </p>
   </div>
  </div>
