4034 6340
492 450 511 507 ί
528 448 595 505 Η

1650 448 1990 506 APPENDlX
2031 451 2122 505 AD
2160 448 2578 507 ΡΑιιΑυιῑΜ.

3636 457 3745 515 “3

486 566 608 622 Nisi
661 568 959 638 acceperis,
1018 582 1294 639 nunquam
1339 580 1434 620 ero
1477 566 1717 637 quietus.
1774 566 1949 625 Senex
1996 568 2096 632 ad,

2198 571 2245 643 ιὴ
2275 571 2446 646 λάϐῃς
2480 572 2631 639 αὐτὸ,
2669 574 2767 626 οὐκ
2798 573 2906 644 ἔχω
2950 573 3258 627 ἀνάπαυσιν
3298 572 3361 624 ⁸⁷.
3402 571 3562 641 Λέγει
3592 574 3746 645 αὐτῷ

487 672 613 713 cum
635 676 651 715 ι
668 657 726 713 Si
743 663 1026 730 quiescere
1045 674 1152 713 non
1172 667 1345 728 potes,
1368 671 1496 713 ecce
1511 657 1743 714 admitto
1760 660 1936 716 illum.
1956 661 2072 717 Car-

489 760 667 805 terum
692 752 890 806 mansit
918 765 985 806 eo
1013 752 1119 806 loci
1145 750 1312 805 frater
1343 765 1517 821 usque
1545 750 1612 804 ad
1635 762 1862 809 mortem
1894 770 2070 823 suam,

490 851 651 913 capto
675 856 770 911 per
786 841 836 896 id
866 841 1009 912 quod
1041 857 1207 896 senex
1224 848 1413 911 egerat
1428 842 1656 897 salutari
1680 844 2068 902 emolumento.

563 933 619 986 2.
678 931 816 987 lluic
871 933 1053 987 abbati
1115 932 1335 989 Gelasio
1391 936 1687 1007 aliquando
1740 952 1838 1007 per
1885 954 2071 996 senem

494 1021 803 1093 quemdam,
844 1024 1172 1077 monachum
1226 1025 1391 1080 etiam
1427 1026 1629 1096 ipsum,
1685 1026 1918 1083 incolam
1969 1031 2073 1086 loci

493 1112 818 1184 Nieopoleos
846 1114 1030 1181 vicini,
1071 1117 1259 1171 relicta
1304 1118 1407 1172 fuit
1446 1119 1584 1174 cella
1631 1134 1758 1175 cum
1798 1136 1929 1193 agro
1966 1124 2105 1179 Cir--

494 1204 874 1273 cumjacente;
905 1206 1136 1262 colonus
1177 1216 1359 1263 autem
1395 1209 1596 1279 aliquis
1621 1209 1809 1267 Vacati
1839 1214 2076 1272 hominis

493 1294 588 1363 qui
641 1302 772 1349 tunc
805 1296 1011 1365 primas
1052 1296 1296 1369 Nicopoli
1346 1299 1647 1357 Palaestina:
1678 1302 1906 1370 ferebat,
1951 1321 2075 1361 cum

492 1394 644 1441 esset
686 1385 933 1441 defuncti
969 1390 1119 1445 senis
1158 1401 1445 1459 cognatus,
1504 1394 1770 1451 accedens
1802 1396 1869 1451 ad
1909 1397 2079 1451 Vaca-

503 1484 646 1540 tum,
678 1478 871 1532 orabat
889 1488 948 1533 ut
976 1480 1241 1548 praedium
1276 1482 1407 1537 illud
1432 1484 1727 1556 acciperet,
1759 1488 1904 1557 quod
1929 1503 2078 1543 nem-

497 1581 567 1638 pe
626 1583 723 1639 per
761 1569 908 1641 leges
959 1572 1025 1625 ad
1086 1588 1145 1628 se
1195 1577 1481 1644 pervenire
1530 1578 1770 1634 deberet.
1812 1579 1904 1635 llle
1950 1595 2081 1635 vero

501 1654 657 1720 (erat
705 1656 849 1709 enim
902 1657 1210 1733 violentus)
1255 1679 1421 1718 manu
1470 1666 1690 1736 propria
1735 1683 1927 1738 agrum
1982 1685 2081 1723 au-

502 1743 648 1800 ferre
706 1746 979 1804 nitebatur
1010 1750 1080 1806 ab
1114 1752 1306 1807 abbate
1363 1754 1598 1813 Gelasio.
1632 1757 1734 1825 Qui
1766 1760 1933 1816 abbas
1981 1759 2085 1816 Gc-

502 1835 698 1903 lasius,
735 1841 926 1895 nolens
957 1843 1149 1898 cellam
1205 1849 1561 1904 monasticam
1599 1851 1813 1908 tradere
1842 1854 1961 1907 viro
1986 1869 2086 1909 sae-

2172 666 2200 717 6
2232 665 2441 734 γέρωνο
2475 667 2536 718 Εἰ
2564 668 2665 720 οὐκ
2693 664 2967 737 ἀναπαύῃ,
3002 665 3131 719 ’ἰδοὺ
3174 665 3399 736 δέχομαι
3438 664 3586 718 αὑτό.
3631 665 3747 719 Καὶ

2173 753 2386 825 ἔμεινεν
2414 756 2443 808 6
2468 756 2695 825 ἀδελφὸς
2727 757 2935 818 ἐκεῖνος
2961 756 3005 788 ⁸³
3022 755 3127 818 ἐως
3155 755 3256 824 τῆς
3274 755 3532 824 τελευτῆς
3552 755 3744 815 αὑτοῦ.

2172 845 2474 916 ὠφεληθεὶς
2513 847 2621 900 ἀπὸ
2641 847 2741 917 τῆς
2770 844 3032 919 ἐργασίας
3058 845 3153 898 τοῦ
3185 845 3457 916 γέροντος.

2246 936 2309 1008 β’.
2335 938 2520 1010 Τούτῳ
2540 938 2619 1010 τῷ
2646 936 2791 1009 ἀ66ᾷ
2819 938 3058 1007 Γελασίῳ
3090 936 3415 1008 κατελείφθη
3446 936 3573 991 ποτὲ
3594 934 3751 1006 παρά

2174 1028 2428 1100 γέροντός
2456 1047 2617 1094 τινος,
2654 1028 2889 1100 μοναχοῦ
2941 1029 3035 1082 καὶ⁵
3085 1026 3272 1091 αὑτοῦ,
3302 1028 3430 1099 περὶ
3458 1025 3554 1098 τὴν
3583 1026 3750 1081 Νικό-

2176 1120 2330 1174 πολιν
2350 1122 2449 1191 τὴν
2478 1120 2693 1193 οἴκησιν
2719 1119 2953 1191 ἔχοντος,
3001 1119 3208 1173 κελλίον
3242 1119 3336 1174 καὶ
3376 1118 3438 1171 τὸ
3464 1118 3590 1190 περὶ
3614 1117 3755 1172 αὐτὸ

2175 1213 2394 1284 χωρίον.
2440 1213 2689 1285 Γεωργδς
2712 1214 2768 1266 δέ
2790 1229 2874 1276 τις
2897 1212 3143 1265 Βακάτου
3172 1210 3267 1264 106
3293 1211 3415 1265 τότε
3445 1209 3756 1282 πρωτεύον-

2176 1323 2267 1369 τος
2294 1306 2393 1377 τῆς
2420 1305 2762 1369 Νικοπόλεως
2785 1306 2882 1376 τῆς
2909 1303 3049 1357 κατά
3080 1302 3461 1373 Παλαιστίνην,
3485 1300 3756 1372 συγγενὴς

2179 1394 2254 1449 ὢν
2281 1396 2379 1449 τοῦ
2426 1394 2785 1466 κοιμηθέντος
2816 1394 3090 1465 γέροντος,
3138 1390 3452 1463 προσελθὼν
3493 1390 3571 1461 τῷ
3602 1390 3756 1460 αὐτῷ

2182 1491 2413 1562 Βακάτῳ
2450 1490 2603 1561 ἠξίου
2645 1489 2829 1543 λαϐεῖν
2854 1488 2914 1542 τὸ
2953 1487 3086 1541 αὐτὸ
3131 1486 3351 1557 χωρίον,
3377 1485 3452 1546 ὼς
3490 1482 3651 1553 δῆθεν
3691 1483 3757 1535 ἐκ

2180 1582 2288 1637 τῶν
2325 1584 2502 1653 νόμιον
2529 1582 2609 1644 είς
2643 1579 2801 1634 αὐτὸν
2831 1578 3004 1632 ἐλθεῖν
3037 1577 3364 1646 ὀφείλοντος.
3421 1575 3478 1629 '0
3506 1574 3563 1626 δέ
3602 1571 3756 1642 ιδρά-

2186 1692 2316 1747 στης
2345 1674 2455 1747 γὰρ
2487 1669 2578 1744 ἦν)
2623 1670 2898 1743 αὐτοχειρὶ
2935 1669 2999 1722 τὸ
3040 1669 3239 1740 χωρίον
3280 1666 3462 1721 λαϐεῖν
3501 1665 3761 1736 ἐπειρᾶτο

2185 1764 2336 1837 παρά
2369 1765 2461 1818 τοῦ
2492 1764 2635 1818 ἁϐὁᾶ
2668 1762 2944 1817 Γελασίου.
2980 1760 3070 1830 Μὴ
3120 1760 3288 1813 θέλων
3319 1759 3374 1812 δὲ
3419 1756 3628 1811 κελλίον
3662 1771 3762 1826 μο-

2186 1857 2408 1928 ναχικὺν
2444 1854 2778 1927 παραδοῦναι
2811 1853 3060 1924 κοσμικῷ
3104 1855 3132 1906 6
3170 1852 3334 1915 αὐτὸς
3377 1849 3548 1913 ἀϐϐᾶς
3591 1847 3761 1901 Γελά-

504 1927 702 1997 culari,
747 1946 854 1986 non
911 1933 1156 1991 cedebat.
1206 1937 1274 1992 At
1310 1939 1543 1997 \‘acatus
1569 1957 1693 1998 cum
1743 1945 2088 2002 obscrvasset

2198 1927 2323 2008 σιος,
2347 1946 2407 1998 οὐ
2442 1944 2774 2015 παρεχώρει.
2807 1940 3346 2013 Παρατηρησάμενος
3377 1938 3433 1992 δὲ
3461 1941 3489 1991 ὀ
3510 1936 3761 1999 Βακάτος

502 2020 747 2091 jumenta
774 2024 987 2081 abbatis
1014 2027 1217 2083 Gelasii
1236 2032 1537 2089 transferre
1558 2036 1709 2093 oleas
1736 2039 1913 2094 relicti
1938 2040 2086 2096 illius

507 2114 717 2183 praedii,
755 2131 850 2187 per
888 2117 998 2173 vim
1027 2134 1092 2175 ea
1133 2121 1407 2190 distraxit,
1460 2126 1748 2199 allatisque
1776 2130 1831 2185 in
1865 2130 2085 2186 domum

509 2221 664 2261 suam
699 2208 855 2273 oleis,
886 2210 976 2265 vix
1003 2218 1058 2267 et
1088 2228 1213 2269 cum
1246 2218 1575 2273 contumelia
1606 2221 1819 2276 remisit
1840 2223 2085 2292 jumenta

509 2313 635 2353 cum
679 2303 1049 2360 veterinariis.
1098 2303 1300 2361 Beatus
1330 2322 1461 2363 vero
1506 2325 1673 2366 senex
1755 2313 1939 2383 fruges
1969 2316 2091 2386 qui-

509 2391 631 2445 dem
665 2408 1010 2465 nequaquam
1040 2397 1354 2454 vindicabat
1383 2399 1511 2466 sibi,
1545 2402 1639 2457 sed
1682 2404 1872 2473 praelii
1910 2404 2090 2460 domi-

511 2478 603 2534 nio
637 2481 829 2538 cedere
862 2485 1102 2552 nolebat,
1153 2488 1223 2543 ob
1271 2490 1588 2559 praedictam
1629 2507 1873 2549 causam.
1924 2493 2093 2566 igitur

510 2578 702 2625 contra
734 2587 857 2628 eum
896 2577 1261 2643 exardescens
1288 2577 1528 2635 Vacatus
1553 2621 1567 2646 ,
1600 2581 1721 2637 aliis
1754 2598 1972 2653 quoque
1998 2600 2091 2639 ne-

511 2661 675 2728 gotiis
719 2663 1059 2722 trahentibus
1082 2709 1097 2730 ,
1135 2684 1258 2722 nam
1297 2670 1568 2741 litigiosus
1601 2681 1720 2728 erat
1750 2715 1765 2739 ,
1816 2675 2089 2731 Constan-

515 2752 797 2820 tinopolim
828 2754 1079 2813 concitus
1111 2759 1370 2828 perrexit,
1424 2762 1659 2832 pedestri
1710 2765 1901 2822 itinere
1931 2767 2095 2838 profl-

515 2840 749 2897 ciscens.
801 2843 935 2899 Cum
985 2855 1165 2902 autem
1219 2852 1458 2907 venisset
1506 2853 1653 2909 circa
1711 2855 2092 2924 Antiochiam,

517 2939 654 2986 tunc
680 2932 852 2989 instar
883 2936 1170 2994 Iuminaris
1205 2942 1384 3012 magni
1413 2943 1651 3015 fulgente
1676 2945 1839 3001 beato
1866 2946 2096 3019 Symeo-

519 3037 609 3087 ne,
639 3025 870 3082 audiens
900 3044 1021 3099 quae
1045 3030 1113 3086 de
1140 3031 1233 3086 illo
1262 3031 1577 3091 ferebantur
1605 3037 1906 3108 (humanas
1935 3040 2084 3095 enim

517 3113 668 3171 vires
687 3119 1065 3193 superabant),
1091 3122 1423 3180 desideravit
1453 3134 1712 3198 tanquam
1741 3128 2093 3188 Christianus

522 3214 776 3261 sanctum
819 3209 1026 3266 videre.
1064 3212 1132 3266 At
1182 3224 1408 3270 sanctus
1456 3216 1713 3288 Symeon,
1754 3235 1784 3274 e
1842 3221 2095 3277 columna

2184 2038 2252 2091 τὰ
2289 2037 2403 2100 ζῶα
2431 2036 2525 2090 τοῦ
2560 2035 2704 2089 ἀϐδᾶ
2739 2034 2995 2087 Γελασίου
3031 2032 3403 2103 μεταιρέροντα
3440 2030 3538 2093 τὰς
3570 2028 3761 2091 ἐλαίας

2183 2128 2277 2182 τοῦ
2309 2127 2755 2196 καταλειφθέντος
2788 2124 2988 2198 χωρίου
3012 2122 3181 2193 αὐτῷ,
3219 2122 3406 2193 βιαίως
3421 2120 3593 2175 ταῦτα
3623 2121 3765 2173 ἁπο-

2188 2220 2422 2282 σπάσας,
2461 2220 2541 2280 εἰς
2577 2217 2666 2270 τὸν
2685 2212 2831 2269 οἷκον
2849 2213 3010 2269 αὑτοῦ
3047 2213 3148 2275 τὰς
3184 2212 3368 2275 ἐλαίας
3389 2209 3587 2273 λαϐὼν,
3613 2208 3768 2279 μόλις

2190 2311 2328 2383 μετὰ
2349 2309 2570 2380 ἀτιμίας
2603 2308 2836 2361 ἀπέλυσε
2862 2306 2927 2360 τὰ
2952 2305 3064 2371 ζῶα
3093 2304 3229 2374 μετά
3247 2302 3356 2356 τῶν
3376 2300 3642 2372 κτηνιτῶν
3668 2299 3770 2353 αὑ-

2186 2405 2314 2459 τῶν.
2356 2401 2417 2456 ’0
2436 2403 2493 2456 δὲ
2525 2400 2793 2473 μακάριος
2806 2400 2981 2471 γέρων
3012 2397 3106 2452 τοῦ
3133 2399 3230 2468 μέν
3246 2394 3460 2466 καρποῦ
3489 2394 3595 2448 οὐδ’
3629 2392 3768 2456 ὅλως

2187 2495 2538 2563 ἀντεποιήθη,
2563 2496 2661 2563 τῆς
2679 2492 2733 2545 δὲ
2760 2490 3076 2553 δεσποτείας
3100 2489 3193 2541 τοῦ
3220 2487 3419 2558 χωρίου
3433 2486 3493 2539 οὐ
3517 2482 3773 2554 παρεχώ-

2193 2602 2345 2657 ρησε,
2380 2583 2468 2637 διὰ
2503 2585 2601 2654 τὴν
2618 2582 2916 2654 εἰρημένην
2938 2580 3135 2633 αἰτίαν.
3167 2580 3280 2647 Ἐφ’
3313 2578 3371 2630 ὃν
3395 2578 3438 2609 ¹⁹
3456 2574 3709 2644 ὲξαφθεὶς
3741 2575 3773 2626 6

2190 2674 2667 2746 Βακάτος,χρε;ὦν
2697 2674 2790 2727 καὶ
2812 2672 2983 2726 ἄλλων
3000 2670 3272 2723 ἑλκουσῶν
3302 2664 3772 2737 αὐτὸν(φιλόδικος

2190 2765 2301 2837 γὰρ
2326 2761 2441 2837 ἦν),
2473 2764 2564 2816 ἐπὶ
2581 2759 3145 2816 Κωνσταντινούπολιν
3170 2758 3338 2829 ὁρμᾷ,
3361 2755 3494 2825 πεζῇ
3520 2755 3617 2824 τὴν
3633 2753 3776 2806 ὁδοι-

2191 2859 2388 2929 πορίαν
2401 2855 2739 2925 ποιούμενος.
2756 2854 3048 2924 Γενόμενος
3064 2851 3120 2904 δὲ
3141 2850 3279 2905 κατά
3295 2849 3393 2920 τὴν
3416 2848 3773 2916 Ἀντιόχειαν,

2192 2946 2312 2999 τότε
2341 2944 2416 3007 ὡς
2453 2943 2689 3014 μεγάλου
2717 2943 2999 3012 φωστῆρος
3019 2941 3324 3011 λάμποντος
3351 2936 3446 2992 τοῦ
3481 2938 3637 3004 ἁγίου
3674 2936 3779 2987 Συ-

2199 3034 2365 3107 μεὼν,
2382 3035 2449 3087 τὰ
2473 3035 2591 3089 κατ’
2611 3035 2770 3090 αὐτὸν
2785 3035 3018 3098 ἀκούσας
3049 3035 3100 3104 (ὑ
3110 3033 3211 3104 πὲρ
3239 3032 3519 3103 ἄνθρωπον
3535 3030 3641 3101 γὰρ
3660 3024 3777 3101 ἦν),

2207 3123 2550 3195 ἐπεθύμησεν
2617 3123 2693 3187 ὡς
2750 3122 3057 3194 χριστιανὸς
3096 3121 3187 3174 τὸν
3242 3121 3393 3190 ᾶγιον
3456 3116 3776 3173 θεάσασθαι.

2203 3215 2350 3270 Ἰδὼν
2391 3216 2449 3269 δὲ
2495 3216 2656 3269 αὑτὸν
2701 3215 2806 3269 ἀπὸ
2850 3214 2942 3269 106
2988 3213 3180 3267 στόλου
3243 3215 3270 3265 6
3333 3211 3484 3280 ἅγιος
3528 3206 3776 3279 Συμεὼν,

522 3298 874 3368 conspicatus
901 3318 1023 3357 eum
1061 3306 1245 3361 statim
1276 3307 1569 3364 intrantem
1600 3310 1657 3363 in
1684 3313 2092 3379 monasterium,

2204 3306 2363 3370 εὐθὺς
2396 3305 2701 3359 εἰσελθόντα
2727 3306 2804 3369 είς
2829 3305 2891 3357 τὸ
2932 3304 3313 3375 μοναστήριον,
3352 3300 3573 3372 ἡρώτα³
3607 3298 3781 3353 Πόθεν

522 3389 879 3463 interrogavit
932 3413 967 3470 ε.
999 3394 1167 3465 Cujas
1206 3399 1299 3454 es?
1322 3407 1377 3455 et
1409 3415 1518 3469 quo
1575 3400 1765 3457 vadis?
1810 3401 2107 3474 Respondit

522 3482 615 3537 ille
648 3500 662 3537 :
698 3481 1047 3543 Palazstinus
1077 3504 1237 3557 sum;
1293 3490 1825 3564 Constantinopolim
1880 3495 2099 3565 proﬁci-

524 3587 671 3628 scor.
716 3573 953 3646 Symeon
994 3577 1151 3644 :Qua
1183 3580 1250 3635 de
1302 3583 1508 3636 causa?
1551 3581 1831 3639 Vacatus:
1880 3583 2108 3656 PrOpIer

526 3667 701 3719 multa
727 3669 972 3736 negotia;
998 3685 1061 3724 ac
1082 3687 1263 3740 spero,
1293 3687 1390 3743 per
1425 3690 1615 3744 preces
1661 3677 1967 3734 sanctitatis
2001 3686 2108 3731 tua:

528 3754 828 3810 rediturum
864 3773 972 3819 me,
1040 3769 1205 3828 atque
1253 3762 1609 3818 adoraturum
1647 3774 1835 3820 sancta
1882 3766 2107 3838 vestigia

526 3851 643 3901 tua.
681 3844 823 3901 Dicit
850 3848 900 3902 ei
928 3859 1152 3906 sanctus
1181 3849 1415 3923 Symeon
1446 3851 1602 3908 :Non
1634 3855 1719 3910 vis
1743 3855 1928 3923 fateri,
1959 3872 1993 3911 ο
2026 3857 2109 3934 in-

526 3947 611 3993 ter
646 3938 896 3995 homines
927 3941 1231 4012 deploratc,
1280 3944 1425 4014 quod
1457 3956 1647 4000 contra
1681 3945 1955 4003 hominem
2013 3946 2106 4004 Dei

527 4030 713 4087 abeas.
757 4030 864 4089 Sed
897 4050 1219 4110 prosperum
1252 4053 1360 4093 non
1397 4038 1623 4095 habebis
1658 4037 1761 4094 iter
1790 4056 1966 4111 neque
1994 4056 2109 4094 am-

527 4123 673 4192 plius
704 4124 917 4181 videbis
953 4125 1175 4180 domum
1225 4138 1397 4183 tuam.
1442 4128 1499 4183 Si
1537 4145 1667 4201 ergo
1691 4146 1851 4203 pares
1877 4134 2108 4189 consilio

528 4229 669 4280 meo,
706 4215 834 4271 hinc
881 4216 994 4286 jam
1025 4218 1310 4285 recedens,
1342 4221 1408 4275 ad
1443 4221 1619 4291 ipsum
1678 4224 2020 4294 properabis,
2055 4232 2109 4281 et

526 4320 667 4374 genu
694 4304 833 4361 flexo
870 4314 1024 4376 petes
1078 4310 1318 4371 veniam,
1352 4311 1516 4365 modo
1543 4311 1723 4366 adhuc
1751 4312 1906 4369 vivus
1934 4315 2000 4369 ad
2026 4315 2106 4369 lo-

527 4412 653 4452 cum
704 4399 1013 4469 pertigeris.
1064 4398 1263 4454 Statim
1305 4400 1473 4470 igitur
1506 4399 1656 4457 febre
1687 4413 1971 4474 correptus
2002 4414 2105 4472 est,

528 4489 584 4537 et
616 4496 648 4535 a
681 4484 978 4539 comitibus
1006 4485 1060 4538 in
1089 4485 1342 4540 lecticam
1376 4490 1600 4552 missus,
1638 4488 1931 4546 festinabat
1951 4494 2107 4564 juxta

530 4572 709 4627 sancti
749 4572 1038 4644 Symeonis
1069 4590 1376 4631 sermonem
1422 4585 1483 4631 ut
1515 4579 1582 4632 ad
1613 4580 1887 4649 regionem
1918 4599 2110 4655 perve-

530 4663 699 4727 niret,
751 4671 916 4735 atque
948 4665 1136 4721 abbati
1192 4665 1411 4723 Gelasio
1441 4669 1710 4738 ptenitere
1766 4688 1827 4728 se
1860 4689 1958 4744 per
1987 4692 2114 4745 pro-

531 4754 754 4809 fundam
792 4754 1200 4813 inclinationem
1247 4767 1599 4814 monstraret.
1640 4758 1837 4816 Vcrum
1876 4763 1964 4818 ubi
2008 4764 2109 4821 Be-

533 4854 715 4917 rytum
746 4847 947 4918 attigit,
980 4857 1232 4905 mortuus
1249 4859 1356 4913 est,
1387 4866 1487 4906 nec
1512 4852 1649 4906 vidit
1680 4852 1899 4909 domum
1931 4872 2107 4925 suam,

529 4938 686 5001 juxta
721 4940 898 4994 sancti
930 4940 1360 5012 praedictionem.
1395 4943 1504 4998 Ista
1529 4943 1672 5000 filius
1701 4944 1843 5014 ejus,
1872 4944 2111 5004 Vacalus

531 5028 694 5082 etiam
730 5030 983 5101 nomine,
1007 5038 1129 5102 post
1176 5038 1409 5086 mortem
1462 5033 1655 5102 patris,
1692 5036 1880 5091 multis
1909 5051 1974 5092 ac
2008 5039 2112 5095 (ide

532 5119 712 5190 dignis
740 5121 1049 5178 hominibus
1082 5122 1383 5180 enarravit.

603 5212 656 5266 3.
694 5210 757 5267 Et
789 5212 892 5267 hoc
916 5227 1133 5284 quoque
1166 5214 1322 5269 multi
1352 5231 1381 5269 ε
1418 5215 1707 5286 discipulis
1735 5217 1858 5288 ejus
1909 5220 2111 5275 retule-

532 5312 659 5359 runt
693 5321 708 5359 :
744 5304 1054 5375 Aliquando
1085 5306 1240 5377 pisce
1273 5307 1338 5361 ad
1373 5306 1571 5362 fratres
1597 5309 1783 5377 allato,
1810 5326 1935 5365 cum
1957 5312 2108 5367 illum

528 5411 743 5467 coquus
774 5395 1041 5464 frixisset,
1096 5398 1330 5467 portavit
1364 5397 1430 5451 ad
1489 5400 1823 5467 cellaritam;
1875 5403 2112 5458 necessi-

531 5498 644 5544 tate
676 5496 857 5545 autem
893 5488 1194 5543 cellaritam
1224 5495 1468 5557 urgente,
1499 5489 1665 5544 exivit
1690 5506 1721 5545 e
1746 5491 1991 5554 cellario,
2020 5508 2111 5545 re-

535 5579 789 5650 linquens
820 5581 1024 5651 piscem
1062 5579 1212 5634 humi
1254 5582 1305 5635 in
1340 5596 1487 5642 vase,
1526 5580 1792 5635 mandans
1832 5581 2112 5636 alumndlo

535 5667 680 5724 beati
716 5669 917 5728 Gelasii
955 5679 1014 5726 ut
1048 5672 1350 5729 custodiret
1391 5671 1457 5726 ad
1493 5681 1729 5742 tempus,
1785 5670 1958 5728 donec
1995 5671 2112 5741 ipse

614 5822 763 5879 "Al.
803 5825 1127 5892 dvanaﬁvat.
1211 5827 1356 5880 "Al.
1399 5829 1529 5880 ὶκεῖ.
1609 5828 1648 5858 ¹⁹
1686 5825 1767 5880 .\l.
1803 5820 2002 5896 6:;‘t6v.

2205 3393 2275 3459 εῐ,
2308 3397 2403 3450 καὶ
2427 3395 2527 3448 ποῦ
2555 3396 2794 3468 πορεύῃ;
2843 3396 2902 3448 '0
2928 3394 2984 3448 δέ
3007 3410 3202 3467 φησιν’
3247 3392 3380 3445 Ἀπὸ
3412 3390 3783 3459 Παλαιστίνης

2206 3490 2341 3561 εἰμὶ,
2376 3491 2471 3544 καὶ
2506 3492 2584 3554 είς
2610 3489 3175 3543 Κωνσταντινούπολιν
3208 3488 3419 3555 ὑπάγω.
3462 3485 3523 3535 '0
3554 3483 3609 3536 δὲ
3643 3482 3783 3553 πρὸς

2208 3583 2401 3636 αὐτόν’
2449 3584 2558 3637 Καὶ
2594 3582 2735 3646 τίνος
2768 3582 2959 3653 χάριν;
3009 3581 3170 3650 Λέγει
3221 3579 3369 3649 αὐτῷ
3417 3579 3445 3630 6
3499 3576 3782 3636 Baxa't1o;'

2207 3675 2306 3728 Διὰ
2346 3675 2531 3746 χρείας
2572 3673 2801 3737 πολλάςο
2839 3674 2935 3726 καὶ
2965 3673 3169 3737 ἐλπίζω
3214 3671 3301 3723 διὰ
3341 3668 3449 3722 τῶν
3476 3666 3650 3737 εὐχῶν
3682 3665 3787 3735 τῆς

2208 3767 2514 3837 ἁγιωσύνης
2542 3784 2634 3819 σου
2666 3764 3000 3820 ἐπαναλῦσαι
3020 3803 3035 3828 ,
3065 3765 3161 3818 καὶ
3197 3763 3521 3833 προσκυνεῖν
3549 3759 3616 3812 τὰ
3651 3757 3788 3826 ἀγιά

2209 3876 2299 3911 σου
2335 3858 2478 3929 ἴχνη.
2510 3858 2619 3910 Καὶ
2640 3857 2788 3926 λέγει
2809 3856 2957 3927 αὐτῷ
2986 3858 3014 3909 6
3044 3855 3196 3923 ἆγιος
3218 3851 3437 3924 Συμεών
3458 3867 3471 3881 ·
3492 3851 3565 3904 Οὐ
3584 3849 3783 3912 θέλεις,

2207 3949 2491 4003 ἀνέλπιστε
2517 3948 2624 4002 τῶν
2646 3947 2965 4019 ἀνθρώπων,
2997 3947 3170 3999 εἰπεῖν
3192 3945 3272 3997 ὅτι
3296 3942 3435 3996 κατὰ
3460 3940 3553 3994 τοῦ
3580 3939 3677 3993 ἀνθ
3686 3938 3792 4009 ρὼο

2209 4056 2310 4092 που
2323 4038 2415 4091 106
2430 4037 2563 4091 Θεοῦ
2585 4036 2810 4109 ἀνέρχῃ.
2829 4036 3070 4090 ’Λλλόὑκ
3083 4034 3239 4088 εὖοδά
3256 4051 3335 4087 σοι
3349 4034 3495 4087 ἔσται
3506 4073 3519 4096 ,
3531 4030 3652 4085 οὐδὲ
3662 4030 3790 4100 ὕψει

2208 4129 2289 4183 ἔτι
2315 4130 2408 4184 τὸν
2429 4125 2577 4183 οἶκόν
2606 4146 2721 4183 σου.
2763 4129 2887 4182 Ἐὰν
2916 4124 3008 4183 οὖν
3040 4128 3201 4199 πείθῃ
3225 4129 3290 4199 τῇ
3328 4124 3627 4196 συμσουλίᾳ
3659 4139 3787 4194 μου,

2209 4220 2456 4274 ἐντεῦθεν
2482 4219 2581 4291 ἤδη
2610 4219 2878 4283 ἀναλύσας
2911 4219 3046 4291 πρὸς
3071 4218 3232 4272 αὐτὸν
3261 4218 3457 4291 ὁρμᾷς,
3484 4216 3579 4269 καὶ
3619 4231 3792 4284 μεταο

2209 4313 2348 4374 νοεῖς
2390 4309 2559 4380 αὐτῷ,
2601 4310 2715 4379 εἴγε
2756 4314 2813 4364 ἐν
2858 4314 2973 4374 τοῖς
3017 4310 3180 4373 ζῶσιν
3225 4307 3300 4361 ὣν
3339 4306 3653 4379 καταλάϐῃς
3695 4305 3793 4359 τὸν

2209 4400 2390 4452 τόπον.
2442 4399 2658 4462 Εὐθέως
2697 4395 2789 4453 οὖν
2828 4399 3053 4470 ληφθεὶς
3103 4397 3208 4451 ὑπὸ
3250 4397 3507 4468 πυρετοῦ,
3540 4397 3635 4449 καὶ
3681 4394 3794 4449 ὑπὸ

2208 4488 2319 4543 τῶν
2358 4489 2622 4544 συνόντων
2673 4492 2731 4543 ὲν
2759 4489 3014 4559 λεκτικίῳ
3057 4488 3293 4560 βληθεὶς,
3341 4488 3600 4558 ἠπείγετο
3646 4484 3795 4539 κατά

2212 4582 2302 4635 τὸν
2331 4581 2488 4650 λόγον
2516 4580 2611 4634 τοῦ
2644 4582 2799 4649 ἁγίου
2831 4581 3054 4651 Συμεὼν
3098 4578 3425 4634 καταλαϐεῖν
3458 4578 3556 4649 τὴν
3581 4575 3791 4648 χώραν,

2216 4673 2311 4727 καὶ
2365 4674 2691 4744 μετανοῆσαι
2746 4671 2824 4743 τῷ
2873 4672 3019 4744 ἀὸσᾷ
3060 4672 3325 4742 Γελασίῳ.
3388 4669 3547 4723 Ἀλλά
3580 4668 3797 4737 φθάσας

2214 4762 2313 4834 τὴν
2350 4762 2610 4835 Βήρυτον,
2655 4762 2989 4831 ἐτελεύτησε,
3023 4762 3098 4832 μὴ
3138 4760 3469 4831 θεασάμενος
3514 4757 3606 4811 τὸν
3643 4752 3797 4810 οἷκον

2217 4853 2405 4917 αὐτοῦ,
2449 4853 2591 4907 κατὰ
2638 4855 2737 4924 τὴν
2781 4852 3119 4924 προφητείαν
3151 4850 3245 4904 τοῦ
3295 4849 3473 4918 ἁγίου.
3527 4845 3712 4901 Ταῦτα
3765 4850 3800 4900 6

2217 4946 2332 5008 υἱὸς
2358 4944 2546 5009 αὑτοῦ,
2593 4945 2836 5008 Βακάτος
2867 4946 2961 4998 καὶ
2992 4943 3155 5006 αὐτὸς
3187 4942 3498 5012 λεγόμενος,
3532 4937 3669 5009 μετὰ
3692 4937 3800 5003 τὴν

2216 5038 2473 5108 τελευτὴν
2500 5037 2595 5091 τοῦ
2628 5035 2833 5107 πατρὸς
2866 5035 3051 5100 αὐτοῦ,
3083 5033 3295 5097 πολλοῖς
3333 5033 3427 5087 καὶο
3458 5028 3799 5095 ἀξιοπίστους

2218 5130 2443 5201 ἀνδράσι
2472 5128 2787 5198 διηγήσατο.

2286 5219 2355 5289 γ’.
2399 5220 2508 5273 Καὶ
2539 5219 2697 5272 τοῦτο
2735 5218 2790 5270 δὲ
2827 5218 3011 5271 πολλοὶ
3071 5218 3179 5270 τῶν
3219 5214 3473 5287 μαθητῶν
3512 5210 3675 5266 αὐτοῦ
3712 5211 3797 5263 διδ

2216 5314 2504 5384 ⁴ηγήσαντο·
2538 5312 2617 5363 ὅτι
2648 5310 2784 5362 Ποτὲ
2814 5309 3037 5380 ὀψαρίου
3068 5307 3373 5378 ἐνεχθέντος
3404 5306 3611 5367 αὐτοῖς,
3638 5302 3804 5356 τοῦτο

2220 5402 2515 5475 τηγανίσας
2569 5403 2597 5455 6
2657 5403 2950 5473 μάγειρος,
2999 5402 3281 5471 εἰσήνεγκε
3337 5398 3414 5471 τῷ
3466 5396 3798 5468 κελλαρίτῃ’

2220 5491 2409 5563 χρείας
2458 5491 2514 5543 δὲ
2565 5490 2891 5561 ἐπειγούσης
2934 5492 3025 5544 τὸν
3075 5488 3417 5560 κελλαρίτην,
3463 5486 3651 5558 ἐξῆλθε
3701 5483 3803 5539 106

2221 5582 2525 5653 κελλαρίου,
2559 5582 2723 5643 ἐάσας
2754 5582 2814 5635 τὸ
2859 5582 3083 5653 ὀψάριον
3131 5584 3188 5635 ὲν
3224 5581 3407 5633 σκεύει
3434 5579 3627 5649 χαμαὶ,
3659 5593 3802 5646 παρ-

2220 5673 2477 5741 αγγείλας
2514 5674 2826 5745 θρεπταρίῳ
2875 5673 3054 5745 μικρῷ
3090 5673 3183 5745 τοῦ
3232 5670 3499 5745 μακαρίου
3537 5672 3577 5723 Γ
3580 5668 3804 5724 ελασίου
