4034 6340
269 421 365 481 H9

1396 402 2012 467 APOPHTHEGMATA
2047 403 2355 464 PATBUM.

3416 412 3530 467 μισ

262 533 547 601 φυλάττειν
571 531 712 590 αὐτὸ
742 530 880 603 πρὸς
901 530 1080 602 ὥραν,
1102 527 1207 592 ἔως
1230 520 1292 582 οὗ
1321 522 1623 596 ἀνακάμψῃ
1641 538 1656 553 ο
1693 521 1756 575 τὸ
1782 519 1839 573 δὲ

1959 528 2348 587 everteretur;
2418 535 2554 592 puer
2607 536 2736 576 vero
2784 521 2924 591 gula:
2977 521 3515 589 lihidineleutatus,

259 623 469 679 παιδίον
510 621 816 694 λιχνισθὲν,
851 620 1043 675 ἔϐαλεν
1093 617 1296 673 ἐσθίειν
1336 615 1570 688 ἀφειδῶς
1600 615 1662 668 τὸ
1703 613 1841 682 ὀψά-

262 731 398 788 ριον.
437 711 721 767 Εἰσελθὼν
764 712 825 766 δι
876 714 905 765 ό
952 709 1297 782 κελλαρίτης,
1355 708 1454 762 καὶ
1484 703 1661 777 εὑρὼν
1711 700 1846 758 αὐτὸ

261 806 464 869 ἐσθίον,
494 804 893 875 ἀγανακτήσας
924 801 1067 857 κατά
1090 801 1186 855 τοῦ
1221 799 1411 863 παιδὸς
1451 797 1631 870 χαμαὶ⁸
1673 794 1844 866 καθη-

270 898 448 970 μένου,
480 896 930 973 ἀπαρατηρήτως
958 895 1040 966 τῷ
1061 895 1182 948 ποδὶ
1207 892 1418 963 ὦθησεν
1438 908 1452 921 ·
1475 889 1536 955 ἐξ
1565 887 1844 961 ἐνεργείας

265 990 321 1044 δέ
370 1005 551 1054 τινος,
603 986 744 1042 κατά
792 987 1015 1056 υκαιρίου
1071 984 1389 1057 κρουσθεὶς,
1440 980 1843 1051 λειποθυμήσας

266 1078 561 1134 ἀπέθανεν.
609 1079 669 1132 Ὅ
696 1077 753 1131 δὲ
770 1058 1096 1147 κελλαρίτης
1122 1074 1272 1145 φόδῳ
1303 1070 1682 1142 κατασχεθεὶς,
1714 1072 1845 1124 ἀνα-

267 1169 453 1232 κλίνας
507 1168 699 1222 τοῦτον
738 1169 797 1220 ὲν
825 1170 892 1238 τῇ
938 1167 1041 1237 ἰδίᾳ
1095 1164 1349 1237 στρώσει,
1397 1167 1492 1219 καὶ
1542 1163 1842 1225 σκεπάσας,

267 1259 522 1314 ἀπελθὼν
553 1258 864 1329 προσέπεσε
909 1259 1019 1320 τοῖς
1062 1256 1191 1309 ποσὶ
1234 1253 1327 1309 τοῦ
1375 1252 1519 1308 assa
1564 1250 1842 1314 Γελασίου,

265 1348 631 1418 ἀπαγγέλλων
659 1346 808 1417 αὑτῷ
848 1345 911 1399 τὸ
941 1346 1253 1417 γενόμενον.
1299 1346 1356 1397 'O
1383 1343 1442 1397 δὲ
1471 1340 1843 1414 παραγγείλας

267 1442 417 1512 αὐτῷ
448 1441 642 1513 μηδενὶ
693 1440 838 1511 ἀλλῳ
872 1441 1064 1504 εἰπεῖν,
1102 1439 1388 1492 ἐκέλευσεν
1430 1435 1577 1506 αὐτῷ
1613 1432 1752 1506 μετά
1782 1431 1845 1485 τὸ

267 1534 477 1596 πάντας
512 1530 784 1603 ήσυχάσαι
831 1530 1091 1602 ἑσπέρας,
1140 1528 1446 1596 εἰσενέγκαι
1499 1524 1631 1579 αὐτὸ
1670 1526 1750 1585 είς
1782 1521 1845 1575 τὸ

265 1623 598 1687 διακονικὸν,
631 1623 726 1675 καὶ
756 1620 929 1675 θεῖναι
976 1618 1284 1692 ἔμπροσθεν
1308 1618 1402 1670 τοῦ
1437 1614 1842 1683 θυσιαστηρίου,

267 1713 366 1769 καὶ
392 1712 771 1784 ἀναχωρῆσαι.
812 1712 923 1764 Καὶ
954 1708 1123 1764 ἐλθὼν
1154 1711 1182 1762 ό
1217 1709 1393 1780 γέρων
1425 1707 1505 1769 είς
1529 1705 1591 1758 τὸ
1610 1705 1845 1759 διακονι-

269 1804 387 1868 κὸν,
416 1803 550 1873 ἔστη
580 1805 661 1865 είς
702 1802 1006 1872 προσευχήν
1028 1816 1047 1831 ·
1081 1800 1175 1854 καὶ
1203 1802 1268 1870 τῇ
1309 1796 1429 1869 ὥρα
1460 1796 1558 1864 τῆς
1592 1812 1846 1866 νυκτερι-

1948 615 2115 682 erepit
2165 610 2322 666 avide
2384 612 2588 681 piscem
2640 612 2991 668 manducare.
3042 610 3179 666 Tum
3236 612 3517 681 ingressus

1948 703 2222 769 cellarius,
2253 710 2309 758 et
2335 703 2617 759 inveniens
2647 703 3042 769 comedentem,
3078 704 3157 758 ira
3184 704 3517 770 concitatus,

1948 808 2176 865 puerum
2219 795 2495 848 sedentem
2544 795 2713 860 humi,
2761 795 3163 850 inconsiderate
3210 795 3347 866 pede
3394 807 3522 865 per-

1950 885 2165 949 cussit;
2229 890 2392 951 atque
2446 884 2514 947 is,
2567 884 2814 939 daemone
2871 894 3221 955 procurante.
3285 888 3520 941 letaliter

1950 977 2219 1046 pulsatus,
2268 975 2553 1030 deﬁciente
2591 975 2774 1029 animo
2817 977 3042 1031 interiit.
3081 974 3234 1032 Unde
3262 977 3519 1033 cellarius

1950 1068 2146 1122 timore
2179 1074 2483 1136 correptus,
2521 1066 2803 1121 reclinavit
2830 1082 2954 1122 eum
2983 1068 3036 1121 in
3066 1068 3342 1137 proprium
3379 1075 3519 1124 stra-

1950 1166 2088 1221 tum,
2124 1166 2178 1211 et
2196 1158 2430 1223 obtexit;
2461 1165 2625 1227 atque
2647 1155 2839 1212 abiens
2867 1158 3096 1228 procidit
3127 1160 3192 1213 ad
3223 1158 3390 1229 pedes
3420 1158 3521 1215 ab-
3576 1220 3589 1229 κ

1949 1250 2091 1304 hatis
2120 1248 2342 1310 Gelasii,
2382 1249 2644 1303 nuntians
2667 1249 2715 1302 ei
2743 1249 2888 1318 quod
2919 1250 3240 1318 contigerat.
3270 1248 3361 1304 Ille
3392 1263 3523 1305 vero

1949 1348 2237 1410 postquam
2286 1338 2659 1393 admonui~set
2707 1354 2776 1393 ne
2825 1339 2916 1393 alii
2969 1340 3225 1409 cuiquam
3271 1340 3519 1404 diceret,

1948 1431 2112 1501 jussit
2154 1441 2213 1484 ut
2255 1445 2500 1500 vespere,
2535 1445 2658 1485 cutn
2694 1446 2885 1485 omnes
2909 1431 3276 1500 quiescerent,
3306 1431 3522 1487 aﬂerret

1950 1542 2177 1598 puerum
2213 1527 2266 1581 in
2295 1526 2660 1592 diaconicum,
2708 1534 2933 1597 poneret
2971 1541 3155 1581 coram
3197 1528 3379 1591 altari,
3411 1530 3522 1584 sic-

1950 1636 2056 1691 que
2072 1618 2409 1674 abscederet.
2429 1616 2565 1671 Tum
2590 1616 2656 1672 ad
2674 1616 3018 1671 diaconicnm
3039 1614 3315 1685 profectus
3329 1631 3521 1684 senex,

1952 1713 2100 1766 stetit
2126 1710 2191 1765 ad
2224 1710 2623 1780 precationem,
2680 1716 2844 1778 atque
2871 1707 3002 1761 hora
3046 1717 3328 1761 nocturna:
3379 1708 3521 1777 psal-

1951 1803 2163 1866 modiaa,
2207 1800 2553 1871 congregatis
2609 1799 2894 1862 fratribus,
2942 1798 3112 1853 exivit
3152 1812 3340 1860 senex,
3375 1811 3526 1851 asse-

269 1896 367 1964 νῆς
402 1893 748 1964 ψαλμῳδίας,
782 1891 1157 1961 συναχθέντων
1193 1889 1302 1943 τῶν
1329 1887 1594 1957 ἀδελφῶν,
1626 1886 1848 1957 ἐξῆλθεν

1959 1893 2088 1947 clam
2119 1888 2329 1946 habens
2360 1890 2864 1953 adolescentulum;
2918 1904 3019 1944 nec
3067 1888 3359 1958 quisquam
3407 1901 3521 1943 rem

269 1989 301 2040 ὁ
334 1987 517 2055 γέρων
546 1984 687 2054 έχων
714 1983 1035 2038 ἀκολουθοῦν
1072 1981 1204 2037 αὐτὸ
1236 1982 1298 2035 τὸ
1332 1981 1615 2053 μειράκιον
1634 1993 1650 2008 °
1684 1978 1850 2059 μηδε-

270 2076 361 2139 νὸς
391 2076 453 2128 τὸ
481 2075 774 2144 γενόμενον
805 2073 1027 2137 εἰδότος,
1058 2072 1197 2145 πλὴν
1239 2071 1428 2139 αὑτοῦ,
1459 2071 1552 2125 καὶ
1589 2069 1682 2124 τοῦ
1722 2070 1848 2123 κελ-

272 2165 519 2237 λαρίτου,
553 2164 659 2228 ἕως
683 2166 785 2234 τῆς
815 2161 981 2219 αὐτοῦ
1010 2162 1287 2232 τελευτῆς.

339 2259 404 2312 δ’.
448 2257 682 2324 Ἔλεγον
717 2257 848 2327 περὶ
883 2255 976 2309 τοῦ
1015 2254 1160 2308 ά66ἄ
1200 2254 1240 2306 Γ
1243 2253 1484 2322 ελασίου,
1521 2254 1619 2326 οὐχ
1656 2256 1706 2308 οἱ
1745 2273 1853 2326 μα-

277 2348 435 2418 θηταὶ
475 2347 648 2400 αὐτοῦ
700 2347 880 2418 μόνον,
915 2346 1050 2401 ἀλλὰ
1101 2346 1193 2399 καὶ
1237 2346 1424 2399 πολλοὶ
1471 2347 1579 2402 τῶν
1633 2347 1852 2410 πυκνῶς

278 2436 423 2508 αὐτῷ
450 2436 881 2509 παραὼλόντων
910 2435 1212 2506 διηγοῦντο,
1246 2436 1328 2488 an
1357 2436 1414 2488 ὲν
1443 2434 1519 2504 τῷ
1551 2434 1724 2505 καιρῷ
1752 2434 1851 2504 τῆς

276 2526 661 2596 οἰκουμενικῆς
696 2525 916 2578 συνόδου
941 2525 1039 2595 τῆς
1070 2526 1127 2577 ὲν
1156 2523 1457 2594 Καλχηδόνι
1485 2524 1850 2598 ’θηεΰεοδόσιος

278 2617 308 2669 ό
332 2613 721 2686 προκατάρξας
759 2614 817 2667 ὲν
865 2612 1197 2684 Παλαιστίνῃ
1241 2611 1336 2665 τοῦ
1383 2610 1521 2665 κατὰ
1565 2612 1849 2681 Διόσκορον

280 2705 578 2776 σχίσματος
611 2707 678 2769 ³⁸,
720 2703 1006 2775 προλαϐὼν
1032 2705 1155 2768 τοὺς
1185 2704 1513 2766 ἐπισκόπους
1540 2702 1850 2756 ἐπανελθεῖν

284 2797 579 2867 μέλλοντας
604 2796 697 2850 ἐπὶ
730 2797 829 2860 τὰς
862 2795 995 2859 ἰδίας
1032 2795 1353 2870 Ἑκκλησίας
1388 2795 1589 2866 (παρῆν
1622 2795 1731 2865 γὰρ
1757 2795 1850 2847 καὶ

282 2887 440 2948 αὐτὸς
472 2889 531 2939 ὲν
562 2884 1152 2949 Κωνσταντινουπόλει,
1181 2884 1424 2954 διωχθεὶς
1454 2884 1561 2937 ἀπὸ
1585 2885 1683 2954 τῆς
1717 2884 1850 2946 ἰδίας

284 2976 540 3045 πατρίδος
568 2975 645 3039 ὡς
668 2978 933 3047 ταραχαῖς
964 2974 1051 3028 ἀεὶ
1075 2974 1560 3047 χαίρων),ὦρμησε
1593 2975 1727 3046 πρὸς
1758 2975 1849 3028 τὸν

284 3065 455 3120 ἀῦὅᾶν
503 3066 541 3117 Γ
545 3065 759 3119 ελάσιον
810 3066 890 3128 είς
936 3064 997 3117 τὸ
1034 3063 1199 3117 αὐτοῦ
1251 3066 1628 3136 μοναστήριον,
1676 3064 1850 3133 λέγων

288 3155 427 3210 κατὰ
462 3157 562 3225 τῆς
593 3153 834 3219 συνόδου,
864 3154 939 3217 ὼς
973 3153 1033 3207 τὸ
1065 3154 1357 3225 Νεστορίου
1388 3154 1561 3225 δόγμα
1600 3157 1849 3226 κυρωσά-

1949 1984 2224 2055 cognovit,
2265 1982 2505 2053 quandiu
2556 1981 2710 2048 vixit,
2774 1987 2970 2052 praeter
3024 1979 3203 2050 ipsum
3252 1985 3307 2034 et
3362 1977 3527 2034 cella-

1952 2090 2115 2131 rium.

2021 2254 2075 2309 ι.
2110 2253 2185 2310 De
2210 2253 2408 2309 abbate
2439 2252 2677 2316 Gelasio,
2717 2266 2826 2306 non
2856 2248 3016 2305 modo
3047 2246 3301 2319 discipuli
3352 2245 3537 2317 ipsius.

1952 2347 2191 2410 aiebant,
2216 2346 2312 2400 sed
2338 2352 2394 2400 et
2418 2343 2729 2399 referebant
2753 2342 2907 2396 multi
2938 2354 3129 2396 eorum
3154 2340 3249 2409 qui
3275 2337 3533 2407 frequenv

1952 2447 2034 2493 ter
2068 2437 2218 2491 illum
2272 2435 2541 2498 adierant,
2583 2433 2730 2502 quod
2765 2444 3009 2500 tempore
3054 2429 3404 2485 oecnmenicae
3434 2443 3523 2499 sy-

1951 2529 2077 2583 nodi
2109 2526 2452 2582 Ghalcedone
2481 2530 2850 2594 congregatae,
2881 2521 3252 2584 Theodosius,
3292 2520 3382 2573 ille
3424 2518 3519 2587 qui

1952 2617 2006 2672 in
2035 2616 2324 2672 Palaestina
2358 2615 2601 2671 schisma
2636 2612 2882 2668 Dioscori
2904 2611 3226 2681 auspicatus
3247 2618 3352 2673 est,
3385 2624 3526 2679 pra:-

1951 2709 2175 2765 veniens
2236 2708 2526 2778 episcopos
2574 2706 2641 2760 ad
2695 2719 2826 2760 suas
2874 2702 3153 2758 Ecclesias
3210 2716 3527 2758 reversuros

1953 2801 2113 2871 (nam
2167 2800 2284 2870 ipse
2313 2813 2533 2869 quoque
2577 2796 2769 2852 aderat
2803 2793 3298 2864 Constantinopoli,
3350 2792 3527 2863 patria

1950 2892 2096 2963 quod
2139 2906 2355 2961 semper
2408 2889 2733 2944 tumultibus
2773 2887 3137 2942 delectaretur
3169 2884 3528 2956 pulsus),ir-

1952 2985 2062 3041 ruit
2098 2984 2154 3039 in
2210 2983 2459 3038 abbatem
2497 2980 2776 3036 Gelasium
2823 2979 2877 3033 in
2907 2979 3233 3034 monasterio
3263 2975 3406 3048 ejus,
3442 2975 3523 3029 lo-

1951 3092 2126 3148 quens
2177 3074 2439 3131 adversus
2476 3071 2772 3145 synodum,
2818 3070 2974 3141 quasi
3020 3084 3141 3139 qua:
3202 3067 3397 3138 dogma
3422 3064 3531 3121 Ne-

1958 3169 2116 3224 storii
2155 3167 2556 3231 conﬁrmasset,
2591 3174 2647 3221 et
2687 3180 2784 3235 per
2809 3163 3121 3233 huiusmodi
3153 3162 3357 3217 dictum
3386 3161 3532 3217 exis-

289 3262 418 3317 σης·
457 3224 550 3302 διά
574 3244 766 3299 τούτου
790 3242 1023 3316 νομίζων
1046 3244 1135 3298 τὸν
1156 3224 1309 3313 ἅγιον
1339 3224 1698 3316 ὑφαρπάζειν,
1726 3245 1856 3316 πρὸς

1961 3261 2163 3314 timans
2195 3275 2225 3312 a
2246 3273 2307 3313 se
2341 3258 2626 3327 abreptum
2662 3224 2730 3309 iri
2757 3224 2944 3311 senem
2985 3255 3040 3309 in
3071 3254 3384 3309 societatem
3437 3252 3531 3307 fal-

294 3336 581 3407 συνεργίαν
604 3336 705 3406 τῆς
737 3336 905 3390 αὐτοῦ
935 3336 1282 3409 ῥᾳδιουργίας
1308 3336 1403 3390 καὶ
1427 3335 1520 3389 τοῦ
1547 3336 1665 3389 κατ’
1699 3336 1856 3390 αὑτὸν

1961 3351 2113 3406 lacim
2139 3364 2252 3405 suae
2289 3358 2343 3404 et
2370 3348 2711 3405 schismatis.
2739 3348 2810 3402 At
2831 3348 2922 3402 ille
2957 3362 3024 3400 ex
3060 3345 3303 3400 hominis
3331 3344 3535 3399 consti-

292 3427 610 3499 σχίσμα-ως.
660 3429 718 3482 '0
763 3428 822 3481 δὲ
865 3429 929 3480 ὲκ
973 3429 1067 3497 τῆς
1092 3427 1187 3482 τοῦ
1220 3426 1413 3499 ἀνδρὸς
1456 3427 1856 3491 καταστάσεως,

1962 3443 2191 3502 tutione.
2225 3455 2437 3494 necnon
2462 3455 2526 3495 ex
2550 3453 2614 3493 ea
2640 3453 2801 3508 quam
2826 3438 3089 3493 divinitus
3131 3434 3364 3489 habebat
3403 3415 3533 3504 pru-

292 3522 386 3574 καὶ
424 3523 489 3574 ὲκ
531 3520 632 3591 τῆς
674 3518 985 3591 προσούσης
1032 3517 1181 3590 αὐτῷ
1232 3517 1417 3572 θεόθεν
1472 3517 1756 3583 συνέσεως,
1802 3519 1856 3571 τὸ

1961 3530 2167 3593 dentia,
2197 3528 2614 3599 deprehendens
2643 3528 2764 3598 ejus
2796 3526 3147 3597 depravatam
3200 3524 3581 3582 sententiam.

292 3610 680 3682 διεφθαρμένον
722 3612 821 3683 τῆς
872 3609 1034 3664 αὑτοῦ
1065 3609 1291 3681 γνώμης
1337 3609 1676 3689 καταλαϐὼν,
1720 3612 1782 3663 οὐ
1815 3613 1856 3642 ²¹

1962 3631 2122 3689 atque
2153 3620 2504 3684 voluntatem,
2532 3618 2599 3675 ad
2622 3620 2856 3675 haeretici
2882 3618 3237 3674 defectionem
3270 3633 3366 3674 seu
3401 3631 3534 3687 apo-

297 3702 616 3774 συναπήχθη
642 3705 708 3773 τῇ
752 3700 915 3757 αὐτοῦ
943 3702 1273 3772 ἀποστασία,
1311 3703 1386 3765 ὼς
1429 3703 1478 3754 οἱ
1514 3702 1631 3754 τότε
1680 3702 1856 3770 σχεδὸν

1963 3713 2208 3776 stasiam,
2235 3713 2407 3767 instar
2426 3720 2744 3767 cancrorum
2772 3710 2883 3766 fere
2907 3711 3173 3770 omnium,
3194 3724 3303 3764 non
3328 3716 3411 3765 est
3436 3708 3534 3763 ab-

298 3796 515 3862 πάντες,
552 3794 666 3848 ἀλλ’
692 3792 859 3859 ἀξίως
896 3793 1055 3846 αὑτὸν
1084 3793 1356 3863 ἀτιμάσας
1394 3793 1737 3863 ἀπέπεμψεν.
1771 3794 1856 3855 Εἰς

1964 3803 2196 3870 ductus;
2220 3803 2315 3859 sed
2339 3803 2821 3873 proutmerehatur
2842 3802 3225 3857 inhonoratum
3243 3801 3531 3870 ablegavit.
3566 3833 3576 3852 -.

300 3885 463 3952 μέσον
504 3884 613 3956 γὰρ
664 3883 905 3952 ἐνεγκὼν
940 3884 1003 3937 τὸ
1032 3882 1355 3956 θρεπτάριον
1399 3885 1533 3956 ὅπερ
1561 3887 1625 3937 ἐκ
1657 3883 1856 3955 νεκρῶν

1963 3894 2097 3949 Nam
2122 3894 2176 3949 in
2215 3895 2453 3951 medium
2485 3893 2722 3949 adducto
2759 3893 3000 3959 alumno,
3039 3909 3207 3963 puero
3229 3892 3322 3948 illo
3369 3906 3532 3961 quem

297 3975 612 4046 ἀνέστησεν,
651 3974 835 4044 έλεγεν
877 3976 933 4027 ὲν
965 3975 1085 4046 ἤθει
1115 3975 1297 4046 σεμνῷ
1324 3975 1526 4039 οὕτως·
1567 3977 1691 4029 Ἐὰν
1739 3975 1856 4047 περῖ

1965 3985 2298 4041 excitaverat
2331 3999 2362 4038 a
2422 3985 2675 4049 mortuis,
2728 3984 2802 4037 ita
2864 3985 3103 4054 graviter
3133 3991 3188 4039 et
3232 3982 3536 4052 composite

300 4064 535 4131 πίστεως
567 4065 727 4139 θέλῃς
769 4065 1135 4136 διαλεχθῆναι,
1170 4066 1312 4137 έχεις
1350 4066 1536 4119 τοῦτον
1574 4067 1724 4137 παρά
1771 4065 1863 4119 σοῦ

299 4158 561 4213 ἀκούοντα
590 4158 686 4213 καὶ
723 4157 1102 4227 διαλεγόμενόν
1147 4174 1261 4210 σοι’
1293 4159 1414 4228 ἐμοὶ
1460 4157 1567 4227 γὰρ
1604 4158 1664 4208 οὐ
1702 4156 1867 4228 σχολὴ

298 4250 366 4304 τά
396 4250 552 4322 παρᾶ
589 4249 681 4302 σοῦ
709 4250 947 4303 ἀκούειν.
990 4249 1114 4302 Ἐπὶ
1153 4248 1360 4311 τούτοις
1402 4248 1736 4317 διατραπεὶς,
1772 4249 1868 4300 καὶ

300 4342 391 4395 ἐπὶ
418 4340 519 4413 τὴν
555 4341 719 4409 ἁγίαν
745 4340 900 4394 πόλιν
938 4341 1207 4412 ὁρμήσας,
1240 4338 1570 4409 συναρπάζει
1611 4339 1709 4409 μὲν
1749 4338 1856 4392 ὅλοι

1969 4364 2085 4412 sus,
2127 4348 2183 4402 in
2229 4353 2476 4402 sanctam
2528 4342 2806 4397 civitatem
2860 4340 3143 4410 prorupit;
3178 4338 3269 4392 ubi
3316 4338 3535 4409 quidem

302 4432 358 4485 τὸ
385 4430 702 4503 μοναχικὸν,
733 4433 790 4484 ἐν
808 4432 1154 4502 προσχήματι
1198 4429 1340 4483 θείου
1374 4430 1535 4500 ζήλου
1559 4444 1571 4457 ’
1602 4428 1856 4500 συναρπάε

1970 4438 2038 4492 ad
2082 4453 2211 4493 suas
2244 4442 2426 4505 partes
2477 4431 2714 4502 abripuit
2745 4445 2938 4486 omnes
2992 4429 3316 4489 monachos,
3353 4430 3539 4499 specie

302 4523 381 4589 ζει
404 4524 460 4578 δὲ
486 4524 583 4578 καὶ
619 4524 717 4595 τὴν
743 4522 1056 4591 Αὐγούσταν
1087 4522 1206 4576 τότε
1234 4522 1508 4593 παροῦσαν
1528 4537 1540 4550 ·
1577 4521 1671 4574 καὶ
1694 4519 1856 4584 οὕτως

1972 4530 2073 4585 zeli
2106 4528 2272 4582 divini
2315 4525 2604 4595 :.abripuit
2648 4538 2867 4596 quoque
2922 4520 3221 4591 Augustam
3268 4536 3389 4591 qua
3427 4521 3540 4576 illic

1966 4077 2181 4132 locutus
2220 4086 2304 4129 est
2330 4094 2342 4129 :
2377 4074 2435 4129 Si
2456 4075 2522 4130 de
2549 4074 2653 4130 [ide
2676 4076 2832 4144 cupis
2855 4075 3147 4139 disserere,
3176 4074 3318 4127 hunc.
3343 4072 3533 4137 habes,
3562 4118 3573 4123 -

1966 4168 2115 4239 quia
2145 4175 2197 4221 te
2230 4164 2437 4230 audiet,
2470 4171 2761 4233 tecumque
2798 4164 3173 4231 colloquetur;
3203 4162 3341 4215 mihi
3383 4162 3561 4216 enim.

1967 4271 2076 4311 non
2108 4260 2271 4323 vacat
2295 4261 2387 4306 tua
2414 4251 2747 4306 auscultare.
2780 4248 2862 4303 Ad
2891 4263 3015 4323 igne
3037 4247 3200 4302 verba
3230 4247 3322 4303 ille
3344 4245 3551 4301 contu-
3650 4254 3659 4261 '

304 4616 561 4688 συνεργὸν
588 4615 790 4679 λαϐὼν,
836 4614 929 4685 βία
964 4614 1195 4683 κατέσχε
1221 4613 1310 4666 τὸν
1344 4613 1529 4685 θρόνον
1577 4613 1870 4684 Ἰεροσολύ-

307 4724 450 4776 μων·
486 4706 671 4777 φόνοις
714 4704 901 4759 τοῦτον
938 4703 1319 4777 προαρπάσας,
1359 4705 1453 4758 καλ⁵
1484 4703 1551 4757 τὰ
1584 4705 1718 4758 ἀλλα
1748 4704 1873 4758 ἀθέ-

309 4817 433 4869 μιτα
470 4800 567 4853 καὶ
598 4798 926 4851 άκανόνιστα
957 4796 1279 4867 διαπράξας,
1306 4794 1342 4849 ἃ.
1370 4796 1533 4866 μέχρι
1561 4794 1655 4849 νῦν
1689 4797 1873 4851 πολλοὶ

311 4889 726 4961 μνημονεύουσι.
755 4888 889 4941 Τότε
928 4886 991 4956 δὴ
1025 4887 1099 4950 ὡς
1132 4883 1401 4958 ἐγκρατὴς
1441 4887 1748 4957 γενόμενος,
1778 4885 1873 4940 καί)⁸

308 4982 396 5036 τοῦ
429 4981 634 5037 σκοποῦ
663 4978 955 5050 ἐπιτυχὼν,
987 4979 1081 5032 καὶ
1105 4978 1435 5041 ὲπισκόπους
1463 4977 1744 5041 πλείστους
1763 4994 1874 5048 χει·-

311 5078 620 5148 ροτονήσας,
661 5070 1060 5145 προλαμϐάνων
1093 5071 1220 5133 τοὺς
1263 5069 1483 5142 θρόνους
1515 5068 1622 5122 τῶν
1655 5068 1874 5121 ἐπισκό-

310 5184 420 5222 πων
466 5166 693 5239 μηδέπω
736 5161 1159 5224 ἐπανελθόντων,
1212 5160 1627 5230 μεταστέλλεται
1659 5161 1754 5213 καὶ
1785 5159 1876 5211 τὸν

311 5260 471 5315 ἀδθίν
498 5260 794 5314 Γελάσιον·
845 5256 941 5310 καὶ
975 5254 1341 5327 προτρέπεται
1379 5254 1457 5316 είς
1486 5252 1548 5307 τὸ
1587 5253 1875 5322 ἱερατείον,

310 5352 563 5418 δελεάζων
588 5353 709 5422 ἅμα
737 5349 833 5403 καὶ
865 5347 1132 5416 ἐκφοϐῶν.
1166 5345 1472 5401 Εἱσελθὸντι
1504 5340 1596 5398 οὖν
1626 5343 1775 5414 αὑτῷ
1797 5345 1878 5407 εἰς

309 5443 362 5498 τὸ
411 5448 699 5516 ἱερατεῖον,
761 5443 949 5511 ἔλεγεν
993 5447 1019 5497 ό
1072 5443 1382 5506 Θεοδόσιος·
1460 5442 1878 5512 Ἀναθεμάτισον

308 5536 667 5594 Ἰονϐενάλιον.
728 5535 790 5589 '0
817 5534 874 5588 δὲ
910 5534 1073 5605 μηδὲν
1128 5534 1519 5602 καταπλαγεὶς,
1558 5533 1749 5587 ’Ἃλλον
1778 5533 1877 5584 οὐκ

302 5624 426 5697 οἶδα,
456 5631 646 5701 φησιν,
714 5625 1018 5680 ἐπίσκοπον
1082 5625 1492 5695 Ἱεροσολύμων,
1542 5627 1587 5677 εἰ
1627 5622 1700 5694 μὴ
1752 5625 1880 5677 ’1ου-

356 5800 398 5831 ²⁹
432 5811 512 5866 Al.
542 5803 889 5875 Χαλκηδόνι.
966 5804 1008 5835 ²⁸
1044 5802 1125 5856 Al.
1163 5803 1455 5875 σχήματος.

1972 4628 2101 4675 tunc
2129 4618 2350 4684 aderat;
2406 4615 2571 4686 atque
2604 4616 2678 4670 ita
2724 4614 2891 4684 hujus
2951 4612 3154 4667 auxilio
3188 4627 3341 4677 usus,
3375 4613 3429 4667 vi
3459 4628 3540 4669 se—

1970 4711 2091 4768 dem
2123 4708 2671 4779 llierosolymitanam
2729 4707 3040 4775 occupavit,
3075 4704 3314 4758 cmdibus
3341 4717 3559 4773 praerel

1970 4812 2116 4875 ptam
2145 4824 2158 4872 ;
2188 4803 2406 4872 aliaque
2422 4807 2609 4854 contra
2642 4799 2787 4870 leges
2816 4806 2869 4853 et
2912 4812 3152 4853 canones
3190 4798 3538 4866 perpetravit,

1968 4910 2089 4965 quae
2139 4895 2420 4962 hucusque
2457 4901 2883 4946 commemorant
2917 4890 3093 4943 multi.
3146 4888 3299 4941 Tunc
3349 4887 3539 4957 igitur,

1972 4995 2031 5040 ut
2058 4986 2147 5055 qui
2179 4992 2502 5055 potestatem
2532 4983 2824 5045 obtineret,
2870 4982 3092 5049 votique
3121 4985 3268 5034 esset
3291 4991 3538 5046 compos,

1973 5078 2239 5133 ordinatis
2278 5075 2550 5146 episcopis
2596 5073 2864 5144 pluribus,
2900 5070 3208 5126 invadendo
3255 5070 3539 5140 episcOpo-

1972 5182 2094 5223 rum
2128 5166 2367 5221 nondum
2392 5176 2772 5235 regressorum
2805 5162 3056 5225 thronos,
3090 5160 3254 5216 etiam
3288 5158 3538 5213 abbatem

1973 5258 2248 5313 Gelasium
2280 5256 2593 5322 arcessivit;
2628 5269 2790 5325 quem
2826 5252 2894 5306 ad
2922 5251 3227 5308 sacrarium
3268 5248 3541 5310 invitavit,

1976 5348 2243 5404 deliniens
2287 5347 2450 5402 simul
2494 5361 2559 5401 ac
2602 5353 2836 5401 terrens.
2881 5344 3019 5399 Cum
3076 5354 3207 5411 ergo
3261 5340 3559 5408 ingressus-

1976 5448 2122 5496 csset
2153 5440 2206 5494 in
2243 5439 2569 5501 sacrarium,
2631 5437 2769 5491 dixit
2805 5434 3149 5490 Theodosius
3184 5448 3198 5485 :
3236 5429 3542 5483 Anathema

1979 5530 2161 5603 profer
2184 5529 2446 5586 adversus
2470 5527 2808 5584 Juvenalem.
2834 5524 3019 5578 Abhas
3049 5536 3177 5577 vero
3195 5519 3503 5593 impavidus
3525 5536 3543 5573 :

1979 5624 2182 5687 Alium,
2221 5623 2415 5691 inquit,
2460 5637 2570 5675 non
2604 5618 2727 5674 novi
2785 5614 3284 5683 Hierosolymorum
3328 5610 3546 5684 episcoe

1533 5801 1575 5832 "
1599 5799 1681 5854 Al.
1706 5802 1764 5853 οὐ
1803 5802 1956 5872 μόνον
1987 5802 2064 5853 οὐ.
