4034 6340
448 439 554 497 Ιῦξί

1625 433 1964 489 ΑΡΡΕΝῡιλ
2009 435 2100 488 AD
2138 433 2360 490 PALLA
2372 433 2552 491 DIUM.

3594 433 3696 493 156

443 573 543 614 vos
566 571 748 614 emere
773 571 945 625 vasa;
984 558 1073 613 ubi
1112 574 1238 614 vero
1267 557 1601 613 accesserint
1637 557 1705 612 ad
1741 559 2017 629 accipien-

2141 558 2245 610 ἱταν
2273 556 2466 611 ἔλθωσι
2498 554 2683 610 λαϐεῖν
2713 553 2812 627 τὴν
2835 553 2999 627 τιμὴν
3033 556 3231 624 αὐτῶν,
3255 557 3484 630 λέγομεν
3514 557 3700 625 αὐτοῖς

441 652 576 705 dum
618 650 853 720 pretium
879 689 894 713 ,
934 650 1183 705 dicemus
1222 650 1302 704 eis
1334 657 1394 703 ut
1434 648 1643 705 faciant
1670 650 2016 715 orationem;

442 749 499 796 et
539 739 703 796 credo
734 740 879 811 quod
920 741 1011 794 illa
1055 740 1360 795 sanabitur.
1406 740 1624 811 Egressi
1673 757 1807 809 ergo
1841 741 1909 795 ad
1940 741 2018 797 l'o-

444 845 590 896 rum,
644 833 968 887 invenerunt
1002 847 1165 884 unum
1203 846 1233 884 e
1266 847 1458 886 senum
1508 831 1798 903 discipulis
1822 833 2018 889 seden-

447 930 555 977 tem
592 921 667 974 uti
699 920 956 975 venderet
994 934 1184 973 eorum
1224 935 1353 974 vasa
1375 937 1389 985 ;
1414 920 1868 990 adduxeruntque
1894 935 2016 975 eum

394 1038 402 1060 ι
445 1028 570 1067 cum
613 1013 837 1082 sportis,
884 1010 1043 1080 quasi
1095 1020 1445 1080 accepturum
1478 1012 1734 1082 pretium.
1774 1012 2019 1081 Cumque

444 1102 745 1156 monachus
793 1100 1014 1155 domum
1056 1100 1340 1172 ingressus
1383 1109 1570 1162 esset,
1609 1102 1756 1156 venit
1815 1103 2018 1156 (tremo-

442 1190 621 1255 niaea,
653 1198 708 1253 et
732 1190 882 1244 dedit
924 1190 973 1245 ei
997 1191 1234 1260 alapam.
1270 1190 1319 1247 Is
1372 1205 1500 1247 vero
1532 1191 1697 1245 aliam
1743 1191 2020 1245 maxillam

443 1285 695 1348 obvertit,
730 1284 887 1351 juxta
918 1292 1245 1352 praeceptum
1279 1282 1491 1337 Domini
1518 1283 1584 1337 ⁸³.
1623 1281 1778 1337 Tunc
1807 1283 2020 1338 daemon

442 1376 832 1439 discruciatus,
869 1376 1131 1436 clamavit
1179 1375 1370 1429 dicens
1400 1392 1413 1428 :
1448 1371 1492 1429 Ο
1527 1375 1669 1429 vim!
1707 1373 2020 1428 Mandatum

442 1466 572 1523 Jesu
605 1468 830 1538 expellit
859 1482 964 1522 me.
998 1465 1412 1535 Confestimque
1442 1475 1666 1536 purgata
1692 1475 1777 1520 est
1806 1467 2020 1521 mulier.

442 1557 743 1629 Postquam
779 1567 962 1615 autem
989 1559 1270 1614 venissent
1309 1572 1492 1621 senes,
1529 1558 1916 1612 nuntiaverunt
1942 1558 2024 1612 eis

443 1654 591 1725 quod
627 1653 917 1708 acciderat.
959 1651 1037 1706 llli
1078 1650 1525 1721 gloriﬁcaverunt
1554 1648 1746 1714 Deum,
1783 1665 1846 1703 ac
1872 1648 2024 1704 dixe-

446 1754 578 1801 runt
611 1763 625 1801 :
661 1744 812 1800 Solet
850 1744 1124 1815 prosterni
1170 1741 1373 1798 diaboli
1411 1742 1665 1812 superbia
1707 1757 1803 1813 per
1847 1741 2027 1795 Immi-

452 1838 659 1893 litatem
692 1836 932 1891 mandati
954 1835 1180 1890 Christi.

2119 650 2206 703 ἵνα
2237 650 2534 719 ποιήσωσιν
2570 647 2756 719 εὐχὴν,
2791 650 2886 704 καὶ
2929 650 3168 704 πιστεύω
3192 649 3275 705 δτι
3308 649 3695 722 θεραπεύεται.

2117 741 2227 796 Kal
2258 738 2563 805 ἐξελθόντες
2587 742 2646 794 ὲν
2680 744 2744 812 τῇ
2771 741 2967 813 ἀγορᾷ,
3004 733 3163 814 εὗρον
3183 741 3283 796 ινα
3309 740 3558 813 μαθητὴν
3586 742 3700 795 τῶν

2118 830 2390 902 γερόντων
2421 829 2729 901 καθήμενον
2746 830 2832 883 ἴνα
2864 829 3089 901 πωλήσῃ
3120 829 3190 883 τὰ
3221 829 3388 900 σκεύη
3417 828 3597 883 αὐτῶν
3623 826 3697 861 ⁸⁸·

2118 924 2214 978 καὶ
2242 922 2431 976 ἔλαϐον
2476 922 2638 976 αὑτὸν
2681 921 2819 993 μετὰ
2845 922 2954 975 τῶν
2994 921 3287 994 σπυρίδων,
3328 920 3403 984 ὡς
3440 919 3526 973 ἵνα
3553 919 3698 993 λάϐῃ

2118 1018 2179 1070 τὸ
2208 1016 2424 1086 τίμημα
2451 1014 2648 1068 αὐτῶν.
2683 1014 2791 1068 Kal
2826 1016 2914 1068 ὅτε
2958 1010 3120 1086 ἦλθεν
3162 1015 3190 1066 6
3222 1012 3453 1084 μοναχδς
3488 1013 3569 1076 εἰς
3603 1010 3700 1066 τὸν

2119 1101 2285 1171 οἷκον,
2314 1101 2477 1177 ἦλθεν
2507 1106 2541 1176 ἡ
2570 1105 3005 1176 δαιμονιζομένη,
3035 1105 3130 1159 καὶ
3169 1104 3368 1158 ἔδωκεν
3414 1102 3561 1174 αὐτῷ
3596 1103 3699 1171 pa-

2123 1214 2299 1268 πισμα
2324 1196 2459 1266 (99).
2501 1197 2560 1249 '0
2597 1195 2655 1249 δὲ
2696 1195 2922 1268 έστρεψε
2972 1194 3066 1249 xal
3091 1194 3188 1267 τὴν
3237 1195 3403 1265 ἄλλην
3448 1194 3700 1264 σιαγόνα,

2122 1290 2264 1344 κατὰ
2288 1288 2386 1359 τὴν
2410 1288 2630 1359 ἐντολὴν
2651 1286 2745 1341 τοῦ
2775 1287 3001 1359 Καρίου.
3025 1288 3136 1341 Καὶ
3161 1285 3504 1357 βασανισθεὶς
3529 1285 3557 1338 6
3582 1285 3703 1339 δαί-

2127 1398 2261 1452 μων,
2314 1376 2511 1451 ἐκραξε
2554 1378 2761 1447 λέγων·
2804 1379 2868 1431 Ὦ
2911 1378 3034 1449 ﬂia!
3081 1380 3115 1448 ἡ
3160 1377 3345 1448 ἐντολὴ
3388 1376 3480 1430 τοῦ
3527 1376 3703 1445 Ἰησοῦ

2124 1470 2374 1526 ἐκϐάλλει
2412 1488 2500 1541 με.
2530 1470 2643 1524 Kal
2670 1468 2870 1533 εὐθέως
2896 1468 3232 1541 ἐκαθαρίσθη
3261 1470 3295 1539 ἡ
3336 1472 3471 1539 γυνή
3499 1469 3565 1520 ³⁸.
3590 1467 3704 1520 Καὶ

2124 1566 2199 1627 ὡς
2228 1561 2392 1636 ἦλθον
2426 1564 2476 1616 οἱ
2499 1563 2773 1635 γέροντες,
2806 1562 3133 1633 άνήγγειλαν
3161 1562 3344 1626 αὐτοῖς
3383 1561 3445 1614 τὸ
3473 1560 3703 1630 γενόμε-

2124 1674 2233 1711 νον.
2271 1654 2382 1709 Kal
2425 1652 2685 1720 ἐδόξασαν
2726 1653 2817 1707 τὸν
2842 1653 2995 1717 Θεὸν,
3028 1654 3123 1707 καὶ
3149 1647 3337 1706 εἶπον⁸
3381 1652 3540 1717 Ἔθος
3582 1652 3709 1706 ἐστὶ

2125 1749 2191 1819 τῇ
2220 1745 2568 1817 ὑπερηφανίᾳ
2592 1742 2689 1798 τοῦ
2720 1743 2989 1811 διαϐόλου,
3013 1744 3231 1797 πίπτειν
3259 1743 3368 1797 ἀπὸ
3387 1742 3488 1813 τῆς
3514 1758 3710 1797 ταπει-

2126 1836 2343 1902 νώσεως
2370 1838 2468 1910 τῆς
2490 1836 2708 1908 ἐντολῆς
2742 1834 2836 1888 τοῦ
2866 1832 3127 1907 Χριστοῦ.

519 1928 575 1984 4.
609 1926 805 1983 lterum
833 1926 968 1980 dixit
986 1927 1156 1982 abbas
1186 1925 1408 1983 Daniel:
1439 1925 1654 1992 Quanto
1679 1939 1879 1995 corpus
1901 1924 2017 1995 pul-

2195 1932 2257 1987 δι.
2305 1903 2495 2001 Ἔλεγε
2529 1903 2688 1985 πάλιν
2718 1931 2747 1984 ὁ
2775 1903 2951 1992 ἀϐϐᾶς
2974 1927 3193 1999 Δανιὴλ,
3220 1928 3301 1982 an
3320 1927 3442 1982 ὅσον
3463 1925 3524 1979 τδ
3546 1925 3711 1995 σῶμα

449 2019 605 2082 lulat,
656 2027 809 2072 tanto
858 2017 1098 2071 animam
1154 2016 1461 2081 attenuari,
1504 2024 1557 2071 et
1590 2022 1798 2085 quanto
1825 2030 2025 2085 corpus

438 2108 817 2173 imminuitur,
851 2114 1004 2161 tanto
1032 2107 1267 2162 animam
1292 2122 1563 2162 crescere.

522 2200 574 2256 5.
618 2199 727 2254 lter
780 2199 895 2269 (96)
946 2198 1178 2270 agebant
1222 2198 1519 2269 aliquando
1556 2196 1727 2253 abbas
1761 2195 1949 2252 Daniel
1974 2206 2030 2253 et

450 2292 623 2347 abbas
651 2290 929 2346 Amnmes.
963 2289 1113 2344 Dixit
1147 2289 1318 2345 abbas
1336 2289 1594 2344 Ammoes
1622 2308 1636 2344 :
1669 2288 1898 2354 Quando
1928 2303 2029 2344 nos

450 2398 670 2453 quoque
719 2381 1031 2438 scdebimus
1060 2380 1115 2435 in
1164 2381 1328 2443 cella,
1363 2379 1557 2435 Pater?
1596 2377 1903 2450 Respondit
1930 2379 2029 2433 ab-

452 2473 551 2527 bas
582 2470 766 2525 Daniel
795 2490 807 2527 :
837 2469 973 2537 Quis
993 2470 1139 2526 enim
1173 2469 1334 2524 modo
1365 2468 1533 2524 Deum
1559 2484 1590 2523 a
1623 2469 1785 2525 nobis
1813 2470 2030 2524 aufert?

453 2565 595 2619 Deus
625 2565 779 2619 estin
818 2564 973 2630 cella,
1003 2573 1057 2619 et
1093 2562 1273 2618 adhuc
1308 2569 1464 2618 extra
1497 2562 1687 2618 cellam
1726 2560 1871 2617 Deus
1895 2576 2028 2617 con-

455 2658 619 2713 sistit.

525 2750 579 2803 6.
624 2748 737 2817 (97)
772 2747 1023 2801 Narravit
1056 2746 1227 2800 abbas
1257 2744 1470 2809 Daniel,
1502 2746 1647 2815 quod
1680 2743 1902 2815 quando
1936 2742 2033 2796 ab-

454 2840 554 2895 bas
589 2840 854 2894 Arsenius
886 2837 1118 2907 degebat
1142 2837 1195 2890 in
1222 2835 1388 2900 Sceti,
1417 2843 1536 2890 erat
1584 2835 1697 2889 illic
1732 2834 2033 2889 monachus

456 2930 548 3001 qui
579 2945 711 2984 vasa
761 2944 955 2985 senum
997 2928 1322 2995 iurabatur;
1362 2935 1416 2981 et
1466 2925 1769 2996 assumpsit
1802 2941 1927 2981 eum
1976 2926 2034 2981 in

456 3020 648 3075 cellam
699 3036 854 3075 suam
905 3020 1076 3074 abbas
1106 3020 1413 3082 Arsenius,
1446 3019 1637 3074 volens
1677 3006 2033 3073 tum-lucrari

456 3128 605 3177 eum,
635 3120 749 3167 tum
800 3110 1026 3167 senibus
1068 3111 1305 3181 quietem
1367 3116 1645 3181 praestare.
1683 3107 1748 3162 Et
1786 3108 1862 3161 ait
1906 3108 1981 3161 illi
2015 3121 2032 3162 :

2127 2023 2331 2088 θάλλει,
2386 2021 2636 2076 τοσοῦτον
2673 2022 2707 2092 ἠ
2752 2019 2898 2093 ψυχὴ
2948 2019 3304 2073 λεπτύνεται·
3334 2018 3429 2072 καὶ
3476 2019 3599 2073 ὅσον
3644 2018 3713 2072 τὸ

2128 2112 2284 2186 σῶμα
2314 2111 2658 2176 λεπτύνεται,
2691 2110 2945 2164 τοσοῦτον
2971 2111 3005 2181 ἡ
3036 2108 3183 2180 ψυχὴ
3214 2107 3420 2163 θάλλει.

2197 2211 2260 2262 ε’.
2293 2204 2515 2259 Ὠδευόν
2538 2221 2669 2257 ποτε
2692 2205 2719 2257 6
2743 2202 2916 2266 άϐϐἆς
2947 2201 3142 2274 Δανιὴλ
3180 2202 3277 2256 καὶ
3305 2203 3333 2255 6
3370 2199 3545 2265 ἀϐϐἆς
3576 2200 3713 2270 ’Δμ-

2133 2294 2305 2369 μὼης.
2345 2296 2457 2350 Kal
2502 2294 2650 2365 λέγει
2686 2296 2715 2347 6
2746 2293 2920 2357 άϐϐἄς
2963 2292 3225 2364 Ἀμμώης
3250 2311 3263 2326 ·
3301 2293 3439 2347 Πότε
3485 2290 3715 2354 καθεζό-

2134 2388 2272 2460 μεθα
2303 2388 2396 2443 καὶ
2424 2389 2586 2458 ἡμεῖς
2612 2389 2693 2450 εἰς
2713 2386 2773 2440 τὸ
2803 2385 3033 2450 κελλίον,
3058 2385 3275 2455 Πάτερ;
3309 2382 3473 2452 Λέγει
3506 2380 3656 2448 αὐτῷ
3682 2384 3714 2437 6

2129 2482 2305 2546 ὰϐϐᾶς
2338 2481 2538 2552 Δανιήλ
2559 2498 2572 2513 ·
2606 2479 2703 2544 Τίς
2738 2479 2848 2552 γὰρ
2890 2480 3114 2550 ἀφαιρεῖ
3149 2478 3240 2548 ἀφ’
3264 2476 3422 2549 ἡμῶν
3447 2478 3538 2531 τὸν
3576 2477 3714 2531 Θεὸν

2132 2574 2257 2643 ἄρτι
2291 2572 2400 2643 (1);
2430 2573 2458 2625 6
2482 2570 2617 2635 Θεός
2657 2572 2803 2623 ἐστιν
2846 2571 2905 2623 ὲν
2942 2567 3019 2639 τῷ
3055 2567 3269 2637 κελλίῳ,
3296 2567 3389 2621 καὶ
3419 2565 3579 2621 πάλιν
3608 2565 3715 2632 ἔξω

2130 2667 2159 2719 6
2181 2665 2312 2727 Θεός
2343 2665 2512 2718 ἐστιν.

2204 2759 2279 2818 ς’.
2320 2753 2627 2822 Διηγήσατο
2647 2753 2675 2805 6
2701 2749 2874 2814 ἀϐϐἄς
2899 2749 3118 2820 Δανιὴλ,
3136 2750 3218 2802 ὅτι
3247 2750 3375 2802 Ὅτε
3399 2743 3466 2819 ἧν
3491 2748 3549 2800 ἐν
3572 2748 3717 2817 Σκή·

2133 2862 2214 2899 τει
2242 2846 2271 2898 6
2300 2843 2475 2907 άϐϐᾶς
2514 2843 2807 2914 Ἀρσένιος,
2847 2838 2914 2913 ἦν
2938 2858 3022 2905 τις
3058 2842 3174 2894 ἐκεῖ
3204 2839 3434 2911 μοναχὸς
3463 2837 3716 2892 κλέπτων

2133 2934 2201 2987 τὰ
2237 2931 2403 3004 σκεύη
2435 2933 2543 2988 τῶν
2591 2935 2882 3005 γερόντων.
2914 2933 3024 2986 Kal
3064 2931 3254 2985 ἔλαϐεν
3281 2930 3443 2985 αὐτὸν
3475 2932 3504 2983 6
3537 2926 3716 2991 ἀϐϐᾶς

2147 3026 2421 3098 Ἀρσένιος
2453 3027 2534 3090 εἰς
2569 3027 2669 3098 τὴν
2715 3025 2907 3081 κέλλαν
2949 3023 3134 3090 αὑτοῦ,
3177 3023 3346 3077 θέλων
3393 3023 3552 3076 αὑτὸν
3585 3038 3718 3093 κερ-

2135 3115 2318 3186 δῆσαι,
2341 3119 2434 3170 κα).
2452 3118 2580 3181 τοὺς
2599 3115 2858 3187 γέροντας
2879 3115 3226 3181 ἀναπαῦσαι,
3252 3115 3346 3170 καὶ
3376 3115 3520 3185 λέγει
3541 3112 3712 3185 αὐτῷ·

459 3206 519 3260 Si
551 3205 683 3274 quid
728 3204 1001 3271 volueris,
1052 3203 1192 3258 dabo
1244 3203 1383 3267 tibi,
1417 3210 1629 3256 tantum
1674 3216 1744 3256 ne
1800 3200 2029 3256 fureris:

2141 3208 2207 3261 Εῖ
2230 3225 2281 3261 τι
2308 3208 2373 3261 ἂν
2400 3207 2580 3279 θέλῃς,
2614 3207 2723 3277 ἐγώ
2758 3225 2838 3261 σοι
2867 3207 3092 3279 παρέχω
3111 3225 3125 3239 ⁸
3161 3208 3319 3279 μόνον
3363 3208 3437 3279 μὴ
3472 3205 3715 3280 κλέψῃς’

459 3305 574 3351 ιιιιιι
605 3297 754 3352 dedit
800 3297 849 3352 ei
903 3311 1122 3361 aurum,
1169 3296 1479 3367 pecuniam,
1521 3305 1722 3362 vestes,
1772 3293 2034 3367 quidquid

2141 3298 2236 3350 καὶ
2263 3296 2461 3351 ἔδωκεν
2504 3295 2654 3368 αὐτῷ
2678 3295 2900 3368 χρυσίον
2925 3298 3019 3350 καὶ
3054 3298 3236 3368 κέρμα
3272 3296 3365 3350 καὶ
3397 3295 3718 3367 ἱματισμὸν,

459 3390 695 3461 denique
724 3389 1095 3445 necessarium
1127 3388 1176 3443 ei
1211 3395 1348 3442 erat.
1379 3386 1473 3443 llle
1503 3386 1716 3450 abiens,
1746 3384 2038 3440 iurabatur

461 3483 660 3537 adhuc.
691 3480 961 3548 Quocirca
994 3496 1154 3536 ευιιοε
1183 3480 1431 3535 videntes
1465 3479 1610 3549 quod
1659 3493 1768 3533 non
1809 3477 2038 3535 desiste-

462 3579 563 3635 ret,
590 3573 917 3642 expulerunt
956 3571 1130 3634 illum,
1165 3569 1412 3625 dicentes
1447 3588 1460 3623 :
1495 3569 1551 3623 Si
1588 3569 1843 3623 inventus
1874 3568 2040 3623 fuerit

464 3663 634 3717 frater
680 3664 887 3719 habens
924 3661 1259 3717 inﬁrmitatis
1303 3667 1611 3731 peccatum,
1661 3666 1876 3729 Oportet
1913 3674 2037 3714 eum

463 3755 734 3819 tolerare;
778 3755 1035 3809 siautem
1086 3753 1172 3806 fur
1220 3751 1401 3815 fuerit,
1429 3750 1612 3820 ejieite
1663 3752 1875 3821 ipsum;
1909 3750 2038 3820 quia

463 3861 588 3900 cum
631 3846 826 3899 anima:
855 3859 967 3900 sua:
1007 3853 1164 3898 nocet
1186 3885 1200 3908 ,
1235 3851 1350 3897 tum
1378 3850 1604 3896 cunctos
1650 3857 1715 3897 eo
1749 3842 1854 3896 loci
1884 3857 2036 3897 com-

467 3946 743 3992 morantes
766 3936 1075 3991 conturbat.

536 4029 587 4083 7.
633 4028 747 4099 (98)
782 4028 963 4083 Abbas
1011 4026 1197 4081 Daniel
1237 4025 1532 4081 Pharanita
1579 4026 1823 4080 narravit
1878 4024 2034 4080 lnec:

467 4119 610 4175 Dixit
646 4119 807 4174 Pater
833 4130 1020 4174 noster
1042 4120 1212 4175 abbas
1247 4119 1512 4175 Arsenius
1543 4118 1611 4174 de
1641 4118 1876 4189 quodam
1907 4115 2041 4172 Sce-

464 4215 598 4267 tiota
622 4253 638 4277 ,
668 4211 813 4283 quod
846 4225 1076 4283 magnus
1120 4218 1270 4267 esset
1295 4210 1348 4263 in
1400 4209 1631 4281 agendo,
1681 4209 1736 4263 in
1775 4207 1879 4263 [ide
1917 4222 2045 4261 vero

570 4368 616 4400 ¹⁹
653 4366 844 4423 Matth.
880 4384 934 4431 v,
964 4366 1052 4421 59.
1139 4365 1184 4397 '°
1220 4366 1305 4420 AI.
1330 4362 1497 4433 αύτῷ.
1575 4362 1617 4395 ³⁸
1652 4363 1736 4416 Al.
1797 4362 1953 4434 κόρη.

465 4439 520 4493 in
548 4440 619 4491 al.
651 4441 679 4491 6
708 4439 1034 4509 φαρανίτης.

566 4582 653 4653 96)
696 4582 802 4653 Yit.
834 4582 985 4653 Patr.
1021 4597 1094 4639 χι.
1138 4581 1191 4653 8.

565 4651 654 4722 97)
694 4651 793 4706 va.
832 4652 983 4706 Patr.
1012 4667 1065 4714 κ,
1097 4652 1178 4705 18.

567 4720 656 4792 98)
692 4722 795 4775 Vit.
823 4722 973 4777 I’atr.
1004 4738 1158 4784 xvut,
1185 4721 1256 4792 ὃς
1281 4729 1335 4775 et
1356 4721 1409 4775 in
1452 4720 1573 4792 Vita
1596 4720 1828 4775 Arscnii.

449 4838 467 4856 .
546 4790 659 4860 (99)
700 4792 957 4846 Ἔδωκεν
976 4793 1135 4859 αὐτῷ
1155 4790 1821 4861 ρἁισμα.(]οιιεὶηιίιειιι
1852 4798 2045 4846 nactus

475 4878 597 4918 sum
633 4864 1095 4931 narratiunculatn
1121 4865 1174 4916 in
1192 4863 1378 4918 codice
1400 4862 1569 4931 Regio
1594 4862 1753 4923 1907,
1775 4876 1899 4914 cum
1926 4876 2049 4915 sen-

478 4932 665 5002 tentiis
694 4930 913 4988 Patrum
939 4949 970 4988 e
999 4930 1294 4987 Gerontico
1327 4930 1600 5002 excerptis
1631 4932 1901 5002 positam;
1938 4931 2048 5002 hoc

477 5001 675 5085 modo}
708 5004 843 5057 Τινα
884 5004 991 5085 τῷν
1020 5004 1267 5085 μοναχῶν
1298 5000 1575 5085 smmis};
1604 5000 1889 5085 ἄνθρωπος
1930 5000 2048 5080 δαι-

480 5020 675 5057 mouo:
719 5020 843 5057 ιινα
884 5020 991 5057 των
1017 5021 1267 5127 μοναχων
1298 5020 1360 5073 ερ
1405 5020 1575 5073 μιτων
1604 5020 1889 5074 ανυρωπος
1930 5020 2048 5053 οαι-

480 5072 824 5144 μονιζόμενος
874 5074 965 5127 καὶ
1052 5090 1206 5138 εινως
1237 5020 1482 5144 ἀφρῖἓων
1543 5071 1707 5140 ἔτυψε
1752 5070 2051 5144 κατὰῌτῆς

480 5140 746 5211 σιαγόνος.
786 5145 845 5196 Ὀ
890 5144 947 5197 δὲ
989 5145 1167 5211 γέρων
1214 5140 1541 5208 ἐναλλάξας,
1599 5144 1693 5195 καὶ
1730 5143 1831 5211 τὴν
1884 5140 2051 5210 ἄλλην

482 5212 772 5284 ὑπέθηκεν.
808 5214 866 5266 Ὀ
894 5213 950 5265 δὲ
972 5211 1189 5284 ,δαίμων
1225 5213 1299 5284 μὴ
1329 5214 1511 5284 φέρων
1541 5211 1643 5284 τὴν
1674 5211 1924 5284 πύρωσιν
1953 5212 2051 5280 τῆς

479 5283 875 5346 ταπεινώσεως,
899 5282 1098 5346 εὐθέως
1130 5282 1309 5353 ἤγετο.
1347 5282 1535 5345 ld‘est,
1563 5282 1734 5353 Horno
1766 5282 2053 5353 ada'mone

481 5368 776 5422 passessus.
801 5366 846 5407 et
871 5368 1108 5420 spumam
1134 5350 1451 5406 narrandum
1474 5356 1527 5407 in
1558 5352 1772 5406 modum
1804 5350 2049 5422 fundens,

482 5421 792 5494 monachum
836 5426 1063 5494 aliquem
1098 5426 1371 5494 cremitam
1397 5426 1457 5494 in
1504 5423 1730 5477 maxilla
1772 5421 2051 5494 percussit.

484 5490 586 5546 Ιιιρ
602 5509 716 5548 vero
737 5490 1148 5557 senex,'obverso
1168 5493 1332 5557 vultu,
1352 5492 1572 5547 alterum
1592 5490 1886 5562 supposuit.
1914 5491 2056 5555 Quo-

483 5563 624 5616 circa
658 5563 796 5631 ferre
825 5582 925 5618 non
946 5575 1119 5621 raiens
1140 5566 1344 5619 da'mon
1370 5564 1665 5619 incendium
1704 5563 2020 5616 humilitatis
2038 5600 2053 5624 ,

487 5634 665 5685 statim
686 5632 949 5688 discessit.

558 5701 632 5775 (ᾖ)
659 5703 854 5775 "apti;
885 5704 1004 5775 Alia
1037 5705 1404 5775 interpunctio
1441 5706 1500 5775 iu_
1538 5703 1673 5756 Vilis
1707 5702 1948 5756 Patrum.

526 5770 640 5847 ,(2)
688 5769 1043 5847 ’ίματιᾳμὸη
1081 5769 1413 5829 καὶ’πιῖσαν
1447 5773 1559 5847 n‘pf
1591 5774 1800 5840 χρείαν
1837 5769 2052 5847 «enim.

496 5834 670 5895 Vertit
700 5834 973 5911 Pelagius,
1012 5834 1075 5897 cx
1109 5860 1294 5911 sensu,
1332 5862 1439 5899 non
1481 5834 1545 5897 ιιίΙ
1587 5834 1833 5910 {In-bum,
1870 5842 2058 5895 rescul-

2060 4362 2106 4395 ³¹
2135 4362 2219 4416 ΑΙ.
2250 4362 2416 4417 inser.
2476 4362 2570 4416 καὶ
2610 4361 3024 4435 νουθετούμενος
3061 4364 3123 4416 οὐ
3164 4363 3412 4419 παύεται.

2141 3388 2235 3442 κα)⁸
2263 3389 2443 3442 πᾶσαν
2480 3387 2577 3461 τὴν
2603 3387 2791 3459 χρείαν
2828 3386 2993 3442 αὑτοῦ
3021 3388 3120 3457 (2).
3163 3385 3436 3441 Ἀπελθὼν
3468 3387 3525 3441 δὲ
3555 3387 3722 3441 πάλιν

2140 3478 2417 3532 ἔκλεπτεν.
2470 3480 2534 3531 Οἱ
2572 3474 2665 3533 οὖν
2710 3477 2985 3550 γέροντες,
3043 3478 3240 3541 ἰδόντες
3289 3478 3372 3531 ὅτι
3404 3479 3503 3531 οὐκ
3546 3477 3721 3531 ἐπαύο

2139 3586 2289 3633 σατο,
2320 3567 2543 3634 ἐδίωξαν
2569 3569 2749 3633 αὑτὸν,
2777 3568 3043 3639 λέγοντες,
3075 3571 3157 3623 ὃτι
3194 3568 3321 3622 Ἐὰν
3340 3568 3534 3639 εὑρεθῇ
3559 3568 3721 3621 ἀδελ-

2138 3661 2237 3731 φὺς
2270 3661 2407 3730 έχων
2431 3660 2715 3715 ἀσθένειαν
2741 3660 3140 3731 ἐλαττώματος,
3171 3659 3279 3731 χρὴ
3304 3658 3591 3730 βαστάζειν
3620 3659 3723 3713 αὑ-

2134 3752 2255 3806 τόν·
2283 3752 2378 3805 ἐὰν
2411 3752 2468 3805 δὲ
2523 3752 2754 3823 κλέπτῃ,
2807 3752 2853 3783 ³³
2881 3750 3104 3816 διώξατε
3152 3751 3313 3806 αὐτόν
3333 3768 3345 3781 ·
3384 3753 3465 3806 ὅτι
3496 3752 3588 3805 καὶ
3616 3751 3721 3822 τὴν

2135 3842 2312 3915 ψυχὴν
2337 3842 2503 3897 αὑτοῦ
2537 3841 2743 3914 ζημιοῖ,
2789 3843 2883 3896 καὶ
2908 3842 3061 3905 ὅλους
3089 3843 3214 3906 τοὺς
3255 3844 3312 3895 ὲν
3345 3842 3420 3913 τῷ
3448 3841 3599 3911 τόπῳ
3623 3858 3725 3894 τα-

2143 3936 2351 4007 ράττει.

2209 4026 2273 4090 ζ’.
2307 4028 2610 4097 Διηγήσατο
2639 4028 2667 4080 6
2696 4026 2870 4090 ἀϐϐἄς
2891 4026 3086 4098 Δανιὴλ
3133 4028 3162 4080 6
3196 4027 3500 4100 Φαρανίτης
3527 4026 3593 4089 ³³,
3638 4025 3725 4079 ὅτι

2141 4113 2309 4171 Εἶπεν
2332 4120 2360 4171 6
2380 4118 2569 4190 Πατὴρ
2590 4118 2748 4190 ἡμῶν
2767 4118 2940 4183 άϐϐᾶς
2975 4120 3245 4191 ’ᾼρσένιος
3271 4120 3397 4190 περί
3418 4135 3559 4182 τινος
3587 4119 3726 4188 Σκη-

2141 4206 2360 4272 τιὼτον,
2390 4208 2471 4260 ὄτι
2515 4202 2583 4277 ἦν
2624 4209 2922 4277 πρακτικὸς
2960 4208 3133 4279 μέγας
3171 4209 3272 4279 (ὅ),
3323 4208 3527 4279 ἀφελὴς
3560 4208 3617 4261 δὲ
3641 4209 3727 4272 εἰς

3494 4365 3539 4396 ³³
3565 4364 3730 4422 οιεει

2076 4585 2119 4639 ι)
2147 4579 2249 4642 las,
2274 4587 2322 4633 et
2354 4593 2505 4634 omne
2524 4575 2664 4647 quad
2691 4576 2745 4631 in
2776 4591 3024 4646 responso
3050 4572 3417 4647 suo_habebat.
3442 4571 3507 4626 Et
3529 4572 3729 4628 existi-

2148 4650 2315 4703 mavit
2365 4643 2583 4719 quidem
2622 4643 2981 4719 Rosvt'eydus,
3034 4648 3089 4700 in
3136 4643 3326 4699 Graeco
3361 4658 3484 4719 esse
3532 4658 3724 4697 vocem

2147 4712 2938 4790 npoccpwua'tptovLﬂordei‘ius
2970 4731 3101 4771 vero
3147 4731 3355 4790 nntnen
3380 4712 3675 4784 ἀπόκρισις
3708 4729 3723 4742 ·

2148 4784 2343 4845 neuter
2380 4784 2526 4844 vere.
2570 4784 2713 4842 Nam
2746 4803 3057 4857 responsum
3104 4795 3188 4857 est
3235 4784 3392 4857 χρεία
3414 4825 3428 4848 ,
3458 4799 3524 4838 eo
3557 4798 3728 4857 sensu

2148 4860 2239 4929 qui
2279 4860 2478 4929 passim
2514 4860 2653 4927 apud
2690 4853 3190 4929 auctores_medi;e
3236 4853 3411 4908 ietatis
3462 4853 3730 4929 occurrit,

2148 4878 2239 4914 (Ill
2279 4878 2478 4929 passrm
2514 4878 2653 4927 apud
2690 4878 2945 4911 aucwt'cs
3000 4878 3190 4910 meum:
3236 4878 3411 4908 acutus
3462 4878 3730 4920 UCl'lll'l'il,

2148 4878 2417 5000 doctaque
2451 4929 2739 5000 exponitur
2777 4944 2807 4981 a
2837 4925 3135 5000 Qorderio,
3169 4940 3270 5000 pro
3302 4926 3521 5000 negotio
3560 4937 3629 5000 ac
3669 4938 3733 4977 re

2149 4992 2479 5069 necessaria.
2518 4992 2943 5069 Προσφωναρῑον
2960 4992 3573 5069 αιιῑεω,ὐιιι·ι)ιοιοιιιιεὶ
3607 5007 3731 5069 mo-

2152 5069 2311 5126 naebi
2335 5068 2535 5136 dictio,
2570 5062 2843 5136 "suspecta
2878 5066 3010 5136 mihi
3053 5066 3130 5127 ﬁt,
3181 5080 3251 5136 ne
3299 5066 3370 5136 sit
3414 5062 3734 5136 προσφορά.

2193 5157 2289 5195 ιον.
2321 5135 2428 5193 Sed
2457 5135 2670 5191 aliirmo
2691 5132 2852 5191 nihil.
2893 5135 3129 5190 Omnino
3165 5132 3287 5187 vide
3315 5132 3643 5187 Corderium’
3671 5132 3732 5187 in

2193 5158 2289 5195 ιον.
2322 5158 2428 5193 aeu
2457 5158 2670 5191 alllrlllo
2695 5158 2852 5191 lllllll.
2893 5158 3129 5190 Utlllllltu
3166 5158 3287 5187 vum
3315 5158 3637 5187 uurucnulu
3671 5158 3732 5187 lu

2155 5158 2413 5264 florotbei
2466 5205 2706 5263 lnstitut.
2754 5208 2787 5261 9
2820 5207 2922 5261 eti
2951 5222 2966 5270 ;
3014 5203 3303 5273 Rosweyili
3332 5202 3733 5273 Onomasticon

2155 5281 2221 5336 ad
2269 5278 2418 5333 Vitas
2475 5276 2721 5341 Patrum,
2757 5292 2891 5331 voce
2924 5271 3339 5344 Apocrisiai‘ius,
3385 5271 3732 5328 Glossariqu

2154 5348 2352 5405 Juliani
2377 5348 2777 5409 Antecessoris.
2805 5355 2855 5401 et
2893 5345 3034 5415 juris
3072 5346 3286 5399 Lexica.

2227 5418 2471 5491 (5)1115?!
2509 5435 2667 5483 τινος
2712 5410 3043 5491 Σκητιῶᾳτου
3068 5414 3243 5491 kaq
3274 5411 3353 5484 ἦν
3406 5410 3736 5491 πρακτικὸς

2150 5483 2357 5574 μέγας.
2392 5483 2555 5543 juxta
2585 5483 2889 5574 vellsionem
2923 5485 3146 5567 Pelagii,
3201 5483 3277 5565 De
3302 5483 3544 5574 'quo'dam
3585 5497 3734 5574 sene,

2156 5552 2249 5631 'qui
2268 5552 2630 5631 efatknmgnus
2650 5559 2721 5631 in
2761 5557 2859 5610 Imc
2888 5557 3017 5631 vita,
3040 5552 3133 5610 seu
3170 5555 3371 5631 potius,
3403 5553 3477 5631 De
3501 5552 3735 5631 quodam

2158 5622 2275 5685 sane
2298 5631 2350 5684 in
2376 5622 2518 5684 Sciti
2538 5628 2829 5688 habitante,
2855 5627 2977 5696 quin
2994 5636 3131 5689 erat,
3155 5622 3260 5696 é_t_e.
3292 5622 3552 5679 Testatur
3577 5622 3729 5696 enim

2161 5699 2511 5777 Mabillonitts
2550 5708 2747 5777 noster
2778 5691 2926 5777 tonio
2955 5697 3134 5777 primo
3176 5691 3735 5777 i’etefuninmiai‘ectla-

2162 5786 2278 5824 rum
2307 5785 2359 5840 p.
2386 5769 2515 5833 20!,
2550 5768 2606 5821 in
2642 5760 3307 5840 ms._Corbeiensi_baberi
3336 5760 3561 5840 iu_Sciti
3583 5760 3737 5813 habi-

2164 5833 2324 5904 tante;
2352 5850 2404 5896 et
2440 5841 2521 5893 ὃτι
2550 5846 2632 5894 est
2670 5838 2827 5907 quia;
2862 5835 3005 5908 quod
3040 5834 3204 5890 etiam
3237 5833 3477 5905 postulat
3511 5845 3728 5887 sensus.
