4034 6340
317 410 417 467 157
1483 422 1910 482 APOPllTHEG.

1978 427 2098 483 ιΤΑ
2139 425 2447 486 PATRUM.
3471 432 3571 489 158

315 528 411 601 τὴν
430 527 622 583 πίστιν
641 544 659 560 ο
685 528 785 583 καὶ
804 530 1099 600 ἐσφάλλετο
1121 532 1212 587 διὰ
1239 534 1506 591 ἰδιωτείαν
1529 555 1543 569 ·
1567 540 1655 592 καὶ
1682 540 1869 608 ἔλεγεν
1885 557 1900 573 ο

2006 543 2270 612 simplex:
2321 545 2465 599 unde
2493 544 2621 615 quia
2666 554 2779 600 erat
2814 544 3002 613 idiota,
3035 547 3347 613 fallebatur,
3378 562 3443 603 ac
3483 551 3570 605 di-

462 617 580 709 ἔστι
602 708 607 709 ν
627 617 793 709 φύσει
837 620 868 673 6
891 620 1055 690 άρτος
1090 620 1150 676 ὃν
1177 623 1526 696 λαμϐάνομεν
1573 627 1731 698 σῶμα
1764 629 1900 697 Χρι-

2002 631 2161 686 cebat
2190 649 2207 685 :
2237 632 2352 687 Non
2383 641 2469 688 est
2506 649 2693 689 revera
2718 650 2921 706 corpus
2945 635 3176 703 Christi,
3222 639 3379 709 panis
3405 654 3566 709 quem

320 707 464 769 στοῦ,
496 707 613 760 ἀλλ’
643 708 957 765 ἀντίτυπον.
989 712 1099 766 Καὶ
1131 713 1370 784 ἥκουσαν
1399 714 1493 768 δύο
1532 717 1785 787 γέροντες
1818 719 1899 772 ὅτι

2003 721 2295 786 sumimus,
2325 723 2419 777 sed
2445 725 2747 795 antitypum
2767 765 2784 791 ,
2816 741 2913 781 seu
2955 727 3146 797 figura.
3181 707 3247 781 Et
3282 707 3572 784 audierunt

320 799 463 868 λέγει
488 799 583 851 τὸν
605 798 766 868 λόγον
795 798 1003 867 τοῦτον,
1028 804 1121 857 καὶ
1150 805 1507 874 γινώσκοντες
1540 808 1716 877 μέγαν
1743 809 1902 862 αὐτὸν

2002 812 2114 867 duo
2143 828 2325 878 senes,
2359 815 2504 885 quod
2530 817 2690 872 talem
2721 817 2989 888 proferret
3020 834 3348 875 sermonem.
3381 819 3574 876 Scien-

322 894 445 946 ὄντα
468 891 550 964 τῷ
578 892 710 982 βίῳέ
732 893 1046 961 ἐλογίσαντο
1068 897 1152 949 ὅτι
1178 898 1236 949 ὲν
1262 899 1467 969 ἀκακία
1493 901 1587 953 καὶ
1608 900 1901 971 ἀφελότητι

2004 912 2085 958 tes
2112 912 2291 959 autem
2324 921 2576 976 magnum
2608 923 2731 962 eum
2768 924 2892 964 esse
2936 910 3061 964 vitat
3099 911 3378 977 moribus,
3411 927 3573 982 repu-

324 981 492 1051 λέγει,
541 985 638 1037 καὶ
681 980 844 1055 ἦλθον
894 985 1032 1056 πρὸς
1064 987 1245 1051 αὑτὸν,
1296 990 1388 1042 καὶ
1428 989 1675 1059 λέγουσιν
1718 990 1899 1063 αὐτῷ’

2004 1002 2283 1059 laverunt,
2314 995 2389 1048 ita
2423 996 2568 1066 loqui
2598 1012 2665 1051 ex
2699 998 3072 1068 simplicitate,
3106 1000 3314 1070 absque
3344 980 3570 1054 malitia.

335 1077 526 1142 Ἀϐϐᾶ,
558 1079 717 1147 λόγον
758 1078 1076 1150 ἠκούσαμεν
1104 1081 1232 1151 περὶ⁵
1267 1080 1411 1145 τινός
1438 1082 1667 1138 ἄπιστον
1694 1084 1794 1155 (4),
1820 1084 1904 1139 ὅτι

2005 1082 2161 1139 Unde
2196 1085 2262 1138 ad
2301 1100 2425 1141 eum
2471 1086 2698 1155 profecti
2727 1088 2983 1142 dixerunt
3013 1108 3026 1143 :
3060 1088 3234 1153 Abba,
3265 1105 3571 1145 sermonem

324 1170 470 1239 λέγει
496 1172 578 1225 ὅτι
607 1174 636 1224 6
667 1174 830 1245 ἄρτος
863 1173 921 1227 ὃν
952 1174 1462 1247 μεταλαμϐάνομεν,
1485 1177 1585 1228 οὐκ
1611 1177 1722 1231 ἔστι
1743 1174 1903 1244 φύσει

2008 1174 2131 1230 lldei
2159 1176 2493 1229 contrarium
2521 1176 2830 1233 audivimus
2858 1179 2924 1234 de
2954 1178 3212 1249 quodam,
3252 1182 3396 1251 quod
3420 1184 3575 1250 putet

324 1262 486 1333 σῶμα
516 1263 776 1334 Χριστοῦ,
809 1264 924 1317 ἀλλ’
959 1266 1248 1319 ἀντίτυπόν
1280 1269 1416 1320 ἐστι.
1446 1265 1608 1335 Λέγει
1636 1267 1666 1319 6
1689 1267 1867 1337 γέρων
1886 1280 1900 1296 ⁸

2006 1282 2116 1323 non
2146 1283 2270 1324 esse
2307 1284 2431 1322 vere
2464 1277 2517 1324 et
2550 1280 2741 1323 natura
2780 1285 2982 1341 corpus
3023 1270 3229 1327 Christi
3274 1288 3438 1343 quem
3481 1287 3580 1328 su-

335 1353 479 1421 Ἐγὼ
507 1356 623 1425 είμι
658 1356 688 1408 6
713 1355 872 1410 τοῦτο
910 1356 1102 1425 λέγων.
1143 1359 1208 1410 Ol.
1241 1358 1299 1411 δὲ
1342 1358 1688 1429 παρεκάλουν
1735 1358 1901 1413 αὑτὸν

2006 1359 2212 1413 mimus
2264 1374 2492 1429 panem,
2521 1360 2614 1414 sed
2644 1376 2769 1415 esse
2795 1361 3123 1432 antitypum.
3158 1361 3460 1433 Respondit
3485 1378 3575 1419 se-

324 1443 605 1511 λὲγοντες·
636 1446 729 1515 Μὴ
758 1446 931 1510 οὕτως
956 1449 1254 1519 κρατήσῃς,
1285 1448 1449 1511 ἁϐϐᾶ,
1490 1448 1603 1503 ἀλλ’
1629 1449 1706 1513 ὡς
1764 1468 1904 1522 παρ-

2006 1465 2110 1504 nex
2138 1469 2150 1503 :
2190 1448 2301 1518 Ego
2333 1466 2452 1505 sum
2484 1452 2578 1521 qui
2628 1453 2701 1505 ita
2746 1453 2948 1507 sentio.
2981 1452 3063 1506 llli
3089 1468 3221 1508 vero
3246 1464 3576 1511 monuerunt

325 1532 527 1585 έδωκεν
557 1534 592 1605 ἠ
634 1535 895 1608 καθολικὴ
935 1537 1245 1607 Ἐκκλησία.
1298 1539 1489 1609 Ἡμεῖς
1527 1539 1635 1610 γὰρ
1660 1539 1908 1593 πιστεύοο

2005 1556 2129 1597 eum
2172 1540 2323 1596 hisce
2343 1541 2558 1604 verbis:
2580 1541 2754 1605 Abba,
2784 1543 2893 1597 noli
2928 1544 3009 1599 sic
3037 1553 3240 1611 tenere,
3265 1544 3359 1599 sed
3392 1560 3579 1615 quem-

330 1641 447 1693 μεν,
475 1625 559 1677 ὅτι
575 1626 736 1689 αὐτὸς
759 1629 789 1680 6
813 1628 976 1700 ἄρτος
1008 1628 1163 1698 σῶμά
1181 1630 1297 1682 ἐστι
1320 1629 1413 1682 τοῦ
1442 1628 1699 1701 Χριστοῦ,
1733 1632 1825 1683 καὶ
1846 1631 1907 1684 τὸ

2007 1632 2298 1687 admodum
2368 1632 2537 1686 tradit
2605 1633 2849 1689 Ecclesia
2916 1635 3208 1689 catholica.
3265 1634 3376 1690 Nos
3429 1638 3575 1691 enim

326 1717 586 1786 ποτήριον
614 1716 743 1770 αὐτό
771 1720 887 1771 ἐστι
915 1719 977 1772 τὸ
1010 1714 1146 1789 αἷμα
1183 1720 1279 1773 τοῦ
1311 1720 1566 1793 Χριστοῦ,
1602 1722 1743 1775 κατὰ
1770 1722 1907 1793 ἁλή-

2007 1724 2310 1789 credimus,
2342 1724 2488 1795 quod
2540 1725 2655 1795 ipse
2694 1729 2852 1796 panis
2891 1742 3096 1797 corpus
3134 1730 3208 1782 sit
3259 1726 3488 1790 Christi,
3523 1733 3580 1782 et

327 1804 500 1871 θειαν,
556 1808 653 1860 καὶ
707 1808 768 1860 οὐ
816 1809 863 1840 ³⁸
895 1812 1013 1863 κατ’
1062 1811 1373 1865 ἀντίτυπον.
1434 1812 1572 1865 Ἀλλ’
1610 1813 1796 1884 ὥσπερ
1848 1816 1905 1866 ὲν

2008 1815 2151 1871 calix
2203 1816 2320 1886 ipse
2346 1818 2418 1869 sit
2441 1818 2667 1887 sanguis
2687 1817 2917 1883 Christi,
2938 1819 3237 1873 secundum
3271 1818 3575 1882 veritatem,

326 1897 467 1967 ἀρχῇ
499 1896 630 1967 χοῦν
658 1898 838 1951 λαϐὼν
865 1901 973 1953 ἀπὸ
1001 1901 1101 1971 τῆς
1131 1902 1233 1972 γῆς
1261 1901 1463 1956 ἔπλασε
1493 1903 1585 1956 τὸν
1620 1880 1905 1974 ἄνθρωπον

2010 1921 2119 1961 non
2152 1880 2454 1960 secundum
2484 1880 2734 1978 figuram.
2765 1906 2869 1962 Sed
2887 1880 3031 1962 sicut
3069 1908 3124 1961 in
3151 1907 3338 1962 mundi
3372 1880 3580 1977 princis

328 1989 447 2041 κατ’
473 1989 659 2041 εἰκόνα
689 1990 878 2054 αὐτοῦ,
911 1993 1003 2046 καὶ
1032 1992 1206 2055 οὐδεὶς
1230 1991 1451 2046 δύναται
1491 1996 1662 2047 εἰπεῖν
1694 1995 1778 2047 ὅτι
1804 1995 1916 2049 οὐκ

2009 1997 2102 2068 pio
2156 1996 2300 2052 Deus
2346 1998 2623 2067 pulverem
2665 1998 2735 2054 de
2774 2008 2920 2053 terra
2966 1999 3264 2068 accipiens,
3307 2000 3580 2054 hominem

329 2079 473 2131 ἔστιν
511 2080 676 2133 εἰκὼν
708 2080 867 2139 Θεοῦ.
904 2083 954 2134 ει
983 2082 1075 2135 καὶ
1107 2084 1519 2155 ἁκατάληπτος’
1545 2084 1719 2149 οὕτως
1744 2087 1773 2139 6
1801 2085 1903 2158 ἄρ-

2010 2087 2268 2144 formavit
2302 2090 2370 2144 ad
2403 2091 2695 2162 imaginem
2727 2106 2909 2156 suam,
2940 2107 3041 2147 nec
3079 2093 3371 2162 quisquam
3401 2092 3586 2147 dicere

327 2186 415 2234 τος
440 2171 501 2224 ὃν
529 2167 685 2225 εἶπεν
721 2174 803 2227 δτι
824 2172 996 2245 Σῶμά
1030 2174 1132 2246 μού
1170 2177 1339 2241 ἐστιν,
1370 2176 1543 2241 οὕτως
1576 2177 1906 2250 πιστεύομεν

2011 2188 2209 2250 potest,
2235 2196 2342 2236 non
2372 2196 2497 2237 esse
2519 2182 2809 2253 imaginem
2835 2181 2953 2245 Dei,
2984 2182 3237 2253 quamvis
3283 2182 3588 2259 incompre-

328 2262 406 2316 ὅτι
428 2263 573 2316 κατὰ
602 2262 862 2335 ἀλήθειαν
888 2264 1050 2337 σῶμά
1086 2267 1203 2320 ἐστι
1235 2267 1495 2339 Χριστοῦ.
1534 2269 1592 2321 Ὁ
1633 2267 1690 2322 δὲ
1728 2268 1907 2342 γέρων

2012 2272 2180 2327 hensa
2209 2275 2282 2328 sit
2320 2274 2501 2344 imago
2534 2292 2546 2327 :
2591 2274 2664 2327 ita
2696 2275 2861 2328 ctiam
2897 2273 2966 2328 de
2996 2289 3134 2343 pane
3173 2274 3241 2328 de
3270 2289 3379 2343 quo
3401 2273 3580 2329 dixit:

328 2352 463 2421 ἔφη·
509 2351 637 2405 Ἐὰν
690 2355 765 2426 μὴ
803 2354 1008 2408 πεισθῶ
1057 2355 1165 2409 ἀπδ
1206 2357 1550 2427 πράγματος,
1583 2357 1645 2410 οὐ
1700 2357 1905 2430 πληρο-

2009 2361 2223 2433 Corpus
2265 2380 2443 2418 meum
2472 2373 2588 2431 est,
2621 2365 2703 2419 sic
2751 2365 3048 2428 credimus,
3077 2365 3222 2434 quod
3250 2366 3406 2435 juxta
3444 2363 3586 2419 veri-

330 2443 621 2514 tpopoiipat.
670 2446 734 2498 Οἱ
770 2444 829 2498 δὲ
876 2442 1025 2499 εἶπον
1056 2447 1191 2518 πρὸς
1232 2449 1426 2502 αὐτόν·
1472 2448 1760 2520 Δεηθῶμεν
1811 2447 1904 2501 τοῦ

2012 2463 2175 2509 tatem
2210 2469 2413 2524 corpus
2443 2455 2515 2509 sit
2538 2454 2770 2510 Christi.
2801 2454 2939 2508 Tum
2971 2470 3136 2511 senex
3170 2455 3322 2509 inllt:
3352 2454 3466 2510 Nisi
3496 2470 3584 2511 res

330 2529 460 2583 Θεοῦ
490 2531 594 2600 τὴν
621 2531 894 2603 ἑϐδομάδα
920 2532 1124 2605 ταύτην
1151 2536 1280 2607 περὶ
1320 2536 1411 2589 τοῦ
1443 2538 1743 2609 μυστηρίου
1782 2536 1906 2590 τού-

2012 2547 2129 2618 ipsa
2155 2550 2525 2617 persuaserit,
2556 2564 2668 2602 non
2704 2548 2863 2617 plene
2892 2549 3025 2602 mihi
3068 2550 3173 2603 erit
3216 2548 3579 2603 satisfactum.

330 2637 441 2685 του,
473 2623 569 2675 καὶ
596 2622 925 2694 πιστεύομεν
946 2626 1026 2678 ὅτι
1051 2628 1079 2679 6
1099 2626 1231 2690 Θεὸς
1253 2628 1626 2683 ἀποκαλύπτει
1655 2632 1804 2701 ἡμῖν.
1847 2631 1906 2683 ’0

2011 2640 2091 2695 illi
2123 2639 2191 2693 ad
2224 2656 2380 2695 eum:
2410 2638 2577 2694 Deum
2614 2640 2976 2710 deprecemur
3001 2656 3096 2710 per
3118 2641 3259 2695 hanc
3289 2640 3585 2695 ltebdolna~

328 2711 385 2766 δὲ
414 2714 596 2785 γέρων
630 2714 770 2784 μετὰ
800 2718 974 2786 χαρᾶς
1002 2716 1219 2781 ἐδέξατο
1255 2719 1344 2772 τὸν
1380 2720 1539 2789 λόγον
1558 2738 1574 2753 ·
1608 2723 1702 2775 καὶ
1733 2721 1908 2775 ἐδέετο

2012 2731 2136 2785 dam
2195 2732 2344 2785 circa
2387 2731 2708 2801 mysterium
2735 2730 2869 2796 hoc;
2912 2730 3239 2785 confidimus
3279 2746 3401 2784 eum
3428 2729 3585 2785 nobis

330 2803 420 2858 τοῦ
454 2805 618 2869 Θεοῦ,
657 2806 862 2875 λέγων·
908 2806 1098 2879 Κύριε,
1126 2811 1191 2863 σὺ
1229 2810 1517 2883 γινώσκεις
1549 2815 1630 2867 ὅτι
1661 2815 1721 2867 ού
1766 2814 1908 2868 κατὰ

2013 2821 2406 2875 revelaturum.
2442 2818 2619 2875 Senex
2663 2835 2793 2875 vero
2837 2833 2963 2873 cum
2997 2820 3179 2874 laetitia
3209 2820 3431 2874 admisit
3471 2832 3587 2873 ser—

330 2896 529 2950 κακίαν
557 2897 775 2951 ἀπιστῶ
796 2915 809 2928 ο
837 2898 953 2952 ἀλλ’
985 2901 1132 2964 ὅπως
1162 2901 1236 2973 μὴ
1262 2905 1319 2955 ὲν
1352 2904 1597 2975 ἀγνωσία
1630 2903 1905 2975 πλανηθῶ,

2014 2927 2265 2978 nionem;
2298 2911 2574 2981 Deumque
2601 2912 2815 2974 orabat,
2844 2910 3071 2966 dicens:
3104 2910 3352 2975 Domine,
3392 2920 3448 2963 tu
3476 2909 3587 2965 scis

330 2990 683 3060 ἀποκάλυψόν
725 3008 839 3063 μοι,
871 2992 1041 3065 Κύριε
1093 2994 1270 3065 Ἰησοῦ
1304 2996 1526 3067 Χριστέ.
1559 2995 1908 3058 Ἀπελθόντες

2014 3013 2102 3052 me
2132 3014 2240 3052 non
2279 3007 2500 3069 propter
2544 2998 2812 3052 malitiam
2840 3014 2964 3053 esse
2994 2998 3366 3065 incredulnm;
3398 2998 3491 3053 sed
3520 3013 3588 3052 ne

331 3080 387 3135 δὶ
412 3083 460 3134 οἱ
492 3082 752 3152 γέροντες
778 3084 860 3147 είς
886 3085 953 3137 τὶ
979 3084 1163 3139 κελλία
1196 3085 1425 3151 ἑαυτῶν,
1454 3087 1792 3157 παρεκάλουν
1819 3086 1910 3139 τὸν

2014 3104 2113 3159 per
2164 3090 2522 3160 ignorantiam
2572 3088 2846 3153 aberrem,
2897 3090 3032 3144 mihi
3084 3090 3305 3156 revela,
3363 3088 3590 3146 Domine

334 3173 462 3227 Θεδν
486 3175 583 3228 καὶ
617 3176 794 3239 αὐτοὶ,
818 3175 1064 3244 λέγοντες
1083 3193 1096 3207 ·
1130 3177 1303 3248 Κύριε
1327 3177 1500 3247 Ἰησοῦ
1531 3178 1751 3247 Χριστὲ,
1774 3178 1910 3229 ἁπο-

2014 3176 2145 3233 Jesu
2178 3179 2419 3233 Christe.
2448 3178 2620 3234 Senes
2645 3193 2866 3249 quoque
2887 3180 3124 3249 regressi
3148 3178 3214 3233 ad
3254 3194 3384 3235 suas
3399 3180 3585 3241 cellas,

336 3265 573 3334 κάλυψον
593 3265 670 3337 τῷ
692 3266 910 3336 γέροντι
924 3267 985 3320 τὸ
1006 3269 1302 3339 μυστήριον
1322 3268 1496 3332 τοῦτο,
1515 3269 1601 3321 ῐνα
1622 3267 1905 3339 πιστεύσῃ,

2022 3271 2387 3325 obsecrahant
2448 3268 2615 3325 Deum
2662 3235 2748 3325 lae
2775 3235 3062 3325 ldiceli'ant
3108 3289 3123 3325 :
3186 3269 3417 3324 Domine
3461 3235 3588 3324 Jesu

337 3359 427 3409 καὶ
456 3347 535 3428 μὴ
574 3357 818 3430 ἀπολέσῃ
853 3358 946 3411 τὸν
989 3359 1156 3411 κόπον
1185 3358 1369 3415 αὐτοῦ.
1402 3361 1507 3412 Καὶ
1533 3360 1851 3427 εἰσήκουσεν
1880 3359 1909 3410 6

2010 3360 2262 3424 Christe,
2316 3360 2642 3431 mysterium
2688 3359 2835 3415 istud
2881 3360 3057 3414 revela
3091 3359 3240 3420 seni,
3283 3366 3341 3412 ut
3383 3358 3590 3422 credat,

338 3448 464 3511 Θεὸς
495 3450 844 3520 ἀμφοτέρων.
876 3450 983 3503 Καὶ
1027 3452 1406 3522 πληρωθείσης
1450 3451 1552 3520 τῆς
1596 3450 1907 3520 ἑϐδομάδος,

2009 3467 2114 3507 nec
2160 3452 2349 3522 perdat
2385 3452 2598 3507 labores
2635 3467 2787 3508 suos.
2817 3450 2882 3505 Et
2918 3451 3196 3507 exaudivit
3220 3450 3364 3506 Deus
3401 3458 3588 3504 utros-

338 3535 494 3611 ἦλθον
515 3543 582 3611 τῇ
607 3544 859 3613 κυριακῇ
883 3543 961 3605 είς
981 3541 1080 3613 τὴν
1105 3543 1423 3612 ἐκκλησίαν,
1451 3542 1542 3594 καὶ
1568 3541 1798 3611 ἔστησαν
1821 3540 1913 3593 ἐπὶ

2012 3558 2137 3613 que.
2187 3542 2468 3613 Completa
2519 3557 2649 3613 ergo
2692 3542 3068 3607 llebdomada,
3106 3549 3376 3596 venerunt
3412 3539 3594 3593 Domi-

339 3630 397 3684 τδ
427 3632 559 3686 αὐτὸ
588 3633 640 3685 οἱ
668 3635 819 3704 τρεῖς
864 3633 1011 3704 μόνοι
1038 3636 1118 3697 εἰς
1155 3632 1213 3686 ἒν
1247 3632 1509 3703 ἐμϐρίμιν
1542 3632 1637 3703 (ὅ),
1670 3631 1831 3702 μέσος
1855 3631 1912 3684 δὲ

2013 3632 2141 3687 nico
2171 3632 2259 3687 die
2315 3633 2382 3686 ad
2426 3633 2741 3697 ecclesiam,
2791 3640 3169 3703 steteruntque
3200 3647 3306 3685 una
3352 3640 3463 3687 tres
3493 3632 3595 3686 soli

339 3718 405 3795 ἦν
433 3726 463 3778 δ
506 3723 708 3795 γέρων.
735 3723 1112 3795 ’Λνεῴχθησαν
1155 3724 1213 3778 δὲ
1250 3724 1430 3777 αὐτῶν
1458 3726 1506 3777 οἱ
1544 3722 1807 3793 ὀφθαλμοί
1835 3723 1909 3753 ³⁸·

2014 3723 2072 3777 in
2106 3738 2215 3777 uno
2251 3723 2577 3790 embrimio;
2616 3725 2830 3780 medius
2856 3735 3036 3780 autem
3064 3732 3183 3779 erat
3213 3738 3403 3779 senex.
3439 3721 3596 3778 Tunc

343 3814 433 3869 καὶ
459 3815 550 3869 ὅτε
579 3813 743 3885 ἐτέθη
769 3818 798 3869 ὁ
821 3815 985 3887 ἄρτος
1015 3817 1094 3877 εἰς
1122 3815 1219 3886 τὴν
1244 3816 1405 3883 ἁγίαν
1434 3813 1732 3885 τράπεζαν,
1760 3814 1915 3881 ἐφαί-

2017 3817 2189 3886 aperti
2214 3824 2340 3871 sunt
2361 3818 2502 3872 oculi
2528 3832 2735 3871 eormn.
2761 3816 2895 3870 Nam
2923 3831 3047 3871 cum
3080 3816 3239 3886 panis
3262 3815 3328 3870 ad
3384 3830 3596 3870 sacram

343 3923 459 3960 νετο
480 3910 593 3972 τοῖς
623 3908 771 3977 τρισὶ
812 3907 996 3977 μόνοις
1034 3907 1109 3971 ὡς
1146 3908 1373 3962 παιδίον.
1406 3908 1514 3961 Καὶ
1549 3908 1624 3970 ὠς
1658 3905 1917 3971 ἐξέτεινεν

2018 3924 2261 3963 mensam
2289 3908 2500 3978 positus
2534 3907 2748 3971 fuisset,
2777 3908 2959 3963 uibus
3006 3908 3139 3962 solis
3173 3906 3468 3976 apparebat
3494 3904 3601 3959 vel-

344 4000 373 4052 6
398 3999 768 4071 πρεσϐύτερος
801 3999 900 4070 τὴν
932 4001 1089 4069 χεῖρα
1119 3998 1312 4052 κλάσαι
1339 4000 1427 4051 τὸν
1456 3999 1641 4070 ἄρτον,
1678 3998 1786 4051 ἰδοὺ
1821 3996 1919 4065 ἄγ-

2023 4007 2083 4053 ut
2138 3999 2420 4068 puerulus.
2458 3997 2522 4049 Et
2560 3997 2652 4051 ubi
2682 4012 2903 4051 manum
2938 3996 3181 4051 extendit
3211 3995 3497 4065 presbyter
3528 3991 3597 4047 ad

345 4091 496 4161 γελος
540 4090 743 4162 Κυρίου
782 4090 1049 4162 κατῆλθεν
1082 4092 1141 4157 ἐξ
1189 4090 1416 4163 ούρανοῦ
1464 4091 1599 4160 ἔχων
1631 4090 1918 4161 μάχαιραν,

2026 4088 2381 4158 frangendum
2425 4103 2655 4157 panem,
2688 4102 2819 4143 ecce
2856 4088 3085 4158 angelus
3131 4086 3341 4140 Domini
3375 4086 3600 4139 descen-

347 4185 436 4238 καὶ
460 4184 620 4237 ἔθυσε
652 4184 714 4237 τὸ
740 4182 971 4248 παιδίον,
998 4183 1093 4236 καὶ
1126 4182 1359 4236 ὲκένωσε
1383 4182 1440 4235 τὸ
1473 4178 1611 4252 αἷμα
1643 4180 1808 4234 αὐτοῦ
1846 4181 1925 4244 εἰς

2025 4180 2104 4235 dit
2129 4178 2195 4233 de
2222 4180 2363 4232 cmlo
2391 4179 2598 4234 habens
2623 4179 2881 4243 cultrum,
2912 4187 2965 4232 et
2998 4177 3285 4247 puerulum
3321 4175 3596 4240 maclavit,

346 4276 405 4329 τδ
429 4278 710 4348 ποτήριον.
752 4276 838 4339 Ὠς
864 4275 921 4328 δὲ
948 4274 1172 4329 ἔκλασεν
1192 4275 1220 4327 ὀ
1249 4272 1618 4345 πρεσϐύτερος
1644 4273 1723 4336 εἰς
1751 4271 1927 4344 μικρὰ

2028 4285 2091 4324 ac
2114 4271 2436 4339 sanguinem
2472 4270 2595 4339 ejus
2635 4269 2829 4323 infudit
2854 4270 2907 4324 in
2944 4269 3193 4323 calicem.
3218 4266 3356 4320 Tum
3384 4265 3602 4336 quando

351 4368 488 4439 μέρη
522 4370 613 4421 τὸν
643 4368 831 4439 ἄρτον,
860 4368 952 4421 καὶ
984 4368 1013 4421 6
1052 4366 1280 4437 ἄγγελος
1310 4367 1537 4419 ἔκοπτεν
1577 4367 1641 4417 ὲκ
1675 4363 1768 4416 τοῦ
1797 4380 1927 4415 παι-

2030 4362 2317 4432 preshyter
2349 4361 2403 4414 in
2437 4360 2734 4430 particulas
2779 4359 2938 4431 fregit
2973 4374 3192 4429 panem.
3229 4358 3395 4412 etiam
3440 4371 3602 4426 ange-

346 4458 456 4510 δίου
490 4456 665 4528 μικρὰ
698 4457 859 4527 μέρη.
886 4456 992 4509 Καὶ
1020 4456 1096 4519 ὡς
1123 4455 1425 4527 προσῆλθον
1456 4454 1500 4485 ³⁸
1522 4452 1703 4506 λαϐεῖν
1731 4455 1795 4505 ὲκ
1821 4450 1929 4503 τῶν

2032 4452 2120 4506 lus
2149 4468 2179 4506 e
2207 4452 2436 4521 puerulo
2470 4452 2770 4521 particulas
2798 4450 3094 4505 incidebat.
3129 4448 3193 4502 Ut
3228 4462 3390 4519 porro
3423 4461 3604 4500 acces-

348 4545 536 4615 ἁγίων,
571 4545 729 4617 ἐδόθη
775 4545 852 4615 τῷ
888 4546 1101 4615 γέροντι
1155 4545 1300 4614 μόνῳ
1333 4544 1499 4615 κρέας
1540 4542 1924 4613 ᾑματωμένον

2043 4550 2233 4597 serunt
2264 4542 2327 4595 ad
2355 4542 2681 4596 sumendum
2725 4558 2755 4597 e
2798 4541 3043 4605 sanctis,
3081 4538 3178 4595 soli
3219 4537 3334 4593 seni
3370 4535 3496 4590 data
3523 4543 3606 4590 est

351 4639 444 4692 καὶ
478 4636 602 4692 ἰδὼν
637 4635 893 4707 ἐφοϐήθη.
929 4636 1021 4689 καὶ⁸
1042 4635 1238 4706 ἑκραξε
1270 4636 1476 4702 λέγων·
1511 4634 1780 4697 Πιστεύω,
1815 4632 1925 4686 Κύ-

2036 4649 2167 4687 raro
2202 4639 2449 4687 cruenta.
2479 4632 2635 4698 Quod
2667 4632 2935 4698 intuitus,
2970 4632 3189 4692 timuit,
3235 4637 3289 4683 et
3325 4626 3604 4691 clamavit,

356 4748 454 4802 ριε,
479 4731 563 4784 ὅτι
583 4732 611 4784 6
640 4729 803 4799 ἄρτος
828 4727 987 4798 σῶμά
1015 4726 1107 4780 σού
1139 4729 1274 4791 ἐστι,
1306 4726 1399 4779 καὶ
1421 4726 1483 4778 τὸ
1507 4726 1763 4796 ποτήριον
1789 4719 1930 4793 αἷμά

2036 4725 2267 4780 dicens:
2305 4722 2482 4778 Credo
2503 4764 2519 4789 ,
2562 4724 2811 4791 Domine,
2851 4721 2999 4789 quod
3030 4721 3187 4791 panis
3215 4735 3414 4789 corpus
3448 4727 3601 4772 tuum

352 4821 443 4875 σού
471 4823 609 4875 ἐστι.
645 4820 755 4874 Kal.
796 4818 997 4882 εὐθέως
1031 4818 1247 4886 ἐγένετο
1292 4817 1353 4870 τὸ
1385 4819 1442 4869 ὲν
1485 4819 1550 4887 τῇ
1583 4817 1727 4886 χειρὶ
1764 4814 1928 4869 αὑτοῦ

2038 4816 2145 4877 sit,
2175 4829 2277 4869 nec
2308 4830 2416 4869 non
2449 4814 2589 4867 calix
2626 4816 2852 4885 sanguis
2886 4822 3033 4868 tuus.
3062 4814 3240 4880 Atque
3289 4810 3437 4867 illico
3476 4817 3606 4865 caro

358 4915 541 4985 κρέας,
571 4913 734 4983 ἄρτος
767 4911 908 4965 κατὰ
934 4911 995 4964 τὺ
1028 4910 1322 4982 μυστήριον
1342 4926 1354 4939 ·
1390 4909 1483 4961 καὶ
1516 4906 1809 4979 μετέλαϐεν
1841 4908 1931 4958 εύ-

2038 4921 2201 4976 quam
2239 4920 2350 4975 pra;
2379 4905 2631 4960 manibus
2656 4906 2897 4976 gerebat,
2928 4902 3102 4959 evasit
3133 4902 3187 4955 in
3216 4916 3430 4971 panem,
3451 4899 3610 4970 juxta

420 5071 467 5103 “
486 5072 575 5126 Al.
605 5071 729 5124 οὐκ.
803 5069 849 5101 ³⁸
880 5068 968 5123 Al.
1002 5068 1171 5123 inscr.
1194 5066 1390 5135 voapoi.
1467 5064 1513 5097 ³⁸
1542 5064 1626 5120 Al.
1654 5062 1885 5133 ἀπῆλθε.

360 5188 726 5266 Vetuseditio
747 5188 1149 5259 Lugdunensis,
1170 5186 1438 5266 Gothicis‘,
1470 5193 1531 5240 ut
1560 5192 1773 5248 vocant,
1798 5184 1937 5265 'cha-
2042 5199 2137 5262 μα,
2157 5181 2354 5266 sedilia
2366 5181 2427 5260 de
2454 5181 2624 5266 scirpo
2639 5168 3611 5266 Pinfasciculis-ligula.‘yoanbs‘cultf

1223 5238 1930 5327 cumﬁrmcogcmmnissa,
2036 5238 2285 5321 originis,
2306 5238 2610 5327 Qricn£alis
2638 5238 2865 5327 fo_rte,_a
2916 5238 3185 5327 Cassiano
3215 5238 3611 5327 decla-ratar,ab

1704 5307 1931 5398 quodani
2036 5307 2283 5398 auditore.
2306 5320 2435 5373 i’itle
2568 5307 2841 5398 Eutllglllji
2873 5324 3158 5398 usurpata;
3184 5322 3237 5366 ει
3263 5307 3610 5398 ΓυξΨΣΨ-Ἦῗ

354 5377 948 5467 εεῖιῗίιῖξςεῆίιῖἇ-ᾖὶ.
977 5377 1446 5452 ⁷Ᾰιἰι-1⁷ἰῖιξ-ιξο-ιίὲθᾶέ
1467 5377 1844 5469 νὰίιιοῂᾲἰθῂεἱε-
1865 5397 1932 5448 ab
2036 5393 2089 5469 i_n
2116 5392 2314 5469 Codice
2339 5377 2917 5469 regium-uni:Derivat
2947 5377 3611 5469 casuuhonp‘sesuqrzm‘co

359 5449 1254 5537 iilﬁréési‘s’Héd’haﬁuini"v:i}iai,
1286 5449 1436 5521 sicut
1467 5449 1683 5521 necille
1704 5462 1931 5519 Parthe-
2038 5462 2262 5537 βρίζειν.
2323 5449 2545 5537 ᾼιῆεχ
2598 5457 2824 5537 Celtica“
2864 5457 3047 5523 lingua
3085 5449 3608 5537 _velu(icl'ljl§ljgc_t_l_3

357 5514 1436 5596 ἱᾶὀὶῖἑξῖἱῗἡέῗέἓῖέέεῑὸῖιέἐῆἐῗεἷ’’“’
2037 5514 2217 5607 iuiip'us
2251 5528 2618 5607 probabiliter.
2681 5514 3131 5607 δὴςτίιξυξλεειε
3153 5514 3608 5607 ειιιξιηξλάιιζίξξίξῇπξξ

419 5585 509 5680 ξὶῖ
529 5585 1578 5680 ἇπῖἓέὸῖρ.ἰξὶῖὖξίῖιζὶἐιξῐιξάπίστουε
1746 5672 1756 5680 _
1831 5670 1866 5680 _

2037 5585 2271 5680 videtur:
2293 5599 2689 5680 ιιι-Δωρίοροιθει
2714 5596 2781 5680 ab

894 5654 1794 5752 Q363'_é§t"é’p'6;l§i{o'v'.'inium.
1822 5670 1931 5752 Pa—
2038 5687 2177 5752 sunt.
2205 5654 2614 5752 btruncquippc
2665 5654 2957 5752 elnbr'iinliit
3110 5654 3409 5729 οιιῐιηὴιυίυ
3447 5654 3608 5711 fasci-

353 5734 489 5804 ιηὶίιί
515 5734 864 5816 Μελίέἓάὶίε
895 5734 959 5800 εἶθ
999 5748 1192 5815 scirpo,
1232 5734 1466 5816 quad-in
1518 5741 1928 5816 modumjascis
2038 5741 2144 5795 culi
2170 5734 2622 5808 colligatifvarlis
2656 5734 2903 5804 virgultis
2933 5734 3097 5805 pleni.

347 5830 456 5876 erat
481 5812 733 5893 ligatum.
780 5818 944 5881 Alibi,
970 5812 1284 5885 plunialittin
1312 5816 1373 5869 dc
1400 5816 1570 5882 scirpo
1591 5855 1603 5879 ,
1658 5825 1709 5867 et
1740 5812 1929 5884 ἐμϐρίς
