4034 6340
442 321 549 389 ius

1576 323 1920 385 APPENDIX
1955 323 2047 379 AD
2082 322 2506 383 PALLADIUM.

3599 316 3702 375 ιιι

445 455 715 518 citahaut,
755 450 918 519 Cras,
946 465 1093 508 cras.
1118 450 1185 505 Et
1214 449 1387 505 Graeci
1418 463 1515 504 seu
1547 448 1778 519 gentiles
1806 455 2017 504 stantes

2131 465 2285 512 ττως,
2314 447 2472 518 Κρᾶς
2491 484 2506 507 ,
2538 444 2712 515 Κρᾶς.
2748 441 2858 496 Καὶ
2891 441 3223 513 προστάντες
3272 439 3364 492 ἐπὶ
3396 436 3490 492 τὸν
3519 437 3703 510 μακά-

447 554 577 600 ante
606 545 825 600 beatum
849 543 1208 599 Athanasium
1232 542 1608 597 clamaverunt
1629 558 1642 595 :
1666 538 1804 595 Male
1829 554 2019 608 senex,

445 637 537 693 dic
567 636 725 695 nobis
776 635 905 708 quid
952 636 1219 691 crocitent
1251 632 1520 688 cornices.
1577 632 1641 688 Et
1688 633 2011 703 respondit:

443 729 714 787 Cornices
769 729 1062 791 crocitant,
1092 726 1249 790 Cras,
1276 726 1434 782 Cras.
1474 722 1613 780 Illud
1663 733 1845 781 autem
1875 725 2022 781 Cras

445 819 818 877 Ausoniorum
852 820 966 875 sive
1000 821 1319 873 Latinorum
1358 817 1543 888 lingua
1589 819 1862 890 signiﬁcat
1894 834 2023 890 pro-

450 912 596 966 xime
642 917 931 965 venturum
975 908 1143 964 diem.
1197 908 1546 978 Addiditque,
1592 909 1721 979 quia
1772 910 2022 979 proximo

448 1002 536 1057 die
564 1001 819 1056 videbitis
846 1000 1075 1072 gloriam
1122 999 1240 1054 Dei.
1278 998 1357 1054 Ac
1409 999 1606 1056 deinde
1636 1001 1886 1055 nuntiata
1936 1007 2023 1057 est

446 1107 598 1149 mors
634 1090 834 1147 Juliani
881 1091 1252 1163 imperatoris.
1296 1092 1454 1160 Quod
1499 1109 1623 1148 cum
1677 1095 2020 1165 contigisset,

446 1190 842 1238 concurrentes
870 1183 1183 1237 clamabant
1217 1191 1412 1238 contra
1445 1176 1718 1254 Serapim,
1783 1185 1869 1241 his
1902 1203 2024 1242 ver-

445 1271 577 1330 bis:
631 1271 688 1327 Si
745 1273 844 1327 tibi
892 1289 1003 1328 non
1062 1274 1364 1343 placebat,
1415 1289 1515 1329 cur
1560 1274 1704 1331 dona
1756 1276 1877 1347 ejus
1926 1293 2025 1335 su-

445 1365 634 1420 mebas
658 1365 682 1417 τ

515 1452 572 1508 2.
614 1453 759 1508 Idem
801 1457 1102 1519 enarravit,
1138 1457 1284 1526 quod
1321 1455 1486 1512 fuerit
1546 1457 1891 1513 Alexandriae
1927 1472 2027 1514 au-

440 1542 564 1612 riga
604 1542 849 1612 quidam,
887 1543 1031 1597 illius
1070 1544 1319 1600 mulieris
1370 1544 1592 1599 nomine
1623 1543 1827 1599 Mariae.
1883 1545 1935 1599 ls
1970 1544 2026 1598 in

444 1632 746 1686 certamine
774 1633 1016 1701 equestri
1055 1633 1261 1687 cecidit
1290 1651 1305 1701 ;
1339 1648 1402 1687 ac
1437 1632 1559 1687 dein
1593 1647 1844 1703 surgens,
1882 1622 2025 1703 prte-

445 1732 760 1793 tergressus
813 1731 899 1779 est
938 1738 1063 1778 eum
1103 1739 1133 1777 a
1172 1738 1283 1794 quo
1314 1724 1563 1794 dejectus
1596 1724 1793 1789 fuerat,
1827 1731 1883 1779 et
1927 1739 2020 1778 co-

445 1828 641 1868 ronam
691 1815 1011 1884 reportavit.
1070 1812 1226 1869 Tunc
1276 1816 1531 1870 clamavit
1585 1815 1788 1886 plebs:
1853 1805 2024 1869 Filius
2055 1794 2097 1849 Β

447 1901 636 1959 Πενίας
672 1905 892 1969 cecidit,
922 1906 1184 1970 surrexit,
1223 1906 1376 1961 vicit.
1413 1906 1534 1973 Quo
1573 1908 1814 1962 clamore
1846 1907 2025 1961 adhuc

450 1994 700 2057 durante,
741 1994 934 2048 incidit
982 1995 1124 2049 inter
1166 1996 1426 2065 populum
1486 2009 1675 2050 rumor
1705 1994 1775 2049 de
1823 1994 2025 2063 templo

449 2083 760 2154 Serapidis,
798 2085 942 2155 quod
982 2100 1213 2158 magnus
1256 2086 1595 2158 Theophilus
1650 2085 1889 2151 rediens,
1926 2084 2027 2141 Se-

447 2175 658 2246 rapidis
690 2174 897 2229 idolum
938 2177 1249 2242 evertisset,
1298 2192 1361 2232 ac
1390 2177 1579 2248 templi
1617 2191 1843 2247 compos
1881 2182 2027 2232 esset

446 2264 654 2320 factus.

516 2355 703 2425 5.,(15)
722 2354 1097 2426 Signiﬁcatum
1118 2365 1203 2413 est
1219 2357 1378 2412 beato
1394 2358 1699 2429 Epiphanio
1723 2358 1888 2430 Cypri
1911 2359 2027 2429 epi-

446 2462 635 2517 sc0po.
668 2463 763 2517 per
782 2449 1035 2503 abbatem
1065 2450 1388 2506 monasterii
1435 2450 1584 2522 quod
1645 2453 1700 2506 in
1734 2451 2025 2507 Palaestina

444 2535 639 2592 habuit
677 2534 979 2592 :Precibus
1013 2538 1144 2604 tuis,
1186 2553 1453 2595 canonem
1495 2549 1744 2595 nostrum
1784 2555 1881 2595 seu
1911 2540 2028 2595 olli-

446 2628 596 2681 cium
637 2638 692 2682 et
733 2628 1092 2697 psalmodiam
1129 2645 1237 2684 non
1269 2630 1634 2701 negleximus,
1660 2631 1752 2687 sed
1779 2631 2028 2688 studiose

448 2720 689 2785 tertiam,
748 2726 958 2774 sextam
985 2757 1002 2785 ,
1040 2736 1243 2775 nonam
1298 2722 1660 2777 celebramus.
1698 2724 1769 2777 At
1811 2723 1901 2777 ille
1940 2737 2028 2779 re-

447 2810 798 2880 prehendens
823 2811 1097 2866 indicavit
1127 2811 1237 2867 illis
1277 2828 1373 2882 per
1400 2813 1513 2868 haec
1542 2814 1712 2869 verba
1742 2832 1753 2867 :
1799 2814 2024 2870 Manife-

447 2907 536 2955 sto
574 2901 852 2973 negligitis
881 2902 1020 2958 alias
1053 2902 1160 2958 diei
1218 2903 1407 2971 horas,
1457 2905 1614 2960 otiati
1658 2921 1689 2961 a
1738 2923 1919 2978 prece.
1955 2908 2028 2964 0-

449 2997 628 3059 portet
681 3000 861 3046 autem
892 2998 954 3046 ut
996 3006 1160 3048 verus
1211 2995 1510 3051 monachus
1549 2996 1675 3051 sine
1734 2996 2018 3054 intermis-

446 3081 603 3136 sione
650 3081 847 3136 habeat
888 3082 943 3137 in
989 3084 1156 3138 corde
1205 3099 1309 3140 suo
1336 3088 1638 3142 orationem
1679 3096 1732 3141 et
1783 3089 2025 3159 psalmo-
2052 3121 2096 3181 ο

448 3169 640 3225 diam.-

518 3269 573 3319 4.
601 3264 718 3336 (16)
743 3246 894 3321 Misit
916 3265 1208 3336 aliquando
1234 3275 1457 3324 sanctus
1474 3267 1814 3339 Epiphanius
1844 3269 1911 3325 ad
1930 3270 2029 3326 ab-

451 3353 630 3410 batem
656 3355 1014 3421 Hilarionem,
1046 3371 1248 3427 rogans
1273 3373 1418 3424 eum,
1439 3367 1492 3413 et
1516 3358 1737 3415 dicens:
1764 3358 1917 3427 Veni,
1943 3360 2028 3415 vi-

451 3446 680 3502 dcamus
712 3462 814 3503 nos
842 3448 1097 3514 invicem,
1130 3461 1424 3520 antequam
1448 3452 1770 3508 recedamus
1802 3453 1870 3508 de
1901 3468 2028 3508 cor-

451 3552 603 3608 pore.
652 3536 901 3608 Cumque
970 3538 1304 3606 advenisset,
1361 3551 1549 3596 mutua
1603 3544 1789 3598 laetitia
1847 3545 2028 3601 atl'ecti

450 3635 602 3683 sunt.
636 3625 707 3683 lis
727 3637 909 3683 autem
939 3630 1423 3695 manducantibus,
1453 3633 1615 3687 allata
1646 3643 1731 3689 est
1761 3637 2025 3691 volucris.

450 3716 518 3772 Et
552 3734 779 3774 sumens
830 3720 1125 3790 episcopus
1178 3721 1329 3776 dedit
1377 3723 1564 3778 abbati
1610 3724 1898 3781 llilarioni.
1940 3725 2030 3781 Ait

450 3824 655 3866 senex:
683 3807 914 3880 Ignosce
930 3811 1097 3878 mihi;
1125 3827 1191 3868 ex
1212 3827 1322 3882 quo
1352 3812 1499 3868 hunc
1534 3814 1778 3871 habitum
1808 3832 2028 3874 assum-

451 3900 560 3971 psi,
605 3915 713 3955 non
759 3903 973 3957 comedi
1014 3911 1309 3957 mactatum
1354 3905 1677 3974 quidquam.
1715 3906 1855 3962 Tum
1910 3910 2030 3978 epi-

451 4007 694 4063 scopus:
759 3991 871 4062 Ego
905 4008 1055 4059 vero,
1122 3995 1322 4065 inquit,
1352 4012 1420 4051 ex
1451 4012 1563 4067 quo
1619 3997 1865 4053 habitum
1904 4016 2031 4055 sus-

450 4084 590 4154 cepi.
627 4097 736 4139 non
776 4084 962 4139 dimisi
1011 4101 1342 4157 quemquam
1384 4088 1626 4145 dormire
1667 4091 1761 4161 qui
1802 4092 2030 4148 haberet

450 4175 717 4231 adversus
752 4190 837 4231 me
860 4217 877 4243 ,
930 4191 1033 4232 nec
1071 4192 1172 4249 ego
1214 4178 1448 4234 dormivi
1482 4181 1693 4238 habens
1733 4185 2026 4239 adversum

449 4265 767 4336 aliquem“.
815 4266 907 4320 Ait
940 4267 1020 4321 illi
1073 4282 1277 4322 senex:
1326 4268 1554 4325 Veniam
1597 4272 1728 4326 mihi
1762 4274 2026 4338 concede,

451 4359 579 4429 quia
614 4360 925 4416 institutum
956 4368 1109 4413 tuum
1137 4361 1314 4429 majus
1346 4376 1465 4416 meo
1496 4370 1602 4415 est.

2127 558 2241 613 ριον
2285 536 2603 592 Ἀθανάσιον
2641 536 2690 588 οἱ
2736 533 3032 606 Ἕλληνες,
3070 529 3337 602 ἔκραξαν·
3383 529 3704 601 Κακὸγηρε,

2124 631 2245 688 εἰπὲ
2279 633 2413 702 ἡμῖν
2442 614 2494 683 τί
2536 626 2829 698 κράξουσιν
2857 626 2913 679 αἱ
2952 624 3211 696 κορῶναι.
3244 623 3353 677 Kal
3382 619 3706 692 ἀποκριθεὶς

2123 719 2311 778 εἶπεν·
2358 724 2427 776 At
2473 720 2710 793 κορῶναι
2760 718 3058 790 κράζουσι,
3101 716 3276 786 Κρᾶς,
3317 715 3506 788 Κρᾶς·
3547 711 3612 766 τὸ
3645 710 3708 766 δὲ

2125 817 2283 888 Κρᾶς
2305 818 2371 886 τῇ
2399 813 2687 868 Αὐσωνίων
2713 813 2862 882 φωνῇ
2892 809 3004 881 (ΓΙ)
3027 807 3214 880 αὔριόν
3242 810 3377 860 ἐστι·
3408 807 3504 859 xal.
3531 819 3708 877 11:966-

2124 908 2323 972 ετίθει,
2353 908 2436 961 ὅτι
2463 905 2663 978 Αὔριον
2688 902 2883 974 ὄψεσθε
2918 902 3017 974 τὴν
3059 899 3218 965 δόξαν
3254 898 3363 955 τοῦ
3388 897 3546 953 Θεοῦ.
3590 896 3706 952 Καὶ

2124 1000 2253 1071 ἑξῆς
2303 997 2545 1069 ἠγγέλθη
2589 999 2618 1050 6
2668 994 2896 1057 θάνατος
2934 990 3029 1046 τοῦ
3085 987 3376 1044 Ἰουλιανοῦ
3414 987 3699 1059 βασιλέως.

2125 1091 2238 1146 Kal.
2263 1088 2450 1143 τούτου
2481 1086 2796 1159 γενομένου,
2820 1081 3214 1155 συνδραμόντες
3239 1079 3581 1153 κατέκραζον
3603 1076 3704 1131 τοῦ

2091 1182 2444 1255 -Σεράπιδος,
2495 1180 2778 1248 λέγοντες·
2841 1175 2966 1230 Ἐὰν
3023 1174 3122 1228 οὐκ
3164 1172 3356 1244 ἤθελες
3405 1170 3599 1236 αὐτὸν,
3647 1168 3706 1224 τί

2125 1275 2430 1346 ἐλάμϐανες
2461 1276 2530 1326 τά
2558 1271 2721 1326 αὐτοῦ
2743 1287 2758 1338 ;

2200 1455 2265 1528 β’.
2305 1456 2365 1508 Ὀ
2411 1453 2574 1516 αὐτὸς
2605 1451 2935 1523 διηγήσατο,
2962 1449 3044 1501 ὄτι
3081 1442 3150 1517 ἦν
3181 1462 3265 1509 τις
3312 1443 3527 1514 ἡνίοχος
3563 1436 3710 1528 κατά

2261 1542 2673 1615 Ἀλεξανδρέων,
2707 1540 2765 1604 ὃς
2799 1535 2866 1610 ἦν
2900 1536 3103 1610 μητρὸς
3131 1533 3346 1605 Μαρίας
3377 1533 3507 1595 υἱός.
3533 1524 3710 1594 Οὗτος

2133 1634 2358 1690 ἱππικοῦ
2384 1629 2795 1701 ἐπιτελουμένου
2825 1628 3145 1682 κατέπεσεν·
3179 1620 3297 1677 εἶτα
3310 1620 3547 1685 ἀναστὰς
3562 1636 3709 1690 παρ-

2124 1730 2254 1802 ῆλθε
2301 1730 2391 1782 τὸν
2444 1722 2910 1792 καταϐεϐληκότα,
2946 1721 3041 1773 καὶ⁵
3070 1717 3308 1788 ἐνίκησε.
3339 1715 3451 1769 Kal.
3480 1712 3542 1767 τὺ
3566 1712 3710 1782 πλῆ-

2127 1821 2218 1885 θος
2243 1817 2564 1888 ἀνεϐόησεν·
2599 1814 2658 1866 '0
2680 1812 2809 1875 Υἱὸς
2834 1809 3055 1880 Μαρίας
3077 1808 3329 1861 πέπτωκε
3354 1804 3450 1859 καὶ
3473 1804 3711 1874 ἐγήγερο

2125 1929 2217 1966 ται
2251 1910 2346 1964 καὶ
2369 1909 2611 1977 ἐνίκησε.
2635 1903 2851 1973 Ταύτης
2866 1901 2945 1953 ἔτι
2968 1898 3067 1969 τῆς
3103 1896 3288 1967 φωνῆς
3312 1894 3613 1964 λεγομένης
3635 1892 3708 1954 ⁸⁸,

2127 2002 2382 2057 ἐνέπεσεν
2415 2000 2449 2070 ἡ
2491 1997 2622 2069 περὶ
2658 1994 2753 2048 τοῦ
2785 1990 2931 2064 ἱεροῦ
2963 1990 3059 2043 τοῦ
3097 1986 3397 2061 Σεράπιδος
3427 1986 3585 2056 φήμη
3629 1982 3711 2053 τῷ

2128 2091 2340 2163 πλήθει,
2368 2090 2448 2143 ὅτι
2472 2090 2500 2142 6
2535 2086 2707 2158 μέγας
2735 2081 2994 2151 Θεόφιλος
3020 2078 3275 2144 ἀνελθὼν,
3306 2077 3367 2132 τὸ
3399 2075 3492 2129 τοῦ
3533 2075 3712 2147 Σερά-

2127 2185 2280 2246 πιδος
2316 2177 2682 2248 κατέστρεψεν
2722 2173 2938 2229 εἴδωλον
2959 2212 2974 2233 .
3020 2172 3117 2225 καὶ
3159 2170 3254 2225 τοῦ
3303 2166 3432 2223 ναοῦ
3483 2166 3712 2236 γέγονεν

2128 2272 2425 2343 ἐγκρατής.

2198 2370 2268 2431 γ’.
2285 2360 2555 2432 Ἐδηλώθη
2572 2358 2648 2430 τῷ
2667 2356 2920 2429 μακαρίῳ
2944 2351 3240 2423 Ἐπιφανίῳ
3256 2349 3332 2421 τῷ
3353 2348 3640 2418 ἐπισκόπῳ
3660 2345 3710 2379 ⁸⁸

2128 2453 2356 2525 Κύπρου
2433 2450 2584 2522 παρὰ
2610 2449 2703 2503 τοῦ
2733 2448 2878 2502 ἁϐϐᾶ
2902 2446 3001 2517 τῆς
3038 2444 3205 2515 μονῆς
3231 2435 3299 2514 ἧς
3337 2436 3484 2511 εἶχεν
3508 2441 3565 2493 ἐν
3594 2439 3710 2492 Πα-

2127 2544 2491 2616 λαιστίνῃ,ὅτι
2523 2543 2725 2613 Εὐχαῖς
2760 2556 2852 2593 σου
2889 2538 2989 2591 οὐκ
3027 2535 3383 2606 ἡμελήσαμεν
3417 2529 3512 2584 τοῦ
3547 2528 3714 2584 κανό-

2128 2656 2216 2702 νος
2243 2637 2421 2709 ήμῶν,
2451 2634 2587 2689 ἀλλὰ
2631 2633 2769 2704 μετά
2799 2629 3032 2699 σπουδῆς
3063 2629 3108 2660 ⁵⁷
3137 2627 3227 2681 καὶ
3261 2625 3361 2696 τὴν
3390 2624 3581 2695 τρίτην
3612 2621 3712 2675 καὶ

2127 2728 2225 2800 τὴν
2265 2729 2430 2799 ἕκτην
2467 2725 2562 2780 καὶ
2601 2725 2698 2795 τὴν
2750 2722 2985 2792 ἐννάτην·
3011 2720 3060 2752 ⁸⁸
3104 2715 3485 2787 ἐπιτελοῦμεν.
3542 2715 3603 2768 '0
3649 2712 3712 2767 δὲ

2128 2821 2432 2888 καταγνοὺς
2460 2817 2659 2881 αὐτῶν,
2693 2814 2960 2886 ἐδήλωσεν
2996 2811 3179 2873 αὐτοῖς
3205 2808 3400 2878 λέγων,
3430 2807 3511 2862 ὅτι
3539 2807 3712 2859 Φανε-

2131 2910 2214 2982 ροί
2247 2911 2370 2962 ἐστε
2398 2907 2726 2979 ἀμελοῦντες
2756 2905 2799 2938 ⁸³
2840 2904 2938 2967 τὰς
2970 2901 3134 2965 ἄλλας
3173 2900 3323 2974 ὥρας
3362 2898 3463 2968 τῆς
3493 2897 3711 2971 ἡμέρας

2129 3000 2425 3074 ἀργοῦντες
2458 2999 2567 3054 ἀπὸ
2589 2998 2689 3067 τῆς
2717 2998 2899 3068 εὐχῆς.
2937 2997 3028 3048 Δεῖ
3051 2993 3161 3064 γάρ
3200 2992 3291 3046 τὸν
3330 2989 3582 3062 ἀληθινὸν
3612 3006 3714 3060 μο-

2127 3091 2290 3163 ναχὸν
2320 3091 2676 3154 ἀδιαλείπτως
2710 3088 2853 3159 ἔχειν
2885 3086 2984 3157 τὴν
3012 3085 3179 3155 εὐχὴν
3219 3082 3314 3137 καὶ
3343 3082 3444 3153 τὴν
3476 3077 3714 3150 ψαλμφ-

2129 3184 2247 3238 δίαν
2270 3186 2327 3238 ἐν
2353 3186 2419 3255 τῇ
2448 3181 2643 3254 καρδίᾳ
2672 3179 2859 3234 αὐτοῦ.

2198 3277 2261 3331 δ’.
2296 3275 2550 3347 Ἔπεμψέ
2588 3290 2718 3327 ποτε
2751 3274 2779 3325 ὁ
2806 3272 2958 3339 ἆγιος
2992 3268 3305 3339 Ἐπιφάνιος
3333 3265 3470 3339 πρὸς
3492 3264 3584 3319 τὸν
3607 3262 3711 3318 ἀσ-

2130 3359 2231 3423 ϐᾶν
2262 3368 2562 3439 ’1λαρίωνα,
2586 3362 2916 3437 παρακαλῶν
2938 3359 3122 3423 αὐτὴν,
3153 3360 3249 3412 καὶ
3270 3357 3443 3428 λέγων
3467 3374 3481 3387 ·
3511 3354 3709 3429 Δεῦρο,

2132 3462 2328 3530 ἴδωμεν
2360 3458 2585 3520 ἑαυτοὺς
2614 3454 2718 3525 πρὸ
2746 3453 2838 3506 τοῦ
2875 3451 3112 3520 ἐξελθεῖν
3155 3451 3304 3522 ἡμᾶς
3333 3449 3439 3503 ἀπὸ
3467 3448 3564 3502 τοῦ
3598 3447 3711 3501 σώ-

2134 3568 2299 3622 ματος
2321 3567 2333 3580 ·
2378 3550 2471 3602 καὶ
2508 3546 2951 3616 παραγενομένου
3004 3541 3167 3597 αὐτοῦ
3191 3581 3205 3604 ,
3259 3542 3539 3613 ἐχάρησαν
3587 3539 3710 3610 μετ’

2130 3639 2394 3711 ἀλλήλων.
2448 3634 2764 3688 Ἐσθιόντων
2814 3634 2870 3687 δέ
2924 3633 3101 3685 αὐτῶν
3122 3671 3136 3692 ,
3187 3629 3389 3701 ἠνέχθη
3438 3629 3708 3682 πετεινόν.

2131 3732 2242 3787 Kal.
2278 3726 2457 3783 λαϐὼν
2493 3728 2521 3779 ὀ
2550 3725 2842 3788 ἐπίσκοπος
2883 3723 3049 3777 ἐδωκε
3097 3721 3176 3793 τῷ
3220 3720 3364 3792 ἀϐὅᾷ
3418 3720 3707 3793 Ἰλαρίωνι.

2130 3823 2240 3877 Kal
2271 3821 2417 3890 λέγει
2463 3817 2611 3888 αὐτῷ
2650 3818 2678 3870 6
2714 3817 2923 3885 γέρων·
2963 3814 3324 3886 Συγχώρησόν
3367 3832 3489 3884 μοι,
3533 3814 3615 3866 ὅτι
3651 3812 3713 3880 ἐξ

2129 3908 2191 3969 οὗ
2232 3913 2422 3968 έλαΰον
2467 3912 2528 3965 τὺ
2564 3910 2782 3982 σχῆμα,
2821 3906 2920 3961 οῦκ
2953 3907 3152 3975 ἔφαγον
3196 3906 3362 3977 θῦμα.
3411 3907 3523 3960 Καὶ
3563 3905 3714 3974 λέγει

2132 4007 2279 4078 αύτῷ
2311 4009 2339 4060 6
2371 4005 2696 4066 ἐπίσκοπος·
2742 4000 2883 4070 Ἐγὼ
2911 4000 2967 4053 δὲ
3001 3997 3060 4064 ἐξ
3092 3993 3153 4052 οὗ
3183 3998 3376 4053 ἔλαϐον
3405 3999 3468 4051 τὸ
3500 3997 3710 4069 σχῆμα,

2129 4095 2229 4147 οὐκ
2253 4092 2444 4162 ἀφῆκά
2475 4106 2599 4144 τινα
2629 4088 2959 4160 κοιμηθῆναι
2990 4087 3185 4158 ἔχοντα
3212 4089 3333 4141 κατ’
3375 4087 3510 4156 ἐμοῦ
3533 4125 3548 4150 ,
3590 4086 3714 4141 ούδέ

2130 4184 2241 4255 ἐγὼ
2295 4181 2598 4253 ἐκοιμήθην
2626 4179 2765 4250 ἔχων
2813 4178 2955 4233 κατὰ
2978 4178 3143 4241 τινός.
3173 4179 3283 4231 Καὶ
3320 4177 3468 4244 λέγει
3507 4175 3657 4246 αὐτῷ
3683 4176 3716 4229 ὁ

2130 4278 2340 4347 γέρων·
2378 4270 2740 4344 Συγχώρησόν
2786 4288 2895 4343 μοι,
2930 4271 3011 4324 ὅτι
3054 4271 3088 4340 ἡ
3118 4269 3186 4341 σὴ
3221 4268 3464 4322 πολιτεία
3508 4266 3716 4339 μείζων

2132 4368 2250 4422 ἐστὶ
2287 4364 2387 4433 τῆς
2423 4361 2587 4433 ἐμῆς.

520 4451 576 4506 5.
618 4451 879 4519 Ejusdem
910 4465 1093 4504 sermo
1124 4449 1266 4505 fuit:
1298 4449 1482 4521 Imago
1508 4458 1562 4506 et
1606 4452 1781 4522 ﬁgura
1815 4454 2026 4511 Christi

2202 4455 2263 4508 ε’.
2305 4455 2365 4507 '0
2406 4452 2570 4515 αὐτὸς
2612 4450 2828 4520 ἔλεγεν,
2869 4450 2952 4504 ὅτι
2994 4450 3097 4520 ή⁵⁸
3137 4446 3302 4503 εἰκὼν
3335 4446 3429 4501 τοῦ
3474 4447 3716 4519 Χριστοῦ

454 4540 837 4605 Melchisedec,
873 4540 1245 4594 Abrahamum
1283 4538 1597 4596 Iudaeorum
1653 4544 1895 4600 radicem
1926 4546 2019 4601 bc-

453 4631 661 4687 nedixit
689 4650 703 4687 :
731 4633 903 4686 multo
944 4632 1118 4703 magis
1148 4632 1266 4702 ipsa
1302 4634 1506 4689 veritas
1535 4634 1813 4701 Christus,
1854 4637 2025 4694 bene-

452 4722 587 4778 dicit
620 4731 675 4781 et
711 4724 1020 4780 sanctiﬁcat
1038 4739 1231 4780 omnes
1261 4724 1354 4795 qui
1382 4726 1615 4782 credunt
1644 4728 1698 4783 in
1740 4728 1943 4798 ipsum.

2131 4531 2497 4615 Μελχισεδὲκ,
2527 4542 2626 4613 τὴν
2674 4543 2829 4614 ῥίζαν
2866 4541 2976 4596 τῶν
3026 4542 3297 4595 Ἰουδαίων
3327 4539 3589 4611 εύλόγησε
3620 4540 3718 4595 τὸν

2145 4637 2415 4707 Ἀϐραάμ·
2445 4636 2624 4707 πολλῷ
2648 4634 2808 4689 πλέον
2838 4634 2975 4704 αὐτὴ
3005 4635 3038 4705 ἡ
3065 4634 3290 4705 ἀλήθεια
3312 4635 3339 4686 6
3360 4632 3613 4705 Χριστὸς.
3632 4631 3733 4684 εὐ·-

2134 4726 2280 4797 λογεί
2304 4726 2400 4781 καὶ
2423 4724 2635 4796 ἁγιάζει
2666 4726 2873 4787 πάντας
2894 4725 3021 4786 τοὺς
3050 4724 3403 4786 πιστεύοντας
3426 4724 3508 4785 εις
3529 4721 3717 4778 αὐτόν.

523 4922 571 5002 ξ’·
592 4921 781 5002 Matth.
801 4940 854 4988 v,
886 4924 991 5002 .25;
1020 4925 1190 5002 Marc.
1217 4942 1292 4988 τι,
1317 4927 1407 5002 25.
1458 4928 1619 5002 f'_Al.
1646 4933 1961 5002 γενομένης.

2131 4930 2196 4985 ιι.
2225 4931 2446 5002 ἀρχιεπ.
2527 4930 2572 4961 ⁸⁷
2599 4929 2683 4982 Al.
2709 4930 2815 4985 ins.
2840 4929 2934 4982 καὶ
2958 4928 3054 4999 τὴν
3082 4926 3324 5000 πρώτην.
3402 4926 3447 4959 ⁸⁸
3468 4926 3553 4981 Al.
3583 4921 3715 4981 add.

460 4993 557 5050 ml.
585 4992 645 5048 τό
683 4993 962 5065 λυχνικόν.

558 5151 644 5221 15)
681 5150 784 5207 Vit.
822 5151 976 5209 Patr.
1014 5169 1111 5214 xu.
1145 5153 1199 5207 6.

559 5221 645 5292 16)
693 5222 798 5276 Vit.
832 5221 985 5277 Patr.
1018 5239 1091 5289 tv,
1116 5223 1203 5279 i5.

530 5292 641 5364 (17)
675 5292 743 5346 Τὸ
767 5293 838 5366 δὲ
863 5292 1023 5362 Κρᾶς
1057 5292 1128 5362 τῇ
1153 5295 1475 5366 ᾼὺσωνὶων
1500 5294 1690 5365 φωνῇ.
1728 5295 1884 5366 Apud
1918 5294 2024 5351 So-

455 5375 741 5434 zomenum
763 5364 858 5434 lib.
887 5378 1108 5434 Iv,‘_cap.
1146 5365 1231 5429 lt),
1258 5366 1346 5434 ubi
1391 5380 1479 5420 res
1510 5368 1675 5434 paulo
1703 5364 1864 5420 aliter
1899 5382 2026 5421 nar-

457 5442 623 5505 I_'_atur,
660 5432 809 5505 Κράς
840 5432 924 5503 (ιιι
952 5431 1291 5505 Nicephorm
1310 5433 1471 5499 Call.,
1508 5431 1613 5505 lib.
1657 5452 1731 5500 Ix,
1773 5452 1895 5505 cap.
1930 5438 2019 5493 54.

459 5452 623 5497 ratur,
662 5452 809 5503 δρας
840 5452 924 5503 μη
955 5452 1263 5505 mcepnoro
1310 5452 1471 5499 nam,
1508 5452 1603 5490 nu.
1657 5452 1731 5500 ιι,
1773 5453 1833 5491 ca
1881 5478 1895 5491 .
1930 5452 2019 5493 es.

459 5497 717 5584 Kpaquﬁ
756 5503 1038 5584 Ῥωμαίων
1055 5507 1226 5584 (ρῳ-νῇἔ
1258 5503 1331 5584 Eat
1361 5516 1549 5584 nostro
1568 5504 1808 5584 Ajicltael
1826 5452 2024 5584 (glycas

452 5572 839 5671 Αηοξαιὶιιήένι).
868 5572 982 5628 ’ἳέἰι
1033 5593 1046 5628 :
1072 5572 1231 5646 Περὶ
1283 5575 1373 5628 τὸν
1418 5575 1511 5629 τοῦ
1569 5575 1870 5657 Σαράπιδος
1895 5572 2025 5631 ναὸν

452 5652 682 5671 vnn-nu--
785 5642 961 5671 μην-..-
989 5644 1077 5671 ...Α
1110 5646 1187 5671 ἑ-.
1205 5642 1400 5671 .-“Λ-ὶρ
1424 5644 1634 5671 ---Σ-ρ.
1654 5662 1697 5671 ι..
1731 5646 1939 5671 τοὶὶέ...
1956 5664 2000 5671 η.

451 5641 686 5721 κορῶναι
714 5641 961 5712 ἔκραζον·
989 5644 1083 5697 καὶ
1109 5641 1400 5715 ἐρωτηθεὶς
1424 5644 1575 5715 παρά
1589 5641 1697 5697 τῶν
1731 5646 2022 5717 Ἑλλήνων,

449 5707 504 5762 τί
531 5707 729 5779 βοῶσιν
776 5708 959 5779 αὗται,
993 5716 1295 5785 κακόγηρε.
1324 5710 1473 5767 εἷπε·
1507 5715 1568 5767 τὸ
1595 5712 1713 5786 Κρᾶ
1750 5717 1806 5787 τῇ
1837 5716 2024 5788 Σύρων

1059 4995 1103 5029 ⁸³
1129 4997 1314 5052 Abest.
1346 4990 1676 5070 ἀμελοῦντες
1716 4990 1790 5056 ab
1817 4990 1935 5055 al."
1965 5002 2011 5034 ⁸ο
2045 5002 2130 5055 Al.
2164 5003 2212 5054 εί

2177 5158 2287 5238 tovj
2317 5155 2505 5238 αῦριον
2540 5151 3212 5238 δηλοζ·ταῦριον.καὶνγ5ιρ
3251 5149 3447 5238 ἄξεσθε
3478 5149 3579 5238 τὴν
3616 5146 3714 5238 τοῦ

2177 5175 2287 5238 (ύνῃ
2317 5175 2385 5211 αυ
2431 5175 2505 5207 ιον
2540 5175 2689 5223 οηΛῠι
2718 5175 2950 5238 *ταυριον
2980 5175 3074 5206 και
3105 5175 3212 5223 γλρ
3251 5175 3447 5231 οΐεσυε
3478 5175 3579 5218 τηῚ
3616 5175 3714 5203 TOU

2133 5175 2267 5297 gsou
2298 5175 2584 5297 RpthjudN'
2614 5224 2699 5297 ἐφ)
2739 5242 2784 5290 ῳ
2810 5225 2904 5275 καὶ
2947 5223 3190 5297 ῂγγέλθη
3234 5238 3327 5297 του
3357 5219 3638 5297 ἀλιτηρίου
3669 5220 3714 5297 .6

2134 5290 2385 5361 θάνατος.
2414 5291 2549 5359 Quae
2580 5293 2745 5346 verba
2796 5308 2861 5347 eo
2903 5290 3128 5355 adduxi,
3173 5290 3233 5361 ut
3261 5290 3533 5361 discama
3580 5290 3716 5344 viris

2131 5359 2816 5431 doctis,rreponendumne
2859 5363 2933 5415 sit
2981 5359 3522 5431 sequendo_vest_igia
3563 5373 3713 5431 apes

2134 5424 2498 5508 plttlieéttiatis
2520 5436 2714 5508 n_os_lri.
2741 5432 3042 5508 κτέικόγηρεΔ
3061 5424 3207 5493 εἰπὲ,
3226 5424 3437 5508 εἷπξητὸ
3464 5424 3717 5508 Ιςρᾶίτῇ

2131 5497 2444 5570 λύσωνίων,
2480 5504 2560 5559 vel
2588 5502 2633 5557 si
2661 5502 2835 5556 mavis
2859 5497 2983 5555 cuin
3010 5499 3231 5557 Sozom.
3251 5506 3304 5553 et
3319 5497 3546 5570 Niccpli.
3581 5497 3721 5549 Ῥωξ

2137 5576 2314 5648 μαίων
2349 5575 2546 5648 φωνῇ.-
2587 5570 2752 5628 Forte
2788 5573 2938 5648 enim
2983 5571 3171 5648 ξύρων
3210 5569 3465 5648 irrepsit
3493 5574 3719 5648 promer

2134 5634 2275 5700 inale
2303 5634 2373 5699 ac
2399 5634 2644 5699 bre'viate
2664 5711 2670 5712 ί
2693 5642 2960 5712 scriptum
3008 5634 3355 5710 Ῥωμαίων,’
3378 5645 3474 5690 aut
3495 5634 3578 5692 ὀὶ)
3600 5634 3722 5687 A6-

2134 5715 2342 5769 σωνίων
2379 5730 2489 5770 non
2526 5711 2884 5768 intellectum.
