4032 6334
479 300 577 356 167

1614 312 1833 369 ΑΡΡΕΝ
1842 312 1955 370 DlX
1992 311 2084 368 AD
2119 311 2339 370 [‘ALLA
2347 312 2532 370 DlUM.

3620 319 3726 376 £68

482 426 700 497 ajustis
723 444 852 487 vero
887 446 1091 489 usuras
1143 446 1362 503 quoque
1394 430 1583 501 exigit.
1638 430 1817 499 Atque
1852 429 1908 484 id
1967 438 2040 486 est

2151 433 2236 486 τεῖ
2269 432 2363 485 καὶ
2398 431 2615 495 τόκους.
2648 430 2758 484 Καὶ
2799 430 2958 485 τοῦτό
2995 432 3145 485 ἐστιν
3184 429 3214 484 6
3261 430 3375 487 τοῖς
3410 426 3732 498 ἀποστόλοις

471 519 621 593 quod
652 519 791 576 dixit
825 523 1123 594 apostolis:
1160 521 1284 579 Nisi
1326 521 1672 578 abundaverit
1705 522 1923 591 justitia
1959 537 2048 577 ve-

473 624 590 670 stra
617 616 737 685 plus
763 632 922 687 quant
951 617 1261 673 Scribarum
1288 627 1337 670 et
1359 615 1784 684 Phariurorum,
1819 633 1922 671 non
1960 617 2048 671 in-

476 709 688 763 trabitis
711 710 764 763 in
787 726 999 779 regnum
1027 709 1277 763 caelorum
1304 709 1371 764 “.

546 797 634 853 16.
667 799 778 853 Hoc
816 815 943 855 vero
988 801 1151 853 etiam
1188 798 1368 853 dixit:
1406 797 1579 865 Quam
1621 800 1848 855 minimo
1903 798 2049 855 Deus

471 888 658 943 vendit
688 888 932 959 justitias
956 888 1025 943 iis
1062 888 1156 958 qui
1184 905 1371 946 emere
1401 890 1666 960 cupiunt;
1693 906 1860 961 parvo
1888 893 2047 962 panis

472 977 670 1045 frusto,
733 980 1059 1035 vestimento
1114 980 1252 1047 vili,
1318 978 1534 1053 frigide
1591 982 1790 1053 poculo
1817 1022 1835 1049 ,
1884 983 2048 1039 obolo

473 1085 603 1126 uno.
1832 1068 1835 1071 ’

543 1162 630 1217 l7.
662 1161 811 1219 istud
843 1178 1065 1234 quoque
1099 1164 1437 1233 adjiciebat:
1492 1164 1667 1221 Homo
1717 1167 1787 1222 ab
1826 1166 2048 1223 homine

466 1254 554 1309 vel
581 1255 651 1309 ob
681 1266 1085 1325 paupertatem,
1127 1258 1216 1312 vel
1247 1258 1319 1313 ob
1356 1272 1514 1312 usum
1549 1258 1922 1323 abundantia,
1977 1259 2050 1316 fe-

466 1357 601 1398 nore
633 1345 937 1414 accipiens,
970 1354 1024 1400 et
1057 1346 1327 1412 reddens,
1361 1348 1567 1416 gratias
1597 1348 1816 1417 quidem
1859 1349 2043 1416 habet,

464 1452 656 1492 verum
690 1437 899 1505 pudore
929 1437 1157 1494 all‘ectus
1194 1438 1373 1494 reddit
1411 1439 1574 1494 clam.
1612 1439 1879 1497 Dominus
1915 1458 2046 1499 vero

463 1527 611 1585 Deus
659 1545 690 1585 e
721 1532 1035 1596 contrario,
1100 1532 1241 1587 clam
1274 1540 1479 1587 ‘mutuo
1511 1533 1810 1602 accipiens,
1857 1550 2045 1591 coram

462 1620 694 1706 angelis,
751 1622 1100 1693 archangelis
1160 1630 1217 1678 et
1260 1623 1428 1694 justis
1494 1624 1832 1693 hominibus,
1883 1627 2046 1682 retri-

463 1713 603 1771 buit.

958 1825 1039 1880 De
1060 1837 1243 1880 sancto
1274 1826 1542 1896 Ephrem.

534 1913 588 1967 l.
624 1913 740 1985 (2|)
779 1911 922 1969 Puer
945 1917 1125 1971 adhuc
1146 1925 1267 1973 erat
1301 1919 1471 1974 abbas
1499 1918 1771 1991 Eplmem,
1796 1922 2042 1992 viditque

462 2006 737 2062 somnium
777 2024 873 2065 seu
906 2009 1199 2077 visionem,
1238 2012 1384 2080 quod
1417 2025 1537 2068 orta
1575 2014 1648 2069 sit
1685 2014 1815 2071 vitis
1846 2015 1900 2069 in
1937 2015 2042 2069 lin-

460 2114 565 2169 gua
601 2099 742 2169 ejus,
774 2101 1012 2157 maxime
1039 2101 1217 2169 ferax,
1256 2112 1310 2159 et
1349 2107 1587 2161 creverit
1623 2121 1687 2161 ac
1732 2106 2042 2176 impleverit

459 2194 727 2264 quidquid
760 2196 868 2250 sub
897 2196 1041 2250 ctelo
1065 2204 1188 2264 est;
1239 2199 1497 2270 quodque
1535 2200 1859 2256 accederent
1899 2214 2038 2255 cun-

460 2294 562 2339 ctae
588 2286 840 2341 volucres
872 2287 1016 2351 caeli,
1051 2301 1116 2343 ac
1141 2289 1539 2344 manducarent
1563 2289 1630 2345 de
1661 2291 1786 2345 vitis
1818 2291 2037 2356 fructu;

457 2384 513 2432 et
550 2384 815 2447 quantum
849 2379 1223 2448 comederent,
1252 2380 1630 2438 l‘ructusillius
1656 2382 1888 2452 amplior
1912 2397 2041 2438 eva-

459 2463 635 2521 deret.

524 2558 581 2613 2.
620 2557 733 2629 (22)
763 2559 885 2615 Alia
919 2561 1121 2616 iterum
1154 2561 1298 2626 vice,
1346 2569 1664 2619 sanctorum
1703 2562 1906 2634 aliquis
1935 2563 2041 2621 hac

454 2649 669 2707 visione
708 2646 946 2707 donatus
995 2662 1120 2721 est;
1154 2654 1293 2709 vidit
1352 2655 1661 2725 angelicum
1697 2655 1951 2711 ordinem
2007 2672 2039 2712 e

455 2746 598 2801 etelo
626 2742 793 2813 juxta
834 2745 1155 2799 mandatum
1199 2744 1291 2801 Dei
1335 2746 1692 2815 descendere,
1742 2749 2038 2806 habentem

458 2853 570 2908 pra:
602 2838 856 2894 manibus
891 2839 1165 2902 volumen,
1207 2842 1311 2895 hoc
1350 2849 1434 2896 est
1489 2849 1701 2896 tomum
1766 2844 2037 2916 scriptum

457 2933 607 2989 intus
630 2942 683 2988 et
711 2931 845 2988 foris
872 2951 888 2999 ;
921 2933 1291 3003 dicebantque
1321 2935 1387 2988 ad
1422 2934 1691 2991 invicem:
1727 2935 1831 2991 Cui
1870 2935 2039 2993 debe-

459 3042 581 3082 mus
622 3026 757 3081 illud
785 3025 1040 3080 tradere?
1077 3025 1309 3091 Quidam
1350 3033 1533 3081 autem
1566 3026 1823 3083 aiebant:
1858 3027 2035 3096 Huic;

2148 522 2355 591 ἔλεγεν,
2393 523 2475 576 ὅτι
2540 522 2676 577 Ἐὰν
2713 523 2800 592 μὴ
2846 523 3224 592 περισσεύσῃ
3277 520 3317 589 ἡ
3372 519 3730 592 δικαιοσύνη

2148 616 2349 686 ὑμῶν,
2382 616 2573 673 πλέον
2612 617 2731 671 τῶν
2772 616 3158 688 παμματέων
3202 616 3302 670 καὶ
3358 616 3731 686 Φαρισαίων,

2149 713 2223 765 οὺ
2240 710 2326 781 μὴ
2352 714 2663 777 εἰσέλθητε
2687 714 2775 778 εἰς
2799 711 2914 779 τὴν
2937 711 3267 774 ,βασιλείαν
3292 708 3411 763 τῶν
3433 709 3732 778 οὐρανῶν.

2221 811 2319 869 ις’.
2357 804 2553 872 Ἔλεγε
2582 804 2639 857 δὲ
2669 806 2763 857 καὶ
2790 804 2976 867 τοῦτο,
3014 805 3094 856 ὅτι
3124 803 3305 870 ὀλίγον
3344 804 3488 857 πάνυ
3525 802 3625 865 τὰς
3651 802 3733 855 6:-

2149 896 2440 959 καιοσύνας
2472 896 2501 949 ό
2529 894 2662 958 Θεὸς
2690 896 2858 949 πωλεῖ
2886 898 2998 959 τοῖς
3020 894 3312 965 ἀγοράζειν
3345 892 3730 958 σπουδάζουσιο

2153 985 2348 1057 μικροῦ
2378 986 2689 1056 κλάσματος
2729 988 2919 1058 ἄρτου,
2951 983 3200 1049 εὐτελοῦς
3235 986 3455 1056 ἱματίου
3479 1024 3493 1050 ,
3518 983 3732 1056 ψυχροῦ

2148 1078 2435 1149 ποτηρίου,
2465 1079 2585 1142 ἐνὸς
2607 1078 2816 1133 ὀϐολοῦ.

2223 1169 2306 1234 ιζ’.
2346 1169 2665 1240 Προσετίθει
2698 1170 2754 1223 δὲ
2790 1169 2886 1243 καὶ
2917 1168 3112 1234 τοῦτο,
3155 1169 3236 1222 ὅτι
3277 1168 3407 1238 παρ’
3456 1165 3732 1236 ἀνθρώπῳ

2146 1260 2520 1332 δανειζόμενος
2561 1261 2845 1332 ἄνθρωπος
2872 1261 2959 1315 διὰ
3004 1262 3227 1328 πενίαν,
3266 1260 3299 1331 ἢ
3343 1259 3534 1331 χρείαν
3566 1258 3733 1312 εὐπο-

2152 1356 2291 1423 ρίας,
2328 1355 2423 1408 καὶ
2454 1355 2735 1418 ἀποδιδοὺς
2755 1354 2985 1427 χάριτας
3018 1355 3117 1425 μὲν
3140 1353 3424 1424 ὁμολογεῖ,
3462 1351 3650 1424 κρύφα
3673 1350 3733 1403 δὲ

2147 1445 2469 1500 ἀποδίδωσιν
2498 1447 2905 1517 αἰσχυνόμενος.
2956 1446 3018 1499 '0
3066 1445 3123 1498 δὲ
3173 1444 3441 1514 δεσπότης
3487 1443 3623 1507 Θεὸς
3666 1442 3731 1496 τὸ

2146 1537 2443 1592 ἀνάπαλιν*
2467 1540 2651 1610 κρυφῆ
2680 1538 3057 1609 δανειζόμενος
3085 1537 3317 1591 ἐνώπιον
3345 1535 3600 1606 ἀγγέλων
3630 1534 3730 1588 καὶ

2144 1631 2500 1702 ἀργαγγὲλων
2533 1630 2628 1685 καὶ
2659 1630 2881 1684 δικαίων
2916 1629 3262 1686 ἀποδίδωσιν.

2530 1826 2667 1894 Περὶ
2706 1825 2814 1880 τοῦ
2847 1825 3020 1895 ἁγίου
3062 1824 3333 1896 Ἐφραίμ.

2212 1947 2279 1995 α’.
2307 1939 2527 1995 Παιδίον
2554 1934 2621 2011 ἣν
2651 1941 2679 1993 ὁ
2708 1938 2882 2002 ὰϐὁᾶς
2922 1939 3162 2010 Ἐφραὶμ
3185 1939 3277 1992 καὶ
3300 1934 3439 1992 εἶδεν
3468 1936 3600 2010 ὄναρ
3625 1936 3724 1989 εἴτ’

2141 2027 2234 2088 οὖν
2258 2032 2546 2095 ὀπτασίαν,
2572 2033 2655 2086 ὅτι
2682 2030 2910 2103 ἀνῆλθεν
2936 2030 3179 2102 ἄμπελος
3205 2032 3262 2083 ὲν
3290 2032 3357 2101 τῇ
3389 2027 3609 2100 γλώσσῃ
3630 2028 3731 2082 αύ-

2142 2122 2257 2189 τοῢ,
2289 2124 2383 2177 καὶ
2410 2124 2633 2194 ηὔξησε,
2666 2122 2760 2174 καὶ
2787 2120 3073 2193 ἐπλήρωσε
3098 2121 3276 2175 πᾶσαν
3308 2119 3409 2190 τὴν
3449 2118 3538 2171 ὑπ’
3566 2118 3731 2187 ούρα-

2142 2216 2256 2282 νὺν,
2286 2215 2564 2288 εὖκαρπος
2599 2214 2739 2269 πάνυ
2760 2231 2774 2245 ·
2816 2215 2908 2269 καὶ
2942 2216 3173 2285 ἤρχοντο
3200 2212 3377 2266 πάντα
3409 2211 3476 2266 τὰ
3504 2208 3729 2263 πετεινὰ

2140 2307 2237 2363 τοῦ
2266 2307 2522 2380 οὐρανοῦ,
2548 2308 2642 2361 καὶ
2665 2306 2851 2378 ἤσθιον
2874 2307 2940 2360 ἐκ
2968 2304 3062 2359 τοῦ
3086 2304 3300 2376 καρποῦ
3329 2304 3430 2374 τῆς
3452 2301 3725 2373 ἀμπέλουο

2141 2402 2237 2456 καὶ
2266 2401 2402 2473 πρὸς
2431 2400 2460 2454 ὃ
2497 2399 2704 2471 ἢσθιον,
2739 2397 3063 2461 ἑπλεόναζεν
3093 2399 3121 2452 ό
3146 2395 3358 2468 καρπὸς
3396 2394 3593 2465 αὐτῆς.

2211 2580 2279 2652 β’.
2315 2580 2538 2635 Ἀλλοτε
2578 2579 2739 2633 πάλιν
2772 2575 2879 2633 εἷδὲ
2906 2595 2989 2643 τις
3016 2576 3126 2631 τῶν
3154 2576 3325 2646 ἁγίων
3360 2576 3419 2629 ἐν
3461 2573 3726 2646 ὁράματι,

2140 2670 2387 2741 ἀγγέλων
2424 2670 2610 2742 τάγμα
2639 2673 2703 2725 ὲκ
2730 2671 2824 2724 τοῦ
2867 2667 3100 2740 ούρανοῦ
3141 2667 3541 2738 κατερχόμενον
3583 2663 3730 2718 κατὰ

2141 2762 2434 2835 πρόσταξιν
2460 2763 2595 2817 Θεοῦ
2615 2803 2631 2828 ,
2672 2763 2793 2834 ἔχον
2821 2764 2914 2816 ἐπὶ
2942 2766 3129 2835 χεῖρας
3159 2758 3440 2829 κεφαλίδα,
3473 2756 3730 2814 τουτέστι

2140 2856 2305 2927 τόμον
2332 2856 2720 2929 γεγραμμένον
2756 2855 2957 2911 ἔσωθεν
2989 2855 3085 2909 καὶ
3127 2852 3325 2920 ἔξωθεν
3344 2867 3357 2884 ο
3404 2851 3498 2904 καὶ
3540 2848 3728 2917 ἔλεγον

2140 2946 2280 3018 πρὸς
2304 2946 2566 3019 ἀλλήλους
2583 2962 2597 2979 ο
2631 2947 2727 3010 Τίς
2745 2945 2949 3016 ὀφείλει
2969 2945 3125 2998 τοῦτο
3151 2941 3584 3015 ὲγχειρισθῆναι;
3616 2940 3730 2993 Καὶ

2139 3038 2189 3090 οί
2227 3038 2327 3109 μὲν
2360 3036 2569 3105 ἔλεγον,
2600 3036 2793 3090 ”Οσδε’
2817 3038 2866 3089 οἱ
2895 3036 2952 3088 δὲ
2991 3035 3177 3103 ελεγον
3218 3033 3423 3105 ἕτερον.
3468 3029 3731 3101 ’Δπεκρί-

456 3116 548 3170 alii
581 3131 709 3171 vero
760 3115 927 3169 alium
957 3114 1337 3169 nominabant.
1374 3112 1799 3187 Responderunt
1853 3127 2034 3173 autem

2151 3127 2314 3200 θησαν
2347 3128 2404 3183 δὲ
2434 3128 2530 3183 καὶ
2561 3124 2743 3182 εἷπον·
2787 3126 3028 3198 Ἀληθῶς
3057 3125 3203 3194 ᾶγιοί
3234 3126 3338 3179 εισι
3374 3124 3469 3179 καὶ
3490 3122 3685 3176 δίκαιοι
3711 3135 3728 3151 ’

453 3216 509 3263 et
534 3206 794 3262 dixerunt
825 3228 839 3263 :
869 3204 1012 3262 Vere
1058 3206 1235 3260 sancti
1262 3215 1391 3260 sunt
1448 3222 1512 3261 ac
1549 3206 1724 3276 justi;
1759 3220 2037 3264 verumta-

454 3315 579 3354 men
620 3298 805 3353 nullus
839 3299 941 3353 hoc
971 3297 1223 3367 accipere
1259 3304 1464 3367 potest,
1523 3308 1723 3369 praeter
1759 3298 2035 3372 Ephrann.

450 3384 591 3443 Tum
627 3388 764 3443 vidit
795 3404 964 3445 senex
1010 3388 1156 3459 quod
1212 3387 1461 3458 prrznm
1506 3391 1830 3447 tradiderint
1881 3393 2036 3447 volu-

451 3497 600 3536 men.
635 3482 793 3537 Mane
825 3491 1005 3538 autem
1043 3498 1296 3555 surgens,
1342 3482 1550 3537 audivit
1598 3498 1723 3538 eum
1755 3500 2035 3539 commcn-

452 3581 682 3637 tantem,
707 3584 761 3628 et
791 3575 940 3629 velut
970 3574 1093 3629 fons
1129 3573 1391 3628 manabat
1436 3589 1503 3629 ex
1548 3590 1646 3630 ore
1682 3575 1896 3648 ipsius;
1943 3592 2038 3632 co-

2140 3222 2281 3292 πλὴν
2314 3222 2360 3254 ⁵⁸
2398 3220 2557 3276 τοῦτο
2598 3220 2775 3284 οὐδεὶς
2826 3219 3048 3273 δύναται
3079 3215 3509 3289 ἐγχειρισθῆναι,
3554 3216 3607 3269 εί
3649 3213 3728 3289 μὴ

2152 3312 2414 3383 Ἐφραίμ.
2448 3312 2559 3365 Καὶ
2576 3312 2678 3383 ὁρᾷ
2702 3312 2730 3362 ὁ
2756 3309 2935 3381 γέρων
2962 3311 3041 3362 ὅτι
3060 3308 3139 3378 τῷ
3174 3308 3415 3379 Ἐφραὶμ
3442 3304 3727 3361 ἐπέδωκαν

2136 3404 2234 3474 τὴν
2257 3403 2539 3473 κεφαλίδαο
2560 3403 2655 3457 καὶ
2669 3402 2906 3465 ἀναστὰς
2930 3400 3096 3473 πρωῒ,
3120 3401 3320 3471 ἤκουσε
3350 3397 3443 3452 τοῦ
3482 3398 3727 3468 Ἐφραὶμ

2137 3493 2325 3566 ὥσπερ
2356 3495 2540 3565 πηγὴν
2586 3493 2855 3565 βρύουσαν
2888 3496 2952 3546 ἐκ
2983 3492 3076 3546 τοῦ
3119 3492 3383 3564 στόματος
3422 3488 3586 3544 αὐτοῦ
3627 3488 3727 3547 καὶ

2138 3586 2549 3649 συντάσσοντος,
2575 3584 2668 3638 καὶ
2700 3583 2842 3652 ἔγνω
2871 3584 2952 3637 ὅτι
2985 3585 3048 3636 ἐκ
3073 3581 3391 3652 Πνεύματος
3423 3580 3579 3651 ἁγίου
3603 3578 3727 3636 ἐστὶ

452 3665 752 3734 gnovitque
773 3680 896 3719 esse
924 3680 986 3720 ex
1011 3662 1222 3736 Spiritu
1248 3673 1439 3721 sancto
1464 3682 1585 3739 qua-
1610 3667 2036 3737 egrediebantur

2151 3676 2207 3731 τὰ
2230 3677 2639 3748 ἐκπορευόμενα
2676 3675 2763 3728 διὰ
2791 3675 3014 3747 χειλέων
3060 3673 3327 3745 Ἑφφαίμ.

452 3773 483 3812 ο
513 3757 681 3813 labris
718 3756 991 3827 Ephra'm.

521 3851 575 3905 5.
618 3849 730 3922 (25)
759 3849 907 3905 Alias
940 3852 1161 3919 iterum,
1182 3850 1468 3923 Ephrmmo
1498 3860 1889 3925 praetereunte,
1927 3853 2035 3907 im-

2205 3862 2274 3925 γ’.
2316 3854 2540 3908 Ἀλλοτε
2573 3854 2734 3909 πάλιν
2768 3852 3056 3924 παριόντος
3084 3852 3176 3905 τοῦ
3218 3849 3480 3920 Ἐφραὶμ,
3505 3847 3563 3915 ἐξ
3588 3848 3724 3901 ὑπο-

450 3943 620 3999 tnissa
641 3945 899 4000 meretrix
925 3946 1093 4005 venit.
1112 3955 1172 4001 ut
1195 3946 1475 4003 blanditiis
1495 3964 1617 4001 cum
1643 3946 1940 4001 attraheret
1964 3945 2033 4000 ad

2151 3945 2297 4016 Ξολῆς
2330 3962 2475 4008 τινος
2501 3944 2718 4017 ἔρχεται
2750 3944 2848 4014 μία
2874 3942 3080 4015 ὲταιρὶς
3109 3941 3423 3995 κολακεύειν
3447 3939 3608 3995 αὐτὸν
3638 3941 3723 4004 εἰς

450 4042 661 4107 turpem
698 4038 1075 4102 concubitum,
1127 4046 1221 4093 aut
1255 4040 1448 4094 saltem
1486 4039 1553 4093 ad
1592 4039 1728 4093 iram
1767 4053 2033 4110 provoca-

449 4139 563 4197 ret;
605 4144 768 4185 nemo
802 4131 948 4185 enim
1014 4146 1256 4201 unquam
1303 4128 1440 4185 vidit
1486 4129 1637 4184 illum
1680 4131 2027 4185 irascentem.

2133 4036 2365 4109 αἰσχρὰν
2398 4036 2566 4107 μίξιν.
2594 4038 2642 4088 εἰ
2677 4036 2734 4091 δὲ
2769 4035 2865 4106 μὴ,
2902 4033 3002 4091 κᾶν
3035 4034 3115 4096 είς
3150 4033 3522 4102 ἀγανάκτησιν
3559 4031 3720 4101 κινῆ.

2133 4148 2222 4183 σαι
2244 4129 2424 4192 αὐτὸν,
2444 4128 2523 4180 ὅτι
2548 4127 2801 4182 οὐδέποτέ
2825 4144 2908 4190 τις
2925 4122 3063 4179 εἶδεν
3083 4125 3243 4179 αὑτδν
3271 4124 3626 4196 ὀργιζόμενον
3645 4124 3716 4180 ⁸⁸.

450 4220 518 4274 Ει
544 4221 618 4274 ait
650 4216 718 4276 ad
756 4222 904 4276 illam
932 4240 947 4277 :
982 4221 1225 4293 Sequere
1252 4237 1360 4277 me.
1391 4221 1637 4291 Cumque
1699 4221 2030 4277 accessisset

2151 4221 2242 4275 (αὶ
2277 4219 2423 4288 λέγει
2467 4219 2603 4290 πρὸς
2640 4220 2843 4289 αὑτήν·
2901 4217 3207 4271 Ἀκολούθει
3251 4231 3373 4288 μοι·
3409 4216 3715 4283 πλησιάσας

448 4315 515 4368 ad
548 4311 729 4368 locum
764 4314 1080 4370 hominibus
1102 4313 1389 4376 refertum,
1413 4313 1553 4366 dixit
1577 4312 1793 4366 mulieri
1820 4329 1835 4366 :
1865 4310 2026 4375 Veni,

2151 4313 2185 4365 ἑὲ
2218 4312 2367 4380 τόπῳ
2406 4310 2875 4381 πολυοχλουμένῳ,
2911 4304 3065 4362 εἶπεν
3109 4310 3246 4383 αὐτῇ
3269 4325 3282 4341 ο
3337 4308 3426 4362 Ἐν
3455 4306 3532 4378 τῷ
3563 4309 3716 4380 τόπῳ

449 4406 506 4460 in
543 4405 646 4461 hoc
678 4405 822 4469 loco,
852 4404 1312 4473 quemadmodum
1352 4403 1531 4472 cupis.
1580 4401 1649 4455 At
1699 4402 1794 4456 illa
1850 4400 2027 4457 homi-

2151 4398 2302 4470 τούτῳ
2326 4398 2487 4470 δεῦρο
2521 4397 2704 4463 καθὼς
2730 4399 3022 4469 ἠθέλησας.
3066 4397 3279 4469 Ἑκείνη
3312 4399 3369 4452 δὲ
3400 4398 3713 4470 θεασαμένη

449 4511 582 4551 num
605 4495 1015 4550 multitudinem
1048 4494 1246 4549 intuita
1278 4493 1392 4549 ait:
1454 4491 1578 4559 Quo
1624 4490 1788 4546 modo
1820 4492 2026 4562 poteri-

2151 4491 2222 4545 τὸν
2250 4491 2427 4561 ὄχλον,
2449 4492 2600 4560 λέγει
2626 4490 2805 4562 αὐτῷ·
2835 4490 2960 4555 Πῶς
2991 4491 3267 4561 δυνάμεθα
3288 4490 3445 4546 τοῦτο
3468 4491 3711 4563 ποιῆσαι,

447 4602 574 4642 mus
598 4586 651 4641 id
712 4595 1053 4655 perpetrare,
1116 4599 1181 4639 ac
1227 4585 1347 4641 sine
1407 4584 1757 4649 verecundia,
1814 4591 2028 4639 astante

2151 4582 2383 4636 τοσούτου
2415 4583 2573 4654 ὄχλου
2602 4582 2852 4645 ἑστῶτος,
2879 4582 2971 4635 καὶ
3001 4581 3101 4636 οὐκ
3129 4581 3523 4653 αίσχυνόμεθα;
3562 4582 3622 4636 '0
3655 4582 3718 4637 δὲ

449 4682 602 4729 tanta
645 4674 843 4729 turba?
872 4672 1030 4727 Tunc
1086 4671 1337 4745 prraem
1398 4672 1467 4727 ad
1516 4671 1816 4727 feminam:
1851 4670 1908 4728 Si
1951 4672 2023 4729 ob

2151 4673 2279 4742 ,ἐγει
2343 4674 2479 4745 πρὸς
2541 4674 2742 4743 αὑτήν·
2808 4674 2870 4726 Εἰ
2929 4670 3253 4745 ἀνθρώπους
3312 4672 3712 4745 αἰσχυνόμεθα,

448 4767 704 4831 homines
737 4767 1141 4832 erubescimus,
1175 4767 1346 4822 multo
1375 4766 1549 4838 magis
1581 4766 1654 4822 ob
1702 4763 1875 4821 Deum
1932 4765 2028 4821 de-

2151 4764 2311 4835 τολλῷ
2352 4764 2553 4835 μᾶλλον
2592 4764 2705 4835 (25)
2734 4762 3020 4835 ὀφείλομεν
3055 4762 3403 4833 αἰσχύνεσθαι
3434 4763 3526 4816 τὸν
3552 4762 3711 4827 Θεὸν,

449 4874 645 4917 bemus
670 4859 1023 4925 erubescere,
1062 4858 1157 4929 qui
1185 4858 1550 4928 deprehendet
1579 4858 1907 4913 abscondita
1941 4867 2025 4914 tc-

2151 4857 2220 4911 τδν
2253 4856 2321 4910 τὰ
2347 4856 2567 4930 κρυπτὰ
2597 4854 2692 4909 τοῦ
2731 4855 2956 4920 σκότους
2984 4855 3296 4926 ἐλέγχοντα.
3344 4854 3409 4908 ἸΙ
3433 4854 3489 4908 δὲ
3522 4858 3716 4926 ὲδτρα.

448 4950 745 5006 nebrarum
767 4949 833 5004 ⁸³.
864 4949 1021 5006 Unde
1058 4950 1170 5018 illa,
1211 4949 1422 5021 pudore
1456 4947 1699 5019 suﬂ‘usa,
1732 4963 1792 5005 re
1819 4948 2022 5005 infecta

2151 4949 2293 5001 τεῖτα
2327 4947 2568 5019 ἀπῆλθεν
2595 4946 2895 5018 ἄπρακτος.

450 5041 730 5101 discessit.

752 5134 833 5191 De
865 5134 1184 5191 Eucharisto
1207 5134 1414 5190 homine
1448 5133 1717 5189 sa'culari.

514 5224 632 5299 (ει)
671 5221 790 5280 Duo
818 5239 849 5281 e
875 5223 1131 5280 Patribus
1157 5230 1453 5279 oraverunt
1484 5221 1677 5288 Deum,
1710 5227 1767 5275 ut
1802 5219 2018 5292 plenam

2480 5129 2620 5197 Περὶ
2639 5123 3017 5200 Εὐχαρίστου
3041 5131 3353 5201 κοσμικοῦ.

2201 5218 2306 5276 Δύο
2350 5217 2460 5275 τῶν
2504 5221 2767 5295 Πατέρων
2823 5223 3204 5295 παρεκάλεσαν
3252 5223 3344 5276 τὸν
3398 5223 3565 5289 Θεὸν,
3622 5223 3710 5283 ἶνα

513 5385 559 5417 ¹²
582 5381 777 5437 Matth.
814 5396 868 5447 ν,
901 5381 991 5452 2t).
1067 5381 1113 5413 "
1139 5377 1159 5434 1
1187 5380 1313 5452 C_or.
1342 5397 1413 5445 tv,
1571 5378 1733 5452 “Al.
1760 5377 1931 5452 inser.
1958 5375 2018 5452 οὐ

2151 5391 2315 5452 ανται
2345 5377 2502 5432 τοῦτο
2530 5378 2961 5451 ἐγχειρισθῆναι.
3003 5377 3183 5434 Πολλὰ
3208 5378 3264 5433 δὲ
3297 5378 3432 5437 ἄλλα
3462 5379 3709 5452 ὀνόματα

443 5453 612 5524 αγίων
642 5446 906 5518 εἰπόντες,
940 5451 1164 5523 ὕστερον
1189 5446 1361 5517 εἷπον,
1411 5452 1513 5507 6::.
1592 5450 1638 5482 "
1664 5449 1752 5504 Al.
1788 5449 1917 5505 add.
1954 5446 1989 5517 ἢ
2022 5447 2354 5521 μαχόμενον.

2196 5626 2311 5697 (9.4)
2351 5625 2454 5684 Vit.
2489 5626 2641 5697 Patr.
2683 5645 2763 5693 ιιι,
2798 5628 2851 5683 5.

2196 5694 2307 5765 (25)
2352 5694 2573 5773 {19.1.1.5
2622 5698 2883 5769 μᾶλλον.
2942 5698 3215 5771 Pelagius,
3263 5706 3458 5770 quanto
3513 5704 3707 5773 magis,

2124 5767 2275 5838 πόσῳ
2300 5768 2514 5838 μᾶλλον.
2624 5767 2633 5769 ἡ
3077 5767 3099 5771 ’
3273 5767 3284 5770 ⁷
3607 5767 3625 5773 ⁷
3693 5767 3717 5785 ⁷·

514 5633 627 5697 (2i)
669 5632 776 5689 Vit.
816 5632 964 5688 Patr.
999 5650 1148 5693 xvatt,
1179 5634 1232 5688 5.

535 5703 624 5767 2'2)
664 5703 767 5756 Vit.
808 5703 957 5757 Patr.
990 5720 1142 5760 xvm.
1172 5704 1226 5757 6.

538 5773 626 5840 '25)
671 5772 773 5825 l'il.
803 5771 951 5824 Patr.
986 5788 1038 5836 κ,
1079 5774 1168 5824 2|.
