  <div class='ocr_page' id='page_1' title='image "/cluster/home/n/w/nwhite01/storage/ocr_20150623/65/mdp.39015008972203/090.png"; bbox 0 0 4032 6334; ppageno 0'>
   <div class='ocr_carea' id='block_1_1' title="bbox 276 348 2386 417">
    <p class='ocr_par' dir='ltr' id='par_1_1' title="bbox 276 348 2386 417">
     <span class='ocr_line' id='line_1_1' title="bbox 276 348 2386 417; baseline -0.005 0"><span class='ocrx_word' id='word_1_1' title='bbox 276 359 345 417; x_wconf 69' lang='lat' dir='ltr'><strong>i6!)</strong></span> <span class='ocrx_word' id='word_1_2' title='bbox 1425 348 2041 412; x_wconf 75' lang='lat' dir='ltr'><strong>APOPHTHEGMATA</strong></span> <span class='ocrx_word' id='word_1_3' title='bbox 2081 349 2386 406; x_wconf 77' lang='lat' dir='ltr'><strong>PATRL&#39;M.</strong></span> 
     </span>
    </p>
   </div>
   <div class='ocr_carea' id='block_1_2' title="bbox 3424 353 3523 410">
    <p class='ocr_par' dir='ltr' id='par_1_2' title="bbox 3424 353 3523 410">
     <span class='ocr_line' id='line_1_2' title="bbox 3424 353 3523 410; baseline 0.02 -2"><span class='ocrx_word' id='word_1_4' title='bbox 3424 353 3523 410; x_wconf 78' lang='grc'><strong>170</strong></span> 
     </span>
    </p>
   </div>
   <div class='ocr_carea' id='block_1_3' title="bbox 277 467 1848 549">
    <p class='ocr_par' dir='ltr' id='par_1_3' title="bbox 277 469 1836 549">
     <span class='ocr_line' id='line_1_3' title="bbox 277 469 1836 549; baseline -0.007 -16"><span class='ocrx_word' id='word_1_5' title='bbox 277 475 642 549; x_wconf 76' lang='grc' dir='ltr'>πληροφορήσῃ</span> <span class='ocrx_word' id='word_1_6' title='bbox 663 476 886 540; x_wconf 76' lang='grc' dir='ltr'>αὐτοὺς,</span> <span class='ocrx_word' id='word_1_7' title='bbox 910 474 989 538; x_wconf 82' lang='grc' dir='ltr'><strong>είς</strong></span> <span class='ocrx_word' id='word_1_8' title='bbox 1017 477 1170 529; x_wconf 85' lang='grc' dir='ltr'>ποῖον</span> <span class='ocrx_word' id='word_1_9' title='bbox 1199 473 1442 543; x_wconf 73' lang='grc' dir='ltr'>ἔφθασαν</span> <span class='ocrx_word' id='word_1_10' title='bbox 1475 474 1693 546; x_wconf 79' lang='grc' dir='ltr'><strong>μέτρον.</strong></span> <span class='ocrx_word' id='word_1_11' title='bbox 1724 469 1836 524; x_wconf 78' lang='lat' dir='ltr'><strong>Kal</strong></span> 
     </span>
    </p>
   </div>
   <div class='ocr_carea' id='block_1_4' title="bbox 1953 467 3521 549">
    <p class='ocr_par' dir='ltr' id='par_1_4' title="bbox 1953 467 3521 541">
     <span class='ocr_line' id='line_1_4' title="bbox 1953 467 3521 541; baseline 0.006 -21"><span class='ocrx_word' id='word_1_12' title='bbox 1953 467 2053 526; x_wconf 59' lang='lat' dir='ltr'><strong>allis</strong></span> <span class='ocrx_word' id='word_1_13' title='bbox 2087 470 2246 526; x_wconf 81' lang='lat' dir='ltr'><strong>ﬁdem</strong></span> <span class='ocrx_word' id='word_1_14' title='bbox 2285 469 2486 525; x_wconf 81' lang='lat' dir='ltr'><strong>faceret</strong></span> <span class='ocrx_word' id='word_1_15' title='bbox 2517 468 2584 525; x_wconf 86' lang='lat' dir='ltr'><strong>de</strong></span> <span class='ocrx_word' id='word_1_16' title='bbox 2611 485 2868 528; x_wconf 83' lang='lat' dir='ltr'><strong>mensura</strong></span> <span class='ocrx_word' id='word_1_17' title='bbox 2903 470 2971 526; x_wconf 91' lang='lat' dir='ltr'><strong>ad</strong></span> <span class='ocrx_word' id='word_1_18' title='bbox 3021 485 3186 541; x_wconf 80' lang='lat' dir='ltr'><strong>quam</strong></span> <span class='ocrx_word' id='word_1_19' title='bbox 3234 474 3521 540; x_wconf 82' lang='lat' dir='ltr'><strong>pervenis-</strong></span> 
     </span>
    </p>
   </div>
   <div class='ocr_carea' id='block_1_5' title="bbox 276 565 1837 641">
    <p class='ocr_par' dir='ltr' id='par_1_5' title="bbox 276 565 1837 641">
     <span class='ocr_line' id='line_1_5' title="bbox 276 565 1837 641; baseline -0.002 -20"><span class='ocrx_word' id='word_1_20' title='bbox 276 565 406 641; x_wconf 67' lang='grc' dir='ltr'>ἦλθεν</span> <span class='ocrx_word' id='word_1_21' title='bbox 445 568 637 631; x_wconf 76' lang='grc' dir='ltr'>αὐτοῖς</span> <span class='ocrx_word' id='word_1_22' title='bbox 679 567 835 639; x_wconf 77' lang='grc' dir='ltr'>φωνὴ</span> <span class='ocrx_word' id='word_1_23' title='bbox 874 568 1109 636; x_wconf 82' lang='grc' dir='ltr'><strong>λέγουσα</strong></span> <span class='ocrx_word' id='word_1_24' title='bbox 1130 585 1143 597; x_wconf 87' lang='grc'><strong>·</strong></span> <span class='ocrx_word' id='word_1_25' title='bbox 1180 569 1275 631; x_wconf 85' lang='grc' dir='ltr'><strong>Εἰς</strong></span> <span class='ocrx_word' id='word_1_26' title='bbox 1303 568 1461 639; x_wconf 78' lang='grc' dir='ltr'>τήνδε</span> <span class='ocrx_word' id='word_1_27' title='bbox 1502 567 1600 640; x_wconf 78' lang='grc' dir='ltr'>τὴν</span> <span class='ocrx_word' id='word_1_28' title='bbox 1642 565 1837 637; x_wconf 83' lang='grc' dir='ltr'><strong>κώμην</strong></span> 
     </span>
    </p>
   </div>
   <div class='ocr_carea' id='block_1_6' title="bbox 275 657 1835 732">
    <p class='ocr_par' dir='ltr' id='par_1_6' title="bbox 275 657 1835 732">
     <span class='ocr_line' id='line_1_6' title="bbox 275 657 1835 732; baseline -0.003 -17"><span class='ocrx_word' id='word_1_29' title='bbox 275 662 350 732; x_wconf 81' lang='grc' dir='ltr'>τῆς</span> <span class='ocrx_word' id='word_1_30' title='bbox 379 659 661 729; x_wconf 77' lang='grc' dir='ltr'><strong>Αἰγύπτου</strong></span> <span class='ocrx_word' id='word_1_31' title='bbox 687 659 806 714; x_wconf 81' lang='grc' dir='ltr'>ἐστί</span> <span class='ocrx_word' id='word_1_32' title='bbox 830 677 913 724; x_wconf 90' lang='grc' dir='ltr'><strong>τις</strong></span> <span class='ocrx_word' id='word_1_33' title='bbox 938 660 1204 732; x_wconf 83' lang='grc' dir='ltr'>κοσμικὸς</span> <span class='ocrx_word' id='word_1_34' title='bbox 1227 660 1567 732; x_wconf 79' lang='grc' dir='ltr'><strong>Εὐχάριστος</strong></span> <span class='ocrx_word' id='word_1_35' title='bbox 1587 657 1835 729; x_wconf 82' lang='grc' dir='ltr'>ὀνόματι,</span> 
     </span>
    </p>
   </div>
   <div class='ocr_carea' id='block_1_7' title="bbox 269 749 1839 824">
    <p class='ocr_par' dir='ltr' id='par_1_7' title="bbox 269 749 1839 824">
     <span class='ocr_line' id='line_1_7' title="bbox 269 749 1839 824; baseline -0.002 -19"><span class='ocrx_word' id='word_1_36' title='bbox 269 753 349 807; x_wconf 77' lang='grc' dir='ltr'><strong>καὶ</strong></span> <span class='ocrx_word' id='word_1_37' title='bbox 381 755 414 823; x_wconf 80' lang='grc' dir='ltr'><strong>ἡ</strong></span> <span class='ocrx_word' id='word_1_38' title='bbox 467 753 608 824; x_wconf 83' lang='grc' dir='ltr'>γυνὴ</span> <span class='ocrx_word' id='word_1_39' title='bbox 655 751 823 806; x_wconf 77' lang='grc' dir='ltr'>αὑτοῦ</span> <span class='ocrx_word' id='word_1_40' title='bbox 869 751 1116 807; x_wconf 77' lang='grc' dir='ltr'>καλεῖται</span> <span class='ocrx_word' id='word_1_41' title='bbox 1166 752 1390 823; x_wconf 82' lang='grc' dir='ltr'>Μαρία”</span> <span class='ocrx_word' id='word_1_42' title='bbox 1443 750 1598 805; x_wconf 72' lang='grc' dir='ltr'>οὔπω</span> <span class='ocrx_word' id='word_1_43' title='bbox 1645 749 1839 822; x_wconf 72' lang='grc' dir='ltr'>ἤλθετε</span> 
     </span>
    </p>
   </div>
   <div class='ocr_carea' id='block_1_8' title="bbox 271 841 1843 916">
    <p class='ocr_par' dir='ltr' id='par_1_8' title="bbox 271 841 1843 916">
     <span class='ocr_line' id='line_1_8' title="bbox 271 841 1843 916; baseline -0.001 -18"><span class='ocrx_word' id='word_1_44' title='bbox 271 847 407 915; x_wconf 79' lang='grc' dir='ltr'>ῠμεῖς</span> <span class='ocrx_word' id='word_1_45' title='bbox 438 845 520 908; x_wconf 84' lang='grc' dir='ltr'>εἰς</span> <span class='ocrx_word' id='word_1_46' title='bbox 549 844 620 898; x_wconf 81' lang='grc' dir='ltr'>τὰ</span> <span class='ocrx_word' id='word_1_47' title='bbox 650 844 827 916; x_wconf 84' lang='grc' dir='ltr'>μέτρα</span> <span class='ocrx_word' id='word_1_48' title='bbox 856 845 901 876; x_wconf 83' lang='grc'><strong><em>⁶⁶</em></strong></span> <span class='ocrx_word' id='word_1_49' title='bbox 929 844 1131 899; x_wconf 81' lang='grc' dir='ltr'>αὐτῶν.</span> <span class='ocrx_word' id='word_1_50' title='bbox 1167 844 1277 897; x_wconf 84' lang='lat' dir='ltr'><strong>Kal</strong></span> <span class='ocrx_word' id='word_1_51' title='bbox 1305 842 1640 907; x_wconf 78' lang='grc' dir='ltr'><strong>ἀναστάντες</strong></span> <span class='ocrx_word' id='word_1_52' title='bbox 1668 843 1719 896; x_wconf 77' lang='grc' dir='ltr'><strong>οἱ</strong></span> <span class='ocrx_word' id='word_1_53' title='bbox 1748 841 1843 896; x_wconf 86' lang='grc' dir='ltr'><strong>δύο</strong></span> 
     </span>
    </p>
   </div>
   <div class='ocr_carea' id='block_1_9' title="bbox 273 933 1838 1009">
    <p class='ocr_par' dir='ltr' id='par_1_9' title="bbox 273 933 1838 1009">
     <span class='ocr_line' id='line_1_9' title="bbox 273 933 1838 1009; baseline 0 -20"><span class='ocrx_word' id='word_1_54' title='bbox 273 936 505 1008; x_wconf 83' lang='grc' dir='ltr'>γέροντες</span> <span class='ocrx_word' id='word_1_55' title='bbox 527 977 543 1003; x_wconf 92' lang='grc'><strong>,</strong></span> <span class='ocrx_word' id='word_1_56' title='bbox 584 933 750 1008; x_wconf 73' lang='grc' dir='ltr'>ἦλθον</span> <span class='ocrx_word' id='word_1_57' title='bbox 785 938 868 1002; x_wconf 79' lang='grc' dir='ltr'><strong>εἰς</strong></span> <span class='ocrx_word' id='word_1_58' title='bbox 897 937 998 1009; x_wconf 80' lang='grc' dir='ltr'>τὴν</span> <span class='ocrx_word' id='word_1_59' title='bbox 1045 935 1269 1008; x_wconf 82' lang='grc' dir='ltr'>κώμην·</span> <span class='ocrx_word' id='word_1_60' title='bbox 1298 937 1394 990; x_wconf 74' lang='grc' dir='ltr'>καὶ</span> <span class='ocrx_word' id='word_1_61' title='bbox 1425 937 1838 1007; x_wconf 82' lang='grc' dir='ltr'>ἐρωτήσαντες,</span> 
     </span>
    </p>
   </div>
   <div class='ocr_carea' id='block_1_10' title="bbox 273 1018 1844 1098">
    <p class='ocr_par' dir='ltr' id='par_1_10' title="bbox 273 1018 1844 1098">
     <span class='ocr_line' id='line_1_10' title="bbox 273 1018 1844 1098; baseline 0.001 -19"><span class='ocrx_word' id='word_1_62' title='bbox 273 1018 407 1098; x_wconf 74' lang='grc' dir='ltr'>εὗρον</span> <span class='ocrx_word' id='word_1_63' title='bbox 434 1027 499 1079; x_wconf 84' lang='grc' dir='ltr'>τὺ</span> <span class='ocrx_word' id='word_1_64' title='bbox 525 1026 741 1080; x_wconf 82' lang='grc' dir='ltr'>κελλίον</span> <span class='ocrx_word' id='word_1_65' title='bbox 776 1026 942 1081; x_wconf 73' lang='grc' dir='ltr'>αὐτοῦ</span> <span class='ocrx_word' id='word_1_66' title='bbox 970 1028 1065 1081; x_wconf 72' lang='grc' dir='ltr'><strong>καὶ</strong></span> <span class='ocrx_word' id='word_1_67' title='bbox 1091 1028 1190 1097; x_wconf 75' lang='grc' dir='ltr'>τὴν</span> <span class='ocrx_word' id='word_1_68' title='bbox 1225 1029 1462 1097; x_wconf 79' lang='grc' dir='ltr'>γυναῖκα</span> <span class='ocrx_word' id='word_1_69' title='bbox 1501 1027 1668 1081; x_wconf 75' lang='grc' dir='ltr'>αὐτοῦ</span> <span class='ocrx_word' id='word_1_70' title='bbox 1695 1044 1707 1056; x_wconf 77' lang='grc'><strong>⁸</strong></span> <span class='ocrx_word' id='word_1_71' title='bbox 1748 1029 1844 1081; x_wconf 76' lang='grc' dir='ltr'><strong>καὶ</strong></span> 
     </span>
    </p>
   </div>
   <div class='ocr_carea' id='block_1_11' title="bbox 272 1116 1840 1192">
    <p class='ocr_par' dir='ltr' id='par_1_11' title="bbox 272 1116 1840 1192">
     <span class='ocr_line' id='line_1_11' title="bbox 272 1116 1840 1192; baseline 0.003 -23"><span class='ocrx_word' id='word_1_72' title='bbox 272 1118 499 1186; x_wconf 74' lang='grc' dir='ltr'>λέγουσιν</span> <span class='ocrx_word' id='word_1_73' title='bbox 536 1119 675 1191; x_wconf 72' lang='grc' dir='ltr'>αὐτῇ</span> <span class='ocrx_word' id='word_1_74' title='bbox 697 1136 711 1149; x_wconf 81' lang='lat'>&#39;</span> <span class='ocrx_word' id='word_1_75' title='bbox 740 1118 852 1172; x_wconf 84' lang='grc' dir='ltr'><strong>Ποῦ</strong></span> <span class='ocrx_word' id='word_1_76' title='bbox 901 1119 1017 1173; x_wconf 76' lang='grc' dir='ltr'>ἔστι</span> <span class='ocrx_word' id='word_1_77' title='bbox 1056 1122 1085 1173; x_wconf 84' lang='grc' dir='ltr'>ὁ</span> <span class='ocrx_word' id='word_1_78' title='bbox 1122 1120 1263 1192; x_wconf 82' lang='grc' dir='ltr'>ἁνήρ</span> <span class='ocrx_word' id='word_1_79' title='bbox 1289 1137 1417 1188; x_wconf 83' lang='grc' dir='ltr'>σου;</span> <span class='ocrx_word' id='word_1_80' title='bbox 1458 1121 1523 1173; x_wconf 88' lang='grc' dir='ltr'><strong>Ἦ</strong></span> <span class='ocrx_word' id='word_1_81' title='bbox 1562 1119 1619 1173; x_wconf 85' lang='grc' dir='ltr'><strong>δέ</strong></span> <span class='ocrx_word' id='word_1_82' title='bbox 1655 1116 1840 1174; x_wconf 77' lang='grc' dir='ltr'>εἶπεν·</span> 
     </span>
    </p>
   </div>
   <div class='ocr_carea' id='block_1_12' title="bbox 272 1207 1845 1282">
    <p class='ocr_par' dir='ltr' id='par_1_12' title="bbox 272 1207 1845 1282">
     <span class='ocr_line' id='line_1_12' title="bbox 272 1207 1845 1282; baseline 0.002 -22"><span class='ocrx_word' id='word_1_83' title='bbox 272 1209 459 1279; x_wconf 81' lang='grc' dir='ltr'><strong>Ποιμήν</strong></span> <span class='ocrx_word' id='word_1_84' title='bbox 482 1210 621 1266; x_wconf 82' lang='grc' dir='ltr'>ἐστι,</span> <span class='ocrx_word' id='word_1_85' title='bbox 654 1209 747 1263; x_wconf 75' lang='grc' dir='ltr'><strong>καὶ</strong></span> <span class='ocrx_word' id='word_1_86' title='bbox 780 1207 965 1279; x_wconf 85' lang='grc' dir='ltr'><strong>βόσκει</strong></span> <span class='ocrx_word' id='word_1_87' title='bbox 1000 1208 1068 1262; x_wconf 82' lang='grc' dir='ltr'>τὰ</span> <span class='ocrx_word' id='word_1_88' title='bbox 1108 1210 1378 1281; x_wconf 85' lang='grc' dir='ltr'>πρόϐατα.</span> <span class='ocrx_word' id='word_1_89' title='bbox 1412 1210 1520 1264; x_wconf 88' lang='lat' dir='ltr'><strong>Kal</strong></span> <span class='ocrx_word' id='word_1_90' title='bbox 1551 1211 1845 1282; x_wconf 86' lang='grc' dir='ltr'>είσὴγαγεν</span> 
     </span>
    </p>
   </div>
   <div class='ocr_carea' id='block_1_13' title="bbox 273 1299 1841 1372">
    <p class='ocr_par' dir='ltr' id='par_1_13' title="bbox 273 1299 1841 1372">
     <span class='ocr_line' id='line_1_13' title="bbox 273 1299 1841 1372; baseline 0.002 -19"><span class='ocrx_word' id='word_1_91' title='bbox 273 1301 451 1363; x_wconf 69' lang='grc' dir='ltr'>αὐτοὺς</span> <span class='ocrx_word' id='word_1_92' title='bbox 481 1302 566 1364; x_wconf 84' lang='grc' dir='ltr'>εξς</span> <span class='ocrx_word' id='word_1_93' title='bbox 591 1300 656 1353; x_wconf 83' lang='grc' dir='ltr'>τὸ</span> <span class='ocrx_word' id='word_1_94' title='bbox 684 1299 894 1354; x_wconf 81' lang='grc' dir='ltr'>κελλίον</span> <span class='ocrx_word' id='word_1_95' title='bbox 922 1300 1090 1355; x_wconf 79' lang='grc' dir='ltr'>αὐτοῦ</span> <span class='ocrx_word' id='word_1_96' title='bbox 1114 1301 1180 1354; x_wconf 72' lang='grc'><strong>⁸⁷.</strong></span> <span class='ocrx_word' id='word_1_97' title='bbox 1229 1302 1316 1366; x_wconf 86' lang='grc' dir='ltr'>Ὡς</span> <span class='ocrx_word' id='word_1_98' title='bbox 1345 1301 1403 1354; x_wconf 85' lang='grc' dir='ltr'>δὲ</span> <span class='ocrx_word' id='word_1_99' title='bbox 1442 1302 1571 1372; x_wconf 76' lang='grc' dir='ltr'>ὀψία</span> <span class='ocrx_word' id='word_1_100' title='bbox 1604 1303 1841 1371; x_wconf 85' lang='grc' dir='ltr'>ἐγένετο,</span> 
     </span>
    </p>
   </div>
   <div class='ocr_carea' id='block_1_14' title="bbox 269 1385 1846 1464">
    <p class='ocr_par' dir='ltr' id='par_1_14' title="bbox 269 1385 1846 1464">
     <span class='ocr_line' id='line_1_14' title="bbox 269 1385 1846 1464; baseline 0.003 -21"><span class='ocrx_word' id='word_1_101' title='bbox 269 1386 414 1460; x_wconf 77' lang='grc' dir='ltr'>ἦλθεν</span> <span class='ocrx_word' id='word_1_102' title='bbox 452 1392 482 1444; x_wconf 84' lang='grc' dir='ltr'><strong>ὁ</strong></span> <span class='ocrx_word' id='word_1_103' title='bbox 514 1390 850 1463; x_wconf 80' lang='grc' dir='ltr'><strong>Εὐχάριστος</strong></span> <span class='ocrx_word' id='word_1_104' title='bbox 891 1392 1029 1463; x_wconf 86' lang='grc' dir='ltr'>μετὰ</span> <span class='ocrx_word' id='word_1_105' title='bbox 1056 1385 1169 1445; x_wconf 81' lang='grc' dir='ltr'>τῶν</span> <span class='ocrx_word' id='word_1_106' title='bbox 1212 1392 1500 1464; x_wconf 87' lang='grc' dir='ltr'>προϐάτων</span> <span class='ocrx_word' id='word_1_107' title='bbox 1524 1410 1537 1423; x_wconf 93' lang='grc'><strong>·</strong></span> <span class='ocrx_word' id='word_1_108' title='bbox 1585 1393 1679 1447; x_wconf 74' lang='grc' dir='ltr'><strong>καὶ</strong></span> <span class='ocrx_word' id='word_1_109' title='bbox 1721 1392 1846 1448; x_wconf 81' lang='grc' dir='ltr'>ἰδὼν</span> 
     </span>
    </p>
   </div>
   <div class='ocr_carea' id='block_1_15' title="bbox 269 1484 1846 1556">
    <p class='ocr_par' dir='ltr' id='par_1_15' title="bbox 269 1484 1846 1556">
     <span class='ocr_line' id='line_1_15' title="bbox 269 1484 1846 1556; baseline 0.001 -19"><span class='ocrx_word' id='word_1_110' title='bbox 269 1486 383 1547; x_wconf 82' lang='grc' dir='ltr'>τοὺς</span> <span class='ocrx_word' id='word_1_111' title='bbox 435 1484 737 1554; x_wconf 85' lang='grc' dir='ltr'>γέροντας,</span> <span class='ocrx_word' id='word_1_112' title='bbox 791 1484 1089 1556; x_wconf 78' lang='grc' dir='ltr'>ἡτοίμασεν</span> <span class='ocrx_word' id='word_1_113' title='bbox 1142 1485 1326 1548; x_wconf 79' lang='grc' dir='ltr'>αὐτοῖς</span> <span class='ocrx_word' id='word_1_114' title='bbox 1380 1484 1693 1556; x_wconf 80' lang='grc' dir='ltr'>τράπεζαν,</span> <span class='ocrx_word' id='word_1_115' title='bbox 1750 1485 1846 1539; x_wconf 78' lang='grc' dir='ltr'><strong>καὶ</strong></span> 
     </span>
    </p>
   </div>
   <div class='ocr_carea' id='block_1_16' title="bbox 267 1573 1846 1646">
    <p class='ocr_par' dir='ltr' id='par_1_16' title="bbox 267 1573 1846 1646">
     <span class='ocr_line' id='line_1_16' title="bbox 267 1573 1846 1646; baseline 0.001 -20"><span class='ocrx_word' id='word_1_116' title='bbox 267 1576 486 1646; x_wconf 66' lang='grc' dir='ltr'>ἧνεγκεν</span> <span class='ocrx_word' id='word_1_117' title='bbox 511 1573 661 1646; x_wconf 74' lang='grc' dir='ltr'>ὕδωρ</span> <span class='ocrx_word' id='word_1_118' title='bbox 689 1573 842 1645; x_wconf 75' lang='grc' dir='ltr'>νίψαι</span> <span class='ocrx_word' id='word_1_119' title='bbox 868 1577 995 1639; x_wconf 81' lang='grc' dir='ltr'>τοὺς</span> <span class='ocrx_word' id='word_1_120' title='bbox 1019 1576 1187 1640; x_wconf 80' lang='grc' dir='ltr'>πόδας</span> <span class='ocrx_word' id='word_1_121' title='bbox 1215 1574 1418 1630; x_wconf 81' lang='grc' dir='ltr'>αὐτῶν.</span> <span class='ocrx_word' id='word_1_122' title='bbox 1454 1576 1566 1628; x_wconf 87' lang='lat' dir='ltr'><strong>Kal</strong></span> <span class='ocrx_word' id='word_1_123' title='bbox 1598 1574 1846 1643; x_wconf 87' lang='grc' dir='ltr'>λέγουσιν</span> 
     </span>
    </p>
   </div>
   <div class='ocr_carea' id='block_1_17' title="bbox 269 1664 1845 1738">
    <p class='ocr_par' dir='ltr' id='par_1_17' title="bbox 269 1664 1845 1738">
     <span class='ocr_line' id='line_1_17' title="bbox 269 1664 1845 1738; baseline 0.001 -20"><span class='ocrx_word' id='word_1_124' title='bbox 269 1665 405 1735; x_wconf 76' lang='grc' dir='ltr'>αὐτῷ</span> <span class='ocrx_word' id='word_1_125' title='bbox 436 1666 487 1718; x_wconf 77' lang='lat' dir='ltr'><strong>ot</strong></span> <span class='ocrx_word' id='word_1_126' title='bbox 516 1665 807 1737; x_wconf 85' lang='grc' dir='ltr'>γέροντες·</span> <span class='ocrx_word' id='word_1_127' title='bbox 845 1666 921 1719; x_wconf 81' lang='grc' dir='ltr'><strong>Οὐ</strong></span> <span class='ocrx_word' id='word_1_128' title='bbox 964 1665 1038 1737; x_wconf 85' lang='grc' dir='ltr'><strong>μὴ</strong></span> <span class='ocrx_word' id='word_1_129' title='bbox 1066 1666 1394 1737; x_wconf 86' lang='grc' dir='ltr'>γευσώμεθά</span> <span class='ocrx_word' id='word_1_130' title='bbox 1428 1683 1593 1731; x_wconf 87' lang='grc' dir='ltr'>τινος,</span> <span class='ocrx_word' id='word_1_131' title='bbox 1631 1664 1728 1720; x_wconf 79' lang='grc' dir='ltr'>ἐὰν</span> <span class='ocrx_word' id='word_1_132' title='bbox 1770 1666 1845 1738; x_wconf 84' lang='grc' dir='ltr'>μὴ</span> 
     </span>
    </p>
   </div>
   <div class='ocr_carea' id='block_1_18' title="bbox 268 1756 1848 1831">
    <p class='ocr_par' dir='ltr' id='par_1_18' title="bbox 268 1756 1848 1831">
     <span class='ocr_line' id='line_1_18' title="bbox 268 1756 1848 1831; baseline -0.001 -20"><span class='ocrx_word' id='word_1_133' title='bbox 268 1756 592 1831; x_wconf 83' lang='grc' dir='ltr'>ἀναγγείλῃς</span> <span class='ocrx_word' id='word_1_134' title='bbox 614 1759 746 1827; x_wconf 79' lang='grc' dir='ltr'>ἡμῖν</span> <span class='ocrx_word' id='word_1_135' title='bbox 767 1757 868 1829; x_wconf 82' lang='grc' dir='ltr'>τὴν</span> <span class='ocrx_word' id='word_1_136' title='bbox 899 1758 1161 1830; x_wconf 76' lang='grc' dir='ltr'>ἐργασίαν</span> <span class='ocrx_word' id='word_1_137' title='bbox 1196 1776 1308 1811; x_wconf 80' lang='grc' dir='ltr'>σου.</span> <span class='ocrx_word' id='word_1_138' title='bbox 1349 1758 1409 1811; x_wconf 83' lang='lat' dir='ltr'><strong>&#39;U</strong></span> <span class='ocrx_word' id='word_1_139' title='bbox 1429 1757 1485 1811; x_wconf 84' lang='grc' dir='ltr'>δὲ</span> <span class='ocrx_word' id='word_1_140' title='bbox 1512 1758 1848 1829; x_wconf 79' lang='grc' dir='ltr'>Εὐχάριστος</span> 
     </span>
    </p>
   </div>
   <div class='ocr_carea' id='block_1_19' title="bbox 1945 556 3529 630">
    <p class='ocr_par' dir='ltr' id='par_1_19' title="bbox 1945 556 3529 630">
     <span class='ocr_line' id='line_1_19' title="bbox 1945 556 3529 630; baseline 0.004 -19"><span class='ocrx_word' id='word_1_141' title='bbox 1945 566 2088 611; x_wconf 89' lang='lat' dir='ltr'><strong>sent.</strong></span> <span class='ocrx_word' id='word_1_142' title='bbox 2126 556 2263 611; x_wconf 86' lang='lat' dir='ltr'><strong>Tum</strong></span> <span class='ocrx_word' id='word_1_143' title='bbox 2296 558 2582 614; x_wconf 85' lang='lat' dir='ltr'><strong>descendit</strong></span> <span class='ocrx_word' id='word_1_144' title='bbox 2609 558 2677 613; x_wconf 87' lang='lat' dir='ltr'><strong>ad</strong></span> <span class='ocrx_word' id='word_1_145' title='bbox 2708 575 2804 616; x_wconf 89' lang='lat' dir='ltr'><strong>eos</strong></span> <span class='ocrx_word' id='word_1_146' title='bbox 2834 560 3105 630; x_wconf 82' lang='lat' dir='ltr'><strong>ejusmodi</strong></span> <span class='ocrx_word' id='word_1_147' title='bbox 3142 576 3245 615; x_wconf 77' lang='lat' dir='ltr'><strong>vox</strong></span> <span class='ocrx_word' id='word_1_148' title='bbox 3274 580 3289 616; x_wconf 91' lang='lat'><strong>:</strong></span> <span class='ocrx_word' id='word_1_149' title='bbox 3342 559 3442 616; x_wconf 90' lang='lat' dir='ltr'><strong>lllo</strong></span> <span class='ocrx_word' id='word_1_150' title='bbox 3474 564 3529 618; x_wconf 89' lang='lat' dir='ltr'><strong>in</strong></span> 
     </span>
    </p>
   </div>
   <div class='ocr_carea' id='block_1_20' title="bbox 1944 649 3526 722">
    <p class='ocr_par' dir='ltr' id='par_1_20' title="bbox 1944 649 3526 722">
     <span class='ocr_line' id='line_1_20' title="bbox 1944 649 3526 722; baseline 0.004 -21"><span class='ocrx_word' id='word_1_151' title='bbox 1944 665 2084 720; x_wconf 84' lang='lat' dir='ltr'><strong>pago</strong></span> <span class='ocrx_word' id='word_1_152' title='bbox 2111 649 2353 722; x_wconf 65' lang='lat' dir='ltr'><strong>Egypti,</strong></span> <span class='ocrx_word' id='word_1_153' title='bbox 2392 653 2478 707; x_wconf 89' lang='lat' dir='ltr'><strong>vir</strong></span> <span class='ocrx_word' id='word_1_154' title='bbox 2505 660 2591 707; x_wconf 89' lang='lat' dir='ltr'><strong>est</strong></span> <span class='ocrx_word' id='word_1_155' title='bbox 2652 653 2938 710; x_wconf 72' lang='lat' dir='ltr'><strong>szecularis</strong></span> <span class='ocrx_word' id='word_1_156' title='bbox 2993 656 3217 711; x_wconf 90' lang='lat' dir='ltr'><strong>nomine</strong></span> <span class='ocrx_word' id='word_1_157' title='bbox 3252 653 3526 709; x_wconf 87' lang='lat' dir='ltr'><strong>Euchari-</strong></span> 
     </span>
    </p>
   </div>
   <div class='ocr_carea' id='block_1_21' title="bbox 1946 743 3529 816">
    <p class='ocr_par' dir='ltr' id='par_1_21' title="bbox 1946 743 3529 816">
     <span class='ocr_line' id='line_1_21' title="bbox 1946 743 3529 816; baseline 0.002 -18"><span class='ocrx_word' id='word_1_158' title='bbox 1946 751 2086 805; x_wconf 90' lang='lat' dir='ltr'><strong>slus,</strong></span> <span class='ocrx_word' id='word_1_159' title='bbox 2122 743 2285 813; x_wconf 84' lang='lat' dir='ltr'><strong>cujus</strong></span> <span class='ocrx_word' id='word_1_160' title='bbox 2318 760 2458 801; x_wconf 81' lang='lat' dir='ltr'><strong>uxor</strong></span> <span class='ocrx_word' id='word_1_161' title='bbox 2480 754 2709 800; x_wconf 90' lang='lat' dir='ltr'><strong>vocatur</strong></span> <span class='ocrx_word' id='word_1_162' title='bbox 2752 745 2958 801; x_wconf 76' lang='lat' dir='ltr'><strong>Maria:</strong></span> <span class='ocrx_word' id='word_1_163' title='bbox 2992 748 3233 801; x_wconf 87' lang='lat' dir='ltr'><strong>nondum</strong></span> <span class='ocrx_word' id='word_1_164' title='bbox 3268 745 3529 816; x_wconf 84' lang='lat' dir='ltr'><strong>attigistis</strong></span> 
     </span>
    </p>
   </div>
   <div class='ocr_carea' id='block_1_22' title="bbox 1946 837 3535 910">
    <p class='ocr_par' dir='ltr' id='par_1_22' title="bbox 1946 837 3535 910">
     <span class='ocr_line' id='line_1_22' title="bbox 1946 837 3535 910; baseline 0.003 -21"><span class='ocrx_word' id='word_1_165' title='bbox 1946 849 2046 889; x_wconf 89' lang='lat' dir='ltr'><strong>vos</strong></span> <span class='ocrx_word' id='word_1_166' title='bbox 2082 850 2402 891; x_wconf 85' lang='lat' dir='ltr'><strong>mensuram</strong></span> <span class='ocrx_word' id='word_1_167' title='bbox 2456 838 2678 895; x_wconf 84' lang='lat' dir='ltr'><strong>virtutis</strong></span> <span class='ocrx_word' id='word_1_168' title='bbox 2716 854 2929 895; x_wconf 87' lang='lat' dir='ltr'><strong>eorum.</strong></span> <span class='ocrx_word' id='word_1_169' title='bbox 2995 837 3295 910; x_wconf 81' lang='lat' dir='ltr'><strong>Surgentes</strong></span> <span class='ocrx_word' id='word_1_170' title='bbox 3343 838 3535 907; x_wconf 78' lang='lat' dir='ltr'><strong>itaquu</strong></span> 
     </span>
    </p>
   </div>
   <div class='ocr_carea' id='block_1_23' title="bbox 1949 926 3527 1001">
    <p class='ocr_par' dir='ltr' id='par_1_23' title="bbox 1949 926 3527 1001">
     <span class='ocr_line' id='line_1_23' title="bbox 1949 926 3527 1001; baseline 0.002 -21"><span class='ocrx_word' id='word_1_171' title='bbox 1949 926 2113 982; x_wconf 90' lang='lat' dir='ltr'><strong>ambo</strong></span> <span class='ocrx_word' id='word_1_172' title='bbox 2143 943 2325 992; x_wconf 91' lang='lat' dir='ltr'><strong>senes,</strong></span> <span class='ocrx_word' id='word_1_173' title='bbox 2383 938 2617 999; x_wconf 83' lang='lat' dir='ltr'><strong>pergunt</strong></span> <span class='ocrx_word' id='word_1_174' title='bbox 2675 929 2740 985; x_wconf 88' lang='lat' dir='ltr'><strong>ad</strong></span> <span class='ocrx_word' id='word_1_175' title='bbox 2778 945 2976 1001; x_wconf 83' lang='lat' dir='ltr'><strong>pagum</strong></span> <span class='ocrx_word' id='word_1_176' title='bbox 3006 973 3022 997; x_wconf 87' lang='lat'><strong>,</strong></span> <span class='ocrx_word' id='word_1_177' title='bbox 3092 939 3146 985; x_wconf 85' lang='lat' dir='ltr'><strong>et</strong></span> <span class='ocrx_word' id='word_1_178' title='bbox 3183 929 3527 999; x_wconf 73' lang='lat' dir='ltr'><strong>percontati,</strong></span> 
     </span>
    </p>
   </div>
   <div class='ocr_carea' id='block_1_24' title="bbox 1947 1018 3528 1093">
    <p class='ocr_par' dir='ltr' id='par_1_24' title="bbox 1947 1018 3528 1093">
     <span class='ocr_line' id='line_1_24' title="bbox 1947 1018 3528 1093; baseline 0.001 -20"><span class='ocrx_word' id='word_1_179' title='bbox 1947 1018 2275 1075; x_wconf 84' lang='lat' dir='ltr'><strong>invenerunt</strong></span> <span class='ocrx_word' id='word_1_180' title='bbox 2328 1020 2566 1075; x_wconf 83' lang='lat' dir='ltr'><strong>hominis</strong></span> <span class='ocrx_word' id='word_1_181' title='bbox 2602 1022 2796 1076; x_wconf 83' lang='lat' dir='ltr'><strong>cellam</strong></span> <span class='ocrx_word' id='word_1_182' title='bbox 2857 1030 3023 1093; x_wconf 89' lang='lat' dir='ltr'><strong>atque</strong></span> <span class='ocrx_word' id='word_1_183' title='bbox 3083 1022 3332 1091; x_wconf 87' lang='lat' dir='ltr'><strong>ejusdem</strong></span> <span class='ocrx_word' id='word_1_184' title='bbox 3383 1036 3528 1076; x_wconf 80' lang='lat' dir='ltr'><strong>uxo-</strong></span> 
     </span>
    </p>
   </div>
   <div class='ocr_carea' id='block_1_25' title="bbox 1948 1109 3530 1168">
    <p class='ocr_par' dir='ltr' id='par_1_25' title="bbox 1948 1109 3530 1168">
     <span class='ocr_line' id='line_1_25' title="bbox 1948 1109 3530 1168; baseline 0.003 -4"><span class='ocrx_word' id='word_1_185' title='bbox 1948 1126 2082 1166; x_wconf 88' lang='lat' dir='ltr'><strong>rem.</strong></span> <span class='ocrx_word' id='word_1_186' title='bbox 2131 1109 2333 1166; x_wconf 88' lang='lat' dir='ltr'><strong>Dicunt</strong></span> <span class='ocrx_word' id='word_1_187' title='bbox 2370 1112 2633 1167; x_wconf 86' lang='lat' dir='ltr'><strong>mulieri:</strong></span> <span class='ocrx_word' id='word_1_188' title='bbox 2675 1111 2778 1168; x_wconf 86' lang='lat' dir='ltr'><strong>Ubi</strong></span> <span class='ocrx_word' id='word_1_189' title='bbox 2817 1121 2902 1168; x_wconf 81' lang='lat' dir='ltr'><strong>est</strong></span> <span class='ocrx_word' id='word_1_190' title='bbox 2958 1114 3045 1167; x_wconf 83' lang='lat' dir='ltr'><strong>vir</strong></span> <span class='ocrx_word' id='word_1_191' title='bbox 3084 1114 3256 1168; x_wconf 81' lang='lat' dir='ltr'><strong>tuus?</strong></span> <span class='ocrx_word' id='word_1_192' title='bbox 3306 1112 3401 1167; x_wconf 83' lang='lat' dir='ltr'><strong>Illa</strong></span> <span class='ocrx_word' id='word_1_193' title='bbox 3440 1127 3530 1168; x_wconf 88' lang='lat' dir='ltr'><strong>re—</strong></span> 
     </span>
    </p>
   </div>
   <div class='ocr_carea' id='block_1_26' title="bbox 1948 1201 3531 1275">
    <p class='ocr_par' dir='ltr' id='par_1_26' title="bbox 1948 1201 3531 1275">
     <span class='ocr_line' id='line_1_26' title="bbox 1948 1201 3531 1275; baseline 0.003 -19"><span class='ocrx_word' id='word_1_194' title='bbox 1948 1203 2170 1272; x_wconf 87' lang='lat' dir='ltr'><strong>spondit</strong></span> <span class='ocrx_word' id='word_1_195' title='bbox 2197 1222 2209 1256; x_wconf 93' lang='lat'><strong>:</strong></span> <span class='ocrx_word' id='word_1_196' title='bbox 2247 1201 2444 1259; x_wconf 82' lang='lat' dir='ltr'><strong>Pastor</strong></span> <span class='ocrx_word' id='word_1_197' title='bbox 2477 1213 2583 1270; x_wconf 88' lang='lat' dir='ltr'><strong>est,</strong></span> <span class='ocrx_word' id='word_1_198' title='bbox 2612 1206 2793 1275; x_wconf 88' lang='lat' dir='ltr'><strong>pascit</strong></span> <span class='ocrx_word' id='word_1_199' title='bbox 2824 1219 2975 1260; x_wconf 85' lang='lat' dir='ltr'><strong>oves.</strong></span> <span class='ocrx_word' id='word_1_200' title='bbox 3008 1206 3073 1260; x_wconf 88' lang='lat' dir='ltr'><strong>Et</strong></span> <span class='ocrx_word' id='word_1_201' title='bbox 3102 1205 3409 1260; x_wconf 83' lang='lat' dir='ltr'><strong>introduxit</strong></span> <span class='ocrx_word' id='word_1_202' title='bbox 3435 1218 3531 1260; x_wconf 89' lang='lat' dir='ltr'><strong>eos</strong></span> 
     </span>
    </p>
   </div>
   <div class='ocr_carea' id='block_1_27' title="bbox 1948 1293 3529 1366">
    <p class='ocr_par' dir='ltr' id='par_1_27' title="bbox 1948 1293 3529 1366">
     <span class='ocr_line' id='line_1_27' title="bbox 1948 1293 3529 1366; baseline 0.002 -19"><span class='ocrx_word' id='word_1_203' title='bbox 1948 1294 2003 1348; x_wconf 89' lang='lat' dir='ltr'><strong>in</strong></span> <span class='ocrx_word' id='word_1_204' title='bbox 2040 1293 2254 1349; x_wconf 80' lang='lat' dir='ltr'><strong>cellam.</strong></span> <span class='ocrx_word' id='word_1_205' title='bbox 2285 1294 2356 1349; x_wconf 85' lang='lat' dir='ltr'><strong>Ut</strong></span> <span class='ocrx_word' id='word_1_206' title='bbox 2387 1305 2569 1351; x_wconf 87' lang='lat' dir='ltr'><strong>autem</strong></span> <span class='ocrx_word' id='word_1_207' title='bbox 2621 1296 3026 1366; x_wconf 81' lang='lat' dir='ltr'><strong>advesperavit,</strong></span> <span class='ocrx_word' id='word_1_208' title='bbox 3082 1296 3249 1352; x_wconf 85' lang='lat' dir='ltr'><strong>rediit</strong></span> <span class='ocrx_word' id='word_1_209' title='bbox 3300 1296 3529 1352; x_wconf 79' lang='lat' dir='ltr'><strong>Eucha-</strong></span> 
     </span>
    </p>
   </div>
   <div class='ocr_carea' id='block_1_28' title="bbox 1951 1385 3532 1460">
    <p class='ocr_par' dir='ltr' id='par_1_28' title="bbox 1951 1385 3532 1460">
     <span class='ocr_line' id='line_1_28' title="bbox 1951 1385 3532 1460; baseline 0.003 -22"><span class='ocrx_word' id='word_1_210' title='bbox 1951 1385 2125 1442; x_wconf 88' lang='lat' dir='ltr'><strong>ristus</strong></span> <span class='ocrx_word' id='word_1_211' title='bbox 2158 1402 2283 1441; x_wconf 88' lang='lat' dir='ltr'><strong>cum</strong></span> <span class='ocrx_word' id='word_1_212' title='bbox 2314 1388 2552 1454; x_wconf 81' lang='lat' dir='ltr'><strong>ovibus;</strong></span> <span class='ocrx_word' id='word_1_213' title='bbox 2586 1403 2652 1443; x_wconf 88' lang='lat' dir='ltr'><strong>ac</strong></span> <span class='ocrx_word' id='word_1_214' title='bbox 2697 1389 2891 1445; x_wconf 91' lang='lat' dir='ltr'><strong>videns</strong></span> <span class='ocrx_word' id='word_1_215' title='bbox 2923 1404 3105 1455; x_wconf 91' lang='lat' dir='ltr'><strong>senes,</strong></span> <span class='ocrx_word' id='word_1_216' title='bbox 3157 1402 3401 1444; x_wconf 88' lang='lat' dir='ltr'><strong>mensam</strong></span> <span class='ocrx_word' id='word_1_217' title='bbox 3436 1403 3532 1460; x_wconf 86' lang='lat' dir='ltr'><strong>ap-</strong></span> 
     </span>
    </p>
   </div>
   <div class='ocr_carea' id='block_1_29' title="bbox 1949 1477 3533 1549">
    <p class='ocr_par' dir='ltr' id='par_1_29' title="bbox 1949 1477 3533 1549">
     <span class='ocr_line' id='line_1_29' title="bbox 1949 1477 3533 1549; baseline 0.003 -20"><span class='ocrx_word' id='word_1_218' title='bbox 1949 1477 2181 1545; x_wconf 83' lang='lat' dir='ltr'><strong>paravit,</strong></span> <span class='ocrx_word' id='word_1_219' title='bbox 2236 1478 2532 1549; x_wconf 88' lang='lat' dir='ltr'><strong>attulitque</strong></span> <span class='ocrx_word' id='word_1_220' title='bbox 2571 1494 2771 1549; x_wconf 90' lang='lat' dir='ltr'><strong>aquam</strong></span> <span class='ocrx_word' id='word_1_221' title='bbox 2810 1477 3100 1534; x_wconf 80' lang='lat' dir='ltr'><strong>abluendis</strong></span> <span class='ocrx_word' id='word_1_222' title='bbox 3133 1492 3327 1532; x_wconf 87' lang='lat' dir='ltr'><strong>eorum</strong></span> <span class='ocrx_word' id='word_1_223' title='bbox 3379 1477 3533 1548; x_wconf 82' lang='lat' dir='ltr'><strong>pcdi-</strong></span> 
     </span>
    </p>
   </div>
   <div class='ocr_carea' id='block_1_30' title="bbox 1948 1566 3534 1641">
    <p class='ocr_par' dir='ltr' id='par_1_30' title="bbox 1948 1566 3534 1641">
     <span class='ocr_line' id='line_1_30' title="bbox 1948 1566 3534 1641; baseline 0.001 -21"><span class='ocrx_word' id='word_1_224' title='bbox 1948 1566 2078 1621; x_wconf 87' lang='lat' dir='ltr'><strong>bus.</strong></span> <span class='ocrx_word' id='word_1_225' title='bbox 2144 1566 2345 1623; x_wconf 80' lang='lat' dir='ltr'><strong>Dicunt</strong></span> <span class='ocrx_word' id='word_1_226' title='bbox 2393 1569 2445 1625; x_wconf 90' lang='lat' dir='ltr'><strong>ei</strong></span> <span class='ocrx_word' id='word_1_227' title='bbox 2508 1585 2712 1626; x_wconf 90' lang='lat' dir='ltr'><strong>senes:</strong></span> <span class='ocrx_word' id='word_1_228' title='bbox 2754 1568 2875 1624; x_wconf 85' lang='lat' dir='ltr'><strong>Non</strong></span> <span class='ocrx_word' id='word_1_229' title='bbox 2910 1569 3325 1641; x_wconf 87' lang='lat' dir='ltr'><strong>degustabimus</strong></span> <span class='ocrx_word' id='word_1_230' title='bbox 3370 1568 3534 1639; x_wconf 92' lang='lat' dir='ltr'><strong>quid-</strong></span> 
     </span>
    </p>
   </div>
   <div class='ocr_carea' id='block_1_31' title="bbox 1948 1660 3534 1733">
    <p class='ocr_par' dir='ltr' id='par_1_31' title="bbox 1948 1660 3534 1733">
     <span class='ocr_line' id='line_1_31' title="bbox 1948 1660 3534 1733; baseline 0.003 -20"><span class='ocrx_word' id='word_1_231' title='bbox 1948 1674 2142 1731; x_wconf 84' lang='lat' dir='ltr'><strong>quam,</strong></span> <span class='ocrx_word' id='word_1_232' title='bbox 2173 1663 2281 1718; x_wconf 86' lang='lat' dir='ltr'><strong>nisi</strong></span> <span class='ocrx_word' id='word_1_233' title='bbox 2319 1662 2480 1718; x_wconf 88' lang='lat' dir='ltr'><strong>uobis</strong></span> <span class='ocrx_word' id='word_1_234' title='bbox 2522 1662 2894 1719; x_wconf 88' lang='lat' dir='ltr'><strong>declaraveris</strong></span> <span class='ocrx_word' id='word_1_235' title='bbox 2947 1661 3211 1733; x_wconf 91' lang='lat' dir='ltr'><strong>quidnam</strong></span> <span class='ocrx_word' id='word_1_236' title='bbox 3266 1662 3340 1719; x_wconf 88' lang='lat' dir='ltr'><strong>sit</strong></span> <span class='ocrx_word' id='word_1_237' title='bbox 3387 1660 3534 1732; x_wconf 90' lang='lat' dir='ltr'><strong>quod</strong></span> 
     </span>
    </p>
   </div>
   <div class='ocr_carea' id='block_1_32' title="bbox 1952 1754 3535 1823">
    <p class='ocr_par' dir='ltr' id='par_1_32' title="bbox 1952 1754 3535 1823">
     <span class='ocr_line' id='line_1_32' title="bbox 1952 1754 3535 1823; baseline 0.004 -18"><span class='ocrx_word' id='word_1_238' title='bbox 1952 1754 2228 1823; x_wconf 88' lang='lat' dir='ltr'><strong>operaris.</strong></span> <span class='ocrx_word' id='word_1_239' title='bbox 2293 1754 2656 1811; x_wconf 87' lang='lat' dir='ltr'><strong>Eucharistus</strong></span> <span class='ocrx_word' id='word_1_240' title='bbox 2693 1770 2823 1811; x_wconf 91' lang='lat' dir='ltr'><strong>vero</strong></span> <span class='ocrx_word' id='word_1_241' title='bbox 2875 1770 3000 1809; x_wconf 91' lang='lat' dir='ltr'><strong>cum</strong></span> <span class='ocrx_word' id='word_1_242' title='bbox 3053 1754 3358 1810; x_wconf 78' lang='lat' dir='ltr'><strong>humilitate</strong></span> <span class='ocrx_word' id='word_1_243' title='bbox 3410 1756 3535 1811; x_wconf 87' lang='lat' dir='ltr'><strong>ait:</strong></span> 
     </span>
    </p>
   </div>
   <div class='ocr_carea' id='block_1_33' title="bbox 271 1830 1848 1922">
    <p class='ocr_par' dir='ltr' id='par_1_33' title="bbox 271 1845 1847 1922">
     <span class='ocr_line' id='line_1_33' title="bbox 271 1845 1847 1922; baseline 0.003 -22"><span class='ocrx_word' id='word_1_244' title='bbox 271 1849 399 1918; x_wconf 78' lang='grc' dir='ltr'>μετὰ</span> <span class='ocrx_word' id='word_1_245' title='bbox 422 1848 934 1921; x_wconf 76' lang='grc' dir='ltr'>ταπεινοφροσύνης</span> <span class='ocrx_word' id='word_1_246' title='bbox 957 1845 1111 1905; x_wconf 79' lang='grc' dir='ltr'>εἶπεν</span> <span class='ocrx_word' id='word_1_247' title='bbox 1132 1868 1147 1882; x_wconf 75' lang='grc' dir='ltr'><strong>ο</strong></span> <span class='ocrx_word' id='word_1_248' title='bbox 1184 1849 1325 1920; x_wconf 82' lang='grc' dir='ltr'><strong>Ἐγὼ</strong></span> <span class='ocrx_word' id='word_1_249' title='bbox 1348 1852 1553 1922; x_wconf 88' lang='grc' dir='ltr'>ποιμήν</span> <span class='ocrx_word' id='word_1_250' title='bbox 1585 1853 1723 1922; x_wconf 76' lang='grc' dir='ltr'>είμι,</span> <span class='ocrx_word' id='word_1_251' title='bbox 1753 1852 1847 1905; x_wconf 77' lang='grc' dir='ltr'>καὶ</span> 
     </span>
    </p>
   </div>
   <div class='ocr_carea' id='block_1_34' title="bbox 1953 1830 3535 1922">
    <p class='ocr_par' dir='ltr' id='par_1_34' title="bbox 1953 1846 3535 1915">
     <span class='ocr_line' id='line_1_34' title="bbox 1953 1846 3535 1915; baseline 0.001 -15"><span class='ocrx_word' id='word_1_252' title='bbox 1953 1846 2064 1915; x_wconf 81' lang='lat' dir='ltr'><strong>Ego</strong></span> <span class='ocrx_word' id='word_1_253' title='bbox 2095 1854 2282 1915; x_wconf 86' lang='lat' dir='ltr'><strong>pastor</strong></span> <span class='ocrx_word' id='word_1_254' title='bbox 2308 1861 2454 1911; x_wconf 91' lang='lat' dir='ltr'><strong>sum,</strong></span> <span class='ocrx_word' id='word_1_255' title='bbox 2486 1855 2540 1902; x_wconf 90' lang='lat' dir='ltr'><strong>et</strong></span> <span class='ocrx_word' id='word_1_256' title='bbox 2572 1846 2687 1902; x_wconf 70' lang='lat' dir='ltr'><strong>haec</strong></span> <span class='ocrx_word' id='word_1_257' title='bbox 2719 1856 2805 1902; x_wconf 91' lang='lat' dir='ltr'><strong>est</strong></span> <span class='ocrx_word' id='word_1_258' title='bbox 2853 1862 2995 1902; x_wconf 78' lang='lat' dir='ltr'><strong>uxor</strong></span> <span class='ocrx_word' id='word_1_259' title='bbox 3051 1862 3193 1903; x_wconf 91' lang='lat' dir='ltr'><strong>mea.</strong></span> <span class='ocrx_word' id='word_1_260' title='bbox 3246 1846 3317 1901; x_wconf 82' lang='lat' dir='ltr'><strong>At</strong></span> <span class='ocrx_word' id='word_1_261' title='bbox 3369 1861 3535 1903; x_wconf 90' lang='lat' dir='ltr'><strong>senes</strong></span> 
     </span>
    </p>
   </div>
   <div class='ocr_carea' id='block_1_35' title="bbox 267 1939 1847 2013">
    <p class='ocr_par' dir='ltr' id='par_1_35' title="bbox 267 1939 1847 2013">
     <span class='ocr_line' id='line_1_35' title="bbox 267 1939 1847 2013; baseline 0.002 -21"><span class='ocrx_word' id='word_1_262' title='bbox 267 1940 396 2009; x_wconf 76' lang='grc' dir='ltr'>αὕτη</span> <span class='ocrx_word' id='word_1_263' title='bbox 434 1940 586 1995; x_wconf 79' lang='grc' dir='ltr'>ἐστὶν</span> <span class='ocrx_word' id='word_1_264' title='bbox 621 1941 656 2010; x_wconf 77' lang='grc' dir='ltr'><strong>ἡ</strong></span> <span class='ocrx_word' id='word_1_265' title='bbox 697 1940 834 2011; x_wconf 82' lang='grc' dir='ltr'>γυνή</span> <span class='ocrx_word' id='word_1_266' title='bbox 872 1957 997 2010; x_wconf 88' lang='grc' dir='ltr'>μου.</span> <span class='ocrx_word' id='word_1_267' title='bbox 1050 1939 1118 1995; x_wconf 74' lang='lat' dir='ltr'><strong>Ol</strong></span> <span class='ocrx_word' id='word_1_268' title='bbox 1153 1941 1211 1995; x_wconf 86' lang='grc' dir='ltr'>δὲ</span> <span class='ocrx_word' id='word_1_269' title='bbox 1256 1941 1512 2013; x_wconf 88' lang='grc' dir='ltr'>γέροντες</span> <span class='ocrx_word' id='word_1_270' title='bbox 1551 1941 1847 2012; x_wconf 80' lang='grc' dir='ltr'>ἐπέμειναν</span> 
     </span>
    </p>
   </div>
   <div class='ocr_carea' id='block_1_36' title="bbox 268 2029 1847 2103">
    <p class='ocr_par' dir='ltr' id='par_1_36' title="bbox 268 2029 1847 2103">
     <span class='ocr_line' id='line_1_36' title="bbox 268 2029 1847 2103; baseline 0.003 -20"><span class='ocrx_word' id='word_1_271' title='bbox 268 2029 705 2101; x_wconf 78' lang='grc' dir='ltr'>παρακαλοῦντες</span> <span class='ocrx_word' id='word_1_272' title='bbox 738 2031 931 2096; x_wconf 79' lang='grc' dir='ltr'>αὐτὸν,</span> <span class='ocrx_word' id='word_1_273' title='bbox 960 2032 1056 2085; x_wconf 73' lang='grc' dir='ltr'>καὶ</span> <span class='ocrx_word' id='word_1_274' title='bbox 1091 2033 1194 2086; x_wconf 84' lang='grc' dir='ltr'>οὐκ</span> <span class='ocrx_word' id='word_1_275' title='bbox 1230 2033 1462 2103; x_wconf 78' lang='grc' dir='ltr'>ἠθέλησε</span> <span class='ocrx_word' id='word_1_276' title='bbox 1497 2036 1692 2088; x_wconf 73' lang='grc' dir='ltr'>εἰπεῖν.</span> <span class='ocrx_word' id='word_1_277' title='bbox 1735 2035 1847 2088; x_wconf 86' lang='lat' dir='ltr'><strong>Kal</strong></span> 
     </span>
    </p>
   </div>
   <div class='ocr_carea' id='block_1_37' title="bbox 266 2119 1848 2197">
    <p class='ocr_par' dir='ltr' id='par_1_37' title="bbox 266 2119 1848 2197">
     <span class='ocr_line' id='line_1_37' title="bbox 266 2119 1848 2197; baseline 0.003 -22"><span class='ocrx_word' id='word_1_278' title='bbox 266 2119 409 2176; x_wconf 77' lang='grc' dir='ltr'>εἶπον</span> <span class='ocrx_word' id='word_1_279' title='bbox 451 2123 604 2194; x_wconf 81' lang='grc' dir='ltr'>αὐτῷ</span> <span class='ocrx_word' id='word_1_280' title='bbox 625 2140 640 2154; x_wconf 78' lang='grc' dir='ltr'><strong><em>ο</em></strong></span> <span class='ocrx_word' id='word_1_281' title='bbox 688 2124 746 2176; x_wconf 90' lang='lat'><strong>&#39;0</strong></span> <span class='ocrx_word' id='word_1_282' title='bbox 777 2123 911 2188; x_wconf 86' lang='grc' dir='ltr'>Θεὸς</span> <span class='ocrx_word' id='word_1_283' title='bbox 934 2124 1178 2195; x_wconf 72' lang='grc' dir='ltr'>ἐπεμψεν</span> <span class='ocrx_word' id='word_1_284' title='bbox 1206 2126 1352 2197; x_wconf 80' lang='grc' dir='ltr'>ἡμᾶς</span> <span class='ocrx_word' id='word_1_285' title='bbox 1387 2126 1523 2196; x_wconf 84' lang='grc' dir='ltr'>πρὸς</span> <span class='ocrx_word' id='word_1_286' title='bbox 1550 2126 1629 2179; x_wconf 88' lang='grc' dir='ltr'><strong>σέ.</strong></span> <span class='ocrx_word' id='word_1_287' title='bbox 1670 2127 1757 2190; x_wconf 83' lang='grc' dir='ltr'>Ὠς</span> <span class='ocrx_word' id='word_1_288' title='bbox 1788 2126 1848 2180; x_wconf 82' lang='grc' dir='ltr'>δὲ</span> 
     </span>
    </p>
   </div>
   <div class='ocr_carea' id='block_1_38' title="bbox 266 2212 1845 2287">
    <p class='ocr_par' dir='ltr' id='par_1_38' title="bbox 266 2212 1845 2287">
     <span class='ocr_line' id='line_1_38' title="bbox 266 2212 1845 2287; baseline 0.003 -21"><span class='ocrx_word' id='word_1_289' title='bbox 266 2216 455 2285; x_wconf 73' lang='grc' dir='ltr'>ἤκουσε</span> <span class='ocrx_word' id='word_1_290' title='bbox 480 2214 575 2267; x_wconf 79' lang='grc' dir='ltr'><strong>τὸν</strong></span> <span class='ocrx_word' id='word_1_291' title='bbox 604 2213 765 2282; x_wconf 83' lang='grc' dir='ltr'>λόγον</span> <span class='ocrx_word' id='word_1_292' title='bbox 784 2213 998 2278; x_wconf 80' lang='grc' dir='ltr'>τοῦτον,</span> <span class='ocrx_word' id='word_1_293' title='bbox 1031 2216 1295 2287; x_wconf 79' lang='grc' dir='ltr'>ἐφοϐήθη,</span> <span class='ocrx_word' id='word_1_294' title='bbox 1332 2217 1426 2271; x_wconf 73' lang='grc' dir='ltr'><strong>καὶ</strong></span> <span class='ocrx_word' id='word_1_295' title='bbox 1451 2212 1605 2269; x_wconf 78' lang='grc' dir='ltr'>εἶπεν</span> <span class='ocrx_word' id='word_1_296' title='bbox 1638 2218 1845 2283; x_wconf 76' lang='grc' dir='ltr'>αὐτοῖς·</span> 
     </span>
    </p>
   </div>
   <div class='ocr_carea' id='block_1_39' title="bbox 277 2305 1847 2377">
    <p class='ocr_par' dir='ltr' id='par_1_39' title="bbox 277 2305 1847 2377">
     <span class='ocr_line' id='line_1_39' title="bbox 277 2305 1847 2377; baseline 0.003 -19"><span class='ocrx_word' id='word_1_297' title='bbox 277 2305 400 2359; x_wconf 75' lang='grc' dir='ltr'>Ἰδοὺ</span> <span class='ocrx_word' id='word_1_298' title='bbox 444 2305 519 2358; x_wconf 80' lang='grc' dir='ltr'>τὰ</span> <span class='ocrx_word' id='word_1_299' title='bbox 565 2305 816 2375; x_wconf 74' lang='grc' dir='ltr'>πρόϐατα</span> <span class='ocrx_word' id='word_1_300' title='bbox 866 2305 1040 2359; x_wconf 82' lang='grc' dir='ltr'>ταῦτα</span> <span class='ocrx_word' id='word_1_301' title='bbox 1081 2307 1280 2377; x_wconf 79' lang='grc' dir='ltr'>ἔχομεν</span> <span class='ocrx_word' id='word_1_302' title='bbox 1325 2307 1433 2360; x_wconf 77' lang='grc' dir='ltr'><strong>ἀπὸ</strong></span> <span class='ocrx_word' id='word_1_303' title='bbox 1483 2307 1593 2360; x_wconf 82' lang='grc' dir='ltr'><strong>τῶν</strong></span> <span class='ocrx_word' id='word_1_304' title='bbox 1643 2308 1847 2376; x_wconf 86' lang='grc' dir='ltr'>γονέων</span> 
     </span>
    </p>
   </div>
   <div class='ocr_carea' id='block_1_40' title="bbox 264 2395 1850 2470">
    <p class='ocr_par' dir='ltr' id='par_1_40' title="bbox 264 2395 1850 2470">
     <span class='ocr_line' id='line_1_40' title="bbox 264 2395 1850 2470; baseline 0.001 -20"><span class='ocrx_word' id='word_1_305' title='bbox 264 2397 415 2467; x_wconf 79' lang='grc' dir='ltr'>ἡμῶν</span> <span class='ocrx_word' id='word_1_306' title='bbox 431 2413 445 2426; x_wconf 89' lang='grc'><strong>·</strong></span> <span class='ocrx_word' id='word_1_307' title='bbox 479 2397 574 2449; x_wconf 67' lang='grc' dir='ltr'>καὶ</span> <span class='ocrx_word' id='word_1_308' title='bbox 600 2397 654 2449; x_wconf 89' lang='grc' dir='ltr'><strong>εί</strong></span> <span class='ocrx_word' id='word_1_309' title='bbox 672 2413 726 2448; x_wconf 89' lang='grc' dir='ltr'><strong>τι</strong></span> <span class='ocrx_word' id='word_1_310' title='bbox 761 2396 805 2448; x_wconf 89' lang='grc' dir='ltr'>δ’</span> <span class='ocrx_word' id='word_1_311' title='bbox 832 2395 898 2451; x_wconf 87' lang='grc' dir='ltr'>ἂν</span> <span class='ocrx_word' id='word_1_312' title='bbox 920 2396 1161 2470; x_wconf 81' lang='grc' dir='ltr'>εύοδώσῃ</span> <span class='ocrx_word' id='word_1_313' title='bbox 1183 2402 1211 2452; x_wconf 85' lang='grc' dir='ltr'>ὁ</span> <span class='ocrx_word' id='word_1_314' title='bbox 1232 2398 1436 2469; x_wconf 83' lang='grc' dir='ltr'>Κύριος</span> <span class='ocrx_word' id='word_1_315' title='bbox 1458 2400 1757 2454; x_wconf 80' lang='grc' dir='ltr'>είσοδιάσαι</span> <span class='ocrx_word' id='word_1_316' title='bbox 1790 2400 1850 2466; x_wconf 79' lang='grc' dir='ltr'>ἐξ</span> 
     </span>
    </p>
   </div>
   <div class='ocr_carea' id='block_1_41' title="bbox 264 2485 1847 2562">
    <p class='ocr_par' dir='ltr' id='par_1_41' title="bbox 264 2485 1847 2562">
     <span class='ocr_line' id='line_1_41' title="bbox 264 2485 1847 2562; baseline 0.004 -23"><span class='ocrx_word' id='word_1_317' title='bbox 264 2487 458 2551; x_wconf 64' lang='grc' dir='ltr'>αὐτῶν,</span> <span class='ocrx_word' id='word_1_318' title='bbox 492 2485 759 2556; x_wconf 74' lang='grc' dir='ltr'>ποιοῦμεν</span> <span class='ocrx_word' id='word_1_319' title='bbox 780 2487 862 2549; x_wconf 78' lang='grc' dir='ltr'><strong>εἰς</strong></span> <span class='ocrx_word' id='word_1_320' title='bbox 892 2488 1016 2559; x_wconf 82' lang='grc' dir='ltr'>τρία</span> <span class='ocrx_word' id='word_1_321' title='bbox 1062 2489 1202 2561; x_wconf 84' lang='grc' dir='ltr'>μέρη</span> <span class='ocrx_word' id='word_1_322' title='bbox 1229 2505 1242 2520; x_wconf 88' lang='grc'><strong>·</strong></span> <span class='ocrx_word' id='word_1_323' title='bbox 1278 2489 1442 2562; x_wconf 81' lang='grc' dir='ltr'>μέρος</span> <span class='ocrx_word' id='word_1_324' title='bbox 1469 2489 1527 2543; x_wconf 81' lang='grc' dir='ltr'>ἓν</span> <span class='ocrx_word' id='word_1_325' title='bbox 1558 2493 1671 2555; x_wconf 85' lang='grc' dir='ltr'>τοῖς</span> <span class='ocrx_word' id='word_1_326' title='bbox 1696 2508 1847 2545; x_wconf 83' lang='grc' dir='ltr'>πτω-</span> 
     </span>
    </p>
   </div>
   <div class='ocr_carea' id='block_1_42' title="bbox 264 2570 1849 2654">
    <p class='ocr_par' dir='ltr' id='par_1_42' title="bbox 264 2570 1849 2654">
     <span class='ocr_line' id='line_1_42' title="bbox 264 2570 1849 2654; baseline 0.003 -24"><span class='ocrx_word' id='word_1_327' title='bbox 264 2578 391 2647; x_wconf 62' lang='grc' dir='ltr'>χοῖς,</span> <span class='ocrx_word' id='word_1_328' title='bbox 432 2577 529 2630; x_wconf 72' lang='grc' dir='ltr'><strong>καὶ</strong></span> <span class='ocrx_word' id='word_1_329' title='bbox 557 2570 724 2648; x_wconf 70' lang='grc' dir='ltr'>μέρδς</span> <span class='ocrx_word' id='word_1_330' title='bbox 752 2576 811 2630; x_wconf 82' lang='grc' dir='ltr'>ἓν</span> <span class='ocrx_word' id='word_1_331' title='bbox 836 2579 917 2641; x_wconf 84' lang='grc' dir='ltr'><strong>είς</strong></span> <span class='ocrx_word' id='word_1_332' title='bbox 944 2578 1044 2650; x_wconf 83' lang='grc' dir='ltr'>τὴν</span> <span class='ocrx_word' id='word_1_333' title='bbox 1078 2579 1404 2647; x_wconf 75' lang='grc' dir='ltr'>φιλοξενίαν,</span> <span class='ocrx_word' id='word_1_334' title='bbox 1444 2581 1542 2636; x_wconf 76' lang='grc' dir='ltr'>καὶ</span> <span class='ocrx_word' id='word_1_335' title='bbox 1578 2581 1642 2635; x_wconf 86' lang='grc' dir='ltr'><strong>τὸ</strong></span> <span class='ocrx_word' id='word_1_336' title='bbox 1668 2580 1849 2654; x_wconf 84' lang='grc' dir='ltr'>τρίτον</span> 
     </span>
    </p>
   </div>
   <div class='ocr_carea' id='block_1_43' title="bbox 263 2667 1850 2747">
    <p class='ocr_par' dir='ltr' id='par_1_43' title="bbox 263 2667 1850 2747">
     <span class='ocr_line' id='line_1_43' title="bbox 263 2667 1850 2747; baseline 0.003 -22"><span class='ocrx_word' id='word_1_337' title='bbox 263 2672 430 2740; x_wconf 78' lang='grc' dir='ltr'>μέρος</span> <span class='ocrx_word' id='word_1_338' title='bbox 463 2668 548 2732; x_wconf 76' lang='grc' dir='ltr'><strong>είς</strong></span> <span class='ocrx_word' id='word_1_339' title='bbox 579 2667 680 2740; x_wconf 83' lang='grc' dir='ltr'><strong>τὴν</strong></span> <span class='ocrx_word' id='word_1_340' title='bbox 713 2667 901 2741; x_wconf 78' lang='grc' dir='ltr'>χρείαν</span> <span class='ocrx_word' id='word_1_341' title='bbox 943 2670 1121 2741; x_wconf 78' lang='grc' dir='ltr'>ἡμῶν.</span> <span class='ocrx_word' id='word_1_342' title='bbox 1171 2673 1288 2742; x_wconf 79' lang='grc' dir='ltr'><strong>Ἀφ’</strong></span> <span class='ocrx_word' id='word_1_343' title='bbox 1321 2668 1382 2727; x_wconf 71' lang='grc' dir='ltr'><strong>οὗ</strong></span> <span class='ocrx_word' id='word_1_344' title='bbox 1417 2673 1475 2726; x_wconf 85' lang='grc' dir='ltr'>δὲ</span> <span class='ocrx_word' id='word_1_345' title='bbox 1519 2673 1711 2728; x_wconf 73' lang='grc' dir='ltr'>ἔλαϐον</span> <span class='ocrx_word' id='word_1_346' title='bbox 1750 2673 1850 2747; x_wconf 76' lang='grc' dir='ltr'>τὴν</span> 
     </span>
    </p>
   </div>
   <div class='ocr_carea' id='block_1_44' title="bbox 260 2758 1848 2839">
    <p class='ocr_par' dir='ltr' id='par_1_44' title="bbox 260 2758 1848 2839">
     <span class='ocr_line' id='line_1_44' title="bbox 260 2758 1848 2839; baseline 0.006 -30"><span class='ocrx_word' id='word_1_347' title='bbox 260 2758 498 2824; x_wconf 76' lang='grc' dir='ltr'>γυναῖκά</span> <span class='ocrx_word' id='word_1_348' title='bbox 556 2775 693 2828; x_wconf 88' lang='grc' dir='ltr'>μου,</span> <span class='ocrx_word' id='word_1_349' title='bbox 734 2759 836 2812; x_wconf 81' lang='grc' dir='ltr'>οὐκ</span> <span class='ocrx_word' id='word_1_350' title='bbox 878 2760 1143 2833; x_wconf 79' lang='grc' dir='ltr'>ἐμιάνθην</span> <span class='ocrx_word' id='word_1_351' title='bbox 1187 2761 1311 2815; x_wconf 74' lang='grc' dir='ltr'>οὔτε</span> <span class='ocrx_word' id='word_1_352' title='bbox 1358 2763 1470 2832; x_wconf 88' lang='grc' dir='ltr'>ἐγὼ</span> <span class='ocrx_word' id='word_1_353' title='bbox 1511 2763 1638 2817; x_wconf 73' lang='grc' dir='ltr'>οὔτε</span> <span class='ocrx_word' id='word_1_354' title='bbox 1676 2765 1848 2839; x_wconf 81' lang='grc' dir='ltr'>αὐτὴ,</span> 
     </span>
    </p>
   </div>
   <div class='ocr_carea' id='block_1_45' title="bbox 260 2846 1852 2923">
    <p class='ocr_par' dir='ltr' id='par_1_45' title="bbox 260 2846 1852 2923">
     <span class='ocr_line' id='line_1_45' title="bbox 260 2846 1852 2923; baseline 0.006 -22"><span class='ocrx_word' id='word_1_355' title='bbox 260 2846 395 2901; x_wconf 79' lang='grc' dir='ltr'>ἀλλὰ</span> <span class='ocrx_word' id='word_1_356' title='bbox 428 2848 698 2918; x_wconf 82' lang='grc' dir='ltr'>παρθένος</span> <span class='ocrx_word' id='word_1_357' title='bbox 728 2849 879 2902; x_wconf 89' lang='grc' dir='ltr'>ἐστί·</span> <span class='ocrx_word' id='word_1_358' title='bbox 915 2849 1011 2904; x_wconf 78' lang='grc' dir='ltr'>καὶ</span> <span class='ocrx_word' id='word_1_359' title='bbox 1038 2850 1266 2916; x_wconf 76' lang='grc' dir='ltr'>ἕκαστος</span> <span class='ocrx_word' id='word_1_360' title='bbox 1308 2852 1465 2923; x_wconf 82' lang='grc' dir='ltr'>ἡμῶν</span> <span class='ocrx_word' id='word_1_361' title='bbox 1501 2854 1621 2907; x_wconf 88' lang='grc' dir='ltr'>καθ’</span> <span class='ocrx_word' id='word_1_362' title='bbox 1658 2854 1852 2911; x_wconf 79' lang='grc' dir='ltr'>ἐαυτὸν</span> 
     </span>
    </p>
   </div>
   <div class='ocr_carea' id='block_1_46' title="bbox 258 2940 1851 3019">
    <p class='ocr_par' dir='ltr' id='par_1_46' title="bbox 258 2940 1851 3019">
     <span class='ocr_line' id='line_1_46' title="bbox 258 2940 1851 3019; baseline 0.005 -24"><span class='ocrx_word' id='word_1_363' title='bbox 258 2940 515 2995; x_wconf 80' lang='grc' dir='ltr'>καθεύδει</span> <span class='ocrx_word' id='word_1_364' title='bbox 535 2958 549 2970; x_wconf 81' lang='grc'><em>’</em></span> <span class='ocrx_word' id='word_1_365' title='bbox 585 2942 685 3012; x_wconf 83' lang='grc' dir='ltr'><strong>τὴν</strong></span> <span class='ocrx_word' id='word_1_366' title='bbox 710 2941 769 2995; x_wconf 84' lang='grc' dir='ltr'>δὲ</span> <span class='ocrx_word' id='word_1_367' title='bbox 805 2941 977 2995; x_wconf 82' lang='grc' dir='ltr'>νύκτα</span> <span class='ocrx_word' id='word_1_368' title='bbox 1016 2944 1289 3016; x_wconf 81' lang='grc' dir='ltr'>φοροῦμεν</span> <span class='ocrx_word' id='word_1_369' title='bbox 1321 2947 1578 3011; x_wconf 84' lang='grc' dir='ltr'>σάκκους,</span> <span class='ocrx_word' id='word_1_370' title='bbox 1624 2946 1719 3000; x_wconf 80' lang='grc' dir='ltr'><strong>καὶ</strong></span> <span class='ocrx_word' id='word_1_371' title='bbox 1750 2947 1851 3019; x_wconf 83' lang='grc' dir='ltr'>τὴν</span> 
     </span>
    </p>
   </div>
   <div class='ocr_carea' id='block_1_47' title="bbox 260 3032 1855 3110">
    <p class='ocr_par' dir='ltr' id='par_1_47' title="bbox 260 3032 1855 3110">
     <span class='ocr_line' id='line_1_47' title="bbox 260 3032 1855 3110; baseline 0.006 -26"><span class='ocrx_word' id='word_1_372' title='bbox 260 3033 477 3106; x_wconf 73' lang='grc' dir='ltr'>ἡμέραν</span> <span class='ocrx_word' id='word_1_373' title='bbox 498 3032 570 3086; x_wconf 74' lang='grc' dir='ltr'>τὰ</span> <span class='ocrx_word' id='word_1_374' title='bbox 598 3034 792 3105; x_wconf 74' lang='grc' dir='ltr'>ἱμάτια</span> <span class='ocrx_word' id='word_1_375' title='bbox 833 3036 1009 3106; x_wconf 73' lang='grc' dir='ltr'>ἡμῶν.</span> <span class='ocrx_word' id='word_1_376' title='bbox 1049 3036 1194 3101; x_wconf 83' lang='grc' dir='ltr'>Ἕως</span> <span class='ocrx_word' id='word_1_377' title='bbox 1232 3037 1356 3109; x_wconf 80' lang='grc' dir='ltr'>ἄρτι</span> <span class='ocrx_word' id='word_1_378' title='bbox 1431 3038 1734 3110; x_wconf 83' lang='grc' dir='ltr'>ἀνθρώπων</span> <span class='ocrx_word' id='word_1_379' title='bbox 1769 3040 1855 3093; x_wconf 83' lang='grc' dir='ltr'>ού-</span> 
     </span>
    </p>
   </div>
   <div class='ocr_carea' id='block_1_48' title="bbox 258 3124 1850 3203">
    <p class='ocr_par' dir='ltr' id='par_1_48' title="bbox 258 3124 1850 3203">
     <span class='ocr_line' id='line_1_48' title="bbox 258 3124 1850 3203; baseline 0.006 -26"><span class='ocrx_word' id='word_1_380' title='bbox 258 3124 367 3190; x_wconf 67' lang='lat' dir='ltr'><strong>63i;</strong></span> <span class='ocrx_word' id='word_1_381' title='bbox 402 3126 580 3179; x_wconf 77' lang='grc' dir='ltr'>ταῦτα</span> <span class='ocrx_word' id='word_1_382' title='bbox 601 3126 863 3194; x_wconf 75' lang='grc' dir='ltr'>ἔγνωκεν.</span> <span class='ocrx_word' id='word_1_383' title='bbox 893 3127 1002 3181; x_wconf 86' lang='lat' dir='ltr'><strong>Kal</strong></span> <span class='ocrx_word' id='word_1_384' title='bbox 1028 3128 1360 3194; x_wconf 79' lang='grc' dir='ltr'>ἀκούσαντες</span> <span class='ocrx_word' id='word_1_385' title='bbox 1379 3131 1719 3203; x_wconf 87' lang='grc' dir='ltr'>ἐθαύμασαν,</span> <span class='ocrx_word' id='word_1_386' title='bbox 1754 3132 1850 3187; x_wconf 82' lang='grc' dir='ltr'><strong>καὶ</strong></span> 
     </span>
    </p>
   </div>
   <div class='ocr_carea' id='block_1_49' title="bbox 258 3215 1254 3286">
    <p class='ocr_par' dir='ltr' id='par_1_49' title="bbox 258 3215 1254 3286">
     <span class='ocr_line' id='line_1_49' title="bbox 258 3215 1254 3286; baseline 0.008 -21"><span class='ocrx_word' id='word_1_387' title='bbox 258 3215 617 3286; x_wconf 77' lang='grc' dir='ltr'>ἀνεχώρησαν</span> <span class='ocrx_word' id='word_1_388' title='bbox 646 3215 961 3282; x_wconf 79' lang='grc' dir='ltr'>δοξάζοντες</span> <span class='ocrx_word' id='word_1_389' title='bbox 984 3217 1076 3271; x_wconf 83' lang='grc' dir='ltr'><strong>τὸν</strong></span> <span class='ocrx_word' id='word_1_390' title='bbox 1100 3219 1254 3274; x_wconf 86' lang='grc' dir='ltr'>Θεόν.</span> 
     </span>
    </p>
   </div>
   <div class='ocr_carea' id='block_1_50' title="bbox 507 3329 1578 3404">
    <p class='ocr_par' dir='ltr' id='par_1_50' title="bbox 507 3329 1578 3404">
     <span class='ocr_line' id='line_1_50' title="bbox 507 3329 1578 3404; baseline 0.005 -21"><span class='ocrx_word' id='word_1_391' title='bbox 507 3329 649 3397; x_wconf 68' lang='grc' dir='ltr'>Περὶ</span> <span class='ocrx_word' id='word_1_392' title='bbox 679 3330 978 3401; x_wconf 70' lang='grc' dir='ltr'>Εὑλογίου</span> <span class='ocrx_word' id='word_1_393' title='bbox 1008 3332 1114 3386; x_wconf 84' lang='grc' dir='ltr'>τοῦ</span> <span class='ocrx_word' id='word_1_394' title='bbox 1147 3333 1578 3404; x_wconf 81' lang='grc' dir='ltr'>πρεσϐυτέρου.</span> 
     </span>
    </p>
   </div>
   <div class='ocr_carea' id='block_1_51' title="bbox 331 3437 1852 3517">
    <p class='ocr_par' dir='ltr' id='par_1_51' title="bbox 331 3437 1852 3517">
     <span class='ocr_line' id='line_1_51' title="bbox 331 3437 1852 3517; baseline 0.004 -26"><span class='ocrx_word' id='word_1_395' title='bbox 331 3437 596 3509; x_wconf 72' lang='grc' dir='ltr'>Εὐλόγιός</span> <span class='ocrx_word' id='word_1_396' title='bbox 648 3457 735 3505; x_wconf 84' lang='grc' dir='ltr'><strong>τις</strong></span> <span class='ocrx_word' id='word_1_397' title='bbox 786 3440 1036 3513; x_wconf 74' lang='grc' dir='ltr'>μαθητὴς</span> <span class='ocrx_word' id='word_1_398' title='bbox 1082 3441 1375 3513; x_wconf 87' lang='grc' dir='ltr'>γενόμενος</span> <span class='ocrx_word' id='word_1_399' title='bbox 1424 3442 1517 3497; x_wconf 74' lang='grc' dir='ltr'><strong>τοῦ</strong></span> <span class='ocrx_word' id='word_1_400' title='bbox 1579 3443 1852 3517; x_wconf 82' lang='grc' dir='ltr'>μακαρίου</span> 
     </span>
    </p>
   </div>
   <div class='ocr_carea' id='block_1_52' title="bbox 268 3531 1854 3608">
    <p class='ocr_par' dir='ltr' id='par_1_52' title="bbox 268 3531 1854 3608">
     <span class='ocr_line' id='line_1_52' title="bbox 268 3531 1854 3608; baseline 0.006 -26"><span class='ocrx_word' id='word_1_401' title='bbox 268 3531 525 3586; x_wconf 76' lang='grc' dir='ltr'>Ἰωάννου</span> <span class='ocrx_word' id='word_1_402' title='bbox 575 3532 673 3585; x_wconf 79' lang='grc' dir='ltr'>τοῦ</span> <span class='ocrx_word' id='word_1_403' title='bbox 731 3533 1034 3587; x_wconf 83' lang='grc' dir='ltr'>ἐπισκόπου</span> <span class='ocrx_word' id='word_1_404' title='bbox 1065 3534 1130 3599; x_wconf 80' lang='grc'><strong>⁸⁸,</strong></span> <span class='ocrx_word' id='word_1_405' title='bbox 1164 3534 1533 3608; x_wconf 87' lang='grc' dir='ltr'>πρεσϐύτερος</span> <span class='ocrx_word' id='word_1_406' title='bbox 1562 3538 1656 3590; x_wconf 75' lang='grc' dir='ltr'><strong>καὶ</strong></span> <span class='ocrx_word' id='word_1_407' title='bbox 1678 3538 1854 3607; x_wconf 83' lang='grc' dir='ltr'>ἀσκη-</span> 
     </span>
    </p>
   </div>
   <div class='ocr_carea' id='block_1_53' title="bbox 254 3622 1854 3696">
    <p class='ocr_par' dir='ltr' id='par_1_53' title="bbox 254 3622 1854 3696">
     <span class='ocr_line' id='line_1_53' title="bbox 254 3622 1854 3696; baseline 0.006 -23"><span class='ocrx_word' id='word_1_408' title='bbox 254 3622 358 3693; x_wconf 73' lang='grc' dir='ltr'>τὴς</span> <span class='ocrx_word' id='word_1_409' title='bbox 416 3624 611 3693; x_wconf 82' lang='grc' dir='ltr'>μέγας,</span> <span class='ocrx_word' id='word_1_410' title='bbox 668 3624 948 3696; x_wconf 83' lang='grc' dir='ltr'>νηστεύων</span> <span class='ocrx_word' id='word_1_411' title='bbox 995 3625 1089 3679; x_wconf 87' lang='grc' dir='ltr'><strong>δύο</strong></span> <span class='ocrx_word' id='word_1_412' title='bbox 1131 3626 1261 3695; x_wconf 87' lang='grc' dir='ltr'>δύο,</span> <span class='ocrx_word' id='word_1_413' title='bbox 1324 3629 1590 3691; x_wconf 84' lang='grc' dir='ltr'>πολλάκις</span> <span class='ocrx_word' id='word_1_414' title='bbox 1649 3628 1707 3682; x_wconf 80' lang='grc' dir='ltr'><strong>δὲ</strong></span> <span class='ocrx_word' id='word_1_415' title='bbox 1758 3629 1854 3682; x_wconf 81' lang='grc' dir='ltr'>καὶ</span> 
     </span>
    </p>
   </div>
   <div class='ocr_carea' id='block_1_54' title="bbox 252 3715 1854 3789">
    <p class='ocr_par' dir='ltr' id='par_1_54' title="bbox 252 3715 1854 3789">
     <span class='ocr_line' id='line_1_54' title="bbox 252 3715 1854 3789; baseline 0.006 -27"><span class='ocrx_word' id='word_1_416' title='bbox 252 3715 357 3782; x_wconf 75' lang='grc' dir='ltr'>τὴν</span> <span class='ocrx_word' id='word_1_417' title='bbox 407 3715 685 3784; x_wconf 77' lang='grc' dir='ltr'>ἑϐδομάδα</span> <span class='ocrx_word' id='word_1_418' title='bbox 751 3717 960 3783; x_wconf 74' lang='grc' dir='ltr'>ἕλκων,</span> <span class='ocrx_word' id='word_1_419' title='bbox 1033 3717 1198 3788; x_wconf 82' lang='grc' dir='ltr'>άρτον</span> <span class='ocrx_word' id='word_1_420' title='bbox 1279 3719 1440 3789; x_wconf 84' lang='grc' dir='ltr'>μόνον</span> <span class='ocrx_word' id='word_1_421' title='bbox 1507 3719 1704 3772; x_wconf 80' lang='grc' dir='ltr'>ἐσθίων</span> <span class='ocrx_word' id='word_1_422' title='bbox 1758 3719 1854 3774; x_wconf 74' lang='grc' dir='ltr'><strong>καὶ</strong></span> 
     </span>
    </p>
   </div>
   <div class='ocr_carea' id='block_1_55' title="bbox 255 3804 1853 3882">
    <p class='ocr_par' dir='ltr' id='par_1_55' title="bbox 255 3804 1853 3882">
     <span class='ocr_line' id='line_1_55' title="bbox 255 3804 1853 3882; baseline 0.004 -26"><span class='ocrx_word' id='word_1_423' title='bbox 255 3804 417 3869; x_wconf 74' lang='grc' dir='ltr'>ἃλας,</span> <span class='ocrx_word' id='word_1_424' title='bbox 463 3808 750 3873; x_wconf 75' lang='grc' dir='ltr'>ἐδοξάζετο</span> <span class='ocrx_word' id='word_1_425' title='bbox 801 3808 907 3860; x_wconf 77' lang='grc' dir='ltr'>ὑπὸ</span> <span class='ocrx_word' id='word_1_426' title='bbox 956 3808 1066 3862; x_wconf 83' lang='grc' dir='ltr'><strong>τῶν</strong></span> <span class='ocrx_word' id='word_1_427' title='bbox 1111 3809 1434 3881; x_wconf 78' lang='grc' dir='ltr'>ἀνθρώπιον.</span> <span class='ocrx_word' id='word_1_428' title='bbox 1472 3810 1754 3882; x_wconf 85' lang='grc' dir='ltr'>Παρέϐαλε</span> <span class='ocrx_word' id='word_1_429' title='bbox 1794 3810 1853 3863; x_wconf 83' lang='grc' dir='ltr'>δὲ</span> 
     </span>
    </p>
   </div>
   <div class='ocr_carea' id='block_1_56' title="bbox 249 3894 1853 3974">
    <p class='ocr_par' dir='ltr' id='par_1_56' title="bbox 249 3894 1853 3974">
     <span class='ocr_line' id='line_1_56' title="bbox 249 3894 1853 3974; baseline 0.006 -28"><span class='ocrx_word' id='word_1_430' title='bbox 249 3894 335 3965; x_wconf 81' lang='grc' dir='ltr'>τῷ</span> <span class='ocrx_word' id='word_1_431' title='bbox 383 3898 531 3967; x_wconf 80' lang='grc' dir='ltr'>ἀϐϐᾷ</span> <span class='ocrx_word' id='word_1_432' title='bbox 584 3897 786 3969; x_wconf 74' lang='grc' dir='ltr'>Ἰωσὴφ</span> <span class='ocrx_word' id='word_1_433' title='bbox 837 3902 920 3963; x_wconf 89' lang='grc' dir='ltr'><strong>είς</strong></span> <span class='ocrx_word' id='word_1_434' title='bbox 974 3900 1074 3971; x_wconf 82' lang='grc' dir='ltr'>τὴν</span> <span class='ocrx_word' id='word_1_435' title='bbox 1121 3902 1391 3971; x_wconf 72' lang='grc' dir='ltr'>Πανεφὼ,</span> <span class='ocrx_word' id='word_1_436' title='bbox 1443 3902 1758 3974; x_wconf 78' lang='grc' dir='ltr'>προσδοκῶν</span> <span class='ocrx_word' id='word_1_437' title='bbox 1801 3920 1853 3956; x_wconf 88' lang='grc' dir='ltr'><strong>τι</strong></span> 
     </span>
    </p>
   </div>
   <div class='ocr_carea' id='block_1_57' title="bbox 252 3988 1853 4065">
    <p class='ocr_par' dir='ltr' id='par_1_57' title="bbox 252 3988 1853 4065">
     <span class='ocr_line' id='line_1_57' title="bbox 252 3988 1853 4065; baseline 0.005 -25"><span class='ocrx_word' id='word_1_438' title='bbox 252 3988 424 4041; x_wconf 81' lang='grc' dir='ltr'>πλέον</span> <span class='ocrx_word' id='word_1_439' title='bbox 457 3990 592 4061; x_wconf 80' lang='grc' dir='ltr'>σκλη</span> <span class='ocrx_word' id='word_1_440' title='bbox 603 3991 883 4059; x_wconf 85' lang='grc' dir='ltr'>ραγωγίαν</span> <span class='ocrx_word' id='word_1_441' title='bbox 914 3991 1042 4046; x_wconf 76' lang='grc' dir='ltr'>ἰδεῖν</span> <span class='ocrx_word' id='word_1_442' title='bbox 1065 3996 1195 4064; x_wconf 87' lang='grc' dir='ltr'>παρ’</span> <span class='ocrx_word' id='word_1_443' title='bbox 1221 3993 1391 4065; x_wconf 78' lang='grc' dir='ltr'>αὐτῷ.</span> <span class='ocrx_word' id='word_1_444' title='bbox 1427 3995 1537 4047; x_wconf 84' lang='lat' dir='ltr'><strong>Kal</strong></span> <span class='ocrx_word' id='word_1_445' title='bbox 1559 3993 1853 4065; x_wconf 83' lang='grc' dir='ltr'>δεξάμενος</span> 
     </span>
    </p>
   </div>
   <div class='ocr_carea' id='block_1_58' title="bbox 251 4079 1853 4158">
    <p class='ocr_par' dir='ltr' id='par_1_58' title="bbox 251 4079 1853 4158">
     <span class='ocr_line' id='line_1_58' title="bbox 251 4079 1853 4158; baseline 0.006 -28"><span class='ocrx_word' id='word_1_446' title='bbox 251 4079 425 4132; x_wconf 67' lang='grc' dir='ltr'>αὑτὸν</span> <span class='ocrx_word' id='word_1_447' title='bbox 458 4083 484 4136; x_wconf 74' lang='grc' dir='ltr'><strong>έ</strong></span> <span class='ocrx_word' id='word_1_448' title='bbox 510 4081 695 4151; x_wconf 84' lang='grc' dir='ltr'>γέρων</span> <span class='ocrx_word' id='word_1_449' title='bbox 721 4081 863 4152; x_wconf 78' lang='grc' dir='ltr'>μετὰ</span> <span class='ocrx_word' id='word_1_450' title='bbox 879 4084 1077 4153; x_wconf 81' lang='grc' dir='ltr'>χαρᾶς,</span> <span class='ocrx_word' id='word_1_451' title='bbox 1107 4085 1160 4137; x_wconf 78' lang='grc' dir='ltr'>εἴ</span> <span class='ocrx_word' id='word_1_452' title='bbox 1190 4101 1242 4136; x_wconf 92' lang='grc' dir='ltr'><strong>τι</strong></span> <span class='ocrx_word' id='word_1_453' title='bbox 1281 4084 1325 4137; x_wconf 83' lang='grc' dir='ltr'>δ’</span> <span class='ocrx_word' id='word_1_454' title='bbox 1353 4084 1419 4138; x_wconf 83' lang='grc' dir='ltr'>ἂν</span> <span class='ocrx_word' id='word_1_455' title='bbox 1451 4081 1596 4155; x_wconf 72' lang='grc' dir='ltr'>εἶχεν</span> <span class='ocrx_word' id='word_1_456' title='bbox 1630 4086 1853 4158; x_wconf 79' lang='grc' dir='ltr'>ἐποίησε</span> 
     </span>
    </p>
   </div>
   <div class='ocr_carea' id='block_1_59' title="bbox 251 4172 1852 4249">
    <p class='ocr_par' dir='ltr' id='par_1_59' title="bbox 251 4172 1852 4249">
     <span class='ocr_line' id='line_1_59' title="bbox 251 4172 1852 4249; baseline 0.006 -26"><span class='ocrx_word' id='word_1_457' title='bbox 251 4172 620 4243; x_wconf 70' lang='grc' dir='ltr'>παράκλησιν</span> <span class='ocrx_word' id='word_1_458' title='bbox 660 4173 941 4243; x_wconf 86' lang='grc' dir='ltr'>γενέσθαι.</span> <span class='ocrx_word' id='word_1_459' title='bbox 979 4176 1089 4229; x_wconf 80' lang='grc' dir='ltr'><strong>Καὶ</strong></span> <span class='ocrx_word' id='word_1_460' title='bbox 1114 4175 1363 4248; x_wconf 71' lang='grc' dir='ltr'>λέγουσιν</span> <span class='ocrx_word' id='word_1_461' title='bbox 1395 4179 1444 4230; x_wconf 78' lang='grc' dir='ltr'><strong>οἱ</strong></span> <span class='ocrx_word' id='word_1_462' title='bbox 1476 4177 1716 4249; x_wconf 82' lang='grc' dir='ltr'>μαθηταὶ</span> <span class='ocrx_word' id='word_1_463' title='bbox 1746 4180 1852 4232; x_wconf 83' lang='grc' dir='ltr'><strong>Εὑ-</strong></span> 
     </span>
    </p>
   </div>
   <div class='ocr_carea' id='block_1_60' title="bbox 251 4261 1853 4342">
    <p class='ocr_par' dir='ltr' id='par_1_60' title="bbox 251 4261 1853 4342">
     <span class='ocr_line' id='line_1_60' title="bbox 251 4261 1853 4342; baseline 0.007 -29"><span class='ocrx_word' id='word_1_464' title='bbox 251 4261 480 4332; x_wconf 74' lang='grc' dir='ltr'>λ,ογίου’</span> <span class='ocrx_word' id='word_1_465' title='bbox 532 4267 650 4320; x_wconf 76' lang='grc' dir='ltr'><strong>Οὐκ</strong></span> <span class='ocrx_word' id='word_1_466' title='bbox 701 4267 874 4321; x_wconf 86' lang='grc' dir='ltr'>ἐσθίει</span> <span class='ocrx_word' id='word_1_467' title='bbox 924 4268 1298 4341; x_wconf 85' lang='grc' dir='ltr'>πρεσϐύτερος</span> <span class='ocrx_word' id='word_1_468' title='bbox 1347 4270 1486 4342; x_wconf 80' lang='grc' dir='ltr'>πλὴν</span> <span class='ocrx_word' id='word_1_469' title='bbox 1526 4271 1692 4342; x_wconf 81' lang='grc' dir='ltr'>ἄρτου</span> <span class='ocrx_word' id='word_1_470' title='bbox 1758 4272 1853 4327; x_wconf 75' lang='grc' dir='ltr'><strong>καὶ</strong></span> 
     </span>
    </p>
   </div>
   <div class='ocr_carea' id='block_1_61' title="bbox 254 4355 1854 4438">
    <p class='ocr_par' dir='ltr' id='par_1_61' title="bbox 254 4355 1854 4438">
     <span class='ocr_line' id='line_1_61' title="bbox 254 4355 1854 4438; baseline 0.007 -29"><span class='ocrx_word' id='word_1_471' title='bbox 254 4355 481 4423; x_wconf 75' lang='grc' dir='ltr'>ἆλατος.</span> <span class='ocrx_word' id='word_1_472' title='bbox 536 4360 598 4413; x_wconf 79' lang='grc'><strong>’0</strong></span> <span class='ocrx_word' id='word_1_473' title='bbox 630 4361 689 4414; x_wconf 87' lang='grc' dir='ltr'><strong>δέ</strong></span> <span class='ocrx_word' id='word_1_474' title='bbox 723 4360 899 4426; x_wconf 84' lang='grc' dir='ltr'>ἀϐϐἄς</span> <span class='ocrx_word' id='word_1_475' title='bbox 937 4363 1135 4434; x_wconf 78' lang='grc' dir='ltr'>Ἰωσὴφ</span> <span class='ocrx_word' id='word_1_476' title='bbox 1189 4364 1410 4418; x_wconf 84' lang='grc' dir='ltr'>σιωπῶν</span> <span class='ocrx_word' id='word_1_477' title='bbox 1464 4365 1690 4438; x_wconf 79' lang='grc' dir='ltr'>ἐτρωγε.</span> <span class='ocrx_word' id='word_1_478' title='bbox 1744 4368 1854 4420; x_wconf 85' lang='lat' dir='ltr'><strong>Kal</strong></span> 
     </span>
    </p>
   </div>
   <div class='ocr_carea' id='block_1_62' title="bbox 253 4452 1850 4529">
    <p class='ocr_par' dir='ltr' id='par_1_62' title="bbox 253 4452 1850 4529">
     <span class='ocr_line' id='line_1_62' title="bbox 253 4452 1850 4529; baseline 0.008 -29"><span class='ocrx_word' id='word_1_479' title='bbox 253 4452 599 4520; x_wconf 78' lang='grc' dir='ltr'>ποιήσαντες</span> <span class='ocrx_word' id='word_1_480' title='bbox 635 4453 853 4523; x_wconf 78' lang='grc' dir='ltr'>ἡμέρας</span> <span class='ocrx_word' id='word_1_481' title='bbox 891 4458 1061 4525; x_wconf 86' lang='grc' dir='ltr'>τρεῖς,</span> <span class='ocrx_word' id='word_1_482' title='bbox 1102 4456 1203 4509; x_wconf 81' lang='grc' dir='ltr'><strong>οὐκ</strong></span> <span class='ocrx_word' id='word_1_483' title='bbox 1235 4457 1475 4527; x_wconf 75' lang='grc' dir='ltr'>ἥκουσαν</span> <span class='ocrx_word' id='word_1_484' title='bbox 1507 4458 1685 4511; x_wconf 76' lang='grc' dir='ltr'>αὐτῶν</span> <span class='ocrx_word' id='word_1_485' title='bbox 1712 4458 1850 4529; x_wconf 68' lang='grc' dir='ltr'>ψαλ-</span> 
     </span>
    </p>
   </div>
   <div class='ocr_carea' id='block_1_63' title="bbox 1948 1936 3532 2007">
    <p class='ocr_par' dir='ltr' id='par_1_63' title="bbox 1948 1936 3532 2007">
     <span class='ocr_line' id='line_1_63' title="bbox 1948 1936 3532 2007; baseline 0.003 -17"><span class='ocrx_word' id='word_1_486' title='bbox 1948 1948 2376 2006; x_wconf 83' lang='lat' dir='ltr'><strong>perseveraruut</strong></span> <span class='ocrx_word' id='word_1_487' title='bbox 2443 1945 2682 1995; x_wconf 85' lang='lat' dir='ltr'><strong>orantes</strong></span> <span class='ocrx_word' id='word_1_488' title='bbox 2748 1938 2944 2007; x_wconf 89' lang='lat' dir='ltr'><strong>illum;</strong></span> <span class='ocrx_word' id='word_1_489' title='bbox 2994 1954 3097 1994; x_wconf 89' lang='lat' dir='ltr'><strong>nec</strong></span> <span class='ocrx_word' id='word_1_490' title='bbox 3153 1939 3324 1994; x_wconf 81' lang='lat' dir='ltr'><strong>voluit</strong></span> <span class='ocrx_word' id='word_1_491' title='bbox 3352 1936 3532 1994; x_wconf 73' lang='lat' dir='ltr'><strong>eﬂ‘ari.</strong></span> 
     </span>
    </p>
   </div>
   <div class='ocr_carea' id='block_1_64' title="bbox 1948 2025 3537 2098">
    <p class='ocr_par' dir='ltr' id='par_1_64' title="bbox 1948 2025 3537 2098">
     <span class='ocr_line' id='line_1_64' title="bbox 1948 2025 3537 2098; baseline 0.003 -16"><span class='ocrx_word' id='word_1_492' title='bbox 1948 2025 2106 2084; x_wconf 91' lang='lat' dir='ltr'><strong>Tunc</strong></span> <span class='ocrx_word' id='word_1_493' title='bbox 2136 2029 2213 2084; x_wconf 89' lang='lat' dir='ltr'><strong>illi</strong></span> <span class='ocrx_word' id='word_1_494' title='bbox 2247 2030 2315 2086; x_wconf 90' lang='lat' dir='ltr'><strong>ad</strong></span> <span class='ocrx_word' id='word_1_495' title='bbox 2342 2046 2468 2086; x_wconf 90' lang='lat' dir='ltr'><strong>eum</strong></span> <span class='ocrx_word' id='word_1_496' title='bbox 2499 2050 2510 2085; x_wconf 95' lang='lat'><strong>:</strong></span> <span class='ocrx_word' id='word_1_497' title='bbox 2544 2030 2689 2086; x_wconf 89' lang='lat' dir='ltr'><strong>Deus</strong></span> <span class='ocrx_word' id='word_1_498' title='bbox 2735 2030 2802 2086; x_wconf 92' lang='lat' dir='ltr'><strong>ad</strong></span> <span class='ocrx_word' id='word_1_499' title='bbox 2834 2040 2888 2088; x_wconf 89' lang='lat' dir='ltr'><strong>te</strong></span> <span class='ocrx_word' id='word_1_500' title='bbox 2926 2031 3078 2088; x_wconf 89' lang='lat' dir='ltr'><strong>misit</strong></span> <span class='ocrx_word' id='word_1_501' title='bbox 3108 2048 3229 2088; x_wconf 92' lang='lat' dir='ltr'><strong>nos.</strong></span> <span class='ocrx_word' id='word_1_502' title='bbox 3268 2030 3389 2098; x_wconf 85' lang='lat' dir='ltr'><strong>Quo</strong></span> <span class='ocrx_word' id='word_1_503' title='bbox 3434 2047 3537 2087; x_wconf 83' lang='lat' dir='ltr'><strong>au-</strong></span> 
     </span>
    </p>
   </div>
   <div class='ocr_carea' id='block_1_65' title="bbox 1949 2121 3535 2195">
    <p class='ocr_par' dir='ltr' id='par_1_65' title="bbox 1949 2121 3535 2195">
     <span class='ocr_line' id='line_1_65' title="bbox 1949 2121 3535 2195; baseline 0.002 -18"><span class='ocrx_word' id='word_1_504' title='bbox 1949 2121 2065 2177; x_wconf 92' lang='lat' dir='ltr'><strong>dito</strong></span> <span class='ocrx_word' id='word_1_505' title='bbox 2092 2125 2625 2189; x_wconf 88' lang='lat' dir='ltr'><strong>sermoueterritus,</strong></span> <span class='ocrx_word' id='word_1_506' title='bbox 2678 2125 2848 2195; x_wconf 87' lang='lat' dir='ltr'><strong>coepit</strong></span> <span class='ocrx_word' id='word_1_507' title='bbox 2900 2123 3125 2180; x_wconf 89' lang='lat' dir='ltr'><strong>dicere:</strong></span> <span class='ocrx_word' id='word_1_508' title='bbox 3193 2123 3356 2192; x_wconf 88' lang='lat' dir='ltr'><strong>Ecce,</strong></span> <span class='ocrx_word' id='word_1_509' title='bbox 3404 2140 3535 2180; x_wconf 77' lang='lat' dir='ltr'><strong>oves</strong></span> 
     </span>
    </p>
   </div>
   <div class='ocr_carea' id='block_1_66' title="bbox 1950 2213 3524 2287">
    <p class='ocr_par' dir='ltr' id='par_1_66' title="bbox 1950 2213 3524 2287">
     <span class='ocr_line' id='line_1_66' title="bbox 1950 2213 3524 2287; baseline 0.003 -20"><span class='ocrx_word' id='word_1_510' title='bbox 1950 2213 2087 2269; x_wconf 90' lang='lat' dir='ltr'><strong>istas</strong></span> <span class='ocrx_word' id='word_1_511' title='bbox 2114 2217 2430 2286; x_wconf 77' lang='lat' dir='ltr'><strong>accepimus</strong></span> <span class='ocrx_word' id='word_1_512' title='bbox 2457 2232 2487 2271; x_wconf 92' lang='lat' dir='ltr'><strong>a</strong></span> <span class='ocrx_word' id='word_1_513' title='bbox 2527 2218 2848 2287; x_wconf 89' lang='lat' dir='ltr'><strong>parentibus</strong></span> <span class='ocrx_word' id='word_1_514' title='bbox 2901 2216 3110 2274; x_wconf 91' lang='lat' dir='ltr'><strong>nostris</strong></span> <span class='ocrx_word' id='word_1_515' title='bbox 3138 2234 3152 2283; x_wconf 92' lang='lat'><strong>;</strong></span> <span class='ocrx_word' id='word_1_516' title='bbox 3183 2227 3237 2272; x_wconf 90' lang='lat' dir='ltr'><strong>et</strong></span> <span class='ocrx_word' id='word_1_517' title='bbox 3294 2216 3422 2273; x_wconf 90' lang='lat' dir='ltr'><strong>inde</strong></span> <span class='ocrx_word' id='word_1_518' title='bbox 3453 2218 3524 2282; x_wconf 86' lang='lat' dir='ltr'><strong>si,</strong></span> 
     </span>
    </p>
   </div>
   <div class='ocr_carea' id='block_1_67' title="bbox 1951 2305 3536 2380">
    <p class='ocr_par' dir='ltr' id='par_1_67' title="bbox 1951 2305 3536 2380">
     <span class='ocr_line' id='line_1_67' title="bbox 1951 2305 3536 2380; baseline 0.003 -20"><span class='ocrx_word' id='word_1_519' title='bbox 1951 2305 2063 2360; x_wconf 87' lang='lat' dir='ltr'><strong>Deo</strong></span> <span class='ocrx_word' id='word_1_520' title='bbox 2102 2316 2480 2378; x_wconf 83' lang='lat' dir='ltr'><strong>prosperante,</strong></span> <span class='ocrx_word' id='word_1_521' title='bbox 2528 2309 2840 2379; x_wconf 86' lang='lat' dir='ltr'><strong>provenerit</strong></span> <span class='ocrx_word' id='word_1_522' title='bbox 2886 2309 3117 2380; x_wconf 86' lang='lat' dir='ltr'><strong>aliquid,</strong></span> <span class='ocrx_word' id='word_1_523' title='bbox 3177 2317 3291 2365; x_wconf 91' lang='lat' dir='ltr'><strong>tres</strong></span> <span class='ocrx_word' id='word_1_524' title='bbox 3346 2317 3536 2379; x_wconf 87' lang='lat' dir='ltr'><strong>partes</strong></span> 
     </span>
    </p>
   </div>
   <div class='ocr_carea' id='block_1_68' title="bbox 1952 2396 3538 2471">
    <p class='ocr_par' dir='ltr' id='par_1_68' title="bbox 1952 2396 3538 2471">
     <span class='ocr_line' id='line_1_68' title="bbox 1952 2396 3538 2471; baseline 0.001 -20"><span class='ocrx_word' id='word_1_525' title='bbox 1952 2396 2228 2454; x_wconf 83' lang='lat' dir='ltr'><strong>facimus:</strong></span> <span class='ocrx_word' id='word_1_526' title='bbox 2273 2414 2439 2453; x_wconf 89' lang='lat' dir='ltr'><strong>uuam</strong></span> <span class='ocrx_word' id='word_1_527' title='bbox 2473 2401 2828 2471; x_wconf 88' lang='lat' dir='ltr'><strong>pauperibus,</strong></span> <span class='ocrx_word' id='word_1_528' title='bbox 2874 2402 3101 2455; x_wconf 85' lang='lat' dir='ltr'><strong>alteram</strong></span> <span class='ocrx_word' id='word_1_529' title='bbox 3134 2401 3203 2456; x_wconf 90' lang='lat' dir='ltr'><strong>ad</strong></span> <span class='ocrx_word' id='word_1_530' title='bbox 3252 2401 3538 2469; x_wconf 87' lang='lat' dir='ltr'><strong>hospitali-</strong></span> 
     </span>
    </p>
   </div>
   <div class='ocr_carea' id='block_1_69' title="bbox 1951 2490 3539 2562">
    <p class='ocr_par' dir='ltr' id='par_1_69' title="bbox 1951 2490 3539 2562">
     <span class='ocr_line' id='line_1_69' title="bbox 1951 2490 3539 2562; baseline 0.003 -19"><span class='ocrx_word' id='word_1_531' title='bbox 1951 2496 2139 2553; x_wconf 87' lang='lat' dir='ltr'><strong>tatem,</strong></span> <span class='ocrx_word' id='word_1_532' title='bbox 2205 2491 2419 2544; x_wconf 84' lang='lat' dir='ltr'><strong>tertiam</strong></span> <span class='ocrx_word' id='word_1_533' title='bbox 2479 2493 2534 2545; x_wconf 91' lang='lat' dir='ltr'><strong>in</strong></span> <span class='ocrx_word' id='word_1_534' title='bbox 2594 2508 2731 2548; x_wconf 89' lang='lat' dir='ltr'><strong>usus</strong></span> <span class='ocrx_word' id='word_1_535' title='bbox 2795 2499 3035 2547; x_wconf 90' lang='lat' dir='ltr'><strong>nostros.</strong></span> <span class='ocrx_word' id='word_1_536' title='bbox 3076 2490 3152 2545; x_wconf 79' lang='lat' dir='ltr'><strong>Ex</strong></span> <span class='ocrx_word' id='word_1_537' title='bbox 3207 2506 3318 2562; x_wconf 91' lang='lat' dir='ltr'><strong>quo</strong></span> <span class='ocrx_word' id='word_1_538' title='bbox 3352 2498 3539 2547; x_wconf 88' lang='lat' dir='ltr'><strong>autem</strong></span> 
     </span>
    </p>
   </div>
   <div class='ocr_carea' id='block_1_70' title="bbox 1954 2579 3536 2653">
    <p class='ocr_par' dir='ltr' id='par_1_70' title="bbox 1954 2579 3536 2653">
     <span class='ocr_line' id='line_1_70' title="bbox 1954 2579 3536 2653; baseline 0.003 -21"><span class='ocrx_word' id='word_1_539' title='bbox 1954 2593 2179 2633; x_wconf 78' lang='lat' dir='ltr'><strong>uxorem</strong></span> <span class='ocrx_word' id='word_1_540' title='bbox 2208 2579 2417 2650; x_wconf 86' lang='lat' dir='ltr'><strong>accepi,</strong></span> <span class='ocrx_word' id='word_1_541' title='bbox 2453 2595 2555 2635; x_wconf 90' lang='lat' dir='ltr'><strong>nec</strong></span> <span class='ocrx_word' id='word_1_542' title='bbox 2590 2581 2837 2651; x_wconf 88' lang='lat' dir='ltr'><strong>pollutus</strong></span> <span class='ocrx_word' id='word_1_543' title='bbox 2866 2596 2987 2638; x_wconf 83' lang='lat' dir='ltr'><strong>sum</strong></span> <span class='ocrx_word' id='word_1_544' title='bbox 3017 2595 3139 2653; x_wconf 89' lang='lat' dir='ltr'><strong>ego,</strong></span> <span class='ocrx_word' id='word_1_545' title='bbox 3167 2595 3268 2637; x_wconf 90' lang='lat' dir='ltr'><strong>nec</strong></span> <span class='ocrx_word' id='word_1_546' title='bbox 3298 2581 3411 2645; x_wconf 87' lang='lat' dir='ltr'><strong>illa,</strong></span> <span class='ocrx_word' id='word_1_547' title='bbox 3438 2579 3536 2636; x_wconf 88' lang='lat' dir='ltr'><strong>sed</strong></span> 
     </span>
    </p>
   </div>
   <div class='ocr_carea' id='block_1_71' title="bbox 1952 2670 3537 2744">
    <p class='ocr_par' dir='ltr' id='par_1_71' title="bbox 1952 2670 3537 2744">
     <span class='ocr_line' id='line_1_71' title="bbox 1952 2670 3537 2744; baseline 0.002 -19"><span class='ocrx_word' id='word_1_548' title='bbox 1952 2670 2111 2742; x_wconf 89' lang='lat' dir='ltr'><strong>virgo</strong></span> <span class='ocrx_word' id='word_1_549' title='bbox 2136 2679 2221 2728; x_wconf 84' lang='lat' dir='ltr'><strong>est</strong></span> <span class='ocrx_word' id='word_1_550' title='bbox 2246 2687 2262 2737; x_wconf 91' lang='lat'><strong>;</strong></span> <span class='ocrx_word' id='word_1_551' title='bbox 2298 2678 2352 2727; x_wconf 89' lang='lat' dir='ltr'><strong>et</strong></span> <span class='ocrx_word' id='word_1_552' title='bbox 2378 2687 2629 2729; x_wconf 88' lang='lat' dir='ltr'><strong>seorsum</strong></span> <span class='ocrx_word' id='word_1_553' title='bbox 2655 2672 2962 2729; x_wconf 86' lang='lat' dir='ltr'><strong>dormimus</strong></span> <span class='ocrx_word' id='word_1_554' title='bbox 2991 2692 3003 2727; x_wconf 91' lang='lat'><strong>:</strong></span> <span class='ocrx_word' id='word_1_555' title='bbox 3049 2680 3216 2728; x_wconf 89' lang='lat' dir='ltr'><strong>noctu</strong></span> <span class='ocrx_word' id='word_1_556' title='bbox 3249 2681 3537 2744; x_wconf 79' lang='lat' dir='ltr'><strong>gestamus</strong></span> 
     </span>
    </p>
   </div>
   <div class='ocr_carea' id='block_1_72' title="bbox 1953 2759 3536 2835">
    <p class='ocr_par' dir='ltr' id='par_1_72' title="bbox 1953 2759 3536 2835">
     <span class='ocr_line' id='line_1_72' title="bbox 1953 2759 3536 2835; baseline 0 -18"><span class='ocrx_word' id='word_1_557' title='bbox 1953 2759 2156 2826; x_wconf 90' lang='lat' dir='ltr'><strong>cilicia,</strong></span> <span class='ocrx_word' id='word_1_558' title='bbox 2193 2762 2259 2817; x_wconf 88' lang='lat' dir='ltr'><strong>de</strong></span> <span class='ocrx_word' id='word_1_559' title='bbox 2286 2762 2377 2818; x_wconf 90' lang='lat' dir='ltr'><strong>die</strong></span> <span class='ocrx_word' id='word_1_560' title='bbox 2405 2762 2738 2819; x_wconf 84' lang='lat' dir='ltr'><strong>vestimenta</strong></span> <span class='ocrx_word' id='word_1_561' title='bbox 2768 2771 2980 2821; x_wconf 88' lang='lat' dir='ltr'><strong>nostra.</strong></span> <span class='ocrx_word' id='word_1_562' title='bbox 3027 2762 3326 2835; x_wconf 70' lang='lat' dir='ltr'><strong>[lucusque</strong></span> <span class='ocrx_word' id='word_1_563' title='bbox 3386 2777 3536 2818; x_wconf 90' lang='lat' dir='ltr'><strong>mor-</strong></span> 
     </span>
    </p>
   </div>
   <div class='ocr_carea' id='block_1_73' title="bbox 1955 2851 3542 2928">
    <p class='ocr_par' dir='ltr' id='par_1_73' title="bbox 1955 2851 3542 2928">
     <span class='ocr_line' id='line_1_73' title="bbox 1955 2851 3542 2928; baseline -0.001 -19"><span class='ocrx_word' id='word_1_564' title='bbox 1955 2851 2148 2909; x_wconf 80' lang='lat' dir='ltr'><strong>talium</strong></span> <span class='ocrx_word' id='word_1_565' title='bbox 2201 2869 2364 2910; x_wconf 89' lang='lat' dir='ltr'><strong>nemo</strong></span> <span class='ocrx_word' id='word_1_566' title='bbox 2405 2854 2516 2911; x_wconf 87' lang='lat' dir='ltr'><strong>ista</strong></span> <span class='ocrx_word' id='word_1_567' title='bbox 2577 2856 2856 2928; x_wconf 73' lang='lat' dir='ltr'><strong>cognovit.</strong></span> <span class='ocrx_word' id='word_1_568' title='bbox 2901 2855 3062 2924; x_wconf 87' lang='lat' dir='ltr'><strong>Quod</strong></span> <span class='ocrx_word' id='word_1_569' title='bbox 3116 2860 3408 2927; x_wconf 86' lang='lat' dir='ltr'><strong>postquam</strong></span> <span class='ocrx_word' id='word_1_570' title='bbox 3446 2870 3542 2908; x_wconf 89' lang='lat' dir='ltr'><strong>au-</strong></span> 
     </span>
    </p>
   </div>
   <div class='ocr_carea' id='block_1_74' title="bbox 1954 2944 3540 3018">
    <p class='ocr_par' dir='ltr' id='par_1_74' title="bbox 1954 2944 3540 3018">
     <span class='ocr_line' id='line_1_74' title="bbox 1954 2944 3540 3018; baseline 0.001 -18"><span class='ocrx_word' id='word_1_571' title='bbox 1954 2944 2193 3002; x_wconf 88' lang='lat' dir='ltr'><strong>diissent</strong></span> <span class='ocrx_word' id='word_1_572' title='bbox 2231 2960 2410 3013; x_wconf 85' lang='lat' dir='ltr'><strong>senes,</strong></span> <span class='ocrx_word' id='word_1_573' title='bbox 2447 2946 2701 3004; x_wconf 88' lang='lat' dir='ltr'><strong>admirati</strong></span> <span class='ocrx_word' id='word_1_574' title='bbox 2737 2960 2865 3005; x_wconf 88' lang='lat' dir='ltr'><strong>sunt</strong></span> <span class='ocrx_word' id='word_1_575' title='bbox 2921 2965 2985 3004; x_wconf 90' lang='lat' dir='ltr'><strong>ac</strong></span> <span class='ocrx_word' id='word_1_576' title='bbox 3034 2952 3383 3004; x_wconf 74' lang='lat' dir='ltr'><strong>recesserunt</strong></span> <span class='ocrx_word' id='word_1_577' title='bbox 3424 2945 3540 3018; x_wconf 85' lang='lat' dir='ltr'><strong>glo-</strong></span> 
     </span>
    </p>
   </div>
   <div class='ocr_carea' id='block_1_75' title="bbox 1955 3038 2486 3098">
    <p class='ocr_par' dir='ltr' id='par_1_75' title="bbox 1955 3038 2486 3098">
     <span class='ocr_line' id='line_1_75' title="bbox 1955 3038 2486 3098; baseline 0.008 -5"><span class='ocrx_word' id='word_1_578' title='bbox 1955 3038 2093 3094; x_wconf 90' lang='lat' dir='ltr'><strong>riam</strong></span> <span class='ocrx_word' id='word_1_579' title='bbox 2124 3040 2324 3098; x_wconf 83' lang='lat' dir='ltr'><strong>dantes</strong></span> <span class='ocrx_word' id='word_1_580' title='bbox 2354 3040 2486 3097; x_wconf 88' lang='lat' dir='ltr'><strong>Deo.</strong></span> 
     </span>
    </p>
   </div>
   <div class='ocr_carea' id='block_1_76' title="bbox 2404 3323 3085 3396">
    <p class='ocr_par' dir='ltr' id='par_1_76' title="bbox 2404 3323 3085 3396">
     <span class='ocr_line' id='line_1_76' title="bbox 2404 3323 3085 3396; baseline 0 -18"><span class='ocrx_word' id='word_1_581' title='bbox 2404 3323 2482 3379; x_wconf 83' lang='lat' dir='ltr'><strong>De</strong></span> <span class='ocrx_word' id='word_1_582' title='bbox 2510 3324 2737 3396; x_wconf 78' lang='lat' dir='ltr'><strong>Eulogio</strong></span> <span class='ocrx_word' id='word_1_583' title='bbox 2764 3329 3085 3396; x_wconf 77' lang='lat' dir='ltr'><strong>presbytero.</strong></span> 
     </span>
    </p>
   </div>
   <div class='ocr_carea' id='block_1_77' title="bbox 2030 3436 3541 3511">
    <p class='ocr_par' dir='ltr' id='par_1_77' title="bbox 2030 3436 3541 3511">
     <span class='ocr_line' id='line_1_77' title="bbox 2030 3436 3541 3511; baseline 0.005 -20"><span class='ocrx_word' id='word_1_584' title='bbox 2030 3436 2249 3509; x_wconf 66' lang='grc' dir='ltr'>(εδ-ετ)</span> <span class='ocrx_word' id='word_1_585' title='bbox 2284 3437 2546 3510; x_wconf 77' lang='lat' dir='ltr'><strong>Eulogius</strong></span> <span class='ocrx_word' id='word_1_586' title='bbox 2562 3440 2782 3511; x_wconf 87' lang='lat' dir='ltr'><strong>quidam</strong></span> <span class='ocrx_word' id='word_1_587' title='bbox 2803 3439 3184 3497; x_wconf 87' lang='lat' dir='ltr'><strong>celebrabatur</strong></span> <span class='ocrx_word' id='word_1_588' title='bbox 3203 3441 3272 3497; x_wconf 89' lang='lat' dir='ltr'><strong>ab</strong></span> <span class='ocrx_word' id='word_1_589' title='bbox 3304 3441 3541 3498; x_wconf 84' lang='lat' dir='ltr'><strong>homini-</strong></span> 
     </span>
    </p>
   </div>
   <div class='ocr_carea' id='block_1_78' title="bbox 1955 3519 3543 3607">
    <p class='ocr_par' dir='ltr' id='par_1_78' title="bbox 1955 3519 3543 3607">
     <span class='ocr_line' id='line_1_78' title="bbox 1955 3519 3543 3607; baseline 0.004 -20"><span class='ocrx_word' id='word_1_590' title='bbox 1955 3519 2474 3596; x_wconf 81' lang='lat' dir='ltr'><strong>bus,beatiJoannis</strong></span> <span class='ocrx_word' id='word_1_591' title='bbox 2486 3534 2725 3606; x_wconf 85' lang='lat' dir='ltr'><strong>episcopi</strong></span> <span class='ocrx_word' id='word_1_592' title='bbox 2739 3524 3358 3607; x_wconf 73' lang='lat' dir='ltr'><strong>discipulus,presbyter</strong></span> <span class='ocrx_word' id='word_1_593' title='bbox 3376 3543 3431 3591; x_wconf 90' lang='lat' dir='ltr'><strong>et</strong></span> <span class='ocrx_word' id='word_1_594' title='bbox 3446 3551 3543 3593; x_wconf 83' lang='lat' dir='ltr'><strong>as-</strong></span> 
     </span>
    </p>
   </div>
   <div class='ocr_carea' id='block_1_79' title="bbox 1955 3625 3543 3699">
    <p class='ocr_par' dir='ltr' id='par_1_79' title="bbox 1955 3625 3543 3699">
     <span class='ocr_line' id='line_1_79' title="bbox 1955 3625 3543 3699; baseline 0.003 -19"><span class='ocrx_word' id='word_1_595' title='bbox 1955 3633 2078 3680; x_wconf 90' lang='lat' dir='ltr'><strong>ceta</strong></span> <span class='ocrx_word' id='word_1_596' title='bbox 2131 3639 2386 3695; x_wconf 89' lang='lat' dir='ltr'><strong>magnus,</strong></span> <span class='ocrx_word' id='word_1_597' title='bbox 2418 3625 2510 3695; x_wconf 91' lang='lat' dir='ltr'><strong>qui</strong></span> <span class='ocrx_word' id='word_1_598' title='bbox 2544 3626 2835 3697; x_wconf 88' lang='lat' dir='ltr'><strong>jejunahat</strong></span> <span class='ocrx_word' id='word_1_599' title='bbox 2870 3643 2969 3698; x_wconf 89' lang='lat' dir='ltr'><strong>per</strong></span> <span class='ocrx_word' id='word_1_600' title='bbox 2995 3628 3183 3691; x_wconf 85' lang='lat' dir='ltr'><strong>bidua,</strong></span> <span class='ocrx_word' id='word_1_601' title='bbox 3208 3634 3265 3684; x_wconf 88' lang='lat' dir='ltr'><strong>et</strong></span> <span class='ocrx_word' id='word_1_602' title='bbox 3303 3643 3445 3699; x_wconf 71' lang='lat' dir='ltr'><strong>saepe</strong></span> <span class='ocrx_word' id='word_1_603' title='bbox 3473 3629 3543 3685; x_wconf 79' lang='lat' dir='ltr'><strong>ad</strong></span> 
     </span>
    </p>
   </div>
   <div class='ocr_carea' id='block_1_80' title="bbox 1957 3715 3542 3790">
    <p class='ocr_par' dir='ltr' id='par_1_80' title="bbox 1957 3715 3542 3790">
     <span class='ocr_line' id='line_1_80' title="bbox 1957 3715 3542 3790; baseline 0.003 -20"><span class='ocrx_word' id='word_1_604' title='bbox 1957 3715 2352 3773; x_wconf 87' lang='lat' dir='ltr'><strong>hebdomadem</strong></span> <span class='ocrx_word' id='word_1_605' title='bbox 2390 3732 2565 3788; x_wconf 89' lang='lat' dir='ltr'><strong>usque</strong></span> <span class='ocrx_word' id='word_1_606' title='bbox 2592 3719 2846 3775; x_wconf 87' lang='lat' dir='ltr'><strong>trahebat</strong></span> <span class='ocrx_word' id='word_1_607' title='bbox 2879 3720 3176 3790; x_wconf 85' lang='lat' dir='ltr'><strong>jejunium,</strong></span> <span class='ocrx_word' id='word_1_608' title='bbox 3200 3736 3338 3777; x_wconf 88' lang='lat' dir='ltr'><strong>usus</strong></span> <span class='ocrx_word' id='word_1_609' title='bbox 3372 3723 3429 3775; x_wconf 92' lang='lat' dir='ltr'><strong>in</strong></span> <span class='ocrx_word' id='word_1_610' title='bbox 3457 3722 3542 3775; x_wconf 89' lang='lat' dir='ltr'><strong>ci-</strong></span> 
     </span>
    </p>
   </div>
   <div class='ocr_carea' id='block_1_81' title="bbox 1957 3809 3543 3881">
    <p class='ocr_par' dir='ltr' id='par_1_81' title="bbox 1957 3809 3543 3881">
     <span class='ocr_line' id='line_1_81' title="bbox 1957 3809 3543 3881; baseline 0.004 -17"><span class='ocrx_word' id='word_1_611' title='bbox 1957 3809 2085 3864; x_wconf 89' lang='lat' dir='ltr'><strong>bum</strong></span> <span class='ocrx_word' id='word_1_612' title='bbox 2113 3823 2254 3881; x_wconf 88' lang='lat' dir='ltr'><strong>pane</strong></span> <span class='ocrx_word' id='word_1_613' title='bbox 2276 3810 2397 3866; x_wconf 88' lang='lat' dir='ltr'><strong>solo</strong></span> <span class='ocrx_word' id='word_1_614' title='bbox 2421 3826 2545 3866; x_wconf 92' lang='lat' dir='ltr'><strong>cum</strong></span> <span class='ocrx_word' id='word_1_615' title='bbox 2574 3813 2711 3869; x_wconf 87' lang='lat' dir='ltr'><strong>sale.</strong></span> <span class='ocrx_word' id='word_1_616' title='bbox 2735 3812 2786 3868; x_wconf 91' lang='lat' dir='ltr'><strong>ls</strong></span> <span class='ocrx_word' id='word_1_617' title='bbox 2825 3813 2975 3868; x_wconf 85' lang='lat' dir='ltr'><strong>venit</strong></span> <span class='ocrx_word' id='word_1_618' title='bbox 2998 3813 3067 3867; x_wconf 89' lang='lat' dir='ltr'><strong>ad</strong></span> <span class='ocrx_word' id='word_1_619' title='bbox 3097 3813 3352 3869; x_wconf 90' lang='lat' dir='ltr'><strong>abbatem</strong></span> <span class='ocrx_word' id='word_1_620' title='bbox 3382 3812 3543 3869; x_wconf 81' lang='lat' dir='ltr'><strong>Jose-</strong></span> 
     </span>
    </p>
   </div>
   <div class='ocr_carea' id='block_1_82' title="bbox 1956 3901 3543 3976">
    <p class='ocr_par' dir='ltr' id='par_1_82' title="bbox 1956 3901 3543 3976">
     <span class='ocr_line' id='line_1_82' title="bbox 1956 3901 3543 3976; baseline 0.004 -22"><span class='ocrx_word' id='word_1_621' title='bbox 1956 3902 2123 3971; x_wconf 92' lang='lat' dir='ltr'><strong>phum</strong></span> <span class='ocrx_word' id='word_1_622' title='bbox 2180 3902 2237 3956; x_wconf 91' lang='lat' dir='ltr'><strong>in</strong></span> <span class='ocrx_word' id='word_1_623' title='bbox 2288 3901 2552 3973; x_wconf 88' lang='lat' dir='ltr'><strong>Panepho</strong></span> <span class='ocrx_word' id='word_1_624' title='bbox 2576 3944 2591 3969; x_wconf 88' lang='lat'><strong>,</strong></span> <span class='ocrx_word' id='word_1_625' title='bbox 2629 3906 2860 3975; x_wconf 83' lang='lat' dir='ltr'><strong>sperans</strong></span> <span class='ocrx_word' id='word_1_626' title='bbox 2890 3913 3265 3976; x_wconf 89' lang='lat' dir='ltr'><strong>spectaturum</strong></span> <span class='ocrx_word' id='word_1_627' title='bbox 3300 3920 3360 3961; x_wconf 91' lang='lat' dir='ltr'><strong>se</strong></span> <span class='ocrx_word' id='word_1_628' title='bbox 3398 3906 3543 3975; x_wconf 89' lang='lat' dir='ltr'><strong>apud</strong></span> 
     </span>
    </p>
   </div>
   <div class='ocr_carea' id='block_1_83' title="bbox 1956 3993 3541 4067">
    <p class='ocr_par' dir='ltr' id='par_1_83' title="bbox 1956 3993 3541 4067">
     <span class='ocr_line' id='line_1_83' title="bbox 1956 3993 3541 4067; baseline 0.003 -20"><span class='ocrx_word' id='word_1_629' title='bbox 1956 3993 2108 4047; x_wconf 90' lang='lat' dir='ltr'><strong>illum</strong></span> <span class='ocrx_word' id='word_1_630' title='bbox 2176 3995 2555 4049; x_wconf 88' lang='lat' dir='ltr'><strong>austeritatem</strong></span> <span class='ocrx_word' id='word_1_631' title='bbox 2610 3995 2896 4065; x_wconf 87' lang='lat' dir='ltr'><strong>majorem.</strong></span> <span class='ocrx_word' id='word_1_632' title='bbox 2956 3994 3024 4049; x_wconf 86' lang='lat' dir='ltr'><strong>Et</strong></span> <span class='ocrx_word' id='word_1_633' title='bbox 3077 3996 3387 4067; x_wconf 86' lang='lat' dir='ltr'><strong>suscipiens</strong></span> <span class='ocrx_word' id='word_1_634' title='bbox 3415 4012 3541 4052; x_wconf 89' lang='lat' dir='ltr'><strong>eum</strong></span> 
     </span>
    </p>
   </div>
   <div class='ocr_carea' id='block_1_84' title="bbox 1958 4085 3540 4159">
    <p class='ocr_par' dir='ltr' id='par_1_84' title="bbox 1958 4085 3540 4159">
     <span class='ocr_line' id='line_1_84' title="bbox 1958 4085 3540 4159; baseline -0.001 -18"><span class='ocrx_word' id='word_1_635' title='bbox 1958 4102 2081 4141; x_wconf 90' lang='lat' dir='ltr'><strong>cum</strong></span> <span class='ocrx_word' id='word_1_636' title='bbox 2112 4085 2313 4157; x_wconf 87' lang='lat' dir='ltr'><strong>gaudio</strong></span> <span class='ocrx_word' id='word_1_637' title='bbox 2354 4102 2558 4150; x_wconf 81' lang='lat' dir='ltr'><strong>senex,</strong></span> <span class='ocrx_word' id='word_1_638' title='bbox 2601 4087 2869 4159; x_wconf 82' lang='lat' dir='ltr'><strong>quidquid</strong></span> <span class='ocrx_word' id='word_1_639' title='bbox 2920 4087 3134 4150; x_wconf 86' lang='lat' dir='ltr'><strong>habuit,</strong></span> <span class='ocrx_word' id='word_1_640' title='bbox 3163 4087 3231 4142; x_wconf 88' lang='lat' dir='ltr'><strong>ad</strong></span> <span class='ocrx_word' id='word_1_641' title='bbox 3281 4088 3540 4143; x_wconf 81' lang='lat' dir='ltr'><strong>solatium</strong></span> 
     </span>
    </p>
   </div>
   <div class='ocr_carea' id='block_1_85' title="bbox 1956 4176 3543 4249">
    <p class='ocr_par' dir='ltr' id='par_1_85' title="bbox 1956 4176 3543 4249">
     <span class='ocr_line' id='line_1_85' title="bbox 1956 4176 3543 4249; baseline 0 -16"><span class='ocrx_word' id='word_1_642' title='bbox 1956 4178 2078 4249; x_wconf 90' lang='lat' dir='ltr'><strong>ejus</strong></span> <span class='ocrx_word' id='word_1_643' title='bbox 2111 4178 2397 4248; x_wconf 91' lang='lat' dir='ltr'><strong>impendit.</strong></span> <span class='ocrx_word' id='word_1_644' title='bbox 2432 4176 2628 4232; x_wconf 88' lang='lat' dir='ltr'><strong>Dicunt</strong></span> <span class='ocrx_word' id='word_1_645' title='bbox 2654 4176 2868 4248; x_wconf 86' lang='lat' dir='ltr'><strong>Eulogii</strong></span> <span class='ocrx_word' id='word_1_646' title='bbox 2891 4177 3147 4246; x_wconf 90' lang='lat' dir='ltr'><strong>discipuli</strong></span> <span class='ocrx_word' id='word_1_647' title='bbox 3176 4195 3189 4231; x_wconf 90' lang='lat'><strong>:</strong></span> <span class='ocrx_word' id='word_1_648' title='bbox 3221 4176 3340 4232; x_wconf 88' lang='lat' dir='ltr'><strong>Non</strong></span> <span class='ocrx_word' id='word_1_649' title='bbox 3364 4193 3543 4233; x_wconf 90' lang='lat' dir='ltr'><strong>come-</strong></span> 
     </span>
    </p>
   </div>
   <div class='ocr_carea' id='block_1_86' title="bbox 1954 4268 3543 4342">
    <p class='ocr_par' dir='ltr' id='par_1_86' title="bbox 1954 4268 3543 4342">
     <span class='ocr_line' id='line_1_86' title="bbox 1954 4268 3543 4342; baseline 0.001 -18"><span class='ocrx_word' id='word_1_650' title='bbox 1954 4269 2035 4325; x_wconf 87' lang='lat' dir='ltr'><strong>dit</strong></span> <span class='ocrx_word' id='word_1_651' title='bbox 2064 4271 2352 4342; x_wconf 86' lang='lat' dir='ltr'><strong>presbyter</strong></span> <span class='ocrx_word' id='word_1_652' title='bbox 2384 4271 2492 4325; x_wconf 90' lang='lat' dir='ltr'><strong>nisi</strong></span> <span class='ocrx_word' id='word_1_653' title='bbox 2528 4284 2723 4340; x_wconf 90' lang='lat' dir='ltr'><strong>panem</strong></span> <span class='ocrx_word' id='word_1_654' title='bbox 2754 4277 2807 4325; x_wconf 93' lang='lat' dir='ltr'><strong>et</strong></span> <span class='ocrx_word' id='word_1_655' title='bbox 2837 4269 2939 4325; x_wconf 88' lang='lat' dir='ltr'><strong>sal.</strong></span> <span class='ocrx_word' id='word_1_656' title='bbox 2979 4268 3166 4325; x_wconf 87' lang='lat' dir='ltr'><strong>Abbas</strong></span> <span class='ocrx_word' id='word_1_657' title='bbox 3212 4277 3393 4325; x_wconf 89' lang='lat' dir='ltr'><strong>autem</strong></span> <span class='ocrx_word' id='word_1_658' title='bbox 3448 4269 3543 4325; x_wconf 83' lang='lat' dir='ltr'><strong>Jo-</strong></span> 
     </span>
    </p>
   </div>
   <div class='ocr_carea' id='block_1_87' title="bbox 1956 4359 3540 4433">
    <p class='ocr_par' dir='ltr' id='par_1_87' title="bbox 1956 4359 3540 4433">
     <span class='ocr_line' id='line_1_87' title="bbox 1956 4359 3540 4433; baseline 0.001 -15"><span class='ocrx_word' id='word_1_659' title='bbox 1956 4363 2089 4433; x_wconf 86' lang='lat' dir='ltr'><strong>seph</strong></span> <span class='ocrx_word' id='word_1_660' title='bbox 2123 4362 2491 4417; x_wconf 87' lang='lat' dir='ltr'><strong>manducabat</strong></span> <span class='ocrx_word' id='word_1_661' title='bbox 2523 4362 2748 4417; x_wconf 90' lang='lat' dir='ltr'><strong>tacitus.</strong></span> <span class='ocrx_word' id='word_1_662' title='bbox 2786 4359 3038 4431; x_wconf 86' lang='lat' dir='ltr'><strong>Cumque</strong></span> <span class='ocrx_word' id='word_1_663' title='bbox 3062 4362 3401 4418; x_wconf 84' lang='lat' dir='ltr'><strong>mansissent</strong></span> <span class='ocrx_word' id='word_1_664' title='bbox 3421 4363 3540 4420; x_wconf 88' lang='lat' dir='ltr'><strong>dies</strong></span> 
     </span>
    </p>
   </div>
   <div class='ocr_carea' id='block_1_88' title="bbox 1955 4453 3540 4524">
    <p class='ocr_par' dir='ltr' id='par_1_88' title="bbox 1955 4453 3540 4524">
     <span class='ocr_line' id='line_1_88' title="bbox 1955 4453 3540 4524; baseline 0.002 -16"><span class='ocrx_word' id='word_1_665' title='bbox 1955 4463 2091 4516; x_wconf 82' lang='lat' dir='ltr'><strong>tres,</strong></span> <span class='ocrx_word' id='word_1_666' title='bbox 2135 4470 2244 4509; x_wconf 92' lang='lat' dir='ltr'><strong>non</strong></span> <span class='ocrx_word' id='word_1_667' title='bbox 2288 4454 2701 4510; x_wconf 86' lang='lat' dir='ltr'><strong>audierunteos</strong></span> <span class='ocrx_word' id='word_1_668' title='bbox 2720 4453 3016 4524; x_wconf 85' lang='lat' dir='ltr'><strong>psallentes</strong></span> <span class='ocrx_word' id='word_1_669' title='bbox 3046 4461 3141 4508; x_wconf 87' lang='lat' dir='ltr'><strong>aut</strong></span> <span class='ocrx_word' id='word_1_670' title='bbox 3164 4462 3540 4523; x_wconf 83' lang='lat' dir='ltr'><strong>orantes;oe-</strong></span> 
     </span>
    </p>
   </div>
   <div class='ocr_carea' id='block_1_89' title="bbox 252 4535 1848 4621">
    <p class='ocr_par' dir='ltr' id='par_1_89' title="bbox 252 4540 1848 4621">
     <span class='ocr_line' id='line_1_89' title="bbox 252 4540 1848 4621; baseline 0.008 -29"><span class='ocrx_word' id='word_1_671' title='bbox 252 4540 465 4596; x_wconf 74' lang='grc' dir='ltr'>λόντων</span> <span class='ocrx_word' id='word_1_672' title='bbox 497 4545 531 4615; x_wconf 80' lang='grc' dir='ltr'>ἢ</span> <span class='ocrx_word' id='word_1_673' title='bbox 562 4547 875 4616; x_wconf 82' lang='grc' dir='ltr'>εὐχομένων</span> <span class='ocrx_word' id='word_1_674' title='bbox 895 4563 911 4581; x_wconf 80' lang='grc' dir='ltr'><strong><em>ο</em></strong></span> <span class='ocrx_word' id='word_1_675' title='bbox 944 4547 1158 4618; x_wconf 80' lang='grc' dir='ltr'>κρυπτὴ</span> <span class='ocrx_word' id='word_1_676' title='bbox 1186 4547 1297 4618; x_wconf 85' lang='grc' dir='ltr'>γὰρ</span> <span class='ocrx_word' id='word_1_677' title='bbox 1322 4544 1390 4620; x_wconf 79' lang='grc' dir='ltr'>ἦν</span> <span class='ocrx_word' id='word_1_678' title='bbox 1420 4551 1453 4619; x_wconf 82' lang='grc' dir='ltr'>ὴ</span> <span class='ocrx_word' id='word_1_679' title='bbox 1487 4550 1717 4621; x_wconf 80' lang='grc' dir='ltr'>ἐργασία</span> <span class='ocrx_word' id='word_1_680' title='bbox 1754 4551 1848 4605; x_wconf 82' lang='grc' dir='ltr'>αύ-</span> 
     </span>
    </p>
   </div>
   <div class='ocr_carea' id='block_1_90' title="bbox 1953 4535 3539 4621">
    <p class='ocr_par' dir='ltr' id='par_1_90' title="bbox 1958 4543 3539 4619">
     <span class='ocr_line' id='line_1_90' title="bbox 1958 4543 3539 4619; baseline 0.001 -20"><span class='ocrx_word' id='word_1_681' title='bbox 1958 4546 2104 4600; x_wconf 91' lang='lat' dir='ltr'><strong>culta</strong></span> <span class='ocrx_word' id='word_1_682' title='bbox 2138 4547 2283 4602; x_wconf 90' lang='lat' dir='ltr'><strong>enim</strong></span> <span class='ocrx_word' id='word_1_683' title='bbox 2320 4554 2439 4602; x_wconf 87' lang='lat' dir='ltr'><strong>erat</strong></span> <span class='ocrx_word' id='word_1_684' title='bbox 2477 4545 2727 4615; x_wconf 87' lang='lat' dir='ltr'><strong>operatio</strong></span> <span class='ocrx_word' id='word_1_685' title='bbox 2753 4546 2994 4600; x_wconf 91' lang='lat' dir='ltr'><strong>illorum.</strong></span> <span class='ocrx_word' id='word_1_686' title='bbox 3029 4543 3539 4619; x_wconf 83' lang='lat' dir='ltr'><strong>Discesseruntigi-</strong></span> 
     </span>
    </p>
   </div>
   <div class='ocr_carea' id='block_1_91' title="bbox 254 4630 1848 4708">
    <p class='ocr_par' dir='ltr' id='par_1_91' title="bbox 254 4630 1848 4708">
     <span class='ocr_line' id='line_1_91' title="bbox 254 4630 1848 4708; baseline 0.007 -28"><span class='ocrx_word' id='word_1_687' title='bbox 254 4630 391 4688; x_wconf 82' lang='grc' dir='ltr'>τῶν.</span> <span class='ocrx_word' id='word_1_688' title='bbox 416 4634 528 4686; x_wconf 85' lang='lat' dir='ltr'><strong>Kal</strong></span> <span class='ocrx_word' id='word_1_689' title='bbox 557 4632 785 4704; x_wconf 83' lang='grc' dir='ltr'>ἐξῆλθον</span> <span class='ocrx_word' id='word_1_690' title='bbox 825 4634 901 4706; x_wconf 80' lang='grc' dir='ltr'>μὴ</span> <span class='ocrx_word' id='word_1_691' title='bbox 940 4633 1330 4706; x_wconf 71' lang='grc' dir='ltr'>ὠφεληθέντες.</span> <span class='ocrx_word' id='word_1_692' title='bbox 1369 4636 1506 4689; x_wconf 85' lang='grc' dir='ltr'>Κατ’</span> <span class='ocrx_word' id='word_1_693' title='bbox 1535 4639 1848 4708; x_wconf 82' lang='grc' dir='ltr'>οἰκονομίαν</span> 
     </span>
    </p>
   </div>
   <div class='ocr_carea' id='block_1_92' title="bbox 255 4719 1852 4802">
    <p class='ocr_par' dir='ltr' id='par_1_92' title="bbox 255 4719 1852 4802">
     <span class='ocr_line' id='line_1_92' title="bbox 255 4719 1852 4802; baseline 0.007 -30"><span class='ocrx_word' id='word_1_694' title='bbox 255 4719 315 4773; x_wconf 79' lang='grc' dir='ltr'>δὲ</span> <span class='ocrx_word' id='word_1_695' title='bbox 338 4722 554 4790; x_wconf 82' lang='grc' dir='ltr'>γίνεται</span> <span class='ocrx_word' id='word_1_696' title='bbox 582 4725 805 4794; x_wconf 74' lang='grc' dir='ltr'>γνόφος,</span> <span class='ocrx_word' id='word_1_697' title='bbox 834 4727 930 4779; x_wconf 73' lang='grc' dir='ltr'><strong>καὶ</strong></span> <span class='ocrx_word' id='word_1_698' title='bbox 955 4726 1316 4797; x_wconf 79' lang='grc' dir='ltr'>πλανηθέντες</span> <span class='ocrx_word' id='word_1_699' title='bbox 1336 4728 1684 4799; x_wconf 71' lang='grc' dir='ltr'>ὑπέστρεψαν</span> <span class='ocrx_word' id='word_1_700' title='bbox 1715 4731 1852 4802; x_wconf 79' lang='grc' dir='ltr'>πρὸς</span> 
     </span>
    </p>
   </div>
   <div class='ocr_carea' id='block_1_93' title="bbox 256 4814 1851 4895">
    <p class='ocr_par' dir='ltr' id='par_1_93' title="bbox 256 4814 1851 4895">
     <span class='ocr_line' id='line_1_93' title="bbox 256 4814 1851 4895; baseline 0.007 -29"><span class='ocrx_word' id='word_1_701' title='bbox 256 4814 355 4868; x_wconf 69' lang='grc' dir='ltr'>τὸν</span> <span class='ocrx_word' id='word_1_702' title='bbox 380 4818 637 4889; x_wconf 85' lang='grc' dir='ltr'>γέροντα.</span> <span class='ocrx_word' id='word_1_703' title='bbox 671 4821 783 4874; x_wconf 89' lang='lat' dir='ltr'><strong>Kal</strong></span> <span class='ocrx_word' id='word_1_704' title='bbox 817 4821 947 4892; x_wconf 72' lang='grc' dir='ltr'>πρὶν</span> <span class='ocrx_word' id='word_1_705' title='bbox 981 4821 1177 4886; x_wconf 68' lang='grc' dir='ltr'>αὐτοὺς</span> <span class='ocrx_word' id='word_1_706' title='bbox 1202 4821 1451 4895; x_wconf 74' lang='grc' dir='ltr'>κροῦσαι,</span> <span class='ocrx_word' id='word_1_707' title='bbox 1487 4823 1724 4894; x_wconf 73' lang='grc' dir='ltr'>ἥκουσαν</span> <span class='ocrx_word' id='word_1_708' title='bbox 1748 4826 1851 4877; x_wconf 76' lang='grc' dir='ltr'>αύ-</span> 
     </span>
    </p>
   </div>
   <div class='ocr_carea' id='block_1_94' title="bbox 258 4908 1853 4988">
    <p class='ocr_par' dir='ltr' id='par_1_94' title="bbox 258 4908 1853 4988">
     <span class='ocr_line' id='line_1_94' title="bbox 258 4908 1853 4988; baseline 0.006 -27"><span class='ocrx_word' id='word_1_709' title='bbox 258 4908 369 4961; x_wconf 61' lang='lat' dir='ltr'><strong>to&#39;w</strong></span> <span class='ocrx_word' id='word_1_710' title='bbox 399 4910 751 4978; x_wconf 70' lang='grc' dir='ltr'>ψαλλόντωνο</span> <span class='ocrx_word' id='word_1_711' title='bbox 790 4913 887 4966; x_wconf 72' lang='grc' dir='ltr'><strong>καὶ</strong></span> <span class='ocrx_word' id='word_1_712' title='bbox 940 4914 1223 4983; x_wconf 85' lang='grc' dir='ltr'>μείναντες</span> <span class='ocrx_word' id='word_1_713' title='bbox 1272 4916 1363 4968; x_wconf 72' lang='grc' dir='ltr'>ἐπὶ</span> <span class='ocrx_word' id='word_1_714' title='bbox 1417 4915 1574 4977; x_wconf 79' lang='grc' dir='ltr'>πολὺ,</span> <span class='ocrx_word' id='word_1_715' title='bbox 1626 4914 1853 4988; x_wconf 69' lang='grc' dir='ltr'>ὕστερον</span> 
     </span>
    </p>
   </div>
   <div class='ocr_carea' id='block_1_95' title="bbox 264 4997 1855 5078">
    <p class='ocr_par' dir='ltr' id='par_1_95' title="bbox 264 4997 1855 5078">
     <span class='ocr_line' id='line_1_95' title="bbox 264 4997 1855 5078; baseline 0.01 -31"><span class='ocrx_word' id='word_1_716' title='bbox 264 4997 550 5068; x_wconf 75' lang='grc' dir='ltr'>ἱκρουσαν.</span> <span class='ocrx_word' id='word_1_717' title='bbox 591 5004 655 5057; x_wconf 74' lang='grc' dir='ltr'>Οἱ</span> <span class='ocrx_word' id='word_1_718' title='bbox 699 5005 757 5058; x_wconf 84' lang='grc' dir='ltr'><strong>δέ</strong></span> <span class='ocrx_word' id='word_1_719' title='bbox 801 5009 1184 5076; x_wconf 86' lang='grc' dir='ltr'>σιωπήσαντες</span> <span class='ocrx_word' id='word_1_720' title='bbox 1222 5007 1330 5060; x_wconf 82' lang='grc' dir='ltr'><strong>άπὸ</strong></span> <span class='ocrx_word' id='word_1_721' title='bbox 1365 5007 1706 5078; x_wconf 76' lang='grc' dir='ltr'>ψαλμῳδίας,</span> <span class='ocrx_word' id='word_1_722' title='bbox 1742 5010 1855 5063; x_wconf 88' lang='grc' dir='ltr'>ἐδέ-</span> 
     </span>
    </p>
   </div>
   <div class='ocr_carea' id='block_1_96' title="bbox 268 5087 1853 5167">
    <p class='ocr_par' dir='ltr' id='par_1_96' title="bbox 268 5087 1853 5167">
     <span class='ocr_line' id='line_1_96' title="bbox 268 5087 1853 5167; baseline 0.012 -28"><span class='ocrx_word' id='word_1_723' title='bbox 268 5087 424 5153; x_wconf 65' lang='lat' dir='ltr'><strong>Erato</strong></span> <span class='ocrx_word' id='word_1_724' title='bbox 452 5095 653 5160; x_wconf 70' lang='grc' dir='ltr'>αὐτοὺς</span> <span class='ocrx_word' id='word_1_725' title='bbox 682 5096 774 5166; x_wconf 82' lang='grc' dir='ltr'>χαί</span> <span class='ocrx_word' id='word_1_726' title='bbox 783 5114 989 5167; x_wconf 90' lang='grc' dir='ltr'>ροντες.</span> <span class='ocrx_word' id='word_1_727' title='bbox 1013 5098 1123 5151; x_wconf 87' lang='lat' dir='ltr'><strong>Kal</strong></span> <span class='ocrx_word' id='word_1_728' title='bbox 1138 5097 1228 5151; x_wconf 84' lang='grc' dir='ltr'>διὰ</span> <span class='ocrx_word' id='word_1_729' title='bbox 1250 5099 1342 5152; x_wconf 84' lang='grc' dir='ltr'><strong>τὸν</strong></span> <span class='ocrx_word' id='word_1_730' title='bbox 1359 5100 1638 5165; x_wconf 82' lang='grc' dir='ltr'>καύσωνα,</span> <span class='ocrx_word' id='word_1_731' title='bbox 1664 5102 1853 5157; x_wconf 79' lang='grc' dir='ltr'>ἔϐαλον</span> 
     </span>
    </p>
   </div>
   <div class='ocr_carea' id='block_1_97' title="bbox 264 5182 1852 5265">
    <p class='ocr_par' dir='ltr' id='par_1_97' title="bbox 264 5182 1852 5265">
     <span class='ocr_line' id='line_1_97' title="bbox 264 5182 1852 5265; baseline 0.008 -29"><span class='ocrx_word' id='word_1_732' title='bbox 264 5182 318 5230; x_wconf 68' lang='grc' dir='ltr'><strong>οἱ</strong></span> <span class='ocrx_word' id='word_1_733' title='bbox 369 5184 606 5257; x_wconf 78' lang='grc' dir='ltr'>μαθηταὶ</span> <span class='ocrx_word' id='word_1_734' title='bbox 658 5187 923 5257; x_wconf 81' lang='grc' dir='ltr'>Εὐλογίου</span> <span class='ocrx_word' id='word_1_735' title='bbox 974 5190 1053 5253; x_wconf 89' lang='grc' dir='ltr'>εἰς</span> <span class='ocrx_word' id='word_1_736' title='bbox 1096 5190 1156 5242; x_wconf 66' lang='grc' dir='ltr'>τὺ</span> <span class='ocrx_word' id='word_1_737' title='bbox 1207 5189 1496 5260; x_wconf 82' lang='grc' dir='ltr'>βαυκάλιον</span> <span class='ocrx_word' id='word_1_738' title='bbox 1537 5193 1715 5265; x_wconf 76' lang='grc' dir='ltr'>ὓδωρ,</span> <span class='ocrx_word' id='word_1_739' title='bbox 1758 5197 1852 5249; x_wconf 79' lang='grc' dir='ltr'><strong>καὶ</strong></span> 
     </span>
    </p>
   </div>
   <div class='ocr_carea' id='block_1_98' title="bbox 269 5270 1853 5354">
    <p class='ocr_par' dir='ltr' id='par_1_98' title="bbox 269 5270 1853 5354">
     <span class='ocr_line' id='line_1_98' title="bbox 269 5270 1853 5354; baseline 0.009 -30"><span class='ocrx_word' id='word_1_740' title='bbox 269 5270 471 5328; x_wconf 71' lang='grc' dir='ltr'>ξδωκαν</span> <span class='ocrx_word' id='word_1_741' title='bbox 503 5277 658 5349; x_wconf 72' lang='grc' dir='ltr'>αὐτῷ</span> <span class='ocrx_word' id='word_1_742' title='bbox 679 5295 693 5309; x_wconf 83' lang='grc'><strong>”</strong></span> <span class='ocrx_word' id='word_1_743' title='bbox 717 5275 788 5349; x_wconf 80' lang='grc' dir='ltr'>ἦν</span> <span class='ocrx_word' id='word_1_744' title='bbox 824 5279 883 5332; x_wconf 83' lang='grc' dir='ltr'>δὲ</span> <span class='ocrx_word' id='word_1_745' title='bbox 928 5280 1269 5349; x_wconf 85' lang='grc' dir='ltr'>μεμιγμένον</span> <span class='ocrx_word' id='word_1_746' title='bbox 1308 5280 1407 5350; x_wconf 82' lang='grc' dir='ltr'>τῆς</span> <span class='ocrx_word' id='word_1_747' title='bbox 1447 5282 1724 5354; x_wconf 83' lang='grc' dir='ltr'>θαλάσσης</span> <span class='ocrx_word' id='word_1_748' title='bbox 1759 5286 1853 5338; x_wconf 67' lang='grc' dir='ltr'><strong>καὶ</strong></span> 
     </span>
    </p>
   </div>
   <div class='ocr_carea' id='block_1_99' title="bbox 266 5362 1853 5448">
    <p class='ocr_par' dir='ltr' id='par_1_99' title="bbox 266 5362 1853 5448">
     <span class='ocr_line' id='line_1_99' title="bbox 266 5362 1853 5448; baseline 0.009 -35"><span class='ocrx_word' id='word_1_749' title='bbox 266 5362 366 5413; x_wconf 77' lang='grc' dir='ltr'>τοῦ</span> <span class='ocrx_word' id='word_1_750' title='bbox 399 5370 642 5439; x_wconf 80' lang='grc' dir='ltr'>ποταμοῦ</span> <span class='ocrx_word' id='word_1_751' title='bbox 662 5386 676 5400; x_wconf 76' lang='grc' dir='ltr'><strong>ο</strong></span> <span class='ocrx_word' id='word_1_752' title='bbox 710 5370 809 5425; x_wconf 78' lang='grc' dir='ltr'><strong>καὶ</strong></span> <span class='ocrx_word' id='word_1_753' title='bbox 839 5370 946 5423; x_wconf 86' lang='grc' dir='ltr'>οὐκ</span> <span class='ocrx_word' id='word_1_754' title='bbox 974 5368 1212 5440; x_wconf 77' lang='grc' dir='ltr'>ἠδυνήθη</span> <span class='ocrx_word' id='word_1_755' title='bbox 1239 5375 1402 5425; x_wconf 81' lang='grc' dir='ltr'>πιεῖν.</span> <span class='ocrx_word' id='word_1_756' title='bbox 1446 5375 1551 5427; x_wconf 70' lang='grc' dir='ltr'>Καὶ</span> <span class='ocrx_word' id='word_1_757' title='bbox 1587 5377 1642 5427; x_wconf 86' lang='grc' dir='ltr'><strong>ἐν</strong></span> <span class='ocrx_word' id='word_1_758' title='bbox 1675 5376 1853 5448; x_wconf 81' lang='grc' dir='ltr'>ἐαυτῷ</span> 
     </span>
    </p>
   </div>
   <div class='ocr_carea' id='block_1_100' title="bbox 271 5456 1853 5539">
    <p class='ocr_par' dir='ltr' id='par_1_100' title="bbox 271 5456 1853 5539">
     <span class='ocr_line' id='line_1_100' title="bbox 271 5456 1853 5539; baseline 0.011 -34"><span class='ocrx_word' id='word_1_759' title='bbox 271 5456 569 5527; x_wconf 76' lang='grc' dir='ltr'>γενόμενος,</span> <span class='ocrx_word' id='word_1_760' title='bbox 606 5461 927 5535; x_wconf 82' lang='grc' dir='ltr'>προσέπεσε</span> <span class='ocrx_word' id='word_1_761' title='bbox 958 5460 1038 5532; x_wconf 83' lang='grc' dir='ltr'><strong>τῷ</strong></span> <span class='ocrx_word' id='word_1_762' title='bbox 1074 5461 1292 5532; x_wconf 84' lang='grc' dir='ltr'>γέροντι</span> <span class='ocrx_word' id='word_1_763' title='bbox 1327 5464 1520 5533; x_wconf 82' lang='grc' dir='ltr'>μαθεῖν</span> <span class='ocrx_word' id='word_1_764' title='bbox 1556 5466 1727 5521; x_wconf 82' lang='grc' dir='ltr'>θέλων</span> <span class='ocrx_word' id='word_1_765' title='bbox 1752 5468 1853 5539; x_wconf 82' lang='grc' dir='ltr'><strong>τὴν</strong></span> 
     </span>
    </p>
   </div>
   <div class='ocr_carea' id='block_1_101' title="bbox 1959 4637 3540 4708">
    <p class='ocr_par' dir='ltr' id='par_1_101' title="bbox 1959 4637 3540 4708">
     <span class='ocr_line' id='line_1_101' title="bbox 1959 4637 3540 4708; baseline 0.003 -17"><span class='ocrx_word' id='word_1_766' title='bbox 1959 4645 2082 4703; x_wconf 89' lang='lat' dir='ltr'><strong>tur,</strong></span> <span class='ocrx_word' id='word_1_767' title='bbox 2132 4639 2341 4692; x_wconf 90' lang='lat' dir='ltr'><strong>nullum</strong></span> <span class='ocrx_word' id='word_1_768' title='bbox 2397 4637 2578 4708; x_wconf 91' lang='lat' dir='ltr'><strong>adepti</strong></span> <span class='ocrx_word' id='word_1_769' title='bbox 2629 4639 2825 4693; x_wconf 71' lang='lat' dir='ltr'><strong>anima:</strong></span> <span class='ocrx_word' id='word_1_770' title='bbox 2866 4638 3315 4693; x_wconf 88' lang='lat' dir='ltr'><strong>emolumentum.</strong></span> <span class='ocrx_word' id='word_1_771' title='bbox 3368 4637 3540 4695; x_wconf 88' lang='lat' dir='ltr'><strong>Porro</strong></span> 
     </span>
    </p>
   </div>
   <div class='ocr_carea' id='block_1_102' title="bbox 1960 4730 3539 4802">
    <p class='ocr_par' dir='ltr' id='par_1_102' title="bbox 1960 4730 3539 4802">
     <span class='ocr_line' id='line_1_102' title="bbox 1960 4730 3539 4802; baseline 0.001 -16"><span class='ocrx_word' id='word_1_772' title='bbox 1960 4731 2372 4800; x_wconf 88' lang='lat' dir='ltr'><strong>dispensatione</strong></span> <span class='ocrx_word' id='word_1_773' title='bbox 2412 4730 2509 4785; x_wconf 86' lang='lat' dir='ltr'><strong>Dei</strong></span> <span class='ocrx_word' id='word_1_774' title='bbox 2560 4738 2681 4785; x_wconf 89' lang='lat' dir='ltr'><strong>orta</strong></span> <span class='ocrx_word' id='word_1_775' title='bbox 2720 4737 2806 4784; x_wconf 90' lang='lat' dir='ltr'><strong>est</strong></span> <span class='ocrx_word' id='word_1_776' title='bbox 2845 4730 3059 4800; x_wconf 86' lang='lat' dir='ltr'><strong>caligo;</strong></span> <span class='ocrx_word' id='word_1_777' title='bbox 3106 4745 3172 4786; x_wconf 88' lang='lat' dir='ltr'><strong>ac</strong></span> <span class='ocrx_word' id='word_1_778' title='bbox 3203 4731 3414 4802; x_wconf 90' lang='lat' dir='ltr'><strong>evagati</strong></span> <span class='ocrx_word' id='word_1_779' title='bbox 3445 4746 3539 4788; x_wconf 85' lang='lat' dir='ltr'><strong>re-</strong></span> 
     </span>
    </p>
   </div>
   <div class='ocr_carea' id='block_1_103' title="bbox 1962 4820 3543 4893">
    <p class='ocr_par' dir='ltr' id='par_1_103' title="bbox 1962 4820 3543 4893">
     <span class='ocr_line' id='line_1_103' title="bbox 1962 4820 3543 4893; baseline 0 -16"><span class='ocrx_word' id='word_1_780' title='bbox 1962 4825 2104 4878; x_wconf 78' lang='lat' dir='ltr'><strong>versi</strong></span> <span class='ocrx_word' id='word_1_781' title='bbox 2128 4833 2260 4880; x_wconf 83' lang='lat' dir='ltr'><strong>sunt</strong></span> <span class='ocrx_word' id='word_1_782' title='bbox 2289 4823 2356 4877; x_wconf 91' lang='lat' dir='ltr'><strong>ad</strong></span> <span class='ocrx_word' id='word_1_783' title='bbox 2384 4837 2593 4877; x_wconf 86' lang='lat' dir='ltr'><strong>senem.</strong></span> <span class='ocrx_word' id='word_1_784' title='bbox 2620 4820 2891 4893; x_wconf 87' lang='lat' dir='ltr'><strong>Priusque</strong></span> <span class='ocrx_word' id='word_1_785' title='bbox 2919 4836 3083 4893; x_wconf 91' lang='lat' dir='ltr'><strong>quam</strong></span> <span class='ocrx_word' id='word_1_786' title='bbox 3117 4823 3421 4892; x_wconf 88' lang='lat' dir='ltr'><strong>pulsarent,</strong></span> <span class='ocrx_word' id='word_1_787' title='bbox 3449 4839 3543 4877; x_wconf 84' lang='lat' dir='ltr'><strong>au-</strong></span> 
     </span>
    </p>
   </div>
   <div class='ocr_carea' id='block_1_104' title="bbox 1962 4914 3542 4986">
    <p class='ocr_par' dir='ltr' id='par_1_104' title="bbox 1962 4914 3542 4986">
     <span class='ocr_line' id='line_1_104' title="bbox 1962 4914 3542 4986; baseline -0.004 -15"><span class='ocrx_word' id='word_1_788' title='bbox 1962 4917 2180 4972; x_wconf 91' lang='lat' dir='ltr'><strong>dierunt</strong></span> <span class='ocrx_word' id='word_1_789' title='bbox 2210 4932 2306 4972; x_wconf 86' lang='lat' dir='ltr'><strong>eos</strong></span> <span class='ocrx_word' id='word_1_790' title='bbox 2346 4915 2603 4986; x_wconf 84' lang='lat' dir='ltr'><strong>psallere;</strong></span> <span class='ocrx_word' id='word_1_791' title='bbox 2649 4925 2883 4985; x_wconf 88' lang='lat' dir='ltr'><strong>postque</strong></span> <span class='ocrx_word' id='word_1_792' title='bbox 2934 4914 3256 4968; x_wconf 89' lang='lat' dir='ltr'><strong>diuturnum</strong></span> <span class='ocrx_word' id='word_1_793' title='bbox 3299 4924 3542 4984; x_wconf 66' lang='lat' dir='ltr'><strong>tempus.</strong></span> 
     </span>
    </p>
   </div>
   <div class='ocr_carea' id='block_1_105' title="bbox 1960 5004 3542 5077">
    <p class='ocr_par' dir='ltr' id='par_1_105' title="bbox 1960 5004 3542 5077">
     <span class='ocr_line' id='line_1_105' title="bbox 1960 5004 3542 5077; baseline -0.004 -16"><span class='ocrx_word' id='word_1_794' title='bbox 1960 5008 2323 5077; x_wconf 80' lang='lat' dir='ltr'><strong>pulsaverunt</strong></span> <span class='ocrx_word' id='word_1_795' title='bbox 2358 5008 2580 5062; x_wconf 88' lang='lat' dir='ltr'><strong>iterum.</strong></span> <span class='ocrx_word' id='word_1_796' title='bbox 2644 5005 2711 5059; x_wconf 84' lang='lat' dir='ltr'><strong>At</strong></span> <span class='ocrx_word' id='word_1_797' title='bbox 2749 5005 2827 5059; x_wconf 92' lang='lat' dir='ltr'><strong>illi</strong></span> <span class='ocrx_word' id='word_1_798' title='bbox 2880 5004 3100 5060; x_wconf 87' lang='lat' dir='ltr'><strong>silentio</strong></span> <span class='ocrx_word' id='word_1_799' title='bbox 3140 5014 3263 5073; x_wconf 90' lang='lat' dir='ltr'><strong>post</strong></span> <span class='ocrx_word' id='word_1_800' title='bbox 3302 5005 3542 5075; x_wconf 75' lang='lat' dir='ltr'><strong>psalmo-</strong></span> 
     </span>
    </p>
   </div>
   <div class='ocr_carea' id='block_1_106' title="bbox 1957 5092 3542 5165">
    <p class='ocr_par' dir='ltr' id='par_1_106' title="bbox 1957 5092 3542 5165">
     <span class='ocr_line' id='line_1_106' title="bbox 1957 5092 3542 5165; baseline -0.006 -13"><span class='ocrx_word' id='word_1_801' title='bbox 1957 5098 2103 5152; x_wconf 87' lang='lat' dir='ltr'><strong>diam</strong></span> <span class='ocrx_word' id='word_1_802' title='bbox 2148 5097 2310 5159; x_wconf 80' lang='lat' dir='ltr'><strong>facto,</strong></span> <span class='ocrx_word' id='word_1_803' title='bbox 2346 5096 2452 5152; x_wconf 72' lang='lat' dir='ltr'><strong>laeti</strong></span> <span class='ocrx_word' id='word_1_804' title='bbox 2484 5102 2852 5165; x_wconf 87' lang='lat' dir='ltr'><strong>susceperunt</strong></span> <span class='ocrx_word' id='word_1_805' title='bbox 2876 5109 2992 5151; x_wconf 91' lang='lat' dir='ltr'><strong>eos.</strong></span> <span class='ocrx_word' id='word_1_806' title='bbox 3034 5094 3172 5149; x_wconf 85' lang='lat' dir='ltr'><strong>Tum</strong></span> <span class='ocrx_word' id='word_1_807' title='bbox 3207 5092 3417 5164; x_wconf 84' lang='lat' dir='ltr'><strong>Eulogii</strong></span> <span class='ocrx_word' id='word_1_808' title='bbox 3462 5092 3542 5143; x_wconf 83' lang='lat' dir='ltr'><strong>di-</strong></span> 
     </span>
    </p>
   </div>
   <div class='ocr_carea' id='block_1_107' title="bbox 1958 5186 3538 5261">
    <p class='ocr_par' dir='ltr' id='par_1_107' title="bbox 1958 5186 3538 5261">
     <span class='ocr_line' id='line_1_107' title="bbox 1958 5186 3538 5261; baseline -0.008 -14"><span class='ocrx_word' id='word_1_809' title='bbox 1958 5191 2151 5261; x_wconf 90' lang='lat' dir='ltr'><strong>scipuli</strong></span> <span class='ocrx_word' id='word_1_810' title='bbox 2180 5202 2399 5261; x_wconf 88' lang='lat' dir='ltr'><strong>propter</strong></span> <span class='ocrx_word' id='word_1_811' title='bbox 2414 5197 2605 5244; x_wconf 59' lang='lat' dir='ltr'><strong>aestum</strong></span> <span class='ocrx_word' id='word_1_812' title='bbox 2630 5190 2977 5244; x_wconf 87' lang='lat' dir='ltr'><strong>immiserunt</strong></span> <span class='ocrx_word' id='word_1_813' title='bbox 2998 5203 3194 5258; x_wconf 90' lang='lat' dir='ltr'><strong>aquam</strong></span> <span class='ocrx_word' id='word_1_814' title='bbox 3218 5187 3273 5240; x_wconf 90' lang='lat' dir='ltr'><strong>in</strong></span> <span class='ocrx_word' id='word_1_815' title='bbox 3293 5186 3538 5245; x_wconf 73' lang='lat' dir='ltr'><strong>bancaln,</strong></span> 
     </span>
    </p>
   </div>
   <div class='ocr_carea' id='block_1_108' title="bbox 1962 5277 3539 5351">
    <p class='ocr_par' dir='ltr' id='par_1_108' title="bbox 1962 5277 3539 5351">
     <span class='ocr_line' id='line_1_108' title="bbox 1962 5277 3539 5351; baseline -0.005 -14"><span class='ocrx_word' id='word_1_816' title='bbox 1962 5298 2025 5338; x_wconf 90' lang='lat' dir='ltr'><strong>ac</strong></span> <span class='ocrx_word' id='word_1_817' title='bbox 2057 5283 2328 5339; x_wconf 91' lang='lat' dir='ltr'><strong>dederunt</strong></span> <span class='ocrx_word' id='word_1_818' title='bbox 2352 5284 2400 5337; x_wconf 84' lang='lat' dir='ltr'><strong>ei</strong></span> <span class='ocrx_word' id='word_1_819' title='bbox 2429 5299 2444 5347; x_wconf 87' lang='lat'><strong>;</strong></span> <span class='ocrx_word' id='word_1_820' title='bbox 2476 5293 2593 5338; x_wconf 87' lang='lat' dir='ltr'><strong>erat</strong></span> <span class='ocrx_word' id='word_1_821' title='bbox 2627 5292 2809 5336; x_wconf 86' lang='lat' dir='ltr'><strong>autem</strong></span> <span class='ocrx_word' id='word_1_822' title='bbox 2844 5296 2984 5351; x_wconf 88' lang='lat' dir='ltr'><strong>aqua</strong></span> <span class='ocrx_word' id='word_1_823' title='bbox 3014 5281 3276 5350; x_wconf 90' lang='lat' dir='ltr'><strong>permista</strong></span> <span class='ocrx_word' id='word_1_824' title='bbox 3306 5278 3372 5332; x_wconf 91' lang='lat' dir='ltr'><strong>de</strong></span> <span class='ocrx_word' id='word_1_825' title='bbox 3404 5277 3539 5330; x_wconf 87' lang='lat' dir='ltr'><strong>mari</strong></span> 
     </span>
    </p>
   </div>
   <div class='ocr_carea' id='block_1_109' title="bbox 1960 5368 3541 5444">
    <p class='ocr_par' dir='ltr' id='par_1_109' title="bbox 1960 5368 3541 5444">
     <span class='ocr_line' id='line_1_109' title="bbox 1960 5368 3541 5444; baseline -0.006 -13"><span class='ocrx_word' id='word_1_826' title='bbox 1960 5386 2013 5431; x_wconf 90' lang='lat' dir='ltr'><strong>et</strong></span> <span class='ocrx_word' id='word_1_827' title='bbox 2039 5374 2306 5431; x_wconf 83' lang='lat' dir='ltr'><strong>ﬂumine:</strong></span> <span class='ocrx_word' id='word_1_828' title='bbox 2348 5389 2448 5429; x_wconf 86' lang='lat' dir='ltr'><strong>nec</strong></span> <span class='ocrx_word' id='word_1_829' title='bbox 2488 5374 2666 5444; x_wconf 87' lang='lat' dir='ltr'><strong>potuit</strong></span> <span class='ocrx_word' id='word_1_830' title='bbox 2708 5373 2914 5428; x_wconf 85' lang='lat' dir='ltr'><strong>bibere.</strong></span> <span class='ocrx_word' id='word_1_831' title='bbox 2955 5371 3109 5425; x_wconf 87' lang='lat' dir='ltr'><strong>Tunc</strong></span> <span class='ocrx_word' id='word_1_832' title='bbox 3150 5368 3407 5438; x_wconf 83' lang='lat' dir='ltr'><strong>Eulogius</strong></span> <span class='ocrx_word' id='word_1_833' title='bbox 3450 5381 3541 5421; x_wconf 85' lang='lat' dir='ltr'><strong>sc-</strong></span> 
     </span>
    </p>
   </div>
   <div class='ocr_carea' id='block_1_110' title="bbox 1960 5461 3542 5537">
    <p class='ocr_par' dir='ltr' id='par_1_110' title="bbox 1960 5461 3542 5537">
     <span class='ocr_line' id='line_1_110' title="bbox 1960 5461 3542 5537; baseline -0.004 -15"><span class='ocrx_word' id='word_1_834' title='bbox 1960 5484 2084 5522; x_wconf 88' lang='lat' dir='ltr'><strong>cum</strong></span> <span class='ocrx_word' id='word_1_835' title='bbox 2120 5477 2406 5535; x_wconf 88' lang='lat' dir='ltr'><strong>reputans,</strong></span> <span class='ocrx_word' id='word_1_836' title='bbox 2443 5465 2675 5537; x_wconf 84' lang='lat' dir='ltr'><strong>procidit</strong></span> <span class='ocrx_word' id='word_1_837' title='bbox 2726 5465 2864 5529; x_wconf 86' lang='lat' dir='ltr'><strong>seni,</strong></span> <span class='ocrx_word' id='word_1_838' title='bbox 2909 5476 2967 5516; x_wconf 88' lang='grc' dir='ltr'><strong>ιιι</strong></span> <span class='ocrx_word' id='word_1_839' title='bbox 3021 5463 3256 5516; x_wconf 77' lang='lat' dir='ltr'><strong>disceret</strong></span> <span class='ocrx_word' id='word_1_840' title='bbox 3294 5461 3542 5531; x_wconf 73' lang='lat' dir='ltr'><strong>ipsorum</strong></span> 
     </span>
    </p>
   </div>
   <div class='ocr_carea' id='block_1_111' title="bbox 348 5615 2039 5697">
    <p class='ocr_par' dir='ltr' id='par_1_111' title="bbox 348 5615 2039 5697">
     <span class='ocr_line' id='line_1_111' title="bbox 348 5615 2039 5697; baseline 0.006 -26"><span class='ocrx_word' id='word_1_841' title='bbox 348 5615 490 5675; x_wconf 83' lang='lat' dir='ltr'><strong>“Al.</strong></span> <span class='ocrx_word' id='word_1_842' title='bbox 523 5621 585 5675; x_wconf 80' lang='grc' dir='ltr'>τὸ</span> <span class='ocrx_word' id='word_1_843' title='bbox 617 5620 847 5695; x_wconf 87' lang='grc' dir='ltr'>μέτρον.</span> <span class='ocrx_word' id='word_1_844' title='bbox 932 5621 976 5653; x_wconf 78' lang='grc'><strong>⁸⁷</strong></span> <span class='ocrx_word' id='word_1_845' title='bbox 1012 5621 1099 5675; x_wconf 81' lang='lat' dir='ltr'><strong>Al.</strong></span> <span class='ocrx_word' id='word_1_846' title='bbox 1127 5622 1319 5690; x_wconf 75' lang='grc' dir='ltr'>αὐτῆς.</span> <span class='ocrx_word' id='word_1_847' title='bbox 1398 5623 1440 5654; x_wconf 70' lang='grc'><strong>⁸⁸</strong></span> <span class='ocrx_word' id='word_1_848' title='bbox 1474 5623 1557 5677; x_wconf 70' lang='lat' dir='ltr'><strong>Al.</strong></span> <span class='ocrx_word' id='word_1_849' title='bbox 1591 5626 2039 5697; x_wconf 74' lang='grc' dir='ltr'>ἁρχιεπισκόπου.</span> 
     </span>
    </p>
   </div>
   <div class='ocr_carea' id='block_1_112' title="bbox 335 5779 1149 5859">
    <p class='ocr_par' dir='ltr' id='par_1_112' title="bbox 335 5779 1149 5859">
     <span class='ocr_line' id='line_1_112' title="bbox 335 5779 1149 5859; baseline 0.002 -26"><span class='ocrx_word' id='word_1_850' title='bbox 335 5779 541 5859; x_wconf 72' lang='lat'><strong>(26-27)</strong></span> <span class='ocrx_word' id='word_1_851' title='bbox 580 5784 687 5841; x_wconf 75' lang='lat' dir='ltr'><strong>Vit.</strong></span> <span class='ocrx_word' id='word_1_852' title='bbox 723 5783 890 5837; x_wconf 84' lang='lat' dir='ltr'><strong>Patr.</strong></span> <span class='ocrx_word' id='word_1_853' title='bbox 932 5795 1055 5844; x_wconf 85' lang='grc' dir='ltr'>νιιι,</span> <span class='ocrx_word' id='word_1_854' title='bbox 1096 5782 1149 5835; x_wconf 75' lang='grc'>4.</span> 
     </span>
    </p>
   </div>
   <div class='ocr_carea' id='block_1_113' title="bbox 566 5871 1253 5943">
    <p class='ocr_par' dir='ltr' id='par_1_113' title="bbox 566 5871 1253 5943">
     <span class='ocr_line' id='line_1_113' title="bbox 566 5871 1253 5943; baseline -0.019 1"><span class='ocrx_word' id='word_1_855' title='bbox 566 5881 864 5943; x_wconf 66' lang='lat' dir='ltr'><strong>Parnm.</strong></span> <span class='ocrx_word' id='word_1_856' title='bbox 899 5872 1019 5934; x_wconf 84' lang='lat' dir='ltr'><strong>Gn.</strong></span> <span class='ocrx_word' id='word_1_857' title='bbox 1063 5871 1253 5938; x_wconf 58' lang='lat' dir='ltr'><strong>LXV,</strong></span> 
     </span>
    </p>
   </div>
  </div>
