4032 6334
485 353 583 414 ΠΙ
1611 344 1960 402 ΛΡΡΕΝΒΙΧ
1996 344 2088 401 ΔΙ)
2126 343 2548 402 ΡΑιιΔῡιυι.
3653 344 3752 402 ne

486 468 708 526 vivendi
729 467 1027 536 rationem,
1083 467 1333 536 dixitque
1367 484 1380 521 :
1409 465 1584 530 Abba,
1625 463 1757 535 quid
1803 474 1887 521 est
1933 464 2070 520 hoc?

2170 465 2455 534 διαγωγὴν
2486 461 2672 527 αὐτοῦ,
2709 460 2916 533 λέγων’
2963 461 3152 528 ’Δϐϐἂ,
3202 462 3256 515 τί
3287 463 3405 516 ἔστι
3432 459 3626 532 τοῦτος
3670 466 3753 518 ὅτι

485 563 659 618 Antea
679 578 789 617 non
820 561 1156 634 psallebatis,
1193 561 1287 616 sed
1314 556 1477 613 mo'do
1518 564 1808 628 postquam
1858 559 2066 628 egressi

2165 557 2227 610 τδ
2263 556 2481 628 πρῶτον
2513 555 2612 608 οὐκ
2648 554 2928 625 ὲψάλλετε,
2956 554 3092 609 ἀλλά
3121 554 3218 608 νῦν
3259 555 3394 626 μετᾶ
3423 554 3486 608 τὸ
3518 553 3750 622 ἐξελθεῖν

490 654 698 712 fuimus
724 673 738 709 :
763 660 819 708 et
850 653 1062 710 baucali
1088 667 1237 707 nunc
1261 657 1505 720 sumpto,
1537 662 1734 718 aquam
1763 647 1942 701 inveni
1966 648 2068 703 sal-

2165 649 2316 720 ἠμᾶς
2336 665 2351 678 ο
2377 646 2556 701 καὶτὸ
2588 645 2880 717 βαυκάλιον
2904 647 2961 702 δὲ
2989 645 3085 701 νῦν
3107 645 3312 712 λαϐὼν,
3334 641 3494 718 εὗρον
3519 646 3580 701 τὸ
3607 645 3752 721 ὕδωρ

489 763 629 806 sam.
664 746 969 817 Respondit
1020 759 1187 800 senex
1224 741 1462 798 :Frater
1500 743 1736 800 stolidus
1765 751 1868 809 est,
1905 753 2067 814 atque

2169 737 2436 810 ἁλμυρόν.
2487 737 2650 806 Λέγει
2688 736 2838 808 αὐτῷ
2879 739 2907 790 6
2945 737 3154 807 γέρων·
3215 737 3273 791 '0
3314 737 3542 806 ἀδελφὸς
3593 738 3751 803 σαλός

485 854 556 896 ex
584 850 770 892 errore
798 834 1116 905 permiscuit
1145 848 1342 904 aquam
1379 835 1671 890 marinam.
1697 833 1958 905 Eulogius
1984 849 2068 890 ve-

2167 828 2307 893 ἐστι,
2337 829 2431 882 καὶ
2459 827 2600 882 κατά
2630 826 2839 898 πλάνην
2873 827 3060 898 ἔμιξεν
3093 826 3225 881 αὐτὸ
3258 827 3568 886 θαλάσσιον.
3611 830 3670 882 '0
3697 829 3752 883 δὲ

486 943 549 982 ro
598 927 826 1000 rogabat
857 942 1063 993 senem,
1102 927 1330 997 cupiens
1377 926 1458 983 rei
1501 928 1786 982 veritatem
1831 927 2062 983 discere.

2167 921 2426 990 Εύλόγιος
2457 920 2758 991 παρεκάλει
2797 921 2889 975 τὸν
2925 919 3180 992 γέροντα,
3213 921 3382 975 θέλων
3429 922 3624 992 μαθεῖν
3655 923 3752 994 τὴν

490 1019 630 1074 Dicit
674 1019 724 1075 ei
775 1034 987 1075 senex:
1031 1019 1126 1074 llle
1156 1035 1358 1089 parvus
1403 1019 1516 1074 vini
1565 1021 1728 1084 calix,
1781 1019 2067 1080 cbaritatis

2167 1011 2443 1084 ἀλήθειαν.
2486 1013 2596 1065 Καὶ
2635 1012 2788 1081 λέγει
2824 1012 2972 1084 αὐτῷ
3000 1015 3028 1066 6
3058 1012 3275 1086 γέρωνο
3311 1013 3521 1067 Ἐκεῖνο
3562 1013 3627 1067 τὸ
3659 1033 3748 1086 μι-

483 1106 628 1173 fuit;
659 1109 776 1164 hac
803 1124 936 1165 vero
963 1124 1125 1179 aqua,
1173 1117 1338 1179 potus
1366 1118 1449 1164 est
1481 1109 1708 1164 fratrum
1752 1119 2063 1180 perpetuus.

2167 1105 2300 1176 κρὸν
2331 1106 2590 1178 ποτήριον
2629 1105 2723 1158 τοῦ
2751 1105 2920 1171 οἴνου,
2965 1107 3067 1175 τῆς
3105 1107 3327 1178 ἀγάπης
3354 1102 3455 1179 ἦν’
3489 1107 3651 1162 τοῦτο
3694 1110 3750 1162 δὲ

490 1202 666 1272 Atque
703 1202 892 1256 docuit
919 1217 1043 1257 eum
1081 1200 1466 1257 discretionem
1502 1203 1924 1274 cogitationum;
1972 1203 2068 1258 ab-

2166 1197 2228 1250 τὸ
2251 1196 2416 1269 ὓδωρ,
2437 1196 2466 1250 ὃ
2493 1197 2742 1251 πίνουσιν
2765 1198 2815 1250 οἱ
2849 1198 3071 1266 ἀδελφοὶ
3097 1197 3411 1262 διαπαντός.
3448 1198 3551 1252 Καὶ
3579 1199 3751 1253 ἐδίδα-

492 1291 764 1361 sciditque
816 1292 886 1347 ab
926 1292 1045 1362 ipso
1093 1292 1330 1346 humana
1367 1293 1569 1346 omnia.
1610 1292 1747 1348 Tum
1797 1292 1970 1348 evasit
2011 1293 2065 1346 in

2169 1287 2259 1354 ξεν
2295 1289 2459 1342 αὐτὸν
2489 1289 2588 1360 τὴν
2629 1288 2906 1358 διάκρισιν
2950 1287 3060 1341 τῶν
3085 1288 3383 1360 λογισμῶν,
3428 1289 3522 1343 καὶ
3557 1290 3753 1359 ἔκοψεν

490 1386 794 1441 (economia
827 1401 923 1442 seu
957 1385 1373 1456 dispensatione
1416 1386 1628 1455 peritus
1663 1405 1674 1440 :
1707 1400 1772 1441 ac
1813 1386 2066 1455 deinceps

2169 1380 2263 1432 ἀπ’
2291 1380 2455 1434 αὐτοῦ
2483 1381 2664 1434 πάντα
2686 1381 2754 1434 τά
2784 1378 3122 1452 ἀνθρώπινα.
3159 1382 3272 1435 Καὶ
3297 1381 3521 1449 γέγονεν
3544 1383 3752 1434 οἰκονο-

489 1475 810 1531 comedebat
840 1475 1106 1546 quidquid
1139 1475 1243 1544 ipsi
1273 1475 1669 1544 apponebatur.
1702 1474 1901 1530 Didicit
1923 1475 2069 1546 pari-

2171 1473 2330 1545 μικός
2355 1473 2399 1504 ⁶⁹
2433 1472 2546 1544 (29)
2568 1489 2582 1504 ·
2618 1473 2713 1526 καὶ
2747 1472 2933 1526 λοιπὸν
2963 1473 3117 1543 ἤσθιε
3151 1473 3328 1526 πάντα
3357 1473 3424 1527 τὰ
3458 1473 3755 1543 παρατιῦέ-

488 1575 594 1630 ter,
629 1566 744 1639 ipse
778 1583 994 1638 quoque
1023 1566 1239 1637 operari
1288 1566 1342 1620 in
1385 1567 1620 1622 occulto.
1654 1566 1894 1623 Tandem
1950 1568 2068 1622 seni

2174 1583 2332 1637 μενα,
2359 1565 2454 1618 καὶ
2469 1563 2640 1635 ἔμαθε
2669 1565 2764 1620 καὶ
2784 1565 2946 1628 αὐτὸς
2969 1568 3027 1618 ἐν
3049 1564 3127 1635 τῷ
3148 1565 3376 1636 κρυπτῷ
3400 1565 3755 1636 ἐργάζεσθαι,

491 1657 806 1724 afﬁrmavit,
839 1676 1024 1716 veram
1067 1677 1191 1718 esse
1238 1676 1302 1718 ac
1332 1659 1556 1716 minime
1591 1659 1841 1716 fallacem
1874 1675 2066 1716 eorum

2170 1656 2270 1710 καὶ
2303 1652 2422 1709 εἷπε
2449 1655 2526 1727 τῷ
2559 1656 2806 1729 γέροντι·
2846 1658 3051 1719 Ὄντως
3081 1657 3138 1708 ἐν
3167 1654 3396 1727 ἀληθείᾳ
3420 1656 3570 1712 ἐστὶν
3596 1657 3631 1727 ἠ
3667 1657 3758 1728 ἐρ-

492 1753 886 1824 operationem.

2098 1819 2133 1824 _
2169 1747 2336 1817 γασία
2363 1747 2392 1799 ὑ
2401 1747 2540 1818 μῶν.
2786 1737 2811 1751 ’

981 1863 1062 1919 De
1086 1863 1275 1919 abbate
1300 1863 1584 1933 Euprepio.
2097 1819 2146 1879 Β
2531 1863 2573 1912 Il

2097 1819 2146 1879 Β
2531 1858 2676 1927 Περὶ
2713 1859 2818 1912 τοῦ
2846 1858 2995 1913 ἀϐϐἇ
3031 1857 3393 1925 Εὐπρεπίου.

565 1955 617 2009 1.
648 1955 794 2010 Dixit
820 1956 987 2013 abbas
1012 1956 1321 2029 Euprepius
1353 1977 1368 2014 :
1406 1959 1604 2015 Certus
1639 1960 1782 2030 apud
1820 1970 1872 2016 te
1898 1960 2067 2016 Deum

2239 1958 2308 2004 a'.
2356 1949 2523 2004 Εἶπεν
2554 1953 2582 2003 6
2618 1951 2790 2015 ἀϐϐἄς
2839 1951 3182 2022 Εὑπρέπιος·
3223 1951 3424 2020 Ἔχων,
3465 1950 3652 2021 φησὶν,
3698 1951 3754 2002 ὲν

494 2044 706 2100 fidelem
750 2061 872 2102 esse
902 2061 966 2102 ac
991 2056 1295 2117 potentem,
1328 2048 1383 2103 in
1422 2050 1572 2103 illum
1607 2051 1789 2114 crede,
1819 2059 1872 2106 et
1896 2051 2067 2122 parti-

2170 2043 2369 2114 ἐαυτῷ,
2419 2039 2558 2096 εἶναι
2602 2043 2791 2096 πιστὸν
2821 2043 2911 2097 τὸν
2940 2043 3070 2097 Θεὸν
3107 2044 3199 2095 καὶ
3241 2043 3484 2106 δυνατὸν,
3530 2044 3753 2097 πίστευε

490 2150 619 2207 ceps
646 2135 742 2193 fies
770 2153 959 2193 eorum
987 2155 1108 2210 qua:
1132 2141 1280 2197 illius
1315 2147 1465 2196 sunt.
1499 2139 1659 2206 Quod
1684 2141 1731 2197 si
1763 2143 1950 2197 animo
1973 2144 2068 2200 ἀει

2172 2134 2252 2197 είς
2284 2133 2467 2198 αὐτὸν,
2499 2135 2594 2187 καὶ
2635 2133 2880 2204 μεθέξεις
2908 2134 3016 2187 τῶν
3045 2133 3233 2188 αὐτοῦ.
3272 2135 3334 2188 Et
3357 2135 3413 2187 δὲ
3445 2135 3754 2206 ὀλιγωρεῖς,

487 2225 695 2296 jiceris,
727 2243 1071 2300 nequaquam
1110 2231 1313 2288 credis.
1347 2232 1480 2287 Item
1519 2231 1762 2288 :Omnes
1794 2234 2068 2290 credimus

2169 2225 2230 2279 οὐ
2281 2226 2584 2289 πιστεύεις.
2633 2227 2746 2282 Καὶ
2791 2226 2872 2278 ὃτι
2912 2227 3112 2290 πάντες
3159 2224 3486 2297 πιστεύομεν
3532 2226 3757 2279 δυνατὶν

487 2330 613 2370 eum
649 2326 922 2386 potentem
954 2334 1099 2380 esse,
1135 2327 1189 2374 et
1218 2328 1416 2374 cuncta
1450 2320 1551 2390 ipsi
1593 2336 1719 2376 esse
1754 2323 2065 2392 possibilia.

2171 2315 2336 2369 αὐτὸν
2371 2313 2532 2379 εἶναι,
2585 2313 2678 2369 καὶ
2709 2315 3041 2387 πιστεύομεν
3087 2319 3170 2370 ὅτι
3217 2317 3396 2370 πάντα
3436 2316 3586 2386 αὐτῷ
3641 2320 3757 2372 ἐστι

489 2403 686 2461 Verum
715 2407 824 2461 tuis
847 2423 1064 2478 quoque
1101 2410 1154 2463 in
1186 2411 1353 2467 rebus
1371 2413 1533 2468 crede
1588 2411 1690 2480 illi,
1729 2413 1856 2482 quia
1901 2413 2067 2467 etiam

2176 2409 2397 2465 δυνατά.
2440 2407 2602 2460 Ἀλλά
2625 2409 2721 2463 καὶ
2750 2410 2808 2463 ὲν
2832 2411 2945 2472 τοῖς
2971 2413 3082 2472 σοῖς
3108 2410 3330 2463 πίστευε
3360 2412 3417 2462 ὲν
3444 2409 3594 2480 αὐτῷ
3615 2411 3755 2482 πρά-

490 2497 547 2550 ἰη
588 2502 642 2551 tc
672 2497 784 2552 edit
818 2498 995 2566 signa.
1782 2504 1788 2510 ’

1782 2504 1788 2510 ’
2169 2515 2391 2570 γμασιν,
2423 2499 2502 2551 ὅτι
2535 2499 2629 2552 καὶ
2656 2501 2714 2553 ἐν
2749 2500 2832 2552 σοὶ
2861 2502 3003 2552 ποιεῖ
3033 2502 3251 2572 σημεῖα.

555 2589 610 2643 2.
646 2589 760 2659 (28)
797 2588 942 2644 ldem
976 2606 1101 2645 cum
1141 2592 1494 2664 diriperetur,
1528 2610 1635 2649 una
1662 2611 1785 2650 cum
1826 2595 2068 2666 direpto-

2240 2590 2301 2660 β’.
2354 2590 2411 2643 '0
2441 2590 2602 2654 αὐτὸς
2629 2590 2960 2662 συλούμενος
3020 2593 3330 2663 συνεπῆρεν
3365 2593 3572 2656 αὐτοῖς.
3596 2592 3752 2646 Μετά

485 2675 641 2731 ribus
704 2677 912 2746 deiecta
972 2678 1205 2734 levabat.
1257 2681 1393 2735 Cum
1447 2691 1626 2738 autem
1689 2691 2066 2753 asportassent

2167 2681 2224 2735 δὲ
2253 2681 2313 2734 τὸ
2345 2682 2724 2748 ἀποϐαστάξαι
2753 2684 2952 2747 αὐτοὺς
2974 2683 3205 2738 τάἕνδον
3228 2686 3478 2756 κείμενα,
3507 2687 3754 2738 καταλει-

487 2784 609 2839 qua:
638 2769 786 2824 intus
829 2777 987 2825 erant
1043 2773 1257 2841 posita,
1305 2781 1361 2829 et
1411 2775 1762 2845 reliquissent
1810 2776 2064 2832 baculum

2167 2773 2391 2842 ψάντων
2422 2774 2604 2828 αὐτῶν
2631 2775 2731 2844 τὴν
2783 2775 2978 2845 ῥάϐδον
3007 2776 3225 2840 ἑαυτοῦ,
3255 2776 3330 2840 ὡς
3356 2776 3559 2848 ταύτην
3594 2777 3751 2830 €055:-

487 2875 670 2925 suum,
703 2867 762 2913 ut
789 2860 940 2915 illum
978 2864 1264 2932 conspexit
1319 2865 1490 2921 abbas
1519 2865 1846 2938 Euprepius,
1897 2867 2066 2923 mole-

2170 2879 2302 2914 σατο
2332 2865 2360 2916 6
2383 2861 2558 2925 ἀϐϐἅς
2592 2865 2927 2936 Εὑπρέπιος,
2963 2864 3236 2935 ἠχθέσθη·
3283 2866 3380 2919 καὶ
3418 2864 3600 2919 λαϐὼν
3655 2869 3752 2919 ἐςτ-

487 2948 592 3004 stia
621 2949 845 3006 affectus
874 2958 985 3018 est;
1011 2959 1064 3007 et
1092 2953 1392 3024 accipiens,
1412 2959 1656 3012 cucurrit
1682 2969 1801 3028 post
1817 2974 1913 3013 eos
1937 2959 2064 3014 red-

2167 2953 2376 3025 έτρεχε,
2411 2953 2731 3026 βουλόμενος
2773 2955 3086 3010 ἀποδοῦναι.
3115 2956 3235 3009 Τῶν
3271 2956 3327 3009 δὲ
3372 2955 3447 3027 μὴ
3489 2956 3753 3010 θελόντων

485 3039 649 3094 dendi
682 3041 884 3095 animo.
918 3042 1030 3098 lllis
1060 3059 1184 3098 vero
1213 3046 1534 3103 nolentibus
1570 3063 1808 3115 sumere,
1833 3065 1896 3103 ac
1921 3050 2064 3105 veri-

2164 3045 2438 3112 δέξασθαι,
2471 3047 2609 3100 ἀλλά
2633 3047 2888 3102 δεδιότων
2911 3051 2988 3120 μὴ
3020 3048 3128 3120 ἄρα
3167 3066 3219 3102 τι
3249 3049 3496 3116 γέγονεν,
3528 3065 3751 3120 περιτυ-

486 3130 558 3186 tis
582 3147 647 3186 ne
669 3131 800 3201 quid
827 3131 1140 3197 accidisset,
1176 3135 1446 3204 quosdam
1481 3137 1784 3204 offendens,
1803 3140 1981 3195 oravit
2003 3149 2062 3194 ut

2165 3137 2276 3206 χών
2297 3155 2428 3205 τισι,
2454 3138 2606 3208 ἠξίου
2633 3140 2962 3212 ἀποδοθῆναι
2979 3141 3045 3194 δι’
3073 3140 3255 3194 αὐτῶν
3285 3139 3500 3210 ῥάϐδον,
3527 3141 3626 3212 τὴν
3651 3142 3751 3194 αύ-

485 3223 613 3294 quia
635 3223 775 3278 idem
804 3223 907 3278 iter
936 3226 1287 3296 peragebant,
1317 3228 1572 3283 baculum
1607 3230 1918 3286 redderent.

1167 3236 1287 3291 lant,
1317 3228 1572 3283 baculum
1607 3230 1918 3286 redderent.
2097 3223 2132 3230 V
2165 3230 2263 3302 τὴν
2298 3231 2593 3285 ὁδευόντων
2616 3232 2759 3286 ὁδόν.

554 3313 608 3368 5.
642 3313 854 3369 Dictum
885 3321 970 3369 est
997 3315 1210 3373 abbatis
1241 3315 1497 3390 Euprepii
1530 3320 1907 3391 :Corporalia,
1942 3337 2062 3377 ma-

2227 3331 2298 3394 γ⁴.
2358 3321 2528 3379 Εἶπεν
2566 3329 2593 3379 6
2626 3327 2802 3390 ἁϐϐᾶς
2846 3327 3179 3398 Εὑπρέπιος,
3212 3329 3295 3381 ὅτι
3342 3327 3410 3381 τά
3458 3328 3751 3399 σωματικά

486 3406 620 3461 teria
662 3413 811 3462 sunt.
853 3406 959 3473 Qui
992 3406 1170 3480 diligit
1214 3410 1499 3476 mundum,
1539 3413 1868 3468 offendicula
1894 3421 2058 3470 amat.

2163 3417 2261 3487 ὕλη
2305 3416 2463 3471 εἰσίν.
2512 3417 2570 3470 ’0
2600 3418 2831 3486 ἀγαπῶν
2874 3419 2967 3473 τὸν
3006 3419 3210 3491 κόσμον
3241 3421 3432 3491 ἀγαπᾷ
3466 3419 3750 3490 προσκόμ-

486 3497 543 3554 Si
575 3515 704 3570 ergo
754 3501 1047 3572 contigerit
1089 3512 1150 3557 ut
1181 3506 1499 3563 amittamus
1528 3506 1758 3578 aliquid,
1790 3521 1904 3561 rem
1935 3522 2060 3562 cum

2165 3521 2333 3574 ματα.
2389 3504 2568 3577 Εἴπερ
2603 3502 2698 3560 οὖν
2733 3508 2917 3580 συμϐῇ
2951 3509 3004 3561 τί
3051 3527 3182 3563 ποτε
3229 3509 3551 3574 ἀπολέσθαι,
3590 3508 3753 3562 τοῦτο

483 3590 683 3660 gaudio
710 3601 764 3646 et
794 3591 974 3649 laudis
1016 3593 1370 3653 confessione
1426 3598 1676 3670 accipere
1722 3606 1968 3670 oportet,
2000 3606 2061 3654 ut

2165 3595 2304 3665 μετά
2346 3598 2524 3668 χαρᾶς
2569 3598 2664 3650 καὶ
2715 3597 3163 3674 ἐξομολογήσεως
3213 3601 3464 3673 δέχεσθαι
3519 3600 3618 3663 δεῖ,
3672 3600 3751 3663 ὡς

483 3682 576 3752 qui
610 3683 760 3739 curis
791 3683 1006 3741 liberati
1028 3687 1318 3745 fuerimus;

2163 3688 2462 3757 φροντίδων
2489 3687 2925 3758 ἀπαλλαγέντας.

554 3773 607 3828 ι.
643 3773 835 3830 Frater
864 3777 1113 3834 abbatem
1137 3778 1468 3852 Euprepium
1512 3782 1870 3852 interrogavit
1892 3781 1961 3838 de
1984 3783 2060 3837 vi-

2228 3781 2290 3833 8’.
2354 3780 2608 3848 Ἀδελφὸς
2653 3781 2909 3853 ἠρώτησε
2945 3783 3035 3837 τὸν
3065 3785 3240 3839 ἀϐϐἄν
3270 3787 3586 3859 Εὺπρέπιον
3615 3792 3751 3860 περὶ

483 3873 558 3920 ta.
607 3865 674 3920 Et
719 3868 1000 3938 respondit
1047 3884 1215 3926 senex
1261 3890 1274 3927 :
1312 3870 1517 3928 Fenum
1563 3873 1817 3941 comede,
1871 3874 2056 3930 fenum

2159 3871 2328 3941 ζωῆς.
2380 3873 2491 3927 Καὶ
2534 3869 2688 3926 εἷπεν
2735 3877 2764 3928 6
2815 3875 3028 3946 γέρων·
3067 3877 3273 3949 Χόρτον
3331 3881 3492 3949 φάγε,
3555 3881 3751 3953 χόρτον

484 3965 656 4028 gesta,
690 3959 744 4013 in
794 3957 922 4016 feno
973 3959 1170 4016 dormi.
1206 3961 1322 4018 Hoc
1352 3971 1459 4029 est,
1507 3974 1798 4022 contemne
1835 3974 2056 4031 cuncta,

2159 3965 2412 4033 φόρεσον,
2443 3967 2522 4029 εἰς
2555 3967 2748 4038 χόρτον
2777 3967 2995 4039 κοιμοῦ,
3027 3971 3303 4039 τουτέστι,
3337 3973 3555 4029 πάντων
3574 3991 3751 4029 κατα-

483 4064 577 4102 cor
616 4056 797 4104 autem
827 4049 1015 4107 obtine
1046 4049 1304 4108 ferreum.

2159 4053 2368 4125 φρόνει,
2400 4055 2499 4126 τὴν
2533 4055 2588 4108 δὲ
2627 4057 2856 4127 καρδίαν
2877 4059 3115 4130 κέκτησο
3144 4061 3384 4132 σιδηρᾶν.

550 4138 604 4191 5.
643 4137 833 4195 Frater
880 4140 1239 4211 interrogavit
1271 4145 1522 4200 eumdem
1557 4161 1772 4210 senem,
1807 4147 1996 4203 dicens
2037 4166 2051 4202 :

2237 4152 2298 4198 ε’.
2360 4146 2614 4216 Ἀδελφὸς
2657 4148 2909 4220 ἠρώτησε
2935 4150 3024 4204 τὸν
3055 4153 3214 4205 αὐτὸν
3253 4153 3502 4225 γέροντα.
3535 4152 3747 4225 λέγων·

479 4225 600 4294 Quo
637 4237 801 4297 pacto
835 4229 1058 4286 advenit
1091 4231 1252 4287 timor
1277 4232 1370 4289 Dei
1395 4235 1448 4288 in
1482 4237 1842 4291 animam?Et
1865 4238 1938 4292 ait
1971 4253 2057 4292 se—

2161 4234 2286 4298 Πῶς
2320 4236 2538 4307 ἔρχεται
2571 4238 2599 4290 6
2628 4238 2794 4308 φόϐος
2838 4239 2933 4293 τοῦ
2975 4241 3109 4294 Θεοῦ
3153 4245 3234 4306 εἰς
3261 4244 3359 4314 τὴν
3387 4243 3598 4316 ψυχήν;
3635 4247 3750 4300 Καὶ

479 4334 582 4372 nex
616 4337 630 4374 :
669 4317 726 4373 Si
774 4319 938 4373 homo
970 4321 1225 4377 habuerit
1273 4323 1657 4391 humilitatem,
1693 4329 1828 4382 nihil
1863 4343 2054 4398 posse-

2156 4321 2310 4380 εἶπεν
2341 4330 2368 4380 6
2397 4328 2576 4400 γέρων
2595 4344 2609 4358 ⁸
2649 4330 2775 4384 Ἐὰν
2813 4331 2912 4405 ἔχῃ
2943 4333 3231 4405 ἄνθρωπος
3259 4335 3356 4406 τὴν
3387 4335 3745 4400 ταπείνωσιν,

481 4409 641 4473 derit,
673 4423 772 4464 nec
805 4409 1153 4479 iudicaverit,
1179 4413 1359 4469 veniet
1392 4415 1447 4468 in
1475 4430 1598 4470 eum
1629 4418 1793 4472 timor
1830 4417 1943 4475 Dei.

2157 4420 2251 4474 καὶ
2288 4422 2387 4490 τὴν
2425 4423 2836 4494 ἀκτημοσύνην,
2883 4427 2980 4479 καὶ
3012 4427 3074 4481 τὸ
3127 4427 3203 4499 μὴ
3248 4429 3478 4500 κρίνειν,
3521 4429 3748 4502 ἔρχεται

2087 4509 2132 4564 D
2161 4510 2310 4582 αὐτῴ
2339 4514 2367 4565 6
2397 4512 2558 4581 φόϐος
2584 4514 2679 4568 τοῦ
2709 4514 2869 4571 Θεοῦ.

438 4600 453 4639 .’
552 4581 606 4636 6.
635 4582 778 4638 fdem
810 4582 949 4638 dixit
985 4604 998 4639 :
1025 4584 1213 4640 Timor
1241 4600 1365 4640 cum
1397 4587 1704 4645 humilitate
1731 4601 1786 4646 et
1804 4593 2030 4649 ciborun

2228 4581 2302 4669 ς’.
2352 4605 2410 4658 'U
2456 4606 2620 4671 αὐτὸς
2649 4603 2768 4660 εἷπε
2786 4625 2798 4637 ·
2829 4609 2996 4674 Φόϐος
3024 4613 3120 4665 καὶ
3149 4611 3497 4679 ταπείνωσις,
3524 4612 3617 4667 καὶ
3665 4614 3753 4668 ἕν-

480 4674 798 4744 indigentia,
838 4675 1117 4748 luctuque,
1158 4687 1465 4748 perseveret
1495 4688 1694 4738 tecum.

2154 4695 2270 4748 δεια
2296 4697 2534 4766 τροφῶν,
2564 4699 2658 4751 καὶ
2691 4698 2881 4764 πένθος
2905 4701 3208 4772 διαμενέτω
3237 4721 3335 4756 σοι.

442 4808 450 4836 ί
553 4761 603 4817 7.
647 4763 705 4870 in
758 4764 1030 4835 principio
1073 4782 1174 4822 suo
1221 4769 1391 4826 abbas
1442 4769 1746 4842 Euprepius
1793 4777 1942 4832 venit
1985 4794 2034 4834 ac

2216 4785 2282 4850 ζ’.
2334 4761 2654 4858 Παρέϐαλεν
2694 4791 2752 4843 ὲν
2782 4761 2922 4863 ἀργῇ
2971 4761 3138 4845 αὑτοῦ
3169 4795 3197 4846 6
3225 4794 3396 4860 ἀϐϐᾶς
3425 4797 3748 4870 Εὐπρέπιός

477 4853 766 4923 quemdam
790 4870 976 4912 senem
1005 4873 1021 4923 ;
1051 4858 1140 4912 cui
1171 4857 1308 4914 dixit
1332 4879 1346 4914 :
1380 4861 1556 4926 Abba,
1575 4863 1758 4934 profer
1782 4867 1912 4923 mibi
1938 4885 2054 4926 ser-

2156 4893 2260 4930 τινι
2288 4853 2523 4949 γέροντι,
2556 4881 2651 4932 καὶ
2678 4853 2835 4950 λέγει’
2857 4853 3032 4954 αύτῷο
3081 4884 3271 4948 Ἀϐϐἄ,
3299 4853 3421 4940 εἰπέ
3449 4853 3561 4958 μοιι
3579 4853 3748 4958 λόγςᾷ

477 4959 721 5013 munem,
771 4947 1051 5017 quomodo
1087 4950 1272 5006 salvus
1301 4950 1448 5009 (iam.
1500 4952 1844 5026 Respondit:
1883 4959 1941 5016 Si
1969 4961 2054 5019 vis

2157 4967 2274 5033 πῶς
2305 4947 2486 5025 σωθῶ.
2534 4972 2592 5025 ’0
2625 4972 2681 5025 δὲ
2703 4947 2858 5028 εἶπεν
2891 4947 3074 5049 αὐτῷ’
3116 4947 3263 5033 Ἐὰν
3285 4947 3742 5053 θέλῃξσωθῆνὲη

475 5036 707 5092 salutem
761 5040 1050 5111 consequi,
1089 5055 1214 5096 cum
1253 5043 1457 5101 invises
1491 5046 1748 5119 aliquem,
1787 5065 1858 5106 ne
1894 5061 2050 5110 ante-

2156 5060 2282 5116 ὅταν
2326 5062 2652 5136 παραϐάλῃς
2697 5069 2824 5130 τινὶ,
2883 5068 2958 5140 μὴ
3008 5036 3285 5144 προλάϐῃς
3333 5036 3562 5146 λαλῆσαι

473 5135 656 5184 vertas
683 5129 833 5200 loqui
867 5139 994 5187 ante
1017 5148 1182 5203 quam
1204 5133 1514 5204 inquisierit
1541 5153 1572 5194 a
1605 5147 1678 5197 te.
1714 5142 1805 5198 Ille
1826 5159 1956 5199 vero
1981 5145 2051 5200 ad

2156 5129 2421 5218 ἐξετάσει-
2442 5172 2524 5212 σε.
2569 5129 2627 5211 ’ὁ
2653 5157 2709 5212 δὲ
2750 5129 2842 5213 ἐπὶ
3007 5129 3150 5234 λόγῳ
3178 5129 3506 5235 κατανυγείς

473 5215 530 5272 id
558 5219 708 5273 verbi
739 5227 1129 5290 compunctus,
1174 5222 1460 5282 inclinavit
1502 5244 1563 5286 se
1589 5233 1805 5288 veniam
1836 5243 2047 5304 petens,

2158 5215 2466 5314 μετάνοιαν,
2518 5247 2694 5316 λέγων
2716 5263 2730 5278 ⁸
2773 5215 2986 5318 Ὄντως

472 5308 717 5380 dixitque
751 5328 764 5366 :
793 5309 956 5368 Certe
970 5313 1176 5370 inultos
1209 5315 1312 5388 legi
1337 5318 1526 5388 libros,
1563 5321 1831 5392 ejusmodi
1860 5331 2044 5381 tamen

2156 5308 2248 5390 καὶ
2303 5308 2560 5411 τοιαύτην
2594 5308 2856 5398 ’παιδείαν
2896 5308 3108 5404 οὐδέπω

471 5405 874 5460 institutionem
909 5405 1153 5461 nondum
1173 5410 1424 5479 cognovi.
1457 5411 1634 5483 Atque
1659 5415 1890 5471 utilitate
1915 5431 2044 5486 per-
2152 5425 2452 5499 ὠφεληθεὶς
2483 5405 2736 5504 ὲξῆλθεν.ᾑ

468 5500 624 5561 cepta
653 5509 909 5565 egressus
939 5504 1046 5553 est.

539 5603 584 5636 "
611 5605 694 5660 Al.
721 5610 1212 5676 συγκαταϐατικός.

471 5693 746 5818 tumibvlf.
777 5696 934 5752 Joan.
975 5698 1164 5757 Geom.
1198 5702 1403 5762 Parad.
1431 5723 1511 5776 ep.
1559 5709 1657 5776 88;
1711 5711 1909 5772 Raderi
1945 5715 2036 5772 γε.

566 5802 612 5821 ..
704 5775 765 5819 tt.
802 5766 948 5821 Patr.
979 5785 1053 5821 vr.
1082 5772 1133 5821 9.

2155 5715 2769 5821 “ﬁglgﬁfreﬁtfe‘e,
2790 5726 3063 5821 Pelagius,
3083 5735 3400 5803 communis,
3415 5751 3478 5793 ac
3499 5735 3546 5794 si
3581 5753 3747 5810 repe-

566 5780 612 5831 .;
664 5772 765 5819 Vit.
802 5772 948 5822 Patr.
979 5785 1053 5836 vr,
1082 5772 1133 5827 9.
1459 5772 1469 5776 ⁷
1647 5772 1655 5776 ⁷
2149 5801 2158 5841 t

1459 5772 1469 5776 ⁷
1647 5772 1655 5776 ⁷
2149 5772 2621 5858 τίεέθιέιετειυῆ
2652 5772 2979 5861 mining;
