4032 6334
284 387 376 451 173

648 505 790 573 Περὶ
827 501 934 557 τοῦ
980 500 1129 558 ἀϐϐᾶ
1179 500 1484 557 Ἐλαδίου.

347 625 414 676 α’.
436 615 674 687 Ἔλεγον
688 614 930 689 περὶτοῦ
953 614 1096 669 ἀϐϐἄ
1128 615 1368 670 Ἐλαδίου
1387 616 1477 682 ⁸⁸⁸,
1501 616 1583 671 ὅτι
1601 617 1860 688 ἐποίησεν

1450 381 2064 441 APOPIITHEGMATA
2108 383 2421 443 PATZEUM.

1890 515 1945 576 Δ

3450 393 3555 449 1⁸15

2487 503 2566 558 De
2585 503 2772 561 abbate
2805 505 3024 564 Etadio.

2036 616 2087 670 1.
2131 615 2243 688 (50)
2275 616 2505 672 Aiebam
2537 617 2604 673 de
2647 618 2842 676 abbate
2872 619 3083 688 Eladio,
3128 623 3401 680 mansisse
3429 639 3554 682 eum

295 712 444 768 εἴκοσι
496 709 597 780 ἐτη
648 711 732 772 είς
771 707 843 761 τά
893 706 1119 772 Κελλία,
1152 709 1246 763 καὶ
1275 710 1376 762 οὐκ
1422 703 1527 780 ἦρέ
1569 725 1700 764 ποτε
1733 709 1862 772 τοὺς

2001 723 2138 764 nnos
2159 708 2350 780 viginti
2378 709 2434 764 in
2463 708 2645 774 Collis,
2691 727 2792 768 nec
2829 714 3123 773 sustulisse
3155 715 3397 787 unquam
3430 732 3557 772 ocu-

294 804 588 876 όφθαλμοὺς
623 803 758 866 ἀνω,
788 801 913 854 ἰδεῖν
944 801 1042 873 τὴν
1075 801 1272 872 στέγην
1304 801 1406 871 τῆς
1433 801 1748 874 ἐκκλησίας.

354 899 415 970 β’.
465 897 696 964 Ἔλεγον
745 896 874 966 περὶ
913 894 1008 949 τοῦ
1055 893 1219 948 αὐτοῦ
1276 893 1422 948 ἀϐϐᾶ
1477 895 1743 959 Ἐλαδίου,
1781 896 1865 950 ὅτι

296 992 442 1062 ἄρτον
485 988 585 1043 καὶ
636 987 773 1050 ἃλας
817 986 1027 1058 ἤσθιεν.
1073 988 1200 1039 Ὅτε
1248 980 1340 1041 οὖν
1378 983 1509 1058 ἦλθε
1539 987 1602 1040 τὸ
1646 987 1864 1058 Πάσχα,

297 1083 492 1150 ἔλεγεν,
519 1081 606 1134 ὅτι
640 1079 704 1133 Οἱ
735 1078 954 1147 ἀδελφοὶ
969 1077 1133 1150 ἄρτον
1162 1078 1256 1132 καὶ
1281 1077 1415 1142 ἃλας
1431 1078 1729 1132 ἐσθίουσιν·
1756 1076 1868 1148 ἐγὼ

270 1175 348 1248 ¹δὲ
390 1171 624 1242 ὤφειλον
668 1170 862 1242 μικρὸν
909 1170 1079 1224 κόπον
1129 1169 1354 1240 ποιῆσαι
1398 1169 1488 1223 διὰ
1533 1168 1595 1222 τὸ
1653 1169 1866 1239 Πάσχα.

307 1263 513 1334 Ἐπειδὴ
540 1263 641 1326 τὰς
669 1262 833 1325 ἄλλας
859 1261 1072 1332 ἡμέρας
1101 1259 1414 1332 καθήμενος
1439 1261 1606 1316 ἐσθίω
1625 1278 1638 1292 ·
1669 1261 1763 1315 νῦν
1788 1263 1870 1316 ὅτι

297 1357 478 1426 Πάσχα
510 1354 652 1418 ἐστὶ,
687 1354 902 1422 ποιήσω
923 1351 1014 1404 τὸν
1048 1350 1239 1418 κόπον,
1271 1349 1558 1422 ἱστάμενος
1584 1351 1795 1406 ἐσθίων.

663 1533 804 1601 Περὶ
840 1530 948 1586 τοῦ
978 1522 1131 1586 ἀόὄᾶ
1166 1532 1485 1602 Εὐαγρίου.

358 1655 426 1704 α’.
471 1641 645 1703 Εἶπεν
670 1648 701 1699 ό
724 1645 898 1710 άϐϐᾶς
927 1645 1199 1716 Εὑάγριος
1220 1660 1235 1676 ⁶
1273 1644 1654 1716 Καθεζόμενος
1701 1649 1759 1700 ἐν
1797 1646 1877 1719 τῷ

301 1739 506 1810 κελλίῳ,
527 1737 803 1807 συνάγαγέ
827 1755 921 1791 σου
942 1737 1033 1791 τὸν
1047 1737 1308 1808 λογισμόν
1326 1753 1340 1768 ·
1362 1737 1632 1809 μνήσθητι
1665 1740 1878 1812 ἡμέρας

1965 800 2048 856 los
2075 801 2131 854 in
2155 801 2348 867 altum,
2375 810 2437 856 ut
2469 802 2718 858 ecclesiae
2743 813 2945 861 tectum
2967 809 3457 880 contemplaretur.

2036 891 2092 948 2.
2122 890 2200 948 De
2225 891 2416 948 eodem
2439 892 2634 949 abbate
2667 893 2856 950 Eladio
2883 899 3212 967 retulerunt,
3245 901 3389 971 quod
3417 915 3558 970 pano

1968 991 2023 1039 et
2069 983 2184 1040 sale
2225 993 2558 1042 vesceretur.
2585 987 2718 1041 Cum
2763 1001 2894 1058 ergo
2941 991 3183 1046 venisset
3211 989 3445 1056 Pascha,
3473 991 3560 1048 di-

1970 1075 2129 1132 cebat
2165 1093 2180 1132 :
2219 1075 2440 1134 Fratres
2481 1093 2676 1149 panem
2715 1087 2771 1134 et
2813 1079 2892 1134 sal
2925 1081 3257 1139 comedunt:
3290 1098 3392 1156 ego
3423 1098 3560 1141 vero

1970 1175 2196 1236 propter
2238 1166 2473 1231 Pascha,
2503 1167 2676 1224 debeo
2725 1170 2974 1224 nonnihil
3007 1171 3215 1228 laboris
3248 1175 3560 1246 suscipere.

1972 1255 2424 1328 Quandoquidem
2457 1258 2580 1312 aliis
2607 1258 2802 1312 diebus
2842 1260 3039 1317 sedens
3063 1264 3337 1319 manduco
3366 1282 3380 1319 :
3414 1280 3563 1322 nunc

1973 1349 2100 1420 quia
2134 1347 2342 1404 Pascha
2372 1359 2476 1415 εει,
2511 1350 2722 1405 navabo
2748 1365 2996 1420 operam,
3037 1353 3168 1408 etin
3207 1354 3376 1425 pedes
3402 1363 3562 1412 stans

1976 1439 2282 1496 comedam.

2471 1552 2549 1608 De
2583 1553 2772 1610 abbate
2811 1552 3063 1627 Evagrio.

2050 1664 2102 1718 1.
2128 1664 2238 1734 (51)
2264 1663 2407 1720 Dixit
2440 1665 2612 1721 abbas
2636 1667 2904 1738 Evagrius
2936 1667 3289 1726 :Cumsedes
3313 1670 3368 1726 in
3405 1673 3564 1739 cella,

1979 1757 2175 1827 collige
2204 1765 2440 1810 mentem
2473 1764 2659 1823 tuam;
2691 1765 2989 1813 memento
3021 1759 3130 1816 diei
3167 1765 3399 1828 mortis;
3434 1771 3567 1820 tunc

301 1831 524 1885 θανάτου
541 1846 554 1860 ·
593 1829 672 1884 ῐδε
698 1829 818 1882 τότε
851 1827 944 1882 τοῦ
970 1827 1223 1898 σώματος
1249 1829 1348 1900 τὴν
1377 1829 1645 1900 νέκρωσιν
1665 1847 1676 1858 ·
1709 1832 1878 1885 ἐννόει

2001 1850 2102 1906 ride
2128 1850 2376 1920 corporis
2417 1849 2933 1909 mortiﬁcationem:
2963 1853 3144 1923 cogita
3174 1855 3567 1923 calamitatem;

300 1921 388 1993 τὴν
433 1921 749 1992 συμφοράν·
787 1920 920 1972 λαϐὲ
952 1919 1045 1972 τὸν
1093 1919 1290 1972 πόνονο
1324 1919 1637 1988 κατάγνωθι
1675 1921 1776 1992 τῆς
1817 1924 1876 1976 ἐν

2001 1939 2218 1994 aborem
2249 1953 2503 2007 assume;
2531 1938 2834 1994 condemna
2863 1942 3160 1998 vanitatem
3195 1945 3424 2012 mundi;
3455 1960 3568 2016 quo

302 2015 370 2086 τῷ
407 2014 601 2085 κόσμῳ
650 2013 1047 2084 ματαιότητοςο
1098 2011 1252 2075 ὅπως
1297 2011 1534 2083 δυνηθῇς
1586 2012 1879 2078 διαπαντὸς

305 2109 480 2178 μένειν
508 2109 567 2160 ἐν
596 2109 663 2177 τῇ
695 2105 955 2176 προθέσει
982 2105 1080 2175 τῆς
1117 2104 1374 2176 ἡσυχίας,
1409 2106 1504 2159 καὶ
1542 2105 1616 2178 μὴ
1649 2105 1881 2178 ἀσθενή-

304 2214 413 2271 σῃς.
467 2197 761 2268 Μνήσθητι
793 2197 851 2250 δέ
885 2196 978 2249 καὶ
1008 2195 1111 2267 τῆς
1141 2198 1200 2250 ἐν
1227 2197 1307 2264 τῷ
1334 2197 1436 2271 ᾄδῃ
1470 2196 1564 2251 νῦν
1605 2200 1882 2254 καταστά-

305 2311 464 2356 σεως·
497 2292 715 2360 λογίζου
749 2292 810 2345 τὸ
850 2291 969 2355 πῶς
1011 2293 1150 2345 εἰσιν
1191 2292 1306 2344 ἐκεῖ
1339 2293 1396 2344 αἱ
1434 2289 1622 2361 ψυχαὶ,
1654 2291 1714 2344 ἐν
1754 2289 1884 2362 ποίᾳ

305 2386 574 2457 δεινοτάτῃ
605 2385 811 2455 σιωπῇ,
849 2383 909 2435 ἐν
939 2381 1080 2453 ποίῳ
1106 2381 1426 2453 πικροτάτῳ
1453 2380 1766 2451 στεναγμῷ,
1790 2380 1885 2434 καὶ

306 2475 508 2546 πηλίκῳ
548 2473 700 2546 φόϐῳ
730 2476 825 2529 καὶ
864 2473 1036 2544 ἀγῶνι
1070 2475 1164 2530 καὶ
1193 2475 1524 2546 προσδοκίᾳο
1573 2473 1672 2544 τὴν
1704 2473 1885 2527 ἀπαυ-

310 2582 420 2619 στον
458 2564 679 2636 ὀδύνην,
735 2565 796 2618 τὸ
835 2563 1065 2635 ψυχικὸν
1121 2564 1215 2618 καὶ
1269 2563 1576 2636 ἀπέραντον
1626 2562 1881 2633 δάκρυον.

319 2656 469 2711 Ἀλλά
494 2659 591 2711 καὶ
617 2659 830 2729 ἡμέρας
861 2655 1213 2721 ἀναστάσεως
1246 2655 1538 2728 μνήσθητι,
1572 2657 1666 2709 καὶ
1708 2672 1887 2726 παρα-

309 2751 543 2814 στάσεως
571 2750 672 2819 τῆς
709 2750 846 2818 πρὸς
881 2749 972 2804 τὸν
1021 2749 1154 2802 Θεόν
1176 2766 1191 2782 ·
1223 2749 1496 2818 φαντάζου
1519 2748 1580 2802 τὸ
1615 2747 1890 2819 φρικῶδες

308 2843 396 2897 καὶ
433 2843 668 2914 φοϐερὸν
707 2843 886 2895 ἐκεῖνο
917 2844 1112 2913 κρῖμα.
1153 2842 1288 2908 ’Δγε
1327 2843 1407 2904 εἰς
1441 2841 1604 2910 μέσον
1642 2841 1711 2894 τά
1748 2839 1888 2892 ἀπο-

309 2935 531 3005 κείμενα
559 2935 671 2997 τοῖς
708 2933 1137 3004 ἁμαρτάνουσιν,
1172 2932 1437 3003 αἰσχύνην
1474 2932 1573 3003 τὴν
1629 2932 1747 2986 κατ’
1806 2933 1892 2984 ἐν·-

319 3029 484 3083 ὠπιον
505 3028 602 3082 τοῦ
627 3029 763 3082 Θεοῦ
794 3029 889 3082 καὶ
912 3029 1158 3098 ἀγγέλων
1179 3032 1272 3083 καὶ
1286 3030 1638 3101 ἀρχαγγέλων
1652 3030 1744 3083 καὶ
1759 3029 1894 3084 πάν-

311 3134 410 3172 των
455 3119 787 3190 ἀνθρώπων,
833 3119 1082 3172 τουτέστι
1122 3119 1478 3190 κολαστήρια,
1515 3119 1625 3190 πῦρ
1653 3118 1890 3185 αἰώνιον,

315 3211 567 3282 σκώληκα
613 3210 705 3264 τὸν
743 3211 1068 3281 ἀκοίμητον,
1104 3210 1195 3265 τὸν
1234 3211 1526 3282 τάρταρον,
1569 3210 1629 3263 τὸ
1680 3210 1890 3273 σκότος,

269 3307 281 3332 ’
310 3305 396 3358 τὸν
416 3306 525 3357 τῶν
554 3305 783 3358 ὀδόντων
816 3303 1081 3374 βρυγμὸν,
1106 3304 1232 3366 τοὺς
1255 3303 1453 3372 φόϐους
1479 3303 1575 3355 καὶ
1600 3303 1700 3366 τὰς
1727 3302 1896 3373 βασά-

311 3416 447 3461 νους.
475 3399 612 3466 Ἀγε
639 3397 703 3468 δὴ
729 3397 822 3450 καὶ
843 3396 910 3449 τά
932 3399 1044 3459 τοῖς
1065 3396 1295 3459 δικαίοις
1326 3395 1668 3466 ἀποκείμενα
1692 3394 1893 3463 ἀγαθὰ,

312 3490 623 3562 παρρησίαν
645 3490 744 3560 τὴν
778 3487 917 3560 μετὰ
943 3487 1078 3541 Θεοῦ
1100 3487 1318 3558 Πατρὸς
1335 3487 1429 3541 κοιλ⁴
1450 3487 1686 3559 Χριστοῦ
1708 3485 1894 3551 αὐτοῦ,

311 3583 556 3651 ἀγγέλων
597 3582 694 3636 καὶ¹
742 3580 1130 3653 ἀρχαγγέλων,
1181 3580 1276 3634 καὶ¹
1329 3579 1531 3644 παντὸς
1568 3580 1742 3651 δήμου
1789 3579 1898 3631 τῶν

313 3676 502 3743 ἁγίων,
543 3674 824 3745 βασιλείαν
856 3673 1126 3744 οὐρανῶν,
1152 3673 1247 3726 καὶ
1279 3673 1347 3725 τὰ
1369 3671 1572 3742 ταύτης
1601 3672 1899 3742 δωρήματα

311 3767 404 3837 τὴν
442 3767 622 3838 χαρὰν
675 3768 770 3820 καὶ
820 3766 920 3834 τὴν
953 3765 1159 3837 ταύτης
1198 3765 1522 3818 ἀπόλαυσιν.
1585 3764 1895 3834 Ἐκατέρων

310 3857 509 3911 τούτων
536 3858 636 3929 τὴν
667 3861 888 3930 μνήμην
919 3857 1018 3926 ἄγε
1056 3857 1296 3928 σεαυτῷ·
1321 3857 1416 3910 καὶ
1441 3856 1536 3909 ἐπὶ
1569 3854 1667 3926 μὲν
1692 3857 1758 3925 τῇ
1790 3853 1896 3906 τῶν

310 3948 651 4020 ἁμαρτωλῶν
683 3949 865 4019 κρίσει
898 3947 1190 4018 δάκρυσον,
1229 3946 1522 4016 πένθησον,
1560 3944 1898 4014 φοϐούμενος

315 4043 388 4114 μὴ
426 4044 521 4096 καὶ
554 4044 618 4096 σὺ
649 4042 812 4105 αὐτὸς
841 4043 897 4094 ἐν
925 4041 1132 4104 τούτοις
1162 4040 1322 4110 γένῃι
1353 4040 1445 4091 ἐπὶ
1460 4039 1516 4091 δὲ
1541 4041 1654 4102 τοῖς
1676 4039 1899 4090 ἀποκει-

314 4130 497 4197 μένοις
526 4132 641 4193 τοίς
679 4130 934 4193 δικαίοις,
965 4132 1121 4201 χαῖρε
1151 4129 1244 4181 καὶ
1280 4127 1597 4199 εὐφραίνου.
1631 4128 1742 4180 Καὶ
1771 4126 1897 4178 τού-

311 4236 417 4272 των
453 4221 552 4291 μὲν
590 4220 895 4275 σπούδασον
926 4221 984 4271 ἐν
1015 4218 1316 4272 ἀπολαύσει
1346 4216 1624 4285 γενέσθαι,
1672 4217 1768 4269 καὶ
1804 4215 1899 4268 ἀλ-

310 4309 662 4384 λοτριοῦσθαι
701 4313 950 4366 ἐκείνων.
1010 4312 1153 4383 Ὅρα
1205 4311 1280 4382 μὴ
1322 4311 1554 4382 ἐπιλάϐῃ
1588 4311 1740 4375 ποτὲ,
1797 4309 1899 4362 κᾶν

1982 2031 2163 2102 possis
2187 2045 2408 2086 manere
2434 2045 2650 2101 semper
2681 2030 2737 2085 in
2780 2031 2979 2102 quieta:
3007 2034 3133 2090 vitae
3159 2037 3440 2107 proposito
3466 2051 3570 2092 nec

1981 2125 2039 2178 in
2067 2122 2436 2178 infirmitatem
2462 2123 2694 2178 incidas.
2731 2121 2942 2178 Memor
2981 2140 3202 2196 quoque
3232 2133 3352 2183 esto
3389 2134 3566 2182 status

1982 2216 2268 2287 praesentis
2309 2216 2365 2270 in
2416 2213 2630 2271 inferno
2665 2233 2681 2271 :
2733 2224 2924 2286 reputa
2952 2218 3412 2288 quemadmodum
3446 2221 3562 2276 illic

1985 2305 2186 2377 degant
2224 2307 2441 2372 animae,
2494 2305 2548 2359 in
2577 2321 2686 2376 quo
2741 2308 3064 2377 gravissimo
3105 2310 3344 2374 silentio,
3382 2311 3437 2365 in
3459 2326 3570 2380 quo

1986 2397 2330 2451 amarissimo
2356 2396 2581 2466 gemitu,
2613 2397 2667 2450 in
2699 2398 2847 2466 quali
2877 2401 3094 2462 timore,
3128 2400 3450 2462 certamine,
3473 2415 3572 2457 ex-

1989 2488 2361 2560 spectatione;
2393 2496 2585 2558 reputa
2625 2503 2906 2558 nunquam
2929 2489 3271 2545 desinentem
3301 2490 3570 2558 dolorem,

1989 2583 2260 2653 lacrymas
2283 2580 2482 2635 animae
2506 2595 2710 2650 easque
2736 2580 3135 2637 interminatas.
3172 2582 3279 2637 Sed
3311 2591 3364 2637 et
3386 2598 3575 2638 recor-

1991 2674 2119 2728 dare
2142 2672 2249 2727 diei
2289 2670 2734 2736 resurrectionis,
2766 2685 2829 2724 ac
2862 2671 3215 2727 cxhibitionis
3247 2671 3315 2726 ad
3347 2671 3515 2727 Deum
3553 2689 3571 2728 :

1992 2762 2293 2833 imaginare
2325 2760 2587 2816 horribile
2634 2760 3088 2831 tremendumque
3119 2761 3252 2816 illud
3279 2761 3573 2832 judicium.

1996 2853 2189 2909 Profer
2217 2852 2274 2907 in
2304 2851 2545 2908 medium
2579 2867 2701 2922 qua:
2727 2851 2970 2921 reposita
3008 2860 3136 2906 sunt
3168 2854 3572 2923 peccatoribus,

1995 2946 2349 3018 ignominiam
2379 2959 2563 3000 coram
2607 2943 2739 3008 Deo,
2766 2945 2995 3014 angelis,
3029 2944 3389 3015 archangelis,
3440 2961 3578 2998 cun-

1995 3036 2099 3092 ctis
2121 3035 2471 3102 hominibus;
2496 3035 2788 3105 supplicia,
2811 3035 2991 3104 ignem
3011 3035 3426 3105 sempiternum,
3455 3049 3578 3088 ver-

1998 3143 2142 3183 mem
2198 3141 2478 3198 nunquam
2530 3126 2917 3192 dormientem,
2954 3133 3244 3192 tartarum,
3299 3127 3576 3190 tenebras,

2006 3219 2298 3276 stridorem
2335 3217 2606 3282 dentium,
2633 3225 2895 3282 terrores,
2930 3225 3220 3273 tormenta.
3259 3217 3451 3273 Profer
3479 3233 3578 3290 pa-

2002 3310 2136 3364 riter
2158 3307 2325 3378 justis
2357 3307 2498 3362 bona
2523 3307 2785 3376 reposita,
2820 3307 3074 3362 fiduciam
3097 3323 3222 3362 cum
3257 3307 3368 3363 Deo
3398 3307 3577 3374 Patre,

2003 3407 2056 3454 et
2093 3399 2316 3454 Christo
2353 3397 2494 3468 ejus,
2538 3397 2768 3468 angelis.
2815 3397 3178 3468 archangelis,
3223 3406 3426 3453 cuncto
3456 3413 3574 3453 san-

2003 3499 2215 3544 ctorum
2245 3495 2414 3553 coetu,
2440 3504 2666 3559 regnum
2687 3487 2972 3556 caelorum,
2997 3488 3228 3558 ejusque
3255 3488 3418 3552 dona,
3443 3503 3566 3556 gau-

2007 3581 2159 3634 dium
2194 3581 2423 3651 ejusque
2451 3579 2808 3649 voluptatem.
2839 3577 3048 3635 Horum
3076 3587 3439 3651 utrorumque
3469 3595 3585 3635 me~

2007 3671 2238 3725 moriam
2277 3669 2453 3725 adduc
2477 3671 2532 3724 in
2569 3677 2806 3726 mentem
2841 3677 3026 3736 tuam;
3056 3684 3119 3724 ac
3143 3669 3210 3725 de
3233 3680 3584 3741 peccatorum

2005 3761 2223 3831 quidem
2249 3761 2478 3832 judicio,
2516 3761 2604 3825 fle,
2647 3762 2792 3832 iuge,
2818 3762 3024 3817 veritus
3065 3777 3134 3818 ne
3167 3768 3224 3816 tu
3251 3778 3468 3833 quoque
3501 3763 3588 3816 in-

2005 3862 2088 3906 ter
2132 3854 2254 3907 illos
2285 3854 2594 3920 consistas;
2642 3852 2710 3907 de
2737 3854 2804 3907 iis
2833 3868 2966 3908 vero
2997 3861 3116 3923 quae
3166 3856 3403 3924 reposita
3457 3861 3588 3909 sunt

2000 3945 2186 4013 justis,
2216 3945 2391 4015 gaude.
2409 3961 2473 3998 ac
2493 3945 2692 3998 laetare.
2720 3945 2898 4014 Atque
2921 3955 3034 3998 tum
3060 3944 3145 4000 his
3170 3944 3274 3998 frui
3298 3944 3587 4007 contende,

2007 4046 2118 4090 tum
2161 4041 2228 4092 ab
2264 4038 2372 4092 illis
2413 4053 2536 4092 esse
2590 4038 2822 4091 alienus.
2855 4036 2997 4093 Cave
3053 4053 3121 4092 ne
3155 4053 3419 4107 unquam,
3474 4038 3590 4092 sive

2008 4129 2150 4182 intra
2197 4129 2388 4182 cellam
2424 4137 2569 4182 tuam
2619 4129 2884 4192 resideas,
2922 4130 3036 4184 sive
3077 4135 3230 4182 extra
3283 4129 3379 4192 sis,
3413 4129 3526 4182 hac
3559 4143 3590 4182 e

2012 4223 2272 4276 memoria
2302 4221 2624 4285 elabantur;
2665 4237 2773 4291 quo
2804 4221 2886 4275 vel
2920 4236 3016 4290 per
3046 4219 3160 4275 haac
3188 4219 3376 4275 eadem
3411 4219 3591 4274 sordi-

2010 4313 2109 4366 das
2141 4315 2446 4383 noxiasque
2467 4312 2692 4383 eflugias
2725 4313 3104 4381 cogitationes.

310 4401 458 4454 ἔνδον
487 4402 582 4455 τοῦ
621 4400 834 4455 κελλίου
881 4418 975 4454 σου
1018 4400 1310 4473 τυγχάνῃς,
1353 4401 1458 4454 κᾶν
1501 4401 1606 4467 ἔξω
1639 4417 1766 4465 που,
1819 4400 1918 4463 "ei;
1952 4404 2015 4455 ἐκ
2057 4403 2262 4456 τούτων
2311 4405 2561 4474 μνήμης,
2589 4405 2736 4467 ὅπως
2777 4402 2882 4456 κᾶν
2944 4402 3032 4456 διὰ
3077 4402 3302 4464 τούτων,
3338 4401 3466 4464 τοὺς
3497 4403 3592 4472 ῥυ·

311 4497 520 4567 παροῦς
561 4496 657 4548 καὶ
690 4495 989 4567 βλαϐεροὺς
1013 4493 1275 4566 διαφεύξῃ
1299 4494 1617 4566 λογισμούς.

379 4589 446 4658 β’.
493 4583 635 4642 Εῐπε
664 4589 828 4644 πάλιν
850 4606 866 4622 ο
901 4589 1087 4643 Κόπτε
1115 4589 1225 4643 τῶν
1260 4589 1469 4644 πολλῶν
1499 4589 1598 4654 τὰς
1649 4590 1888 4661 σχέσειςί

2079 4589 2134 4642 2.
2161 4586 2274 4658 (52)
2299 4586 2446 4641 Dixit
2473 4587 2705 4642 iterum:
2733 4585 3006 4641 Abscinde
3023 4585 3314 4639 multorum
3339 4584 3588 4653 affectus;

317 4682 390 4750 μή
434 4698 529 4734 σου
575 4683 604 4735 ό
642 4680 770 4745 νοῦς
814 4681 1200 4752 περιστατικὸς
1236 4681 1493 4753 γένηται,
1544 4683 1638 4736 καὶ
1674 4682 1766 4735 τὸν
1800 4681 1902 4752 τῆς

313 4775 542 4845 ἡσυχίας
565 4774 777 4846 ταράξῃ
805 4774 1030 4845 τρόπον.

383 4861 450 4932 γ’.
506 4861 646 4918 Εἶπε
679 4865 845 4918 πάλιν
881 4863 1023 4935 μέγα
1050 4865 1146 4936 μὲν
1179 4863 1240 4917 τὸ
1269 4859 1696 4935 ἀπερισπάστως
1730 4880 1900 4932 προσ-

319 4957 605 5029 εύχεσθαι·
645 4959 830 5030 μεῖζον
862 4958 920 5012 δέ
961 4958 1058 5014 καὶ
1089 4959 1149 5013 τὸ
1193 4959 1415 5028 ψάλλειν
1453 4958 1898 5029 ἀπερισπάστως.

390 5139 446 5193 δ’.
498 5134 634 5194 Εἶπε
682 5139 884 5194 πάλιν·
917 5139 1182 5210 Μέμνησο
1225 5136 1514 5199 διαπαντὸς
1567 5135 1666 5206 τῆς
1721 5135 1902 5202 ἐξόδου

323 5246 432 5317 σου,
473 5233 567 5286 καὶ
605 5234 682 5305 μὴ
704 5232 942 5305 ἐπιλάϐῃ
973 5232 1207 5305 κρίσεως
1229 5230 1448 5285 αἰωνίου
1467 5245 1480 5259 ⁸
1507 5229 1602 5282 καὶ
1626 5229 1725 5282 οὐκ
1752 5228 1906 5281 ἔσται

325 5324 667 5395 πὶημμέλεια
701 5327 758 5379 ἐν
780 5327 849 5398 τῇ
875 5325 1023 5395 ψυχῇ
1054 5341 1166 5377 σου.

401 5497 459 5532 ⁸⁸*
485 5502 569 5557 Al.
605 5503 909 5560 Ἐλλαδίου.

403 5678 502 5750 (50)
537 5684 632 5739 Vit.
665 5683 821 5739 Patr.
857 5697 934 5743 tv,
971 5679 1054 5735 16.

404 5750 498 5820 (3i)
541 5755 638 5809 Vit.
673 5754 833 5820 Patr.
879 5768 964 5814 Ill,
1004 5751 1058 5804 5.

399 5816 498 5897 (δὲ)
541 5826 638 5884 Vit.
683 5816 846 5882 Patr.
890 5838 953 5887 lt,
984 5822 1036 5874 8.
1071 5819 1130 5874 L.
1239 5821 1289 5872 in
1332 5818 1469 5872 Dula
1510 5835 1562 5871 n.
1600 5817 1654 5870 Ξ.

2011 4696 2080 4736 ne
2111 4696 2264 4735 mcns
2302 4687 2395 4733 tua
2443 4678 2733 4749 amigatur,
2771 4687 2826 4734 et
2865 4677 3068 4749 quietis
3104 4675 3324 4732 modum
3365 4687 3593 4732 contur-

2009 4770 2118 4824 bet.

2081 4861 2133 4915 ὅ.
2165 4860 2276 4930 (33)
2308 4860 2426 4914 Alia
2448 4859 2690 4930 ejusdem
2732 4857 3004 4915 sententia
3041 4875 3056 4912 :
3094 4855 3347 4927 Magnum
3374 4856 3597 4927 quidem

2009 4958 2114 5016 est,
2147 4967 2306 5007 orare
2325 4952 2443 5008 sine
2466 4951 2857 5018 distractione;
2891 4950 2985 5007 sed
3000 4947 3180 5020 majus
3211 4955 3296 5005 est
3330 4948 3450 5005 sine
3475 4949 3592 5004 dis-

2006 5043 2279 5100 tractione
2308 5044 2562 5116 psallere.

2079 5137 2134 5192 4.
2167 5138 2280 5206 (34)
2315 5137 2507 5192 Adhuc
2525 5135 2662 5192 dixit
2701 5157 2712 5192 :
2757 5133 2984 5207 Semper
3000 5143 3276 5192 memento
3303 5134 3486 5190 exitus
3518 5131 3594 5186 tui

2010 5245 2074 5282 ex
2114 5229 2217 5283 hac
2246 5230 2380 5296 vita,
2409 5245 2509 5286 nec
2549 5229 2898 5287 obliviscaris
2935 5229 3124 5287 aeterni
3155 5228 3385 5302 judicii;
3417 5241 3596 5299 neque

2013 5321 2115 5374 erit
2145 5321 2402 5378 delictum
2426 5324 2481 5378 in
2509 5323 2690 5379 anima
2722 5329 2837 5378 tua.

2087 5677 2198 5750 (sa)
2250 5679 2352 5732 Vit.
2394 5676 2541 5750 tum.
2578 5692 2654 5740 ιι,
2695 5675 2747 5750 9_.

2089 5745 2198 5817 (35)
2254 5750 2354 5801 l’it.
2393 5749 2546 5802 Patr.
2590 5763 2666 5811 XI,
2706 5745 2793 5800 10.
