4032 6334
440 387 548 450 €78

1578 378 1923 437 APPENDIX
1962 374 2052 436 AD
2087 380 2175 437 PA
2184 375 2505 440 LLADIUM.

3615 393 3719 453 176

510 512 566 572 5.
602 509 717 585 (35)
750 509 885 568 Item
921 523 935 566 :
970 507 1125 566 Tollo
1153 505 1504 571 tentationes,
1540 512 1595 560 et
1623 504 1813 563 nullus
1834 504 2020 562 salvus

2195 513 2256 561 ε’.
2309 502 2444 559 Eine
2494 505 2689 560 πάλιν·
2731 507 2975 580 Ἔπαρον
3019 508 3145 575 τοὺς
3200 511 3564 584 πειρασμοὺς,
3621 514 3719 568 καὶ

437 613 568 757 and:
597 698 714 753 Hoc
740 697 902 753 etiam
930 715 945 752 :
987 693 1136 749 Dixit
1161 689 1381 763 quidam
1414 704 1445 745 e
1469 689 1726 747 Patribus
1756 710 1771 746 :
1801 690 2023 750 Aridior

436 800 492 847 et
521 806 631 847 non
657 791 944 861 intequalis
977 790 1159 843 victus
1205 801 1330 841 cum
1364 784 1635 841 charitate
1667 785 2020 856 coniunctus,

437 884 550 938 cito
599 881 932 937 monachum
1003 877 1216 934 inducit
1283 876 1341 931 in
1402 882 1622 947 portum
1667 874 2024 946 impassibili-

443 974 593 1029 tatis.

512 1064 559 1117 7.
596 1064 707 1134 (56)
736 1062 938 1118 Factus
977 1069 1064 1119 est
1108 1060 1405 1133 aliquando
1438 1074 1738 1115 consessus
1778 1058 1833 1112 in
1860 1057 2026 1113 Cellis

438 1169 540 1223 pro
569 1154 787 1224 negotio
824 1152 1085 1223 quodam,
1119 1161 1284 1223 atque
1313 1151 1532 1207 locutus
1572 1157 1656 1205 est
1688 1149 1859 1205 abbas
1888 1148 2027 1202 Eva—

438 1247 612 1317 grius.
660 1245 803 1301 Dicit
847 1245 898 1301 ei
940 1244 1236 1316 presbyter,
1271 1262 1284 1297 :
1325 1241 1562 1306 Scimus,
1602 1241 1762 1307 abba,
1803 1240 1949 1311 quod
1980 1242 2026 1294 si

438 1351 594 1393 esses
623 1335 679 1389 in
712 1334 937 1407 regione
970 1341 1086 1399 tua,
1134 1340 1189 1389 et
1226 1331 1522 1403 episcopus
1564 1345 1708 1400 saepe
1743 1336 1798 1385 et
1830 1328 2029 1384 multo-

437 1444 559 1484 rum
581 1435 746 1497 caput
779 1427 1115 1482 constitutus
1153 1424 1388 1490 fuisses;
1417 1437 1565 1477 nunc
1592 1437 1722 1477 vero
1764 1429 2025 1492 tanquam

438 1520 762 1592 peregrinus
785 1518 873 1580 hic
910 1518 1094 1574 sedes.
1119 1516 1215 1571 Ille
1248 1514 1673 1586 compunctione
1695 1514 1895 1568 ductus
1919 1527 2028 1568 non

438 1614 696 1669 turbatus
729 1617 840 1675 est,
891 1608 988 1665 sed
1036 1607 1216 1681 capite
1249 1617 1397 1663 moto
1440 1607 1581 1662 dixit
1622 1607 1672 1662 ei
1707 1626 1718 1659 :
1768 1604 1912 1661 Sane
1953 1605 2029 1659 ita

441 1711 546 1769 cst,
576 1702 759 1758 Pater.
787 1699 992 1758 Verum
1024 1697 1185 1755 semel
1217 1699 1420 1754 locutus
1450 1714 1603 1764 sum;
1630 1707 1679 1753 et
1700 1686 1897 1752 iterum
1924 1714 2027 1753 non

442 1794 697 1863 adjiciam
714 1793 782 1846 "°.

902 1905 982 1961 De
1011 1905 1200 1960 abbate
1228 1904 1571 1960 Eua/emam.

513 2019 590 2075 De
604 2019 801 2076 abbate
821 2017 1132 2089 Paphnutio
1149 2015 1311 2072 Patre
1332 2015 1556 2072 Sceteos
1571 2015 1710 2071 dixit
1727 2014 1901 2070 abbas
1916 2011 2024 2067 Eu-

442 2110 655 2166 damon
688 2128 701 2164 :
731 2108 865 2164 Illuc
901 2108 1160 2166 descendi
1204 2108 1447 2178 juvenis,
1495 2123 1598 2163 nec
1644 2107 1893 2178 permisit
1937 2120 2025 2162 me

446 2216 692 2267 manere,
766 2200 957 2256 dicens
1009 2199 1077 2255 de
1119 2199 1165 2230 '”
1223 2213 1331 2265 me,
1367 2198 1593 2254 .Vultum
1640 2198 1887 2254 mulieris
1916 2213 2023 2254 non

442 2292 701 2360 permitto
743 2305 964 2347 manere
994 2290 1050 2345 in
1079 2289 1249 2359 Sceti,
1290 2297 1516 2361 propter
1542 2290 1752 2346 inimici
1786 2291 2021 2349 insulta-

442 2383 662 2439 tionem.

903 2496 1244 2568 Principium
1273 2496 1469 2554 littera
1493 2496 1553 2552 Z.

961 2609 1039 2664 De
1061 2609 1249 2663 abbate
1276 2607 1505 2663 Zenone.

516 2700 570 2758 1⁷.
597 2704 712 2775 (57)
764 2701 910 2757 Dixit
941 2702 1111 2757 abbas
1146 2700 1293 2756 Zeno
1342 2701 1487 2756 beati
1530 2698 1737 2756 Silvani
1781 2700 2026 2772 discipu-

441 2796 531 2849 lus
564 2813 578 2851 :
617 2793 696 2850 Ne
717 2808 938 2848 maneas
980 2793 1036 2846 in
1062 2792 1184 2846 loco
1224 2791 1446 2855 celebri,
1484 2794 1599 2847 nec'
1626 2791 1871 2846 resideas
1899 2806 2022 2845 cum

442 2887 664 2942 homine
688 2884 869 2956 magni
901 2882 1160 2947 nominis,
1187 2896 1367 2951 neque
1399 2881 1583 2937 mittas
1607 2881 2023 2937 fundamentum

445 2986 505 3033 ut
534 2978 725 3035 cellam
759 2976 853 3031 tibi
882 2973 1120 3031 aedifices
1156 2973 1469 3044 aliquando.

512 3154 570 3209 2.
606 3151 929 3207 Betulerunt
950 3149 1018 3206 de
1040 3149 1235 3205 abbate
1256 3146 1496 3215 Zenone,
1520 3147 1663 3219 quod
1688 3146 1842 3201 initio
1866 3146 2026 3218 quid-

442 3244 592 3315 piam
624 3258 655 3298 a
681 3242 938 3313 quopiam
974 3241 1195 3297 nolebat
1220 3240 1490 3310 accipere.
1534 3237 1689 3295 Unde
1713 3239 1806 3311 qui
1831 3238 2026 3294 affere-
2053 3221 2100 3283 Ο

444 3337 597 3402 bant,
636 3336 967 3393 recedebant
1022 3334 1230 3398 tristes,
1281 3332 1426 3403 quod
1472 3347 1580 3386 non
1622 3332 1915 3401 acciperet.
1961 3330 2028 3386 Et

446 3430 540 3484 alii
573 3430 639 3484 ad
670 3444 795 3484 eum
831 3426 1146 3494 veniebant,
1183 3426 1430 3481 volentes
1465 3425 1732 3494 accipere,
1768 3433 2026 3495 tanquam

449 3537 481 3575 a
509 3535 708 3593 magno
749 3536 898 3585 sene,
954 3535 1055 3575 nec
1107 3518 1344 3574 habebat
1402 3516 1550 3588 quod
1597 3517 1773 3582 daret,
1814 3517 2029 3588 ipsique

455 3613 642 3668 tristes
688 3601 1080 3667 abscc'debant.
1110 3610 1202 3664 Ait
1249 3625 1415 3666 senex
1447 3627 1460 3664 :
1493 3608 1634 3676 Quid
1677 3609 1869 3680 agam?
1900 3609 2028 3680 quia

450 3706 849 3761 contristantur
874 3712 984 3759 tam
1006 3706 1099 3776 qui
1122 3704 1376 3770 alferunt,
1401 3719 1565 3776 quam
1591 3703 1685 3776 qui
1707 3717 1903 3774 capere
1928 3718 2027 3758 cu-

452 3799 631 3867 piunt.
667 3796 782 3852 Hoc
813 3805 1036 3867 praestat
1082 3816 1096 3853 :
1134 3798 1182 3855 si
1220 3798 1345 3869 quis
1398 3796 1587 3853 afferat
1640 3809 1877 3861 sumam,
1900 3802 1955 3851 et
1981 3796 2028 3851 si

451 3892 575 3962 quis
603 3898 750 3961 petat
776 3890 1029 3961 praebebo
1061 3891 1132 3947 ei.
1172 3891 1350 3962 Atque
1394 3889 1467 3944 ita
1513 3887 1741 3955 faciens,
1794 3887 2028 3958 quietem

451 3983 664 4049 habuit,
693 3983 1017 4055 cunctisque
1047 3982 1335 4039 satisfecit.

523 4076 576 4132 5.
609 4077 719 4149 (38)
752 4075 914 4130 Venit
947 4074 1116 4132 frater
1152 4072 1447 4147 Egyptius
1471 4072 1752 4128 visitatum
1775 4071 2028 4127 abbatem

452 4166 728 4224 Zenonem
755 4168 811 4223 in
847 4167 1026 4240 Syria,
1056 4176 1110 4223 et
1142 4166 1445 4223 accusabat
1469 4180 1653 4220 coram
1677 4179 1808 4219 sene
1825 4162 2035 4233 cogita-~

451 4261 629 4316 tiones
674 4275 825 4316 suas.
854 4260 951 4315 Ille
996 4272 1127 4314 vero
1172 4258 1476 4313 admiratus
1527 4256 1668 4312 dixit
1716 4273 1729 4309 :
1765 4253 2028 4326 Egyptii,

452 4366 590 4420 quas
612 4351 832 4421 quidem
865 4350 1115 4405 obtinent
1145 4348 1398 4413 virtutes,
1435 4347 1742 4412 occultant;
1772 4360 1911 4416 quos
1935 4359 2034 4398 au-

452 4450 560 4494 tem
585 4454 695 4493 non
722 4438 923 4493 habent
955 4438 1224 4501 defectus,
1259 4451 1356 4491 eos
1403 4442 1669 4490 accusant
1717 4434 1981 4489 continuo
2015 4450 2030 4489 :

2124 597 2301 661 οὐδεὶς
2333 600 2362 651 6
2388 598 2719 669 σωζόμενος.

2196 696 2273 755 ς’.
2308 686 2444 743 Εἷπε
2473 689 2652 756 πάλιν,
2688 691 2770 745 ὅτι
2802 691 2998 761 Ἔλεγέ
3044 709 3131 757 τις
3170 693 3280 748 τῶν
3311 695 3605 768 Πατέρωψ
3652 699 3718 752 Ἠ

2125 777 2395 851 ξηροτέρα
2414 781 2507 835 καὶ
2533 781 2579 812 ⁷³
2604 780 2892 852 ἀνώμαλος
2909 782 3106 848 δίαιτα,
3126 783 3315 858 ἀγάπῃ
3339 786 3716 857 ωζευχθεῖσα,

2127 870 2325 926 θᾶττον
2351 872 2561 943 εἰσάγει
2593 874 2684 928 τὸν
2712 875 2949 947 μοναχὸν
2971 876 3053 939 είς
3081 873 3172 928 τὸν
3201 875 3301 946 τῆς
3326 878 3597 943 ἀπαθείας
3635 880 3719 934 λι-

2128 965 2285 1036 μένα.

2193 1057 2260 1123 ζ’.
2304 1058 2556 1128 Ἐγένετό
2592 1078 2724 1115 ποτε
2778 1062 3053 1135 συνέδριον
3087 1066 3170 1129 είς
3209 1065 3276 1120 τὰ
3318 1065 3523 1120 Κελλία
3588 1067 3721 1136 περὶ

2128 1152 2477 1223 πράγματος,
2506 1153 2600 1207 κα).
2633 1151 2896 1223 ἐλάλησεν
2936 1155 2966 1206 6
3012 1154 3188 1219 άϐϐᾶς
3220 1156 3512 1230 Εὑάγριος.
3552 1156 3720 1225 Λέγει

2131 1241 2283 1313 αὐτῷ
2332 1245 2362 1297 6
2400 1243 2804 1316 πρεσϐύτεροςο
2845 1245 3101 1317 Οἴδαμεν,
3134 1246 3298 1311 άϐϐἄ,
3340 1249 3422 1301 ὅτι
3457 1251 3506 1301 εί
3554 1244 3622 1319 ᾗς
3659 1251 3720 1301 ἐν

2126 1335 2191 1404 τῇ
2224 1331 2377 1407 χώρᾳ
2428 1351 2544 1399 σου,
2590 1338 2685 1389 καὶ
2716 1335 3014 1401 ἐπίσκοπος
3063 1338 3324 1404 πολλάκις
3362 1341 3456 1394 καὶ
3503 1341 3722 1411 κεφαλὴ

2131 1425 2342 1482 πολλῶν
2368 1423 2511 1499 εἶχες
2546 1424 2716 1482 εἶναι·
2750 1431 2846 1483 νῦν
2876 1430 2933 1483 δὲ
2976 1431 3052 1494 ὡς
3079 1432 3230 1498 ξένος
3259 1432 3465 1506 καθέζῃ
3497 1428 3618 1489 ὦδε.
3658 1435 3718 1488 Ὀ

2128 1516 2186 1570 δὲ
2232 1519 2560 1588 κατανυγεὶς
2592 1520 2694 1573 οὑκ
2738 1520 3036 1593 ἐταράχθη,
3063 1523 3199 1577 ἀλλὰ
3231 1526 3463 1596 κινήσας
3494 1527 3594 1596 τὴν
3623 1543 3718 1579 κε-

2133 1603 2328 1678 φαλὴν,
2391 1607 2540 1677 λέγει
2596 1612 2784 1682 αὐτῷ·
2850 1612 3087 1680 Ἀληθῶς
3139 1616 3277 1679 ἐστι,
3328 1617 3531 1689 Πάτερ.
3567 1618 3717 1689 Πλὴν

2129 1697 2292 1763 ἅπαξ
2321 1698 2623 1769 ἐλάλησα,
2647 1701 2742 1755 ἐπὶ
2769 1701 2834 1754 δὲ
2867 1702 2945 1766 τῷ
2974 1703 3229 1773 δευτέρῳ
3263 1708 3331 1761 οὐ
3359 1707 3709 1776 προσθήσω.

2481 1903 2623 1973 Περὶ
2649 1904 2759 1959 τοῦ
2791 1868 2943 1961 άϐϐιῖ
2966 1902 3359 1974 Εὐδαίμονος.

2201 2010 2372 2069 Εἶπεν
2399 2016 2428 2068 6
2455 2015 2630 2080 ἀϐϐἄς
2676 1997 2965 2089 Εὐδαίμων
3002 2015 3246 2088 περὶτοῦ
3286 2014 3431 2070 άϐϐἄ
3466 2018 3722 2085 Παφνου-

2130 2107 2249 2162 τίου
2295 2106 2390 2162 τοῦ
2436 2109 2651 2179 Πατρὸς
2689 2109 2787 2181 τῆς
2837 2109 3115 2182 Σκήτεως,
3148 2109 3230 2163 δτι
3274 2109 3559 2180 Κατῆλθον
3602 2111 3726 2164 ἐκεῖ

2129 2198 2417 2271 νεώτερος,
2442 2200 2536 2252 καὶ
2560 2200 2661 2252 ούκ
2690 2199 2871 2269 ἀφῆκέ
2901 2217 2969 2271 με
2995 2202 3173 2271 μεῖναι
3204 2201 3338 2265 ἐκεῖ,
3362 2199 3538 2269 λέγων
3623 2201 3721 2255 ἐπὶ

2132 2289 2288 2359 ἐμοῦ,
2317 2288 2480 2358 Ὄψιν
2506 2289 2763 2359 γυναικὸς
2787 2290 2887 2343 οὐκ
2912 2290 3058 2360 άφιῶ
3089 2293 3268 2362 μεῖναι
3295 2292 3374 2354 είς
3389 2291 3612 2363 Σκῆτιν,
3628 2291 3723 2347 διὰ

2130 2380 2223 2434 τὸν
2252 2380 2489 2453 πόλεμον
2523 2381 2616 2434 τοῦ
2645 2380 2863 2453 ἐχθροῦ.

2558 2493 2727 2567 Ἀρχὴ
2750 2493 2845 2549 τοῦ
2892 2495 3158 2567 στοιχείου
3206 2498 3265 2551 Ζ.

2520 2606 2661 2676 Περὶ
2694 2607 2800 2663 τοῦ
2841 2607 2991 2665 ἀϐϐᾶ
3019 2609 3318 2679 Ζήνωνος.

2198 2699 2265 2755 α’.
2304 2699 2470 2759 Εἶπεν
2503 2702 2531 2753 6
2557 2699 2733 2764 άϐϐᾶς
2773 2703 2958 2773 Ζήνων
2984 2702 3012 2753 6
3044 2701 3292 2773 μαθητὴς
3313 2701 3406 2756 τοῦ
3441 2702 3720 2775 μακαρίου

2132 2791 2456 2847 Σιλουανοῦ·
2517 2792 2609 2862 Μὴ
2659 2793 2888 2865 οίκήσῃς
2932 2793 2990 2845 ἐν
3035 2792 3185 2865 τόπῳ
3222 2794 3526 2865 ὁνομαστῷ,
3584 2794 3721 2866 μηδέ

2133 2887 2363 2958 καθίσῃς
2394 2885 2530 2957 μετὰ
2564 2883 2854 2955 ἀνθρώπου
2911 2882 3125 2954 ἔχοντος
3173 2884 3315 2954 μέγα
3349 2884 3541 2955 ὄνομα,
3582 2886 3721 2956 μηδὲ

2136 2977 2304 3049 βάλῃς
2342 2975 2591 3048 θεμέλιον
2620 2973 2716 3028 τοῦ
2760 2972 3113 3044 οἰκοδομῆσαι
3151 2972 3328 3045 ἐαυτῷ
3358 2972 3569 3027 κελλίον
3605 2973 3721 3026 πώ-

2134 3088 2285 3125 ποτε.

2203 3160 2267 3230 β’.
2309 3160 2534 3228 Ἔλεγον
2567 3158 2809 3230 περὶτοῦ
2835 3157 2981 3211 άϐϐᾶ
3005 3156 3275 3229 Ζήνωνος,
3302 3157 3387 3210 ὅτι
3406 3157 3500 3210 ἀπ’
3542 3156 3720 3227 ἀρχῆς

2131 3254 2232 3307 ούκ
2263 3251 2424 3324 ἤθελε
2457 3251 2642 3305 λαϐεῖν
2675 3248 2828 3322 παρά
2854 3250 2996 3312 τινός
3023 3249 3075 3302 τί
3123 3266 3274 3302 ποτε.
3312 3249 3423 3302 Kal.
3467 3247 3720 3302 ἐντεῦθεν
3780 3282 3793 3303 .

2129 3346 2181 3399 οἱ
2211 3345 2469 3416 φέροντες
2530 3344 2842 3415 ἀπήρχοντο
2887 3341 3241 3412 λυπούμενοι,
3287 3342 3370 3394 ὅτι
3403 3341 3504 3394 οὐκ
3545 3339 3720 3411 ἐλάμο

2132 3439 2285 3492 ϐανε.
2311 3437 2421 3491 Καὶ
2454 3435 2603 3490 ἄλλοι
2629 3436 2860 3507 ἤρχοντο
2884 3434 3020 3507 πρὸς
3042 3434 3229 3498 αὐτὸν,
3254 3432 3439 3487 λαϐεῖν
3471 3431 3719 3494 θέλοντες
3804 3511 3817 3517 _

2131 3531 2209 3596 ὡς
2241 3530 2395 3602 παρὰ
2446 3529 2686 3600 μεγάλου
2734 3528 3009 3600 γέροντος,
3051 3528 3144 3581 καὶ
3167 3526 3268 3581 ούκ
3295 3523 3406 3597 εἶχέ
3440 3544 3490 3579 τι
3532 3524 3719 3578 δοῦναι

2131 3624 2338 3690 αὐτοῖς,
2359 3622 2454 3676 καὶ
2480 3621 2636 3675 αὐτοὶ
2665 3622 2876 3692 ὑπῆγον
2902 3617 3073 3671 λυπού
3083 3635 3253 3690 μενοι.
3282 3617 3495 3687 Λέγειὸ
3514 3616 3715 3687 γέρων·

2132 3713 2198 3767 Τί
2233 3713 2468 3785 ποιήσω,
2505 3710 2589 3764 ὅτι
2629 3710 2725 3764 καὶ
2764 3711 2813 3763 οἱ
2861 3708 3122 3781 φέροντες
3157 3706 3477 3773 λυποῦνται,
3530 3706 3624 3759 καὶ
3666 3706 3718 3759 οἱ

2131 3805 2319 3859 λαϐεῖν
2348 3804 2628 3869 θέλοντες;
2658 3802 2830 3856 Τοῦτο
2856 3801 3055 3873 μᾶλλον
3095 3802 3386 3873 συμφέρει·
3423 3800 3477 3853 εῐ
3506 3817 3587 3863 τις
3620 3798 3721 3869 φέ-

2135 3915 2240 3970 ρει,
2283 3895 2569 3968 λαμϐάνω,
2604 3894 2696 3948 καὶ
2739 3893 2793 3946 εἴ
2830 3912 2911 3958 τις
2950 3896 3094 3947 αίτεῖ
3131 3894 3358 3966 παρέχω
3392 3891 3561 3961 αὐτῷ.
3607 3891 3721 3944 Καὶ

2130 3989 2305 4053 οῦτως
2336 3989 2572 4061 ποιήσας
2616 3985 2940 4051 ἀνεπαύετο,
2969 3985 3064 4039 καὶ
3094 3984 3302 4048 πάντας
3326 3981 3720 4053 ὲπληροςρόρει.

2204 4086 2274 4149 γ’.
2317 4076 2636 4153 Παρέϐαλεν
2665 4075 2893 4147 ἀδελφὸς
2917 4075 3216 4144 Αίγύπτιος
3242 4073 3319 4145 τῷ
3347 4072 3492 4144 άϐϐᾷ
3510 4073 3722 4143 Ζήνωνι

2134 4172 2213 4235 είς
2274 4169 2496 4242 Συρίαν,
2548 4168 2644 4222 καὶ
2695 4167 2992 4239 κατηγόρει
3039 4165 3149 4219 τῶν
3189 4163 3465 4235 λογισμῶν
3522 4161 3721 4217 ἐαυτοῦ

2136 4265 2228 4317 ἐπὶ
2258 4263 2352 4316 τοῦ
2378 4261 2651 4332 γέροντος.
2692 4261 2750 4314 '0
2787 4260 2843 4312 δὲ
2883 4258 3172 4329 θαυμάσας
3235 4251 3423 4311 εἶπενο
3457 4256 3520 4309 Οἱ
3551 4256 3723 4325 Αίγύ-

2136 4369 2305 4417 πτιοι,
2339 4351 2406 4415 ἃς
2434 4351 2533 4423 μὲν
2555 4350 2772 4422 ἔχουσιν
2806 4349 3031 4422 άρετὰς,
3076 4347 3433 4420 κρύπτουσιν,
3473 4345 3509 4399 ἃ
3537 4345 3595 4398 δὲ
3620 4347 3726 4399 οὐκ

2146 4443 2362 4515 ἔχουσιν
2403 4439 2782 4511 ἐλαττώματα,
2818 4436 3026 4491 τούτων
3079 4437 3168 4491 ἀεὶ
3201 4435 3629 4509 κατηγοροῦσιν
3670 4435 3724 4488 οῖ

452 4530 579 4603 Syri
611 4538 791 4585 autem
821 4537 874 4585 et
905 4528 1104 4594 Graeci,
1136 4542 1275 4598 quas
1304 4527 1523 4598 quidem
1559 4536 1669 4608 non
1697 4526 1901 4582 habent
1922 4527 2029 4582 vir-

2143 4535 2196 4589 δέ
2225 4534 2389 4606 Σύροι
2418 4534 2514 4587 καὶ
2549 4534 2599 4586 oi
2639 4531 2964 4601 Ἑλληνικοί,
2992 4530 3060 4595 ἃς
3093 4530 3190 4601 μὲν
3219 4530 3319 4583 οὐκ
3348 4528 3562 4599 ἔχουσιν
3588 4529 3724 4599 ἁρε-

452 4631 622 4689 tutcs,
653 4625 856 4677 habere
887 4636 946 4676 se
977 4621 1309 4691 praedicant;
1351 4635 1492 4691 quos
1529 4634 1659 4675 vero
1689 4618 1891 4674 habent
1933 4618 2032 4674 de-

450 4709 649 4777 fectus,
675 4711 1040 4767 abscondunt.

521 4804 574 4859 4.
616 4803 727 4877 (39)
757 4804 839 4859 Ad
887 4820 1011 4860 eum
1064 4811 1331 4860 venerunt
1376 4803 1601 4869 fratres,
1654 4803 2032 4874 sciscitatique

451 4903 581 4951 sunt
611 4895 699 4950 Itis
734 4896 915 4953 verbis
949 4915 962 4951 :
992 4895 1264 4965 Quidnam
1320 4896 1423 4951 sihi
1458 4895 1575 4951 vult
1605 4895 1752 4966 quod
1789 4896 1844 4950 in
1889 4895 2032 4952 libro

449 4985 555 5041 Joh
584 4987 846 5057 scriptum
877 4996 999 5043 est:
1034 4980 1235 5043 Caelum
1267 4997 1441 5040 autem
1472 4986 1728 5040 mundum
1751 4994 1948 5041 nonest
1974 4987 2029 5041 in

450 5089 731 5148 conspectu
761 5080 873 5144 eius
908 5079 983 5132 "2'
1009 5076 1309 5150 Respondit
1339 5094 1505 5135 senex
1538 5096 1550 5131 :
1589 5076 1751 5133 Missa
1783 5077 2030 5133 fecerunt

454 5168 653 5225 fratres
689 5181 910 5241 peccata
952 5187 1073 5237 sua,
1110 5179 1164 5226 et
1207 5171 1274 5225 de
1314 5172 1471 5227 ccelis
1510 5177 1848 5225 scrutantur.
1880 5168 2035 5224 Hanc

454 5278 585 5317 vero
619 5263 788 5319 habet
819 5262 1322 5334 interpretationem
1358 5272 1542 5319 textus
1577 5281 1589 5316 :
1622 5262 1894 5331 Quoniam
1918 5263 2038 5333 ipse

452 5355 604 5409 solus
646 5354 786 5411 Deus
832 5357 1070 5412 mundus
1102 5350 1361 5420 est,'ideo
1387 5356 1523 5411 dixit
1554 5375 1568 5411 :
1625 5353 1827 5410 Cwlum
1858 5364 2037 5409 autem

452 5447 704 5502 mundum
742 5464 846 5503 non
871 5456 971 5503 est.

523 5560 572 5594 ⁷⁸
598 5560 700 5618 Job
724 5579 913 5629 xxxix,
949 5564 1048 5618 ult.
1124 5564 1171 5597 '“
1198 5562 1283 5617 AI.
1311 5563 1430 5618 sub.
1507 5561 1552 5591 "
1579 5558 1680 5614 ιυι)
1708 5577 1794 5624 xv,
1826 5559 1912 5615 15.
1992 5560 2029 5593 "

2143 5601 2157 5616 .
2192 5563 2287 5616 καὶ
2313 5564 2408 5634 μή.

525 5674 642 5745 ('55)
682 5675 741 5745 δ.
771 5678 823 5729 in
857 5679 1101 5740 Antonio,
1127 5696 1180 5732 ιι.
1209 5679 1274 5741 5;
1308 5678 1553 5734 Socrates
1584 5693 1653 5739 Iv,
1688 5673 1778 5729 23.

525 5744 642 5812 (56')
692 5744 798 5799 Vit.
834 5746 987 5800 Patr.
1026 5748 1215 5811 “ne.
1262 5776 1268 5781 -

526 5814 639 5887 (δῖ)
690 5814 795 5871 νει.
837 5813 992 5870 Patr.
1029 5833 1143 5885 rm,
1184 5817 1235 5871 5.

2138 4626 2259 4691 τὰς,
2293 4625 2548 4694 λέγουσιν
2584 4622 2753 4694 ἔχειν,
2787 4621 2822 4676 ἃ
2845 4620 2904 4675 δὲ
2929 4618 3144 4692 ἔχουσιν
3176 4617 3554 4689 ἐλαττώματα,
3589 4617 3727 4689 κρύ-

2135 4732 2378 4770 πτουσιν.
3500 4762 3510 4773 .

2199 4808 2262 4862 δ’.
2312 4803 2520 4861 Ἦλθον
2567 4806 2705 4879 πρὸς
2759 4805 2924 4859 αὑτὸν
2974 4804 3218 4874 ἀδελφοὶ,
3278 4803 3374 4857 καὶ
3426 4800 3724 4873 ἠρώτησαν

2135 4898 2319 4963 αὐτὸν,
2351 4897 2602 4966 λέγοντες
2623 4913 2638 4930 ⁸
2669 4896 2735 4950 Τί
2772 4899 2887 4950 ἐστι
2930 4896 2991 4950 τὸ
3020 4898 3078 4950 ἐν
3111 4896 3190 4966 τῷ
3232 4894 3352 4949 Ἰὼϐ
3402 4895 3728 4967 γεγραμμέ-

2135 5006 2225 5044 νον
2250 5007 2263 5021 ο
2291 4988 2557 5057 Οὐρανὸς
2568 4986 2637 5041 δὲ
2655 4990 2727 5042 οὐ
2747 4986 3006 5056 καθαρὸς
3019 4986 3280 5041 ἐνώπιον
3304 4985 3527 5049 αὐτοῦ;
3565 4986 3729 5038 Ἀπο-

2136 5082 2348 5155 κριθεὶς
2377 5081 2435 5134 δέ
2459 5083 2489 5134 6
2524 5079 2706 5153 γέρων
2726 5076 2881 5134 εἷπεν
2902 5081 3087 5143 αὐτοῖς
3103 5096 3118 5111 ⁸
3156 5078 3402 5149 Ἀφῆκαν
3426 5079 3478 5130 οἱ
3502 5076 3729 5146 ἀδελφοὶ

2138 5172 2238 5236 τὰς
2263 5170 2543 5243 ἁμαρτίας
2565 5171 2768 5236 αὐτῶν,
2797 5170 2893 5224 καὶ
2923 5171 3184 5243 περὶτῶν
3218 5168 3465 5240 οὐρανῶν
3503 5168 3550 5200 ⁷⁸
3579 5170 3732 5237 ἐρευ-

2134 5263 2318 5319 νῶσιν.
2358 5263 2507 5335 Αὕτη
2548 5263 2606 5316 δέ
2620 5265 2768 5317 ἐστιν
2798 5264 2831 5334 ἡ
2858 5262 3130 5336 ἑρμηνεία
3159 5261 3254 5315 τοῦ
3276 5261 3456 5329 λόγου·
3502 5261 3729 5327 Ἐπειῖῐζς

2133 5355 2294 5419 αὐτὸς
2324 5355 2487 5425 μόνος
2519 5355 2637 5408 ἐστὶ
2658 5355 2920 5427 καθαρὸς,
2944 5355 3032 5409 διὰ
3047 5353 3204 5408 τοῦτο
3232 5349 3385 5407 εἶπεν
3406 5370 3418 5383 ·
3450 5353 3677 5420 Οὐριενι
3697 5370 3727 5411 ς

2135 5446 2202 5500 δὲ
2227 5450 2298 5502 οὐ
2328 5449 2586 5517 καθαρός
2618 5448 2807 5504 ἐστιν.

2488 5562 2536 5594 ⁷⁸
2567 5562 2650 5617 ΑΙ.
2680 5562 2964 5635 οὐρανίων.

2207 5677 2319 5745 (58)
2364 5677 2469 5731 Vit.
2511 5676 2657 5729 Patr.
2699 5693 2777 5737 ιιι,
2811 5677 2864 5730 5.

2207 5746 2319 5820 (59)
2372 5748 2453 5801 ι’ἱῖ
2516 5747 2647 5800 l’atr
2702 5766 2750 5812 κ,
2783 5746 2873 5800 ΞΞ.
