4032 6334
305 418 404 477 1'37

1481 399 2103 469 APOPHTIIEGMATA
2142 409 2451 473 PATRUM.

3418 396 3423 399 ’
3476 426 3582 487 m

368 536 432 595 ε’.
477 536 707 606 Ἔλεγον
735 538 865 611 περὶ
889 536 983 591 τοῦ
1006 534 1152 592 ἀόὁᾶ
1179 535 1449 607 Ζήνωνος,
1475 534 1558 590 ὅτι
1581 532 1887 603 καθήμενος

2065 533 2119 588 5.
2146 533 2261 606 (to)
2292 535 2558 597 Dicebant
2590 539 2663 599 de
2680 542 2878 602 abbate
2900 545 3146 615 Zenone,
3169 560 3317 620 quoa
3345 534 3471 607 cum
3496 569 3586 608 re-

310 631 368 683 ὶν
395 631 463 701 τῇ
486 629 712 700 Σκήτει,
735 628 929 700 ἐξῆλθε
954 630 1147 696 νυκτὸς
1175 631 1242 683 ὲκ
1268 629 1366 701 τῆς
1394 627 1589 699 κέλλης
1620 623 1786 679 αὑτοῦ
1815 624 1892 688 ὡς

307 720 397 774 ἰπὶ
412 720 475 774 τὸ
503 720 624 785 ἕλος
643 738 657 752 ·
692 722 788 775 καὶ
820 721 1116 794 πλανηθεὶς
1137 720 1360 794 ἐποίησε
1388 721 1537 794 τρεῖς
1568 717 1781 791 ἡμέρας
1800 715 1893 771 καὶ

308 814 450 882 spei;
503 811 708 876 νύκτας
761 812 1110 885 περιπατῶν·
1153 813 1248 869 καὶ
1298 811 1599 876 κοπιάσας,
1655 808 1894 865 ἐκλιπὼν

310 903 501 956 ἔπεσεν
536 904 616 968 εἰς
653 904 715 956 τὸ
753 902 1067 959 ἀποθανεῖν.
1104 905 1216 958 Kal.
1271 903 1379 958 ίδοὺ
1428 901 1716 974 παιδάριον
1759 899 1891 971 ἔστη

314 993 539 1049 ἐνώπιον
577 995 778 1061 αὑτοῦ,
816 995 938 1067 ἔχον
981 996 1147 1068 ἄρτον
1184 996 1278 1050 καὶ
1326 995 1618 1066 βαυκάλιον
1667 992 1891 1056 ὓδατοςο

313 1091 400 1143 καὶ
444 1090 633 1159 ἔλεγεν
675 1089 860 1162 αὐτῷ’
920 1091 1174 1158 Ἀνάστα,
1220 1090 1384 1161 φάγε.
1443 1090 1499 1144 '0
1531 1089 1587 1143 δὲ
1631 1088 1893 1154 ἀναστὰς,

316 1183 680 1259 προσηύξατο,
720 1184 958 1255 νομίζων
993 1185 1076 1238 ὅτι
1118 1183 1388 1254 φαντασία
1429 1183 1474 1215 ⁷⁸
1521 1182 1690 1238 ἐστίν.
1744 1182 1804 1235 Ὀ
1839 1180 1896 1234 δὲ

311 1274 461 1332 εἶπεν
518 1276 687 1349 αὐτῷ·
742 1276 939 1341 Καλῶς
989 1275 1276 1348 ἐποίησας.
1320 1276 1432 1330 Kal.
1479 1275 1642 1331 πάλιν
1694 1273 1898 1347 ηὔξατο

311 1371 562 1442 δεύτερον
627 1371 722 1425 καὶ
774 1372 978 1443 τρίτον.
1045 1370 1159 1425 Καὶ
1223 1369 1372 1439 λέγει
1445 1368 1629 1440 αὐτῷ’
1700 1367 1897 1432 Καλῶς

315 1465 594 1536 ἐποίησας.
643 1463 907 1528 Ἀναστὰς
943 1458 1035 1517 οὖν
1071 1465 1100 1517 6
1132 1461 1331 1536 γέρων,
1361 1460 1520 1515 ἔλαϐε
1572 1462 1666 1514 καὶ
1704 1458 1894 1528 ἔφαγε.

317 1558 420 1610 Καὶ
461 1555 601 1627 μετὰ
633 1555 806 1609 ταῦτα
852 1555 998 1624 λέγει
1044 1553 1225 1625 αὐτῷ·
1259 1554 1424 1607 Ὅσον
1460 1551 1896 1623 περιεπάτησας,

313 1650 562 1704 τοσοῦτον
588 1645 641 1702 εἴ
665 1648 881 1721 μακρὰν
902 1648 1008 1701 ἀπὸ
1032 1647 1130 1718 τῆς
1153 1646 1347 1717 κέλλης
1379 1662 1473 1699 σου
1489 1662 1505 1676 ο
1530 1644 1644 1699 ἀλλ’
1666 1643 1896 1710 ἀνάστα,

313 1741 598 1794 ἀκολούθει
654 1757 763 1811 μοι.
814 1741 923 1793 Καὶ
967 1738 1170 1802 εὐθέως
1213 1737 1413 1809 εὑρέθη
1458 1738 1537 1799 είς
1577 1736 1641 1789 τὸ
1688 1735 1898 1789 κελλίον

312 1833 502 1887 αὑτοῦ.
537 1828 704 1886 Εἶπεν
748 1827 840 1886 οὖν
872 1830 1023 1901 αὑτῷ
1064 1833 1092 1884 6
1134 1828 1345 1902 γέρωνο
1394 1827 1639 1895 Εἴσελθε,
1673 1827 1898 1897 ποίησον

2001 621 2204 712 sideret
2242 624 2301 682 in
2344 626 2515 697 Sceti,
2556 633 2689 688 exiit
2722 643 2886 691 noctu
2922 652 2955 692 e
2991 637 3128 693 cella
3170 654 3288 705 sua,
3320 647 3584 712 tanquam

2001 711 2067 767 ad
2101 714 2354 783 paludem
2376 720 2879 792 profecturus;sed
2927 740 2959 780 a
3001 727 3091 781 via
3146 711 3450 795 abcrrans,
3491 746 3589 801 per

2002 810 2115 861 tres
2165 806 2284 864 dies
2328 822 2393 865 ac
2444 821 2634 870 noctes
2694 816 2997 873 ambulavit
3026 821 3061 889 ξε
3109 821 3253 876 unde
3302 821 3585 893 fatigatus,

2000 894 2263 956 deficiens
2292 902 2491 958 cecidit
2523 905 2671 961 velut
2704 909 3026 966 moriturus.
3063 909 3130 965 Et
3161 926 3291 968 ecce
3322 915 3586 984 puerulus

2001 1002 2190 1044 coram
2214 1006 2282 1047 eo
2307 994 2475 1061 stetit,
2511 1011 2707 1067 panem
2738 1009 2929 1057 tenens
2967 1017 3092 1058 curn
3135 1018 3290 1075 aqua;
3332 1007 3545 1062 baucali
3567 1025 3591 1075 ;.

2004 1081 2251 1156 dixitque
2286 1107 2297 1142 :
2338 1086 2533 1160 Surge,
2574 1092 2820 1149 comede.
2867 1095 2961 1152 Ille
3004 1112 3135 1152 vero
3167 1114 3424 1170 surgens,
3456 1116 3585 1172 pre-

2003 1180 2165 1228 catus
2211 1182 2297 1231 est
2361 1195 2375 1231 :
2433 1180 2664 1248 putabat
2721 1183 2864 1237 enim
2923 1185 3249 1255 phantasma
3300 1203 3442 1246 esse.
3495 1190 3590 1246 Ait

2006 1265 2272 1334 puerulus
2306 1286 2321 1324 :
2358 1267 2528 1327 Recte
2557 1268 2758 1329 fecisti.
2805 1273 2873 1328 Et
2913 1276 3093 1333 adhuc
3124 1280 3305 1335 oravit
3341 1283 3587 1339 secundo

2006 1370 2070 1412 ac
2109 1358 2289 1415 tertio.
2336 1358 2474 1417 Tum
2519 1363 2587 1420 ad
2630 1379 2755 1421 eum
2789 1366 2881 1423 ille
2917 1386 2932 1424 :
2968 1367 3169 1426 Fecisti
3209 1371 3366 1429 bene.
3401 1373 3587 1446 Itaque

2007 1463 2175 1505 senex
2219 1466 2457 1524 surgens
2496 1456 2850 1514 manducavit
2895 1467 2948 1515 et
2988 1461 3145 1517 bibit.
3199 1462 3329 1520 Post
3359 1460 3591 1523 haec'sic

2008 1541 2227 1599 locutus
2281 1554 2367 1601 est
2420 1562 2557 1618 puer
2604 1567 2619 1604 :
2671 1548 2947 1616 Quantum
3004 1554 3328 1622 ambulasti,
3377 1566 3590 1615 tantum

2009 1630 2239 1690 dissitus
2288 1650 2349 1692 es
2382 1650 2414 1690 a
2445 1637 2584 1694 cella
2632 1646 2761 1710 tua;
2810 1643 2907 1698 sed
2956 1658 3142 1715 surge,
3196 1661 3427 1717 sequere
3480 1664 3591 1707 me.

2015 1723 2322 1799 Statimque
2354 1728 2411 1784 in
2434 1731 2570 1786 cella
2610 1747 2711 1788 sua
2754 1750 2876 1791 esse
2922 1752 2983 1792 se
3030 1737 3410 1808 deprehendit.
3446 1740 3592 1797 Dixit

2009 1831 2141 1889 ergo
2188 1818 2237 1873 ei
2292 1835 2460 1877 senex
2510 1840 2523 1877 :
2576 1821 2885 1895 Ingredere,
2928 1826 3014 1883 fac
3049 1830 3209 1885 nobis
3262 1831 3589 1890 orationem.

314 1928 444 1999 ἡμῖν
474 1926 662 1996 εὐχήν.
710 1926 821 1979 Kal.
866 1900 1215 1988 εἰσελθόντος-
1240 1922 1334 1977 τοῦ
1379 1922 1655 1994 γέροντος,
1698 1922 1903 1986 ἐκεῖνος

2015 1906 2103 1977 Ει,
2126 1911 2377 1982 ingresso
2407 1929 2560 1983 sene,
2597 1915 2783 1975 infans
2823 1934 2931 1976 non
2971 1924 3291 1994 comparuit.

314 2018 528 2089 ἀφανὴς
556 2018 793 2086 ἐγένετο.

387 2115 462 2174 ς’.
499 2106 725 2160 Ἀλλοτε
750 2110 779 2161 6
801 2107 964 2170 αὑτὸς
994 2107 1166 2172 ἁϐϐἄς
1193 2108 1379 2179 Ζήνων
1412 2104 1731 2177 περιπατῶν
1748 2106 1806 2158 ἐν
1840 2106 1907 2176 τῇ

319 2199 672 2273 Παλαιστίνῃ,
706 2199 802 2254 καὶ
836 2199 1127 2264 κοπιάσας,
1159 2200 1328 2269 ἐγγὺς
1352 2197 1683 2267 σικυηλάτου
1715 2195 1905 2249 ἐκάθι-

322 2312 377 2348 σε
406 2298 624 2365 φαγεῖν,
658 2294 754 2348 καὶ
793 2292 940 2362 λέγει
969 2292 1116 2363 αὑτῷ
1146 2295 1175 2347 6
1209 2291 1487 2363 λογισμός*
1527 2286 1698 2362 ’Δρον
1730 2287 1909 2360 ἐαυτῷ

319 2386 374 2440 ἒν
412 2386 643 2449 σικύδιν,
677 2386 771 2439 καὶ
801 2384 962 2454 φάγε.
996 2385 1062 2439 Τί
1087 2385 1195 2456 γάρ
1221 2385 1405 2450 ὲστιν;
1466 2384 1522 2437 Ὀ
1564 2383 1621 2436 δὲ
1672 2383 1908 2452 ἀποκρι-

322 2476 434 2539 θεὶς
474 2471 600 2528 εἷπε
645 2473 722 2546 τῷ
752 2474 1017 2545 λογισμῷ·
1054 2476 1116 2529 Oi
1145 2474 1376 2528 κλέπται
1428 2474 1508 2536 είς
1545 2472 1765 2526 κόλασιν
1805 2470 1909 2523 ὑπ-

322 2569 535 2637 άγουσι.
577 2568 882 2637 Δοκίμασον
926 2563 1019 2621 οὖν
1064 2567 1257 2621 ἑαυτὸν
1293 2564 1564 2629 ἐντεῦθεν,
1598 2564 1646 2616 εί
1684 2561 1908 2615 δύνασαι

320 2659 415 2730 τὴν
452 2658 677 2712 κόλασιν
721 2658 1067 2726 ὑπενεγκεῖν.
1109 2657 1220 2710 Καὶ
1260 2654 1499 2717 ἀναστὰς
1548 2653 1679 2722 ἔστη
1727 2652 1807 2714 είς
1849 2651 1910 2703 τὸ

324 2753 508 2823 καῦμα
539 2751 703 2805 πέντε
734 2750 965 2822 ἡμέρας,
999 2750 1093 2803 καὶ
1125 2748 1424 2820 τηγανίσας
1459 2746 1675 2812 ἑαυτὸν,
1716 2742 1869 2798 εἶπεν
1889 2759 1904 2774 ⁸

321 2842 394 2897 οὐ
424 2842 653 2896 δύνασαι
682 2841 733 2874 ’⁸
760 2844 858 2911 τὴν
882 2842 1100 2895 κόλασιν
1127 2840 1472 2908 ὑπενεγκεῖν.
1497 2836 1609 2891 Kal.
1646 2836 1796 2906 λέγει
1832 2834 1908 2907 τῷ

323 2934 567 3008 λογισμῷ
587 2950 599 2963 ·
634 2934 698 2988 Εἰ
723 2936 782 2988 οὑ
814 2935 1058 3002 δύνασαι,
1099 2935 1174 3006 μὴ
1205 2932 1407 2986 κλέπτε
1441 2930 1536 2983 καὶ
1560 2927 1762 3000 τρῶγε.

393 3113 460 3176 ζ’.
495 3108 667 3167 Εἶπεν
696 3116 727 3167 6
758 3113 931 3177 ἀσεᾶς
969 3114 1154 3183 Ζήνων
1174 3130 1188 3144 ·
1240 3111 1299 3165 Ὀ
1320 3110 1488 3166 θέλων
1515 3110 1652 3182 ταχὺ
1680 3111 1769 3164 ἵνα
1793 3110 1909 3162 εἰσ-

2087 2088 2140 2145 6.
2181 2092 2293 2165 (M)
2331 2094 2454 2151 Alio
2501 2103 2746 2170 tempore
2784 2099 2927 2157 idem
2961 2101 3133 2160 abbas
3172 2103 3321 2161 Zeno
3355 2121 3453 2177 per
3491 2107 3596 2163 Pa-

2014 2182 2282 2240 lzestinam
2318 2188 2424 2243 iter
2449 2188 2678 2257 habens,
2716 2207 2841 2248 cum
2872 2195 3052 2253 lassus
3083 2208 3247 2263 esset,
3278 2200 3417 2255 sedit
3439 2200 3595 2271 juxta

2013 2278 2478 2345 cucumerarium,
2511 2287 2573 2335 ut
2600 2283 2928 2339 comederet.
2975 2284 3133 2340 Subit
3169 2303 3293 2342 eum
3331 2291 3591 2360 cogitatio

2011 2367 2280 2438 ejusmodi
2331 2390 2344 2426 :
2398 2371 2599 2442 Accipe
2616 2390 2786 2430 unum
2816 2392 3186 2447 cucumerem,
3214 2389 3270 2435 et
3301 2383 3593 2442 manduca.

2018 2460 2161 2527 Quid
2194 2462 2338 2517 enim
2370 2463 2465 2518 id?
2498 2463 2605 2520 Sed
2642 2466 2981 2537 respondens
3024 2468 3163 2525 dixit
3204 2474 3387 2527 animo
3427 2489 3528 2530 suo
3578 2494 3593 2531 :

2012 2551 2186 2609 Fures
2224 2554 2291 2609 ad
2326 2562 2600 2614 tormenta
2626 2558 3023 2628 perducuntur.
3051 2559 3193 2616 Hinc
3226 2562 3391 2633 igitur
3424 2566 3596 2636 proba

2013 2646 2270 2716 teipsum,
2302 2662 2370 2702 an
2399 2650 2579 2719 possis
2616 2648 2759 2706 ferre
2795 2660 3086 2709 tormenta.
3119 2653 3187 2709 Et
3223 2669 3593 2729 consurgens,

2014 2738 2080 2792 ad
2114 2746 2306 2794 mstum
2336 2739 2469 2796 solis
2500 2739 2649 2797 stetit
2687 2758 2785 2812 per
2819 2743 3060 2814 quinque
3087 2744 3235 2813 dies;
3272 2762 3508 2820 cumque
3538 2766 3599 2806 se

2014 2831 2326 2898 torruisset,
2358 2833 2434 2887 ait
2470 2853 2484 2889 :
2532 2832 2652 2889 Non
2700 2837 2847 2891 vales
2881 2836 3022 2893 ferre
3057 2840 3405 2910 supplicium.
3431 2841 3497 2896 Et
3529 2843 3597 2899 ad

2015 2932 2251 2981 mentem
2316 2941 2471 2983 suam
2515 2928 2636 2983 iniit
2678 2947 2692 2984 :
2739 2929 3193 3003 Quandoquidem
3254 2949 3365 2990 non
3417 2943 3595 3006 potes,

2013 3032 2082 3072 ne
2104 3017 2306 3074 fureris
2334 3034 2398 3073 ac
2426 3019 2745 3077 mandttces.

2090 3107 2140 3162 7.
2191 3107 2339 3164 Dixit
2390 3112 2562 3168 abbas
2600 3111 2750 3168 Zeno
2800 3133 2811 3168 :
2859 3114 2966 3180 Qui
3022 3116 3137 3171 vult
3181 3124 3243 3171 ut
3296 3115 3439 3172 Deus
3489 3116 3599 3173 cito

324 3204 532 3279 ακούσῃ
576 3208 606 3259 ὁ
643 3204 776 3268 Θεὸς
805 3205 905 3275 τῆς
947 3205 1114 3276 εὐχῆς
1150 3203 1335 3268 αὑτοῦ,
1376 3203 1540 3275 ἡνίκα
1579 3202 1787 3272 ἀναστῇ
1815 3200 1907 3254 καί

2015 3198 2271 3254 exaudiat
2320 3216 2512 3271 preces
2548 3202 2743 3272 ipsius,
2782 3204 3002 3275 quando
3042 3207 3363 3273 surrexerit,
3399 3216 3453 3263 et
3483 3220 3600 3261 ma-

324 3296 552 3350 ἐκτείνει
593 3297 694 3361 τὰς
748 3300 933 3369 χεῖρας
971 3297 1135 3350 αὑτοῦ
1170 3297 1307 3367 πρὸς
1343 3296 1496 3359 Θεὸν,
1532 3294 1639 3366 πρὸ
1687 3292 1906 3347 πάντων

324 3390 419 3443 καὶ
447 3389 555 3462 πρὸ
618 3390 719 3459 τῆς
766 3389 900 3453 ἰδίας
944 3389 1122 3460 ψυχῆς
1173 3389 1311 3460 ὑπὲρ
1340 3388 1449 3441 τῶν
1491 3386 1702 3458 ἐχθρῶν
1744 3383 1908 3439 αὑτοῦ

324 3482 435 3536 ἀπὸ
457 3482 640 3553 ψυχῆς
672 3480 924 3554 εὔξηται·
977 3484 1069 3536 καὶ
1100 3483 1188 3536 διὰ
1224 3482 1413 3534 τούτου
1462 3477 1907 3551 κατορθώματος,

322 3576 447 3629 εἴτι
477 3576 545 3629 ἂν
579 3574 944 3648 παρακαλέσῃ
962 3574 1040 3645 τῷ
1069 3572 1211 3644 Θεῷ,
1234 3571 1498 3625 ὑπακούει
1528 3569 1697 3639 αὑτῷ.

393 3674 467 3739 η’.
514 3667 741 3736 Ἔλεγον
779 3667 865 3720 ὅτι
904 3663 970 3738 ἦν
1001 3684 1085 3730 τις
1127 3668 1184 3719 ὲν
1224 3663 1407 3735 κώμῃ,
1444 3663 1538 3717 καὶ
1574 3660 1745 3715 πολλὰ
1789 3661 1912 3731 ἐνή-

323 3774 533 3821 στευεν,
562 3757 705 3811 ὥστε
736 3755 1018 3810 καλεῖσθαι
1042 3757 1100 3809 τὸ
1120 3754 1289 3826 ὄνομα
1324 3752 1489 3807 αὑτοῦ
1516 3756 1544 3805 6
1571 3753 1908 3823 Νηστευτής.

335 3851 605 3914 Ἀκούσας
650 3850 707 3904 δὲ
752 3852 780 3903 6
824 3848 998 3913 ἀϐὁᾶς
1028 3851 1212 3921 Ζήνων
1247 3846 1377 3916 περὶ
1409 3843 1595 3909 αὑτοῦ,
1635 3845 1915 3915 μετεστεί-

319 3943 454 3997 λατο
483 3941 670 3996 αὑτόν.
717 3942 777 3994 '0
800 3940 856 3993 δὲ
896 3940 1103 4011 ἀπῆλθε
1143 3940 1279 4010 μετὰ
1316 3940 1512 4011 χαρᾶς.
1542 3937 1653 3990 Ka‘t
1680 3935 1914 4006 εὐξάμε-

318 4054 395 4090 νοι
432 4034 716 4088 ἐκάθισαν.
752 4034 993 4105 Ἤρξατο
1021 4029 1113 4086 οὖν
1146 4035 1174 4086 6
1208 4033 1384 4103 γέρων
1420 4029 1751 4102 ἐργάζεσθαι
1786 4044 1915 4079 σιω-

318 4126 459 4180 πῶν.
494 4124 595 4195 Μὴ
618 4124 886 4195 εὑρίσκων
907 4124 964 4177 δὲ
994 4122 1228 4193 λαλῆσαι
1254 4123 1370 4194 μετ’
1407 4121 1572 4175 αὑτοῦ
1605 4122 1633 4173 6
1659 4121 1912 4191 Νηστευ-

317 4217 413 4285 τὴς
467 4216 683 4288 ἤρξατο
722 4213 1000 4285 ὀχλεῖσθαι
1041 4214 1147 4267 ὑπὸ
1185 4213 1284 4283 τῆς
1335 4211 1583 4282 ἀκηδίας.
1620 4211 1730 4263 Kal.
1767 4209 1915 4278 λέγει

314 4303 395 4373 τῷ
426 4304 687 4375 γέροντι·
728 4299 897 4366 Εὗξαι
946 4302 1084 4375 ὑπὲρ
1131 4301 1287 4373 ἐμοῦ,
1334 4301 1499 4365 esea,
1538 4302 1619 4354 ὅτι
1660 4300 1915 4355 ἀπελθεῖν

318 4394 478 4452 θέλω.
520 4397 692 4464 Λέγει
716 4394 865 4466 αὑτῷ
894 4397 922 4448 6
951 4394 1128 4468 γέρων
1147 4412 1160 4425 ·
1188 4396 1374 4459 Διατί;
1418 4396 1477 4447 Ὀ
1507 4394 1562 4447 δὲ
1597 4392 1917 4463 ἀποκριθεὶς

314 4484 506 4543 εἶπεν·
564 4488 689 4541 Ὅτι
736 4489 770 4558 ἡ
815 4489 1012 4560 καρδία
1061 4504 1161 4559 μου
1209 4488 1286 4550 ὡς
1336 4487 1602 4557 καιομένη
1645 4486 1782 4549 ἐστὶ,
1824 4483 1917 4537 καὶ

2014 3303 2121 3344 nus
2154 3291 2469 3346 extenderit
2503 3291 2572 3346 ad
2615 3291 2802 3355 Deum,
2852 3310 2963 3364 pra:
2985 3301 3223 3359 cunctis,
3281 3296 3447 3350 etiam
3486 3310 3599 3367 pm

2012 3380 2195 3435 anima
2236 3396 2357 3446 sua,
2405 3390 2525 3438 oret
2580 3399 2646 3438 ex
2684 3384 2869 3440 animo
2908 3401 3008 3455 pro
3046 3385 3285 3440 inimicis
3339 3386 3488 3463 suis;
3531 3400 3597 3441 ac

2012 3487 2109 3542 per
2130 3472 2233 3528 hoc
2246 3474 2570 3544 praeclarum
2603 3474 2841 3544 facinus,
2868 3474 3134 3546 quidquid
3162 3491 3192 3530 a
3228 3477 3335 3531 Deo
3359 3476 3598 3547 petierit,

2014 3566 2344 3621 auscultabit
2368 3567 2437 3621 ei.

2087 3655 2141 3712 8.
2183 3655 2537 3728 Rcferebant,
2563 3660 2709 3731 quod
2736 3661 2788 3714 in
2821 3676 2960 3732 pago
2993 3660 3229 3731 quodam
3260 3668 3377 3713 erat
3400 3658 3602 3729 aliquis

2015 3747 2110 3817 qui
2178 3749 2476 3818 plurimum
2522 3751 2829 3821 jejunabat,
2888 3752 3025 3807 adeo
3090 3761 3146 3806 nt
3211 3750 3441 3804 inditum
3495 3751 3602 3819 ipsi

2016 3836 2209 3894 fuisset
2246 3856 2445 3897 nomen
2475 3841 2830 3913 Jejunatoris.
2868 3844 2942 3900 De
2984 3859 3094 3915 quo
3128 3859 3252 3898 cum
3284 3841 3602 3897 rescivissct

2017 3933 2186 3988 abbas
2234 3934 2402 3999 Zeno,
2456 3939 2744 3993 arcessivit
2795 3954 2942 3993 eum.
3000 3939 3096 3994 Ille
3146 3938 3302 3992 lattus
3343 3934 3601 3993 accessit.

2015 4024 2350 4083 Etoratione
2388 4032 2530 4083 facta
2560 4030 2837 4086 sederunt.
2871 4031 3051 4103 Coepit
3080 4031 3245 4103 igitur
3267 4049 3435 4090 senex
3471 4049 3606 4103 ope-

2018 4119 2127 4173 rari
2181 4120 2402 4176 tacitus.
2463 4120 2581 4176 Non
2642 4122 2831 4177 valens
2882 4134 3063 4177 autem
3117 4122 3405 4193 Jejunator
3453 4124 3602 4194 loqui

2018 4225 2142 4264 cum
2168 4225 2255 4274 eo,
2288 4214 2456 4281 cmpit
2490 4228 2519 4267 a
2553 4213 2701 4268 taedii
2736 4213 2871 4269 vitio
2902 4215 3203 4269 molestari.
3235 4216 3302 4270 Et
3329 4216 3406 4270 ait
3438 4215 3556 4272 seni
3583 4231 3598 4267 :

2018 4301 2125 4356 Ora
2163 4318 2262 4372 pro
2296 4320 2403 4366 me.
2443 4306 2615 4373 abba;
2663 4306 2788 4361 volo
2831 4307 2975 4362 enim
3007 4308 3178 4363 abire.
3216 4307 3359 4363 Dicit
3393 4324 3601 4364 senex:

2019 4392 2240 4459 Quare?
2268 4393 2574 4465 Respondit
2614 4398 2705 4454 ille
2741 4417 2754 4453 :
2789 4398 2928 4465 Quia
2962 4414 3062 4455 cor
3087 4416 3270 4457 meum
3311 4401 3468 4471 quasi
3504 4401 3603 4456 lla-

2021 4491 2162 4554 grat,
2191 4493 2245 4541 et
2272 4487 2403 4556 quid
2434 4488 2631 4542 habeat
2672 4490 2876 4546 nescio.
2913 4486 3049 4544 Nam
3096 4492 3318 4562 quando
3352 4508 3502 4547 eram
3546 4494 3604 4548 in

313 4583 414 4636 οὑκ
452 4578 585 4636 οἶδα
631 4580 687 4633 τί
730 4579 862 4649 ἔχει.
917 4580 1045 4632 Ὅτε
1084 4580 1194 4650 γὰρ
1235 4580 1382 4649 ἤμην
1433 4581 1514 4642 είς
1557 4577 1658 4648 τὴν
1696 4575 1907 4648 κώμην,

2024 4578 2169 4644 villa,
2199 4594 2373 4649 usque
2419 4581 2487 4635 ad
2535 4596 2816 4651 vesperam
2856 4582 3194 4652 jejunabam,
3230 4600 3333 4639 nec
3364 4601 3604 4656 unquam

313 4673 418 4737 ἕως
445 4672 559 4744 ὀψὲ
584 4672 898 4743 ὲνήστευον,
927 4672 1022 4724 καὶ
1058 4670 1313 4723 οὐδέποτε
1343 4668 1515 4733 οὑτως
1555 4686 1646 4739 μοι
1677 4669 1915 4737 ἐγένετο.

312 4765 479 4834 Λέγει
518 4761 674 4833 αὑτῷ
708 4764 736 4815 ὁ
760 4763 965 4833 γέρων·
998 4762 1094 4823 Et;
1129 4760 1226 4831 τὴν
1257 4758 1470 4830 κώμην,
1506 4762 1570 4812 ὲκ
1598 4759 1707 4812 τῶν
1742 4758 1919 4812 ὠτίων

314 4875 409 4910 σου
445 4855 695 4928 ὲτρέφου
721 4870 736 4885 ·
775 4853 892 4907 ἀλλ’
934 4852 1136 4907 ἄπελθε
1184 4851 1293 4905 ἀπὸ
1337 4851 1431 4903 τοῦ
1469 4850 1584 4915 νῦν,
1639 4850 1734 4903 καὶ
1772 4849 1920 4903 ἔσθιε

307 4952 408 5021 τὴν
437 4948 715 5018 ὲννάτην·
749 4946 843 4999 καὶ
881 4946 935 4998 εἴ
959 4962 1012 4998 τι
1041 4945 1235 5009 ποιεῖς,
1269 4944 1325 4996 ὲν
1356 4942 1583 5015 κρυπτῷ
1617 4943 1778 4997 ποίει.
1814 4945 1923 4998 Καὶ

308 5043 381 5107 ὡς
407 5043 633 5114 ἤρξατο
668 5038 865 5103 ποιεῖν,
901 5035 1037 5106 μετὰ
1084 5034 1311 5104 θλίψεως
1348 5032 1506 5105 ἔμενε
1529 5033 1628 5106 τὴν
1673 5034 1919 5107 ὲννάτην.

308 5135 415 5187 Καὶ
452 5134 655 5198 ἔλεγον
686 5130 738 5181 οἱ
774 5129 1128 5199 γνωρίζοντες
1172 5128 1356 5194 αὑτὸν,
1390 5129 1474 5181 ὅτι
1514 5129 1572 5181 '0
1604 5126 1924 5199 Νηστευτὴς

308 5220 700 5297 ἑδαιμονίσθη.
750 5218 950 5272 Ἐλθὼν
976 5218 1033 5270 δὲ
1059 5218 1359 5290 ἀπήγγειλε
1381 5217 1458 5289 τῷ
1478 5217 1695 5289 γέροντι
1723 5217 1919 5271 πάντα.

320 5316 374 5369 ὐ
402 5318 464 5371 δὲ
495 5315 669 5372 εἶπεν
704 5313 882 5385 αὐτῷ·
913 5312 1060 5385 Αὖτη
1081 5315 1115 5385 ἡ
1145 5314 1263 5377 ὁδὸς
1293 5313 1434 5368 κατὰ
1464 5313 1596 5369 Θεὸν
1622 5316 1790 5368 ἐστιν.

682 5429 826 5498 Περὶ
869 5428 978 5483 τοῦ
1015 5429 1162 5483 ἀϐϐᾶ
1210 5429 1528 5497 Ζαχαρίου.

369 5544 447 5601 α’.
494 5541 679 5600 Εἶπεν
718 5546 750 5598 6
785 5542 962 5606 ἀὸϐἄς
1004 5542 1290 5614 Μακάριος
1334 5541 1411 5613 τῷ
1441 5542 1587 5613 ἀὸθᾷ
1640 5544 1917 5616 Ζαχαρξᾳ-

372 5705 423 5736 ⁷¹³
454 5706 541 5760 Al.
586 5705 911 5775 φάντασμα.

375 5823 497 5890 (40)
522 5823 635 5876 I'it.
672 5822 829 5878 Patr.
869 5838 1024 5882 mn,
1058 5822 1105 5873 7.

384 5896 504 5967 (Μ)
550 5894 660 5950 Vit.
712 5893 866 5948 l’ulr.
913 5909 986 5951 tv.
1016 5893 1099 5945 17.

1024 5703 1071 5734 ⁷⁸
1105 5703 1188 5757 Al.
1219 5702 1471 5773 δύναμαι.

2024 4674 2155 4727 mihi
2205 4674 2314 4729 tale
2359 4675 2491 4744 quid
2541 4675 2791 4745 contigit.
2849 4672 3026 4730 Senex
3057 4684 3172 4730 tum
3206 4694 3219 4730 :
3260 4681 3322 4735 In
3356 4678 3501 4743 vico,
3540 4695 3606 4734 ex

2024 4765 2289 4820 auriculis
2332 4765 2440 4819 tuis
2481 4766 2849 4832 nutriebaris;
2883 4764 2978 4820 sed
3025 4766 3134 4832 abi,
3179 4777 3342 4836 atque
3391 4784 3458 4824 ex
3502 4769 3608 4825 hoc

2025 4862 2270 4923 tempore
2312 4854 2582 4909 manduca
2615 4857 2751 4910 hora
2787 4872 2967 4920 nona;
3011 4865 3066 4913 et
3099 4858 3144 4913 si
3186 4858 3318 4927 quid
3366 4860 3505 4930 agis,
3553 4859 3606 4911 in

2026 4946 2242 5000 occulto
2270 4944 2376 5001 fac.
2416 4946 2481 5001 Ut
2513 4962 2644 5017 ergo
2688 4949 2890 5017 incepit
2922 4948 3122 5014 facere,
3160 4966 3362 5004 nonam
3412 4952 3606 5006 horam

2028 5051 2171 5107 mgre
2216 5039 2589 5107 exspectabat.
2634 5037 3010 5109 Dixernntque
3054 5039 3145 5109 qui
3202 5043 3607 5111 cognoscebant

2026 5143 2151 5183 eum
2193 5148 2204 5183 :
2240 5127 2525 5199 Jejunator
2560 5145 2589 5183 a
2620 5131 2866 5185 daemone
2907 5140 3191 5205 correptus
3234 5141 3338 5186 est.
3377 5131 3470 5185 Ille
3505 5148 3602 5185 auo

2028 5226 2135 5274 tem
2184 5221 2410 5275 veniens
2455 5228 2653 5274 cuncta
2708 5221 2979 5275 nuntiavit
3022 5220 3160 5275 seni.
3215 5218 3319 5287 Qui
3363 5220 3431 5274 ad
3485 5236 3608 5275 eum

2029 5312 2166 5367 dixit
2204 5331 2216 5367 :
2265 5312 2390 5367 Hace
2424 5313 2530 5374 via,
2570 5315 2870 5367 secundum
2908 5313 3076 5368 Deum
3113 5320 3216 5369 est.

2513 5428 2584 5480 De
2613 5427 2801 5481 abbate
2831 5425 3114 5492 Zacharia.

2100 5547 2149 5601 I.
2184 5545 2297 5615 (4'2)
2335 5545 2478 5600 Dixit
2524 5544 2693 5598 abbas
2746 5542 3014 5598 Macarius
3058 5539 3243 5598 abbati
3284 5539 3608 5607 Zachariae:

2099 5827 2206 5892 λλ)
2267 5823 2362 5875 i’z‘t.
2411 5823 2558 5876 I’alr.
2599 5837 2634 5886 ι,
2668 5823 2717 5877 6.
