4032 6334
431 422 533 478 579

1582 417 1805 472 ΛΡΡΕΝ
1815 417 1926 472 ΠΙΧ
1967 418 2056 471 ΑΙ)
2095 417 2430 476 PALLADlU
2443 416 2514 472 M.

3582 420 3690 480 180

427 540 573 595 Doce
623 550 711 594 me
749 533 1148 608 quodnamysit
1201 548 1338 603 opus
1388 533 1660 586 monachi.
1709 532 1800 586 Ait
1838 533 1941 603 ipsi
1980 553 1990 588 :

2124 535 2230 590 Εἰπέ
2256 553 2348 605 μοι
2371 535 2433 588 τὺ
2453 533 2611 605 ἔργον
2632 532 2723 586 τοῦ
2750 532 3002 604 μοναχοῦ.
3019 534 3182 606 Λέγει
3198 534 3372 607 αὐτῷ·
3404 534 3534 608 Ἐμὲ
3553 539 3688 611 ἐρω-

429 629 584 687 Tune
611 629 918 700 interrogas
948 640 1054 689 me,
1081 623 1280 680 Pater?
1313 622 1450 678 Tum
1475 624 1642 680 abbas
1674 623 1944 681 Macarius
1975 644 1989 682 :

2096 627 2213 696 τᾷς,
2246 627 2458 696 Πάτερς
2485 625 2597 679 Kal
2624 624 2772 694 λέγει
2793 626 2822 678 6
2855 621 3030 689 5666;
3066 626 3380 696 Μακάριοςο
3405 628 3689 700 Πληροφο-

427 721 579 776 Dete
609 718 739 773 mihi
775 727 1100 788 persuasum
1128 721 1234 777 est,
1272 709 1348 766 illi
1385 710 1671 768 Zacharia.
1714 711 1811 768 Est
1847 712 1993 768 enim

2124 716 2298 787 ιοῦμαι
2325 719 2404 782 εἰς
2425 717 2508 782 σὲ,
2529 717 2716 771 τέκνον
2737 717 3173 788 Ζαχαρία,;”Εστι
3191 717 3296 790 γὰρ
3329 721 3356 772 6
3379 717 3589 772 νύσσων
3620 737 3688 790 με

427 811 523 881 qui
571 823 660 864 me
703 805 877 872 vellit,
919 810 978 859 ut
1017 803 1345 871 interrogem
1392 811 1464 857 te.
1519 799 1817 856 Zacharias
1855 801 1997 856 hanc

2124 807 2192 861 :06
2236 807 2506 880 ἐρωτῆσαί
2567 825 2647 862 σε.
2682 807 2845 877 Λέγει
2885 807 3033 879 αὐτῷ
3069 811 3097 862 6
3126 809 3433 880 Ζαχαρίας⁹
3466 809 3539 862 Τὸ
3561 811 3686 862 κατ’

429 899 651 970 protulit
682 894 1007 954 sententiam
1054 911 1068 948 :
1121 891 1401 958 Quantum
1450 891 1671 963 quidem
1719 892 1995 956 existimo,

429 991 610 1058 Pater,
641 989 735 1063 qui
757 987 865 1046 sibi
899 985 957 1042 in
989 987 1246 1042 omnibus
1278 985 1389 1040 vim
1424 984 1576 1051 facit,
1611 986 1659 1041 is
1695 995 1781 1042 est
1809 999 1999 1041 mona-

427 1085 585 1141 chus.

495 1173 552 1229 ε.
585 1171 699 1244 (43)
719 1167 885 1228 Venit
917 1168 1212 1241 aliquando
1234 1168 1404 1225 abbas
1438 1167 1620 1224 Moses
1651 1167 1717 1224 ad
1745 1166 2002 1223 haurien-

426 1266 550 1319 dam
575 1277 796 1336 aquam,
839 1271 896 1318 et
944 1261 1152 1316 invenit
1190 1261 1437 1317 abbatem
1471 1260 1793 1316 Zachariam
1839 1274 2002 1315 oran-

428 1365 538 1410 tem
577 1355 645 1411 ad
675 1355 1007 1423 cisternam,
1033 1360 1089 1411 et
1115 1352 1382 1425 Spiritum
1417 1353 1514 1411 Dei
1544 1352 1876 1411 residentem
1907 1368 2002 1407 su-

430 1463 526 1518 per
557 1463 704 1504 eum.

501 1539 554 1594 5.
581 1538 692 1612 (44)
723 1537 871 1594 Dixit
900 1536 1195 1608 aliquando
1238 1535 1408 1592 abbas
1447 1532 1625 1593 Moses
1664 1535 1733 1590 ad
1783 1532 2006 1588 fratrem

430 1628 751 1685 Zachariam
789 1647 803 1684 :
835 1628 1070 1683 Enuntia
1103 1627 1236 1682 mihi
1262 1625 1393 1698 quid
1426 1641 1584 1698 agerc
1606 1624 1873 1681 debeam?
1897 1623 2008 1677 Au-

429 1723 586 1776 diens
617 1720 729 1786 ille,
765 1719 916 1776 humi
966 1719 1263 1790 prostravit
1297 1733 1356 1774 se
1401 1718 1468 1772 ad
1517 1718 1685 1788 pedes
1737 1716 1878 1788 ejus,
1927 1714 2011 1770 di-

430 1825 603 1869 cens:
653 1810 734 1865 Tu
784 1825 873 1867 me
921 1811 1248 1880 interrogas,
1299 1809 1496 1870 Pater?
1554 1810 1643 1863 Ait
1678 1809 1757 1864 illi
1796 1809 2007 1864 senex:

424 1900 565 1976 _Mihi
591 1900 772 1970 crede,
800 1899 1086 1968 Zacharia,
1109 1901 1182 1955 ﬁli
1214 1899 1321 1967 mi;
1345 1900 1456 1955 vidi
1475 1900 1738 1971 Spiritum
1758 1906 2008 1956 sanctum
2043 1884 2083 1940 Β

431 1994 852 2052 descendentem
893 2007 1058 2062 super
1090 2001 1164 2057 te,
1194 2007 1370 2062 eoque
1398 2007 1563 2063 cogor
1586 1990 1896 2062 percontari
1931 1999 2005 2045 te.

431 2080 590 2138 Tunc
629 2081 927 2138 Zacharias
979 2081 1250 2137 sublatam
1303 2083 1575 2137 cucullam
1620 2095 1652 2136 e
1690 2081 1868 2150 capite
1910 2093 2012 2137 suo

433 2173 618 2246 posuit
639 2175 744 2231 sub
767 2172 1021 2244 pedibus,
1053 2186 1226 2242 eaque
1268 2172 1590 2227 conculcata
1629 2189 1643 2225 :
1677 2169 1790 2224 Nisi
1826 2171 2011 2237 homo,

431 2265 634 2336 inquit,
669 2265 787 2336 pari
815 2265 977 2319 modo
1006 2265 1274 2320 contritus
1296 2263 1647 2334 calcatusque
1677 2261 1862 2327 fuerit,
1897 2275 2012 2316 mo-

433 2357 646 2413 nachus
672 2371 796 2413 esse
819 2371 930 2412 non
956 2363 1159 2426 potest.

501 2449 558 2505 4.
589 2447 672 2505 Ad
714 2448 967 2503 abbatem
1007 2445 1331 2501 Zachariam
1381 2445 1437 2500 in
1488 2442 1634 2502 Sceti
1681 2443 2011 2502 residentem

431 2542 572 2599 visio
593 2542 760 2597 missa
783 2548 904 2609 est;
943 2547 998 2595 et
1029 2555 1283 2612 surgens,
1320 2538 1502 2593 abbati
1542 2537 1762 2594 Carioni
1797 2538 2010 2592 indica-

386 2653 391 2660 -
432 2636 527 2689 vit.
577 2631 756 2688 Senex
803 2646 953 2696 vero,
1011 2631 1101 2701 qui
1152 2630 1363 2684 activus
1408 2637 1574 2697 esset,
1614 2631 1822 2700 peritus
1861 2629 2009 2684 circa

433 2719 544 2774 ista
591 2734 701 2773 non
747 2717 980 2773 exstitit.
1034 2717 1280 2790 Surgens
1330 2733 1461 2787 ergo
1510 2719 1817 2774 verberavit
1863 2734 2008 2784 eum,

434 2808 712 2864 atiirmans
760 2823 790 2862 a
841 2808 1180 2864 damonibus
1227 2806 1530 2878 profectam
1576 2809 1865 2865 visionem.
1907 2807 2013 2864 Ve-

433 2917 557 2957 rum
615 2899 894 2957 Zachariae
947 2901 1169 2958 sedebat
1237 2902 1441 2956 animo.
1505 2899 1756 2958 Surrexit
1807 2902 2010 2972 igitur,

435 3001 713 3066 noctuque
735 2993 869 3049 abiit
899 2994 967 3049 ad
991 2994 1241 3050 abbatem
1273 2993 1610 3056 Pamenem,
1647 2994 1736 3048 cui
1769 2994 2014 3049 narravit

434 3099 572 3152 rem,
618 3093 784 3156 utque
820 3085 1081 3140 interiora
1121 3099 1220 3141 sua
1258 3085 1532 3139 arderent.
1583 3083 1650 3138 Et
1693 3085 1892 3140 videns
1923 3099 2012 3140 se-

435 3193 564 3246 nex,
602 3192 634 3231 a
665 3176 777 3232 Deo
813 3192 959 3242 esse,
995 3176 1131 3232 dicit
1178 3181 1229 3232 ei
1273 3194 1288 3232 :
1331 3174 1691 3231 Proficiscere
1741 3175 1809 3230 ad
1854 3175 2010 3230 illum

435 3233 646 3334 senem,
679 3281 744 3322 ac
778 3267 825 3322 si
853 3266 986 3339 quid
1032 3267 1248 3322 locutus
1289 3265 1453 3321 fuerit
1494 3266 1613 3332 tibi,
1658 3265 1845 3321 facito.
1889 3266 2014 3321 Per-
2042 3233 2084 3289 ο

437 3360 580 3416 rexit
616 3359 682 3414 ad
707 3374 917 3416 senem.
963 3357 1069 3426 Qui
1103 3366 1231 3414 ante
1258 3373 1421 3429 quam
1449 3358 1834 3430 inquireretur,
1868 3372 2011 3428 pra-

438 3453 663 3510 veniens
691 3451 969 3508 enarravit
1010 3451 1063 3508 ei
1091 3460 1314 3517 cuncta,
1345 3451 1603 3523 quodque
1636 3451 2012 3521 spectaculum

439 3560 471 3598 a
523 3543 636 3600 Deo
693 3550 859 3600 esset.
922 3541 1032 3599 Sed
1090 3542 1250 3612 vade,
1314 3543 1511 3614 inquit,
1572 3543 1850 3615 subjicere
1908 3542 2016 3597 Pa-

441 3631 510 3684 tri
544 3637 658 3685 tuo.

510 3722 564 3778 5.
599 3723 712 3795 (45)
755 3721 983 3778 Abbatis
1020 3720 1268 3779 Pastoris
1308 3724 1397 3780 hic
1433 3723 1535 3779 fuit
1579 3739 1762 3781 sermo
1799 3742 1812 3778 :
1843 3723 2016 3780 Inter-

441 3816 653 3887 rogavit
699 3815 869 3871 abbas
905 3813 1121 3886 Moyses
1164 3814 1416 3869 abbatem
1457 3813 1801 3880 Zachariam,
1853 3814 2017 3870 morti

441 3905 780 3976 proximum:
816 3902 959 3970 Quid
982 3903 1174 3958 vides?
1200 3902 1338 3959 Dicit
1372 3904 1423 3959 ei
1457 3924 1469 3959 :
1500 3902 1692 3960 Nonne
1723 3904 1898 3960 satius
1932 3914 2016 3961 est

440 4006 642 4062 tacere,
668 3994 866 4052 Pater?
903 3994 1057 4050 Tunc
1089 3996 1179 4051 ille
1210 4013 1224 4050 :
1260 3996 1459 4064 Etiam,
1497 3996 1594 4062 ﬁli,
1619 4005 1757 4052 tace.
1790 3995 1856 4052 Et
1881 3996 2019 4053 hora

439 4087 634 4144 mortis
683 4087 827 4158 ejus,
879 4087 1077 4144 sedens
1135 4086 1378 4144 Isidorus
1427 4089 1618 4152 abbas,
1668 4091 1919 4161 suspexit
1960 4090 2019 4146 in

438 4180 658 4246 calum,
690 4180 979 4252 dixitque:
1013 4179 1244 4248 Latare,
1299 4181 1374 4236 mi
1430 4180 1504 4237 illi
1560 4182 1854 4252 Zacharia,
1888 4183 2019 4255 quia

439 4270 537 4324 tibi
565 4278 766 4341 aperta
789 4280 918 4328 sunt
938 4279 1108 4342 porta
1129 4272 1282 4338 regni
1304 4272 1591 4326 calorum.

863 4465 1204 4535 Principium
1234 4465 1428 4521 littera
1460 4465 1526 4522 ll.

969 4555 1047 4611 De
1075 4559 1264 4613 abbate
1297 4557 1482 4614 Esaia.

517 4670 566 4726 l.
605 4667 750 4724 Dixit
779 4668 949 4725 abbas
983 4670 1218 4727 Esaias:
1253 4671 1397 4726 Nihil
1447 4671 1582 4729 adeo
1609 4674 1761 4729 utile
1797 4683 1883 4730 est
1923 4691 2022 4731 no-

519 4825 562 4858 ’⁷
589 4823 674 4880 Al.
711 4825 960 4896 ἀδελφόν.
1035 4827 1082 4860 ⁷⁸
1111 4827 1195 4881 Al.
1230 4827 1357 4883 add.
1397 4827 1591 4896 λέγων.

515 4979 624 5052 με)
656 4979 787 5052 ibid.
812 4995 875 5052 Ρ.
905 4979 1062 5049 1005,
1087 4997 1145 5037 η.
1172 4981 1262 5052 49,

513 5050 627 5121 (44)
670 5050 772 5121 Vit.
797 5050 952 5121 Βίην.
983 5067 1073 5117 xv,
1106 5052 1192 5106 i7.
1228 5051 1366 5108 Cod.
1408 5053 1547 5112 Cas.
1568 5050 1688 5111 253.

518 5120 632 5193 (ιε)
656 5120 788 5193 _Vit.
815 5120 972 5193 Patr.
1002 5137 1105 5193 xv,_
1122 5122 1208 5176 18.

518 5186 632 5260 (46)
656 5186 846 5246 *Ηλθέ
873 5207 1038 5245 ποτε.
1057 5190 1382 5248 Membrana
1406 5193 1643 5250 Colbert.
1666 5187 1869 5250 Ἦλθέν
1891 5211 2020 5248 ποτε

443 5261 472 5334 6
511 5259 686 5334 6666:;
715 5261 955 5334 Μωῦσῆς
985 5263 1063 5324 είς
1091 5262 1181 5334 σιὸν
1213 5262 1415 5318 λάκκον
1443 5263 1704 5334 ἀντλῆσαι
1730 5264 1894 5334 ὕδωρ,
1926 5265 2022 5318 καὶ

448 5333 555 5412 ιδεμ
588 5330 885 5412 :6v_66_66v
916 5330 1194 5412 Ζαχαρίαν
1231 5334 1521 5412 εὐχόμενον
1554 5330 1645 5412 kal
1671 5333 1766 5387 τοῦ
1795 5330 2020 5412 λᾴκκου,

448 5348 555 5386 ιοεν
588 5348 679 5384 τον
710 5348 885 5410 αοραν
918 5348 1194 5454 ιαχαὲιαν
1231 5348 1521 5404 ευχομενον
1554 5348 1645 5386 επι
1671 5351 1766 5387 του
1797 5348 2020 5401 Αακκου,

445 5403 541 5526 ἴα)
567 5402 890 5525 ἓξτὲξνευμα
916 5418 1010 5455 του
1106 5417 1195 5454 εου
1225 5401 1300 5467 ὡς
1345 5403 1672 5475 περιστερὰν
1719 5404 2026 5474 καθήμενον

477 5490 517 5525 π
603 5491 612 5508 ν
734 5511 747 5524 .

477 5488 532 5525 π’
567 5488 747 5525 αυτον.

520 5542 638 5610 (47)
679 5540 820 5610 Περὶ
852 5540 982 5610 τοῦ,
1017 5541 1169 5598 ὰϐΰᾶ
1217 5541 1476 5597 Ἡσαΐου.
1509 5537 1789 5596 Profertur
1831 5542 1884 5596 in
1913 5541 2022 5596 Ca-

446 5609 570 5664 tena
603 5609 846 5665 tiorderii
870 5611 935 5665 ad
961 5609 1122 5666 Luca
1148 5627 1257 5676 xw,
1285 5613 1376 5677 2.7,
1407 5613 1520 5667 hac
1547 5613 1834 5676 sententia,
1873 5613 2020 5666 velut

445 5681 604 5736 Isaia
628 5679 1024 5749 archiepiscopi
1051 5700 1063 5734 :
1103 5681 1327 5746 Qualem
1351 5693 1525 5737 autem
1552 5697 1755 5734 crucem
1803 5681 1931 5735 dicit
1965 5690 2023 5734 ut

450 5749 768 5821 najuleutus,
833 5749 937 5821 nisi
980 5751 1354 5821 continentiam
1381 5769 1442 5821 ,α
1467 5751 1796 5821 passionibus
1816 5793 1831 5817 ,
1857 5751 2022 5806 donec

449 5817 595 5878 usus
631 5817 753 5872 illas
780 5817 984 5887 penitus
1016 5819 1314 5878 exstiruet!
1351 5817 1547 5877 Verum
1580 5821 2017 5894 quandoquidem

2101 900 2222 972 ἐμὲ,
2250 901 2454 971 Πάτερ,
2505 899 2568 953 τὸ
2619 900 2811 953 ἑαυτὸν
2871 898 3155 970 βιάζεσθαι
3181 901 3262 965 είς
3287 901 3487 966 πάντα,
3529 893 3688 962 οὗτός

2100 994 2247 1046 ἐστιν
2275 991 2304 1044 6
2344 990 2590 1062 μοναχός.

2175 1169 2236 1240 β’.
2287 1163 2461 1224 'mes
2523 1184 2652 1222 ποτε
2704 1167 2819 1240 (46)
2857 1169 2885 1223 6
2922 1166 3096 1231 6666c
3148 1166 3356 1237 Μωσῆς
3421 1165 3687 1238 ἀντλῆσαι

2105 1259 2270 1332 ὕδωρ,
2305 1260 2400 1314 καὶ
2429 1253 2554 1331 εὗρε
2585 1259 2677 1314 τὸν
2721 1259 2897 1319 ἀόϐἄν
2932 1258 3208 1329 Ζαχαρίαν
3258 1259 3548 1330 εὐχόμενον
3594 1258 3688 1312 ἐπὶ
3759 1289 3763 1295 -

2104 1352 2199 1407 τοῦ
2227 1352 2455 1414 λάκκου,
2486 1351 2580 1405 καὶ
2606 1351 2664 1403 τὸ
2686 1350 2912 1423 Πνεῦμα
2956 1349 3051 1404 τοῦ
3081 1349 3217 1405 Θεοῦ
3255 1350 3561 1422 καθήμενον
3593 1353 3690 1405 ἐπ-

2109 1442 2222 1495 άνω
2248 1439 2436 1494 αὑτοῦ.

2177 1538 2248 1602 γ’.
2283 1527 2420 1585 Εἰπέ
2458 1548 2588 1584 ποτε
2629 1532 2656 1585 6
2695 1530 2869 1595 6666;
2913 1531 3120 1601 Μωσῆς
3155 1529 3234 1600 τῷ
3267 1528 3480 1601 ἀδελφῷ
3512 1532 3693 1602 laxa.

2114 1623 2235 1696 ρίᾳ·
2277 1622 2414 1677 Είπέ
2459 1640 2547 1694 μοι
2599 1623 2651 1676 τί
2701 1623 2945 1693 ποιήσω;
3009 1621 3276 1685 Ἀκούσας
3349 1622 3407 1675 δὲ
3466 1622 3690 1694 ἔρριψεν

2111 1714 2302 1770 ἑαυτὸν
2331 1715 2506 1786 χαμαὶ⁵
2549 1715 2629 1778 εἰς
2672 1714 2798 1778 τοὺς
2836 1713 3000 1775 πόδας
3035 1714 3220 1781 αὐτοῦ,
3263 1712 3467 1782 λέγων⁸
3513 1713 3584 1766 Σύ
3623 1731 3691 1784 με

2112 1807 2344 1878 ἐρωτᾷς,
2382 1804 2590 1877 Πάτερ;
2628 1802 2789 1872 Λέγει
2836 1803 2985 1874 αύτῷ
3010 1804 3207 1876 γέρων·
3239 1803 3536 1857 Πίστευσόν
3578 1821 3692 1875 μοι,

2109 1897 2298 1951 τέκνον
2325 1914 2425 1969 μου
2449 1896 2693 1969 Ζαχαρία
2711 1912 2724 1927 ⁸
2752 1891 2892 1950 εἶδον
2911 1895 2972 1948 τὸ
2995 1895 3223 1966 Πνεῦμα
3245 1895 3304 1947 τὸ
3329 1895 3482 1964 ἅγιον
3504 1896 3695 1949 κατελ-

2112 1985 2202 2039 Θδν
2235 1985 2327 2038 ἐπὶ
2359 1985 2438 2051 σὲ,
2469 1985 2564 2039 καὶ
2586 1987 2648 2037 ὲκ
2673 1984 2863 2038 τούτου
2889 1984 3270 2055 ἀναγκάζομαι
3299 1985 3571 2056 ἐρωτῆσαί
3603 2003 3691 2043 σε.

2111 2077 2244 2131 Τότε
2270 2077 2448 2132 λαϐὼν
2486 2080 2514 2132 6
2546 2078 2820 2149 Ζαχαρίας
2843 2078 2904 2131 τὸ
2935 2077 3256 2131 κουκούλιον
3291 2076 3457 2130 αὑτοῦ
3489 2079 3554 2130 ἐκ
3594 2078 3694 2147 τῆς

2110 2166 2356 2237 κεφαλῆς
2393 2167 2580 2230 αὐτοῦ,
2606 2166 2798 2236 ἔθηκεν
2821 2166 2925 2220 ὑπὸ
2949 2166 3075 2230 τοὺς
3097 2167 3286 2230 πόδας,
3319 2167 3413 2220 καὶ
3442 2183 3692 2220 καταπα-

2109 2259 2284 2330 τήσας
2321 2259 2452 2312 αὐτὸ
2485 2255 2670 2312 εἶπεν·
2712 2259 2838 2313 Ἐὰν
2877 2260 2950 2330 μὴ
2993 2259 3254 2332 σεντριὸῇ
3284 2257 3457 2323 οὕτως
3483 2258 3694 2330 ἄνθρω-

2087 2366 2233 2414 πος,
2257 2350 2318 2403 οὐ
2352 2349 2573 2404 δύναται
2596 2345 2734 2403 εῖναι
2766 2350 3018 2421 μοναχάς.

2181 2441 2244 2495 δ’.
2270 2441 2597 2513 Καθημένου
2620 2442 2748 2496 ποτὲ
2779 2441 2874 2496 τοῦ
2901 2442 3045 2496 6666'.
3067 2443 3340 2514 Ζαχαρίου
3365 2442 3446 2506 είς
3471 2443 3693 2510 Σκῆτιν,

2110 2528 2242 2604 ἦλθε
2261 2533 2462 2606 Θεωρία
2505 2536 2585 2597 είς
2627 2534 2817 2588 αὐτόν’
2853 2533 2947 2588 καὶ
2982 2533 3221 2598 ἀναστὰς
3266 2534 3577 2605 ’ἀνήγγειλε
3616 2533 3698 2606 τῷ

2113 2624 2256 2696 ἀϐϐᾷ
2290 2626 2452 2678 αὐτοῦ
2490 2627 2755 2699 Καρίωνι.
2820 2627 2877 2680 'U
2912 2626 2969 2680 δὲ
2986 2626 3190 2698 γέρων,
3250 2625 3555 2698 πρακτικὸς
3596 2626 3695 2692 ὢν,

2113 2717 2212 2788 οὐχ
2239 2718 2482 2789 ὑπῆρχεν
2504 2719 2736 2790 ἀκριϐὴς
2765 2718 2892 2789 περὶ
2922 2717 3115 2772 ταῦτα.
3151 2716 3257 2770 Kal
3298 2717 3536 2781 ἀναστὰς
3562 2718 3699 2771 ἔδει-

2117 2829 2209 2882 ρεν
2227 2813 2409 2880 αὑτὸν,
2437 2814 2631 2883 λέγων,
2659 2815 2739 2868 ὅτι
2777 2815 2886 2869 61:6
2911 2814 3180 2885 δαιμόνων
3211 2813 3346 2868 ἐστί.
3385 2813 3695 2886 Παρέμεινε

2111 2904 2169 2957 δὲ
2197 2905 2225 2957 6
2257 2903 2532 2975 λογισμός.
2563 2905 2672 2958 Καὶ
2701 2904 2937 2968 ἀναστὰς
2965 2903 3174 2975 ἀπῆλθε
3213 2903 3350 2975 πρὸς
3387 2902 3478 2957 τὸν
3520 2902 3698 2957 ἁ66ᾶν

2113 2994 2380 3064 Ποιμένα,
2424 2995 2637 3059 νυκτὸς,
2673 2997 2764 3050 καὶ
2803 2997 3121 3067 ἀνήγγειλεν
3159 2996 3307 3068 αὐτῷ
3343 2997 3406 3050 τὸ
3441 2998 3696 3068 πρᾶγμα,

2113 3087 2209 3140 καὶ
2238 3086 2355 3150 πῶς
2375 3086 2588 3141 καίεται
2626 3088 2694 3141 τὰ
2740 3089 2891 3153 έντὺς
2936 3090 3120 3144 αὐτοῦ.
3159 3090 3267 3143 Καὶ
3308 3089 3430 3143 ἰδὼν
3458 3091 3486 3142 6
3519 3091 3700 3161 γέρων

2117 3179 2198 3234 ὅτι
2235 3179 2342 3232 ἀπὸ
2384 3177 2519 3232 Θεοῦ
2561 3181 2698 3244 ἐστι,
2731 3180 2880 3250 λέγει
2919 3181 3066 3252 αὐτῷ
3091 3199 3105 3212 ·
3156 3182 3376 3250 ’Ὕπαγε
3419 3180 3556 3252 πρὸς
3607 3180 3698 3233 τὸν

2118 3271 2264 3324 δεῖνα
2285 3270 2375 3322 τὸν
2408 3270 2657 3342 γέροντα,
2688 3272 2782 3324 καὶ
2811 3273 2939 3325 εἴτι
2978 3273 3022 3325 δ’
3054 3273 3117 3328 ἄν
3153 3290 3234 3326 σοι
3255 3272 3404 3345 εἴπῃ,
3447 3272 3696 3342 ποίησον.

2117 3360 2228 3414 Καὶ
2257 3359 2504 3413 ἀπελθὼν
2531 3361 2665 3430 πρὸς
2698 3361 2788 3414 τὸν
2811 3361 3060 3432 γέροντα,
3085 3363 3215 3433 πρὶν
3253 3362 3507 3427 ἐξετάσαι
3535 3361 3700 3414 αὐτόν

2117 3469 2191 3518 τι,
2237 3451 2524 3523 προλαϐὼν
2551 3454 2579 3505 6
2617 3452 2794 3524 γέρων
2849 3451 3001 3508 εἶπεν
3048 3455 3198 3524 αὐτῷ
3251 3454 3450 3520 πάντα,
3492 3454 3588 3507 καὶ
3617 3453 3700 3506 ὅτι

2118 3543 2151 3613 ἡ
2192 3541 2393 3614 θεωρία
2425 3543 2530 3596 ἀπὸ
2572 3542 2708 3596 Θεοῦ
2754 3545 2926 3599 ἐστιν.
2969 3545 3106 3598 Ἀλλ’
3142 3544 3342 3615 ὕπαγε,
3395 3544 3700 3615 ύποτὰγηθι

2115 3631 2194 3706 τῷ
2220 3632 2392 3703 Πατρί
2417 3649 2530 3686 σου.

2189 3731 2251 3778 ε’.
2283 3721 2452 3779 Εἶπεν
2490 3726 2517 3778 6
2555 3723 2730 3787 6666';
2755 3724 2987 3796 Ποιμὴν,
3019 3726 3100 3778 ὅτι
3142 3724 3427 3798 ἠρώτησεν
3463 3726 3490 3777 6
3526 3723 3702 3786 6666c;

2117 3818 2356 3889 Μωῦσῆς
2376 3817 2468 3871 τὸν
2488 3819 2531 3849 ⁷⁷
2561 3817 2735 3871 ἀ66ἄν
2760 3818 3034 3892 Ζαχαρίαν
3063 3817 3321 3888 μέλλοντα
3341 3816 3597 3886 τελευτᾷν
3619 3814 3666 3845 ⁷⁸
3682 3827 3699 3843 ο

2120 3909 2185 3962 Τί
2239 3911 2401 3981 ὁρᾷς;
2458 3909 2552 3962 καὶ⁸
2610 3907 2754 3978 λέγει
2792 3909 2971 3980 αύτῷ-
3007 3910 3081 3962 υύ
3122 3907 3329 3979 βέλτιον
3368 3907 3429 3960 τὸ
3466 3907 3702 3976 σιωπᾷν,

2119 3999 2331 4071 Πάτερς
2375 4000 2468 4053 καὶ
2503 3996 2657 4052 εἶπεο
2691 4001 2820 4065 Nal,
2854 4001 3061 4067 τέκνον,
3109 3999 3308 4054 σιώπα.
3343 3998 3448 4054 Kal
3483 4002 3550 4070 τῇ
3581 3999 3706 4070 ὥρᾳ.

2116 4091 2212 4146 τοῦ
2237 4091 2464 4145 θανάτου
2490 4089 2674 4158 αὐτοῦ,
2699 4091 3058 4163 καθεζόμενος
3110 4094 3138 4145 6
3197 4091 3370 4154 666d;
3410 4090 3702 4162 Ἰσίδωρος,

2119 4181 2426 4251 ἀναϐλέψας
2449 4185 2528 4246 εἰς
2565 4182 2655 4236 τὸν
2679 4182 2905 4254 οὐρανὸν
2933 4178 3113 4235 εἶπεν·
3151 4179 3480 4253 Εὐφραίνου,
3511 4180 3705 4233 τέκνον

2123 4290 2223 4345 μου
2259 4273 2524 4344 Ζαχαρία,
2568 4273 2648 4327 ὅτι
2684 4272 3035 4345 ἀνεῴχθησαν
3076 4290 3157 4326 σοι
3186 4273 3241 4326 αἱ
3273 4272 3437 4326 πύλαι
3467 4272 3568 4342 τῆς
3595 4271 3706 4325 τῶν

2120 4365 2366 4437 οὐρανῶν
2404 4362 2702 4437 βασιλείας.

2577 4478 2744 4549 Ἀρχὴ
2771 4477 2864 4531 τοῦ
2891 4479 2936 4531 Η
2966 4478 3249 4548 στοιχείου.

2459 4569 2597 4638 Περὶ
2628 4570 2731 4624 τοῦ
2764 4569 2915 4624 άϐϐᾶ
2965 4569 3204 4624 Ἡσαΐου
3234 4567 3368 4640 (47).

2199 4687 2265 4734 α’.
2293 4677 2460 4734 Εἶπεν
2485 4683 2513 4734 6
2540 4681 2715 4744 6666;
2763 4683 3008 4747 Ἡσαΐας,
3042 4683 3125 4736 ὅτι
3154 4681 3308 4736 οὐδὲν
3337 4679 3514 4745 οὕτως
3549 4679 3706 4735 λυσι-

2129 4985 2300 5040 Esaia
2316 4985 2529 5040 abbatis
2551 4985 2797 5041 oratione
2816 4984 2878 5040 2|
2893 5025 2907 5050 ,
2934 5000 2999 5041 ex
3026 4985 3144 5040 Zini
3166 4986 3416 5042 versione
3438 4985 3707 5054 scriptum

2126 5055 2330 5124 legitur
2355 5075 2368 5110 :
2407 5055 2510 5121 Qui
2538 5073 2640 5110 non
2672 5055 2814 5111 tollit
2845 5072 3051 5109 crucem
3075 5073 3226 5111 suam
3257 5067 3306 5111 et
3337 5057 3574 5126 sequitur
3600 5072 3704 5119 me,

2125 5141 2230 5195 non
2259 5134 2425 5195 potest
2448 5141 2591 5195 meus
2619 5142 2730 5180 esse
2753 5126 3042 5192 discipulus
3063 5125 3212 5194 (Luc.
3240 5143 3350 5191 xw,
3371 5125 3485 5185 2'7).
3521 5125 3700 5191 Quam

2127 5194 2276 5256 dicit,
2306 5204 2364 5248 ut
2399 5194 2649 5250 tollamus
2673 5199 2920 5252 crucem?
2952 5196 3056 5250 nisi
3085 5206 3141 5250 ut
3170 5213 3314 5251 mens
3378 5195 3592 5250 assidue
3626 5196 3707 5249 vi-

2129 5264 2279 5334 gilet,
2311 5274 2361 5319 et
2395 5264 2676 5319 virtutibus
2707 5267 3018 5321 incumbat?
3051 5271 3093 5320 A
3125 5283 3278 5320 cruce
3319 5283 3421 5320 non
3457 5265 3706 5329 discedit,

2128 5335 2218 5457 glui
2245 5336 2372 5388 vitia
2409 5336 2753 5417 persequitur,
2791 5336 2966 5418 donec.
2980 5353 3041 5390 ea
3068 5336 3306 5416 profliget
3352 5345 3704 5417 acIsuperet.

2185 5405 2324 5457 ullus
2355 5405 2562 5457 dubito.
2593 5423 2724 5457 aum
2749 5407 3060 5457 abbrewata
3093 5415 3365 5457 scriptura
3398 5420 3518 5457 Vll‘O
3545 5406 3704 5457 docto

2185 5405 2324 5476 ullus
2353 5405 2562 5476 dubito,
2593 5406 2724 5476 quin
2749 5405 3073 5461 abbreviata'
3093 5405 3365 5475 scriptura
3398 5406 3518 5476 viro
3545 5406 3709 5461 docto

2131 5473 2308 5528 fraudi
2345 5473 2525 5535 fuerit.
2549 5473 3120 5544 rut'archimandritam
3149 5473 3707 5544 in'arcbiepiscopum

2131 5552 2492 5599 converteret.
2525 5543 2701 5601 Esaia
2747 5546 3089 5600 anachoreta
3157 5545 3316 5597 aliam
3376 5543 3706 5600 sententiam

2129 5613 2350 5667 adducit
2379 5615 2648 5672 Antonius
2694 5615 2910 5670 Melissa
2964 5615 3057 5668 lib.
3089 5630 3128 5677 ι,
3168 5630 3332 5670 serm.
3365 5616 3455 5680 59;
3487 5615 3711 5668 abbatis

2131 5698 2257 5755 vero
2280 5683 2451 5738 Esaia
2475 5687 2734 5755 opuscula
2756 5686 2927 5748 varia,
2960 5686 3156 5755 partim
3187 5684 3355 5748 edita,
3391 5685 3585 5755 partim
3619 5685 3713 5739 in-

2126 5752 2294 5878 f‘diltla,
2326 5752 2718 5878 tcomplectitur
2745 5755 2916 5812 codex
2951 5752 3332 5811 membraneus
3362 5752 3716 5810 bibliotheca:

2152 5838 2204 5878 ⁴ο
2266 5839 2322 5878 cr
2351 5838 2470 5878 ma.

2152 5838 2470 5878 .omertma.
