4032 6334
1543 392 2156 454 ΑΡοΡΗΤΗευυΑΤΑ
2188 396 2500 458 ΡΛΤΒῸΜ.

3495 410 3600 467 182

319 506 461 558 τελεῖ
500 504 581 576 τῷ
620 504 874 579 ἀρχαρίῳ
914 504 1060 580 (ιε),
1106 508 1181 573 ὡς
1229 512 1263 581 ἡ
1311 508 1486 582 ὕϐρις.
1542 513 1754 586 Ὠσπερ
1798 514 1907 587 γὰρ

2022 517 2148 573 vitio
2178 517 2551 587 monacho,_ut
2578 519 2934 577 contumelia.
2964 517 3101 577 Nam
3129 521 3596 594 quemadmodum

318 597 533 670 δένδρον
556 598 671 670 (49)
697 598 820 654 καθ’
843 600 1078 673 ἑκάστην
1109 603 1485 676 ποτιζόμενον,
1527 604 1703 672 οὕτως
1727 608 1904 679 ἀρχά-

322 706 432 763 pro;
463 689 826 763 ὑϐριζόμενος
851 692 948 746 καὶ
978 691 1287 765 ὑπομένων.

391 781 453 853 β’.
481 782 680 851 Ἔλεγε
716 781 881 836 πάλιν
914 783 1052 856 πρὸς
1072 786 1200 850 τοὺς
1232 785 1415 851 καλῶς
1441 787 1780 859 ἀρχομένους
1811 790 1906 844 καὶ⁵

324 872 790 945 ὑποτασσομένους
844 874 1123 948 Πατράσιν
1175 876 1373 946 ἁγίοις,
1436 878 1519 932 ὅτι
1598 879 1665 933 Ἦ
1711 879 1905 953 πρώτη

323 963 462 1036 βαφὴ
503 965 607 1018 οὐκ
651 964 983 1029 ἀποϐάλλει,
1031 967 1109 1032 ὡς
1151 967 1245 1021 ἐπὶ
1294 968 1603 1042 πορφύρας.
1654 970 1785 1025 Καίο
1822 972 1908 1026 ὅτι

324 1058 532 1128 Ὥσπερ
586 1058 638 1110 οί
702 1056 886 1111 κλάδοι
949 1059 1000 1112 oi
1051 1059 1252 1114 ἁπαλοὶ
1313 1060 1554 1133 εὐχερῶς
1606 1062 1908 1134 μεταστρέ-

318 1166 508 1218 φονται
537 1151 633 1204 καὶ
660 1150 1026 1223 κάμπτονται,
1057 1150 1233 1218 οὕτως
1271 1152 1366 1208 καὶ
1392 1154 1439 1207 oi
1465 1153 1723 1227 ἀρχάριοι
1754 1154 1910 1221 ὄντες

319 1244 374 1295 ἂν
405 1243 678 1316 ὑποταγῇ.

385 1332 456 1404 γ’.
494 1335 693 1404 Ἔλεγε
735 1335 918 1398 πάλιν,
964 1337 1047 1391 ὅτι
1102 1335 1370 1410 ἀρχάριος
1417 1338 1759 1410 μεταϐαίνων
1798 1338 1909 1395 ἀπὸ

319 1428 687 1499 μοναστηρίου
725 1431 807 1492 είς
849 1430 1235 1501 μοναστήριον,
1280 1430 1425 1485 ἔοικε
1478 1430 1604 1503 ζώῳ
1635 1432 1741 1486 ὑπὸ
1778 1448 1911 1505 φορ-

317 1519 475 1584 ϐαίας
506 1519 743 1577 ἐνταῦθα
769 1522 992 1576 κάκεῖσε
1015 1521 1381 1593 ἐλαυνομένῳ.

386 1697 448 1751 δ’.
482 1692 624 1750 Εἷπε
657 1696 838 1764 πάλιν,
870 1698 954 1751 ὅτι
981 1701 1011 1752 6
1039 1698 1415 1770 πρεσϐύτερος
1451 1698 1549 1753 τοῦ
1582 1698 1906 1770 Πηλουσίου,

319 1790 623 1862 γενομένης
645 1791 887 1862 ἀγάπης,
917 1792 1011 1846 καὶ
1034 1791 1144 1845 τῶν
1184 1792 1429 1863 ἀδελφῶν
1457 1795 1515 1846 ὲν
1545 1796 1612 1865 τῇ
1641 1791 1911 1865 ἐκκλησίᾳ

2007 608 2173 664 arbor
2210 609 2442 681 singulis
2475 610 2669 667 diebus
2710 611 2957 682 irrigata,
2991 614 3074 670 sic
3118 614 3364 671 novitius
3403 627 3591 671 contuo

2007 698 2169 755 melia
2204 699 2431 758 all‘ectus
2460 709 2514 755 et
2545 702 2807 761 tolerans.

2077 789 2134 845 2.
2176 790 2374 847 lterum
2399 792 2535 848 dixit
2555 794 2623 849 ad
2647 811 2743 853 eos
2766 797 2859 867 qui
2889 805 3037 854 recte
3067 797 3361 868 incipiunt,
3388 801 3593 855 sanctis

2007 877 2261 937 Patribus
2298 882 2533 952 subjecti
2569 902 2584 939 :
2619 882 2804 940 Prima
2836 886 3079 943 tinctura
3111 903 3395 959 nunquam
3434 889 3593 943 amit-

2008 972 2173 1040 titur;
2212 973 2360 1029 velut
2410 975 2467 1029 in
2513 990 2775 1048 purpura.
2819 975 2986 1034 Item:
3034 977 3190 1035 Sicut
3234 978 3410 1035 teneri
3456 978 3594 1034 rami

2008 1062 2172 1122 facile
2208 1075 2611 1124 convertuntur
2642 1082 2709 1124 ac
2737 1067 3053 1137 ﬂectuntur,
3095 1071 3170 1127 ita
3199 1078 3254 1128 et
3285 1071 3479 1127 novitii
3498 1072 3597 1142 qui

2010 1157 2068 1214 in
2102 1158 2448 1232 subjectione
2480 1169 2634 1218 sunt.

2080 1335 2135 1392 5.
2179 1333 2328 1390 Dixit
2348 1335 2570 1401 iterum,
2600 1335 2878 1393 novellum
2906 1335 3237 1419 monachum
3263 1351 3294 1391 e
3323 1340 3598 1391 monaste-

2009 1426 2096 1482 rio
2132 1424 2204 1481 ad
2235 1425 2637 1482 monasterium
2666 1425 3173 1497 transmigrantem,
3199 1426 3438 1482 similem
3467 1439 3595 1482 esse

2012 1517 2239 1574 animali
2293 1517 2442 1590 quod
2488 1519 2594 1575 sub
2645 1517 2895 1590 capistro
2947 1518 3054 1573 huc
3107 1516 3348 1589 illucque
3401 1514 3598 1587 impel-

2009 1608 2162 1754 ωῗ.
2191 1696 2310 1770 (50)
2351 1695 2544 1755 Itidem
2578 1699 2848 1764 narravit,
2872 1697 3020 1769 quod
3049 1695 3255 1753 Pelusii
3285 1696 3595 1770 presbyter,

2009 1803 2136 1845 cum
2174 1788 2331 1846 fieret
2373 1803 2563 1862 agape,
2615 1795 2672 1846 et
2707 1787 2907 1845 fratres
2941 1790 2999 1843 in
3058 1788 3293 1845 ecclesia
3339 1789 3596 1846 comede-

320 1883 641 1946 ἑσθιόντων,
673 1884 767 1938 καὶ
812 1883 1217 1939 συλλαλούντων
1273 1885 1544 1958 ἀλλήλοις,
1576 1886 1907 1957 ἐπιτιμήσας

2022 1892 2159 1948 rent,
2220 1888 2525 1953 mutuoque
2584 1880 3055 1953 colloquerentur,
3108 1878 3398 1951 increpitis
3449 1878 3594 1947 illis,

321 1978 502 2041 αὐτοῖς
537 1972 661 2031 εἷπε
678 1995 691 2006 ·
729 1978 1011 2043 Σιωπᾶτε,
1058 1978 1309 2047 ἀδελφοί·
1349 1974 1489 2032 εἶδον
1528 1978 1640 2049 ἐγὼ
1677 1977 1905 2047 ἀδελφὸν

319 2061 570 2116 ἐσθίοντα
632 2063 749 2134 μεθ’
811 2065 998 2136 ὑμῶν,
1057 2067 1154 2119 καὶ
1217 2066 1441 2120 πίνοντα
1502 2068 1744 2139 ποτήρια
1804 2068 1906 2122 ὅσα

318 2156 475 2226 ὑμεῖς
520 2157 589 2222 τ’,
627 2158 722 2211 καὶ
765 2158 798 2229 ἡ
849 2158 986 2231 εὐχὴ
1027 2159 1193 2215 αὑτοῦ
1227 2159 1507 2214 ἀναϐαίνει
1540 2160 1772 2217 ἐνώπιον
1811 2161 1904 2215 τοῦ

317 2249 453 2303 Θεοῦ
487 2249 568 2313 ὡς
601 2249 735 2321 πῦρ.

387 2341 447 2393 ε’.
484 2339 716 2409 Ἔλεγον
745 2341 873 2412 περὶ
899 2340 994 2396 τοῦ
1017 2342 1164 2397 ἀϐϐᾶ
1196 2343 1438 2410 Ἡσαΐου,
1473 2345 1557 2399 ὅτι
1587 2346 1719 2400 ποτὲ
1738 2344 1905 2400 ἔλαϐε

318 2431 552 2496 θαλλίον.
595 2434 691 2488 καὶ
730 2432 977 2505 ἀπῆλθεν
1021 2436 1102 2499 εἰς
1128 2436 1229 2507 τὴν
1264 2436 1467 2503 ἀλωνα,
1510 2436 1604 2492 καὶ
1643 2437 1791 2508 λέγει
1828 2437 1907 2509 τῷ

318 2523 560 2596 γεούχῳο
594 2524 697 2588 Δός
752 2542 842 2595 μοι
885 2527 1051 2581 σῖτον.
1098 2514 1208 2580 Καὶ
1251 2526 1400 2595 λέγει
1439 2526 1623 2598 αὐτῷ·
1671 2528 1783 2581 Καὶ
1836 2529 1904 2582 σὺ

318 2615 586 2684 regem“,
635 2615 813 2682 ἀϐϐᾶ;
870 2617 1058 2686 Λέγει·
1105 2617 1257 2689 Οὐχί.
1315 2619 1424 2672 Καὶ
1480 2618 1627 2688 λέγει
1676 2619 1825 2692 αύτῷ
1877 2622 1906 2674 ὁ

318 2712 569 2779 γεοῦχος·
609 2708 733 2772 Πῶς
774 2704 868 2763 οὖν
904 2708 1077 2773 θέλεις
1124 2712 1269 2763 σῖτον
1297 2709 1500 2775 λαϐεῖν,
1539 2709 1614 2782 μὴ
1647 2710 1904 2782 θερίσας;

319 2801 425 2854 Καὶ
452 2799 604 2869 λέγει
630 2801 780 2872 αύτῷ
815 2801 845 2854 ὁ
869 2801 1046 2871 γέρων
1064 2817 1075 2828 ”
1117 2802 1328 2856 υύκοῦν
1352 2803 1449 2856 ὲάν
1479 2803 1553 2873 μή
1577 2818 1661 2866 τις
1690 2801 1903 2876 θερίοῃ,

317 2892 376 2943 ού
422 2890 692 2963 λαμϐάνει
749 2892 972 2963 μισθὸν;
1029 2893 1193 2962 Λέγει
1236 2895 1265 2946 ὁ
1312 2893 1567 2965 γεοῦχος·
1608 2893 1762 2965 Οὐχί.
1795 2894 1907 2947 Καὶ

315 2981 486 3046 οὕτως
521 2980 873 3054 ἀνεχώρησεν
909 2984 938 3035 ὁ
972 2984 1175 3056 γέρων.
1229 2985 1291 3039 Οἱ
1322 2984 1381 3038 δὲ
1422 2983 1662 3053 ἀδελφοὶ,
1706 2983 1906 3049 ἰδόντες

320 3073 368 3125 τί
389 3072 669 3144 ἐποίησεν,
698 3071 891 3127 ἔϐαλον
924 3073 1073 3145 αὐτῷ
1107 3076 1419 3145 μετάνοιαν,
1454 3073 1906 3147 παρακαλοῦντες

322 3163 511 3234 μαθεῖν
559 3163 613 3217 τί
659 3162 819 3218 τοῦτο
873 3164 1117 3236 ἐποίησε.
1164 3165 1328 3233 Λέγει
1378 3166 1564 3228 αὐτοῖς
1612 3167 1642 3219 6
1689 3164 1902 3237 γέρων’

2012 1974 2252 2030 dixerit:
2287 1972 2510 2039 Tacete,
2546 1971 2785 2042 fratres;
2819 1976 3079 2046 conspexi
3113 1989 3216 2045 ego
3240 1971 3467 2027 fratrem
3498 1984 3598 2027 vo-

2012 2065 2228 2121 biscum
2288 2072 2626 2131 vescentem,
2684 2064 3026 2137 totidemque
3076 2065 3279 2121 calices
3318 2062 3598 2120 bibentem

2012 2168 2077 2210 ac
2108 2169 2224 2221 vos,
2256 2155 2417 2226 cujus
2445 2155 2696 2226 precatio
2722 2157 2874 2212 velut
2917 2156 3060 2228 ignis
3090 2155 3340 2212 ascendit
3367 2156 3422 2210 in
3460 2167 3594 2210 con-

2012 2255 2258 2319 spectum
2282 2246 2401 2305 Dei.

2082 2338 2137 2395 5.
2175 2336 2503 2410 Accepimus
2527 2338 2597 2394 de
2630 2338 2830 2396 abbate
2868 2338 3055 2406 Esaia,
3100 2339 3249 2410 quod
3295 2338 3596 2409 aliquando

2013 2431 2248 2501 sumpsit
2284 2444 2522 2497 ramum,
2560 2437 2617 2488 et
2653 2431 2722 2487 ad
2749 2446 2936 2487 aream
2966 2431 3246 2503 profectus
3280 2440 3388 2499 est,
3429 2429 3597 2487 dixit-

2013 2537 2121 2593 que
2153 2529 2313 2578 terra:
2356 2522 2618 2578 domino:
2662 2521 2739 2577 Da
2778 2522 2911 2578 mihi
2941 2523 3303 2579 frumentum.
3336 2523 3428 2578 Ait
3466 2522 3592 2577 ille:

2013 2614 2168 2672 Tune
2206 2616 2513 2679 messuisti.
2566 2615 2744 2672 abba?
2786 2614 3168 2688 Nequaquam,
3206 2616 3408 2687 inquit.
3453 2613 3593 2670 Tum

2011 2722 2303 2780 possessor
2360 2727 2374 2763 :
2410 2707 2696 2776 Quomodo
2746 2708 2912 2779 igitur
2958 2707 3295 2765 frumentum
3340 2709 3596 2779 accipere

2012 2800 2120 2866 vis,
2154 2799 2251 2871 qui
2287 2815 2398 2855 non
2433 2801 2751 2857 messuisti?
2788 2801 2853 2857 At
2895 2816 3096 2857 senex:
3137 2798 3253 2855 Nisi
3292 2814 3424 2869 ergo
3453 2812 3597 2853 mes-

2013 2891 2186 2948 suerit
2218 2892 2362 2963 quis,
2386 2908 2497 2947 non
2528 2893 2674 2964 capit
2706 2892 3053 2949 mercedem?
3085 2891 3373 2963 Agricola:
3408 2889 3598 2945 Nulla-

2012 2988 2196 3038 tenus.
2232 2983 2413 3052 Atque
2449 2984 2526 3037 ita
2559 2985 2790 3039 recessit
2819 2998 3007 3039 senex.
3036 2981 3258 3036 Fratres
3293 2987 3476 3036 autem
3508 2981 3595 3034 in-

2010 3073 2133 3129 tuiti
2155 3073 2285 3145 quid
2312 3072 2552 3139 fecisset,
2573 3074 2837 3129 inclinato
2865 3088 3119 3145 corpore,
3144 3071 3598 3144 supplicaverunt

2011 3166 2084 3232 ei,
2120 3173 2181 3221 ut
2230 3167 2498 3223 rationem
2541 3165 2671 3221 facti
2725 3167 3107 3223 edocerentur.
3150 3164 3309 3222 Tunc
3356 3164 3423 3221 ad
3469 3162 3597 3219 illos

331 3254 664 3326 ’Υπόδειγμα
685 3255 820 3310 αὐτὸ
844 3255 1100 3327 ἐποίησα,
1129 3256 1212 3311 ὃτι
1238 3257 1333 3311 ὲάν
1369 3258 1442 3329 μή
1467 3274 1552 3321 τις
1578 3256 1901 3330 ἐργάσηται,

2022 3272 2178 3315 senex
2211 3252 2387 3323 :Hoc,
2435 3257 2634 3330 inquit,
2670 3259 2737 3314 ad
2781 3259 3092 3330 exemplum
3142 3257 3270 3323 feci,
3295 3259 3445 3329 quod
3489 3262 3596 3318 nisi

320 3347 379 3399 ού
412 3346 680 3419 λαμϐάνει
710 3347 901 3419 μισθὸν
932 3348 1081 3420 παρὰ
1104 3348 1199 3402 τοῦ
1227 3348 1385 3404 Θεοῦ.

390 3527 468 3593 ς’.
518 3526 580 3581 Ὃ
625 3527 790 3592 αὐτὸς
842 3527 1017 3591 ἀϐϐἄς
1077 3529 1305 3593 Ἡσαΐας
1357 3526 1585 3583 suam
1632 3545 1754 3582 τινα
1794 3527 1905 3582 τῶν

320 3619 586 3689 ἀδελφῶν,
632 3621 729 3674 καὶ
774 3619 956 3691 ἔνιψεν
996 3620 1161 3675 αὑτοῦ
1204 3622 1332 3685 τοὺς
1379 3621 1570 3688 πόδας,
1619 3621 1714 3675 καὶ
1745 3619 1905 3674 ἔϐαλε

319 3708 497 3781 δράκα
524 3708 701 3778 φακοῦ
746 3711 830 3775 είς
863 3710 1098 3783 χύτραν,
1135 3711 1230 3765 καὶ
1265 3713 1343 3772 ὡς
1375 3710 1597 3782 ἑϐρασε,
1638 3710 1904 3782 κατήνεγ-

323 3819 413 3855 κεν
441 3803 633 3873 αὐτήν.
671 3802 782 3856 Καὶ
805 3803 954 3872 λέγει
980 3803 1129 3875 αύτῷ
1162 3806 1191 3858 ὁ
1220 3802 1479 3872 ἀδελφός·
1513 3800 1679 3856 Οὔπω
1703 3800 1903 3872 ἐψήθη,

321 3895 482 3953 ἀϐϐᾶ.
509 3896 623 3950 Καὶ
655 3895 806 3966 λέγει
846 3895 996 3967 αύτῷ
1018 3913 1030 3926 ·
1074 3898 1190 3951 Οὐκ
1220 3898 1384 3969 ἀρκεῖ
1420 3913 1501 3950 σοι
1548 3897 1629 3950 ὅτι
1668 3894 1805 3960 ὅλως
1832 3889 1908 3948 εἷ-

320 3986 409 4050 δες
438 3989 485 4021 ”
515 3987 804 4060 λαμπρόν;
838 3990 934 4043 καὶ
966 3987 1104 4060 αὕτη
1150 3989 1361 4060 μεγάλη
1394 3987 1760 4059 παράκλησις.

393 4078 459 4143 ζ’.
492 4079 686 4150 Ἔλεγε
740 4081 924 4146 πάλιν,
986 4080 1068 4134 ὅτι
1130 4080 1257 4135 Ἐὰν
1306 4080 1435 4151 θέλῃ
1476 4080 1505 4132 ὁ
1548 4079 1679 4143 Θεὸς
1728 4078 1906 4149 ψυχὴν

325 4170 568 4242 ἐλεῆσαι,
596 4172 737 4245 αὑτὴ
774 4172 831 4226 δὲ
858 4172 1149 4244 ἀφηνιάζει
1195 4173 1289 4226 καὶ
1328 4173 1428 4225 οὐκ
1458 4172 1731 4241 ἀνέχεται,
1768 4165 1908 4223 ἀλλά

326 4263 387 4317 τὸ
413 4263 624 4336 θέλημα
652 4264 825 4335 αὐτῆς
853 4267 1013 4329 ποιεῖ,
1044 4266 1321 4335 συγχωρεῖ
1347 4263 1518 4334 αὐτὴν
1541 4261 1736 4315 παθεῖν
1762 4259 1908 4331 ἅπερ

329 4358 387 4408 ού
413 4356 574 4421 θέλει,
608 4356 698 4412 ἵνα
720 4355 892 4420 οὕτως
925 4356 1087 4410 αὐτὸν
1115 4353 1443 4426 ἐπιζητήσῃ.

398 4457 463 4521 η’.
503 4448 699 4520 Ἔλεγε
736 4448 918 4516 πάλιν,
962 4448 1045 4502 ὅτι
1103 4447 1295 4501 Ἦνίκα
1330 4464 1415 4510 τις
1452 4446 1701 4517 βούλεται
1736 4444 1908 4500 κακὸν

330 4541 446 4594 ἀντὶ
474 4542 645 4597 κακοῦ
676 4540 990 4604 ἀποδοῦναι,
1022 4538 1248 4594 δύναται
1277 4539 1371 4593 καὶ
1394 4538 1482 4593 διὰ
1507 4539 1772 4610 νεύματος
1809 4538 1911 4609 μό-

335 4651 419 4686 νου
458 4634 656 4707 βλάψαι
686 4634 789 4705 τὴν
816 4633 1119 4704 συνείδησιν
1152 4632 1246 4687 τοῦ
1280 4629 1533 4702 ἀδελφοῦ.

400 4726 462 4782 θ’.
502 4726 587 4799 ξυ
637 4725 799 4789 αὐτὸς
854 4723 1030 4789 ἀϐϐἄς
1092 4723 1320 4789 Ἡσαΐας
1360 4722 1644 4795 ἠρωτήθη,
1692 4723 1747 4776 τί
1792 4724 1910 4777 ἐστι

336 4818 694 4891 φιλαργυρία,
740 4817 836 4872 καὶ
893 4814 1198 4889 ἀπεκρίθη·
1246 4816 1319 4870 Τὸ
1368 4814 1444 4887 μὴ
1490 4812 1782 4869 πιστεῦσαι
1829 4812 1911 4885 τῷ

401 4978 443 5010 ’⁸
472 4978 558 5033 ΑΙ.
585 4973 684 5033 ἶσα
721 4975 897 5048 ὑμῶν.
986 4975 1034 5008 ⁸⁸
1059 4975 1145 5032 Al.
1173 4970 1298 5029 εἶδε.

400 5134 508 5207 (48)
538 5132 847 5204 Ἀρχαρίῳ,
884 5130 1123 5207 Νουῖιῖο,
1160 5129 1456 5207 incipient;
1493 5130 1672 5207 tironi.
1708 5125 1891 5207 Yulga.

340 5198 418 5260 ιὶέ
438 5198 568 5269 vox,
591 5198 736 5275 quae
768 5198 953 5275 exstat
987 5198 1347 5275 etiamapnd
1384 5198 1906 5275 Macarium‘homil.

340 5278 398 5329 15
426 5288 478 5332 et
509 5275 597 5344 16,
629 5270 696 5330 et
738 5276 794 5329 in
835 5272 1074 5344 Scholiis
1116 5272 1182 5326 ad
1218 5270 1723 5344 Scalantparadisi,
1764 5270 1905 5344 duo-

339 5346 541 5400 decimo
581 5340 637 5401 in
664 5345 901 5416 gradum
931 5342 1032 5416 26,,
1054 5353 1107 5395 et
1129 5350 1284 5416 sexto
1309 5343 1362 5396 in
1388 5341 1617 5416 28_.__Sed
1642 5341 1695 5394 in
1718 5340 1910 5416 primis

340 5418 503 5469 ttnlari
540 5411 830 5472 merentur
858 5428 983 5484 qua:
1023 5414 1137 5480 ipse
1166 5412 1405 5484 Joannes
1434 5412 1710 5484 Climacus
1750 5411 1912 5484 habet

338 5486 500 5556 gradu
523 5490 575 5543 4.
607 5486 742 5543 Nam
777 5480 907 5539 cum
932 5485 1159 5556 dixisset
1189 5498 1241 5552 p.
1290 5482 1398 5556 5_$_:
1447 5482 1534 5556 Ἑν
1567 5484 1631 5551 τῇ
1667 5480 1913 5556 έσχάςεων

339 5551 601 5630 ᾆρχαρίων
646 5551 1210 5630 καταταττεε-χώρᾳ,
1254 5552 1537 5630 subiungit
1560 5623 1572 5630 _
1583 5551 1914 5630 quibusdam

337 5620 663 5699 interpositis
720 5645 776 5699 p.
822 5625 893 5680 59
927 5644 940 5680 :
972 5620 1481 5699 'Hu_i6siv__g:_olt8tv
1520 5621 1797 5699 αἰδέσιμον
1856 5621 1914 5672 ὲν

412 5692 652 5785 mare
680 5692 1224 5785 55W°°§3YF¥§fiz
1246 5692 1918 5785 “£1139__t!'=:te1e"13.lit

330 5757 555 5838 ringitur
579 5757 696 5827 τῶν
727 5757 1042 5840 ἀρχαρίων.
1075 5757 1247 5826 Unde.
1268 5762 1436 5840 “sicut.
1463 5778 1527 5817 ex
1563 5757 1749 5828 sensu,
1774 5757 1919 5831 patet

328 5836 491 5902 manu
532 5836 843 5903 lectione—tit
865 5836 993 5893 esse
1023 5836 1317 5906 ἁρχαρικῇ.

2006 3350 2132 3421 quis
2156 3357 2417 3421 operatus
2438 3349 2624 3419 fuerit,
2660 3364 2769 3405 non
2797 3357 3164 3422 percepturus
3186 3350 3258 3405 sit
3287 3348 3592 3405 mercedem

2006 3454 2040 3495 a
2066 3438 2197 3497 Deo.
3492 3428 3497 3433 I

2079 3532 2137 3590 6.
2179 3533 2326 3591 fdem
2363 3533 2534 3589 abbas
2568 3533 2781 3599 Esaias,
2816 3530 3112 3603 quemdam
3153 3530 3386 3586 fratrum
3434 3545 3595 3585 voca-

2006 3625 2086 3681 vit
2114 3625 2184 3680 ad
2214 3641 2295 3691 se,
2333 3626 2576 3696 lavitque
2604 3623 2773 3695 pedes
2803 3623 2953 3694 ejus;
2995 3629 3050 3678 et
3088 3621 3294 3693 pugillo
3322 3621 3595 3678 lenticula:

2008 3717 2065 3772 in
2094 3717 2260 3772 ollam
2299 3718 2491 3783 misso,
2523 3724 2816 3786 postquam
2847 3712 3177 3781 ebulliisset,
3214 3712 3417 3768 attulit.
3447 3710 3594 3767 Dicit

2007 3808 2059 3864 ei
2091 3809 2299 3865 frater:
2331 3808 2451 3864 Non
2493 3809 2631 3865 satis
2663 3814 2825 3863 cocta
2870 3813 2976 3873 est,
3004 3806 3180 3875 abba;
3214 3812 3332 3861 tum
3360 3805 3591 3861 Esaias:

2007 3898 2200 3957 Nonne
2232 3902 2331 3957 tibi
2363 3902 2564 3958 sullicit
2607 3899 2752 3971 quod
2786 3900 3013 3956 omnino
3047 3900 3228 3972 ignem
3261 3896 3504 3954 viderit?
3528 3894 3598 3951 Et

2009 3992 2113 4047 hoc
2148 4008 2403 4062 magnum
2443 3992 2699 4048 solatium
2734 3999 2836 4046 est.

2082 4086 2131 4139 7.
2176 4083 2320 4138 Dixit
2343 4099 2565 4140 rursus:
2597 4084 2652 4138 Si
2681 4083 2822 4138 Deus
2844 4080 3078 4136 voluerit
3095 4081 3294 4135 animae
3315 4077 3593 4143 misereri,

2010 4177 2129 4246 ipsa
2164 4191 2292 4230 vero
2325 4184 2621 4229 contumax
2650 4188 2759 4228 non
2794 4172 3144 4231 sustinuerit.
3178 4169 3276 4224 sed
3310 4167 3501 4223 fecerit
3525 4183 3593 4222 ex

2010 4268 2297 4322 voluntate
2322 4279 2445 4327 sua,
2485 4263 2753 4334 permittit
2777 4261 2889 4332 pati
2919 4273 3038 4315 eam
3075 4272 3196 4328 quae
3228 4271 3338 4312 non
3367 4257 3502 4321 vult,
3538 4264 3598 4310 ut

2012 4360 2093 4415 sic
2117 4358 2294 4428 ipsum
2330 4355 2600 4426 inquirat.

2080 4449 2135 4503 8.
2177 4448 2258 4502 lta
2289 4447 2452 4501 etiam
2482 4446 2699 4500 locutus
2727 4452 2846 4499 est:
2870 4439 3103 4509 Quando
3125 4438 3243 4495 vult
3264 4436 3468 4509 aliquis
3492 4452 3599 4492 ma.

2015 4543 2124 4596 lum
2150 4556 2249 4612 pro
2278 4541 2423 4596 malo
2454 4539 2702 4603 reddere,
2739 4544 2921 4609 potest
2955 4534 3037 4591 vel
3073 4541 3207 4589 nutu
3253 4534 3371 4590 solo
3404 4531 3600 4589 laedere

2018 4630 2206 4687 fratris
2231 4630 2647 4688 conscientiam.

2089 4722 2143 4777 9.
2182 4721 2326 4777 idem
2357 4723 2526 4776 abbas
2553 4719 2743 4776 Esaias
2767 4718 3178 4789 interrogatus:
3203 4714 3344 4782 Quid
3367 4721 3453 4771 est
3479 4727 3603 4767 ava-

2020 4812 2185 4870 ritia?
2211 4813 2529 4884 respondit:
2561 4811 2680 4866 Non
2707 4810 2931 4866 credere
2960 4808 3093 4877 Deo,
3129 4808 3276 4881 quod
3303 4806 3381 4863 tui
3408 4820 3600 4864 curam

2089 5124 2201 5197 (49)
2236 5122 2608 5197 "Dousa-{dp
2640 5121 2913 5197 δένδρον.
2939 5119 2999 5176 In
3017 5118 3178 5197 Esaia
3205 5136 3302 5197 seu
3315 5120 3586 5197 _lsaia__iny

2089 5141 2201 5197 (49)
2238 5141 2468 5195 ’ὐσπερ
2496 5141 2608 5248 Tag
2640 5141 2913 5191 σενορον.
2940 5141 2999 5176 In
3018 5141 3178 5177 nsata
3205 5141 3302 5179 seu
3332 5141 3470 5176 Isaia
3502 5141 3586 5200 "ll:

2016 5204 2405 5268 presso,iorat.
2432 5195 2541 5268 ‘26,
2607 5211 2633 5250 ε
2672 5194 2830 5268 dictis
2855 5207 2983 5268 quae.
3006 5191 3198 5268 Petrus
3239 5190 3406 5244 abbas
3437 5189 3598 5268 ᾴῖεει·

2014 5259 2170 5335 palus
2207 5267 2320 5335 ejus
2373 5282 2436 5324 ea:
2481 5266 2575 5319 illo
2617 5266 2837 5333 accepit,
2865 5259 2913 5317 et
2943 5261 3136 5335 litteris
3172 5259 3600 5335 commendagit:

2020 5329 2191 5391 Arbor
2218 5329 2334 5405 qua:
2361 5338 2639 5405 irrigatur.
2675 5329 2775 5387 non
2802 5333 3014 5406 arescit,
3041 5332 3130 5406 sed
3158 5332 3391 5406 fructum
3423 5329 3602 5406 affert:

2022 5406 2095 5461 Ex
2137 5398 2240 5461 ms.
2291 5398 2481 5460 auteni
2513 5406 2849 5464 (inliner-tino.
2890 5404 2993 5457 sub
3047 5398 3225 5465 titulo,
3270 5398 3472 5468 Θρῆνοι
3509 5398 3602 5451 τοῦ

2021 5478 2165 5531 ἁϐϐᾶ
2216 5478 2463 5527 Ἡσαΐου.
2506 5474 2726 5543 issam.
2781 5471 3138 5543 7:01;§6p._3vov_
3188 5467 3329 5543 x156”
3363 5467 3600 5538 ἡμέραν,

2021 5549 2152 5601 πότε
2202 5548 2516 5614 ξηραίνεται
2550 5538 2713 5595 αὑτοῦ
2748 5547 2778 5611 ἡ
2819 5542 2943 5611 ῥίζα
2969 5538 3061 5614 ei;
3094 5539 3154 5614 τὸ
3177 5538 3273 5614 ,μὴ
3326 5553 3605 5614 καρποφο-

2024 5606 2229 5690 ρῆσαιξ
2253 5606 2365 5690 Πορ
2385 5622 2488 5690 est,
2512 5606 3064 5690 Arbor‘qu'w'quotidie
3090 5606 3372 5690 irrigatur,
3392 5606 3605 5680 quando

2025 5679 2219 5741 arescit
2248 5686 2405 5738 radix
2434 5685 2546 5751 ejus
2585 5691 2639 5735 ut
2673 5679 2905 5748 fructum
2942 5694 3042 5733 non
3075 5679 3357 5750 proferat!

2098 5759 2205 5827 (50)
2245 5756 2350 5809 Vit.
2387 5754 2541 5809 Patr.
2575 5768 2669 5815 xu,
2701 5752 2751 5807 7.
