4032 6334
440 431 543 490 {83

1538 450 1547 459 -
1608 421 1952 478 APPENDIX
1995 420 2086 477 AD
2125 416 2553 476 PALLADIUM.

3608 402 3714 461 185

438 547 730 621 suscipiat,
755 551 1047 620 desperare
1069 546 1139 604 de
1172 544 1634 619 promissionihus
1664 543 1782 610 Dei,
1820 553 1873 601 ct
1904 561 2021 597 am-

2156 541 2266 613 ιεῷ,
2321 541 2402 593 ὅτι
2452 538 2687 592 ποιεῖταί
2732 549 2822 585 σου
2882 528 3157 601 φροντίδα,
3213 526 3307 580 καὶ
3357 525 3419 579 τὸ
3478 522 3717 579 ἀπελπί-

439 640 829 711 pliﬂcationem
858 638 1133 695 affectare.

513 819 604 874 10.
646 816 1023 888 Interrogatus
1048 824 1134 874 est
1176 817 1365 884 etiam,
1399 819 1531 889 quid
1558 828 1704 874 esset
1730 819 2020 873 detractio.

440 911 507 966 Et
529 910 849 980 respondit:
888 908 1008 964 Non
1038 924 1375 982 cognoscere
1401 911 1633 983 gloriam
1667 911 1790 975 Dei;
1820 920 2017 981 atque:

443 1001 647 1057 invidia
679 1016 806 1073 erga
834 1001 1174 1072 proximum.

511 1095 599 1150 il.
637 1095 1013 1166 interrogatus
1037 1095 1243 1165 pariter
1269 1095 1333 1150 de
1363 1094 1466 1161 ira;
1484 1109 1812 1166 responsum
1841 1096 2020 1152 dedit:

444 1189 521 1244 ira
548 1196 633 1246 est
659 1187 971 1253 contentio,
1004 1194 1060 1243 et
1088 1185 1457 1253 mendacium,
1489 1195 1544 1242 et
1570 1189 1900 1259 ignorantia.

1001 1298 1073 1353 De
1105 1296 1295 1353 abbate
1334 1297 1478 1354 Elia.

513 1414 564 1467 l.
609 1412 722 1487 (51)
763 1413 914 1470 Dixit
949 1411 1122 1469 abbas
1147 1410 1332 1468 Elias:
1365 1411 1503 1468 Tres
1533 1427 1636 1484 ego
1686 1427 1780 1469 res
1826 1414 2022 1483 timeo;

2124 650 2213 687 σαι
2268 633 2373 687 τῶν
2434 631 2581 696 ἐπαγ
2595 624 2780 698 γελιῶν
2824 622 2919 677 τοῦ
2961 621 3099 676 Θεοῦ
3154 619 3249 673 καὶ
3287 618 3333 651 ⁸¹
3378 615 3718 689 φιλοπλατύ-

2122 726 2328 778 νεσθαι.

2198 823 2247 869 ι’.
2290 812 2578 886 Ἥρω-τήθη
2633 810 2816 874 πάλιν,
2846 808 2899 861 τί
2936 809 3052 859 ἐστι
3092 802 3420 866 καταΜλιά,
3478 804 3577 856 καὶ
3612 802 3723 855 er.-

2124 908 2346 980 εκρίθη·
2386 908 2460 961 Τὸ
2507 907 2580 977 μὴ
2627 901 2887 973 γνῶναι⁸²
2902 898 2998 971 τὴν
3014 896 3172 965 δόξαν
3202 896 3298 950 τοῦ
3346 893 3481 950 Θεοῦ
3518 894 3588 960 ⁸³,
3625 890 3725 945 καὶ

2124 999 2321 1063 Φθόνος
2359 998 2495 1069 πρὸς
2520 996 2610 1050 τὸν
2651 993 2901 1066 πλησίον.

2198 1097 2287 1145 ια’.
2331 1087 2619 1160 Ἥρω-τήθη
2652 1087 2833 1154 πάλιν,
2859 1086 2916 1140 τί
2945 1086 3092 1139 ἐστιν
3132 1083 3272 1156 ὀργὴ
3295 1123 3311 1148 ,
3343 1083 3439 1135 καὶ
3485 1078 3723 1150 ἀπεκρί-

2127 1185 2228 1255 θη·
2269 1182 2425 1255 Ἔρις
2453 1182 2524 1247 ⁸⁸,
2556 1181 2649 1235 καὶ
2677 1179 2897 1247 ψεῦδος,
2933 1177 3029 1231 καὶ
3061 1174 3329 1246 ἀγνωσία.

2567 1294 2703 1364 Περὶ
2738 1292 2842 1348 τοῦ
2872 1289 3025 1347 ἀϐϐᾱ
3065 1289 3247 1344 Ἠλία.

2197 1419 2265 1468 α’.
2299 1407 2466 1465 Εἶπεν
2503 1410 2532 1462 6
2564 1407 2739 1470 ἀϐϐἄς
2783 1403 2990 1468 Ἠλίας
3046 1398 3189 1470 Ἐγὼ
3233 1370 3723 1471 τρίαδπράγματα

440 1522 565 1561 cum
598 1485 782 1560 anima
811 1519 934 1562 mea
964 1518 1260 1576 egressura
1280 1511 1366 1559 est
1394 1518 1425 1559 e
1457 1518 1727 1575 corpore;
1761 1519 1887 1560 cum
1913 1504 2027 1562 Deo

2156 1502 2401 1575 ›ο6οῦμαι
2420 1520 2434 1533 ο
2466 1502 2594 1555 ὅταν
2632 1498 2803 1571 μέλλῃ
2831 1494 3034 1567 ἡψυχὴ
3072 1509 3175 1564 μου
3210 1488 3444 1556 ἐξελθεῖν
3479 1487 3590 1541 ἀπὸ
3622 1485 3720 1541 τοῦ

440 1597 908 1666 repraesentabor;
936 1604 993 1653 et
1019 1610 1147 1652 cum
1176 1596 1444 1653 adversus
1471 1612 1558 1653 me
1585 1598 1915 1670 proferenda
1941 1606 2027 1655 est

2156 1595 2401 1669 πώματος,
2443 1593 2538 1648 καὶ
2578 1592 2706 1646 ὅταν
2749 1587 2929 1661 μέλλω
2971 1585 3051 1655 τῷ
3092 1582 3213 1654 Θεῷ
3245 1581 3581 1653 ἀπαντῆσαι,
3623 1580 3723 1634 καὶ

442 1690 740 1747 sententia.
1952 1674 2000 1685 “’“

2158 1710 2255 1747 ταν
2287 1690 2454 1763 μέλλῃ
2485 1689 2518 1760 ἡ
2554 1685 2827 1754 ἀπόφασις
2853 1679 3088 1747 ἐξελθεῖν
3121 1679 3243 1732 κατ’
3270 1675 3434 1748 ἐμοῦ.

512 1780 568 1835 2.
603 1778 718 1850 (52)
750 1778 1016 1835 Dicebant
1037 1794 1203 1840 senes
1230 1780 1415 1836 abbati
1446 1780 1575 1836 Elia:
1613 1781 1666 1836 in
1699 1781 1936 1853 )Egypto
1961 1780 2029 1837 de

2202 1784 2269 1855 β’.
2318 1782 2543 1849 Ἔλεγον
2598 1779 2647 1832 οἱ
2692 1777 2949 1849 γέροντες
3003 1771 3082 1845 τῷ
3113 1770 3259 1842 ἀὸὄᾷ
3300 1768 3460 1839 Ἠλίᾳ
3508 1767 3594 1829 εἰς
3627 1767 3723 1817 Αε-

442 1867 640 1923 ahhate
662 1867 947 1939 Agathone
989 1888 1002 1925 ε
1032 1868 1218 1926 Bonus
1247 1870 1418 1926 abbas
1471 1879 1576 1927 est.
1604 1871 1695 1925 Ait
1718 1871 1799 1926 eis
1822 1886 2021 1926 senex:

2156 1892 2337 1929 ὐπτον
2382 1871 2512 1944 περὶ
2551 1868 2645 1923 τοῦ
2685 1866 2831 1921 ἀεϐἄ
2875 1863 3200 1933 Ἀγάθωνος,
3261 1861 3342 1915 ὅτι
3389 1857 3571 1919 Καλὸς
3620 1856 3723 1910 ἀϐ-

446 1959 768 2016 Secundum
800 1967 1016 2037 atatem
1056 1977 1165 2033 qua
1185 1961 1338 2029 vivit,
1356 1963 1533 2020 bonus
1565 1969 1668 2019 est.
1694 1961 2026 2035 Excipiunt:

445 2050 592 2117 Quid
644 2067 775 2108 vero
819 2052 1122 2110 secundum
1171 2055 1468 2126 antiquos?
1520 2056 1860 2126 Respondit:
1903 2056 2027 2112 Dixi

447 2142 626 2209 vobis,
658 2143 806 2216 quod
828 2145 987 2215 juxta
1018 2152 1232 2202 aetatem
1262 2160 1421 2203 suam
1451 2147 1754 2217 praeclarus
1780 2148 1890 2215 sit;
1931 2148 2028 2204 sed

446 2237 594 2308 quod
641 2246 856 2308 spectat
913 2240 981 2293 ad
1016 2247 1246 2305 veteres,
1280 2239 1389 2295 vidi
1436 2240 1714 2296 hominem
1761 2241 1816 2296 in
1857 2241 2026 2309 Secti,

447 2331 540 2397 qui
574 2338 790 2400 poterat
810 2331 982 2386 solem
1016 2332 1069 2386 in
1101 2333 1244 2388 coelo
1269 2334 1488 2399 sistere,
1526 2331 1851 2390 sicutJesus
1882 2333 2029 2391 ﬁlius

446 2419 633 2476 Navae.
665 2420 786 2487 Quo
807 2421 1021 2487 audito,
1058 2422 1485 2494 obstupuerunt,
1518 2430 1576 2478 et
1605 2424 1836 2495 gloriam
1879 2432 2029 2481 retu-

449 2513 629 2569 lerunt
658 2511 792 2571 Deo.
884 2551 906 2573 ι

522 2690 574 2745 5.
621 2690 765 2746 Dixit
798 2691 969 2748 abbas
1017 2691 1188 2757 Elias,
1226 2692 1316 2747 iile
1346 2693 1616 2749 diaconia:
1647 2709 1740 2749 seu
1786 2693 2034 2749 ministe-

452 2783 554 2837 rii:
589 2782 731 2849 Quid
764 2783 906 2839 valet
960 2791 1271 2853 peccatum,
1327 2786 1419 2841 ubi
1454 2793 1540 2841 est
1582 2785 1939 2856 pmnitentia?
1981 2793 2034 2841 et

450 2873 582 2945 quid
608 2874 765 2944 juvat
791 2874 1056 2941 charitas,
1088 2877 1180 2933 ubi
1212 2877 1417 2934 residet
1448 2877 1749 2949 superbia?

520 2966 575 3043 4.
619 2965 831 3022 Retulit
883 2967 1056 3025 abbas
1104 2967 1289 3025 Elias:
1324 2967 1448 3025 Vidi
1477 2969 1759 3025 hominem
1793 2970 1887 3041 qui
1924 2970 2036 3025 vini

452 3059 798 3117 cucurbitam
818 3059 1069 3131 capiebat
1086 3060 1191 3117 sub
1219 3061 1440 3116 axillam
1469 3076 1664 3128 suam;
1704 3069 1761 3116 et
1797 3068 1857 3116 ut
1895 3061 2037 3117 infa-

453 3153 619 3213 miam
640 3148 918 3207 inurérem
940 3139 1304 3220 daemonibus,
1334 3153 1480 3223 quod
1505 3152 1833 3223 phantasma
1862 3163 2028 3220 esset,

2129 1967 2230 2030 ϐἄς
2261 1965 2307 1998 ⁸⁵
2342 1965 2510 2018 ἐστιν.
2560 1960 2671 2015 Καὶ
2714 1958 2864 2027 λέγει
2905 1956 3089 2019 αὐτοῖς
3118 1956 3146 2008 6
3175 1953 3385 2025 γέρων·
3425 1950 3586 2005 Κατὰ
3618 1949 3724 2020 τὴν

2127 2056 2322 2129 γενεὰν
2351 2053 2515 2109 αὐτοῦ
2548 2051 2710 2114 καλός
2742 2051 2879 2107 ἐστι,
2915 2047 3026 2100 Καὶ
3047 2046 3298 2114 λέγουσιν
3335 2041 3484 2113 αὑτῷ
3506 2058 3521 2073 ο
3556 2040 3720 2094 Κατά

2128 2150 2185 2204 δὲ
2217 2149 2344 2212 τοὺς
2385 2144 2649 2219 ἀρχαίους
2680 2141 2772 2209 τί;
2815 2140 2922 2195 Καὶ
2958 2137 3279 2210 ἀποκριθεὶς
3326 2135 3510 2204 λέγει*
3548 2130 3723 2188 Εἶπον

2131 2244 2278 2314 ὑμῖν,
2308 2241 2389 2294 ὅτι
2417 2237 2558 2292 κατά
2593 2236 2692 2307 τὴν
2747 2232 2941 2302 γενεὰν
2979 2228 3145 2284 αὐτοῦ
3179 2227 3342 2291 καλός
3374 2229 3492 2280 ἐστι
3513 2242 3527 2254 ⁸
3576 2225 3723 2278 κατά

2130 2333 2188 2387 δὲ
2219 2333 2344 2394 τοὺς
2371 2328 2651 2401 ἀρχαίους,
2696 2324 2917 2395 ἑώρακα
2946 2321 3230 2394 ἄνθρωπον
3274 2320 3331 2372 ὲν
3378 2319 3602 2389 Σκήτει,
3638 2319 3722 2371 ὅτι

2132 2419 2364 2491 ἠδύνατο
2397 2418 2487 2472 τὸν
2522 2417 2673 2487 ἥλιον
2732 2415 2927 2487 στῆσαι
2963 2414 3020 2467 ἐν
3070 2409 3149 2481 τῷ
3195 2409 3432 2482 οὐρανῷ,
3468 2408 3725 2478 καθάπερ

2147 2512 2349 2582 Ἰησους
2370 2512 2401 2563 6
2428 2508 2523 2562 τοῦ
2562 2506 2705 2561 Ναυῖ
2724 2505 2790 2561 ⁸⁸.
2832 2505 2942 2560 Καὶ
2969 2503 3126 2557 τοῦτο
3161 2500 3517 2567 ἀκούσαντες,
3550 2499 3725 2570 ἐθαμ-

2135 2603 2402 2676 ϐήθησαν,
2437 2602 2532 2655 καὶ
2567 2599 2822 2665 ἐδόξασαν
2845 2599 2935 2652 τὸν
2962 2597 3122 2651 Θεὸν.

2206 2703 2276 2764 γ’.
2313 2693 2480 2749 Εἶπεν
2528 2694 2556 2746 6
2599 2690 2773 2754 ἀϐϐἄς
2834 2688 3021 2751 Ἠλίας
3066 2689 3095 2740 6
3138 2687 3239 2758 τῆς
3268 2685 3545 2747 διακονίας
3578 2684 3724 2753 (54)⁸

2137 2791 2202 2844 Τί
2233 2788 2403 2859 ἰσχύει
2424 2786 2690 2859 ἁμαρτία,
2723 2786 2858 2839 ὄπου
2891 2783 3011 2837 ἐστὶ
3048 2783 3342 2854 μετάνοιας
3382 2780 3476 2836 καὶ
3498 2781 3553 2835 τί
3579 2779 3730 2850 ὠφε-

2138 2884 2220 2937 λεῖ
2251 2882 2461 2953 ἀγάπη,
2490 2879 2618 2934 ἔνθα
2644 2878 2790 2933 ἐστὶν
2819 2876 3196 2949 ὑπερηφανία;

2207 2976 2266 3029 δ’.
2301 2971 2467 3028 Εἶπεν
2500 2975 2528 3027 6
2560 2970 2736 3034 ἀϐϐἄς
2781 2969 2987 3032 Ἠλίας,
3027 2969 3110 3022 ὅτι
3150 2963 3305 3022 Εἶδον
3335 2968 3448 3037 ἐγώ
3473 2985 3597 3022 τινα
3629 2967 3729 3021 λα-

2140 3067 2302 3122 ϐόντα
2323 3065 2662 3120 κολοκύντιον
2691 3062 2832 3116 οἴνου
2867 3062 2948 3124 είς
2966 3059 3066 3132 τὴν
3087 3060 3262 3131 μάλην
3285 3058 3452 3114 αὐτοῦ
3471 3077 3484 3092 ·
3520 3059 3615 3112 καὶ
3639 3061 3732 3114 ἵνα

2140 3155 2383 3227 αἰσχύνω
2427 3155 2555 3217 τοὺς
2601 3152 2863 3223 δαίμονας
2905 3150 2988 3203 ὅτι
3043 3149 3313 3219 φαντασία
3339 3144 3428 3221 ἦν,
3464 3144 3618 3203 εἷπον
3647 3149 3733 3221 τῷ

452 3246 566 3305 dixi
613 3244 771 3303 fratri
807 3264 818 3303 :
851 3244 932 3300 Ex
961 3246 1253 3311 charitate,
1305 3245 1411 3301 hoc
1462 3260 1647 3301 meum
1693 3247 1842 3303 tolle.
1898 3245 2036 3301 Tum

2156 3247 2383 3319 ἀδελφῷ·
2415 3246 2648 3317 Ποίησον
2675 3242 2918 3312 ἀγάπην,
2960 3240 3057 3295 καὶ
3092 3236 3226 3312 ἆρόν
3263 3258 3366 3312 μου
3400 3239 3593 3294 τοῦτο’
3634 3240 3733 3294 καὶ

453 3338 674 3399 sublato
703 3338 869 3410 pallio
890 3354 1014 3405 suo,
1042 3337 1180 3394 nihil
1207 3337 1414 3393 habere
1440 3337 1699 3394 inventus
1722 3345 1829 3394 est.
1860 3339 1918 3394 Id
1941 3355 2040 3393 au-

452 3443 561 3487 tem
606 3431 928 3502 prolocutus
966 3445 1114 3496 sum,
1169 3438 1226 3485 ut
1272 3430 1399 3485 licet
1433 3431 1839 3502 conspexeritis
1872 3430 2039 3501 quid-

454 3524 596 3594 piam
626 3523 712 3578 vel
738 3522 1046 3589 audieritis,
1077 3537 1187 3578 non
1217 3521 1539 3579 admittatis.
1571 3521 1830 3589 Quinimo
1853 3525 2042 3580 obser-

455 3621 583 3669 vate
634 3614 1112 3681 ratiocinationes,
1169 3614 1344 3670 animi
1395 3623 1721 3687 conceptus,
1771 3618 2038 3689 cogitata;

377 3736 387 3744 -
456 3706 697 3762 scientes
740 3705 871 3761 talia
923 3721 954 3760 a
982 3705 1328 3763 daemonibus
1361 3708 1605 3773 immitti,
1635 3724 1747 3781 quo
1799 3712 2040 3766 animam

455 3796 726 3866 polluant,
761 3795 1075 3852 inducendo
1098 3795 1167 3852 ad
1199 3812 1386 3854 rerum
1410 3798 1891 3872 incongruentium
1911 3818 2042 3858 eon—

458 3886 874 3953 sidcrationem,
913 3894 1082 3959 utque
1140 3898 1381 3947 mentem
1435 3901 1669 3949 avocent
1717 3908 1748 3948 a
1802 3895 2042 3965 propriis

456 3978 697 4047 peccatis
727 3986 894 4052 atque
914 3997 945 4036 a
975 3980 1106 4039 Deo.

528 4067 581 4130 3.
621 4067 799 4125 Etiam
864 4072 1006 4130 hanc
1057 4073 1286 4145 protulit
1345 4076 1725 4133 sententiam:
1781 4076 2043 4134 Horuines

459 4169 698 4218 mentem
732 4164 938 4220 habent
971 4167 1237 4223 intentam
1269 4166 1353 4224 vel
1380 4168 1449 4224 ad
1477 4179 1720 4240 peccata,
1753 4172 1838 4228 vel
1864 4171 1934 4227 ad
1961 4171 2047 4229 Je-

457 4270 605 4321 sum,
642 4258 726 4313 vel
760 4257 827 4314 ad
863 4259 1137 4317 homines.
1352 4322 1365 4331 _

528 4346 581 4400 6.
626 4346 740 4420 (53)
772 4349 969 4406 Adhuc
990 4352 1131 4407 dixit
1157 4370 1173 4408 :
1209 4353 1327 4412 Nisi
1362 4372 1519 4413 mens
1543 4357 1741 4426 psallat
1765 4373 1889 4412 cum
1916 4374 2043 4415 cor-

458 4456 613 4509 pore,
646 4442 701 4496 in
728 4458 934 4497 vanum
961 4452 1048 4499 est
1070 4445 1246 4501 labor.
1284 4447 1387 4504 Et:
1423 4449 1483 4503 Si
1514 4451 1638 4519 quis
1667 4450 1921 4506 dilexerit
1946 4452 2044 4507 tri-

2142 3343 2282 3415 ἄρας
2312 3340 2373 3393 τὸ
2408 3338 2633 3392 πάλλιον
2680 3333 2870 3399 αὑτοῦ,
2915 3332 3113 3405 εὑρέθη
3149 3332 3314 3403 μηδὲν
3363 3331 3521 3403 ἔχων.
3558 3331 3734 3386 Τοῦτο

2142 3433 2199 3487 δὲ
2227 3429 2400 3493 εἷπον,
2433 3430 2515 3484 ὅτι
2554 3427 2657 3481 κᾶν
2693 3429 2807 3490 τοῖς
2851 3424 3151 3495 ὀφθαλμοῖς
3193 3423 3342 3494 ἴδητέ
3381 3441 3467 3489 τι,
3500 3422 3532 3492 ἢ
3566 3421 3737 3477 ἀκού-

2143 3542 2297 3597 σητε,
2342 3524 2416 3594 μὴ
2443 3518 2829 3591 καταδέξησθε.
2874 3517 3034 3588 Πόσῳ
3085 3516 3286 3587 μᾶλλον
3342 3517 3564 3587 τηρεῖτε
3604 3517 3737 3580 τοὺς

2141 3617 2524 3688 διαλογισμοὺς
2567 3615 2663 3668 καὶ
2702 3612 2801 3676 τὰς
2848 3609 3179 3682 ἐνθυμήσεις
3223 3609 3318 3663 καὶ
3360 3605 3461 3670 τὰς
3499 3606 3732 3671 ὲννοίας,

2143 3708 2343 3771 εἰδότες
2371 3709 2454 3761 ὅτι
2487 3704 2642 3760 αὐτοὶ
2671 3701 3033 3774 ἐμϐάλλουσιν
3060 3699 3222 3763 αὐτὰ,
3259 3699 3346 3753 ἕνα
3377 3699 3610 3771 μιάνωσι
3631 3697 3737 3769 τὴν

2142 3801 2321 3873 ψυχὴν
2352 3797 2663 3868 λογίζεσθαι
2693 3795 2765 3849 τὰ
2802 3793 2878 3865 μὴ
2945 3794 3317 3864 συμφέροντα,
3371 3793 3466 3845 καὶ
3506 3792 3593 3844 ἵνα
3633 3791 3738 3844 ἀπ-

2144 3893 2489 3965 ασχο).ήσωσι
2528 3889 2622 3943 τὸν
2653 3886 2779 3943 νοῦν
2808 3886 2917 3941 ἀπὸ
2948 3884 3059 3940 τῶν
3093 3884 3378 3958 ἁμαρτιῶν
3401 3883 3591 3949 αὐτοῦ,
3637 3885 3738 3937 καὶ

2142 3989 2238 4043 τοῦ
2269 3985 2425 4041 Θεοῦ.

2215 4078 2277 4134 ε’.
2313 4075 2447 4132 Εῐπε
2478 4076 2640 4131 πάλιν
2662 4091 2675 4104 ·
2722 4076 2785 4128 Οἱ
2820 4074 3102 4146 ἄνθρωποι
3149 4072 3240 4126 τὸν
3278 4070 3402 4124 νοῦν
3433 4068 3670 4139 ἔχουσιν,
3700 4066 3737 4137 ἢ

2144 4175 2225 4237 εἰς
2252 4171 2351 4235 τὰς
2394 4168 2686 4241 ἁμαρτίας,
2718 4168 2751 4238 ἢ
2793 4166 2929 4238 πρὸς
2961 4165 3054 4221 τὸν
3093 4161 3323 4233 Ἰησοῦν,
3358 4161 3390 4232 ἢ
3435 4159 3574 4231 πρὸς
3609 4158 3743 4220 τοὺς

2146 4263 2489 4337 ἀνθρώπους.

2220 4364 2294 4423 ς’.
2326 4351 2462 4410 Εἷπε
2513 4352 2711 4409 πάλιν·
2786 4353 2910 4406 Ἐὰν
2972 4350 3046 4422 μὴ
3098 4351 3127 4403 6
3182 4348 3307 4413 νοῦς
3357 4345 3535 4418 omn
3598 4344 3743 4415 μετά

2144 4448 2240 4503 τοῦ
2266 4447 2538 4518 σώματος,
2567 4445 2647 4507 είς
2681 4444 2858 4515 μάτην
2887 4443 2917 4496 6
2949 4441 3139 4504 κόπος.
3181 4438 3307 4493 Ἐὰν
3345 4438 3456 4509 γάρ
3477 4453 3561 4500 τις
3592 4436 3740 4503 ἀγα-

459 4531 825 4599 bulationem,
848 4541 1040 4604 postea
1071 4535 1121 4589 ei
1155 4537 1260 4592 erit
1290 4537 1344 4593 in
1378 4538 1640 4610 gaudium
1678 4555 1743 4597 ac
1772 4541 2038 4612 requiem.

2156 4541 2228 4611 πᾷ
2257 4539 2355 4610 τὴν
2385 4537 2588 4607 θλίψιν,
2628 4533 2855 4605 ὕστερον
2883 4532 3094 4601 γίνεται
3123 4529 3272 4599 αὐτῷ
3301 4531 3381 4593 είς
3428 4526 3606 4600 χαρὰν
3642 4526 3745 4582 καὶ

530 4708 581 4766 7..
624 4703 684 4766 Id
715 4723 940 4780 quoque
967 4712 1221 4770 elocutus
1252 4721 1375 4773 est:
1400 4713 1577 4775 Senex
1608 4718 1833 4790 quidam
1866 4736 2045 4779 mane-

457 4800 554 4860 hat
584 4802 637 4856 in
667 4800 825 4869 fano;
850 4812 1117 4860 venerunt
1146 4805 1422 4865 daemones
1441 4849 1456 4874 ,
1481 4810 1729 4869 dicentes
1759 4812 1807 4867 ei
1829 4833 1842 4868 :
1868 4812 2045 4870 Rece-

459 4891 529 4946 de
556 4907 588 4947 e
616 4892 739 4947 loco
772 4901 986 4950 nostro.
1026 4894 1204 4953 Senex
1239 4898 1393 4954 iniit:
1428 4897 1540 4957 Vos
1570 4916 1678 4958 non
1710 4901 1921 4958 habetis
1961 4903 2044 4957 lo-

460 4999 607 5038 cum.
629 4983 930 5057 Coeperunt
949 5002 1083 5060 ergo
1113 4990 1318 5060 passim
1343 5006 1603 5065 spargere
1632 4995 1846 5064 palmas
1872 4994 2041 5051 illius.

461 5079 639 5134 Senex
678 5092 805 5135 vero
833 5083 1226 5151 perseveravit,
1263 5084 1531 5157 colligens
1563 5102 1680 5144 eas.
1708 5085 1904 5145 Postea
1937 5087 2047 5143 dae-

463 5187 612 5239 mon,
646 5172 993 5244 apprehensa
1019 5191 1186 5232 manu
1212 5177 1355 5248 ejus,
1382 5178 1530 5236 foras
1565 5180 1719 5237 illum
1744 5181 1930 5237 traxit.
1974 5180 2046 5237 Ut

454 5276 634 5320 autem
664 5267 914 5351 pervenit
944 5282 1110 5324 senex
1141 5269 1209 5324 ad
1245 5270 1497 5341 januam,
1526 5273 1631 5328 alia
1676 5290 1840 5329 manu
1872 5275 2048 5330 tenuit

2149 4629 2476 4683 ἀνάπαυσιν.

2222 4719 2286 4785 ζ’.
2321 4713 2456 4771 Εῐπε
2484 4716 2664 4781 πάλιν,
2699 4714 2782 4767 ὅτι
2817 4714 2915 4778 Τις
2943 4711 3122 4784 γέρων
3161 4710 3375 4781 ἔμεινεν
3423 4709 3506 4772 εἰς
3556 4707 3743 4779 ίερόνο

2152 4815 2245 4870 καὶ
2273 4808 2436 4885 ἦλθον
2477 4811 2528 4863 oi
2571 4808 2825 4879 δαίμονες
2862 4806 3115 4875 λέγοντες
3154 4802 3340 4875 αὐτῷ’
3393 4801 3632 4855 Ἀπελθε
3679 4803 3745 4854 ἐκ

2151 4904 2245 4958 τοῦ
2271 4903 2434 4958 τόπου
2462 4900 2639 4973 ἡμῶν.
2668 4899 2780 4953 Καὶ
2802 4901 2830 4952 6
2853 4898 3033 4970 γέρων
3057 4896 3161 4968 ἔφη
3181 4912 3197 4926 ο
3244 4895 3436 4965 ’Υμεῖς
3456 4894 3557 4947 οὐκ
3588 4892 3745 4962 ἔχετε

2151 5000 2337 5053 τόπον.
2372 4996 2486 5050 Καὶ
2517 4994 2750 5066 ἤρξαντο
2796 4992 3114 5063 σκορπίζειν
3148 4989 3315 5043 αὐτοῦ
3345 4986 3413 5041 τὰ
3456 4985 3583 5057 βαΐα
3618 4985 3744 5037 καθ’

2156 5091 2321 5158 ἀπαξ.
2367 5089 2425 5143 Ὀ
2454 5088 2513 5142 δὲ
2541 5087 2718 5158 γέρων
2739 5084 3005 5157 ἐπέμενεν
3038 5083 3179 5137 αὐτὰ
3217 5080 3508 5148 συλλέγων.
3543 5076 3734 5129 ’Ὕστε-

2159 5200 2249 5254 ρον
2270 5182 2298 5235 6
2323 5179 2532 5250 δαίμων
2569 5177 2848 5249 κρατήσας
2874 5172 3042 5228 αὐτοῦ
3074 5174 3180 5243 τὴν
3211 5173 3392 5242 χεῖρα,
3417 5168 3612 5238 ἔσυρεν
3645 5165 3741 5217 a6-

2152 5274 2245 5326 τὸν
2276 5270 2401 5337 ἔξω.
2451 5270 2538 5332 Ὧς
2571 5268 2628 5321 δὲ
2651 5267 2855 5337 ἔφθασε
2882 5265 2982 5331 τὴν
3002 5263 3175 5336 θύραν
3209 5264 3239 5316 ὁ
3268 5261 3475 5334 γέρων,
3504 5261 3572 5330 τῇ
3604 5256 3746 5328 ἄλλῃ

527 5419 569 5498 ’δ
600 5420 685 5498 Ᾱ,¹·
728 5420 1129 5498 τδ,,φέλεῖΥ,τάΞ
1176 5423 1445 5498 βλαϐερὰς
1476 5426 1693 5498 ἡδονάς.
1768 5429 1816 5464 ⁸³
1847 5427 1932 5483 Al.
1967 5406 2133 5482 inser.
2181 5426 2273 5480 τὸν
2316 5424 2449 5478 Θεὸν
2487 5424 2543 5494 ἦ.
2619 5421 2665 5454 ⁸⁸
2694 5420 2781 5477 Al.
2807 5418 2993 5474 αὐτοῦ.
3070 5419 3117 5451 ⁸⁵
3141 5418 3227 5472 Al.
3254 5418 3487 5489 αἰρεσις.
3576 5416 3623 5447 ⁸⁸
3657 5416 3743 5471 Al.

458 5485 705 5558 ἀδελφός.
781 5492 830 5526 ⁸⁸
844 5485 944 5547 ἈΙ.
977 5485 1153 5564 Ναυῆ,

530 5604 651 5695 '(a‘il)
696 5609 807 5667 Vit.
850 5609 1008 5669 Patr.
1057 5626 1141 5680 tn,
1177 5611 1251 5680 4;
1297 5609 1483 5669 Schol.
1547 5610 1613 5666 21
1657 5610 1725 5669 ad
1764 5610 2045 5668 Grad.‘26.

462 5682 624 5739 Clim.

684 5748 979 5829 YiILPatr.
1020 5767 1082 5829 Ill
1114 5753 1169 5807 5.

535 5819 647 5891 (55)
682 5819 744 5875 L.
778 5819 1003 5876 Doroth.
1039 5821 1224 5891 Doctr.
1260 5822 1352 5878 25.

536 5890 650 5965 ιῦι)
719 5891 914 5961 Ἠλίας
973 5890 1148 5963 ὁτῆς
1207 5893 1513 5964 διακονίας
1590 5896 1734 5953 infra
1790 5897 1946 5954 titulo
1988 5895 2053 5951 de

2154 5612 2364 5667 Joanne
2400 5610 2589 5675 Persa,
2620 5624 2772 5664 num.
2803 5606 2861 5673 2,
2908 5605 3162 5661 Ἰάκωϐον
3191 5605 3282 5675 τον
3309 5604 3408 5674 τῆς
3442 5603 3744 5668 διακονίας.

2160 5683 2261 5739 Ubi
2290 5681 2542 5750 Pelagius
2568 5673 2730 5734 vertit
2746 5678 3185 5750 dispensatorem.
3206 5673 3473 5750 Typicnn}
3504 5675 3563 5727 S.
3588 5677 3750 5750 Saba:

2158 5767 2299 5829 cap;
2307 5752 2342 5807 5
2367 5770 2380 5805 :
2486 5748 2804 5829 ᾷιακονηταὶ
2831 5743 3185 5829 σχολάςουσιν
3213 5743 3270 5798 ὲν
3293 5743 3418 5809 ταῖς
3447 5743 3750 5829 διακονίαις

2160 5815 2360 5877 αὐτῶν.
2402 5821 2631 5875 Videtur
2669 5815 2833 5889 porro
2865 5815 2972 5889 iste
2998 5816 3147 5871 Elias
3174 5818 3220 5870 is
3252 5832 3395 5889 esse,
3426 5815 3518 5887 qui
3555 5831 3582 5869 a
3627 5816 3750 5869 Pal-

2163 5893 2306 5950 ladio
2347 5886 2685 5951 memoratur
2722 5886 2867 5948 Hist.
2900 5887 3065 5945 Laus.
3101 5902 3221 5958 cap.
3261 5886 3314 5943 3.

2242 6011 2331 6018 .H-
