4032 6334
291 392 388 450 185

1476 387 2097 472 ΑΡΟΡΗᾜΙΕΟΜΑΤΑ
2134 390 2448 451 PATRUM.

3454 399 3559 458 £86

284 509 449 588 xstpl
475 509 713 581 κατέσχε
768 512 869 583 τὴν
914 510 1107 583 θύραν,
1136 510 1386 582 κράζων·
1436 511 1639 583 Ἰησοῦ,
1679 510 1864 582 βοήθει

1970 526 2110 578 eam,
2145 512 2391 569 clamans
2421 534 2431 568 :
2466 511 2620 581 Jesu,
2653 529 2919 571 succurre
2950 516 3106 572 mihi.
3138 516 3559 588 Confestimque

288 620 396 676 μοι.
430 603 537 655 Kal
558 602 725 665 εὐθὺς
746 603 775 654 ὁ
795 600 1006 673 δαίμων
1042 601 1231 671 ἔφυγε.
1258 600 1370 653 Kal
1397 602 1423 654 ὁ
1454 601 1631 674 γέρων
1664 600 1869 673 ἤρξατο

282 694 505 749 κλαίειν.
550 692 612 746 ’0
636 693 696 746 δὲ
728 692 931 765 Κύριος
974 687 1122 745 εἶπεν
1163 689 1342 761 αὐτῷ·
1384 690 1449 745 Τί
1495 691 1740 755 κλαίεις;
1774 693 1870 746 καὶ

284 784 430 855 λέγει
470 785 499 837 ὁ
538 783 751 855 γέρων·
793 784 912 837 Ὅτι
953 782 1194 854 τολμῶσι
1223 782 1495 854 κρατῆσαι
1538 782 1629 836 τὸν
1659 782 1870 854 ἄνθρω-

284 894 403 939 πον,
454 877 551 929 καὶ
597 874 774 938 οὓτως
830 875 1072 945 ποιῆσαι.
1116 871 1254 926 Eine
1288 874 1346 928 δὲ
1391 875 1572 946 αύτῷ·
1622 877 1693 930 Σὺ
1733 877 1870 947 ὴμέ-

286 964 469 1037 λησας.
509 966 639 1020 Ὅτε
671 965 785 1037 γὰρ
828 964 1101 1035 ἐζήτησας
1156 982 1246 1035 με,
1284 958 1422 1028 εἶδες
1472 965 1592 1030 πῶς
1637 966 1871 1039 εὐρέθην

287 1072 383 1104 σοι.
410 1055 598 1108 Ταῦτα
627 1054 791 1124 λέγω,
828 1055 909 1108 ὃτι
939 1054 1108 1108 κόπου
1136 1054 1333 1109 πολλοῦ
1380 1057 1559 1128 χρεία,
1593 1058 1687 1111 καὶ
1712 1060 1760 1110 εί
1794 1057 1868 1129 μὴ

285 1147 449 1210 κόπος
474 1145 725 1215 γένηται,
772 1146 833 1198 οὐ
882 1145 1107 1200 δύναταί
1153 1165 1238 1212 τις
1286 1147 1430 1218 ἔχειν
1475 1148 1568 1203 τὸν
1611 1149 1744 1203 Θεὸν
1773 1151 1871 1205 αὺ-

283 1238 374 1291 τοῦ
402 1240 471 1292 ⁸⁷.
499 1239 672 1304 Αὐτὸς
695 1238 804 1310 γὰρ
826 1238 892 1292 δι’
920 1241 1069 1310 ἡμᾶς
1099 1240 1442 1313 ἐσταυρώθη.

360 1329 615 1397 ’Δδελφὸς
656 1328 940 1400 παρέϐαλε
979 1330 1058 1399 τῷ
1094 1330 1240 1402 ἀϐὅᾷ
1286 1330 1441 1402 Ἠλίᾳ
1479 1330 1556 1401 τῷ
1585 1332 1864 1403 ήσυχαστῇ

285 1422 430 1491 (55),
500 1423 584 1484 εἰς
634 1420 696 1473 τὸ
750 1420 1015 1475 κοινὸὄιον
1073 1421 1166 1475 τοῦ
1233 1422 1498 1494 σπηλαίου
1561 1422 1655 1476 τοῦ
1723 1423 1869 1477 eaea

282 1510 551 1575 mssa”,
582 1512 677 1564 καὶ
716 1511 866 1581 λέγει
914 1512 1092 1583 αὐτῷ·
1143 1514 1333 1579 Ἀϐὃᾶ,
1370 1510 1523 1567 εῖπὸν
1563 1533 1653 1585 μοι
1691 1516 1863 1586 ῥῆμα.

292 1605 348 1659 '0
371 1606 429 1659 δὲ
460 1605 640 1677 γέρων
677 1605 827 1673 λέγει
856 1604 935 1675 τῷ
962 1604 1199 1677 ἀδελφῷ,
1238 1607 1321 1660 ὅτι
1357 1608 1446 1660 Ἐν
1471 1610 1593 1670 ταῖς
1634 1610 1865 1678 ἡμέραις

281 1698 384 1751 τῶν
415 1699 673 1769 πατέρων
710 1697 893 1769 ἡμῶν,
928 1698 1224 1766 ἡγαπῶντο
1264 1700 1321 1753 al
1353 1702 1502 1770 τρεῖς
1534 1702 1727 1770 ἀρεταὶ
1763 1692 1863 1753 αὗ-

282 1808 389 1856 ται,
426 1792 458 1862 ἡ
494 1789 879 1861 ἀκτημοσύνη,
907 1789 1002 1843 καὶ
1020 1791 1051 1859 ἡ
1071 1791 1336 1862 πραότης,
1356 1793 1447 1844 καὶ
1476 1793 1507 1862 ἡ
1533 1793 1857 1863 ἐγκράτεια·

1973 602 2113 674 fugit
2142 604 2376 660 daemon.
2406 605 2596 676 Itaque
2626 622 2793 662 senex
2826 607 2956 663 ﬂere
2986 610 3174 679 cmpit.
3199 609 3269 662 At
3299 610 3561 664 Dominus

1972 694 2111 750 dixit
2141 697 2220 749 ei:
2258 695 2370 750 Cur
2397 696 2529 753 fles?
2558 698 2865 769 Respondit
2899 716 3101 754 senex:
3138 700 3292 768 Quod
3325 704 3562 756 audeant

1970 787 2310 855 prehendere
2335 789 2634 855 hominem,
2660 797 2823 859 atque
2848 794 2919 842 ita
2951 791 3149 845 facere.
3173 790 3309 844 Tum
3339 792 3405 845 ad
3434 808 3559 846 eum

1973 877 2276 933 Dominus:
2318 878 2398 932 Tn
2434 881 2718 951 negligens
2764 881 2936 935 fuisti.
2969 870 3200 946 Quando
3232 883 3374 935 enim
3411 898 3561 950 quae—

1970 969 2114 1024 siisti
2152 985 2258 1033 me,
2294 970 2478 1025 vidisti
2546 973 2821 1041 quomodo
2853 976 3107 1027 inventus
3146 974 3246 1028 sim
3283 974 3400 1027 tibi.
3438 975 3560 1027 llaec

1970 1063 2078 1128 aio,
2112 1063 2372 1133 quoniam
2416 1063 2603 1117 labore
2634 1064 2806 1117 multo
2833 1080 2973 1133 opus
3008 1073 3128 1128 est;
3166 1079 3229 1117 ac
3264 1065 3368 1119 nisi
3406 1066 3560 1117 labo-

1968 1158 2142 1217 retur,
2188 1166 2297 1206 non
2354 1158 2533 1222 potest
2567 1154 2691 1223 quis
2726 1153 2927 1208 habere
2961 1153 3130 1209 Deum
3187 1171 3369 1210 suum.
3426 1154 3559 1208 Nam

1966 1244 2086 1314 ipse
2120 1253 2345 1314 pr0pter
2377 1259 2478 1298 uos
2511 1245 2667 1299 cruci
2695 1244 2886 1299 atlixus
2917 1246 3039 1301 fuit.

2041 1334 2093 1389 8.
2138 1334 2273 1407 (56)
2319 1333 2511 1389 Frater
2556 1336 2811 1391 convenit
2849 1337 3098 1392 abbatem
3158 1336 3328 1390 Eliam
3363 1338 3561 1406 quieta:

1964 1427 2090 1483 vitae
2136 1434 2495 1496 sectatorem,
2541 1428 2596 1483 in
2648 1430 2963 1484 cmnobium
3012 1431 3286 1501 speluncae
3348 1432 3559 1488 abbatis

1967 1518 2182 1581 Sabbae,
2213 1519 2423 1573 etdixit
2455 1520 2505 1575 ci
2536 1539 2548 1575 τ
2585 1520 2738 1575 Abba
2785 1521 3170 1575 documentum
3207 1523 3337 1576 mihi
3381 1526 3556 1579 trade.

1965 1607 2035 1661 At
2076 1622 2243 1663 senex
2273 1608 2349 1662 ait
2393 1606 2587 1663 fratri:
2622 1611 2683 1663 In
2725 1608 2920 1663 diebus
2964 1620 3179 1677 patrum
3210 1620 3557 1681 nostrorum,

1963 1698 2048 1752 ha:
2086 1706 2200 1753 tres
2248 1698 2483 1753 virtutes
2530 1698 2919 1768 diligebantur,
2955 1708 3271 1767 paupertas,
3313 1716 3564 1755 mansue-

1962 1790 2114 1854 tudo,
2152 1789 2503 1845 abstinentia.
2562 1788 2720 1843 Nunc
2766 1804 2895 1845 vero
2955 1790 3097 1845 inter
3137 1791 3436 1846 monachos
3474 1807 3561 1847 re-

279 1882 373 1936 νῦν
400 1882 458 1935 δὲ
500 1885 698 1954 κρατεῖ
741 1884 823 1947 εἰς
861 1885 988 1948 τοὺς
1028 1885 1299 1956 μοναχοὺς
1363 1886 1397 1955 ἡ
1437 1884 1739 1949 πλεονεξία,
1775 1885 1865 1939 καὶ

1970 1888 2178 1953 gnant,
2228 1882 2491 1949 avaritia,
2533 1881 2897 1949 conﬁdentia,
2939 1883 3084 1954 gula.
3139 1881 3294 1950 Quod
3340 1885 3562 1955 placue—

279 1977 313 2039 ἡ
358 1976 807 2048 γαστριμαργία,
859 1977 953 2030 καὶ
993 1978 1028 2047 ἡ
1074 1976 1368 2050 θρασύτης,
1416 1978 1481 2031 Εἴ
1512 1995 1562 2031 τι
1586 1978 1632 2010 ⁸⁹
1692 1977 1867 2041 θέλεις

283 2068 576 2138 vitam»).

638 2176 778 2245 Περὶ
810 2177 915 2230 τοῦ
936 2174 1086 2231 ὰϐϐἇ
1122 2177 1497 2245 Ἡρακλείου.
1765 2236 1771 2242 _

359 2284 611 2355 ’Δδελφὸς
643 2286 975 2357 πολεμηθεὶς
988 2287 1056 2349 ⁰⁰,
1083 2285 1385 2356 ἀπήγγειλε
1415 2286 1493 2356 τῷ
1524 2286 1666 2357 aee;
1700 2287 1864 2357 Ἠρα-

283 2374 515 2445 adsim"-
549 2377 658 2429 Kal
708 2374 854 2443 λέγει
901 2375 1048 2447 αύτῷ
1095 2379 1300 2439 ἐκεῖνος
1364 2376 1632 2447 στηρίζων
1680 2377 1863 2444 αὐτὸν,

283 2468 357 2520 ὅτι
400 2468 500 2530 Τις
524 2467 705 2538 γέρων
732 2467 857 2538 ἔσχε
878 2466 1125 2539 μαθητὴν
1154 2469 1395 2538 ὑπήκοον
1414 2468 1552 2521 πάνυ
1577 2469 1669 2521 ἐπὶ
1695 2469 1865 2522 πολλὰ

282 2561 392 2631 ἐτη.
427 2562 545 2631 Μιᾷ
585 2555 680 2614 οὖν
724 2561 1056 2631 πολεμηθεὶς
1108 2559 1264 2613 ἔϐαλε
1321 2561 1609 2632 μετάνοιαν
1654 2560 1730 2631 τῷ
1773 2560 1865 2630 γέ-

286 2670 441 2724 ροντι,
483 2654 690 2720 λέγων·
745 2652 979 2724 Ποίησον
1018 2671 1086 2723 με
1138 2652 1392 2721 γενέσθαι
1449 2653 1700 2724 μοναχόν.
1751 2653 1862 2706 Καὶ

282 2743 420 2813 λέγει
449 2744 605 2815 αὐτῷ
636 2748 664 2798 ὁ
692 2745 871 2815 γέρων
893 2761 905 2774 ·
942 2743 1114 2797 Βλέπε
1146 2745 1330 2807 τόπον,
1364 2746 1457 2798 καὶ
1492 2743 1750 2813 ποιῶμέν
1779 2760 1862 2796 σοι

283 2836 484 2891 κελλίον
502 2838 570 2890 ³⁸.
598 2837 709 2890 Kal
728 2835 976 2890 ἀπελθὼν
999 2835 1107 2889 ἀπὸ
1133 2836 1361 2906 σημείου
1396 2836 1513 2898 ἐνὸς
1571 2830 1717 2905 εὗρε.
1752 2835 1862 2889 Kal

281 2929 604 2994 ἀπελθόντες
631 2930 894 3001 ἐποίησαν
926 2929 1155 2983 κελλίον.
1194 2929 1302 2981 Kal
1327 2928 1472 2996 λέγει
1505 2928 1581 2998 τῷ
1616 2927 1857 2999 ἀδελφῷ·

284 3021 344 3073 Εἰ
367 3020 418 3074 τί
447 3038 531 3073 σοι
561 3020 730 3089 λέγω,
764 3018 922 3073 τοῦτο
962 3020 1205 3089 ποίησον.
1246 3020 1411 3072 Ὅταν
1446 3020 1656 3089 πεινᾷς,
1693 3018 1855 3087 φάγε,

283 3114 389 3175 πίε,
423 3112 630 3182 κοιμῶ·
665 3111 826 3182 μόνον
863 3109 956 3163 τοῦ
996 3110 1209 3163 κελλίου
1246 3127 1341 3162 σου
1384 3110 1458 3180 μὴ
1500 3108 1719 3180 ἐξέλθῃς
1752 3107 1859 3170 ἕως

284 3203 370 3256 τοῦ
400 3204 704 3256 σαϐϐάτου·
735 3203 855 3255 τότε
895 3202 1054 3273 ἔρχου
1091 3202 1259 3271 ἐγγύς
1298 3219 1399 3271 μου
1423 3203 1487 3255 ⁸³.
1536 3202 1593 3255 '0
1618 3202 1672 3254 δὲ
1702 3200 1856 3254 ἀδελ·
1885 3235 1927 3292 c

283 3296 374 3365 φὺς
404 3296 627 3366 ἐποίησε
658 3294 755 3357 τὰς
784 3294 878 3347 δύο
913 3295 1123 3366 ἡμέρας
1155 3294 1294 3347 κατὰ
1332 3294 1430 3364 τὴν
1471 3294 1691 3363 ἐντολήν
1712 3311 1725 3324 ·
1763 3292 1858 3345 καὶ

283 3389 342 3457 τῇ
376 3386 536 3458 τρίτῃ
565 3385 750 3457 ἡμέρᾳ
785 3384 1106 3455 ἀκηδιάσας,
1133 3383 1310 3452 λέγει·
1338 3385 1402 3436 Τί
1445 3384 1601 3436 τοῦτο
1634 3381 1857 3452 ἐποίησέ

286 3492 368 3547 μοι
394 3479 422 3530 ὁ
452 3478 731 3551 γέρων⁹³;
766 3479 861 3530 καὶ
891 3478 1147 3541 ἀναστὰς,
1181 3475 1377 3546 ἔψαλλε
1414 3476 1697 3539 πλείστους
1725 3473 1860 3545 cla).-

287 3568 447 3640 μούς·
487 3570 582 3623 καὶ
613 3568 752 3639 μετὰ
778 3567 839 3620 τὸ
873 3566 1025 3628 δῦναι
1057 3568 1147 3621 τὸν
1185 3568 1334 3640 ἥλιον
1370 3566 1571 3637 ἔφαγε·
1602 3567 1696 3620 καὶ
1723 3568 1857 3620 ἀνα-

288 3660 412 3725 στὰς
465 3659 678 3730 ἀπῆλθε
716 3659 1044 3731 κοιμηθῆναι
1082 3660 1161 3723 εἰς
1188 3660 1248 3713 τὸ
1274 3659 1487 3730 datava
1526 3658 1712 3712 αὐτοῦ.
1749 3658 1860 3711 Kal

288 3752 475 3824 θεωρεί
503 3751 738 3806 Αἰθίοπα
766 3752 1018 3820 κείμενον
1046 3752 1300 3822 τρίζοντα
1337 3753 1460 3814 τοὺς
1493 3751 1710 3813 ὀδόντας
1736 3750 1858 3802 κατ’

288 3840 466 3895 αὐτοῦ.
504 3840 616 3894 Kal
649 3839 908 3911 δρομαῖος
938 3838 1086 3911 φόϐῳ
1113 3840 1292 3911 πολλῷ
1318 3836 1449 3911 ἦλθε
1484 3841 1620 3908 πρὸς
1648 3839 1738 3892 τὸν
1771 3838 1862 3906 γέ-

289 3949 471 4002 ροντα·
510 3932 605 3985 καὶ
632 3930 875 4003 κρούσας
905 3930 1002 4001 τὴν
1032 3932 1223 4004 θύραν,
1258 3929 1411 3985 εἶπεν
1432 3950 1445 3963 ·
1492 3930 1678 3993 ’Λ66ᾶ,
1707 3930 1861 4000 ἐλέη-

291 4020 373 4072 σόν
401 4037 488 4089 με,
513 4019 607 4072 καὶ
624 4019 834 4086 ἄνοιξον
851 4019 919 4072 ⁸⁸.
952 4020 1008 4071 '0
1029 4020 1084 4073 δὲ
1100 4020 1299 4090 γέρων,
1324 4021 1485 4088 γνοὺς
1509 4020 1590 4071 ὅτι
1612 4019 1711 4071 οὐκ
1732 4017 1861 4088 ἐφύ-

288 4109 405 4177 λαξε
424 4113 486 4164 τὸ
517 4112 670 4182 ῥῆμα
690 4111 879 4177 αὐτοῦ,
907 4114 1007 4165 οὐκ
1035 4112 1243 4182 ἤνοιξεν
1276 4111 1422 4181 αύτῷ
1445 4112 1548 4175 ἕως
1572 4111 1738 4181 πρωῒ,
1766 4111 1861 4164 καὶ

292 4202 500 4268 ἀνοίξας
523 4203 601 4274 τῲ
621 4202 787 4273 πρωῒ,
814 4197 971 4276 εὗρεν
986 4205 1147 4257 αὐτὸν
1170 4202 1273 4267 ἔξω
1297 4202 1742 4275 παρακαλοῦντα·
1768 4203 1863 4257 καὶ

293 4295 617 4365 οξκτηρήσας
657 4296 977 4366 εἰσήνεγκεν
1022 4295 1204 4348 αὐτόν.
1275 4294 1410 4346 Τότε
1457 4293 1635 4363 λέγει·
1663 4292 1862 4363 Δέομαί

297 4401 401 4451 σου,
446 4386 654 4457 Πάτερ·
695 4386 929 4439 Αἰθίοπα
966 4385 1173 4457 μέλανα
1223 4381 1361 4439 εἶδον
1404 4386 1497 4437 ἐπὶ
1542 4385 1602 4437 τὸ
1650 4383 1863 4454 ψιάθιόν

299 4496 412 4550 μου,
454 4480 531 4543 ὡς
573 4479 817 4551 ἀπῆλθον
855 4480 1207 4551 κοιμηθῆναι.
1266 4479 1324 4533 '0
1371 4480 1428 4532 δὲ
1487 4475 1641 4533 εἷπε·
1695 4478 1865 4532 Τοῦτο

1972 1973 2079 2038 rit,
2123 1973 2282 2043 elige.

2483 2166 2559 2222 De
2607 2167 2794 2222 abbate
2859 2168 3127 2225 Ileraclio.

2040 2279 2234 2335 Frater
2294 2281 2690 2337 tcutationibus
2763 2283 3152 2354 impugnatus,
3215 2282 3556 2337 denuntiavit

1967 2373 2149 2427 abbati
2214 2372 2485 2428 Heraclio.
2540 2374 2631 2427 lllc
2673 2383 2730 2429 ut
2788 2374 3141 2429 conﬁrmaret
3188 2391 3348 2443 eum,
3414 2376 3557 2431 hanc

1966 2465 2210 2517 narravit
2260 2465 2589 2519 historiam:
2630 2465 2811 2521 Senex
2870 2467 3092 2535 quidam
3140 2467 3335 2522 habuit
3385 2467 3556 2523 disci—

1967 2554 2153 2623 pulum
2205 2554 2531 2608 obedientize
2566 2555 2766 2609 virtute
2811 2565 3197 2626 praestantem,
3241 2558 3307 2612 ad
3356 2559 3555 2615 multos

1965 2658 2161 2697 annos.
2195 2643 2298 2710 Qui
2330 2646 2622 2714 aliquando
2670 2653 2909 2703 tentatus
2940 2663 3003 2701 ac
3054 2650 3438 2718 impugnatus,
3467 2664 3555 2706 se-

1964 2751 2086 2791 nem
2127 2736 2464 2791 demittenda
2518 2754 2577 2793 se
2625 2740 2915 2805 salutavit;
2961 2754 3025 2794 ac
3087 2741 3266 2795 dixit:
3304 2739 3414 2794 Fac
3468 2756 3556 2796 me

1963 2843 2085 2882 esse
2121 2829 2474 2884 monachum.
2518 2830 2608 2883 Ait
2640 2830 2715 2884 illi
2757 2846 2923 2886 senex
2957 2848 2971 2884 :
3006 2830 3211 2885 Locum
3241 2830 3553 2898 considera,

1963 2929 2016 2974 et
2050 2921 2316 2976 faciemus
2357 2923 2454 2977 tibi
2499 2923 2715 2978 cellam.
2768 2923 2909 2995 Ergo
2954 2925 3146 2979 abiens
3197 2925 3389 2994 procul
3442 2938 3554 2979 uno

1962 3014 2173 3083 lapide,
2225 3015 2446 3083 reperit.
2499 3013 2636 3068 Tum
2686 3015 2913 3085 profecti
2980 3017 3174 3070 cellam
3228 3024 3553 3070 construxe-

1962 3112 2112 3158 runt.
2146 3103 2289 3159 Dicit
2322 3105 2480 3160 fratri
2514 3123 2526 3159 :
2561 3106 2716 3173 Quod
2742 3108 2842 3161 tibi
2884 3107 3269 3172 edisserucro,
3301 3108 3405 3161 hoc
3444 3106 3549 3164 fac.

1962 3193 2192 3260 Quando
2246 3195 2546 3260 esurieris,
2590 3197 2907 3265 manduca;
2967 3198 3133 3252 simili
3187 3197 3353 3252 modo
3404 3197 3553 3265 bibe,

1960 3287 2178 3341 dormi:
2216 3295 2425 3341 tantum
2477 3304 2507 3343 e
2563 3290 2699 3341 cella
2745 3296 2836 3342 tua
2889 3304 2957 3343 ne
2996 3290 3236 3355 exieris,
3278 3305 3452 3360 usque
3483 3290 3553 3345 ad

1962 3377 2257 3432 Sabbatum
2286 3396 2300 3444 ;
2338 3387 2467 3432 tunc
2499 3380 2621 3432 veni
2647 3378 2806 3448 juxta
2840 3395 2945 3434 me.
2979 3377 3171 3433 Frater
3197 3388 3378 3433 autem
3411 3381 3552 3436 duos

1960 3468 2077 3524 dies
2114 3472 2322 3539 peregit
2349 3484 2414 3524 ex
2472 3477 2746 3540 prmcepto
2777 3487 2792 3537 ;
2829 3477 2883 3522 at
2930 3469 3019 3525 die
3071 3471 3229 3524 tertia
3269 3470 3431 3524 taedio
3471 3470 3555 3523 af-

1961 3559 2137 3615 fectus
2167 3560 2305 3614 dixit
2333 3578 2346 3614 :
2384 3560 2493 3615 Cur
2523 3562 2598 3615 ita
2629 3576 2843 3617 mecum
2872 3561 2981 3632 egit
3007 3562 3209 3617 senex?
3234 3561 3416 3627 Quare
3441 3577 3556 3615 sur-

1962 3665 2095 3721 gens
2116 3690 2130 3715 ,
2172 3650 2338 3720 coepit
2369 3652 2599 3719 psallere
2640 3653 2824 3721 plures
2856 3653 3100 3722 psalmos
3128 3669 3144 3719 ;
3178 3668 3242 3706 ac
3273 3661 3393 3722 post
3420 3654 3554 3707 solis

1961 3755 2218 3795 occasum
2274 3741 2456 3795 cibum
2519 3743 2801 3813 sumpsit;
2835 3759 3179 3815 surgensque
3222 3745 3356 3799 abiit
3395 3746 3553 3800 cubi-

1962 3837 2077 3883 tum
2128 3846 2295 3901 super
2339 3841 2510 3886 matta
2549 3849 2668 3888 sua.
2718 3833 2785 3888 Et
2822 3834 2970 3890 videt
3003 3834 3316 3905 Aitbiopem
3358 3836 3552 3905 jacen-

1964 3929 2107 3986 tem,
2136 3923 2229 3992 qui
2267 3922 2524 3979 dentibus
2573 3924 2841 3980 stridebat
2894 3926 3162 3982 adversus
3210 3942 3356 3981 eum.
3398 3925 3555 3981 Unde

1964 4028 2088 4067 cum
2146 4014 2346 4068 timore
2397 4016 2569 4069 multo
2603 4018 2854 4070 cucurrit
2889 4017 2958 4070 ad
3005 4033 3190 4072 senem
3229 4036 3242 4071 :
3285 4018 3551 4086 pulsatis-

1965 4121 2071 4175 que
2102 4104 2310 4162 foribus
2332 4144 2345 4170 ,
2380 4107 2490 4160 ait:
2524 4108 2675 4160 Abba
2700 4147 2714 4169 ,
2751 4108 3014 4162 miserere
3062 4109 3205 4172 mei,
3252 4109 3424 4177 aperi.
3456 4108 3555 4164 Se-

1965 4214 2072 4252 nex
2103 4205 2303 4263 autem,
2336 4197 2520 4253 sciens
2543 4201 2687 4268 quod
2719 4214 2826 4253 non
2856 4200 3189 4254 custodisset
3209 4200 3551 4265 mandatum,

1968 4306 2076 4345 non
2101 4290 2313 4360 aperuit
2342 4305 2516 4359 usque
2539 4291 2605 4345 ad
2627 4291 2929 4346 diluculum
2958 4311 2970 4346 :
3004 4308 3112 4362 quo
3142 4301 3385 4361 tempore
3419 4308 3552 4361 ape-

1967 4382 2141 4445 riens,
2191 4381 2401 4435 invenit
2443 4381 2588 4437 foras
2631 4394 2954 4453 rogantem:
2993 4392 3047 4438 ct
3076 4383 3555 4438 commiseratione

1968 4474 2167 4529 ductus
2208 4474 2517 4528 introduxit
2560 4491 2707 4530 eum.
2746 4475 2899 4530 Tunc
2941 4477 3018 4529 ait
3053 4494 3066 4530 :
3098 4474 3209 4530 Oro
3256 4482 3331 4539 te,
3392 4474 3556 4528 Pater

299 4569 507 4637 ἔπαθες,
537 4573 620 4625 ὅτι
654 4573 756 4624 οὐκ
790 4571 1061 4640 ὲφύλαξας
1091 4572 1150 4625 τὸ
1182 4572 1332 4644 ῥῆμά
1364 4589 1484 4642 μου.
1526 4571 1660 4623 Τότε
1688 4569 1865 4623 τυπώ-

1976 4567 2084 4621 vidi
2118 4565 2430 4636 Ethiopem
2468 4584 2634 4638 super
2673 4577 2896 4622 mattam
2927 4584 3122 4632 meam,
3166 4575 3224 4621 ut
3251 4569 3553 4622 dormitum

302 4680 390 4727 σας
427 4664 574 4733 αὐτῷ
619 4663 756 4733 πρὸς
807 4663 908 4735 τὴν
951 4664 1202 4733 δύναμιν,
1255 4665 1316 4717 τὸ
1363 4664 1653 4718 ἀκόλουθον
1672 4664 1717 4694 ⁹⁶
1772 4662 1867 4715 τοῦ

303 4757 555 4826 μονήρους
609 4755 726 4826 βίου
777 4756 854 4820 ’⁷,
907 4755 1043 4809 κατὰ
1123 4756 1317 4829 μικρὸν
1375 4756 1567 4824 γέγονε
1638 4754 1869 4825 μοναχὸς

296 4853 458 4917 καλός.

353 5133 511 5208 ‘TAAI.
545 5137 664 5208 μετ’
687 5136 878 5192 αὑτοῦ.
986 5138 1031 5170 ⁸⁸
1062 5137 1160 5192 Ed.
1213 5138 1379 5192 Σάὅα.

301 5203 434 5280 ”_A_l.
489 5203 617 5262 add.
665 5209 762 5262 καὶ
795 5208 922 5280 γίνῃ
958 5209 1207 5279 μοναχός.

308 5275 443 5343 ῖὺιός
478 5281 673 5331 ποιεῖν.
752 5280 800 5311 ⁸⁵
832 5275 920 5331 At.
954 5275 1207 5349 magno:
1242 5279 1469 5349 ταχέως.

1468 5138 1514 5170 ⁸⁸
1546 5137 1645 5193 Ed.
1675 5140 1703 5192 ὅ
1735 5156 1806 5191 τι.

360 5496 463 5567 (55)
507 5493 893 5571 Ἠσυχᾳστ-ῇ.
957 5498 1307 5571 ᾝσυχαστής
1352 5509 1405 5555 et
1453 5502 1874 5571 ἡσυχαστήριον,

878 5568 1004 5636 quid
1051 5580 1186 5621 vetat
1233 5568 1347 5625 leve
1385 5568 1636 5624 mendum
1688 5568 1877 5627 tollere

301 5579 406 5622 nota
439 5566 686 5623 nomina.
732 5566 840 5618 5rd

1902 5139 1955 5214 oo.
1977 5139 2079 5193 Αιίί
2111 5140 2242 5214 add,
2291 5143 2511 5214 οξκῆσαι
2570 5143 2691 5214 καθ’
2731 5144 2942 5200 ἑαυτόν.

1295 5209 1462 5282 °’_Al.
1524 5209 1690 5282 inser.
1721 5212 1814 5282 καὶ
1854 5209 2194 5282 ὑπέστρεψεν
2222 5212 2250 5263 ὁ
2279 5209 2456 5282 γέρων
2500 5214 2580 5275 εἰς
2610 5213 2671 5266 τὸ
2701 5214 2909 5267 κελλίον
2946 5217 3128 5268 αὑτοῦ.

1547 5280 1593 5312 ⁹⁶
1626 5281 1709 5333 Al.
1740 5280 1838 5350 τὴν
1865 5279 2207 5335 ἀκολουθίαν.
2284 5283 2328 5314 ³⁷
2352 5279 2442 5338 ΆΙ.
2473 5283 2599 5338 add.
2632 5285 2901 5337 ἀπέλυσεν
2936 5287 3113 5349 αὑτίν,
3147 5284 3258 5337 καί.

1974 4657 2103 4710 abii.
2142 4655 2370 4727 Excepit
2404 4674 2566 4713 senex
2603 4678 2615 4714 :
2653 4657 2709 4715 Id
2741 4660 2837 4713 tibi
2874 4660 3095 4726 accidit,
3132 4660 3258 4729 quia
3295 4675 3401 4713 non
3436 4675 3554 4712 ser-

1979 4748 2116 4802 vasti
2144 4747 2288 4816 quod
2326 4763 2711 4818 praeceperant.
2762 4749 2891 4804 Post
2931 4750 3046 4804 haec
3077 4765 3174 4820 pro
3208 4750 3352 4803 virili
3386 4749 3555 4802 infor-

1967 4844 2135 4897 mavit
2169 4859 2293 4898 eum
2334 4844 2388 4897 in
2428 4844 2619 4899 ordine
2647 4846 2769 4900 vita:
2798 4847 3148 4911 monasticae;
3182 4846 3555 4915 paulatimque

1972 4939 2146 4995 evasit
2175 4939 2382 5010 probus
2413 4941 2736 4996 monachus.

3030 5147 3071 5177 ⁹¹
3097 5146 3183 5199 ΑΙ.
3203 5144 3549 5214 Ἡρακλείδῃ.

3219 5215 3265 5243 ⁸⁸
3298 5218 3381 5266 ΑΙ.
3421 5215 3549 5268 add.

1984 5501 2306 5571 presbytero.
2340 5504 2415 5556 rel
2438 5506 2625 5558 viventi
2652 5506 2726 5558 vel
2761 5506 3003 5557 "utriculi
3032 5520 3122 5555 seu
3143 5502 3212 5555 ad
3248 5504 3411 5554 alium
3465 5519 3551 5555 νε-

1986 5571 2236 5644 ligionetn
2271 5574 2403 5640 (imo
2427 5575 2710 5644 regionem)
2742 5575 2819 5626 vel
2845 5575 2913 5626 ad
2944 5575 3171 5642 quietum
3199 5574 3359 5624 vitam
3385 5587 3531 5626 trant

295 5652 353 5692 ex
386 5639 610 5708 cpistola
644 5634 932 5713 Paschalis
960 5636 999 5689 Il
1026 5639 1092 5713 ad
1131 5638 1490 5713 ﬂammulam
1532 5642 1875 5713 Augustodu-
1977 5634 2148 5713 eti'nti,
2186 5634 2341 5696 liceat
2371 5661 2450 5697 res
2481 5634 2612 5713 quas
2652 5634 2799 5697 a'die
2851 5634 3203 5697 ordimrtionis
3234 5659 3346 5695 sum
3371 5644 3422 5695 in
3457 5659 3547 5697 ecw

293 5706 500 5772 tiensém,
526 5722 711 5780 quant
734 5706 857 5780 luce
884 5707 1104 5780 donavit
1129 5709 1182 5763 in
1210 5706 1520 5779 Appendice
1539 5710 1604 5763 ad
1621 5706 1870 5780 'llegino-

294 5799 394 5833 :t'lli
445 5775 608 5835 suu'm
664 5777 749 5830 vir
808 5775 1518 5856 clarissimusStephanus
1580 5775 1869 5837 Balusins?

324 5854 416 5905 'tud
441 5861 619 5906 autem
652 5851 957 5918 apostatica
978 5851 1293 5904 auctoritate
1315 5852 1620 5918 statuimus,
1648 5864 1700 5905 ut
1729 5856 1863 5906 mitti

1976 5710 2140 5764 clesia
2167 5715 2223 5765 in
2261 5730 2366 5782 qua
2397 5725 2474 5768 est
2494 5710 2779 5767 ordinatus
2821 5715 3125 5783 conquirere
3148 5713 3338 5783 poterit
3369 5713 3439 5784 (ί.
3466 5727 3553 5783 pc»

1976 5783 2178 5847 tuerit),
2209 5784 2419 5852 auferre
2454 5784 2529 5837 rc!
2562 5786 2814 5839 minuere.

2051 5853 2161 5926 (56)
2204 5854 2409 5909 Moschi
2446 5872 2495 5910 c.
2542 5857 2627 5909 bi.
