4032 6334
433 377 538 434 18Ἰ

889 495 1227 568 Principium
1263 494 1462 551 littere
1492 494 1556 550 Θ.

750 610 827 666 De
858 610 1046 666 abbate
1072 608 1342 665 Theodoro
1375 607 1702 664 Pltermensi.

520 747 570 800 l.
599 745 711 818 (57)
740 745 923 802 Abbas
959 745 1280 800 Theodorus
1310 743 1557 799 Phermae
1605 752 1718 801 tres
1779 744 2028 816 posside-

450 837 548 897 bat
581 839 758 894 bonos
792 837 1005 902 libros;
1036 847 1091 892 et
1121 837 1270 891 venit
1303 837 1371 891 ad
1404 838 1657 892 abbatem
1706 836 2026 901 Macarium,

444 931 691 1001 dixitque
715 931 763 986 ei
793 949 808 985 :
835 929 970 985 Tres
1025 927 1157 984 mihi
1199 937 1331 985 sunt
1377 930 1600 986 codices
1647 931 1920 1002 praeclari,
1961 945 2028 984 ex

443 1036 686 1092 quorum
721 1021 956 1076 lectione
979 1021 1242 1090 proficio;
1290 1020 1490 1078 fratres
1516 1037 1734 1093 quoque
1761 1022 1828 1076 ad
1869 1038 2026 1077 usum

443 1111 748 1180 accipiunt,
801 1117 856 1165 et
914 1109 1213 1181 proficiunt
1277 1113 1505 1181 pariter.
1554 1109 1692 1165 Fare
1741 1126 1870 1182 ergo
1903 1112 2030 1182 quid

442 1201 672 1256 debeam
705 1200 908 1257 facere.
947 1201 1294 1257 Retinebone
1320 1216 1417 1258 eos
1455 1201 1523 1256 ad
1552 1217 1729 1258 meam
1778 1203 2036 1257 fratrum-

444 1309 553 1362 que
578 1293 909 1361 utilitatem,
953 1300 1047 1348 aut
1090 1293 1346 1358 vendam,
1382 1304 1437 1350 ut
1486 1294 1607 1350 dem
1658 1297 2036 1365 pauperibus?

446 1382 754 1453 Respondit
808 1401 1014 1440 senex:
1057 1385 1220 1439 Bona:
1270 1387 1491 1456 quidem
1552 1395 1681 1442 sunt
1741 1388 2030 1448 actiones;

446 1475 544 1531 sed
576 1477 756 1546 majus
785 1477 1044 1532 omnibus
1069 1485 1173 1541 est,
1193 1478 1333 1531 nihil
1356 1478 1654 1548 possidere.
1683 1476 1802 1543 Quo
1821 1478 2033 1542 audito,

444 1568 728 1636 discessit,
763 1583 828 1622 ac
855 1567 1102 1622 vendidit
1125 1583 1246 1633 eos,
1279 1568 1680 1639 pecuniamque
1704 1567 2038 1638 pauperibus

451 1660 700 1714 tradidit.
1023 1657 1026 1660 “

520 1750 574 1803 2.
611 1749 722 1822 (58)
749 1747 943 1804 Frater
972 1747 1197 1819 quidam
1235 1748 1486 1806 residens
1535 1750 1592 1805 in
1625 1749 1790 1806 Cellis
1853 1749 2041 1805 solita—

1604 373 1954 432 APPENDIX
1992 379 2084 434 AD
2123 377 2544 448 PALLADIUM.

3611 386 3721 444 188

2576 500 2744 573 Ἀρχὴ
2774 500 2867 556 τοῦ
2907 502 2951 556 Θ
2989 501 3276 576 στοιχείου.

2229 613 2370 682 Περὶ
2400 614 2509 670 τοῦ
2537 613 2688 671 ἀόϐᾶ
2727 614 3028 684 Θεοδώρου
3059 615 3168 671 τοῦ
3197 615 3310 686 τῆς
3341 615 3598 687 Φέρμης.

2201 753 2271 801 α’.
2311 747 2369 802 '0
2390 747 2565 812 assa;
2585 747 2860 820 Θεόδωρος
2877 750 2904 802 6
2931 749 3029 819 τῆς
3049 748 3271 820 Φέρμης
3295 750 3568 820 ἐκτήσατο
3593 747 3737 827 τρία·

2134 839 2312 911 βιϐλία
2341 841 2512 896 καλά’
2545 840 2641 895 καὶ
2683 840 2957 913 παρέϐαλε
2990 840 3068 912 τῷ
3101 841 3246 913 ἀὸϐᾷ
3291 841 3592 913 Μακαρίῳ,
3625 840 3714 893 καί

2131 931 2277 1000 λέγει
2319 932 2488 1003 αὐτῷ,
2536 934 2617 986 ὅτι
2659 933 2808 1004 Ἐχω
2838 932 2965 1006 τρία
3009 932 3190 1004 βιδλία
3226 933 3391 998 καλὰ,
3427 933 3524 986 καὶ
3573 933 3717 1000 ώφε-

2132 1023 2328 1094 λοῦμαι
2357 1024 2414 1088 ἐξ
2455 1023 2664 1078 αὐτῶν·
2699 1023 2795 1078 xal
2836 1024 2884 1076 οί
2924 1022 3145 1093 ἀδελφοὶ
3190 1023 3492 1094 κιχρῶνται
3544 1021 3722 1083 αὐτὰ,

2134 1116 2230 1168 καὶ
2258 1114 2613 1183 ὠφελοῦνται.
2655 1115 2788 1168 Εἰπὲ
2818 1110 2911 1170 οὖν
2948 1133 3058 1187 μοι.
3109 1115 3166 1168 τί
3194 1114 3424 1187 ὤφειλον
3457 1116 3721 1185 ποιῆσαις

2137 1207 2395 1276 κατάσχω
2437 1206 2577 1260 αύτά
2627 1208 2708 1270 είς
2752 1207 2852 1278 τὴν
2901 1186 3040 1278 ἐμὴν
3072 1206 3164 1260 καὶ
3204 1186 3304 1278 xliv
3333 1208 3440 1261 τῶν
3477 1209 3726 1279 ἀδελφῶν

2135 1297 2424 1366 ὠφέλειαν,
2470 1297 2502 1367 ἢ
2552 1297 2788 1370 πωλήσω
2816 1299 2955 1351 αὐτὰ
2989 1298 3084 1352 καὶ
3120 1297 3276 1352 δώσω
3313 1301 3581 1370 πτωχοῖςς
3613 1301 3725 1353 Kal

2137 1387 2457 1459 ἀποκριθεὶς
2503 1390 2531 1442 6
2571 1389 2750 1460 γέρων
2795 1384 2944 1443 εἴπεο
2979 1390 3158 1444 Καλαὶ
3213 1391 3312 1461 μὲν
3355 1394 3412 1444 at
3459 1393 3724 1464 πράξεις,

2139 1478 2272 1532 ἀλλὰ
2311 1478 2512 1548 μείζων
2543 1478 2762 1533 πάντων
2804 1479 3215 1551 ήάκτημοσύνη
3250 1481 3383 1534 ὲστί.
3422 1483 3532 1534 Kal
3569 1482 3730 1535 τοῦτο

2138 1570 2398 1637 ἀκούσας,
2421 1569 2672 1625 ἀπελθὼν
2697 1569 2977 1641 ἐπώλησεν
3005 1571 3164 1632 αὐτὰ.
3198 1574 3293 1626 καὶ
3320 1573 3542 1627 διέδωκε
3579 1592 3726 1626 πτωρ

2141 1678 2277 1730 χοις.

2215 1751 2280 1822 β’.
2335 1751 2589 1820 Ἀδελφός
2628 1769 2713 1815 τις
2751 1751 3116 1824 καθεζόμενος
3149 1755 3229 1818 είς
3261 1753 3329 1807 τὰ
3362 1755 3557 1808 Κελλία
3598 1757 3725 1808 ἐτα-

451 1843 532 1896 rie
557 1842 885 1896 turbabatur
911 1857 926 1906 ;
958 1849 1014 1894 et
1046 1841 1240 1896 abiens
1288 1839 1357 1894 ad
1391 1840 1642 1896 abbatem
1689 1840 2038 1896 Theodorum

2157 1841 2377 1896 οάσσετο
2411 1842 2754 1913 καταμόναςο
2799 1842 2893 1897 καὶ
2931 1843 3184 1898 ἀπελθὼν
3235 1845 3372 1915 πρὸς
3420 1845 3512 1898 τὸν
3552 1845 3727 1898 άϐϐᾶν

451 1933 869 1999 Phermensem,
902 1933 1095 1991 retulit
1127 1931 1198 1988 ei.
1247 1931 1422 1988 Senex
1463 1947 1594 1991 vero
1629 1932 1768 1987 dixit
1797 1952 1809 1987 :
1862 1931 2032 1998 Vade,

452 2023 716 2078 humilem
751 2023 918 2079 redde
954 2022 1345 2094 cogitationem
1376 2031 1547 2087 tuam,
1601 2023 1813 2092 subjice
1861 2030 1935 2086 te,
1985 2033 2040 2077 et

450 2130 579 2171 cum
605 2115 728 2172 aliis
760 2124 1001 2172 maneto.
1039 2115 1239 2170 Postea
1281 2130 1535 2172 reversus
1565 2122 1651 2170 est
1698 2116 1766 2170 ad
1825 2130 2035 2179 senem,

452 2207 701 2278 dixitque
731 2226 744 2263 :
780 2206 968 2278 Neque
997 2221 1124 2261 cum
1151 2205 1472 2261 hominibus
1503 2207 1860 2276 conquiesco.
1891 2205 2032 2260 Tum

453 2312 620 2352 senex
655 2297 720 2353 ad
756 2313 922 2353 eum:
969 2297 1028 2352 Si
1068 2313 1249 2368 neque
1301 2298 1455 2354 solus
1509 2313 1687 2367 neque
1732 2313 1860 2351 cum
1917 2299 2042 2352 aliis

453 2389 692 2458 quietem
729 2389 971 2456 obtines,
1019 2405 1128 2460 qua
1159 2388 1228 2445 de
1261 2404 1430 2446 causa
1480 2404 1740 2460 egressus
1769 2405 1828 2445 es
1862 2389 1929 2444 ad
1962 2390 2043 2443 vi-

453 2489 566 2533 tam
595 2481 977 2537 monachalem
1003 2481 1027 2535 ‘t
1053 2480 1250 2538 Nonne
1279 2487 1339 2536 ut
1374 2481 1765 2538 tribulationes
1799 2482 2044 2538 sustine-

454 2574 595 2627 res‘!
639 2572 816 2629 Dicito
881 2581 1064 2628 autem
1102 2574 1238 2628 mihi
1269 2593 1283 2629 :
1319 2575 1365 2628 A
1415 2582 1550 2644 quot
1582 2575 1743 2629 annis
1795 2573 2041 2628 habitum

462 2664 672 2727 gestas?
703 2664 862 2729 Octo,
903 2665 1106 2736 inquit.
1135 2665 1291 2720 Tunc
1318 2681 1484 2720 senex
1521 2666 1570 2720 ei
1602 2683 1615 2720 :
1657 2665 1818 2720 Certe
1863 2666 1916 2718 in
1948 2665 2044 2718 ha-

455 2756 573 2810 bitu
622 2756 729 2811 hoc
757 2758 1108 2828 septuaginta
1163 2771 1340 2813 annos
1380 2758 1640 2828 transegi,
1689 2772 1788 2811 nec
1820 2757 1903 2811 vel
1936 2771 2045 2812 uno

457 2847 547 2900 die
577 2846 818 2916 quietem
851 2854 1052 2923 nactus
1091 2863 1256 2915 sum;
1294 2855 1354 2902 tu
1388 2861 1521 2903 vero
1555 2855 1680 2919 post
1709 2855 1836 2902 octo
1870 2861 2046 2902 anuos

459 2941 545 2994 vis
579 2940 824 3011 requiem
853 2941 1160 3013 possidere.
1215 2941 1338 3008 Quo
1369 2941 1459 2997 ille
1491 2941 1701 3006 audito,
1749 2939 2048 2997 confirma-

458 3039 551 3086 tus
585 3033 843 3088 recessit.

531 3123 584 3175 5.
609 3121 723 3192 (59)
767 3120 965 3178 Frater
1021 3123 1260 3179 accessit
1312 3123 1608 3194 aliquando
1665 3122 1733 3176 ad
1793 3122 2046 3178 abbatem

2141 1934 2415 2005 Θεόδωρον
2446 1935 2537 1987 τὸν
2577 1933 2676 2004 τῆς
2705 1933 2947 2004 Φέρμης,
2979 1929 3132 1988 εἶπεν
3162 1933 3330 2005 αὐτῷ.
3374 1935 3431 1988 '0
3459 1934 3515 1988 δὲ
3546 1935 3728 2006 γέρων

2141 2021 2330 2078 εἶπενο
2375 2026 2618 2093 ’Ύπαγε,
2665 2024 3001 2078 ταπείνωσον
3045 2025 3136 2078 τὸν
3185 2026 3442 2096 λογισμόν
3484 2043 3600 2091 σου,
3636 2027 3732 2080 καὶ

2141 2113 2468 2185 ύποτάγηθι,
2511 2114 2607 2167 καὶ
2641 2117 2821 2186 μεῖνον
2859 2115 2994 2182 μετὰ
3021 2115 3224 2169 ἄλλων.
3253 2116 3363 2169 Kal
3395 2117 3730 2185 ὑποστρέφει

2143 2206 2278 2276 πρὸς
2311 2205 2403 2258 τὸν
2445 2207 2697 2276 γέροντα,
2744 2207 2840 2258 καὶ
2877 2206 3023 2274 λέγει
3064 2206 3245 2277 αὐτῷ’
3283 2208 3416 2260 Οὐδὲ
3451 2208 3590 2278 μετὰ
3621 2209 3732 2262 τῶν

2143 2296 2449 2368 ἀνθρώπων
2477 2296 2850 2366 ἀναπαύομαι.
2880 2297 2992 2348 Kal
3015 2295 3161 2364 λέγει
3195 2295 3338 2366 αύτῷ
3372 2297 3399 2348 6
3428 2296 3636 2368 γέρων’
3667 2298 3730 2351 Et

2147 2389 2306 2459 μόνος
2352 2389 2452 2441 οὐκ
2497 2387 2773 2459 ἀναπαύῃ,
2827 2387 2949 2440 οὐδὲ
2997 2388 3133 2458 μετὰ
3184 2385 3294 2439 τῶν
3344 2387 3538 2452 ἄλλων,
3587 2385 3733 2441 διατι

2143 2476 2367 2548 ἐξῆλθες
2400 2479 2478 2540 είς
2502 2478 2594 2530 τὸν
2624 2477 2886 2548 μοναχόν;
2923 2479 3043 2547 οὐχ).
3079 2479 3164 2531 ἵνα
3198 2479 3477 2549 ὑποφέρῃς
3502 2483 3600 2540 τὰς
3623 2478 3733 2530 θλί-

2142 2568 2292 2638 ψεις;
2345 2567 2468 2620 εἰπὲ
2513 2567 2571 2621 δέ
2629 2585 2745 2638 μοι·
2798 2568 2944 2621 [Ιὸσα
2981 2569 3076 2638 ἔτη
3109 2568 3251 2637 ἔχεις
3285 2570 3364 2631 είς
3412 2570 3472 2621 τὸ
3515 2569 3732 2638 σχῆμας

2146 2660 2339 2728 Λέγει·
2383 2658 2576 2713 Ὀκτώ.
2612 2655 2779 2712 Εἶπεν
2815 2655 2908 2713 οὖν
2936 2658 3086 2730 αὐτῷ
3119 2661 3147 2713 6
3175 2659 3354 2730 γέρων
3377 2676 3390 2690 ·
3423 2658 3590 2712 Φύσει
3625 2659 3735 2730 ἔχω

2147 2751 2204 2804 ὲν
2238 2750 2316 2821 τῷ
2348 2751 2588 2821 σχήματι
2618 2751 2988 2823 ἑϐδομήκοντα
3025 2750 3143 2822 ἐτη,
3173 2751 3267 2804 καὶ
3295 2751 3414 2804 οὐδὲ
3440 2751 3568 2822 μίαν
3594 2750 3734 2822 ἡμέ-

2151 2859 2249 2914 ραν
2293 2837 2448 2913 εὗρον
2496 2842 2838 2896 ἀνάπαυσιν
2875 2844 2972 2896 καὶ
3011 2844 3075 2897 σὺ
3115 2843 3194 2906 είς
3223 2841 3368 2896 ὀκτὼ
3416 2842 3510 2913 ἔτη
3552 2840 3728 2905 θέλεις

2149 2931 2453 2987 ἀνάπαυσιν
2501 2931 2677 3002 ἔχειν;
2719 2933 2830 2987 Kal
2878 2932 3036 2986 τοῦτο
3090 2932 3349 2996 ἀκούσας,
3419 2931 3734 3003 ὲδραιωθεὶς

2149 3023 2416 3095 ἀπῆλθεν.

2223 3117 2295 3186 γ’.
2337 3117 2656 3190 Παρέδαλεν
2705 3115 2933 3186 ἀδελφός
2982 3131 3113 3168 ποτε
3155 3113 3231 3184 τῷ
3273 3113 3418 3184 άδὸᾅ
3451 3111 3735 3185 Θεοδώρῳ,

458 3211 831 3277 Theodorum,
865 3223 919 3269 et
947 3216 1250 3285 permansit
1279 3216 1396 3272 dies
1430 3224 1573 3283 tres,
1606 3230 1773 3272 orans
1822 3223 1882 3269 ut
1930 3230 2026 3270 au-

2157 3209 2226 3264 :al
2257 3209 2482 3280 ἐποίησε
2519 3211 2670 3282 τρεῖς
2699 3207 2913 3279 ἡμέρας
2951 3205 3282 3277 παρακαλῶν
3313 3205 3473 3257 αὑτὸν
3505 3205 3739 3257 ἀκοῦσαι

460 3305 604 3358 diret
630 3305 837 3360 dictum
867 3307 1109 3377 aliquod.
1147 3306 1255 3362 Sed
1300 3308 1392 3363 ille
1438 3323 1785 3378 nequaquam
1819 3324 2047 3379 reSpon-

461 3397 564 3452 dit.
622 3395 776 3454 Unde
827 3398 1000 3454 frater
1045 3399 1221 3454 tristis
1269 3415 1526 3471 egressus
1574 3408 1683 3456 est.
1745 3400 1838 3454 Ait
1885 3401 2051 3471 igitur

463 3489 771 3560 discipulus
809 3492 970 3560 ejus:
1003 3491 1180 3556 Abba,
1214 3506 1389 3560 quare
1448 3491 1584 3546 nihil
1633 3492 1684 3547 ei
1731 3492 1968 3548 dixisti?
1997 3502 2051 3549 et

471 3584 835 3638 contristatus
883 3583 1175 3638 abscessit.
1219 3582 1359 3638 Tum
1421 3598 1624 3640 senex:
1683 3583 1882 3656 Utique
1943 3601 2050 3640 non

466 3672 686 3729 locutus
721 3690 843 3728 sum
869 3675 918 3729 ei
951 3692 965 3741 ;
995 3675 1306 3745 negotiator
1331 3677 1479 3733 enim
1536 3683 1622 3732 est
1647 3717 1662 3742 ,
1701 3677 1924 3747 vultque
1977 3693 2044 3731 ex

467 3769 704 3822 aliorum
729 3769 1079 3823 sermonibus
1112 3768 1344 3838 gloriam
1376 3771 1682 3837 reportare.

541 3860 742 3931 4.(60)
777 3860 924 3914 Dixit
970 3861 1211 3915 iterum:
1259 3859 1318 3915 Si
1357 3861 1657 3914 amicitiam
1707 3878 1832 3916 cum
1869 3863 2054 3932 aliquo

463 3948 743 4020 iunxeris,
776 3950 1072 4022 contigerit
1101 3958 1283 4006 autem
1319 3964 1442 4004 eum
1469 3945 1716 4005 incidere
1769 3951 1824 4005 in
1874 3958 2055 4006 tenta—

467 4044 674 4097 tionem
727 4041 1133 4107 fornicationis,
1174 4041 1222 4104 si
1286 4049 1468 4112 potes,
1525 4043 1744 4114 porrige
1786 4027 2007 4097 mamim
2039 4087 2052 4112 ,

466 4149 704 4205 eiuuque
733 4150 952 4190 sursum
978 4134 1154 4191 trahe.
1183 4131 1292 4190 Sed
1328 4134 1375 4191 si
1405 4134 1663 4190 inciderit
1695 4134 1748 4188 in
1780 4134 2054 4204 hazresim,

469 4240 572 4279 nec
597 4239 628 4277 a
659 4233 709 4280 te
737 4223 1137 4294 persuadeatur
1159 4223 1227 4278 ad
1262 4224 1680 4280 conversionem
1711 4265 1725 4289 ,
1768 4224 1878 4278 cito
1903 4224 2056 4278 illum

468 4323 580 4367 ate
606 4314 900 4380 abscinde;
943 4330 1013 4370 ne
1039 4314 1086 4371 si
1119 4314 1450 4383 tardaveris,
1494 4315 1658 4370 simul
1709 4314 1946 4370 traharis
1990 4315 2058 4370 ad

472 4404 710 4460 foveam.

544 4498 598 4552 5.
636 4497 750 4567 (61)
791 4499 1026 4553 Aiebant
1071 4498 1141 4554 de
1191 4499 1390 4555 abbate
1423 4497 1712 4554 Theodoro
1741 4513 1772 4554 e
1801 4497 2056 4565 Pherme,

2153 3303 2328 3372 λόγον.
2372 3303 2431 3355 '0
2460 3303 2516 3356 δὲ
2547 3303 2648 3354 ούκ
2674 3298 2952 3372 ἀπεκρίθη
2981 3296 3152 3368 αὐτῷ.
3186 3297 3293 3350 Kal
3324 3297 3511 3367 ἐξῆλθε
3535 3295 3740 3348 λυπού-

2156 3413 2334 3466 μενος.
2379 3395 2543 3462 Λέγει
2593 3390 2686 3447 οὖν
2731 3391 2881 3463 αὐτῷ
2926 3391 2956 3444 6
3009 3390 3254 3462 μαθητὴς
3302 3388 3502 3442 αὑτοῦ*
3550 3388 3740 3452 mea,

2153 3489 2270 3551 πῶς
2301 3488 2400 3540 οὐκ
2428 3484 2581 3549 εἶπες
2614 3485 2761 3555 αὐτῷ
2799 3485 2987 3553 λόγονς
3016 3483 3110 3535 καὶ
3141 3482 3348 3553 ἀπῆλθε
3379 3481 3741 3552 λυπούμενος.

2154 3582 2264 3634 Kal
2309 3580 2456 3648 λέγει
2505 3577 2654 3648 αὐτῷ
2683 3579 2711 3630 ὀ
2746 3577 2958 3648 γέρων·
2995 3573 3158 3627 Φύσει
3202 3576 3300 3628 οὐκ
3337 3574 3521 3642 ἔλεγον
3555 3574 3740 3644 αὐτῷ’

2155 3671 2586 3745 πραγματευτὴς
2626 3670 2735 3742 γάρ
2777 3671 2914 3732 ἐστι,
2947 3666 3043 3721 καὶ
3087 3669 3166 3730 είς
3207 3666 3518 3739 ἀλλοτρίους
3551 3667 3749 3735 λόγους

2156 3764 2298 3818 θέλει
2329 3761 2669 3830 δοξάζεσθαι.

2224 3853 2284 3907 δ’.
2327 3849 2464 3906 Εἷπε
2498 3852 2693 3906 πάλιν·
2737 3849 2864 3904 Ἐὰν
2892 3849 3034 3914 ἕξεις
3064 3849 3244 3919 φιλίαν
3271 3850 3408 3920 μετὰ
3449 3849 3615 3914 τινος,
3653 3848 3752 3901 καὶ

2157 3946 2338 4018 συμϐῇ
2368 3945 2529 3999 αὐτὸν
2577 3945 2659 4006 είς
2703 3941 3006 4013 πειρασμὸν
3035 3942 3294 4012 πορνείας
3333 3941 3617 4012 ἐμπεσεῖν,
3651 3939 3752 3993 ἐὰν

2156 4036 2383 4091 δύνασαι
2431 4036 2521 4098 δὸς
2579 4033 2731 4104 αὐτῷ
2777 4035 2957 4103 χεῖρα,
3008 4031 3104 4085 καὶ
3148 4032 3374 4085 ’ἐλκυσον
3406 4031 3567 4085 αὑτὸν
3612 4031 3751 4085 ἄνω.

2169 4127 2297 4181 Ἐὰν
2337 4127 2394 4180 δὲ
2419 4129 2500 4190 είς
2538 4125 2750 4197 αἵρεσιν
2783 4125 3020 4196 ἐμπέσῃ,
3054 4125 3147 4177 καὶ
3173 4124 3248 4194 μὴ
3279 4122 3472 4194 πεισθῇ
3504 4139 3584 4175 σοι
3609 4123 3752 4174 ἀπο-

2161 4221 2486 4290 στραφῆναι,
2536 4216 2748 4289 ταχέως
2789 4216 2958 4288 κόψον
3002 4217 3162 4269 αὑτὸν
3209 4215 3318 4269 ἀπὸ
3367 4215 3497 4268 σοῦ·
3536 4215 3753 4286 μήποτε

2163 4309 2437 4382 βραδύνων
2469 4307 2968 4380 συγκατασπασθῇς
2993 4306 3142 4378 αὐτῷ
3173 4309 3252 4371 εἰς
3277 4307 3369 4360 τὸν
3403 4306 3592 4379 βόθρον
3609 4307 3678 4362 ’⁸.

2232 4497 2296 4544 ε’.
2375 4490 2603 4559 Ἔλεγον
2628 4487 2754 4560 περὶ
2779 4487 2873 4542 τοῦ
2899 4487 3043 4542 esse
3068 4485 3345 4557 Θεοδώρου
3368 4483 3462 4538 τοῦ
3488 4485 3586 4556 τῆς
3611 4485 3755 4556 Φέρ-

473 4587 622 4660 quod
657 4589 712 4643 in
744 4589 831 4643 his
861 4589 1039 4646 tribus
1069 4590 1344 4660 capitibus
1383 4605 1550 4660 supra
1596 4591 1800 4646 multos
1828 4591 2044 4647 excelle-

2168 4600 2294 4654 μης,
2330 4583 2411 4636 ὃτι
2446 4581 2515 4636 τὰ
2560 4580 2685 4653 τρία
2723 4579 2896 4633 ταῦτα
2927 4579 3199 4648 κεφάλαια
3233 4573 3379 4648 εἶχεν
3413 4575 3554 4648 ὑπὲρ
3611 4575 3750 4629 πολ-

475 4688 560 4735 ret
588 4699 600 4734 :
634 4679 689 4735 in
714 4688 1056 4752 paupertate,
1089 4682 1144 4736 in
1177 4682 1520 4747 austeritate,
1553 4690 1609 4738 et
1665 4682 1719 4736 in
1775 4682 2058 4737 hominum

478 4773 632 4843 fuga.

550 4865 602 4918 6.
641 4863 755 4935 (6-2)
787 4863 1007 4922 Vacans
1049 4864 1350 4936 aliquando
1395 4865 1539 4921 inter
1588 4881 1683 4922 eos
1737 4865 2063 4922 versabatur

477 4959 652 5012 abbas
713 4953 1081 5021 Theodorus;
1143 4971 1380 5028 cumque
1445 4956 1839 5023 comederent,
1873 4972 2059 5014 sumev

476 5045 1107 5106 hantcumoreverentia
1145 5045 1344 5100 calices
1391 5045 1584 5112 taciti,
1642 5060 1745 5100 nec
1804 5046 2061 5102 dicebant

477 5141 656 5206 illud:
697 5138 938 5210 Ignosce.
977 5137 1043 5192 Et
1073 5139 1212 5195 dixit
1233 5139 1403 5196 abbas
1442 5137 1811 5196 Theodorus:
1845 5140 2060 5197 Amise-

477 5241 604 5289 runt
635 5231 892 5287 monachi
916 5231 1257 5286 nobilitatem
1288 5246 1468 5299 suam,
1491 5231 1695 5298 dicere,
1733 5230 1973 5302 Ignosce.

2163 4674 2320 4739 λούς·
2362 4675 2460 4745 τὴν
2503 4671 2910 4744 ἁκτημοσύνην,
2955 4672 3054 4742 τὴν
3099 4670 3354 4741 ἄσκησιν,
3395 4669 3491 4722 xal
3519 4667 3579 4721 1:6
3621 4665 3758 4738 φεύ-

2163 4783 2278 4836 γειν
2307 4767 2434 4828 τοὺς
2467 4763 2562 4817 ἀνθ
2571 4763 2808 4835 ρώπους.

2237 4865 2312 4924 ς’.
2353 4854 2663 4927 Εὑκαίρησέ
2707 4869 2836 4904 ποτε
2889 4851 2919 4902 6
2965 4849 3142 4914 assa;
3175 4850 3448 4923 Θεόδωρος
3496 4851 3612 4922 μετ’
3657 4855 3762 4908 αὺ-

2164 4948 2274 5003 τῶν
2290 4947 2339 4982 ⁹⁹
2362 4965 2377 4980 ο
2411 4947 2507 5000 καὶ
2553 4943 2840 4998 ἐσθιόντων
2868 4940 3068 5009 αὐτῶν,
3101 4943 3220 4995 κατ’
3262 4941 3552 4996 εὐλάϐειαν
3580 4941 3760 5013 ὲλάμ.-

2166 5039 2326 5094 ϐανον
2351 5036 2421 5090 τὰ
2435 5035 2668 5106 ποτήρια
2702 5029 3034 5093 σιωπῶντες,
3053 5028 3147 5084 καὶ
3179 5029 3280 5082 οὐκ
3307 5029 3492 5099 ἔλεγον
3523 5031 3585 5084 τὸ
3610 5032 3764 5100 Συγ-

2166 5129 2466 5201 χώρησον.
2506 5125 2616 5178 Kal
2647 5118 2800 5175 εἶπεν
2841 5121 2869 5173 6
2900 5118 3074 5182 esse;
3096 5119 3402 5191 Θεόδωρος·
3443 5119 3772 5201 Ἀπώλεσανε

2165 5199 2215 5277 οἱ
2249 5220 2473 5294 μοναχοὶ
2503 5217 2601 5289 τὴν
2623 5214 2901 5285 εὐγένειαν
2921 5211 3123 5280 αὐτῶν,
3152 5211 3216 5266 τὸ
3243 5211 3423 5281 λέγειν
3445 5212 3485 5278 ⁸,
3519 5199 3772 5285 Συτχώςί

2160 5328 2383 5382 ρησον.

545 5490 591 5524 ⁸⁸
619 5489 706 5546 Al.
733 5491 917 5564 βυθόν.
992 5492 1038 5525 ’³
1062 5491 1150 5546 Al.
1180 5492 1298 5563 μετ’
1322 5490 1569 5564 ἀδελφῶν
1597 5493 1677 5560 είς
1700 5493 1918 5566 Σκῆτιν.
2013 5493 2030 5526 ⁸

2157 5505 2175 5548 >
2204 5491 2266 5545 τὸ
2295 5491 2476 5562 λέγειν
2500 5492 2592 5548 alii
2623 5493 2698 5567 μὴ
2723 5494 3000 5565 λέγοντες.

551 5668 665 5738 (57)
709 5669 818 5726 Vit.
853 5669 1007 5738 Patr.
1043 5685 1122 5733 VI,
1153 5668 1206 5724 ϐ.

549 5737 666 5806 (58)
715 5738 822 5793 Vit.
861 5737 1014 5792 Patr.
1046 5755 1140 5805 vn,
1175 5739 1228 5793 5.

561 5810 669 5880 (b9)
711 5807 815 5863 Vit.
846 5807 1001 5862 Patr.
1034 5823 1152 5876 VIII,
1182 5809 1236 5862 6.

2248 5665 2362 5733 (60)
2401 5665 2508 5720 Vit.
2543 5665 2694 5721 Patr.
2731 5683 2785 5731 x,
2815 5666 2907 5722 25.

2271 5735 2365 5799 6|)
2414 5735 2519 5792 Vit.
2566 5736 2714 5790 Patr.
2749 5754 2785 5799 ι,
2817 5737 2866 5790 7.

2248 5666 2342 5733 (60
2401 5666 2508 5720 Vit.
2543 5666 2694 5721 Patr.
2731 5683 2785 5731 x,
2815 5666 2907 5722 23.

2247 5666 2365 5877 234$
2540 5736 2926 5872 piiif'x'ijéo.
