4032 6334
254 444 348 501 ικο

1415 442 2029 499 ΛΡΟΡΙΙΤΗΕΒΜΑΤΑ
2066 442 2372 502 ΡΑΤῐὶυΜ.

3411 422 3515 507 ιῇο

319 562 382 625 ζ’.
428 558 645 633 ’Πρώτη
655 578 749 615 σεν
769 562 932 617 αὑτὸν
952 562 1202 633 ἀδελφὸς,
1226 562 1419 630 λέγων*
1444 560 1651 626 Θέλεις,
1674 560 1837 627 άὸδᾶ,

2015 562 2066 616 7.
2092 562 2206 635 (64)
2233 562 2594 621 Percontatus
2616 571 2703 622 est
2728 581 2853 623 eum
2882 566 3056 625 frater
3084 584 3099 623 :
3129 565 3321 635 Visne,
3352 570 3514 635 abba,

259 652 453 726 μικρὰς
478 653 700 725 ἡμέρας
748 655 826 725 μὴ
871 654 1031 725 φάγω
1062 655 1259 726 ἄρειτονςι
1296 653 1410 707 Καὶ
1456 651 1604 721 λέγει
1635 652 1784 723 αὐτῷ
1811 654 1842 706 6

257 745 454 817 γέρων·
480 746 679 811 Καλῶς
716 749 890 810 ποιεῖς
908 764 923 778 ·
949 746 1174 818 καὶγὰρ
1200 744 1357 815 κάγὼ
1385 745 1619 817 ἐποίησα
1647 743 1838 808 οὕτως.

260 836 363 891 Καὶ
388 837 536 908 λέγει
564 837 718 909 αὐτῷ
737 839 766 892 6
791 838 1019 908 ἀδελφός
1040 854 1054 868 ·
1080 837 1235 892 Θέλω
1257 833 1352 892 οὖν
1380 835 1599 891 λαϐεῖν’
1627 834 1697 891 τὰ
1722 837 1843 907 ἐρε-

260 928 438 985 εινθιά
482 947 587 1001 μου
636 931 717 992 εις
758 931 822 983 τὸ
861 930 1238 1001 άρτοκοπεῖον,
1281 929 1379 983 καὶ
1425 927 1652 999 ποιῆσαι
1701 927 1842 982 αὐτὰ

262 1021 498 1096 ἄλευρον.
532 1024 645 1078 Καὶ
665 1024 816 1093 λέγει
842 1023 990 1096 αὑτῷ
1013 1025 1043 1077 6
1082 1023 1264 1095 γέρων
1282 1037 1297 1052 ο
1327 1022 1395 1076 El
1420 1021 1582 1076 πάλιν
1608 1020 1841 1089 ὑπάγεις

263 1114 334 1179 εὶς
364 1114 426 1167 τὸ
452 1115 833 1186 ἀρτοκοπεῐον,
876 1115 1105 1185 ποίησον
1149 1113 1242 1168 τὸν
1272 1113 1437 1185 ἄρτον
1471 1129 1599 1167 σου·
1629 1113 1726 1166 καὶ
1759 1111 1843 1176 τις

262 1208 295 1278 ἡ
316 1207 475 1278 χρεία
503 1207 604 1279 τῆς
626 1207 911 1280 ἐξαγωγῆς
936 1207 1144 1279 ταύτης
1162 1206 1312 1278 (65)’;

326 1305 395 1369 η’.
437 1293 617 1352 Ἧλθέ
662 1316 746 1365 τις
770 1299 892 1355 ’τῶν
920 1297 1191 1371 γερόντων
1221 1297 1359 1369 πρὸς
1382 1295 1475 1349 τδν
1514 1292 1688 1349 άϐὁᾶν
1714 1292 1845 1347 Θεό-

262 1388 447 1460 δωρον,
473 1391 572 1444 καὶ
604 1386 760 1443 εἶπεν
807 1390 988 1461 αὐτῷ’
1036 1389 1166 1444 Ἰδοὺ
1192 1390 1221 1443 6
1244 1389 1391 1442 δεῖνα
1417 1389 1446 1441 6
1474 1385 1699 1455 ἀδελφὸς
1742 1386 1846 1438 ὑπ-

262 1481 522 1553 έστρεψεν
555 1483 637 1545 εις
670 1481 765 1535 τὸν
806 1482 1031 1553 κόσμον.
1066 1482 1177 1537 Καὶ
1203 1477 1357 1535 εἶπεν
1389 1478 1538 1550 αύτῷ
1575 1480 1603 1533 6
1629 1478 1841 1549 γέρων·

275 1572 394 1626 Ἐπὶ
423 1574 601 1644 τούτῳ
640 1573 978 1645 θαυμάζειςς
1015 1574 1090 1646 μὴ
1129 1573 1440 1644 θαυμάσῃς,
1470 1570 1607 1625 ἀλλὰ
1632 1568 1846 1639 θαύμα-

265 1680 352 1717 σον
392 1665 597 1735 μᾶλλον
629 1666 725 1720 ἐὰν
765 1665 1007 1739 ἀκούσῃς
1053 1666 1136 1719 ὅτι
1178 1664 1417 1736 ἠδυνήθη
1456 1681 1540 1727 τις
1588 1664 1845 1731 ἐκφυγεῖν

262 1753 367 1806 ἀπὸ
391 1756 488 1809 τοῦ
528 1757 797 1827 στόματος
823 1762 916 1815 τοῦ
950 1756 1169 1829 ἐχθροῦ.

329 1843 396 1900 θ’.
452 1846 705 1915 ’Δδελφός
731 1864 819 1911 τις
840 1843 1006 1919 ἦλθεν
1050 1846 1189 1919 πρὸς
1219 1846 1312 1899 τὸν
1344 1843 1520 1899 άόὁᾶν
1548 1842 1843 1914 Θεόδωρον,

1916 661 2002 743 [ut
2034 653 2240 722 aliquot
2269 653 2466 711 diebus
2493 669 2605 710 non
2640 657 2923 712 comedam
2949 660 3186 729 panem?
3215 659 3513 730 Respondit

1943 759 2153 802 senex:
2208 744 2380 801 Recte
2444 745 2657 816 facies;
2706 763 2807 820 ego
2843 752 3043 806 etenim
3104 751 3178 806 ita
3250 751 3376 807 feci.
3430 753 3522 808 Ait

1943 830 2153 888 frater:
2184 831 2322 889 Volo
2371 834 2537 905 igitur
2583 843 2800 906 portare
2837 838 3105 894 cicercula
3130 854 3250 895 mea
3300 840 3367 894 ad
3404 841 3523 912 pis-

1942 924 2175 992 trinum,
2221 931 2284 980 ut
2314 925 2439 981 inde
2462 924 2641 981 farina
2684 926 2797 982 fiat.
2841 926 2981 983 Tum
3043 945 3260 986 senex:
3303 930 3384 997 Si,
3436 934 3521 987 in-

1943 1016 2084 1088 quit,
2151 1015 2350 1072 iterum
2401 1018 2469 1071 ad
2517 1016 2807 1087 pistrinum
2872 1018 3281 1089 proﬁcisceris,
3322 1036 3519 1091 panem

1942 1112 2098 1163 tuum
2132 1106 2217 1162 fac
2241 1124 2256 1174 ;
2280 1115 2335 1162 et
2369 1121 2490 1174 quae
2521 1107 2727 1164 utilitas
2755 1123 2823 1164 ex
2859 1107 2965 1165 ista
2995 1112 3380 1180 exportatione
3400 1111 3427 1167 ?

2016 1288 2071 1345 8.
2103 1286 2217 1361 (65)
2248 1287 2409 1343 Venit
2438 1287 2638 1359 aliquis
2660 1287 2934 1344 esenibus
2965 1287 3030 1341 ad
3064 1288 3314 1344 abbatem
3344 1287 3524 1343 Theo-

1941 1380 2158 1443 dorum,
2210 1379 2456 1449 dixitque
2510 1379 2560 1435 ei
2621 1396 2634 1433 :
2703 1378 2845 1433 Ecce
2903 1378 2993 1432 ille
3039 1377 3209 1432 frater
3267 1393 3517 1434 reversus

1944 1481 2031 1529 est
2055 1472 2121 1526 ad
2147 1473 2428 1526 saeculum.
2468 1470 2533 1525 Et
2556 1472 2631 1526 ait
2663 1487 2830 1526 senex
2859 1489 2875 1525 τ
2906 1470 3022 1526 Hac
3061 1470 3127 1524 de
3166 1485 3224 1525 re
3260 1469 3524 1535 miraris?

1943 1564 2219 1619 Admirari
2268 1564 2420 1629 noli;
2460 1565 2554 1617 sed
2607 1564 2810 1619 mirare
2850 1562 3055 1633 magis,
3105 1575 3227 1616 cum
3282 1562 3524 1618 audieris

1942 1654 2189 1727 potuisse
2217 1653 2530 1724 quempiam
2561 1652 2800 1724 effugere
2834 1666 2901 1707 ex
2940 1665 3036 1706 ore
3074 1650 3307 1706 inimici.

2014 1825 2069 1882 9.
2112 1824 2223 1897 (66)
2260 1826 2489 1893 Quidam
2523 1834 2688 1883 trater
2720 1825 2871 1881 venit
2895 1826 2963 1881 ad
2994 1824 3246 1880 abbatem
3279 1822 3526 1881 Theodo-

264 1935 355 1989 καὶ
374 1935 579 2008 ἦρξατο
604 1914 786 1990 λαλεῖν
813 1914 905 1991 καὶ
927 1914 1202 2004 ἐξετάζειν
1235 1936 1556 2009 πράγματα,
1585 1926 1661 1989 ὧν
1691 1931 1845 1986 οὔπω

1958 1930 2092 1981 rum,
2127 1924 2183 1971 et
2210 1918 2380 1986 ccepit
2408 1917 2557 1987 loqui
2586 1931 2652 1972 ac
2672 1915 2984 1987 disquirere
3005 1914 3073 1970 de
3095 1916 3261 1970 rebus
3290 1929 3527 1986 quarum

262 2025 359 2096 τὴν
384 2027 652 2097 ἐργασίαν
682 2027 875 2082 ἐποίει.
904 2028 1014 2082 Καὶ
1041 2027 1189 2096 λέγει
1213 2025 1362 2096 αὐτῷ
1383 2026 1411 2078 6
1438 2025 1618 2096 γέρων
1637 2039 1651 2056 ο
1681 2020 1848 2077 Οῦπω

265 2109 422 2187 εὗρες
448 2117 512 2169 τὸ
543 2118 750 2183 πλοῖον,
772 2119 895 2173 ούδέ
934 2119 1003 2173 τὰ
1042 2118 1210 2189 σκεύη
1248 2134 1340 2172 σου
1378 2116 1588 2181 ἔϐαλες,
1619 2114 1713 2169 καὶ
1744 2113 1849 2184 πρὸ

265 2208 355 2263 τοῦ
412 2208 670 2275 πλεῦσαι,
696 2211 798 2283 ήδη
848 2212 929 2275 εἰς
974 2209 1072 2281 τὴν
1124 2211 1280 2263 πόλιν
1325 2208 1541 2279 ἐκείνην
1585 2204 1847 2276 ἀπῆλθες.

266 2299 487 2372 Πρῶτον
517 2301 647 2355 ὅταν
670 2302 906 2374 ποιήσῃς
928 2300 987 2356 τὸ
1009 2300 1189 2373 ἔργον,
1207 2300 1342 2373 ἔρχῃ
1361 2302 1440 2364 εἰς
1463 2299 1501 2354 ἃ.
1525 2298 1619 2353 νῦν
1644 2297 1848 2361 λαλεῖς.

338 2566 388 2616 ι’.
436 2557 500 2617 ⁸0
533 2560 698 2624 αὐτός
729 2576 860 2613 ποτε
898 2557 1170 2629 παρέϐαλε
1216 2556 1296 2628 τῷ
1339 2555 1483 2626 ἀὸϐᾷ
1525 2553 1746 2624 Ἰωάννῃ
1774 2552 1851 2624 τῷ

267 2652 373 2704 ἀπὸ
453 2652 765 2722 γεννήσεως
810 2648 1074 2720 εὐνούχῳ·
1139 2648 1234 2700 καὶ
1283 2645 1588 2699 λαλούντων
1648 2643 1850 2709 αὐτῶν,

270 2731 446 2797 εἶπεν
478 2741 655 2797 Ὅταν
694 2742 845 2813 ήμην
886 2742 965 2804 εἰς
1012 2740 1235 2810 Σκῆτιν,
1263 2737 1334 2790 τὰ
1374 2736 1513 2809 ἔργα
1546 2734 1647 2805 τῆς
1670 2732 1851 2805 ψυχῆς

264 2829 333 2907 ἦν
369 2834 434 2889 τὸ
470 2835 632 2908 ἔργον
680 2834 863 2906 ἡμῶν,
896 2832 958 2885 τὸ
996 2830 1055 2885 δὲ
1093 2830 1409 2902 ἐργόχειρον
1432 2820 1526 2894 ’ὡς
1570 2827 1852 2899 πάρεργον

263 2928 513 2998 εἴχομεν·
556 2925 651 2980 νῦν
678 2926 737 2979 δὲ
765 2924 958 2995 γέγονε
990 2926 1050 2978 τὸ
1078 2923 1239 2995 ἔργον
1268 2922 1366 2992 τῆς
1393 2919 1570 2991 ψυχῆς
1596 2918 1673 2984 ὡς
1711 2917 1855 2988 πάρ-

266 3033 447 3089 εργον,
472 3018 569 3071 καὶ
597 3017 659 3071 τὺ
691 3017 968 3089 πάρεργον
995 3017 1176 3085 ἔργον.

337 3199 427 3248 ια’.
477 3190 763 3263 Ἧρώτησε
811 3191 869 3245 δὲ
915 3189 1078 3245 αὐτὸν
1127 3186 1376 3256 ἁδελφὸς,
1423 3183 1627 3253 λέγων’
1690 3180 1850 3235 Ποῖόν

1949 2008 2193 2064 nondum
2218 2009 2609 2078 experientiam
2649 2022 2749 2079 per
2801 2021 2967 2078 opera
2998 2007 3257 2064 habebat.
3298 2008 3446 2062 Dixit
3473 2008 3526 2064 ei

1951 2116 2115 2157 senex
2141 2118 2154 2155 :
2192 2100 2446 2155 Nondum
2476 2116 2669 2157 navem
2696 2108 2890 2157 nactus
2918 2117 3011 2164 es.
3047 2115 3151 2157 nec
3190 2101 3245 2155 iu
3277 2115 3395 2160 eam
3422 2101 3530 2155 im-

1938 2192 2181 2264 ,posuisti
2212 2191 2608 2262 supellectilem
2656 2200 2807 2247 tuam
2838 2208 2852 2260 ζ
2884 2200 2939 2247 et
2966 2199 3261 2262 antequam
3304 2190 3529 2261 naviga-

1954 2285 2119 2352 veris,
2147 2285 2256 2353 jam
2282 2285 2338 2337 in
2373 2283 2649 2343 civitatem
2680 2284 3009 2355 pervenisti.
3045 2283 3187 2354 Ergo
3218 2297 3341 2337 cum
3377 2281 3531 2351 prius

1951 2392 2090 2448 opus
2118 2376 2386 2443 ell‘eceris,
2415 2376 2539 2432 veni
2572 2374 2641 2431 ad
2704 2390 2991 2431 sermones
3043 2389 3183 2445 quos
3238 2389 3386 2427 nunc
3445 2374 3531 2428 lo-

1950 2466 2160 2537 quer-is.

2025 2557 2113 2611 lO.
2140 2555 2251 2627 (67)
2311 2552 2452 2609 idem
2511 2551 2807 2622 aliquando
2868 2548 3107 2606 accessit
3149 2549 3214 2605 ad
3278 2551 3532 2606 albatam

1952 2646 2244 2714 Joannem,
2281 2646 2432 2700 illum
2467 2661 2534 2699 ex
2576 2644 2857 2699 nativitate
2884 2642 3241 2699 eunuchum:
3285 2648 3339 2696 et
3391 2643 3536 2698 inter

1953 2735 2403 2807 colloquendum,
2437 2734 2617 2789 dixit:
2669 2734 2902 2800 Quando
2951 2734 3006 2788 in
3044 2732 3192 2787 Sceti
3233 2730 3489 2786 versabar
3514 2769 3535 2799 ,

1953 2845 2122 2901 Opera
2153 2829 2349 2883 anima:
2377 2834 2535 2882 erant
2565 2841 2704 2897 opus
2732 2835 3008 2890 nostrum,
3041 2838 3207 2894 opera
3249 2838 3381 2877 vero
3414 2835 3536 2878 ma-

1953 2937 2122 2977 nuum
2153 2920 2298 2975 velut
2331 2919 2517 2989 operis
2541 2918 2916 2973 accessionem
2958 2916 3300 2971 habebamus
3330 2930 3344 2980 ;
3387 2925 3538 2969 nunc

1953 3028 2082 3069 vero
2126 3027 2266 3082 opus
2307 3012 2501 3065 animae
2550 3009 2723 3065 erasit
2782 3010 2839 3064 in
2887 3009 3070 3079 operis
3131 3007 3533 3069 accessionem,

1951 3114 2005 3161 et
2039 3103 2222 3173 operis
2252 3102 2500 3157 accessio
2554 3101 2608 3155 in
2639 3115 2797 3170 opus.

2027 3192 2501 3265 H.1nterrogavit
2536 3202 2719 3249 autem
2751 3194 2904 3248 illum
2939 3193 3129 3256 frater,
3182 3191 3301 3259 sic}
3354 3180 3539 3254 Quod-

267 3285 383 3339 ἐστι
406 3284 472 3338 τὺ
490 3283 652 3355 ἔργον
677 3283 778 3353 τῆς
806 3281 1005 3352 ψυχῆς,
1044 3280 1073 3334 ὃ
1090 3279 1196 3334 νῦν
1227 3279 1300 3341 ὡς
1332 3277 1610 3348 πάρεργον
1634 3272 1852 3343 ἔχομεν,

1959 3304 2084 3344 nam
2109 3295 2196 3345 est
2223 3304 2361 3359 opus
2387 3288 2584 3343 animae
2612 3286 2758 3360 quod
2801 3299 2949 3340 nunc
2996 3284 3147 3339 velut
3179 3281 3540 3352 appendicem

266 3379 363 3432 καὶ
386 3377 541 3431 ποῖόν
567 3379 685 3430 ἐστι
710 3375 773 3429 τὸ
798 3376 1093 3447 πάρεργον,
1124 3372 1153 3426 ὃ
1178 3370 1273 3425 νῦν
1302 3368 1460 3438 ἔργον
1484 3367 1709 3438 ἔχομεν;
1751 3363 1853 3416 Καὶ

1963 3383 2250 3447 habemus,
2283 3388 2340 3436 et
2388 3395 2639 3450 quaenam
2677 3379 2946 3450 appendix
3004 3391 3166 3447 quam
3200 3377 3347 3429 velut
3400 3388 3541 3443 Opus

266 3468 418 3538 λέγει
452 3471 482 3522 6
507 3468 718 3541 γέρων·
760 3467 948 3520 Πάντα
984 3464 1054 3518 τὰ
1091 3463 1352 3534 γινόμενα
1379 3459 1470 3513 διὰ
1509 3459 1607 3529 τὴν
1637 3454 1853 3526 ἐντολὴν

1960 3472 2256 3529 ducimus?
2296 3470 2602 3542 Respondit
2637 3484 2801 3524 senex
2837 3486 2851 3522 :
2904 3466 3255 3534 Quaecunque
3287 3464 3420 3516 fiunt
3473 3475 3541 3516 ex

269 3562 360 3617 τοῦ
382 3561 543 3626 Θεοῦ,
578 3561 738 3633 ἔργον
771 3559 952 3630 ψυχῆς
980 3561 1097 3612 ἐστι
1120 3573 1135 3588 ο
1164 3556 1223 3609 τὸ
1252 3553 1308 3607 δέ
1334 3555 1414 3616 εἰς
1455 3552 1611 3620 λόγον
1644 3547 1853 3603 ἑαυτῶν

1958 3562 2220 3617 mandato
2257 3560 2374 3627 Dei,
2410 3575 2552 3630 opus
2597 3559 2793 3613 anima:
2828 3565 2999 3622 sunt;
3049 3563 3103 3609 at
3144 3558 3397 3623 respectu
3455 3549 3544 3607 sui

270 3652 600 3728 ἐργάζεσθαι
623 3654 718 3705 καὶ
747 3651 1021 3718 συνάγειν,
1045 3648 1201 3702 τοῦτο
1240 3647 1514 3716 πάρεργον
1542 3643 1687 3713 ἔχειν
1710 3641 1862 3710 ὀφεί-

270 3746 455 3817 λομεν.
486 3746 597 3798 Καὶ
623 3744 773 3812 λέγει
804 3745 832 3796 ὁ
860 3740 1104 3810 ἁδελφόςο
1133 3736 1437 3810 Σαφήνισόν
1481 3753 1570 3806 μοι
1590 3733 1687 3804 τὴν
1722 3731 1860 3786 ύπό-

274 3837 420 3893 θεσιν
447 3837 674 3907 ταύτην.
709 3834 822 3889 Καὶ
844 3834 991 3903 λέγει
1024 3833 1053 3884 6
1080 3831 1260 3902 γέρων
1281 3846 1296 3860 ο
1335 3828 1464 3881 Ἰδοὺ
1488 3825 1706 3889 ἀκούεις
1731 3826 1887 3899 περὶ.

273 3929 408 4003 ἐμοῦ
440 3932 524 3984 ὅτι
550 3927 787 3993 ἀσθενῶ,
816 3928 912 3981 καὶ
943 3924 1180 3995 ὀφείλεις
1206 3919 1607 3990 ἐπισκέψασθαι
1637 3935 1727 3988 με,
1767 3917 1861 3969 καὶ

273 4020 452 4091 λέγεις
491 4022 550 4073 ἐν
579 4018 790 4090 ἐαυτῷ⁸
822 4015 1155 4070 Καταλιπεῖν
1183 4012 1292 4084 ἔχω
1319 4013 1378 4065 τὸ
1409 4010 1569 4083 ἔργον
1616 4025 1739 4079 μου,
1771 4007 1862 4060 καὶ

276 4111 371 4166 νῦν
416 4109 712 4175 ἀπελθεῖν;
756 4107 894 4162 ἀλλὰ
948 4105 1224 4181 πληρώσω
1270 4105 1508 4178 πρῶτον,
1559 4104 1653 4157 καὶ
1691 4101 1862 4165 οὕτως

278 4203 614 4274 ἀπέρχομαι.
664 4199 927 4271 Ἔρχεται
962 4198 1019 4253 δέ
1064 4215 1147 4258 σοι
1187 4197 1283 4252 καὶ
1313 4196 1448 4266 ἄλλη
1494 4193 1737 4265 ἀφορμὴ.
1770 4190 1865 4246 καὶ

278 4293 417 4363 ¹ιςάχα
443 4290 569 4344 οὐδὲ
606 4290 744 4352 ὅλως
781 4288 1033 4357 ὑπάγεις.
1075 4288 1246 4343 Πάλιν
1277 4286 1436 4349 ἄλλος
1466 4283 1690 4353 ἁδελφὸς
1717 4282 1865 4350 λέγει

286 4400 366 4438 σοι
383 4402 398 4417 ’
423 4384 523 4447 Δός
548 4399 640 4455 μοι
658 4384 838 4453 χεῖρα,
860 4381 1083 4451 ἀδελφέι
1112 4381 1208 4435 καὶ
1233 4380 1444 4448 λέγεις·
1478 4379 1626 4447 Ἐχω
1655 4375 1866 4445 άφῆσαι

286 4475 525 4548 τὸέργον
553 4492 683 4547 μου,
714 4474 809 4529 καὶ
835 4473 1087 4528 ἀπελθεῖν
1119 4470 1458 4544 ἐργάσασθαι
1489 4469 1627 4539 μετὰ
1651 4467 1864 4533 τούτου;

299 4566 422 4621 Ἐὰν
445 4563 543 4621 οὖν
586 4567 662 4639 μὴ
702 4563 965 4635 ἀπέλθῃς,
991 4564 1172 4634 άφῐεις
1199 4563 1297 4634 τὴν
1338 4560 1557 4631 ἐντολὴν
1583 4559 1676 4612 τοῦ
1707 4558 1866 4622 Θεοῦ,

1963 3656 2201 3727 operari,
2240 3663 2297 3709 et
2325 3667 2679 3725 congregare,
2712 3652 2818 3706 hoc
2864 3664 2963 3722 pro
2993 3645 3293 3719 appendice
3341 3643 3545 3698 habere

1962 3749 2245 3807 debemus.
2280 3745 2475 3803 Frater
2504 3745 2753 3815 excepit:
2788 3743 3019 3799 Declara
3052 3741 3185 3794 mihi
3221 3739 3363 3792 hanc
3402 3751 3542 3791 rem.

1966 3838 2143 3895 Senex
2170 3856 2185 3894 :
2216 3837 2377 3902 Ecce,
2410 3837 2569 3891 audis
2597 3850 2682 3891 me
2717 3843 3007 3904 mgrotare,
3044 3845 3282 3901 cumque
3318 3828 3546 3883 visitare

1963 3945 2051 3986 me
2080 3929 2303 3994 debeas,
2339 3927 2480 3983 dicis
2508 3924 2653 3995 apud
2687 3934 2740 3980 te
2768 3944 2780 3979 :
2809 3924 2890 3978 An
2922 3924 3219 3977 relicturus
3255 3934 3374 3975 sum
3407 3931 3548 3987 opus

1966 4036 2169 4085 meum,
2197 4018 2361 4089 atque
2394 4017 2746 4088 profecturus
2786 4015 2958 4068 mox?
3006 4011 3207 4068 Verum
3260 4009 3545 4081 perficiam

1968 4113 2140 4184 prius,
2176 4113 2368 4180 sicque
2398 4107 2881 4180 pergam..Accidit
2911 4113 3094 4159 autem
3121 4104 3218 4157 tibi
3251 4103 3355 4156 alia
3390 4115 3552 4154 occu-

1966 4201 2156 4274 patio;
2192 4207 2247 4253 et
2272 4197 2416 4253 forte
2447 4210 2792 4266 nequaquam
2829 4194 3005 4249 vadis.
3058 4192 3214 4254 Item,
3263 4191 3403 4244 alius
3437 4190 3553 4242 fra-

1970 4302 2051 4348 ter
2075 4292 2205 4346 dicit
2254 4288 2396 4344 tibi:
2437 4287 2662 4358 Porrige
2698 4285 2831 4339 mihi
2895 4298 3115 4338 manum
3143 4323 3158 4348 ,
3219 4280 3408 4337 frater.
3461 4279 3551 4335 Tu

1968 4402 2098 4442 vero
2134 4387 2216 4445 ais
2245 4403 2259 4441 :
2297 4384 2551 4440 Debeone
2585 4382 2859 4437 dimittere
2888 4395 3027 4452 opus
3069 4394 3269 4443 meum,
3296 4386 3349 4431 et
3388 4377 3542 4432 abire

1968 4478 2035 4532 ad
2082 4477 2417 4547 operandum
2452 4489 2576 4531 cum
2609 4475 2762 4529 isto?
2811 4472 2867 4527 Si
2897 4486 3026 4543 ergo
3058 4486 3167 4526 non
3204 4469 3429 4532 abieris.
3464 4484 3554 4524 re-

1970 4569 2174 4639 linquis
2202 4571 2521 4624 mandatum
2570 4568 2686 4631 Dei,
2720 4566 2867 4638 quod
2897 4570 2985 4621 est
3033 4563 3228 4618 animae
3278 4577 3437 4631 opus,
3496 4567 3557 4617 et

292 4655 319 4709 δ
342 4656 455 4709 ἐστι
490 4656 554 4708 τὸ
590 4655 753 4727 ἔργον
791 4654 893 4725 τῆς
922 4652 1120 4724 ψυχῆς,
1155 4653 1251 4706 καὶ
1278 4654 1450 4715 ποιεῖς
1479 4650 1540 4704 τὸ
1568 4650 1853 4721 πάρεργον,

1974 4660 2330 4731 appendicem
2362 4659 2702 4730 exsequeris,
2732 4659 2943 4714 scilicet
2971 4672 3110 4728 opus
3144 4668 3429 4709 manuum.

292 4745 321 4798 ὅ
339 4748 450 4801 ἐστι
471 4747 534 4800 τὸ
551 4747 714 4817 ἔργον
733 4746 841 4799 τῶν
860 4743 1082 4817 χειρῶν.

363 4841 447 4907 ιβ’.
489 4833 658 4891 Εἶπεν
705 4838 735 4890 6
780 4835 954 4899 ἀδϐᾶς
990 4833 1265 4906 Θεόδωρος
1302 4832 1330 4886 ὁ
1366 4833 1466 4903 τῆς
1504 4832 1744 4903 Φέρμης,
1789 4832 1872 4885 ὅτι

295 4926 574 4999 ἄνθρωπος
607 4931 824 5000 στήκων
855 4927 936 4991 εἰς
972 4926 1279 4998 μετάνοιαν,
1326 4924 1386 4977 ού
1425 4923 1634 4976 δέδεται
1676 4924 1756 4985 εις
1786 4924 1872 4976 ἐν-

293 5021 469 5093 τολήν.

362 5122 450 5184 ιγ’.
498 5114 560 5178 Ὀ
604 5113 769 5178 αὐτὸς
813 5106 998 5166 εἶπενο
1049 5109 1222 5181 Ἄλλη
1257 5108 1427 5181 ἀρετὴ
1459 5107 1559 5163 οὐκ
1590 5104 1760 5172 ἔστιν,
1796 5104 1872 5169 ὡς

297 5206 353 5260 τὺ
381 5208 452 5279 μὴ
475 5204 800 5271 ἐξουθενεῖν.

362 5300 441 5356 ιδ’.
480 5299 655 5371 Πάλιν
688 5293 879 5352 εἶπενο
928 5295 1249 5369 Ἄνθρωπος
1301 5292 1486 5368 μαθὼν
1530 5294 1632 5367 τὴν
1672 5290 1873 5363 γλυκύ-

383 5485 403 5516 ¹
441 5484 524 5541 Al.
560 5480 769 5555 βαλεῖν.

361 5661 465 5746 (θδ)
496 5663 661 5746 Τίς¹ῄ
691 5661 888 5746 ,χρεία
913 5655 1024 5746 τῆς
1044 5659 1639 5746 ἐξαγωγῆςταύτηςς
1674 5657 1865 5746 Versio

298 5729 508 5819 antiqua
538 5729 905 5819 τ’ροιιὶιῐοριιι
931 5729 1008 5787 ω
1037 5732 1143 5787 ista
1167 5729 1444 5805 adiectio?
1473 5741 1563 5786 aut
1586 5729 1733 5801 quod
1767 5746 1879 5783 ma-

296 5801 705 5869 limfadvecit'o.
807 5801 814 5802 ί

358 5876 471 5950 (64)
515 5877 622 5933 Vit.
661 5874 828 5931 Patr.
862 5887 985 5941 vm,
1012 5871 1061 5924 7.

1976 4894 1979 4895 ν
2043 4836 2129 4892 l2.
2171 4835 2501 4891 Dixitabbas
2542 4834 2868 4891 Theoaorus
2909 4848 2940 4890 e
2970 4831 3222 4895 Pberme,
3278 4829 3555 4883 hominem

1976 4929 2069 4998 qui
2103 4927 2167 4981 ad
2201 4927 2581 4998 pmnitentiam
2626 4933 2756 4992 stat,
2813 4940 2924 4980 non
2976 4922 3190 4994 alligari
3247 4920 3316 4975 ad
3358 4933 3559 4990 prace-

1977 5027 2152 5090 ptum.

2052 5108 2140 5163 15.
2181 5105 2326 5164 Idem
2350 5108 2526 5164 dixit:
2561 5107 2721 5163 Nulla
2750 5117 2925 5163 Vll‘lUS
2957 5113 3043 5161 est
3066 5103 3214 5169 talis,
3255 5116 3320 5156 ac
3352 5103 3562 5173 nequa-

1981 5215 2144 5271 quam
2175 5207 2549 5255 contemnere.

2055 5291 2143 5347 ιιι.
2182 5290 2340 5347 Hunc
2403 5293 2567 5347 etiam
2629 5304 2936 5347 sermonem
2968 5288 3203 5343 habuit:
3239 5284 3417 5338 Homo
3459 5283 3547 5350 qui

2046 5655 2157 5717 (ῢῗὶ)
2212 5653 2314 5706 νει.
2358 5652 2513 5705 Patr.
2550 5665 2601 5713 Χ,
2632 5648 2724 5703 25.

2054 5725 2165 5789 (uti)
2212 5723 2315 5776 Vit.
2364 5720 2513 5772 Patr.
2559 5717 2756 5789 vnt,_8.

2055 5787 2165 5863 (67)
2210 5793 2316 5848 Vit.
2365 5790 2512 5843 Patr.
2549 5804 2602 5856 χ,
2644 5787 2730 5843 Ξά.
