4032 6334
455 374 551 432 1θί

1631 362 1975 421 ΛΡΡΕΝΒΙΧ
2017 363 2107 420 AD
2138 360 2555 418 PALLADIUM.

3626 354 3729 415 192

456 490 644 547 didicit
679 489 833 545 cella:
863 488 1233 554 dulcedinem,
1260 484 1571 556 proximum
1604 502 1764 541 suum
1800 486 1958 558 fugit,
1981 494 2035 540 at

2171 501 2275 556 ητα
2298 482 2390 537 τοῦ
2406 482 2644 547 κελλίου,
2666 483 2766 556 οὐχ
2787 481 2861 546 ὡς
2891 479 3177 553 ἀτιμάζων
3195 478 3285 533 τὸν
3305 472 3532 550 πλησίον
3556 474 3752 531 αὖτοῦι

455 582 576 639 sine
601 581 1007 651 aspernatione.

525 674 612 729 15.
658 672 807 727 Dixit
829 672 1028 727 iterum
1058 689 1071 726 :
1099 668 1218 725 Nisi
1249 676 1451 727 memet
1481 668 1775 725 abscidere
1816 686 1845 723 a
1894 684 2038 725 com-

459 766 912 822 miserationibus
968 764 1075 830 his,
1119 778 1230 818 non
1286 761 1473 819 sinent
1523 778 1612 819 me
1663 778 1788 820 esse
1845 778 2038 818 mona-

456 852 646 904 rbum.

534 942 623 998 16.
664 941 777 1011 (68)
834 940 971 1010 Ejus
1020 956 1241 1012 quoque
1296 940 1501 998 dictum
1555 941 1693 998 fuit:
1753 942 1902 997 Multi
1940 943 2040 998 hoc

461 1046 705 1101 tempore
769 1032 1014 1101 quietem
1070 1034 1224 1102 prius
1286 1042 1679 1104 sumpserunt,
1738 1050 1901 1104 quam
1961 1036 2041 1090 eis

464 1124 725 1192 praeberet
759 1123 924 1179 Deus.

534 1217 621 1269 l7.
681 1215 811 1270 Item
878 1216 1024 1273 hoc:
1077 1216 1200 1272 Noli
1256 1216 1498 1273 dormire
1551 1217 1771 1273 inloco
1821 1217 1908 1271 ubi
1960 1224 2043 1273 est

464 1310 682 1365 mulier.

536 1403 625 1456 I8.
664 1401 857 1459 Frater
880 1400 1244 1472 interrogavit
1267 1401 1522 1458 abbatem
1559 1401 1932 1466 Theodorum,
1963 1401 2050 1457 di-

468 1511 638 1550 cens:
681 1494 814 1548 Volo
846 1493 1101 1548 mandata
1138 1493 1419 1564 perﬁcere.
1456 1492 1668 1550 Retulit
1692 1495 1742 1551 ei
1790 1510 1953 1551 senex
1980 1494 2048 1552 de

468 1588 665 1640 abbate
693 1587 939 1651 Thoona,
965 1586 1110 1656 quod
1142 1586 1259 1656 ipse
1299 1602 1521 1657 quoque
1566 1587 1767 1643 dixerit
1799 1587 2049 1659 aliquan-

468 1679 537 1731 do
565 1698 578 1731 :
609 1677 743 1733 Volo
776 1680 1073 1748 adimplere
1108 1680 1499 1749 cogitationem
1544 1696 1721 1736 meam
1756 1696 1881 1735 cum
1915 1681 2045 1737 Deo.

471 1769 537 1823 Et
567 1777 790 1839 accepta
838 1770 892 1822 in
928 1769 1092 1823 furno
1134 1769 1310 1824 farina
1361 1771 1610 1836 subacta,
1644 1787 1815 1841 panes
1862 1771 2050 1828 confe-

2182 593 2207 628 ε
2283 593 2309 628 ε
2338 617 2352 630 .

2141 593 2177 646 φ
2212 592 2506 723 ἴέῖᾞάλιν
2548 664 2735 722 εἶπεν
2793 666 2917 719 Ἐὰν
2965 664 3040 736 μὴ
3086 661 3306 731 ἐκκόψω
3341 658 3579 731 ἐμαυτὸν
3623 657 3727 711 am

2138 761 2247 816 τῶν
2268 760 2571 834 οἰκτιρμῶν
2593 760 2819 821 τούτων,
2853 757 2953 810 οὑκ
2982 754 3114 808 ἐῶσί
3152 770 3220 825 με
3256 747 3395 806 εἶναι
3426 749 3684 824 μοναχόν.

2219 938 2310 1005 ις’.
2354 934 2489 993 Εῖπε
2539 938 2730 993 πάλιν·
2774 936 2968 991 Πολλοὶ
3011 935 3070 988 ἐν
3098 932 3178 1005 τῷ
3221 930 3401 1003 καιρῷ
3434 929 3613 1000 τούτῳ
3646 928 3731 981 εἴ·

2143 1032 2297 1086 λοντο
2318 1032 2419 1103 τὴν
2451 1031 2777 1093 ἀνάπαυσιν,
2806 1028 2934 1100 πρὶν
2961 1028 2989 1079 6
3015 1026 3146 1089 Θεὸς
3175 1025 3361 1087 αὐτοῖς
3385 1022 3664 1093 παράσχῃ.

2220 1210 2305 1274 ιζ’.
2350 1204 2487 1263 Εῖπε
2519 1209 2680 1263 πάλιν
2698 1224 2713 1236 ·
2741 1206 2832 1278 Μὴ
2859 1206 3129 1278 κοιμηθῇς
3152 1206 3234 1269 εἰς
3254 1203 3421 1258 τόπον
3446 1203 3581 1258 ὅπου
3611 1201 3735 1257 ἐστὶ

2146 1318 2310 1465 WE};
2365 1390 2620 1458 Ἀδελφὸς
2659 1388 2912 1462 ⁴ἠρώτησε
2957 1387 3048 1441 τὸν
3089 1386 3266 1442 άϐϐἂν
3297 1385 3597 1457 Θεόδωρον,
3636 1386 3731 1439 λέ-

2148 1502 2297 1555 γων;
2337 1484 2488 1537 Θέλω
2526 1481 2834 1536 ἐπιτελέσαι
2877 1480 2978 1544 τὰς
3021 1479 3260 1543 ἐντολάς.
3308 1478 3474 1548 Λέγει
3513 1479 3665 1549 αὐτῷ
3702 1480 3734 1532 6

2149 1573 2329 1646 γέρων
2375 1573 2505 1644 περὶ
2555 1570 2649 1625 τοῦ
2703 1570 2847 1625 ὰϐϐἄ
2896 1569 3106 1635 Θεωνᾶ,
3141 1568 3222 1621 ὅτι
3265 1562 3389 1620 εἶπε
3442 1568 3536 1620 καὶ
3568 1568 3736 1632 αὑτός

2150 1682 2316 1720 ποτε·
2362 1663 2514 1718 Θέλω
2559 1661 2844 1734 πληρῶσαι
2890 1661 2982 1715 τὸν
3028 1659 3289 1731 λογισμόν
3326 1676 3428 1731 μου
3469 1659 3608 1731 μετὰ
3636 1660 3734 1716 τοῦ

2153 1756 2312 1822 Θεοῦ,
2334 1756 2429 1810 καὶ
2455 1753 2637 1809 λαϐὼν
2665 1754 2841 1808 σιτξαν
2870 1754 2951 1817 είς
2982 1752 3044 1806 τὸ
3069 1753 3443 1824 ἁρτοκοπεῖον,
3476 1753 3737 1825 ἐποίησεν

471 1863 586 1925 cit;
648 1833 786 1929 quos
825 1861 1137 1928 petentibus
1173 1862 1506 1931 pauperibus
1534 1833 1699 1920 dedit.
1733 1864 1934 1919 lterum
1959 1880 2052 1934 pe-

2171 1848 2350 1920 ἱρτους
2371 1865 2383 1878 ⁸
2423 1848 2519 1902 καὶ
2550 1848 2893 1918 αἰτησάντων
2921 1844 3089 1900 αὐτὸν
3119 1845 3374 1917 πτωχῶν,
3407 1845 3578 1900 ἔδωκε
3608 1849 3740 1912 τοὺς

472 1952 713 2006 tentibus
740 1951 882 2017 aliis,
915 1950 1139 2006 tradidit
1186 1952 1495 2021 sportellas,
1522 1954 1777 2025 quodque
1804 1956 2052 2026 gestabat

478 2043 702 2112 pallium
732 2059 745 2106 ;
776 2054 828 2097 et
856 2044 1078 2098 intravit
1121 2044 1174 2097 in
1207 2044 1403 2098 cellam
1437 2045 1670 2101 maforte
1696 2048 2050 2117 praecinctus.

472 2132 605 2189 Post
639 2135 751 2189 haec
781 2144 965 2189 tamen
1001 2133 1068 2190 de
1102 2150 1161 2190 se
1191 2135 1371 2190 adhuc
1399 2138 1860 2207 conquerebatur,
1894 2139 2052 2211 quasi

474 2243 582 2282 non
616 2227 971 2297 adimplesset
1009 2228 1100 2284 Dei
1132 2229 1473 2285 mandatum.

547 2404 636 2457 19.
677 2403 985 2474 AEgrotavit
1017 2408 1315 2477 aliquando
1345 2410 1516 2465 abbas
1535 2409 1762 2480 Ioseph,
1793 2418 1848 2467 et
1906 2411 2057 2469 misit

474 2490 542 2544 ad
574 2491 824 2547 abbatem
858 2494 1227 2564 Theodorum,
1284 2499 1513 2557 dicens:
1552 2500 1705 2567 Veni,
1741 2511 1800 2555 ut
1844 2503 2056 2558 videam

474 2590 529 2636 te
556 2584 710 2652 prius
740 2601 903 2654 quam
936 2604 966 2642 e
996 2603 1229 2659 corpore
1253 2593 1540 2662 egrediar;
1583 2602 1701 2649 erat
1731 2603 1911 2649 autem
1945 2612 2058 2651 me-

475 2672 565 2725 dia
598 2674 957 2729 bebdomada.
992 2676 1086 2732 Ille
1113 2694 1221 2732 non
1255 2680 1534 2747 profectus
1563 2692 1648 2737 est
1677 2700 1692 2748 ;
1739 2683 1833 2737 sed
1882 2684 2055 2749 misit,

478 2764 672 2819 aiens:
709 2765 765 2817 Si
818 2768 1023 2822 vixeris
1069 2785 1245 2839 usque
1279 2771 1347 2825 ad
1386 2772 1533 2826 diem
1582 2770 1828 2837 Sabbati,
1860 2774 2057 2843 adibo;

479 2856 568 2910 sin
598 2856 928 2926 decesseris,
958 2861 1011 2914 in
1041 2862 1135 2915 illo
1165 2864 1367 2917 saeculo
1398 2863 1706 2920 videbimus
1732 2864 1986 2920 invicem.

551 2948 642 3002 20.
670 2948 865 3006 Frater
889 2953 1028 3007 dixit
1056 2954 1241 3008 abbati
1277 2953 1566 3010 Theodoro
1594 2973 1607 3009 :
1652 2957 1873 3026 Aliquid
1906 2957 2060 3013 verbi

481 3040 618 3095 mihi
656 3042 881 3110 profer;
912 3059 1037 3098 nam
1069 3060 1254 3115 pereo.
1288 3044 1367 3099 Ac
1427 3061 1571 3116 aegre
1626 3049 1910 3117 respondit
1956 3049 2007 3104 ei
2043 3067 2058 3105 :

481 3132 597 3204 Ego
624 3135 929 3204 periclitor,
953 3145 1007 3191 et
1039 3137 1171 3207 quid
1202 3138 1297 3192 tibi
1332 3137 1509 3193 habeo
1537 3138 1788 3209 proloqui
1813 3139 1838 3192 ?

551 3225 643 3280 2i.
680 3224 843 3283 Venit
876 3227 1047 3283 frater
1072 3231 1137 3285 ad
1171 3230 1424 3286 abbatem
1455 3231 1825 3299 Theodorum,
1854 3239 1914 3287 ut
1936 3248 2062 3288 eum

483 3312 707 3371 doceret
753 3324 1067 3384 contexere,
1122 3322 1415 3391 attulitque
1451 3323 1708 3390 plectam.
1747 3322 1923 3379 Senex
1966 3340 2064 3378 au-

484 3408 596 3455 tem
626 3401 763 3457 dixit
797 3403 845 3459 ei
874 3421 888 3458 :
921 3406 1046 3471 Abi,
1079 3416 1132 3463 et
1164 3423 1326 3463 mane
1349 3409 1454 3464 huc
1486 3413 1631 3465 veni.
1668 3411 1910 3484 Surgens
1933 3429 2064 3486 ergo

484 3506 678 3558 senex,
713 3495 948 3563 plectam
983 3498 1033 3552 ei
1082 3499 1333 3571 irrigavit
1359 3542 1372 3567 ,
1406 3506 1729 3576 paravitque
1773 3514 2066 3575 praetextu—

483 3600 622 3649 ram,
657 3586 881 3642 dicens:
912 3589 988 3643 Ita
1018 3597 1182 3661 atque
1211 3592 1285 3646 ita
1315 3593 1481 3651 facito
1510 3614 1525 3660 ;
1574 3606 1629 3653 et
1663 3598 1885 3668 reliquit
1914 3614 2063 3654 eum.

484 3674 775 3746 Ingressus
838 3688 1022 3735 autem
1076 3683 1134 3737 in
1186 3686 1380 3739 cellam
1443 3704 1598 3744 suam
1653 3706 1818 3745 senex
1881 3691 2064 3760 sedit;

487 3782 725 3839 cumque
785 3779 1001 3843 tempus
1039 3775 1389 3845 advenisset,
1448 3780 1633 3834 cibum
1673 3782 1954 3852 apposuit,
2004 3797 2068 3838 ac

487 3860 769 3917 hominem
803 3865 1036 3921 remisit.
1079 3865 1241 3924 Venit
1273 3870 1471 3926 iterum
1519 3888 1679 3929 mane
1705 3914 1721 3942 ,
1792 3884 1847 3929 et
1878 3876 1954 3930 ait
1987 3875 2068 3931 illi

488 3972 700 4014 senex:
744 3959 897 4016 Tolle
923 3961 1055 4017 hinc
1084 3963 1317 4033 plectam
1344 3975 1534 4031 tuam,
1567 3975 1734 4040 atque
1789 3968 1903 4024 abi.
1962 3966 2070 4023 Ve-

487 4050 621 4107 nisti
656 4052 826 4119 enim,
856 4062 916 4108 ut
955 4070 1044 4110 me
1075 4055 1130 4109 in
1161 4057 1519 4114 tentationem
1554 4074 1618 4113 ac
1642 4059 2069 4116 sollicitudinem

488 4146 758 4203 mitteres.
794 4145 909 4204 Nec
941 4150 1180 4221 amplius
1212 4152 1464 4221 permisit
1491 4168 1618 4209 eum
1650 4154 1794 4210 intro
1825 4168 2066 4208 manere.

557 4327 649 4382 22.
706 4325 914 4385 Retulit
965 4330 1183 4386 abbatis
1232 4329 1506 4385 Theodori
1561 4330 1911 4400 discipulus:
1958 4330 2075 4384 Ali-

487 4421 715 4489 quando
740 4423 891 4475 venit
946 4422 1113 4476 homo
1171 4421 1419 4477 vendens
1475 4435 1663 4492 cepas,
1729 4428 1785 4476 et
1828 4421 2074 4491 implevit

2154 1940 2382 2009 ἄρτουςο
2437 1939 2533 1993 καὶ
2577 1939 2741 1994 πάλιν
2782 1939 3126 2012 αἰτησάντων
3178 1939 3375 2007 ἄλλων,
3434 1941 3603 1995 ἔδωκε
3668 1942 3740 1996 τὰ

2156 2031 2412 2102 σπυρίδια
2453 2031 2634 2086 καὶτὸ
2676 2032 2889 2103 ἱμάτιον
2917 2032 2945 2085 ὃ
2979 2033 3196 2103 ἐφόρει,
3233 2035 3329 2086 καὶ
3361 2033 3613 2104 εἰσῆλθεν
3658 2036 3741 2097 εἰς

2154 2124 2215 2178 τὸ
2246 2124 2479 2190 κελλίον,
2517 2123 2963 2197 περιζωσάμενος
2993 2124 3054 2177 τὸ
3092 2125 3379 2197 μαφόριον.
3420 2125 3530 2179 Kal
3564 2124 3739 2189 οὕτως

2157 2215 2321 2269 πάλιν
2363 2215 2645 2286 ἐμέμφετο
2695 2215 2883 2270 ἐαυτὸν
2924 2216 3118 2284 λέγων,
3164 2216 3246 2268 ὅτι
3288 2217 3402 2270 Οὐκ
3443 2216 3743 2289 ἐπλήρωσα

2157 2304 2253 2376 τὴν
2281 2304 2501 2377 ἐντολὴν
2535 2305 2629 2358 τοῦ
2659 2304 2813 2362 Θεοῦ.

2231 2397 2316 2451 ιϐ’.
2370 2396 2665 2468 Ἢσθένησέ
2699 2399 2875 2450 ποτεὸ
2904 2396 3077 2461 άϐϐἄς
3123 2398 3341 2470 Ἰωσὴφ,
3388 2400 3483 2454 καὶ
3526 2399 3745 2471 έπεμψε

2158 2487 2296 2559 πρὸς
2326 2487 2419 2541 τὸν
2448 2486 2622 2541 ἀϐϐἄν
2653 2487 2947 2559 Θεόδωρον,
2979 2487 3185 2557 λέγων’
3217 2488 3410 2559 Δεῦρο,
3445 2489 3530 2543 ἵνα
3560 2507 3620 2543 σε
3648 2490 3746 2545 ἴδω

2159 2579 2268 2649 πρὸ
2302 2577 2394 2631 τοῦ
2437 2596 2504 2650 με
2549 2578 2786 2643 ἐξελθεῖν
2818 2581 2882 2632 ἐκ
2923 2578 3018 2632 τοῦ
3061 2578 3340 2651 σώματος·
3372 2576 3441 2652 ἦν
3477 2581 3535 2634 δέ
3578 2581 3745 2653 μέσον

2159 2669 2257 2739 τῆς
2281 2670 2593 2741 ἑϐδομάδος.
2622 2672 2732 2725 Kal
2755 2672 2856 2724 οὐκ
2886 2671 3153 2742 ἀπῆλθενο
3183 2672 3397 2743 έπεμψε
3424 2673 3501 2737 δὲ,
3536 2673 3744 2741 λέγων·

2175 2760 2299 2814 Ἐάν
2353 2760 2540 2834 μείνῃς
2597 2760 2704 2824 ἕως
2760 2760 2856 2814 τοῦ
2907 2761 3201 2827 σαϐϐάτου,
3263 2762 3528 2834 ἔρχομαι·
3592 2766 3641 2817 εἰ
3688 2764 3748 2818 δὲ

2126 2846 2136 2859 ⁸
2162 2852 2416 2921 ὑπάγεις,
2445 2854 2527 2916 εἰς
2555 2855 2764 2908 ἐκεῖνον
2793 2854 2885 2908 τὸν
2914 2854 3121 2926 κόσμον
3157 2855 3428 2927 βλέπομεν
3458 2856 3748 2929 ἀλλήλους.

2233 2950 2301 2997 κ’.
2366 2944 2618 3014 ’Δδελφὸς
2658 2939 2778 3000 εἷπε
2812 2942 2890 3017 τῷ
2923 2946 3072 3018 άϐϐᾀ
3114 2946 3411 3021 Θεοδώρῳ·
3464 2950 3606 3003 Εἰπέ
3657 2968 3748 3022 μοι

2167 3035 2339 3105 ῥῆμα,
2368 3035 2449 3089 ὅτι
2485 3035 2817 3108 ἀπόλλυμαι.
2850 3038 2962 3092 Καὶ
2997 3039 3137 3110 μετὰ
3166 3040 3337 3093 κόπου
3374 3036 3529 3096 εἶπεν
3558 3042 3711 3114 αὐτῷ
3731 3058 3746 3074 ⁸

2087 3166 2131 3224 C
2175 3126 2318 3196 Ἐγὼ
2347 3127 2663 3193 κινδυνεύω,
2695 3129 2789 3182 καὶ
2816 3130 2867 3182 τί
2892 3147 2973 3184 σοι
2999 3130 3109 3202 ἔχω
3135 3133 3344 3199 είπεῖν;

2237 3225 2339 3272 καί.
2390 3218 2641 3288 Ἀδελφδς
2669 3215 2800 3292 ἦλθε
2827 3221 2964 3294 πρὸς
2994 3222 3085 3275 τὸν
3119 3222 3292 3276 ἀϐδᾶν
3326 3223 3625 3296 Θεόδωρον,
3659 3226 3748 3279 ἴνα

2163 3309 2348 3384 διδάξῃ
2376 3312 2537 3366 αὑτὸν
2576 3313 2825 3383 ῥάπτειν,
2862 3312 3090 3382 ἐνέγκας
3126 3315 3220 3369 καὶ
3256 3315 3352 3388 τὴν
3390 3316 3579 3388 σειρὰν
3615 3316 3752 3389 πρὸς

2165 3394 2347 3462 αὐτόν.
2386 3406 2449 3459 ν⁹Ο
2486 3406 2543 3459 δὲ
2576 3407 2754 3478 γέρων
2802 3406 2951 3476 λέγει
2994 3408 3173 3479 αὐτῷ·
3205 3409 3446 3479 ’Ύπαγε,
3475 3409 3571 3463 καὶ
3604 3408 3752 3482 πρωῒ

2166 3497 2325 3569 δεῦρο
2356 3491 2478 3551 ὦδε.
2516 3499 2624 3551 Kal
2659 3497 2898 3561 ἀναστὰς
2926 3500 2955 3550 6
2984 3499 3183 3570 γέρων,
3220 3499 3443 3571 ἔϐρεξεν
3471 3500 3623 3572 αὑτῷ
3650 3502 3752 3572 τὴν

2170 3589 2377 3662 σειρὰν,
2441 3590 2536 3644 καὶ
2591 3590 2890 3661 ἡτοίμασεν
2939 3590 3088 3663 αὐτῷ
3147 3591 3245 3664 τὴν
3289 3596 3750 3666 προκαταραφὴν,

2167 3681 2340 3750 λέγων
2357 3698 2371 3712 ·
2396 3681 2587 3745 Οὕτως
2612 3684 2705 3737 καὶ
2727 3681 2902 3745 οὕτως
2927 3683 3183 3755 ποίησον*
3212 3683 3306 3737 καὶ
3330 3685 3541 3756 ἀφῆκεν
3562 3687 3749 3742 αὐτόν.

2136 3815 2141 3819 .
2169 3773 2280 3828 Kal
2300 3772 2557 3826 εἰσελθὼν
2579 3775 2658 3836 εἰς
2685 3773 2745 3826 τὸ
2774 3773 2982 3828 κελλίον
3002 3774 3189 3839 αὐτοῦ,
3211 3774 3464 3829 ἐκάθισεν
3489 3778 3516 3829 6
3536 3776 3747 3849 γέρων·

2168 3871 2264 3924 καὶ
2297 3872 2379 3934 είς
2406 3870 2505 3940 τὴν
2538 3869 2709 3940 ὤραν,
2757 3869 3014 3942 ἐποίησεν
3069 3870 3231 3925 αὑτὸν
3264 3873 3479 3940 φαγεῖν,
3515 3873 3610 3925 καὶ
3651 3873 3761 3926 ἀπο

2171 3963 2436 4034 ἐπεμψεν.
2466 3958 2640 4016 ’Ἦλθε
2660 3961 2716 4016 δὲ
2744 3962 2904 4017 πάλιν
2934 3962 3108 4035 πρωῒ·
3135 3963 3229 4017 καὶ
3250 3962 3395 4032 λέγει
3427 3963 3576 4035 αὐτῷ
3605 3967 3633 4018 6
3660 3965 3758 4035 γέ-

2173 4072 2311 4127 ρων·
2347 4050 2517 4127 τΑρον
2544 4054 2641 4126 τὴν
2684 4054 2871 4127 σειράν
2902 4072 2994 4108 σου
3023 4054 3195 4120 ἔνθεν,
3221 4055 3316 4108 καὶ
3343 4055 3618 4129 άναχώρει
3635 4075 3646 4088 ·
3673 4059 3761 4122 εἰς

2172 4144 2477 4216 πειρασμὸν
2519 4144 2627 4216 γὰρ
2652 4140 2832 4216 ἦλθες
2876 4144 3057 4214 βαλεῖν
3114 4161 3182 4215 με
3229 4145 3322 4198 καὶ
3357 4147 3438 4209 εἰς
3475 4146 3758 4217 φροντίδα.

2173 4239 2282 4291 Kal
2303 4238 2403 4291 οὐκ
2428 4236 2506 4290 ἔτι
2532 4237 2746 4308 ἀφῆκεν
2775 4237 2935 4290 αὺτὸν
2966 4237 3088 4292 ἔσω.

2247 4326 2351 4397 κβν.
2389 4324 2557 4382 Εἶπεν
2608 4330 2636 4381 6
2687 4328 2938 4400 μαθητὴς
2985 4327 3081 4381 τοῦ
3129 4329 3275 4384 άϐϐἆ
3317 4329 3617 4402 Θεοδώρου,
3674 4334 3763 4390 ὅτι

2175 4414 2347 4474 Ἦλθέ
2372 4420 2598 4485 ποτέτις
2632 4420 2825 4474 πωλῶν
2842 4421 3122 4492 κρόμμυα,
3142 4421 3238 4475 καὶ
3263 4421 3488 4492 ἐγέμισέ
3509 4440 3600 4493 μοι
3623 4440 3766 4494 κρα-
3830 4431 3837 4441 ’

495 4513 629 4566 mihi
661 4521 958 4567 craterem.
1010 4513 1153 4568 Dicit
1211 4530 1380 4570 senex
1410 4533 1424 4570 :
1458 4515 1629 4584 Imple
1686 4513 1980 4577 frumento,
2017 4522 2061 4569 et

2177 4516 2338 4587 τῆρα.
2375 4516 2487 4569 Kal
2521 4515 2669 4584 λέγει
2704 4517 2733 4569 6
2771 4516 2979 4587 γέρων·
3011 4514 3245 4586 Γέμισον
3279 4515 3629 4587 αὐτῷσσῖτον,
3665 4519 3766 4572 καὶ

490 4602 559 4657 da
596 4604 667 4660 ei.
733 4604 902 4660 Erant
932 4613 1118 4660 autem
1175 4606 1287 4661 duo
1346 4608 1527 4661 acervi
1580 4604 1840 4660 frumenti
1869 4647 1882 4665 ,
1926 4623 2070 4661 unus

493 4695 758 4759 mundus,
816 4698 954 4751 alter
1005 4714 1116 4753 non
1160 4705 1464 4768 purgatus;
1503 4712 1567 4750 ac
1633 4696 1852 4767 implevi
1902 4696 1951 4750 ei
2005 4709 2069 4750 ex

490 4786 799 4842 immundo.
835 4787 1014 4844 Senex
1046 4803 1177 4843 vero
1205 4789 1397 4843 oculos
1439 4788 1496 4843 in
1550 4802 1638 4842 me
1666 4787 1899 4843 intendit
1927 4787 2073 4842 acri-

492 4885 657 4934 teret
703 4892 828 4933 cum
864 4880 1133 4936 tristitia:
1192 4881 1336 4936 unde
1406 4896 1476 4937 ex
1532 4879 1729 4935 timore
1781 4880 2074 4950 prolapsus

491 4987 637 5035 sum,
668 4978 834 5042 atque
863 4981 1133 5028 craterem
1182 4973 1339 5044 fregi.
1374 4972 1513 5027 Tum
1550 4972 1765 5027 veniam
1816 4986 2074 5041 procum-

492 5063 633 5120 bens
665 5064 821 5134 petii.
858 5065 947 5119 Ait
980 5080 1148 5121 senex
1179 5085 1191 5120 :
1228 5064 1429 5135 Surge.
1470 5075 1562 5121 tua
1601 5080 1711 5119 non
1762 5071 1846 5120 est
1889 5065 2073 5135 culpa,

491 5168 587 5214 sed
619 5171 720 5228 ego
776 5156 1007 5226 deliqui,
1066 5157 1213 5226 quod
1280 5157 1378 5210 tibi
1439 5154 1835 5209 mandaverim.
1888 5152 2076 5225 Itaque

492 5250 780 5320 ingressus
817 5262 1007 5314 senex,
1065 5247 1299 5318 replevit
1361 5248 1567 5303 sinum-
1588 5262 1748 5303 suum
1794 5244 2075 5302 frumento

488 5350 743 5413 purgato,
776 5341 1036 5411 deditque
1076 5340 1127 5395 ei
1170 5353 1279 5393 una
1310 5355 1434 5395 cum
1467 5340 1637 5409 cepis.

560 5432 653 5486 25.
693 5432 843 5487 Abiit
868 5431 1166 5502 aliquando
1190 5430 1359 5485 abbas
1379 5429 1704 5486 Theodorus
1729 5444 1854 5483 cum
1882 5428 2072 5496 fratre,

491 5524 561 5580 ad
589 5527 949 5583 hauriendam
982 5543 1213 5601 aquam;
1243 5538 1298 5585 et
1343 5533 1680 5599 prmveniens
1708 5530 1876 5585 frater
1898 5527 1966 5581 ad
1996 5527 2069 5579 la-

492 5633 653 5683 cum,
685 5621 821 5676 vidit
856 5622 1177 5678 draconem.
1212 5621 1354 5679 Dicit
1391 5625 1441 5681 ei
1478 5640 1643 5681 senex
1680 5642 1695 5679 :
1731 5621 1907 5684 \‘adn,
1944 5637 2076 5675 con-

569 5778 679 5854 (68)
728 5779 835 5837 vn.
872 5779 1023 5835 I’alr.
1064 5798 1119 5842 ι.
1144 5781 1232 5835 26.

2174 4607 2263 4670 δὸς
2301 4606 2467 4677 αὐτῷ.
2500 4602 2681 4660 Ἦσαν
2714 4606 2771 4659 δὲ
2805 4606 2898 4660 δύο
2940 4605 3119 4677 βουνοὶ
3160 4605 3332 4671 σίτου,
3374 4601 3456 4671 εἷς
3494 4607 3762 4679 καθαρὸς,

2176 4698 2272 4751 καὶ
2300 4692 2380 4762 εἷς
2412 4697 2721 4770 ἀκαθάρτος
2739 4715 2753 4729 ⁸
2786 4699 3020 4771 ἐγέμισα
3038 4699 3096 4753 δέ
3125 4701 3275 4773 αὐτῷ
3298 4702 3364 4755 ἐκ
3387 4698 3484 4753 τοῦ
3510 4701 3764 4773 ἀκαθάρ-

2174 4806 2292 4843 του.
2338 4788 2451 4843 Kal
2487 4788 2756 4860 προσέσχε
2793 4806 2884 4860 μοι
2910 4791 2938 4843 6
2968 4789 3147 4862 γέρων
3173 4789 3313 4861 μετὰ
3356 4788 3525 4855 ἕξεως
3556 4792 3648 4845 καὶ
3669 4791 3767 4844 λύ-

2176 4896 2316 4950 πηςο
2360 4880 2454 4933 καὶ
2499 4879 2608 4934 ἀπὸ
2640 4880 2735 4932 τοῦ
2786 4880 2951 4949 φόϐου
2995 4880 3214 4945 ἔπεσον,
3277 4882 3374 4935 καὶ
3418 4880 3627 4935 ἔκλασα
3671 4883 3768 4939 τὸν

2177 4972 2464 5043 κρατῆραο
2508 4972 2603 5024 καὶ
2644 4969 2834 5023 ἔϐαλον
2869 4971 3018 5042 αὑτῷ
3063 4972 3373 5043 μετάνοιαν.
3405 4973 3518 5026 Kal
3548 4972 3697 5041 λέγει
3739 4976 3769 5026 6

2176 5064 2390 5135 γέρων·
2451 5061 2719 5133 Ἐγείρου,
2772 5062 2870 5114 οὐκ
2915 5060 3061 5132 ἔχεις
3098 5064 3163 5115 σὺ
3200 5064 3457 5133 πρᾶγμα,
3492 5064 3610 5117 ἀλλ’
3653 5064 3763 5130 ἐγὼ

2174 5156 2444 5227 ἥμαρτον,
2476 5155 2558 5207 ὅτι
2589 5150 2742 5207 εἶπόν
2774 5170 2876 5208 σοι.
2915 5154 3027 5207 Kal
3064 5152 3319 5208 εἰσελθὼν
3350 5155 3379 5206 ό
3408 5155 3589 5227 γέρων
3641 5154 3754 5223 ἐγέ.

2182 5263 2306 5318 μισε
2353 5244 2446 5297 τὸν
2492 5244 2690 5299 κόλπον
2725 5242 2888 5297 αὐτοῦ
2932 5246 3078 5297 σῖτον
3120 5243 3381 5315 καθαρὸν,
3424 5245 3521 5299 καὶ
3562 5244 3747 5299 ἕδωκει

2178 5336 2327 5410 αὐτῷ
2362 5337 2499 5409 μετὰ
2528 5336 2637 5390 τῶν
2660 5334 2981 5408 κρομμύων.

2249 5430 2355 5500 κγ’.
2421 5428 2658 5500 Ἀπῆλθέ
2690 5445 2819 5481 ποτε
2854 5428 2883 5480 6
2911 5425 3087 5490 άϐϐᾶς
3129 5426 3402 5497 Θεόδωρος
3437 5424 3574 5497 μετὰ
3610 5424 3731 5478 ἀδελ
3766 5453 3782 5468 -

2180 5524 2280 5596 φοῦ
2307 5524 2532 5594 γεμίσαι
2557 5521 2701 5595 ὕδωρ
2726 5538 2738 5552 °
2769 5521 2865 5574 καὶ
2904 5518 3192 5593 προλαϐὼν
3224 5520 3253 5572 6
3295 5517 3524 5586 ἁδελφὸς
3561 5518 3643 5581 εἰς
3672 5517 3767 5572 τὸν

2190 5616 2389 5669 λάκκον
2432 5606 2536 5667 είδε
2588 5613 2873 5683 δράκοντα.
2934 5610 3044 5666 Kal
3090 5608 3237 5678 λέγει
3287 5607 3437 5680 οὐτῷ
3468 5609 3496 5661 6
3542 5608 3762 5681 γέρωνο
