4032 6334
250 293 343 352 195

1411 289 2024 351 APOPHTHEGMATA
2065 290 2378 349 PATﬂUill.

3412 300 3518 358 194

250 405 479 480 Ὕπαγε,
527 407 772 478 πάτησον
800 407 900 479 τὴν
931 406 1173 480 κεφαλὴν
1205 406 1392 464 αὐτοῦ.
1435 410 1546 465 Kal
1575 409 1832 480 φοϐηθεὶς

1944 409 2093 465 eulca
2123 409 2300 480 ipsius
2330 415 2518 479 caput.
2543 408 2636 466 Ille
2668 409 2898 468 territus
2929 427 3039 467 non
3071 414 3332 484 perrexit.
3355 413 3520 472 Venit

249 505 340 557 οὐκ
371 497 642 572 ἀπῆλθεν.
672 494 846 553 Ἦλθε
876 498 936 554 δὲ
973 499 1002 552 ὁ
1033 500 1234 573 γέρων,
1268 501 1364 554 καὶ
1395 494 1536 556 εἷδεν
1572 501 1737 556 αὐτὸν
1765 501 1828 555 τὸ

249 595 449 669 θηρίον,
474 595 572 650 καὶ
604 593 1006 666 καταισχυνθὲν
1034 594 1236 665 ἔφυγεν
1257 596 1338 660 εἰς
1364 596 1462 668 τὴν
1489 595 1716 668 ἔρημον.

311 685 406 743 κδ’.
445 686 736 760 Ἦρώτησέ
761 703 846 751 τις
865 687 956 740 τὸν
982 685 1154 741 essay
1176 686 1450 759 Θεόδωρον
1467 705 1484 721 ο
1517 687 1643 744 Ἐὰν
1671 686 1827 757 ἄφνω

242 780 460 852 γένηταί
492 797 579 844 τις
606 780 838 847 πτῶσις,
860 779 956 834 καὶ
988 779 1052 834 σὺ
1084 780 1244 852 φοϐῇ,
1269 779 1442 848 esse;
1477 781 1640 849 Λέγει
1675 778 1826 850 αὐτῷ

247 871 274 923 ὁ
315 870 525 942 γέρων·
579 869 710 924 Ἐὰν
749 868 985 942 κολληθῇ
1033 871 1063 924 ὁ
1094 869 1322 942 οὐρανὸς
1349 873 1416 942 τῇ
1463 873 1572 942 γῇ,
1621 871 1827 926 Θεόδω-

249 976 334 1028 ρος
383 959 442 1012 οὐ
487 957 759 1029 φοϐεῖται.
803 953 912 1012 Ἦν
968 958 1078 1030 γὰρ
1130 959 1340 1030 δεηθεὶς
1391 959 1485 1014 τοῦ
1522 961 1690 1027 Θεοῦ,
1737 963 1826 1018 ῖνα

249 1045 376 1117 ἀρθῇ
425 1047 526 1100 ἀπ’
575 1046 744 1102 αὐτοῦ
777 1047 811 1119 ὴ
848 1047 1039 1102 δειλία.
1079 1047 1178 1102 Διὰ
1211 1047 1370 1104 τοῦτο
1411 1050 1506 1104 καὶ
1537 1050 1826 1125 ἠρώτησεν

248 1137 424 1193 αὐτόν.

307 1234 402 1282 κε’.
451 1228 706 1298 Ἑλέγετο
747 1229 877 1301 περὶ
904 1229 1093 1293 αὑτοῦ,
1121 1229 1202 1284 ὅτι
1245 1231 1536 1304 γενόμενος
1581 1233 1827 1299 διάκονος

251 1321 319 1382 εἰς
354 1319 558 1392 Σκῆτιν
603 1321 705 1374 οὐκ
771 1320 929 1392 ἧθελε
977 1321 1370 1387 καταδέξασθαι
1407 1324 1694 1392 διακονεῖν,
1735 1325 1828 1378 καὶ¹

248 1413 318 1474 είς
365 1411 600 1476 πολλοὺς
639 1412 836 1476 τόπους
880 1412 1067 1483 ἔφυγε.
1109 1415 1220 1468 Καὶ
1269 1414 1430 1468 πάλιν
1475 1415 1525 1468 οἱ
1572 1416 1825 1488 γέροντες

247 1502 433 1576 ἔφερον
471 1505 658 1570 αὐτὸν,
710 1503 960 1574 λέγοντες
977 1509 998 1536 "
1022 1505 1112 1575 Μὴ
1161 1505 1466 1579 καταλίπῃς
1497 1505 1594 1578 τὴν
1643 1507 1828 1562 διακο-

245 1596 358 1648 νίαν
393 1612 513 1650 σου.
555 1595 721 1666 Λέγει
765 1597 949 1661 αὐτοῖς
984 1599 1013 1651 ὁ
1049 1597 1222 1662 ἁϐϐἄς
1251 1598 1554 1670 Θεόδωρος·
1593 1599 1826 1654 Ἐάσατέ

249 1703 332 1757 με,
367 1687 463 1740 καὶ
489 1687 686 1758 δέομαι
716 1686 810 1742 τοῦ
837 1687 993 1752 Θεοῦ,
1023 1690 1072 1742 εἰ
1097 1689 1506 1760 πληροφορήσει
1536 1707 1604 1760 με
1637 1692 1826 1762 στῆναι

1936 507 2122 555 autem
2149 515 2352 567 senex;
2379 499 2475 556 sed
2500 499 2592 555 ubi
2617 502 2908 572 conspexit
2931 518 3056 558 eum
3081 519 3330 574 serpens,
3355 507 3518 576 quasi

1928 591 2140 660 pudore
2167 591 2434 654 suffusus,
2463 590 2678 663 aufugit
2707 593 2761 646 in
2791 595 3168 651 solitudinem.

1999 683 2092 738 24.
2133 682 2247 754 (69)
2289 683 2502 752 Aliquis
2541 685 2792 739 abbatem
2826 684 3176 742 Theodorum
3215 688 3524 760 interroga-

1927 775 2006 832 vit
2043 793 2057 830 :
2100 773 2158 828 Si
2197 773 2381 830 subito
2423 775 2580 829 ruina
2627 777 2960 846 contigerit,
2997 785 3051 831 et
3090 785 3148 832 tu
3185 781 3516 848 terreberis,

1929 865 2105 920 abba?
2135 864 2553 938 Respondttque
2583 881 2751 921 senex
2781 885 2794 921 :
2827 866 3092 932 Quamvis
3127 872 3326 924 coelum
3361 883 3522 929 terrae

1929 955 2249 1023 misceatur,
2286 954 2613 1012 Theodorus
2654 970 2762 1011 non
2807 960 3122 1014 terrebitur.
3169 961 3510 1032 Deprecatus

1927 1048 2132 1118 quippe
2163 1046 2333 1102 Deum
2369 1047 2570 1112 fuerat,
2605 1056 2666 1103 ut
2701 1049 2772 1103 ab
2802 1063 2868 1103 eo
2903 1051 3191 1108 tolleretur
3225 1055 3517 1112 timiditas.

1928 1138 2164 1209 Ideoque
2202 1154 2330 1192 eum
2367 1138 2458 1193 ille
2493 1139 2944 1208 interrogaverat.

1997 1229 2091 1285 25.
2134 1230 2252 1298 (70)
2293 1229 2590 1285 Dicebatur
2617 1232 2688 1285 dc
2721 1248 2823 1298 eo,
2859 1233 3006 1302 quod
3040 1234 3306 1292 diaconus
3341 1237 3520 1294 factus

1930 1321 1986 1377 in
2028 1320 2205 1386 Sceti,
2246 1323 2425 1376 noluit
2468 1323 2823 1392 acquiescere
2865 1333 2924 1379 ut
2966 1325 3290 1383 diaconatus
3332 1332 3522 1384 nuinia

1929 1421 2243 1480 exerceret,
2291 1413 2387 1470 sed
2431 1415 2498 1469 ad
2539 1417 2688 1471 varia
2733 1418 2853 1472 loca
2898 1419 3158 1490 profugit.
3203 1420 3267 1474 Et
3315 1422 3514 1476 iterum

1930 1525 2096 1566 senes
2134 1509 2485 1566 adducebant
2522 1529 2646 1568 eum
2668 1553 2682 1578 ,
2715 1516 2965 1571 dicentes
2999 1535 3014 1571 :
3047 1517 3167 1570 Noli
3210 1519 3524 1589 relinquere

1929 1602 2297 1660 ministerium
2335 1611 2512 1659 tuum.
2551 1607 2640 1658 Ait
2673 1607 2783 1663 illis
2816 1609 2990 1664 abbas
3020 1609 3342 1667 Theodorus
3382 1631 3395 1666 :
3437 1612 3522 1667 Si-

1930 1695 2046 1752 nite
2079 1711 2195 1760 me,
2231 1703 2286 1752 et
2323 1698 2495 1752 orabo
2531 1697 2732 1763 Deum,
2771 1701 2818 1755 si
2855 1708 3064 1756 certum
3103 1718 3188 1758 me
3223 1705 3523 1761 reddiderit

247 1781 322 1842 είς
347 1778 440 1831 τὸν
466 1777 634 1832 τόπον
663 1779 764 1850 τῆς
788 1778 1132 1852 λειτουργίας
1159 1799 1281 1851 μου.
1313 1782 1422 1836 Kal
1457 1781 1710 1854 δεόμενος
1731 1783 1826 1838 τοῦ

1944 1794 1990 1840 ιι
2028 1794 2169 1841 stem
2215 1787 2274 1841 in
2320 1787 2444 1842 loco
2486 1789 2780 1846 ministerii
2826 1793 2956 1847 mei.
3000 1795 3189 1865 Itaque
3231 1794 3398 1852 Deum
3445 1799 3522 1854 ita

246 1871 396 1936 Θεοῦ,
430 1871 619 1941 ἔλεγεν
639 1889 655 1903 ·
693 1873 755 1926 Ei
787 1873 1001 1945 θέλημά.
1038 1873 1130 1928 σού
1172 1877 1321 1929 ἐστιν
1352 1876 1438 1928 ἵνα
1481 1877 1592 1930 στῶ
1618 1879 1699 1942 εἰς
1733 1879 1827 1933 τὸν

245 1962 444 2016 τέπον³
484 1981 612 2034 μου,
663 1964 1078 2036 πληροφόρησον
1123 1983 1211 2038 με.
1265 1968 1373 2021 Kal
1417 1967 1627 2040 ἐδείχθη
1675 1969 1828 2042 αὐτῷ

248 2053 436 2118 στύλος
469 2055 642 2127 πυρὸς
687 2056 797 2109 ἀπὸ
841 2057 940 2126 τῆς
968 2056 1072 2126 γῆς
1124 2058 1230 2122 ἕως
1271 2059 1368 2112 τοῦ
1415 2061 1681 2134 οὐρανοῦ,
1732 2063 1828 2118 καὶ

247 2145 395 2216 ςωνὴ
419 2145 443 2177 δ
472 2146 740 2216 λέγουσα·
793 2149 857 2202 El
897 2149 1124 2204 δύνασαι
1149 2151 1402 2220 γενέσθαι
1441 2151 1518 2218 ὡς
1561 2157 1590 2208 ὁ
1637 2155 1828 2221 στύλος

248 2229 426 2301 οὗτος,
475 2238 690 2309 ὕπαγε,
736 2239 1074 2312 διακόνησον.
1134 2243 1192 2296 ’0
1241 2243 1298 2297 δὲ
1353 2245 1594 2310 ἀκούσας
1645 2247 1830 2320 ἔκρινε

254 2331 444 2402 μηκέτι
483 2331 904 2398 καταδέξασθαι.
953 2332 1232 2400 Ἐλθόντος
1271 2330 1366 2390 οῦν
1397 2339 1561 2392 αὐτοῦ
1602 2341 1682 2405 είς
1729 2341 1828 2415 τὴν

251 2421 564 2492 ἐκκλησίαν,
591 2423 784 2478 ἔϐαλον
811 2424 960 2496 αὐτῷ
992 2429 1279 2496 μετάνοιαν
1300 2432 1348 2482 οί
1375 2431 1614 2502 ἀδελφοὶ,
1645 2434 1830 2504 λέγον-

250 2531 366 2578 τες·
403 2515 468 2568 El
493 2516 557 2569 οὐ
599 2515 774 2580 Θέλεις
804 2518 1091 2583 διακονεῖν,
1124 2521 1228 2575 κᾶν
1268 2523 1328 2576 τὸ
1371 2527 1632 2596 ποτήριον
1661 2527 1832 2582 κατὰ·

252 2621 360 2674 σχε.
410 2606 522 2659 Kal
572 2608 673 2660 οὐκ
707 2608 993 2680 ἠνέσχετο.
1049 2611 1256 2680 λέγων·
1323 2615 1446 2670 Ἐὰν
1506 2617 1580 2688 μὴ
1631 2619 1827 2690 ἀφῆτε,

249 2697 516 2768 ἀναχωρῶ
546 2701 614 2753 ὲκ
641 2699 736 2753 τοῦ
784 2701 950 2754 τόπου
979 2703 1192 2758 τούτου.
1239 2706 1349 2760 Kal
1389 2707 1565 2773 οὕτως
1609 2710 1830 2782 ἀφῆκαν

249 2789 428 2844 αὐτόν.

314 2881 431 2946 κζ’.
480 2882 710 2954 Ἔλεγον
748 2885 806 2938 δὲ
863 2888 990 2958 περὶ
1033 2890 1220 2954 αὐτοῦ,
1251 2893 1334 2946 ὅτι
1377 2894 1454 2959 ὡς
1490 2895 1760 2968 ἠρημώθη
1793 2899 1827 2970 ὴ

249 2971 480 3043 Σκῆτις,
561 2970 694 3046 ἦλθε
758 2982 936 3048 μεῖναι
991 2983 1072 3044 είς
1123 2983 1377 3054 Φὲρμην·
1433 2989 1528 3040 καὶ
1580 2989 1833 3060 γηράσας

249 3062 538 3136 ἠσθένησε.
573 3067 916 3140 Προσέφερον
949 3066 1041 3124 οῦν
1069 3072 1218 3142 αὐτῷ
1253 3073 1522 3146 ἐδέσματα
1546 3094 1690 3132 τινα.
1721 3079 1832 3132 Kal

248 3154 284 3206 ὃ.
309 3154 504 3226 ἔφερεν
538 3159 568 3211 ὁ
600 3159 855 3230 πρῶτος,
899 3163 1071 3216 ἐδίδου
1100 3163 1178 3235 τῷ
1225 3165 1496 3238 δευτέρῳ,
1531 3168 1625 3222 καὶ
1662 3169 1833 3235 οὕτως

251 3245 393 3300 κατὰ
440 3248 544 3320 τὴν
583 3250 771 3315 τάξιν.
809 3251 847 3305 ἂ
891 3253 1198 3326 ἐλάμϐανεν
1245 3257 1398 3329 παρὰ
1442 3259 1534 3312 τοῦ
1589 3259 1831 3330 πρώτου,

250 3340 480 3407 παρεῖχε
505 3337 583 3408 τῷ
607 3339 781 3411 ἄλλῳ·
815 3342 896 3406 εξς
922 3343 977 3396 δὲ
1015 3347 1112 3414 τὴν
1142 3345 1289 3416 ὥραν
1325 3346 1420 3401 τοῦ
1445 3347 1766 3417 γεύσασθαι,
1806 3352 1834 3404 ὃ

253 3425 446 3499 ἔφερεν
475 3431 506 3482 ὁ
545 3431 865 3502 ἐρχόμενος,
903 3434 1060 3488 τοῦτο
1097 3436 1301 3508 ἤσθιεν.

320 3604 422 3668 κζ’.
460 3605 693 3674 Ἔλεγον
742 3608 872 3680 περὶ
927 3607 1022 3661 τοῦ
1066 3610 1210 3664 esse
1259 3611 1570 3684 Θεοδώρου,
1625 3615 1706 3668 ὅτι
1745 3616 1834 3668 ὅτε

253 3693 486 3767 ἐκάθητο
524 3698 582 3748 ὲν
619 3699 848 3770 Σκήτει,
885 3695 1016 3771 ἦλθε
1050 3703 1186 3772 πρὸς
1223 3704 1383 3758 αὐτὸν
1427 3705 1634 3776 δαίμων
1667 3707 1835 3760 θέλων

254 3786 549 3842 εἰσελθεῖν·
588 3791 682 3844 καὶ¹
731 3791 920 3862 ἔδησεν
956 3793 1116 3846 αὐτὸν
1166 3794 1271 3860 ἔξω
1321 3796 1418 3866 τῆς
1464 3798 1681 3863 κέλλης.
1726 3799 1836 3851 Kal

253 3879 412 3935 πάλιν
460 3882 625 3946 ἄλλος
676 3883 886 3955 δαίμων
938 3882 1100 3957 ἦλθεν
1155 3888 1453 3942 εἰσελθεῖνο
1515 3893 1608 3944 καὶ
1644 3892 1832 3946 τοῦτον

254 3972 426 4044 ἔδησε.
461 3976 575 4028 Καὶ
613 3975 877 4047 προσθεὶς
896 3979 925 4030 ὁ
949 3979 1130 4049 τρίτος
1151 3981 1378 4052 δαίμων,
1409 3977 1561 4052 ἦλθε,
1586 3985 1679 4036 καὶ
1707 3981 1831 4056 εὗρε

253 4065 569 4137 δεδεμένους
597 4071 724 4134 τοὺς
753 4069 866 4124 δύοο
913 4073 1006 4124 καὶ
1036 4073 1184 4143 λέγει
1215 4077 1420 4139 αὐτοῖς·
1465 4077 1530 4128 Τί
1567 4079 1835 4148 ἑστήκατε

253 4152 352 4212 ὧδε
381 4161 518 4228 Ege);
559 4164 673 4216 Kal
713 4163 964 4232 λέγουσιν
993 4165 1160 4236 αὐτῷ,
1209 4168 1290 4220 ὅτι
1336 4169 1491 4222 Ἔστι
1533 4170 1838 4242 καθήμενος

255 4250 380 4316 ἔσω,
405 4254 501 4306 καὶ
533 4254 610 4326 μὴ
635 4255 740 4309 ὲῶν
769 4258 916 4328 ἡμᾶς
941 4258 1225 4312 εἰσελθεῖν.
1244 4261 1352 4313 Καὶ
1387 4262 1546 4326 αὐτὸς
1572 4281 1634 4316 τυ
1645 4265 1840 4336 ραννή-

257 4360 352 4406 σας
399 4347 760 4418 ἐπεχείρησεν
820 4349 1098 4404 εἰσελθεῖν.
1145 4353 1202 4406 ’0
1235 4353 1291 4406 δὲ
1333 4354 1512 4426 γέρων
1557 4355 1713 4428 ἔδησε
1745 4358 1840 4411 καὶ

1932 1886 2192 1948 precatus
2229 1888 2313 1934 est
2349 1897 2363 1934 :
2404 1879 2461 1935 Si
2497 1883 2750 1939 voluntas
2786 1891 2880 1938 tua
2915 1896 3000 1942 cst
3036 1894 3095 1941 ut
3129 1896 3266 1943 stem
3305 1889 3361 1942 in
3398 1889 3524 1945 loco

1933 1986 2090 2036 meo,
2134 1973 2426 2028 certiorem
2470 1989 2557 2029 me
2599 1974 2702 2030 fac.
2742 1977 2880 2031 Tum
2920 1987 3142 2034 ostensa
3182 1988 3267 2036 cst
3311 1981 3388 2035 illi
3427 1997 3523 2036 co-

1932 2063 2121 2119 lumna
2158 2065 2337 2136 ignis,
2374 2083 2404 2121 a
2441 2075 2587 2122 terra
2619 2068 2686 2122 ad
2725 2070 2926 2124 caelum
2963 2087 3138 2141 usque
3171 2073 3519 2143 pertingens,

1935 2155 2256 2226 audivitque
2290 2173 2478 2214 vocem
2519 2158 2837 2228 huiusmodi
2877 2181 2890 2216 :
2931 2161 2986 2216 Si
3028 2173 3183 2231 potes
3225 2165 3339 2218 lieri
3378 2167 3524 2220 sicut

1931 2245 2189 2300 columna
2229 2246 2378 2311 ltaze,
2415 2247 2584 2314 vade,
2623 2264 2820 2304 exerce
2861 2249 3234 2306 diaconatum.
3273 2253 3394 2320 Quo
3433 2257 3524 2311 ille

1935 2336 2155 2404 audito,
2193 2337 2438 2394 decrevit
2477 2355 2758 2409 nunquam
2803 2344 3172 2413 acquiescere.
3210 2347 3348 2400 Cum
3390 2363 3524 2418 ergo

1931 2431 2174 2486 venisset
2206 2431 2274 2485 ad
2303 2433 2594 2487 ecclesiam
2614 2475 2628 2498 ,
2662 2433 2860 2488 fratres
2895 2435 3304 2491 inclinaverunt
3335 2454 3396 2493 se
3425 2458 3524 2494 co-

1933 2537 2052 2576 ram
2087 2538 2182 2588 eo,
2216 2522 2583 2594 dixeruntque
2624 2544 2636 2579 :
2675 2525 2732 2579 Si
2771 2526 3086 2582 ministrare
3119 2544 3227 2582 non
3262 2530 3375 2594 vis,
3413 2533 3522 2585 sal-

1936 2625 2043 2669 tem
2072 2615 2298 2668 calicem
2331 2621 2474 2670 tene.
2506 2615 2614 2670 Sed
2653 2632 2834 2686 neque
2866 2617 2969 2671 hoc
3003 2619 3302 2684 sustinuit,
3336 2622 3516 2690 profa-

1935 2715 2026 2763 tus
2069 2725 2084 2766 ;
2126 2705 2240 2762 Nisi
2283 2703 2610 2763 dimiseritis
2654 2725 2772 2773 me,
2813 2725 2878 2764 ex
2926 2710 3030 2765 hoe
3076 2711 3200 2767 loco
3243 2715 3518 2768 recedam.

1936 2797 2208 2866 Quocirca
2238 2799 2580 2869 reliquerunt
2613 2818 2759 2856 eum.

2007 2889 2099 2946 26.
2139 2889 2406 2945 Caeterum
2445 2893 2746 2946 narrabant
2787 2893 2855 2947 dc
2894 2895 3007 2959 illo,
3049 2897 3194 2966 quod
3234 2906 3522 2968 postquam

1937 2987 2154 3034 vastata
2186 2980 2288 3034 fuit
2318 2979 2515 3048 Sectis,
2545 2985 2692 3037 venit
2724 2992 2782 3038 ut
2816 2995 3061 3041 maneret
3092 2991 3146 3042 in
3179 2987 3442 3054 Pherme;
3472 3003 3525 3044 ct

1939 3086 2064 3126 cum
2107 3073 2416 3138 senuisset,
2462 3075 2516 3128 in
2560 3077 2813 3131 morbum
2859 3078 3071 3134 incidit.
3111 3079 3282 3151 Igitur
3321 3081 3524 3138 fratres

1939 3163 2241 3219 allerebant
2267 3166 2468 3220 edulia.
2497 3165 2605 3220 Sed
2633 3185 2755 3238 qnar
2780 3168 2990 3225 ferebat
3015 3174 3250 3238 primus,
3278 3173 3525 3229 secundo

1937 3257 2132 3326 dabat;
2165 3269 2330 3330 alque
2357 3263 2431 3314 ita
2459 3277 2525 3315 ex
2556 3262 2778 3328 ordine,
2810 3281 2932 3335 quae
2965 3281 2995 3318 a
3030 3281 3207 3336 primo
3233 3269 3485 3338 capiebat
3506 3308 3521 3334 ,

1937 3351 2218 3420 praebebat
2260 3352 2442 3406 alteri.
2487 3353 2832 3411 Adventante
2879 3367 3060 3411 autem
3109 3359 3242 3412 hora
3289 3363 3526 3415 mandu-

1937 3441 2119 3506 candi,
2149 3443 2295 3513 quod
2326 3445 2538 3514 primus
2570 3462 2637 3500 ex
2669 3448 3060 3504 accedentibus
3091 3452 3425 3522 porrigebat,
3457 3470 3526 3508 eo

1937 3535 2282 3590 vescebatur.

2007 3627 2096 3681 27.
2143 3629 2372 3682 Aieliant
2409 3629 2478 3684 de
2521 3631 2716 3686 abbate
2751 3633 3076 3698 Theodoro,
3117 3637 3262 3705 qttod
3303 3641 3524 3708 quando

1939 3718 1994 3772 in
2031 3716 2176 3771 Secti
2210 3719 2518 3788 residebat,
2547 3723 2697 3776 venit
2727 3724 2795 3776 ad
2829 3725 3006 3794 ipsum
3034 3726 3281 3790 diClllOll,
3318 3731 3524 3786 intrare

1941 3809 2131 3863 volens
2160 3827 2172 3862 :
2199 3817 2254 3862 et
2283 3811 2469 3879 ligavit
2497 3828 2620 3864 eum
2646 3823 2801 3867 extra
2825 3817 3039 3872 cellam.
3066 3817 3261 3873 lterum
3290 3825 3528 3877 accessit

1943 3901 2085 3955 alius
2117 3901 2352 3968 (laenion,
2387 3910 2441 3956 ut
2475 3903 2886 3973 ingrederetur;
2922 3909 3066 3964 hunc
3095 3927 3312 3980 queque
3338 3916 3526 3984 alliga-

1939 3994 2037 4047 vit.
2067 3995 2130 4046 Et
2157 3995 2423 4062 ailjieiens
2453 3999 2648 4050 tertius
2673 3999 2910 4061 d:emon.
2936 4005 3179 4066 advenit.
3211 4009 3528 4074 invenitque

1941 4087 2082 4139 duos
2116 4083 2326 4152 priores
2355 4086 2598 4148 vinctos,
2633 4097 2798 4156 atque
2828 4091 2966 4142 dixit
2996 4093 3076 4146 eis
3110 4112 3121 4146 :
3158 4095 3268 4144 (an
3295 4096 3398 4145 lim:
3432 4113 3527 4146 υλ-

1941 4185 2024 4228 tra
2069 4175 2267 4229 statis?
2311 4173 2667 4244 ReSpondcnt
2707 4198 2719 4232 :
2765 4180 2868 4244 Qui
2919 4183 3059 4234 intra
3103 4186 3290 4235 cellam
3337 4188 3521 4244 sedet,

1943 4283 2052 4322 non
2081 4268 2213 4320 sinit
2245 4282 2346 4320 nos
2379 4269 2604 4321 intrare.
2634 4269 2752 4338 Ipse
2780 4287 2906 4324 vero
2933 4274 2980 4324 vi
3017 4274 3155 4324 facta
3189 4287 3418 4326 ('Ollzlllls
3444 4289 3519 4327 est

1943 4359 2191 4412 introire.
2235 4359 2302 4413 At
2346 4374 2509 4413 senex
2555 4361 2696 4414 hunc
2736 4362 2900 4416 etiam
2947 4366 3295 4418 coitstrinxit.
3343 4365 3526 4434 Itaque

255 4435 457 4492 τοῦτον.
485 4437 826 4508 1Ιιοϐηθέντες
859 4439 918 4494 δὲ
941 4441 1037 4506 τὰς
1069 4442 1233 4513 εὐχὰς
1263 4443 1356 4497 τοῦ
1387 4445 1660 4518 γέροντος,
1695 4464 1832 4519 παρ-

1944 4453 2100 4504 veriti
2148 4453 2297 4507 senis
2345 4467 2566 4520 preci-s,
2620 4466 2948 4524 rogaverunt
2991 4459 3173 4523 illum,
3219 4459 3462 4511 ἀίω-ειμι»
3509 4479 3522 4514 :

260 4528 481 4582 εκάλουν
527 4529 696 4582 αὑτὸν
720 4571 736 4595 ,
788 4531 1070 4600 λέγοντες·
1149 4535 1440 4592 Ἀπόλυσον
1499 4541 1665 4610 ἡμᾶς.
1727 4542 1838 4594 Kal

257 4617 400 4686 λέγει
420 4623 609 4686 αὐτοῖς
638 4623 666 4676 ὁ
691 4624 872 4695 γέρων
894 4643 908 4656 ο
941 4627 1230 4698 Ὑπάγετε.
1259 4629 1370 4684 Kal
1401 4631 1586 4686 λοιπὸν
1614 4635 1838 4704 αἰσχυν-

259 4708 434 4776 θέντες
487 4713 744 4785 ἀνεχώρη
752 4732 869 4771 σαν.

323 4810 428 4873 κη’.
469 4807 787 4876 Διηγήσατό
815 4824 899 4870 τις
927 4808 1034 4863 τῶν
1073 4812 1362 4885 Πατέρων,
1400 4817 1526 4890 περὶ
1555 4817 1648 4871 τοῦ
1695 4819 1840 4872 esse

258 4890 531 4966 Θεοδώρου
563 4894 662 4948 τοῦ
701 4897 800 4968 τῆς
825 4898 1066 4971 Φέρμης,
1107 4905 1190 4956 ὅτι
1237 4900 1439 4960 Ἦλθον
1473 4925 1605 4962 ποτε
1658 4910 1840 4980 δείλης

259 4985 388 5056 πρδς
421 4987 624 5052 αὐτὸν,
660 4988 755 5042 καὶ
799 4983 959 5063 εὗρον
993 4995 1156 5047 αὑτὸν
1199 4998 1470 5068 φοροῦντα
1501 5003 1840 5072 κεκομμένον

261 5076 540 5148 λεείτωνα,
575 5082 669 5137 καὶ
709 5084 774 5137 τὸ
811 5085 1007 5156 στῆθος
1040 5089 1205 5142 αὑτοῦ
1247 5092 1472 5162 γυμνὸν,
1511 5095 1603 5147 καὶ
1637 5095 1698 5148 τὸ
1743 5112 1838 5148 κο-

263 5169 462 5258 κούλιον
501 5173 672 5228 αὑτοῦ
701 5174 1034 5247 ἔμπροσθεν.
1071 5180 1181 5232 Kal
1210 5181 1318 5234 ἰδού
1334 5201 1422 5248 τις
1461 5185 1654 5258 Κόμης
1679 5183 1843 5258 ἦλθεν

267 5257 380 5317 ἰδεῖν
400 5265 584 5322 αὐτόν.
614 5268 730 5321 .Kal
768 5267 1099 5338 κρούσαντος
1123 5273 1310 5336 αὐτοῦ,
1344 5275 1568 5346 ἐξῆλθεν
1663 5257 1840 5350 γέρων

261 5348 476 5422 ἀνοῖξαι,
512 5359 610 5412 καὶ
639 5359 970 5430 ἀπαντήσας
1003 5361 1152 5434 αὐτῷ
1205 5365 1458 5420 ἐκάθισεν
1497 5372 1576 5434 εἰς
1616 5373 1713 5443 τὴν
1748 5373 1842 5426 Θύ-

273 5456 360 5510 pav
388 5448 566 5505 λαλεῖν
600 5452 776 5524 αὐτῷ.
821 5453 936 5507 Kal
975 5454 1164 5509 ἔλαϐον
1193 5457 1384 5530 κόμμα
1423 5464 1714 5535 μαφορίου,
1747 5469 1840 5520 καὶ

357 5599 466 5660 ³Α1.
495 5610 663 5667 inscr.
702 5609 1074 5682 λειτουργίας.
1153 5612 1174 5645 ⁴
1201 5615 1285 5668 Al.
1315 5615 1485 5672 inser.
1516 5619 1730 5688 γέγονε.

327 5744 427 5824 (δθ)
461 5749 566 5810 Vit.
603 5754 759 5810 Patr.
800 5767 902 5819 vlt,
935 5754 988 5808 6.

1949 4542 2110 4596 Solve
2145 4561 2264 4598 nos.
2305 4545 2442 4600 Tum
2481 4547 2546 4600 ad
2585 4565 2682 4603 eos
2718 4564 2882 4604 senex
2926 4568 2938 4604 :
2975 4550 3158 4605 Abite.
3197 4549 3330 4604 Dein
3370 4551 3527 4622 igno-

1946 4633 2115 4686 minia
2150 4633 2355 4701 allecti,
2378 4637 2776 4694 discesserunt.

2015 4830 2105 4884 2.8.
2147 4830 2402 4887 Narravit
2428 4833 2652 4890 Patrum
2677 4839 2880 4910 aliquis
2903 4840 2971 4896 de
2996 4844 3192 4899 abbate
3217 4843 3528 4910 Theodoro,

1947 4921 2042 4975 illo
2074 4937 2104 4976 e
2138 4921 2372 4980 Plicrine
2403 4944 2416 4980 :
2449 4925 2582 4982 Veni
2613 4931 2911 5000 aliquando
2945 4937 3010 4990 ad
3048 4953 3172 4991 eum
3209 4940 3312 4994 sub
3341 4956 3532 5010 vespe-

1949 5025 2090 5076 ram,
2129 5020 2183 5066 et
2229 5013 2410 5068 inveni
2456 5016 2706 5074 indutum
2753 5021 2990 5079 lcvitone
3035 5027 3234 5091 lacero,
3275 5031 3532 5098 nudoque

1949 5115 2068 5158 erat
2107 5113 2356 5176 pectore,
2393 5111 2666 5164 cucullam
2709 5113 2920 5170 habens
2955 5127 3081 5172 ante
3115 5135 3192 5174 se.
3229 5119 3367 5173 Tum
3404 5137 3532 5174 ecce

1949 5207 2136 5250 comes
2177 5197 2400 5265 quidam
2447 5203 2702 5269 accessit,
2745 5214 2806 5258 ut
2845 5207 3055 5262 videret
3096 5225 3240 5264 eunt.
3288 5215 3530 5282 Cumque

1947 5289 2259 5354 pulsasset,
2290 5290 2460 5346 exivit
2494 5307 2660 5349 senex
2696 5297 2762 5350 ad
2801 5301 3182 5368 aperiendum.
3216 5301 3279 5356 Et
3314 5305 3530 5360 obvium

1949 5376 2158 5448 factus,
2213 5383 2357 5437 sedit
2415 5385 2470 5438 in
2522 5387 2693 5458 porta'
2730 5406 2856 5444 cum
2913 5393 3004 5446 illo
3059 5395 3361 5451 locuturus.
3417 5396 3530 5469 Ego

1951 5475 2166 5543 sumpsi
2197 5491 2418 5546 segmen
2449 5479 2724 5544 mafortis,
2749 5486 3076 5556 contexique
3101 5486 3362 5547 humeros
3386 5493 3529 5563 eius.

2026 5771 2136 5841 (το)
2188 5769 2291 5825 ru.
2339 5771 2486 5828 Patr.
2517 5789 2604 5844 xv,
2633 5774 2737 5840 ευ
2776 5789 2870 5834 ru.
2897 5775 2988 5848 δε,
3023 5779 3077 5836 ι.
