  <div class='ocr_page' id='page_1' title='image "/cluster/home/n/w/nwhite01/storage/ocr_20150623/65/mdp.39015008972203/103.png"; bbox 0 0 4032 6334; ppageno 0'>
   <div class='ocr_carea' id='block_1_1' title="bbox 478 299 584 360">
    <p class='ocr_par' dir='ltr' id='par_1_1' title="bbox 478 299 584 360">
     <span class='ocr_line' id='line_1_1' title="bbox 478 299 584 360; baseline 0 -1"><span class='ocrx_word' id='word_1_1' title='bbox 478 299 584 360; x_wconf 66' lang='grc'><strong>195</strong></span> 
     </span>
    </p>
   </div>
   <div class='ocr_carea' id='block_1_2' title="bbox 1655 289 2587 352">
    <p class='ocr_par' dir='ltr' id='par_1_2' title="bbox 1655 289 2587 352">
     <span class='ocr_line' id='line_1_2' title="bbox 1655 289 2587 352; baseline 0.006 -6"><span class='ocrx_word' id='word_1_2' title='bbox 1655 289 1999 347; x_wconf 83' lang='lat' dir='ltr'><strong>APPENDIX</strong></span> <span class='ocrx_word' id='word_1_3' title='bbox 2040 291 2132 348; x_wconf 86' lang='lat' dir='ltr'><strong>AD</strong></span> <span class='ocrx_word' id='word_1_4' title='bbox 2170 292 2587 352; x_wconf 78' lang='lat' dir='ltr'><strong>PALLADIUM.</strong></span> 
     </span>
    </p>
   </div>
   <div class='ocr_carea' id='block_1_3' title="bbox 3654 302 3763 360">
    <p class='ocr_par' dir='ltr' id='par_1_3' title="bbox 3654 302 3763 360">
     <span class='ocr_line' id='line_1_3' title="bbox 3654 302 3763 360; baseline -0.055 1"><span class='ocrx_word' id='word_1_5' title='bbox 3654 302 3763 360; x_wconf 69' lang='grc'><strong>196</strong></span> 
     </span>
    </p>
   </div>
   <div class='ocr_carea' id='block_1_4' title="bbox 481 403 2085 486">
    <p class='ocr_par' dir='ltr' id='par_1_4' title="bbox 481 403 2061 476">
     <span class='ocr_line' id='line_1_4' title="bbox 481 403 2061 476; baseline -0.004 -10"><span class='ocrx_word' id='word_1_6' title='bbox 481 411 555 468; x_wconf 92' lang='lat' dir='ltr'><strong>At</strong></span> <span class='ocrx_word' id='word_1_7' title='bbox 594 423 758 466; x_wconf 60' lang='lat' dir='ltr'><strong>senex</strong></span> <span class='ocrx_word' id='word_1_8' title='bbox 798 415 1028 465; x_wconf 83' lang='lat' dir='ltr'><strong>extensa</strong></span> <span class='ocrx_word' id='word_1_9' title='bbox 1069 423 1267 472; x_wconf 88' lang='lat' dir='ltr'><strong>manu,</strong></span> <span class='ocrx_word' id='word_1_10' title='bbox 1308 405 1439 460; x_wconf 91' lang='lat' dir='ltr'><strong>illud</strong></span> <span class='ocrx_word' id='word_1_11' title='bbox 1476 403 1729 476; x_wconf 83' lang='lat' dir='ltr'><strong>projeeit.</strong></span> <span class='ocrx_word' id='word_1_12' title='bbox 1761 403 2061 476; x_wconf 77' lang='lat' dir='ltr'><strong>Postquam</strong></span> 
     </span>
    </p>
   </div>
   <div class='ocr_carea' id='block_1_5' title="bbox 2193 403 3763 486">
    <p class='ocr_par' dir='ltr' id='par_1_5' title="bbox 2202 407 3763 486">
     <span class='ocr_line' id='line_1_5' title="bbox 2202 407 3763 486; baseline 0.007 -26"><span class='ocrx_word' id='word_1_13' title='bbox 2202 407 2452 463; x_wconf 83' lang='grc' dir='ltr'>σκέπασα</span> <span class='ocrx_word' id='word_1_14' title='bbox 2487 409 2614 473; x_wconf 84' lang='grc' dir='ltr'>τοὺς</span> <span class='ocrx_word' id='word_1_15' title='bbox 2655 409 2840 480; x_wconf 79' lang='grc' dir='ltr'>ὡμους</span> <span class='ocrx_word' id='word_1_16' title='bbox 2877 410 3066 468; x_wconf 76' lang='grc' dir='ltr'>αὑτοῦ.</span> <span class='ocrx_word' id='word_1_17' title='bbox 3105 413 3162 467; x_wconf 91' lang='grc' dir='ltr'>Ὀ</span> <span class='ocrx_word' id='word_1_18' title='bbox 3197 412 3252 470; x_wconf 81' lang='grc' dir='ltr'>δὲ</span> <span class='ocrx_word' id='word_1_19' title='bbox 3291 413 3470 486; x_wconf 86' lang='grc' dir='ltr'>γέρων</span> <span class='ocrx_word' id='word_1_20' title='bbox 3527 414 3763 483; x_wconf 71' lang='grc' dir='ltr'>ἐξέτεινε</span> 
     </span>
    </p>
   </div>
   <div class='ocr_carea' id='block_1_6' title="bbox 479 496 2060 568">
    <p class='ocr_par' dir='ltr' id='par_1_6' title="bbox 479 496 2060 568">
     <span class='ocr_line' id='line_1_6' title="bbox 479 496 2060 568; baseline -0.004 -9"><span class='ocrx_word' id='word_1_21' title='bbox 479 512 664 559; x_wconf 81' lang='lat' dir='ltr'><strong>autem</strong></span> <span class='ocrx_word' id='word_1_22' title='bbox 691 503 1040 558; x_wconf 74' lang='lat' dir='ltr'><strong>discessisset</strong></span> <span class='ocrx_word' id='word_1_23' title='bbox 1066 516 1272 562; x_wconf 92' lang='lat' dir='ltr'><strong>comes,</strong></span> <span class='ocrx_word' id='word_1_24' title='bbox 1297 499 1411 554; x_wconf 81' lang='lat' dir='ltr'><strong>dixi</strong></span> <span class='ocrx_word' id='word_1_25' title='bbox 1437 498 1490 562; x_wconf 82' lang='lat' dir='ltr'><strong>ei</strong></span> <span class='ocrx_word' id='word_1_26' title='bbox 1515 517 1528 553; x_wconf 89' lang='lat'><strong>:</strong></span> <span class='ocrx_word' id='word_1_27' title='bbox 1554 496 1730 564; x_wconf 87' lang='lat' dir='ltr'><strong>Abba,</strong></span> <span class='ocrx_word' id='word_1_28' title='bbox 1753 513 1927 568; x_wconf 86' lang='lat' dir='ltr'><strong>quare</strong></span> <span class='ocrx_word' id='word_1_29' title='bbox 1955 498 2060 553; x_wconf 88' lang='lat' dir='ltr'><strong>hoc</strong></span> 
     </span>
    </p>
   </div>
   <div class='ocr_carea' id='block_1_7' title="bbox 479 590 2064 668">
    <p class='ocr_par' dir='ltr' id='par_1_7' title="bbox 479 590 2064 668">
     <span class='ocr_line' id='line_1_7' title="bbox 479 590 2064 668; baseline -0.005 -16"><span class='ocrx_word' id='word_1_30' title='bbox 479 596 675 668; x_wconf 79' lang='lat' dir='ltr'><strong>egisti?</strong></span> <span class='ocrx_word' id='word_1_31' title='bbox 697 594 857 650; x_wconf 80' lang='lat' dir='ltr'><strong>Venit</strong></span> <span class='ocrx_word' id='word_1_32' title='bbox 887 595 1080 658; x_wconf 85' lang='lat' dir='ltr'><strong>homo,</strong></span> <span class='ocrx_word' id='word_1_33' title='bbox 1109 599 1168 646; x_wconf 92' lang='lat' dir='ltr'><strong>ut</strong></span> <span class='ocrx_word' id='word_1_34' title='bbox 1197 591 1485 662; x_wconf 88' lang='lat' dir='ltr'><strong>proliceret</strong></span> <span class='ocrx_word' id='word_1_35' title='bbox 1521 609 1534 646; x_wconf 89' lang='lat'><strong>:</strong></span> <span class='ocrx_word' id='word_1_36' title='bbox 1568 590 1816 661; x_wconf 85' lang='lat' dir='ltr'><strong>nunquid</strong></span> <span class='ocrx_word' id='word_1_37' title='bbox 1844 606 1976 646; x_wconf 90' lang='lat' dir='ltr'><strong>vero</strong></span> <span class='ocrx_word' id='word_1_38' title='bbox 2005 598 2064 645; x_wconf 92' lang='lat' dir='ltr'><strong>ut</strong></span> 
     </span>
    </p>
   </div>
   <div class='ocr_carea' id='block_1_8' title="bbox 482 681 2064 756">
    <p class='ocr_par' dir='ltr' id='par_1_8' title="bbox 482 681 2064 756">
     <span class='ocr_line' id='line_1_8' title="bbox 482 681 2064 756; baseline -0.004 -11"><span class='ocrx_word' id='word_1_39' title='bbox 482 688 801 745; x_wconf 76' lang='lat' dir='ltr'><strong>scandalum</strong></span> <span class='ocrx_word' id='word_1_40' title='bbox 845 685 1153 756; x_wconf 89' lang='lat' dir='ltr'><strong>pateretur?</strong></span> <span class='ocrx_word' id='word_1_41' title='bbox 1186 682 1492 754; x_wconf 78' lang='lat' dir='ltr'><strong>Respondit</strong></span> <span class='ocrx_word' id='word_1_42' title='bbox 1531 699 1694 748; x_wconf 74' lang='lat' dir='ltr'><strong>senex</strong></span> <span class='ocrx_word' id='word_1_43' title='bbox 1738 701 1751 737; x_wconf 92' lang='lat'><strong>:</strong></span> <span class='ocrx_word' id='word_1_44' title='bbox 1791 681 1933 750; x_wconf 87' lang='lat' dir='ltr'><strong>Quid</strong></span> <span class='ocrx_word' id='word_1_45' title='bbox 1982 683 2064 738; x_wconf 91' lang='lat' dir='ltr'><strong>ais</strong></span> 
     </span>
    </p>
   </div>
   <div class='ocr_carea' id='block_1_9' title="bbox 482 772 2066 844">
    <p class='ocr_par' dir='ltr' id='par_1_9' title="bbox 482 772 2066 844">
     <span class='ocr_line' id='line_1_9' title="bbox 482 772 2066 844; baseline -0.004 -11"><span class='ocrx_word' id='word_1_46' title='bbox 482 777 638 844; x_wconf 88' lang='lat' dir='ltr'><strong>mihi,</strong></span> <span class='ocrx_word' id='word_1_47' title='bbox 671 777 844 831; x_wconf 90' lang='lat' dir='ltr'><strong>abba?</strong></span> <span class='ocrx_word' id='word_1_48' title='bbox 875 775 1190 830; x_wconf 74' lang='lat' dir='ltr'><strong>Etiamnum</strong></span> <span class='ocrx_word' id='word_1_49' title='bbox 1228 774 1544 829; x_wconf 90' lang='lat' dir='ltr'><strong>hominibus</strong></span> <span class='ocrx_word' id='word_1_50' title='bbox 1573 774 1880 832; x_wconf 82' lang='lat' dir='ltr'><strong>servimus?</strong></span> <span class='ocrx_word' id='word_1_51' title='bbox 1909 772 2066 829; x_wconf 83' lang='lat' dir='ltr'><strong>Feci-</strong></span> 
     </span>
    </p>
   </div>
   <div class='ocr_carea' id='block_1_10' title="bbox 483 862 2065 937">
    <p class='ocr_par' dir='ltr' id='par_1_10' title="bbox 483 862 2065 937">
     <span class='ocr_line' id='line_1_10' title="bbox 483 862 2065 937; baseline -0.004 -15"><span class='ocrx_word' id='word_1_52' title='bbox 483 884 609 922; x_wconf 90' lang='lat' dir='ltr'><strong>mus</strong></span> <span class='ocrx_word' id='word_1_53' title='bbox 657 867 804 937; x_wconf 85' lang='lat' dir='ltr'><strong>quod</strong></span> <span class='ocrx_word' id='word_1_54' title='bbox 852 866 996 921; x_wconf 81' lang='lat' dir='ltr'><strong>laeto</strong></span> <span class='ocrx_word' id='word_1_55' title='bbox 1039 880 1178 934; x_wconf 92' lang='lat' dir='ltr'><strong>opus</strong></span> <span class='ocrx_word' id='word_1_56' title='bbox 1220 871 1373 930; x_wconf 91' lang='lat' dir='ltr'><strong>erat;</strong></span> <span class='ocrx_word' id='word_1_57' title='bbox 1415 863 1483 918; x_wconf 93' lang='lat' dir='ltr'><strong>de</strong></span> <span class='ocrx_word' id='word_1_58' title='bbox 1525 864 1740 932; x_wconf 89' lang='lat' dir='ltr'><strong>reliquo</strong></span> <span class='ocrx_word' id='word_1_59' title='bbox 1784 862 2065 931; x_wconf 66' lang='lat' dir='ltr'><strong>prazteriit.</strong></span> 
     </span>
    </p>
   </div>
   <div class='ocr_carea' id='block_1_11' title="bbox 483 956 2066 1028">
    <p class='ocr_par' dir='ltr' id='par_1_11' title="bbox 483 956 2066 1028">
     <span class='ocr_line' id='line_1_11' title="bbox 483 956 2066 1028; baseline -0.001 -16"><span class='ocrx_word' id='word_1_60' title='bbox 483 958 585 1025; x_wconf 85' lang='lat' dir='ltr'><strong>Qui</strong></span> <span class='ocrx_word' id='word_1_61' title='bbox 621 959 738 1011; x_wconf 91' lang='lat' dir='ltr'><strong>vult</strong></span> <span class='ocrx_word' id='word_1_62' title='bbox 779 957 1084 1028; x_wconf 83' lang='lat' dir='ltr'><strong>proﬁcere,</strong></span> <span class='ocrx_word' id='word_1_63' title='bbox 1125 957 1413 1028; x_wconf 83' lang='lat' dir='ltr'><strong>proﬁciat;</strong></span> <span class='ocrx_word' id='word_1_64' title='bbox 1451 957 1546 1028; x_wconf 90' lang='lat' dir='ltr'><strong>qui</strong></span> <span class='ocrx_word' id='word_1_65' title='bbox 1584 959 1700 1012; x_wconf 84' lang='lat' dir='ltr'><strong>vult</strong></span> <span class='ocrx_word' id='word_1_66' title='bbox 1744 956 2066 1011; x_wconf 81' lang='lat' dir='ltr'><strong>scandalum</strong></span> 
     </span>
    </p>
   </div>
   <div class='ocr_carea' id='block_1_12' title="bbox 484 1048 2067 1122">
    <p class='ocr_par' dir='ltr' id='par_1_12' title="bbox 484 1048 2067 1122">
     <span class='ocr_line' id='line_1_12' title="bbox 484 1048 2067 1122; baseline -0.001 -18"><span class='ocrx_word' id='word_1_67' title='bbox 484 1053 633 1122; x_wconf 86' lang='lat' dir='ltr'><strong>pati,</strong></span> <span class='ocrx_word' id='word_1_68' title='bbox 676 1052 936 1122; x_wconf 86' lang='lat' dir='ltr'><strong>patiatur.</strong></span> <span class='ocrx_word' id='word_1_69' title='bbox 975 1052 1090 1121; x_wconf 85' lang='lat' dir='ltr'><strong>Ego</strong></span> <span class='ocrx_word' id='word_1_70' title='bbox 1122 1067 1252 1106; x_wconf 90' lang='lat' dir='ltr'><strong>vero</strong></span> <span class='ocrx_word' id='word_1_71' title='bbox 1286 1066 1396 1120; x_wconf 92' lang='lat' dir='ltr'><strong>quo</strong></span> <span class='ocrx_word' id='word_1_72' title='bbox 1436 1051 1490 1106; x_wconf 93' lang='lat' dir='ltr'><strong>in</strong></span> <span class='ocrx_word' id='word_1_73' title='bbox 1533 1049 1720 1104; x_wconf 86' lang='lat' dir='ltr'><strong>habitu</strong></span> <span class='ocrx_word' id='word_1_74' title='bbox 1758 1048 1946 1115; x_wconf 85' lang='lat' dir='ltr'><strong>fuero,</strong></span> <span class='ocrx_word' id='word_1_75' title='bbox 1991 1049 2067 1103; x_wconf 91' lang='lat' dir='ltr'><strong>ita</strong></span> 
     </span>
    </p>
   </div>
   <div class='ocr_carea' id='block_1_13' title="bbox 483 1140 2070 1212">
    <p class='ocr_par' dir='ltr' id='par_1_13' title="bbox 483 1140 2070 1212">
     <span class='ocr_line' id='line_1_13' title="bbox 483 1140 2070 1212; baseline -0.002 -14"><span class='ocrx_word' id='word_1_76' title='bbox 483 1159 787 1199; x_wconf 87' lang='lat' dir='ltr'><strong>occurram.</strong></span> <span class='ocrx_word' id='word_1_77' title='bbox 843 1143 1192 1198; x_wconf 88' lang='lat' dir='ltr'><strong>Denuntiavit</strong></span> <span class='ocrx_word' id='word_1_78' title='bbox 1245 1153 1428 1198; x_wconf 89' lang='lat' dir='ltr'><strong>autem</strong></span> <span class='ocrx_word' id='word_1_79' title='bbox 1479 1142 1751 1212; x_wconf 91' lang='lat' dir='ltr'><strong>discipulo</strong></span> <span class='ocrx_word' id='word_1_80' title='bbox 1797 1157 1933 1206; x_wconf 91' lang='lat' dir='ltr'><strong>suo,</strong></span> <span class='ocrx_word' id='word_1_81' title='bbox 1981 1140 2070 1195; x_wconf 84' lang='lat' dir='ltr'><strong>di-</strong></span> 
     </span>
    </p>
   </div>
   <div class='ocr_carea' id='block_1_14' title="bbox 481 1234 2065 1307">
    <p class='ocr_par' dir='ltr' id='par_1_14' title="bbox 481 1234 2065 1307">
     <span class='ocr_line' id='line_1_14' title="bbox 481 1234 2065 1307; baseline -0.001 -15"><span class='ocrx_word' id='word_1_82' title='bbox 481 1253 613 1292; x_wconf 87' lang='lat' dir='ltr'><strong>cens</strong></span> <span class='ocrx_word' id='word_1_83' title='bbox 645 1256 657 1291; x_wconf 92' lang='lat'>:</span> <span class='ocrx_word' id='word_1_84' title='bbox 695 1235 753 1290; x_wconf 91' lang='lat' dir='ltr'><strong>Si</strong></span> <span class='ocrx_word' id='word_1_85' title='bbox 789 1238 913 1307; x_wconf 91' lang='lat' dir='ltr'><strong>quis</strong></span> <span class='ocrx_word' id='word_1_86' title='bbox 947 1236 1252 1301; x_wconf 71' lang='lat' dir='ltr'><strong>advenerit,</strong></span> <span class='ocrx_word' id='word_1_87' title='bbox 1283 1234 1468 1290; x_wconf 89' lang='lat' dir='ltr'><strong>videre</strong></span> <span class='ocrx_word' id='word_1_88' title='bbox 1503 1250 1587 1290; x_wconf 87' lang='lat' dir='ltr'><strong>me</strong></span> <span class='ocrx_word' id='word_1_89' title='bbox 1619 1235 1962 1298; x_wconf 89' lang='lat' dir='ltr'><strong>desiderans,</strong></span> <span class='ocrx_word' id='word_1_90' title='bbox 1996 1250 2065 1290; x_wconf 91' lang='lat' dir='ltr'><strong>ne</strong></span> 
     </span>
    </p>
   </div>
   <div class='ocr_carea' id='block_1_15' title="bbox 483 1327 2067 1400">
    <p class='ocr_par' dir='ltr' id='par_1_15' title="bbox 483 1327 2067 1400">
     <span class='ocr_line' id='line_1_15' title="bbox 483 1327 2067 1400; baseline -0.001 -16"><span class='ocrx_word' id='word_1_91' title='bbox 483 1331 588 1400; x_wconf 91' lang='lat' dir='ltr'><strong>ipsi</strong></span> <span class='ocrx_word' id='word_1_92' title='bbox 631 1331 878 1399; x_wconf 90' lang='lat' dir='ltr'><strong>loquaris</strong></span> <span class='ocrx_word' id='word_1_93' title='bbox 919 1329 1199 1399; x_wconf 86' lang='lat' dir='ltr'><strong>quidpiam</strong></span> <span class='ocrx_word' id='word_1_94' title='bbox 1247 1345 1437 1383; x_wconf 91' lang='lat' dir='ltr'><strong>eorum</strong></span> <span class='ocrx_word' id='word_1_95' title='bbox 1479 1343 1602 1398; x_wconf 75' lang='lat' dir='ltr'><strong>qua:</strong></span> <span class='ocrx_word' id='word_1_96' title='bbox 1644 1327 1894 1382; x_wconf 79' lang='lat' dir='ltr'><strong>homines</strong></span> <span class='ocrx_word' id='word_1_97' title='bbox 1937 1343 2067 1398; x_wconf 86' lang='lat' dir='ltr'><strong>pro-</strong></span> 
     </span>
    </p>
   </div>
   <div class='ocr_carea' id='block_1_16' title="bbox 483 1417 2068 1486">
    <p class='ocr_par' dir='ltr' id='par_1_16' title="bbox 483 1417 2068 1486">
     <span class='ocr_line' id='line_1_16' title="bbox 483 1417 2068 1486; baseline -0.001 -12"><span class='ocrx_word' id='word_1_98' title='bbox 483 1420 626 1476; x_wconf 80' lang='lat' dir='ltr'><strong>ferre</strong></span> <span class='ocrx_word' id='word_1_99' title='bbox 668 1423 877 1486; x_wconf 82' lang='lat' dir='ltr'><strong>solent;</strong></span> <span class='ocrx_word' id='word_1_100' title='bbox 928 1419 1022 1474; x_wconf 91' lang='lat' dir='ltr'><strong>sed</strong></span> <span class='ocrx_word' id='word_1_101' title='bbox 1068 1419 1113 1473; x_wconf 90' lang='lat' dir='ltr'><strong>si</strong></span> <span class='ocrx_word' id='word_1_102' title='bbox 1163 1419 1481 1485; x_wconf 86' lang='lat' dir='ltr'><strong>comedero,</strong></span> <span class='ocrx_word' id='word_1_103' title='bbox 1532 1418 1654 1482; x_wconf 87' lang='lat' dir='ltr'><strong>dic,</strong></span> <span class='ocrx_word' id='word_1_104' title='bbox 1699 1417 1975 1486; x_wconf 83' lang='lat' dir='ltr'><strong>Comedit;</strong></span> <span class='ocrx_word' id='word_1_105' title='bbox 2021 1418 2068 1476; x_wconf 89' lang='lat' dir='ltr'><strong>si</strong></span> 
     </span>
    </p>
   </div>
   <div class='ocr_carea' id='block_1_17' title="bbox 481 1512 1050 1576">
    <p class='ocr_par' dir='ltr' id='par_1_17' title="bbox 481 1512 1050 1576">
     <span class='ocr_line' id='line_1_17' title="bbox 481 1512 1050 1576; baseline -0.004 -8"><span class='ocrx_word' id='word_1_106' title='bbox 481 1514 780 1576; x_wconf 86' lang='lat' dir='ltr'><strong>dormiero,</strong></span> <span class='ocrx_word' id='word_1_107' title='bbox 820 1512 1050 1566; x_wconf 84' lang='lat' dir='ltr'><strong>Dormit.</strong></span> 
     </span>
    </p>
   </div>
   <div class='ocr_carea' id='block_1_18' title="bbox 553 1598 2129 1672">
    <p class='ocr_par' dir='ltr' id='par_1_18' title="bbox 553 1598 2129 1672">
     <span class='ocr_line' id='line_1_18' title="bbox 553 1598 2129 1672; baseline -0.001 -14"><span class='ocrx_word' id='word_1_108' title='bbox 553 1605 646 1662; x_wconf 71' lang='lat'><strong>29.</strong></span> <span class='ocrx_word' id='word_1_109' title='bbox 691 1605 975 1658; x_wconf 87' lang='lat' dir='ltr'><strong>lrt&#39;uerunt</strong></span> <span class='ocrx_word' id='word_1_110' title='bbox 1016 1601 1310 1672; x_wconf 85' lang='lat' dir='ltr'><strong>aliquando</strong></span> <span class='ocrx_word' id='word_1_111' title='bbox 1343 1601 1397 1654; x_wconf 91' lang='lat' dir='ltr'><strong>in</strong></span> <span class='ocrx_word' id='word_1_112' title='bbox 1435 1599 1586 1654; x_wconf 89' lang='lat' dir='ltr'><strong>illum</strong></span> <span class='ocrx_word' id='word_1_113' title='bbox 1624 1598 1868 1656; x_wconf 84' lang='lat' dir='ltr'><strong>latrones</strong></span> <span class='ocrx_word' id='word_1_114' title='bbox 1903 1607 2018 1654; x_wconf 88' lang='lat' dir='ltr'><strong>tres</strong></span> <span class='ocrx_word' id='word_1_115' title='bbox 2052 1617 2069 1655; x_wconf 90' lang='lat'><strong>:</strong></span> <span class='ocrx_word' id='word_1_116' title='bbox 2125 1651 2129 1656; x_wconf 77' lang='lat'><strong><em>,</em></strong></span> 
     </span>
    </p>
   </div>
   <div class='ocr_carea' id='block_1_19' title="bbox 483 1692 2075 1768">
    <p class='ocr_par' dir='ltr' id='par_1_19' title="bbox 483 1692 2075 1768">
     <span class='ocr_line' id='line_1_19' title="bbox 483 1692 2075 1768; baseline -0.003 -17"><span class='ocrx_word' id='word_1_117' title='bbox 483 1713 721 1768; x_wconf 91' lang='lat' dir='ltr'><strong>quorum</strong></span> <span class='ocrx_word' id='word_1_118' title='bbox 759 1698 868 1751; x_wconf 89' lang='lat' dir='ltr'><strong>duo</strong></span> <span class='ocrx_word' id='word_1_119' title='bbox 904 1696 1164 1751; x_wconf 90' lang='lat' dir='ltr'><strong>tenebant</strong></span> <span class='ocrx_word' id='word_1_120' title='bbox 1196 1709 1344 1761; x_wconf 85' lang='lat' dir='ltr'><strong>eum,</strong></span> <span class='ocrx_word' id='word_1_121' title='bbox 1374 1693 1569 1750; x_wconf 89' lang='lat' dir='ltr'><strong>tertius</strong></span> <span class='ocrx_word' id='word_1_122' title='bbox 1598 1708 1728 1748; x_wconf 90' lang='lat' dir='ltr'><strong>vero</strong></span> <span class='ocrx_word' id='word_1_123' title='bbox 1759 1692 2075 1762; x_wconf 88' lang='lat' dir='ltr'><strong>supellecti-</strong></span> 
     </span>
    </p>
   </div>
   <div class='ocr_carea' id='block_1_20' title="bbox 484 1765 2147 1859">
    <p class='ocr_par' dir='ltr' id='par_1_20' title="bbox 484 1765 2147 1859">
     <span class='ocr_line' id='line_1_20' title="bbox 484 1765 2147 1859; baseline -0.002 -15"><span class='ocrx_word' id='word_1_124' title='bbox 484 1765 591 1844; x_wconf 77' lang='lat' dir='ltr'><strong>lem</strong></span> <span class='ocrx_word' id='word_1_125' title='bbox 620 1791 740 1859; x_wconf 87' lang='lat' dir='ltr'><strong>ejus</strong></span> <span class='ocrx_word' id='word_1_126' title='bbox 771 1789 1071 1844; x_wconf 87' lang='lat' dir='ltr'><strong>aulerebat.</strong></span> <span class='ocrx_word' id='word_1_127' title='bbox 1101 1787 1398 1857; x_wconf 89' lang='lat' dir='ltr'><strong>Postquam</strong></span> <span class='ocrx_word' id='word_1_128' title='bbox 1431 1793 1614 1841; x_wconf 91' lang='lat' dir='ltr'><strong>autem</strong></span> <span class='ocrx_word' id='word_1_129' title='bbox 1644 1786 1839 1841; x_wconf 81' lang='lat' dir='ltr'><strong>extulit</strong></span> <span class='ocrx_word' id='word_1_130' title='bbox 1869 1785 2066 1851; x_wconf 89' lang='lat' dir='ltr'><strong>libros,</strong></span> <span class='ocrx_word' id='word_1_131' title='bbox 2103 1765 2147 1819; x_wconf 77' lang='grc' dir='ltr'>Β</span> 
     </span>
    </p>
   </div>
   <div class='ocr_carea' id='block_1_21' title="bbox 484 1877 2071 1951">
    <p class='ocr_par' dir='ltr' id='par_1_21' title="bbox 484 1877 2071 1951">
     <span class='ocr_line' id='line_1_21' title="bbox 484 1877 2071 1951; baseline -0.003 -14"><span class='ocrx_word' id='word_1_132' title='bbox 484 1883 658 1937; x_wconf 87' lang='lat' dir='ltr'><strong>voluit</strong></span> <span class='ocrx_word' id='word_1_133' title='bbox 699 1882 989 1937; x_wconf 88' lang='lat' dir='ltr'><strong>levitonem</strong></span> <span class='ocrx_word' id='word_1_134' title='bbox 1029 1895 1246 1951; x_wconf 90' lang='lat' dir='ltr'><strong>quoque</strong></span> <span class='ocrx_word' id='word_1_135' title='bbox 1282 1893 1520 1934; x_wconf 83' lang='lat' dir='ltr'><strong>sumere.</strong></span> <span class='ocrx_word' id='word_1_136' title='bbox 1562 1878 1719 1932; x_wconf 93' lang='lat' dir='ltr'><strong>Tunc</strong></span> <span class='ocrx_word' id='word_1_137' title='bbox 1757 1878 1896 1932; x_wconf 82' lang='lat' dir='ltr'><strong>dixit</strong></span> <span class='ocrx_word' id='word_1_138' title='bbox 1941 1877 2021 1933; x_wconf 87' lang='lat' dir='ltr'><strong>eis</strong></span> <span class='ocrx_word' id='word_1_139' title='bbox 2056 1895 2071 1932; x_wconf 87' lang='lat'><strong>:</strong></span> 
     </span>
    </p>
   </div>
   <div class='ocr_carea' id='block_1_22' title="bbox 487 1969 2074 2041">
    <p class='ocr_par' dir='ltr' id='par_1_22' title="bbox 487 1969 2074 2041">
     <span class='ocr_line' id='line_1_22' title="bbox 487 1969 2074 2041; baseline -0.004 -11"><span class='ocrx_word' id='word_1_140' title='bbox 487 1975 604 2031; x_wconf 79' lang='lat' dir='ltr'><strong>[loc</strong></span> <span class='ocrx_word' id='word_1_141' title='bbox 635 1975 913 2030; x_wconf 89' lang='lat' dir='ltr'><strong>dimittite.</strong></span> <span class='ocrx_word' id='word_1_142' title='bbox 945 1973 1012 2028; x_wconf 90' lang='lat' dir='ltr'><strong>At</strong></span> <span class='ocrx_word' id='word_1_143' title='bbox 1044 1973 1121 2027; x_wconf 84' lang='lat' dir='ltr'><strong>illi</strong></span> <span class='ocrx_word' id='word_1_144' title='bbox 1150 1972 1469 2027; x_wconf 89' lang='lat' dir='ltr'><strong>noluerunt.</strong></span> <span class='ocrx_word' id='word_1_145' title='bbox 1507 1969 1671 2025; x_wconf 84' lang='lat' dir='ltr'><strong>Motis</strong></span> <span class='ocrx_word' id='word_1_146' title='bbox 1703 1969 1867 2041; x_wconf 81' lang='lat' dir='ltr'><strong>igitur</strong></span> <span class='ocrx_word' id='word_1_147' title='bbox 1897 1971 2074 2024; x_wconf 90' lang='lat' dir='ltr'><strong>mani-</strong></span> 
     </span>
    </p>
   </div>
   <div class='ocr_carea' id='block_1_23' title="bbox 485 2063 2072 2134">
    <p class='ocr_par' dir='ltr' id='par_1_23' title="bbox 485 2063 2072 2134">
     <span class='ocr_line' id='line_1_23' title="bbox 485 2063 2072 2134; baseline -0.006 -8"><span class='ocrx_word' id='word_1_148' title='bbox 485 2069 592 2126; x_wconf 85' lang='lat' dir='ltr'><strong>bus</strong></span> <span class='ocrx_word' id='word_1_149' title='bbox 622 2070 759 2133; x_wconf 90' lang='lat' dir='ltr'><strong>suis,</strong></span> <span class='ocrx_word' id='word_1_150' title='bbox 790 2068 912 2122; x_wconf 93' lang='lat' dir='ltr'><strong>illos</strong></span> <span class='ocrx_word' id='word_1_151' title='bbox 941 2067 1079 2122; x_wconf 89' lang='lat' dir='ltr'><strong>duos</strong></span> <span class='ocrx_word' id='word_1_152' title='bbox 1106 2065 1322 2134; x_wconf 91' lang='lat' dir='ltr'><strong>dejecit.</strong></span> <span class='ocrx_word' id='word_1_153' title='bbox 1348 2063 1505 2130; x_wconf 85' lang='lat' dir='ltr'><strong>Quod</strong></span> <span class='ocrx_word' id='word_1_154' title='bbox 1533 2071 1847 2126; x_wconf 89' lang='lat' dir='ltr'><strong>cernentes,</strong></span> <span class='ocrx_word' id='word_1_155' title='bbox 1877 2063 2072 2117; x_wconf 92' lang='lat' dir='ltr'><strong>timore</strong></span> 
     </span>
    </p>
   </div>
   <div class='ocr_carea' id='block_1_24' title="bbox 487 2151 2079 2232">
    <p class='ocr_par' dir='ltr' id='par_1_24' title="bbox 487 2151 2079 2232">
     <span class='ocr_line' id='line_1_24' title="bbox 487 2151 2079 2232; baseline -0.007 -15"><span class='ocrx_word' id='word_1_156' title='bbox 487 2161 724 2232; x_wconf 89' lang='lat' dir='ltr'><strong>correpti</strong></span> <span class='ocrx_word' id='word_1_157' title='bbox 759 2166 909 2214; x_wconf 88' lang='lat' dir='ltr'><strong>sunt.</strong></span> <span class='ocrx_word' id='word_1_158' title='bbox 944 2158 1032 2212; x_wconf 92' lang='lat' dir='ltr'><strong>Ait</strong></span> <span class='ocrx_word' id='word_1_159' title='bbox 1067 2171 1233 2211; x_wconf 80' lang='lat' dir='ltr'><strong>senex</strong></span> <span class='ocrx_word' id='word_1_160' title='bbox 1270 2175 1283 2210; x_wconf 92' lang='lat'><strong>:</strong></span> <span class='ocrx_word' id='word_1_161' title='bbox 1324 2154 1468 2209; x_wconf 73' lang='lat' dir='ltr'><strong>Nihil</strong></span> <span class='ocrx_word' id='word_1_162' title='bbox 1502 2151 1780 2219; x_wconf 90' lang='lat' dir='ltr'><strong>timeatis;</strong></span> <span class='ocrx_word' id='word_1_163' title='bbox 1819 2151 1981 2206; x_wconf 82' lang='lat' dir='ltr'><strong>facite</strong></span> <span class='ocrx_word' id='word_1_164' title='bbox 2013 2167 2079 2207; x_wconf 79' lang='lat' dir='ltr'><strong>ex</strong></span> 
     </span>
    </p>
   </div>
   <div class='ocr_carea' id='block_1_25' title="bbox 486 2244 2078 2323">
    <p class='ocr_par' dir='ltr' id='par_1_25' title="bbox 486 2244 2078 2323">
     <span class='ocr_line' id='line_1_25' title="bbox 486 2244 2078 2323; baseline -0.007 -14"><span class='ocrx_word' id='word_1_165' title='bbox 486 2253 814 2323; x_wconf 88' lang='lat' dir='ltr'><strong>supellectili</strong></span> <span class='ocrx_word' id='word_1_166' title='bbox 906 2257 1089 2321; x_wconf 92' lang='lat' dir='ltr'><strong>partes</strong></span> <span class='ocrx_word' id='word_1_167' title='bbox 1137 2255 1392 2318; x_wconf 87' lang='lat' dir='ltr'><strong>quatuor,</strong></span> <span class='ocrx_word' id='word_1_168' title='bbox 1441 2253 1554 2301; x_wconf 91' lang='lat' dir='ltr'><strong>tres</strong></span> <span class='ocrx_word' id='word_1_169' title='bbox 1604 2245 1857 2314; x_wconf 87' lang='lat' dir='ltr'><strong>accipite,</strong></span> <span class='ocrx_word' id='word_1_170' title='bbox 1905 2244 2078 2299; x_wconf 91' lang='lat' dir='ltr'><strong>relin-</strong></span> 
     </span>
    </p>
   </div>
   <div class='ocr_carea' id='block_1_26' title="bbox 487 2337 2078 2415">
    <p class='ocr_par' dir='ltr' id='par_1_26' title="bbox 487 2337 2078 2415">
     <span class='ocr_line' id='line_1_26' title="bbox 487 2337 2078 2415; baseline -0.006 -16"><span class='ocrx_word' id='word_1_171' title='bbox 487 2345 639 2415; x_wconf 87' lang='lat' dir='ltr'><strong>quite</strong></span> <span class='ocrx_word' id='word_1_172' title='bbox 670 2357 860 2397; x_wconf 90' lang='lat' dir='ltr'><strong>unam.</strong></span> <span class='ocrx_word' id='word_1_173' title='bbox 886 2340 1170 2409; x_wconf 80' lang='lat' dir='ltr'><strong>Atque‘ita</strong></span> <span class='ocrx_word' id='word_1_174' title='bbox 1205 2337 1469 2399; x_wconf 73' lang='lat' dir='ltr'><strong>fecerunt.</strong></span> <span class='ocrx_word' id='word_1_175' title='bbox 1501 2342 1562 2390; x_wconf 91' lang='lat' dir='ltr'><strong>ut</strong></span> <span class='ocrx_word' id='word_1_176' title='bbox 1592 2341 1834 2391; x_wconf 85' lang='lat' dir='ltr'><strong>sumeret</strong></span> <span class='ocrx_word' id='word_1_177' title='bbox 1869 2343 2078 2406; x_wconf 89' lang='lat' dir='ltr'><strong>partem</strong></span> 
     </span>
    </p>
   </div>
   <div class='ocr_carea' id='block_1_27' title="bbox 486 2425 1764 2501">
    <p class='ocr_par' dir='ltr' id='par_1_27' title="bbox 486 2425 1764 2501">
     <span class='ocr_line' id='line_1_27' title="bbox 486 2425 1764 2501; baseline -0.009 -10"><span class='ocrx_word' id='word_1_178' title='bbox 486 2449 665 2501; x_wconf 84' lang='lat' dir='ltr'><strong>suam,</strong></span> <span class='ocrx_word' id='word_1_179' title='bbox 699 2433 992 2487; x_wconf 89' lang='lat' dir='ltr'><strong>levitonem</strong></span> <span class='ocrx_word' id='word_1_180' title='bbox 1029 2444 1138 2499; x_wconf 90' lang='lat' dir='ltr'><strong>quo</strong></span> <span class='ocrx_word' id='word_1_181' title='bbox 1172 2429 1227 2482; x_wconf 94' lang='lat' dir='ltr'><strong>in</strong></span> <span class='ocrx_word' id='word_1_182' title='bbox 1262 2426 1454 2499; x_wconf 74' lang='lat' dir='ltr'><strong>synaxi</strong></span> <span class='ocrx_word' id='word_1_183' title='bbox 1489 2425 1764 2480; x_wconf 88' lang='lat' dir='ltr'><strong>utebatur.</strong></span> 
     </span>
    </p>
   </div>
   <div class='ocr_carea' id='block_1_28' title="bbox 844 2538 1718 2600">
    <p class='ocr_par' dir='ltr' id='par_1_28' title="bbox 844 2538 1718 2600">
     <span class='ocr_line' id='line_1_28' title="bbox 844 2538 1718 2600; baseline -0.01 1"><span class='ocrx_word' id='word_1_184' title='bbox 844 2546 920 2600; x_wconf 90' lang='lat' dir='ltr'><strong>De</strong></span> <span class='ocrx_word' id='word_1_185' title='bbox 954 2544 1142 2599; x_wconf 84' lang='lat' dir='ltr'><strong>abbate</strong></span> <span class='ocrx_word' id='word_1_186' title='bbox 1173 2542 1442 2596; x_wconf 81' lang='lat' dir='ltr'><strong>Theodoro</strong></span> <span class='ocrx_word' id='word_1_187' title='bbox 1476 2557 1504 2594; x_wconf 92' lang='lat' dir='ltr'><strong>e</strong></span> <span class='ocrx_word' id='word_1_188' title='bbox 1542 2538 1718 2592; x_wconf 82' lang='lat' dir='ltr'><strong>Nono.</strong></span> 
     </span>
    </p>
   </div>
   <div class='ocr_carea' id='block_1_29' title="bbox 559 2650 2080 2723">
    <p class='ocr_par' dir='ltr' id='par_1_29' title="bbox 559 2650 2080 2723">
     <span class='ocr_line' id='line_1_29' title="bbox 559 2650 2080 2723; baseline -0.01 -7"><span class='ocrx_word' id='word_1_189' title='bbox 559 2662 614 2718; x_wconf 80' lang='lat' dir='ltr'><strong>l.</strong></span> <span class='ocrx_word' id='word_1_190' title='bbox 656 2659 809 2714; x_wconf 77' lang='lat' dir='ltr'><strong>Dixit</strong></span> <span class='ocrx_word' id='word_1_191' title='bbox 858 2659 1031 2714; x_wconf 87' lang='lat' dir='ltr'><strong>abbas</strong></span> <span class='ocrx_word' id='word_1_192' title='bbox 1070 2657 1418 2723; x_wconf 88' lang='lat' dir='ltr'><strong>Theodorus,</strong></span> <span class='ocrx_word' id='word_1_193' title='bbox 1465 2654 1556 2708; x_wconf 89' lang='lat' dir='ltr'><strong>ille</strong></span> <span class='ocrx_word' id='word_1_194' title='bbox 1605 2652 1671 2706; x_wconf 92' lang='lat' dir='ltr'><strong>de</strong></span> <span class='ocrx_word' id='word_1_195' title='bbox 1724 2650 1939 2704; x_wconf 84' lang='lat' dir='ltr'><strong>Ennato</strong></span> <span class='ocrx_word' id='word_1_196' title='bbox 1985 2663 2080 2703; x_wconf 92' lang='lat' dir='ltr'><strong>seu</strong></span> 
     </span>
    </p>
   </div>
   <div class='ocr_carea' id='block_1_30' title="bbox 487 2740 2084 2819">
    <p class='ocr_par' dir='ltr' id='par_1_30' title="bbox 487 2740 2084 2819">
     <span class='ocr_line' id='line_1_30' title="bbox 487 2740 2084 2819; baseline -0.01 -10"><span class='ocrx_word' id='word_1_197' title='bbox 487 2753 646 2809; x_wconf 86' lang='lat' dir='ltr'><strong>Nono</strong></span> <span class='ocrx_word' id='word_1_198' title='bbox 685 2772 698 2807; x_wconf 91' lang='lat'><strong>:</strong></span> <span class='ocrx_word' id='word_1_199' title='bbox 733 2751 966 2819; x_wconf 88' lang='lat' dir='ltr'><strong>Quando</strong></span> <span class='ocrx_word' id='word_1_200' title='bbox 1005 2763 1155 2805; x_wconf 90' lang='lat' dir='ltr'><strong>eram</strong></span> <span class='ocrx_word' id='word_1_201' title='bbox 1192 2745 1447 2818; x_wconf 86' lang='lat' dir='ltr'><strong>juvenis,</strong></span> <span class='ocrx_word' id='word_1_202' title='bbox 1486 2745 1542 2798; x_wconf 94' lang='lat' dir='ltr'><strong>in</strong></span> <span class='ocrx_word' id='word_1_203' title='bbox 1587 2743 1883 2799; x_wconf 88' lang='lat' dir='ltr'><strong>solitudine</strong></span> <span class='ocrx_word' id='word_1_204' title='bbox 1917 2740 2084 2811; x_wconf 79' lang='lat' dir='ltr'><strong>dege-</strong></span> 
     </span>
    </p>
   </div>
   <div class='ocr_carea' id='block_1_31' title="bbox 487 2830 2087 2914">
    <p class='ocr_par' dir='ltr' id='par_1_31' title="bbox 487 2830 2087 2914">
     <span class='ocr_line' id='line_1_31' title="bbox 487 2830 2087 2914; baseline -0.012 -12"><span class='ocrx_word' id='word_1_205' title='bbox 487 2846 640 2902; x_wconf 85' lang='lat' dir='ltr'><strong>bam.</strong></span> <span class='ocrx_word' id='word_1_206' title='bbox 677 2844 800 2898; x_wconf 88' lang='lat' dir='ltr'><strong>Abii</strong></span> <span class='ocrx_word' id='word_1_207' title='bbox 840 2856 972 2914; x_wconf 77' lang='lat' dir='ltr'><strong>ergo</strong></span> <span class='ocrx_word' id='word_1_208' title='bbox 1011 2840 1079 2894; x_wconf 88' lang='lat' dir='ltr'><strong>ad</strong></span> <span class='ocrx_word' id='word_1_209' title='bbox 1121 2839 1375 2902; x_wconf 84' lang='lat' dir='ltr'><strong>furnum,</strong></span> <span class='ocrx_word' id='word_1_210' title='bbox 1413 2844 1472 2891; x_wconf 92' lang='lat' dir='ltr'><strong>ut</strong></span> <span class='ocrx_word' id='word_1_211' title='bbox 1515 2835 1750 2889; x_wconf 83' lang='lat' dir='ltr'><strong>iacerem</strong></span> <span class='ocrx_word' id='word_1_212' title='bbox 1795 2833 1932 2887; x_wconf 90' lang='lat' dir='ltr'><strong>duas</strong></span> <span class='ocrx_word' id='word_1_213' title='bbox 1973 2830 2087 2884; x_wconf 80' lang='lat' dir='ltr'><strong>fru-</strong></span> 
     </span>
    </p>
   </div>
   <div class='ocr_carea' id='block_1_32' title="bbox 491 2923 2087 3000">
    <p class='ocr_par' dir='ltr' id='par_1_32' title="bbox 491 2923 2087 3000">
     <span class='ocr_line' id='line_1_32' title="bbox 491 2923 2087 3000; baseline -0.011 -8"><span class='ocrx_word' id='word_1_214' title='bbox 491 2937 797 2994; x_wconf 90' lang='lat' dir='ltr'><strong>mentarias</strong></span> <span class='ocrx_word' id='word_1_215' title='bbox 829 2941 1120 3000; x_wconf 89' lang='lat' dir='ltr'><strong>cocturas;</strong></span> <span class='ocrx_word' id='word_1_216' title='bbox 1157 2930 1340 2986; x_wconf 86' lang='lat' dir='ltr'><strong>inveni</strong></span> <span class='ocrx_word' id='word_1_217' title='bbox 1375 2928 1450 2984; x_wconf 87' lang='lat' dir='ltr'><strong>ibi</strong></span> <span class='ocrx_word' id='word_1_218' title='bbox 1487 2927 1707 2982; x_wconf 79' lang='lat' dir='ltr'><strong>fratrem</strong></span> <span class='ocrx_word' id='word_1_219' title='bbox 1742 2925 1835 2996; x_wconf 90' lang='lat' dir='ltr'><strong>qui</strong></span> <span class='ocrx_word' id='word_1_220' title='bbox 1869 2923 2087 2979; x_wconf 85' lang='lat' dir='ltr'><strong>volebat</strong></span> 
     </span>
    </p>
   </div>
   <div class='ocr_carea' id='block_1_33' title="bbox 493 3015 2084 3102">
    <p class='ocr_par' dir='ltr' id='par_1_33' title="bbox 493 3015 2084 3102">
     <span class='ocr_line' id='line_1_33' title="bbox 493 3015 2084 3102; baseline -0.012 -16"><span class='ocrx_word' id='word_1_221' title='bbox 493 3045 666 3102; x_wconf 88' lang='lat' dir='ltr'><strong>panes</strong></span> <span class='ocrx_word' id='word_1_222' title='bbox 695 3028 990 3091; x_wconf 78' lang='lat' dir='ltr'><strong>coniicere,</strong></span> <span class='ocrx_word' id='word_1_223' title='bbox 1013 3039 1115 3080; x_wconf 87' lang='lat' dir='ltr'><strong>nec</strong></span> <span class='ocrx_word' id='word_1_224' title='bbox 1138 3022 1372 3077; x_wconf 87' lang='lat' dir='ltr'><strong>habebat</strong></span> <span class='ocrx_word' id='word_1_225' title='bbox 1395 3033 1724 3090; x_wconf 89' lang='lat' dir='ltr'><strong>quemquam</strong></span> <span class='ocrx_word' id='word_1_226' title='bbox 1751 3015 1821 3071; x_wconf 91' lang='lat' dir='ltr'><strong>ad</strong></span> <span class='ocrx_word' id='word_1_227' title='bbox 1845 3015 2084 3070; x_wconf 88' lang='lat' dir='ltr'><strong>dandam</strong></span> 
     </span>
    </p>
   </div>
   <div class='ocr_carea' id='block_1_34' title="bbox 2169 499 3768 576">
    <p class='ocr_par' dir='ltr' id='par_1_34' title="bbox 2169 499 3768 576">
     <span class='ocr_line' id='line_1_34' title="bbox 2169 499 3768 576; baseline 0.006 -24"><span class='ocrx_word' id='word_1_228' title='bbox 2169 499 2269 571; x_wconf 78' lang='grc' dir='ltr'>τὴν</span> <span class='ocrx_word' id='word_1_229' title='bbox 2295 502 2471 572; x_wconf 86' lang='grc' dir='ltr'>χεῖρα,</span> <span class='ocrx_word' id='word_1_230' title='bbox 2505 501 2598 554; x_wconf 76' lang='grc' dir='ltr'><strong>καὶ</strong></span> <span class='ocrx_word' id='word_1_231' title='bbox 2626 500 2816 574; x_wconf 74' lang='grc' dir='ltr'>ἔρριψε</span> <span class='ocrx_word' id='word_1_232' title='bbox 2858 503 3012 557; x_wconf 76' lang='grc' dir='ltr'>αὑτό.</span> <span class='ocrx_word' id='word_1_233' title='bbox 3049 503 3159 557; x_wconf 96' lang='lat' dir='ltr'><strong>Kal</strong></span> <span class='ocrx_word' id='word_1_234' title='bbox 3193 504 3270 568; x_wconf 86' lang='grc' dir='ltr'>ὡς</span> <span class='ocrx_word' id='word_1_235' title='bbox 3311 504 3554 576; x_wconf 79' lang='grc' dir='ltr'>ἀπῆλθεν</span> <span class='ocrx_word' id='word_1_236' title='bbox 3598 509 3627 560; x_wconf 99' lang='lat'><strong>6</strong></span> <span class='ocrx_word' id='word_1_237' title='bbox 3656 508 3768 562; x_wconf 84' lang='lat' dir='ltr'><strong>K6-</strong></span> 
     </span>
    </p>
   </div>
   <div class='ocr_carea' id='block_1_35' title="bbox 2173 587 3768 671">
    <p class='ocr_par' dir='ltr' id='par_1_35' title="bbox 2173 587 3768 671">
     <span class='ocr_line' id='line_1_35' title="bbox 2173 587 3768 671; baseline -0.005 -9"><span class='ocrx_word' id='word_1_238' title='bbox 2173 607 2302 661; x_wconf 82' lang='grc' dir='ltr'>μης,</span> <span class='ocrx_word' id='word_1_239' title='bbox 2337 587 2490 645; x_wconf 79' lang='grc' dir='ltr'>εἷπον</span> <span class='ocrx_word' id='word_1_240' title='bbox 2525 593 2706 663; x_wconf 79' lang='grc' dir='ltr'>αὐτῷ·</span> <span class='ocrx_word' id='word_1_241' title='bbox 2759 593 2961 656; x_wconf 82' lang='grc' dir='ltr'>Ἀϐϐᾶ,’</span> <span class='ocrx_word' id='word_1_242' title='bbox 2982 593 3035 647; x_wconf 89' lang='grc' dir='ltr'><strong>τί</strong></span> <span class='ocrx_word' id='word_1_243' title='bbox 3072 593 3234 649; x_wconf 81' lang='grc' dir='ltr'>τοῦτο</span> <span class='ocrx_word' id='word_1_244' title='bbox 3263 595 3567 669; x_wconf 85' lang='grc' dir='ltr'>ἐποίησας;</span> <span class='ocrx_word' id='word_1_245' title='bbox 3596 593 3768 671; x_wconf 74' lang='grc' dir='ltr'>ἦλθεν</span> 
     </span>
    </p>
   </div>
   <div class='ocr_carea' id='block_1_36' title="bbox 2170 683 3771 762">
    <p class='ocr_par' dir='ltr' id='par_1_36' title="bbox 2170 683 3771 762">
     <span class='ocr_line' id='line_1_36' title="bbox 2170 683 3771 762; baseline 0.007 -26"><span class='ocrx_word' id='word_1_246' title='bbox 2170 685 2198 736; x_wconf 89' lang='lat'><strong>6</strong></span> <span class='ocrx_word' id='word_1_247' title='bbox 2224 683 2511 756; x_wconf 82' lang='grc' dir='ltr'>ἄνθρωπος</span> <span class='ocrx_word' id='word_1_248' title='bbox 2549 684 2932 755; x_wconf 77' lang='grc' dir='ltr'>ὠφεληθῆναιο</span> <span class='ocrx_word' id='word_1_249' title='bbox 2966 685 3041 758; x_wconf 82' lang='grc' dir='ltr'>μὴ</span> <span class='ocrx_word' id='word_1_250' title='bbox 3076 686 3166 740; x_wconf 83' lang='grc' dir='ltr'><strong>ἵνα</strong></span> <span class='ocrx_word' id='word_1_251' title='bbox 3212 687 3577 762; x_wconf 82' lang='grc' dir='ltr'><strong>σκανδαλισθῇ</strong></span> <span class='ocrx_word' id='word_1_252' title='bbox 3607 707 3621 756; x_wconf 92' lang='grc'><strong>;</strong></span> <span class='ocrx_word' id='word_1_253' title='bbox 3653 690 3771 748; x_wconf 67' lang='lat' dir='ltr'><strong>Kal</strong></span> 
     </span>
    </p>
   </div>
   <div class='ocr_carea' id='block_1_37' title="bbox 2169 777 3769 854">
    <p class='ocr_par' dir='ltr' id='par_1_37' title="bbox 2169 777 3769 854">
     <span class='ocr_line' id='line_1_37' title="bbox 2169 777 3769 854; baseline 0.006 -25"><span class='ocrx_word' id='word_1_254' title='bbox 2169 777 2317 846; x_wconf 82' lang='grc' dir='ltr'>λέγει</span> <span class='ocrx_word' id='word_1_255' title='bbox 2349 796 2438 848; x_wconf 86' lang='grc' dir='ltr'><strong>μοι</strong></span> <span class='ocrx_word' id='word_1_256' title='bbox 2463 781 2491 833; x_wconf 91' lang='lat'><strong>6</strong></span> <span class='ocrx_word' id='word_1_257' title='bbox 2523 779 2700 849; x_wconf 83' lang='grc' dir='ltr'>γέρων</span> <span class='ocrx_word' id='word_1_258' title='bbox 2722 796 2736 810; x_wconf 78' lang='grc' dir='ltr'><strong>ο</strong></span> <span class='ocrx_word' id='word_1_259' title='bbox 2768 778 2833 832; x_wconf 86' lang='grc' dir='ltr'>Τί</span> <span class='ocrx_word' id='word_1_260' title='bbox 2867 778 3049 849; x_wconf 87' lang='grc' dir='ltr'>λέγεις</span> <span class='ocrx_word' id='word_1_261' title='bbox 3076 797 3188 851; x_wconf 86' lang='grc' dir='ltr'>μοι,</span> <span class='ocrx_word' id='word_1_262' title='bbox 3212 780 3392 845; x_wconf 67' lang='lat' dir='ltr'><strong>esse;</strong></span> <span class='ocrx_word' id='word_1_263' title='bbox 3430 783 3616 854; x_wconf 77' lang='grc' dir='ltr'>ἀκμὴν</span> <span class='ocrx_word' id='word_1_264' title='bbox 3647 785 3769 849; x_wconf 66' lang='grc' dir='ltr'>τοῖς</span> 
     </span>
    </p>
   </div>
   <div class='ocr_carea' id='block_1_38' title="bbox 2169 870 3764 947">
    <p class='ocr_par' dir='ltr' id='par_1_38' title="bbox 2169 870 3764 947">
     <span class='ocr_line' id='line_1_38' title="bbox 2169 870 3764 947; baseline 0.004 -23"><span class='ocrx_word' id='word_1_265' title='bbox 2169 870 2481 942; x_wconf 83' lang='grc' dir='ltr'>ἀνθρώποις</span> <span class='ocrx_word' id='word_1_266' title='bbox 2540 871 2912 942; x_wconf 82' lang='grc' dir='ltr'>δουλεύομεν;</span> <span class='ocrx_word' id='word_1_267' title='bbox 2972 873 3316 944; x_wconf 79' lang='grc' dir='ltr'>ἐποιήσαμεν</span> <span class='ocrx_word' id='word_1_268' title='bbox 3375 873 3473 946; x_wconf 79' lang='grc' dir='ltr'>τὴν</span> <span class='ocrx_word' id='word_1_269' title='bbox 3535 876 3764 947; x_wconf 84' lang='grc' dir='ltr'>χρείαν·</span> 
     </span>
    </p>
   </div>
   <div class='ocr_carea' id='block_1_39' title="bbox 2172 961 3763 1038">
    <p class='ocr_par' dir='ltr' id='par_1_39' title="bbox 2172 961 3763 1038">
     <span class='ocr_line' id='line_1_39' title="bbox 2172 961 3763 1038; baseline 0.005 -25"><span class='ocrx_word' id='word_1_270' title='bbox 2172 961 2421 1032; x_wconf 76' lang='grc' dir='ltr'>παρῆλθε</span> <span class='ocrx_word' id='word_1_271' title='bbox 2472 961 2678 1018; x_wconf 91' lang='grc' dir='ltr'>λοιπόν.</span> <span class='ocrx_word' id='word_1_272' title='bbox 2718 964 2776 1015; x_wconf 84' lang='lat'><strong>&#39;0</strong></span> <span class='ocrx_word' id='word_1_273' title='bbox 2827 963 2998 1018; x_wconf 84' lang='grc' dir='ltr'>θέλων</span> <span class='ocrx_word' id='word_1_274' title='bbox 3044 963 3417 1037; x_wconf 80' lang='grc' dir='ltr'>ὠφεληθῆναι,</span> <span class='ocrx_word' id='word_1_275' title='bbox 3463 965 3722 1038; x_wconf 79' lang='grc' dir='ltr'>ὠφεληθῇ</span> <span class='ocrx_word' id='word_1_276' title='bbox 3749 984 3763 998; x_wconf 73' lang='grc' dir='ltr'><strong>ο</strong></span> 
     </span>
    </p>
   </div>
   <div class='ocr_carea' id='block_1_40' title="bbox 2170 1055 3770 1130">
    <p class='ocr_par' dir='ltr' id='par_1_40' title="bbox 2170 1055 3770 1130">
     <span class='ocr_line' id='line_1_40' title="bbox 2170 1055 3770 1130; baseline 0.003 -23"><span class='ocrx_word' id='word_1_277' title='bbox 2170 1056 2198 1107; x_wconf 92' lang='lat'><strong>6</strong></span> <span class='ocrx_word' id='word_1_278' title='bbox 2226 1055 2394 1108; x_wconf 88' lang='grc' dir='ltr'>θέλων</span> <span class='ocrx_word' id='word_1_279' title='bbox 2408 1057 2884 1128; x_wconf 86' lang='grc' dir='ltr'>σκανδαλισθῆναι,</span> <span class='ocrx_word' id='word_1_280' title='bbox 2904 1057 3288 1130; x_wconf 81' lang='grc' dir='ltr'>σκανδαλισθῇ·</span> <span class='ocrx_word' id='word_1_281' title='bbox 3318 1057 3429 1128; x_wconf 86' lang='grc' dir='ltr'><strong>ἐγὼ</strong></span> <span class='ocrx_word' id='word_1_282' title='bbox 3453 1059 3510 1113; x_wconf 81' lang='grc' dir='ltr'>δὲ</span> <span class='ocrx_word' id='word_1_283' title='bbox 3535 1059 3610 1123; x_wconf 83' lang='grc' dir='ltr'>ὡς</span> <span class='ocrx_word' id='word_1_284' title='bbox 3631 1060 3676 1113; x_wconf 77' lang='grc' dir='ltr'>δ’</span> <span class='ocrx_word' id='word_1_285' title='bbox 3699 1061 3770 1113; x_wconf 78' lang='grc' dir='ltr'><strong>ἂν</strong></span> 
     </span>
    </p>
   </div>
   <div class='ocr_carea' id='block_1_41' title="bbox 2171 1147 3766 1224">
    <p class='ocr_par' dir='ltr' id='par_1_41' title="bbox 2171 1147 3766 1224">
     <span class='ocr_line' id='line_1_41' title="bbox 2171 1147 3766 1224; baseline 0.004 -25"><span class='ocrx_word' id='word_1_286' title='bbox 2171 1147 2401 1217; x_wconf 80' lang='grc' dir='ltr'>εὑρεθῶ,</span> <span class='ocrx_word' id='word_1_287' title='bbox 2440 1147 2614 1213; x_wconf 78' lang='grc' dir='ltr'>οὕτως</span> <span class='ocrx_word' id='word_1_288' title='bbox 2656 1149 2902 1203; x_wconf 86' lang='grc' dir='ltr'>ἀπαντῶ.</span> <span class='ocrx_word' id='word_1_289' title='bbox 2942 1149 3288 1222; x_wconf 83' lang='grc' dir='ltr'>Παρήγγειλε</span> <span class='ocrx_word' id='word_1_290' title='bbox 3323 1151 3381 1205; x_wconf 85' lang='grc' dir='ltr'><strong>δέ</strong></span> <span class='ocrx_word' id='word_1_291' title='bbox 3428 1150 3506 1221; x_wconf 87' lang='grc' dir='ltr'><strong>τῷ</strong></span> <span class='ocrx_word' id='word_1_292' title='bbox 3544 1153 3766 1224; x_wconf 83' lang='grc' dir='ltr'>μαθητῇ</span> 
     </span>
    </p>
   </div>
   <div class='ocr_carea' id='block_1_42' title="bbox 2171 1237 3765 1317">
    <p class='ocr_par' dir='ltr' id='par_1_42' title="bbox 2171 1237 3765 1317">
     <span class='ocr_line' id='line_1_42' title="bbox 2171 1237 3765 1317; baseline 0.005 -27"><span class='ocrx_word' id='word_1_293' title='bbox 2171 1237 2372 1303; x_wconf 81' lang='grc' dir='ltr'>αὐτοῦ,</span> <span class='ocrx_word' id='word_1_294' title='bbox 2425 1239 2636 1308; x_wconf 88' lang='grc' dir='ltr'>λέγων·</span> <span class='ocrx_word' id='word_1_295' title='bbox 2693 1241 2819 1294; x_wconf 83' lang='grc' dir='ltr'><strong>Ἐάν</strong></span> <span class='ocrx_word' id='word_1_296' title='bbox 2850 1259 2934 1305; x_wconf 88' lang='grc' dir='ltr'><strong>τις</strong></span> <span class='ocrx_word' id='word_1_297' title='bbox 2975 1240 3104 1313; x_wconf 78' lang='grc' dir='ltr'>ἔλθῃ</span> <span class='ocrx_word' id='word_1_298' title='bbox 3150 1242 3278 1294; x_wconf 86' lang='grc' dir='ltr'>ίδεῖν</span> <span class='ocrx_word' id='word_1_299' title='bbox 3326 1260 3394 1313; x_wconf 91' lang='grc' dir='ltr'><strong>με</strong></span> <span class='ocrx_word' id='word_1_300' title='bbox 3434 1242 3639 1307; x_wconf 85' lang='grc' dir='ltr'>θέλων,</span> <span class='ocrx_word' id='word_1_301' title='bbox 3685 1249 3765 1317; x_wconf 84' lang='grc' dir='ltr'>μὴ</span> 
     </span>
    </p>
   </div>
   <div class='ocr_carea' id='block_1_43' title="bbox 2171 1330 3766 1408">
    <p class='ocr_par' dir='ltr' id='par_1_43' title="bbox 2171 1330 3766 1408">
     <span class='ocr_line' id='line_1_43' title="bbox 2171 1330 3766 1408; baseline 0.005 -26"><span class='ocrx_word' id='word_1_302' title='bbox 2171 1331 2332 1403; x_wconf 77' lang='grc' dir='ltr'>εἴπῃς</span> <span class='ocrx_word' id='word_1_303' title='bbox 2373 1330 2520 1402; x_wconf 79' lang='grc' dir='ltr'>αὐτῷ</span> <span class='ocrx_word' id='word_1_304' title='bbox 2563 1332 2615 1384; x_wconf 90' lang='grc' dir='ltr'><strong>τί</strong></span> <span class='ocrx_word' id='word_1_305' title='bbox 2667 1349 2797 1385; x_wconf 86' lang='grc' dir='ltr'>ποτε</span> <span class='ocrx_word' id='word_1_306' title='bbox 2830 1331 3206 1404; x_wconf 84' lang='grc' dir='ltr'>ἀνθρώπινον·</span> <span class='ocrx_word' id='word_1_307' title='bbox 3243 1333 3358 1388; x_wconf 83' lang='grc' dir='ltr'>ἀλλ’</span> <span class='ocrx_word' id='word_1_308' title='bbox 3398 1335 3495 1390; x_wconf 82' lang='grc' dir='ltr'>ἐὰν</span> <span class='ocrx_word' id='word_1_309' title='bbox 3541 1335 3766 1408; x_wconf 84' lang='grc' dir='ltr'>τρώγω,</span> 
     </span>
    </p>
   </div>
   <div class='ocr_carea' id='block_1_44' title="bbox 2172 1423 3540 1500">
    <p class='ocr_par' dir='ltr' id='par_1_44' title="bbox 2172 1423 3540 1500">
     <span class='ocr_line' id='line_1_44' title="bbox 2172 1423 3540 1500; baseline 0.006 -25"><span class='ocrx_word' id='word_1_310' title='bbox 2172 1423 2315 1486; x_wconf 77' lang='grc' dir='ltr'>εἰπὲ,</span> <span class='ocrx_word' id='word_1_311' title='bbox 2349 1423 2589 1495; x_wconf 85' lang='grc' dir='ltr'>Τρὼγει·</span> <span class='ocrx_word' id='word_1_312' title='bbox 2622 1425 2716 1478; x_wconf 81' lang='grc' dir='ltr'>ἐὰν</span> <span class='ocrx_word' id='word_1_313' title='bbox 2746 1425 3052 1497; x_wconf 82' lang='grc' dir='ltr'>κοιμῶμαι,</span> <span class='ocrx_word' id='word_1_314' title='bbox 3078 1427 3220 1493; x_wconf 80' lang='grc' dir='ltr'>εἰπὲ,</span> <span class='ocrx_word' id='word_1_315' title='bbox 3244 1429 3540 1500; x_wconf 79' lang='grc' dir='ltr'>Κοιμᾶται.</span> 
     </span>
    </p>
   </div>
   <div class='ocr_carea' id='block_1_45' title="bbox 2245 1595 3762 1676">
    <p class='ocr_par' dir='ltr' id='par_1_45' title="bbox 2245 1595 3762 1676">
     <span class='ocr_line' id='line_1_45' title="bbox 2245 1595 3762 1676; baseline 0.004 -24"><span class='ocrx_word' id='word_1_316' title='bbox 2245 1598 2347 1653; x_wconf 85' lang='grc' dir='ltr'>κθ’.</span> <span class='ocrx_word' id='word_1_317' title='bbox 2388 1595 2592 1654; x_wconf 86' lang='grc' dir='ltr'>Ἧλθόν</span> <span class='ocrx_word' id='word_1_318' title='bbox 2622 1617 2754 1655; x_wconf 86' lang='grc' dir='ltr'>ποτε</span> <span class='ocrx_word' id='word_1_319' title='bbox 2796 1602 2982 1656; x_wconf 79' lang='grc' dir='ltr'>ἐπάνω</span> <span class='ocrx_word' id='word_1_320' title='bbox 3016 1603 3180 1656; x_wconf 79' lang='grc' dir='ltr'>αὑτοῦ</span> <span class='ocrx_word' id='word_1_321' title='bbox 3218 1605 3369 1676; x_wconf 81' lang='grc' dir='ltr'><strong>τρεῖς</strong></span> <span class='ocrx_word' id='word_1_322' title='bbox 3401 1603 3629 1676; x_wconf 82' lang='grc' dir='ltr'>λῃσταί·</span> <span class='ocrx_word' id='word_1_323' title='bbox 3663 1605 3762 1658; x_wconf 76' lang='grc' dir='ltr'>καὶ</span> 
     </span>
    </p>
   </div>
   <div class='ocr_carea' id='block_1_46' title="bbox 2175 1689 3764 1770">
    <p class='ocr_par' dir='ltr' id='par_1_46' title="bbox 2175 1689 3764 1770">
     <span class='ocr_line' id='line_1_46' title="bbox 2175 1689 3764 1770; baseline 0.004 -26"><span class='ocrx_word' id='word_1_324' title='bbox 2175 1691 2224 1744; x_wconf 83' lang='lat' dir='ltr'><strong>oi.</strong></span> <span class='ocrx_word' id='word_1_325' title='bbox 2255 1691 2348 1745; x_wconf 85' lang='grc' dir='ltr'><strong>δύο</strong></span> <span class='ocrx_word' id='word_1_326' title='bbox 2380 1694 2642 1763; x_wconf 80' lang='grc' dir='ltr'>ἐκράτουν</span> <span class='ocrx_word' id='word_1_327' title='bbox 2675 1695 2858 1759; x_wconf 77' lang='grc' dir='ltr'>αὑτὸν,</span> <span class='ocrx_word' id='word_1_328' title='bbox 2893 1695 2921 1746; x_wconf 91' lang='lat'><strong>6</strong></span> <span class='ocrx_word' id='word_1_329' title='bbox 2958 1694 3015 1747; x_wconf 86' lang='grc' dir='ltr'><strong>δέ</strong></span> <span class='ocrx_word' id='word_1_330' title='bbox 3057 1689 3138 1759; x_wconf 74' lang='grc' dir='ltr'>εἷς</span> <span class='ocrx_word' id='word_1_331' title='bbox 3174 1696 3460 1750; x_wconf 82' lang='grc' dir='ltr'>ἐκουϐάλει</span> <span class='ocrx_word' id='word_1_332' title='bbox 3485 1696 3554 1750; x_wconf 87' lang='grc' dir='ltr'>τὰ</span> <span class='ocrx_word' id='word_1_333' title='bbox 3593 1697 3764 1770; x_wconf 79' lang='grc' dir='ltr'>σκεύη</span> 
     </span>
    </p>
   </div>
   <div class='ocr_carea' id='block_1_47' title="bbox 2175 1785 3766 1857">
    <p class='ocr_par' dir='ltr' id='par_1_47' title="bbox 2175 1785 3766 1857">
     <span class='ocr_line' id='line_1_47' title="bbox 2175 1785 3766 1857; baseline 0.004 -19"><span class='ocrx_word' id='word_1_334' title='bbox 2175 1785 2362 1840; x_wconf 81' lang='grc' dir='ltr'>αὐτοῦ.</span> <span class='ocrx_word' id='word_1_335' title='bbox 2408 1787 2495 1851; x_wconf 81' lang='grc' dir='ltr'>Ὠς</span> <span class='ocrx_word' id='word_1_336' title='bbox 2522 1787 2579 1840; x_wconf 85' lang='grc' dir='ltr'>δὲ</span> <span class='ocrx_word' id='word_1_337' title='bbox 2605 1787 2864 1857; x_wconf 80' lang='grc' dir='ltr'>ἐξήνεγκε</span> <span class='ocrx_word' id='word_1_338' title='bbox 2895 1787 2963 1841; x_wconf 76' lang='grc' dir='ltr'><strong>τὰ</strong></span> <span class='ocrx_word' id='word_1_339' title='bbox 2991 1786 3194 1856; x_wconf 88' lang='grc' dir='ltr'>βιϐλία,</span> <span class='ocrx_word' id='word_1_340' title='bbox 3224 1789 3318 1842; x_wconf 75' lang='grc' dir='ltr'><strong>καὶ</strong></span> <span class='ocrx_word' id='word_1_341' title='bbox 3341 1789 3431 1842; x_wconf 83' lang='grc' dir='ltr'><strong>τὸν</strong></span> <span class='ocrx_word' id='word_1_342' title='bbox 3451 1789 3718 1844; x_wconf 88' lang='grc' dir='ltr'>λεϐίτωνα</span> <span class='ocrx_word' id='word_1_343' title='bbox 3741 1791 3766 1822; x_wconf 86' lang='grc'><strong><em>⁵</em></strong></span> 
     </span>
    </p>
   </div>
   <div class='ocr_carea' id='block_1_48' title="bbox 2176 1877 3768 1950">
    <p class='ocr_par' dir='ltr' id='par_1_48' title="bbox 2176 1877 3768 1950">
     <span class='ocr_line' id='line_1_48' title="bbox 2176 1877 3768 1950; baseline 0.004 -20"><span class='ocrx_word' id='word_1_344' title='bbox 2176 1877 2335 1948; x_wconf 73' lang='grc' dir='ltr'>ἤθελε</span> <span class='ocrx_word' id='word_1_345' title='bbox 2384 1879 2603 1933; x_wconf 78' lang='grc' dir='ltr'>λαϐεῖν’</span> <span class='ocrx_word' id='word_1_346' title='bbox 2632 1879 2751 1932; x_wconf 83' lang='grc' dir='ltr'>τότε</span> <span class='ocrx_word' id='word_1_347' title='bbox 2787 1879 2936 1948; x_wconf 88' lang='grc' dir='ltr'>λέγει</span> <span class='ocrx_word' id='word_1_348' title='bbox 2977 1880 3161 1944; x_wconf 77' lang='grc' dir='ltr'>αὐτοῖς</span> <span class='ocrx_word' id='word_1_349' title='bbox 3189 1897 3202 1910; x_wconf 89' lang='grc'>·</span> <span class='ocrx_word' id='word_1_350' title='bbox 3246 1879 3417 1936; x_wconf 81' lang='grc' dir='ltr'>Τοῦτο</span> <span class='ocrx_word' id='word_1_351' title='bbox 3458 1882 3670 1950; x_wconf 79' lang='grc' dir='ltr'>ἀφίετε.</span> <span class='ocrx_word' id='word_1_352' title='bbox 3703 1884 3768 1937; x_wconf 77' lang='lat' dir='ltr'><strong>Ui</strong></span> 
     </span>
    </p>
   </div>
   <div class='ocr_carea' id='block_1_49' title="bbox 2177 1970 3767 2049">
    <p class='ocr_par' dir='ltr' id='par_1_49' title="bbox 2177 1970 3767 2049">
     <span class='ocr_line' id='line_1_49' title="bbox 2177 1970 3767 2049; baseline 0.003 -25"><span class='ocrx_word' id='word_1_353' title='bbox 2177 1970 2234 2024; x_wconf 86' lang='grc' dir='ltr'><strong>δέ</strong></span> <span class='ocrx_word' id='word_1_354' title='bbox 2267 1972 2364 2025; x_wconf 84' lang='grc' dir='ltr'><strong>οὐκ</strong></span> <span class='ocrx_word' id='word_1_355' title='bbox 2387 1971 2595 2043; x_wconf 71' lang='grc' dir='ltr'>ἤθελον.</span> <span class='ocrx_word' id='word_1_356' title='bbox 2627 1975 2737 2028; x_wconf 81' lang='lat' dir='ltr'><strong>Kal</strong></span> <span class='ocrx_word' id='word_1_357' title='bbox 2759 1976 2988 2046; x_wconf 83' lang='grc' dir='ltr'>κινήσας</span> <span class='ocrx_word' id='word_1_358' title='bbox 3016 1974 3115 2038; x_wconf 80' lang='grc' dir='ltr'>τὰς</span> <span class='ocrx_word' id='word_1_359' title='bbox 3146 1977 3338 2046; x_wconf 88' lang='grc' dir='ltr'>χεῖρας</span> <span class='ocrx_word' id='word_1_360' title='bbox 3363 1975 3530 2028; x_wconf 83' lang='grc' dir='ltr'>αὑτοῦ</span> <span class='ocrx_word' id='word_1_361' title='bbox 3577 1976 3767 2049; x_wconf 69' lang='grc' dir='ltr'>ἔρριψε</span> 
     </span>
    </p>
   </div>
   <div class='ocr_carea' id='block_1_50' title="bbox 2177 2065 3770 2140">
    <p class='ocr_par' dir='ltr' id='par_1_50' title="bbox 2177 2065 3770 2140">
     <span class='ocr_line' id='line_1_50' title="bbox 2177 2065 3770 2140; baseline 0.003 -23"><span class='ocrx_word' id='word_1_362' title='bbox 2177 2066 2303 2129; x_wconf 73' lang='grc' dir='ltr'>τοὺς</span> <span class='ocrx_word' id='word_1_363' title='bbox 2330 2065 2441 2118; x_wconf 82' lang='grc' dir='ltr'>δύο.</span> <span class='ocrx_word' id='word_1_364' title='bbox 2469 2066 2579 2119; x_wconf 86' lang='lat' dir='ltr'><strong>Kal</strong></span> <span class='ocrx_word' id='word_1_365' title='bbox 2612 2066 2811 2131; x_wconf 75' lang='grc' dir='ltr'><strong>ἰδόντες</strong></span> <span class='ocrx_word' id='word_1_366' title='bbox 2843 2067 3212 2140; x_wconf 78' lang='grc' dir='ltr'>ἐφοϐήθησαν.</span> <span class='ocrx_word' id='word_1_367' title='bbox 3250 2069 3360 2122; x_wconf 78' lang='grc' dir='ltr'><strong>Καὶ</strong></span> <span class='ocrx_word' id='word_1_368' title='bbox 3389 2068 3537 2136; x_wconf 80' lang='grc' dir='ltr'>λέγει</span> <span class='ocrx_word' id='word_1_369' title='bbox 3577 2070 3770 2133; x_wconf 75' lang='grc' dir='ltr'>αὐτοῖς</span> 
     </span>
    </p>
   </div>
   <div class='ocr_carea' id='block_1_51' title="bbox 2181 2156 3773 2228">
    <p class='ocr_par' dir='ltr' id='par_1_51' title="bbox 2181 2156 3773 2228">
     <span class='ocr_line' id='line_1_51' title="bbox 2181 2156 3773 2228; baseline 0.003 -20"><span class='ocrx_word' id='word_1_370' title='bbox 2181 2157 2210 2208; x_wconf 91' lang='lat'><strong>6</strong></span> <span class='ocrx_word' id='word_1_371' title='bbox 2243 2156 2453 2227; x_wconf 82' lang='grc' dir='ltr'>γέρων·</span> <span class='ocrx_word' id='word_1_372' title='bbox 2488 2157 2671 2227; x_wconf 82' lang='grc' dir='ltr'>Μηδὲν</span> <span class='ocrx_word' id='word_1_373' title='bbox 2702 2157 3000 2228; x_wconf 76' lang='grc' dir='ltr'>δειμάσητε</span> <span class='ocrx_word' id='word_1_374' title='bbox 3023 2174 3039 2190; x_wconf 79' lang='grc' dir='ltr'><strong><em>ο</em></strong></span> <span class='ocrx_word' id='word_1_375' title='bbox 3069 2159 3333 2228; x_wconf 86' lang='grc' dir='ltr'>ποιήσατε</span> <span class='ocrx_word' id='word_1_376' title='bbox 3368 2158 3509 2212; x_wconf 79' lang='grc' dir='ltr'>αὐτὰ</span> <span class='ocrx_word' id='word_1_377' title='bbox 3543 2161 3624 2222; x_wconf 81' lang='grc' dir='ltr'>εἰς</span> <span class='ocrx_word' id='word_1_378' title='bbox 3646 2159 3773 2212; x_wconf 84' lang='grc' dir='ltr'>τέσ-</span> 
     </span>
    </p>
   </div>
   <div class='ocr_carea' id='block_1_52' title="bbox 2184 2246 3775 2320">
    <p class='ocr_par' dir='ltr' id='par_1_52' title="bbox 2184 2246 3775 2320">
     <span class='ocr_line' id='line_1_52' title="bbox 2184 2246 3775 2320; baseline 0.005 -22"><span class='ocrx_word' id='word_1_379' title='bbox 2184 2262 2324 2318; x_wconf 89' lang='grc' dir='ltr'>σαρα</span> <span class='ocrx_word' id='word_1_380' title='bbox 2355 2246 2519 2317; x_wconf 86' lang='grc' dir='ltr'>μέρη,</span> <span class='ocrx_word' id='word_1_381' title='bbox 2543 2248 2638 2300; x_wconf 69' lang='grc' dir='ltr'><strong>καὶ</strong></span> <span class='ocrx_word' id='word_1_382' title='bbox 2664 2247 2858 2301; x_wconf 86' lang='grc' dir='ltr'>λάϐετε</span> <span class='ocrx_word' id='word_1_383' title='bbox 2882 2247 2949 2300; x_wconf 77' lang='grc' dir='ltr'>τὰ</span> <span class='ocrx_word' id='word_1_384' title='bbox 2973 2249 3122 2320; x_wconf 88' lang='grc' dir='ltr'>τρία,</span> <span class='ocrx_word' id='word_1_385' title='bbox 3155 2250 3250 2302; x_wconf 72' lang='grc' dir='ltr'><strong>καὶ</strong></span> <span class='ocrx_word' id='word_1_386' title='bbox 3274 2251 3440 2319; x_wconf 76' lang='grc' dir='ltr'>ἄφετε</span> <span class='ocrx_word' id='word_1_387' title='bbox 3469 2251 3530 2303; x_wconf 87' lang='grc' dir='ltr'><strong>τὸ</strong></span> <span class='ocrx_word' id='word_1_388' title='bbox 3561 2251 3640 2305; x_wconf 78' lang='grc' dir='ltr'><strong>ἐν.</strong></span> <span class='ocrx_word' id='word_1_389' title='bbox 3662 2252 3775 2306; x_wconf 82' lang='lat' dir='ltr'><strong>Kal</strong></span> 
     </span>
    </p>
   </div>
   <div class='ocr_carea' id='block_1_53' title="bbox 2180 2336 3774 2412">
    <p class='ocr_par' dir='ltr' id='par_1_53' title="bbox 2180 2336 3774 2412">
     <span class='ocr_line' id='line_1_53' title="bbox 2180 2336 3774 2412; baseline 0.003 -22"><span class='ocrx_word' id='word_1_390' title='bbox 2180 2336 2354 2402; x_wconf 76' lang='grc' dir='ltr'>οὕτως</span> <span class='ocrx_word' id='word_1_391' title='bbox 2401 2338 2694 2410; x_wconf 87' lang='grc' dir='ltr'>ἐποίησαν·</span> <span class='ocrx_word' id='word_1_392' title='bbox 2741 2339 2830 2391; x_wconf 81' lang='grc' dir='ltr'>διὰ</span> <span class='ocrx_word' id='word_1_393' title='bbox 2865 2339 2925 2392; x_wconf 84' lang='grc' dir='ltr'><strong>τὸ</strong></span> <span class='ocrx_word' id='word_1_394' title='bbox 2950 2338 3134 2392; x_wconf 83' lang='grc' dir='ltr'>λαϐεῖν</span> <span class='ocrx_word' id='word_1_395' title='bbox 3179 2340 3241 2394; x_wconf 84' lang='grc' dir='ltr'><strong>τὸ</strong></span> <span class='ocrx_word' id='word_1_396' title='bbox 3285 2341 3449 2412; x_wconf 82' lang='grc' dir='ltr'>μέρος</span> <span class='ocrx_word' id='word_1_397' title='bbox 3490 2340 3656 2396; x_wconf 79' lang='grc' dir='ltr'>αὐτοῦ</span> <span class='ocrx_word' id='word_1_398' title='bbox 3682 2341 3774 2394; x_wconf 72' lang='grc' dir='ltr'>τὸν</span> 
     </span>
    </p>
   </div>
   <div class='ocr_carea' id='block_1_54' title="bbox 2181 2429 3143 2504">
    <p class='ocr_par' dir='ltr' id='par_1_54' title="bbox 2181 2429 3143 2504">
     <span class='ocr_line' id='line_1_54' title="bbox 2181 2429 3143 2504; baseline 0.005 -22"><span class='ocrx_word' id='word_1_399' title='bbox 2181 2429 2447 2484; x_wconf 84' lang='grc' dir='ltr'>λεϐίτωνα</span> <span class='ocrx_word' id='word_1_400' title='bbox 2468 2431 2514 2462; x_wconf 67' lang='grc'><strong><em>⁸⁸</em></strong></span> <span class='ocrx_word' id='word_1_401' title='bbox 2544 2431 2634 2484; x_wconf 84' lang='grc' dir='ltr'><strong>τὸν</strong></span> <span class='ocrx_word' id='word_1_402' title='bbox 2655 2431 2976 2486; x_wconf 83' lang='grc' dir='ltr'>συνακτικόν</span> <span class='ocrx_word' id='word_1_403' title='bbox 3005 2432 3143 2504; x_wconf 66' lang='grc'><strong>(72).</strong></span> 
     </span>
    </p>
   </div>
   <div class='ocr_carea' id='block_1_55' title="bbox 2333 2541 3633 2611">
    <p class='ocr_par' dir='ltr' id='par_1_55' title="bbox 2333 2541 3633 2611">
     <span class='ocr_line' id='line_1_55' title="bbox 2333 2541 3633 2611; baseline 0.005 -18"><span class='ocrx_word' id='word_1_404' title='bbox 2333 2543 2472 2610; x_wconf 76' lang='grc' dir='ltr'>Περὶ</span> <span class='ocrx_word' id='word_1_405' title='bbox 2516 2541 2621 2595; x_wconf 84' lang='grc' dir='ltr'>τοῦ</span> <span class='ocrx_word' id='word_1_406' title='bbox 2653 2542 2802 2597; x_wconf 78' lang='grc' dir='ltr'>ᾰϐϐᾱ</span> <span class='ocrx_word' id='word_1_407' title='bbox 2839 2542 3140 2611; x_wconf 81' lang='grc' dir='ltr'>Θεοδώρου</span> <span class='ocrx_word' id='word_1_408' title='bbox 3173 2543 3282 2598; x_wconf 85' lang='grc' dir='ltr'>τοῦ</span> <span class='ocrx_word' id='word_1_409' title='bbox 3320 2545 3633 2601; x_wconf 77' lang='grc' dir='ltr'>Ἐννάτου.</span> 
     </span>
    </p>
   </div>
   <div class='ocr_carea' id='block_1_56' title="bbox 2256 2653 3782 2731">
    <p class='ocr_par' dir='ltr' id='par_1_56' title="bbox 2256 2653 3782 2731">
     <span class='ocr_line' id='line_1_56' title="bbox 2256 2653 3782 2731; baseline 0.005 -22"><span class='ocrx_word' id='word_1_410' title='bbox 2256 2663 2325 2710; x_wconf 89' lang='grc' dir='ltr'>α’.</span> <span class='ocrx_word' id='word_1_411' title='bbox 2363 2653 2531 2710; x_wconf 84' lang='grc' dir='ltr'>Εἶπεν</span> <span class='ocrx_word' id='word_1_412' title='bbox 2566 2658 2594 2708; x_wconf 90' lang='grc' dir='ltr'>ὁ</span> <span class='ocrx_word' id='word_1_413' title='bbox 2640 2657 2812 2720; x_wconf 72' lang='lat' dir='ltr'><strong>assa;</strong></span> <span class='ocrx_word' id='word_1_414' title='bbox 2851 2657 3127 2729; x_wconf 76' lang='grc' dir='ltr'>Θεόδωρος</span> <span class='ocrx_word' id='word_1_415' title='bbox 3163 2661 3192 2712; x_wconf 88' lang='lat'><strong>6</strong></span> <span class='ocrx_word' id='word_1_416' title='bbox 3219 2658 3314 2712; x_wconf 78' lang='grc' dir='ltr'>τοῦ</span> <span class='ocrx_word' id='word_1_417' title='bbox 3359 2659 3607 2714; x_wconf 85' lang='grc' dir='ltr'>Ἐννάτου</span> <span class='ocrx_word' id='word_1_418' title='bbox 3640 2661 3782 2731; x_wconf 75' lang='grc'><strong>(75),</strong></span> 
     </span>
    </p>
   </div>
   <div class='ocr_carea' id='block_1_57' title="bbox 2187 2749 3783 2825">
    <p class='ocr_par' dir='ltr' id='par_1_57' title="bbox 2187 2749 3783 2825">
     <span class='ocr_line' id='line_1_57' title="bbox 2187 2749 3783 2825; baseline 0.005 -25"><span class='ocrx_word' id='word_1_419' title='bbox 2187 2749 2269 2801; x_wconf 83' lang='grc' dir='ltr'><strong>ὅτι</strong></span> <span class='ocrx_word' id='word_1_420' title='bbox 2316 2749 2446 2800; x_wconf 87' lang='grc' dir='ltr'>Ὅτε</span> <span class='ocrx_word' id='word_1_421' title='bbox 2497 2749 2646 2819; x_wconf 78' lang='grc' dir='ltr'>ἥμην</span> <span class='ocrx_word' id='word_1_422' title='bbox 2695 2749 2994 2822; x_wconf 86' lang='grc' dir='ltr'>νεώτερος,</span> <span class='ocrx_word' id='word_1_423' title='bbox 3030 2753 3110 2816; x_wconf 87' lang='grc' dir='ltr'><strong>είς</strong></span> <span class='ocrx_word' id='word_1_424' title='bbox 3170 2753 3269 2823; x_wconf 79' lang='grc' dir='ltr'>τὴν</span> <span class='ocrx_word' id='word_1_425' title='bbox 3313 2751 3517 2825; x_wconf 74' lang='grc' dir='ltr'>ἔρημον</span> <span class='ocrx_word' id='word_1_426' title='bbox 3561 2752 3783 2824; x_wconf 77' lang='grc' dir='ltr'>ἔμενον.</span> 
     </span>
    </p>
   </div>
   <div class='ocr_carea' id='block_1_58' title="bbox 2203 2836 3780 2914">
    <p class='ocr_par' dir='ltr' id='par_1_58' title="bbox 2203 2836 3780 2914">
     <span class='ocr_line' id='line_1_58' title="bbox 2203 2836 3780 2914; baseline 0.005 -24"><span class='ocrx_word' id='word_1_427' title='bbox 2203 2839 2466 2910; x_wconf 80' lang='grc' dir='ltr'>Ἀπῆλθον</span> <span class='ocrx_word' id='word_1_428' title='bbox 2495 2836 2588 2892; x_wconf 76' lang='grc' dir='ltr'>οὖν</span> <span class='ocrx_word' id='word_1_429' title='bbox 2616 2842 2695 2905; x_wconf 82' lang='grc' dir='ltr'><strong>είς</strong></span> <span class='ocrx_word' id='word_1_430' title='bbox 2727 2842 2784 2894; x_wconf 86' lang='grc' dir='ltr'><strong>τὸ</strong></span> <span class='ocrx_word' id='word_1_431' title='bbox 2814 2842 3168 2914; x_wconf 82' lang='grc' dir='ltr'>ἀρτοκοπεῖον</span> <span class='ocrx_word' id='word_1_432' title='bbox 3203 2844 3426 2914; x_wconf 84' lang='grc' dir='ltr'>ποιῆσαι</span> <span class='ocrx_word' id='word_1_433' title='bbox 3452 2842 3544 2898; x_wconf 86' lang='grc' dir='ltr'>δύο</span> <span class='ocrx_word' id='word_1_434' title='bbox 3578 2846 3780 2909; x_wconf 84' lang='grc' dir='ltr'>σιτίας,</span> 
     </span>
    </p>
   </div>
   <div class='ocr_carea' id='block_1_59' title="bbox 2190 2924 3784 3007">
    <p class='ocr_par' dir='ltr' id='par_1_59' title="bbox 2190 2924 3784 3007">
     <span class='ocr_line' id='line_1_59' title="bbox 2190 2924 3784 3007; baseline 0.004 -23"><span class='ocrx_word' id='word_1_435' title='bbox 2190 2931 2284 2984; x_wconf 67' lang='grc' dir='ltr'><strong>κα)⁸</strong></span> <span class='ocrx_word' id='word_1_436' title='bbox 2321 2924 2482 3004; x_wconf 81' lang='grc' dir='ltr'>εὗρον</span> <span class='ocrx_word' id='word_1_437' title='bbox 2511 2935 2629 2986; x_wconf 86' lang='grc' dir='ltr'>ἐκεῖ</span> <span class='ocrx_word' id='word_1_438' title='bbox 2670 2933 2898 3003; x_wconf 83' lang='grc' dir='ltr'>ἀδελφὸν</span> <span class='ocrx_word' id='word_1_439' title='bbox 2936 2933 3157 2988; x_wconf 88' lang='grc' dir='ltr'>θέλοντα</span> <span class='ocrx_word' id='word_1_440' title='bbox 3186 2937 3407 3007; x_wconf 86' lang='grc' dir='ltr'>ποιῆσαι</span> <span class='ocrx_word' id='word_1_441' title='bbox 3438 2937 3654 3007; x_wconf 79' lang='grc' dir='ltr'>ἄρτους,</span> <span class='ocrx_word' id='word_1_442' title='bbox 3686 2939 3784 2991; x_wconf 76' lang='grc' dir='ltr'>καὶ</span> 
     </span>
    </p>
   </div>
   <div class='ocr_carea' id='block_1_60' title="bbox 2191 3018 3786 3098">
    <p class='ocr_par' dir='ltr' id='par_1_60' title="bbox 2191 3018 3786 3098">
     <span class='ocr_line' id='line_1_60' title="bbox 2191 3018 3786 3098; baseline 0.005 -24"><span class='ocrx_word' id='word_1_443' title='bbox 2191 3022 2293 3076; x_wconf 76' lang='grc' dir='ltr'><strong>οὐκ</strong></span> <span class='ocrx_word' id='word_1_444' title='bbox 2318 3018 2432 3095; x_wconf 73' lang='grc' dir='ltr'>εἶχέ</span> <span class='ocrx_word' id='word_1_445' title='bbox 2461 3041 2587 3078; x_wconf 88' lang='grc' dir='ltr'>τινα</span> <span class='ocrx_word' id='word_1_446' title='bbox 2612 3023 2796 3078; x_wconf 81' lang='grc' dir='ltr'>δοῦναι</span> <span class='ocrx_word' id='word_1_447' title='bbox 2827 3024 2974 3096; x_wconf 80' lang='grc' dir='ltr'>αὐτῷ</span> <span class='ocrx_word' id='word_1_448' title='bbox 3004 3029 3187 3097; x_wconf 88' lang='grc' dir='ltr'>χεῖρα.</span> <span class='ocrx_word' id='word_1_449' title='bbox 3229 3026 3370 3095; x_wconf 86' lang='grc' dir='ltr'><strong>Ἐγὼ</strong></span> <span class='ocrx_word' id='word_1_450' title='bbox 3406 3028 3462 3082; x_wconf 85' lang='grc' dir='ltr'>δὲ</span> <span class='ocrx_word' id='word_1_451' title='bbox 3497 3028 3687 3098; x_wconf 80' lang='grc' dir='ltr'>ἀφῆκα</span> <span class='ocrx_word' id='word_1_452' title='bbox 3715 3029 3786 3082; x_wconf 74' lang='grc' dir='ltr'>τὰ</span> 
     </span>
    </p>
   </div>
   <div class='ocr_carea' id='block_1_61' title="bbox 493 3105 2085 3192">
    <p class='ocr_par' dir='ltr' id='par_1_61' title="bbox 493 3105 2084 3192">
     <span class='ocr_line' id='line_1_61' title="bbox 493 3105 2084 3192; baseline -0.013 -12"><span class='ocrx_word' id='word_1_453' title='bbox 493 3124 545 3180; x_wconf 89' lang='lat' dir='ltr'><strong>ei</strong></span> <span class='ocrx_word' id='word_1_454' title='bbox 591 3137 838 3178; x_wconf 89' lang='lat' dir='ltr'><strong>manum.</strong></span> <span class='ocrx_word' id='word_1_455' title='bbox 878 3118 993 3192; x_wconf 74' lang='lat' dir='ltr'><strong>Ego</strong></span> <span class='ocrx_word' id='word_1_456' title='bbox 1036 3127 1220 3172; x_wconf 91' lang='lat' dir='ltr'><strong>autem</strong></span> <span class='ocrx_word' id='word_1_457' title='bbox 1260 3129 1378 3170; x_wconf 88' lang='lat' dir='ltr'><strong>mea</strong></span> <span class='ocrx_word' id='word_1_458' title='bbox 1421 3112 1638 3182; x_wconf 90' lang='lat' dir='ltr'><strong>reliqui,</strong></span> <span class='ocrx_word' id='word_1_459' title='bbox 1674 3117 1727 3166; x_wconf 92' lang='lat' dir='ltr'><strong>et</strong></span> <span class='ocrx_word' id='word_1_460' title='bbox 1772 3123 1995 3164; x_wconf 90' lang='lat' dir='ltr'><strong>manum</strong></span> <span class='ocrx_word' id='word_1_461' title='bbox 2034 3105 2084 3162; x_wconf 92' lang='lat' dir='ltr'><strong>ei</strong></span> 
     </span>
    </p>
   </div>
   <div class='ocr_carea' id='block_1_62' title="bbox 2193 3105 3786 3192">
    <p class='ocr_par' dir='ltr' id='par_1_62' title="bbox 2193 3112 3786 3188">
     <span class='ocr_line' id='line_1_62' title="bbox 2193 3112 3786 3188; baseline 0.003 -22"><span class='ocrx_word' id='word_1_462' title='bbox 2193 3112 2321 3184; x_wconf 85' lang='grc' dir='ltr'>ἐμὰ,</span> <span class='ocrx_word' id='word_1_463' title='bbox 2354 3115 2448 3168; x_wconf 79' lang='grc' dir='ltr'>καὶ</span> <span class='ocrx_word' id='word_1_464' title='bbox 2477 3113 2656 3168; x_wconf 74' lang='grc' dir='ltr'>ἔδωκα</span> <span class='ocrx_word' id='word_1_465' title='bbox 2683 3113 2830 3186; x_wconf 87' lang='grc' dir='ltr'>αὐτῷ</span> <span class='ocrx_word' id='word_1_466' title='bbox 2864 3117 3045 3187; x_wconf 88' lang='grc' dir='ltr'>χεῖρα.</span> <span class='ocrx_word' id='word_1_467' title='bbox 3093 3115 3178 3178; x_wconf 82' lang='grc' dir='ltr'>Ὠς</span> <span class='ocrx_word' id='word_1_468' title='bbox 3211 3115 3268 3168; x_wconf 83' lang='grc' dir='ltr'><strong>δέ</strong></span> <span class='ocrx_word' id='word_1_469' title='bbox 3301 3116 3589 3186; x_wconf 79' lang='grc' dir='ltr'>ἐσχόλασα,</span> <span class='ocrx_word' id='word_1_470' title='bbox 3615 3113 3786 3188; x_wconf 79' lang='grc' dir='ltr'>ἦλθεν</span> 
     </span>
    </p>
   </div>
   <div class='ocr_carea' id='block_1_63' title="bbox 493 3199 2081 3285">
    <p class='ocr_par' dir='ltr' id='par_1_63' title="bbox 493 3199 2081 3285">
     <span class='ocr_line' id='line_1_63' title="bbox 493 3199 2081 3285; baseline -0.011 -18"><span class='ocrx_word' id='word_1_471' title='bbox 493 3211 738 3285; x_wconf 72' lang='grc' dir='ltr'>ιιογνιιιιὶ.</span> <span class='ocrx_word' id='word_1_472' title='bbox 770 3210 840 3265; x_wconf 88' lang='lat' dir='ltr'><strong>Ut</strong></span> <span class='ocrx_word' id='word_1_473' title='bbox 865 3224 996 3264; x_wconf 88' lang='lat' dir='ltr'><strong>vero</strong></span> <span class='ocrx_word' id='word_1_474' title='bbox 1024 3208 1092 3262; x_wconf 90' lang='lat' dir='ltr'><strong>ab</strong></span> <span class='ocrx_word' id='word_1_475' title='bbox 1118 3207 1210 3260; x_wconf 89' lang='lat' dir='ltr'><strong>illa</strong></span> <span class='ocrx_word' id='word_1_476' title='bbox 1238 3202 1602 3273; x_wconf 89' lang='lat' dir='ltr'><strong>occupatione</strong></span> <span class='ocrx_word' id='word_1_477' title='bbox 1632 3199 1898 3255; x_wconf 92' lang='lat' dir='ltr'><strong>liberatus</strong></span> <span class='ocrx_word' id='word_1_478' title='bbox 1930 3211 2081 3262; x_wconf 90' lang='lat' dir='ltr'><strong>sum,</strong></span> 
     </span>
    </p>
   </div>
   <div class='ocr_carea' id='block_1_64' title="bbox 491 3292 2088 3367">
    <p class='ocr_par' dir='ltr' id='par_1_64' title="bbox 491 3292 2088 3367">
     <span class='ocr_line' id='line_1_64' title="bbox 491 3292 2088 3367; baseline -0.011 -5"><span class='ocrx_word' id='word_1_479' title='bbox 491 3309 643 3363; x_wconf 85' lang='lat' dir='ltr'><strong>venit</strong></span> <span class='ocrx_word' id='word_1_480' title='bbox 689 3306 830 3359; x_wconf 85' lang='lat' dir='ltr'><strong>alius</strong></span> <span class='ocrx_word' id='word_1_481' title='bbox 873 3301 1076 3367; x_wconf 80' lang='lat' dir='ltr'><strong>frater;</strong></span> <span class='ocrx_word' id='word_1_482' title='bbox 1118 3300 1428 3367; x_wconf 86' lang='lat' dir='ltr'><strong>iterumque</strong></span> <span class='ocrx_word' id='word_1_483' title='bbox 1467 3295 1519 3350; x_wconf 85' lang='lat' dir='ltr'><strong>ei</strong></span> <span class='ocrx_word' id='word_1_484' title='bbox 1561 3292 1685 3347; x_wconf 89' lang='lat' dir='ltr'><strong>dedi</strong></span> <span class='ocrx_word' id='word_1_485' title='bbox 1730 3305 1975 3356; x_wconf 89' lang='lat' dir='ltr'><strong>manum,</strong></span> <span class='ocrx_word' id='word_1_486' title='bbox 2022 3304 2088 3345; x_wconf 88' lang='lat' dir='ltr'><strong>ac</strong></span> 
     </span>
    </p>
   </div>
   <div class='ocr_carea' id='block_1_65' title="bbox 494 3378 2086 3467">
    <p class='ocr_par' dir='ltr' id='par_1_65' title="bbox 494 3378 2086 3467">
     <span class='ocr_line' id='line_1_65' title="bbox 494 3378 2086 3467; baseline -0.012 -13"><span class='ocrx_word' id='word_1_487' title='bbox 494 3397 597 3454; x_wconf 78' lang='lat' dir='ltr'><strong>feci</strong></span> <span class='ocrx_word' id='word_1_488' title='bbox 630 3411 821 3467; x_wconf 89' lang='lat' dir='ltr'><strong>panes.</strong></span> <span class='ocrx_word' id='word_1_489' title='bbox 849 3392 1068 3448; x_wconf 91' lang='lat' dir='ltr'><strong>Tertius</strong></span> <span class='ocrx_word' id='word_1_490' title='bbox 1100 3395 1288 3459; x_wconf 90' lang='lat' dir='ltr'><strong>postea</strong></span> <span class='ocrx_word' id='word_1_491' title='bbox 1323 3383 1586 3449; x_wconf 73' lang='lat' dir='ltr'><strong>acceSSit;</strong></span> <span class='ocrx_word' id='word_1_492' title='bbox 1617 3380 1891 3450; x_wconf 89' lang='lat' dir='ltr'><strong>similique</strong></span> <span class='ocrx_word' id='word_1_493' title='bbox 1922 3378 2086 3435; x_wconf 91' lang='lat' dir='ltr'><strong>modo</strong></span> 
     </span>
    </p>
   </div>
   <div class='ocr_carea' id='block_1_66' title="bbox 492 3469 2080 3561">
    <p class='ocr_par' dir='ltr' id='par_1_66' title="bbox 492 3469 2080 3561">
     <span class='ocr_line' id='line_1_66' title="bbox 492 3469 2080 3561; baseline -0.015 -16"><span class='ocrx_word' id='word_1_494' title='bbox 492 3491 598 3561; x_wconf 65' lang='lat' dir='ltr'><strong>egi.</strong></span> <span class='ocrx_word' id='word_1_495' title='bbox 623 3489 802 3559; x_wconf 80' lang='lat' dir='ltr'><strong>Atque</strong></span> <span class='ocrx_word' id='word_1_496' title='bbox 823 3485 907 3541; x_wconf 90' lang='lat' dir='ltr'><strong>sic</strong></span> <span class='ocrx_word' id='word_1_497' title='bbox 929 3483 994 3538; x_wconf 91' lang='lat' dir='ltr'><strong>ad</strong></span> <span class='ocrx_word' id='word_1_498' title='bbox 1021 3481 1269 3552; x_wconf 79' lang='lat' dir='ltr'><strong>singulos</strong></span> <span class='ocrx_word' id='word_1_499' title='bbox 1297 3477 1654 3532; x_wconf 91' lang='lat' dir='ltr'><strong>adventantes</strong></span> <span class='ocrx_word' id='word_1_500' title='bbox 1679 3487 1764 3526; x_wconf 89' lang='lat' dir='ltr'><strong>me</strong></span> <span class='ocrx_word' id='word_1_501' title='bbox 1786 3469 2080 3542; x_wconf 79' lang='lat' dir='ltr'><strong>gerebam;</strong></span> 
     </span>
    </p>
   </div>
   <div class='ocr_carea' id='block_1_67' title="bbox 495 3564 2082 3634">
    <p class='ocr_par' dir='ltr' id='par_1_67' title="bbox 495 3564 2082 3634">
     <span class='ocr_line' id='line_1_67' title="bbox 495 3564 2082 3634; baseline -0.013 0"><span class='ocrx_word' id='word_1_502' title='bbox 495 3586 549 3634; x_wconf 93' lang='lat' dir='ltr'><strong>et</strong></span> <span class='ocrx_word' id='word_1_503' title='bbox 580 3593 676 3634; x_wconf 81' lang='lat' dir='ltr'><strong>sex</strong></span> <span class='ocrx_word' id='word_1_504' title='bbox 708 3583 968 3630; x_wconf 86' lang='lat' dir='ltr'><strong>cocturas</strong></span> <span class='ocrx_word' id='word_1_505' title='bbox 999 3570 1236 3628; x_wconf 82' lang='lat' dir='ltr'><strong>conl‘eci.</strong></span> <span class='ocrx_word' id='word_1_506' title='bbox 1263 3566 1506 3622; x_wconf 88' lang='lat' dir='ltr'><strong>Tandem</strong></span> <span class='ocrx_word' id='word_1_507' title='bbox 1535 3564 1674 3618; x_wconf 90' lang='lat' dir='ltr'><strong>duas</strong></span> <span class='ocrx_word' id='word_1_508' title='bbox 1706 3576 1856 3616; x_wconf 90' lang='lat' dir='ltr'><strong>meas</strong></span> <span class='ocrx_word' id='word_1_509' title='bbox 1888 3567 2082 3616; x_wconf 89' lang='lat' dir='ltr'><strong>coctu-</strong></span> 
     </span>
    </p>
   </div>
   <div class='ocr_carea' id='block_1_68' title="bbox 495 3659 1707 3740">
    <p class='ocr_par' dir='ltr' id='par_1_68' title="bbox 495 3659 1707 3740">
     <span class='ocr_line' id='line_1_68' title="bbox 495 3659 1707 3740; baseline -0.017 -13"><span class='ocrx_word' id='word_1_510' title='bbox 495 3687 592 3727; x_wconf 81' lang='lat' dir='ltr'><strong>ras</strong></span> <span class='ocrx_word' id='word_1_511' title='bbox 626 3669 832 3740; x_wconf 76' lang='lat' dir='ltr'><strong>peregi,</strong></span> <span class='ocrx_word' id='word_1_512' title='bbox 861 3682 983 3720; x_wconf 87' lang='lat' dir='ltr'><strong>cum</strong></span> <span class='ocrx_word' id='word_1_513' title='bbox 1015 3679 1179 3718; x_wconf 90' lang='lat' dir='ltr'><strong>nemo</strong></span> <span class='ocrx_word' id='word_1_514' title='bbox 1211 3660 1448 3731; x_wconf 90' lang='lat' dir='ltr'><strong>amplius</strong></span> <span class='ocrx_word' id='word_1_515' title='bbox 1473 3659 1707 3711; x_wconf 77' lang='lat' dir='ltr'><strong>veniret.</strong></span> 
     </span>
    </p>
   </div>
   <div class='ocr_carea' id='block_1_69' title="bbox 570 3743 2091 3832">
    <p class='ocr_par' dir='ltr' id='par_1_69' title="bbox 570 3743 2091 3832">
     <span class='ocr_line' id='line_1_69' title="bbox 570 3743 2091 3832; baseline -0.011 -16"><span class='ocrx_word' id='word_1_516' title='bbox 570 3763 626 3817; x_wconf 74' lang='lat'><strong>2.</strong></span> <span class='ocrx_word' id='word_1_517' title='bbox 658 3761 772 3832; x_wconf 75' lang='lat'><strong>(73)</strong></span> <span class='ocrx_word' id='word_1_518' title='bbox 807 3756 1181 3812; x_wconf 79' lang='lat' dir='ltr'><strong>Memorabant</strong></span> <span class='ocrx_word' id='word_1_519' title='bbox 1202 3753 1268 3808; x_wconf 93' lang='lat' dir='ltr'><strong>de</strong></span> <span class='ocrx_word' id='word_1_520' title='bbox 1291 3752 1487 3806; x_wconf 90' lang='lat' dir='ltr'><strong>abbate</strong></span> <span class='ocrx_word' id='word_1_521' title='bbox 1505 3747 1797 3802; x_wconf 86' lang='lat' dir='ltr'><strong>Theodoro</strong></span> <span class='ocrx_word' id='word_1_522' title='bbox 1818 3752 1871 3799; x_wconf 91' lang='lat' dir='ltr'><strong>et</strong></span> <span class='ocrx_word' id='word_1_523' title='bbox 1893 3743 2091 3799; x_wconf 85' lang='lat' dir='ltr'><strong>abbate</strong></span> 
     </span>
    </p>
   </div>
   <div class='ocr_carea' id='block_1_70' title="bbox 495 3839 2090 3919">
    <p class='ocr_par' dir='ltr' id='par_1_70' title="bbox 495 3839 2090 3919">
     <span class='ocr_line' id='line_1_70' title="bbox 495 3839 2090 3919; baseline -0.012 -9"><span class='ocrx_word' id='word_1_524' title='bbox 495 3853 693 3919; x_wconf 85' lang='lat' dir='ltr'><strong>Lucio,</strong></span> <span class='ocrx_word' id='word_1_525' title='bbox 748 3849 946 3904; x_wconf 85' lang='lat' dir='ltr'><strong>Ennati</strong></span> <span class='ocrx_word' id='word_1_526' title='bbox 1003 3845 1220 3910; x_wconf 86' lang='lat' dir='ltr'><strong>incolis,</strong></span> <span class='ocrx_word' id='word_1_527' title='bbox 1268 3843 1414 3915; x_wconf 92' lang='lat' dir='ltr'><strong>quod</strong></span> <span class='ocrx_word' id='word_1_528' title='bbox 1464 3839 1862 3913; x_wconf 74' lang='lat' dir='ltr'><strong>quinquaginta</strong></span> <span class='ocrx_word' id='word_1_529' title='bbox 1913 3851 2090 3893; x_wconf 83' lang='lat' dir='ltr'><strong>annos</strong></span> 
     </span>
    </p>
   </div>
   <div class='ocr_carea' id='block_1_71' title="bbox 497 3997 1523 4078">
    <p class='ocr_par' dir='ltr' id='par_1_71' title="bbox 497 3997 1523 4078">
     <span class='ocr_line' id='line_1_71' title="bbox 497 3997 1523 4078; baseline -0.013 -15"><span class='ocrx_word' id='word_1_530' title='bbox 497 4009 521 4043; x_wconf 87' lang='grc'><strong><em>³</em></strong></span> <span class='ocrx_word' id='word_1_531' title='bbox 559 4006 969 4078; x_wconf 78' lang='grc' dir='ltr'>ΑΙ.λεϐήτωνα.</span> <span class='ocrx_word' id='word_1_532' title='bbox 1047 4003 1092 4034; x_wconf 83' lang='grc'><strong>⁵”</strong></span> <span class='ocrx_word' id='word_1_533' title='bbox 1124 3999 1208 4054; x_wconf 88' lang='lat' dir='ltr'><strong>Al.</strong></span> <span class='ocrx_word' id='word_1_534' title='bbox 1240 3997 1523 4070; x_wconf 76' lang='grc' dir='ltr'>λεϐήτονα.</span> 
     </span>
    </p>
   </div>
   <div class='ocr_carea' id='block_1_72' title="bbox 568 4131 1234 4208">
    <p class='ocr_par' dir='ltr' id='par_1_72' title="bbox 568 4131 1234 4208">
     <span class='ocr_line' id='line_1_72' title="bbox 568 4131 1234 4208; baseline -0.012 -16"><span class='ocrx_word' id='word_1_535' title='bbox 568 4141 683 4208; x_wconf 83' lang='lat'><strong>(7|)</strong></span> <span class='ocrx_word' id='word_1_536' title='bbox 730 4135 836 4208; x_wconf 61' lang='grc' dir='ltr'>ῑῖξι.</span> <span class='ocrx_word' id='word_1_537' title='bbox 875 4135 1026 4208; x_wconf 85' lang='lat' dir='ltr'><strong>Patr.</strong></span> <span class='ocrx_word' id='word_1_538' title='bbox 1059 4149 1158 4195; x_wconf 77' lang='lat' dir='ltr'><strong>VII,</strong></span> <span class='ocrx_word' id='word_1_539' title='bbox 1203 4131 1234 4184; x_wconf 88' lang='lat'><strong><em>7</em></strong></span> 
     </span>
    </p>
   </div>
   <div class='ocr_carea' id='block_1_73' title="bbox 570 4198 2092 4278">
    <p class='ocr_par' dir='ltr' id='par_1_73' title="bbox 570 4198 2092 4278">
     <span class='ocr_line' id='line_1_73' title="bbox 570 4198 2092 4278; baseline -0.007 -14"><span class='ocrx_word' id='word_1_540' title='bbox 570 4198 684 4278; x_wconf 64' lang='lat'><strong>(72}</strong></span> <span class='ocrx_word' id='word_1_541' title='bbox 723 4207 840 4278; x_wconf 67' lang='grc' dir='ltr'><strong>Τρν</strong></span> <span class='ocrx_word' id='word_1_542' title='bbox 870 4207 1161 4278; x_wconf 66' lang='grc' dir='ltr'>λεόίτωνᾳ</span> <span class='ocrx_word' id='word_1_543' title='bbox 1198 4199 1730 4278; x_wconf 54' lang='grc' dir='ltr'>τὸιςρυιςακτικόν.</span> <span class='ocrx_word' id='word_1_544' title='bbox 1774 4198 2092 4278; x_wconf 72' lang='lat' dir='ltr'><strong>Apud__Bol-</strong></span> 
     </span>
    </p>
   </div>
   <div class='ocr_carea' id='block_1_74' title="bbox 498 4269 2096 4345">
    <p class='ocr_par' dir='ltr' id='par_1_74' title="bbox 498 4269 2096 4345">
     <span class='ocr_line' id='line_1_74' title="bbox 498 4269 2096 4345; baseline -0.008 -7"><span class='ocrx_word' id='word_1_545' title='bbox 498 4269 743 4345; x_wconf 78' lang='lat' dir='ltr'><strong>landum,</strong></span> <span class='ocrx_word' id='word_1_546' title='bbox 765 4277 1051 4332; x_wconf 88' lang='lat' dir='ltr'><strong>Februarii</strong></span> <span class='ocrx_word' id='word_1_547' title='bbox 1086 4274 1171 4336; x_wconf 82' lang='lat' dir='ltr'><strong>ll,</strong></span> <span class='ocrx_word' id='word_1_548' title='bbox 1198 4273 1254 4325; x_wconf 89' lang='lat' dir='ltr'><strong>in</strong></span> <span class='ocrx_word' id='word_1_549' title='bbox 1288 4271 1408 4326; x_wconf 83' lang='lat' dir='ltr'><strong>Vita</strong></span> <span class='ocrx_word' id='word_1_550' title='bbox 1430 4271 1590 4345; x_wconf 71' lang='lat' dir='ltr'><strong>Jonie</strong></span> <span class='ocrx_word' id='word_1_551' title='bbox 1615 4270 1859 4345; x_wconf 74' lang='lat' dir='ltr'><strong>monac/ti</strong></span> <span class='ocrx_word' id='word_1_552' title='bbox 1883 4269 2096 4325; x_wconf 81' lang='lat' dir='ltr'><strong>:Habe—</strong></span> 
     </span>
    </p>
   </div>
   <div class='ocr_carea' id='block_1_75' title="bbox 499 4339 2095 4412">
    <p class='ocr_par' dir='ltr' id='par_1_75' title="bbox 499 4339 2095 4412">
     <span class='ocr_line' id='line_1_75' title="bbox 499 4339 2095 4412; baseline -0.007 -5"><span class='ocrx_word' id='word_1_553' title='bbox 499 4354 591 4407; x_wconf 80' lang='lat' dir='ltr'><strong>bat</strong></span> <span class='ocrx_word' id='word_1_554' title='bbox 641 4339 759 4406; x_wconf 69' lang='lat' dir='ltr'><strong>vero</strong></span> <span class='ocrx_word' id='word_1_555' title='bbox 799 4364 962 4402; x_wconf 88' lang='lat' dir='ltr'><strong>unum</strong></span> <span class='ocrx_word' id='word_1_556' title='bbox 1009 4345 1312 4406; x_wconf 85' lang='lat' dir='ltr'><strong>lebitonem,</strong></span> <span class='ocrx_word' id='word_1_557' title='bbox 1343 4358 1443 4412; x_wconf 88' lang='lat' dir='ltr'><strong>quo</strong></span> <span class='ocrx_word' id='word_1_558' title='bbox 1497 4339 1818 4393; x_wconf 80' lang='lat' dir='ltr'><strong>induebatur</strong></span> <span class='ocrx_word' id='word_1_559' title='bbox 1865 4349 2095 4410; x_wconf 87' lang='lat' dir='ltr'><strong>tempore</strong></span> 
     </span>
    </p>
   </div>
   <div class='ocr_carea' id='block_1_76' title="bbox 2188 3203 3789 3279">
    <p class='ocr_par' dir='ltr' id='par_1_76' title="bbox 2188 3203 3789 3279">
     <span class='ocr_line' id='line_1_76' title="bbox 2188 3203 3789 3279; baseline 0.002 -22"><span class='ocrx_word' id='word_1_560' title='bbox 2188 3203 2350 3268; x_wconf 78' lang='grc' dir='ltr'>ἄλλος</span> <span class='ocrx_word' id='word_1_561' title='bbox 2403 3204 2654 3274; x_wconf 79' lang='grc' dir='ltr'>ἀδελφὸς,</span> <span class='ocrx_word' id='word_1_562' title='bbox 2708 3205 2804 3259; x_wconf 69' lang='grc' dir='ltr'><strong>καὶ</strong></span> <span class='ocrx_word' id='word_1_563' title='bbox 2853 3205 3013 3260; x_wconf 81' lang='grc' dir='ltr'>πάλιν</span> <span class='ocrx_word' id='word_1_564' title='bbox 3057 3206 3232 3260; x_wconf 78' lang='grc' dir='ltr'>ἔδωκα</span> <span class='ocrx_word' id='word_1_565' title='bbox 3269 3206 3418 3278; x_wconf 76' lang='grc' dir='ltr'><strong>αὐτῷ</strong></span> <span class='ocrx_word' id='word_1_566' title='bbox 3459 3210 3640 3279; x_wconf 83' lang='grc' dir='ltr'>χεῖρα,</span> <span class='ocrx_word' id='word_1_567' title='bbox 3689 3209 3789 3260; x_wconf 78' lang='grc' dir='ltr'><strong>καὶ</strong></span> 
     </span>
    </p>
   </div>
   <div class='ocr_carea' id='block_1_77' title="bbox 2189 3293 3788 3368">
    <p class='ocr_par' dir='ltr' id='par_1_77' title="bbox 2189 3293 3788 3368">
     <span class='ocr_line' id='line_1_77' title="bbox 2189 3293 3788 3368; baseline 0.003 -22"><span class='ocrx_word' id='word_1_568' title='bbox 2189 3293 2424 3366; x_wconf 87' lang='grc' dir='ltr'>ἐποίησα</span> <span class='ocrx_word' id='word_1_569' title='bbox 2473 3295 2543 3349; x_wconf 77' lang='grc' dir='ltr'>τὰ</span> <span class='ocrx_word' id='word_1_570' title='bbox 2581 3295 2790 3367; x_wconf 76' lang='grc' dir='ltr'>ψωμία.</span> <span class='ocrx_word' id='word_1_571' title='bbox 2841 3295 2952 3348; x_wconf 85' lang='lat' dir='ltr'><strong>Kal</strong></span> <span class='ocrx_word' id='word_1_572' title='bbox 3010 3295 3174 3349; x_wconf 79' lang='grc' dir='ltr'>πάλιν</span> <span class='ocrx_word' id='word_1_573' title='bbox 3229 3296 3413 3368; x_wconf 85' lang='grc' dir='ltr'>τρίτος</span> <span class='ocrx_word' id='word_1_574' title='bbox 3461 3293 3635 3368; x_wconf 84' lang='grc' dir='ltr'>ἦλθε,</span> <span class='ocrx_word' id='word_1_575' title='bbox 3690 3298 3788 3350; x_wconf 68' lang='grc' dir='ltr'><strong>καὶ</strong></span> 
     </span>
    </p>
   </div>
   <div class='ocr_carea' id='block_1_78' title="bbox 2190 3385 3788 3460">
    <p class='ocr_par' dir='ltr' id='par_1_78' title="bbox 2190 3385 3788 3460">
     <span class='ocr_line' id='line_1_78' title="bbox 2190 3385 3788 3460; baseline 0.001 -21"><span class='ocrx_word' id='word_1_576' title='bbox 2190 3386 2422 3457; x_wconf 86' lang='grc' dir='ltr'>ἐποίησα</span> <span class='ocrx_word' id='word_1_577' title='bbox 2469 3386 2670 3458; x_wconf 87' lang='grc' dir='ltr'>ὁμοίως</span> <span class='ocrx_word' id='word_1_578' title='bbox 2693 3404 2706 3417; x_wconf 88' lang='grc'>·</span> <span class='ocrx_word' id='word_1_579' title='bbox 2746 3387 2841 3440; x_wconf 76' lang='grc' dir='ltr'>καὶ</span> <span class='ocrx_word' id='word_1_580' title='bbox 2865 3385 3040 3451; x_wconf 73' lang='grc' dir='ltr'>οὕτως</span> <span class='ocrx_word' id='word_1_581' title='bbox 3068 3387 3303 3442; x_wconf 72' lang='grc' dir='ltr'>ἕκαστον</span> <span class='ocrx_word' id='word_1_582' title='bbox 3331 3387 3441 3441; x_wconf 86' lang='grc' dir='ltr'><strong>τῶν</strong></span> <span class='ocrx_word' id='word_1_583' title='bbox 3470 3388 3788 3460; x_wconf 83' lang='grc' dir='ltr'>ἐρχομένων</span> 
     </span>
    </p>
   </div>
   <div class='ocr_carea' id='block_1_79' title="bbox 2191 3463 3789 3550">
    <p class='ocr_par' dir='ltr' id='par_1_79' title="bbox 2191 3463 3789 3550">
     <span class='ocr_line' id='line_1_79' title="bbox 2191 3463 3789 3550; baseline 0.001 -20"><span class='ocrx_word' id='word_1_584' title='bbox 2191 3477 2409 3531; x_wconf 82' lang='grc' dir='ltr'>ἐποίουν</span> <span class='ocrx_word' id='word_1_585' title='bbox 2431 3493 2443 3506; x_wconf 82' lang='grc'><strong><em>⁸</em></strong></span> <span class='ocrx_word' id='word_1_586' title='bbox 2471 3478 2566 3531; x_wconf 67' lang='grc' dir='ltr'><strong>καὶ</strong></span> <span class='ocrx_word' id='word_1_587' title='bbox 2596 3463 2830 3550; x_wconf 84' lang='grc' dir='ltr'>ἐποίησα</span> <span class='ocrx_word' id='word_1_588' title='bbox 2856 3477 2916 3543; x_wconf 82' lang='grc' dir='ltr'><strong>ἓξ</strong></span> <span class='ocrx_word' id='word_1_589' title='bbox 2946 3479 3144 3542; x_wconf 85' lang='grc' dir='ltr'>σιτίας.</span> <span class='ocrx_word' id='word_1_590' title='bbox 3171 3480 3437 3550; x_wconf 79' lang='grc' dir='ltr'>’Υστερον</span> <span class='ocrx_word' id='word_1_591' title='bbox 3470 3479 3526 3533; x_wconf 89' lang='grc' dir='ltr'><strong>δέ</strong></span> <span class='ocrx_word' id='word_1_592' title='bbox 3553 3481 3789 3550; x_wconf 67' lang='grc' dir='ltr'>ἐποίησα</span> 
     </span>
    </p>
   </div>
   <div class='ocr_carea' id='block_1_80' title="bbox 2189 3568 3791 3644">
    <p class='ocr_par' dir='ltr' id='par_1_80' title="bbox 2189 3568 3791 3644">
     <span class='ocr_line' id='line_1_80' title="bbox 2189 3568 3791 3644; baseline 0.002 -22"><span class='ocrx_word' id='word_1_593' title='bbox 2189 3568 2290 3632; x_wconf 81' lang='grc' dir='ltr'>τὰς</span> <span class='ocrx_word' id='word_1_594' title='bbox 2333 3568 2427 3622; x_wconf 82' lang='grc' dir='ltr'><strong>δύο</strong></span> <span class='ocrx_word' id='word_1_595' title='bbox 2474 3569 2650 3634; x_wconf 86' lang='grc' dir='ltr'>σιτίας</span> <span class='ocrx_word' id='word_1_596' title='bbox 2702 3569 2800 3634; x_wconf 78' lang='grc' dir='ltr'>τὰς</span> <span class='ocrx_word' id='word_1_597' title='bbox 2849 3570 3030 3641; x_wconf 82' lang='grc' dir='ltr'>ἐμὰς,</span> <span class='ocrx_word' id='word_1_598' title='bbox 3078 3571 3430 3642; x_wconf 83' lang='grc' dir='ltr'>ἁποσχόντων</span> <span class='ocrx_word' id='word_1_599' title='bbox 3473 3571 3582 3626; x_wconf 83' lang='grc' dir='ltr'>τῶν</span> <span class='ocrx_word' id='word_1_600' title='bbox 3631 3574 3791 3644; x_wconf 86' lang='grc' dir='ltr'>ἐρχο-</span> 
     </span>
    </p>
   </div>
   <div class='ocr_carea' id='block_1_81' title="bbox 2195 3661 2395 3733">
    <p class='ocr_par' dir='ltr' id='par_1_81' title="bbox 2195 3661 2395 3733">
     <span class='ocr_line' id='line_1_81' title="bbox 2195 3661 2395 3733; baseline 0.005 -18"><span class='ocrx_word' id='word_1_601' title='bbox 2195 3661 2395 3733; x_wconf 86' lang='grc' dir='ltr'>μένων.</span> 
     </span>
    </p>
   </div>
   <div class='ocr_carea' id='block_1_82' title="bbox 2265 3752 3793 3828">
    <p class='ocr_par' dir='ltr' id='par_1_82' title="bbox 2265 3752 3793 3828">
     <span class='ocr_line' id='line_1_82' title="bbox 2265 3752 3793 3828; baseline 0.001 -22"><span class='ocrx_word' id='word_1_602' title='bbox 2265 3752 2332 3824; x_wconf 82' lang='grc' dir='ltr'><strong>β’.</strong></span> <span class='ocrx_word' id='word_1_603' title='bbox 2393 3752 2622 3823; x_wconf 86' lang='grc' dir='ltr'>Ἔλεγον</span> <span class='ocrx_word' id='word_1_604' title='bbox 2649 3753 2777 3825; x_wconf 75' lang='grc' dir='ltr'>περὶ</span> <span class='ocrx_word' id='word_1_605' title='bbox 2807 3753 2900 3807; x_wconf 80' lang='grc' dir='ltr'>τοῦ</span> <span class='ocrx_word' id='word_1_606' title='bbox 2934 3753 3079 3808; x_wconf 82' lang='grc' dir='ltr'>ἁϐϐἄ</span> <span class='ocrx_word' id='word_1_607' title='bbox 3103 3754 3378 3828; x_wconf 79' lang='grc' dir='ltr'>Θεοδώρου</span> <span class='ocrx_word' id='word_1_608' title='bbox 3409 3755 3617 3811; x_wconf 74' lang='grc' dir='ltr'>καὶτοῦ</span> <span class='ocrx_word' id='word_1_609' title='bbox 3643 3754 3793 3809; x_wconf 69' lang='grc' dir='ltr'>ἁϐϐἅ.</span> 
     </span>
    </p>
   </div>
   <div class='ocr_carea' id='block_1_83' title="bbox 2192 3845 3793 3920">
    <p class='ocr_par' dir='ltr' id='par_1_83' title="bbox 2192 3845 3793 3920">
     <span class='ocr_line' id='line_1_83' title="bbox 2192 3845 3793 3920; baseline 0.001 -20"><span class='ocrx_word' id='word_1_610' title='bbox 2192 3845 2422 3900; x_wconf 83' lang='grc' dir='ltr'>Λουκίου</span> <span class='ocrx_word' id='word_1_611' title='bbox 2451 3846 2561 3900; x_wconf 88' lang='grc' dir='ltr'><strong>τῶν</strong></span> <span class='ocrx_word' id='word_1_612' title='bbox 2593 3845 2687 3900; x_wconf 84' lang='grc' dir='ltr'>τοῦ</span> <span class='ocrx_word' id='word_1_613' title='bbox 2724 3847 3000 3914; x_wconf 85' lang='grc' dir='ltr'>Ἐννάτου,</span> <span class='ocrx_word' id='word_1_614' title='bbox 3034 3847 3117 3902; x_wconf 85' lang='grc' dir='ltr'>ὃτι</span> <span class='ocrx_word' id='word_1_615' title='bbox 3151 3849 3416 3920; x_wconf 80' lang='grc' dir='ltr'>ἐποίησαν</span> <span class='ocrx_word' id='word_1_616' title='bbox 3448 3849 3793 3920; x_wconf 82' lang='grc' dir='ltr'>πεντήκοντα</span> 
     </span>
    </p>
   </div>
   <div class='ocr_carea' id='block_1_84' title="bbox 2196 4129 3786 4200">
    <p class='ocr_par' dir='ltr' id='par_1_84' title="bbox 2196 4129 3786 4200">
     <span class='ocr_line' id='line_1_84' title="bbox 2196 4129 3786 4200; baseline -0.001 -16"><span class='ocrx_word' id='word_1_617' title='bbox 2196 4130 2459 4185; x_wconf 83' lang='lat' dir='ltr'><strong>civitatis.</strong></span> <span class='ocrx_word' id='word_1_618' title='bbox 2492 4129 2698 4185; x_wconf 57' lang='lat' dir='ltr'><strong>Praeter</strong></span> <span class='ocrx_word' id='word_1_619' title='bbox 2723 4129 2988 4186; x_wconf 86' lang='lat' dir='ltr'><strong>Joannen.</strong></span> <span class='ocrx_word' id='word_1_620' title='bbox 3031 4130 3316 4187; x_wconf 85' lang='lat' dir='ltr'><strong>Moschum</strong></span> <span class='ocrx_word' id='word_1_621' title='bbox 3345 4145 3467 4200; x_wconf 89' lang='lat' dir='ltr'><strong>cap.</strong></span> <span class='ocrx_word' id='word_1_622' title='bbox 3510 4130 3634 4196; x_wconf 76' lang='lat' dir='ltr'><strong>M5,</strong></span> <span class='ocrx_word' id='word_1_623' title='bbox 3661 4131 3786 4191; x_wconf 69' lang='lat'><strong>177.</strong></span> 
     </span>
    </p>
   </div>
   <div class='ocr_carea' id='block_1_85' title="bbox 2197 4200 3794 4272">
    <p class='ocr_par' dir='ltr' id='par_1_85' title="bbox 2197 4200 3794 4272">
     <span class='ocr_line' id='line_1_85' title="bbox 2197 4200 3794 4272; baseline -0.001 -18"><span class='ocrx_word' id='word_1_624' title='bbox 2197 4203 2321 4265; x_wconf 71' lang='grc'><strong>184,</strong></span> <span class='ocrx_word' id='word_1_625' title='bbox 2365 4200 2624 4256; x_wconf 86' lang='lat' dir='ltr'><strong>Leontius</strong></span> <span class='ocrx_word' id='word_1_626' title='bbox 2666 4203 2743 4255; x_wconf 89' lang='lat' dir='ltr'><strong>De</strong></span> <span class='ocrx_word' id='word_1_627' title='bbox 2779 4203 3203 4272; x_wconf 81' lang='lat' dir='ltr'><strong>sectis,actione</strong></span> <span class='ocrx_word' id='word_1_628' title='bbox 3235 4203 3307 4272; x_wconf 10' lang='lat'><strong>57:</strong></span> <span class='ocrx_word' id='word_1_629' title='bbox 3339 4201 3656 4272; x_wconf 64' lang='grc' dir='ltr'>Φοϐηθειςὸ</span> <span class='ocrx_word' id='word_1_630' title='bbox 3695 4203 3794 4272; x_wconf 57' lang='grc' dir='ltr'><strong>Σες</strong></span> 
     </span>
    </p>
   </div>
   <div class='ocr_carea' id='block_1_86' title="bbox 2197 4270 3793 4342">
    <p class='ocr_par' dir='ltr' id='par_1_86' title="bbox 2197 4270 3793 4342">
     <span class='ocr_line' id='line_1_86' title="bbox 2197 4270 3793 4342; baseline 0 -18"><span class='ocrx_word' id='word_1_631' title='bbox 2197 4272 2384 4342; x_wconf 85' lang='grc' dir='ltr'>ϐῆρος,</span> <span class='ocrx_word' id='word_1_632' title='bbox 2434 4272 2627 4340; x_wconf 84' lang='grc' dir='ltr'>φεύγει</span> <span class='ocrx_word' id='word_1_633' title='bbox 2675 4275 2755 4336; x_wconf 83' lang='grc' dir='ltr'>εἰς</span> <span class='ocrx_word' id='word_1_634' title='bbox 2792 4271 3224 4342; x_wconf 78' lang='grc' dir='ltr'>Ἀλεξάνδρειαν,</span> <span class='ocrx_word' id='word_1_635' title='bbox 3259 4271 3419 4342; x_wconf 69' lang='grc' dir='ltr'>ἔχων</span> <span class='ocrx_word' id='word_1_636' title='bbox 3449 4270 3572 4342; x_wconf 53' lang='grc' dir='ltr'>μεθξ</span> <span class='ocrx_word' id='word_1_637' title='bbox 3593 4270 3793 4324; x_wconf 79' lang='grc' dir='ltr'>ἐαυτοῦ</span> 
     </span>
    </p>
   </div>
   <div class='ocr_carea' id='block_1_87' title="bbox 2209 4335 3797 4412">
    <p class='ocr_par' dir='ltr' id='par_1_87' title="bbox 2209 4335 3797 4412">
     <span class='ocr_line' id='line_1_87' title="bbox 2209 4335 3797 4412; baseline -0.001 -17"><span class='ocrx_word' id='word_1_638' title='bbox 2209 4335 2494 4396; x_wconf 70' lang='grc' dir='ltr'>Ἰουλιανόν</span> <span class='ocrx_word' id='word_1_639' title='bbox 2543 4335 2663 4396; x_wconf 80' lang='grc' dir='ltr'>τινα</span> <span class='ocrx_word' id='word_1_640' title='bbox 2703 4335 3000 4396; x_wconf 64' lang='grc' dir='ltr'>ἐπίσκοπον</span> <span class='ocrx_word' id='word_1_641' title='bbox 3043 4335 3468 4412; x_wconf 56' lang='grc' dir='ltr'><strong>’Ἀλικιιιρνασ-οὖι</strong></span> <span class='ocrx_word' id='word_1_642' title='bbox 3515 4335 3660 4396; x_wconf 74' lang='grc' dir='ltr'>οὗτοι</span> <span class='ocrx_word' id='word_1_643' title='bbox 3706 4341 3797 4393; x_wconf 84' lang='grc' dir='ltr'>ἐλ-</span> 
     </span>
    </p>
   </div>
   <div class='ocr_carea' id='block_1_88' title="bbox 497 4411 2085 4480">
    <p class='ocr_par' dir='ltr' id='par_1_88' title="bbox 497 4413 2085 4480">
     <span class='ocr_line' id='line_1_88' title="bbox 497 4413 2085 4480; baseline -0.014 -3"><span class='ocrx_word' id='word_1_644' title='bbox 497 4423 798 4477; x_wconf 80' lang='lat' dir='ltr'><strong>divinorum</strong></span> <span class='ocrx_word' id='word_1_645' title='bbox 827 4427 874 4471; x_wconf 91' lang='lat' dir='ltr'><strong>et</strong></span> <span class='ocrx_word' id='word_1_646' title='bbox 905 4419 1339 4470; x_wconf 88' lang='lat' dir='ltr'><strong>intemeratorunt</strong></span> <span class='ocrx_word' id='word_1_647' title='bbox 1362 4419 1817 4465; x_wconf 81' lang='lat' dir='ltr'><strong>sacramentorum</strong></span> <span class='ocrx_word' id='word_1_648' title='bbox 1849 4413 2085 4480; x_wconf 56' lang='lat' dir='ltr'><strong>corporis</strong></span> 
     </span>
    </p>
   </div>
   <div class='ocr_carea' id='block_1_89' title="bbox 2193 4411 3797 4480">
    <p class='ocr_par' dir='ltr' id='par_1_89' title="bbox 2198 4411 3797 4479">
     <span class='ocr_line' id='line_1_89' title="bbox 2198 4411 3797 4479; baseline -0.001 -13"><span class='ocrx_word' id='word_1_649' title='bbox 2198 4412 2402 4479; x_wconf 86' lang='grc' dir='ltr'>θόντες,</span> <span class='ocrx_word' id='word_1_650' title='bbox 2435 4413 2756 4478; x_wconf 82' lang='grc' dir='ltr'>ἐκαθέζοντο</span> <span class='ocrx_word' id='word_1_651' title='bbox 2803 4414 2883 4477; x_wconf 77' lang='grc' dir='ltr'>εἰς</span> <span class='ocrx_word' id='word_1_652' title='bbox 2929 4413 2991 4465; x_wconf 84' lang='grc' dir='ltr'><strong>τὸ</strong></span> <span class='ocrx_word' id='word_1_653' title='bbox 3032 4411 3312 4466; x_wconf 83' lang='grc' dir='ltr'>Ἕννατον.</span> <span class='ocrx_word' id='word_1_654' title='bbox 3378 4411 3599 4466; x_wconf 76' lang='lat' dir='ltr'><strong>Severus</strong></span> <span class='ocrx_word' id='word_1_655' title='bbox 3651 4424 3797 4465; x_wconf 85' lang='lat' dir='ltr'><strong>metu</strong></span> 
     </span>
    </p>
   </div>
   <div class='ocr_carea' id='block_1_90' title="bbox 499 4462 3798 4554">
    <p class='ocr_par' dir='ltr' id='par_1_90' title="bbox 499 4462 3798 4554">
     <span class='ocr_line' id='line_1_90' title="bbox 499 4462 3798 4554; baseline -0.004 -6"><span class='ocrx_word' id='word_1_656' title='bbox 499 4462 718 4548; x_wconf 63' lang='lat' dir='ltr'><strong>35mm</strong></span> <span class='ocrx_word' id='word_1_657' title='bbox 745 4489 914 4543; x_wconf 84' lang='lat' dir='ltr'><strong>nostri</strong></span> <span class='ocrx_word' id='word_1_658' title='bbox 936 4485 1067 4539; x_wconf 83' lang='lat' dir='ltr'><strong>Jesu</strong></span> <span class='ocrx_word' id='word_1_659' title='bbox 1091 4483 1336 4554; x_wconf 75' lang='lat' dir='ltr'><strong>Christi:</strong></span> <span class='ocrx_word' id='word_1_660' title='bbox 1371 4490 1420 4534; x_wconf 88' lang='lat' dir='ltr'><strong>et</strong></span> <span class='ocrx_word' id='word_1_661' title='bbox 1447 4497 1562 4534; x_wconf 86' lang='lat' dir='ltr'><strong>cum</strong></span> <span class='ocrx_word' id='word_1_662' title='bbox 1590 4481 1820 4554; x_wconf 78' lang='lat' dir='ltr'><strong>primum</strong></span> <span class='ocrx_word' id='word_1_663' title='bbox 1849 4462 2085 4554; x_wconf 70' lang='lat' dir='ltr'><strong>commu-</strong></span> <span class='ocrx_word' id='word_1_664' title='bbox 2119 4462 2164 4518; x_wconf 75' lang='grc' dir='ltr'><strong>Ῑ)</strong></span> <span class='ocrx_word' id='word_1_665' title='bbox 2193 4462 2450 4552; x_wconf 67' lang='lat' dir='ltr'><strong>impulsus</strong></span> <span class='ocrx_word' id='word_1_666' title='bbox 2469 4524 2483 4548; x_wconf 91' lang='lat'><strong>,</strong></span> <span class='ocrx_word' id='word_1_667' title='bbox 2514 4462 2893 4537; x_wconf 46' lang='lat' dir='ltr'><strong>Alejcandriam</strong></span> <span class='ocrx_word' id='word_1_668' title='bbox 2919 4483 3173 4554; x_wconf 69' lang='lat' dir='ltr'><strong>profugit,</strong></span> <span class='ocrx_word' id='word_1_669' title='bbox 3202 4481 3482 4554; x_wconf 72' lang='lat' dir='ltr'><strong>lulianum</strong></span> <span class='ocrx_word' id='word_1_670' title='bbox 3511 4482 3798 4554; x_wconf 71' lang='lat' dir='ltr'><strong>quemdam</strong></span> 
     </span>
    </p>
   </div>
   <div class='ocr_carea' id='block_1_91' title="bbox 501 4549 2084 4623">
    <p class='ocr_par' dir='ltr' id='par_1_91' title="bbox 501 4549 2084 4623">
     <span class='ocr_line' id='line_1_91' title="bbox 501 4549 2084 4623; baseline -0.008 -6"><span class='ocrx_word' id='word_1_671' title='bbox 501 4565 753 4623; x_wconf 87' lang='lat' dir='ltr'><strong>uicasset,</strong></span> <span class='ocrx_word' id='word_1_672' title='bbox 788 4574 907 4613; x_wconf 89' lang='lat' dir='ltr'><strong>eum</strong></span> <span class='ocrx_word' id='word_1_673' title='bbox 943 4571 1129 4610; x_wconf 87' lang='lat' dir='ltr'><strong>rursus</strong></span> <span class='ocrx_word' id='word_1_674' title='bbox 1161 4551 1381 4607; x_wconf 74' lang='lat' dir='ltr'><strong>exuebat</strong></span> <span class='ocrx_word' id='word_1_675' title='bbox 1416 4561 1465 4605; x_wconf 85' lang='lat' dir='ltr'><strong>el</strong></span> <span class='ocrx_word' id='word_1_676' title='bbox 1493 4549 1793 4623; x_wconf 73' lang='lat' dir='ltr'><strong>reponebat,</strong></span> <span class='ocrx_word' id='word_1_677' title='bbox 1825 4552 2084 4623; x_wconf 75' lang='lat' dir='ltr'><strong>mundum</strong></span> 
     </span>
    </p>
   </div>
   <div class='ocr_carea' id='block_1_92' title="bbox 501 4619 2088 4698">
    <p class='ocr_par' dir='ltr' id='par_1_92' title="bbox 501 4619 2088 4698">
     <span class='ocr_line' id='line_1_92' title="bbox 501 4619 2088 4698; baseline -0.008 -11"><span class='ocrx_word' id='word_1_678' title='bbox 501 4649 713 4688; x_wconf 74' lang='lat' dir='ltr'><strong>servans</strong></span> <span class='ocrx_word' id='word_1_679' title='bbox 737 4619 1004 4698; x_wconf 85' lang='lat' dir='ltr'><strong>octoginta</strong></span> <span class='ocrx_word' id='word_1_680' title='bbox 1027 4627 1257 4698; x_wconf 80' lang='lat' dir='ltr'><strong>quinque</strong></span> <span class='ocrx_word' id='word_1_681' title='bbox 1280 4639 1467 4698; x_wconf 58' lang='lat' dir='ltr'><strong>annos.</strong></span> <span class='ocrx_word' id='word_1_682' title='bbox 1498 4621 1706 4686; x_wconf 89' lang='lat' dir='ltr'><strong>Quibus</strong></span> <span class='ocrx_word' id='word_1_683' title='bbox 1730 4619 1873 4698; x_wconf 72' lang='lat' dir='ltr'><strong>addc</strong></span> <span class='ocrx_word' id='word_1_684' title='bbox 1906 4623 2088 4698; x_wconf 79' lang='lat' dir='ltr'><strong>locum</strong></span> 
     </span>
    </p>
   </div>
   <div class='ocr_carea' id='block_1_93' title="bbox 502 4690 2089 4772">
    <p class='ocr_par' dir='ltr' id='par_1_93' title="bbox 502 4690 2089 4772">
     <span class='ocr_line' id='line_1_93' title="bbox 502 4690 2089 4772; baseline -0.008 -14"><span class='ocrx_word' id='word_1_685' title='bbox 502 4704 734 4758; x_wconf 81' lang='lat' dir='ltr'><strong>inferius</strong></span> <span class='ocrx_word' id='word_1_686' title='bbox 759 4690 994 4772; x_wconf 78' lang='lat' dir='ltr'><strong>positum</strong></span> <span class='ocrx_word' id='word_1_687' title='bbox 1013 4690 1077 4772; x_wconf 76' lang='lat' dir='ltr'><strong>in</strong></span> <span class='ocrx_word' id='word_1_688' title='bbox 1109 4690 1304 4748; x_wconf 86' lang='lat' dir='ltr'><strong>abbate</strong></span> <span class='ocrx_word' id='word_1_689' title='bbox 1329 4690 1877 4772; x_wconf 42' lang='lat' dir='ltr'><strong>Phoeaznum’.‘l.lAc</strong></span> <span class='ocrx_word' id='word_1_690' title='bbox 1901 4692 2089 4772; x_wconf 77' lang='lat' dir='ltr'><strong>nescio</strong></span> 
     </span>
    </p>
   </div>
   <div class='ocr_carea' id='block_1_94' title="bbox 503 4758 2090 4828">
    <p class='ocr_par' dir='ltr' id='par_1_94' title="bbox 503 4758 2090 4828">
     <span class='ocr_line' id='line_1_94' title="bbox 503 4758 2090 4828; baseline -0.008 0"><span class='ocrx_word' id='word_1_691' title='bbox 503 4789 574 4828; x_wconf 91' lang='lat' dir='ltr'><strong>an</strong></span> <span class='ocrx_word' id='word_1_692' title='bbox 614 4774 720 4826; x_wconf 87' lang='lat' dir='ltr'><strong>huc</strong></span> <span class='ocrx_word' id='word_1_693' title='bbox 755 4758 955 4825; x_wconf 70' lang='lat' dir='ltr'><strong>iaciant</strong></span> <span class='ocrx_word' id='word_1_694' title='bbox 976 4767 1210 4822; x_wconf 85' lang='lat' dir='ltr'><strong>obscura</strong></span> <span class='ocrx_word' id='word_1_695' title='bbox 1234 4764 1394 4818; x_wconf 89' lang='lat' dir='ltr'><strong>verba</strong></span> <span class='ocrx_word' id='word_1_696' title='bbox 1427 4763 1480 4816; x_wconf 92' lang='lat' dir='ltr'><strong>in</strong></span> <span class='ocrx_word' id='word_1_697' title='bbox 1517 4760 1640 4814; x_wconf 78' lang='lat' dir='ltr'><strong>Vita</strong></span> <span class='ocrx_word' id='word_1_698' title='bbox 1669 4758 1918 4816; x_wconf 83' lang='lat' dir='ltr'><strong>Guthlaci</strong></span> <span class='ocrx_word' id='word_1_699' title='bbox 1941 4761 2090 4816; x_wconf 85' lang='lat' dir='ltr'><strong>Ana-</strong></span> 
     </span>
    </p>
   </div>
   <div class='ocr_carea' id='block_1_95' title="bbox 503 4831 2094 4910">
    <p class='ocr_par' dir='ltr' id='par_1_95' title="bbox 503 4831 2094 4910">
     <span class='ocr_line' id='line_1_95' title="bbox 503 4831 2094 4910; baseline -0.007 -12"><span class='ocrx_word' id='word_1_700' title='bbox 503 4844 751 4907; x_wconf 68' lang='lat' dir='ltr'><strong>chorette,</strong></span> <span class='ocrx_word' id='word_1_701' title='bbox 784 4856 904 4910; x_wconf 90' lang='lat' dir='ltr'><strong>cap.</strong></span> <span class='ocrx_word' id='word_1_702' title='bbox 923 4839 982 4892; x_wconf 75' lang='lat' dir='ltr'><strong>3i</strong></span> <span class='ocrx_word' id='word_1_703' title='bbox 1000 4878 1014 4902; x_wconf 88' lang='lat'><strong>,</strong></span> <span class='ocrx_word' id='word_1_704' title='bbox 1033 4837 1234 4910; x_wconf 66' lang='lat' dir='ltr'><strong>saeculo</strong></span> <span class='ocrx_word' id='word_1_705' title='bbox 1253 4849 1334 4910; x_wconf 81' lang='grc' dir='ltr'>ιιι,</span> <span class='ocrx_word' id='word_1_706' title='bbox 1359 4833 1652 4910; x_wconf 80' lang='lat' dir='ltr'><strong>de_sanctis</strong></span> <span class='ocrx_word' id='word_1_707' title='bbox 1675 4831 1888 4886; x_wconf 89' lang='lat' dir='ltr'><strong>ordinis</strong></span> <span class='ocrx_word' id='word_1_708' title='bbox 1914 4831 1971 4886; x_wconf 93' lang='lat' dir='ltr'><strong>S.</strong></span> <span class='ocrx_word' id='word_1_709' title='bbox 1992 4831 2094 4888; x_wconf 91' lang='lat' dir='ltr'><strong>Be-</strong></span> 
     </span>
    </p>
   </div>
   <div class='ocr_carea' id='block_1_96' title="bbox 505 4903 2095 4982">
    <p class='ocr_par' dir='ltr' id='par_1_96' title="bbox 505 4903 2095 4982">
     <span class='ocr_line' id='line_1_96' title="bbox 505 4903 2095 4982; baseline -0.008 -13"><span class='ocrx_word' id='word_1_710' title='bbox 505 4903 748 4976; x_wconf 57' lang='lat' dir='ltr'><strong>nedicti,</strong></span> <span class='ocrx_word' id='word_1_711' title='bbox 769 4903 924 4982; x_wconf 71' lang='lat' dir='ltr'><strong>parte</strong></span> <span class='ocrx_word' id='word_1_712' title='bbox 961 4924 998 4975; x_wconf 88' lang='grc' dir='ltr'><strong>ι,</strong></span> <span class='ocrx_word' id='word_1_713' title='bbox 1034 4924 1090 4982; x_wconf 86' lang='lat' dir='ltr'><strong>p.</strong></span> <span class='ocrx_word' id='word_1_714' title='bbox 1111 4907 1260 4982; x_wconf 60' lang='lat'><strong>278;</strong></span> <span class='ocrx_word' id='word_1_715' title='bbox 1294 4907 1370 4960; x_wconf 82' lang='lat' dir='ltr'><strong>Ac</strong></span> <span class='ocrx_word' id='word_1_716' title='bbox 1402 4903 1590 4960; x_wconf 86' lang='lat' dir='ltr'><strong>deinde</strong></span> <span class='ocrx_word' id='word_1_717' title='bbox 1617 4919 1736 4982; x_wconf 84' lang='lat' dir='ltr'><strong>cum</strong></span> <span class='ocrx_word' id='word_1_718' title='bbox 1746 4918 1994 4982; x_wconf 50' lang='lat' dir='ltr'><strong>causam</strong></span> <span class='ocrx_word' id='word_1_719' title='bbox 2009 4919 2095 4982; x_wconf 66' lang='lat' dir='ltr'><strong>ue-</strong></span> 
     </span>
    </p>
   </div>
   <div class='ocr_carea' id='block_1_97' title="bbox 502 4972 2094 5049">
    <p class='ocr_par' dir='ltr' id='par_1_97' title="bbox 502 4972 2094 5049">
     <span class='ocr_line' id='line_1_97' title="bbox 502 4972 2094 5049; baseline -0.008 -9"><span class='ocrx_word' id='word_1_720' title='bbox 502 4972 736 5041; x_wconf 65' lang='lat' dir='ltr'><strong>sationis</strong></span> <span class='ocrx_word' id='word_1_721' title='bbox 769 4972 879 5036; x_wconf 72' lang='lat' dir='ltr'><strong>sum</strong></span> <span class='ocrx_word' id='word_1_722' title='bbox 910 4998 943 5034; x_wconf 91' lang='lat' dir='ltr'><strong>a</strong></span> <span class='ocrx_word' id='word_1_723' title='bbox 984 4972 1275 5049; x_wconf 61' lang='lat' dir='ltr'><strong>primordio</strong></span> <span class='ocrx_word' id='word_1_724' title='bbox 1309 4975 1696 5049; x_wconf 25' lang='lat' dir='ltr'><strong>narraretkuir</strong></span> <span class='ocrx_word' id='word_1_725' title='bbox 1734 4972 1832 5027; x_wconf 87' lang='lat' dir='ltr'><strong>Dei</strong></span> <span class='ocrx_word' id='word_1_726' title='bbox 1867 4973 2094 5049; x_wconf 62' lang='lat' dir='ltr'><strong>Gut/ila-</strong></span> 
     </span>
    </p>
   </div>
   <div class='ocr_carea' id='block_1_98' title="bbox 505 5044 2091 5117">
    <p class='ocr_par' dir='ltr' id='par_1_98' title="bbox 505 5044 2091 5117">
     <span class='ocr_line' id='line_1_98' title="bbox 505 5044 2091 5117; baseline -0.008 -7"><span class='ocrx_word' id='word_1_727' title='bbox 505 5073 598 5110; x_wconf 88' lang='lat' dir='ltr'><strong>cus</strong></span> <span class='ocrx_word' id='word_1_728' title='bbox 618 5071 810 5110; x_wconf 77' lang='lat' dir='ltr'><strong>exuens</strong></span> <span class='ocrx_word' id='word_1_729' title='bbox 825 5069 878 5107; x_wconf 87' lang='lat' dir='ltr'><strong>se</strong></span> <span class='ocrx_word' id='word_1_730' title='bbox 897 5044 1088 5105; x_wconf 73' lang='lat' dir='ltr'><strong>luterio</strong></span> <span class='ocrx_word' id='word_1_731' title='bbox 1107 5050 1371 5104; x_wconf 75' lang='lat' dir='ltr'><strong>melotinte</strong></span> <span class='ocrx_word' id='word_1_732' title='bbox 1393 5049 1448 5101; x_wconf 93' lang='lat' dir='ltr'><strong>in</strong></span> <span class='ocrx_word' id='word_1_733' title='bbox 1471 5044 1678 5117; x_wconf 32' lang='lat' dir='ltr'><strong>quolille</strong></span> <span class='ocrx_word' id='word_1_734' title='bbox 1698 5044 2091 5117; x_wconf 86' lang='lat' dir='ltr'><strong>oraresolebal,</strong></span> 
     </span>
    </p>
   </div>
   <div class='ocr_carea' id='block_1_99' title="bbox 506 5115 2096 5197">
    <p class='ocr_par' dir='ltr' id='par_1_99' title="bbox 506 5115 2096 5197">
     <span class='ocr_line' id='line_1_99' title="bbox 506 5115 2096 5197; baseline -0.008 -17"><span class='ocrx_word' id='word_1_735' title='bbox 506 5128 679 5197; x_wconf 83' lang='lat' dir='ltr'><strong>ipsum</strong></span> <span class='ocrx_word' id='word_1_736' title='bbox 733 5123 1098 5197; x_wconf 65' lang='lat' dir='ltr'><strong>circumdedit.</strong></span> <span class='ocrx_word' id='word_1_737' title='bbox 1138 5119 1285 5197; x_wconf 56' lang='lat' dir='ltr'><strong>Legi</strong></span> <span class='ocrx_word' id='word_1_738' title='bbox 1317 5115 1596 5197; x_wconf 56' lang='lat' dir='ltr'><strong>enim&#39;aut</strong></span> <span class='ocrx_word' id='word_1_739' title='bbox 1624 5115 1875 5197; x_wconf 51' lang='lat' dir='ltr'><strong>intelligi</strong></span> <span class='ocrx_word' id='word_1_740' title='bbox 1908 5117 2096 5197; x_wconf 64' lang='lat' dir='ltr'><strong>potest</strong></span> 
     </span>
    </p>
   </div>
   <div class='ocr_carea' id='block_1_100' title="bbox 504 5186 2092 5263">
    <p class='ocr_par' dir='ltr' id='par_1_100' title="bbox 504 5186 2092 5263">
     <span class='ocr_line' id='line_1_100' title="bbox 504 5186 2092 5263; baseline -0.009 -9"><span class='ocrx_word' id='word_1_741' title='bbox 504 5186 836 5257; x_wconf 75' lang='lat' dir='ltr'><strong>‘evitorium,</strong></span> <span class='ocrx_word' id='word_1_742' title='bbox 869 5192 1016 5263; x_wconf 90' lang='lat' dir='ltr'><strong>quod</strong></span> <span class='ocrx_word' id='word_1_743' title='bbox 1056 5205 1154 5262; x_wconf 91' lang='lat' dir='ltr'><strong>pro</strong></span> <span class='ocrx_word' id='word_1_744' title='bbox 1189 5186 1508 5263; x_wconf 76' lang='lat' dir='ltr'><strong>levitonario</strong></span> <span class='ocrx_word' id='word_1_745' title='bbox 1549 5186 1781 5241; x_wconf 90' lang='lat' dir='ltr'><strong>habetur</strong></span> <span class='ocrx_word' id='word_1_746' title='bbox 1802 5187 1866 5263; x_wconf 89' lang='lat' dir='ltr'><strong>_in</strong></span> <span class='ocrx_word' id='word_1_747' title='bbox 1891 5186 2092 5263; x_wconf 29' lang='lat' dir='ltr'><strong>.Papia.</strong></span> 
     </span>
    </p>
   </div>
   <div class='ocr_carea' id='block_1_101' title="bbox 509 5257 2096 5323">
    <p class='ocr_par' dir='ltr' id='par_1_101' title="bbox 509 5257 2096 5323">
     <span class='ocr_line' id='line_1_101' title="bbox 509 5257 2096 5323; baseline -0.009 0"><span class='ocrx_word' id='word_1_748' title='bbox 509 5267 636 5323; x_wconf 91' lang='lat' dir='ltr'><strong>Scio</strong></span> <span class='ocrx_word' id='word_1_749' title='bbox 676 5267 744 5322; x_wconf 89' lang='lat' dir='ltr'><strong>ab</strong></span> <span class='ocrx_word' id='word_1_750' title='bbox 777 5257 1100 5319; x_wconf 71' lang='lat' dir='ltr'><strong>auctoribus</strong></span> <span class='ocrx_word' id='word_1_751' title='bbox 1131 5261 1298 5322; x_wconf 89' lang='lat' dir='ltr'><strong>tradi,</strong></span> <span class='ocrx_word' id='word_1_752' title='bbox 1341 5261 1644 5316; x_wconf 90' lang='lat' dir='ltr'><strong>lebetonem</strong></span> <span class='ocrx_word' id='word_1_753' title='bbox 1676 5272 1773 5312; x_wconf 90' lang='lat' dir='ltr'><strong>seu</strong></span> <span class='ocrx_word' id='word_1_754' title='bbox 1802 5257 2096 5312; x_wconf 88' lang='lat' dir='ltr'><strong>levitonem</strong></span> 
     </span>
    </p>
   </div>
   <div class='ocr_carea' id='block_1_102' title="bbox 505 5325 2099 5394">
    <p class='ocr_par' dir='ltr' id='par_1_102' title="bbox 505 5325 2099 5394">
     <span class='ocr_line' id='line_1_102' title="bbox 505 5325 2099 5394; baseline -0.008 -1"><span class='ocrx_word' id='word_1_755' title='bbox 505 5350 560 5394; x_wconf 90' lang='lat' dir='ltr'><strong>et</strong></span> <span class='ocrx_word' id='word_1_756' title='bbox 603 5337 976 5393; x_wconf 90' lang='lat' dir='ltr'><strong>libitonarium</strong></span> <span class='ocrx_word' id='word_1_757' title='bbox 1023 5342 1226 5388; x_wconf 88' lang='lat' dir='ltr'><strong>vestem</strong></span> <span class='ocrx_word' id='word_1_758' title='bbox 1267 5333 1438 5389; x_wconf 82' lang='lat' dir='ltr'><strong>fuisse</strong></span> <span class='ocrx_word' id='word_1_759' title='bbox 1475 5325 1852 5383; x_wconf 85' lang='lat' dir='ltr'><strong>monachicam</strong></span> <span class='ocrx_word' id='word_1_760' title='bbox 1893 5344 1958 5382; x_wconf 79' lang='lat' dir='ltr'><strong>ex</strong></span> <span class='ocrx_word' id='word_1_761' title='bbox 1989 5327 2099 5381; x_wconf 85' lang='lat' dir='ltr'><strong>lino</strong></span> 
     </span>
    </p>
   </div>
   <div class='ocr_carea' id='block_1_103' title="bbox 507 5397 2097 5475">
    <p class='ocr_par' dir='ltr' id='par_1_103' title="bbox 507 5397 2097 5475">
     <span class='ocr_line' id='line_1_103' title="bbox 507 5397 2097 5475; baseline -0.008 -13"><span class='ocrx_word' id='word_1_762' title='bbox 507 5412 801 5465; x_wconf 80' lang='lat' dir='ltr'><strong>autetiam</strong></span> <span class='ocrx_word' id='word_1_763' title='bbox 847 5422 912 5461; x_wconf 78' lang='lat' dir='ltr'><strong>ex</strong></span> <span class='ocrx_word' id='word_1_764' title='bbox 961 5404 1086 5475; x_wconf 92' lang='lat' dir='ltr'><strong>pilis</strong></span> <span class='ocrx_word' id='word_1_765' title='bbox 1125 5412 1458 5475; x_wconf 78' lang='lat' dir='ltr'><strong>contextam.</strong></span> <span class='ocrx_word' id='word_1_766' title='bbox 1506 5397 1613 5454; x_wconf 88' lang='lat' dir='ltr'><strong>Sed</strong></span> <span class='ocrx_word' id='word_1_767' title='bbox 1663 5398 1794 5475; x_wconf 76' lang='lat' dir='ltr'><strong>quid</strong></span> <span class='ocrx_word' id='word_1_768' title='bbox 1851 5397 2097 5475; x_wconf 66' lang='lat' dir='ltr'><strong>impedit,</strong></span> 
     </span>
    </p>
   </div>
   <div class='ocr_carea' id='block_1_104' title="bbox 507 5468 2101 5549">
    <p class='ocr_par' dir='ltr' id='par_1_104' title="bbox 507 5468 2101 5549">
     <span class='ocr_line' id='line_1_104' title="bbox 507 5468 2101 5549; baseline -0.006 -17"><span class='ocrx_word' id='word_1_769' title='bbox 507 5482 639 5549; x_wconf 85' lang='lat' dir='ltr'><strong>quin</strong></span> <span class='ocrx_word' id='word_1_770' title='bbox 681 5477 931 5536; x_wconf 89' lang='lat' dir='ltr'><strong>nonnulli</strong></span> <span class='ocrx_word' id='word_1_771' title='bbox 961 5468 1146 5532; x_wconf 73' lang='lat' dir='ltr'><strong>simile</strong></span> <span class='ocrx_word' id='word_1_772' title='bbox 1178 5473 1562 5529; x_wconf 87' lang='lat' dir='ltr'><strong>indumentum</strong></span> <span class='ocrx_word' id='word_1_773' title='bbox 1591 5484 1621 5525; x_wconf 93' lang='lat' dir='ltr'><strong>e</strong></span> <span class='ocrx_word' id='word_1_774' title='bbox 1648 5469 1883 5538; x_wconf 89' lang='lat' dir='ltr'><strong>pellibus</strong></span> <span class='ocrx_word' id='word_1_775' title='bbox 1912 5468 2101 5523; x_wconf 81' lang='lat' dir='ltr'><strong>confe-</strong></span> 
     </span>
    </p>
   </div>
   <div class='ocr_carea' id='block_1_105' title="bbox 509 5549 720 5604">
    <p class='ocr_par' dir='ltr' id='par_1_105' title="bbox 509 5549 720 5604">
     <span class='ocr_line' id='line_1_105' title="bbox 509 5549 720 5604; baseline -0.005 0"><span class='ocrx_word' id='word_1_776' title='bbox 509 5549 720 5604; x_wconf 84' lang='lat' dir='ltr'><strong>cerint?</strong></span> 
     </span>
    </p>
   </div>
   <div class='ocr_carea' id='block_1_106' title="bbox 580 5607 2103 5690">
    <p class='ocr_par' dir='ltr' id='par_1_106' title="bbox 580 5607 2103 5690">
     <span class='ocr_line' id='line_1_106' title="bbox 580 5607 2103 5690; baseline -0.007 -18"><span class='ocrx_word' id='word_1_777' title='bbox 580 5619 694 5690; x_wconf 76' lang='lat'><strong>(73)</strong></span> <span class='ocrx_word' id='word_1_778' title='bbox 725 5620 836 5690; x_wconf 81' lang='grc' dir='ltr'><strong>Τοῦ</strong></span> <span class='ocrx_word' id='word_1_779' title='bbox 883 5615 1191 5690; x_wconf 49' lang='grc' dir='ltr'><strong>’Ξῖ-κάτον.</strong></span> <span class='ocrx_word' id='word_1_780' title='bbox 1241 5617 1598 5690; x_wconf 87' lang='lat' dir='ltr'><strong>Interpretes,</strong></span> <span class='ocrx_word' id='word_1_781' title='bbox 1628 5609 1707 5690; x_wconf 67' lang='lat' dir='ltr'><strong>De</strong></span> <span class='ocrx_word' id='word_1_782' title='bbox 1738 5609 1975 5690; x_wconf 58' lang='grc' dir='ltr'><strong>Ειιιιιιιοἶ</strong></span> <span class='ocrx_word' id='word_1_783' title='bbox 1989 5688 1995 5690; x_wconf 19' lang='grc' dir='ltr'><em>Α</em></span> <span class='ocrx_word' id='word_1_784' title='bbox 2029 5607 2103 5662; x_wconf 89' lang='lat' dir='ltr'><strong>De</strong></span> 
     </span>
    </p>
   </div>
   <div class='ocr_carea' id='block_1_107' title="bbox 514 5680 2101 5752">
    <p class='ocr_par' dir='ltr' id='par_1_107' title="bbox 514 5680 2101 5752">
     <span class='ocr_line' id='line_1_107' title="bbox 514 5680 2101 5752; baseline -0.006 -12"><span class='ocrx_word' id='word_1_785' title='bbox 514 5680 687 5742; x_wconf 63' lang='lat' dir='ltr'><strong>Ndno&#39;</strong></span> <span class='ocrx_word' id='word_1_786' title='bbox 725 5687 1086 5750; x_wconf 61' lang='lat' dir='ltr'><strong>Alexandria,</strong></span> <span class='ocrx_word' id='word_1_787' title='bbox 1121 5689 1224 5742; x_wconf 88' lang='lat' dir='ltr'><strong>hoc</strong></span> <span class='ocrx_word' id='word_1_788' title='bbox 1252 5693 1338 5742; x_wconf 88' lang='lat' dir='ltr'><strong>est</strong></span> <span class='ocrx_word' id='word_1_789' title='bbox 1383 5680 1722 5739; x_wconf 77' lang='lat' dir='ltr'><strong>monasterio</strong></span> <span class='ocrx_word' id='word_1_790' title='bbox 1757 5681 1900 5752; x_wconf 88' lang='lat' dir='ltr'><strong>quod</strong></span> <span class='ocrx_word' id='word_1_791' title='bbox 1934 5680 2101 5752; x_wconf 83' lang='lat' dir='ltr'><strong>situm</strong></span> 
     </span>
    </p>
   </div>
   <div class='ocr_carea' id='block_1_108' title="bbox 513 5749 2104 5824">
    <p class='ocr_par' dir='ltr' id='par_1_108' title="bbox 513 5749 2104 5824">
     <span class='ocr_line' id='line_1_108' title="bbox 513 5749 2104 5824; baseline -0.006 -11"><span class='ocrx_word' id='word_1_792' title='bbox 513 5765 631 5813; x_wconf 84' lang='lat' dir='ltr'><strong>erat</strong></span> <span class='ocrx_word' id='word_1_793' title='bbox 659 5758 714 5816; x_wconf 87' lang='lat' dir='ltr'><strong>in</strong></span> <span class='ocrx_word' id='word_1_794' title='bbox 736 5758 950 5814; x_wconf 86' lang='lat' dir='ltr'><strong>Ennato</strong></span> <span class='ocrx_word' id='word_1_795' title='bbox 970 5749 1078 5815; x_wconf 87' lang='lat' dir='ltr'><strong>seu</strong></span> <span class='ocrx_word' id='word_1_796' title='bbox 1091 5755 1268 5824; x_wconf 79' lang='lat' dir='ltr'><strong>Nono,</strong></span> <span class='ocrx_word' id='word_1_797' title='bbox 1292 5769 1439 5811; x_wconf 92' lang='lat' dir='ltr'><strong>nona</strong></span> <span class='ocrx_word' id='word_1_798' title='bbox 1470 5753 1692 5823; x_wconf 73' lang='lat' dir='ltr'><strong>regione</strong></span> <span class='ocrx_word' id='word_1_799' title='bbox 1719 5749 2104 5808; x_wconf 68' lang='lat' dir='ltr'><strong>Alexandrina:</strong></span> 
     </span>
    </p>
   </div>
   <div class='ocr_carea' id='block_1_109' title="bbox 2197 4551 3801 4623">
    <p class='ocr_par' dir='ltr' id='par_1_109' title="bbox 2197 4551 3801 4623">
     <span class='ocr_line' id='line_1_109' title="bbox 2197 4551 3801 4623; baseline -0.002 -16"><span class='ocrx_word' id='word_1_800' title='bbox 2197 4551 2744 4619; x_wconf 78' lang='lat' dir='ltr'><strong>Ilalicarnassensem,</strong></span> <span class='ocrx_word' id='word_1_801' title='bbox 2774 4551 3276 4623; x_wconf 51' lang='lat' dir='ltr'><strong>episcbpum&#39;secum</strong></span> <span class='ocrx_word' id='word_1_802' title='bbox 3305 4551 3531 4607; x_wconf 80' lang='lat' dir='ltr'><strong>habens.</strong></span> <span class='ocrx_word' id='word_1_803' title='bbox 3557 4551 3629 4605; x_wconf 84' lang='lat' dir='ltr'><strong>Hi</strong></span> <span class='ocrx_word' id='word_1_804' title='bbox 3656 4563 3801 4619; x_wconf 80' lang='lat' dir='ltr'><strong>post-</strong></span> 
     </span>
    </p>
   </div>
   <div class='ocr_carea' id='block_1_110' title="bbox 2195 4622 3798 4695">
    <p class='ocr_par' dir='ltr' id='par_1_110' title="bbox 2195 4622 3798 4695">
     <span class='ocr_line' id='line_1_110' title="bbox 2195 4622 3798 4695; baseline -0.001 -17"><span class='ocrx_word' id='word_1_805' title='bbox 2195 4640 2418 4695; x_wconf 87' lang='lat' dir='ltr'><strong>eaquam</strong></span> <span class='ocrx_word' id='word_1_806' title='bbox 2433 4641 2490 4678; x_wconf 87' lang='lat' dir='ltr'><strong>eo</strong></span> <span class='ocrx_word' id='word_1_807' title='bbox 2509 4622 3064 4695; x_wconf 81' lang='lat' dir='ltr'><strong>venissent,sedebanl</strong></span> <span class='ocrx_word' id='word_1_808' title='bbox 3095 4625 3164 4677; x_wconf 89' lang='lat' dir='ltr'><strong>ad</strong></span> <span class='ocrx_word' id='word_1_809' title='bbox 3198 4622 3490 4695; x_wconf 74' lang='lat' dir='ltr'><strong>Ennatum.</strong></span> <span class='ocrx_word' id='word_1_810' title='bbox 3526 4623 3607 4695; x_wconf 82' lang='lat' dir='ltr'><strong>Ad</strong></span> <span class='ocrx_word' id='word_1_811' title='bbox 3630 4639 3798 4690; x_wconf 87' lang='lat' dir='ltr'><strong>quem</strong></span> 
     </span>
    </p>
   </div>
   <div class='ocr_carea' id='block_1_111' title="bbox 2199 4693 3798 4751">
    <p class='ocr_par' dir='ltr' id='par_1_111' title="bbox 2199 4693 3798 4751">
     <span class='ocr_line' id='line_1_111' title="bbox 2199 4693 3798 4751; baseline -0.003 -3"><span class='ocrx_word' id='word_1_812' title='bbox 2199 4693 2379 4749; x_wconf 87' lang='lat' dir='ltr'><strong>locum</strong></span> <span class='ocrx_word' id='word_1_813' title='bbox 2421 4695 2707 4751; x_wconf 86' lang='lat' dir='ltr'><strong>observari</strong></span> <span class='ocrx_word' id='word_1_814' title='bbox 2743 4694 2904 4749; x_wconf 87' lang='lat' dir='ltr'><strong>debet</strong></span> <span class='ocrx_word' id='word_1_815' title='bbox 2941 4695 3178 4748; x_wconf 83' lang='lat' dir='ltr'><strong>varietas</strong></span> <span class='ocrx_word' id='word_1_816' title='bbox 3209 4710 3273 4747; x_wconf 88' lang='lat' dir='ltr'><strong>ex</strong></span> <span class='ocrx_word' id='word_1_817' title='bbox 3315 4693 3538 4748; x_wconf 83' lang='lat' dir='ltr'><strong>Scholia</strong></span> <span class='ocrx_word' id='word_1_818' title='bbox 3561 4693 3798 4748; x_wconf 79' lang='lat' dir='ltr'><strong>Anasta-</strong></span> 
     </span>
    </p>
   </div>
   <div class='ocr_carea' id='block_1_112' title="bbox 2200 4763 3800 4834">
    <p class='ocr_par' dir='ltr' id='par_1_112' title="bbox 2200 4763 3800 4834">
     <span class='ocr_line' id='line_1_112' title="bbox 2200 4763 3800 4834; baseline -0.004 -13"><span class='ocrx_word' id='word_1_819' title='bbox 2200 4766 2337 4821; x_wconf 86' lang='lat' dir='ltr'><strong>siani</strong></span> <span class='ocrx_word' id='word_1_820' title='bbox 2385 4765 2609 4832; x_wconf 80' lang='lat' dir='ltr'><strong>llodegi,</strong></span> <span class='ocrx_word' id='word_1_821' title='bbox 2640 4781 2761 4834; x_wconf 87' lang='lat' dir='ltr'><strong>cap.</strong></span> <span class='ocrx_word' id='word_1_822' title='bbox 2797 4765 2888 4827; x_wconf 67' lang='grc'>22,</span> <span class='ocrx_word' id='word_1_823' title='bbox 2919 4780 2974 4834; x_wconf 88' lang='lat' dir='ltr'><strong>p.</strong></span> <span class='ocrx_word' id='word_1_824' title='bbox 2998 4764 3102 4819; x_wconf 74' lang='grc'><strong>546</strong></span> <span class='ocrx_word' id='word_1_825' title='bbox 3128 4783 3141 4818; x_wconf 91' lang='lat'>:</span> <span class='ocrx_word' id='word_1_826' title='bbox 3173 4763 3410 4834; x_wconf 88' lang='grc' dir='ltr'>Σευῆρος</span> <span class='ocrx_word' id='word_1_827' title='bbox 3435 4764 3535 4834; x_wconf 72' lang='grc' dir='ltr'><strong>καὶ</strong></span> <span class='ocrx_word' id='word_1_828' title='bbox 3565 4763 3800 4827; x_wconf 79' lang='grc' dir='ltr'>Γαῖανὺς</span> 
     </span>
    </p>
   </div>
   <div class='ocr_carea' id='block_1_113' title="bbox 2199 4833 3801 4907">
    <p class='ocr_par' dir='ltr' id='par_1_113' title="bbox 2199 4833 3801 4907">
     <span class='ocr_line' id='line_1_113' title="bbox 2199 4833 3801 4907; baseline -0.003 -17"><span class='ocrx_word' id='word_1_829' title='bbox 2199 4836 2501 4907; x_wconf 70' lang='grc' dir='ltr'>ὁμόφρονες</span> <span class='ocrx_word' id='word_1_830' title='bbox 2539 4836 2601 4888; x_wconf 78' lang='grc' dir='ltr'><strong>τὸ</strong></span> <span class='ocrx_word' id='word_1_831' title='bbox 2629 4833 2767 4907; x_wconf 66' lang='grc' dir='ltr'>πρὶν</span> <span class='ocrx_word' id='word_1_832' title='bbox 2801 4833 3114 4907; x_wconf 71' lang='grc' dir='ltr'>ἐτύγχανον,</span> <span class='ocrx_word' id='word_1_833' title='bbox 3156 4835 3249 4907; x_wconf 76' lang='grc' dir='ltr'><strong>καὶ</strong></span> <span class='ocrx_word' id='word_1_834' title='bbox 3279 4833 3337 4907; x_wconf 71' lang='grc' dir='ltr'><strong>ἐν</strong></span> <span class='ocrx_word' id='word_1_835' title='bbox 3374 4833 3454 4907; x_wconf 83' lang='grc' dir='ltr'>τῷ</span> <span class='ocrx_word' id='word_1_836' title='bbox 3488 4835 3608 4907; x_wconf 62' lang='lat' dir='ltr'><strong>litua</strong></span> <span class='ocrx_word' id='word_1_837' title='bbox 3639 4835 3704 4907; x_wconf 54' lang='lat' dir='ltr'><strong>ll&quot;.</strong></span> <span class='ocrx_word' id='word_1_838' title='bbox 3741 4836 3801 4886; x_wconf 78' lang='grc' dir='ltr'><strong>ἐν</strong></span> 
     </span>
    </p>
   </div>
   <div class='ocr_carea' id='block_1_114' title="bbox 2199 4903 3799 4977">
    <p class='ocr_par' dir='ltr' id='par_1_114' title="bbox 2199 4903 3799 4977">
     <span class='ocr_line' id='line_1_114' title="bbox 2199 4903 3799 4977; baseline -0.002 -17"><span class='ocrx_word' id='word_1_839' title='bbox 2199 4903 2278 4977; x_wconf 79' lang='grc' dir='ltr'>τῷ</span> <span class='ocrx_word' id='word_1_840' title='bbox 2300 4903 2477 4976; x_wconf 76' lang='lat' dir='ltr'><strong>vocat)</strong></span> <span class='ocrx_word' id='word_1_841' title='bbox 2497 4908 2553 4958; x_wconf 81' lang='grc' dir='ltr'><strong>ἐν</strong></span> <span class='ocrx_word' id='word_1_842' title='bbox 2571 4905 2648 4977; x_wconf 67' lang='grc' dir='ltr'>τῷ</span> <span class='ocrx_word' id='word_1_843' title='bbox 2685 4903 3132 4975; x_wconf 77' lang='grc' dir='ltr'>’ὀκτοκαιδεκάτῳ</span> <span class='ocrx_word' id='word_1_844' title='bbox 3156 4903 3799 4977; x_wconf 78' lang='grc' dir='ltr'>Ἀλεξανδρείαςδιῆγον.</span> 
     </span>
    </p>
   </div>
   <div class='ocr_carea' id='block_1_115' title="bbox 2203 4974 3801 5043">
    <p class='ocr_par' dir='ltr' id='par_1_115' title="bbox 2203 4974 3801 5043">
     <span class='ocr_line' id='line_1_115' title="bbox 2203 4974 3801 5043; baseline -0.003 -11"><span class='ocrx_word' id='word_1_845' title='bbox 2203 4974 2423 5032; x_wconf 74' lang='lat' dir='ltr'><strong>severus</strong></span> <span class='ocrx_word' id='word_1_846' title='bbox 2462 4974 2512 5031; x_wconf 81' lang='lat' dir='ltr'><strong>et</strong></span> <span class='ocrx_word' id='word_1_847' title='bbox 2555 4974 2793 5030; x_wconf 81' lang='lat' dir='ltr'><strong>Gaianas</strong></span> <span class='ocrx_word' id='word_1_848' title='bbox 2825 4977 2979 5029; x_wconf 83' lang='lat' dir='ltr'><strong>initio</strong></span> <span class='ocrx_word' id='word_1_849' title='bbox 3011 4974 3295 5030; x_wconf 86' lang='lat' dir='ltr'><strong>concordes</strong></span> <span class='ocrx_word' id='word_1_850' title='bbox 3329 4974 3505 5038; x_wconf 84' lang='lat' dir='ltr'><strong>erant,</strong></span> <span class='ocrx_word' id='word_1_851' title='bbox 3529 4974 3801 5043; x_wconf 85' lang='lat' dir='ltr'><strong>ejusdem-</strong></span> 
     </span>
    </p>
   </div>
   <div class='ocr_carea' id='block_1_116' title="bbox 2202 5045 3806 5119">
    <p class='ocr_par' dir='ltr' id='par_1_116' title="bbox 2202 5045 3806 5119">
     <span class='ocr_line' id='line_1_116' title="bbox 2202 5045 3806 5119; baseline -0.004 -18"><span class='ocrx_word' id='word_1_852' title='bbox 2202 5063 2301 5119; x_wconf 88' lang='lat' dir='ltr'><strong>que</strong></span> <span class='ocrx_word' id='word_1_853' title='bbox 2331 5046 2602 5119; x_wconf 68' lang='lat' dir='ltr'><strong>sententia:</strong></span> <span class='ocrx_word' id='word_1_854' title='bbox 2622 5063 2647 5119; x_wconf 89' lang='lat'><strong>,&#39;_</strong></span> <span class='ocrx_word' id='word_1_855' title='bbox 2668 5059 2715 5101; x_wconf 89' lang='lat' dir='ltr'><strong>et</strong></span> <span class='ocrx_word' id='word_1_856' title='bbox 2745 5047 2978 5119; x_wconf 69' lang='lat' dir='ltr'><strong>simuliu</strong></span> <span class='ocrx_word' id='word_1_857' title='bbox 3006 5045 3806 5119; x_wconf 58' lang='lat' dir='ltr'><strong>Decimooctaua/Alexandriae</strong></span> 
     </span>
    </p>
   </div>
   <div class='ocr_carea' id='block_1_117' title="bbox 2203 5115 3780 5188">
    <p class='ocr_par' dir='ltr' id='par_1_117' title="bbox 2203 5115 3780 5188">
     <span class='ocr_line' id='line_1_117' title="bbox 2203 5115 3780 5188; baseline -0.001 -18"><span class='ocrx_word' id='word_1_858' title='bbox 2203 5115 2478 5188; x_wconf 81' lang='lat' dir='ltr'><strong>degebant.</strong></span> <span class='ocrx_word' id='word_1_859' title='bbox 2511 5116 2653 5182; x_wconf 90' lang='lat' dir='ltr'><strong>Quid</strong></span> <span class='ocrx_word' id='word_1_860' title='bbox 2696 5132 2824 5188; x_wconf 90' lang='lat' dir='ltr'><strong>vero</strong></span> <span class='ocrx_word' id='word_1_861' title='bbox 2853 5117 2958 5172; x_wconf 88' lang='lat' dir='ltr'><strong>sibi</strong></span> <span class='ocrx_word' id='word_1_862' title='bbox 3009 5119 3204 5172; x_wconf 91' lang='lat' dir='ltr'><strong>volunt</strong></span> <span class='ocrx_word' id='word_1_863' title='bbox 3240 5117 3346 5171; x_wconf 89' lang='lat' dir='ltr'><strong>ista</strong></span> <span class='ocrx_word' id='word_1_864' title='bbox 3377 5115 3621 5188; x_wconf 88' lang='lat' dir='ltr'><strong>Liberati</strong></span> <span class='ocrx_word' id='word_1_865' title='bbox 3672 5131 3780 5188; x_wconf 81' lang='lat' dir='ltr'><strong>cap</strong></span> 
     </span>
    </p>
   </div>
   <div class='ocr_carea' id='block_1_118' title="bbox 2207 5187 3804 5255">
    <p class='ocr_par' dir='ltr' id='par_1_118' title="bbox 2207 5187 3804 5255">
     <span class='ocr_line' id='line_1_118' title="bbox 2207 5187 3804 5255; baseline -0.004 -13"><span class='ocrx_word' id='word_1_866' title='bbox 2207 5187 2316 5243; x_wconf 27' lang='lat'><strong>19’:</strong></span> <span class='ocrx_word' id='word_1_867' title='bbox 2356 5187 2436 5242; x_wconf 86' lang='lat' dir='ltr'><strong>Eo</strong></span> <span class='ocrx_word' id='word_1_868' title='bbox 2485 5197 2712 5255; x_wconf 88' lang='lat' dir='ltr'><strong>tempore</strong></span> <span class='ocrx_word' id='word_1_869' title='bbox 2759 5187 3122 5251; x_wconf 63' lang='lat' dir='ltr'><strong>Alexandria,</strong></span> <span class='ocrx_word' id='word_1_870' title='bbox 3155 5195 3363 5242; x_wconf 88' lang='lat' dir='ltr'><strong>mortuo</strong></span> <span class='ocrx_word' id='word_1_871' title='bbox 3410 5187 3662 5241; x_wconf 77' lang='lat' dir='ltr'><strong>Ilioscoro</strong></span> <span class='ocrx_word' id='word_1_872' title='bbox 3708 5187 3804 5252; x_wconf 86' lang='lat' dir='ltr'><strong>ju-</strong></span> 
     </span>
    </p>
   </div>
   <div class='ocr_carea' id='block_1_119' title="bbox 2206 5255 3802 5327">
    <p class='ocr_par' dir='ltr' id='par_1_119' title="bbox 2206 5255 3802 5327">
     <span class='ocr_line' id='line_1_119' title="bbox 2206 5255 3802 5327; baseline -0.005 -13"><span class='ocrx_word' id='word_1_873' title='bbox 2206 5261 2373 5322; x_wconf 87' lang='lat' dir='ltr'><strong>niore,</strong></span> <span class='ocrx_word' id='word_1_874' title='bbox 2417 5258 2721 5314; x_wconf 77' lang='lat' dir='ltr'><strong>Timotheus</strong></span> <span class='ocrx_word' id='word_1_875' title='bbox 2765 5259 3000 5314; x_wconf 75' lang='lat' dir='ltr'><strong>ecclesia:</strong></span> <span class='ocrx_word' id='word_1_876' title='bbox 3042 5257 3207 5327; x_wconf 86' lang='lat' dir='ltr'><strong>ipsius</strong></span> <span class='ocrx_word' id='word_1_877' title='bbox 3259 5265 3561 5327; x_wconf 77' lang='lat' dir='ltr'><strong>susceperat</strong></span> <span class='ocrx_word' id='word_1_878' title='bbox 3603 5255 3802 5327; x_wconf 71' lang='lat' dir='ltr'><strong>episce-</strong></span> 
     </span>
    </p>
   </div>
   <div class='ocr_carea' id='block_1_120' title="bbox 2205 5325 3803 5400">
    <p class='ocr_par' dir='ltr' id='par_1_120' title="bbox 2205 5325 3803 5400">
     <span class='ocr_line' id='line_1_120' title="bbox 2205 5325 3803 5400; baseline -0.003 -17"><span class='ocrx_word' id='word_1_879' title='bbox 2205 5341 2423 5400; x_wconf 86' lang='lat' dir='ltr'><strong>patum;</strong></span> <span class='ocrx_word' id='word_1_880' title='bbox 2452 5346 2486 5385; x_wconf 79' lang='grc' dir='ltr'><strong>α</strong></span> <span class='ocrx_word' id='word_1_881' title='bbox 2507 5345 2609 5400; x_wconf 86' lang='lat' dir='ltr'><strong>quo</strong></span> <span class='ocrx_word' id='word_1_882' title='bbox 2631 5331 2935 5400; x_wconf 81' lang='lat' dir='ltr'><strong>gratissime</strong></span> <span class='ocrx_word' id='word_1_883' title='bbox 2953 5325 3184 5400; x_wconf 81' lang='lat' dir='ltr'><strong>suscepti</strong></span> <span class='ocrx_word' id='word_1_884' title='bbox 3211 5328 3431 5400; x_wconf 65' lang='lat' dir='ltr'><strong>Seuerus</strong></span> <span class='ocrx_word' id='word_1_885' title='bbox 3455 5325 3803 5400; x_wconf 79' lang='lat' dir='ltr'><strong>etJulianus,</strong></span> 
     </span>
    </p>
   </div>
   <div class='ocr_carea' id='block_1_121' title="bbox 2208 5394 3800 5463">
    <p class='ocr_par' dir='ltr' id='par_1_121' title="bbox 2208 5394 3800 5463">
     <span class='ocr_line' id='line_1_121' title="bbox 2208 5394 3800 5463; baseline -0.005 -8"><span class='ocrx_word' id='word_1_886' title='bbox 2208 5394 2457 5455; x_wconf 80' lang='lat' dir='ltr'><strong>sedebant</strong></span> <span class='ocrx_word' id='word_1_887' title='bbox 2488 5394 2554 5453; x_wconf 79' lang='lat' dir='ltr'><strong>ad</strong></span> <span class='ocrx_word' id='word_1_888' title='bbox 2581 5394 2812 5455; x_wconf 78' lang='lat' dir='ltr'><strong>laborem</strong></span> <span class='ocrx_word' id='word_1_889' title='bbox 2837 5407 2930 5454; x_wconf 92' lang='lat' dir='ltr'><strong>aut</strong></span> <span class='ocrx_word' id='word_1_890' title='bbox 2960 5394 3263 5463; x_wconf 82' lang='lat' dir='ltr'><strong>labranum,</strong></span> <span class='ocrx_word' id='word_1_891' title='bbox 3291 5398 3584 5460; x_wconf 84' lang='lat' dir='ltr'><strong>labronem,</strong></span> <span class='ocrx_word' id='word_1_892' title='bbox 3617 5394 3800 5449; x_wconf 80' lang='lat' dir='ltr'><strong>labra-</strong></span> 
     </span>
    </p>
   </div>
   <div class='ocr_carea' id='block_1_122' title="bbox 2209 5465 3801 5541">
    <p class='ocr_par' dir='ltr' id='par_1_122' title="bbox 2209 5465 3801 5541">
     <span class='ocr_line' id='line_1_122' title="bbox 2209 5465 3801 5541; baseline -0.005 -17"><span class='ocrx_word' id='word_1_893' title='bbox 2209 5474 2357 5528; x_wconf 80' lang='grc' dir='ltr'>ιιοηῖ</span> <span class='ocrx_word' id='word_1_894' title='bbox 2383 5470 2779 5541; x_wconf 88' lang='lat' dir='ltr'><strong>Conjiciebam,</strong></span> <span class='ocrx_word' id='word_1_895' title='bbox 2812 5471 3019 5524; x_wconf 88' lang='lat' dir='ltr'><strong>labram</strong></span> <span class='ocrx_word' id='word_1_896' title='bbox 3047 5470 3162 5541; x_wconf 67' lang='lat' dir='ltr'><strong>hoc</strong></span> <span class='ocrx_word' id='word_1_897' title='bbox 3193 5476 3277 5525; x_wconf 91' lang='lat' dir='ltr'><strong>est</strong></span> <span class='ocrx_word' id='word_1_898' title='bbox 3309 5465 3801 5541; x_wconf 76' lang='lat' dir='ltr'><strong>lauram__Nonum,</strong></span> 
     </span>
    </p>
   </div>
   <div class='ocr_carea' id='block_1_123' title="bbox 2210 5537 3804 5608">
    <p class='ocr_par' dir='ltr' id='par_1_123' title="bbox 2210 5537 3804 5608">
     <span class='ocr_line' id='line_1_123' title="bbox 2210 5537 3804 5608; baseline -0.002 -14"><span class='ocrx_word' id='word_1_899' title='bbox 2210 5543 2294 5595; x_wconf 90' lang='lat' dir='ltr'><strong>vel</strong></span> <span class='ocrx_word' id='word_1_900' title='bbox 2350 5557 2457 5596; x_wconf 88' lang='lat' dir='ltr'><strong>una</strong></span> <span class='ocrx_word' id='word_1_901' title='bbox 2490 5537 2643 5608; x_wconf 71' lang='lat' dir='ltr'><strong>voce,</strong></span> <span class='ocrx_word' id='word_1_902' title='bbox 2698 5542 3070 5598; x_wconf 84' lang='lat' dir='ltr'><strong>labranonum.</strong></span> <span class='ocrx_word' id='word_1_903' title='bbox 3123 5539 3396 5594; x_wconf 61' lang='lat' dir='ltr'><strong>Caeterum</strong></span> <span class='ocrx_word' id='word_1_904' title='bbox 3444 5538 3646 5593; x_wconf 91' lang='lat' dir='ltr'><strong>nollem</strong></span> <span class='ocrx_word' id='word_1_905' title='bbox 3699 5537 3804 5608; x_wconf 77' lang='lat' dir='ltr'><strong>huc</strong></span> 
     </span>
    </p>
   </div>
   <div class='ocr_carea' id='block_1_124' title="bbox 2212 5607 3811 5678">
    <p class='ocr_par' dir='ltr' id='par_1_124' title="bbox 2212 5607 3811 5678">
     <span class='ocr_line' id='line_1_124' title="bbox 2212 5607 3811 5678; baseline -0.004 -14"><span class='ocrx_word' id='word_1_906' title='bbox 2212 5611 2482 5665; x_wconf 76' lang='lat' dir='ltr'><strong>Eittiatum</strong></span> <span class='ocrx_word' id='word_1_907' title='bbox 2512 5627 2544 5666; x_wconf 93' lang='lat' dir='ltr'><strong>a</strong></span> <span class='ocrx_word' id='word_1_908' title='bbox 2573 5607 2705 5666; x_wconf 88' lang='lat' dir='ltr'><strong>viris</strong></span> <span class='ocrx_word' id='word_1_909' title='bbox 2737 5612 2913 5668; x_wconf 93' lang='lat' dir='ltr'><strong>doctis</strong></span> <span class='ocrx_word' id='word_1_910' title='bbox 2931 5609 3224 5665; x_wconf 81' lang='lat' dir='ltr'><strong>confusum</strong></span> <span class='ocrx_word' id='word_1_911' title='bbox 3252 5610 3422 5678; x_wconf 80' lang='lat' dir='ltr'><strong>fuisse</strong></span> <span class='ocrx_word' id='word_1_912' title='bbox 3467 5623 3592 5662; x_wconf 92' lang='lat' dir='ltr'><strong>cum</strong></span> <span class='ocrx_word' id='word_1_913' title='bbox 3627 5607 3811 5678; x_wconf 71' lang='grc' dir='ltr'>ἐνάτῳ</span> 
     </span>
    </p>
   </div>
   <div class='ocr_carea' id='block_1_125' title="bbox 2214 5677 3732 5756">
    <p class='ocr_par' dir='ltr' id='par_1_125' title="bbox 2214 5677 3732 5756">
     <span class='ocr_line' id='line_1_125' title="bbox 2214 5677 3732 5756; baseline -0.001 -21"><span class='ocrx_word' id='word_1_914' title='bbox 2214 5683 2426 5756; x_wconf 81' lang='grc' dir='ltr'>σημείῳ</span> <span class='ocrx_word' id='word_1_915' title='bbox 2455 5682 2882 5754; x_wconf 74' lang='grc' dir='ltr'>Ἀλεξανδρείας,</span> <span class='ocrx_word' id='word_1_916' title='bbox 2919 5680 3063 5737; x_wconf 83' lang='lat' dir='ltr'><strong>infra</strong></span> <span class='ocrx_word' id='word_1_917' title='bbox 3087 5681 3182 5737; x_wconf 89' lang='lat' dir='ltr'><strong>ubi</strong></span> <span class='ocrx_word' id='word_1_918' title='bbox 3194 5679 3262 5737; x_wconf 89' lang='lat' dir='ltr'><strong>de</strong></span> <span class='ocrx_word' id='word_1_919' title='bbox 3288 5677 3559 5750; x_wconf 75' lang='lat' dir='ltr'><strong>Longino,</strong></span> <span class='ocrx_word' id='word_1_920' title='bbox 3583 5693 3642 5734; x_wconf 88' lang='grc' dir='ltr'><strong>ιι.</strong></span> <span class='ocrx_word' id='word_1_921' title='bbox 3674 5677 3732 5733; x_wconf 70' lang='grc' dir='ltr'>ὃ.</span> 
     </span>
    </p>
   </div>
   <div class='ocr_carea' id='block_1_126' title="bbox 3803 885 3818 1023">
    <p class='ocr_par' dir='ltr' id='par_1_126' title="bbox 3803 885 3818 1023">
     <span class='ocr_line' id='line_1_126' title="bbox 3803 885 3818 1023; baseline 0 0"><span class='ocrx_word' id='word_1_922' title='bbox 3803 885 3818 1023; x_wconf 78' lang='lat' dir='ltr'><strong>i</strong></span> 
     </span>
    </p>
   </div>
   <div class='ocr_carea' id='block_1_127' title="bbox 3812 4962 3826 4994">
    <p class='ocr_par' dir='ltr' id='par_1_127' title="bbox 3812 4962 3826 4994">
     <span class='ocr_line' id='line_1_127' title="bbox 3812 4962 3826 4994; baseline 0 0"><span class='ocrx_word' id='word_1_923' title='bbox 3812 4962 3826 4994; x_wconf 68' lang='grc' dir='ltr'><em>θ</em></span> 
     </span>
    </p>
   </div>
  </div>
