4032 6334
286 301 381 358 ἱ97

1458 295 2076 353 APUPIITIIEGMA'I‘A
2116 295 2432 354 PATRUM.

3468 295 3566 352 193

276 417 396 486 ἔτη,
412 410 776 483 χλευάζοντες
792 413 919 477 τοὺς
939 412 1232 483 λογισμοὺς
1256 412 1459 476 αὐτῶν,
1482 413 1577 467 καὶ
1596 412 1847 482 λέγοντες
1863 429 1879 444 ο

2002 413 2221 484 :gerint,
2253 411 2492 468 cavillati
2527 409 2893 483 cogitationes
2926 425 3079 474 suas,
3111 425 3235 465 cum
3271 409 3520 467 dicerent
3554 426 3569 463 :

283 502 434 557 Μετὰ
480 501 577 555 τὸν
630 502 881 573 χειμῶνα
919 500 1129 566 τοῦτον,
1167 499 1567 574 μεταϐαίνομεν
1609 498 1879 555 ἐντεῦθεν.

286 595 414 650 Ὅτε
450 593 508 647 δὲ
545 593 716 648 πάλιν
744 593 948 667 ἤρχετο
983 595 1045 647 τὸ
1084 592 1264 666 θέρος,
1296 592 1506 663 ελεγον,
1530 593 1612 646 ὅτι
1650 589 1883 646 Μετὰτδ

284 685 442 758 θέρος
472 685 636 740 τοῦτο
665 684 1026 758 ἁπερχόμεθα
1054 684 1327 740 ἐντεῦθεν.
1363 685 1474 739 Καὶ
1496 683 1669 750 οὕτως
1694 683 1883 755 ἐποίη-

286 794 385 833 σαν
408 778 592 833 πάντα
623 777 719 832 τὸν
751 779 946 851 χρόνον
974 780 1023 832 oi
1056 777 1375 851 ἀείμνηστοι
1394 778 1654 850 Πατέρες.

355 963 424 1027 γ’.
458 951 631 1010 Εἶπεν
645 959 674 1011 6
689 955 867 1022 ἀϐϐᾶς
881 955 1153 1029 Θεόδωρος
1170 956 1199 1010 6
1214 955 1322 1012 τῶν
1349 955 1623 1020 Ἐννάτου,
1644 956 1727 1011 δτι
1753 954 1883 1011 Ἐὰν

287 1049 571 1120 λογίσηται
605 1050 740 1121 ἡμῖν
772 1051 803 1103 6
827 1048 960 1113 Θεὸς
980 1049 1081 1114 τὰς
1121 1050 1179 1103 ὲν
1211 1050 1333 1112 ταῖς
1366 1047 1554 1119 εὐχαῖς
1595 1047 1879 1119 ἀμελείας,

286 1142 378 1196 καὶ
424 1140 527 1203 τὰς
583 1140 964 1212 αἰχμαλωσίας
998 1139 1099 1205 τὰς
1149 1140 1209 1193 ὲν
1253 1142 1375 1204 ταῖς
1406 1138 1780 1212 ψαλμῳδίαις,
1818 1140 1881 1194 οὐ

282 1230 565 1301 δυνάμεθα
592 1232 858 1305 σωθῆναι.

395 1363 539 1433 Περὶ
576 1363 685 1417 τοῦ
727 1362 880 1419 ὰϐὅὲἱ
914 1363 1221 1434 Θεοδώρου
1258 1365 1365 1419 τοῦ
1407 1368 1496 1433 είς
1529 1366 1774 1437 Σχῆτιν.

356 1469 529 1527 Εἶπεν
560 1476 590 1529 6
629 1474 806 1539 ἁδὸἄς
848 1474 1123 1549 Θεόδωρος
1172 1479 1201 1533 6
1240 1481 1321 1543 είς
1359 1480 1588 1549 Σκῆτινσ
1623 1480 1884 1551 Ἔρχεται

290 1568 320 1621 6
338 1567 621 1639 λογισμὸς,
653 1569 749 1621 καὶ
773 1570 1037 1639 ταράσσει
1066 1586 1155 1640 με,
1176 1571 1270 1623 καὶ
1291 1571 1513 1642 ἀσχολεῖ
1544 1588 1632 1642 με,
1663 1573 1758 1625 καὶ
1786 1571 1884 1645 τὴν

290 1658 491 1730 πρᾶξιν
534 1659 637 1711 οὐκ
690 1658 866 1729 ἰσχύει
905 1660 1163 1731 ποιῆσαι,
1214 1662 1355 1715 ἀλλὰ
1400 1662 1561 1733 μόνον
1603 1663 1883 1733 ἐμποδίζει

1984 502 2116 558 Post
2151 490 2388 559 hiemem
2428 503 2591 569 hanc,
2628 501 2988 574 migrabimus
3022 501 3168 557 hinc.
3205 500 3437 568 Quando
3471 517 3571 557 au-

1984 601 2093 651 tem
2131 596 2331 651 iterum
2371 595 2695 651 adveniebat
2731 602 2919 660 aestas,
2957 593 3177 649 aiebant
3214 612 3228 649 :
3266 591 3573 649 Transacta

1983 685 2088 741 hac
2128 694 2349 750 aestate,
2392 686 2521 741 hinc
2564 685 2936 741 discedemus.
2976 683 3157 756 Atque
3203 685 3276 738 ita
3322 684 3569 739 l'ecernnt

1984 778 2133 833 omni
2190 778 2315 833 vitae
2369 784 2637 848 tempore,
2698 778 3036 848 sempiterna
3094 780 3361 831 memoria
3421 774 3572 846 digni

1984 868 2197 926 Patres.

2055 961 2107 1015 ὅ.
2140 960 2250 1034 (74)
2279 957 2435 1013 Hunc
2455 971 2764 1015 sermonem
2788 957 2977 1012 habuit
3006 958 3175 1014 abbas
3192 955 3517 1012 Theodorus
3542 971 3573 1010 e

1984 1052 2140 1109 Nono
2178 1072 2192 1108 :
2238 1052 2296 1108 Si
2336 1051 2496 1107 nobis
2537 1050 2889 1121 imputavcrit
2933 1050 3077 1107 Deus
3117 1050 3476 1123 negligentias
3516 1048 3572 1102 in

1986 1145 2262 1216 precibus,
2296 1153 2350 1199 et
2391 1143 2775 1214 subreptiones
2808 1144 2863 1197 in
2900 1143 3244 1215 psalmodiis,
3280 1142 3416 1199 salvi
3452 1139 3573 1196 ﬁeri

1984 1251 2095 1291 non
2128 1249 2447 1308 possumus.

2377 1366 2454 1424 De
2491 1367 2680 1423 abbate
2716 1367 2986 1423 Theodoro
3023 1365 3253 1422 Sceteos.

2058 1482 2173 1555 (75)
2215 1482 2359 1538 Dixit
2390 1483 2558 1539 abbas
2586 1482 2910 1538 Theodorus
2940 1497 2969 1537 e
2999 1480 3144 1535 Sceti
3181 1497 3195 1537 :
3232 1480 3391 1534 Subit
3425 1477 3573 1548 cogi-

1985 1577 2156 1639 tatio,
2192 1583 2245 1631 ct
2283 1577 2577 1631 conturbat
2615 1592 2701 1632 me
2736 1584 2900 1647 atque
2934 1582 3203 1643 occupat,
3241 1588 3348 1626 non
3388 1581 3575 1628 tamen

1987 1665 2055 1720 ad
2087 1666 2335 1722 eil'cctnm
2369 1666 2621 1738 progredi
2658 1668 2797 1721 valet
2819 1707 2833 1730 ,
2869 1666 2963 1722 scd
2997 1673 3210 1718 tantum
3246 1663 3473 1734 impedit
3505 1663 3575 1717 ad

291 1751 428 1822 πρὸς
454 1751 555 1823 τὴν
590 1753 865 1824 ἀρετήνοό
898 1751 955 1805 δὲ
984 1753 1245 1824 νηφάλιος
1273 1754 1434 1825 ἀνὴρ,
1470 1755 1885 1822 ἐκτιναξάμενος

2002 1757 2287 1824 virtutem;
2329 1758 2414 1812 vir
2451 1768 2631 1813 autem
2674 1758 2908 1830 vigilans
2951 1757 3192 1828 seipsum
3232 1755 3477 1820 excutit,
3519 1765 3575 1809 et

288 1843 472 1906 αὐτὸν,
503 1842 777 1913 ἐγείρεται
811 1844 890 1906 είς
928 1844 1261 1914 προσευχήν,

292 1954 435 2022 Περὶ
476 1953 587 2008 τοῦ
618 1952 770 2009 ἀδεᾶ
805 1953 1107 2024 Θεοδώρου
1138 1955 1247 2010 τοῦ
1283 1957 1877 2023 Ἐλευθεροπολίτου.

358 2075 430 2122 α’.
473 2066 794 2138 Ἦρὼτησεν
821 2069 850 2121 6
875 2067 1052 2132 ἀ66ἄς
1089 2068 1342 2140 Ἀϐραὰμ
1363 2071 1393 2122 6
1426 2069 1574 2143 Ἰϐὴρ
1600 2069 1689 2123 τὸν
1710 2070 1887 2125 ἁὸϐἄν

291 2159 565 2232 Θεόδωρον
594 2160 688 2214 τὸν
716 2160 1251 2232 Ἐλευθεροπολίτην,
1297 2161 1495 2230 λέγων’
1539 2162 1663 2227 Πῶς
1703 2162 1886 2228 καλῶς

293 2253 427 2315 ἔστι,
444 2252 831 2323 Πάτερ;δόξαν
850 2256 1281 2326 περιποιήσομαι
1305 2252 1551 2325 ἐμαυτῷ,
1572 2255 1605 2325 ἢ
1623 2255 1846 2325 ἀτιμίαν
1868 2271 1886 2323 ;

303 2346 361 2399 ὐ
390 2346 450 2399 δὲ
482 2344 663 2416 γέρων
691 2345 877 2415 λέγει⁹
910 2346 1059 2411 Τέως
1092 2345 1203 2416 ἐγὼ
1252 2346 1392 2400 θέλω
1422 2348 1888 2418 περιποιήσασθαι

293 2437 465 2502 δόξαν,
502 2437 537 2508 ἢ
562 2437 812 2508 ἀτιμίαν.
850 2437 977 2491 Ἐὰν
1006 2438 1115 2511 γὰρ
1145 2438 1357 2509 ποιήσω
1384 2438 1551 2493 καλὸν
1588 2438 1769 2510 ἔργον,
1794 2440 1890 2495 καὶ

294 2528 558 2594 ὼξασθῶ,
582 2528 822 2601 δύναμαι
856 2532 1184 2602 κατακρίναι
1222 2532 1316 2584 τὸν
1354 2532 1616 2602 λογισμόν
1649 2548 1771 2603 μου,
1803 2532 1888 2586 ὅτι

295 2619 391 2673 οὐκ
417 2619 537 2690 είμὶ
578 2619 730 2686 ἄξιος
767 2620 869 2692 τῆς
899 2620 1061 2693 δόξης
1106 2620 1342 2693 ταύτης’
1380 2622 1414 2691 ἠ
1449 2620 1505 2673 δὲ
1538 2620 1731 2692 ἀτιμία
1778 2621 1887 2675 ἀπὸ

295 2710 515 2781 φαύλων
538 2712 886 2783 πραγμάτων
916 2712 1147 2781 γίνεται.
1171 2713 1296 2775 Πῶς
1319 2708 1414 2767 οὖν
1446 2713 1682 2785 δύναμαι
1712 2731 1888 2785 παραυ

293 2803 523 2858 καλέσαι
556 2804 657 2876 τὴν
699 2804 932 2876 καρδίαν
967 2821 1092 2875 μου,
1132 2805 1633 2860 σκανδαλισθέντων
1673 2806 1734 2859 ἐν
1763 2808 1890 2878 ἐμοὶ

293 2893 398 2947 τῶν
427 2892 774 2965 ἀνθρώπων;
822 2897 1075 2965 κρεῖσσον
1104 2891 1199 2949 οὖν
1239 2896 1302 2950 τὸ
1328 2880 1537 2965 ἀγαθὸν
1564 2900 1756 2963 ποιεῖν,
1792 2900 1889 2954 καὶ

295 2984 633 3052 δοξάζεσθαι.
666 2987 726 3041 'U
752 2986 809 3041 δὲ
834 2986 1007 3052 ἀσδᾶς
1040 2987 1294 3061 Ἀϐραὰμ
1315 2984 1460 3042 εἶπε⁸
1484 2990 1680 3055 Καλῶς
1701 2985 1886 3057 εἶπας,

298 3077 498 3150 Πάτερ.

366 3251 430 3323 β’.
476 3251 647 3307 Εἶπεν
679 3256 709 3307 6
740 3251 918 3319 ἀὸὅᾶς
944 3253 1221 3320 Θεόδοτος·
1254 3255 1318 3309 Ἡ
1355 3256 1530 3310 ἔνδεια
1562 3256 1655 3311 τοῦ
1716 3257 1884 3322 ἄρτου

296 3345 451 3415 τήκει
475 3344 539 3399 τὸ
572 3345 736 3416 σῶμα
766 3345 861 3400 τοῦ
888 3346 1147 3418 μοναχοῦ.
1183 3346 1376 3412 Ἄλλος
1397 3348 1452 3401 δὲ
1476 3348 1654 3420 γέρων
1676 3348 1884 3420 ἔλεγεν,

297 3435 378 3490 ὃτι
408 3438 444 3508 ἡ
481 3436 767 3509 ἀγρυπνία
798 3436 961 3492 πλέον
992 3440 1150 3512 τήκει
1176 3438 1238 3493 τὸ
1276 3439 1459 3511 σῶμα.

729 3572 875 3641 Περὶ
908 3571 1015 3626 τοῦ
1044 3571 1194 3629 ἁϐϐᾱ
1221 3572 1440 3629 Θεωνᾶ.

359 3680 528 3742 Εῖπεν
558 3687 586 3740 6
613 3685 791 3751 ἀσὸᾶς
810 3686 1034 3753 Θεωνᾶς
1053 3703 1066 3721 ⁸
1099 3688 1196 3742 Διὰ
1222 3688 1283 3741 τὸ
1324 3688 1766 3761 ἀπασχοληθῆναι
1793 3689 1884 3744 τὸν

298 3778 420 3836 νοῦν
441 3780 551 3835 ἀπὸ
574 3780 676 3852 τῆς
697 3781 779 3844 εἰς
808 3779 941 3834 Θεὸν
968 3780 1222 3851 θεωρίας,
1241 3778 1757 3853 αίχμαλωτιζόμεθα
1779 3779 1885 3835 ὑπὸ

298 3872 406 3929 τῶν
434 3873 626 3929 παθῶν
653 3873 765 3927 τῶν
793 3870 1095 3946 σαρκικῶν.

516 3965 669 4054 ’Περὶ
700 3984 1001 4053 Θεοφίλου
1024 3984 1130 4039 τοῦ
1149 3984 1651 4055 ἀρχιεπισκόπου.

364 4104 433 4152 α’.
474 4098 534 4152 ’0
575 4097 847 4169 μακάριος
881 4097 1138 4167 Θεόφιλος
1194 4099 1224 4151 6
1258 4099 1691 4171 ἁρχιεπίσκοπος
1744 4116 1886 4172 παρ-

299 4189 460 4244 ιδαλέ
504 4207 640 4244 ποτε
690 4192 772 4253 είς
815 4190 877 4243 τὺ
910 4189 1035 4261 ὅρος
1079 4190 1177 4261 τῆς
1220 4189 1482 4263 Νιτρίας·
1527 4192 1620 4245 καὶ
1666 4187 1829 4263 ἦλθεν
1856 4193 1885 4245 6

298 4280 469 4347 ἀόὄᾶς
491 4282 587 4336 τοῦ
610 4282 772 4355 ὅρους
796 4281 936 4355 πρὸς
960 4282 1140 4338 αὐτόν.
1168 4284 1279 4337 Καὶ
1311 4283 1460 4353 λέγει
1488 4284 1637 4355 αὑτῷ
1681 4287 1709 4337 6
1730 4285 1887 4356 ἀρχι-

299 4372 626 4437 επίσκοπος·
663 4366 901 4445 Τίεῦρες
933 4375 991 4428 ὲν
1018 4377 1085 4446 τῇ
1113 4374 1217 4445 ὁδῷ
1251 4374 1425 4449 ταύτῃ
1457 4357 1641 4441 πλέοῦ,
1668 4376 1883 4449 Πάτερ;

1990 1850 2169 1921 surgit
2202 1859 2260 1904 ut
2293 1857 2571 1920 precetur.

2183 1962 2259 2018 De
2298 1963 2488 2018 abbate
2526 1961 2796 2019 Theodoro
2839 1960 3363 2031 Eleutlicropolitano

2063 2076 2116 2131 I.
2157 2074 2519 2147 Interrogavit
2563 2076 2734 2131 abbas
2768 2076 3042 2129 Abraham
3088 2070 3279 2129 Iberus
3322 2072 3575 2126 abbatem

1988 2167 2338 2227 Theodorum
2371 2167 2991 2237 Eleutheropolitanum,
3020 2163 3213 2219 dicens
3244 2182 3257 2217 :
3288 2161 3575 2228 Quomodo

1987 2271 2140 2318 recte
2185 2260 2375 2327 habet,
2423 2258 2619 2314 Pater?
2664 2258 2906 2313 Gloriam
2956 2256 3089 2310 mihi
3129 2254 3443 2321 vindicabo,
3492 2252 3573 2309 vel

1987 2352 2378 2425 ignominiam?
2408 2350 2588 2407 Senex
2617 2350 2902 2420 respondit
2933 2368 2946 2404 :
2982 2348 3093 2419 Ego
3121 2361 3256 2403 sane
3287 2348 3430 2401 malo
3459 2346 3575 2415 glo-

1987 2445 2164 2510 riam,
2216 2460 2380 2515 quam
2434 2443 2815 2513 ignominiam.
2870 2440 2927 2496 Si
2978 2441 3124 2495 enim
3179 2440 3386 2495 bonum
3437 2454 3577 2510 opus

1986 2552 2171 2608 egero,
2194 2544 2249 2592 et
2273 2536 2502 2607 gloriam
2530 2535 2684 2589 fuero
2710 2541 3021 2596 assecutus,
3054 2545 3281 2602 possum
3309 2530 3579 2587 damnare

1988 2629 2380 2699 cogitationem
2418 2640 2627 2690 meam,
2658 2626 2805 2695 quod
2841 2640 2952 2679 non
2987 2624 3091 2679 sim
3125 2624 3327 2693 dignus
3362 2638 3426 2677 ea
3460 2623 3573 2694 glo-

1988 2720 2092 2787 ria.
2117 2720 2186 2774 At
2212 2719 2515 2790 ignominia
2575 2734 2642 2773 ex
2670 2718 2856 2788 pravis
2886 2715 3203 2771 actionibus
3229 2716 3429 2771 oritur.
3454 2714 3577 2781 Quo

1988 2818 2149 2881 pacto
2181 2811 2349 2883 igitur
2381 2826 2482 2867 cor
2511 2827 2696 2868 meum
2733 2822 2925 2883 potero
2960 2811 3274 2875 consolari,
3309 2826 3436 2866 cum
3474 2810 3577 2866 bo-

1988 2904 2165 2960 inines
2209 2906 2263 2958 in
2306 2920 2393 2961 me
2434 2902 2760 2961 scandalum
2808 2911 2975 2973 atque
3017 2903 3377 2959 oil'ensionem
3419 2917 3575 2974 cepe-

1988 2998 2131 3052 rint?
2153 2997 2385 3053 Prrcstat
2412 3014 2546 3070 ergo
2572 2999 2777 3054 bonum
2807 2996 3010 3062 facere,
3037 3012 3102 3051 ac
3125 2997 3356 3068 gloriam
3384 3011 3577 3066 repor-

1988 3097 2124 3145 tare.
2178 3089 2332 3145 Tunc
2384 3090 2555 3146 abbas
2607 3089 2884 3145 Abraham
2938 3088 3317 3160 pronuntiavit
3366 3105 3381 3144 :
3433 3086 3580 3144 Bene

1994 3181 2209 3237 loculus
2238 3197 2321 3248 es,
2349 3180 2535 3238 Pater.

2064 3275 2117 3329 2.
2151 3273 2262 3345 (76)
2297 3274 2440 3329 Dixit
2472 3275 2644 3345 abbas
2666 3273 2991 3331 Theodorus
3044 3271 3385 3345 :lndigentia
3418 3272 3583 3344 panis

1991 3374 2240 3421 macerat
2272 3382 2474 3437 corpus
2509 3344 2788 3422 monachi.
2817 3366 2973 3422 Alius
3002 3382 3131 3421 vero
3164 3382 3333 3421 senex
3365 3380 3579 3421 assere-

1992 3457 2105 3524 bat,
2136 3473 2167 3513 a
2198 3458 2400 3531 vigiliis
2427 3460 2552 3530 plus
2585 3475 2788 3530 corpus
2821 3457 3111 3515 macerari.

2496 3592 2574 3649 De
2612 3594 2798 3650 abbate
2834 3593 3065 3650 Tlieona.

2065 3705 2179 3778 (77)
2219 3705 2365 3761 Dixit
2417 3706 2591 3763 abbas
2636 3704 2891 3763 Theonas
2938 3728 2951 3763 :
2998 3706 3269 3775 Quoniam
3320 3713 3582 3763 avocatur

1992 3814 2151 3855 mens
2182 3814 2211 3852 a
2241 3799 2705 3871 contemplatione
2737 3799 2855 3867 Dei,
2884 3799 3007 3857 ideo
3033 3800 3237 3873 captivi
3265 3799 3520 3857 ducimur
3546 3815 3580 3855 ο

1992 3889 2179 3945 carnis
2212 3887 2519 3945 atl‘ectibus.

2365 4002 2439 4057 De
2477 4002 2761 4073 Theophila
2800 4003 3213 4074 archiepiscopo.

2066 4116 2118 4170 l.
2162 4116 2274 4187 (78)
2314 4116 2517 4171 Beatus
2550 4116 2890 4186 Theophilus
2962 4117 3418 4187 archiepiscopus
3450 4132 3579 4188 pro-

1995 4209 2173 4266 fectus
2199 4219 2283 4265 est
2311 4208 2611 4281 aliquando
2642 4210 2695 4263 in
2729 4217 2969 4263 montem
3002 4208 3218 4272 Nitriae;
3250 4221 3305 4265 et
3329 4211 3480 4265 venit
3509 4212 3578 4265 ad

1992 4316 2116 4355 eum
2160 4299 2365 4353 montis
2406 4298 2595 4355 abbas.
2630 4297 2771 4353 Dicit
2803 4300 2856 4354 ei
2891 4299 3347 4370 archiepiscopus
3383 4320 3395 4355 :
3434 4300 3579 4368 Quid

1993 4392 2247 4447 invenisti
2284 4392 2339 4445 in
2367 4391 2456 4445 via
2492 4391 2594 4445 hac
2628 4392 2865 4461 amplius
2897 4391 3211 4462 majusque,
3242 4393 3441 4448 Pater?
3475 4393 3579 4448 Re-

296 4463 458 4534 Δέγει
487 4466 639 4537 αὐτῷ
670 4467 699 4520 6
746 4466 959 4538 γέρωνο
1019 4466 1091 4520 Τὸ
1124 4467 1402 4522 αἰτιᾶσθαι
1436 4470 1528 4523 καὶ
1574 4469 1885 4540 μέμφεσθαι

2002 4485 2212 4554 spondit
2238 4499 2401 4539 senex
2426 4502 2439 4538 :
2461 4484 2693 4554 Culpare
2718 4499 2779 4540 se
2802 4491 2857 4540 et
2883 4499 3145 4540 accusare
3168 4500 3404 4556 semper.
3424 4485 3581 4540 'I‘unc

298 4555 485 4612 ἑαυτὸν
513 4560 767 4614 πάντοτε.
796 4560 960 4630 Λέγει
990 4560 1134 4632 αὑτῷ
1162 4560 1374 4626 ὁάϐϐᾶς
1406 4560 1691 4632 Θεόφιλος
1715 4562 1883 4635 ’Ἄλλη

300 4651 412 4717 ὁδὸς
432 4653 535 4707 οὐκ
565 4654 736 4719 ἐστιν,
760 4656 811 4709 εί
835 4653 911 4725 μὴ
942 4653 1104 4726 αὓτη.

368 4746 435 4817 β’.
491 4746 553 4800 ’0
607 4746 773 4811 αὐτὸς
829 4746 1005 4812 ἀδόἄς
1044 4746 1303 4818 Θεόφιλος
1352 4748 1382 4801 6
1442 4747 1875 4819 ἀρχιεπίσκοπος

301 4835 574 4909 παρέϐαλέ
612 4854 747 4892 ποτε
790 4839 872 4901 είς
910 4837 1011 4910 τὴν
1062 4839 1285 4911 Σκῆτιν.
1332 4839 1695 4911 Συναχθέντες
1736 4840 1793 4893 δὲ
1837 4842 1890 4894 οἱ

300 4927 513 4997 ἀδελφοὶ
544 4922 699 4982 εἷπον
741 4928 821 4999 τῷ
849 4928 996 5002 ἀόϐᾷ
1026 4931 1238 5003 Παμὸώ
1258 4947 1271 4960 ·
1312 4931 1446 4985 Εἰπὲ
1479 4932 1575 4986 ἕνα
1621 4930 1777 5001 λόγον
1809 4932 1887 5003 τῷ

302 5019 483 5093 narra,
514 5021 668 5086 ὅπως
705 5020 965 5093 ὠφεληθῇ
992 5022 1036 5075 ⁸.
1078 5023 1243 5091 Λέγει
1294 5023 1475 5088 αὐτοῖς
1504 5026 1532 5078 6
1576 5024 1789 5094 γέρων·
1825 5024 1887 5077 Ei

305 5114 396 5169 oin:
421 5117 719 5186 ὠφελεῖται
742 5119 799 5187 ὲν
825 5120 892 5189 τῇ
924 5120 1100 5190 σιωπῇ
1136 5136 1256 5190 μου,
1282 5119 1402 5172 οὐδὲ
1428 5120 1485 5171 ὲν
1510 5117 1588 5189 τῷ
1615 5116 1759 5189 λόγῳ
1785 5134 1885 5189 μου

309 5205 649 5281 ὠφεληθῆναι
682 5209 819 5280 ἔχει.

376 5404 399 5439 ⁸
423 5409 505 5465 Al.
529 5410 703 5469 inser.
734 5412 818 5474 εις
842 5409 936 5464 τὸν
968 5409 1154 5472 τόπον,

360 5597 471 5818 ἕξ)
500 5598 609 5658 Vit.
635 5600 800 5656 Patr.
826 5615 906 5663 xl,
947 5601 1035 5655 II.

447 5678 465 5743 )
506 5670 611 5728 Vit.
654 5673 814 5726 Patr.
854 5687 932 5736 vr,
966 5670 1035 5726 20

415 5743 467 5818 6)
506 5742 609 5802 Vit.
650 5741 808 5797 Patr.
844 5756 921 5810 Iv,
954 5741 1035 5795 I8.

447 5670 465 5743 )
506 5670 611 5743 Vit.
654 5673 814 5743 Patr.
854 5687 932 5736 vr,

415 5741 467 5818 6)
506 5742 609 5802 Vit.
650 5741 808 5797 Patr.
844 5756 921 5810 Iv,
954 5741 1041 5795 18.

1993 4576 2162 4633 abbas
2193 4576 2532 4647 Theophilus
2563 4596 2577 4632 :
2607 4577 2729 4632 Alia
2757 4577 2845 4632 via
2878 4591 2988 4632 non
3020 4584 3131 4641 est,
3158 4586 3357 4646 praeter
3389 4578 3578 4632 istam.

2063 4752 2120 4807 2.
2164 4753 2275 4824 (79)
2325 4753 2469 4810 Idem
2509 4755 2681 4810 abbas
2717 4754 3054 4827 TbeOphilus
3094 4756 3576 4827 archiepiscopus,

1994 4844 2145 4899 venit
2184 4844 2484 4914 aliquando
2519 4843 2573 4898 in
2610 4843 2836 4900 Scetim.
2873 4846 3201 4918 Congregati
3242 4853 3423 4902 autem
3466 4850 3578 4901 fra-

1995 4941 2112 4990 tres
2166 4933 2427 4990 dixerunt
2474 4936 2657 4991 abbati
2708 4935 2914 4993 Pambo
2967 4957 2981 4993 :
3030 4938 3251 5010 Aliquid
3304 4943 3580 4996 sermon’s

1991 5028 2134 5085 habe
2163 5027 2231 5083 ad
2263 5045 2481 5100 papam,
2511 5037 2571 5086 ut
2600 5030 2649 5085 ei
2678 5031 2875 5100 prosit.
2905 5030 2993 5084 Ait
3022 5030 3131 5085 illis
3161 5047 3329 5088 senex
3365 5051 3378 5087 :
3418 5028 3473 5084 Si
3506 5049 3573 5088 ex

1991 5122 2215 5178 silentio
2260 5137 2383 5178 meo
2426 5124 2718 5180 utilitatem
2764 5140 2875 5180 non
2916 5125 3095 5194 capit,
3138 5140 3315 5195 neque
3350 5140 3416 5180 ex
3455 5138 3579 5178 ser-

1990 5229 2152 5271 mone
2174 5212 2347 5273 habet
2380 5216 2667 5288 proiicere.

2063 5600 2173 5666 (77)
2215 5597 2319 5652 Vit.
2360 5595 2508 5652 I’atr.
2543 5613 2618 5659 XI,
2663 5596 2748 5650 I2.

2062 5662 2172 5741 (78)
2210 5668 2319 5741 Vit.
2367 5668 2520 5741 fair.
2558 5684 2646 5730 xv,
2673 5667 2772 5741 l9;
2814 5664 3039 5721 Dorolh.
3081 5662 3261 5719 Doctr.
3292 5665 3351 5725 'I,

2059 5736 2172 5812 (79)
2212 5739 2318 5793 Vit.
2354 5736 2507 5791 Patr.
2541 5753 2630 5805 xv,
2659 5737 2748 5791 Β.
