4032 6334
438 350 541 409 139

1614 339 1961 397 ΑΡΡΕΝΒΙΧ
1999 338 2091 397 AD
2128 337 2555 399 PALLADIUM.

3619 335 3733 395 200

508 462 565 517 5.
602 458 715 532 (80)
754 458 1031 515 Venerunt
1063 457 1358 526 aliquando
1391 455 1581 511 Patres
1608 455 2021 522 Alexandriam,

2198 462 2266 525 γ’.
2301 450 2507 509 1Ἦλθόν
2550 471 2680 509 ποτε
2715 455 2959 527 Πατέρες
2998 456 3078 519 είς
3119 450 3553 523 Ἀλεξάνδρειαν,
3598 455 3739 523 κλη-

439 552 621 606 vocati
657 566 687 606 a
716 550 1021 621 Theophilo
1056 548 1494 617 archiepiscopo,
1529 553 1587 600 ut
1623 562 1838 616 precem
1877 544 2023 601 iaceo

439 649 559 708 ret,
598 657 661 697 ac
706 641 832 696 fana
876 648 1160 697 everteret.
1199 638 1377 708 lisque
1411 637 1595 692 cibum
1632 652 1757 692 cum
1796 637 1895 693 illo
1929 653 2023 693 su-

441 735 721 788 tnentihus
763 732 1011 802 apposita
1056 738 1139 785 est
1185 744 1316 784 caro
1357 730 1626 798 vitulina;
1671 739 1724 784 et
1770 729 2025 784 comede-

443 826 596 891 bant,
628 826 763 879 nihil
795 825 1191 877 discernentes.
1226 821 1397 877 Porro
1425 824 1706 893 accipiens
1734 822 2025 891 episcopus

443 936 612 974 unum
666 917 957 985 copadium
1008 930 1105 968 seu
1154 915 1341 970 carnis
1391 913 1661 979 frustum,
1706 914 1857 969 dedit
1907 913 2024 968 seni

437 1013 592 1083 juxta
625 1026 683 1065 se
715 1008 1078 1073 recumbenti,
1109 1008 1300 1063 dicens
1332 1026 1345 1062 :
1380 1009 1542 1071 Ecce,
1572 1008 1676 1063 hoc
1705 1014 1790 1064 est
1819 1007 2024 1062 bonum

439 1104 623 1159 carnis
660 1102 930 1164 frustum,
970 1102 1242 1154 manduca
1265 1139 1280 1163 ,
1319 1101 1478 1156 abba.
1520 1100 1600 1154 Illi
1635 1107 1974 1170 exceperunt
2010 1117 2023 1152 :

436 1194 546 1250 Nos
591 1195 878 1263 hucusque
925 1194 1075 1248 olera
1126 1193 1372 1259 edimus;
1415 1193 1460 1248 si
1505 1203 1687 1249 autem
1731 1206 1863 1247 caro
1905 1202 2024 1256 est,

438 1303 547 1341 non
594 1285 1019 1341 manducamus.
1066 1284 1178 1340 Nec
1221 1285 1458 1357 amplius
1499 1299 1688 1341 eorum
1733 1285 2025 1355 quisquam

436 1379 568 1432 hinc
602 1377 935 1447 degustavit.

505 1470 561 1523 4.
614 1468 873 1538 Ejusdem
923 1468 1139 1524 abbatis
1185 1466 1472 1540 Theophili
1521 1481 1705 1523 sermo
1747 1465 1962 1521 exstitit
2009 1485 2023 1520 :

437 1562 663 1629 Qualem
699 1563 982 1626 timorem,
1021 1570 1315 1615 tremorem
1348 1575 1412 1614 ac
1444 1559 1825 1616 necessitatem
1854 1557 2026 1614 visuri

437 1670 653 1716 SIIIIHIS,
680 1655 903 1723 quando
930 1654 1111 1707 anima
1141 1668 1171 1707 e
1200 1666 1431 1722 corpore
1459 1652 1839 1722 separabitur!
1871 1649 2029 1706 Tunc

436 1747 581 1801 enim
606 1745 673 1798 ad
704 1761 803 1800 nos
830 1746 1129 1799 adveniunt
1153 1743 1558 1799 contrariarum
1580 1745 1845 1797 virtutum
1868 1759 2027 1799 exer-

437 1837 584 1891 citus
617 1843 669 1889 et
704 1836 906 1904 c0pizc.
944 1835 1220 1904 principes
1254 1833 1636 1898 tenebrarum,
1670 1833 1894 1888 malitia:
1923 1833 2029 1887 im-
2060 1817 2101 1871 Β

437 1939 750 1997 peratores,
786 1926 1161 1995 principatus,
1200 1932 1531 1993 potestates,
1571 1925 1800 1994 spiritus
1834 1924 2030 1995 nequi-

439 2019 562 2081 tiae;
597 2025 651 2071 et
686 2018 868 2086 aliquo
897 2017 1128 2086 justitiaa
1160 2017 1321 2071 modo
1348 2016 1585 2070 animam
1620 2017 1897 2083 detinent,
1929 2017 2030 2071 ad-

436 2109 705 2165 ducentes
740 2116 939 2163 cuncta
968 2125 1090 2179 quae
1119 2109 1364 2178 prudens
1390 2116 1444 2163 et
1474 2108 1717 2164 insciens
1748 2108 2030 2164 commisit

436 2211 662 2271 peccata
685 2242 698 2265 ,
736 2216 765 2256 a
798 2202 1087 2271 juventute
1116 2201 1184 2255 ad
1216 2207 1432 2255 aetatem
1464 2215 1572 2271 qua
1607 2209 1889 2270 assumpta
1919 2208 2025 2256 est.

434 2293 633 2349 Astant
664 2309 817 2364 ergo,
853 2301 1179 2349 accusantes
1214 2301 1415 2348 cuncta
1453 2308 1550 2363 per
1579 2309 1700 2349 eam
1735 2302 1913 2364 gesta.
1949 2292 2027 2349 De

435 2393 634 2441 εἱειειό
669 2393 877 2456 quanto
912 2395 1152 2440 tremore
1187 2392 1349 2454 putas
1385 2385 1624 2437 animam
1664 2384 1718 2436 in
1758 2385 1849 2437 illa
1892 2384 2029 2439 hora

435 2477 673 2547 corripi,
711 2478 885 2532 donec
925 2477 1033 2530 lata
1073 2476 1236 2531 fuerit
1275 2476 1585 2542 sententia,
1625 2477 2030 2547 contigeritque

438 2571 685 2640 ejusdem
717 2570 914 2624 animae
942 2569 1232 2625 liberatio?
1258 2568 1384 2623 llrec
1409 2576 1493 2623 est
1519 2568 1653 2623 hora
1682 2569 2028 2624 necessitatis

435 2664 590 2733 ejus,
640 2677 929 2732 usquean
973 2660 1169 2715 viderit
1218 2660 1352 2731 quid
1404 2661 1510 2730 ipsi
1561 2661 1633 2714 sit
1677 2669 2025 2715 eventurum.

438 2757 654 2810 Rursus
711 2753 911 2806 divina:
968 2754 1197 2806 virtutes
1252 2767 1283 2806 e
1338 2754 1563 2821 regione
1616 2751 2024 2805 contrariarum

438 2855 610 2911 stant,
647 2847 779 2914 ipsa:
810 2845 1015 2914 pariter
1045 2845 1183 2897 bona
1217 2843 1414 2896 animo:
1445 2841 1806 2911 proferentes.
1833 2842 2029 2912 Cogita

437 2953 568 3008 ergo
600 2935 910 3007 eujusmodi
949 2935 1002 2988 in
1041 2935 1238 2989 timore
1271 2950 1334 2989 ac
1367 2942 1605 2989 tremere
1637 2943 1888 2989 versetur
1915 2949 2030 2989 me-

439 3031 525 3084 dia
559 3030 857 3084 constituta
887 3028 1069 3081 anima
1095 3068 1110 3093 ,
1143 3026 1321 3082 donec
1348 3026 1616 3095 judicium
1647 3025 1768 3095 ejus
1794 3025 2029 3095 perjus-

441 3130 556 3175 tum
599 3121 844 3189 judicent
895 3120 1167 3173 sententia
1213 3119 1558 3175 terminetur.
1601 3118 1666 3173 Et
1708 3120 1754 3175 si
1802 3119 2024 3190 quidem
2055 3158 2097 3215 ϐ

439 3213 602 3284 digna
645 3211 832 3277 fuerit,
871 3210 1146 3266 daemones
1185 3210 1542 3280 increpantur
1579 3218 1743 3281 atque
1786 3210 2026 3280 puniun-

440 3311 564 3371 tur;
612 3305 729 3373 ipsa
768 3317 897 3357 vero
941 3301 1155 3372 rapitur
1195 3301 1265 3356 ab
1308 3303 1515 3371 angelis
1554 3321 1567 3358 :
1608 3310 1725 3357 tum
1768 3301 2027 3372 deinceps

439 3396 558 3450 sine
594 3394 965 3449 sollicitudine
996 3409 1086 3459 es,
1121 3394 1232 3448 imo
1268 3392 1485 3450 habitas
1515 3396 1673 3464 juxta
1704 3394 1848 3464 quod
1884 3392 2027 3448 seri-

438 3496 592 3557 ptnm
623 3496 706 3542 est
739 3506 753 3541 :
788 3486 937 3541 Sicut
973 3488 1273 3541 (celantium
1309 3488 1545 3540 omnium
1576 3486 1838 3539 habitatio
1868 3495 1944 3539 est
1974 3486 2029 3539 in

442 3587 492 3632 te
508 3578 552 3632 ".
578 3578 733 3633 Tunc
762 3580 1021 3648 impletur
1044 3579 1176 3633 illud
1211 3579 1510 3649 Scriptura:
1538 3597 1550 3632 :
1580 3576 1744 3647 Fugit
1776 3576 1951 3640 dolor,
1979 3586 2029 3631 et

443 3673 686 3739 tristitia,
710 3681 759 3726 et
785 3672 1009 3743 gemitus
1030 3672 1073 3727 ⁸.
1101 3672 1258 3727 Τυηο
1290 3672 1516 3726 liberata
1548 3671 1756 3735 anima,
1783 3668 1851 3723 ad
1882 3670 2028 3723 illam

443 3766 779 3822 incli‘abilem
809 3766 1052 3819 laetitiam
1080 3777 1132 3820 et
1161 3765 1391 3836 gloriam
1423 3763 1811 3835 proﬁciscitur,
1841 3763 1894 3817 in
1920 3777 2029 3834 qua

442 3860 831 3912 constituetur.
867 3857 1023 3922 Quod
1057 3857 1101 3912 si
1135 3856 1476 3927 deprehensa
1510 3855 1674 3910 fuerit
1702 3856 1907 3910 vixisse
1936 3871 2035 3909 ne-

442 3949 730 4017 gligenter,
769 3950 923 4002 audit
966 3949 1269 4002 terribilem
1312 3948 1460 4002 illam
1500 3963 1690 4003 vocem
1729 3964 1743 4000 :
1785 3945 2035 4000 Tollatur

442 4042 655 4108 impius.
683 4049 737 4092 ut
769 4056 870 4093 non
897 4040 1068 4093 videat
1096 4041 1322 4111 gloriam
1353 4039 1625 4094 Domini”.
1675 4038 1828 4094 Tunc
1856 4039 2033 4108 ipsam

443 4131 804 4200 apprehendit
835 4132 954 4188 dies
988 4134 1103 4195 irae,
1131 4133 1249 4189 dies
1278 4130 1611 4196 aﬂlictionis,
1638 4131 1754 4186 dies
1782 4130 2034 4186 tenebra-

447 4240 564 4277 rum
596 4233 648 4277 et
680 4224 953 4294 caliginis.
988 4224 1212 4279 Tradita
1244 4225 1297 4279 in
1334 4225 1592 4279 tenebras
1622 4222 1952 4286 exteriores,
1981 4233 2036 4278 et

444 4315 510 4367 ad
546 4316 723 4383 ignem
761 4324 1087 4386 perpetuum
1124 4315 1381 4369 damnata
1403 4358 1416 4381 ,
1449 4330 1546 4384 per
1579 4314 1795 4367 inﬁnita
1831 4314 2035 4368 saecula

449 4406 725 4467 punietur.
754 4404 931 4471 Tunc,
961 4407 1051 4458 ubi
1083 4406 1338 4475 gloriatio
1367 4404 1596 4458 mundi?
1624 4404 1715 4459 ubi
1741 4419 1879 4457 vana
1916 4404 2035 4474 glo-

2131 550 2318 613 θεντες
2349 548 2457 603 ὑπὸ
2489 549 2751 618 Θεοφίλου
2781 548 2877 602 τοῦ
2905 546 3363 621 άρχιεπισκόπου,
3404 545 3490 600 ἵνα
3525 546 3732 618 ποιήσῃ

2126 642 2313 714 εὐχὴν,
2329 643 2424 694 καὶ
2447 641 2650 716 καθέλῃ
2672 641 2743 697 τά
2772 642 2911 714 ἱερά.
2934 640 3045 695 Kal
3070 639 3360 694 ἐσθιόντων
3383 637 3565 692 αὐτῶν
3603 641 3724 710 μετ’

2126 735 2313 800 αὐτοῦ,
2361 735 2632 809 παρετέθη
2683 733 2851 806 κρέας
2897 732 3137 804 μόσχιον·
3179 734 3272 786 καὶ
3304 734 3522 805 ἢσθιον,
3561 733 3734 805 μηδὲν

2126 827 2550 898 διακρινόμενοι.
2585 828 2697 880 Kal
2743 824 2924 881 λαϐὼν
2987 827 3013 878 ὁ
3059 825 3357 891 ἐπίσκοπος
3393 827 3453 880 ἒν
3500 827 3733 881 κοπάδιν

2128 918 2298 972 ἔδωκε
2321 918 2398 991 τῷ
2428 918 2655 988 ἔγγιστα
2689 917 2855 973 αὑτοῦ
2892 917 3131 988 γέροντι,
3158 916 3362 986 λέγων·
3401 916 3528 973 Ἰδοὺ
3567 917 3735 973 τοῦτο

2127 1010 2293 1064 καλὸν
2318 1011 2544 1066 κοπάδιν
2576 1010 2690 1083 (81)
2729 1010 2867 1074 ἐστὶ,
2902 1009 3067 1079 φάγε,
3092 1009 3259 1064 assa.
3295 1012 3358 1064 Οἱ
3387 1010 3445 1064 δὲ
3488 1013 3733 1083 ἀποκρινο-

2129 1100 2316 1163 θέντες
2348 1096 2501 1154 εἷπον
2524 1118 2539 1132 ο
2575 1099 2766 1170 Ἡμεῖς
2804 1098 2910 1163 ἕως
2944 1099 3070 1170 ἄρτι
3104 1098 3314 1169 λάχανα
3342 1100 3607 1173 ὴσθίομεν
3630 1116 3646 1131 ο
3676 1102 3731 1156 εί

2127 1189 2187 1243 δέ
2219 1190 2390 1262 κρέας
2419 1192 2559 1257 ἐστὶ,
2596 1191 2657 1244 οὐ
2684 1189 2998 1263 τρώγομεν.
3041 1190 3154 1244 Kal
3180 1191 3281 1245 οὐκ
3314 1190 3396 1245 ἐτι
3426 1193 3734 1265 προσέθετο

2127 1282 2252 1337 οὐδέ
2280 1276 2364 1347 εἷς
2388 1282 2449 1347 ἐξ
2478 1282 2663 1338 αὐτῶν
2694 1282 2995 1352 γεύσασθαι
3026 1283 3216 1339 αὐτοῦ.

2201 1461 2265 1516 δ’.
2309 1460 2369 1513 '0
2411 1459 2577 1524 αὐτὸς
2616 1459 2791 1525 assa;
2839 1460 3096 1531 Θεόφιλος
3134 1460 3354 1531 ἔλεγεν·
3401 1456 3528 1518 Οἷον
3563 1463 3733 1534 φόϐον

2131 1552 2226 1605 καὶ
2268 1551 2473 1624 τρόμον
2519 1552 2613 1604 καὶ
2646 1551 2895 1623 ἀνάγκην
2927 1551 3125 1624 ἔχομεν
3179 1552 3330 1617 ἰδεῖν,
3371 1551 3460 1606 ὅτε
3510 1554 3545 1625 ή
3578 1554 3732 1628 ψυχὴ

2129 1642 2226 1698 τοῦ
2298 1641 2553 1714 σώματος
2602 1643 2937 1714 χωρίζεταιι
2995 1644 3365 1717 Παραγίνεται
3416 1645 3528 1717 γὰρ
3592 1647 3734 1718 πρὸς

2131 1737 2280 1807 ἡμᾶς
2320 1735 2551 1806 στρατιά
2583 1737 2676 1789 καὶ
2713 1735 2943 1808 δύναμις
2976 1736 3084 1791 τῶν
3122 1738 3381 1793 ἐναντίων
3418 1740 3735 1811 δυνάμεων,

2130 1830 2180 1882 οἱ
2228 1828 2323 1882 τοῦ
2383 1828 2607 1893 σκότους
2660 1828 2956 1899 ἄρχοντες,
3018 1833 3067 1884 οἱ
3123 1832 3570 1905 κοσμοκράτορες
3625 1833 3734 1906 τῆς

2132 1921 2418 1992 πονηρίας,
2467 1921 2562 1975 καὶ
2614 1922 2784 1993 ἁρχαὶ
2835 1922 2929 1975 καὶ
2976 1922 3237 1989 ἐξουσίαι,
3282 1923 3350 1978 τά
3377 1924 3663 1997 πνεύματα
3683 1927 3731 1958 ¹⁰

2131 2015 2230 2086 τῆς
2260 2014 2530 2086 πονηρίας
2551 2030 2565 2046 ’
2602 2013 2696 2068 καὶ
2736 2013 2922 2085 τρόπῳ
2950 2016 3059 2068 τινὶ
3101 2015 3258 2087 δίκης
3293 2016 3583 2088 κατέχουσι
3628 2018 3734 2089 τὴν

2128 2106 2328 2179 ψυχὴν,
2368 2107 2723 2179 ἐπιφέροντες
2766 2107 2946 2163 πάντα
2977 2108 3147 2176 αὐτῆς
3184 2108 3253 2162 τὰ
3302 2110 3361 2163 ἐν
3390 2109 3588 2179 γνώσει
3630 2113 3733 2166 καὶ

2130 2198 2322 2270 ἀγνοίᾳ.
2369 2200 2781 2270 ἁμαρτήματα,
2836 2197 2946 2253 ἀπὸ
3001 2200 3254 2271 νεότητος
3286 2201 3393 2265 ἕως
3447 2202 3547 2272 τῆς
3606 2204 3734 2274 ἡλι-

2129 2297 2256 2360 κίας
2309 2289 2380 2367 ἧς
2430 2292 2771 2366 κατελήφθη.
2818 2295 3097 2349 Ἵστανται
3141 2289 3235 2351 οὖν
3291 2295 3734 2367 κατηγοροῦντες

2130 2386 2311 2440 πάντα
2346 2384 2429 2438 τά
2482 2385 2853 2457 πεπραγμένα
2910 2386 3002 2440 ὑπ’
3062 2387 3252 2458 αὐτῆς.
3292 2387 3498 2442 Λοιπὸν
3541 2391 3732 2442 ὁποῖον

2128 2481 2332 2550 τρόμον
2365 2478 2544 2542 δοκεῖς
2589 2478 2689 2548 τὴν
2722 2479 2901 2549 ψυχὴν
2951 2479 3096 2550 ἔχειν
3145 2480 3203 2532 ἐν
3233 2483 3300 2551 τῇ
3353 2479 3473 2554 ὥρᾳ
3517 2482 3729 2553 ἐκείνῃ.

2129 2570 2235 2634 ἕως
2264 2565 2324 2624 οὗ
2370 2570 2402 2639 ἡ
2453 2570 2729 2638 ἀπόφασις
2759 2568 2985 2642 ἐξέλθῃ,
3037 2571 3133 2624 καὶ
3180 2570 3462 2643 ἐλευθερία
3499 2573 3733 2642 γένηται

2131 2663 2335 2735 αὐτῆς
2368 2662 2525 2716 τοῦτό
2555 2664 2700 2716 ἐστιν
2744 2665 2777 2733 ἡ
2809 2662 2927 2734 ὥρα
2956 2664 3057 2735 τῆς
3091 2664 3337 2736 ἀνάγκης
3385 2664 3575 2736 αὐτῆς,
3620 2665 3734 2728 ἕως

2130 2750 2192 2810 οὗ
2232 2755 2317 2828 ἴδῃ
2348 2756 2400 2808 τί
2440 2754 2503 2808 τὸ
2542 2754 2956 2827 ἀποϐησόμενον
2984 2755 3141 2827 αὐτῇ.
3173 2756 3282 2809 Kal
3314 2756 3475 2810 πάλιν
3500 2758 3558 2810 al
3584 2757 3732 2810 θεῖαι

2129 2849 2389 2920 δυνάμεις
2419 2849 2667 2902 ἵστανται
2698 2848 2839 2902 κατὰ
2872 2849 3163 2921 πρόσωπον
3193 2849 3300 2903 τῶν
3323 2850 3602 2916 ἐναντίων,
3632 2851 3732 2904 καὶ

2133 2940 2297 2995 αὑταὶ
2348 2940 2416 2994 τὰ
2460 2939 2603 2994 καλὰ
2631 2940 2800 3011 αὐτῆς
2844 2940 3222 3012 ἐπιφέρουσαι.
3266 2942 3535 2995 Κατανόει
3567 2939 3661 2996 οὖν
3693 2946 3731 3014 ἡ

2130 3029 2276 3100 ψυχὴ
2303 3029 2439 3100 μέση
2461 3028 2722 3101 ἱσταμένη
2739 3029 2876 3099 ποίῳ
2889 3029 3000 3102 ἄρα
3023 3030 3171 3101 φόϐῳ
3195 3031 3287 3085 κα)⁵
3305 3031 3490 3103 τρόμῳ
3513 3036 3731 3103 στήκει,

2130 3121 2235 3183 ἕως
2249 3114 2360 3192 0ὗὴ
2383 3120 2563 3192 κρίσις
2575 3121 2747 3191 αὐτῆς
2773 3120 3052 3191 ἀπόφασιν
3074 3122 3215 3196 λάϐῃ
3236 3122 3386 3196 παρὰ
3403 3125 3497 3177 τοῦ
3516 3124 3733 3178 δικαίου

2130 3212 2345 3284 κριτοῦ.
2385 3213 2496 3267 Kal
2547 3212 2642 3266 ἐὰν
2694 3208 2868 3284 μένῇ
2925 3211 3081 3278 ἀξία,
3133 3214 3332 3267 ἐκεῖνοι
3359 3214 3734 3285 λαμϐάνουσιν

2128 3304 2430 3374 ἐπιτιμίαν,
2477 3304 2571 3357 καὶ
2635 3305 2773 3376 αὐτὴ
2837 3305 3140 3377 ἀρπάζεται
3204 3305 3298 3359 ἀπ’
3353 3307 3572 3360 αὐτῶν·
3632 3309 3735 3361 καὶ

2130 3394 2319 3448 λοιπὸν
2381 3394 2687 3467 ἀμέριμνος
2734 3390 2821 3462 εἴ,
2855 3396 3056 3466 μᾶλλον
3099 3396 3157 3449 δέ
3201 3400 3448 3451 κατοικεῖ
3477 3399 3541 3430 ¹⁰⁵
3585 3398 3735 3452 κατὰ

2128 3491 2190 3544 τὸ
2248 3490 2639 3562 γεγραμμένον
2666 3507 2680 3520 ·
2753 3491 2860 3557 Ὣς
2940 3491 3429 3560 εὐφραινομένων
3484 3491 3737 3545 πάντων

2134 3582 2168 3649 ἠ
2201 3584 2470 3636 κατοικία
2490 3582 2559 3635 ἐν
2581 3582 2701 3637 σοί.
2730 3583 2865 3637 Τότε
2894 3581 3196 3654 πληροῦται
3216 3583 3277 3637 τὸ
3306 3584 3691 3654 γεγραμμένον
3716 3602 3733 3617 ·

2144 3674 2391 3743 Ἀπέδρα
2430 3674 2618 3743 ὀδύνη
2664 3676 2763 3729 καὶ
2809 3676 2977 3742 λύπη
3034 3677 3132 3729 καὶ
3184 3678 3557 3746 στεναγμός·
3605 3677 3735 3729 τότε

2133 3765 2510 3835 ἀπαλλαγεῖσα
2557 3764 2851 3837 πορεύεται
2890 3768 2968 3830 εἰς
2998 3767 3213 3838 ἐκείνην
3236 3767 3336 3839 τὴν
3365 3767 3735 3837 άνεκλάλητον

2132 3858 2308 3930 χαρὰν
2330 3858 2620 3922 καὶδόξαν,
2640 3859 2720 3920 είς
2745 3857 2812 3929 ἢν
2843 3860 3264 3929 καταστήσεται.
3305 3859 3431 3913 Ἐάν
3452 3860 3508 3913 δὲ
3530 3860 3732 3932 εὑρεθῇ

2133 3955 2190 4006 ἐν
2220 3950 2452 4023 ἀμελείᾳ
2507 3951 2740 4022 ζήσασα,
2779 3950 2968 4003 ἀκούει
3016 3952 3116 4022 τὴν
3146 3950 3458 4022 δεινοτάτην
3506 3954 3732 4024 φωνήν·

2146 4041 2398 4111 Ἀρθήτω
2427 4045 2460 4096 ό
2490 4040 2741 4110 ἀσεϐὴς,
2766 4039 2973 4111 ἵναμὴ
3006 4040 3108 4110 ἴδῃ
3140 4041 3253 4110 τὴν
3281 4042 3733 4112 δόξανΚυρίου.

2134 4133 2268 4186 Τότε
2297 4132 2468 4204 αὐτὴν
2499 4133 2908 4203 καταλαμϐάνει
2946 4133 3131 4205 ήμέρα
3163 4135 3355 4206 ὀργῆς,
3395 4135 3582 4207 ἡμέρα
3619 4136 3737 4190 θλί-

2134 4226 2280 4296 ψεως
2312 4228 2373 4293 ¹¹,
2426 4227 2610 4299 ἡμέρα
2647 4225 2870 4290 σκότους
2909 4225 3005 4279 καὶ
3048 4227 3269 4297 γνόφου.
3316 4230 3734 4303 Παραδιδομένη

2133 4321 2214 4382 εἰς
2249 4319 2308 4371 τὸ
2344 4315 2610 4390 ἐξώτερον
2643 4320 2855 4385 σκότος,
2889 4318 2986 4374 καὶ
3023 4321 3106 4383 εἰς
3134 4319 3195 4373 τὸ
3233 4319 3449 4374 αἰώνιον
3487 4321 3598 4392 πῦρ
3636 4339 3737 4375 κα-

2137 4409 2478 4484 τακριθεῖσα,
2534 4414 2614 4475 εἰς
2668 4413 3011 4484 ἀπεράντους
3056 4412 3261 4476 αἰῶνας
3306 4412 3731 4483 κολασθήσεται.

446 4499 564 4550 ria?
608 4499 695 4550 ιιιιί
738 4497 985 4551 deliciae?
1028 4497 1121 4550 ubi
1162 4496 1510 4565 voluptates?
1552 4496 1641 4551 ubi
1688 4495 1904 4551 fastus?
1943 4495 2031 4550 ubi

2140 4503 2276 4557 Τότε
2323 4503 2426 4556 ποῦ
2457 4505 2490 4574 ἡ
2518 4505 2786 4575 καύχησις
2815 4504 2904 4558 τοῦ
2936 4505 3145 4575 κόσμου
3172 4520 3186 4569 ;
3220 4504 3321 4557 ποῦ
3352 4506 3383 4575 ἡ
3414 4503 3730 4569 κενοδοξίας

446 4588 704 4657 requies?
734 4588 825 4641 ubi
848 4588 1157 4656 jactantia?
1186 4589 1274 4643 ubi
1307 4589 1587 4657 pecuniae?
1616 4589 1708 4643 ubi
1736 4587 2034 4643 nobilitas?

448 4682 536 4737 ubi
572 4682 760 4751 pater?
788 4682 877 4735 ubi
909 4682 1121 4735 mater?
1147 4682 1239 4736 ubi
1272 4681 1481 4737 frater?
1508 4682 1641 4747 Quis
1666 4681 2031 4752 pra-sentihus

448 4776 605 4827 malis
634 4775 845 4843 eripere
882 4775 1083 4843 poterit
1111 4773 1233 4845 igne
1260 4772 1600 4843 ﬂagrantem,
1631 4783 1684 4828 et
1719 4774 1771 4827 in
1800 4774 2032 4827 amaris-

449 4867 604 4921 situis
645 4870 934 4923 tormentis
974 4867 1294 4923 detentum?
1330 4865 1425 4920 His
1461 4867 1533 4919 ita
1569 4883 1628 4920 se
1663 4865 2027 4928 habentibus,

446 4957 638 5031 quales
660 4973 787 5014 esse
810 4973 912 5014 nos
938 4966 1153 5029 Oportet
1176 4958 1230 5012 in
1256 4957 1466 5013 sanctis
1490 4956 1800 5011 actionibus
1822 4966 1873 5009 et
1899 4972 2031 5026 ope-

447 5050 602 5103 rihus
629 5050 769 5119 piis?
792 5048 1065 5115 Quantam
1094 5048 1422 5103 charitatem
1456 5047 1723 5102 debemus
1757 5046 2039 5101 obtinere?

449 5149 707 5209 quautam
743 5140 1266 5195 conversationem?
1298 5140 1515 5210 qualem
1550 5139 1819 5195 cursum?
1849 5139 2039 5209 cujus-

468 5234 593 5285 nodi
615 5232 978 5303 diligentiam,
1000 5233 1329 5297 orationem,
1356 5232 1695 5287 cautionem?
1714 5231 1843 5286 Marc
1864 5230 2035 5295 enim,

2135 4594 2236 4648 πού
2272 4597 2304 4666 ἡ
2351 4597 2570 4667 τρυφῆς
2617 4595 2717 4650 ποῦ
2750 4598 2782 4667 ἡ
2814 4598 3151 4661 άπόλαυσις;
3202 4596 3305 4650 ποῦ
3334 4597 3366 4665 ἡ
3415 4595 3686 4664 φαντασία
3714 4614 3731 4663 ;

2135 4686 2238 4740 ποῦ
2267 4689 2300 4757 ἡ
2334 4687 2676 4753 ἁνάπαυσι;;
2712 4687 2814 4740 ποῦ
2842 4691 2870 4741 ὁ
2904 4688 3145 4759 κόμπος;
3183 4687 3287 4741 ποῦ
3325 4687 3393 4740 τὰ
3425 4688 3730 4759 χρήματα;

2136 4777 2237 4830 ποῦ
2267 4780 2301 4849 ἡ
2334 4779 2612 4848 εὐγένεια;
2649 4779 2749 4832 ποῦ
2783 4782 2999 4851 πατήρ;
3036 4780 3140 4833 ποῦ
3171 4783 3387 4852 μήτηρ;
3434 4780 3537 4834 ποῦ
3574 4779 3735 4834 ἁδελ-

2135 4869 2264 4937 (pag;
2303 4871 2387 4934 τίς
2425 4870 2712 4941 δυνήσεται
2743 4870 2950 4924 τούτων
2978 4869 3257 4936 ἐξελέσθαι
3282 4871 3380 4943 τὴν
3416 4871 3522 4924 ὑπὸ
3557 4873 3736 4944 πυρὸς

2136 4957 2499 5028 φλεγομένην,
2534 4960 2627 5010 καὶ
2662 4960 2767 5012 ὑπὸ
2798 4960 3009 5032 πικρῶν
3044 4961 3293 5031 βασάνων
3323 4963 3735 5034 κατεχομένηνς

2137 5049 2357 5103 Τούτων
2412 5049 2589 5113 οὕτως
2625 5052 2959 5122 γινομένων,
3003 5055 3283 5117 ποταποὺς
3329 5053 3413 5108 δεῖ
3464 5054 3740 5126 ὑπάρχειν

2136 5140 2284 5210 ἡμᾶς
2308 5143 2364 5193 ἐν
2391 5142 2576 5210 ἁγίαις
2595 5142 2967 5214 ἀναστροφαῖς
2988 5145 3084 5197 καὶ
3114 5142 3421 5208 εὐσεὸείαις
3442 5159 3457 5209 ;
3482 5146 3741 5213 ποταπὴν

2138 5232 2360 5302 ἀγάπην
2416 5233 2706 5306 ὀφείλομεν
2754 5235 3098 5307 κτήσασθαι;
3160 5236 3413 5306 ποταπὴν
3463 5235 3741 5305 ἁγωγήνς

447 5389 937 5456 ’Psal.uxxvu,7.
974 5390 1387 5458 'lsa.xxvt,l0.
1428 5392 1447 5423 ’
1474 5389 1747 5452 lsa.xxvu,
1773 5393 1857 5446 lO.
1896 5393 2031 5448 "AI.

2133 5393 2421 5461 ευματικά.
2457 5392 2517 5423 ¹⁰¹
2546 5391 2673 5464 Leg.
2701 5398 3000 5458 κατοικεῖς.
3041 5396 3083 5427 ¹¹
3103 5395 3444 5451 Α1,ιιι1ιΙ.καὶ
3464 5397 3739 5465 ἀνάγκης.

519 5552 631 5620 (80)
674 5550 778 5604 Vit.
819 5550 971 5604 Patr.
1006 5567 1077 5616 tv,
1104 5552 1191 5606 6'5.

520 5622 631 5689 (8|)
671 5621 954 5677 Κοπάὸιν.
984 5623 1304 5689 Copalium.
1340 5621 1395 5676 Id
1440 5621 1675 5675 nominis
1704 5638 1827 5674 cum
1863 5624 2029 5675 variis

453 5692 858 5759 ececptionihus
881 5692 1153 5759 explicant
1179 5690 1469 5755 Meursius,
1501 5691 1837 5759 lioswcvdus
1863 5734 1875 5753 ,
1904 5694 2030 5747 Ger-

451 5774 643 5816 manus
660 5767 714 5815 et
742 5758 980 5829 Pettius,
1007 5760 1062 5815 in
1090 5760 1441 5819 Dictiouariis
1466 5763 1602 5819 suis.
1631 5758 1780 5819 Adde
1804 5762 2029 5820 llumel-

2140 5554 2381 5623 Iu-rgium
2436 5552 2503 5605 ad
2537 5553 2819 5622 Apicium;
2880 5553 3271 5609 Casanbonum
3304 5556 3358 5608 iu
3386 5555 3735 5623 Athenarum,-

2138 5622 2763 5698 F‘rontoncjn_l_)uc:eu_m
2808 5625 2877 5678 ad
2919 5625 3271 5698 Palladium;
3316 5641 3527 5698 necnon
3562 5622 3738 5698 llesy4

2139 5695 2345 5820 eligunt,
2399 5693 2650 5761 Suidam,
2686 5693 2933 5765 Glossas,
2976 5694 3045 5751 de
3101 5694 3303 5753 similis
3354 5697 3590 5772 originis
3638 5693 3737 5756 vb-

2139 5779 2187 5820 ei
2238 5781 2314 5820 us.

2139 5779 2314 5820 ClDllS.
