4032 6334
487 361 591 417 203
687 370 689 372 ’

1637 347 1976 409 APPENDIX
2015 345 2105 400 AD
2140 345 2557 408 PALLADIUM.

3622 349 3734 406 203-

489 474 630 531 ravit
679 474 843 527 etiam
896 469 1415 528 hoc:Cbristianus
1447 467 1664 537 quidam
1713 481 1834 521 cum
1885 464 2049 519 Mani-

2165 467 2328 532 τοῦτο,
2361 469 2441 521 ὅτι
2465 467 2790 538 Χριστιανός
2813 485 2915 530 τις,
2953 467 3088 538 μετά
3115 466 3448 536 Μαννιχαίου
3481 465 3522 500 ⁸³
3548 465 3727 521 διαλε-
3760 515 3762 517 .

490 565 643 622 chazo
692 562 761 618 de
813 575 1043 632 corpore
1090 560 1386 620 disserens,
1434 557 1506 610 ita
1557 556 1771 610 locutus
1819 565 1943 610 est:
1980 553 2054 612 Da

494 657 665 726 legem
695 637 934 723 corpori,
960 658 1014 707 et
1043 649 1247 706 videbis
1268 663 1467 716 corpus
1497 647 1564 701 ad
1593 648 1904 702 Creatorem
1930 661 2054 716 per-

495 747 687 800 tinere.
1826 727 1828 734 ⁵

565 836 620 889 5.
670 831 872 886 Eadem
924 830 1118 883 iterum
1165 828 1344 882 dixit:
1378 827 1686 896 Praeceptor
1722 825 1881 881 debet
1935 839 2057 881 esse

496 928 693 996 hospes
728 924 782 978 in
814 936 996 977 amore
1029 921 1370 987 dominandi,
1415 921 1626 977 alienus
1660 921 1728 997 ab
1758 920 1907 974 inani
1942 920 2058 990 glo-

494 1017 600 1080 ria,
633 1014 790 1083 longe
825 1027 856 1066 a
905 1011 1181 1081 superbia,
1216 1028 1314 1082 per
1363 1011 1726 1067 adulationem
1772 1025 1882 1065 non
1917 1010 2058 1064 ludi—

491 1108 612 1164 brio
643 1105 884 1168 habitus,
916 1119 1026 1159 non
1056 1111 1362 1159 excaecatus
1386 1118 1481 1174 per
1502 1103 1664 1167 dona,
1697 1117 1794 1159 nec
1813 1101 2056 1158 devictus

494 1214 523 1252 a
567 1206 776 1262 ventre,
813 1212 922 1252 non
954 1197 1033 1251 ira
1062 1197 1353 1252 detentus:
1383 1195 1478 1252 sed
1523 1195 1762 1266 patiens,
1804 1207 2058 1249 mansue-

491 1301 604 1352 tus,
645 1295 908 1360 quantum
938 1287 1054 1343 fieri
1091 1295 1274 1359 potest
1309 1287 1565 1353 humilis;
1607 1287 1765 1342 debet
1791 1301 1914 1342 esse
1935 1301 2058 1357 pro-

491 1382 594 1436 bus
628 1395 691 1433 ac
723 1380 984 1439 tolerans.
1015 1377 1238 1432 sedulus
1266 1385 1319 1430 et
1354 1382 1564 1429 amator
1587 1375 1914 1432 animarum.

573 1472 624 1526 6.
663 1472 741 1526 Ita
776 1485 970 1524 rursus
1016 1468 1195 1522 locuta
1233 1477 1314 1523 est
1348 1486 1360 1521 :
1393 1465 1578 1535 Neque
1610 1465 1948 1520 monasticus
1982 1466 2058 1519 ri-

492 1578 612 1633 gor,
642 1577 818 1630 neque
841 1558 1055 1629 vigiliae,
1106 1572 1209 1612 nec
1237 1555 1465 1626 quilibet
1502 1555 1656 1610 labor
1692 1556 1919 1610 salutem
1960 1571 2057 1625 pa-

497 1655 604 1720 rit;
639 1653 730 1708 sed
763 1651 878 1706 sola
907 1649 1121 1705 sincera
1149 1647 1446 1701 humilitas.
1477 1645 1605 1700 Erat
1639 1645 1781 1700 enim
1816 1647 2056 1700 anacho-

497 1753 610 1800 reta
633 1743 852 1814 quidam
889 1741 982 1812 qui
1008 1741 1284 1795 daemones
1311 1738 1561 1808 ejiciebat
1583 1781 1596 1804 ,
1631 1748 1684 1792 et
1713 1739 1960 1807 quaesivit
1986 1739 2054 1794 ab

495 1837 604 1891 iis:
638 1836 696 1889 ln
735 1848 970 1904 quonam
1002 1831 1203 1886 exitis?
1238 1829 1294 1884 In
1331 1828 1566 1898 jejunio?
1596 1827 2047 1899 Responderunt:

497 1926 604 1980 Nos
649 1939 825 1994 neque
869 1923 1262 1977 manducamus
1300 1935 1476 1989 neque
1526 1921 1784 1977 bibimus.
1835 1921 1891 1975 ln
1921 1923 2054 1993 vigi—

496 2014 615 2069 liis?
643 2011 904 2066 Dixerunt
937 2028 951 2064 ε
984 2009 1090 2065 Nos
1135 2022 1388 2063 somnum
1424 2021 1534 2060 non
1561 2005 1837 2062 videmus.
1871 2007 1927 2060 In
1961 2021 2051 2062 se-

495 2100 776 2157 cessione?
822 2097 933 2154 Nos
984 2099 1038 2152 in
1092 2094 1478 2151 solitudinibus
1519 2093 1783 2163 degimus.
1833 2094 1890 2148 In
1943 2111 2053 2165 quo

496 2194 664 2265 igitur
706 2188 1068 2262 egredimini?
1110 2187 1453 2257 Exceperunt
1487 2204 1500 2240 :
1533 2185 1676 2240 Nihil
1723 2201 1823 2241 nos
1865 2186 2052 2252 vincit,

493 2281 598 2337 nisi
626 2281 924 2337 humilitas.
953 2279 1147 2335 Cernis
1187 2284 1245 2334 ut
1271 2277 1572 2342 humilitas,
1604 2277 1832 2332 victoria
1869 2278 1941 2334 sit
1970 2278 2056 2334 ad-

497 2386 687 2427 versus
713 2370 1018 2425 daemones?

567 2461 617 2515 7.
656 2458 911 2514 Narratio
952 2474 1171 2530 quoque
1225 2459 1341 2516 haec
1391 2463 1604 2518 exstitit
1645 2461 1838 2515 matris
1881 2459 2058 2514 Theo-

494 2550 840 2608 doraezErat
897 2551 1118 2621 quidam
1170 2553 1512 2620 monachus,
1563 2552 1658 2623 qui
1710 2549 2058 2605 multitudine

495 2643 856 2700 tentationnm
886 2656 1202 2711 oppressus.
1232 2641 1369 2695 dixit
1400 2661 1413 2696 :
1461 2642 1674 2697 Recedo
1715 2641 1864 2695 hinc.
1891 2639 2059 2694 Cum-

492 2749 604 2804 que
654 2741 897 2788 sumeret
947 2731 1190 2786 sandalia
1237 2746 1357 2796 sua,
1405 2733 1541 2787 vidit
1582 2733 1744 2786 alium
1786 2732 2057 2786 hominem

498 2831 804 2880 sumentem
850 2824 1012 2878 etiam
1064 2838 1162 2877 sua
1209 2824 1475 2891 sandalia,
1522 2825 1613 2894 qui
1669 2825 1745 2878 ait
1781 2825 1831 2879 ei
1867 2843 1879 2878 :
1921 2823 2058 2877 Num

499 2921 720 2986 propter
774 2929 860 2970 me
911 2913 1222 2985 egrederis?
1287 2913 1427 2970 Ecce
1465 2929 1792 2985 quocunque
1836 2913 2056 2980 abieris,

499 3019 599 3078 ego
623 3012 677 3060 te
706 3003 1030 3076 praecedam.

951 3112 1286 3184 Principium
1329 3114 1523 3170 litterae
1559 3115 1601 3169 l.

743 3223 820 3281 De
849 3223 1036 3280 abbate
1053 3223 1256 3280 Joanne
1282 3223 1476 3281 Colobo
1511 3228 1614 3282 sive
1645 3227 1830 3284 Curta.

569 3340 621 3395 1.
665 3338 777 3410 (84)
812 3336 1182 3394 Narraverunt
1235 3338 1302 3395 de
1351 3339 1544 3396 abbate
1591 3340 1800 3396 Joanne
1854 3342 2058 3407 Curto,

496 3430 644 3502 quod
672 3430 931 3486 secedens
973 3431 1039 3485 ad
1076 3429 1370 3486 Thebaeum
1401 3447 1586 3488 senem
1613 3433 1668 3487 in
1708 3431 1875 3500 Sceti,
1905 3434 2061 3490 sede-

499 3525 592 3580 bat
637 3525 691 3578 in
721 3523 962 3579 deserto.
1002 3522 1238 3578 Snmens
1286 3530 1467 3578 autem
1495 3524 1614 3593 ejus
1649 3525 1819 3580 abbas
1850 3525 2059 3579 aridum

499 3616 725 3687 lignum,
781 3613 1064 3684 plantavit,
1121 3627 1184 3666 ac
1232 3613 1486 3684 praecepit
1516 3613 1906 3680 reizQuotidie
1957 3615 2062 3670 hoc

502 3705 665 3775 irriga
697 3718 804 3758 una
827 3717 980 3773 aquas
1010 3701 1276 3772 lagenula,
1319 3702 1493 3757 donec
1530 3702 1766 3757 fructum
1793 3704 2063 3774 produxe-

503 3797 593 3852 rit.
625 3794 820 3850 Procul
855 3801 1036 3849 autem
1065 3793 1132 3848 ab
1159 3793 1225 3848 iis
1244 3801 1362 3848 erat
1386 3809 1547 3864 aqua,
1579 3795 1713 3850 adeo
1749 3805 1801 3851 ut
1837 3811 2064 3867 vespere

500 3894 745 3959 pergeret
791 3901 856 3941 ac
910 3900 1067 3940 mane
1115 3893 1501 3941 reverteretur.
1546 3885 1732 3956 Itaque
1777 3898 1900 3958 post
1952 3897 2063 3946 tres

501 3994 674 4035 annos
715 3979 868 4040 vixit,
923 3977 1109 4041 viruit,
1156 3976 1380 4047 protulit
1424 3974 1682 4032 fructum.
1737 3976 1907 4043 Quem
1947 3978 2062 4033 fru-

500 4078 646 4124 ctum
680 4082 843 4122 senex
873 4065 1168 4134 accipiens,
1198 4063 1433 4135 portavit
1459 4064 1526 4118 ad
1554 4065 1862 4129 ecclesiam,
1899 4067 2062 4122 dixit-

500 4173 606 4229 que
650 4156 911 4211 fratribus
944 4173 956 4208 :
987 4153 1199 4208 Sumite
1229 4194 1242 4218 ,
1292 4153 1615 4211 manducate
1655 4155 1890 4210 fructum
1934 4159 2065 4213 obe-

501 4250 735 4307 dientiae.
1682 4248 1684 4250 ’

567 4339 620 4392 2.
673 4339 783 4410 (85)
835 4335 1160 4392 Rcferebant
1218 4336 1285 4390 de
1340 4337 1534 4390 abbate
1617 4336 1823 4393 Joanne
1871 4337 2058 4401 Curto,

2153 559 2383 629 γόμενος
2413 559 2540 628 περὶ
2566 557 2657 611 τοῦ
2692 557 2960 628 σώματος.
2992 554 3144 612 εἶπεν
3176 557 3367 622 οὕτως·
3403 558 3502 623 Δὸς
3528 558 3621 613 τὸν
3643 560 3743 614 νό-

2159 666 2256 720 μον
2280 649 2357 720 τῷ
2383 648 2614 719 σώματι,
2646 651 2740 703 καὶ
2765 650 2891 718 ὄψει
2919 649 2980 702 τὸ
3013 649 3170 721 σῶμα
3195 649 3274 720 τῷ
3299 649 3587 705 πλάσαντι.

2226 833 2287 885 ε’.
2314 826 2448 884 Eine
2471 831 2630 885 πάλιν
2650 832 2683 901 ἠ
2706 828 2863 898 αὐτὴ,
2885 831 2970 883 ὅτι
2989 830 3017 880 6
3037 828 3353 892 διδάσκαλος
3368 827 3571 897 ὀφείλει
3587 822 3732 882 εἶναι

2157 923 2303 988 ξένος
2327 922 2692 994 φιλαρχίας¹⁰,
2721 923 2814 975 καὶ
2842 920 3115 991 ἀλλότριος
3141 918 3463 984 κενοδοξίας,
3507 919 3732 992 μακρὰν

2157 1009 2554 1080 ὑπερηφανίας,
2596 1007 2669 1079 μὴ
2717 1007 2824 1062 ὑπὸ
2853 1007 3138 1070 κολακείας
3178 1007 3600 1078 ἐμπαιζόμενος,
3657 1010 3735 1079 μὴ

2156 1102 2260 1156 ὑπὸ
2286 1102 2472 1170 δώρων
2503 1099 2884 1170 τυφλούμενος,
2908 1099 2981 1170 μὴ
3012 1098 3117 1152 ὑπὸ
3145 1098 3382 1170 γαστρὸς
3405 1099 3732 1170 νικώμενος,

2159 1193 2232 1264 μὴ
2263 1193 2366 1246 ὑπὸ
2385 1192 2553 1264 ὀργῆς
2591 1189 2976 1262 κρατούμενοςσ
3021 1188 3158 1242 ἀλλά
3203 1187 3572 1260 μακρόθυμος,
3606 1191 3736 1242 ἐπι-

2155 1285 2328 1354 εικὴς,
2357 1283 2504 1356 πάσῃ
2534 1284 2577 1314 ’ί
2619 1281 2844 1351 δυνάμει
2873 1280 3270 1352 ταπεινόφρων·
3312 1279 3560 1350 ἐγκριτος
3588 1277 3736 1334 εἶναι

2156 1377 2248 1431 καὶ
2275 1375 2570 1438 ἀνεκτικός·
2613 1373 2964 1444 κηδεμονικὸς
2991 1372 3087 1426 καὶ
3107 1371 3417 1442 φιλόψυχος.

2225 1473 2299 1532 ς’.
2332 1466 2524 1534 Ἔλεγε
2565 1465 2788 1536 πάλινὴ
2831 1463 2987 1536 αὐτὴ,
3025 1464 3106 1517 ὅτι
3149 1463 3250 1517 οὐκ
3302 1464 3557 1534 ἄσκησις,
3605 1462 3735 1516 οὗτε

2155 1557 2450 1630 ἀγρυπνία,
2483 1556 2605 1610 οὔτε
2653 1558 2906 1619 παντοῖος
2937 1554 3098 1619 πόνος
3125 1553 3308 1618 σώζει·
3343 1556 3391 1606 εί
3429 1553 3502 1626 μὴ
3532 1554 3736 1624 γνησία

2155 1647 2639 1720 ταπεινοφροσύνη.
2671 1643 2781 1702 Ἦν
2805 1647 2913 1719 γάρ
2942 1665 3024 1710 τις
3041 1647 3398 1718 ἀναχωρητὴς
3412 1644 3736 1700 ἀπελαύνων

2154 1742 2430 1813 δαίμονας*
2466 1740 2560 1794 καὶ
2608 1736 2866 1809 ἐξήταζεν
2897 1737 3112 1801 αὐτούς·
3165 1738 3252 1790 Ἐν
3283 1737 3388 1790 τίνι
3418 1736 3732 1808 ἐξέρχεσθε,

2159 1837 2216 1888 ἐν
2247 1833 2494 1906 νηστείᾳ;
2544 1831 2650 1884 Kal
2679 1830 2878 1898 ἔλεγον·
2919 1829 3109 1900 Ἡμεῖς
3148 1827 3271 1881 οὔτε
3302 1827 3576 1897 ἐσθίομεν,
3605 1826 3734 1881 οὗτε
3766 1872 3768 1874 τ

2160 1928 2404 1996 πίνομεν.
2445 1925 2533 1978 Ἐν
2561 1921 2862 1994 ἀγρυπνίᾳ;
2895 1921 3008 1974 Kal.
3045 1919 3250 1988 ἔλεγον·
3301 1919 3493 1989 Ἡμεῖς
3524 1919 3584 1972 ού
3613 1935 3735 1972 κοι-

2165 2016 2411 2089 μώμεθα.
2463 2016 2551 2067 Ἐν
2581 2013 2923 2083 ἀναχωρήσει
2953 2011 3235 2081 ⁸²;Ἢμεῖς
3261 2013 3338 2074 εἰς
3364 2011 3463 2073 τὰς
3491 2009 3737 2082 ἐρήμους

2160 2108 2437 2177 διάγομεν.
2479 2104 2568 2157 Ἐν
2607 2103 2712 2157 τίνι
2758 2098 2851 2156 οὖν
2889 2101 3218 2172 ὲξὲρχεσθε;
3250 2101 3360 2154 Kal.
3387 2100 3591 2169 ἔλεγον,
3649 2101 3737 2152 ὅτι

2163 2198 2328 2252 Ούδέν
2352 2199 2498 2268 ἡμᾶς
2514 2197 2657 2267 νικᾷ,
2682 2197 2730 2248 εἰ
2764 2196 2837 2267 μὴ
2858 2193 3346 2265 ταπεινοφροσύνη.
3391 2191 3552 2264 Ὁρᾷς
3586 2194 3668 2246 ὅτι
3698 2196 3734 2263 ὴ

2162 2285 2625 2360 ταπεινοφροσύνῃ
2651 2287 2966 2358 νικητήριον
2991 2287 3108 2338 ἐστι
3143 2285 3412 2356 δαιμόνων
3437 2303 3453 2352 ;

2235 2463 2298 2528 ζ’.
2351 2459 2486 2516 Eius
2525 2461 2684 2515 πάλιν
2725 2463 2757 2531 ἠ
2801 2460 3016 2531 Ἀμμᾶς
3058 2459 3330 2531 Θεοδώρα,
3371 2460 3451 2513 ὅτι
3497 2455 3604 2512 Ἦν
3651 2476 3740 2521 τις

2167 2554 2418 2628 μοναχός·
2450 2555 2544 2608 καὶ
2601 2553 2708 2608 ἀπὸ
2765 2553 3005 2624 πλήθους
3039 2553 3148 2605 τῶν
3203 2551 3525 2622 πειρασμῶν
3563 2551 3736 2619 λέγει·

2176 2645 2402 2714 ’Υπάγω
2433 2644 2604 2699 ἐνθεν.
2638 2644 2748 2697 Kal.
2791 2643 2867 2708 ὡς
2896 2643 3085 2697 ἔϐαλεν
3143 2642 3334 2697 ἑαυτοῦ
3362 2643 3430 2697 τὰ
3458 2642 3769 2706 σανδάλια,’

2165 2735 2267 2806 δρᾷ
2290 2735 2575 2807 ἄνθρωπον
2605 2734 2761 2787 ἄλλον
2785 2733 3044 2803 βάλλοντα
3065 2735 3159 2789 καὶ
3188 2733 3350 2786 αὐτὸν
3380 2731 3450 2786 τὰ
3482 2731 3744 2785 σανδάλια

2167 2824 2351 2891 αὑτοῦ,
2393 2827 2488 2880 καὶ
2518 2824 2744 2893 λέγοντα
2791 2823 2962 2894 αὐτῷ’
3013 2825 3088 2877 Οὐ
3130 2824 3197 2878 δι’
3239 2824 3340 2894 ἐμὲ
3371 2823 3596 2896 ἐξὲρχῃς
3628 2823 3742 2879 ἰδοὺ

2167 2913 2276 2985 ἐγώ
2307 2932 2366 2968 σε
2388 2916 2611 2987 προάγω
2635 2916 2768 2968 ὅπου
2789 2913 2884 2968 ἐὰν
2899 2913 3135 2986 ἀπέρχῃ.
3622 2953 3627 2957 .

2619 3112 2786 3186 Ἀρχὴ
2817 3111 2912 3166 τοῦ
2945 3113 2966 3165 I
2995 3111 3281 3183 στοιχείου.

2265 3215 2416 3300 Περί
2433 3228 2538 3283 τοῦ
2565 3226 2714 3283 ἀϐϐᾶ
2753 3224 3022 3281 Ἰωάννου
3053 3223 3159 3278 τοῦ
3191 3224 3461 3279 Κολοόοῦ
3493 3223 3627 3295 (85).

2230 3351 2300 3398 α’.
2334 3343 2675 3414 Διηγήσαντο
2707 3338 2839 3409 περὶ
2869 3335 2963 3390 τοῦ
3009 3336 3154 3390 ἀϐϐἄ
3195 3335 3442 3390 Ἰωάννου
3471 3333 3565 3388 τοῦ
3587 3334 3745 3387 κολο-

2163 3433 2280 3498 ϐοῦ,
2311 3435 2394 3487 ὅτι
2417 3430 2774 3504 ἀναχωρήσας
2803 3427 2937 3499 πρὸς
2977 3425 3208 3498 Θηϐαῖον
3237 3426 3468 3496 γέροντα
3490 3427 3569 3488 εἰς
3598 3424 3745 3494 Σκῆ-

2162 3545 2266 3593 τιν,
2295 3525 2529 3594 ἐκάθητο
2557 3525 2614 3576 ἐν
2639 3524 2705 3593 τῇ
2737 3523 2945 3593 ἐρήμῳ.
2984 3518 3179 3573 Λαϐὼν
3208 3520 3264 3572 δὲ
3301 3521 3329 3571 6
3351 3506 3523 3579 adea;
3571 3515 3741 3570 αὑτοῦ

2164 3619 2318 3687 ξύλον
2343 3616 2525 3689 ξηρὸν,
2551 3614 2813 3685 ἐφύτευσε
2857 3613 2952 3666 καὶ
2977 3607 3130 3664 εἷπεν
3165 3609 3331 3681 αὐτῷ·
3359 3609 3496 3664 Καθ’
3521 3607 3743 3679 ἡμέραν

2164 3713 2349 3780 πότιζε
2388 3711 2546 3767 τοῦτο
2571 3709 2824 3778 λαγύνιον
2849 3708 3068 3772 ὓδατος,
3094 3707 3199 3771 ἕως
3246 3704 3454 3776 καρπὸν
3501 3705 3740 3770 ποιήσει.

2162 3802 2271 3860 Ἦν
2303 3806 2360 3859 δὲ
2383 3802 2597 3874 μακρὰν
2615 3800 2707 3854 ἀπ’
2737 3799 2916 3852 αὐτῶν
2941 3798 3002 3851 τὸ
3037 3797 3200 3868 ὕδωρ,
3223 3796 3297 3858 ὡς
3327 3795 3432 3848 ἀπὺ
3460 3792 3557 3863 ὀψὲ
3580 3791 3747 3845 ἀπελ-

2165 3896 2275 3950 θεῖν
2315 3893 2409 3948 καὶ
2449 3891 2623 3944 ἐλθεῖν
2668 3889 2834 3959 πρωῒ.
2875 3885 3029 3940 Μετά
3053 3885 3109 3939 δὲ
3141 3883 3265 3955 τρία
3306 3880 3604 3952 ἐτη,ἔζησε
3647 3879 3746 3932 καὶ

2165 3986 2373 4057 καρπὸν
2401 3982 2643 4053 ἐποίησε·
2675 3979 2767 4034 καλ⁸
2811 3977 2989 4032 λαϐὼν
3020 3979 3046 4031 ὁ
3080 3976 3255 4048 γέρων
3276 3975 3367 4027 τὸν
3392 3971 3600 4045 καρπδν
3644 3971 3746 4032 αὺ-

2165 4080 2280 4143 τοῦ,
2324 4078 2553 4148 ἤνεγκεν
2608 4075 2689 4137 είς
2741 4073 2841 4144 τὴν
2894 4068 3206 4140 ἐκκλησίαν,
3245 4067 3416 4137 λέγων
3447 4067 3560 4128 τοῖς
3587 4061 3745 4116 ἀδελ-

2167 4175 2305 4240 φοῖς·
2328 4167 2776 4236 Λάϐετε,φάγετε
2805 4163 3015 4233 καρπὸν
3045 4160 3311 4231 ὑπακοῆς.

2244 4343 2307 4413 β’.
2341 4341 2567 4411 Ἔλεγον
2618 4339 2746 4412 περὶ
2777 4338 2872 4393 τοῦ
2903 4339 3046 4392 ἁϐϐἇ
3081 4337 3328 4392 Ἰωάννου
3371 4335 3463 4390 τοῦ
3495 4335 3743 4404 κολοϐοῦ,

501 4429 645 4498 quod
673 4427 962 4497 aliquando
995 4425 1146 4478 fratri
1178 4441 1277 4478 suo
1306 4427 1495 4494 majori
1528 4428 1722 4482 dixerit
1757 4449 1768 4483 :
1800 4429 2058 4500 Cuperem

2167 4437 2246 4488 ὅτι
2285 4430 2406 4486 εἶπέ
2427 4450 2557 4486 ποτε
2581 4431 2659 4502 τῷ
2689 4431 2901 4502 ἀδελφῷ
2925 4427 3090 4484 αὑτοῦ
3122 4429 3200 4501 τῷ
3240 4428 3556 4504 μειζοτέρῳι·
3588 4426 3750 4483 Ἤθε-

503 4533 624 4574 csse
654 4518 804 4572 curis
837 4531 1058 4580 vacuus,
1090 4514 1234 4570 sicut
1267 4517 1439 4584 angeli
1474 4524 1619 4579 sunt,
1659 4518 1792 4572 nihil
1836 4537 2067 4592 operan-

503 4617 606 4671 tes,
638 4607 730 4663 sed
764 4607 968 4674 absque
998 4604 1399 4660 intermissione
1428 4605 1535 4661 Ι)εο
1568 4609 1887 4666 servientes.
1925 4612 2064 4666 Exu-

503 4710 666 4770 toque
691 4698 872 4769 pallio,
903 4711 1156 4767 egressus
1177 4702 1261 4750 est
1284 4696 1337 4750 in
1360 4697 1727 4755 solitudinem.
1746 4699 1877 4756 Post
1905 4719 2065 4757 unam

503 4798 682 4844 autem
712 4786 1101 4843 hebdomadam
1135 4785 1293 4840 rediit
1319 4786 1384 4839 ad
1418 4786 1635 4842 fratrem
1667 4805 1845 4845 suum.
1894 4788 2067 4863 thue

502 4880 646 4934 fores
686 4879 938 4948 pulsavit,
972 4876 1188 4947 agnovit
1211 4891 1334 4930 eum
1369 4875 1537 4931 frater
1565 4887 1854 4950 antequam
1891 4885 2067 4951 aperi-

501 4977 604 5033 rct,
638 4970 821 5038 aitque
854 4987 868 5022 :
901 4969 984 5023 'l‘u
1015 4967 1139 5036 quis
1176 4967 1272 5022 es?
1309 4966 1607 5038 Respondit
1637 4971 1724 5026 ille
1751 4991 1763 5024 :
1796 4972 1906 5042 Ego
1940 4991 2062 5029 sum

497 5062 735 5117 Joannes
765 5059 930 5114 frater
959 5068 1103 5113 tuus.
1130 5056 1266 5111 Tum
1302 5058 1367 5112 ad
1404 5059 1552 5114 illum
1585 5060 1750 5118 frater
1783 5083 1795 5117 ε
1825 5063 2062 5121 Joannes

569 5218 613 5253 “
645 5217 704 5272 F.
727 5217 1046 5287 Μανιχαίου.
1122 5219 1167 5249 ’⁸
1200 5219 1283 5272 Al.
1315 5219 1674 5292 φιλαργυρίας

567 5331 675 5396 (85)
706 5327 987 5384 Ἰωάννου
1024 5329 1129 5381 τοῦ
1185 5329 1468 5383 Κολοϐοῦ.
1512 5329 1749 5384 Joannes
1792 5330 2051 5393 (Iolobus,

499 5417 593 5458 seu
633 5415 855 5470 parvus,
888 5413 1180 5468 pygrnzrus,
1209 5415 1404 5470 nanus,
1451 5407 1661 5470 curtus,
1697 5399 1897 5470 brevis,
1945 5409 2055 5470 sta-

496 5480 617 5525 tura
634 5467 817 5527 brevi.
851 5467 1075 5523 statura:
1106 5469 1300 5522 brevis.
1343 5469 1623 5536 Appendix
1661 5469 1728 5522 ad
1763 5467 1909 5521 Vitas
1948 5468 2056 5520 Pa-

499 5548 636 5592 trum
683 5555 746 5609 p._
776 5539 900 5602 996,
933 5553 1054 5609 cap.
1092 5538 1196 5590 il:
1245 5538 1492 5609 Dicebant
1537 5540 1710 5609 sancti
1759 5539 1943 5609 Patres
1991 5537 2054 5592 a'e

499 5606 698 5676 sancta
714 5607 935 5671 Joanne,
962 5606 1050 5676 qui
1074 5607 1543 5676 cognominabatur
1560 5606 1743 5671 Colob,
1775 5607 2054 5662 dccurtate

501 5691 600 5746 pro
624 5675 867 5730 Cciobus.
899 5674 1053 5746 Apud
1085 5674 1431 5730 Frilbertnm:

568 5743 961 5798 Joannes-abba
988 5746 1231 5804 parvulas
1270 5755 1496 5806 statura.
1523 5764 1622 5800 non
1650 5743 1945 5800 virtutibus.

1756 5223 1796 5251 ²¹
1837 5221 1919 5273 AI.
1947 5221 2085 5292 ὑπὲρ
2121 5224 2317 5278 πάντα.

2169 4526 2256 4578 λον
2281 4524 2581 4596 ἀμέριμνος
2612 4519 2768 4585 εἶναι,
2804 4522 2879 4585 ὡς
2933 4523 2982 4574 οἱ
3029 4520 3250 4589 ἄγγελοι
3290 4518 3582 4590 ἀμέριμνοί
3612 4520 3745 4581 είσι,

2175 4616 2337 4687 μηδὲν
2371 4613 2748 4684 ἐργαζόμενοι,
2767 4610 2880 4666 ἀλλ’
2909 4610 3265 4673 ἀδιαλείπτως
3284 4608 3630 4682 λατρεύοντες
3665 4607 3750 4679 τῷ

2170 4705 2307 4776 Θεῷ.
2345 4705 2454 4758 Kal
2484 4702 2890 4774 ἀποδυσάμενος
2919 4700 2979 4754 τὸ
3020 4700 3253 4772 ἱμάτιον,
3294 4697 3514 4769 ἐξῆλθεν
3545 4700 3623 4760 είς
3644 4696 3748 4768 τὴν

2171 4796 2390 4867 ἔρημον·
2430 4795 2523 4848 καὶ
2553 4795 2785 4865 ποιήσας
2823 4793 3091 4864 ἑϐδομάδα
3125 4791 3252 4862 μίαν
3300 4790 3430 4860 (86),
3461 4787 3749 4858 avenae:

2172 4887 2307 4957 πρὸς
2337 4887 2423 4939 τὸν
2453 4885 2678 4954 ἀδελφὺν
2725 4883 2910 4939 αὐτοῦ.
2935 4885 3044 4938 Kal
3071 4884 3142 4947 ὼς
3160 4883 3387 4954 ἔκρουσε
3423 4882 3522 4952 τὴν
3552 4879 3747 4950 θύραν,

2171 4978 2479 5047 ὑπήκουσεν
2506 4975 2655 5046 αὐτῷ
2686 4975 2814 5046 πρὶν
2867 4975 3088 5040 ἀνοίξει,
3121 4975 3311 5043 λέγων·
3343 4974 3414 5026 Σὺ
3441 4972 3524 5035 τίς
3556 4967 3637 5035 si;
3679 4970 3745 5023 Ὁ

2167 5068 2221 5121 δὲ
2249 5065 2416 5120 εἶπεν·
2465 5068 2604 5136 Ἐγώ
2624 5070 2739 5138 εἰμι
2754 5069 3004 5138 Ἰωάννης
3029 5069 3056 5121 6
3081 5067 3304 5136 ἀδελφός
3329 5082 3441 5119 σου.
3474 5063 3585 5121 Καὶ
3611 5063 3752 5117 ἀπο-

2394 5226 2437 5254 "
2465 5223 2548 5275 AI.
2577 5223 2742 5277 inser.
2767 5223 2870 5276 ’καὶ
2899 5222 3102 5291 ἔλεγον.

2164 5331 2300 5401 Male
2344 5331 2397 5385 in
2447 5332 2730 5400 Ephraemo
2772 5331 3043 5389 Vossius:
3082 5335 3109 5384 6
3139 5331 3417 5394 Κολόϐιος,
3456 5329 3744 5401 Colobyta,

2162 5400 2411 5522 Qalqlbita
2443 5403 2584 5455 aliis.
2613 5403 2692 5456 Ad
2725 5420 2884 5469 quem
2927 5405 3101 5456 locum
3142 5404 3256 5456 vise
3289 5401 3406 5454 Nili
3445 5400 3750 5457 Rossanen-

2162 5487 2236 5522 διε
2321 5483 2453 5522 itam
2478 5489 2505 5522 a
2535 5472 2863 5522 Carvonhilo
2889 5473 3111 5522 editam.
3147 5487 3201 5522 ι).
3247 5472 3332 5522 78.

2161 5471 2453 5543 sisg_V_ita_rn
2478 5489 2505 5525 a
2535 5472 2863 5543 Caryophilo
2889 5473 3111 5538 editam,
3146 5487 3201 5541 p.
3247 5472 3332 5527 78.

2233 5540 2345 5606 (84)
2391 5540 2497 5594 Vit.
2536 5540 2685 5597 Patr.
2717 5540 2830 5602 xlv.
2860 5544 2912 5596 5.
3148 5540 3152 5541 ⁷
3396 5552 3398 5555 ’

2235 5609 2345 5677 (85)
2396 5609 2502 5665 Vit.
2545 5609 2699 5666 Patr.
2738 5629 2792 5675 χ,
2818 5612 2926 5676 27;
2961 5612 3199 5667 Fulbert.
3228 5609 3263 5663 f.
3299 5609 3421 5664 185.

2256 5680 2346 5750 86)
2377 5681 2487 5733 Kal
2517 5682 2777 5747 ποιήσας
2807 5682 3101 5750 ἑϐδομάδα
3127 5681 3293 5748 μίαν.
3327 5679 3664 5738 Fulbertus:

2263 5749 2441 5818 icptcm
2472 5751 2580 5805 dies
2602 5754 2866 5824 gramineo
2896 5749 2985 5804 nix
3011 5753 3066 5823 (Ἰ.
3100 5751 3204 5823 vix)
3223 5750 3310 5803 ubi
3330 5751 3493 5807 durat
3515 5752 3738 5823 pabula.
