4032 6334
309 383 406 442 ίθδ

1450 383 2071 443 ,ΑΡΟΡΗΤΙΙΕΟΜᾸΤᾹ
2113 387 2416 444 PATRUM.

3442 378 3547 447 eos

256 488 261 491 ’
308 494 506 567 ’κριθεὶς
529 488 683 547 εἶπεν
711 493 881 565 αὐτῷ’
926 493 1179 563 Ἰωάννης
1218 495 1440 564 γέγονεν
1471 499 1721 569 ἄγγελος,
1779 500 1873 554 καὶ

1987 501 2204 572 angelus
2238 501 2419 560 factus
2448 514 2550 569 est,
2585 520 2683 561 nec
2716 507 2951 576 amplius
2997 507 3139 563 inter
3168 506 3418 564 homines
3453 509 3548 564 de-

286 587 397 653 ,ούκ
416 584 499 640 ἐτι
515 586 576 638 ἐν
604 584 916 655 ἀνθρώποις
942 585 1108 639 ἐστίν.
1157 586 1216 639 ’0
1239 587 1296 639 δέ
1322 591 1643 661 παρεκάλει,
1675 590 1872 659 λέγων·

322 680 451 749 Ἐγώ
476 681 614 750 εἰμι.
642 679 756 733 Καὶ
782 677 883 731 οὐκ
910 677 1117 749 ηνοιξεν
1139 679 1311 752 αὐτῷ.
1341 681 1455 736 ἀλλ’
1473 682 1689 754 ἀφῆκεν
1716 682 1878 735 αὐτὸν

311 770 400 836 ἕως
428 769 576 843 πρωῒ
600 768 901 824 θλίϐεσθαι·
937 768 1061 823 ὕστε
1071 786 1161 842 ρον
1187 770 1244 823 δὲ
1274 773 1493 841 ἀνοίξας
1506 773 1676 844 αὐτῷ,
1705 774 1874 842 λέγει·

313 862 618 934 Ἄνθρωπος
646 856 718 927 εἴ,
768 861 957 933 χρείαν
1007 860 1152 932 ἔχεις
1197 863 1361 918 πάλιν
1406 865 1734 937 ἐργάζεσθαι
1790 866 1878 920 ἵνα

310 956 532 1027 τραφῇς.
566 954 679 1009 Καὶ
713 952 873 1007 ἔϐαλε
917 955 1232 1027 μετάνοιαν,
1282 956 1475 1028 λέγων·
1514 959 1878 1032 Συγχωρησόν

313 1060 414 1115 not.

370 1138 435 1202 γ’.
464 1126 636 1187 Εἶπεν
659 1131 688 1184 ὁ
714 1131 889 1197 assa;
926 1132 1183 1204 Ἰωάννης
1203 1134 1233 1187 ό
1268 1133 1511 1203 κολοϐὸς,
1549 1136 1631 1190 ὅτι.
1661 1135 1756 1190 ἐὰν
1792 1135 1879 1190 θε-

309 1225 441 1299 λήσῃ
489 1223 748 1295 βασιλεὺς
796 1223 949 1277 πόλιν
998 1225 1337 1296 παραλαϐεῖν
1379 1226 1609 1299 ἐχθρῶν,
1634 1227 1696 1282 τὸ
1735 1225 1880 1299 ὕδωρ

310 1316 516 1388 πρῶτον
550 1318 743 1388 κρατεῖ
772 1315 866 1370 καὶ
892 1314 991 1388 τὴν
1029 1316 1253 1389 τροφὴν,
1288 1319 1385 1371 καὶ
1410 1317 1584 1382 οὕτως
1605 1319 1656 1373 οἱ
1691 1318 1880 1390 ἐχθροὶ

306 1410 365 1463 ἐκ
392 1407 487 1461 τοῦ
510 1407 671 1480 λιμοῦ
697 1407 1058 1479 ἀπολλύμενοι
1083 1409 1481 1464 ύποτάσσονται
1506 1409 1672 1481 αὐτῷ.
1693 1409 1879 1474 Οὕτως

308 1501 395 1555 καὶ
442 1502 513 1556 τὰ
542 1500 692 1571 παθη
737 1501 836 1572 τῆς
866 1500 1087 1571 σαρκός·
1138 1500 1234 1555 ἐὰν
1268 1503 1326 1554 ἐν
1350 1502 1574 1573 νηστείᾳ
1609 1502 1704 1555 καὶ
1735 1500 1881 1572 λιμῷ

311 1592 687 1663 πολιτεύσηται
727 1592 1031 1664 ἄνθρωπος,
1063 1594 1113 1646 οί
1146 1592 1331 1665 ἐχθροὶ
1363 1593 1743 1661 ἐξασθενοῦσιν
1772 1593 1881 1647 ἀπὸ

306 1686 397 1756 τῆς
425 1684 608 1756 ψυχῆς
636 1683 823 1741 αὐτοῦ.

367 1776 427 1831 δ’.
460 1773 598 1830 Εἷπε
627 1776 812 1841 πάλιν,
841 1777 922 1829 ὅτι
959 1778 988 1829 ό
1017 1774 1410 1849 χορταζόμενος
1448 1778 1542 1830 καὶ
1574 1775 1752 1830 λαλῶν
1781 1792 1876 1846 με·

306 1868 370 1922 τὰ
394 1868 633 1935 παιδίου,
657 1868 760 1939 ήδη
782 1866 1082 1940 ἐπόρνευσε
1114 1866 1194 1939 τῷ
1215 1867 1459 1940 λογισμῷ
1478 1869 1593 1938 μετ’
1620 1868 1805 1922 αὐτοῦ.

369 2051 427 2100 ε’.
462 2041 601 2099 Eius.
649 2043 834 2107 πάλιν,
872 2042 955 2097 ὅτι
1002 2042 1391 2116 ’Δνερχόμενός
1438 2060 1569 2097 ποτε
1612 2044 1712 2117 τὴν
1762 2044 1881 2098 ὁδὸν

306 2139 398 2210 τῆς
426 2138 677 2208 Σκήτεως
710 2135 851 2207 μετὰ
892 2135 991 2205 τῆς
1025 2137 1242 2208 σειρᾶς,
1270 2130 1408 2189 εἶδον
1452 2135 1544 2189 τὸν
1573 2134 1881 2207 καμηλίτην

304 2229 583 2293 λαλῶντα,
622 2229 715 2282 καὶ
746 2226 1001 2282 κινοῦντὰ
1035 2244 1104 2299 με
1133 2228 1214 2291 είς
1255 2226 1447 2297 ὀργήν·
1476 2227 1570 2281 καὶ
1600 2227 1766 2290 ἐάσας
1812 2226 1881 2280 τὰ

306 2321 490 2393 σκεύη.
520 2321 743 2390 ἔφυγον.

370 2420 445 2478 ς’.
480 2413 709 2466 Ἀλλοτε
749 2410 911 2466 πάλιν
944 2413 1024 2476 εἰς
1065 2411 1127 2465 τὸ
1166 2409 1345 2483 θέρος,
1378 2410 1611 2481 ἧκουσεν
1648 2408 1881 2480 ἀδελφοῦ

303 2501 588 2567 λαλοῦντος
727 2500 954 2571 πλησίον
990 2501 1107 2571 μετ’
1140 2501 1330 2571 ὀργῆς,
1366 2501 1458 2555 καὶ
1488 2501 1759 2570 λέγοντος,
1794 2497 1881 2565 Ai,

304 2594 395 2648 καὶ
427 2593 525 2658 σύ;
555 2593 666 2647 Kal
700 2592 868 2655 ἐάσας
906 2591 995 2645 τὸν
1029 2590 1309 2663 θερισμὸν,
1340 2589 1560 2660 ἔφυγεν.
1706 2573 1731 2591 “

368 2683 434 2749 ζ’.
456 2682 814 2753 Εύκαίρησάν
835 2697 980 2744 τινες
1007 2679 1260 2752 γέροντες
1289 2681 1371 2744 εἰς
1396 2680 1591 2749 Σκῆτιν
1614 2679 1884 2741 ἐσθίοντες

308 2774 417 2844 μετ’
438 2772 705 2845 ἀλλήλων
733 2767 803 2843 ἦν
831 2771 889 2825 δὲ
916 2770 1031 2841 μετ’
1052 2770 1231 2823 αὐτῶν
1249 2771 1343 2825 καὶ
1365 2771 1394 2822 ὁ
1418 2770 1592 2833 ἀϐϐἄς
1608 2771 1881 2840 Ἰωάννης.

303 2868 410 2920 Καὶ
433 2867 633 2937 ἀνέστη
655 2882 740 2928 τις
771 2863 1142 2936 πρεσϐύτερος
1168 2864 1339 2933 μέγας
1370 2862 1555 2916 δοῦναι
1580 2862 1642 2916 τὸ
1676 2862 1886 2917 καυχά-

302 2957 413 3012 λιον
434 2958 545 3028 (92)
566 2956 659 3011 τοῦ
693 2955 875 3028 νεροῦ’
909 2956 1004 3010 καὶ
1034 2957 1207 3019 οὐδεὶς
1242 2954 1564 3020 κατεδέξατο
1595 2955 1779 3009 λαϐεῖν
1792 2959 1887 3011 αύ-

305 3050 364 3105 τὲ
416 3050 549 3123 παρ’
586 3046 779 3112 αὑτοῦ,
842 3049 890 3100 εἰ
938 3046 1014 3118 μὴ
1070 3047 1227 3118 μόνος
1265 3045 1515 3116 Ἰωάννης
1562 3049 1591 3100 ὁ
1639 3047 1884 3113 κολοϐός.

1977 592 2074 662 git.
2104 592 2173 646 At
2203 593 2292 649 ille
2316 595 2538 662 orabat,
2574 597 2859 668 proferens
2895 616 2908 652 :
2947 598 3058 671 Ego
3094 613 3235 655 sum.
3269 597 3381 655 Nec
3422 604 3551 670 ape-

1979 684 2123 751 ruit,
2161 686 2256 741 sed
2295 687 2515 758 reliquit
2571 704 2697 743 eum
2728 689 2796 744 ad
2827 700 3105 760 posterum
3144 707 3305 747 mane
3361 689 3554 748 conﬂi-

1979 776 2136 831 ctari.
2172 775 2367 834 Postea
2394 794 2525 834 vero
2552 779 2825 850 aperiens,
2843 781 2963 836 iniit
2992 781 3201 838 :llomo
3226 799 3308 847 es,
3330 798 3554 839 necesse

1978 875 2064 923 est
2089 876 2148 922 nt
2175 869 2373 924 iterum
2402 869 2665 940 opereris,
2694 870 2838 926 unde
2874 872 2989 927 alas
3019 882 3090 928 te.
3124 871 3309 944 Itaque
3338 873 3550 929 veniam

1979 957 2208 1028 supplex
2236 958 2412 1029 petiit,
2439 958 2628 1016 dicens
2656 979 2670 1016 :
2703 960 2928 1031 ignosce
2964 962 3118 1018 mihi.

2050 1140 2104 1194 ὅ.
2139 1139 2256 1209 (87)
2290 1139 2436 1195 Dixit
2473 1141 2644 1198 abbas
2684 1141 2924 1200 Joannes
2953 1144 3156 1202 Curtns
3189 1165 3202 1200 :
3237 1145 3293 1200 Si
3325 1146 3556 1201 voluerit

1981 1229 2281 1301 imperator
2310 1233 2499 1288 urbem
2543 1234 2781 1291 hostium
2815 1250 3121 1307 occupare,
3166 1240 3319 1311 prius
3359 1254 3553 1308 aquam

1979 1329 2036 1377 et
2067 1322 2325 1379 alimenta
2371 1326 2593 1392 retinet,
2628 1326 2817 1396 sicque
2851 1327 3057 1383 inimici
3100 1328 3242 1384 fame
3266 1338 3555 1399 pereuntes

1982 1412 2350 1483 subjiciuntur
2378 1416 2451 1471 ei.
2499 1416 2579 1470 lta
2622 1431 2841 1487 quoque
2880 1417 3109 1474 aliectus
3152 1420 3369 1485 carnis;
3410 1420 3455 1475 si
3501 1420 3555 1474 in

1976 1504 2189 1575 jejunio
2215 1514 2271 1563 et
2296 1505 2438 1563 fame
2474 1508 2639 1562 homo
2668 1508 2884 1574 vixerit,
2921 1510 3128 1565 inimici
3160 1526 3285 1582 erga
3314 1512 3554 1565 animant

1982 1598 2102 1669 ejus
2129 1599 2426 1655 imbecilles
2456 1600 2713 1656 evadunt.

2055 1775 2109 1831 4.
2148 1775 2261 1845 (88)
2300 1775 2445 1832 Dixit
2481 1777 2678 1833 iterum
2712 1795 2727 1831 :
2760 1778 2862 1844 Qui
2901 1785 3055 1833 satur
3087 1787 3200 1844 est,
3234 1788 3285 1833 et
3317 1778 3562 1849 loquitur

1911 1849 1954 1905 Β
1982 1883 2107 1923 cum
2156 1885 2362 1941 puero,
2405 1869 2520 1939 jam
2567 1869 2903 1941 cogitatione
2953 1869 3256 1925 fornicatus
3304 1879 3387 1925 est
3434 1886 3560 1924 cum

1982 1975 2123 2031 ipso.

2053 2052 2106 2107 5.
2145 2050 2258 2123 (89)
2288 2049 2479 2105 Adbuc
2516 2049 2734 2104 retulit:
2761 2049 3081 2105 Ascendens
3111 2049 3405 2121 aliquando
3432 2065 3558 2104 cum

1984 2143 2160 2214 plecta
2192 2157 2291 2214 per
2328 2142 2470 2196 viam
2503 2140 2753 2204 Sceteos,
2790 2140 2990 2195 oﬂ‘endi
3030 2143 3415 2206 camelarinm,
3466 2143 3560 2211 qui

1984 2248 2240 2289 sermone
2283 2247 2384 2288 suo
2426 2247 2514 2288 me
2554 2231 2622 2287 ad
2676 2233 2814 2287 iram
2862 2232 3241 2301 provocabat:
3277 2241 3331 2287 et
3371 2232 3560 2285 relicta

1983 2324 2318 2396 supellectile
2348 2323 2480 2395 fugi.

2054 2414 2109 2470 6.
2149 2415 2264 2486 (90)
2301 2415 2419 2470 Alia
2462 2415 2600 2478 vice,
2632 2429 2757 2468 cum
2798 2421 2963 2468 mstas
2999 2423 3165 2474 esset,
3210 2410 3416 2465 audivit
3452 2411 3561 2465 fra—

1987 2513 2124 2561 trem
2170 2506 2479 2576 loquentem
2513 2520 2579 2558 ex
2622 2503 2701 2557 ira
2741 2503 2989 2572 proximo
3016 2517 3137 2566 suo,
3169 2517 3232 2555 ac
3257 2501 3558 2558 dicentem:

1986 2592 2106 2658 Hei,
2141 2601 2199 2646 tu
2228 2592 2482 2662 quoque?
2515 2589 2580 2644 Et
2605 2591 2794 2645 relicta
2825 2606 3002 2645 messe
3034 2590 3189 2660 fugit.

2059 2682 2109 2736 7.
2146 2682 2259 2753 (9|)
2290 2680 2367 2737 Ex
2390 2683 2504 2736 otio
2529 2688 2796 2737 venerunt
2820 2680 2874 2734 in
2907 2679 3110 2735 Scetim
3135 2681 3355 2751 quidam
3380 2697 3562 2747 senes,

1986 2785 2041 2830 et
2084 2775 2248 2830 simul
2293 2773 2476 2829 cibum
2531 2774 2853 2835 sumebant;
2900 2781 3017 2828 erat
3055 2780 3234 2827 autem
3280 2788 3405 2827 cum
3455 2775 3565 2828 illis

1985 2867 2150 2922 etiam
2178 2866 2350 2921 abbas
2375 2863 2635 2920 Joannes.
2667 2863 2917 2919 Surrexit
2952 2879 3084 2934 ergo
3112 2864 3314 2934 aliquis
3356 2881 3566 2936 magnae

1987 2956 2206 3011 virtutis
2226 2956 2530 3027 presbyter,
2551 2962 2611 3010 ut
2632 2969 2788 3025 aqua:
2814 2969 3042 3009 caucum
3067 2956 3253 3021 daret;
3287 2956 3381 3011 sed
3406 2971 3568 3010 nemo

1989 3049 2161 3103 voluit
2205 3049 2273 3102 ab
2304 3064 2370 3104 eo
2409 3048 2686 3118 accipere,
2728 3049 2835 3103 nisi
2879 3048 3031 3104 solus
3056 3047 3294 3104 Joannes
3329 3048 3558 3105 Curtus.

319 3141 666 3213 Ἐθαύμασαν
706 3134 822 3204 οὖν,
857 3140 954 3193 καὶ
985 3134 1137 3192 εἷπον
1174 3137 1341 3209 αὐτῷ·
1370 3138 1493 3202 Πῶς
1537 3139 1600 3192 σὺ
1636 3142 1886 3211 μικρότεσι

1991 3141 2161 3212 igitur
2189 3140 2444 3195 admirati
2476 3147 2626 3206 sunt,
2657 3139 3020 3209 dixeruntque
3047 3142 3096 3195 ei
3126 3158 3139 3194 :
3174 3139 3461 3207 Quomodo
3505 3151 3565 3195 tu

310 3249 400 3305 ρος
423 3232 561 3295 ὅλως
591 3231 637 3261 ³³
662 3228 760 3294 ὢν,
796 3227 1100 3299 ἐτόλμησας
1136 3226 1547 3297 ύπηρετηθῆναι
1582 3228 1733 3297 παρὰ
1785 3227 1879 3282 τοῦ

310 3322 710 3397 πρεσϐυτέρους
732 3320 845 3376 Καὶ
869 3319 1020 3389 λέγει
1049 3321 1252 3382 αὐτοῖς·
1301 3318 1441 3386 Ἐγὼ
1470 3319 1559 3372 ὅτε
1597 3321 1881 3392 ἐγείρομαι

308 3415 483 3470 δοῦναι
503 3414 565 3467 τὸ
593 3412 906 3483 βαυκάλιον,
930 3410 1105 3483 χαίρω
1136 3410 1230 3463 ἐὰν
1270 3410 1471 3472 πάντες
1507 3410 1765 3472 λάϐωσιν.
1796 3412 1883 3464 ἵνα

312 3504 415 3575 ἔχω
445 3503 653 3574 μισθόν·
677 3501 836 3571 κάγὼ
857 3495 948 3554 οὖν
975 3500 1062 3553 διὰ
1084 3500 1239 3553 τοῦτο
1265 3498 1553 3571 ἐδεξάμην,
1572 3501 1659 3554 ἵνα
1675 3503 1885 3572 ποιήσω

314 3598 454 3669 αὐτῷ
480 3596 691 3669 μισθόνο
735 3595 934 3667 μήπως
956 3592 1196 3664 λυπηθῇ,
1230 3592 1305 3656 ὡς
1336 3592 1559 3663 μηδενὸς
1590 3592 1883 3663 δεξαμένου

315 3692 437 3758 παρ’
457 3687 647 3743 αὐτοῦ.
674 3686 790 3740 Καὶ
827 3684 1002 3739 ταῦτα
1032 3682 1196 3737 αὑτοῦ
1240 3684 1507 3747 εἰπόντος,
1542 3683 1882 3754 ἐθαύμασαν,

316 3783 405 3834 καὶ
428 3779 793 3851 ὠφελήθησαν
830 3778 925 3830 ἐπὶ
952 3780 1019 3849 τῇ
1039 3776 1307 3847 διακρίσει
1330 3775 1515 3829 αὐτοῦ.

376 3968 446 4032 η’.
475 3959 803 4031 Καθημένου
845 3956 1013 4012 αὐτοῦ
1060 3974 1190 4011 ποτε
1220 3955 1526 4029 ἔμπροσθεν
1563 3956 1663 4026 τῆς
1687 3954 1886 4026 ἐκκλη-

315 4053 449 4117 σίας.
480 4051 799 4106 ἐκύκλωσαν
827 4048 990 4103 αὐτὸν
1018 4049 1065 4102 οἱ
1090 4047 1338 4117 ἀδελφοὶ,
1368 4049 1462 4102 καὶ
1492 4046 1753 4117 ἐξήταζον
1786 4046 1886 4099 αὐ-

312 4144 398 4198 τὸν
425 4145 551 4208 τοὺς
586 4142 886 4213 λογισμοὺς
930 4140 1125 4193 αὐτῶν.
1156 4141 1265 4194 Καὶ
1292 4138 1414 4192 ἰδών
1452 4156 1534 4202 τις
1563 4138 1671 4190 τῶν
1697 4137 1886 4208 γερόν-

311 4253 438 4300 των,
470 4236 567 4289 καὶ
593 4231 928 4304 πολεμηθεὶς
957 4232 1036 4296 είς
1064 4229 1276 4300 φθόνον.
1308 4230 1457 4299 λέγει
1488 4228 1655 4300 αύτῷ·
1676 4229 1749 4282 Τὸ
1767 4229 1889 4300 βαυ-

313 4327 494 4383 ιάλιόν
529 4343 647 4392 σου,
692 4325 936 4394 Ἰωάννη,
961 4322 1252 4395 φάρμακον
1287 4322 1335 4354 ’⁵
1366 4322 1547 4393 γέμει.
1588 4322 1753 4391 Λέγει
1792 4323 1890 4375 αύ-

313 4420 385 4489 τῷ
407 4421 432 4473 ό
456 4417 633 4481 ἀϐϐἆς
673 4416 951 4484 ’Ῑωάννηςθ
990 4413 1176 4479 Οὕτως
1210 4413 1379 4480 ἐστὶν,
1415 4413 1576 4467 ἁϐϐᾶ·
1615 4414 1889 4467 καὶτοῦτο

315 4503 489 4574 εἶπας,
524 4510 608 4563 ὅτι
641 4506 712 4561 τὰ
759 4504 864 4570 ἔξω
897 4504 1113 4575 βλέπεις
1144 4504 1321 4574 μόνον·
1357 4506 1406 4558 εί
1436 4505 1493 4558 δὲ
1549 4503 1774 4568 ἐϐλεπες
1822 4504 1887 4558 τὰ
1926 4530 1967 4584 υ

315 4600 437 4663 ἔσω,
454 4600 505 4654 τί
528 4599 676 4670 εἶχες
694 4599 871 4652 εἰπεῖν
889 4612 905 4661 ;

381 4690 445 4744 θ’.
485 4691 716 4759 Ἔλεγον
754 4690 804 4742 οἱ
851 4686 1116 4758 Πατέρες,
1157 4685 1239 4739 ὅτι
1264 4685 1553 4739 ἐσθιόντων
1594 4686 1723 4739 ποτὲ
1785 4684 1893 4738 τῶν

318 4776 559 4846 ἀδελφῶν
589 4779 648 4830 ἐν
683 4776 897 4847 ἀγάπῃ,
954 4773 1213 4841 ἐγέλασεν
1249 4768 1329 4837 εἷς
1381 4774 1608 4844 assae»;
1655 4776 1748 4827 ἐπὶ
1795 4774 1893 4847 τῆς

317 4868 609 4940 τραπέζης.
642 4868 754 4921 Καὶ
786 4865 911 4920 ἰδὼν
928 4865 1091 4918 αὑτὸν
1120 4866 1149 4918 ὁ
1177 4865 1350 4930 assa;
1393 4866 1667 4936 Ἰωάννης,
1696 4865 1891 4918 ἔκλαυ-

321 4973 397 5023 cc,
424 4959 618 5029 λέγων’
651 4958 717 5013 Τί
745 4958 856 5028 ἄρα
883 4957 996 5027 ἔχει
1020 4957 1049 5008 ό
1086 4955 1311 5025 ἀδελφὸς
1343 4949 1495 5020 οὗτος
1524 4959 1581 5011 ὲν
1603 4959 1668 5028 τῇ
1698 4957 1894 5029 καρδίᾳ

354 5114 359 5119 Ι
386 5135 428 5167 ³³
455 5134 540 5189 Al.
572 5134 814 5188 πάντων.
850 5130 952 5185 An.
982 5131 1150 5185 ὄλωνῖ
1212 5131 1257 5163 ³⁵
1291 5129 1349 5186 F.
1375 5131 1687 5203 φαρμάκου.

386 5284 493 5356 (87)
531 5286 645 5342 Vit.
670 5285 824 5341 Patr.
855 5302 928 5347 tv,
960 5285 1045 5349 l9.

387 5355 493 5427 (88)
524 5356 589 5411 In
629 5356 879 5427 Ephru’m
912 5373 963 5424 p.
996 5355 1122 5427 587.

388 5425 492 5497 (89)
528 5427 632 5482 Vit.
670 5426 827 5479 Patr.
862 5442 935 5482 tv.
966 5425 1056 5477 ‘20.

389 5495 493 5564 (90')
529 5497 766 5567 Append.
805 5511 859 5565 p.
894 5497 1053 5567 ιοιιᾷ,
1086 5512 1139 5550 n.
1172 5495 1258 5551 15.

388 5566 492 5636 (9t)
528 5564 636 5622 Vit.
679 5564 839 5636 Patr.
873 5582 925 5625 κ,
956 5564 1047 5616 as.

386 5631 489 5705 (92)
529 5639 597 5693 Td
630 5634 994 5705 xavxa'Jtor,
1035 5651 1250 5705 caurus.
1290 5632 1544 5705 Historia
1577 5631 1885 5705 translatio-

321 5701 402 5762 nis
433 5701 487 5763 S.
516 5705 850 5766 Stremonii,
883 5704 934 5758 in
971 5704 1124 5759 Actis
1152 5704 1477 5759 Sant‘lm'uttt
1516 5701 1893 5755 Benedictum-

314 5787 428 5834 rum
457 5780 659 5837 saeculo
714 5789 805 5839 ιιι,
834 5789 888 5844 p.
925 5788 983 5839 ιι,
1028 5789 1079 5843 p.
1118 5774 1262 5829 192-.
1311 5773 1407 5827 [ιιι
1464 5788 1557 5839 μισ
1617 5772 1896 5825 rererrntia

1990 3247 2115 3286 cum
2163 3233 2240 3288 sis
2287 3232 2533 3287 omnium
2570 3233 2854 3296 minimus,
2895 3247 3064 3287 ausus
3107 3248 3168 3289 es
3201 3234 3565 3290 ministerium

1991 3320 2296 3392 presbyteri
2342 3320 2671 3376 admittere?
2706 3320 2794 3373 Ait
2825 3320 2932 3375 illis
2961 3338 2972 3373 :
3006 3318 3119 3389 Ego
3150 3324 3368 3391 quando
3399 3336 3567 3393 surgo

1991 3409 2058 3463 ad
2086 3410 2326 3465 dandum
2364 3411 2624 3475 baucale,
2666 3411 2875 3481 gaudeo
2903 3410 2948 3465 si
2983 3412 3165 3465 cuncti
3210 3413 3565 3482 sumpserint,

1993 3507 2052 3553 ut
2092 3501 2398 3557 mercedem
2436 3502 2682 3572 capiam;
2715 3508 3004 3571 propterea
3045 3516 3176 3572 ergo
3215 3501 3421 3572 accepi,
3457 3516 3569 3572 quo

1991 3592 2040 3646 ei
2090 3592 2357 3648 mercedis
2395 3607 2561 3648 causa
2605 3593 2958 3657 exsisterem;
3008 3608 3076 3645 ne
3129 3592 3347 3647 tristitia
3393 3591 3569 3647 allice-

1994 3691 2166 3749 retur,
2199 3684 2344 3754 quod
2376 3685 2559 3739 nullus
2589 3684 2657 3740 ab
2696 3684 2817 3753 ipso
2844 3684 3199 3752 suscepisset.
3228 3682 3440 3749 Quibus
3472 3699 3571 3755 per

1994 3775 2146 3828 illum
2177 3775 2566 3843 pronuntiatis,
2593 3775 2775 3829 mirati
2811 3782 2961 3837 sunt,
2986 3788 3196 3827 necnon
3223 3774 3569 3843 profecerunt

1992 3882 2057 3921 cx
2089 3866 2209 3936 ejus
2239 3866 2589 3920 discretione.

2065 3956 2119 4011 8.
2157 3959 2269 4026 (95)
2307 3956 2444 4011 Cum
2481 3956 2693 4011 sederet
2722 3954 2960 4026 quodam
2989 3956 3078 4012 die
3108 3964 3234 4011 ante
3256 3958 3567 4019 ecclesiam.

1995 4045 2193 4103 fratres
2217 4047 2694 4102 circumdederunt
2720 4061 2869 4114 eum,
2899 4049 3366 4119 exquirebantque
3386 4048 3453 4103 de
3475 4064 3571 4102 co-

1995 4136 2349 4207 gitationibus
2381 4138 2519 4193 suis.
2550 4137 2705 4203 Quod
2742 4153 2976 4194 cernens
3006 4152 3037 4194 e
3067 4139 3291 4194 senibus
3322 4138 3565 4208 quidam.

1995 4227 2198 4282 invidia
2237 4229 2498 4299 agitatus,
2535 4228 2672 4283 dixit
2700 4228 2749 4285 ei
2780 4247 2793 4284 :
2821 4228 3055 4284 Baucale
3099 4237 3274 4294 tuum,
3307 4226 3566 4291 Joannes.

1994 4335 2206 4375 veneno
2235 4321 2451 4389 plenum
2490 4328 2594 4375 cst.
2632 4319 2935 4391 Respondit
2964 4320 3134 4376 abbas
3173 4319 3417 4375 Joannes
3446 4338 3460 4374 :
3495 4321 3568 4375 Ita

1998 4410 2190 4473 habet,
2232 4411 2402 4471 abba;
2447 4418 2610 4482 atque
2643 4412 2723 4467 sic
2766 4412 2980 4466 locutus
3009 4426 3100 4477 es,
3148 4411 3405 4481 quoniam
3453 4412 3568 4465 sola

1995 4502 2265 4555 exteriora
2288 4500 2594 4571 conspicis;
2624 4504 2669 4555 si
2693 4509 2871 4556 autem
2896 4500 3110 4556 videres
3134 4501 3416 4563 interiora,
3438 4501 3569 4571 quid

1995 4592 2226 4646 haberes
2263 4592 2476 4661 eloqui?
2890 4609 2893 4613 ‘

2066 4681 2119 4736 9.
2153 4682 2264 4753 (94)
2307 4682 2611 4738 Narrabant
2657 4680 2878 4747 Patres,
2920 4683 3063 4752 quod
3113 4682 3573 4738 manducantibus

1997 4773 2290 4845 aliquando
2336 4774 2599 4829 fratribus
2625 4774 2678 4827 in
2710 4789 2896 4844 agape,
2921 4790 3064 4829 unus
3090 4789 3152 4828 ex
3188 4775 3297 4828 illis
3327 4774 3393 4827 ad
3423 4788 3573 4828 men-

1998 4880 2113 4918 sam
2152 4866 2290 4920 risit.
2333 4864 2501 4931 Quem
2548 4865 2776 4922 iutuitus
2813 4864 2983 4920 abbas
3017 4864 3277 4927 Joannes,
3321 4865 3603 4935 ploravit,~

1999 4957 2239 5026 dixitque
2268 4978 2278 5010 :
2314 4958 2582 5023 Quidnam
2631 4958 2793 5013 corde
2820 4958 2953 5027 gerit
2994 4958 3158 5012 frater
3191 4957 3300 5023 hic,
3327 4956 3468 5026 quod
3500 4956 3573 5010 ri-

1999 5282 2133 5334 betztt
2173 5283 2427 5349 martyris
2456 5282 2686 5350 plurima
2733 5282 2941 5350 reliquit
2972 5282 3219 5349 insignia.
3255 5280 3455 5350 scilicet
3482 5295 3571 5331 ra—

1997 5357 2119 5404 rhos
2155 5348 2515 5419 crystallinas.
2550 5363 2594 5404 et
2622 5353 2819 5418 lapides
2843 5348 3131 5416 pretiosos,
3157 5362 3205 5403 et
3247 5351 3365 5400 (turi
3401 5348 3569 5414 pluri-

1998 5438 2161 5479 mum,
2193 5423 2255 5472 ιικ
2286 5438 2385 5491 quo
2410 5424 2552 5489 [ierat
2587 5440 2694 5479 rus,
2730 5423 2780 5474 in
2821 5439 2919 5488 quo
2952 5436 3138 5487 corpus
3175 5420 3311 5471 beati
3349 5419 3568 5470 {lustre-

1998 5493 2159 5545 monii
2209 5494 2593 5545 reconderetur.
2628 5491 2785 5544 Forte
2838 5492 2938 5560 ιυεε.
2971 5505 3181 5551 caucos,
3218 5501 3413 5542 nomen
3452 5501 3573 5557 per-

1997 5563 2295 5625 vulgatum.

2070 5632 2178 5688 (95)
2227 5632 2330 5682 Vit.
2374 5630 2520 5682 Patr.
2560 5646 2663 5682 xvi.

2073 5701 2180 5769 (9'5)
2227 5700 2325 5751 i’il.
2368 5701 2514 5753 Patr.
2556 5717 2634 5759 ιιι,
2662 5699 2714 5751 6.
