4032 6334
420 402 522 456 9.θῖ

1587 387 1807 442 ΑΡΡΕΝ
1819 385 1931 440 DIX
1971 385 2061 440 AD
2105 381 2522 440 PALLADIUM.

3588 375 3694 430 203

423 521 586 584 serit,
619 534 742 574 cum
791 517 973 588 potius
1009 513 1286 570 debuisset
1330 509 1474 570 ﬂete,
1513 508 1604 578 qui
1653 520 1858 578 agapen
1907 520 1998 558 co-

2132 500 2288 564 ιῦτοῦ,
2341 501 2422 553 ὅτι
2471 498 2748 568 ἐγέλασεν,
2795 496 3025 566 ὀφείλων
3075 494 3275 566 μᾶλλον
3325 491 3578 558 κλαῦσαι,
3615 493 3698 549 ἔτι

423 613 606 762 meiat:t
623 612 734 778 ('95)
769 703 1000 771 Quidam
1042 715 1070 754 e
1103 696 1366 752 fratribus
1403 703 1669 751 venerunt
1713 690 2006 763 aliquando

429 809 488 856 ut
518 804 791 856 tentarent
817 811 977 859 eum;
1005 788 1447 863 quandoquidem
1480 803 1589 842 non
1616 784 1828 842 sinebat
1855 799 2004 839 men-

429 903 538 950 tem
572 905 726 947 suam
754 885 990 958 evagari,
1021 896 1122 937 nec
1148 880 1216 937 de
1246 880 1359 936 ullo
1382 877 1569 935 saeculi
1599 875 1765 946 hujus
1791 874 2008 946 negotio

427 980 779 1054 loquebatur;
817 984 870 1032 et
899 975 1052 1028 aiunt
1080 971 1130 1027 ei
1160 991 1173 1026 :
1200 970 1416 1026 Gratias
1445 969 1657 1039 agimus
1689 966 1819 1032 Deo,
1860 964 2004 1037 quod

403 1075 533 1147 )‘ioc
562 1086 704 1126 anno
733 1068 933 1140 piuerit
968 1065 1223 1128 multum,
1257 1069 1312 1118 ct
1340 1060 1533 1130 palmas
1567 1059 1850 1130 adaquatze
1875 1055 2007 1123 sint,

443 1169 788 1234 :mittantque
827 1159 1094 1232 germina,
1133 1167 1296 1228 atque
1339 1151 1608 1210 inventuri
1651 1151 1764 1206 sint
1812 1149 2008 1204 fratres

439 1272 534 1328 ιιιο
580 1269 679 1326 pro
721 1265 871 1306 more
923 1248 1175 1304 manibus
1219 1252 1532 1315 operentur.
1577 1239 1881 1310 Respondit
1928 1239 2010 1294 eis

437 1348 594 1402 ilrbas
630 1343 871 1400 Joannes
905 1360 919 1396 :
960 1340 1038 1395 Ita
1083 1349 1168 1395 est
1198 1337 1436 1408 Spiritus
1478 1344 1702 1390 sanctus
1736 1349 1750 1386 :
1791 1329 2010 1400 quando

432 1437 771 1497 descenderit
799 1437 854 1491 in
885 1433 1050 1490 corda
1080 1432 1382 1492 hominum,
1421 1435 1778 1488 renovantur,
1811 1431 1867 1479 et
1890 1436 2012 1494 ger-

429 1532 574 1587 mina
613 1529 896 1600 proferunt
930 1527 986 1580 in
1022 1527 1218 1578 timore
1247 1520 1361 1576 Dei.

504 1623 591 1678 Η.
630 1621 740 1692 (96)
783 1619 858 1674 De
883 1632 948 1674 eo
982 1614 1254 1677 dicebant,
1289 1611 1434 1683 quod
1463 1609 1696 1666 texuerit
1718 1606 2012 1681 aliquando

432 1715 664 1784 plectam
693 1712 925 1767 duarum
961 1712 1297 1778 sportarum,
1335 1717 1565 1772 eamque
1605 1715 1713 1755 una
1743 1700 1798 1753 in
1825 1707 2012 1769 sporta

433 1805 770 1863 conficienda
802 1800 1236 1871 consumpserit,
1271 1813 1370 1852 nec
1415 1795 1708 1850 adverterit
1752 1803 2010 1855 mentem,

2109 596 2330 664 ἀγάπην
2357 591 2525 645 ἐσθίει
2547 610 2564 661 ;

2182 693 2233 741 ι’.
2259 681 2466 738 Ἦλθόν
2489 682 2619 736 ποτέ
2646 697 2790 745 τινες
2821 681 2931 734 τῶν
2969 679 3212 750 ἀδελφῶν
3229 678 3488 752 πειράσαι
3513 677 3698 732 αὐτόν’

2107 780 2189 833 ὅτι
2218 778 2318 832 οὐκ
2351 778 2481 849 ῆφιε
2508 775 2600 830 τὸν
2630 773 2890 846 λογισμὸν
2930 771 3095 826 αὐτοῦ
3130 769 3529 844 ρεμϐασθῆναι,
3577 769 3704 824 οὐδὲ

2108 871 2286 924 ἐλάλει
2304 871 2538 942 πρᾶγμα
2558 867 2651 921 τοῦ
2681 853 2874 930 αἰῶνος
2899 865 3110 919 τούτου⁹
3127 863 3224 918 καὶ
3255 863 3503 932 λέγουσιν
3525 862 3699 933 αὐτῷ·

2109 961 2559 1034 Εὐχάριστοῦμεν
2589 959 2667 1032 τῷ
2700 958 2842 1030 Θεῷ,
2865 958 2949 1012 ὅτι
2985 957 3206 1030 ἔϐρεξεν
3240 956 3329 1010 ἐπ’
3361 956 3481 1020 ἔτος
3505 954 3704 1021 πολλὰ,

2110 1057 2204 1108 καὶ
2234 1054 2386 1107 ἔπιον
2424 1056 2473 1107 οί
2505 1052 2768 1122 φοίνικες,
2799 1052 2893 1104 καὶ⁵
2920 1049 3244 1105 ἐκϐάλλουσι
3289 1048 3577 1112 λευκάδας,
3609 1048 3706 1101 καὶ

2109 1147 2454 1218 εὑρίσκουσιν
2507 1145 2556 1197 οί
2606 1143 2826 1213 ἀδελφοὶ
2871 1143 2931 1197 τὸ
2957 1143 3272 1215 ἐργόχειρον
3305 1140 3504 1196 αὐτῶν.
3540 1140 3708 1210 Λέγει

2111 1237 2295 1300 αὐτοῖς
2321 1236 2350 1288 6
2398 1235 2577 1298 ἀϐϐἄς
2617 1233 2889 1306 Ἰωάννηςο
2917 1231 3107 1298 Οὕτως
3133 1233 3252 1286 ἐστὶ
3281 1232 3343 1285 τὸ
3390 1229 3618 1302 Πνεῦμα
3641 1227 3709 1283 τὺ

2111 1328 2285 1398 ἅγιον·
2314 1327 2440 1380 ὅταν
2469 1326 2684 1398 καταϐῇ
2714 1327 2794 1390 είς
2819 1325 2918 1390 τάς
2937 1325 3166 1398 καρδίας
3189 1324 3296 1379 τῶν
3316 1321 3622 1395 ἀνθρώπων
3633 1318 3708 1386 ⁸⁵,

2111 1419 2481 1485 ἀνανεοῦνται,
2521 1420 2615 1474 καὶ
2637 1419 2958 1473 ἐκϐάλλουσι
2979 1418 3243 1483 λευκάδας
3260 1419 3318 1471 ἐν
3337 1415 3415 1488 τῷ
3435 1413 3587 1486 φόϐῳ
3610 1409 3710 1467 τοῦ

2111 1511 2265 1569 Θεοῦ.

2185 1613 2278 1661 ια’.
2307 1606 2538 1676 Ἔλεγον
2585 1607 2714 1677 περὶ
2747 1605 2938 1671 αὑτοῦ,
2974 1605 3055 1659 ὅτι
3107 1605 3298 1672 ἕπλεξέ
3333 1623 3461 1660 ποτε
3516 1609 3708 1680 σειρὰν

2113 1699 2206 1754 δύο
2234 1698 2531 1770 σπυρίδων,
2560 1697 2652 1751 καὶ
2692 1697 2930 1769 ἐρῥαψεν
2974 1697 3144 1769 αὐτὴν
3176 1699 3304 1769 μίαν
3324 1700 3580 1771 σπυρίδα,
3611 1701 3710 1756 καὶ

2114 1792 2213 1843 οὐκ
2241 1791 2490 1861 ἐνόησεν,
2525 1789 2630 1854 ἐως
2659 1789 3000 1861 προσήγγισε
3048 1789 3126 1859 τῷ
3157 1789 3343 1861 τοίχῳ.
3377 1784 3485 1844 Ἦν
3513 1791 3621 1863 γάρ
3676 1793 3711 1847 6

435 1901 611 1953 donec
647 1895 836 1967 parieti
871 1891 1384 1964 apprOpinquasset.
1414 1889 1542 1958 Ejus
1567 1889 1767 1960 quippe
1796 1889 2012 1942 animus

2132 1882 2374 1953 ’.ογισμὸς
2391 1881 2558 1935 αὑτοῦ
2582 1879 2858 1952 σχολάζων
2889 1883 2954 1953 τῇ
2986 1881 3234 1955 θεωρίᾳ.

437 1990 664 2045 vacabat
692 1984 1162 2056 contemplationi.

508 2081 595 2137 12.
629 2080 740 2149 (97)
778 2078 924 2133 Dixit
955 2078 1125 2132 abbas
1157 2075 1398 2130 Joannes
1430 2094 1442 2130 :
1483 2073 1690 2128 Similis
1739 2089 1860 2129 sum
1911 2073 2010 2126 ho-

440 2175 570 2230 mini
603 2171 815 2230 sedenti
849 2170 953 2227 sub
985 2184 1180 2240 magna
1215 2167 1433 2230 arbore,
1469 2181 1533 2220 ac
1567 2167 1834 2236 spectanti
1873 2165 2016 2220 feras

439 2265 637 2322 multas
675 2271 730 2320 et
753 2268 1039 2332 serpentes
1079 2259 1362 2314 venientes
1387 2257 1454 2312 ad
1485 2273 1580 2321 se;
1611 2257 1704 2326 qni
1746 2265 1893 2312 stare
1922 2257 2016 2311 ad-

439 2372 634 2413 versus
662 2369 786 2410 cum
823 2352 1164 2423 nequiverit,
1199 2349 1489 2417 confestim
1531 2349 1778 2404 ascendit
1822 2349 1878 2403 in
1923 2363 2015 2402 ar-

439 2448 647 2511 borem,
683 2460 748 2500 ac
786 2453 1057 2500 servatur.
1094 2441 1170 2496 Ita
1209 2440 1372 2496 etiam
1415 2455 1553 2510 ego;
1586 2438 1751 2496 sedeo
1792 2439 1845 2493 in
1880 2437 2018 2494 cella

441 2551 592 2604 mea;
645 2534 931 2604 conspicio
977 2531 1147 2586 malas
1195 2528 1557 2600 cogitationes
1612 2528 1880 2582 adversus
1933 2542 2020 2582 me

440 2625 823 2693 insurgentes;
883 2633 1122 2688 cumque
1186 2632 1296 2672 non
1354 2617 1577 2670 valuero
1627 2624 1818 2671 contra
1875 2614 2020 2678 illas,

442 2713 508 2768 ad
559 2711 726 2766 Deum
770 2724 866 2781 per
909 2723 1100 2779 preces
1146 2707 1424 2777 confugio,
1471 2707 1659 2776 sicque
1697 2706 1767 2760 ab
1799 2704 2021 2760 inimico

441 2802 665 2873 eripior.

515 2893 603 2948 i3.
638 2891 750 2964 (98)
787 2891 990 2948 Retulit
1033 2891 1204 2948 abbas
1235 2891 1456 2947 Poemen
1485 2891 1552 2946 de
1595 2891 1789 2947 abbate
1813 2888 2024 2944 Joanne

443 2987 671 3054 Colobo,
698 2985 844 3059 quod
874 2986 1052 3040 oravit
1094 2985 1286 3050 Deum,
1318 2994 1372 3041 et
1421 2986 1623 3042 sublati
1673 2987 1742 3041 ab
1787 3002 1852 3041 eo
1896 2995 2025 3042 sunt

446 3077 694 3143 allectus,
715 3076 1031 3146 exstititque
1060 3076 1179 3132 sine
1209 3075 1596 3132 sollicitudine.
1616 3075 1755 3131 Tum
1791 3075 1925 3131 abiit
1954 3075 2024 3130 ad

2190 2059 2278 2131 ιβ’.
2313 2054 2482 2113 Εἶπεν
2521 2061 2548 2114 6
2581 2058 2758 2122 άϐϐᾶς
2798 2058 3071 2132 Ἰωάννης,
3095 2060 3177 2114 ὅτι
3212 2061 3438 2133 Ὄμοιός
3476 2064 3590 2134 ειμι
3617 2065 3712 2118 άν-

2117 2150 2145 2203 θ
2152 2149 2320 2222 ρώπῳ
2334 2149 2630 2222 καθημένῳ
2657 2149 2917 2204 ὑποκάτω
2937 2148 3153 2221 δένδρου
3184 2151 3444 2222 μεγάλου,
3469 2154 3566 2208 καὶ
3582 2137 3716 2208 θεωῖ

2120 2242 2301 2314 ροῦντι
2331 2241 2495 2314 θηρία
2511 2241 2682 2295 πολλά
2712 2242 2807 2294 καὶ
2835 2242 3043 2314 ἐρπετά
3069 2242 3340 2314 ἐρχόμενα
3363 2243 3498 2316 πρὸς
3521 2244 3708 2300 αὐτόν·

2120 2336 2212 2388 καὶ
2241 2336 2369 2388 ὅταν
2403 2335 2478 2406 μὴ
2526 2334 2729 2406 δυνηθῇ
2767 2334 2961 2404 στῆναι
2995 2334 3116 2388 κατ’
3149 2335 3351 2400 αὐτῶν,
3385 2337 3565 2409 τρέχει
3597 2338 3713 2393 ἄνω

2119 2429 2201 2490 είς
2220 2427 2280 2480 τὸ
2302 2426 2538 2498 δένδρον,
2568 2426 2664 2480 καὶ
2693 2423 2949 2490 σώζεται.
2980 2424 3168 2490 Οὕτως
3197 2427 3376 2496 κέιγὼ⁹
3406 2426 3712 2498 καθέζομαι

2121 2521 2178 2572 ἐν
2201 2518 2277 2589 τῷ
2298 2518 2492 2588 κελλίῳ
2512 2535 2636 2590 μου,
2653 2518 2747 2571 καὶ
2772 2517 2962 2591 θεωρῶ
2987 2519 3115 2583 τοὺς
3132 2520 3400 2591 πονηροὺς
3417 2518 3716 2590 λογισμοὺς

2123 2611 2310 2665 ἐπάνω
2342 2628 2464 2682 μου·
2497 2611 2590 2662 καὶ
2619 2611 2708 2662 ὅτε
2749 2609 2822 2680 μὴ
2880 2611 3084 2680 ίσχύσω
3124 2611 3263 2684 πρὸς
3296 2613 3514 2677 αὐτοὺς,
3543 2629 3716 2665 κατα-

2123 2701 2312 2770 φεύγω
2342 2702 2475 2774 πρὸς
2504 2701 2596 2754 τὸν
2630 2700 2764 2754 Θεὸν
2788 2700 2875 2754 διά
2927 2703 3029 2773 τῆς
3061 2705 3392 2776 προσευχῆς,
3419 2707 3514 2761 καὶ
3539 2705 3716 2773 σώζοη

2127 2811 2224 2865 μαι
2256 2796 2318 2846 ἐκ
2343 2795 2437 2847 τοῦ
2469 2795 2691 2867 ἐχθροῦ.

2196 2893 2285 2954 ιγ’.
2323 2883 2491 2942 Εἶπεν
2519 2891 2547 2942 6
2575 2890 2749 2954 ἁϐϐἇς
2779 2890 2992 2962 Ποιμὴν
3015 2891 3142 2965 περὶ
3157 2890 3250 2945 τοῦ
3281 2891 3428 2945 άϐϐἄ
3461 2892 3718 2946 Ἰωάννου

2124 2975 2220 3030 τοῦ
2253 2977 2497 3044 κολοϐοῦ,
2525 2980 2607 3034 ὅτι
2630 2983 2972 3054 παρεκάλεσε
3003 2983 3094 3037 τὸν
3124 2984 3280 3047 Θεὸν,
3317 2985 3410 3037 καὶ
3439 2983 3581 3056 ῆροη
3647 2984 3720 3038 τὰ

2127 3071 2276 3144 πάθη
2303 3073 2398 3125 ἀπ’
2421 3073 2608 3140 αὐτοῦ,
2657 3077 2752 3128 καὶ
2783 3076 3007 3145 γέγονεν
3047 3076 3381 3148 άμέριμνος.
3409 3078 3520 3132 Καὶ
3549 3079 3722 3131 ἀπελο

446 3169 735 3242 quemdam
769 3183 976 3232 senem,
1029 3167 1117 3222 cui
1145 3167 1285 3222 dixit
1314 3186 1328 3222 :
1357 3165 1527 3223 Video
1557 3183 1644 3222 me
1671 3169 1939 3238 quietum,
1970 3175 2020 3223 et

2132 3161 2258 3229 θὼν,
2284 3159 2404 3217 εἴπέ
2427 3182 2532 3218 τινι
2553 3165 2789 3238 γέροντι·
2839 3167 2978 3240 Ὀρῶ
3003 3169 3238 3239 ἐμαυτὸν
3282 3169 3717 3241 ἀναπαυόμενον,

447 3261 595 3316 omni
638 3258 1043 3329 impugnatione
1073 3272 1324 3312 vacuum.
1365 3255 1541 3312 Senex
1577 3264 1757 3311 autem
1793 3257 1870 3310 ait
1903 3257 2020 3312 illi:

2132 3259 2221 3311 καὶ
2251 3257 2458 3330 μηδένα
2484 3259 2718 3331 πόλεμον
2733 3261 2943 3330 ἔχοντα.
2971 3258 3252 3330 Καὶλέγει
3271 3261 3419 3332 αὑτῷ
3453 3263 3482 3313 6
3510 3262 3718 3330 γέρωνο

448 3349 617 3415 Vade,
646 3363 778 3419 roga
797 3346 987 3412 Deum,
1019 3356 1078 3400 ut
1110 3347 1204 3402 tibi
1233 3361 1410 3417 pugna
1444 3348 1746 3416 contingat,
1773 3355 1827 3400 et
1857 3361 2020 3416 quam

448 3442 602 3512 prius
641 3438 936 3502 sentiebas,
978 3438 1258 3493 tribulatio
1303 3446 1467 3508 atque
1512 3437 1839 3492 humiliatio.
1887 3435 2022 3490 Nam

448 3547 545 3604 per
594 3534 915 3597 certamina,
961 3533 1140 3585 anima
1186 3532 1420 3603 proiicit.
1472 3530 1547 3584 Ita
1589 3547 1720 3602 ergo
1771 3540 2023 3601 precatus

448 3628 552 3677 est.
584 3617 648 3674 Et
687 3621 967 3674 accidente
991 3620 1202 3689 proelio,
1235 3635 1340 3673 non
1376 3619 1610 3690 amplius
1657 3619 1866 3689 rogavit
1905 3617 1958 3672 id
1994 3632 2023 3671 a

452 3729 514 3770 se
559 3711 798 3779 auferri;
840 3710 936 3768 sed
990 3711 1164 3766 dixit:
1202 3711 1447 3776 Domine,
1494 3711 1562 3766 da
1607 3711 1738 3766 mihi
1780 3713 1830 3766 in
1870 3710 2025 3766 bellis

449 3807 814 3862 tolerantiam.

521 3897 609 3952 14.
637 3896 747 3965 (99)
783 3893 894 3948 Hoc
925 3893 1188 3950 relatione
1212 3894 1423 3950 abbatis
1441 3893 1670 3951 Joannis
1690 3895 1984 3951 didicimus
2007 3913 2020 3950 :

452 3987 494 4043 Ε
533 3987 758 4044 senibus
798 3985 994 4057 aliquis
1034 3985 1298 4041 visionem
1345 3985 1534 4040 habuit
1582 3987 1636 4041 in
1678 3987 1886 4042 exstasi
1927 4003 2024 4042 seu

451 4079 652 4135 mentis
687 4085 918 4133 excessu
951 4095 964 4130 :
1000 4077 1140 4131 Ecce
1163 4085 1272 4130 tres
1301 4077 1550 4132 monachi
1578 4085 1850 4133 steterunt
1872 4086 2026 4134 trans

450 4185 630 4237 mare;
666 4171 922 4243 venitque
951 4170 1018 4224 ad
1053 4183 1149 4226 eos
1175 4185 1240 4225 ex
1276 4168 1506 4225 adverso
1532 4169 1714 4225 littore
1738 4185 1842 4224 vox
1875 4171 2025 4239 ejus-

450 4262 597 4317 modi
633 4281 646 4316 :
679 4259 889 4318 Sumite
917 4263 1030 4318 alas
1054 4261 1216 4333 ignis,
1249 4269 1302 4316 et
1332 4260 1573 4316 accedite
1595 4261 1663 4316 ad
1686 4277 1790 4316 me.
1823 4262 1896 4316 Ac
1918 4262 2026 4317 duo

447 4353 667 4423 quidem
710 4368 780 4410 ex
824 4352 928 4409 illis
967 4361 1325 4423 acceperunt,
1362 4361 1524 4423 atque
1575 4352 1640 4405 ad
1681 4354 1830 4408 aliud
1877 4354 2028 4410 littus

447 4443 682 4500 volando
729 4453 1130 4515 pervenerunt;
1167 4445 1360 4500 tertius
1400 4460 1532 4499 vero
1581 4447 1812 4511 mansit;
1861 4447 2027 4501 vehe-

448 4545 772 4606 menterque
790 4535 975 4598 flebat,
1004 4544 1058 4590 et
1097 4536 1390 4590 clamabat.
1429 4535 1624 4592 Postea
1663 4545 1844 4593 autern
1886 4539 2027 4593 datae

443 4629 611 4684 etiam
638 4628 740 4698 ipsi
770 4633 900 4683 sunt
925 4627 1042 4693 alre,
1071 4643 1177 4682 non
1211 4628 1428 4698 quidem
1456 4627 1646 4700 igneae,
1669 4629 1765 4686 sed
1797 4629 2026 4686 infirma:

445 4737 511 4776 ac
554 4719 764 4776 debiles
793 4739 806 4774 :
835 4719 971 4775 adeo
1018 4728 1078 4775 ut
1120 4720 1396 4775 interdum
1441 4719 1748 4787 demersus,
1797 4721 1921 4778 dein
1955 4738 2021 4778 ex

443 4810 607 4880 aquis
646 4823 966 4881 emergens,
1002 4824 1126 4866 cum
1171 4811 1358 4867 labore
1395 4819 1450 4867 et
1492 4811 1811 4868 dimcultate
1849 4814 2021 4869 multa

445 4900 900 4958 transfretaverit.
947 4901 1070 4957 Pari
1102 4904 1263 4959 modo
1294 4913 1426 4960 aetas
1456 4904 1600 4970 haec;
1631 4907 1880 4977 quamvis
1907 4907 2021 4964 alas

446 4995 703 5067 accipiat,
725 5011 835 5052 non
862 5004 1044 5053 tamen
1071 4999 1291 5070 igneas;
1320 4996 1416 5055 sed
1438 4997 1684 5056 infirmas
1705 4999 2023 5071 debilesque

445 5089 536 5144 vix
567 5088 783 5159 accipit.

516 5179 604 5236 i5.
621 5179 900 5252 (I)Frater
913 5182 1266 5256 interrogavit
1284 5185 1532 5242 abbatem
1549 5183 1811 5244 Joannem
1840 5205 1853 5242 :
1873 5185 2023 5254 Quo-

443 5272 608 5330 modo
635 5273 816 5329 anima
851 5289 969 5331 mea
1009 5275 1326 5333 vulneribus
1359 5276 1572 5343 affecta,
1607 5294 1713 5334 non
1747 5280 2026 5335 erubescit

443 5367 662 5439 obloqui
702 5366 771 5423 de
796 5368 1086 5439 proximo?
1119 5367 1256 5424 Dicit
1284 5370 1332 5426 ei
1367 5385 1532 5427 senex
1565 5370 1904 5440 parabolam,
1928 5369 2024 5424 de-

515 5527 562 5560 ²⁸
586 5527 671 5582 ΔΙ.
701 5527 892 5596 ἁγίων.
970 5527 1014 5559 ’⁸
1042 5527 1126 5581 ΑΙ.
1165 5527 1382 5598 μέρους.

512 5637 605 5776 :36
815 5637 964 5694 Patr.
990 5657 1066 5704 ιι,
1103 5640 1187 5696 15.

512 5637 627 5818 ...ἷῖ
663 5717 772 5818 νεξ-
814 5709 965 5818 sstz-
993 5726 1083 5818 ,τεο
1108 5712 1187 5818 4:,

514 5712 627 5818 (96)
668 5712 772 5793 Vit.
815 5712 965 5764 Patr.
1005 5726 1083 5774 ιι,
1123 5712 1202 5766 Ν.

511 5777 624 5846 (97,
663 5776 771 5836 γει.
807 5779 963 5836 Patr.
993 5795 1075 5845 tu,
1108 5779 1232 5837 908.

511 5828 624 5915 itte)
669 5828 771 5905 ι’ὶῖ
807 5828 963 5905 itii}:
994 5828 1266 5916 ἧῇὗξῖ..
1297 5851 1522 5908 Cliniae.
1557 5845 1816 5904 σκιάει)
1847 5845 2017 5905 cino-
2099 5870 2101 5872 -

2127 3349 2368 3418 ”Υπαγε,
2391 3351 2769 3421 παρακάλεσον
2787 3352 2876 3405 τὸν
2901 3351 3055 3418 Θεὸν,
3078 3351 3220 3406 ὣστε
3249 3354 3339 3406 τὸν
3370 3352 3602 3423 πόλεμόν
3634 3371 3724 3407 σοι

2126 3439 2321 3504 ἐλθεῖν,
2349 3443 2444 3496 καὶ
2478 3442 2544 3513 ἣν
2577 3439 2722 3514 εἶχες
2753 3445 3017 3516 πρότερον
3049 3445 3343 3517 συντριϐὴν
3379 3446 3475 3500 καὶ
3520 3445 3720 3500 ταπεί-

2127 3547 2309 3584 νωσινο
2329 3531 2417 3585 διὰ
2435 3531 2543 3604 γὰρ
2564 3533 2672 3586 τῶν
2693 3534 2945 3605 πολέμων
2967 3537 3266 3608 προκόπτει
3287 3539 3320 3608 ἠ
3349 3536 3516 3610 ψυχή.
3535 3538 3724 3611 Παρε-

2127 3621 2356 3676 κάλεσεν
2388 3619 2502 3691 οῦν,
2534 3626 2627 3678 καὶ
2663 3625 2909 3691 ἐλθόντος
2943 3626 3038 3681 τοῦ
3072 3629 3338 3700 πολέμου,
3387 3629 3488 3683 οὐκ
3512 3629 3592 3684 ἔτι
3623 3630 3725 3683 εὗ-

2127 3715 2258 3781 ξατο
2287 3715 2519 3789 ἀρθῆναι
2544 3719 2706 3773 αὐτὸν
2745 3719 2842 3772 ἀπ’
2881 3719 3070 3786 αὐτοῦ,
3101 3720 3218 3775 ἀλλ’
3260 3720 3434 3791 ἐλεγεο
3471 3723 3571 3788 Δός
3602 3739 3723 3794 μοι,

2131 3809 2320 3884 Κύριε,
2346 3811 2621 3882 ὑπομονὴν
2651 3813 2708 3865 ἐν
2741 3815 2852 3875 τοῖς
2876 3812 3149 3885 πολέμοις.

2201 3903 2281 3958 ιδ’.
2317 3899 2482 3958 Εἶπεν
2514 3906 2542 3957 ό
2574 3903 2750 3968 esea;
2787 3904 3062 3976 Ἰωάννης,
3098 3906 3182 3959 ὃτι
3215 3903 3323 3960 εἶδέ
3365 3923 3450 3970 τις
3472 3905 3580 3960 τῶν
3625 3924 3724 3976 γε-

2132 3994 2331 4065 ρόντων
2358 3996 2416 4046 ἐν
2450 3995 2721 4048 ἐκστάσεισ
2749 3995 2858 4048 Καὶ
2890 3994 2998 4049 ἰδοὺ
3033 3999 3186 4068 τρεῖς
3225 3997 3449 4068 μοναχοὶ
3478 3999 3724 4068 ’ἐστηκαν

2129 4085 2306 4154 πέραν
2342 4085 2442 4155 τῆς
2471 4085 2766 4156 θαλάσσης·
2801 4086 2896 4140 καὶ
2926 4087 3142 4155 ἐγένετο
3163 4087 3316 4158 φωνὴ
3346 4087 3481 4160 πρὸς
3518 4087 3723 4152 αὐτοὺς

2129 4178 2194 4231 ἐκ
2215 4176 2308 4230 τοῦ
2326 4177 2484 4232 ἄλλου
2507 4179 2682 4249 πέραν
2713 4179 2778 4241 ’⁸,
2800 4178 3054 4247 λέγουσα·
3081 4177 3291 4232 Λάϐετε
3318 4177 3496 4251 πτερά
3521 4179 3719 4250 πυρὸς,

2129 4270 2224 4322 καὶ
2251 4268 2403 4322 δεῦτε
2427 4269 2563 4341 πρὸς
2603 4269 2691 4340 μέ.
2735 4270 2846 4323 Καὶ
2872 4271 2922 4322 οἱ
2959 4271 3058 4340 μὲν
3096 4269 3190 4323 δύο
3218 4269 3432 4334 ἔλαϐον,
3464 4270 3559 4324 καὶ
3583 4271 3723 4323 ἐπε-

2127 4360 2405 4432 τάσθησαν
2432 4365 2512 4426 εἰς
2537 4363 2600 4416 τὸ
2641 4361 2770 4417 ἄλλο
2815 4363 3008 4435 πέραν⁹
3043 4365 3071 4416 6
3095 4361 3153 4416 δὲ
3179 4361 3337 4427 ἄλλος
3363 4363 3572 4434 ἔμεινε,
3623 4363 3724 4417 καὶ

2129 4452 2313 4506 ἔκλαιε
2356 4454 2561 4524 σφόδρα
2608 4455 2703 4508 καὶ
2758 4453 3010 4525 ἔκραζεν.
3054 4454 3322 4526 ’Υστερον
3347 4453 3406 4508 δὲ
3453 4453 3722 4526 ἐδόθησαν

2129 4543 2224 4596 καὶ
2244 4543 2393 4616 αὐτῷ
2420 4543 2614 4616 πτερά,
2665 4545 2727 4598 οὑ
2771 4545 2953 4616 μέντοι
2995 4545 3186 4617 πυρὸς,
3215 4545 3331 4599 ἀλλ’
3377 4543 3580 4617 ἀσθενῆ
3624 4547 3723 4599 καὶ

2130 4635 2399 4708 άδύναμαο
2432 4637 2528 4690 καὶ
2569 4637 2705 4708 μετὰ
2759 4637 3008 4709 καμάτου
3044 4637 3575 4708 καταποντιζόμενος
3623 4638 3722 4691 καὶ

2129 4728 2510 4800 ἀνιστάμενος,
2547 4729 2685 4799 μετά
2717 4729 2951 4799 θλίψεως
2987 4729 3189 4801 πολλῆς
3224 4725 3388 4800 ἦλθεν
3417 4731 3498 4796 είς
3533 4729 3596 4784 τὸ
3628 4730 3725 4783 πέο

2133 4836 2248 4891 ραν.
2287 4819 2472 4884 Οὕτως
2509 4822 2658 4892 καλή
2691 4821 2856 4890 γενεά
2882 4820 3045 4893 αὕτη,
3084 4822 3245 4876 είκαὶ
3271 4820 3541 4894 λαμϐάνει
3588 4839 3722 4875 πτε-

2133 4908 2221 4981 ρά,
2243 4909 2304 4962 οὐ
2359 4909 2542 4980 μέντοι
2571 4911 2764 4982 πυρὸς,
2805 4911 2940 4965 ἀλλά
2972 4911 3127 4982 μόλις
3157 4910 3361 4984 ἀσθενῆ
3385 4911 3480 4967 καὶ
3511 4911 3716 4968 ἀδύναη

2134 5017 2210 5072 μα
2236 5000 2520 5072 λαμϐάνει.
3559 5006 3570 5019 “

2204 5192 2284 5240 ιε’.
2337 5185 2588 5256 Ἀδελφδς
2611 5186 2863 5260 ἠρώτησε
2885 5189 2975 5244 τὸν
2999 5189 3175 5244 άϐϐᾶν
3209 5188 3485 5261 Ἰωάννην,
3511 5187 3716 5259 λέγων’

2133 5277 2258 5341 Πῶς
2281 5279 2312 5348 ἡ
2337 5277 2482 5350 ψυχή
2521 5297 2623 5350 μου
2653 5279 2853 5351 ἔχουσα
2892 5281 3215 5354 τραύματα,
3261 5282 3363 5337 οὐκ
3394 5281 3720 5354 αἰσχύνεται

2133 5369 2458 5424 καταλαλεῖν
2488 5371 2582 5424 τοῦ
2602 5371 2860 5441 πλησίον;
2892 5373 3054 5442 Λέγει
3088 5371 3236 5444 αὺτῷ
3266 5371 3295 5426 6
3323 5370 3501 5444 γέρων
3529 5387 3718 5445 παρα-

2131 5639 2274 5694 roth.
2314 5638 2493 5693 Doctr.
2526 5639 2611 5693 15.

2223 5709 2314 5777 99)
2353 5708 2456 5764 Vit.
2488 5708 2634 5762 Patr.
2669 5723 2821 5765 xvnt.
2853 5707 2901 5763 8.

2223 5709 2314 5777 99)
2353 5709 2456 5764 Vit.
2488 5709 2634 5762 Patr.
2669 5723 2821 5765 xvnt.

2199 5709 2278 5850 in
2314 5777 2418 5836 Vit.
2462 5778 2613 5836 Patr.
2645 5792 2717 5846 ιν,
2744 5779 2824 5834 10.
