4032 6334
269 381 366 442 213

1430 384 2040 442 APOPHTHEGMATA
2075 382 2378 440 PATBUM.

3395 378 3533 439 2M"

267 495 420 558 Γνοὺς
437 489 553 558 οῦν,
582 493 744 549 ἔϐαλε
772 493 1076 565 μετάνοιαν,
1105 493 1304 562 λέγων·
1333 493 1691 566 Συγχὼρησόν
1721 511 1832 564 μοι,

1965 493 2094 562 ιυοει
2127 493 2216 548 ubi
2249 493 2522 564 cognovit,
2556 491 2880 560 proeliuavit
2911 507 2970 544 se
3008 505 3192 546 coram
3227 507 3312 556 eo,
3343 491 3509 549 dixit-

272 585 400 639 esse
418 601 432 614 ·
461 582 619 637 οὔπω
647 583 759 655 γὰρ
789 582 1126 654 κατηχήθην.

333 763 426 816 κδ’.
474 763 548 816 Ὀ·
578 762 741 826 αὐτὸς
789 761 941 830 ἔλεγε
983 761 1067 830 τῷ
1101 761 1316 833 μαθητῇ
1346 761 1542 815 αὑτοῦ·
1580 763 1840 832 Τιμήσω-

277 870 363 923 μεν
398 851 490 905 τδν
523 851 643 914 ἕνα,
671 851 768 905 καὶ
809 852 1012 915 πάντες
1049 851 1280 922 τιμῶσιν
1309 853 1486 921 ἡμᾶς·
1515 852 1610 904 ἐὰν
1653 851 1710 904 δέ
1740 867 1840 904 κα-

274 943 689 1014 ταφρονήσωμεν
715 941 810 996 τοῦ
836 941 974 1006 ἐνὸς.
999 943 1058 1006 ὃς
1083 944 1204 996 ἐστι
1226 943 1379 1006 Θεὸς,
1407 941 1838 1012 καταφρονοῦσιν

274 1033 416 1105 ἡμῶν
447 1033 674 1096 πάντες,
705 1033 802 1086 καὶ
825 1034 906 1096 εἰς
935 1031 1210 1086 ἀπώλειαν
1237 1033 1541 1103 ὑπάγομεν.

333 1123 426 1177 κε’.
463 1122 689 1192 Ἔλεγον
732 1124 862 1195 περὶ
905 1122 997 1176 τοῦ
1043 1121 1188 1177 άϐϐἅ
1232 1122 1478 1176 Ἰωάννου
1501 1163 1516 1186 ,
1548 1123 1630 1176 ὅτι
1676 1117 1841 1193 ἦλθεν

276 1216 345 1278 εἰς
369 1214 470 1284 τὴν
505 1212 804 1283 ἐκκλησίαν
840 1213 921 1276 είς
951 1213 1147 1283 Σκῆτιν
1167 1230 1182 1244 ·
1215 1216 1310 1267 καὶ
1355 1213 1596 1276 ἀκούσας
1628 1211 1839 1265 ἀντιλο-

274 1307 386 1372 γίας
413 1303 578 1359 τινῶν
609 1302 872 1372 ἀδελφῶν,
903 1304 1238 1374 ὑπέστρεψεν
1275 1306 1354 1369 είς
1385 1305 1483 1376 τὴν
1518 1304 1713 1358 κὲλλσιν
1742 1305 1835 1357 αύ-

275 1394 396 1449 τοῦ·
433 1395 530 1448 καὶ
564 1394 870 1459 κυκλεύσας
908 1395 1077 1466 αὐτὴν
1110 1396 1316 1468 τρίτον,
1359 1395 1530 1460 οὕτως
1573 1394 1840 1466 εἰσῆλθεν.

285 1485 528 1555 Ἀδελφοὶ
569 1485 629 1538 δέ
677 1502 821 1548 τινες
874 1485 1071 1549 ίδόντες
1127 1487 1311 1551 αὐτὸν,
1363 1487 1650 1558 ἠπόρησαν
1705 1485 1846 1540 διατί

273 1577 418 1632 τοῦτο
455 1577 711 1648 ἐποίησε,
756 1577 848 1630 καὶ
895 1577 1141 1642 ἐλθόντες
1186 1578 1415 1650 ¹ἠρώτων
1463 1578 1646 1631 αὐτόν.
1693 1579 1751 1630 ’0
1789 1577 1845 1630 δὲ

275 1665 410 1734 λέγει
435 1667 657 1730 αὐτοῖς’
692 1665 772 1719 Τὰ
803 1660 918 1721 ὧτά
953 1684 1052 1738 μου
1093 1665 1237 1738 εἶχον
1262 1668 1371 1722 ἀπὸ
1407 1669 1506 1739 τῆς
1540 1668 1847 1736 ἀντιλογίας

1935 599 2042 653 quo
2073 603 2087 638 :
2119 583 2287 640 Parce
2325 584 2482 650 mihi,
2518 583 2654 638 abba
2677 600 2705 648 ;·
2742 582 2982 638 nondum
3015 583 3214 652 quippe
3261 583 3510 640 initiatus

1937 675 2035 732 fui.

2007 765 2099 819 24.
2142 764 2286 818 Dixit
2314 764 2454 819 idem
2484 765 2755 835 discipulo
2785 769 2886 819 suo
2913 778 2928 816 :
2956 762 3132 818 Unum
3159 764 3528 829 ltnnorentus,

1937 860 1992 906 et
2016 851 2198 906 cuncti
2232 852 2545 906 bonoraturi
2579 862 2706 908 sunt
2735 867 2835 907 nos
2868 871 2881 906 :
2914 851 3058 921 quod
3091 853 3138 907 si
3171 862 3524 922 contctnpsem

1942 943 2116 998 rimus
2135 957 2324 1006 unum,
2350 941 2459 996 boe
2475 951 2562 996 est
2585 941 2775 1008 Deum,
2803 957 2900 997 nos
2927 943 3110 996 cuncti
3141 949 3512 1005 contenment,

1941 1047 2010 1086 ae
2037 1032 2356 1102 peribimus.

2010 1123 2100 1177 25.
2135 1123 2371 1178 Aiebant
2403 1124 2472 1179 de
2503 1125 2698 1180 abbate
2733 1121 2962 1186 Joanne,
2989 1124 3133 1194 quod
3165 1123 3220 1176 in
3266 1120 3410 1177 Sceti
3447 1122 3536 1176 ad.

1943 1214 2230 1269 ecclesiam
2261 1214 2524 1284 perrexit;
2552 1213 2862 1284 auditisque
2901 1212 3257 1283 quorumdam
3285 1213 3516 1266 fratrum

1945 1305 2414 1370 altercationibus,
2445 1320 2702 1361 reversus
2731 1314 2815 1359 est
2839 1303 2905 1357 ad
2938 1304 3130 1359 cellam
3172 1318 3362 1369 suam;
3405 1311 3518 1357 ter-

1945 1412 2051 1465 que
2093 1396 2422 1452 circumiens
2463 1411 2619 1460 eaut,
2662 1395 2736 1450 ita
2771 1394 2997 1450 introiit.
3062 1393 3282 1449 Fratres
3334 1403 3541 1447 autent.

1948 1485 2170 1554 quidam
2205 1485 2452 1542 videntes
2481 1485 2654 1544 illum.
2702 1484 3016 1540 nesciebant
3045 1500 3145 1538 cur
3178 1483 3232 1538 id
3278 1482 3516 1538 fecisset.

1949 1575 2243 1654 Venientes
2277 1592 2404 1647 ergo
2439 1577 2742 1648 percontati
2771 1584 2919 1631 sunt.
2939 1575 3032 1631 Ille
3065 1576 3130 1630 ad
3158 1591 3254 1631 eos
3278 1592 3296 1629 :
3323 1576 3518 1636 Aures,

1952 1669 2151 1738 inquit,
2177 1684 2310 1723 meae
2337 1669 2682 1722 contentione
2707 1668 2879 1737 plena:
2901 1675 3090 1731 erant;
3121 1667 3346 1721 circuivi
3367 1685 3518 1739 ergo,

278 1757 470 1825 μεστά·
496 1755 782 1810 ὲκύκλωσα
809 1752 923 1821 οὖν,
950 1757 1036 1811 ἵνα
1059 1758 1342 1830 καθαρίσω
1368 1758 1528 1820 αὐτὰ.
1559 1759 1652 1812 καὶ
1679 1757 1848 1822 οὕτως

1965 1770 2010 1813 ut
2035 1774 2327 1830 purgarent
2354 1772 2481 1820 eas,
2515 1765 2677 1828 atque
2707 1759 2787 1812 sic
2820 1773 2943 1812 cum
2981 1757 3178 1812 utentis
3214 1759 3400 1828 requie
3434 1762 3519 1813 in-

273 1846 494 1902 εἱσὲλθω
521 1848 582 1900 ἐν
626 1847 832 1918 ἠσυχίᾳ,
853 1847 948 1900 τοῦ
973 1847 1089 1912 νοός
1125 1865 1225 1919 μου
1260 1849 1341 1911 εἰς
1372 1847 1434 1901 τὸ
1463 1847 1673 1900 κελλίον
1724 1865 1847 1918 μου.

1965 1848 2209 1918 grederer
2239 1847 2292 1900 itt
2326 1849 2518 1902 cellam
2553 1862 2748 1902 meam.

338 1936 447 2003 κς’.
481 1934 656 1992 τΗλθέ
689 1956 820 1998 ποτε
847 1938 1074 2008 ἀδελφὸς
1102 1941 1180 2002 εἰς
1209 1939 1311 2010 τὴν
1351 1939 1542 1994 κέλλαν
1573 1937 1664 1996 τοῦ
1700 1933 1852 1993 ’ὰϐὁᾶ

287 2020 524 2081 Ἰωάννου
555 2027 674 2096 ὀψὲ,
720 2028 1035 2093 σπουδάζων
1078 2027 1358 2082 ἀπελθεῖν·
1404 2029 1498 2081 καὶ
1535 2027 1850 2082 ’λαλούντων

275 2118 444 2171 αὐτῶν
483 2121 613 2190 περὶ
639 2119 871 2190 άρετῷν,
899 2119 1090 2188 γέγονε
1132 2117 1300 2190 πρωῒ,
1327 2119 1421 2172 καὶ
1445 2119 1547 2172 οὐκ
1585 2117 1846 2188 ἔγνωσαν.

277 2211 378 2262 Καὶ
408 2208 598 2280 ἐξῆλθε
625 2209 941 2282 προπέμψαι
968 2209 1128 2263 αὐτόν
1146 2225 1160 2239 ·
1193 2210 1285 2262 καὶ
1310 2208 1528 2280 ἔμειναν
1555 2209 1848 2273 λαλοῦντες

276 2297 372 2359 ἓως
409 2298 577 2367 ἕκτης
615 2297 784 2369 ὥρας.
819 2299 928 2352 Καὶ
964 2300 1279 2370 εἰσήνεγκεν
1301 2315 1313 2328 ·
1353 2299 1447 2352 καὶ
1488 2299 1846 2370 γευσάμενος,

277 2385 442 2448 οὓτως
469 2385 736 2456 ἀπῆλθεν.

341 2474 440 2540 κζ’.
481 2475 712 2545 Ἔλεγεν
755 2477 784 2528 ὁ
819 2475 992 2539 ὰίὶὗᾶς
1025 2477 1299 2547 Ἰωάννης,
1347 2479 1428 2530 ὅτι
1477 2479 1686 2546 φυλακή
1715 2479 1853 2542 ἐστι,

277 2565 334 2618 τὸ
353 2565 577 2619 καθίσαι
606 2569 664 2620 ἐν
692 2566 770 2638 τῷ
796 2566 1010 2638 κελλίῳ,
1039 2568 1148 2648 ttat
1173 2569 1531 2638 μνημονεύειν
1580 2567 1670 2621 τοῦ
1716 2568 1851 2622 Θεοῦ

285 2658 500 2711 πάντοτε
523 2659 589 2714 ³³.
636 2661 748 2714 Καὶ
790 2658 949 2714 τοῦτὸ
993 2661 1107 2714 ἐστι
1135 2660 1216 2724 τὸ,
1260 2661 1357 2714 Ἐν
1387 2659 1636 2730 φυλακῇ
1669 2661 1850 2731 ἢμην,

281 2750 370 2804 καί
401 2749 617 2817 ἤλθετε
647 2749 798 2819 πρὸς
821 2749 918 2820 μέ.

344 2838 444 2910 κη’.
486 2836 620 2893 Εἷπε
649 2841 839 2896 πάλιν·
884 2839 980 2904 Τίς
1023 2841 1240 2912 ἰσχυρὸς
1273 2841 1347 2904 ὡς
1383 2841 1412 2892 ὁ
1443 2839 1610 2906 λέων;
1647 2841 1741 2893 καὶ
1769 2839 1855 2892 διὰ

283 2935 375 3005 τὴν
403 2935 612 2990 κοιλίαν
640 2933 809 2988 αὐτοῦ
839 2933 1102 3005 ἐμπίπτει
1151 2935 1230 2998 είς
1273 2934 1496 3002 παγίδα,
1526 2934 1621 2987 καὶ
1671 2932 1766 3004 ὅλη
1821 2935 1854 3002 ὴ

287 3025 426 3096 ἰσχῦς
451 3025 616 3079 αὐτοῦ
643 3024 1026 3080 ταπεινοῦται..

347 3116 445 3171 κθ¹.
485 3117 682 3185 Ἔλεγε
731 3115 915 3180 πάλιν,
956 3117 1038 3170 ὅτι
1069 3116 1342 3181 ἐσθίοντες
1377 3118 1427 3168 οἱ
1471 3115 1710 3186 Πατέρες
1756 3115 1854 3186 τῆς

286 3207 525 3278 Σκήτεως
566 3207 730 3280 ἄρτον
759 3207 852 3260 καὶ
875 3205 1038 3271 ἅλας,
1077 3206 1290 3276 ἔλεγονο
1327 3207 1417 3278 Μὴ
1457 3208 1854 3278 άναγκάσωμεν

287 3299 504 3363 ἑαυτοὺς
529 3301 608 3362 είς
632 3298 779 3362 ’ἃλας
805 3298 899 3352 καὶ
924 3298 1104 3368 ἄρτον.
1139 3299 1248 3352 Καὶ
1280 3297 1451 3362 οὓτως
1485 3298 1692 3370 ἰσχυροὶ
1717 3290 1856 3368 ἦσαν

288 3391 414 3460 ea;
436 3389 498 3459 το
525 3389 689 3460 ἔργον
716 3388 810 3442 τοῦ
840 3387 996 3446 Θεοῦ.

349 3481 410 3536 λ’.
441 3477 646 3535 Ἦλθεν
674 3480 900 3550 ἀδελφός
927 3497 1012 3543 τις
1053 3479 1236 3533 λαϐεῖν
1281 3480 1542 3552 σπυρίδας
1568 3481 1718 3550 παρὰ
1760 3479 1854 3533 τοῦ

288 3573 426 3627 ἀδεᾶ
458 3571 729 3626 Ἰωάννου.
766 3573 876 3625 Καὶ
904 3570 1134 3638 ἐξελθὼν
1165 3571 1312 3640 λέγει
1343 3572 1518 3644 αὐτῷ’
1551 3573 1616 3624 Τί
1661 3573 1854 3636 θέλεις,

289 3659 508 3730 ἁδελφές
547 3660 606 3714 ’0
635 3659 692 3714 δέ
731 3655 884 3712 εἷπε·
918 3659 1220 3730 Σπυρίδας,
1265 3659 1430 3714 acea.
1478 3661 1748 3716 Εἰσελθὼν
1799 3663 1857 3715 δὲ

291 3752 551 3813 ἐκϐαλεῖν,
604 3751 926 3805 ἐπελάθετο·
979 3751 1076 3804 καὶ
1121 3751 1342 3805 ἐκάθισε
1399 3751 1636 3822 ράπτων.
1690 3751 1858 3805 Πάλιν

290 3844 544 3916 ἒιρουσε·
588 3844 684 3896 καὶ
737 3843 812 3906 ὡς
863 3841 1086 3913 ἐξῆλθε,
1140 3842 1286 3912 λέγει
1342 3841 1519 3912 αὐτῷ·
1571 3841 1706 3912 Φέρε
1759 3841 1866 3912 τὴν.

292 3934 536 4004 σπυρίδα,
566 3933 732 3988 ἀδεᾶ.
767 3931 1032 3987 Εἰσελθὼν
1065 3933 1123 3986 δὲ
1158 3933 1318 3988 πάλιν
1357 3931 1576 3986 ἐκάθισε
1608 3934 1853 4003 ῥάπτειν.

291 4025 395 4076 Καὶ
451 4023 617 4078 πάλιν
673 4024 882 4086 ἐκεῖνος
941 4023 1189 4094 ἔκρουσε.
1238 4025 1349 4076 Καὶ
1415 4021 1644 4088 ἐξελθὼν
1710 4022 1858 4090 λέγει

289 4115 464 4186 αὐτῷ·
493 4115 558 4168 Τί
614 4115 816 4180 θέλεις,
865 4115 1097 4184 Meles;
1153 4115 1212 4168 '0
1245 4114 1304 4167 δὲ
1355 4110 1509 4168 εἷπε·
1563 4114 1674 4184 Τὴν
1725 4131 1861 4167 σπυ-

293 4206 445 4274 ρίδα,
487 4205 652 4260 esse.
688 4207 799 4260 Καὶ
851 4209 1128 4278 κρατήσας
1175 4206 1340 4259 αὑτοῦ
1389 4205 1487 4278 τὴν
1535 4208 1721 4276 χεῖρα,
1757 4208 1858 4258 εισ-

291 4303 516 4368 ήνεγκεν
548 4299 711 4352 αὐτὸν
735 4299 864 4362 ἔσω,
887 4298 1086 4368 λέγων·
1119 4299 1182 4352 Et
1213 4298 1476 4370 σπυρίδας
1507 4298 1702 4361 θέλεις.
1729 4295 1858 4352 λάϐε

294 4393 380 4444 καὶ
406 4389 731 4461 περιπάτει·
763 4389 876 4458 ἐγὼ
907 4389 1013 4463 γὰρ
1049 4391 1110 4443 οὺ
1141 4388 1402 4460 σχολάζω.
1667 4380 1674 4388 ’

2020 1937 2108 1991 26.
2145 1937 2375 2004 Quidam
2413 1938 2580 1992 frater
2621 1953 2746 1994 sero
2787 1937 2936 1992 venit
2979 1939 3044 1993 ad
3075 1939 3264 1993 cellam
3307 1939 3544 1996 abbatis-

1949 2027 2204 2094 Joannis,
2230 2029 2381 2083 abire
2413 2027 2714 2095 festinans;
2749 2044 2986 2098 cumque
3009 2029 3077 2084 de
3109 2029 3406 2086 virtutibus
3448 2033 3526 2084 Ion

1951 2129 2275 2188 querentur.
2297 2117 2418 2174 dies
2446 2126 2670 2173 exortus
2689 2129 2922 2184 est,nec
2951 2117 3355 2174 intellexerunt.
3385 2118 3527 2174 Exiit

1954 2219 2016 2264 ut
2059 2209 2354 2265 deduceret
2384 2224 2507 2264 eum
2531 2226 2561 2277 ς
2589 2217 2644 2264 et
2687 2219 3099 2278 perseverarunt
3128 2206 3182 2260 it't
3253 2209 3546 2278 colloquio.

1953 2313 2128 2368 usque
2157 2297 2226 2351 ad
2258 2297 2444 2350 horam
2475 2305 2707 2352 sextam.
2759 2295 3062 2350 Introduxit
3100 2311 3232 2366 ergo
3272 2312 3432 2362 eunt;
3465 2313 3528 2351 at:

1953 2393 2239 2456 postquam
2268 2385 2455 2463 cibum
2485 2385 2829 2455 sumpsisset,
2864 2386 2940 2440 ita
2970 2383 3262 2440 discessit._

2023 2477 2116 2530 27.
2155 2478 2266 2548 (l0)
2328 2477 2538 2531 Monuit
2579 2477 2749 2531 abbas
2795 2476 3032 2532 Joannes
3069 2493 3082 2530 :
3115 2475 3376 2531 Custodia
3421 2486 3550 2542 εει.-

1955 2569 2143 2625 sedere
2174 2569 2228 2622 itt
2265 2569 2419 2635 cella,
2445 2579 2498 2622 et
2523 2567 2616 2622 Dei
2652 2583 2867 2638 semper
2894 2568 3228 2623 meminisse.
3258 2567 3431 2638 Atque
3457 2570 3531 2622 ita

1957 2659 2360 2730 intelligendum
2392 2667 2477 2714 cSt
2509 2657 2640 2713 illud
2682 2678 2695 2712 :
2734 2657 2796 2714 In
2821 2660 3066 2716 custodia
3105 2677 3273 2725 erant,
3306 2672 3354 2716 et
3387 2666 3530 2718 reni-

1955 2752 2050 2804 ttis
2077 2750 2144 2804 ad
2165 2767 2244 2805 me
2267 2751 2332 2806 ³³.

2025 2841 2115 2895 ‘28.
2144 2839 2258 2913 (Η)
2295 2839 2440 2895 Dixit
2471 2842 2668 2896 iterum
2699 2860 2710 2895 :
2739 2841 3024 2908 Quodnam
3058 2843 3258 2896 animal
3291 2841 3428 2896 forte
3449 2853 3544 2898 est-

1959 2938 2016 2983 ut
2055 2930 2177 2984 lco?
2219 2938 2274 2983 et
2304 2937 2484 2984 tamen
2528 2944 2753 3001 prepter
2791 2941 3035 2986 ventrem
3069 2931 3122 2986 itt
3157 2933 3408 3002 laqueum
3450 2935 3559 2989 iit--

1957 3019 2111 3082 cidit,
2143 3019 2430 3090 omnisque
2463 3021 2584 3090 ejus
2611 3022 2692 3075 vis
2726 3021 3068 3091 deprimitur.

2031 3114 2121 3170 9.9.
2156 3114 2266 3185 (l2)
2307 3115 2371 3168 Et
2402 3115 2601 3169 iterum
2643 3133 2655 3169 :
2689 3115 2914 3170 Sceteus
2941 3113 3128 3172 Patres
3156 3133 3348 3188 panem
3373 3129 3426 3173 ct
3453 3118 3536 3172 sal

1968 3207 2334 3271 comedetttes,
2367 3207 2586 3262 aiebant
2619 3228 2634 3263 :
2662 3206 2740 3264 Ne
2771 3210 3116 3278 imponamus
3159 3212 3317 3266 nobis
3346 3227 3537 3266 neces-

1964 3298 2180 3354 sitatem
2204 3299 2462 3354 vescendi
2490 3299 2602 3354 sale
2625 3313 2688 3352 ac
2711 3315 2866 3369 parte.
2891 3301 3066 3369 Atque
3089 3301 3162 3355 ita
3195 3301 3360 3357 fortes
3381 3309 3536 3358 erant

1957 3391 2023 3443 ad
2059 3407 2197 3460 opus
2231 3391 2346 3445 Dei.

2027 3481 2115 3534 3').
2161 3479 2318 3536 \ienit
2367 3481 2538 3536 frater
2587 3483 2808 3552 quidam
2862 3493 2920 3536 ut
2964 3493 3182 3554 sportas
3226 3484 3294 3537 ab
3339 3483 3538 3538 abbate.

1955 3567 2160 3623 Joanne
2192 3570 2478 3640 acciperet.
2517 3569 2612 3624 "tt:
2645 3587 2900 3640 egressus
2940 3571 3077 3624 dixit
3105 3572 3152 3625 ei
3193 3589 3206 3624 :
3240 3569 3380 3636 Quid
3419 3569 3538 3634 vis,

1965 3658 2170 3712 frater?
2202 3659 2294 3714 Ille
2331 3661 2406 3712 ait
2438 3679 2449 3713 :
2487 3658 2748 3730 Spot'tas,
2795 3662 2954 3714 alba.
2993 3659 3274 3730 Ingressus
3315 3674 3441 3712 vero
3483 3666 3542 3712 ut

1961 3749 2200 3812 all‘erret,
2230 3751 2434 3804 oblitus
2464 3761 2594 3816 θείς,
2613 3754 2774 3816 sedit,
2801 3752 3073 3821 carpitque
3101 3765 3387 3804 consuere.
3417 3747 3544 3802 Pul-

1959 3842 2100 3896 savit
2125 3842 2318 3897 iterant
2349 3842 2514 3898 frater
2541 3863 2552 3896 :
2579 3859 2812 3912 cumque
2833 3843 3074 3898 Joannes
3095 3843 3318 3898 exiisset
3338 3861 3350 3896 ς
3369 3843 3541 3902 All'er,

1975 3933 2178 4002 inquit,
2223 3947 2470 4002 sportas,
2519 3935 2676 3988 alita.
2725 3935 2940 3989 lntrans
2984 3943 3196 4000 autem,
3234 3949 3425 3989 IUI'SUS
3475 3935 3543 3986 ad

1961 4025 2230 4078 suendutn
2268 4025 2430 4080 sedit.
2471 4023 2564 4079 Ille
2597 4025 2776 4079 denuo
2809 4027 3062 4094 pulsavit.
3106 4025 3370 4097 Egressus
3403 4025 3538 4078 dicit

1960 4115 2006 4169 ei
2045 4132 2058 4168 :
2093 4115 2235 4180 Quid
2271 4117 2376 4178 vis,
2409 4117 2609 4171 frater?
2640 4117 2823 4170 Atille
2855 4135 2869 4169 :
2901 4116 3178 4186 Spartam,
3207 4117 3365 4171 abba.
3387 4115 3544 4170 Tun-3

1963 4208 2301 4276 apprehensa
2351 4209 2472 4276 ejus
2521 4223 2718 4272 manu,
2759 4207 3060 4262 introduxit
3102 4207 3276 4269 illuttt,
3309 4207 3498 4262 dicens
3525 4227 3562 4261 ;‹

1965 4300 2020 4352 Si
2065 4308 2280 4369 sportas
2321 4299 2428 4364 vis,
2465 4313 2640 4366 sume,
2689 4315 2752 4354 ac
2799 4299 3024 4363 recede;
3069 4299 3200 4351 ntilti
3246 4315 3390 4352 eutm
3435 4313 3562 4352 non.

1965 4399 2142 4444 vacat.

359 4489 456 4535 λα’.
498 4477 673 4534 Ἦλθὲ
716 4497 848 4535 ποτε
882 4481 1222 4553 καμηλίτης,
1273 4479 1530 4550 ῖνα.>.ά6ῃ
1573 4479 1639 4532 τὰ
1693 4479 1853 4547 σκεύη

2041 4481 2130 4533 3|.
2177 4477 2342 4534 Venit
2368 4477 2664 4550 aliquando
2691 4479 3038 4545 camelarius,
3070 4479 3540 4548 ut-snpel!eetilem

295 4573 473 4637 αὑτοῦ,
511 4575 608 4628 καὶ
652 4573 868 4644 ἀπέλθῃ
910 4576 988 4638 είς
1014 4571 1171 4628 ἄλλον
1217 4573 1408 4625 τόπον..
1441 4571 1498 4624 '0
1524 4571 1580 4624 δὲ
1609 4569 1864 4624 εἰσελθὼν

297 4663 508 4731 ἐνέγκαι
531 4662 679 4734 αὐτῷ
707 4662 804 4733 τὴν
836 4661 1039 4734 σειρὰν,
1068 4661 1376 4725 ἐπελάθετο,
1401 4661 1698 4732 τεταμένην
1728 4660 1864 4730 ἔχων

1970 4573 2089 4641 eius
2123 4577 2382 4636 sumeret,
2415 4571 2697 4641 abiretque
2740 4573 2794 4625 itt
2839 4572 3004 4625 alium
3039 4571 3239 4626 locum.
3293 4570 3382 4624 Ille
3417 4589 3548 4627 vero

1973 4664 2252 4732 ingressus
2293 4663 2358 4716 ad
2409 4661 2740 4719 aﬂ'erendant
2784 4664 2833 4718 ei
2894 4664 3156 4734 plectant,
3205 4665 3408 4720 oblitus
3460 4675 3545 4718 est

305 4753 386 4824 τὴν
427 4753 668 4808 διάνοιαν
710 4755 846 4826 πρὸς
886 4754 975 4807 τὸν
1012 4753 1162 4806 Θεάν.
1209 4753 1374 4806 Πάλιν
1419 4749 1510 4806 οὖν
1555 4751 1798 4823 ὦχλησεν
1839 4757 1853 4806 γ

1973 4751 2116 4818 quod
2152 4762 2382 4806 utentem
2419 4753 2474 4806 itt
2521 4752 2686 4807 Deum
2728 4754 2993 4808 intentam
3035 4753 3284 4810 haberet.
3331 4751 3544 4808 Rursus

248 4903 258 4930 ³
305 4845 596 4916 mityl-111;;
639 4845 852 4916 κρούων
894 4844 992 4916 τὴν
1039 4843 1229 4916 θύραν,
1277 4845 1371 4898 καὶ
1425 4845 1584 4898 πάλιν
1623 4847 1652 4898 ὁ
1695 4847 1867 4908 ἀδεεῖς

290 4935 555 5006 ιἰωάννης
607 4935 1020 5006 εἰσερχόμενος,
1083 4933 1394 4988 ἐπελάθετο.
1446 4935 1518 4986 Τὸ
1572 4933 1628 4986 δὲ
1684 4936 1866 5003 τρίτον

288 5009 618 5098 ίκρούσαντος
685 5026 780 5080 τοῦ
839 5027 1174 5096 καμηλίτου.
1223 5027 1602 5097 εἰσερχόμενος
1675 5026 1863 5094 ἔλεγε·

289 5105 458 5190 ’Σειρᾶ
483 5119 749 5190 κάμηλος,
787 5118 942 5189 cupa
971 5118 1212 5188 κάμηλος
1235 5119 1298 5168 ³⁵.

377 5285 466 5358 λβκ
511 5289 570 5344 '0
623 5291 788 5355 αὐτὸς
836 5291 1027 5359 γέγονε
1078 5290 1214 5354 ζέων
1246 5291 1323 5361 τῷ
1361 5292 1646 5361 πνεύματι.
1691 5295 1872 5364 Παρα-

318 5373 472 5435 εςιλὼν
499 5379 593 5438 οὖν
618 5401 704 5447 τις
738 5381 912 5453 αὐτῷ,
953 5381 1214 5453 ἐπῄνεσεν
1245 5382 1406 5436 αὑτοῦ
1443 5383 1504 5436 τὸ
1531 5383 1690 5454 ἔργον
1710 5401 1721 5412 ·
1759 5387 1870 5456 εἱρ-

373 5534 417 5566 “
442 5536 520 5590 Al.
545 5518 672 5594 add.
753 5535 894 5608 μετὰ
917 5535 1176 5618 νήψεωςη
1227 5537 1270 5566 ³³
1301 5536 1484 5590 Matth.
1527 5554 1648 5600 \xv,
1679 5538 1764 5591 πθ.
1843 5541 1853 5567 ³

1965 5539 1993 5590 Ι.
2023 5540 2145 5592 add.
2174 5543 2266 5592 καὶ
2299 5541 2422 5592 τοῦτ

375 5719 475 5784 (i0)
507 5721 760 5778 Lautltct'.
795 5722 929 5776 Cod.
962 5723 1085 5776 “237.

377 5789 477 5859 (li)
521 5789 624 5849 Vit.
659 5792 817 5848 Patr.
853 5809 938 5861 In,
973 5796 1063 5848 (56.

1975 4841 2138 4904 igitur
2181 4839 2562 4895 interturbavit
2603 4843 2962 4908 camelarius,
3013 4843 3158 4898 fores
3213 4843 3432 4898 feriens.
3480 4844 3547 4897 Et

1975 4930 2150 4983 adhuc
2177 4931 2459 5000 ingressus
2481 4931 2650 4986 abbas
2676 4929 2936 4996 Joannes,
2959 4941 3169 4986 nonest
3199 4933 3540 4988 recordatus.

1971 5018 2212 5073 Tertium
2236 5020 2416 5090 itaque
2442 5021 2695 5090 pulsante
2720 5023 3030 5083 camelario,
3060 5022 3270 5076 intrans
3307 5023 3541 5077 dicebat.

1971 5111 2174 5174 l‘lecta,
2218 5113 2492 5179 eamclus;
2531 5114 2729 5183 plectat,
2763 5115 3022 5168 camelns.
3069 5112 3123 5166 Id
3171 5123 3346 5168 autem
3388 5129 3541 5181 repe-

1971 5205 2140 5264 teltat,
2174 5220 2240 5258 tte
2270 5205 2465 5260 iterum
2504 5220 2591 5260 res
2627 5206 2883 5258 memoria
2911 5206 3201 5260 excideret.

2041 5296 2129 5348 52.
2173 5293 2314 5348 ldent
2351 5295 2450 5349 fuit
2489 5296 2682 5364 Spiritu
2723 5295 2982 5349 fervidus.
3025 5295 3206 5364 Itaque
3239 5294 3437 5362 aliquis
3465 5291 3545 5344 vi-

1975 5404 2102 5440 sens
2127 5403 2273 5450 eum,
2311 5387 2552 5440 laudavit
2591 5389 2711 5457 ejus
2737 5405 2906 5456 opus;
2937 5387 3165 5456 plectam
3197 5393 3376 5438 autent
3407 5397 3549 5436 con-

2407 5559 2452 5592 :9
2479 5541 2678 5608 ἔλεγεν,
2711 5543 2794 5592 ἵνα
2823 5543 2894 5608 μὴ
2919 5537 3260 5608 ἐπιλάθηται.

2047 5725 2152 5794 (12)
2185 5724 2410 5794 .lmrrml.
2449 5742 2495 5793 ιι.
2543 5721 2774 5786 1002,11.
2814 5721 2861 5774 1.
