4032 6334
423 371 526 428 ειις

1585 359 1804 416 ΑΡΡΕΝ
1815 358 1925 414 NX
1969 360 2057 414 AD
2093 359 2312 415 PALLA
2322 354 2507 413 DiUM.

3462 302 3469 307 ’
3569 343 3665 401 eis

432 498 664 551 beiebat.
700 494 765 550 Et
792 497 981 551 tacuit.
1024 493 1223 549 lterum
1261 490 1349 544 ille
1385 501 1548 542 orsus
1576 492 1659 539 est
1693 497 2001 538 sermonem

2106 479 2305 549 γάζετο
2351 480 2408 532 δὲ
2462 478 2683 549 σειράν’
2745 477 2839 529 καὶ
2902 471 3195 542 latcbit-qut.
3242 463 3412 520 Πάλιν
3472 462 3679 525 ἐκεῖνος

430 589 497 642 ad
523 604 667 644 cuiu.
718 587 782 642 Et
818 587 994 643 adhuc
1032 585 1244 640 silebat.
1294 578 1475 634 Tertio
1515 576 1653 631 dixit
1698 574 1990 629 invisenti:

432 681 507 736 Ex
543 698 649 751 quo
677 680 780 735 huc
807 680 1085 749 ingressus
1111 691 1190 736 es,
1220 672 1385 727 Deum
1420 685 1450 727 a
1477 685 1562 723 me
1585 667 1816 740 ejecisti.

498 860 586 913 53.
631 857 785 912 Venit
813 854 1008 924 aliquis
1030 868 1194 908 senex
1224 854 1278 908 in
1302 852 1491 906 cellam
1515 849 1725 904 abbatis
1745 845 1994 910 Joannis,

432 962 484 1002 ιιι
507 951 708 1005 invenit
732 964 852 1003 eum
877 947 1256 1008 dormientem,
1276 941 1522 1012 angelum
1550 954 1679 994 vero
1706 948 1994 1004 astantem,

430 1041 520 1107 qui
552 1049 770 1094 ventum
799 1039 849 1094 ei
878 1036 1129 1091 faciebat.
1175 1017 1425 1104 Cumque
1470 1032 1715 1095 vidisset,
1749 1031 1997 1085 recessit.

434 1130 498 1187 [ιι
532 1138 708 1183 autem
740 1137 1089 1198 experrectus
1118 1135 1223 1187 est,
1254 1126 1326 1179 ait
1355 1122 1621 1191 discipulo
1651 1137 1751 1176 suo
1776 1140 1789 1176 :
1817 1121 2001 1175 Venit-

430 1239 499 1276 ne
546 1221 819 1290 quispiam
861 1218 1164 1273 dormiente
1213 1216 1338 1271 me?
1387 1215 1700 1285 Respondet
1743 1232 1755 1269 :
1802 1213 1996 1277 Etiam,

429 1316 519 1368 ille
549 1329 711 1369 senex
744 1331 757 1367 :
790 1311 1164 1380 Cognovitque
1213 1309 1381 1364 abbas
1409 1305 1651 1360 Joannes
1679 1305 1823 1375 quod
1855 1305 2001 1373 paris

430 1422 611 1463 serum
651 1405 867 1458 virtutis
897 1408 1043 1458 esset
1074 1416 1261 1462 senex,
1299 1414 1362 1452 ac
1390 1398 1611 1452 vidisset
1651 1399 1924 1466 angelum.

498 1497 585 1551 '54.
635 1495 746 1567 (ίῖ)
796 1494 922 1550 ΗΤθο
970 1493 1132 1548 verba
1185 1491 1313 1546 fecit
1359 1491 1529 1545 abbas
1574 1487 1812 1543 Joannes
1849 1507 1861 1541 :
1894 1489 2003 1557 Ego

431 1590 555 1645 volo
591 1598 647 1642 ut
675 1589 838 1643 homo
872 1602 1060 1657 parum
1097 1602 1161 1638 ex
1208 1584 1461 1639 omnilms
1500 1582 1793 1636 virtutil-us
1825 1583 2008 1650 percu.

434 1680 565 1749 piat.
611 1677 799 1747 Itaque
842 1676 1074 1743 singulis
1106 1674 1297 1729 diebus
1329 1687 1485 1727 mane
1517 1686 1838 1739 exsurgens,
1869 1685 2003 1738 cape

432 1769 759 1841 principium
787 1767 851 1822 ad
878 1781 1092 1820 onmem
1124 1764 1393 1825 virtutem,
1422 1760 1842 1830 mandatumq-ie
1888 1758 1999 1822 Dei,

434 1862 488 1916 in
520 1860 753 1913 maxima
787 1858 1065 1927 patientia,
1097 1871 1219 1910 cum
1259 1855 1455 1908 timore
1484 1867 1546 1907 ac
1576 1851 2000 1922 aequanimitate,

433 1954 488 2007 in
520 1952 747 2007 caritate
773 1949 888 2014 Dei,
915 1963 1037 2003 cum
1073 1947 1219 2001 omni
1259 1946 1541 2000 alacritate
1577 1944 1772 1997 animm
1794 1950 1849 1998 et
1877 1957 2001 1997 cor-

435 2041 605 2111 poris,
634 2053 867 2109 cumque
907 2037 1214 2091 humilitate
1256 2034 1448 2095 multa,
1472 2033 1526 2087 in
1571 2032 1855 2087 tolerantia
1888 2040 2001 2086 tum

435 2131 742 2186 aﬂlictionis
777 2130 978 2194 cordis,
1011 2135 1124 2182 tum
1157 2125 1439 2190 custodiae,
1472 2124 1524 2178 in
1566 2124 1814 2179 oratione
1835 2124 2001 2176 multa

432 2232 490 2278 et
520 2220 1016 2291 deprecationibus,
1062 2233 1184 2271 cum
1232 2215 1458 2285 gemitu,
1503 2216 1738 2284 puritate
1784 2215 1999 2286 lingum,

434 2323 489 2369 et
528 2313 776 2368 custodia
807 2311 1089 2366 oculorum
1128 2327 1141 2365 :
1177 2308 1557 2370 inbonoratus,
1588 2321 1687 2361 nec
1724 2306 2001 2371 irascens;

434 2402 712 2473 paciﬁcus.
750 2416 849 2455 nec
890 2399 1123 2455 reddens
1170 2400 1371 2453 malum
1421 2413 1521 2468 pro
1565 2398 1742 2463 malo;
1779 2412 1886 2452 non
1919 2404 2002 2449 at-

432 2493 661 2549 tendens
693 2492 759 2547 ad
791 2492 1021 2546 aliorum
1055 2490 1282 2557 delicta;
1319 2505 1425 2544 non
1472 2490 1705 2559 tcipsum
1748 2490 2002 2551 metiens,

432 2584 526 2641 sed
562 2583 664 2639 sub
699 2580 848 2639 muni
877 2585 1149 2639 exsistens
1178 2592 1428 2638 creatura
1463 2600 1475 2636 :
1513 2597 1610 2653 per
1639 2582 2001 2639 renuntiatio-

434 2687 554 2727 nem
603 2672 842 2725 materia:
878 2685 1169 2739 rerumque
1213 2669 1548 2734 carnalium;
1584 2668 1639 2723 in
1674 2684 1860 2735 cruce,
1886 2683 2003 2723 cer—

435 2763 658 2819 tamine.
691 2768 1006 2831 paupertate
1038 2760 1285 2829 spir'tus,
1323 2760 1376 2812 in
1410 2760 1684 2813 voluntate
1715 2769 1768 2813 et
1794 2758 2003 2813 exerci-

434 2860 637 2906 tatione
679 2849 970 2918 spirituali,
1020 2849 1072 2902 in
1113 2848 1341 2916 jejunio,
1383 2848 1721 2916 pmnileutia,
1764 2847 1912 2910 ﬂetu,
1948 2847 2003 2901 in

431 2956 603 3012 agone
630 2941 829 3011 proelii,
858 2941 911 2993 in
940 2940 1289 3002 discretione,
1326 2938 1380 2992 in
1407 2939 1599 2992 anima:
1621 2937 2001 3001 sanctimonia,

437 3032 491 3085 iu
540 3032 882 3101 perceptione
932 3032 1101 3096 bona;
1148 3044 1272 3083 cum
1324 3030 1505 3098 quiete
1555 3044 1691 3099 opus
1746 3044 2003 3084 manuum

433 3122 771 3177 exercendo:
797 3123 847 3175 in
881 3121 1164 3177 nocturnis
1192 3121 1416 3191 vigiliis;
1447 3119 1606 3187 fame,
1638 3121 1750 3187 siti,
1782 3120 2002 3191 frigore,
2032 3157 2072 3209 ο

433 3215 716 3281 nuditate,
765 3215 1097 3271 laboribus:
1149 3223 1313 3284 atque
1366 3214 1637 3268 occludito
1694 3214 2003 3282 sepulcrum

435 3319 623 3372 tuum,
666 3308 822 3377 quasi
865 3308 976 3375 jam
1024 3316 1304 3372 mortuus;
1350 3308 1420 3360 ita
1473 3316 1529 3361 ut
1576 3315 1733 3376 putes
1776 3314 2002 3361 mortem

434 3410 581 3455 tuam
617 3413 783 3471 prope
817 3413 936 3452 esse
967 3398 1114 3451 omni
1147 3398 1299 3451 hora.

502 3574 591 3629 55.
615 3574 846 3628 Aiebam
869 3574 935 3628 de
955 3574 1141 3628 eodem
1169 3573 1360 3629 abbate
1379 3572 1604 3637 Joanne,
1624 3574 1765 3643 quod
1784 3574 2003 3643 quando

432 3665 639 3719 redibat
666 3680 696 3719 e
726 3681 923 3725 messe,
961 3673 1108 3717 aute
1138 3678 1433 3734 congressu
1473 3680 1593 3719 cum
1630 3665 1877 3730 senibus,
1917 3680 2001 3716 va-
2052 3708 2061 3717 .

431 3755 592 3811 eabat
611 3757 865 3819 orationi,
904 3754 1237 3809 meditationi
1263 3764 1313 3809 et
1336 3756 1666 3823 psalmodim,
1698 3771 1872 3824 usque
1893 3770 2003 3825 quo

431 3859 587 3901 mens
616 3846 736 3914 ejus
771 3846 824 3898 in
859 3843 1148 3915 pristinum
1180 3844 1423 3900 ordinem
1454 3844 1645 3899 fuisset
1682 3845 1950 3900 restituta.

502 4019 592 4075 36.
638 4019 710 4075 De
737 4036 802 4075 co
832 4018 1204 4090 pronuntiavit
1234 4018 1451 4073 Patrum
1488 4020 1782 4074 nommllus
1813 4037 1824 4071 τ
1865 4017 2000 4084 Quis

426 4123 511 4169 est
544 4111 821 4173 Joannes,
861 4111 1007 4181 quod
1042 4126 1138 4182 per
1178 4111 1533 4166 humilitatem
1578 4126 1729 4165 suam
1762 4128 1792 4167 e
1834 4128 2001 4182 parvo

427 4206 597 4276 digito
620 4213 783 4259 totum
818 4204 1018 4259 Seetim
1050 4202 1371 4272 suspendit?

499 4370 586 4435 57.
627 4378 985 4448 Interrogavit
1010 4374 1209 4444 aliquis
1233 4390 1264 4428 e
1284 4372 1540 4428 Patribus
1567 4374 1814 4427 abbatem
1841 4370 1999 4427 Joan-

430 4486 552 4527 nem
585 4470 839 4533 Cui-tum,
870 4464 1004 4535 quid
1035 4472 1179 4518 esset
1208 4462 1532 4517 monachus.
1567 4461 1658 4516 Ille
1688 4462 1868 4517 dixit:
1903 4461 1999 4516 Est

429 4562 601 4618 labor.
642 4560 778 4625 Quia
823 4557 1127 4611 monachus
1168 4556 1221 4608 in
1260 4554 1407 4609 omni
1446 4568 1611 4621 opere
1657 4552 1886 4608 laborat.
1922 4551 1999 4606 Ita

427 4664 513 4711 cst
563 4654 886 4708 monachus.

499 4745 590 4801 58.
630 4740 1088 4798 Connncmuravit
1130 4739 1233 4792 hoe
1279 4736 1446 4792 abbas
1488 4732 1727 4790 Joannes
1753 4734 1996 4790 Curtus:

430 4835 743 4907 Spiritualis
793 4833 1013 4905 quidam
1067 4846 1231 4886 senex
1279 4829 1499 4884 inclusit
1545 4842 1634 4894 se;
1687 4834 1910 4897 eratque
1942 4828 1997 4881 in

427 4928 649 4983 civitate
675 4912 925 4995 ix‘isignis,
954 4926 1147 4994 plenus
1179 4921 1352 4992 gloria
1381 4930 1435 4975 et
1478 4920 1659 4975 laude.
1693 4917 1831 4975 lluie
1859 4919 2000 4976 indi-

427 5024 608 5072 catum
664 5023 787 5071 est:
818 5016 1143 5071 Sanctorum
1191 5011 1388 5080 aliquis
1445 5008 1669 5066 dissolvi
1716 5025 1812 5067 seu
1861 5012 1999 5066 mori

425 5108 625 5172 habet;
670 5106 833 5170 veni,
885 5105 1061 5160 saluta
1111 5119 1235 5159 eum
1281 5110 1574 5173 antequam
1627 5102 1808 5157 obeat.
1858 5102 2000 5174 Ergo

428 5200 697 5270 reputavit
730 5197 869 5268 apud
900 5212 991 5252 se:
1035 5196 1091 5251 Si
1118 5196 1185 5251 de
1213 5197 1302 5250 die
1333 5196 1539 5259 exiere,
1579 5203 1866 5250 accurrent
1899 5195 1997 5248 ho-

426 5294 623 5354 mines,
663 5292 942 5360 multaque
980 5288 1111 5344 mihi
1143 5291 1247 5344 erit
1288 5286 1481 5358 gloria,
1517 5301 1619 5342 nec
1662 5287 1715 5339 in
1756 5286 1840 5341 his
1872 5302 2000 5340 ron-

425 5386 669 5455 qaiesco.
698 5382 853 5439 Unde
871 5398 996 5438 sero
1018 5380 1120 5437 sub
1138 5382 1391 5436 tenebras
1412 5379 1593 5441 abibo,
1617 5380 1755 5433 clam
1784 5394 1994 5436 omnes.

496 5568 542 5602 ⁸³
572 5570 655 5620 ΑΙ.
690 5566 896 5632 ἔλαϐες,
975 5567 1019 5597 ⁸⁰
1049 5565 1131 5617 Μ.
1162 5565 1358 5635 ἀρχῆς.

501 5743 610 5814 U3)
650 5741 752 5795 Vit.
796 5742 945 5795 l’atr.
978 5758 1015 5809 ι,
1050 5745 1100 5795 ii.
1130 5741 1349 5794 Darotb.
1381 5740 1558 5794 Dortr.
1595 5738 1679 5794 Η.

1435 5563 1475 5595 ³⁷
1507 5563 1591 5616 Al.
1624 5562 1966 5631 στεναγμῶν.
2046 5562 2089 5593 ³³
2114 5565 2199 5618 Al.
2231 5567 2304 5617 ἐν.
2385 5566 2428 5595 ³³
2454 5566 2537 5618 ΑΙ.
2571 5563 2693 5618 add.
2734 5564 2849 5617 σοῦ.

2098 571 2345 642 ἐκίνησεν
2375 568 2522 640 αὑτῴ
2558 568 2745 635 λόγον·
2780 567 2875 621 καὶ
2915 563 3074 618 πάλιν
3119 558 3349 613 ἐσιώπα.
3375 553 3450 607 Τὸ
3476 552 3677 642 τρίτον,

2097 640 2248 728 λέγει
2286 659 2359 729 τῷ
2415 657 2805 728 παραΰαλὸντι·
2865 654 2984 720 Ἀφ’
3030 645 3091 702 οὗ
3131 644 3382 715 εἰσῆλθες
3426 640 3676 707 ἐνταῦθα,

2099 749 2288 812 ἔϐαλες
2319 748 2365 780 ³⁵
2391 748 2482 801 τὸν
2514 747 2645 800 Θεὸν
2673 747 2765 799 ἀπ’
2793 742 2947 815 ἐμοῦ.

2170 838 2270 906 λγ’.
2306 833 2477 889 Ἦλθέ
2530 853 2614 898 τις
2658 835 2833 904 γέρων
2878 832 2958 893 είς
3004 828 3102 897 τὴν
3145 824 3338 879 κέλλαν
3388 820 3482 873 τοῦ
3536 817 3682 872 ἀδεᾶ

2110 930 2381 993 Ἰωάννου,
2414 930 2506 982 καὶ
2538 920 2696 999 εῦρεν
2726 925 2889 979 αὑτὸν
2926 920 3277 976 καθεύδοντα,
3323 917 3417 967 καὶ
3446 911 3679 980 ἄγγελον

2102 1020 2505 1092 παριστάμενον
2530 1019 2624 1073 καὶ
2663 1015 2941 1087 ριπίζοντα
2968 1010 3130 1065 αὐτόν
3180 1008 3291 1061 Καὶ
3330 1002 3679 1079 ἀνεχώρησεν

2104 1089 2244 1164 ιδών.
2284 1089 2373 1174 ἐις
2408 1110 2466 1163 δε
2493 1109 2715 1178 ἀνέστη.
2750 1107 2897 1174 λέγει
2924 1102 3001 1174 τῷ
3036 1100 3248 1172 μαθητῇ
3282 1093 3482 1151 αὐτοῦ·
3508 1089 3681 1145 Ἦλθε

2098 1217 2182 1264 τις
2228 1193 2332 1253 ὦδε
2365 1198 2708 1269 κκμωμένου
2756 1211 2890 1267 μους
2948 1193 3148 1258 Λέγειο
3205 1186 3345 1241 Nat‘
3382 1187 3412 1238 6
3458 1183 3611 1236 δεῖνα
3650 1179 3684 1233 ὁ

2099 1293 2296 1364 γέρων.
2329 1291 2437 1344 Καὶ
2467 1289 2607 1357 ἔγνω
2635 1290 2663 1343 6
2688 1286 2863 1350 ἀὸΰᾶς
2901 1283 3176 1351 Ἰωάννης,
3207 1279 3289 1332 ὅτι
3317 1274 3426 1330 τῶν
3466 1274 3682 1346 μέτρων

2102 1381 2266 1437 αὐτοῦ
2299 1378 2365 1451 ἦν
2389 1382 2417 1434 6
2449 1382 2648 1450 γέρων,
2685 1378 2777 1432 καὶ
2809 1372 2919 1429 εἶδε
2950 1374 3040 1427 τὸν
3075 1369 3323 1440 ἄγγελον.

2170 1473 2262 1525 λδ’.
2299 1469 2463 1524 Εἶπεν
2490 1470 2710 1534 ὁάϐϐἄς
2741 1466 3027 1535 Ἰωάννης·
3072 1460 3213 1531 Ἐγὼ
3258 1458 3398 1513 θέλω
3450 1452 3686 1526 μεταλα-

2102 1565 2215 1617 ϐεῖν
2247 1563 2338 1616 τὸν
2387 1559 2694 1632 ἄνθρωπον,
2729 1555 2924 1628 μικρὸν
2954 1556 3019 1607 ἐκ
3051 1550 3242 1605 πασῶν
3287 1548 3396 1602 τῶν
3443 1545 3680 1616 ἀρετῶν.

2102 1656 2293 1707 Τοίνυν
2327 1654 2412 1722 ἐφ’
2436 1651 2672 1720 ἑκάστης
2700 1648 2933 1720 ἡμέρας.
2961 1642 3367 1712 διανιστάμενος
3400 1637 3478 1709 τῷ
3511 1632 3682 1707 πρωῒ,

2106 1744 2363 1821 ἐπιλαϐοῦ
2400 1743 2573 1815 ἀρχὴν
2609 1742 2654 1774 ³⁸
2698 1742 2777 1803 εις
2824 1740 3004 1792 πᾶσαν
3040 1735 3262 1807 ἀρετὴν,
3314 1731 3410 1785 καὶ
3459 1727 3683 1797 ἐντολὴν

2040 1826 2078 1877 η
2108 1834 2264 1902 Θεοῦ,
2297 1837 2354 1887 ὲν
2391 1834 2622 1906 μεγίστῃ
2666 1832 2933 1902 ὑπομονῇ.
2969 1826 3104 1899 μετὰ
3145 1824 3312 1896 φόϐου
3356 1822 3449 1876 καὶ
3482 1835 3686 1891 μακρο-

2106 1927 2335 1993 θυμίας,
2389 1929 2448 1979 ὲν
2498 1925 2685 1996 ἀγάπῃ
2737 1920 2894 1987 Θεοῦ,
2950 1917 3088 1991 μετά
3143 1916 3322 1986 πάσης
3371 1910 3681 1985 προθυμίας

2103 2018 2283 2089 ψυχῆς
2329 2017 2423 2071 καὶ
2477 2015 2745 2085 σώματος,
2794 2012 2889 2065 καὶ
2938 2005 3317 2068 ταπεινώσεως
3353 2001 3573 2071 πολλῆς,
3621 2001 3683 2052 ἐν

2105 2110 2347 2181 ὑπομονῇ
2374 2105 2606 2174 θλίψεως
2644 2102 2866 2173 καρδίας
2901 2100 2994 2152 καὶ
3029 2095 3294 2167 φυλακῆς,
3321 2095 3378 2146 ἐν
3404 2091 3680 2181 προσευχῇ

2106 2179 2272 2271 πολλῇ
2314 2199 2408 2253 καὶ
2437 2194 2769 2269 πρεσϐείαις,
2806 2190 2944 2262 μετὰ
2979 2185 3280 2257 στεναγμοῦ
3305 2185 3370 2243 ³⁷,
3396 2185 3454 2236 ὲν
3488 2179 3688 2253 ἁγνείᾳ

2104 2290 2372 2361 γλώσσης,
2417 2291 2512 2342 καὶ
2550 2286 2761 2356 φυλακῇ
2801 2280 3095 2352 ὀφθαλμῶν
3133 2275 3551 2349 ἀτιμαζόμενος,
3589 2271 3684 2324 καὶ

2108 2381 2183 2454 μὴ
2227 2379 2609 2450 ὀργιζόμενος·
2659 2371 2977 2446 εἰρηνεύων,
3028 2371 3120 2424 καὶ
3172 2368 3245 2438 μὴ
3300 2362 3682 2454 ἀνταποδιῦοίις

2105 2448 2273 2526 κακὸν
2314 2448 2436 2524 ἀντί
2469 2463 2678 2520 κακοῦ·
2730 2463 2806 2534 μὴ
2841 2458 3127 2532 προσέχων
3180 2453 3516 2524 πταίσμασιν
3565 2448 3685 2502 ἑτέ-

2107 2580 2249 2636 ρων·
2286 2559 2362 2633 μὴ
2399 2558 2593 2614 ἑαυτὸν
2628 2555 2862 2627 μετρῶν,
2893 2550 3155 2605 ὑποκάτω
3192 2548 3372 2617 πάσης
3415 2544 3518 2613 τῆς
3563 2541 3685 2595 κτί-

2106 2632 2245 2715 σεως
2288 2632 2394 2703 ῶν·
2430 2649 2488 2701 ὲν
2519 2644 2790 2714 ἀποταξία
2839 2641 2972 2711 ὕλης
3003 2639 3098 2692 καὶ
3140 2635 3250 2690 τῶν
3296 2634 3437 2688 κατά
3470 2632 3678 2696 σάρκα.

2104 2745 2163 2796 ἐν
2213 2739 2451 2811 σταυρῷ,
2499 2739 2556 2790 ὲν
2601 2734 2791 2804 ἀγῶνι,
2841 2735 2898 2785 ἑν
2946 2728 3188 2799 πτωχεία
3240 2724 3576 2795 πνεύματος,
3622 2723 3684 2773 ὲν

2108 2832 2420 2906 προαιρέσει
2446 2829 2539 2883 καὶ
2570 2827 2801 2897 ἀσκήσει
2844 2822 3208 2892 πνευματικῇ,
3253 2822 3309 2872 ὲν
3342 2814 3588 2888 νηστείᾳ,
3622 2814 3684 2865 ἐν

2109 2905 2362 2995 μετανοίᾳ
2385 2920 2479 2976 καὶ
2502 2920 2548 2952 ³⁸
2576 2916 2857 2988 κλαυθμῷ,
2889 2918 2946 2969 ὲν
2978 2913 3149 2983 ἀγῶνι
3188 2909 3447 2980 πολέμου,
3473 2907 3531 2959 ὲν
3564 2905 3687 2958 δια-

2105 3015 2306 3084 κρίσει,
2349 3016 2405 3066 sv
2445 3012 2638 3082 ἁγνεία
2673 3009 2874 3079 ψυχῆς,
2919 3009 2977 3060 ὲν
3015 3004 3312 3076 μεταλήψει
3343 3001 3586 3073 χρηστῇ’
3622 2999 3686 3079 εν

2105 3100 2305 3173 ἡσυχίᾳ
2341 3101 2403 3153 τὸ
2434 3099 2744 3171 ὲργόχειρον
2766 3097 2841 3127 ³⁸⁸
2875 3098 2931 3149 ὲν
2975 3096 3095 3156 ταῖς
3135 3089 3471 3161 νυκτεριναίς
3505 3086 3679 3154 ἀγρυο

2107 3194 2310 3257 πνίαις,
2343 3193 2400 3245 ὲν
2435 3192 2593 3263 πείνῃ
2625 3188 2718 3243 καὶ
2744 3187 2893 3259 δίψῃ,
2928 3188 2984 3238 ὲν
3017 3183 3178 3254 ψύχει
3215 3180 3308 3234 καὶ
3357 3176 3688 3248 γυμνότητι,

2108 3286 2165 3338 ὲν
2192 3284 2400 3346 πόνοις·
2433 3279 2734 3337 ἀποκλείων
2777 3295 2869 3330 σου
2918 3277 3010 3330 τὸν
3035 3276 3225 3343 τάφον,
3250 3271 3324 3335 ὡς
3363 3270 3464 3339 ἤδη
3492 3266 3682 3320 τελευ-

2106 3377 2308 3439 τήσας·
2348 3373 2424 3435 ῶς
2475 3370 2714 3441 νομίζειν
2764 3362 2900 3421 εἶναί
2949 3383 3042 3419 σου
3093 3364 3183 3417 τὸν
3238 3362 3465 3416 θάνατον
3515 3357 3685 3426 ἐγγὺς

2108 3468 2286 3539 πᾶσαν
2312 3466 2410 3535 τὴν
2436 3463 2584 3536 ὥραν
2610 3462 2675 3515 ⁵⁸.

2176 3558 2270 3611 λε’.
2296 3556 2521 3623 Ἔλεγον
2551 3554 2678 3624 περὶ
2725 3550 2893 3606 αὑτοῦ
2934 3549 3027 3604 τοῦ
3084 3547 3229 3605 ἀδεᾶ
3268 3544 3539 3603 Ἰωάννου,
3588 3543 3677 3595 δτι

2105 3649 2180 3713 ὡς
2211 3649 2410 3721 ἡρχετο
2442 3649 2505 3700 ἐκ
2538 3645 2629 3699 τοῦ
2674 3643 2891 3716 θέρους,
2928 3642 2960 3713 ἢ
2997 3638 3361 3711 παραϐάλλων
3401 3635 3679 3705 γέρουσιν,

2105 3744 2185 3806 είς
2212 3741 2311 3811 τὴν
2338 3741 2502 3811 εὐχὴν
2533 3740 2624 3794 καὶ
2660 3740 2740 3801 είς
2761 3736 2861 3808 τὴν
2889 3733 3119 3805 μελέτην
3142 3730 3236 3785 καὶ
3262 3731 3342 3793 εἰς
3372 3727 3468 3799 τὴν
3493 3724 3679 3794 ψαλμ-

2110 3830 2276 3902 ῳδίαν
2330 3827 2652 3899 ἐσχόλαζεν,
2688 3826 2793 3889 ἓως
2838 3819 2899 3878 οῦ
2923 3820 3341 3888 ἀποκατεστάθη
3363 3819 3395 3869 6
3418 3815 3678 3884 λογισμὸς

2104 3920 2271 3974 αὑτοῦ
2301 3923 2379 3983 είς
2403 3918 2501 3990 τὴν
2520 3918 2672 3985 τάξιν
2697 3917 2793 3988 τὴν
2820 3914 3072 3988 ἀρχαίαν.

2177 4016 2283 4077 λς’.
2314 4005 2451 4064 Είπέ
2481 4026 2566 4073 τις
2622 4009 2729 4063 τῶν
2767 4008 3026 4078 Πατέρων
3074 4004 3203 4075 περὶ
3233 4001 3432 4067 αὐτοῦ,
3466 4001 3547 4053 ὅτι
3580 3999 3680 4060 Τίς

2104 4109 2250 4158 ἐστιν
2284 4104 2313 4155 6
2351 4102 2627 4173 Ἰωάννης,
2664 4102 2744 4155 ὅτι
2802 4098 2890 4153 διὰ
2921 4100 3019 4169 τῆς
3059 4094 3438 4156 ταπεινώσεως
3486 4089 3676 4151 αὐτοῦ,

2107 4194 2413 4266 ἐκρέμασεν
2477 4192 2604 4263 ὅλην
2659 4193 2758 4263 τὴν
2828 4190 3025 4261 Σκῆτιν
3069 4189 3128 4242 ὲν
3165 4186 3242 4259 τῷ
3274 4182 3455 4257 μικρῷ
3511 4180 3678 4235 αὑτοῦ

2106 4286 2353 4355 δακτύλῳ
2373 4303 2388 4351 ς

2176 4377 2275 4442 λζ’.
2323 4378 2595 4449 Ἐρώτησέ
2624 4394 2707 4440 τις
2733 4375 2840 4430 τῶν
2875 4374 3136 4444 Πατέρων
3166 4371 3255 4426 τὸν
3281 4368 3455 4424 ἀθϐἄν
3493 4367 3678 4421 Ἰωάν-

2034 4495 2073 4549 ο
2103 4487 2202 4539 νην
2228 4468 2319 4523 τὸν
2342 4467 2584 4533 κολοϐὸν,
2630 4468 2684 4521 τί
2729 4468 2845 4520 ἐστι
2889 4462 3150 4536 μοναχός;
3194 4464 3255 4516 '0
3282 4461 3342 4515 δὲ
3375 4457 3495 4514 εἷπε
3516 4475 3530 4490 ο
3564 4457 3678 4512 Κό-

2108 4578 2225 4624 πος.
2266 4561 2384 4613 ὐτι
2413 4563 2441 4615 ὁ
2473 4558 2702 4631 μοναχδς
2758 4560 2836 4620 εἰς
2886 4557 2993 4610 πᾶν
3026 4555 3187 4629 ἔργον
3224 4554 3409 4623 κοπιᾷ.
3435 4551 3621 4614 Οῦτως
3649 4551 3682 4604 6

2111 4653 2360 4724 μοναχὸς.

2174 4745 2276 4815 λη’.
2306 4741 2473 4799 Εἶπεν
2504 4747 2531 4797 6
2558 4743 2729 4807 ἀῆϐἄς
2770 4744 3023 4813 Ἰωάννης
3058 4741 3086 4794 6
3110 4737 3349 4801 κολοϐὸς,
3389 4737 3469 4791 ὅτι
3500 4733 3679 4807 γέρων

2102 4855 2188 4902 τις
2221 4837 2604 4907 πνευματικὸς,
2650 4837 2971 4889 ἀπέκλεισεν
3007 4834 3217 4897 ἑαυτὸν,
3252 4834 3346 4884 καὶ
3380 4824 3448 4899 ἦν
3487 4827 3681 4892 ἐπίση-

2109 4947 2207 5001 μος
2239 4932 2296 4982 ὲν
2322 4932 2390 5000 τῇ
2441 4929 2613 4992 πόλει,
2642 4929 2737 4982 καὶ
2769 4928 2927 4994 δόξαν
2974 4925 3171 4995 πολλὴν
3203 4923 3358 4993 ἔχων.
3405 4914 3677 4988 Ἐδηλώθη

2103 5021 2162 5076 δὲ
2192 5020 2387 5093 τούτῳ,
2417 5020 2499 5074 ὅτι
2520 5020 2719 5077 Μέλλει
2752 5037 2836 5084 τις
2871 5017 2980 5073 τῶν
2999 5018 3168 5087 ἁγίων
3194 5014 3467 5077 ἀναλύειν,
3497 5009 3681 5081 δεῦρο,

2106 5110 2347 5166 ἀσπασαι
2396 5111 2557 5163 αὑτὸν
2609 5111 2737 5181 πρὶν
2790 5109 3047 5182 κοιμηθῇ.
3112 5108 3222 5161 Καὶ
3262 5102 3573 5175 ἐνεθυμήθη
3620 5101 3682 5155 ὲν

2105 5202 2303 5273 ἑαυτῷ,
2332 5205 2413 5256 ὃτι
2451 5202 2576 5257 Ἐάν
2607 5202 2805 5268 ἐξέλθω
2843 5202 3074 5271 ἡμέρας,
3105 5198 3480 5269 ἐπιτρέχουσι-δ
3503 5194 3553 5246 οἱ
3587 5192 3681 5246 ἄν·

2106 5291 2332 5364 θρωποι,
2383 5291 2477 5344 καὶ
2512 5291 2677 5361 πολλή
2731 5307 2820 5361 μοι
2848 5291 2976 5356 δόξα
3013 5287 3241 5357 γίνεται,
3292 5285 3386 5339 καὶ
3419 5283 3519 5337 οὐκ
3548 5281 3680 5334 ἀναο

2105 5383 2346 5454 παύομαι
2401 5385 2480 5448 είς
2532 5383 2724 5437 ταῦτα.
2762 5382 3088 5453 Ἀπέρχομαι
3120 5376 3213 5434 οὖν
3238 5378 3335 5449 ὀψὲ
3361 5379 3425 5449 τῇ
3468 5374 3678 5446 σκοτίᾳ.

2930 5562 2965 5592 κ
3003 5561 3065 5614 ΔΙ
3121 5559 3357 5630 ᾗμέραν.
