4032 6334
281 382 370 443 Ωιτ
1422 385 2028 444 ΔΡΟΡΙΙΤΗΕΕΜΑΤΔ
2063 388 2291 449 ΡΛΤΙὶυ
2302 388 2371 447 Μ.

3415 391 3527 452 ιιι

278 506 355 559 καὶ
369 501 619 558 λανθάνω
641 501 871 565 πάντας.
902 500 1029 572 Ὀψὶ
1055 498 1150 557 οῦν
1168 501 1399 566 imam
1426 504 1492 558 ικ
1520 501 1614 557 τοῦ
1630 503 1840 558 κελλίου

1947 504 2183 576 Vespere
2224 506 2393 576 igitur
2424 521 2688 577 egressus
2729 517 2813 564 est
2853 523 2886 564 e
2926 509 3084 576 cella,
3121 517 3178 563 ut
3223 508 3316 579 qui
3355 511 3527 569 latere

274 597 337 659 ὡς
361 592 533 648 θέλων
552 592 740 647 λαθεῖν
761 609 776 624 ο
801 592 898 646 καὶ
927 592 1037 647 ἰδοῦ
1052 632 1057 635 -
1075 595 1142 647 εκ
1167 589 1263 647 τοῦ
1292 591 1425 648 Θεοῦ
1453 592 1843 664 καταπέμπον-

275 701 353 739 ut
395 682 493 737 δύο
542 681 766 753 ἄγγελοι
826 683 964 754 μετά
1014 682 1350 755 λαμπάδων,
1404 684 1841 756 παραφαίνοντες

276 774 409 844 αὐτῷ
429 789 444 804 ·
473 774 568 827 καὶ
593 772 778 825 λοιπὺν
806 775 956 828 πᾶσα
987 776 1021 844 η
1046 773 1199 839 πόλις
1225 773 1842 847 κατέδραμε-βλέπουσα

277 864 359 935 τὴν
379 862 558 928 δόξαν.
600 864 711 916 Καὶ
742 863 867 916 ὅσον
910 863 1055 930 εδοξε
1087 863 1308 935 φεύγειν
1340 865 1440 935 τὴν
1472 864 1653 931 δόξαν,
1678 864 1842 919 πλέον

278 953 544 1026 ὲδοξάσθη.
590 954 679 1007 Ἑν
734 951 943 1018 τούτοις
987 954 1286 1027 πληροῦται
1326 955 1391 1009 τὸ
1423 956 1838 1027 γεγραμμένονο

276 1045 385 1109 Πᾶς
423 1047 457 1098 ό
490 1042 790 1097 ταπεινῶν
815 1043 1055 1109 ἑαυτὸν,
1083 1044 1490 1115 ὑψωθήσεται.

334 1133 425 1187 λθο.
479 1133 707 1201 Ἔλεγεν
756 1134 785 1187 ὁ
840 1133 1016 1197 ἀῦὁᾶς
1053 1134 1304 1208 Ἰωάννης
1358 1139 1389 1190 ὁ
1444 1136 1698 1200 κολοϐός⁸
1763 1135 1842 1192 Οὐ

272 1221 478 1276 δυνατὸν
521 1222 875 1294 οἰκοδομῆσαι
901 1223 994 1276 τὸν
1022 1220 1169 1279 οἷκον
1202 1224 1406 1281 ἀνωθεν
1434 1226 1532 1279 ἐπὶ
1571 1226 1632 1281 τὸ
1665 1227 1840 1290 κάτω,

274 1314 371 1369 ἀλλ’
407 1317 475 1368 ὲκ
540 1316 635 1368 τοῦ
689 1314 934 1387 θεμελίου
978 1318 1070 1369 ἐπὶ
1097 1316 1161 1371 τὸ
1200 1316 1332 1372 άνω.
1368 1318 1630 1388 Λέγουσιν
1659 1317 1841 1390 αὐτῷ’
1884 1344 1889 1349 -

274 1404 357 1469 Τίς
391 1407 543 1459 ἐστιν
571 1408 600 1459 ὁ
629 1406 784 1475 λόγος
812 1399 996 1471 οῦτοςς
1025 1407 1189 1477 Λέγει
1228 1410 1445 1473 αὐτοῖς⁹
1484 1411 1544 1463 '0
1573 1408 1842 1476 θεμέλιος,

272 1497 299 1549 ὸ
337 1496 565 1567 πλησίον
610 1498 780 1563 ἐστὶν,
831 1499 916 1551 ἵνα
955 1498 1118 1553 αὑτὸν
1147 1498 1413 1574 κερδάνῃς
1437 1516 1452 1532 ·
1507 1503 1604 1555 καὶ
1638 1500 1845 1572 ὀφείλει

276 1588 481 1660 πρῶτον
516 1590 584 1645 ⁸³.
615 1590 710 1654 Ei;
754 1590 914 1644 αὐτὸν
940 1590 1049 1663 γὰρ
1091 1590 1396 1663 κρέμανται
1420 1593 1592 1647 πᾶσαι
1619 1593 1675 1647 αι
1705 1594 1851 1648 ἐντο-

275 1677 354 1733 λαὶ
374 1679 469 1734 τοῦ
494 1679 754 1753 Χριστοῦ.

338 1778 410 1841 μ’.
440 1773 673 1841 Ἔλεγον
725 1773 855 1845 περὶ
922 1773 1016 1828 τοῦ
1072 1773 1217 1829 ἀϐὄᾶ
1263 1774 1535 1839 Ἰωάννου,
1580 1775 1664 1829 ὅτι
1699 1775 1846 1840 τινὸς

1943 595 2137 661 vellet;
2179 603 2343 666 atque
2365 610 2495 652 ecce
2521 595 2698 668 angeli
2727 597 2839 652 duo
2865 611 2991 653 eum
3025 598 3370 668 lampadibus
3396 601 3525 655 mito

1944 694 2139 742 tuntur
2168 702 2198 742 a
2234 686 2366 753 Deo,
2392 688 2577 744 lumen
2600 688 2650 744 ei
2679 689 2995 759 praebituri;
3029 698 3143 745 tum
3172 689 3370 746 deinde
3407 698 3523 746 tota

1942 777 2137 833 civitas
2179 778 2479 845 concurrit,
2531 787 2590 833 ut
2637 780 2846 836 videret
2891 780 3143 851 gloriam.
3198 781 3261 836 Et
3311 794 3523 854 quanto

1944 869 2172 940 gloriam
2212 869 2384 924 voluit
2411 868 2666 942 ell‘ugere,
2691 877 2842 926 tanto
2869 872 3043 943 magis
3064 878 3150 928 est
3168 884 3521 931 consecutus.

1943 960 2002 1016 ln
2030 960 2117 1017 his
2145 960 2475 1032 adimpletur
2505 962 2654 1033 quod
2679 964 2945 1034 scriptum
2972 974 3054 1021 est
3081 984 3095 1021 :
3134 964 3320 1022 Omnis
3346 968 3436 1038 qui
3467 984 3525 1023 te

1944 1051 2215 1116 humiliat,
2251 1051 2579 1108 exaltabitttr
2608 1053 2649 1086 “
2665 1091 2682 1107 .
2918 1078 2923 1081 ·

2014 1143 2104 1199 59.
2140 1141 2287 1198 Dixit
2318 1143 2491 1199 abbas
2519 1143 2755 1201 Joannes
2787 1145 3023 1204 (iurtus:
3046 1147 3163 1204 Non
3193 1158 3371 1220 potest
3388 1149 3523 1206 tedi-

1945 1231 2096 1287 ﬁcari
2145 1234 2343 1289 domus
2380 1248 2412 1289 ι
2450 1249 2670 1291 sursum
2699 1236 2767 1291 ad
2798 1237 3064 1302 inferius,
3116 1239 3207 1296 sed
3247 1254 3277 1294 a
3323 1239 3521 1295 funda-

1945 1331 2126 1378 mento
2159 1323 2226 1377 ad
2255 1324 2494 1380 culmen.
2526 1323 2740 1397 Rogant
2769 1342 2895 1383 cum
2917 1346 2930 1383 :
2955 1326 3097 1395 Quid
3128 1331 3230 1385 sibi
3270 1333 3387 1385 vult
3418 1332 3525 1391 isto

1945 1414 2163 1469 sermo?
2192 1413 2541 1487 Respondit:
2581 1416 3042 1484 Fundamentum,
3092 1422 3372 1492 proximus
3404 1433 3521 1490 est,

1944 1503 2021 1559 uti
2054 1519 2179 1559 eum
2223 1505 2485 1563 lucreris:
2536 1514 2701 1580 atque
2744 1508 2872 1564 hinc
2905 1511 3295 1582 incipiendum.
3347 1516 3428 1570 Ab
3458 1531 3522 1571 ea

1943 1599 2090 1653 enim
2129 1612 2188 1653 re
2215 1596 2454 1669 pendent
2481 1607 2678 1655 cuncta
2713 1599 2917 1659 Christi
2947 1612 3245 1676 praecepta.

2017 1773 2107 1829 ιο.
2149 1776 2519 1830 Memorabant
2552 1782 2620 1831 de
2649 1785 2848 1834 aunate
2888 1794 3096 1837 Joanne
3136 1782 3280 1838 bunc
3313 1784 3366 1839 in
3408 1800 3532 1840 mo-

271 1864 529 1937 νεωτέρας
551 1861 908 1935 ἐτελεύτησαν
943 1865 993 1918 οἱ
1025 1866 1220 1932 γονεῖς,
1274 1864 1370 1918 καὶ
1420 1864 1721 1936 ὑπελείφθη
1748 1864 1843 1937 ὀρ-

1947 1863 2073 1920 dum
2099 1863 2429 1934 :Cujusdam
2458 1866 2884 1925 adolescentulae
2918 1880 3171 1942 parentes
3201 1890 3232 1930 ιι
3263 1874 3398 1931 vivis
3428 1892 3523 1933 ex-

272 1956 405 2027 φανὴ
426 1970 443 1987 ο
470 1955 643 2027 ὄνομα
678 1954 734 2009 δὲ
754 1957 914 2027 αὐτῇ,
949 1954 1189 2028 Παησία.
1234 1955 1549 2025 Ἐλογίσατο
1571 1952 1666 2010 οῦν
1694 1956 1843 2029 ποιῆ-

272 2065 352 2105 σαι
376 2049 468 2104 τὸν
506 2046 657 2105 οἷκον
693 2050 868 2121 αὐτῆς
901 2051 1242 2123 ξενοδοχείον,
1281 2053 1361 2117 είς
1402 2052 1561 2122 λόγον
1588 2052 1698 2107 τῶν
1728 2053 1844 2107 Πα-

267 2138 432 2211 τέρων
450 2138 555 2209 τῆς
579 2139 854 2211 Σκήτεως.
883 2139 1139 2211 Ἐμεινεν
1174 2136 1269 2197 οῦν
1298 2139 1471 2207 οῦτως
1495 2139 1842 2214 ξενοδοχοῦσα

268 2230 353 2283 ιπι
380 2229 574 2301 χρόνον
610 2231 815 2298 ίκανδν,
855 2231 950 2285 καὶ
983 2231 1364 2304 θεραπεύουσα
1403 2235 1531 2299 τοὺς
1563 2234 1838 2307 Πατέρας.

273 2321 416 2377 Μετά
463 2321 525 2375 δὲ
551 2320 762 2394 χρόνον,
807 2322 882 2387 ὡς
915 2322 1167 2395 ἀνηλώθη
1197 2324 1266 2378 τά
1300 2325 1622 2397 πράγματα,
1666 2325 1841 2397 ἀρχὴν

269 2412 520 2485 ἐποίησεν
563 2412 926 2484 ὑστερεῖσθαι.
963 2414 1366 2487 Ἐκολλήθησαν
1412 2411 1506 2472 οῦν
1554 2416 1695 2488 αὐτῇ
1725 2415 1842 2470 διά-

271 2518 481 2575 στροφοι
516 2502 828 2575 ἅνθρωποι,
876 2504 971 2558 καὶ
1020 2505 1363 2576 μετέστησαν
1399 2505 1569 2578 αὐτὴν
1606 2505 1714 2560 ἀπὸ
1746 2503 1840 2559 τοῦ

270 2595 465 2649 σκοποῦ
496 2594 592 2649 τοῦ
620 2594 826 2665 ἀγαθοῦ
862 2612 877 2627 ·
927 2596 1022 2649 καὶ
1050 2595 1238 2650 λοιπὸν
1277 2596 1479 2669 ἧρξατο
1511 2597 1718 2666 διάγειν
1741 2614 1842 2651 κα-

268 2687 393 2753 κῶς.
412 2688 558 2742 ὥστε
584 2687 787 2757 φθάσαι
817 2688 989 2759 αὐτὴν
1025 2690 1106 2753 είς
1137 2688 1200 2743 τὸ
1217 2688 1523 2761 πορνεύειν.
1562 2691 1845 2743 Ἤκουσαν

267 2780 317 2833 δὲ
338 2780 389 2834 οἰ
420 2779 686 2851 Πατέρες,
715 2781 809 2834 καὶ
838 2781 981 2834 πάνυ
1010 2780 1380 2853 ἐλυπήθησαν,
1413 2781 1509 2835 καὶ
1541 2779 1843 2851 προσκαλε·

268 2872 485 2942 σάμενοι
536 2873 632 2925 τὸν
687 2870 861 2925 ἀὸδᾶν
893 2871 1146 2944 Ἰωάννην
1177 2872 1266 2927 τὸν
1299 2872 1537 2935 κολοϐὸν,
1595 2871 1841 2943 λέγουσιν

266 2961 405 3032 αᾷτῷ
425 2963 533 3026 ὅτι,
569 2961 909 3033 Ἦκούσαμεν
942 2965 1068 3035 περὶ
1100 2946 1462 3035 τῆξάδελφῆς
1496 2963 1731 3036 ἐκείνης.
1757 2965 1840 3019 ὅτι

265 3056 433 3123 διάγει
457 3055 646 3119 κακῶς
676 3057 772 3109 καὶ
801 3056 940 3127 αὐτὴ
969 3057 1055 3110 ὅτε
1088 3057 1340 3129 ἠδύνατο,
1362 3058 1460 3129 τὴν
1496 3059 1716 3129 ἀγάπην
1742 3058 1842 3127 ab;

263 3152 357 3218 ’τῆς
378 3150 458 3212 είς
488 3150 636 3219 inid;
661 3148 961 3214 ἐνεδείξατο
980 3166 994 3180 ο
1021 3151 1113 3203 καὶ
1136 3150 1231 3203 νῦν
1252 3151 1410 3222 ἡμεῖς
1442 3150 1841 3222 ὲπιδειξὼμεθα

264 3242 341 3303 εἰς
370 3241 542 3310 αὐτὴν
575 3239 677 3311 τὴν
703 3240 947 3313 ἀγάπην,
972 3242 1068 3295 καὶ⁵
1103 3241 1458 3315 βοηθήσωμεν
1483 3245 1637 3317 αὐτῇ.
1667 3245 1840 3299 Σκύλ-

1942 1965 2268 2024 cesscrunt;
2302 1959 2600 2029 relictaque
2624 1969 2707 2017 est
2730 1963 2972 2033 pupilla;
3002 1970 3195 2021 nomen
3229 1966 3279 2021 ei
3310 1965 3524 2026 Paesia.

1943 2044 2068 2102 Haec
2096 2048 2381 2104 constituit
2409 2064 2440 2104 e
2467 2051 2631 2106 domo
2659 2066 2760 2107 sua
2800 2052 2980 2110 facere
3007 2054 3427 2125 xenodoctiium,
3453 2062 3522 2116 ad

1945 2152 2104 2193 usum
2149 2136 2375 2193 Patrum
2404 2139 2650 2197 Sceteos.
2698 2141 2792 2198 Sic
2838 2144 3022 2213 itaque
3050 2145 3141 2200 diu
3189 2149 3524 2217 permansit,

1943 2228 2181 2300 hospitio
2224 2230 2531 2300 suscipiens
2567 2243 2621 2287 et
2664 2231 2856 2291 fovens
2896 2232 3107 2292 Patres.
3155 2235 3347 2294 Postea
3390 2255 3523 2295 con-

1942 2323 2178 2393 sumptis
2206 2321 2580 2392 facultatibus,
2614 2326 2782 2397 etepit
2805 2341 2985 2398 egere.
3024 2329 3281 2397 Adjuncti
3312 2346 3441 2403 ergo
3470 2332 3521 2387 ei

1942 2418 2070 2467 sunt
2104 2412 2342 2482 perversi
2384 2413 2652 2480 homines,
2696 2414 2790 2485 qui
2828 2429 2949 2470 eam
2993 2430 3029 2470 δ
3061 2417 3205 2472 bono
3241 2421 3532 2490 proposito

1942 2512 2288 2559 averterunt:
2315 2504 2551 2575 indeque
2581 2506 2747 2576 coepit
2784 2520 2949 2577 prave
2980 2522 3158 2576 agere,
3194 2510 3329 2566 adeo
3360 2519 3418 2565 ut
3452 2512 3523 2568 ad

1942 2593 2324 2649 fornieaudum
2344 2596 2668 2666 perveniret.
2702 2596 2821 2664 Quo
2846 2597 3055 2663 audito,
3091 2598 3278 2656 Patres
3309 2618 3523 2657 sutnma

1942 2685 2117 2741 allecti
2150 2695 2278 2742 sunt
2316 2688 2561 2743 tristitia.
2598 2687 2664 2743 Et
2694 2689 3028 2745 advocantes
3068 2691 3316 2748 abbatem
3358 2691 3525 2748 Joan-

1940 2795 2063 2834 nem
2094 2779 2347 2844 Curtum,
2383 2780 2573 2834 dietmt
2608 2780 2698 2836 ei:
2732 2780 2808 2837 De
2847 2797 3034 2837 sorore
3071 2783 3164 2837 illa
3188 2785 3526 2853 accepimus,

1941 2872 2083 2926 male
2104 2887 2223 2926 eam
2266 2872 2480 2938 vivere;
2516 2873 2606 2926 illa
2641 2888 2770 2927 vero
2804 2889 2929 2928 cum
2960 2880 3157 2945 potuit.
3192 2875 3521 2931 charitatcm

1941 2974 2097 3015 suam
2133 2976 2259 3031 erga
2308 2975 2409 3017 nos
2447 2962 2726 3027 exercuit;
2777 2976 2926 3017 nunc
2967 2964 3207 3019 vicissim
3256 2981 3355 3021 nos
3392 2983 3523 3036 erga

1942 3053 2087 3107 illam
2134 3052 2490 3109 ostendamus
2520 3054 2867 3119 charitatem,
2906 3058 3277 3111 succurrendo
3308 3060 3377 3113 ei.
3417 3058 3523 3112 Ita-

1941 3159 2045 3211 qttc
2067 3144 2118 3197 id
2145 3143 2344 3199 laboris
2375 3146 2614 3215 suscipe,
2641 3154 2701 3200 ut
2727 3144 2792 3199 ad
2820 3146 2964 3200 illam
2995 3148 3225 3203 accedas
3245 3158 3337 3204 εει
3358 3149 3518 3220 juxta

1943 3236 2265 3305 Sapientiam
2306 3251 2469 3306 quam
2515 3236 2613 3291 tibi
2661 3236 2809 3291 dedit
2848 3236 3023 3301 Deus,
3071 3240 3137 3294 de
3180 3256 3238 3294 re
3274 3241 3525 3309 dispone.

267 3332 381 3403 θητι
408 3327 505 3385 οὖν
539 3331 675 3403 πρὸς
694 3332 866 3401 αὐτήν
888 3349 904 3366 θ
933 3335 1026 3387 καί
1056 3334 1196 3388 κατά
1219 3336 1320 3406 τὴν
1350 3336 1543 3405 σοφίαν
1574 3338 1641 3408 ἢν
1674 3336 1843 3390 ἔδωκέ

1947 3328 2099 3382 Venit
2141 3329 2311 3383 abbas
2352 3327 2594 3385 Joannes
2633 3328 2698 3382 ad
2745 3329 2956 3398 ipsam,
2999 3329 3245 3401 dicitque
3294 3334 3527 3388 anicula!

265 3440 343 3476 σοι
381 3425 413 3477 ὁ
457 3424 614 3486 Θεὸς,
652 3424 1007 3495 οίκονόμησον
1063 3425 1124 3480 τά
1149 3428 1269 3480 κατ’
1299 3427 1491 3497 αὑτήν.
1522 3425 1726 3481 Ἦλθεν
1750 3423 1843 3482 οῦν

1947 3419 2180 3488 ianitrici
2212 3438 2225 3475 :
2262 3420 2441 3475 Indica
2487 3420 2725 3475 domina:
2759 3430 2864 3476 tuae
2901 3438 2986 3477 me
3021 3422 3106 3476 hic
3136 3440 3278 3480 esse.
3309 3425 3398 3480 Illa
3439 3443 3525 3482 re-

264 3517 293 3566 o
323 3513 498 3578 άϐὄᾶς
533 3504 787 3585 Ἰωᾋννης
836 3515 973 3586 πρὸς
1009 3515 1198 3585 αὐτὴν,
1235 3517 1330 3570 καὶ
1369 3517 1518 3587 λέγει
1548 3521 1615 3589 τῇ
1662 3520 1842 3590 γραῖδι

1947 3510 2091 3564 misit
2132 3526 2280 3575 eum,
2317 3511 2543 3566 dicens:
2578 3510 2687 3566 Vos
2732 3512 2801 3565 ab
2846 3512 3002 3567 initio
3044 3514 3184 3569 bona
3216 3516 3362 3572 illius
3395 3533 3527 3572 eon-

263 3609 326 3678 τῆ
352 3604 586 3677 θυρωρῷ
609 3620 626 3638 ’
661 3606 916 3677 Μήνυσόν
959 3624 1026 3677 με
1070 3608 1206 3679 πρὸς
1233 3608 1332 3679 τὴν
1390 3609 1586 3682 κυρίαν
1618 3627 1730 3664 σου.
1776 3612 1842 3664 Ἡ

1947 3603 2295 3672 sumpsistis,
2343 3604 2455 3670 jam
2520 3603 2679 3673 inops
2732 3613 2835 3658 est.
2882 3605 2968 3660 Ait
3022 3606 3190 3661 abbas
3239 3606 3524 3664 Joannes:

263 3696 317 3750 δὲ
374 3695 744 3767 ἀπεπέμψατο
787 3696 953 3751 αὐτὸν
1004 3698 1270 3766 λέγουσα·
1313 3700 1502 3770 Ὑμεῖς
1556 3701 1614 3767 ἐξ
1671 3702 1844 3773 ἀρχῆς

1947 3690 2199 3760 Signilica
2225 3693 2294 3746 ei.
2327 3692 2580 3762 Magnum
2609 3692 2754 3746 enim
2791 3693 2892 3762 ipsi
2927 3705 3154 3765 apporto
3184 3698 3523 3752 emolumen-

264 3788 597 3856 κατεφάγετε
636 3786 707 3841 τά
733 3787 924 3858 αὐτῆς,
952 3789 1045 3843 καὶ
1069 3789 1162 3859 ἣδε
1190 3789 1237 3823 ⁸³
1264 3793 1452 3862 πτωχή
1492 3794 1632 3845 ἐστι.
1678 3793 1843 3860 Λέγει

1947 3791 2077 3836 lunt.
2104 3781 2241 3836 Tum
2267 3782 2452 3836 l'atuuli
2474 3783 2594 3852 ejus
2621 3783 2969 3840 subridentes
2992 3788 3329 3858 interrogant
3351 3808 3362 3842 :
3383 3788 3527 3855 Quid

264 3879 395 3949 αὐτῇ
420 3878 450 3931 ὁ
482 3877 659 3942 ἀσῦἄς
700 3879 956 3949 Ἰωάννης
978 3897 993 3913 ο
1039 3880 1169 3935 Εἰπὲ
1204 3882 1366 3953 αὐτῇ.
1409 3881 1555 3935 Πάνυ
1583 3883 1690 3955 γάρ
1735 3883 1844 3952 ἔχω

1947 3875 2089 3929 ι-ιιίιιι
2133 3874 2235 3944 ipsi
2284 3875 2514 3930 daturus
2545 3891 2627 3937 es,
2659 3876 2803 3945 quod
2845 3878 2929 3933 vis
2974 3894 3096 3930 cum
3149 3895 3212 3932 ea
3248 3880 3533 3949 colloqui?

262 3970 427 4040 αὐτὴν
474 3968 782 4039 ὠφελῆσαι.
825 3971 889 4023 οι
916 3970 973 4023 δὲ
1006 3971 1191 4035 παῖδες
1221 3973 1390 4043 αὐτῆς
1423 3972 1843 4044 ὑπομειδιῶντες

1947 3966 2245 4037 Respondit
2271 3984 2284 4020 :
2310 3965 2462 4021 Unde
2483 3967 2638 4021 scitis
2655 3967 2783 4037 quid
2807 3968 3133 4037 prmbiturus
3154 3969 3290 4022 sim?
3318 3971 3525 4025 Ascen-

262 4061 509 4130 λέγουσιν
538 4060 687 4133 αὖτῷ
710 4079 724 4093 ·
760 4062 826 4115 Τί
856 4063 965 4134 γὰρ
994 4064 1137 4134 ἔχεις
1161 4064 1342 4119 δοῦναι
1367 4067 1526 4137 αὐτῇ,
1560 4067 1641 4120 ὅτι
1669 4066 1842 4131 θέλεις

1947 4058 2078 4112 deus
2140 4058 2304 4128 igitur
2345 4072 2503 4117 anus,
2565 4059 2835 4112 nuntiavit
2888 4059 3119 4113 dominae
3165 4061 3232 4113 de
3293 4059 3521 4118 Joanne.

261 4153 395 4225 αὐτῇ
428 4156 747 4225 συντυχεῐνς
778 4153 839 4208 ’0
884 4156 940 4209 δὲ
990 4157 1263 4229 ἀπεκρίθη
1311 4158 1487 4228 λέγων
1506 4176 1519 4189 ·
1548 4159 1717 4214 Πόθεν
1737 4161 1844 4232 γὰρ

1947 4145 2084 4200 Dicit
2108 4146 2184 4199 illi
2225 4146 2437 4216 puella:
2471 4144 2532 4198 Ili
2557 4146 2806 4200 monachi
2835 4146 2901 4199 ad
2935 4160 3084 4200 mare
3116 4147 3357 4201 Rubrum
3392 4165 3526 4202 con-

259 4244 434 4299 οωατε
465 4242 519 4299 τί
554 4244 734 4316 μέλλω
762 4246 900 4317 αὐτῇ
952 4251 1284 4318 παρασχείν;
1322 4248 1647 4302 Ἀνελθοῦσα
1678 4246 1771 4303 οὖν
1807 4253 1840 4321 η

1947 4239 2100 4293 tinuo
2135 4239 2414 4301 incedunt,
2443 4253 2509 4293 ac
2548 4238 2832 4293 inveniunt
2866 4239 3205 4309 margaritas.
3246 4238 3375 4295 inde
3401 4256 3528 4293 eum

259 4332 455 4404 γραῦς.
516 4329 677 4388 εἶπεν
722 4338 862 4407 αὐτῇ
901 4336 1032 4407 περὶ
1072 4336 1259 4392 αὐτοῦ.
1298 4339 1409 4392 Καὶ
1454 4338 1601 4409 λέγει
1632 4340 1769 4411 αὐτῇ
1806 4341 1839 4410 ἡ

1947 4331 2180 4401 seipsam
2221 4339 2543 4385 exornasset
2580 4328 2754 4398 :Fae,
2799 4330 2996 4400 inquit,
3042 4330 3314 4385 hominem
3345 4331 3410 4385 ad
3442 4347 3529 4385 me

260 4424 501 4495 νεωτέρα
530 4439 547 4455 ο
581 4415 743 4479 Οὗτοι
775 4426 826 4479 οἱ
852 4428 1075 4498 μοναχοὶ
1113 4429 1201 4481 ἀεὶ
1233 4429 1532 4484 διακινοῦσι
1571 4432 1725 4500 παρά
1746 4430 1844 4501 τὴν

1947 4422 2207 4478 adducas.
2236 4421 2410 4493 thue
2427 4422 2695 4482 ascendit.
2725 4421 3062 4492 praeveniens
3088 4422 3176 4475 illa
3203 4425 3340 4476 sedit
3364 4437 3530 4493 super

272 4515 541 4588 Ἐρυθρὰν
604 4514 917 4579 θάλασσαν,
962 4518 1055 4572 καὶ
1108 4519 1422 4590 εὑρίσκουσι
1476 4522 1837 4593 μαργαρίτας.

1947 4514 2166 4568 lectum.
2199 4511 2264 4565 Et
2293 4512 2562 4567 accedens
2592 4510 2761 4566 abbas
2793 4509 3032 4566 Joannes
3065 4510 3220 4581 juxta
3258 4511 3406 4565 illam
3440 4526 3531 4565 as-

261 4607 601 4678 Κοσμήσασα
658 4602 753 4661 οὖν
822 4608 1021 4680 ἑαυτὴν
1068 4608 1239 4679 λέγει,
1272 4610 1508 4682 Θέλησον
1557 4613 1843 4682 ἀνενέγκαι

1947 4609 2122 4671 sedit;
2172 4606 2574 4678 intendensque
2623 4608 2677 4661 in
2726 4607 2933 4660 vultum
2985 4604 3141 4676 ejus,
3191 4605 3266 4659 ita
3314 4606 3533 4691 loeutus

264 4698 393 4768 πρὸς
424 4700 514 4768 μέ.
560 4700 651 4764 Ὠς
682 4695 776 4755 οῦν
830 4701 1050 4771 ἀνῆλθε,
1083 4701 1425 4773 προλαϐοῦσα
1456 4704 1725 4775 ὲκαθέσθη
1764 4707 1845 4770 εἰς

259 4793 355 4859 τὴν
385 4790 598 4861 κλίνην.
656 4791 855 4846 Ἐλθὼν
900 4793 956 4847 δὲ
983 4793 1210 4859 ὁάϐὁᾶς
1256 4795 1526 4865 Ἰωάννης.
1574 4797 1844 4869 ὲκαθέσθη

263 4882 424 4947 ἐγγὺς
457 4883 651 4954 αὐτῆς.
705 4884 966 4956 Προσχὼν
1004 4885 1060 4939 δὲ
1092 4887 1169 4949 είς
1201 4886 1263 4939 τὸ
1318 4889 1608 4960 πρόσωπον
1654 4889 1842 4956 αὐτῆς,

265 4970 409 5039 λέγει
441 4974 711 5044 αὑτῇοΤί
753 4975 1033 5045 κατέγνως
1073 4976 1165 5031 τοῦ
1213 4977 1411 5049 Ἰησοῦ,
1451 4980 1531 5032 ὅτι
1578 4983 1657 5043 είς
1689 4978 1847 5033 τοῦτο

266 5056 455 5130 ἦλθες
484 5066 791 5120 Ἀκούσασα
818 5066 897 5130 δὲ,
928 5069 1188 5139 ἀπεπὰγη
1215 5070 1332 5140 ὅλη.
1350 5072 1458 5123 Καὶ
1482 5071 1667 5134 κλίνας
1692 5072 1841 5126 κάτω

272 5155 364 5225 τὴν
385 5157 631 5227 κεφαλὴν
648 5157 816 5211 αὐτοῦ
839 5160 868 5211 ὁ
900 5158 1075 5222 άϐϐἄς
1113 5160 1385 5230 Ἰωάννης,
1415 5160 1618 5232 ἦρξατο
1638 5162 1843 5215 κλαίειν

278 5246 527 5315 σφοδρῶς.
562 5248 729 5316 Λέγει
760 5248 913 5319 αὐτῷ
939 5250 1074 5321 αὺτή
1101 5266 1114 5280 ⁸
1161 5251 1350 5316 Ἀϐϐᾶ,
1387 5252 1438 5304 τί
1467 5252 1669 5317 κλαίεις
1698 5270 1712 5317 ;
1759 5253 1846 5316 Ὠς

278 5330 619 5401 ἃάνένευσε,
652 5338 818 5393 πάλιν
873 5338 1079 5392 ἔκλινεν
1108 5340 1295 5393 ἑαυτὸν
1331 5339 1552 5403 κλαίων,
1589 5343 1683 5394 καὶ
1705 5341 1848 5410 λέγει

282 5422 426 5496 αὑτῇ·
456 5426 645 5482 Βλέπω
676 5430 762 5482 ὅτι
788 5431 818 5482 ὁ
850 5429 1093 5492 Σατανᾶς
1119 5429 1300 5493 παίζει
1331 5430 1411 5493 είς
1453 5433 1552 5501 τὴν
1579 5431 1700 5501 ὄψιν
1730 5415 1846 5494 σου,

286 5516 371 5566 καὶ
396 5518 451 5570 οὗ
498 5520 572 5593 μὴ
601 5520 864 5581 κλαύσως
911 5523 1213 5575 Ἀκούσασα
1242 5522 1298 5574 δὲ
1334 5522 1480 5590 λέγει
1516 5524 1663 5595 αὖτῷ
1689 5543 1700 5555 ·
1732 5526 1849 5577 "Evt

290 5609 537 5677 μετάνοια,
567 5613 748 5679 ἁ66ᾶ;
778 5613 926 5682 λέγει
953 5617 1085 5686 αὖτῇ
1107 5635 1118 5646 ’
1147 5617 1270 5670 Ναὶ.
1308 5618 1467 5685 Λέγει
1489 5618 1634 5680 αἱ·τῴ
1658 5636 1669 5647 ·
1707 5618 1848 5670 A516:

344 5796 380 5829 δ’
411 5786 535 5849 Luc.
570 5810 682 5862 xw,
719 5793 806 5848 ιι.
890 5793 931 5823 δ’
969 5793 1049 5846 Αι.
1083 5795 1281 5863 ὼιεοελεί
1314 5794 1546 5863 πρῶτος.

1947 4711 2032 4758 est
2057 4721 2069 4756 :
2097 4700 2236 4768 Quid
2268 4701 2321 4755 in
2347 4699 2475 4755 Jesu
2519 4697 3026 4769 reprehendendum
3062 4697 3340 4764 invenisti,
3373 4706 3433 4751 ut
3463 4696 3531 4750 ad

1950 4795 2095 4848 hune
2130 4792 2454 4864 procederes
2489 4787 2877 4856 statum?Quo
2918 4789 3124 4853 audito,
3163 4796 3274 4842 tota
3305 4804 3534 4844 concre-

1949 4885 2047 4938 vit.
2099 4885 2282 4939 Abbas
2334 4899 2463 4939 vero
2510 4879 2751 4937 Joannes
2796 4881 3061 4935 inclinato
3111 4882 3311 4953 capite,
3367 4882 3534 4950 cmpit

1950 4978 2301 5031 vehementer
2337 4975 2487 5032 ﬂere.
2535 4976 2674 5030 Tum
2706 4977 2756 5029 ei
2798 4975 2929 5029 illa:
2976 4974 3161 5039 Abba,
3199 4989 3367 5045 quare
3401 4973 3536 5028 ﬂes?

1946 5068 2040 5125 llle
2081 5069 2347 5137 suspexit,
2389 5069 2699 5137 iterumque
2746 5067 3030 5122 inclinavit
3068 5081 3148 5129 se,
3192 5067 3438 5137 plorans,
3469 5079 3534 5117 ac

1948 5162 2129 5216 dixit:
2162 5159 2328 5214 Video
2379 5161 2637 5213 Satanam
2691 5157 2965 5212 ludentem
3024 5156 3080 5211 in
3138 5156 3290 5210 vultu
3334 5165 3448 5216 tuo,
3480 5163 3534 5208 et

1952 5268 2060 5307 non
2105 5250 2372 5305 deﬂeam?
2403 5251 2646 5306 Audiens
2689 5251 2804 5314 illa,
2856 5248 3060 5314 Estne,
3110 5247 3308 5316 inquit,
3355 5247 3529 5310 abba,

1953 5341 2286 5412 pmuiteutice
2320 5343 2512 5397 locus?
2542 5340 2844 5413 Respondit
2868 5359 2881 5395 ι
2910 5340 3103 5393 Etiam.
3144 5337 3236 5392 Illa
3261 5337 3326 5391 ad
3366 5351 3488 5389 eum
3516 5352 3530 5389 :

1956 5432 2068 5486 Duc
2123 5448 2210 5485 me
2253 5449 2585 5503 quocunque
2632 5432 2873 5488 libuerit.
2936 5430 3158 5484 Abbas:
3189 5428 3408 5481 Eamus.
3470 5424 3536 5480 Et

1955 5527 2194 5580 Surrexit
2226 5534 2283 5579 ut
2305 5537 2628 5596 sequeretur
2660 5543 2803 5581 eum.
2842 5525 3013 5578 Porro
3041 5521 3273 5576 advertit
3295 5518 3538 5576 Joannes

1955 5618 2100 5689 quod
2142 5619 2272 5672 nihil
2329 5620 2394 5675 de
2452 5621 2612 5673 dumo
2667 5636 2764 5671 sua
2820 5618 3136 5670 mandasset
3195 5624 3286 5668 aut
3346 5611 3539 5669 fuisset

1656 5793 1696 5825 "’
1725 5794 1808 5847 .U.
1849 5795 1946 5848 ῗῦε.
