4032 6334
274 339 351 393 εει
1395 336 2011 395 APOPIITIIEGMATA
2046 334 2353 394 PATRUM.
2816 334 2829 353 ‘
3402 335 3516 394 εει

270 457 465 512 σεαυτὸν
490 455 697 524 ὀλίγον,
717 456 800 509 ὅτι
822 454 1007 509 λοιπὸν
1039 455 1343 526 ἐγήρασας.
1372 455 1483 509 Καὶ
1513 455 1703 523 ἔλεγεν.
1725 455 1822 511 αὒ-

1963 466 2025 508 cr
2045 451 2224 533 quieti
2251 451 2347 516 da,
2372 449 2500 522 quia
2528 451 2642 521 iam
2670 465 2839 513 senex
2870 465 2952 508 es.
2982 447 3124 506 Tum
3154 446 3233 505 ait
3263 446 3390 505 eis:
3415 446 3520 506 Li-

272 553 380 614 τοῐς,
404 549 487 603 ὅτι
514 546 640 601 Ἐὰν
662 547 941 602 καύσωσιν
952 546 1243 619 Ἰσίδωρον,
1261 544 1357 603 καὶ
1382 544 1479 617 τὴν
1507 545 1699 600 σποδὸν
1726 546 1825 598 αὐ-

1965 553 2018 600 et
2050 544 2452 600 combusserint
2476 541 2767 608 Isidorum,
2794 543 3026 614 ejusque
3045 542 3259 599 cineres
3293 542 3349 599 in
3376 558 3511 599 ven-

206 654 215 663 ‘
277 641 349 696 τοῦ
369 639 556 712 ἀνέμῳ
582 640 979 711 σκορπίσωσιν,
1003 638 1122 694 οὐδὲ
1158 638 1255 709 μία
1287 654 1378 707 μοι
1407 637 1568 709 χάρις
1610 634 1821 707 ἀκμὴν,

1963 652 2048 691 um
2093 636 2472 707 disperserint,
2517 636 2667 701 nulla
2701 634 2836 689 mihi
2882 635 3183 690 etiamnum
3232 632 3410 707 gratia
3457 641 3512 687 et

270 738 337 792 ἇτι
357 736 384 790 6.
417 733 544 796 Υἱὸς
564 731 661 785 τοῦ
691 728 834 787 Θεοᾶ
851 722 952 785 ὧδε
978 724 1109 801 ἦλθε
1132 729 1200 785 δι’
1229 729 1396 800 ἡμᾶς.

1963 728 2311 799 indulgentia;
2342 728 2600 801 quoniam
2629 725 2811 785 Filius.
2837 726 2937 783 Dei
2967 726 3076 782 huc
3105 724 3255 781 venit
3285 733 3512 797 propter

1933 834 2059 875 nos.

2005 908 2059 965 li.
2091 908 2205 980 (19)
2249 906 2394 966 Idem
2435 908 2680 964 narravit
2727 908 2797 964 de
2834 907 3036 964 abbate
3080 908 3323 973 Isidoro,
3365 908 3520 977 quod

1938 1000 2186 1055 subirent
2210 997 2627 1069 euniejusmodi
2665 998 3055 1068 c0gitationes:
3078 997 3321 1069 Magnus
3353 998 3522 1054 homo

1936 1104 2017 1147 es.
2060 1092 2180 1161 Ipse
2210 1103 2339 1145 vero
2361 1089 2427 1144 ad
2453 1104 2550 1145 eas
2594 1097 2914 1160 reponeret:
2939 1087 3195 1159 Nunquid
3221 1105 3345 1146 sum
3375 1090 3519 1145 sicut.

1938 1182 2111 1237 abbas
2133 1179 2442 1235 Antonius?
2477 1180 2693 1237 Utinam
2725 1182 2948 1235 omnino
2968 1195 3143 1235 essem
3174 1181 3320 1236 velut
3349 1181 3530 1239 abbas

271 1279 332 1340 ὠς
357 1280 403 1331 οι
450 1275 631 1332 λοιποὶ
684 1271 924 1345 Πατέρες
960 1272 1010 1324 oi
1056 1269 1132 1341 τῷ
1160 1270 1280 1341 Θεῷ
1330 1264 1826 1340 εὐαρεστήσαντεςι

1963 1273 2166 1340 ὀιιώο,
2199 1279 2293 1327 aut
2328 1282 2588 1344 tanquam
2628 1272 2826 1344 reliqui
2868 1271 3082 1337 Patres,
3113 1273 3208 1344 qni
3248 1272 3354 1328 Deo
3400 1273 3518 1343 pla~

273 1367 387 1420 Ὀτε
428 1363 605 1418 ταῦτα
660 1365 1117 1435 παρεισήνεγκεν,
1168 1361 1491 1416 ἀνεπαύετο.
1534 1360 1663 1412 Ὅτε
1699 1358 1755 1411 δὲ
1795 1359 1831 1429 ἡ

1963 1367 2206 1422 :ueruntl
2241 1365 2379 1421 Cum
2407 1366 2521 1421 haec
2569 1364 2910 1436 protulisset,
2952 1363 3190 1433 quietem
3215 1378 3523 1434 conseque-

272 1457 427 1527 ἔχθρα
454 1457 629 1530 ἐποίει
648 1457 811 1510 αὐτὸν
832 1455 1243 1526 όλιγοψυχῆσαι,
1274 1452 1350 1516 ὡς
1378 1452 1462 1509 ὅτι
1490 1449 1634 1522 μετὰ
1660 1448 1834 1503 ταῦτα

1963 1466 2123 1513 iatur.
2164 1456 2394 1525 Quando
2440 1464 2623 1511 autem
2668 1454 2893 1510 humani
2938 1455 3154 1525 generis
3190 1455 3377 1510 hostes
3411 1456 3522 1511 de-

276 1550 437 1603 πάντα
466 1547 549 1608 είς
577 1543 679 1617 τὴν
705 1545 923 1601 κόλασιν
941 1548 1009 1616 ⁵⁷,
1039 1547 1225 1615 ἔλεγεν
1259 1543 1421 1608 αὐτὸς
1467 1542 1602 1614 πρὸς
1638 1542 1834 1605 αὐτοὺς

1963 1562 2131 1604 nones
2180 1546 2394 1603 eﬂicere
2432 1545 2750 1602 nitebantur
2807 1552 2887 1599 ut-
2901 1545 3102 1616 pusillo
3140 1552 3287 1600 esset
3315 1546 3518 1607 animo,

274 1643 363 1700 ὅτι,
390 1640 510 1697 Κᾶν
538 1642 618 1704 εἰς
657 1640 880 1697 κόλασιν
923 1637 1211 1711 ὲμϐληθῶ,
1246 1638 1391 1711 ὑμᾶς
1436 1635 1693 1695 ὑποκάτω
1745 1634 1839 1688 εὐ-

1963 1640 2103 1710 [uasi
2136 1645 2261 1710 post
2304 1639 2421 1695 ha-c
2454 1638 2639 1694 omnia
2680 1645 2925 1693 maneret
2981 1637 3135 1692 illum
3179 1651 3360 1706 poma,
3406 1635 3529 1706 ipse

275 1735 453 1806 ρίσκω.
1944 1729 2014 1784 ad
2048 1745 2146 1785 eos
2184 1729 2468 1801 inquiebat
2499 1747 2512 1784 :
2548 1728 2812 1796 Quamvis
2856 1729 3045 1785 mittar
3076 1729 3142 1785 ad
3169 1727 3530 1800 supplicium,

1869 1823 1913 1879 Β
1944 1840 2041 1881 vos
2071 1832 2251 1881 tamen
2289 1824 2488 1882 subtus
2518 1824 2814 1880 inveniam.
3078 1878 3082 1883 .

321 1910 398 1974 οξ.
442 1905 609 1963 Εἶπεν
642 1911 673 1962 6
698 1907 873 1972 assa;
921 1907 1191 1981 Ἰσίδωρος
1234 1908 1340 1975 ὅτι,
1388 1905 1655 1978 Ἀπῆλθόν
1703 1918 1838 1960 ποτε

2019 1914 2069 1970 7.
2121 1913 2236 1987 (εο)
2280 1913 2488 1971 Retulit
2529 1914 2702 1972 abbas
2740 1913 3029 1973 Isidorus:
3077 1913 3364 1971 Profectus
3402 1930 3533 1971 sunt

273 2004 328 2055 ὲν
352 2004 415 2072 τῇ
438 2003 617 2074 ἀγορᾷ
638 2002 890 2070 πωλῆσαι
923 2000 1090 2073 σκεύη
1113 2000 1287 2073 μικρά
1308 2016 1322 2030 °
1348 1999 1443 2053 καὶ
1470 1998 1593 2053 ἰδὼν
1621 1997 1719 2071 τὴν
1746 1998 1840 2068 6p-

1963 2006 2243 2077 iliquando
2277 2006 2333 2061 in
2367 2007 2570 2074 forum,
2598 2013 2661 2063 ut
2684 2007 2908 2063 vascula
2928 2008 3256 2070 venderem;
3290 2021 3537 2077 cumque-

273 2094 367 2165 γὴν
392 2093 721 2163 ἐγγίζουσαν
746 2110 858 2165 μοι,
890 2093 1057 2157 ἐάσας
1089 2093 1160 2146 τὰ
1190 2091 1362 2164 σκεύη
1401 2090 1623 2162 ἔφυγον.

1963 2110 2193 2158 ηιιιυει-θι·
2229 2102 2572 2158 iracundiam
2623 2102 2758 2157 mihi
2793 2102 3269 2174 appropinquare,
3316 2100 3526 2165 relictis

1945 2194 2092 2249 vasis
2119 2193 2254 2265 fugi.

2017 2285 2071 2342 8.
2112 2284 2358 2341 Perrexit
2387 2286 2682 2357 aliquando
2712 2287 2881 2343 abbas
2905 2285 3149 2342 Isidorus
3180 2286 3247 2340 ad
3271 2285 3523 2339 abbati-ui

1948 2374 2315 2446 Theophilum
2353 2377 2825 2446 archiepiscopum
2876 2377 3255 2432 Alexandriae:
3291 2384 3345 2430 et
3376 2386 3523 2446 pust-

1949 2481 2111 2536 quam
2151 2466 2218 2521 ad
2252 2465 2452 2522 Scetim
2488 2483 2740 2524 reversus
2768 2468 2888 2530 est,
2917 2467 3220 2537 percontati
3245 2474 3374 2521 sunt
3398 2481 3522 2519 eum

1950 2558 2149 2613 fratres
2181 2559 2455 2629 quomodo
2513 2559 2737 2614 haberet
2768 2558 2987 2616 civitas.
3035 2557 3377 2630 Respondit:
3410 2556 3527 2613 l‘ti-

1950 2666 2080 2721 que,
2115 2648 2334 2716 fratres,
2375 2666 2473 2721 ego
2498 2650 2737 2705 hominis
2766 2650 2959 2705 faciem
2998 2664 3105 2705 non
3133 2649 3266 2714 vidi,
3305 2657 3529 2719 prseter-

276 2734 644 2801 χιεπισκόπου.
661 2734 726 2789 Ui
746 2733 804 2789 δὲ
818 2731 1144 2794 ἀκούσαντες
1160 2733 1255 2785 ὲτα
1263 2730 1432 2802 ράχθη
1440 2746 1558 2794 σαν,
1573 2730 1841 2798 λέγοντες·

1963 2757 2117 2811 quam
2143 2741 2563 2811 archiepiscopi.
2594 2739 2675 2794 Illi
2702 2741 3011 2805 audientes,
3045 2741 3250 2795 turbati
3286 2747 3436 2802 sunt,
3464 2755 3530 2793 ac

278 2818 410 2893 'Apa
442 2822 792 2895 ἐχαώθησαν,
852 2822 998 2876 ἁϐὁᾶ
1028 2838 1046 2889 ;
1084 2823 1141 2876 '0
1169 2823 1228 2877 δὲ
1257 2820 1410 2875 εἶπεν
1441 2839 1455 2853 ’
1492 2822 1603 2892 Οὐχ
1633 2820 1806 2884 οὕτως
1826 2836 1842 2852 ·

1963 2832 2251 2886 dixerunt:
2306 2831 2388 2883 An
2420 2831 2486 2884 ad
2541 2830 2711 2887 chaos
2761 2837 2815 2886 et
2865 2830 3096 2884 nihilum
3132 2829 3338 2884 redacti
3379 2836 3531 2891 sunt,

277 2916 383 2969 ἀλλ’
411 2918 516 2969 οὐκ
541 2914 767 2985 ἐνίκησέ
797 2931 866 2985 με
891 2915 920 2967 6
945 2913 1200 2985 λογισμὸς
1228 2912 1323 2966 τοῦ
1357 2914 1483 2966 ίδεῑν
1525 2930 1666 2967 τινα.
1702 2913 1767 2965 Ol.
1791 2912 1848 2967 δὲ

1963 2921 2133 2976 abba?
2160 2919 2231 2984 Is,
2262 2919 2379 2973 Non
2411 2921 2507 2983 ita,
2539 2921 2755 2992 inquit:
2807 2921 2901 2976 sed
2943 2937 3028 2976 me
3068 2936 3176 2975 non
3206 2919 3405 2974 devicit
3440 2933 3534 2971 co-

278 3009 609 3070 ἀκούσαντες
661 3006 996 3076 ἐθαύμασαν,
1027 3007 1121 3058 καὶ
1165 3005 1562 3076 ἑστηρίχοησαν
1611 3006 1698 3059 ἵνα
1743 3022 1847 3075 φυ-

1963 3015 2165 3084 gitatio,
2214 3020 2272 3065 ut
2302 3014 2608 3082 aspicerem
2649 3026 3001 3082 quemquam.
3050 3011 3171 3077 Quo
3212 3012 3287 3065 illi
3323 3009 3530 3071 audito,

279 3098 533 3155 λάττωσιν
562 3098 681 3153 ἀπο
698 3096 1077 3170 μετεωρισμοῦ
1101 3098 1230 3161 τοὺς
1258 3095 1574 3167 ὀφθαλμοὺς
1607 3096 1811 3151 αὐτῶν.

1963 3105 2012 3158 in
2041 3103 2463 3157 admirationem
2496 3103 2855 3169 devenerunt,
2896 3110 2952 3157 et
2974 3102 3284 3156 conﬁrmati
3316 3110 3443 3157 sunt
3476 3110 3537 3155 ut

1878 3175 1921 3236 ο
1955 3196 2023 3251 ab
2053 3196 2372 3266 evagatione
2401 3194 2746 3249 custodirent
2774 3194 2967 3249 oculos
3008 3209 3159 3249 suos.

342 3278 404 3331 θ’.
452 3278 519 3331 '0
546 3275 714 3340 αὐτος
766 3275 940 3340 ἀϐᾶᾶς
979 3276 1245 3347 Ἰσίδωρος
1295 3272 1488 3329 εἶπεν·
1531 3277 1596 3329 Ἠ
1639 3276 1851 3339 σύνεσις

2023 3286 2077 3341 9.
2111 3285 2254 3340 Idem
2284 3286 2452 3341 abbas
2479 3285 2722 3341 Isidorus
2753 3287 3168 3356 pronuntiavit:
3206 3284 3534 3338 Sanctorum

278 3369 378 3422 τῶν
410 3369 588 3437 ἁγίων
629 3367 768 3439 αὕτη
798 3368 936 3433 ἐστὶ,
969 3367 1032 3421 τὸ
1069 3367 1369 3435 ἐπιγνῶναι
1408 3368 1472 3421 τὸ
1518 3366 1729 3438 θέλημα
1758 3365 1851 3421 τοῦ

1963 3376 2252 3447 prudentia
2282 3376 2399 3430 haec
2426 3386 2529 3439 est,
2557 3391 2854 3447 agnoscere
2885 3376 3220 3430 voluntatem
3250 3373 3367 3428 Dei.
3393 3376 3539 3429 Cun-

278 3460 429 3515 Θεοῦ.
485 3460 717 3514 Πάντων
748 3459 858 3531 γὰρ
900 3459 1237 3531 περιγίνεται
1269 3461 1298 3512 6
1345 3458 1632 3531 ἄνθρωπος
1682 3460 1741 3513 ἐν
1789 3460 1851 3529 τῇ

1963 3475 2047 3519 cta
2070 3464 2215 3519 enim
2243 3473 2466 3534 superat
2494 3466 2654 3518 homo
2687 3464 2741 3517 in
2768 3463 3018 3518 veritatis
3054 3461 3388 3523 obedientia,
3409 3462 3540 3530 quia
3575 3515 3587 3526 ,

281 3552 486 3623 ὑπακοῇ
537 3551 640 3621 τῆς
687 3550 1075 3621 ἀληθείας,ὃτι
1122 3549 1287 3603 εἰκὼν
1334 3550 1428 3605 καὶ
1479 3551 1732 3622 ὁμοίωμα
1761 3549 1851 3604 τοῦ

1963 3555 2057 3609 Dei
2102 3555 2282 3625 imago
2314 3570 2377 3609 ac
2412 3554 2718 3609 similitudo
2766 3562 2870 3609 est.
2927 3554 3074 3608 Inter
3122 3568 3315 3607 omnes
3360 3561 3540 3605 autem

279 3643 409 3697 θεοῦ
446 3646 586 3697 ἐστι.
626 3641 856 3698 Πάντων
900 3641 957 3694 δὲ
991 3640 1318 3711 πνεύματων
1361 3641 1533 3694 δεινόν
1563 3640 1612 3672 ⁸⁸
1644 3642 1760 3694 ἐστι
1800 3640 1851 3696 τὶ

1963 3647 2188 3717 Spiritus
2232 3646 2591 3718 gravissimus
2635 3655 2739 3708 est,
2774 3644 2927 3715 sequi
2967 3660 3063 3699 cor
3094 3661 3278 3707 suum,
3324 3644 3425 3699 hoc
3462 3652 3547 3697 est

281 3734 589 3788 ἀκολουθεῖν
620 3735 688 3804 τῇ
722 3732 915 3786 ἑαυτοῦ
961 3732 1179 3804 καρδίᾳ,
1225 3733 1470 3786 τουτέστι
1502 3731 1579 3805 τῷ
1620 3732 1732 3802 ἰδίῳ
1768 3731 1851 3786 λορ

1963 3738 2238 3809 propriam
2294 3737 2708 3806 cogitationem,
2764 3752 2880 3791 non
2928 3752 3059 3791 vero
3100 3736 3272 3807 legem
3323 3734 3452 3802 Dei;
3492 3741 3550 3787 et

281 3826 651 3897 γισμῷ“,καὶ
678 3827 755 3897 μὴ
775 3826 852 3896 τῷ
878 3826 1027 3897 νόμῳ
1064 3826 1158 3879 τοῦ
1188 3825 1359 3880 Θεοῦ·
1390 3824 1483 3879 καὶ
1517 3823 1644 3877 ὖστε
1655 3840 1745 3895 ρον
1773 3822 1851 3890 γί-

1963 3841 2152 3902 postea
2189 3829 2244 3883 in
2292 3828 2496 3882 luctum
2525 3829 2574 3882 ei
2604 3827 2806 3894 evadit,
2839 3827 3101 3898 quoniam
3134 3844 3244 3882 non
3293 3828 3552 3898 cognovit

281 3935 427 3971 νεται
464 3917 618 3989 αὐτῷ
650 3920 731 3981 είς
762 3917 976 3983 πένθος,
1001 3919 1083 3971 ὄτι
1110 3918 1211 3971 οὐκ
1259 3917 1399 3987 ἔγνω
1439 3917 1501 3970 τὺ
1541 3915 1851 3987 μυστήριον1

1964 3920 2311 3992 mysterium,
2343 3934 2520 3988 neque
2542 3917 2744 3972 invenit
2776 3918 2920 3971 viam
2952 3926 3293 3984 sanctorum,
3321 3926 3380 3970 ut
3409 3918 3462 3971 in
3484 3932 3550 3971 ea

281 4008 400 4062 οὐδὲ
428 4003 558 4080 εὗρε
598 4008 702 4080 τὴν
738 4008 856 4062 όδὸν
892 4008 1000 4062 τῶν
1033 4000 1206 4078 ἁγίων
1241 4009 1570 4082 ἐργάξεσθαι
1599 4011 1656 4062 ἐν
1700 4009 1851 4079 αὐτῇ.

1967 4021 2312 4084 operaretur.
2345 4009 2501 4065 Nunc
2532 4025 2662 4081 ergo
2684 4018 2900 4079 tempus
2934 4017 3019 4065 est
3048 4010 3265 4078 operari
3296 4008 3549 4073 Domino,

283 4100 395 4154 Νῦν
431 4097 525 4154 οὖν
553 4099 748 4172 καιρὸς
776 4099 872 4153 τοῦ
907 4100 1129 4171 ποιῆσαι
1162 4100 1241 4171 τῷ
1276 4099 1489 4172 Κυρίῳ,
1512 4101 1595 4154 ὅτι
1621 4102 1851 4171 σωτηρία

1969 4102 2407 4175 quandoquidem
2459 4102 2609 4156 Salus
2653 4100 2705 4154 in
2744 4108 2990 4170 tempore
3033 4099 3359 4154 aluit-tionis.
3404 4098 3551 4152 Scri-

283 4192 340 4244 ἑν
364 4191 547 4264 καιρῷ
577 4191 812 4260 θλίψεως
835 4209 849 4223 ·
871 4192 953 4245 ὃτι
979 4192 1285 4265 γέγραπται
1309 4207 1322 4222 ’
1360 4194 1463 4248 Ἐν
1484 4193 1561 4263 τῇ
1589 4189 1851 4262 ὑπομανῂ

1964 4208 2116 4268 ptum
2146 4194 2345 4264 quippe
2373 4200 2492 4246 est:
2523 4191 2585 4246 In
2607 4190 2866 4262 patientia
2888 4199 3057 4245 rostra
3079 4189 3417 4259 possidebitis
3444 4190 3564 4244 ani-

286 4282 455 4353 ὑμῶν
483 4282 801 4354 κτήσασθε
831 4283 939 4350 τὰς
965 4284 1170 4354 ψυχὰς
1197 4283 1384 4354 ὑμῶν.

1977 4305 2092 4343 mas
2128 4295 2326 4341 vestras
2357 4285 2424 4338 ⁸⁸.

252 4414 269 4506 ἶ
356 4397 498 4467 Περὶ
529 4396 640 4452 τοῦ
675 4394 827 4453 ὰόϐᾶ
871 4396 1172 4467 ἰσιδὼρου
1206 4398 1312 4452 τοῦ
1345 4399 1792 4467 Πηλουσιὼτου.

329 920 393 979 ς’.
446 911 506 965 ’0
534 910 697 973 αὐτὸς
721 905 844 963 εἷπε
889 909 1018 980 περὶ
1060 907 1153 962 τοῦ
1189 906 1354 964 ’ὰσὸᾶ
1407 905 1676 977 ἰσιδώρου
1697 944 1712 965 ,
1742 906 1829 959 ὅτι

209 998 223 1063 Ξ
271 1008 432 1074 ἔλεγον
480 1001 631 1073 αὑτῷ
653 1002 704 1055 οἱ
744 1000 1028 1072 λογισμοί·
1054 1000 1243 1068 Μέγας
1288 993 1337 1052 εἷ
1366 997 1668 1069 ἄνθρωπος.
1716 997 1829 1050 Καὶ

270 1098 399 1166 ἔλεγε
428 1094 568 1167 πρὸς
598 1093 824 1157 αὐτούς·
847 1093 936 1162 Μή
967 1093 1081 1162 είμι
1115 1089 1255 1144 κατὰ
1294 1091 1386 1143 τὸν
1415 1088 1589 1142 ἁόὁᾶν
1635 1086 1831 1141 Ἀντώ-

271 1202 403 1249 om;
435 1183 477 1255 ἦ
511 1182 779 1252 ἐγενόμην
814 1179 950 1242 ὅλως
991 1177 1134 1232 κατὰ
1179 1178 1269 1231 τὸν
1306 1175 1482 1234 Madv
1528 1172 1758 1246 Παμὸὼ,
1792 1171 1826 1245 ἢ

335 2277 404 2347 η’.
449 2275 687 2346 ’Δπῆλθέ
728 2293 859 2330 ποτε
884 2277 913 2329 6
950 2274 1124 2339 ἀὸϐἄς
1158 2273 1425 2344 Ἰσίδωρος
1456 2271 1592 2345 πρὸς
1623 2271 1714 2325 τὸν
1741 2270 1843 2325 ἀσ-

276 2369 367 2425 εᾶν
392 2369 653 2439 θεὸφιλον
683 2369 777 2424 τὸν
811 2367 1236 2440 ἁρχιεπίσκοπον
1277 2364 1679 2437 Ἀλεξανδρείας
1696 2381 1711 2396 ·
1747 2365 1842 2419 καὶ

275 2463 346 2523 ὡς
378 2460 724 2531 ὑπέστρεψεν
745 2462 825 2525 είς
858 2460 1080 2530 Σκῆτιν,
1114 2457 1404 2529 ⁴Ιιγριῖψιιτησαν
1427 2457 1588 2510 αὐτὸν
1622 2458 1670 2509 oi
1689 2454 1842 2513 ἀδελ-⁸

276 2553 390 2622 φοί·
421 2553 549 2616 Πῶς
580 2553 617 2623 ή
658 2551 845 2618 nom;
886 2552 946 2605 '0
984 2551 1041 2603 δὲ
1060 2547 1210 2603 εἷπε·
1240 2548 1427 2615 Φύσει,
1460 2547 1702 2617 ἀδελφοὶ,
1731 2545 1843 2617 ἐγὼ

275 2643 558 2713 πρόσωπον
584 2641 876 2713 ἀνθρώπου
904 2642 1007 2695 οὐκ
1043 2636 1213 2698 εἶδον.
1241 2641 1292 2693 εί
1329 2640 1402 2711 μὴ
1440 2639 1597 2710 μόνον
1619 2637 1713 2692 τοῦ
1744 2639 1845 2709 ἁρ-

2329 4395 2407 4451 De
2450 4352 2637 4449 abbate
2664 4392 2878 4449 Isidoro
2907 4391 3200 4448 Peiusiota.

257 4505 274 4557 ἲ
357 4514 428 4562 α’.
468 4508 697 4578 Ἔλεγεν
721 4509 750 4562 6
780 4507 955 4573 ἀϐὃᾶς
995 4510 1263 4582 Ἰσίδωρος
1300 4509 1328 4562 ό
1355 4510 1762 4582 Πηλουσιώτης,
1794 4513 1851 4566 ὅτ

2052 4513 2103 4568 1.
2135 4511 2245 4583 (21)
2281 4510 2423 4565 Dixit
2451 4511 2619 4565 abbas
2651 4508 2895 4564 Isidorus
2928 4507 3240 4562 Pelusiota:
3281 4505 3400 4560 Vita
3438 4506 3561 4563 sine

294 4600 408 4666 Βίος
438 4600 566 4655 ἄνευ
593 4600 757 4670 λόγου
796 4599 1043 4674 [μᾶλλον]
1081 4601 1312 4670 ὠφελεῖν
1360 4602 1623 4672 πέφυκεν,
1650 4603 1684 4674 ἢ
1716 4602 1873 4672 λόγος

295 4690 417 4745 ἄνευ
450 4691 587 4762 βίου.
628 4692 689 4745 ὐ
738 4692 838 4763 μὲν
878 4693 1007 4764 γὰρ,
1038 4694 1131 4745 καὶ
1166 4693 1333 4761 σιγῶν
1371 4693 1611 4763 ὠφελεῖ·
1637 4695 1666 4746 ὁ
1694 4694 1750 4749 δὲ
1778 4694 1873 4749 καὶ

299 4781 432 4851 βοῶν
467 4784 692 4855 ἐνοχλεῖ.
726 4784 788 4836 Εἰ
835 4783 889 4837 δὲ
924 4785 1015 4837 καὶ
1039 4785 1194 4854 λόγος
1227 4786 1320 4839 καὶ
1349 4785 1463 4856 βίος
1495 4785 1870 4858 συνδρὰμοι⁵¹,

298 4873 351 4926 ἕν
388 4873 705 4944 φιλοσοφίας
746 4874 965 4945 ἁπάσης
1009 4875 1365 4930 ἀποτελοῦσιν
1395 4877 1636 4949 ἄγαλμα.

366 5052 433 5123 β’.
477 5055 538 5109 ὐ
586 5054 751 5118 αὐτὸς
798 5052 986 5122 ἔλεγε·
1025 5052 1138 5117 Τὰς
1185 5052 1389 5124 ἀρετὰς
1443 5051 1580 5122 τίμα
1611 5069 1625 5082 '
1653 5052 1728 5122 μὴ
1783 5052 1883 5114 τὰς

304 5142 597 5216 εὐημερίας
625 5143 924 5217 θεράπευεο
958 5145 1013 5198 al
1047 5144 1149 5215 μὲν
1183 5144 1291 5214 γὰρ
1326 5142 1592 5199 ἀθάνατόν
1626 5145 1732 5199 εἰσι
1760 5141 1886 5212 χρῆ·

309 5249 380 5301 μα
398 5251 411 5265 °
443 5237 499 5289 αἱ
523 5236 579 5290 δὲ
605 5236 808 5309 ῥᾳδίως
835 5234 1169 5290 σϐέννυνται.

372 5325 438 5394 γ’.
475 5325 608 5383 Εἷπε
634 5327 831 5392 πάλιν,
862 5326 944 5379 ὅτι
978 5325 1170 5391 Πολλοὶ
1203 5325 1309 5379 τῶν
1334 5325 1634 5396 ἀνθρώπων
1667 5328 1885 5399 ὀρέγον-

374 5444 417 5475 ⁵⁷
440 5446 516 5501 ΑΙ.
553 5447 681 5504 add.
710 5446 860 5517 ἔχεις
895 5444 1180 5516 βληθῆναι.

318 5527 471 5579 possit.
911 5550 921 5559 ι

371 5626 475 5697 (l9)
515 5628 613 5686 Vit.
655 5629 813 5683 Ραιν.
852 5643 939 5689 ιιι,
984 5627 1098 5681 ιοι.

369 5698 475 5765 (20)
517 5701 613 5756 I’it.
651 5700 811 5755 Patr.
845 5713 1055 5759 xxxvii,
1091 5696 1135 5751 I.

367 5768 471 5840 (2|)
498 5769 619 5828 Isid.
657 5775 755 5828 lib.
792 5786 857 5836 lt,
897 5770 1060 5835 epist.
1098 5769 1223 5822 275.

1296 5445 1339 5478 ’⁵⁸
1389 5446 1471 5502 Al.
1505 5447 1826 5521 δεινότερον.

1951 5453 1994 5485 ⁸³
2030 5451 2115 5504 ΑΙ.
2147 5450 2430 5520 θελήματι.

1980 4619 2234 4662 sermone
2313 4603 2485 4671 magis
2537 4601 2783 4672 prodest,
2829 4614 2996 4670 quam
3032 4612 3213 4653 sermo
3261 4599 3383 4653 sine
3425 4599 3555 4651 vita.

1981 4699 2085 4765 Qui
2115 4697 2261 4753 enim
2288 4703 2437 4750 recte
2464 4694 2618 4760 vivit,
2649 4702 2703 4748 et
2736 4702 2926 4747 tacens
2958 4691 3151 4760 juvat:
3185 4689 3277 4760 qui
3319 4705 3446 4744 vero
3480 4691 3559 4742 lo-

1982 4788 2168 4857 quitur
2209 4792 2442 4847 tantum,
2478 4782 2642 4836 etiam
2681 4781 2882 4835 turbat.
2926 4781 3081 4848 Quod
3112 4781 3158 4834 si
3199 4794 3381 4833 sermo
3423 4780 3559 4833 vlta-

1982 4895 2089 4949 que
2127 4876 2533 4939 concurrerint,
2565 4873 2858 4928 absolvunt
2886 4874 3056 4928 totius
3099 4871 3458 4942 philosophiae
3485 4872 3561 4925 si-

1986 4969 2310 5023 mulaerum.

2063 5059 2118 5113 2.
2150 5057 2263 5128 (2:!)
2317 5055 2462 5111 Idem
2514 5054 2767 5109 monuit:
2804 5053 3047 5108 Virtutes
3096 5053 3150 5107 in
3191 5053 3363 5123 pretio
3403 5053 3561 5114 habe,

1986 5167 2048 5205 ac
2092 5167 2157 5204 nc
2185 5152 2336 5205 colas
2363 5148 2550 5203 mundi
2594 5163 2876 5217 prospera.
2906 5145 3013 5201 Illa:
3040 5147 3186 5201 enim
3224 5162 3311 5201 res
3338 5146 3561 5199 immor-

1987 5241 2123 5296 tales
2163 5248 2310 5301 sunt,
2342 5239 2460 5293 haec
2493 5253 2622 5292 vero
2670 5237 2829 5292 facile
2857 5236 3308 5307 exstinguuntur.

2059 5334 2115 5386 ὅ.
2154 5332 2269 5401 (25)
2295 5330 2487 5384 Adhuc
2519 5328 2690 5384 dixit:
2723 5329 2864 5383 Inter
2887 5329 3133 5383 homines
3156 5325 3311 5381 multi
3342 5323 3563 5392 quidem

2542 5450 2588 5480 ⁵ο
2621 5447 2753 5501 an.
2786 5464 2896 5511 ni,
2930 5447 3012 5503 i9.
3130 5420 3173 5476 5‘
3212 5444 3298 5502 Al.
3334 5441 3567 5513 συνδρά-

2056 5636 2166 5699 (22)
2200 5635 2317 5688 Lib.
2351 5651 2410 5694 II,
2435 5633 2596 5701 epist.
2629 5632 2742 5683 IIG.

2057 5705 2167 5775 (‘25)
2203 5704 2317 5758 Lib.
2356 5720 2412 5764 ll,
2455 5704 2618 5771 epist.
2661 5704 2748 5754 ‘JS.
