4032 6334
455 388 566 450 225

1586 378 1936 438 AI‘PENDIX
1975 379 2066 435 AD
2106 377 2525 436 PALLADIUM.

3596 378 3706 437 ω

458 507 716 562 virtutem
742 512 1023 576 appetunt,
1057 503 1150 560 sed
1184 502 1237 557 ln
1263 507 1346 556 vta
1372 516 1492 572 quze
1523 500 1589 555 ad
1620 515 1740 556 eam
1765 499 1917 553 ducit
1948 498 2027 551 in-
2058 539 2065 556 ε

2176 516 2217 550 ιι
2271 497 2370 569 μὲν
2418 495 2653 567 ἀρετῆς,
2684 492 2780 565 τὴν
2821 492 2878 546 δὲ
2928 491 3012 546 ἐπ’
3056 490 3224 562 αὐτὴν
3278 488 3545 576 φέρουσαν
3588 491 3708 545 ὁδὸν

460 595 655 652 cedere
685 604 1056 652 cunctantur:
1088 595 1177 647 alii
1220 608 1348 646 vero
1380 606 1560 662 neque
1593 598 1817 646 censent
1855 589 2030 646 virtu-

462 698 571 742 tetn
601 702 744 742 esse.
770 688 997 757 Oportet
1037 685 1199 755 igitur
1227 683 1335 737 illis
1373 682 1591 752 quidem
1620 681 1948 753 persuadere
1975 687 2033 734 ut

464 780 751 850 segnitiem
779 778 1088 849 deponant;
1115 775 1215 830 hos
1254 789 1384 829 vero
1406 772 1624 840 docere,
1661 772 1915 827 virtutem
1949 784 2035 824 re-

465 883 592 925 vera
621 853 877 924 virtutem
910 881 1053 922 esse.

537 960 589 1016 4.
623 959 734 1030 (2-!)
768 958 881 1014 Hoc
911 959 1074 1014 etiam
1109 958 1315 1014 dictum
1344 958 1491 1015 illius
1529 958 1772 1014 exstitit:
1806 958 2035 1025 Vitium,

469 1059 523 1106 et
554 1052 801 1106 homines
827 1065 858 1105 a
883 1049 993 1106 Deo
1018 1051 1323 1121 sejunxitet
1350 1052 1491 1106 inter
1515 1066 1575 1108 se
1602 1050 1892 1122 disjunxit.
1921 1050 2036 1106 l‘loc

468 1143 632 1213 igitur
653 1142 868 1197 concito
898 1157 1064 1198 cursu
1102 1153 1315 1213 oportet
1338 1141 1544 1214 fugere,
1578 1158 1679 1198 nec
1708 1159 1816 1198 non
1847 1158 2040 1198 censeo

466 1234 601 1288 clari
628 1235 904 1300 virtutem,
938 1248 1059 1301 quae
1078 1233 1143 1288 ad
1175 1232 1342 1289 Deum
1366 1232 1538 1298 ducit,
1563 1248 1774 1305 nosque
1799 1233 2033 1289 invicem

468 1325 775 1397 conjungit.
808 1324 1040 1382 Virtutis
1066 1336 1244 1381 autem
1272 1333 1325 1382 et
1363 1326 1719 1398 philosophiae
1750 1327 1946 1381 modus
1974 1341 2038 1381 ac

469 1417 716 1472 definitio
748 1425 865 1474 est:
894 1416 1030 1473 Cum
1055 1418 1341 1489 prudentia
1364 1417 1709 1488 simplicitas.

540 1509 596 1563 5.
631 1508 743 1579 (25)
783 1508 927 1564 Dixit
961 1509 1194 1565 iterum:
1236 1509 1688 1580 Quandoquidem
1723 1509 1916 1581 ingens
1953 1518 2039 1565 est

473 1599 798 1655 humilitatis
844 1599 1141 1672 fastigium,
1186 1608 1241 1657 et
1291 1601 1616 1672 arrogantiae
1657 1600 2038 1672 praecipitium,

473 1690 764 1745 consilium
801 1692 955 1746 vobis
983 1693 1071 1758 do,
1110 1701 1170 1747 ut
1203 1691 1334 1747 illud
1373 1691 1798 1763 amplectamini,
1834 1693 1891 1747 in
1941 1690 2047 1747 hoc

480 1795 609 1835 vero
637 1796 705 1835 ne
726 1779 1014 1838 decidatis.

547 1872 599 1926 6.
630 1869 744 1942 (26)
779 1870 929 1927 Hanc
954 1887 1172 1944 quoque
1202 1873 1428 1945 protulit
1450 1873 1774 1929 sententiain
1800 1893 1815 1929 :
1847 1870 2051 1929 Gravis

476 1971 532 2018 et
566 1972 763 2018 cuncta
794 1963 1002 2021 audens
1028 1964 1265 2021 habendi
1290 1980 1466 2029 amor,
1502 1966 1769 2021 satietatis
1799 1964 2046 2031 nescius,

478 2054 719 2108 animam
751 2070 914 2124 quam
948 2057 1318 2126 occupaverit,
1349 2057 1416 2110 ad
1440 2064 1748 2111 extremum
1782 2055 2050 2111 malorum

480 2145 732 2215 itnpellit.
767 2145 909 2218 Ergo
937 2162 1061 2202 eum
1097 2148 1333 2203 maxime
1365 2148 1419 2202 in
1448 2147 1733 2218 principiis
1763 2147 2050 2219 pellamus.

478 2234 618 2291 Cum
650 2236 795 2292 enim
824 2237 1142 2301 obtinuerit,
1176 2240 1280 2293 erit
1309 2238 1767 2310 inexpugnabilis.

674 2343 755 2401 De
779 2345 968 2401 abbate
992 2344 1186 2402 Isaaca
1218 2347 1516 2418 presbytero
1544 2344 1857 2403 Celliorum.

556 2521 608 2576 ί.
639 2519 752 2594 (27)
779 2520 1060 2579 Venerunt
1087 2523 1402 2595 aliquando,
1436 2534 1497 2579 ut
1528 2523 1777 2580 abbatem
1809 2523 2053 2581 lsancnm

483 2613 861 2686 presbyterum
909 2614 1173 2670 facerent.
1208 2615 1304 2672 llle
1346 2615 1578 2673 audiens
1607 2616 1748 2688 fugit
1783 2618 1838 2674 in
1885 2618 2055 2691 Egy-

486 2719 638 2779 ptum
663 2725 687 2775 ;
711 2707 954 2777 abiitquc
1003 2707 1072 2762 ad
1115 2723 1329 2780 agrum,
1376 2724 1441 2764 ac
1488 2709 1629 2765 inter
1666 2709 1848 2767 fenum
1882 2710 2055 2767 latuit.

487 2800 676 2871 Itaque
700 2797 892 2869 Patres
929 2809 1047 2870 post
1074 2815 1196 2855 eum
1223 2801 1499 2857 subsecuti
1530 2810 1658 2858 sunt
1686 2821 1699 2857 :
1740 2811 1796 2858 et
1820 2802 1887 2857 ad
1916 2819 2061 2858 eum-

488 2887 612 2944 dem
637 2904 828 2960 agrum
861 2890 1265 2960 pervenientes,
1286 2891 1672 2957 constiterunt,
1704 2908 1814 2963 quo
1840 2893 2059 2962 paulum

488 2979 564 3035 ibi
596 2979 1013 3035 sere-ﬁcerent:
1063 2987 1182 3035 erat
1210 2979 1357 3034 enim
1407 2996 1537 3036 nox.
1584 2981 1811 3036 Asinum
1846 2996 2063 3052 quoque

490 3072 773 3126 solverunt
816 3071 884 3125 ad
929 3081 1168 3141 pastum.
1221 3071 1325 3137 Qui
1372 3072 1587 3139 abiens,
1640 3073 1790 3128 stetit
1823 3081 1948 3129 ante
1972 3088 2063 3128 se.

2128 578 2378 643 ’ὀκνοῦσιν
2418 587 2554 641 ἰέναι
2575 602 2589 618 ·
2629 585 2776 639 ἄλλοι
2801 584 2858 637 δὲ
2883 583 3002 637 οὐδὲ
3025 583 3224 655 ἀρετὴν
3256 575 3396 635 εἶναι
3427 576 3709 650 ἡγοῦνται.

2132 680 2256 753 Χρὴ
2285 675 2377 734 οὖν
2414 680 2538 741 τοὺς
2573 676 2670 747 μὲν
2695 678 2899 739 πεῖσαι,
2929 672 3022 726 τὸν
3058 672 3214 727 δκνον
3244 669 3564 727 ἀποθέσθαιο
3585 672 3716 737 τοὺς

2133 773 2190 826 δὲ
2219 769 2425 838 διδάξαι
2462 771 2543 824 ὅτι
2566 769 2732 832 ὅντως
2771 766 2937 838 ἀρετή
2977 767 3121 818 ἔστιν
3154 766 3188 836 η
3220 764 3410 836 ἀρετή.

2206 951 2269 1006 δ’.
2312 946 2447 1003 Εῐπε
2479 948 2660 1033 «atq,
2695 949 2777 1002 ὅτι
2812 947 2846 1017 ὴ
2871 950 3057 1007 κακία,
3079 943 3173 997 καί
3198 942 3333 995 θεοῦ
3364 942 3490 1033 ιἰοὺς
3509 940 3727 1033 ἀνθρω-

2141 1060 2278 1106 πους
2308 1040 2605 1112 ἀπέστησε,
2626 1028 2742 1093 -καὶ
2780 1035 3024 1107 ἀλλήλων
3069 1033 3339 1105 διέστησε.
3371 1031 3588 1104 Ταύτην
3620 1028 3719 1088 οὖν

2138 1133 2517 1207 προτροπάδην
2557 1131 2776 1203 φεύγειν
2815 1128 2920 1201 χρὴ
2941 1168 2954 1188 .
2988 1126 3083 1179 xal
3113 1123 3328 1180 διώκειν
3353 1125 3452 1195 τὴν
3481 1125 3717 1198 ἀρετὴν,

2142 1227 2241 1298 τὴν
2266 1228 2360 1280 καὶ
2381 1223 2500 1295 Θεῷ
2525 1228 2904 1296 προσάγουσαν
2924 1217 3019 1272 καὶ
3043 1214 3293 1287 ἀλλήλοις
3318 1214 3719 1269 συνάπτουσαν.

2146 1318 2374 1390 Ἀρετῆς
2409 1316 2466 1369 δὲ
2501 1314 2596 1370 καὶ
2628 1310 2943 1379 φιλοσοφίας
2983 1309 3130 1379 ὅρος,
3151 1307 3213 1360 τὸ
3257 1304 3395 1377 μετὰ
3450 1305 3722 1370 συνέσεως

2152 1409 2444 1463 ἄπλαστον.

2220 1505 2281 1554 ε’.
2327 1495 2519 1565 Ἔλεγε
2554 1492 2748 1548 πάλιν·
2798 1488 3015 1561 Ἐπειδὴ
3049 1487 3191 1560 μέγα
3220 1488 3316 1557 τῆς
3364 1502 3720 1556 ταπεινοφρο-

2151 1592 2318 1664 σύνης
2343 1589 2404 1644 τδ
2431 1587 2587 1658 ὕψος,
2618 1587 2712 1640 καὶ
2740 1585 2840 1657 τῆς
2872 1581 3186 1648 ἀλαζονείας
3214 1581 3276 1634 τὺ
3318 1581 3565 1651 πτῶμαθ,
3579 1596 3723 1646 συμ-

2148 1681 2387 1738 ϐουλεύω
2411 1681 2561 1752 ὑμῖν,
2592 1679 2766 1732 ἐκεῖνο
2800 1675 2899 1747 μὲν
2942 1668 3314 1734 ἀσπάσασθαι,
3351 1670 3524 1741 τούτῳ
3549 1669 3603 1723 δὲ
3647 1669 3725 1741 μὴ

2150 1774 2487 1847 περιπεσεῖν.

2206 1867 2284 1924 ς’.
2314 1860 2448 1918 Εἷπε
2478 1862 2638 1917 πάλιν
2665 1877 2679 1893 υ
2714 1859 2774 1914 '0
2797 1857 2967 1924 δεινὸς
2999 1857 3093 1912 καὶ
3122 1855 3427 1927 πάντολμος
3452 1853 3554 1926 τῆς
3575 1852 3726 1924 φιλο-

2147 1957 2460 2034 χρηματίας
2489 1954 2651 2028 ἔρως,
2683 1952 2842 2025 κόρον
2893 1951 2994 2006 οὐκ
3037 1947 3211 2014 εἰδὼς,
3242 1948 3337 2003 επὶ
3390 1947 3453 2001 τὸ
3497 1946 3729 2017 ἔσχατον

2149 2051 2258 2105 τῶν
2291 2047 2496 2110 κακῶν,
2524 2046 2624 2118 τὴν
2649 2043 2881 2099 ἀλοῦσαν
2909 2041 3087 2114 ψυχὴν
3115 2040 3350 2095 ἐλαύνει.
3382 2037 3591 2093 Ούκοῢν
3616 2037 3727 2110 μά-

2149 2142 2307 2196 λιστα
2332 2138 2495 2193 αὑτὸν
2524 2137 2584 2190 ὲν
2610 2133 2915 2206 προοιμίοις
2954 2133 3255 2205 ὲλάσωμεν.
3272 2130 3569 2203 Κρατήσας
3593 2127 3731 2201 γὰρ,

2151 2232 2450 2305 ἀχείρωτος
2488 2228 2663 2282 ἔσται.

2186 2343 2325 2414 Περὶ
2378 2341 2486 2397 τοῦ
2526 2339 2678 2396 ὰϐὄᾶ
2716 2337 3078 2414 Ἰσαὰκ-τοῦ
3121 2334 3526 2407 πρεσϐυτέρου
3576 2332 3694 2387 τῶν

2803 2409 3093 2463 Κενίλίων.

2227 2536 2296 2584 α’.
2338 2524 2539 2581 Ἦλθόν
2590 2541 2718 2579 me
2768 2524 2859 2576 τὸν
2914 2521 3087 2576 ἀ66ἄν
3129 2519 3312 2575 Ἰσαὰκ
3365 2517 3737 2591 πρεσϐύτερον

2159 2621 2403 2692 ποιῆσαι.
2454 2619 2565 2673 Kal
2599 2615 2870 2680 ἀκούσας,
2921 2614 3121 2684 ἔφυγεν
3167 2615 3246 2677 είς
3283 2611 3558 2681 Αἴγυπτον
3592 2625 3606 2638 ·
3637 2612 3739 2664 καὶ

2159 2710 2403 2783 ἀπῆλθεν
2429 2711 2508 2774 εἰς
2535 2708 2722 2780 ἀγρὸν,
2755 2706 2850 2760 καὶ
2884 2704 3094 2777 ἐκρύϐη
3121 2703 3225 2758 ἀνὰ
3269 2702 3432 2774 μέσον
3468 2699 3563 2755 τοῦ
3604 2697 3736 2771 χόρ-

2159 2824 2278 2861 του.
2329 2800 2676 2868 Κατεδίωξαν
2705 2794 2798 2853 οὖν
2824 2799 2874 2852 οἱ
2914 2795 3156 2868 Πατέρες
3197 2794 3372 2848 ὀπίσω
3416 2790 3601 2847 αὐτοῦ’
3639 2791 3740 2845 καί

2164 2898 2466 2970 φθάσαντες
2481 2895 2561 2958 εις
2577 2892 2741 2947 αὑτὸν
2767 2890 2857 2945 τὸν
2877 2887 3044 2960 ἀγρὸν
3060 2927 3075 2950 ,
3106 2885 3405 2942 κατέλυσαν
3435 2880 3743 2951 ἀνακαῆναι

2168 2988 2363 3063 μικρὸν
2398 2987 2515 3040 ἐκεῖ
2535 3002 2549 3016 ·
2576 2979 2645 3056 ἢν
2681 2982 2791 3053 γὰρ
2815 2979 2931 3045 νύξ.
2969 2977 3072 3033 Kal
3095 2977 3188 3033 τὸν
3215 2976 3334 3061 ύνον
3354 2972 3628 3031 ἀπέλυσαν
3652 2971 3747 3043 βόα

2169 3078 2414 3135 σκεσθαι.
2466 3074 2523 3129 '0
2555 3073 2613 3128 δὲ
2643 3072 2762 3137 ὄνος
2800 3068 3072 3133 ἀπελθὼν,
3096 3067 3226 3138 ἔστη
3254 3066 3399 3122 κατὰ
3428 3064 3524 3118 τοῦ
3555 3065 3763 3137 γέρονο.

492 3177 638 3218 ueni.
696 3162 967 3229 Quocirca
1013 3178 1171 3218 mane
1212 3172 1518 3233 quaerentes
1562 3164 1799 3230 asinum,
1844 3164 2061 3220 invene-

2176 3188 2275 3235 τος.
2296 3168 2407 3221 Kal
2436 3163 2581 3238 πρωῒ
2611 3162 2900 3235 ζητοῦντες
2952 3159 3043 3213 τὸν
3064 3156 3203 3217 ὅνον,
3223 3149 3381 3229 εὖρον
3401 3155 3497 3210 καὶ
3527 3154 3616 3208 τὸν
3646 3151 3751 3207 6.6-

494 3263 625 3311 runt
670 3270 776 3309 una
817 3255 1071 3310 abbatem
1116 3254 1407 3311 lsaacum:
1456 3264 1619 3326 atque
1663 3272 1775 3312 rem
1812 3255 2063 3311 demirati

492 3354 645 3402 sunt.
672 3346 809 3401 Cum
835 3356 1014 3402 autem
1043 3348 1244 3403 vellent
1274 3364 1398 3404 eum
1433 3348 1618 3419 ligare,
1654 3364 1759 3403 non
1797 3348 2063 3420 permisit,

494 3439 724 3495 dicens:
756 3438 872 3494 Non
907 3440 1140 3512 amplius
1170 3440 1339 3510 fugio.
1374 3439 1465 3496 Dei
1497 3442 1640 3495 enim
1673 3442 1923 3497 voluntas
1951 3450 2065 3508 est;

495 3542 551 3587 et
581 3547 908 3604 quocunque
939 3531 1150 3604 fugem,
1180 3533 1247 3588 ad
1285 3534 1387 3587 hoc
1416 3533 1654 3588 veniam.

567 3623 624 3678 2.
678 3622 996 3679 Mentoravit
1041 3625 1208 3680 abbas
1241 3624 1424 3681 Isaac:
1460 3624 1693 3692 Quando
1730 3639 1882 3679 erant
1912 3622 2071 3694 jure-

500 3717 611 3781 nis,
651 3716 935 3770 inanebam
971 3730 1095 3771 cum
1149 3717 1345 3772 abbate
1392 3715 1629 3783 Cronio;
1683 3732 1785 3771 nec
1832 3732 2070 3786 unquam

502 3807 643 3862 dixit
671 3808 803 3862 mihi
847 3808 1123 3879 quidpiam
1162 3809 1348 3879 operis
1384 3807 1583 3874 facere,
1615 3808 1866 3879 quamvis
1906 3823 2071 3863 senex

502 3907 649 3955 esset
674 3914 735 3954 ac
762 3899 1070 3955 tremulus:
1114 3914 1313 3955 verum
1338 3908 1533 3970 Sponte
1571 3900 1826 3969 surgebat
1868 3897 2076 3968 pracbe-

502 3989 706 4061 batque
734 4005 858 4045 cum
888 3991 1019 4044 mihi
1059 4000 1171 4046 tum
1204 3991 1371 4048 simili
1398 3988 1559 4045 modo
1587 3990 1800 4045 caeteris
1827 3988 2074 4044 baucale.

505 4079 637 4137 ltetn
667 4097 792 4138 cum
822 4082 1021 4139 abbate
1048 4081 1337 4139 Theodoro
1370 4081 1691 4138 Pbermcnsi
1730 4082 1944 4147 resedi;
1977 4095 2078 4137 nec

507 4172 625 4245 ipse
659 4174 794 4229 mibi
840 4173 981 4229 dixit
1019 4174 1314 4247 quidquatn
1364 4190 1554 4245 agere;
1606 4173 1702 4230 sed
1746 4181 1801 4228 et
1850 4172 2081 4243 ipsemet

506 4279 747 4321 mensam
764 4266 1020 4337 ponebat,
1056 4265 1340 4336 aiebatque
1365 4283 1379 4319 :
1403 4263 1614 4329 Frater,
1647 4265 1693 4320 si
1715 4266 1914 4335 placet,
1930 4278 2083 4319 man-

507 4357 767 4413 ducatum
795 4359 938 4413 veni.
968 4356 1080 4428 Ego
1109 4372 1236 4413 vero
1254 4356 1322 4413 ad
1354 4372 1478 4413 eum
1521 4356 1731 4412 aiebam
1759 4374 1773 4410 :
1818 4355 1990 4421 Abba,
2014 4353 2080 4409 ad

508 4459 563 4505 te
595 4448 826 4515 accessi,
869 4455 929 4503 ut
959 4462 1207 4517 caperem
1233 4448 1559 4514 utilitatem;
1605 4462 1776 4518 quare
1806 4462 1914 4501 non
1949 4447 2079 4501 mihi

2168 3256 2269 3310 ϐἄν
2301 3253 2516 3308 Ἰσαάκ·
2555 3250 2650 3304 καὶ
2688 3248 3022 3319 ἐθαύμασαν.
3054 3244 3309 3307 Θέλοντες
3352 3243 3409 3295 δὲ
3453 3241 3615 3296 αὑτὸν
3646 3239 3751 3311 δῆ-

2170 3363 2294 3409 σαι,
2340 3345 2443 3397 οὐκ
2492 3340 2704 3412 ἀφῆκε,
2750 3334 3099 3408 λέγων-Οὐκ
3146 3332 3228 3386 ἔτι
3270 3331 3475 3401 φεύγω.
3525 3328 3754 3400 Θέλημα

2169 3434 2281 3505 γὰρ
2316 3431 2410 3486 τοῦ
2440 3430 2575 3485 Θεοῦ
2614 3431 2761 3492 ἐστι,
2789 3427 2883 3482 καὶ
2911 3426 3046 3479 ὅπου
3083 3422 3125 3476 6‘
3159 3421 3225 3476 ἂν
3270 3420 3459 3491 φύγω,
3489 3420 3566 3483 είς
3616 3418 3759 3473 αὐτὸ

2172 3524 2421 3598 ἔρχομαι.

2245 3615 2310 3689 β’.
2354 3611 2518 3668 Εἶπεν
2554 3615 2583 3667 6
2633 3611 2807 3674 ἁϐϐᾶς
2848 3607 3034 3662 Ἰσαάκ
3053 3616 3066 3636 δ
3104 3606 3232 3660 Ὅτε
3279 3606 3427 3677 ἢμην
3465 3602 3757 3689 νεώτερος,

2174 3688 2462 3783 ἐκαθήμην
2498 3705 2638 3778 μετὰ
2668 3704 2765 3759 τοῦ
2802 3702 2948 3759 ἀϐϐἄ
2981 3697 3212 3772 Κρονίου
3236 3715 3251 3729 ·
3275 3699 3371 3750 καὶ
3393 3694 3649 3749 οὐδέποτε
3677 3688 3762 3746 εῐ-

2176 3804 2244 3857 πε
2283 3819 2372 3875 μοι
2397 3800 2619 3871 ποιῆσαι
2650 3797 2830 3869 ἔργον,
2855 3793 3056 3864 καίπερ
3075 3790 3253 3863 γέρων
3277 3787 3352 3842 ὢν
3378 3788 3473 3841 καὶ⁵
3499 3785 3719 3858 τρέμων
3743 3801 3759 3813 ·

2176 3895 2313 3950 ἀλλὰ
2349 3892 2415 3946 δι’
2454 3889 2648 3945 ἑαυτοῦ
2694 3888 2945 3960 ἠγείρετο
2977 3885 3070 3939 καὶ
3105 3883 3331 3953 παρεῖχε
3359 3878 3419 3932 τὺ
3460 3876 3765 3948 βαυκάλιον

2179 3989 2307 4061 ιμοὶ
2343 3987 2437 4041 καὶ
2468 3987 2639 4040 πᾶσιν
2667 3981 2886 4055 ὁμοίως.
2930 3980 3042 4034 Kal
3070 3976 3208 4049 μετὰ
3243 3974 3336 4028 τοῦ
3373 3971 3519 4027 ἀσϐᾶ.
3552 3967 3760 4024 Θεοδώ·

2183 4098 2278 4153 ρου
2306 4079 2406 4151 τῆς
2440 4077 2661 4149 Φέρμης
2700 4073 2951 4137 ἐκάθισα,
2984 4072 3079 4124 καὶ
3114 4068 3236 4123 οὐδὲ
3276 4064 3438 4128 αὐτὸς
3480 4061 3633 4131 ἔλεγὲ
3667 4078 3768 4132 μοι

2184 4170 2408 4242 ποιῆσαί
2436 4169 2487 4222 τί
2533 4183 2691 4221 ποτε’
2718 4164 2854 4219 ἀλλὰ
2890 4163 2985 4217 καὶ
3016 4161 3117 4232 τὴν
3150 4157 3432 4232 τράπεζαν
3464 4155 3531 4208 δι’
3565 4154 3768 4208 ἑαυτοῦ

2184 4262 2370 4328 ἐτίθει,
2401 4261 2497 4314 καὶ
2523 4258 2706 4328 ἔλεγεν
2735 4273 2750 4287 ο
2797 4254 3034 4323 Ἀδελφὲ,
3067 4252 3159 4307 ἐὰν
3188 4250 3371 4322 θέλῃς,
3403 4245 3563 4318 δεῦρο
3596 4245 3783 4315 φάγε,

2196 4351 2339 4423 Ἐγὼ
2370 4351 2427 4405 δὲ
2461 4350 2598 4423 πρὸς
2636 4347 2798 4404 αὑτὸν
2827 4345 3012 4414 ἔλεγον
3048 4361 3063 4378 θ
3106 4341 3294 4405 Ἀϐὅᾶ,
3324 4336 3487 4412 ἦλθον
3529 4334 3667 4407 πρὸς
3703 4331 3773 4387 σὲ

2189 4446 2276 4499 ἵνα
2293 4440 2585 4513 ὼφεληθῶ·
2607 4439 2702 4495 καὶ
2722 4437 2838 4501 πῶς
2864 4437 2925 4489 οὐ
2956 4435 3133 4503 λέγεις
3159 4433 3247 4504 μοί
3275 4431 3328 4483 τί
3361 4446 3490 4483 ποτε
3519 4427 3773 4496 ποιῆσαις

512 4539 769 4612 praecipis
796 4539 1001 4610 aliquid
1035 4539 1255 4613 facere?
1283 4540 1353 4593 At
1383 4553 1547 4593 senex
1574 4540 1799 4593 omnino
1841 4539 2055 4594 tacebat

2200 4536 2259 4589 '0
2278 4534 2336 4588 δὲ
2371 4533 2551 4604 γέρων
2582 4530 2759 4584 πάντα
2787 4525 3017 4581 ἐσιώπα.
3052 4525 3159 4579 Kal
3184 4521 3448 4594 ἀπῆλθον,
3483 4520 3577 4574 καὶ
3599 4518 3778 4613 ἀνήγ-

512 4633 637 4690 Abii
666 4648 817 4707 ergo,
869 4642 921 4688 et
969 4632 1215 4689 nuntiari
1260 4632 1506 4688 senibus.
1552 4632 1656 4701 Qui
1691 4633 1974 4689 venientes
2016 4631 2085 4686 ad

512 4742 640 4782 eum
664 4725 737 4782 ita
752 4726 919 4781 locuti
944 4733 1105 4783 sunt:
1126 4727 1299 4792 Abba,
1322 4726 1390 4781 ad
1408 4724 1750 4782 sanctitatem
1770 4732 1919 4779 tuam
1943 4724 2091 4780 venit

516 4817 706 4883 frater,
737 4826 797 4873 ut
833 4817 1154 4889 proliceret;
1182 4833 1283 4874 cur
1311 4833 1420 4873 non
1455 4818 1538 4874 ais
1572 4817 1649 4873 illi
1679 4826 1738 4872 ut
1764 4817 1966 4887 aliquid
2008 4816 2093 4872 fa-

514 4907 665 4962 ciat?
712 4906 1010 4978 Respondit
1054 4924 1260 4964 senes:
1308 4905 1450 4962 Num
1498 4905 1886 4963 cmnobiarcba
1946 4920 2092 4973 sum,

518 5015 630 5070 quo
663 4999 713 5055 ei
745 4999 1089 5071 prmeipiani?
1116 4999 1228 5071 Ego
1269 5014 1423 5063 sane,
1457 4998 1591 5053 nihil
1628 4998 1963 5070 proloquor;
1998 4996 2093 5053 sed

521 5093 568 5149 si
598 5092 856 5156 voluerit,
891 5091 1037 5163 quod
1070 5091 1247 5147 cernit
1280 5105 1367 5145 me
1395 5089 1708 5154 facientem,
1746 5089 1905 5145 faciet
1932 5088 2095 5145 etiam

521 5184 661 5255 ipse.
696 5183 780 5239 Ab
818 5196 888 5238 eo
929 5181 1096 5251 igitur
1135 5189 1401 5251 tempore,
1450 5178 1846 5249 praeveniebam
1890 5187 1944 5233 et
1974 5194 2098 5249 age-

525 5273 674 5338 bam,
706 5275 754 5329 si
787 5273 919 5344 quid
958 5287 1125 5328 senex
1165 5280 1311 5327 esset
1341 5279 1585 5325 acturus.
1638 5269 1686 5326 Is
1724 5279 1904 5325 autem
1943 5270 2101 5338 quid-

525 5362 661 5434 quid
687 5370 1027 5434 operaretur,
1062 5361 1393 5432 operabatur
1422 5362 1621 5415 tacitus
1649 5377 1662 5414 :
1696 5366 1858 5429 atque
1880 5359 1983 5413 hoc
2016 5374 2100 5412 nte

528 5452 738 5519 docuit,
777 5468 902 5510 cum
933 5451 1150 5508 silentio
1178 5452 1414 5522 operari.

604 5545 659 5601 5.
688 5544 873 5603 Abbas
909 5544 1059 5602 Isaac
1103 5552 1158 5600 et
1188 5545 1355 5599 abbas
1394 5544 1668 5601 Abraham
1705 5542 1864 5597 simul
1916 5558 2101 5596 mane-

604 5722 721 5796 (εξ)
751 5723 871 5796 tab.
908 5740 968 5785 l',
994 5725 1155 5796 epist.
1190 5725 1309 5782 l3l.

608 5790 723 5863 (15)
750 5791 868 5848 Lib.
897 5808 979 5860 tu,
1008 5790 1166 5865 c'pist.
1200 5797 1287 5852 69.

2191 4626 2347 4698 γειλα
2386 4626 2500 4687 τοῖς
2529 4622 2772 4695 γέρουσι.
2803 4620 2915 4674 Καὶ
2957 4616 3204 4680 ὲλθὸντες
3235 4615 3291 4669 οί
3332 4613 3590 4685 γέροντες
3631 4607 3778 4682 πρὸς

2193 4715 2377 4782 αὐτὸν,
2399 4709 2553 4769 εἷπον
2581 4711 2755 4783 αὐτῷ·
2791 4709 2981 4773 Ἀϐϐἄ,
2997 4704 3160 4781 ἦλθεν
3187 4707 3217 4759 6
3241 4704 3470 4775 ἀδελφὸς
3497 4700 3635 4774 πρὸς
3670 4698 3780 4769 τὴν

2192 4809 2504 4882 ἁγιωσύνην
2538 4825 2630 4862 σου
2647 4849 2662 4874 ,
2688 4803 3057 4876 ὠφεληθῆναι,
3084 4799 3181 4856 καὶ
3208 4799 3351 4853 διατι
3369 4799 3430 4853 ού
3457 4796 3637 4882 λέγεις
3674 4792 3781 4846 αὒ-

2194 4880 2271 4970 et?)
2295 4899 2382 4953 ῐνα
2420 4896 2624 4966 ποιήσῃ
2662 4893 2716 4945 τί
2743 4906 2871 4946 ποτε
2897 4907 2912 4956 ;
2943 4890 3055 4943 Kal
3092 4887 3240 4957 λέγει
3270 4886 3455 4948 αὐτοῖς
3490 4883 3519 4936 6
3547 4880 3729 4953 γέρων
3749 4898 3777 4970 γ·

2195 4969 2287 5062 Μὴ
2323 4989 2431 5061 γὰρ
2468 4985 2845 5057 κοινοόιὰρχης
2880 4980 3122 5053 εἰμὶ,ἴνα
3149 4977 3383 5045 διατάξω
3418 4973 3601 5062 αὐτῷς
3634 4969 3784 5040 Ἐγὼ

2197 5061 2354 5144 τέως,
2385 5079 2539 5133 οὐδὲν
2567 5076 2711 5144 λέγω
2743 5073 2922 5145 αὐτῷ’
2964 5070 3078 5125 ἀλλ’
3118 5069 3212 5122 ἐὰν
3238 5066 3389 5139 θέλῃ.
3426 5064 3455 5118 δ
3482 5061 3673 5134 βλέπει
3707 5076 3784 5129 με

2201 5172 2482 5232 ποιοῦντα.
2531 5170 2749 5240 ποιήσει
2799 5165 2894 5221 καὶ
2925 5162 3108 5226 αὐτός.
3154 5159 3288 5212 ’Ᾱπὺ
3336 5156 3457 5209 τότε
3487 5149 3602 5215 οὖν,
3644 5168 3802 5238 προ-⁵

2202 5265 2502 5335 ελάμϐανον
2524 5262 2618 5316 καὶ
2639 5261 2877 5323 ἐποίουν,
2901 5257 2954 5309 εί
2981 5273 3032 5309 τι
3063 5250 3282 5324 ἔμελλεν
3311 5250 3339 5302 6
3376 5247 3553 5318 γέρων
3581 5244 3800 5335 τυοιείν.1

2203 5333 2371 5420 Αὐτὸς
2395 5357 2449 5411 δε
2475 5354 2529 5407 εἷ
2545 5372 2594 5408 τι
2621 5351 2811 5414 ἐποίει,
2833 5346 3049 5403 σιωπῶν
3065 5343 3254 5398 ὲποίεν
3282 5335 3549 5394 καὶτοῦτο
3580 5351 3647 5405 με
3671 5333 3794 5431 ἐδί-Ι

2203 5449 2352 5516 δαξε,
2392 5449 2451 5501 τὸ
2477 5449 2647 5500 ποιεῖν
2682 5441 2987 5498 σιωπῶντα.

2398 5542 2456 5595 '0
2493 5539 2664 5601 666i;
2712 5535 2916 5598 Ἰσαὰκ,
2950 5532 3043 5585 καὶ
3068 5533 3095 5584 6
3124 5528 3294 5591 6666‘;
3336 5522 3609 5595 Ἀϐραὰμ,
3646 5514 3797 5589 ἦσαν

2283 5715 2391 5777 (26}
2423 5713 2540 5769 Lib.
2577 5728 2655 5766 ut.
2689 5710 2848 5776 epist.
2880 5705 2969 5759 2i.

2284 5772 2392 5857 {27)
2437 5783 2540 5837 Vit.
2582 5772 2736 5835 Patr:
2770 5772 3038 5841 xxvm,2.
