4032 6334
244 368 349 428 225

1373 357 1982 418 APOPHTHEGNATA
2021 359 2330 417 PATRUM.

3385 374 3493 430 £26

242 487 379 560 ὁμοῦ
400 483 707 548 οἰκοῦντες·
741 483 835 536 καὶ
857 479 1113 536 εἰσελθὼν
1139 482 1167 534 6
1194 479 1368 545 ἀόὄᾶς
1409 479 1680 552 Ἀϐραὰμ,
1699 472 1824 550 εὗρε

1931 477 2102 535 bant:
2140 488 2195 534 et
2236 480 2520 552 ingressus
2561 482 2732 537 abbas
2766 481 3044 537 Abraham
3081 481 3289 538 invenit
3324 485 3499 542 abbao'

241 578 338 633 τὸν
383 574 561 632 ἀεεᾶν
623 574 812 630 Ἰσαάκ
859 573 1111 628 κλαίοντα
1141 586 1157 602 ’
1191 574 1287 627 καὶ
1332 572 1478 642 λέγει
1537 570 1686 641 αύτῷ
1713 586 1726 601 ⁸
1757 570 1822 623 Τί

246 668 456 731 κλαίεις
487 683 503 732 ;
533 666 647 721 Kal.
686 661 836 719 εἶπεν
869 667 898 719 6
931 663 1137 735 γέρων·
1167 662 1271 717 Καὶ
1296 662 1436 716 διατι
1470 661 1547 733 μὴ
1574 659 1822 713 κλαύσω-

249 775 382 832 μενς
424 757 534 812 Ποῦ
561 757 673 828 γὰρ
694 756 891 828 ἔχομεν
914 754 1195 820 sustam;
1228 753 1599 826 ἐκοιμήθησαν
1629 753 1678 805 οί
1713 753 1824 806 Πα-

245 852 403 922 sipo;
425 848 603 920 ἡμῶν.
628 849 744 903 Οὐκ
772 848 929 919 ἤρκει
954 845 1065 917 γὰρ
1081 848 1212 917 ἡμῖν
1238 846 1300 899 τὸ
1328 843 1641 917 ὲργὸχειρον
1661 842 1823 907 είςτά

246 941 416 997 ναῦλα
440 940 549 994 τῶν
578 939 800 1004 πλοίων,
818 938 856 993 ἀ
886 938 1221 1010 παρείχομεν
1248 935 1612 1009 ἀπερχόμενοι
1644 951 1824 1006 παραυ

247 1034 430 1089 ϐαλεῖν
456 1036 571 1096 τοῖς
598 1031 842 1105 γέρουσι.
874 1028 990 1084 Νῦν
1031 1024 1123 1083 οὖν
1169 1025 1690 1099 ἀπωρφανίσθημεν.
1724 1023 1825 1077 Διά

243 1120 406 1177 τοῦτο
433 1117 590 1187 κάγὼ
627 1118 820 1173 κλαίω.

312 1209 378 1265 δ’.
415 1206 585 1264 Εἶπεν
617 1211 647 1263 ὀ
713 1208 888 1273 esse;
933 1209 1157 1264 Ἰσαάκ·
1224 1203 1355 1263 Οἶδα
1398 1191 1625 1276 ἀδελφὸν
1674 1202 1820 1276 θερί-

248 1301 409 1366 ζοντα
437 1302 496 1355 ὲν
529 1299 716 1372 ἀγρῷ,
748 1301 844 1355 καλ⁸
871 1299 1103 1374 ἠθέλησε
1134 1303 1330 1371 φαγεῖν
1364 1300 1580 1379 ,στάχυν
1629 1298 1778 1352 σίτου
1807 1312 1822 1327 ο

247 1393 343 1473 καὶ
367 1388 491 1447 εἶπε
516 1392 595 1464 τῷ
627 1392 803 1464 κυρίῳ
820 1391 914 1446 τοῦ
946 1392 1116 1465 ἀγροῦ
1134 1411 1147 1424 ν
1179 1391 1368 1456 Θέλεις
1390 1391 1552 1462 φάγω
1576 1389 1675 1444 ἕνα
1701 1386 1828 1442 στά-

249 1500 346 1552 χυν
383 1483 573 1547 alveo;
611 1484 671 1536 Ὀ
709 1482 767 1536 δὲ
810 1483 1066 1546 ἀκούσας.
1093 1482 1523 1555 ὲθαύμασε,ῃκαὶ
1546 1477 1701 1535 εἶπεν
1730 1478 1828 1533 αύ-

246 1573 327 1643 τῷ
346 1589 362 1604 ’
390 1573 491 1636 Σός
536 1574 683 1627 ἔστιν
704 1574 732 1627 6
750 1573 916 1646 ἀγρὸς
936 1613 952 1637 ,
979 1574 1162 1646 Πάτερ
1181 1614 1196 1639 ,
1226 1574 1372 1645 κάμὲ
1412 1573 1654 1645 ὲρωτᾷςς
1683 1568 1829 1632 Ἕως

226 1662 439 1718 τούτου
461 1664 796 1736 ἡκριϐάζετο
818 1666 847 1719 6
874 1664 1116 1735 ἀδελφός.

316 1754 373 1809 ε’.
395 1751 530 1808 Eine
553 1754 715 1810 πάλιν
734 1757 847 1819 τοῖς
865 1754 1111 1825 ἀδελφοῖς
1128 1772 1143 1787 ο
1156 1756 1249 1827 Μὴ
1280 1755 1472 1826 φέρετε
1488 1747 1591 1809 ὧδε
1615 1754 1824 1809 παιδία.

1926 580 2033 626 tem
2070 569 2319 627 lsaacum
2366 573 2761 646 lacrymantcm
2802 593 2815 629 :
2866 573 3111 644 dixitque
3137 573 3230 632 ei:
3269 574 3383 632 Cur
3428 587 3493 633 ta-

1923 663 2238 734 crymaris?
2269 663 2407 720 Tum
2450 681 2658 722 senex:
2692 664 2895 733 Quare,
2944 666 3142 736 inquit,
3174 681 3284 721 non
3319 669 3496 738 lacry-

1924 753 2238 810 mabituurl
2263 755 2383 822 Quo
2404 759 2550 812 enim
2579 757 2784 814 abituri
2817 758 3048 814 sumus?
3074 755 3497 813 Obdormieruut

1923 839 2116 898 Patres
2150 844 2353 902 nostri.
2388 843 2523 899 Nam
2555 861 2664 902 non
2698 845 2998 902 sufﬁciebat
3030 846 3186 903 uobis
3212 862 3353 917 opus
3380 863 3493 902 ma-

1924 948 2118 997 nuum.
2152 933 2207 989 in
2239 935 2461 990 navium
2497 937 2684 1004 naula,
2721 952 2844 1008 quae
2881 937 3234 994 tradebamus
3275 937 3498 1009 proﬁci-

1924 1034 2144 1083 scentes
2184 1023 2252 1080 ad
2295 1025 2611 1083 invisendos
2659 1043 2841 1085 senes.
2888 1027 3047 1084 Nunc
3093 1028 3259 1101 igitur
3303 1028 3495 1101 pupilli

1925 1114 2056 1171 facti
2084 1130 2299 1171 sumus.
2328 1114 2563 1187 Ideoque
2595 1132 2697 1188 ego
2724 1118 3016 1188 lacrymor.

1996 1205 2050 1261 ι.
2088 1205 2235 1263 Dixit
2260 1207 2432 1263 abbas
2465 1207 2662 1265 Isaac:
2701 1208 2838 1264 Novi
2874 1210 3116 1272 fratrem,
3150 1211 3242 1282 qui
3280 1212 3333 1266 iu
3364 1227 3497 1283 agro

1925 1304 2161 1362 metens,
2195 1311 2320 1352 cum
2353 1298 2617 1357 voluisset
2661 1299 2914 1357 frumenti
2949 1303 3154 1373 spicam
3190 1307 3495 1369 comedere.

1927 1384 2003 1441 ita
2060 1389 2408 1461 compellavit
2450 1390 2567 1462 agri
2619 1390 2902 1448 dominum
2946 1412 2962 1448 :
3016 1392 3365 1451 Permittisue
3440 1406 3496 1450 ut

1935 1492 2102 1533 unam
2132 1476 2392 1535 frumenti
2414 1480 2620 1552 spicam
2644 1482 3008 1538 manducent?
3028 1482 3121 1540 Ille
3148 1487 3374 1541 audiens
3395 1491 3495 1542 tui-

1928 1575 2081 1622 ratus
2112 1575 2220 1631 est,
2251 1567 2500 1639 dixitque
2535 1569 2585 1625 ei
2619 1589 2635 1626 :
2676 1568 2829 1628 Tuus
2876 1586 3006 1643 ager
3052 1580 3158 1635 est.
3205 1569 3385 1640 Pater,
3431 1592 3495 1629 ac

1930 1672 2016 1714 me
2047 1658 2396 1731 interrogas?
2422 1659 2501 1717 Eo
2526 1677 2702 1733 usque
2728 1661 2897 1719 frater
2923 1672 3043 1719 erat
3070 1674 3317 1723 exactus.

2001 1748 2056 1805 5.
2087 1749 2203 1821 (ἳὸ)
2238 1749 2437 1807 lterum
2461 1751 2600 1808 dixit
2627 1753 2927 1811 fratribus:
2962 1754 3137 1812 Nolite
3168 1756 3275 1812 buc
3300 1773 3497 1827 pueros

248 1847 524 1918 τέσσαρες
558 1848 667 1919 γάρ
695 1846 978 1918 ἐκκλησίαι
1006 1848 1087 1911 είς
1115 1826 1314 1918 Σκῆτιν
1348 1845 1545 1918 ἔρημοι
1569 1846 1821 1916 γεγόνασι

1931 1836 2222 1896 adducere.
2270 1838 2331 1896 in
2366 1838 2513 1897 Secti
2543 1842 2688 1899 enim
2733 1852 2970 1914 quatuor
3000 1846 3249 1903 ecclesiae
3276 1826 3500 1920 propter

247 1938 335 1992 διά
365 1938 436 1993 τὰ
465 1937 676 1993 παιδία.

328 2041 405 2094 ς’.
431 2028 661 2097 Ἔλεγον
690 2030 812 2101 περὶ
836 2028 931 2083 τοῦ
971 2028 1116 2083 άϐὅᾶ
1144 2027 1357 2093 Ἰσαὰκ,
1386 2027 1468 2081 ὅτι
1494 2027 1592 2098 τὴν
1630 2026 1823 2079 σποδὸν

250 2118 343 2172 τοῦ
388 2118 750 2193 θυμιατηρίου
802 2121 900 2193 τῆς
947 2122 1291 2194 προσφορᾶς,
1327 2121 1466 2193 μετά
1514 2119 1609 2175 τοῦ
1656 2119 1822 2192 ἄρτου

250 2208 438 2286 ἤσθιεν
470 2209 659 2264 αὑτοῦ.

320 2305 385 2369 ζ’.
424 2302 656 2370 Ἔλεγεν
686 2301 717 2354 6
737 2301 910 2368 ἀΰσας
952 2303 1135 2358 ’Ῑσαάκ
1174 2305 1285 2367 τοῖς
1330 2302 1597 2372 ἀδελφοῖς,
1640 2303 1725 2357 ὅτι
1759 2303 1822 2357 Ol

257 2400 494 2470 Πατὲρες
522 2399 699 2469 ἡμῶν,
731 2396 826 2453 καὶ
857 2395 886 2447 ὁ
919 2394 1096 2460 ἀεὸᾶς
1118 2394 1352 2466 Παμδὼ,
1391 2395 1597 2450 παλαιά
1623 2394 1824 2468 πολύρ-

257 2493 401 2558 ραφα
441 2488 672 2556 ἐφόρουν
709 2488 803 2541 καὶ
833 2482 1079 2541 σεδέννια
1102 2484 1174 2517 ⁸³⁸
1203 2483 1299 2538 νῦν
1338 2485 1397 2539 δὲ
1419 2484 1691 2556 πολύτιμα
1732 2502 1827 2555 φο-

258 2583 416 2649 ρεῖτε.
451 2579 722 2647 Ὑπάγετε
766 2577 936 2643 ἐνθεν,
966 2573 1299 2648 ἡρημὼσατε
1341 2574 1412 2629 τά
1437 2569 1558 2629 ὧδε.
1595 2577 1725 2629 Ὅτε
1767 2575 1826 2629 δὲ

256 2668 474 2739 εμεηεν
498 2669 548 2701 ⁸³
573 2669 806 2737 ὑπάγειν
847 2668 927 2732 είς
953 2667 1015 2721 τδ
1034 2666 1222 2737 θέρος,
1251 2662 1437 2732 ἔλεγεν
1467 2663 1681 2728 αὐτοῖς·
1711 2663 1825 2718 Οὐκ

208 2793 216 2801 -
257 2761 330 2814 ῑτι
355 2762 585 2833 παρέχω
614 2759 744 2832 ύμῖν
772 2757 993 2823 ἐντολάς
1025 2774 1039 2789 ο
1070 2759 1132 2811 οὐ
1156 2755 1458 2828 φυλάσσετε
1487 2754 1614 2826 γάρ.

319 2937 389 3009 η’.
429 2937 738 3008 Διηγήσατό
758 2953 842 3002 τις
871 2935 979 2991 τῶν
1002 2936 1284 3008 Πατέρων,
1314 2936 1398 2990 ὅτι
1419 2930 1550 3007 ἦλθέ
1579 2935 1711 2989 ποτέ
1735 2952 1821 2997 τις

255 3027 358 3082 τῶν
397 3027 645 3098 ἀδελφῶν
678 3025 859 3099 φορῶν
895 3027 1089 3099 μικρὸν
1133 3027 1476 3081 κουσσούλιον
1500 3026 1548 3059 ⁸⁸
1591 3027 1671 3089 είς
1724 3026 1824 3097 τὴν

1926 1944 2131 2001 pueros
2155 1929 2223 1985 ad
2256 1931 2606 1989 solitudinem
2635 1941 2765 1989 sunt
2796 1936 3046 1993 redactae.

1996 2022 2051 2078 6.
2092 2020 2427 2080 Referebant
2467 2023 2536 2081 de
2580 2026 2776 2083 abbate
2819 2025 3027 2092 Isaaco.
3075 2030 3219 2099 quod
3256 2031 3497 2087 cinerem

1926 2114 2193 2171 thuribuli
2230 2116 2525 2174 oblationis
2558 2118 2914 2176 mauducaret
2946 2136 3068 2177 cum
3094 2137 3235 2192 paue
3255 2138 3376 2178 suo.

1996 2293 2048 2348 7.
2094 2292 2210 2365 (29)
2259 2294 2445 2350 Abbas
2487 2295 2641 2352 Isaac
2689 2294 2951 2352 fratribus
2998 2295 3254 2354 diccbat:
3310 2297 3499 2355 Patres

1926 2384 2120 2449 nostri,
2143 2392 2198 2439 et
2227 2384 2398 2439 abbas
2422 2382 2629 2440 Pambo
2656 2387 2942 2456 gestabant
2967 2397 3182 2443 veteres
3212 2396 3496 2454 centones,

1924 2489 1989 2529 ae
2008 2483 2186 2529 vestes
2212 2474 2451 2545 palmeas
2481 2493 2494 2529 :
2528 2489 2673 2529 nunc
2703 2484 2880 2533 autem
2908 2477 3145 2546 pretiosa
3175 2477 3492 2533 indumenta

1925 2563 2174 2637 gestatis.
2208 2564 2368 2620 Abite
2403 2565 2566 2631 hinc;
2609 2566 2728 2620 loca
2764 2566 2879 2622 haec
2913 2567 3229 2623 reddidistis
3257 2569 3494 2627 deserta.

1925 2653 2064 2710 Cum
2094 2668 2227 2709 vero
2253 2653 2324 2709 ad
2361 2670 2593 2711 messem
2622 2656 2972 2725 profecturus
3004 2664 3173 2717 esset.
3202 2659 3340 2713 dixit
3367 2662 3450 2716 eis
3479 2678 3494 2715 :

1924 2746 2046 2804 Non
2085 2748 2323 2819 amplius
2356 2748 2513 2804 vobis
2551 2758 2816 2820 pracepta
2852 2750 3101 2817 tradam;
3135 2766 3310 2821 neque
3350 2754 3495 2808 enim

1926 2837 2241 2894 custoditis.

1997 2926 2050 2983 8.
2091 2926 2204 2997 (30)
2249 2925 2500 2982 Narravit
2538 2926 2761 2997 quidam
2811 2943 2843 2982 e
2887 2925 3165 2995 Patribus,
3209 2930 3354 3001 quod
3394 2932 3495 2987 ali-

1927 3017 2148 3090 quando
2184 3018 2411 3072 fratrum
2448 3018 2745 3074 nouuullus
2788 3027 3012 3089 gestans
3056 3035 3278 3091 parvam
3311 3024 3497 3077 cucul-

256 3118 550 3190 ἐκκλησίαν
586 3118 696 3172 τῶν
736 3117 976 3172 Κελλίων
1014 3117 1108 3171 ἐπὶ
1151 3116 1245 3171 τοῦ
1285 3117 1430 3171 ἀϐὗᾶ
1489 3115 1698 3209 Ἰσαάκ·
1730 3115 1822 3170 καὶ

1931 3110 2054 3173 Iam,
2101 3110 2310 3165 venerit
2354 3109 2423 3163 ad
2464 3110 2753 3164 ecclesiam
2805 3107 3102 3175 Cellarum,
3150 3113 3257 3167 sub
3304 3113 3501 3169 abbate

258 3207 465 3275 ιδίωξεν
504 3208 668 3262 αὐτὸν
690 3208 721 3261 6
750 3206 928 3279 γέρων
954 3207 1089 3276 (51),
1118 3206 1291 3275 λέγων
1320 3206 1425 3268 ὅτι,
1464 3204 1547 3257 Τά
1589 3197 1690 3258 ὧδε
1727 3221 1823 3275 μο-

258 3296 433 3369 ναχῶν
471 3299 624 3351 εστι·
656 3296 722 3352 σὺ
755 3295 813 3350 δὲ
850 3295 1113 3367 κοσμικδς
1145 3294 1221 3349 ὣν
1242 3334 1255 3359 ,
1286 3294 1345 3348 ού
1388 3293 1613 3347 δύνασαι
1644 3295 1825 3365 μεῖναι

324 3476 391 3530 θ’.
412 3471 581 3530 Εἶπεν
612 3477 643 3530 6
671 3473 846 3539 άόδᾶς
872 3473 1059 3529 Ἰσαάκ
1085 3475 1185 3538 ὃτι,
1225 3473 1491 3527 οὐδέποτε
1533 3474 1826 3544 εἰσήνεγκα

261 3567 334 3630 εις
356 3566 420 3621 τὸ
446 3566 656 3621 κελλίον
690 3582 792 3638 μου
819 3564 1076 3635 λογισμὸν
1107 3566 1248 3620 κατά
1284 3563 1514 3635 ἀδελφοῦ
1543 3565 1827 3635 θλίψαντός

266 3675 348 3729 με.
385 3656 563 3728 Κάγὼ
584 3658 892 3712 ὶσπούδασα
922 3658 997 3731 μὴ
1030 3658 1246 3727 ἀφεῖναι
1271 3656 1499 3727 ἀδελφὸν
1527 3658 1608 3722 είς
1629 3657 1691 3711 τὸ
1705 3656 1829 3712 κελ-

263 3747 371 3801 λίον
400 3747 588 3814 αὐτοῦ,
618 3748 810 3819 ιχοντα
833 3747 952 3801 κατ’
979 3745 1113 3819 ιμοῦ
1133 3746 1411 3816 λογισμόν.

330 3920 385 3977 ι’.
440 3920 740 3994 Ἠσθένησε
760 3920 1006 3993 μεγάλην
1027 3920 1308 3977 ἀσθένειαν
1335 3922 1366 3974 6
1406 3920 1580 3982 ἀὸὂᾶς
1625 3921 1829 3987 Ἰσαὰκ,

264 4014 354 4069 καὶ
382 4013 660 4087 ἐχρόνισεν
689 4013 750 4067 ιν
779 4013 961 4084 αὐτῇ*
1007 4012 1231 4084 εποίησε
1264 4012 1322 4065 δὲ
1370 4011 1519 4083 αὐτῷ
1543 4013 1572 4065 6
1605 4010 1830 4080 ἀδελφὸς

268 4103 466 4176 μικρὰν
493 4102 744 4176 ἀθήραν,
784 4103 879 4158 καὶ
914 4101 1081 4157 ἔδωκε
1121 4101 1359 4174 μυξάρια
1392 4103 1472 4165 είς
1510 4101 1711 4172 αύτήν·
1737 4098 1833 4154 καὶ

266 4198 359 4250 οὐκ
408 4195 599 4268 ἢθελεν
633 4196 663 4249 6
698 4194 878 4267 γέρων
923 4194 1223 4265 γεύσασθαι
1254 4233 1268 4247 .
1312 4196 1422 4248 Καὶ
1477 4193 1833 4265 παρεκάλειὸ

267 4283 489 4353 ἀδελςνδς
531 4282 707 4352 λέγων
739 4299 755 4315 ο
788 4282 938 4338 Λάϐε
987 4282 1203 4355 μικρὸν,
1235 4281 1399 4345 άϐΰᾶ,
1419 4282 1507 4336 διὰ
1548 4281 1644 4353 τὴν
1669 4280 1833 4335 ἀσθέ-

267 4392 429 4428 νειαν.
464 4374 578 4429 Καὶ
634 4373 786 4443 λέγει
846 4372 997 4445 αὐτῷ
1042 4373 1072 4426 ὁ
1126 4373 1300 4446 γέρων
1332 4390 1345 4403 ·
1382 4372 1567 4435 Φύσει,
1595 4372 1790 4442 sane:
1816 4413 1832 4437 ,

271 4558 381 4629 ἐτη.

336 4648 423 4704 ια’.
460 4649 689 4720 Ἔλεγον
723 4650 853 4722 περὶ
883 4648 976 4704 τοῦ
1013 4649 1158 4706 666d
1195 4649 1403 4717 Ἰσαὰκ,
1431 4650 1514 4704 ὅτι
1553 4649 1835 4721 μέλλοντος

250 4737 429 4829 δαῦτοῦ
472 4740 755 4812 τελευτᾷν,
790 4740 1050 4812 συνῆλθον
1098 4741 1234 4813 πρὸς
1265 4741 1425 4796 αὐτὸν
1466 4743 1516 4795 οἱ
1556 4742 1832 4811 γέροντες.

252 4826 362 4885 fut
387 4830 578 4901 ελεγον
602 4848 619 4864 ο
637 4832 703 4885 Τί
733 4832 1028 4904 ποιήσομεν
1060 4833 1199 4904 μετά
1233 4833 1313 4898 σὲ,
1344 4833 1556 4902 Πάτερ;
1603 4832 1660 4885 Ὀ
1685 4831 1742 4885 δὲ
1771 4826 1838 4883 εἷ·

278 4936 368 4974 πεν
384 4937 401 4952 ⁸
420 4922 591 4977 Ἴδετε
622 4923 739 4987 πῶς
768 4923 1068 4996 ἐπορεύθην
1093 4923 1323 4979 ἐνώπιον
1341 4924 1495 4996 ὑμῶν
1516 4943 1532 4956 ·
1558 4924 1652 4978 ἐὰν
1682 4923 1839 4993 θέλη-

277 5027 331 5064 τε
357 5013 448 5068 καὶ
476 5014 637 5085 ὑμεῖς
681 5013 1066 5085 ἀκολουθῆσαι,
1089 5016 1185 5069 καὶ
1226 5015 1457 5084 φυλάξαι
1487 5015 1587 5078 τάς
1624 5014 1842 5078 ἐντολὰς

279 5101 362 5156 τοῦ
384 5102 774 5175 Θεοῦμπέμπει
805 5104 904 5175 τὴν
930 5106 1088 5178 χάριν
1119 5105 1301 5172 αὑτοῦ,
1330 5108 1425 5160 καὶ
1460 5106 1723 5175 φυλάσσει
1751 5105 1844 5159 τὸν

280 5191 428 5247 τόπον
467 5193 679 5248 τοῦτον.
721 5194 847 5248 Ἐἀν
874 5194 931 5248 δὲ
966 5195 1040 5267 μὴ
1083 5196 1390 5265 φυλάξητε,
1418 5196 1477 5248 ού
1515 5195 1589 5268 μὴ
1626 5197 1845 5267 μείνητε

1925 3199 2147 3267 lsaaco;
2181 3211 2235 3258 et
2263 3201 2532 3270 expulerit
2560 3216 2683 3255 eum
2722 3217 2909 3265 senex,
2936 3201 3128 3256 dicens
3157 3220 3172 3257 :
3215 3201 3339 3260 llaec
3383 3205 3497 3258 lora

1925 3290 2317 3346 monachorum
2353 3299 2513 3356 sunt;
2545 3298 2602 3345 tu
2636 3306 2764 3346 vero
2789 3307 2913 3346 cum
2943 3293 3224 3349 saecularis
3252 3297 3355 3363 sis,
3388 3311 3499 3350 nou

1928 3391 2083 3453 potes
2118 3380 2205 3435 bic
2236 3394 2477 3435 manere.
2704 3379 2709 3383 “

1996 3472 2048 3527 9.
2083 3470 2227 3527 Dixit
2251 3472 2422 3528 abbas
2451 3472 2640 3528 Isaac:
2681 3470 2968 3544 Nunquam
3009 3476 3063 3531 in
3099 3490 3273 3530 meam
3300 3476 3498 3532 cellam

1928 3564 2206 3620 introdusi
2230 3564 2617 3636 cogitationem
2642 3575 2832 3621 contra
2863 3565 3083 3622 fratrem
3113 3568 3206 3638 qui
3233 3583 3318 3623 me
3338 3584 3501 3623 vexa-

1929 3664 2103 3712 verat.
2130 3654 2389 3726 ldemque
2411 3671 2514 3727 ego
2544 3657 2734 3712 enisus
2761 3672 2882 3713 sum
2908 3675 3015 3714 nou
3055 3660 3366 3730 relinquere
3393 3660 3503 3714 fra-

1929 3757 2068 3803 trem
2102 3748 2158 3803 in
2196 3749 2334 3805 cella
2367 3764 2486 3815 sua,
2522 3750 2616 3820 qui
2654 3749 2921 3806 adversus
2961 3766 3049 3805 me
3080 3751 3305 3807 haberet
3348 3752 3498 3823 cogi-

1931 3839 2211 3896 tationem.
2423 3850 2428 3856 '

2001 3930 2090 3987 10.
2143 3929 2453 4002 Εετοιανίι
2508 3931 2819 4002 periculoso
2869 3933 3064 3987 morbo
3116 3933 3285 3988 abbas
3329 3931 3501 3999 Isaac,

1932 4033 2042 4089 quo
2092 4019 2185 4074 diu
2231 4029 2460 4076 vexatus
2505 4032 2633 4075 est:
2682 4019 2811 4075 fecit
2857 4031 3038 4075 autent
3088 4023 3137 4077 ei
3186 4023 3500 4092 pulticulam

1934 4112 2122 4178 frater,
2162 4112 2420 4181 misitque
2457 4112 2511 4166 in
2553 4127 2673 4166 eam
2715 4126 2927 4181 pruna:
2985 4127 3085 4167 nec
3120 4113 3287 4167 voluit
3335 4127 3502 4169 senex

1932 4202 2241 4274 degustare.
2274 4202 2479 4259 Orabat
2506 4210 2689 4256 autem
2720 4200 2908 4265 frater,
2935 4202 3123 4257 dicens
3151 4220 3164 4255 :
3200 4202 3363 4257 Sume
3404 4218 3502 4272 pa-

1933 4310 2175 4365 rumper,
2212 4294 2371 4360 abba,
2402 4302 2625 4364 propter
2650 4292 2925 4347 morbum.
2956 4290 3259 4362 Respondit
3292 4308 3456 4348 senex
3484 4312 3500 4349 :

1934 4384 2116 4450 Certe,
2150 4385 2340 4448 frater,
2390 4398 2643 4448 cuperem
2691 4383 2747 4438 in
2788 4383 2893 4437 hoc
2938 4383 3129 4438 morbo
3161 4383 3367 4438 versari
3406 4398 3504 4454 per

268 4462 453 4535 ἧθελον
505 4464 731 4538 ποιῆσαι
777 4466 837 4519 ἐν
883 4468 950 4537 τῇ
1003 4465 1257 4538 ἀσθενείᾳ
1311 4465 1482 4536 ταύτῃ
1545 4465 1829 4535 τριάκοντα

1938 4492 2112 4533 annos
2135 4474 2382 4547 triginta.

2008 4655 2097 4709 H.
2129 4653 2361 4709 Aiebam
2398 4650 2466 4708 de
2497 4653 2695 4709 abbate
2737 4652 2944 4719 lsaaeo,
2977 4656 3123 4725 quod
3166 4670 3291 4711 cum
3346 4657 3505 4710 morti

1939 4744 2426 4817 appropinquaret.
2462 4759 2623 4800 senes
2653 4745 2798 4799 circa
2846 4761 2968 4800 eum
3000 4747 3314 4815 congregati
3357 4756 3506 4810 stult,

1938 4836 2341 4907 dixeruntque:
2391 4835 2529 4901 Quid
2565 4844 2688 4906 post
2729 4834 3081 4899 tefaciemus,
3124 4834 3325 4891 Pater?
3358 4836 3452 4890 Ille
3491 4854 3503 4890 :

1940 4924 2154 4991 Videte,
2197 4925 2397 4996 inquit,
2434 4940 2671 4995 quonam
2716 4925 2878 4980 modo
2912 4941 3095 4980 coram
3138 4926 3292 4982 vobis
3331 4926 3507 4981 inces-

1942 5017 2150 5073 serim:
2199 5016 2246 5071 si
2277 5031 2376 5072 vos
2416 5016 2583 5071 etiam
2622 5017 2906 5072 volueritis
2951 5016 3125 5085 sequi,
3160 5025 3214 5071 et
3254 5016 3509 5071 mandata

1943 5104 2036 5161 Dei
2070 5105 2367 5169 custodire,
2417 5106 2593 5160 mittet
2633 5107 2862 5177 gratiam
2914 5121 3089 5166 suum,
3133 5106 3511 5161 conservabit-

1944 5213 2048 5267 que
2093 5197 2241 5253 hunc
2295 5199 2497 5253 locum.
2543 5196 2696 5264 Quod
2719 5197 2765 5253 si
2800 5212 2908 5252 non
2958 5195 3350 5260 custodieritis,
3401 5212 3510 5253 non

284 5281 335 5333 ιν
364 5285 441 5356 τῷ
483 5285 640 5358 τόπῳ
675 5286 876 5358 τούτῳ.
927 5287 1035 5341 Καὶ
1086 5289 1249 5358 ἡμεῖς
1294 5287 1401 5358 γάρ
1439 5289 1568 5340 ὅταν
1616 5286 1829 5357 ἧμελλοτ

1947 5287 2334 5357 permanebitis
2363 5286 2416 5342 in
2443 5287 2563 5343 loco
2597 5287 2719 5342 hoc.
2741 5285 2874 5341 Nam
2897 5299 2998 5341 nos
3027 5299 3265 5355 quoque,
3295 5283 3512 5354 quando

347 5439 391 5471 "
416 5441 497 5496 Al.
528 5440 779 5496 πεένινα
807 5447 862 5497 at
891 5438 1188 5496 σεσέννινα.
1265 5440 1310 5471 ⁵³
1336 5438 1452 5492 Lat.
1486 5438 1728 5509 ἔμελλον.
1807 5438 1828 5469 ⁸

1931 5438 2065 5510 elag.
2097 5439 2433 5495 κουκούλιον.

354 5592 456 5661 «28)
495 5590 601 5647 Vit.
634 5592 791 5650 Patr.
826 5611 883 5657 ι,
913 5594 1002 5649 52.

350 5662 455 5730 (ἓν)
496 5664 598 5717 νη.
636 5662 792 5719 Patr.
830 5680 907 5725 vt.
931 5662 986 5719 9.
1021 5662 1287 5720 Meursius
1319 5664 1372 5719 iu
1402 5663 1699 5718 Σεδένινον.

355 5733 456 5796 (5m
495 5735 597 5788 Vit.
640 5731 795 5788 Patr.
832 5750 911 5792 vt.
941 5734 994 5789 8.

351 5803 453 5875 (5U
478 5804 589 5863 Καὶ
610 5804 866 5873 ἐδίωξεν
890 5801 1078 5858 αὐτὸν
1109 5806 1141 5858 ὁ
1165 5803 1366 5876 γέρων.
1400 5802 1633 5874 Antiqua
1664 5800 1843 5857 versio

1952 5593 2004 5647 iu
2050 5593 2181 5649 Vitis
2217 5593 2477 5649 Patrum:
2510 5605 2559 5649 et
2606 5594 2875 5662 spectabat
2911 5608 3029 5648 eum
3070 5604 3247 5662 senex,
3286 5604 3384 5662 pro
3422 5606 3516 5662 sa:-

1948 5664 2172 5730 pellebat
2205 5673 2297 5717 aut
2328 5660 2704 5718 insectabatur.
2747 5662 2941 5718 Postea
2982 5661 3165 5720 iuvcui
3196 5660 3433 5719 uetabat
3455 5661 3512 5718 in

1951 5747 2080 5790 mss.
2103 5731 2483 5792 Sucssioncnsi
2518 5742 2571 5789 et
2599 5731 2950 5808 Fossateusi.
