4032 6334
272 307 357 362 239
1403 311 1439 364 Α
1449 309 1836 367 ΡΟΡΙΙΤΗΕΟ]

1937 311 2007 364 l'.\
2048 307 2351 365 PATRUM.

3411 316 3515 376 250

274 430 366 482 ἀλλ’
391 429 592 494 εὐθέως
620 428 855 499 ἔκκοψον
886 431 1043 486 αὑτά.
1063 430 1325 495 Ἀκούσας
1354 432 1410 486 δὲ
1439 434 1467 486 6
1489 432 1665 497 6,666;
1707 435 1836 488 llo:-

1941 431 2167 486 alreclus
2220 429 2468 499 ingredi,
2504 432 2599 487 sed
2640 432 2787 486 illico
2828 431 3089 488 exscinde
3132 445 3244 488 eos.
3273 430 3516 489 Audiens

274 522 381 592 μὴν,
428 523 511 577 δτι
547 522 720 586 οὕτως
757 518 877 575 εἷπε
926 522 1004 594 τῷ
1055 521 1276 595 Θηϐαίῳ
1325 527 1353 577 ὁ
1399 524 1572 589 ἀϐϐἄς
1614 525 1832 597 Ἰωσὴφ.

269 613 489 677 αναστὰς
526 613 737 684 ἀπῆλθε
771 615 907 687 πρὸς
936 615 1097 670 αὐτὸν
1140 619 1221 682 είς
1266 617 1519 688 Πανεφὼ,
1549 619 1644 672 καὶ
1685 618 1835 689 λέγει

270 704 422 775 αὐτῷ·
440 704 629 771 Ἀ66ᾶ,
655 705 770 774 ἐγὼ
793 707 1088 761 ἐπίστευσά
1122 726 1203 762 σοι
1235 710 1362 774 τοὺς
1383 710 1677 783 λογισμούς
1707 727 1831 782 μου·

271 796 353 849 καὶ
389 797 499 850 ἰδοὺ
532 795 707 861 ἄλλως
737 792 897 862 εἶπας
942 799 1083 869 ἐμοὶ.
1114 800 1209 853 καὶ
1254 800 1430 866 ἄλλως
1462 802 1542 874 τῷ
1587 803 1831 875 Θηόαίῳ.

270 886 415 955 Λέγει
444 887 594 958 αὑτῷ
637 888 666 941 6
698 888 877 959 γέρων
897 905 910 919 °
942 889 1053 943 Οὐκ
1080 885 1228 955 οῖδας
1255 892 1336 945 ὅτι
1364 892 1562 962 ἁγαπῶ
1591 909 1683 959 σε;
1725 895 1835 948 Καὶ

271 974 379 1032 εἷπε
404 995 418 1010 ⁸
448 979 577 1033 Ναί.
621 981 695 1033 Οὐ
736 981 802 1034 σὺ
848 980 1029 1049 ἔλεγές
1057 997 1177 1052 μοι’
1219 984 1306 1046 Ὡς
1336 983 1513 1055 ἑαυτῷ
1548 984 1673 1038 εἰπέ
1708 1002 1831 1056 μοις

271 1071 367 1123 Καὶ
416 1066 574 1123 εἶπεν
594 1088 607 1101 ⁸
660 1069 846 1134 Οὕτως
875 1071 1005 1141 ἔχει.
1034 1071 1195 1142 Λέγει
1225 1073 1372 1144 αὐτῷ
1395 1076 1424 1128 6
1452 1075 1626 1148 γέρων
1650 1092 1664 1106 ο
1708 1075 1834 1129 Ἐὰν

267 1161 367 1232 γὰρ
390 1161 604 1233 εἰσέλθῃ
642 1161 710 1215 τὰ
734 1162 902 1234 πάθη,
934 1162 1026 1217 καὶ
1049 1163 1153 1234 δῷς
1181 1165 1273 1218 καὶ
1293 1164 1462 1237 λάϐῃς
1491 1168 1608 1236 μετ’
1631 1167 1831 1231 αὐτῶν,

267 1252 617 1325 δοκιμώτερόν
652 1270 709 1306 σε
738 1253 1086 1310 καθιστῶσιν.
1104 1254 1244 1324 Ἐγὼ
1268 1256 1325 1308 δὲ
1360 1254 1434 1320 ὡς
1464 1256 1686 1327 ἐμαυτῷ
1712 1257 1835 1311 616-

270 1343 398 1414 λησὰ
424 1360 526 1396 σοι.
565 1344 684 1397 Εἰσὶ
715 1343 774 1397 δὲ
808 1344 977 1409 ἄλλοι,
1002 1339 1080 1409 οἷς
1104 1345 1224 1399 οὐδὲ
1250 1348 1608 1417 προσεγγίσαι
1634 1347 1701 1402 τὰ
1732 1348 1832 1402 πά-

269 1433 331 1506 θη
391 1436 693 1508 συμφέρειο
745 1435 1087 1501 ἀλλἐὑθέως
1153 1438 1384 1508 ἐκκόψαι
1447 1439 1584 1494 αὐτὰ
1644 1440 1833 1514 χρείαν

269 1527 382 1598 ἔχου
388 1545 471 1581 σιν
480 1567 494 1581 .

333 1707 392 1761 δ’.
442 1705 697 1776 ’.ἁδελφός
741 1700 835 1772 τις¹
861 1684 1110 1783 ὴρῶτησε
1156 1712 1329 1767 ἀεϐἄν
1370 1712 1590 1786 Ἰωσὴφ,
1621 1713 1828 1784 λέγων·

268 1797 329 1849 Τί
359 1800 584 1867 ποιήσω.
608 1774 690 1851 δτι
721 1797 843 1852 οὔτε
866 1774 1241 1871 κακοπαθῆσαι
1261 1774 1646 1874 δύναμαιίόῦδὲ
1670 1774 1835 1876 6976-
1862 1774 1907 1830 Β

271 1888 459 1943 σασθαι
496 1890 589 1942 καὶ
622 1890 805 1944 δοῦναι
832 1892 1070 1963 ἁγάπην;
1104 1894 1265 1962 Λέγει
1298 1894 1447 1965 αὐτῷ
1482 1898 1511 1949 6
1537 1895 1713 1969 γέρων
1733 1915 1747 1928 ·
1772 1897 1835 1952 Ei

267 1981 326 2035 οὐ
354 1981 575 2035 δύνασαι
608 1981 811 2037 τούτων
836 1983 955 2037 οὐδὲ
982 1984 1039 2039 ἓν
1077 1986 1317 2056 ποιῆσαι,
1349 1986 1451 2041 κᾶν
1480 1991 1714 2060 τήρησον
1737 1992 1837 2063 τὴν

272 2071 567 2142 συνείδησίν
593 2088 686 2125 σου
715 2072 822 2126 61:6
850 2072 945 2127 τοῦ
975 2073 1199 2144 πλησίον
1233 2091 1327 2128 σου
1360 2075 1468 2130 61:6
1503 2077 1703 2142 παντὸς
1735 2096 1835 2131 κα-

270 2161 361 2215 κοῦ
382 2177 395 2190 ⁸
422 2163 515 2215 καὶ
542 2161 688 2235 σώζῃ
707 2162 771 2218 ⁸⁸.

330 2338 390 2392 ε’.
433 2339 629 2408 Ἕλεγέ
675 2357 759 2405 τις
803 2338 912 2395 τῶν
956 2340 1218 2412 ἀδελφῶν,
1238 2341 1320 2396 ὅτι
1369 2341 1680 2412 Παρέϐαλόν
1705 2359 1836 2398 ποτε

270 2432 343 2492 είς
376 2431 670 2502 Ἡρακλέος
695 2431 795 2502 τὴν
823 2433 973 2487 κάτω
999 2433 1130 2504 πρὸς
1154 2431 1243 2486 τὸν
1265 2433 1439 2487 ἀϐϐἄν
1474 2434 1671 2506 Ἰωσήφ
1692 2451 1705 2464 ·
1743 2434 1838 2487 καὶ

270 2515 408 2589 εἶχεν
435 2522 494 2574 ὲν
522 2519 601 2591 τῷ
630 2521 974 2595 μοναστηρίῳ
1002 2516 1298 2594 συκάμινον
1322 2523 1521 2595 ὡραῖον
1544 2525 1706 2578 πάνυ.
1726 2526 1837 2580 Καὶ

268 2609 408 2678 λέγει
455 2627 547 2681 μοι
589 2612 696 2665 61:6
744 2613 923 2684 1:9:b'i'
961 2613 1201 2682 ’Υπαγε,
1238 2614 1377 2683 φάγε
1404 2631 1418 2644 ·
1450 2610 1517 2685 ἦν
1562 2615 1619 2668 δὲ
1659 2633 1836 2688 παρα-

269 2699 450 2771 σκευὴ,
486 2701 582 2753 καὶ
607 2700 706 2755 οὐκ
733 2702 973 2772 ἀπῆλθον
1000 2702 1088 2757 διὰ
1108 2702 1206 2775 τὴν
1228 2704 1501 2775 νηστείαν.
1531 2706 1638 2758 Καὶ
1665 2724 1838 2776 παρα-

268 2791 498 2856 καλέσας
528 2792 689 2847 αὐτὺν
713 2791 894 2847 εἷπον·
930 2793 1030 2848 Διὰ
1064 2795 1157 2849 τὸν
1182 2796 1335 2861 Θεὸν,
1364 2798 1484 2851 είπέ
1517 2815 1606 2869 μοι
1634 2797 1725 2852 τὸν
1752 2798 1838 2852 λο-

267 2882 459 2951 γισμὸν
485 2882 703 2937 τοῦτονο
742 2884 852 2938 ἰδοὺ
898 2886 963 2939 σὺ
1011 2885 1196 2955 ἔλεγές
1230 2903 1354 2957 μοι·
1384 2888 1623 2956 Ὕπαγε,
1657 2889 1796 2958 φάγε
1819 2906 1833 2920 ο

266 2973 372 3040 ἐγὼ
401 2972 459 3026 δὲ
494 2973 582 3027 διὰ
614 2974 714 3046 τὴν
741 2976 995 3045 νηστείαν
1020 2976 1121 3030 οὐκ
1149 2977 1411 3047 ἀπῆλθον,
1444 2979 1539 3033 καὶ
1577 2980 1727 3051 ήμην
1753 2982 1838 3034 6i-

1942 540 2070 578 \‘CIO
2115 524 2282 577 abbas
2328 521 2568 587 Poemen,
2621 524 2694 578 ita
2744 524 2998 580 abbatem
3028 522 3323 594 Joseplium
3368 524 3516 579 locu-

1939 623 2050 666 tum
2099 610 2264 667 fuisse
2306 612 2586 680 Thebano,
2615 629 2868 684 surgens,
2898 614 2965 668 ad
2997 630 3121 670 eum
3161 616 3215 668 in
3255 612 3513 684 Panepbo

1937 703 2216 775 proiectus
2268 712 2386 771 est,
2425 715 2478 760 et
2525 706 2600 759 ait
2629 723 2643 760 :
2674 705 2846 771 Abba,
2890 721 2992 776 ego
3043 706 3354 762 concredidi
3414 706 3513 761 tibi

1937 794 2300 865 cogitationes
2355 810 2542 860 meas,
2596 806 2650 851 et
2707 812 2836 852 ecce
2902 798 3060 853 aliter
3125 798 3296 863 mihi,
3352 797 3513 852 aliter

1938 886 2197 943 Thebano
2247 887 2579 943 disseruisti.
2633 887 2773 943 Dicit
2816 889 2866 944 ei
2914 904 3080 945 senex
3122 888 3357 945 :Nonne
3404 889 3516 945 scis

1935 979 2080 1051 quod
2103 979 2270 1049 diligo
2294 979 2383 1034 te?
2407 977 2707 1051 Respondit
2734 998 2746 1032 :
2778 979 2973 1035 Etiam.
3004 979 3195 1036 Nonne
3236 987 3329 1035 tua
3351 981 3513 1036 verba

1936 1080 2064 1128 sunt
2101 1090 2114 1125 :
2151 1069 2432 1142 Tanquam
2477 1080 2655 1126 tecum
2707 1086 2917 1142 ageres,
2949 1071 3133 1141 profer
3180 1071 3354 1126 mihi?
3381 1070 3500 1127 Pu:-

1935 1177 2059 1217 men
2090 1180 2103 1217 :
2140 1160 2215 1215 Ita
2251 1162 2431 1218 habet.
2468 1160 2608 1216 Tum
2655 1176 2821 1217 senex
2860 1180 2873 1216 :
2909 1160 3043 1215 Nam
3091 1161 3139 1217 si
3182 1161 3508 1218 intraverint

1935 1252 2184 1318 allectus,
2212 1261 2265 1311 et
2289 1270 2413 1309 cum
2445 1254 2514 1311 iis
2542 1252 2841 1325 conﬂigens
2872 1253 3087 1309 dederis
3117 1261 3171 1308 et
3200 1254 3501 1324 acceperis,

1935 1356 1987 1403 te
2047 1348 2413 1419 probatiorem
2477 1350 2833 1405 constituent.
2905 1346 3018 1420 Ego
3078 1363 3203 1404 vero
3253 1356 3511 1415 tanquam
3594 1360 3597 1361 '

1936 1440 2070 1495 mibi
2120 1440 2372 1497 elocutus
2419 1456 2541 1497 sum
2591 1441 2709 1497 tibi.
2753 1440 2929 1496 Porro
2981 1450 3111 1496 sunt
3165 1441 3284 1505 alii,
3316 1438 3516 1511 quibus

1935 1531 2197 1586 conducit
2220 1531 2448 1588 affectus
2480 1547 2549 1587 ne
2573 1530 2795 1603 quidem
2823 1531 3169 1602 proximare;
3202 1529 3298 1586 sed
3329 1533 3513 1586 statim

1935 1636 2034 1679 eos
2064 1633 2351 1693 amputare
2385 1623 2607 1679 debent.

2006 1711 2061 1768 4.
2097 1712 2211 1782 (58)
2251 1709 2443 1766 Frater
2473 1710 2674 1781 aliquis
2719 1710 3081 1781 interrogavit
3114 1709 3368 1765 abbatem
3406 1706 3504 1763 Jo-

1940 1802 2167 1872 sephum
2216 1802 2320 1856 hoc
2360 1803 2520 1857 modo
2551 1821 2562 1855 :
2592 1801 2733 1870 Quid
2786 1811 3016 1856 acturus
3065 1815 3187 1856 sum
3274 1798 3366 1870 qui
3417 1815 3517 1854 nec

1940 1893 2264 1948 vexationes
2301 1891 2445 1948 ferre
2474 1908 2722 1962 possum,
2754 1909 2855 1949 nec
2881 1892 3098 1963 operari
3134 1898 3188 1948 et
3217 1890 3350 1946 dare
3381 1891 3518 1946 eice-

1940 1983 2264 2053 mosynani?
2288 1983 2377 2037 Ait
2411 1984 2485 2038 illi
2519 2000 2684 2042 senex
2713 2002 2727 2040 :
2759 1984 2816 2038 Si
2864 1999 3055 2038 eorum
3105 1984 3190 2039 \‘el
3222 1998 3389 2038 unum
3430 1983 3513 2037 ia-

1938 2090 2065 2129 cere
2101 2090 2210 2129 nou
2255 2075 2427 2139 vales,
2459 2088 2729 2130 conserva
2765 2075 2959 2129 saltem
3021 2081 3170 2128 tuam
3221 2076 3515 2130 conscien-

1940 2167 2071 2220 tiam
2121 2182 2251 2238 erga
2290 2168 2599 2237 proximum
2643 2174 2795 2221 tuum
2827 2166 2896 2221 ab
2931 2166 3080 2221 omni
3126 2166 3290 2234 malo,
3322 2175 3377 2221 et
3406 2168 3517 2223 sal-

1936 2275 2039 2315 vus
2074 2260 2207 2314 eris.

2009 2351 2062 2406 5.
2105 2350 2218 2422 (59)
2259 2348 2468 2405 Retulit
2496 2349 2720 2422 quidam
2759 2349 2988 2405 fratrum
3023 2370 3036 2405 :
3072 2349 3355 2408 Proiectus
3395 2368 3517 2415 sum

1940 2441 2233 2512 aliquando
2287 2441 2606 2499 Heracleam
2660 2444 2980 2499 inferiorem
3028 2443 3096 2498 ad
3139 2444 3390 2501 abbatem
3419 2444 3513 2501 Jo-

1938 2534 2203 2604 sepbum;
2236 2534 2431 2589 habuit
2467 2544 2651 2590 autem
2686 2536 2740 2591 in
2767 2535 3097 2590 monasterio
3128 2549 3338 2591 morum
3376 2552 3504 2606 s;e-

1938 2623 2326 2680 ciosissimam.
2379 2624 2445 2679 Et
2494 2626 2634 2680 dixit
2672 2626 2804 2679 mihi
2854 2641 3054 2680 mane:
3089 2625 3284 2697 Perge.
3333 2644 3503 2682 man-

1938 2713 2109 2780 duca;
2138 2729 2303 2785 porro
2338 2724 2456 2770 erat
2505 2714 2808 2771 Parasceve
2838 2730 2853 2769 :
2892 2732 2993 2770 nec
3041 2716 3134 2781 ivi,
3168 2726 3389 2786 propter
3410 2719 3496 2788 je—

1933 2805 2167 2875 junium.
2199 2806 2387 2876 Itaque
2420 2822 2618 2879 rogans
2662 2822 2809 2871 eum,
2852 2805 2966 2860 dixi
3002 2824 3014 2860 :
3050 2805 3279 2877 Propter
3310 2807 3504 2872 Deum,

1938 2898 2148 2968 explica
2182 2898 2312 2951 mihi
2338 2898 2815 2952 ratiocinationem
2850 2897 3030 2964 hanc;
3060 2913 3187 2953 ecce
3216 2906 3271 2951 tu
3307 2914 3510 2968 praece-

1939 2986 2068 3057 pisti
2119 2987 2250 3040 mibi
2283 3004 2298 3040 :
2330 2987 2521 3058 Perge,
2554 2988 2856 3054 manduca;
2889 3002 2989 3057 ego
3034 2996 3214 3043 autem
3248 2988 3321 3043 ob
3360 2989 3506 3058 jeju—

267 3065 593 3137 σχυνόμενος
622 3066 723 3137 τὴν
747 3067 846 3139 σὴν
890 3067 1106 3138 ἐντολὴν
1152 3065 1518 3141 λογιζόμενος,
1552 3072 1697 3141 Ποίῳ
1745 3071 1834 3124 λο-

1939 3079 2089 3133 nium
2124 3093 2235 3132 non
2282 3079 2382 3144 ivi,
2415 3079 2509 3133 sed
2555 3078 2764 3148 pudore
2820 3078 3205 3144 sulfundebar,
3262 3080 3506 3134 mandati

265 3156 443 3227 γισμῷ
488 3156 642 3226 ἐλεγέ
672 3174 765 3229 μοι
790 3158 819 3211 6
843 3157 1052 3229 γέρων’;
1075 3158 1139 3211 Τί
1164 3155 1259 3213 οὖν
1285 3157 1427 3230 εἶχον
1462 3161 1722 3229 ποιῆσαι;
1755 3162 1836 3215 ὅτι

260 3246 445 3318 ἔλεγές
471 3249 830 3320 μοι,”Υπαγε.
847 3251 906 3303 '0
930 3250 987 3304 δὲ
1008 3246 1160 3304 εἶπεν
1179 3269 1192 3282 ·
1227 3251 1291 3305 υἱ
1313 3251 1554 3324 Πατέρες
1581 3251 1641 3316 ἐξ
1666 3253 1839 3324 ἀρχῆς

267 3339 323 3391 οὐ
355 3339 575 3393 λαλοῦσι
622 3344 734 3404 τοῖς
766 3340 1013 3410 ἀδελφοῖς
1049 3342 1110 3396 τὸ
1144 3341 1323 3412 ὀρθὸν,
1352 3342 1487 3397 ἀλλὰ
1530 3342 1728 3415 μᾶλλον
1769 3342 1840 3396 τὰ

266 3430 524 3502 στρεϐλά’
542 3431 637 3484 καὶ
661 3430 757 3485 ἐὰν
783 3432 963 3486 ἴδωσιν
992 3433 1074 3486 ὅτι
1105 3434 1317 3488 ποιοῦσι
1358 3433 1427 3489 τὰ
1457 3434 1708 3506 στρεϐλὰ,
1738 3434 1839 3487 οὐκ

265 3518 340 3574 ἑτι
377 3519 632 3575 λαλοῦσιν
672 3520 855 3585 αὐτοῖς
889 3521 958 3575 τὰ
981 3521 1234 3593 στρεϐλὰ,
1261 3522 1396 3577 ἀλλὰ
1417 3523 1516 3594 τὴν
1543 3522 1802 3595 ἀληθειαν
1818 3538 1834 3554 ·

264 3610 484 3679 ειδότες,
511 3611 594 3664 ὅτι
621 3614 703 3675 είς
730 3612 907 3667 πάντα
935 3613 1162 3684 ὑπήκοοί
1188 3615 1346 3670 εἰσιν.

336 3798 414 3857 ς’.
453 3788 621 3846 Εἶπεν
649 3795 678 3848 6
704 3792 879 3858 6666;
905 3793 1103 3864 Ἰωσὴφ
1124 3792 1205 3865 τῷ
1229 3793 1374 3866 ὰ66ᾄ
1394 3794 1544 3849 Λὼτ’
1575 3797 1650 3850 Οὐ
1679 3797 1838 3852 δύνα-

268 3899 354 3938 σαι
386 3884 641 3953 γενέσθαι
674 3886 927 3958 μοναχὸς,
953 3886 1048 3942 ἐὰν
1079 3886 1155 3957 μὴ
1184 3887 1314 3960 γένῃ
1340 3888 1416 3954 ὡς
1445 3889 1555 3961 πῦρ
1589 3889 1832 3959 φλογιζόο

267 3993 426 4047 μενος
449 3978 590 4039 ὅλος.
1718 3984 1723 3987 ’

332 4069 400 4133 ζ’.
441 4069 754 4140 [παρέϐαλεν
787 4071 816 4124 6
846 4070 1020 4136 6666;
1050 4072 1172 4125 Λὼτ
1204 4071 1281 4143 τῷ
1318 4073 1461 4144 ἁϐϐᾷ
1499 4073 1713 4144 Ἰωσὴφ,
1744 4075 1838 4128 καὶ

266 4158 411 4229 λέγει
440 4161 617 4232 αὐτῷ’
663 4162 851 4227 Ἀϐὁᾶ,
885 4162 1028 4216 κατὰ
1054 4163 1279 4234 δύναμίν
1323 4182 1425 4234 μου
1468 4165 1606 4218 ποιῶ
1633 4166 1730 4236 τὴν
1759 4183 1838 4236 μι-

266 4253 405 4322 κράν
444 4270 546 4323 μου
583 4240 822 4320 σῦναξιν,
850 4253 946 4306 καὶ
973 4254 1071 4324 τὴν
1100 4255 1297 4324 μικρὰν
1323 4256 1574 4327 νηστείαν
1604 4273 1722 4326 μου,
1743 4252 1838 4309 καὶ

266 4342 363 4412 τὴν
384 4344 571 4414 εὐχὴν,
606 4345 701 4398 καὶ
723 4344 821 4415 τὴν
853 4343 1099 4417 μελέτην,
1126 4344 1218 4398 καὶ
1252 4344 1349 4416 τὴν
1371 4347 1620 4417 ἡσυχίαν,
1648 4348 1742 4401 καὶ
1777 4348 1837 4401 τὸ

1938 3170 2015 3224 tui
2043 3184 2196 3241 ergo,
2234 3183 2448 3225 mecum
2501 3181 2763 3240 reputans
2799 3186 2813 3224 :
2853 3169 3096 3235 Quanam
3149 3169 3364 3224 ratione
3396 3171 3506 3224 elu-

1937 3269 2101 3317 cutus
2143 3269 2228 3317 est
2262 3261 2467 3315 senex?
2491 3260 2631 3327 Quid
2659 3276 2790 3330 ergo
2812 3260 2992 3314 facere
3014 3260 3197 3327 debui,
3219 3268 3510 3329 propterea

1938 3354 2082 3424 quod
2116 3353 2193 3408 ire
2226 3354 2516 3423 iusseras?
2550 3352 2771 3422 Excepit
2815 3353 2906 3407 ille
2942 3371 2954 3406 :
2992 3350 3180 3406 Patres
3213 3352 3369 3405 initio
3396 3367 3504 3406 non

1936 3445 2159 3500 edicunt
2182 3444 2447 3501 fratribus
2481 3444 2625 3515 quod
2650 3452 2858 3497 rectum
2886 3452 2991 3505 est,
3025 3442 3121 3498 sed
3155 3444 3336 3513 potius
3375 3460 3500 3513 per-

1936 3547 2126 3599 versa;
2168 3548 2404 3603 cumque
2449 3531 2689 3587 viderint
2715 3545 2812 3585 eos
2859 3543 3117 3599 perversa
3169 3530 3371 3592 facere,
3401 3544 3512 3584 non

1938 3624 2173 3693 amplius
2223 3637 2485 3693 perversa
2548 3623 2855 3691 loquuntur
2907 3620 3008 3685 eis,
3054 3619 3150 3676 sed
3209 3622 3511 3687 veritatem,

1938 3716 2091 3787 gnari
2116 3714 2182 3768 ad
2206 3714 2385 3769 omnia
2414 3713 2780 3783 obsequentes
2808 3727 2951 3766 esse.

2007 3805 2062 3861 6.
2116 3804 2265 3859 Dixit
2314 3804 2485 3859 abbas
2526 3803 2729 3872 .loscph
2775 3802 2958 3856 abbati
3012 3799 3149 3855 Loto
3190 3818 3205 3855 :
3243 3799 3359 3855 Non
3406 3815 3505 3871 po-

1937 3906 2022 3952 tes
2054 3897 2165 3952 iieri
2202 3898 2528 3961 monachus,
2561 3895 2664 3949 nisi
2710 3895 2890 3948 instar
2919 3893 3061 3962 ignis
3103 3900 3251 3947 totus
3280 3893 3506 3949 exstite-

1937 3989 2015 4043 ris
2042 3988 2347 4041 llammeus.
3220 4034 3231 4039 _

2013 4078 2062 4133 7.
2098 4077 2210 4148 (40)
2241 4076 2390 4131 Adiit
2426 4076 2597 4130 abbas
2625 4075 2725 4129 Lot
2772 4074 3019 4129 abbatem
3068 4072 3385 4143 Joseplium,
3418 4074 3509 4128 cui

1938 4169 2014 4223 ait
2045 4187 2059 4224 ε
2088 4168 2259 4233 Abba,
2290 4180 2389 4237 pro
2415 4166 2558 4219 virili
2608 4180 2725 4220 mea
2762 4179 2963 4234 perago
2997 4179 3221 4232 parvum
3257 4163 3504 4218 Oﬁlcium

1940 4274 2141 4325 meum,
2172 4273 2400 4328 parvum
2440 4272 2617 4311 meum
2657 4253 3304 4325 jejunium,oralionem,
3343 4254 3509 4308 medi-

1940 4351 2224 4414 tationem,
2252 4349 2490 4420 qnietem
2515 4366 2530 4414 ;
2558 4356 2613 4403 et
2650 4356 2911 4419 quantum
2959 4348 3138 4411 valeo,
3164 4360 3332 4416 puras
3369 4345 3510 4399 obti-

267 4433 407 4486 κατὰ
434 4434 665 4505 δύναμιν
691 4452 793 4506 μου
821 4433 1109 4506 καθαρεύω
1124 4436 1170 4468 θ’
1196 4438 1306 4499 τοῖς
1331 4437 1707 4508 λογισμοῖς.Τί
1740 4435 1833 4493 οὖν

1941 4459 2040 4495 nco
2090 4442 2466 4511 cogitationes.
2502 4438 2645 4505 Quid
2692 4453 2822 4509 ergo
2852 4437 3033 4492 adhuc
3068 4438 3240 4492 debeo
3294 4436 3507 4491 facere?

268 4523 373 4593 ἔχω
416 4525 642 4595 ποιῆσαι
680 4525 894 4592 λοιπόν;
936 4527 1197 4590 Ἀναστὰς
1222 4523 1314 4581 οὖν
1337 4530 1365 4581 6
1387 4529 1583 4599 γέρων,
1613 4530 1834 4600 ἥπλωσε

267 4615 363 4679 τὰς
400 4620 591 4689 χεῖρας
614 4619 695 4679 εἱς
720 4617 810 4671 τὸν
836 4618 1062 4688 οὐρανόν
1081 4635 1095 4648 ο
1126 4617 1221 4671 καὶ
1252 4619 1534 4687 γεγόνασιν
1562 4622 1609 4673 οἱ
1639 4621 1835 4673 δάκτυ-

271 4724 346 4761 λοι
376 4708 565 4773 αὐτοῦ,
595 4709 670 4773 ὡς
703 4709 833 4763 δέκα
865 4709 1145 4780 λαμπάδες
1187 4710 1389 4783 πυρός’
1437 4711 1531 4765 καὶ
1560 4712 1706 4781 λέγει
1737 4713 1834 4767 αὑ·

271 4799 376 4868 τῷ·
414 4799 477 4853 Εἰ
503 4799 699 4864 θέλεις,
727 4799 885 4869 γενοῦ
918 4801 1037 4865 ὅλος
1070 4801 1144 4866 ὡς
1177 4801 1306 4871 πῦρ.

335 4893 405 4964 η’.
457 4893 709 4961 Ἀδελφὸς
754 4892 1006 4964 ἠρώτησε
1052 4892 1144 4945 τὸν
1187 4891 1361 4945 6666v
1397 4892 1616 4963 Ἰωσὴφ,
1661 4892 1834 4959 λέγων

271 4985 366 5048 ὅτι,
400 4985 552 5039 Θέλω
595 4983 829 5047 ἐξελθεῖν
870 4983 976 5037 61:6
1021 4982 1115 5036 τοῦ
1159 4982 1445 5044 κοινοὸίου,
1484 4985 1577 5036 καὶ
1617 4983 1833 5036 καθίσαι

274 5077 597 5147 καταμόνας.
623 5077 733 5130 K61
762 5074 910 5143 λέγει
942 5073 1088 5145 αὐτῷ
1115 5075 1143 5127 6
1170 5074 1346 5144 γέρων
1365 5090 1379 5105 ·
1420 5074 1591 5126 ’Ὀπου
1620 5072 1834 5143 βλέπεις

274 5170 363 5238 τὴν
387 5170 566 5241 ψυχήν
600 5186 695 5222 σου
727 5167 1146 5236 ἀναπαυομένην
1182 5168 1276 5220 καὶ
1311 5167 1386 5237 μὴ
1429 5165 1829 5237 βλαπτομένην,

275 5260 503 5314 κάθισον.
547 5260 712 5328 Λέγει
759 5257 909 5329 αὑτῷ
940 5260 969 5311 6
1009 5257 1267 5326 ἀδελφός*
1311 5257 1421 5311 K61
1454 5258 1534 5320 εἰς
1566 5256 1829 5309 κοινόϐιον

272 5348 636 5424 ἀναπαύομαι,
662 5350 756 5405 καὶ
782 5349 1123 5419 καταμόνας·
1163 5348 1215 5403 τί
1245 5343 1337 5402 οῦν
1375 5347 1549 5412 θέλεις
1583 5349 1827 5419 ποιήσω;

1938 4531 2180 4602 Surgcns
2224 4532 2391 4602 igitur
2423 4546 2610 4594 senex,
2645 4544 2841 4583 manus
2883 4525 3129 4582 extendit
3175 4526 3227 4579 in
3267 4527 3503 4588 caelum,

1937 4622 2175 4692 factique
2206 4629 2335 4677 sunt
2363 4620 2483 4690 ejus
2512 4621 2669 4691 digiti
2722 4620 2875 4675 vclut
2917 4619 3104 4674 decem
3138 4617 3280 4687 ignis
3305 4617 3509 4687 lampa-

1935 4710 2062 4779 des;
2092 4719 2144 4766 et
2168 4711 2306 4765 dixit
2339 4710 2388 4765 ei
2422 4731 2433 4765 :
2464 4708 2521 4764 Si
2554 4710 2656 4772 vis,
2686 4709 2898 4763 eilicere
2939 4716 3090 4761 totus
3129 4707 3304 4761 instar
3340 4707 3504 4777 ignis.

2006 4890 2058 4943 8.
2105 4889 2294 4944 Frater
2345 4887 2696 4958 interrogavit
2754 4887 3000 4942 abbatem
3056 4884 3356 4955 Josephum
3406 4884 3509 4938 bne

1937 4988 2102 5050 pacto
2156 4999 2169 5033 :
2218 4982 2382 5035 Exire
2444 4981 2567 5034 volo
2617 4995 2647 5034 e
2700 4978 2950 5034 caenobio
3001 4986 3054 5033 et
3096 4975 3376 5031 solitarius
3426 4991 3516 5030 sc-

1934 5071 2084 5127 dere.
2135 5071 2278 5126 Dixit
2313 5072 2361 5126 ei
2406 5086 2621 5127 senex:
2662 5069 2763 5124 Ubi
2815 5067 3016 5123 videris
3068 5068 3304 5120 animam
3359 5074 3509 5117 tuam

1935 5163 2363 5234 requiescentem
2394 5177 2495 5217 nec
2524 5163 2724 5217 damno
2755 5159 3023 5225 affectam,
3050 5158 3120 5212 ibi
3147 5156 3344 5211 reside.
3370 5152 3510 5206 Tum

1937 5254 2107 5310 frater
2161 5255 2227 5310 ad
2263 5252 2520 5309 eum:Et
2569 5254 2623 5308 in
2682 5252 2931 5309 scenobio
2984 5248 3201 5319 quietus
3255 5258 3409 5306 sum,
3456 5246 3508 5296 et

1937 5349 2153 5418 quando
2182 5348 2333 5404 solus
2359 5347 2496 5415 dego
2521 5362 2535 5400 :
2558 5346 2705 5417 quod
2731 5360 2860 5416 ergo
2892 5342 3024 5398 mihi
3053 5336 3344 5396 consilium
3371 5333 3510 5389 dasl

340 5508 383 5540 “
409 5508 487 5568 Al.
528 5508 657 5568 add.
689 5507 1080 5578 ἀναμάρτητον
1101 5503 1209 5576 γὰρ
1229 5503 1323 5574 τὴν
1347 5502 1517 5574 ψυχὴν
1545 5462 1696 5572 ζητεῖ
1718 5503 1744 5556 6
1768 5501 1918 5566 Θεός.
1996 5501 2040 5541 ⁸⁷
2069 5502 2153 5556 ΑΙ.
2178 5487 2510 5571 καθαριεύω.

337 5648 443 5716 (38)
474 5646 579 5707 Vn.
618 5649 769 5705 Patr.
805 5659 862 5711 ι,
897 5645 984 5716 si.

333 5714 436 5788 (59)
484 5722 585 5778 γη.
626 5722 778 5776 Pan.
816 5732 870 5782 κ,
905 5714 991 5769 50.

2011 5644 2115 5713 (.50)
2162 5643 2267 5696 Vit.
2307 5640 2452 5696 Patr.
2485 5653 2580 5705 χιι,
2612 5635 2663 5694 8.
