4032 6334
493 342 591 395 οτι

497 370 562 395 ιι)

497 370 562 398 Συ

1658 334 2002 392 ΛΡΙἚΝῸΙΧ
2047 331 2138 388 AD
2180 332 2602 391 PALLADiUM.

3638 334 3750 394 2'52

498 449 799 524 Respondit
837 469 1003 510 senex
1033 475 1044 510 :
1081 459 1137 509 Si
1171 456 1521 524 conquiescis
1565 463 1678 508 tum
1712 455 1764 510 in
1799 453 2064 509 ccenobio.

2182 453 2344 520 Λέγει
2385 452 2534 524 αὑτῷ
2581 455 2608 508 ὁ
2649 454 2858 525 γέρων·
2897 455 2955 507 ει
2982 453 3236 526 dvas-auia
3279 455 3358 518 εἰς
3399 452 3460 507 τὸ
3503 451 3774 508 κοινόῦιον

496 552 612 599 tum
662 547 977 616 solitarius;
1025 554 1202 603 statue
1257 548 1616 618 cogitationes
1664 555 1788 602 tuas
1838 547 1984 602 velut
2017 547 2069 599 in

495 635 742 691 trutina:
775 644 829 691 et
864 637 951 691 ubi
992 637 1195 690 videris
1235 639 1474 690 animum
1515 648 1667 692 tuum
1702 638 1875 708 magis
1910 639 2074 708 proti-

497 739 642 786 cere.
670 741 844 796 eoque
873 727 1232 796 propendere,
1263 728 1315 780 id
1352 726 1537 782 facito.

565 815 619 869 9.
648 816 896 870 Accessit
932 831 1124 871 senum
1177 820 1474 872 nonnullus
1505 817 1570 872 ad
1602 817 1845 873 sodalem
1887 832 2070 878 suum,

494 915 553 962 ut
599 908 764 962 simul
808 908 1061 962 abbatem
1112 907 1410 980 Josephnm
1473 911 1805 978 inviserent;
1851 921 1904 966 et
1950 913 2069 965 ait:

494 995 733 1068 thcipe
784 997 1061 1068 discipulo
1115 1007 1241 1062 tuo,
1280 1010 1338 1055 nt
1367 1002 1526 1058 nobis
1573 1002 1790 1057 asinum
1839 1009 2067 1056 sternat.

491 1088 587 1144 llle
618 1108 631 1144 :
670 1088 813 1145 Voca
844 1105 992 1155 eum,
1033 1093 1176 1161 quod
1218 1094 1455 1149 volueris
1501 1106 1849 1164 exsequetur.
1887 1094 2068 1150 Dicit:

489 1181 644 1248 Quod
696 1191 781 1238 est
815 1200 1013 1239 nomen
1047 1186 1142 1240 ei?
1171 1185 1468 1256 Respondit
1503 1207 1516 1243 :
1567 1187 1786 1243 Nescio.
1817 1187 1956 1242 Tum
1989 1189 2073 1242 al-

489 1283 608 1328 ter:
637 1274 681 1327 A
713 1290 972 1344 quonam,
998 1276 1197 1345 inquit,
1225 1285 1466 1347 tempore
1507 1287 1688 1333 tecum
1727 1280 1893 1350 degit,
1924 1278 2069 1350 quod

491 1381 690 1421 nomen
749 1367 897 1421 illius
937 1368 1227 1424 nescis?A
1271 1370 1484 1426 duobus
1529 1373 1708 1436 annis,
1754 1372 1890 1428 infit.
1929 1371 2068 1427 Tum

486 1458 710 1528 excepit
764 1459 907 1513 alius
941 1478 956 1512 ι
995 1457 1052 1512 Si
1085 1474 1140 1514 ttt
1172 1476 1268 1530 per
1310 1461 1447 1518 duos
1496 1479 1668 1518 annos
1716 1480 1820 1518 non
1871 1481 2071 1536 cogno-

489 1547 617 1600 visli
657 1563 850 1602 nomen
897 1547 1150 1618 discipuli
1179 1551 1276 1615 tui,
1305 1567 1406 1621 ego
1437 1551 1502 1605 ad
1535 1569 1700 1606 unum
1748 1554 1891 1608 diem
1937 1554 2068 1624 quid

487 1654 629 1708 opus
657 1641 829 1693 habeo
859 1649 916 1693 ut
949 1640 1082 1693 illud
1115 1641 1362 1696 discam?

563 1731 648 1785 10.
680 1731 1002 1800 Cougregati
1029 1743 1156 1787 sunt
1180 1733 1476 1804 aliquando
1509 1735 1707 1790 fratres
1731 1737 1872 1806 apud
1908 1735 2070 1791 abha-

2182 547 2276 597 καὶ
2306 545 2640 615 καταμόνας,
2674 545 2869 614 στῆσον
2899 548 3024 608 τοὺς
3047 545 3140 598 δύο
3161 545 3453 615 λογισμούς
3481 562 3576 598 σου
3609 545 3683 610 ὡς
3711 547 3772 598 ἐν

2181 634 2331 705 ζυγῴ
2352 653 2363 664 ·
2399 635 2493 689 καὶ
2539 637 2676 690 ὅπου
2710 636 2928 706 βλέπεις
2955 638 3035 689 ὅτι
3064 637 3264 706 μᾶλλον
3313 638 3429 690 ἐκεῖ
3469 636 3770 704 ὠφελεῖται

2181 728 2275 779 καὶ
2296 727 2522 798 κατάγει
2545 729 2573 780 ὁ
2597 728 2851 799 λογισμός
2885 747 2999 792 σου,
3030 727 3189 781 τοῦτο
3214 729 3458 800 ποίησον.

2250 818 2312 873 0'.
2356 819 2639 891 Παρέλαὸέ
2674 837 2756 882 τις
2791 819 2900 873 τῶν
2933 820 3203 891 γερόντων
3233 821 3367 889 πρὸς
3405 822 3495 875 τὸν
3542 823 3762 893 ἑταῖρον

2177 909 2366 974 αὑτοῦ,
2396 911 2480 964 ἵνα
2510 910 2831 974 ἀπελθόντες
2861 910 3262 980 ἐπισκέψωνται
3305 910 3397 964 τὸν
3427 910 3600 965 assa:
3645 913 3766 964 Ἰω-

2182 1002 2318 1072 σήφ*
2355 1003 2449 1055 καὶ
2480 1001 2660 1071 λέγει·
2709 1003 2845 1055 Εἰπὲ
2873 1001 2948 1072 τῷ
2982 1001 3196 1074 μαθητῇ
3242 1019 3356 1066 σου,
3405 1002 3494 1057 ἵνα
3541 1004 3763 1076 στρὼσῃ

2178 1094 2307 1164 ἡμῖν
2335 1091 2425 1146 τὸν
2469 1093 2608 1146 ὄνον.
2640 1094 2748 1147 Καὶ
2781 1093 2928 1161 λέγει
2949 1109 2962 1122 ·
2997 1093 3248 1162 Φώνησον
3278 1093 3440 1146 αὐτόν
3460 1108 3476 1125 ·
3502 1093 3597 1146 καὶ
3631 1093 3766 1146 εἴτι

2177 1182 2351 1248 Θέλεις
2399 1187 2560 1238 ποιεῖ.
2607 1185 2804 1253 Λέγειο
2840 1185 2936 1248 Τίς
2973 1183 3254 1248 καλεῖταις
3295 1184 3352 1236 '0
3385 1183 3440 1236 δὲ
3469 1183 3604 1255 ἔφη’
3645 1185 3764 1237 Uine

2176 1272 2308 1331 οἶδα.
2339 1277 2447 1330 Καὶ
2476 1277 2623 1345 λέγει
2660 1274 2808 1346 αὐτῷ
2831 1293 2843 1306 ο
2879 1275 3049 1328 Πόσον
3082 1275 3269 1346 χρόνον
3309 1273 3420 1344 ἔχει
3461 1273 3597 1344 μετὰ
3637 1272 3762 1334 σοῦ.

2175 1367 2256 1420 ὅτι
2281 1366 2380 1418 οὐκ
2408 1365 2554 1429 οἶδας
2585 1368 2647 1419 τὺ
2674 1365 2842 1434 ὄνομα.
2871 1363 3066 1429 αὑτοῦς
3103 1365 3211 1417 Καὶ
3251 1358 3401 1417 εἶπεν
3421 1382 3435 1394 ·
3475 1365 3630 1434 Ἔχει
3662 1364 3764 1418 δύο

2175 1456 2289 1526 ἐτη.
2310 1457 2368 1509 Ὀ
2397 1457 2453 1510 δὲ
2486 1457 2588 1528 ἔφη
2616 1473 2628 1485 '
2659 1455 2785 1510 Et"
2811 1457 2875 1508 σὺ
2905 1454 2997 1508 δύο
3040 1454 3133 1525 ἐτη
3183 1454 3283 1508 οὐκ
3329 1451 3474 1518 οἶδας
3500 1455 3561 1508 τὸ
3585 1454 3762 1524 ὖνομα

2174 1546 2265 1599 τοῦ
2294 1547 2534 1618 μαθητοῦ
2571 1565 2685 1610 σου,
2722 1546 2831 1616 ἐγὼ
2859 1547 2935 1610 εἰς
2967 1547 3096 1617 μίαν
3123 1547 3333 1617 ἡμέραν
3358 1546 3409 1598 τί
3437 1545 3545 1616 ἒχω
3565 1546 3761 1617 χρείαν

2179 1637 2372 1706 μαθεῖν
2405 1637 2569 1702 αὐτό;

2246 1732 2297 1778 ι’.
2341 1725 2690 1796 Συνήχθησαν
2719 1726 2938 1795 ἀδελφοί
2967 1744 3096 1780 ποτε
3124 1727 3257 1798 πρὸς
3296 1727 3388 1780 τὸν
3422 1724 3596 1781 ἀῦθᾶν
3635 1729 3723 1781 Ίω
3746 1758 3757 1768 ο

490 1833 595 1876 tem
628 1819 924 1890 losephum
958 1840 970 1876 :
1004 1825 1205 1892 quibus
1232 1824 1550 1879 sedentibus
1580 1838 1742 1896 atque
1773 1828 1951 1897 ipsum
1981 1828 2063 1880 in-

2180 1819 2310 1888 τήφο
2340 1818 2434 1871 καὶ
2468 1818 2791 1888 καθημένων
2833 1818 3030 1881 αὐτῶν,
3060 1821 3153 1872 καὶ
3203 1818 3606 1889 ἐπερωτώντων
3653 1821 3756 1872 αὺ-

488 1914 917 1983 terrogantibus,
961 1915 1267 1984 gaudebat;
1310 1927 1362 1971 et
1413 1917 1570 1972 laetus
1604 1919 1743 1972 dixit
1794 1919 1874 1974 eis
1909 1937 1922 1974 :
1959 1918 2068 1990 Ego

489 2005 649 2059 hodie
673 2020 766 2059 rex
789 2021 944 2070 sum;
982 2021 1106 2060 nam
1139 2024 1305 2078 super
1327 2008 1553 2065 allectus
1583 2012 1826 2081 regnavi.

587 2097 673 2151 Η.
710 2097 942 2153 Ait-bant
971 2098 1038 2154 de
1079 2099 1274 2155 abbate
1299 2099 1534 2172 Josepho
1554 2118 1584 2158 e
1613 2101 1887 2173 Pancpho,
1925 2103 2068 2173 quod

488 2203 612 2242 cum
658 2189 768 2258 jam
811 2200 956 2245 esset
996 2187 1315 2259 nioriturus,
1341 2195 1656 2252 sedentibus
1694 2197 1937 2262 senibus,
1979 2198 2067 2252 in-

487 2279 718 2334 tendens
749 2282 801 2334 in
839 2283 1064 2346 ostium,
1099 2285 1375 2354 aspexerit
1407 2285 1684 2340 diabolum
1715 2287 1827 2341 illic
1871 2287 2068 2344 seden-

487 2377 631 2435 tem;
665 2377 970 2438 vocatoque
995 2368 1292 2440 discipulo,
1321 2373 1525 2428 dixerit
1554 2392 1568 2430 :
1602 2362 1751 2430 Alfer
1774 2375 2064 2441 baculum;

487 2461 591 2515 iste
623 2459 768 2515 enim
800 2461 1102 2528 existimat,
1130 2478 1216 2518 me
1241 2478 1425 2518 senem
1450 2465 1677 2533 factum,
1704 2483 1813 2522 non
1831 2469 2068 2539 amplius

486 2551 542 2605 iu
580 2565 704 2606 eum
738 2551 936 2607 valere.
969 2551 1149 2623 thue
1181 2555 1434 2610 baculum
1487 2572 1652 2613 manu
1687 2560 1881 2624 tenuit,
1916 2559 2070 2616 vide-

490 2650 617 2697 runt
641 2658 799 2699 senes
830 2643 974 2714 quod
1003 2645 1258 2703 diabolus
1286 2664 1382 2719 per
1401 2649 1649 2719 januam,
1682 2649 1854 2706 instar
1881 2654 2058 2715 canis,

487 2735 752 2790 subduxit
778 2751 859 2801 se,
887 2751 988 2792 nec
1019 2739 1255 2807 amplius
1281 2743 1614 2812 comparuit.

1035 2851 1113 2907 De
1133 2853 1322 2908 abbate
1344 2851 1569 2910 Iacobo.

565 2961 615 3016 l.
647 2959 792 3033 Dixit
820 2961 990 3017 abbas
1015 2959 1292 3018 Iacobus:
1325 2963 1502 3036 Majus
1522 2973 1608 3021 est
1629 2964 1896 3038 hospitem
1920 2983 2065 3034 esse,

489 3065 654 3120 quam
689 3051 959 3121 hospitem
986 3050 1290 3122 suscipere.

2169 1909 2282 1969 τὸν,
2313 1908 2526 1982 ἔχαιρεο
2556 1912 2649 1964 καὶ
2674 1910 3121 1982 προθυμούμενος
3145 1911 3329 1980 ἔλεγεν
3351 1912 3534 1975 αὐτοῖς
3551 1928 3564 1941 ·
3611 1913 3759 1980 Ἐγὼ

2170 1999 2421 2069 βασιλεύς
2453 2003 2566 2071 εἰμι
2593 2001 2832 2072 σήμερον
2853 2018 2867 2032 ο
2897 2002 3223 2056 ἐβασίλευσα.
3245 2003 3351 2072 γὰρ
3374 2003 3466 2054 ἐπὶ
3488 2001 3556 2056 τὰ
3581 2003 3753 2073 πάθη.

2243 2101 2332 2148 ια’.
2378 2093 2604 2162 Ἔλεγον
2657 2094 2780 2165 περὶ
2825 2093 2919 2146 τοῦ
2951 2093 3095 2148 ἀεὸᾶ
3137 2095 3334 2166 Ἰωσὴφ
3367 2096 3464 2166 τῆς
3495 2094 3754 2164 Πανεφὼ,

2168 2185 2249 2238 ὅτι
2280 2185 2562 2256 μέλλοντος
2598 2183 2762 2238 αὑτοῦ
2797 2185 3072 2258 τελευτᾷν,
3099 2185 3426 2256 καθημένων
3457 2188 3756 2258 γερόντων,

2167 2276 2421 2346 προσχὼν
2447 2277 2584 2348 πρὸς
2620 2276 2717 2348 τὴν
2739 2277 2951 2348 θυρίδα,
2983 2275 3091 2331 εἶδε
3105 2279 3149 2310 ⁶⁹
3179 2278 3269 2331 τὸν
3299 2278 3546 2332 διάϐολον
3583 2279 3757 2349 καθή-

2171 2386 2330 2438 μενον
2363 2368 2500 2441 πρὸς
2529 2372 2595 2440 τῇ
2631 2369 2836 2442 θυρίδι’
2881 2371 2973 2424 καὶ
3006 2372 3255 2442 ερωνήσας
3281 2371 3358 2442 τῷ
3401 2371 3612 2443 μαθητῇ
3651 2373 3754 2426 αὑ-

2165 2457 2280 2522 τοῦ,
2318 2458 2471 2528 ἔλεγε
2491 2477 2504 2490 ·
2540 2459 2676 2532 Φέρε
2708 2460 2805 2531 τὴν
2835 2460 3063 2532 ράὅδον’
3091 2460 3300 2532 νομίζει
3341 2462 3449 2532 γὰρ
3488 2456 3641 2524 οὗτος
3668 2463 3756 2516 ὅτι

2167 2550 2434 2623 ἐγήρασα,
2480 2552 2575 2605 καὶ
2610 2552 2711 2606 οὐκ
2753 2551 2832 2606 ἐτι
2865 2553 3101 2624 δύναμαι
3139 2555 3274 2625 πρὸς
3305 2553 3486 2609 αὐτόν.
3521 2555 3632 2608 Καὶ
3674 2554 3755 2616 ὡς

2167 2640 2395 2712 κατέσχε
2428 2643 2526 2714 τὴν
2554 2642 2770 2714 ῥάϐδον,
2803 2641 2998 2696 εἷδοντο
3025 2645 3076 2697 οἱ
3103 2644 3354 2716 γέροντες
3379 2644 3461 2698 ὅτι
3485 2644 3754 2715 ἐχάλασεν

2167 2731 2354 2784 ἐαυτὸν
2376 2731 2450 2795 ὡς
2479 2731 2624 2786 κύων
2651 2733 2738 2788 διὰ
2759 2733 2859 2804 τῆς
2885 2733 3119 2807 θυρίδος,
3152 2735 3246 2790 καὶ
3273 2734 3481 2806 ἀφανὴς
3511 2735 3750 2805 ἐγένετο.

2564 2846 2704 2914 Περὶ
2739 2845 2847 2902 τοῦ
2872 2845 3022 2903 ἀσσά
3049 2847 3337 2904 Ἰακώϐου.

2241 2961 2311 3008 α’.
2353 2950 2522 3008 Εἶπεν
2566 2956 2596 3008 ὁ
2645 2955 2819 3020 assa;
2861 2957 3118 3022 Ἰάκωδος
3159 2959 3262 3025 ὅτι,
3297 2958 3497 3024 Μεῖζον
3543 2962 3660 3015 ἐστι
3693 2962 3758 3018 τὺ

2169 3044 2468 3112 ξενιτεῦσαι
2495 3046 2646 3118 παρὰ
2678 3047 2740 3100 τὸ
2773 3047 3086 3119 ξενοδοχείν.

557 3141 612 3196 2.
642 3141 846 3199 Monuit
876 3143 1063 3211 etiam,
1087 3158 1212 3199 eum
1243 3145 1336 3215 qui
1366 3144 1643 3210 laudatur,
1665 3145 1864 3202 debere
1889 3162 2064 3218 repu—

2240 3136 2306 3207 β’.
2353 3137 2548 3207 Ἔλεγε
2588 3139 2772 3202 πάλιν,
2801 3140 2883 3193 ὄτι
2909 3142 3317 3213 ἐπαινούμενον,
3343 3144 3422 3197 δεῖ
3443 3144 3758 3211 λογίζεσθαι

485 3243 602 3288 tare
634 3242 857 3304 peccata
913 3248 1035 3299 sua,
1061 3242 1118 3290 et
1164 3236 1405 3306 cOgitare
1453 3236 1596 3305 quod
1639 3252 1748 3292 non
1789 3245 2062 3293 mereatur

487 3325 676 3380 laudes
705 3324 999 3395 ejusmodi.

551 3414 747 3487 5.(41)
794 3416 992 3471 lterum
1043 3415 1223 3472 dixit:
1258 3415 1414 3472 Sicut
1469 3417 1692 3473 lucerna
1727 3417 1780 3472 in
1825 3418 2063 3474 obscuro

485 3504 736 3560 cubiculo
766 3505 1051 3562 collustrat
1082 3525 1096 3560 :
1131 3507 1206 3562 ita
1238 3508 1402 3564 etiam
1435 3508 1601 3563 timor
1617 3507 1710 3564 Dei
1739 3524 1862 3564 cum
1897 3525 2060 3565 vene-

488 3595 559 3650 rit
594 3595 648 3650 in
681 3610 781 3651 cor
816 3597 1078 3662 hominis,
1104 3599 1380 3654 illuminat
1409 3616 1558 3666 eum,
1585 3599 1855 3672 docetque
1888 3601 2060 3657 virtu-

488 3698 570 3743 tes
595 3697 824 3744 cunctas
854 3697 906 3743 et
939 3687 1032 3746 Dei
1063 3690 1341 3746 mandata.

558 3781 614 3836 ι.
648 3779 888 3838 Rursum
920 3782 1062 3840 hanc
1091 3785 1414 3841 sententiam
1438 3787 1664 3857 protulit
1692 3805 1706 3842 :
1731 3786 1849 3842 Non
1883 3787 2058 3843 solum

487 3871 670 3926 verbis
701 3885 841 3943 opus
878 3881 964 3929 est
992 3891 1007 3929 :
1046 3874 1149 3930 hoc
1170 3875 1315 3930 enim
1341 3883 1585 3947 tempore
1615 3878 1906 3948 plurimum
1938 3894 2061 3933 ver-

486 3963 678 4019 borum
708 3973 793 4020 est
822 3965 966 4021 inter
1020 3966 1289 4024 homines.
1327 3967 1435 4024 Sed
1470 3985 1609 4040 opus
1649 3982 1732 4027 est
1777 3987 1975 4042 opere;
2008 3970 2062 4025 id

485 4055 630 4108 enim
664 4063 748 4110 est
795 4055 943 4125 quod
997 4058 1302 4127 quaeritur;
1339 4073 1448 4115 non
1483 4069 1663 4116 autem
1712 4061 1899 4126 verba,
1939 4077 2063 4130 quas

487 4145 721 4202 fructum
756 4164 863 4203 non
899 4147 1099 4205 ferunt.

991 4261 1068 4317 De
1091 4263 1278 4318 abbate
1311 4263 1359 4317 11
1367 4265 1553 4318 ierace.

554 4376 606 4431 1.
631 4375 823 4432 Frater
851 4377 1065 4447 rogavit
1089 4378 1342 4432 abbatem
1362 4378 1648 4435 Hieracem
1677 4399 1690 4435 :
1716 4379 1908 4437 Profer
1926 4382 2060 4437 mihi

2161 3227 2261 3291 τὰς
2291 3229 2564 3300 ἁμαρτίας
2601 3230 2785 3296 αὑτοῦ,
2820 3234 2912 3286 καὶ
2943 3235 3138 3287 ἐννοεῖν
3177 3237 3258 3288 ὅτι
3287 3236 3386 3289 οὑκ
3421 3235 3570 3290 ἔστιν
3602 3236 3758 3300 ἄξιος

2161 3319 2269 3372 τῶν
2297 3320 2626 3390 λεγομένων.
3128 3380 3132 3385 ,

2231 3417 2302 3480 γ’.
2345 3406 2480 3465 Εἷπε
2509 3412 2692 3480 πάλιν,
2715 3415 2797 3469 ὅτι
2813 3416 3024 3480 ’Ὠσπερ
3045 3415 3233 3487 λύχνος
3255 3419 3314 3472 ἐν
3339 3419 3596 3492 σκοτεινῷ
3635 3437 3756 3474 κοι-

2161 3501 2293 3555 τῶνι
2318 3503 2563 3573 φωτίζει,
2583 3505 2756 3571 οὓτως
2791 3508 2883 3560 καὶ
2913 3509 2942 3560 ὁ
2965 3508 3128 3576 φόϐος
3152 3509 3246 3563 τοῦ
3278 3509 3436 3575 Θεοῦ,
3467 3511 3596 3565 ὅταν
3620 3511 3754 3584 ἔλθῃ

2163 3594 2243 3656 εις
2279 3595 2504 3667 καρδίαν
2538 3596 2845 3666 ἀνθρώπου,
2883 3599 3114 3668 φωτίζει
3155 3601 3336 3668 αὑτὸν,
3367 3602 3462 3655 καὶ
3509 3603 3757 3659 διδάσκει

2164 3687 2343 3751 πάσας
2370 3689 2467 3752 τὰς
2494 3689 2695 3761 ἀρετὰς
2715 3691 2809 3744 καὶ
2837 3691 2937 3756 τὰς
2966 3692 3185 3756 ἐντολὰς
3209 3693 3302 3747 τοῦ
3338 3694 3498 3748 Θεοῦ.

2231 3779 2293 3832 δ’.
2336 3777 2470 3834 Εἷπε
2499 3781 2661 3837 πάλιν
2683 3800 2698 3815 ·
2733 3783 2847 3837 Οὐκ
2876 3784 2992 3838 ἔστι
3026 3786 3185 3856 χρεία
3208 3786 3384 3856 λόγων
3410 3787 3569 3857 μόνον
3589 3801 3604 3817 ο
3638 3788 3753 3840 sisi

2163 3871 2270 3944 γὰρ
2300 3872 2482 3926 πολλοὶ
2514 3874 2663 3943 λόγοι
2685 3876 2744 3928 ἐν
2776 3880 2888 3940 τοῖς
2913 3876 3220 3948 ἀνθρώποις
3241 3880 3299 3932 ἐν
3323 3878 3402 3949 τῷ
3432 3877 3612 3950 καιρῷ
3632 3878 3753 3931 τούς

2163 3963 2438 4034 zonam
2479 3965 2638 4036 χρεία
2669 3967 2814 4020 ἐστὶν
2846 3968 3038 4040 ἔργον·
3073 3970 3205 4023 αὐτὸ
3254 3970 3362 4043 γάρ
3391 3971 3508 4022 ἐστι
3542 3970 3605 4022 τὸ
3652 3967 3752 4040 ζη-

2163 4055 2440 4126 τούμενον,
2476 4058 2568 4110 καὶ
2600 4057 2660 4110 οὐ
2692 4057 2861 4127 λόγοι,
2898 4059 3096 4122 οἵτινες
3131 4061 3228 4114 οὐκ
3259 4060 3438 4131 ἔχουσι
3478 4061 3713 4131 καρπόν.

2565 4260 2704 4328 Περὶ
2731 4261 2835 4316 τοῦ
2867 4261 3017 4317 ἀόὅᾶ
3058 4263 3328 4332 Ἱέρακος.

2233 4373 2299 4420 α’.
2358 4367 2606 4438 Ἀδελφὸς
2638 4371 2891 4445 ἠρώτησε
2923 4375 3015 4428 τὸν
3044 4375 3220 4430 ἀὸὅᾶν
3261 4376 3500 4448 Ἱέρακα,
3527 4376 3704 4446 λέγων
3731 4397 3744 4409 ·

483 4481 812 4528 sermonem,
845 4482 1088 4535 quonam
1140 4467 1302 4522 modo
1337 4470 1522 4524 salvus
1561 4471 1726 4525 tiam?
1758 4470 2060 4544 Respondit

2180 4457 2299 4510 Εἰπέ
2330 4476 2420 4529 μοι
2457 4459 2637 4528 λόγον,
2682 4462 2800 4528 πῶς
2845 4465 3035 4532 σωθῶ;
3067 4467 3232 4536 Λέγει
3269 4467 3417 4539 αὐτῷ
3457 4470 3486 4521 ὁ
3524 4470 3705 4540 γέρων
3731 4487 3745 4499 ·

484 4557 534 4610 ei
568 4571 733 4610 senex
769 4574 782 4610 :
811 4554 951 4610 Sede
983 4557 1036 4611 in
1068 4559 1203 4612 cella
1231 4569 1351 4624 tua;
1383 4559 1426 4613 si
1457 4561 1739 4626 esurieris,
1769 4565 2058 4627 manduca,

482 4650 526 4704 si
559 4648 794 4710 sitieris,
827 4648 983 4715 bibe;
1014 4648 1079 4704 ad
1113 4650 1228 4705 [nec
1260 4651 1368 4706 noli
1400 4652 1467 4708 de
1501 4668 1776 4724 quoquam
1796 4656 1935 4711 male
1981 4657 2061 4710 lo.

480 4739 597 4809 qui,
635 4747 690 4792 et
724 4740 908 4795 salvus
931 4742 1061 4796 eris.

549 4828 602 4882 2.
632 4829 777 4884 Idem
822 4830 959 4885 dixit
991 4851 1006 4888 :
1038 4832 1326 4904 Nunquam
1377 4835 1695 4890 saecularem
1748 4852 2056 4895 sermonem

480 4930 574 4973 aut
600 4921 821 4989 protuli,
859 4930 953 4976 aut
995 4924 1141 4978 volui
1175 4924 1383 4980 audire.

879 5010 952 5067 De
972 5014 1159 5068 abbate
1185 5014 1389 5071 Joanne
1407 5019 1664 5076 eunucho.

555 5122 606 5176 1.
642 5119 825 5179 Abbas
855 5121 1095 5180 Joannes
1125 5124 1433 5192 eunuchus,
1470 5142 1594 5182 cum
1628 5138 1774 5186 esset
1811 5131 2051 5201 juvenis,

482 5229 668 5268 senem
710 5213 791 5270 sic
839 5215 1196 5285 interrogavit
1253 5235 1266 5271 :
1317 5217 1599 5284 Quomodo
1646 5237 1742 5278 vos
1796 5226 2051 5294 potuistis

481 5317 738 5374 peragere
762 5319 900 5374 opus
937 5301 1030 5358 Dei
1061 5307 1115 5358 in
1153 5305 1381 5374 requie;
1412 5323 1512 5364 nos
1554 5325 1682 5364 vero
1712 5327 1889 5383 neque
1926 5330 2052 5369 cum

478 5388 667 5444 labore
699 5391 1030 5461 possumus?
1058 5389 1360 5464 Respondit
1387 5411 1553 5452 senex
1579 5417 1593 5454 :
1620 5398 1730 5456 Nos
1759 5401 2051 5470 valuimus,

552 5563 600 5598 ⁸⁸
629 5565 714 5618 Al.
749 5569 848 5632 εἰς.

931 5567 975 5601 ⁶⁹
1002 5567 1086 5624 ΑΙ.
1116 5570 1209 5624 E2.
1288 5571 1333 5605 ⁷⁸
1367 5574 1447 5631 Al.
1470 5573 1603 5629 ἴδον.

555 5716 667 5789 (ιι)
712 5719 810 5774 γει.
845 5725 994 5776 Patr.
1039 5742 1116 5790 ιιι,
1153 5728 1201 5779 7.

2164 4551 2342 4608 Κάθου
2371 4560 2451 4621 εἰς
2475 4560 2534 4611 τὸ
2564 4559 2771 4614 κελλίον
2807 4579 2932 4616 σουο
2969 4564 3063 4617 ἐὰν
3095 4565 3305 4635 πεινᾷς,
3334 4564 3502 4634 φάγεο
3535 4565 3633 4618 ἐὰν
3665 4564 3748 4618 δι-

2161 4645 2286 4717 Ws,
2313 4649 2402 4702 πίε
2422 4667 2434 4680 ·
2468 4652 2560 4704 καὶ
2599 4654 2673 4723 μὴ
2705 4654 3080 4729 κακολογήσῃς
3113 4655 3237 4710 τινά
3261 4672 3274 4685 ’
3302 4657 3395 4710 καὶ
3429 4654 3600 4727 σώζῃ.

2233 4825 2297 4896 β’.
2349 4827 2411 4880 Ὀ
2450 4829 2610 4893 αὐτὸς
2648 4824 2823 4895 εἶπεν,
2859 4831 2942 4885 ὅτι
2968 4831 3235 4886 Οὐδέποτε
3281 4831 3542 4904 κοσμικὸν
3589 4831 3747 4900 λόγον

2163 4915 2195 4987 ἢ
2233 4913 2404 4983 εἷπον,
2445 4920 2477 4991 ἢ
2506 4921 2746 4992 ἠθέλησα
2777 4923 3031 4977 ἀκοῦσαι.

2335 5029 2472 5096 Περὶ
2504 5029 2608 5083 τοῦ
2633 5031 2783 5087 ἀϐϐᾱ
2821 5033 3091 5088 Ἰωάννου
3121 5034 3226 5088 τοῦ
3261 5033 3584 5103 εὐνούχοιν.

2231 5144 2300 5190 α’.
2357 5139 2414 5193 ’0
2466 5141 2639 5207 deos;
2681 5145 2932 5218 Ἰωάννης
2975 5148 3003 5200 ὁ
3051 5146 3324 5218 εὐνοῦχος,
3361 5143 3624 5216 νεώτερος
3669 5142 3750 5196 ὢν

2160 5228 2407 5302 ἠρώτησε
2429 5233 2678 5305 γέροντα,
2707 5236 2883 5306 λέγων
2903 5255 2919 5270 ο
2943 5238 3068 5302 Πῶς
3095 5240 3254 5309 ὑμεῖς
3272 5237 3574 5309 ἠδυνήθητε
3594 5237 3752 5306 ποεῆ·

2163 5334 2254 5372 σαι
2294 5320 2355 5373 τὸ
2395 5321 2554 5393 ἔργον
2581 5325 2672 5378 τοῦ
2704 5327 2839 5381 Θεοῦ
2878 5331 2937 5382 ἐν
2973 5329 3312 5383 ἀναπαύσειο
3347 5330 3509 5401 ἡμεῖς
3533 5328 3589 5381 δέ
3622 5327 3752 5381 obii

2164 5411 2301 5480 μετὰ
2326 5412 2496 5468 κόπου
2531 5417 2756 5489 ποιῆσαι
2787 5420 3098 5492 δυνάμεθα;
3140 5421 3250 5476 Καὶ
3278 5420 3427 5490 λέγει
3456 5420 3488 5475 ὁ
3521 5418 3704 5492 γέρων
3733 5433 3752 5453 ο
