4032 6334
249 341 353 398 233

1417 344 2031 408 AI’OPHTIIEGMATA
2074 355 2380 416 PATRUM.

3399 356 3504 414 954

259 462 451 534 Ἦμεῖς
478 460 721 533 ἠδυνήθη
731 478 852 532 μεν,
883 460 1069 532 ἐπειδὴ
1098 458 1394 530 κεςςάλαιον
1419 463 1616 536 ἔχομεν
1648 464 1710 518 τὸ
1737 463 1830 536 ἔρσ-

1948 467 2060 537 ιιιίο
2109 471 2370 541 prmcipui
2419 470 2538 526 loco
2601 470 2892 527 habuimus
2935 485 3073 539 Opus
3121 468 3246 536 Dei,
3293 473 3505 532 minimi

249 570 344 624 γον
379 552 471 605 τοῦ
509 550 671 619 Θεοῦ,
697 553 798 624 τὴν
847 553 903 606 δὲ
945 552 1132 624 χρείαν
1159 554 1259 624 τὴν
1289 555 1606 630 σωματικὴν
1647 556 1831 627 ἐλάχι-

253 658 408 701 στον·
453 642 617 713 ὑμεῖς
671 642 729 696 δὲ
784 644 1081 712 κεφάλαιον
1143 643 1292 714 ἔχετε
1348 646 1448 713 τὴν
1517 646 1832 719 σωματικὴν

252 731 458 802 χρείαν,
487 730 550 782 τὸ
585 730 644 782 δὲ
669 729 831 802 ἔργον
859 732 950 784 τοῦ
984 731 1120 786 Θεοῦ
1145 734 1247 786 οὐκ
1274 734 1714 806 ἀναγκαιότερον.
1732 737 1832 790 Διὰ

252 822 406 876 τοῦτο
435 821 696 892 κάμνετε,
733 823 828 874 καὶ
856 821 942 875 διὰ
967 822 1127 876 τοῦτο
1152 825 1180 877 6
1212 825 1406 896 Σωτὴρ
1438 822 1559 879 εἷπε
1584 830 1695 891 τοῖς
1732 846 1833 898 μα-

255 909 440 980 θηταῖς
459 927 473 939 ·
522 910 936 978 Ὀλιγόπιστοι,
977 911 1195 979 ζητεῖτε
1233 914 1466 984 πρῶτον
1506 916 1620 984 τὴν
1645 919 1830 981 ,βασι-

266 1002 422 1056 ιείαν
445 999 552 1054 τοῦ
595 1000 765 1066 Θεοῦ,
788 1001 888 1054 καὶ
919 998 1108 1057 ταῦτα
1134 1004 1330 1059 πάντα
1357 1006 1833 1075 προστεθήσεται

253 1093 415 1161 ὑμῖν.

321 1188 388 1258 β’.
431 1183 603 1241 Εἶπεν
643 1190 672 1242 6
711 1188 886 1252 άϐϐἇς
927 1190 1201 1260 Ἰωάννης,
1229 1192 1312 1245 ὅτι
1344 1194 1372 1245 6
1406 1194 1596 1265 Πατὴρ
1623 1196 1780 1266 ἡμῶν
1806 1199 1834 1250 6

251 1279 425 1344 ἁϐϐἇς
458 1279 741 1348 Ἀντώνιος
781 1278 957 1344 εἶπεν,
987 1283 1072 1335 ὅτι
1104 1283 1373 1337 Οὐδέποτε
1399 1285 1460 1337 τὸ
1479 1287 1674 1341 ἑαυτοῦ
1698 1305 1835 1361 συμ-

254 1372 416 1444 φέρον
449 1373 748 1445 προέκρινα
786 1374 886 1443 τῆς
911 1372 1006 1427 τοῦ
1039 1375 1271 1443 ἀδελφοῦ
1301 1394 1404 1447 μου
1430 1377 1714 1448 ὠφελείας.

320 1470 393 1532 τ’.
439 1465 666 1534 Ἔλεγεν
713 1465 742 1518 6
785 1464 958 1528 ἀϐϐᾶς
991 1464 1242 1537 Ἰωάννης
1275 1469 1304 1520 6
1336 1468 1511 1540 Κίληξ
1541 1473 1569 1523 6
1600 1471 1837 1542 ἡγούμε-

253 1573 341 1620 νος
365 1555 466 1626 τῆς
501 1555 742 1619 Ῥαῖθοῦ,
772 1559 884 1620 τοῖς
907 1557 1157 1627 ἀδελφοῖς
1177 1576 1192 1590 ο
1226 1559 1424 1624 Τέκνα,
1455 1561 1532 1625 ὡς
1560 1562 1836 1634 ἐφύγομεν

253 1647 343 1700 τὸν
377 1648 604 1718 κόσμον,
642 1646 903 1719 φύγωμεν
940 1647 1037 1703 καὶ
1083 1649 1182 1713 τὰς
1226 1650 1522 1723 ἐπιθυμίας
1556 1653 1657 1724 τῆς
1701 1672 1837 1726 σαρ-

255 1740 350 1800 κός
369 1741 382 1793 !

1934 575 2066 616 vero
2095 563 2436 632 corporalem
2486 563 2872 619 necessitatem
2907 583 2919 618 :
2954 579 3050 619 vos
3089 573 3278 620 autem
3317 567 3510 636 praeci-

1935 666 2104 720 puum
2129 653 2334 708 ducitis
2356 655 2736 711 necessitatem
2771 657 3128 725 corporalem,
3152 672 3291 726 opus
3325 667 3505 733 autem

1935 742 2028 797 Dei
2077 760 2190 797 rem
2219 745 2399 800 minus
2431 748 2816 802 necessariam.
2839 747 2964 802 Ideo
2999 749 3258 803 laboratis
3285 768 3298 805 :
3325 759 3380 805 et
3409 765 3503 805 ea-

1935 842 2154 904 propter
2204 834 2454 890 Salvator
2505 838 2788 908 discipulis
2834 840 2949 894 suis
3001 840 3139 894 dixit
3181 859 3194 894 :
3245 840 3504 898 Homines

1934 927 2157 981 modica:
2197 927 2343 996 ﬁdei,
2371 929 2592 998 quwrite
2634 931 2864 997 primunt
2910 947 3126 1000 regnum
3170 932 3283 994 Dei,
3315 942 3364 986 et
3398 933 3508 988 haec

1935 1020 2113 1071 omnia
2137 1016 2461 1087 adjicientur
2494 1017 2636 1072 vobis
2667 1020 2732 1072 τ’.

2004 1196 2038 1248 2
2103 1196 2351 1250 Narravit
2397 1197 2569 1252 abbas
2620 1195 2880 1262 Joannes,
2924 1199 3070 1268 quod
3118 1198 3277 1254 Pater
3325 1209 3510 1258 noster

1937 1288 2107 1342 abbas
2145 1288 2416 1342 Antonius
2443 1287 2642 1342 dixerit
2672 1307 2684 1343 :
2714 1285 3004 1357 Nunquam
3049 1305 3228 1344 meum
3269 1305 3513 1346 commo-

1936 1380 2066 1433 dum
2103 1380 2326 1434 utilitati
2365 1380 2553 1435 fratris
2581 1382 2686 1435 mei
2723 1383 2954 1451 praetuli.

2007 1471 2062 1526 5.
2096 1470 2210 1541 (45)
2239 1470 2422 1527 Abbas
2444 1469 2685 1528 Joannes
2707 1472 2870 1537 Cilix,
2899 1473 3230 1543 praepositus
3263 1474 3316 1528 in
3347 1473 3514 1528 Rhai-

1937 1558 2057 1624 thu,
2102 1560 2318 1614 dicebat
2367 1560 2630 1618 fratribus
2661 1584 2672 1618 :
2701 1561 2844 1628 Filii,
2883 1565 3024 1618 sicut
3070 1563 3306 1634 fugimus
3355 1580 3514 1619 mun—

1938 1651 2090 1719 dum,
2123 1650 2398 1722 fugiamus
2429 1654 2636 1723 pariter
2663 1656 2850 1710 carnis
2877 1655 3222 1725 cupiditates.

322 1831 365 1882 δ’
428 1824 562 1883 Εἵπε
591 1829 754 1884 πάλιν
776 1846 791 1860 ο
815 1832 1199 1906 Μιμησώμεθα
1231 1834 1358 1898 τοὺς
1382 1835 1634 1908 Πατέρας
1654 1836 1835 1908 ημῶνο

2011 1829 2065 1883 4.
2102 1829 2216 1899 (44)
2244 1826 2390 1882 Dixit
2434 1827 2631 1883 iterum
2666 1847 2680 1883 :
2711 1829 2994 1886 Imitemur
3025 1831 3215 1888 Patres
3253 1843 3513 1892 nostros:

261 1919 399 2026 εξετὰ
451 1920 609 1984 ποίας
662 1921 1108 1996 σκληραγωγίας,
1144 1925 1239 1978 καὶ
1298 1927 1528 1998 ἡσυχίας
1575 1927 1838 1983 ἐκάθισαν

257 2027 377 2064 ωοε.

325 2102 388 2157 ε’.
428 2098 561 2154 Eii-.5
594 2103 755 2156 πάλιν
777 2121 791 2134 ο
829 2104 920 2175 Μὴ
952 2103 1315 2176 ρυπώσωμεν,
1346 2105 1532 2168 τέκνα,
1563 2107 1652 2160 τὸν
1675 2108 1838 2161 τόπον

257 2192 460 2254 τοῦτον,
491 2192 551 2245 ὃν
579 2193 628 2245 οἰ
667 2195 905 2266 Πατὲρες
944 2194 1100 2267 ἡμῶν
1143 2195 1476 2265 ὲκαθάρισαν
1503 2196 1612 2249 ἀπὸ
1652 2197 1840 2268 δαιμό-

266 2299 363 2335 νων
371 2324 385 2338 α

331 2382 403 2439 ς’.
445 2370 581 2429 Eine
611 2376 773 2430 πάλιν
794 2394 808 2407 ο
850 2378 906 2430 Ὀ
929 2377 1090 2440 τόπος
1116 2371 1273 2442 οὗτος
1302 2380 1556 2451 ἀσκητῶν
1586 2382 1752 2444 ἐστιν,
1776 2382 1837 2434 οὺ

263 2466 715 2535 πραγματευτῶν.

431 2584 572 2650 Περὶ
599 2584 704 2637 τοῦ
731 2583 880 2639 ἀϐϐᾶ
916 2585 1196 2642 Ἰωάννου
1227 2589 1345 2642 τῶν
1370 2591 1660 2647 Κελλίων.

328 2692 394 2747 α’.
435 2697 744 2767 Διηγήσατο
774 2701 800 2752 6
830 2699 1003 2764 άϐϐἄς
1043 2700 1293 2772 Ἰωάννης
1321 2701 1426 2756 τῶν
1455 2703 1719 2769 Κελλίων,
1751 2704 1838 2758 λέ-

263 2797 390 2852 γων,
420 2785 502 2838 ὅτι
541 2787 658 2839 Μία
703 2787 876 2860 πόρνη
921 2785 987 2860 ἦν
1035 2791 1092 2842 ὲν
1130 2791 1410 2863 Αἰγύπτῳ,
1444 2795 1840 2866 εὑμορφωτάτη

263 2877 352 2930 καὶ
398 2877 632 2931 πλουσία
681 2881 917 2952 σφόδρα·
967 2882 1060 2936 καὶ
1097 2884 1145 2934 οἱ
1173 2883 1430 2954 ἄρχοντες
1458 2884 1566 2956 (42)
1613 2887 1840 2956 ἤρχοντο

265 2967 396 3038 πρὸς
450 2970 640 3042 αὑτήν.
681 2973 800 3043 Μιᾷ
848 2968 940 3026 οὖν
984 2974 1089 3026 τῶν
1129 2976 1350 3046 ἡμερῶν
1387 2977 1713 3048 εὑκαίρησεν
1750 2979 1841 3032 ἐπὶ

263 3061 357 3132 τὴν
399 3061 721 3132 ἐκκλησίαν,
758 3065 852 3118 κα)⁸
902 3065 1165 3136 ἠθέλησεν
1209 3066 1470 3121 εἰσελθεῖν
1518 3069 1644 3123 ἔσω.
1674 3070 1733 3124 Ὀ
1785 3071 1841 3124 δὲ

1939 1928 2144 1988 quanta
2173 1935 2298 1974 cum
2325 1921 2646 1976 austeritate
2678 1928 2732 1976 et
2758 1921 2938 1992 quiete
2966 1925 3286 1979 resederunt
3313 1927 3365 1980 in
3397 1927 3518 1983 loco

1941 2013 2064 2067 hoc.

2011 2105 2064 2159 5.
2099 2104 2212 2175 (45)
2243 2105 2331 2158 Ait
2380 2119 2614 2162 rursus:
2645 2103 2799 2171 Filii,
2829 2123 2896 2162 ne
2941 2109 3289 2165 sordidemus
3332 2111 3515 2167 locum

1943 2198 2129 2264 istum,
2170 2213 2330 2268 quem
2385 2197 2577 2254 Patres
2627 2199 2801 2254 nostri
2835 2215 2865 2254 a
2910 2200 3249 2258 dmmonibus
3287 2203 3520 2258 munda-

1944 2297 2155 2343 verunt.

2014 2377 2066 2430 6.
2103 2377 2215 2446 (46)
2246 2377 2437 2433 Adhuc
2467 2381 2603 2435 dixit
2635 2401 2648 2435 :
2685 2380 2864 2438 Locus
2905 2383 3008 2438 iste
3055 2391 3370 2440 ascetarum
3407 2394 3513 2453 est,

1943 2484 2048 2523 non
2086 2477 2268 2525 autem
2298 2471 2720 2540 negotiatorum.

2296 2584 2370 2640 De
2410 2583 2598 2638 abbate
2630 2583 2838 2639 Joanne
2875 2585 3164 2640 Bellorum.

2009 2697 2057 2750 l.
2093 2695 2175 2749 Ad
2209 2695 2353 2750 hunc
2396 2695 2616 2750 modum
2658 2699 2902 2752 narravit
2933 2697 3174 2753 Joannes
3199 2697 3470 2754 Cellensis
3501 2719 3516 2755 :

1943 2784 2074 2840 Erat
2114 2787 2168 2840 in
2202 2785 2440 2858 :Egypto
2489 2789 2745 2843 meretrix
2794 2790 3184 2860 pulcherrima,
3226 2791 3518 2846 admodum

1943 2879 2118 2946 dives,
2141 2879 2208 2933 ad
2240 2895 2345 2949 qua
2364 2898 2412 2934 m
2445 2881 2632 2935 venire
2670 2881 2918 2936 solebant
2951 2882 3052 2937 viri
3086 2884 3140 2937 in
3173 2892 3442 2953 potestate
3468 2895 3524 2939 et

1943 2969 2208 3040 dignitate
2243 2971 2548 3025 constituti.
2573 2971 2818 3037 Quodam
2849 2973 3017 3044 igitur
3045 2972 3131 3030 die
3159 2977 3425 3045 processit
3454 2978 3522 3032 ad

1943 3065 2249 3129 ecclesiam,
2285 3063 2564 3134 voluitque
2612 3065 2858 3121 introire.
2891 3067 2958 3120 At
3005 3067 3376 3124 subdiaconus
3427 3072 3523 3140 qui

265 3148 637 3217 ὕποδιάκονος,
655 3153 683 3204 6
714 3155 928 3226 στήκων
966 3157 1043 3219 εἰς
1070 3157 1166 3220 τὰς
1194 3157 1382 3228 θύρας,
1411 3158 1509 3212 οὐκ
1534 3159 1713 3212 εῐασεν
1745 3160 1840 3212 αὖ·

1948 3156 2010 3208 ad
2047 3163 2259 3223 portam
2309 3155 2514 3217 stabat,
2563 3170 2669 3209 non
2721 3155 2992 3225 permisit,
3034 3156 3222 3212 dicens
3265 3175 3278 3211 :
3316 3156 3528 3228 Nequa-

262 3241 377 3312 τὴν,
410 3241 624 3311 λέγων·
659 3245 772 3298 Οὐκ
813 3242 866 3298 εἷ
897 3246 1022 3311 ἀξία
1048 3248 1310 3300 εἰσελθεῖν
1359 3250 1438 3312 εἰς
1487 3245 1635 3302 οἷκον
1682 3249 1839 3314 Θεοῦ,

262 3331 337 3385 ὅτι
367 3333 677 3406 ἀκάθαρτος
705 3331 774 3391 εῒ.
794 3337 880 3402 Ὠς
912 3338 968 3390 δὲ
1000 3339 1286 3409 ἐμάχοντο,
1310 3341 1541 3412 ἤκουσεν
1567 3343 1595 3394 6
1624 3343 1843 3395 ἐπίσκο-

261 3445 358 3493 πος
385 3429 482 3484 τοῦ
517 3431 770 3504 θορύϐου,
800 3435 892 3486 καὶ
914 3434 1122 3504 ἐξῆλθε.
1167 3436 1331 3506 Λέγει
1356 3433 1448 3492 οὖν
1474 3438 1624 3510 αὐτῷ
1648 3442 1681 3510 ὴ
1709 3439 1842 3510 πόρ-

262 3535 323 3589 νη
347 3535 360 3549 ’
392 3519 506 3572 Οὐκ
542 3520 692 3588 ἀφίει
738 3539 804 3591 με
840 3522 1097 3576 εἰσελθεῖν
1136 3527 1215 3589 εἰς
1253 3526 1352 3598 τὴν
1389 3528 1707 3598 ἐκκλησίαν.
1736 3529 1844 3582 Καὶ

259 3606 406 3676 λέγει
447 3610 584 3680 αὐτῇ
613 3610 642 3661 ὁ
678 3610 1010 3674 ἐπίσκοπος·
1060 3615 1173 3666 Οὐκ
1221 3614 1398 3680 ἔξεστί
1441 3634 1520 3670 σοι
1561 3617 1842 3683 εἰσελθεῖν,

259 3701 339 3753 ὅτι
357 3700 672 3773 ἀκάθαρτος
691 3698 762 3757 εἰ.
806 3704 868 3756 'H
890 3703 945 3756 δὲ
965 3710 1328 3775 κατανυγεῖσα
1351 3708 1500 3774 λέγει
1525 3709 1672 3780 αὐτῷ
1691 3727 1704 3740 ·
1732 3711 1845 3764 Οὐκ

261 3791 339 3845 ἔτι
369 3792 642 3863 πορνεύω.
671 3794 833 3863 Λέγει
879 3796 1015 3866 αὑτῇ
1067 3799 1095 3850 6
1135 3798 1459 3863 ἐπίσκοπος
1508 3800 1633 3853 Ἐὰν
1675 3802 1845 3872 φέρῃς

261 3879 361 3940 ὧδε
390 3887 461 3940 τὰ
486 3888 748 3958 χρήματά
782 3906 896 3952 σου,
913 3883 1030 3941 οἶδα
1055 3890 1138 3942 ὅτι
1166 3892 1224 3942 οὐ
1258 3893 1542 3961 πορνεύεις
1566 3892 1664 3946 ἔτι.
1684 3894 1770 3955 Ὠς
1790 3893 1845 3945 δὲ

262 3980 457 4050 ἡνεγκε
483 4021 499 4044 ,
532 3980 713 4035 λαϐὼν
747 3981 974 4036 ἔκαυσεν
1007 3983 1146 4036 αὐτὰ
1170 3985 1323 4056 πυρί.
1358 3985 1466 4038 Καὶ
1497 3983 1746 4054 εἰσῆλθεν
1767 3986 1845 4049 εἰς

263 4071 358 4142 τὴν
387 4072 708 4143 ἐκκλησίαν,
728 4073 990 4128 κλαίουσα
1025 4076 1118 4128 καὶ
1151 4075 1384 4145 λέγουσα
1402 4095 1415 4107 ο
1449 4078 1510 4130 Εἰ
1538 4071 1638 4129 ὦδε
1673 4077 1845 4140 οὕτως

268 4181 355 4233 μοι
388 4164 630 4232 γέγονεν,
665 4167 781 4218 ἐκεῖ
803 4165 858 4218 τί
882 4165 990 4236 ἔχω
1014 4168 1240 4229 παθεῖν;
1270 4170 1379 4222 Καὶ
1409 4171 1719 4239 μετενόησε,
1751 4169 1847 4222 καὶ

265 4255 453 4323 γέγονε
483 4255 674 4320 σκεῦος
703 4256 956 4326 ἐκλογῆς.

339 4432 404 4503 β’.
466 4429 635 4487 Εἶπεν
692 4436 722 4488 6
775 4433 948 4498 ἁϐϐᾶς
1018 4436 1271 4508 Ἰωάννης
1330 4438 1430 4509 τῆς
1484 4438 1744 4510 Θηϐαΐδος
1767 4439 1843 4470 “-

1943 3261 2106 3316 quam
2152 3246 2315 3316 digna
2364 3262 2433 3302 es
2465 3255 2521 3299 ut
2559 3247 2884 3316 ingrediaris
2908 3247 2961 3300 iu
2991 3247 3208 3301 domum
3247 3245 3362 3314 Dei,
3397 3249 3524 3319 quia

1945 3339 2158 3409 impura
2188 3355 2267 3394 cs.
2303 3338 2436 3393 Dum
2485 3331 2664 3393 autem
2716 3346 3116 3404 concertarent,
3152 3355 3398 3394 murmur
3428 3355 3526 3395 au-

1944 3432 2078 3487 divit
2120 3433 2430 3501 episcopus,
2453 3441 2502 3486 et
2536 3446 2790 3501 egressus
2831 3440 2936 3486 est.
2967 3431 3056 3484 Ait
3085 3447 3216 3502 ergo
3246 3432 3321 3486 illi
3353 3448 3527 3489 mere-

1947 3523 2052 3578 trix
2085 3522 2244 3578 :Non
2293 3523 2425 3578 sinit
2460 3538 2545 3578 me
2596 3523 2807 3576 intrare
2854 3523 2906 3575 in
2950 3521 3256 3577 ecclesiam.
3287 3520 3426 3576 Tum
3474 3523 3526 3577 ei

1945 3615 2236 3685 episcopus
2269 3633 2284 3668 :
2316 3613 2436 3668 Non
2476 3614 2602 3668 licet
2656 3614 2750 3668 tibi
2797 3614 3044 3676 introire,
3086 3629 3213 3669 cum
3248 3614 3527 3670 immunda

1947 3705 2046 3760 sis.
2073 3705 2166 3758 Illa
2198 3721 2329 3760 vero
2356 3715 2682 3774 compuncla
2711 3705 2848 3758 dixit
2881 3707 2931 3760 ei
2963 3724 2977 3761 :
3005 3705 3123 3760 Non
3153 3707 3387 3776 amplius
3416 3706 3526 3762 for-

1949 3796 2194 3849 nicabor.
2226 3795 2404 3866 Atque
2435 3797 2502 3849 ad
2533 3813 2650 3849 eam
2680 3799 2975 3866 episcopus
3007 3816 3020 3851 :
3055 3797 3112 3850 Si
3143 3799 3394 3853 attuleris
3421 3799 3528 3853 huc

1950 3886 2236 3942 facultates
2274 3897 2430 3953 tuas,
2461 3903 2788 3957 cognoscam
2820 3901 2869 3941 te
2895 3904 3002 3941 non
3028 3889 3261 3959 amplius
3293 3889 3530 3945 fornica-

1948 3988 2148 4032 turam.
2182 3977 2284 4033 libi
2333 3989 2512 4033 autem
2549 3978 2753 4044 attulit,
2795 3979 3089 4048 episc0pus
3125 3992 3380 4050 acceptas
3416 3983 3527 4052 igni

1949 4072 2284 4139 combussit;
2319 4071 2407 4124 illa
2440 4074 2684 4142 ingressa
2732 4079 2815 4125 est
2851 4069 2906 4124 in
2947 4071 3258 4135 ecclesiam,
3295 4070 3431 4126 flens
3461 4085 3527 4126 ac

1949 4165 2138 4220 dicens
2171 4182 2183 4218 :
2217 4163 2272 4218 Si
2305 4165 2395 4218 hic
2419 4163 2492 4217 ita
2521 4179 2735 4218 mecum
2771 4170 2954 4216 actum
2989 4170 3092 4224 est,
3135 4162 3245 4215 illic
3265 4163 3397 4232 quid
3428 4163 3528 4216 ha-

1951 4255 2051 4311 beo
2097 4256 2246 4326 pati?
2278 4254 2340 4308 Et
2382 4255 2760 4324 paenitentiam
2803 4254 2934 4323 egit,
2973 4253 3256 4324 evasitque
3286 4271 3380 4311 vas
3413 4257 3528 4312 ele-

1952 4349 2170 4403 ctionis.

2014 4441 2069 4495 2.
2099 4440 2209 4510 (47)
2244 4440 2387 4494 Dixit
2411 4440 2580 4494 abbas
2601 4436 2840 4492 Joannes
2863 4436 3157 4493 Thebaidis
3183 4457 3194 4492 :
3227 4437 3395 4495 Debet
3413 4456 3531 4496 mo-

281 4526 512 4596 Ὀφείλει
549 4528 578 4579 6
628 4527 862 4596 μοναχὺς
906 4529 1011 4599 πρὸ
1045 4505 1263 4583 πάντων
1420 4505 1840 4604 ταπεινοφροσύ-

1956 4505 2341 4590 nachus'ante
2389 4535 2570 4588 omnia
2622 4531 2945 4586 humilitatis
3004 4532 3208 4587 bonum
3259 4533 3525 4589 obtinere.

270 4637 362 4690 νην
387 4619 757 4692 κατορθῶσαι.
785 4620 932 4691 Αὕτη
959 4620 1066 4692 γάρ
1097 4623 1243 4674 ἐστιν
1264 4623 1297 4693 ἡ
1320 4621 1510 4693 πρώτη
1538 4623 1726 4696 ἐντολὴ
1752 4623 1846 4677 τοῦ

271 4711 548 4783 Σωτῆρος,
577 4712 828 4781 λέγοντος
850 4729 862 4740 ·
899 4711 1188 4781 Μακάριοι
1223 4716 1276 4767 οἱ
1305 4714 1530 4782 πτωχοὶ
1563 4715 1642 4780 τῷ
1671 4717 1852 4770 πνεύ-

267 4817 423 4868 ματι,
456 4802 546 4856 ὅτι
570 4802 772 4858 αὐτῶν
802 4802 974 4855 ἐστιν
1014 4803 1052 4868 ἠ
1083 4804 1374 4867 ,βασιλεία
1401 4804 1520 4858 τῶν
1555 4805 1845 4874 οὐρανῶν.

355 4919 492 4988 Περὶ
522 4919 632 4972 τοῦ
664 4918 815 4974 ἀϐϐᾶ
861 4919 1164 4987 Ἰσιδώρου
1195 4920 1302 4973 τοῦ
1327 4921 1756 4989 πρεσϐυτέρου.

340 5017 404 5066 α’.
440 5011 667 5080 Ἔλεγον
706 5013 834 5082 περὶ
863 5012 956 5066 τοῦ
985 5013 1128 5066 ὰϐϐᾶ
1177 5012 1445 5083 Ἰσιδὼρου
1477 5013 1570 5066 τοῦ
1611 5015 1851 5084 πρεσϐυ-

337 5167 380 5199 ⁷¹
410 5169 541 5222 Al.6
574 5168 832 5240 Θηϐαῖος.

342 5280 450 5352 (ιε)
483 5284 546 5342 Ol
579 5281 889 5350 ἄρχοντες.
920 5281 1202 5353 Principes
1236 5285 1358 5348 viri,
1390 5287 1600 5341 nobiles
1625 5301 1688 5340 ac
1716 5287 1842 5340 illu-

277 5359 427 5415 stres,
455 5354 777 5425 optimates,
800 5353 938 5425 aulai
967 5369 1240 5425 proceres,
1272 5357 1627 5425 magistratus
1665 5359 1839 5424 majo—

275 5438 374 5483 res,
407 5430 729 5490 potestates.
761 5421 818 5476 ln
866 5422 1129 5546 Conﬂictu
1168 5421 1387 5478 Arnobii
1421 5437 1469 5479 et
1507 5421 1838 5494 Serapionis,

276 5502 388 5546 nost
417 5494 684 5546 Irenaeum
710 5508 764 5546 ι).
792 5492 897 5546 527
921 5510 932 5545 :
1012 5511 1108 5546 one
1136 5503 1238 5546 tres
1269 5496 1611 5546 imperatores
1647 5498 1700 5546 in
1738 5513 1838 5546 uno

275 5502 388 5562 post
417 5494 684 5566 Irenaeum
710 5508 764 5562 p.
792 5492 932 5566 527;
966 5492 1108 5566 Pone
1136 5503 1238 5548 tres
1269 5496 1611 5562 imperatores
1642 5492 1700 5549 in
1738 5513 1841 5550 uno

274 5579 439 5633 regno,
457 5565 512 5617 in
531 5580 642 5616 una
668 5562 973 5626 concordia,
991 5562 1046 5617 in
1067 5580 1174 5618 una
1196 5566 1335 5626 sede,
1363 5567 1414 5618 in
1435 5583 1539 5618 una
1556 5568 1840 5630 suavitate,

269 5635 317 5688 in
339 5652 438 5689 uno
466 5634 674 5688 amoris
716 5634 931 5704 a/fectu,
961 5637 1016 5687 in
1048 5651 1155 5688 una
1182 5644 1476 5703 potestate:
1515 5648 1562 5688 et
1597 5653 1765 5704 quone
1790 5639 1845 5689 in

265 5706 404 5776 ipsis,
435 5709 527 5778 qui
581 5703 1043 5778 prinmmqlocum
1082 5714 1360 5778 potestatis
1403 5703 1681 5778 obtineat?
1721 5706 1844 5760 Sine

260 5775 526 5848 dubioqni
547 5775 650 5828 toti
680 5785 786 5828 tres
819 5775 1044 5843 Augusti
1067 5785 1211 5836 sunt,
1234 5775 1334 5830 toti
1363 5787 1465 5829 tres
1505 5777 1663 5844 primi
1686 5787 1804 5830 sunt
1828 5793 1843 5828 .-

667 5896 936 5954 Parum“
978 5889 1096 5954 (iu.
1132 5894 1314 5954 LXV.

1957 4626 2070 4682 Hoc
2096 4627 2238 4682 enim
2270 4634 2354 4681 est
2379 4625 2613 4695 primum
2649 4625 2948 4680 Salvatoris
2979 4625 3318 4691 mandatum,
3352 4627 3532 4682 dicen-

1954 4719 2023 4772 tis
2058 4741 2068 4774 :
2103 4717 2254 4772 Beati
2291 4733 2542 4788 pauperes
2603 4717 2814 4784 spiritu,
2865 4720 3112 4787 quoniam
3160 4719 3395 4787 ipsorum
3454 4731 3530 4774 est

1953 4826 2164 4880 regnum
2199 4811 2447 4863 caelorum
2478 4810 2545 4863 ⁷³.

2285 4922 2364 4976 De
2394 4923 2578 4976 abbate
2612 4922 2820 4976 Isidoro
2854 4923 3174 4993 presbytero.

2019 5017 2070 5070 l.
2109 5015 2340 5069 Aiebant
2368 5015 2435 5069 de
2470 5016 2666 5071 abbate
2698 5013 2906 5070 Isidoro
2935 5016 3275 5086 presbytero,
3311 5018 3531 5072 venisse

908 5170 953 5200 ⁷²
981 5169 1172 5223 Matth.
1201 5186 1276 5234 VI,
1300 5170 1389 5236 50,
1422 5171 1510 5228 55.
1588 5171 1635 5202 ⁷³
1657 5171 1850 5226 Matth.
1884 5190 1937 5233 ν,
1963 5173 2016 5226 5.

1949 5288 2239 5341 secundum
2274 5304 2389 5341 vero
2422 5289 2614 5352 locum,
2649 5296 2699 5341 et
2730 5296 2940 5342 tertium
2978 5290 3254 5354 potestatis
3303 5288 3526 5347 (substi-

1950 5365 2061 5419 tue,
2104 5364 2411 5422 potestates)
2448 5359 2512 5411 ab
2555 5360 2806 5427 Augustis
2842 5359 3102 5412 ordinata:
3141 5357 3423 5411 habebunt.

2044 5427 2134 5489 45)
2183 5427 2284 5481 Vit.
2321 5429 2470 5481 Patr.
2509 5445 2561 5494 ι,
2598 5429 2716 5482 115.

2044 5499 2134 5564 44)
2165 5496 2387 5552 Ibidem.

2022 5568 2136 5637 (45)
2169 5567 2368 5623 Ibidem
2381 5610 2392 5622 .

2026 5638 2139 5707 (46)
2171 5637 2396 5693 Ibidem.

2025 5708 2135 5776 (l7)
2181 5707 2283 5762 Vit.
2324 5707 2480 5763 Patr.
2518 5724 2606 5779 xv,
2632 5708 2731 5770 '23;
2764 5708 2822 5762 L.
2860 5708 3082 5763 Doroth.
3122 5707 3302 5763 Doctr.
3325 5707 3385 5761 ‘2.

3242 5895 3282 5954 8
