4032 6334
487 372 595 428 9‘65

1644 355 1987 414 APPENDIX
2028 354 2116 410 ΑΙ)
2159 353 2576 411 ρΑιιΑοιυΜ.

3637 351 3747 407 236

490 481 784 554 aliquando
839 479 1061 535 fratrem
1110 476 1421 548 quemdam,
1456 481 1516 528 ut
1553 473 1807 527 invitaret
1843 487 1965 525 eum
1996 468 2057 523 ad

2172 469 2345 539 τέρου,
2373 468 2454 521 ὅτι
2485 463 2618 541 ἦλθέ
2648 466 2778 521 ποτέ
2806 483 2890 529 τις
2923 465 3180 535 ἀδελφὸς,
3223 464 3310 519 ἵνα
3343 462 3548 537 καλέσῃ
3585 463 3746 517 αὐτὸν
3818 470 3835 492 '

494 575 799 648 prandium.
833 573 903 630 At
934 588 1097 629 senex
1128 570 1298 625 noluit
1327 565 1599 638 proﬁcisci
1622 583 1637 632 ;
1664 564 1942 635 quoniam,
1978 562 2061 615 in-

480 667 630 738 quit,
659 665 898 719 Adamus
933 663 1056 719 cibo
1101 660 1382 728 deceptus,
1422 667 1576 713 extra
1611 655 1924 726 paradisum
1964 653 2061 706 lia-

493 756 809 813 bitationem
841 754 1069 824 accepit.
1102 750 1189 805 Ait
1222 751 1299 805 illi
1350 749 1520 804 frater
1555 768 1569 804 :
1608 748 1687 801 'l‘n
1736 747 1959 801 omnino
1991 747 2060 800 ti-

499 865 606 904 nes
649 847 829 918 egredi
872 862 903 901 c
944 845 1079 899 cella
1126 844 1253 898 tua?
1292 846 1496 899 Iterum
1547 842 1638 895 ille
1665 859 1679 895 :
1709 838 1847 903 Fili,
1895 840 2059 892 timeo

493 954 639 1000 sane,
692 938 818 1007 quia
865 935 1130 1001 diabolus,
1181 946 1431 1005 tanquam
1475 934 1553 987 leo
1600 933 1832 1002 rugiens,
1870 930 2059 1000 quaerit

488 1049 638 1102 quem
671 1030 877 1085 devoret
904 1030 971 1083 ⁷⁸.
1000 1028 1152 1099 Saepe
1173 1037 1351 1083 autem
1373 1029 1516 1081 hunc
1531 1027 2055 1082 emisitsermnnem:

503 1120 561 1174 Si
593 1120 716 1192 quis
746 1135 805 1176 se
833 1120 886 1173 in
922 1120 1030 1173 vini
1070 1118 1400 1188 potationem
1428 1116 1662 1183 dederit,
1695 1131 1804 1169 non
1839 1114 2058 1184 effugiet

495 1212 721 1268 insidias
769 1211 1182 1283 cogitationum.
1216 1208 1426 1263 Etenim
1462 1207 1616 1261 Lota
1679 1207 1892 1259 filiabus
1943 1204 2058 1260 suis

485 1308 729 1364 coactus,
753 1302 881 1355 vino
911 1300 1213 1355 inebriatus
1240 1307 1345 1360 est,
1374 1311 1438 1351 ac
1473 1311 1568 1366 per
1596 1296 1913 1350 ebrietatem
1943 1294 2058 1348 dia-

481 1392 642 1447 bolus
686 1406 810 1446 eum
863 1389 1021 1444 facile
1072 1389 1139 1442 ad
1179 1387 1464 1442 scelestam
1510 1382 1923 1438 fornicationem
1972 1380 2061 1435 ad-

484 1480 668 1537 duxit.

551 1572 608 1625 2.
644 1570 791 1624 Dixit
819 1569 991 1625 abbas
1018 1567 1262 1622 Isidorus
1289 1585 1303 1622 :
1335 1564 1392 1620 Si
1422 1566 1576 1637 regni
1610 1564 1871 1619 caelorum
1914 1562 2058 1618 desi-

483 1663 635 1718 derio
669 1661 887 1725 teneris,
921 1660 1206 1730 pecuniam
1251 1665 1561 1721 contemne,
1593 1672 1657 1712 ac
1690 1655 1931 1710 divinam
1979 1670 2061 1710 re-

486 1755 844 1817 tributionem
869 1753 965 1807 tibi
997 1752 1232 1807 vindica.

2167 561 2247 623 el;
2275 558 2517 629 ἄριστον.
2560 558 2617 610 '0
2645 557 2704 610 δὲ
2735 557 2911 628 γέρων
2941 556 3042 609 οὐκ
3069 556 3329 625 ἠνέσχετο
3351 554 3630 621 ἀπελθεῖν,
3659 554 3745 608 itt-

2166 666 2300 718 γων,
2339 650 2461 702 ’Ότι
2503 647 2693 718 Ἀδὰμ,
2733 646 2812 717 τῷ
2854 645 3103 718 βρώματι
3134 646 3458 715 ἀπατηθεὶς,
3503 645 3613 709 ἔξω
3651 644 3750 700 τοῦ

2169 740 2495 812 παραδείσου
2524 739 2774 811 ηὐλίσθη.
2804 738 2966 807 Λέγει
2991 737 3141 807 αὐτῷ
3160 740 3188 791 ὁ
3216 736 3445 806 ἁδελφός
3469 752 3485 767 σ
3510 737 3584 790 Σὺ
3605 736 3753 800 ὅλως

2168 832 2304 902 φοϐῇ
2346 831 2583 895 ἐξελθεῖν
2616 828 2709 883 τοῦ
2746 827 2960 881 κελλίου
3006 843 3132 891 σου;
3173 827 3231 879 '0
3272 826 3328 879 δέ
3367 825 3529 879 πάλιν
3580 821 3704 877 εἷπε
3733 841 3747 853 ·

2166 922 2387 985 Τέκνον,
2415 920 2706 991 φοϐοῦμαι,
2737 920 2818 972 ὅτι
2843 921 2875 973 ὀ
2908 916 3185 983 διάϐολος
3205 917 3285 983 ὡς
3312 916 3470 975 λέων
3490 908 3753 982 ὠρυόμε-

2165 1029 2270 1077 voc;
2301 1011 2461 1079 ζητεῖ
2490 1013 2624 1065 τίνα
2655 1010 2935 1078 καταπίῃ.
2994 1009 3260 1072 Πολλάκις
3300 1009 3358 1064 δὲ
3394 1008 3579 1077 ἔλεγεν
3600 1047 3617 1074 ,
3662 1009 3749 1061 ὅτι

2177 1106 2303 1158 Ἐάν
2328 1122 2411 1167 τις
2441 1104 2515 1174 δεῖ)
2537 1104 2728 1156 ἐαυτὸν
2755 1105 2834 1164 εἰς
2858 1102 3186 1164 οἰνοποσίαν,
3217 1101 3279 1153 οὑ
3306 1101 3379 1171 μὴ
3406 1100 3622 1173 ἐκφύγῃ
3643 1100 3749 1170 τὴν

2167 1196 2271 1250 τῶν
2304 1195 2579 1266 λογισμῶν
2612 1194 2919 1264 ἐπιϐουλήν.
2952 1193 3063 1248 Καὶ
3104 1193 3212 1265 γὰρ
3253 1195 3282 1246 ὁ
3321 1192 3466 1257 Λὼτ,
3502 1192 3750 1259 ἀναγκα-

2168 1288 2314 1352 σθεὶς
2348 1288 2451 1341 ὑπὸ
2486 1287 2596 1340 τῶν
2632 1286 2950 1358 θυγατέρων
2998 1286 3198 1350 αὐτοῦ,
3235 1284 3509 1353 ἐμεθύσθη
3554 1287 3617 1338 ἐκ
3648 1283 3751 1337 τοῦ

2166 1380 2330 1444 οἴνου,
2356 1381 2451 1432 καλ⁷
2480 1377 2569 1430 διὰ
2597 1379 2695 1448 τῆς
2728 1376 2899 1448 μέθης
2927 1376 3166 1447 εὐχερῶς
3194 1378 3223 1428 ὁ
3250 1375 3494 1439 διάϐολος
3520 1375 3598 1437 εἰς

2169 1486 2268 1538 μον
2305 1468 2561 1540 πορνείαν
2595 1467 2758 1522 αὑτὸν
2788 1467 3222 1539 παρεσκεύασεν.

2241 1561 2306 1631 β’.
2338 1557 2504 1614 Εἶπεν
2529 1563 2559 1614 ὁ
2585 1559 2759 1623 assa;
2820 1558 3089 1629 Ἰσίδωρος
3109 1575 3121 1588 ⁸
3168 1557 3230 1610 Et
3265 1556 3544 1628 βασιλείας
3575 1556 3749 1627 οὐρα-

2166 1649 2273 1703 νῶν
2321 1652 2470 1720 ἐρᾷς,
2522 1651 2823 1721 χρημάτων
2869 1648 3230 1721 καταφρόνει,
3291 1648 3386 1701 καὶ
3441 1647 3544 1717 τῆς
3592 1647 3751 1710 θείας

2168 1742 2397 1812 ἀμοιϐῆς
2431 1740 2726 1794 ἀντιποιοῦ.

555 1847 607 1902 5.
640 1845 783 1899 Dixit
814 1846 1006 1900 iterum
1040 1863 1054 1898 :
1083 1842 1225 1897 Fieri
1254 1841 1443 1912 nequit
1475 1848 1534 1895 ut
1556 1838 1857 1894 secundum
1891 1839 2057 1893 Deum

2233 1840 2299 1901 γ’.
2338 1828 2473 1887 Εῐπε
2508 1833 2706 1887 πάλιν·
2756 1832 2931 1902 Ζῆσαί
2961 1850 3021 1887 σε
3066 1831 3206 1886 κατά
3249 1831 3403 1895 Θεὸν,
3456 1832 3747 1897 ἀδύνατον,

484 1939 657 2003 vivas,
690 1938 737 1995 si
768 1935 1065 2008 voluptatis
1096 1943 1191 1989 aut
1214 1935 1423 2005 argenti
1461 1932 1632 1987 fueris
1666 1940 1896 1987 amator.

553 2033 608 2086 4.
652 2030 776 2086 llmc
810 2031 975 2086 etiam
1023 2029 1185 2083 verba
1229 2028 1356 2082 fecit
1389 2045 1402 2080 :
1437 2025 1494 2079 Si
1526 2025 1763 2095 legitime
1786 2023 2056 2093 jejunium

483 2122 778 2186 exercetis,
821 2120 992 2175 nolite
1039 2116 1296 2188 superbia
1348 2113 1527 2170 inﬂari
1565 2131 1580 2167 :
1617 2112 1763 2182 quod
1810 2113 1858 2167 si
1900 2114 1953 2165 in
1991 2124 2058 2167 eo

480 2211 832 2283 gloriamini,
897 2211 1080 2281 potius
1138 2221 1357 2262 carnem
1417 2204 1764 2260 manducate.
1828 2201 2060 2257 Praestat

482 2304 627 2358 enim
656 2311 717 2357 ut
744 2302 905 2355 homo
925 2299 1180 2354 comedat
1217 2310 1436 2360 carnes,
1467 2310 1631 2365 quam
1658 2294 1914 2364 superbia
1942 2301 2060 2346 tur-

480 2386 686 2468 geat'et
717 2395 890 2466 gloria
919 2392 1147 2447 extollat
1178 2404 1257 2445 se.

551 2488 607 2544 5.
638 2486 833 2541 Adhuc
876 2484 1017 2539 dixit
1048 2500 1061 2537 :
1091 2481 1320 2552 Oportet
1354 2488 1413 2533 ut
1439 2479 1693 2549 discipuli
1729 2492 1889 2534 veros
1923 2492 2059 2548 prae-

483 2586 742 2650 ceptores
790 2585 904 2631 tttm
950 2582 1207 2644 tanquam
1257 2581 1439 2641 patres
1485 2578 1704 2636 ament,
1755 2578 1866 2624 tttm
1912 2570 2059 2623 velut

479 2671 755 2742 principes
784 2669 1055 2736 timeant;
1092 2673 1145 2721 et
1176 2680 1277 2723 nec
1320 2672 1544 2737 prepter
1579 2663 1955 2724 dilectionem,
1986 2660 2057 2715 ti-

482 2776 691 2817 morem
717 2759 1022 2825 remittant,
1042 2772 1143 2812 nec
1165 2763 1392 2827 prepter
1412 2755 1686 2820 timorem,
1707 2752 2058 2808 dilectionem

481 2854 802 2909 obscurent.

548 2943 600 2998 6.
633 2943 779 2997 Dixit
809 2949 1070 3012 praeterea
1107 2957 1119 2992 :
1156 2937 1212 2992 Si
1244 2937 1477 2994 salutem
1513 2937 1829 3001 desideras,
1858 2944 2056 2992 cuncta

482 3034 651 3088 facito
680 3048 802 3103 qua:
835 3041 886 3087 te
917 3032 981 3085 ad
1008 3030 1153 3084 illam
1189 3027 1424 3084 ductura
1458 3036 1608 3082 sunt.

551 3126 604 3180 7.
639 3126 750 3196 (48)
793 3124 1099 3178 Narrabant
1147 3121 1214 3177 de
1257 3122 1448 3177 abbate
1489 3121 1719 3185 Isidoro,
1751 3121 1895 3192 quod
1928 3135 2052 3175 cum

2163 1926 2444 1996 φιλήδονον
2473 1925 2600 1979 ὅντα
2631 1926 2725 1980 καὶ
2756 1924 3110 1997 φιλάργυρον.

2229 2017 2292 2072 δ’.
2325 2015 2463 2071 Εἷπε
2497 2017 2659 2071 πάλιν
2680 2035 2692 2048 ·
2729 2017 2793 2070 El
2830 2017 3078 2087 νομίμως
3114 2017 3334 2070 ἀσκεῖτε
3369 2015 3746 2087 νηστεύοντες,

2164 2109 2239 2181 μὴ
2258 2108 2548 2178 τυφοῦσθε·
2569 2109 2618 2161 εἰ
2641 2108 2700 2161 δέ
2722 2108 2814 2161 ἐπὶ
2834 2105 2995 2161 τοῦτο
3009 2107 3250 2176 αὑχεῖτε,
3279 2106 3480 2178 μᾶλλον
3492 2123 3752 2178 κρεωφα-

2160 2204 2328 2269 γεῖτε.
2363 2200 2638 2271 Συμφέρει
2666 2199 2776 2271 γὰρ
2804 2197 3076 2271 ἀνθρώπῳ
3106 2198 3306 2269 μᾶλλον
3349 2198 3489 2272 κρέα
3517 2198 3748 2263 ἐσθίειν,

2160 2291 2194 2361 ἢ
2224 2291 2522 2360 τυφοῦσθαι
2559 2290 2653 2343 καὶ
2687 2288 3072 2361 μεγαλαυχεῖν.

2231 2474 2291 2521 ε’.
2341 2463 2474 2519 Εῑπε
2498 2466 2659 2519 πάλιν
2681 2482 2693 2495 ·
2718 2465 2839 2539 Χρὴ
2873 2467 2998 2531 τοὺς
3030 2467 3509 2540 μαθητευομένους
3545 2471 3640 2524 καὶ
3667 2469 3745 2533 ὡς

2161 2557 2403 2629 πατέρας
2448 2559 2622 2626 φιλεῖν
2672 2559 2800 2620 τοὺς
2853 2557 3021 2623 ὅντως
3080 2559 3436 2623 διδασκάλους
3455 2598 3470 2624 ,
3519 2560 3613 2613 καὶ
3666 2559 3746 2623 ὡς

2160 2650 2428 2722 ἄρχοντας
2490 2649 2805 2721 φοϐεῖσθαι·
2861 2651 2956 2703 καὶ
3015 2653 3153 2723 μήτε
3214 2652 3303 2706 διὰ
3361 2651 3458 2723 τὴν
3520 2653 3746 2724 ἀγάπην

2159 2744 2372 2798 ἐκλύειν
2409 2743 2501 2796 τὸν
2542 2742 2726 2815 φόϐον,
2791 2743 2930 2813 μήτε
2979 2742 3067 2797 διὰ
3106 2744 3198 2797 τὸν
3248 2743 3413 2814 φόϐον
3459 2744 3751 2813 ἀμαυροῦν

2162 2835 2257 2909 τὴν
2288 2836 2527 2907 ἀγάπην.

2232 2934 2305 2993 ς’.
2340 2923 2475 2981 Εῐπε
2509 2928 2700 2984 πάλιν’
2735 2929 2798 2983 El
2823 2926 3097 2999 σωτηρίας
3122 2929 3274 3001 ἐρᾷς,
3305 2929 3482 2991 πάντα
3510 2928 3748 2984 ποίειτὰ

2162 3022 2240 3085 εἰς
2272 3022 2440 3093 αὐτὴν
2471 3021 2674 3089 ἄγοντά
2704 3037 2784 3073 σε.
2862 3014 2873 3023 ’

2233 3111 2297 3175 ζ’.
2343 3112 2566 3181 Ἔλεγον
2600 3113 2727 3184 περὶ
2758 3111 2850 3165 τοῦ
2885 3111 3030 3167 άϐϐἄ
3067 3111 3358 3184 Ἰσιδώρου,
3392 3114 3473 3166 ὅτι
3520 3112 3594 3178 ὡς
3642 3113 3751 3167 ὕπ-

479 3217 806 3274 accessisset
829 3216 895 3271 ad
917 3231 1039 3270 eum
1070 3214 1258 3276 frater,
1286 3214 1496 3284 fugeret
1527 3214 1592 3267 ad
1620 3213 1851 3269 interius
1877 3213 2050 3266 cellae.

2172 3206 2296 3277 ἦγεν
2330 3206 2555 3276 ἀδελφδς
2585 3206 2720 3278 πρὸς
2742 3205 2927 3269 αὐτὸν,
2955 3205 3184 3274 ἔφευγεν
3208 3203 3472 3276 ἐσώτερον
3495 3206 3589 3259 τοῦ
3621 3205 3749 3259 κελ-

481 3309 665 3380 Itaque
688 3307 946 3391 dixerunt
974 3305 1025 3360 ei
1058 3305 1256 3360 fratres
1281 3322 1295 3358 :
1321 3304 1494 3367 Abba,
1518 3304 1648 3374 quid
1674 3312 1758 3360 est
1783 3303 1887 3357 hoc
1911 3303 2058 3374 quod

481 3400 643 3470 agis?
676 3398 741 3453 Et
773 3400 849 3451 ait
880 3417 893 3453 :
930 3396 1104 3451 Etiam
1141 3396 1268 3453 ferae
1317 3396 1588 3467 fugientes
1621 3397 1686 3450 ad
1719 3396 1893 3452 lustra
1934 3411 2056 3461 sua,

481 3498 788 3548 servantur.
826 3488 932 3546 lsta
963 3497 1144 3544 autem
1184 3489 1516 3559 loquebatur
1568 3496 1792 3559 prapter
1828 3488 2055 3553 fratrum

482 3581 792 3636 utilitatem.

896 3691 974 3746 Dc
1005 3692 1193 3748 abbate
1215 3689 1425 3747 Joanne
1455 3691 1645 3747 Persa.

560 3805 613 3860 1.
646 3803 756 3877 (49)
796 3802 957 3859 Venit
995 3804 1289 3874 aliquando
1324 3819 1462 3874 puer
1490 3812 1549 3857 ut
1579 3813 1867 3859 curaretur
1892 3818 1923 3857 a
1949 3803 2060 3859 daa-

480 3911 681 3965 ntone;
713 3904 770 3963 et
795 3907 1154 3953 accesserunt
1198 3896 1398 3952 fratres
1429 3897 1497 3953 de
1530 3898 1784 3953 coenobio
1812 3896 2057 3968 Egypti.

479 3985 749 4058 Egressus
773 3996 957 4043 autem
983 4004 1171 4055 senex,
1198 3988 1338 4043 vidit
1368 3987 1590 4043 fratrem
1621 4002 1747 4044 cum
1768 4004 1940 4059 puero
1963 3989 2061 4046 de-

481 4079 857 4150 linquentem;
895 4094 995 4137 nec
1042 4081 1320 4152 redarguit
1362 4096 1521 4146 eum,
1555 4082 1745 4138 dicens
1779 4101 1793 4137 :
1826 4083 1881 4137 Si
1914 4080 2058 4139 Dens

475 4170 572 4241 qui
620 4169 877 4227 formavit
926 4186 1041 4235 eos,
1095 4172 1348 4237 intuitus,
1398 4186 1747 4243 nequaquam
1802 4174 2059 4228 incendio

477 4264 601 4319 illos
638 4265 938 4330 consumit,
970 4279 1073 4335 ego
1098 4265 1224 4335 quis
1259 4279 1381 4320 smn
1420 4270 1478 4318 ut
1505 4265 1729 4320 eosdem
1759 4266 2058 4335 reprehen-

476 4355 641 4410 dam?

545 4448 602 4503 2.
628 4445 742 4518 (50)
768 4445 1021 4500 Narravit
1041 4445 1262 4515 quidam
1285 4443 1509 4498 Patrum
1532 4444 1601 4499 de
1624 4446 1822 4500 abbate
1846 4444 2059 4501 Joanne

477 4535 667 4597 Persa,
703 4533 850 4604 quod
883 4546 949 4587 ex
989 4533 1163 4586 multa
1205 4532 1403 4601 gratia,
1454 4531 1522 4585 ad
1568 4530 2055 4602 profundissimam

479 4626 790 4698 pervenerit
831 4625 1209 4678 innocentiam
1245 4630 1301 4678 et
1344 4623 1773 4693 simplicitatem.
1806 4622 1905 4678 Hie
1940 4638 2057 4678 ma-

479 4712 643 4771 nebat
676 4712 733 4771 in
763 4710 965 4771 Arabia
997 4709 1242 4781 Egypti.
1269 4711 1578 4780 Aliquando
1607 4720 1789 4767 autem
1825 4726 1855 4765 a
1887 4711 2058 4769 fratre

479 4810 762 4860 mutuatus
790 4809 875 4858 est
905 4816 1129 4857 aureum
1174 4817 1484 4866 nummum,
1514 4802 1659 4859 unde
1690 4804 1822 4859 emit
1857 4803 2054 4868 linum,

547 4956 596 4989 τι
620 4954 639 5009 l
665 4954 813 5013 Petr.
843 4973 895 5021 v,
921 4958 976 5012 8.

560 5069 663 5140 [48)
692 5068 849 5124 Joan.
873 5071 1069 5140 iGeom.
1103 5069 1305 5125 Parad.
1343 5086 1429 5140 ep,
1460 5072 1552 5127 93,

574 5079 642 5125 48
692 5079 849 5124 Joan.
878 5079 1069 5125 Uemn.
1103 5079 1227 5122 l’art

549 5079 663 5212 ita;
704 5139 819 5212 ya.
858 5139 1009 5212 ραιν.
1042 5140 1227 5212 ινπει.

549 5209 663 5325 (5οζ
704 5210 805 5264 Vit.
850 5210 1003 5263 Patr.
1041 5227 1113 5273 v1,
1141 5209 1194 5262 7.

552 5282 633 5325 [ΚΑΙ
712 5282 1026 5325 Υηύσινον-
1084 5278 1194 5325 ’(ιλε

552 5278 663 5353 (51)
705 5282 1026 5353 Χρύρτυτον.
1084 5278 1414 5353 ἶυλοκοτίνου
1474 5278 1717 5353 νόμισμα
1763 5290 1816 5334 et
1879 5282 2061 5353 9.0m.

475 5348 616 5423 τίνη,
650 5348 759 5407 aut
792 5351 851 5423 Af.
891 5348 1311 5423 bloxoﬂvgvupro
1334 5348 1691 5423 ὁλοκοτίνιον,
1721 5354 1853 5423 utin
1880 5351 2058 5423 Theo:

480 5417 687 5501 plianis
735 5421 995 5501 Chronico
1034 5436 1085 5501 p.
1130 5418 1243 5501 .5145
1280 5417 1353 5501 ll.
1390 5427 1442 5501 et
1487 5418 1640 5475 Notis
1680 5421 1744 5476 ad
1778 5421 2054 5501 Anastasii

483 5488 800 5558 Historiam,
838 5493 977 5547 idem
1004 5488 1334 5560 significant,
1357 5498 1418 5560 ct
1434 5504 1527 5558 per
1555 5505 1721 5543 unum
1758 5492 1919 5546 solidi
1951 5508 2051 5545 no-

480 5575 601 5631 t_n_en
646 5564 1028 5631 exprimuntur
1064 5558 1096 5613 a
1148 5558 1366 5631 Pelagio
1410 5559 1725 5631 interprete.
1764 5561 1855 5615 Sic
1905 5561 2051 5631 apud

480 5626 871 5699 'l_‘lteodoritum
897 5629 1181 5686 Histeccl.
1205 5626 1300 5682 lib.
1334 5646 1371 5691 I,
1392 5644 1512 5699 cap.
1547 5626 1629 5694 l6,
1660 5626 2053 5695 πεντακοσίους

477 5696 832 5771 ὀλοκοτρίνους,
861 5700 1199 5771 Epiphanius
1224 5696 1600 5771 Scltolasiicus
1622 5702 1783 5771 vertit
1802 5717 2051 5771 quingen-

483 5774 561 5817 tos
590 5766 787 5821 soiidos
810 5785 829 5822 :
857 5766 926 5823 et—
950 5766 1108 5823 vetus
1139 5770 1299 5821 lectio
1336 5768 1623 5839 χρυσίνους
1647 5766 1829 5835 habet,
1859 5766 2050 5827 videli-

2162 3300 2298 3354 λίου.
2328 3301 2435 3353 Καὶ
2467 3300 2651 3368 ἔλεγον
2683 3298 2831 3370 αὐτῷ
2861 3300 2910 3351 οἱ
2942 3298 3191 3366 ἀδελφοί·
3235 3299 3424 3363 Ἀϐϐἄ,
3451 3299 3501 3353 τί
3531 3302 3680 3354 ἐστιν
3714 3300 3747 3353 ὃ

2164 3395 2228 3447 σὺ
2256 3396 2457 3458 ποιεῖς;
2480 3394 2591 3447 Καὶ
2618 3393 2824 3463 ἔλεγεν,
2846 3394 2927 3446 ὅτι
2957 3393 3067 3447 Καὶ
3090 3393 3157 3446 τὰ
3182 3393 3347 3466 θηρία
3370 3393 3641 3464 φεύγοντα
3665 3397 3753 3460 εἰς

2158 3483 2258 3548 τὰς
2282 3484 2467 3549 κοίτας
2501 3484 2678 3539 αὐτῶν
2715 3485 2996 3551 σώζονται.
3024 3485 3208 3540 Ταῦτα
3232 3486 3289 3539 δὲ
3323 3486 3477 3555 ἔλεγε
3517 3485 3604 3540 διὰ
3645 3485 3753 3559 τὴν

2158 3576 2428 3647 ὠφέλειαν
2458 3577 2565 3630 τῶν
2598 3577 2862 3647 ἀδελφῶν.

2362 3692 2503 3762 Περὶ
2525 3694 2631 3748 τοῦ
2659 3693 2809 3749 άϐϐᾱ
2848 3694 3117 3753 Ἰωάννου
3143 3695 3253 3750 τοῦ
3273 3693 3532 3763 Πέρσου.

2232 3810 2300 3859 α’.
2334 3799 2508 3858 ’Ἧλθέ
2551 3822 2678 3859 ποτε
2716 3805 2927 3858 παιδίον
2972 3805 3376 3877 θεραπευθῆναι
3415 3804 3525 3860 ἀπὸ
3554 3802 3750 3876 δαίμο-

2159 3911 2279 3959 νοςο
2310 3896 2406 3949 καὶ
2443 3896 2754 3967 παρέϐαλον
2789 3896 3007 3965 ἀδελφοὶ
3046 3897 3154 3950 ἀπὸ
3200 3897 3469 3951 κοινοϐίου
3501 3899 3601 3968 τῆς
3649 3897 3749 3950 Δί-

2159 3986 2388 4056 γύπτου.
2412 3989 2522 4042 Καὶ
2541 3987 2769 4053 ἐξελθὼν
2785 3989 2814 4041 ὁ
2835 3988 3013 4060 γέρων
3051 3985 3159 4043 εῐδε
3190 3990 3283 4044 τὸν
3305 3989 3530 4059 ἀδελφὸν
3558 3991 3751 4061 ἁμαρ-

2158 4080 2388 4135 τάνοντα
2426 4081 2563 4151 μετὰ
2604 4080 2697 4135 τοῦ
2744 4081 2980 4147 παιδίου,
3012 4082 3108 4135 καὶ
3154 4082 3254 4134 οὐκ
3293 4082 3520 4151 ἤλεγξεν
3552 4081 3746 4148 αὑτὸν,

2158 4172 2334 4241 λέγων
2355 4190 2370 4204 ο
2408 4173 2469 4225 Εἰ
2503 4175 2531 4226 ὁ
2559 4173 2691 4236 Θεὸς
2725 4176 2753 4226 ὁ
2781 4173 2992 4237 πλάσας
3020 4174 3214 4236 αὐτοὺς
3246 4172 3460 4242 βλέπων
3500 4173 3562 4226 οὐ
3598 4172 3750 4226 καίει

2160 4264 2379 4327 αὐτοὺς,
2409 4265 2519 4333 ἐγὼ
2553 4266 2635 4329 τίς
2662 4267 2779 4335 εἰμι
2819 4266 2908 4320 ἵνα
2931 4266 3133 4335 ἐλέγξω
3160 4265 3390 4331 αὑτούς;

2234 4443 2298 4514 β’.
2347 4444 2656 4513 Διηγήσατό
2697 4460 2782 4508 τις
2818 4443 2929 4497 τῶν
2971 4444 3231 4515 Πατὲρων
3286 4443 3414 4515 περὶ
3456 4441 3551 4495 τοῦ
3601 4440 3751 4494 esea

2173 4533 2420 4589 Ἰωάννου
2448 4533 2543 4586 τοῦ
2568 4534 2810 4606 Πέρσου,
2845 4534 2928 4586 ὅτι
2958 4535 3025 4586 ἐκ
3068 4534 3168 4604 τῆς
3206 4533 3408 4602 πολλῆς
3437 4530 3603 4585 αὐτοῦ
3647 4531 3751 4600 χά-

2165 4641 2313 4695 ριτος
2348 4627 2429 4690 είς
2466 4625 2775 4697 βαθυτάτην
2816 4626 3013 4697 ἤλασεν
3040 4627 3298 4680 ἀκακίαν.
3330 4618 3498 4689 Οὗτος
3526 4625 3583 4678 δέ
3613 4625 3752 4695 ἔμε-

2162 4731 2252 4767 νεν
2289 4717 2348 4768 ἐν
2397 4714 2627 4787 Ἀραϐίᾳ
2669 4719 2768 4786 τῆς
2816 4716 3119 4784 Αἰγύπτου.
3164 4717 3465 4786 Ἐχρήσατο
3510 4715 3567 4769 δέ
3615 4732 3751 4769 ποτε

2162 4807 2312 4878 παρὰ
2337 4807 2566 4877 ἀδελφοῦ
2591 4807 2648 4861 ἓν
2671 4807 2921 4879 χρύσινον
2946 4807 3082 4881 (5i),
3109 4810 3204 4863 καὶ
3236 4810 3475 4881 ἠγόρασε
3506 4808 3749 4875 λιι-αμα,

2163 5080 2250 5147 εει
2287 5072 2654 5147 explicatione
2678 5072 2731 5126 in
2759 5074 2940 5147 locum
2976 5076 3204 5147 termini
3235 5076 3469 5147 expositi
3504 5078 3745 5133 intrnsa.

2164 5140 2513 5215 Ilieopltanis
2547 5154 2726 5215 autem
2774 5145 2915 5198 κατὰ
2946 5144 3262 5206 ὁλοκοτίνιν.
3298 5140 3564 5201 {natatum
3598 5158 3681 5203 est
3717 5163 3750 5202 a

2165 5211 2375 5266 Zonai'a
2409 5215 2461 5266 in
2490 5214 2574 5283 ἐφ’
2605 5212 2820 5285 ἑκάστῳ
2843 5215 3158 5285 νομίσματι,
3192 5235 3219 5267 a
3244 5216 3490 5272 Codreno
3524 5217 3577 5270 in
3606 5218 3752 5272 κατὰ

2164 5285 2427 5356 νόμισμα,
2459 5284 2780 5356 Iranslatum
2822 5284 2949 5356 vero
2979 5284 3048 5337 ab
3087 5286 3398 5348 Anam-asin,
3437 5303 3529 5355 per
3563 5289 3752 5356 singu-

2166 5354 2244 5407 los
2274 5370 2483 5407 aureos.
2520 5353 2586 5405 Et
2623 5353 2841 5422 quidem
2867 5355 3140 5419 Iosephus
3185 5353 3749 5422 Scaliger'Disser‘ta-

2163 5425 2309 5495 tione
2332 5425 2398 5495 de
2423 5441 2479 5478 re
2503 5418 2831 5495 nuntiiitria,
2858 5443 2892 5495 p
2939 5418 3030 5487 55,
3051 5427 3127 5477 ait
3146 5418 3360 5480 utimini
3377 5428 3601 5479 verbum
3622 5442 3752 5482 esse

2160 5493 2514 5556 ὁλοκοτίνους.
2568 5492 2836 5549 Henricus
2859 5492 3046 5550 autem
3075 5496 3327 5550 Valesius
3352 5495 3419 5548 ad
3452 5495 3750 5551 Theodori-

2162 5572 2272 5617 tum
2307 5565 2557 5632 ignorare
2605 5580 2662 5619 se
2709 5564 2911 5619 fatetur
2955 5581 3152 5619 nomen
3200 5565 3525 5621 Graccumne
3566 5568 3640 5621 sit
3676 5583 3749 5622 an

2161 5634 2477 5705 barbarum.
2500 5634 2599 5688 Cui
2634 5651 2761 5689 vero
2787 5647 2993 5690 notum.
3029 5636 3177 5705 quod
3225 5638 3392 5691 tavris
3418 5638 3552 5689 viris
3602 5640 3754 5691 inco-

2157 5704 2406 5775 gnitum?
2436 5704 2560 5756 Milti
2587 5721 2692 5757 non
2715 5707 2939 5760 ontnlno
2959 5706 3015 5758 fit
3044 5704 3422 5775 improbabile,
3449 5707 3751 5763 holocotini

2157 5788 2356 5828 nomen
2377 5773 2665 5827 formatum
2697 5777 2865 5829 fuisse
2893 5793 2955 5829 ex
2984 5773 3245 5830 nonnulla
3271 5778 3539 5831 allusione
3559 5777 3627 5831 ad
3652 5778 3751 5832 κό-
