4032 6334
287 349 386 408 2‘57

1444 356 2048 418 APOPHTHEGIATA
2084 361 2390 423 PATRUM.

3405 361 3510 421 238

292 473 373 526 ινα
395 469 723 542 ἐργάσηται.
749 471 862 526 Kal
880 467 1041 545 ἦλθεν
1061 473 1288 544 ἁδελφὸς
1308 478 1645 548 παρακαλῶν
1672 480 1846 544 αὐτὸν1

1954 488 2018 534 ut
2050 491 2391 551 operaretur.
2418 480 2575 537 Venit
2604 482 2769 540 frater
2799 494 2998 554 rogans
3023 497 3172 549 eum,
3195 496 3259 539 ac
3277 481 3466 541 dicens
3487 498 3511 541 ε

287 564 378 617 καὶ
404 563 610 631 λέγων·
645 562 885 635 Χάρισαί
934 581 1058 636 μοι,
1092 565 1258 629 ἁϐϐἇ,
1290 566 1445 637 ὀλίγα
1478 568 1717 641 λινάρια,
1765 571 1854 625 ῐνα

287 645 488 724 στοιχήσω
513 652 742 724 ἐμαυτῷ
767 653 1052 710 λεθίτωνα.
1075 656 1185 710 Kal
1205 656 1404 712 ἔδωκεν
1423 659 1572 730 αὑτῷ
1595 660 1736 731 μετὰ
1755 678 1854 730 χα-

289 746 405 815 ρᾶς.
447 742 683 813 Ὁμοίως
713 745 773 798 δὲ
805 745 899 799 καὶ
935 745 1092 809 ἄλλος
1127 743 1255 819 ἦλθε
1293 751 1624 818 παρακαλῶν
1651 752 1811 805 αὐτόν
1834 770 1849 783 ·

286 835 381 897 Δός
437 851 529 904 μοι
576 833 734 903 ὀλίγα
779 833 993 907 λινάρια
1009 876 1025 898 ,
1082 837 1170 891 ἵνα
1218 840 1427 911 ποιήσω
1474 858 1575 911 μοι)
1626 841 1849 898 λέντιον.

292 923 492 976 Ἔδωκε
519 923 578 977 δὲ
602 925 697 978 καὶ
728 924 878 995 αὐτῷ
904 926 1124 996 ὁμοίως.
1160 928 1270 982 Kal
1291 928 1468 983 ἄλλων
1489 932 1849 1002 αἰτησάντων,

289 1013 446 1066 ἐδίδου
473 1013 662 1078 ἀτελῶς
690 1014 827 1085 μετὰ
854 1017 1047 1087 χαρᾶς.
1081 1017 1345 1089 ’Ὕστερον
1366 1019 1586 1092 ἔρχεται
1613 1024 1641 1075 6
1663 1022 1851 1094 κύριος

284 1102 373 1155 τοῦ
410 1102 716 1156 ὀλοκοτίνου
774 1102 942 1157 θέλων
986 1104 1137 1163 αὐτό.
1181 1107 1342 1177 Λέγει
1384 1109 1534 1180 αὐτῷ
1567 1112 1596 1164 6
1636 1112 1847 1184 γέρων·

296 1190 431 1261 Ἐγὼ
457 1193 654 1262 ὑπάγω
676 1194 771 1247 καὶ
797 1194 946 1265 φέρω
974 1211 1054 1247 σοι
1078 1197 1231 1250 αὐτό.
1265 1199 1374 1251 Kal
1408 1201 1482 1271 μὴ
1516 1200 1654 1269 ἔχων
1689 1203 1851 1255 πόθεν

284 1282 589 1346 ὲποῦοῦναι,
619 1284 816 1357 ἀνέστη
838 1284 1090 1339 ἀπελθεῖν
1117 1288 1251 1358 πρὸς
1269 1288 1360 1342 τὸν
1382 1291 1558 1345 ἀϐὄᾶν
1591 1292 1850 1346 Ἰάκωϐον

284 1375 370 1427 τὸν
409 1376 508 1446 τῆς
540 1375 844 1440 διακονίας.
880 1376 1256 1448 παρακαλέσαι
1298 1380 1459 1433 αὐτὸν
1490 1381 1670 1436 δοῦναι
1701 1382 1850 1455 αὐτῷ

281 1464 341 1517 τὸ
365 1466 629 1536 νόμισμα,
660 1467 750 1522 ἵνα
785 1466 1050 1521 ἀποδώσει
1093 1466 1171 1537 τῷ
1213 1469 1443 1541 ἀδελφῷ.
1482 1472 1589 1525 Kal
1623 1473 1848 1542 ὑπάγων

283 1553 433 1629 εὗρεν
478 1558 791 1631 ὀλοκοτινην
834 1559 1083 1631 κείμενον
1129 1560 1323 1632 χαμαὶ,
1379 1563 1474 1617 καὶ
1520 1566 1620 1635 οὐχ
1676 1565 1848 1637 ἥψατο

284 1648 466 1703 αὑτοῦ.
498 1651 737 1719 Ποιήσας
762 1651 817 1704 δὲ
854 1651 1037 1720 εὐχὴν,
1074 1651 1413 1722 ὑπέστρεψεν
1446 1656 1524 1717 εἰς
1553 1655 1612 1708 τὸ
1639 1656 1846 1710 κελλίον

279 1739 496 1797 ἑαυτοῦ.
529 1741 637 1795 Kal
665 1737 828 1811 ἦλθεν
864 1743 893 1794 6
918 1740 1145 1809 ἀδελφὸς
1182 1743 1345 1796 πάλιν
1376 1744 1549 1814 ὀχλῶν
1582 1745 1729 1818 αὐτῷ
1758 1746 1846 1801 διὰ

1953 570 2141 635 Abba,
2186 572 2327 628 dona
2371 584 2562 644 ponam
2600 572 2719 641 lini,
2756 587 2867 643 quo
2912 574 3045 629 mihi
3091 572 3285 629 faciam
3318 571 3515 630 levite-

1954 676 2101 716 nem.
2122 662 2215 717 Ille
2239 661 2387 718 dedit
2406 678 2530 718 cum
2556 664 2760 719 laetitia.
2782 664 3048 721 Similiter
3077 665 3217 719 alios
3242 663 3513 721 accedens

1951 752 2250 822 postulavit
2272 753 2340 807 ab
2356 768 2423 808 eo
2448 769 2640 823 parum
2668 754 2762 808 lini
2795 753 2863 809 ad
2888 754 3194 810 faciendum
3227 755 3456 809 linteum
3489 770 3509 810 :

1948 843 2041 897 cui
2079 842 2283 911 pariter
2338 842 2577 897 tradidit.
2627 845 2762 899 Aliis
2806 859 3023 914 quoque
3065 844 3372 913 petentibus
3410 842 3515 897 da-

1951 929 2043 984 bat
2071 930 2392 1000 simpliciter
2440 947 2566 987 cum
2604 932 2809 987 laetitia.
2831 932 3028 987 Postea
3074 933 3219 987 venit
3254 931 3512 986 dominus

1952 1020 2266 1085 bolocotini,
2301 1021 2540 1091 illudque
2583 1024 2817 1092 repetiit.
2867 1022 3004 1078 Dicit
3050 1022 3099 1077 ei
3147 1038 3310 1078 senex
3348 1041 3360 1076 :
3396 1020 3509 1089 Ego

1950 1111 2266 1180 proficiscor
2299 1120 2353 1168 ct
2395 1112 2560 1167 affero
2601 1113 2718 1167 tibi.
2746 1111 2857 1167 Nec
2902 1113 3107 1168 habens
3156 1113 3301 1168 unde
3349 1127 3509 1182 repo-

1950 1209 2121 1264 ncrct,
2158 1204 2397 1257 surrexit
2450 1212 2511 1256 ut
2558 1209 2808 1273 pergeret
2839 1201 2903 1257 ad
2940 1204 3185 1257 abbatem
3228 1200 3509 1266 Iacobum,

1951 1290 2099 1345 illum
2144 1292 2407 1346 diaconim
2454 1308 2549 1349 seu
2587 1292 2901 1351 ministerii,
2949 1300 3237 1363 rogaturus
3270 1300 3327 1346 ut
3359 1293 3512 1347 daret

1948 1379 1998 1433 ci
2030 1397 2309 1435 nummum
2342 1381 2408 1434 ad
2442 1381 2774 1437 reddendum
2810 1380 2961 1433 fratri
3022 1379 3202 1450 Itaque
3234 1381 3287 1434 in
3321 1382 3512 1434 itinere

1949 1469 2159 1525 invenit
2180 1471 2552 1526 holocotinum
2575 1474 2811 1545 positum
2843 1474 3026 1537 humi;
3054 1488 3162 1525 non
3180 1480 3356 1526 tamen
3386 1471 3511 1526 teti-

1948 1561 2046 1630 git.
2077 1561 2178 1617 Sed
2212 1562 2353 1618 facta
2381 1567 2629 1619 oratione
2657 1580 2907 1618 rewrsus
2934 1571 3017 1621 cst
3039 1565 3093 1617 in
3118 1564 3307 1618 cellam
3330 1578 3508 1619 suam.

1949 1651 2109 1709 Venit
2157 1658 2324 1712 frater
2370 1657 2565 1712 iterum
2614 1658 2918 1711 molestiam
2974 1658 3078 1727 ipsi
3131 1658 3395 1712 exhibens
3435 1657 3508 1711 ob

1950 1761 2252 1800 nummum.
2289 1747 2376 1800 Ait
2426 1748 2499 1802 illi
2548 1764 2709 1801 senex
2763 1768 2775 1803 :
2824 1747 2950 1802 Mihi
3004 1749 3161 1818 plane
3214 1763 3358 1803 cura:
3402 1760 3510 1804 est.

278 1831 338 1886 τδ
368 1832 628 1903 νόμισμα.
662 1832 773 1887 Kal
802 1833 948 1901 λέγει
983 1831 1132 1903 αὐτῷ
1157 1835 1186 1886 6
1211 1834 1420 1907 γέρων
1463 1834 1604 1904 Ἐγὼ
1632 1814 1846 1904 πάντως

1944 1832 2271 1905 Rursusque
2300 1836 2509 1901 abiens,
2545 1836 2753 1890 invenit
2798 1851 3075 1890 nummum
3116 1834 3267 1888 humi
3295 1835 3384 1888 ubi
3415 1849 3512 1888 an-

281 1922 565 1994 φροντίζω.
603 1924 712 1977 Kal
734 1925 980 1981 ἀπελθὼν
1012 1928 1192 1989 πάλιν,
1230 1922 1355 1999 εὗρε
1386 1927 1447 1981 τὺ
1478 1928 1718 2001 νόμισμα
1747 1948 1843 2001 χα-

281 2012 378 2082 μαὶ
401 2012 533 2065 ὅπου
562 2008 662 2084 ἦν·
696 2015 789 2068 καὶ
818 2018 1050 2099 ποιήσας
1084 2018 1249 2090 εὐχὴν
1282 2018 1464 2081 πάλιν,
1504 2020 1845 2093 ὑπέστρεψεν

276 2106 355 2166 εἰς
372 2104 434 2156 τὸ
460 2105 669 2159 κελλίον
696 2107 913 2163 ἑαυτοῦ.
945 2110 1054 2162 Kal
1085 2110 1192 2164 ἰδοὺ
1219 2111 1424 2181 ὁμοίως
1449 2106 1614 2181 ἦλθεν
1644 2115 1671 2167 6
1693 2113 1845 2167 ἀδελ·

277 2195 372 2263 φδς
398 2197 429 2249 6
460 2196 633 2267 ὀχλῶν
674 2198 857 2254 αὐτόν.
889 2200 1000 2253 Kal
1024 2201 1168 2269 λέγει
1200 2203 1229 2254 6
1261 2201 1460 2272 γέρων,
1506 2204 1588 2258 ὄτι
1621 2205 1844 2269 Πάντως

278 2286 336 2339 τὸ
366 2285 514 2351 ἅπαξ
541 2287 701 2341 τοῦτο
911 2291 1060 2344 αὐτό.
1097 2291 1207 2345 Kal
1235 2293 1472 2356 ἀναστὰς
1502 2295 1684 2356 πάλιν,
1711 2292 1841 2366 ἦλθε

278 2377 393 2428 κατ’
424 2375 635 2431 ἐκείνου
667 2377 763 2431 τοῦ
791 2378 984 2431 τόπων
1027 2381 1123 2434 καὶ
1165 2376 1322 2452 εὗρεν
1348 2384 1479 2436 αὐτὸ
1513 2385 1629 2437 ἐκεῖ
1657 2386 1843 2456 κείμε-

278 2481 381 2519 νον.
408 2465 518 2519 Καὶ
544 2469 777 2538 ποιήσας
797 2468 983 2539 εὐχὴν,
1012 2470 1203 2524 ἐλαϐεν
1226 2473 1376 2528 αὐτό.
1400 2475 1509 2527 Καὶ
1536 2470 1666 2545 ἦλθε
1702 2477 1840 2547 πρὸς

275 2555 362 2608 τὸν
394 2556 572 2611 άόὅᾶν
619 2559 890 2624 Ἰάκωϐον,
924 2560 1020 2615 καὶ
1052 2561 1200 2630 λέγει
1242 2564 1389 2634 αὐτῷ
1411 2580 1426 2594 ⁸
1462 2564 1649 2628 Ἀϐϐά,
1686 2567 1842 2636 ἐρχό-

278 2662 433 2716 μενος
477 2647 617 2719 πρὸς
656 2649 714 2702 σὲ
747 2643 904 2721 εὗρον
933 2652 996 2705 τὸ
1032 2653 1269 2724 νόμισμα
1302 2654 1458 2708 τοῦτο
1507 2656 1566 2708 ἐν
1600 2660 1665 2727 τῇ
1700 2658 1837 2728 ὁδῷ*

274 2737 494 2809 ποίησον
520 2735 618 2792 οὖν
643 2740 884 2811 ἀγάπην,
911 2742 1007 2796 xal
1046 2744 1281 2814 κήρυξον
1310 2748 1369 2799 ὲν
1394 2750 1461 2817 τῇ
1492 2748 1676 2819 ὲνορίᾳ
1703 2747 1837 2819 (5‘2),

279 2830 432 2900 μήτις
466 2829 747 2885 ἀπώλεσεν
774 2833 909 2886 αὐτό
927 2848 945 2867 ⁸
975 2833 1071 2887 καὶ
1109 2835 1205 2888 ἐὰν
1242 2836 1439 2908 εὑρεθῇ
1467 2840 1496 2891 6
1526 2837 1713 2908 κύριος
1743 2840 1842 2892 αὺ-

272 2920 384 2982 τοῦ,
431 2921 523 2985 δὸς
572 2922 724 2977 αὐτό.
792 2923 1063 2977 ’Δπελθὼν
1107 2922 1200 2980 οὖν
1249 2927 1277 2979 ὁ
1314 2927 1513 2998 γέρων,
1560 2929 1653 2983 ἐπὶ
1692 2931 1841 3001 τρεῖς

276 3012 482 3083 ἡμέρας
524 3012 792 3083 ἐκήρυξεσ
830 3015 923 3066 καὶ
963 3015 1138 3079 οὐδεὶς
1177 3016 1375 3087 εὑρέθη
1408 3019 1438 3071 6
1473 3018 1745 3082 ἀπολέσας
1779 3019 1840 3072 τὸ

276 3102 702 3204 νόμιῗμα..;[“ότε
736 3103 898 3204 ,λέγει
1012 3105 1189 3177 γέρων
1235 3106 1314 3177 τῷ
1350 3107 1496 3179 esse
1568 3108 1837 3179 Ἰακώϐῳ·
1868 3148 1910 3204 C

275 3192 335 3247 El
363 3189 457 3247 οὖν
490 3194 667 3256 οὐδεὶς
690 3195 822 3247 αὐτὸ
845 3195 1114 3259 ἀπώλεσε,
1142 3198 1232 3262 δὸς
1267 3199 1398 3251 αὐτὸ
1426 3198 1560 3269 τῷδε
1586 3199 1664 3270 τῷ
1686 3200 1841 3255 ἀδελ-

277 3283 392 3352 φῷ·
449 3284 714 3354 χρεωστῶ
766 3286 875 3357 γὰρ
930 3287 1112 3357 αὐτῷ’
1169 3289 1265 3341 καὶ
1316 3288 1606 3358 ἐρχόμενος
1660 3290 1843 3344 λαϐεῖν

278 3375 418 3443 παρὰ
475 3374 570 3427 σοῦ
620 3377 841 3446 ἀγάπην
894 3379 989 3431 καὶ
1030 3379 1320 3434 ἀποδοῦναι
1369 3381 1430 3434 τδ
1478 3382 1652 3453 χρέος,
1686 3377 1842 3456 εὗρον

274 3464 419 3517 αὑτό.
466 3467 578 3519 Kal
614 3467 925 3538 ἐθαύμασεν
964 3472 993 3523 6
1020 3470 1218 3539 γέρων,
1253 3471 1369 3535 πῶς
1412 3471 1703 3543 χρεωστῶν
1749 3474 1843 3528 καὶ

275 3555 445 3626 εὑρὼν
480 3559 583 3611 οὐκ
611 3558 813 3623 εὐθέως
841 3560 998 3613 ἕλαόε
1026 3563 1118 3614 καὶ
1148 3561 1347 3615 ἔδωκεν
1372 3564 1520 3616 αὐτό.
1547 3563 1658 3617 Kal
1685 3565 1843 3618 τοῦτο

273 3645 328 3699 δὲ
365 3643 432 3719 ἦν
477 3649 642 3703 αὐτοῦ
683 3650 744 3704 τδ
790 3652 1132 3722 θαυμαστὸν,
1164 3654 1246 3705 ὅτι
1282 3656 1329 3706 el
1361 3655 1559 3724 ἦρχετό
1589 3673 1675 3718 τις
1708 3658 1843 3727 χρή-

276 3737 468 3792 σασθαι
495 3742 626 3812 παρ’
662 3742 826 3796 αὑτοῦ
856 3743 909 3794 τί
947 3758 1097 3808 ποτε,
1127 3744 1188 3797 οὐ
1221 3743 1289 3797 δι’
1315 3745 1509 3798 ἑαυτοῦ
1556 3749 1837 3816 παρεῖχεν,

276 3829 382 3882 ἀλλ’
416 3830 571 3899 ἔλεγε
609 3831 687 3901 τῷ
717 3832 963 3902 ἀδελφῷο
1006 3834 1245 3901 ’Ύπαγε,
1287 3834 1498 3903 σεαυτῷ
1538 3829 1668 3904 ἆρον
1698 3835 1752 3888 εἷ
1789 3852 1841 3887 τι

275 3920 521 3990 χρῄζεις·
557 3922 654 3974 xal
682 3924 729 3975 ει
759 3922 973 3995 ἔφερεν,
1008 3924 1189 3993 ἔλεγεν
1217 3924 1366 3994 αὐτῷ
1387 3940 1399 3952 ·
1453 3925 1680 3978 Ἀπόθου
1711 3924 1842 3979 αὐτὸ

277 4011 429 4063 πάλιν
462 4013 543 4076 εἰς
572 4012 664 4065 τὸν
693 4012 857 4065 τόπον
882 4013 1065 4067 αὐτοῦ.
1098 4012 1161 4066 Εἰ
1184 4014 1240 4067 δὲ
1273 4014 1394 4068 οὐδὲ
1426 4015 1620 4087 ἔφερεν
1649 4017 1677 4068 6
1704 4014 1842 4085 λαμ-

273 4099 469 4167 ϐάνων,
495 4103 647 4181 οῄδὲν
680 4103 865 4173 ἔλεγεν
890 4105 1057 4176 αὐτῷ.

328 4198 403 4256 γ’.
440 4192 666 4260 Ἔλεγον
708 4194 838 4264 περὶ
870 4193 962 4247 τοῦ
997 4193 1141 4250 ἀϐὄᾶ
1189 4195 1434 4250 Ἰωάννου
1478 4195 1572 4250 τοῦ
1610 4195 1839 4267 Πέρσου,

274 4277 352 4333 δτι
370 4281 696 4353 κακούργων
717 4281 865 4355 αὗτῷ
885 4287 1242 4348 ἐπιστάντων,
1256 4287 1491 4358 νιπτῆρα
1512 4287 1838 4358 προσέφερε,

276 4371 369 4425 καὶ
408 4370 564 4441 ἠξίου
602 4373 731 4438 τοὺς
766 4374 930 4440 πόδας
982 4376 1158 4430 αὐτῶν
1198 4378 1432 4430 νίπτειν·
1474 4380 1716 4431 κάκεῖνοι
1758 4381 1841 4433 αξ-

276 4461 547 4526 δεσθέντες
581 4467 858 4534 μετανοεῖν
885 4465 1135 4537 ἤρξαντο.

343 4641 404 4694 δ’.
434 4637 575 4694 Εἷπέ
608 4658 693 4704 τις
732 4640 811 4710 τῷ
850 4641 995 4713 ἀόϐᾷ
1036 4642 1257 4713 Ἰωάννῃ
1290 4643 1366 4712 τῷ
1397 4644 1600 4714 Πέρσῃ,
1629 4644 1709 4697 ’ότι
1740 4644 1842 4697 Το-

280 4728 464 4783 σοῦτον
490 4730 662 4783 κόπον
688 4731 1022 4801 ἐποιήσαμεν
1053 4730 1139 4785 διὰ
1174 4732 1272 4802 τὴν
1306 4733 1579 4803 βασιλείαν
1614 4733 1721 4786 τῶν
1755 4734 1844 4787 οὐ·

283 4822 454 4891 ρανῶν
473 4838 490 4853 ο
516 4819 627 4894 ἆρα
648 4821 1056 4892 κληρονομῆσαι
1082 4824 1255 4895 αὐτὴν
1284 4822 1513 4895 ἓχομενξ
1551 4824 1660 4877 Kal
1693 4822 1844 4879 εἶπεν

277 4913 307 4964 6
327 4914 503 4983 γέρων
526 4931 543 4947 ο
582 4913 728 4983 Ἐγὼ
756 4912 997 4967 πιστεύω
1031 4914 1437 4986 κληρονομῆσαι
1465 4915 1562 4987 τὴν
1601 4916 1711 4971 ἄνω
1747 4916 1844 4969 Ἰεο

284 5005 559 5076 ρουσαλὴμ
583 5006 682 5075 τὴν
705 5006 1208 5078 άπογεγραμμένην
1237 5007 1295 5058 ὲν
1323 5010 1436 5069 τοῖς
1462 5007 1725 5077 οὐρανοῖς.
1751 5008 1848 5060 Πι-

286 5096 399 5159 στδς
418 5098 526 5168 γὰρ
549 5099 581 5150 6
603 5098 1243 5168 ὲπαγγειλάμενος.Διατί
1265 5098 1323 5150 δὲ
1354 5099 1635 5167 ἀπιστήσω
1655 5114 1669 5163 ;
1696 5096 1849 5150 Φιλό-

285 5183 424 5250 ξενος
463 5187 541 5250 ὡς
579 5190 608 5240 6
658 5187 910 5258 Ἀϐραὰμ
938 5188 1133 5256 γέγονα
1157 5224 1173 5249 ,
1204 5184 1381 5256 πραῢς
1405 5185 1480 5247 ὡς
1519 5187 1547 5237 6
1584 5186 1844 5254 Μωῦσῆς,

286 5382 779 5448 τινον.οΙροεῑτιιῐη.
827 5377 1108 5448 praemium
1150 5378 1389 5448 iniludis
1429 5377 1743 5447 Olympicis,
1792 5388 1850 5431 ut

289 5446 439 5503 fuerit
514 5465 774 5506 nummus
830 5446 1134 5502 occasione
1204 5447 1443 5502 donativi
1502 5446 1733 5513 alicujus
1787 5464 1852 5502 ac

291 5520 477 5588 ιιι-ειηῘί
507 5522 745 5591 primum
764 5516 1097 5591 cusus._ld§i
1129 5531 1243 5591 non
1270 5516 1643 5591 arridet,_au_di
1683 5517 1852 5591 m_ajo-

292 5586 372 5661 res
394 5586 560 5661 nugas
576 5590 929 5661 Gratcortnn:
959 5586 1476 5661 inAlj'thmologiisex
1499 5586 1856 5661 OrioneTlie-

292 5656 577 5731 bano,€od.
616 5658 751 5731 Reg.
789 5657 979 5731 ’Περι
1001 5657 1166 5731 _2_H5,
1190 5657 1487 5731 ὀλοκοτίνιν
1504 5675 1522 5731 '_
1548 5657 1635 5710 διὰ
1665 5656 1725 5709 τὸ
1760 5657 1851 5731 τὸν

292 5725 398 5782 ὅλον
447 5733 603 5786 κότον
653 5725 727 5785 ἐν
772 5725 950 5796 αὐτῷ.
1001 5725 1113 5789 Hoc
1160 5737 1265 5785 est.
1307 5737 1365 5779 ut
1408 5727 1667 5789 arbitror,
1703 5728 1847 5793 σμιυά

1944 1929 2029 1978 tea
2054 1934 2207 1990 erat;
2244 1922 2493 1994 factaque
2515 1926 2692 1979 adhuc
2718 1940 2896 1994 prece.
2924 1926 2977 1977 in
3007 1924 3201 1980 cellam
3235 1937 3390 1979 suam
3423 1937 3511 1976 re-

1943 2016 2067 2072 diit.
2091 2017 2269 2087 Atque
2295 2032 2361 2071 en
2396 2016 2514 2087 pari
2559 2017 2722 2070 modo
2766 2015 2999 2070 accessit
3040 2014 3226 2081 frater,
3255 2014 3305 2068 ei
3336 2012 3500 2067 mole-

1943 2114 2082 2163 stus.
2109 2107 2247 2161 Tum
2272 2121 2436 2162 senex
2472 2125 2486 2159 :
2519 2106 2699 2169 Certe,
2718 2106 2916 2175 inquit,
2939 2105 3167 2160 omnino
3193 2105 3299 2159 hoc
3326 2106 3504 2175 ipsum

1940 2197 2050 2267 jam
2090 2198 2224 2253 fero.
2258 2196 2613 2269 Surgensque
2676 2198 2897 2261 iterum,
2943 2196 3190 2267 pervenit
3233 2196 3300 2250 ad
3352 2196 3505 2251 illum

1944 2286 2151 2350 locum,
2184 2295 2349 2356 atque
2373 2287 2579 2342 invenit
2600 2286 2847 2341 eumdem
2867 2300 3152 2339 nummum
3176 2286 3288 2339 illic
3314 2285 3505 2353 jacen-

1941 2384 2070 2433 tem.
2102 2376 2251 2433 Fecit
2298 2378 2460 2447 igitur
2491 2379 2813 2441 orationem,
2854 2376 3117 2443 illumque
3158 2373 3409 2443 sumpsit.
3437 2373 3503 2428 Et

1938 2469 2087 2524 venit
2113 2467 2179 2523 ad
2211 2470 2459 2522 abbatem
2493 2466 2776 2526 Iacobum,
2808 2465 2896 2520 cui
2940 2463 3077 2518 dixit
3110 2481 3125 2517 :
3153 2463 3323 2528 Abba,
3353 2464 3419 2517 ad
3449 2473 3505 2519 te

1941 2557 2194 2621 veniens,
2230 2557 2409 2625 reperi
2441 2557 2497 2610 in
2526 2558 2611 2609 via
2638 2568 2919 2610 nummum
2962 2556 3127 2610 hunc.
3162 2555 3368 2608 Exerce
3398 2552 3502 2622 igi-

1942 2653 2032 2699 tur
2073 2646 2421 2706 charilatem,
2452 2644 2687 2714 praedicit
2723 2657 2821 2712 per
2868 2643 3166 2711 regionem,
3199 2658 3330 2697 ιιιιιι
3378 2642 3504 2711 quis

1939 2736 2186 2791 amiserit
2217 2750 2340 2791 eum
2370 2753 2385 2790 :
2419 2735 2564 2804 quod
2614 2734 2662 2788 si
2709 2733 2964 2788 inventus
3017 2731 3179 2788 fuerit
3229 2732 3504 2796 dominus,

1942 2831 2113 2886 trade.
2142 2829 2426 2885 Profectus
2456 2844 2588 2900 ergo
2625 2843 2814 2891 senex,
2858 2843 2956 2897 per
2982 2834 3097 2884 tres
3147 2827 3267 2883 dies
3294 2826 3502 2897 pradi-

1939 2922 2101 2985 cavit,
2152 2934 2253 2976 nec
2303 2920 2590 2990 quisquam
2654 2925 2902 2988 repertus
2950 2926 3033 2972 est
3080 2916 3174 2987 qui
3224 2929 3507 2971 nummum

1940 3011 2283 3081 perdidisset.
2316 3010 2471 3065 Tunc
2505 3022 2672 3064 senex
2703 3008 2778 3061 ait
2803 3008 2871 3061 ad
2901 3007 3148 3061 abbatem
3181 3005 3444 3060 Iacobum
3478 3018 3497 3059 :

1943 3103 2001 3155 Si
2034 3102 2219 3171 itaque
2249 3115 2414 3155 nemo
2455 3114 2579 3154 eum
2620 3096 2874 3167 perdidit,
2901 3096 2969 3149 da
2999 3096 3076 3149 illi
3106 3094 3297 3160 fratri;
3330 3093 3504 3149 debeo

1939 3194 2085 3247 enim
2120 3192 2201 3257 ei;
2238 3189 2622 3260 profectusque
2656 3194 2719 3240 ut
2755 3200 2787 3240 a
2822 3193 2875 3241 te
2914 3185 3216 3255 acciperem
3264 3183 3508 3238 charito-

1943 3293 2073 3348 tem,
2110 3296 2175 3336 ac
2204 3280 2482 3335 redderem
2533 3278 2799 3340 debitum,
2829 3274 2979 3328 illum
3027 3281 3221 3327 nactus
3270 3268 3507 3326 sum.Et
3582 3300 3588 3307 -

1944 3375 2176 3429 miratus
2197 3380 2282 3426 est
2308 3385 2496 3434 senex,
2523 3367 2799 3439 quomodo
2823 3381 2946 3419 cum
2981 3364 3202 3419 deberet
3224 3368 3393 3431 atque
3418 3362 3496 3415 in-

1941 3465 2212 3527 venisset,
2251 3477 2359 3515 nun
2407 3459 2711 3529 accepisset
2760 3455 2944 3511 statim
2990 3468 3056 3508 ac
3087 3453 3351 3508 dedisset.
3393 3449 3508 3504 Hoc

1942 3573 2158 3630 quoque
2188 3559 2241 3611 in
2287 3557 2406 3626 ipso
2458 3553 2703 3608 mirabile
2754 3550 2985 3612 exstitit,
3013 3546 3156 3618 quod
3185 3547 3229 3600 si
3258 3545 3381 3616 quis
3410 3558 3504 3598 ac-

1941 3651 2221 3712 cessisset,
2256 3654 2606 3701 mutuaturus
2641 3642 2917 3714 quidpiam
2948 3640 3017 3693 ab
3055 3653 3143 3700 eo,
3175 3650 3282 3691 non
3329 3650 3426 3706 per
3445 3648 3507 3691 se

1942 3741 2236 3811 praebebat,
2274 3738 2369 3794 sed
2421 3737 2637 3792 dicebat
2686 3734 2884 3788 fratri:
2922 3730 3089 3793 Vade,
3133 3730 3263 3784 tolle
3304 3728 3401 3783 tibi
3446 3725 3505 3783 id

1941 3847 2051 3903 quo
2081 3830 2292 3899 indiges
2326 3846 2339 3881 :
2370 3828 2419 3882 si
2459 3843 2589 3882 vero
2614 3825 2911 3885 retulisset,
2944 3823 3126 3877 aiebat
3151 3822 3199 3875 ei
3229 3838 3243 3874 :
3280 3819 3503 3888 llepone

1943 3923 2139 3978 iterum
2186 3919 2319 3974 illud
2347 3920 2402 3973 in
2444 3919 2622 3973 locum
2677 3931 2858 3971 suum.
2897 3914 3048 3979 Quod
3080 3913 3125 3969 si
3157 3913 3249 3981 qui
3281 3925 3508 3980 accepe-

1943 4022 2046 4079 rat,
2078 4011 2210 4065 nihil
2245 4009 2481 4072 afferret,
2513 4008 2564 4062 ei
2608 4005 2745 4061 nihil
2775 4004 3070 4073 quidquam
3121 4001 3465 4070 loquebatur.

2012 4189 2067 4241 3.
2100 4185 2175 4239 De
2200 4184 2393 4238 abbate
2421 4179 2630 4235 Joanne
2651 4177 2816 4232 Persa
2848 4173 3178 4233 referebant,
3198 4169 3341 4240 quod
3372 4167 3506 4224 fael-

1940 4278 2160 4335 norosis
2186 4273 2497 4330 hominibus
2521 4271 2574 4324 in
2603 4284 2725 4324 eum
2745 4263 3274 4335 supervenientibus.
3300 4261 3495 4330 pelvim

1942 4371 2120 4425 attulit
2159 4383 2221 4422 ac
2250 4382 2439 4422 eorum
2494 4363 2658 4435 pedes
2688 4361 2866 4412 lavare
2903 4355 3106 4420 voluit;
3137 4353 3214 4407 illi
3246 4367 3371 4407 vero
3406 4366 3507 4420 pu-

1877 4474 1921 4529 ι)
1949 4460 2081 4514 dore
2109 4455 2322 4520 sulfusi,
2350 4451 2925 4522 atqueresipiscentes,
2944 4447 3226 4514 cceperunt
3247 4442 3509 4496 inclinato

1944 4564 2177 4620 corpore
2203 4546 2414 4601 veniam
2448 4542 2747 4613 postulare.

2013 4619 2068 4693 4.
2113 4637 2255 4691 Dixit
2302 4633 2503 4699 aliquis
2547 4629 2730 4685 abbati
2770 4625 2965 4683 Joanni
3012 4623 3189 4680 Persa:
3230 4619 3510 4678 :‘fantnm

1945 4728 2151 4785 laboris
2178 4726 2402 4781 tulimus
2432 4731 2652 4795 propter
2680 4737 2906 4792 regnum
2932 4718 3228 4778 caelorum;
3260 4728 3326 4767 an
3382 4728 3516 4765 con-

1947 4818 2234 4876 stituemur
2251 4813 2493 4869 hmredes
2535 4811 2718 4865 illius?
2751 4810 2816 4863 Et
2848 4822 3017 4864 senex
3044 4805 3122 4858 ait
3151 4821 3165 4857 :
3190 4802 3367 4857 Credo
3392 4816 3514 4871 ego,

1946 4917 2368 4964 consecuturum
2393 4918 2479 4960 me
2502 4901 2869 4957 haereditatem
2902 4912 3152 4969 supernae
3175 4895 3509 4950 Hierusalem

1947 4997 2273 5065 conscripta:
2304 4994 2358 5048 in
2394 4994 2568 5047 cretis.
2602 4989 2803 5045 Fidelis
2830 4990 2972 5044 enim
3005 4999 3088 5044 est
3118 4986 3208 5056 qui
3243 4985 3513 5057 promisit.

1949 5088 2128 5155 Quare
2170 5095 2348 5141 autem
2398 5084 2731 5141 dilliderem?
2770 5086 2859 5157 qui
2897 5083 3181 5153 hospitalis
3226 5080 3409 5135 exstiti
3457 5084 3517 5131 ut

1950 5179 2246 5240 Abraham,
2285 5183 2598 5229 mansuetus
2627 5185 2686 5228 ut
2724 5173 2956 5244 Moyses,
2990 5179 3210 5227 sanctus
3253 5178 3513 5237 tanquam

1953 5379 2004 5432 in
2049 5379 2137 5430 illo
2179 5377 2228 5430 fit
2283 5385 2387 5429 tota
2446 5377 2724 5438 simultas,
2780 5373 3052 5430 contentio
3100 5377 3154 5424 et
3217 5366 3508 5438 aemulatio.

2024 5449 2135 5512 (5‘2)
2166 5445 2444 5513 Κήρυξον
2465 5447 2533 5498 ἐν
2552 5444 2625 5512 τῇ
2646 5434 2868 5511 ἑνόρίᾳ.
2902 5440 3097 5513 Pelagii
3121 5439 3299 5513 versio
3321 5434 3508 5489 eadem

1953 5507 2544 5585 valde-hicllepravata
2576 5507 2694 5585 est._
2725 5507 2830 5577 Qui
2859 5512 2999 5585 enim
3035 5507 3243 5585 _Gra:cis
3293 5518 3512 5585 respon-

1953 5588 2117 5641 deant
2138 5572 2350 5646 l.atina',
2371 5584 2601 5653 pra'dica
2617 5572 2878 5653 jejunium
2895 5581 2918 5631 .7
2935 5572 3516 5653 llivinabammrwdica

1953 5658 2005 5708 in
2062 5644 2380 5723 con/inium:
2418 5644 2871 5721 Editio'ljitgdun.
2916 5647 3146 5716 prirdira
3193 5644 3379 5711 illum;
3408 5655 3514 5696 ms.

1955 5724 2168 5777 Fossal.
2199 5724 2429 5783 pro'dicn
2463 5723 2514 5773 in
2545 5723 2673 5774 viro.
3476 5746 3479 5751 ν
