4032 6334
464 383 569 442 239

1595 361 1980 420 ..APPENDIX
2019 362 2108 419 AD
2147 359 2562 418 PALLADIUH.

3613 353 3730 409 9ἐο

464 506 669 564 Aaron,
703 499 913 570 patiens
942 504 1001 550 ut
1029 493 1151 558 Job,
1186 489 1407 546 humilis
1447 487 1593 542 velut
1629 487 1816 548 David.
1863 486 2031 541 eremi

2162 500 2289 552 ιγιος
2327 483 2401 546 ὼς
2434 484 2464 534 6
2516 479 2726 551 Ἀαρὼν
2749 519 2764 543 ,
2814 475 3212 549 ὖπομονητικὸς
3249 473 3326 538 ὡς
3375 474 3403 526 6
3441 471 3558 525 Ἰὼϐ
3580 512 3594 537 ,
3629 489 3700 526 τα

464 594 640 649 incola
665 590 998 652 utJoannes,
1034 586 1256 640 delictor
1287 581 1428 636 sicut
1453 578 1740 640 Jeremias,
1781 578 2037 648 magister

468 696 523 739 ιιι
554 684 779 745 Paulus,
806 681 977 735 fidelis
1005 676 1161 748 quasi
1183 673 1398 738 Petrus,
1422 671 1642 741 sapiens
1674 679 1733 724 ut
1759 669 2033 724 Salomon.

468 774 692 832 Confido
721 773 899 828 instar
927 769 1073 823 illius
1114 764 1368 828 latronis,
1400 763 1543 833 quod
1580 762 1669 830 qui
1701 777 1794 831 per
1820 761 1920 816 sibi
1952 762 2038 814 in-

459 865 695 936 genitam
731 861 1024 916 bonitatem
1058 857 1160 911 ista
1207 853 1340 906 mihi
1375 851 1714 924 gratiﬁeatus
1745 861 1848 913 est,
1875 851 2038 905 etiam

463 969 689 1025 regnum
723 951 998 1021 largietur.

853 1040 927 1093 De
958 1037 1150 1092 abbate
1187 1036 1396 1090 Joanne
1430 1035 1672 1090 Tltebaro.

536 1155 647 1224 (ὁΤι)
688 1151 947 1206 Dicebant
987 1149 1054 1204 de
1089 1147 1298 1202 Joanne
1323 1147 1534 1201 minore
1569 1147 1826 1212 'l‘licbreo,
1870 1142 2042 1201 disci-

464 1247 593 1316 pulo
627 1244 842 1300 abbatis
871 1241 1136 1304 Ammois,
1159 1241 1305 1310 quod
1337 1241 1626 1295 duodecim
1661 1255 1834 1294 annos
1859 1248 2042 1294 trans-

465 1338 635 1410 egerit
667 1337 720 1390 in
755 1333 1062 1389 ministerio
1103 1334 1250 1388 senis
1293 1343 1421 1388 tunc
1459 1333 1772 1404 wgrolantis
1800 1351 1811 1386 :
1837 1339 1891 1386 et
1919 1346 2042 1386 eum

453 1445 530 1484 eo
567 1428 791 1484 sedebat
824 1440 987 1495 super
1018 1431 1264 1478 mattam.
1297 1423 1365 1478 At
1399 1439 1564 1480 senex
1601 1424 1882 1478 videbatur
1920 1437 2043 1476 eum

454 1516 892 1592 «parvipendcre;
926 1530 1161 1584 cumque
1192 1515 1485 1584 plurimum
1515 1531 1642 1586 erga
1675 1517 1852 1586 ipsum
1882 1516 2047 1570 labo-

465 1619 664 1676 rasset,
687 1623 962 1678 nunquam
998 1608 1046 1661 ei
1071 1607 1202 1660 dixit
1231 1627 1242 1661 :
1276 1606 1472 1662 Salvus
1491 1609 1589 1663 sis.
1610 1609 1838 1676 Quando
1863 1617 2045 1663 autem

468 1706 533 1760 ad
568 1705 761 1758 mortis
779 1710 1003 1771 tempus
1026 1701 1196 1766 venit,
1231 1701 1548 1756 sedentibus
1582 1701 1828 1764 senibus,
1857 1715 2048 1769 appre-

468 1793 658 1848 hendit
684 1808 902 1848 manum
928 1791 1068 1861 ejus.
1102 1791 1348 1861 dixitque
1376 1792 1452 1845 illi
1480 1811 1492 1846 :
1522 1789 1718 1846 Salvus
1745 1791 1842 1853 sis,
1863 1789 2048 1845 salvus

469 1886 566 1950 sis,
604 1885 786 1940 salvus
834 1883 912 1938 sis
943 1901 956 1937 :
985 1892 1038 1937 et
1074 1883 1295 1938 tradidit
1337 1899 1462 1938 eum
1514 1882 1762 1947 senibus,
1812 1880 2002 1937 dicens
2034 1899 2048 1937 :
2083 1867 2127 1922 Β

471 1979 576 2032 lste
604 1977 830 2044 angelus
859 1983 962 2041 est,
1001 1992 1106 2029 non
1141 1977 1322 2031 homo.

613 2085 688 2140 De
721 2085 910 2140 abbate
941 2085 1154 2140 Joanne
1185 2086 1448 2156 discipulo
1482 2085 1690 2141 abbatis
1723 2084 1908 2140 Pauli.

545 2263 658 2335 (54)
694 2263 921 2318 Aiebam
965 2263 1034 2319 de
1074 2261 1282 2318 Joanne
1313 2263 1585 2333 discipulo
1628 2263 1842 2320 abba-tis
1876 2262 2050 2326 Pauli,

470 2357 615 2429 quod
639 2371 830 2427 magna
853 2355 1159 2411 obcdientia
1181 2356 1442 2426 praeditus
1467 2355 1646 2410 fuerit.
1677 2354 1846 2409 Erant
1871 2363 2054 2409 autem

472 2449 706 2520 quodam
740 2448 793 2501 in
821 2448 940 2501 loco
961 2447 1236 2518 sepulcra,
1262 2447 1481 2517 illieque
1506 2446 1694 2518 liyaana
1717 2446 1900 2501 sedem
1927 2445 2057 2501 fixe-

473 2549 576 2594 rat.
623 2539 796 2595 Senex
836 2555 964 2593 vcro
996 2540 1141 2594 circa
1175 2555 1298 2593 eum
1342 2539 1519 2593 locum
1553 2539 1688 2593 vidit
1721 2539 1885 2593 boum
1915 2547 2057 2594 ster-

472 2646 637 2699 cora;
685 2639 740 2687 et
769 2632 1026 2701 praecepit
1058 2613 1263 2686 'Joanni
1301 2640 1358 2684 ut
1397 2631 1572 2686 abiret
1614 2629 1939 2700 aﬂ‘errctque
1968 2645 2053 2686 ea.

476 2724 567 2780 llle
592 2725 717 2798 ait:
750 2724 890 2789 Quid
925 2723 1147 2788 faciam,
1173 2723 1336 2786 abba,
1371 2732 1593 2794 propter
1621 2724 1897 2794 hyaenam?
1916 2722 2056 2776 Tum

477 2832 644 2872 senex
687 2816 883 2886 jocans
933 2815 1052 2870 inﬁt
1085 2835 1098 2870 :
1135 2815 1192 2869 Si
1239 2815 1529 2872 adversum
1581 2823 1634 2872 te
1678 2815 1910 2882 venerit,
1950 2817 2056 2885 liga

476 2924 623 2974 eam,
656 2918 711 2964 et
739 2909 934 2963 adduc.
966 2906 1043 2961 Eo
1072 2907 1238 2978 igitur
1274 2907 1554 2978 profectus
1606 2915 1691 2962 est
1755 2909 1922 2962 frater
1964 2923 2057 2962 ve-

479 3002 644 3068 speri.
667 2999 732 3055 Et
767 3016 895 3056 ecce
933 3001 1118 3072 hyazna
1149 3000 1307 3054 irruit
1336 3015 1503 3070 super
1531 3015 1678 3055 eum.
1721 2999 1839 3070 Ipse
1871 3006 2056 3055 autem

461 3092 631 3161 iuxta
663 3107 970 3148 sermonem
1007 3091 1156 3146 senis
1184 3095 1432 3162 prorupit
1456 3099 1515 3146 ut
1546 3089 2055 3161 comprehenderet.

2141 573 2450 642 πεινὸφρων
2497 572 2572 634 ὼς
2623 572 2652 623 6
2690 568 2873 634 Aa6l6,
2927 567 3196 638 ἐρημίτης
3233 564 3308 628 ὡς
3359 564 3388 615 6
3447 563 3706 632 Ἰωάννης

2145 665 2397 728 πενθικὸς
2426 665 2500 728 ὼς
2545 666 2573 717 6
2623 661 2924 733 Ἱερεμίας,
2952 658 3276 721 διδάσκαλος
3307 655 3384 718 ὼς
3432 658 3460 708 6
3492 654 3708 718 Παῦλος

2143 754 2332 817 πιστός
2366 755 2440 817 ὡς
2483 756 2511 806 6
2542 753 2766 822 Πέτρος,
2798 750 2958 820 σοφὸς
2998 750 3073 812 ὼς
3115 750 3144 801 6
3187 744 3474 817 Σολωμών.
3507 747 3617 799 Kal
3651 763 3738 796 πι-

2144 847 2319 900 στεύω
2347 845 2422 909 ὡς
2450 848 2478 898 ὁ
2513 844 2738 916 λῂστὴς,
2770 844 2849 896 ὅτι
2882 845 2910 896 6
2935 840 3110 894 ταῦτά
3138 857 3227 910 μοι
3257 837 3627 910 χαρισάμενος
3665 837 3717 890 δι

2144 939 2352 991 οἰκείαν
2376 936 2707 1005 ἀγαθότητα,
2749 934 2843 988 καὶ
2871 934 2970 1004 τὴν
3003 930 3279 1002 βασιλείαν
3303 929 3584 1000 παράσχῃ.

2323 1049 2461 1116 Heri
2489 1048 2594 1102 τοῦ
2629 1047 2777 1102 ἀϐϐᾱ
2821 1044 3103 1100 Ἰωάννου
3136 1043 3241 1098 τοῦ
3273 1044 3552 1110 Θηϐαίου.

2217 1163 2441 1230 Ἔλεγον
2471 1161 2596 1230 περὶ
2623 1159 2716 1212 τοῦ
2746 1157 2942 1228 μικροῦ
2959 1155 3206 1210 Ἰωάννου
3230 1153 3324 1208 τοῦ
3352 1153 3614 1226 Θηϐαίου,
3638 1146 3739 1205 τοῦ

2149 1253 2390 1326 μαθητοῦ
2421 1251 2514 1306 τοῦ
2551 1251 2695 1305 ἀϐϐἄ
2739 1249 2990 1322 Ἀμμώη,
3031 1251 3113 1302 ὅτι
3132 1247 3367 1302 δεκαδύο
3409 1247 3503 1317 ἐτη
3543 1245 3740 1316 ἐποίη-

2149 1363 2239 1398 σεν
2268 1342 2558 1415 ὑπηρετῶν
2585 1341 2663 1413 τῷ
2702 1341 2919 1413 γέροντι
2951 1341 3038 1393 ὂτε
3078 1339 3294 1410 ἠσθένει
3316 1355 3330 1369 ο
3361 1339 3455 1392 καὶ
3493 1337 3612 1408 μετ’
3640 1337 3745 1389 αύ-

2147 1434 2240 1488 τοῦ
2283 1431 2351 1505 ἧν
2395 1436 2475 1496 εἰς
2519 1433 2580 1486 τὸ
2614 1432 2907 1504 χαράδριον
2955 1429 3284 1501 καθήμενος.
3326 1429 3437 1483 Kal
3488 1429 3518 1482 6
3551 1427 3740 1497 γέρων

2147 1525 2400 1595 ὀλιγώρει
2438 1525 2622 1577 ἐπάνω
2666 1522 2858 1576 αὐτοῦ·
2901 1523 2995 1576 καὶ
3035 1521 3206 1575 πολλὰ.
3244 1521 3584 1574 κοπιάσαντα
3619 1519 3744 1590 μετ’

2148 1615 2339 1678 αὑτοῦ,
2362 1614 2620 1666 οὐδέποτε
2651 1608 2803 1666 εἶπεν
2825 1611 2992 1682 αύτῷ,
3013 1611 3273 1681 Σωθείης.
3305 1612 3433 1663 Ὀτε
3455 1610 3512 1663 δέ
3531 1609 3738 1680 ἡμελλε

2147 1707 2424 1777 τελευτᾷν,
2458 1703 2837 1775 καθεζομένων
2874 1703 2980 1756 τῶν
3007 1703 3278 1774 γερόντων
3297 1742 3311 1766 ,
3343 1701 3614 1772 ἐκράτησε
3641 1700 3743 1769 τὴν

2149 1801 2307 1871 χεῖρα
2335 1796 2520 1860 αὑτοῦ,
2543 1796 2637 1848 καὶ
2659 1795 2808 1862 λέγει
2833 1793 3007 1864 αὐτῷ’
3034 1793 3297 1864 Σωθείης,
3334 1790 3588 1860 σωθείης,
3635 1806 3746 1842 σω-

2156 1890 2338 1959 θείης-
2379 1889 2473 1940 καὶ
2507 1885 2826 1957 παρέδωκεν
2873 1884 3035 1938 αὑτὸν
3068 1886 3179 1946 τοῖς
3223 1883 3489 1952 γέρουσι,
3531 1879 3740 1949 λέγων·

2155 1974 2324 2044 Οὗτος
2364 1979 2593 2049 ἄγγελός
2627 1979 2781 2043 ἐστι,
2813 1979 2908 2030 καὶ
2950 1977 3050 2030 οὐκ
3079 1975 3384 2046 άνθρωπος.

2153 2095 2294 2165 Περὶ
2326 2092 2434 2150 τοῦ
2466 2090 2615 2150 ὰϐὄᾶ
2663 2089 2946 2165 Ἰωάνζοο
2975 2090 3092 2165 ,τοῦ
3131 2087 3404 2160 μαθητοῦ
3451 2085 3558 2141 τοῦ
3589 2087 3745 2141 ἀ66.·ῖ

2817 2161 3082 2215 Παύλου.

2229 2281 2453 2350 Ἔλεγον
2517 2279 2644 2352 περὶ
2694 2278 2788 2332 τοῦ
2843 2277 2990 2332 ἀ66ἄ
3049 2276 3294 2330 Ἰωάννου
3350 2274 3445 2330 τοῦ
3495 2273 3745 2346 μαθητοῦ

2154 2373 2250 2428 τοῦ
2301 2373 2447 2427 assa
2488 2372 2728 2436 Παύλου,
2771 2371 2854 2424 ὅτι
2885 2365 3000 2441 εἶχε
3035 2369 3280 2440 μεγάλην
3315 2368 3586 2439 ὑπακοήν.
3631 2361 3747 2421 Ἦν

2155 2467 2212 2521 δὲ
2244 2466 2300 2518 ἐν
2338 2483 2446 2519 τινι
2476 2465 2628 2534 τόπῳ
2657 2465 2900 2533 μνημεῖα
2919 2501 2934 2526 ,
2976 2463 3069 2515 καὶ
3099 2459 3229 2532 ᾤκει
3251 2461 3296 2491 ⁷⁸
3328 2459 3491 2514 ῦαινα
3528 2460 3650 2511 ἐκεῖ
3671 2456 3742 2509 ’⁸.

2168 2559 2226 2613 '0
2258 2558 2314 2611 δέ
2340 2559 2518 2630 γέρων
2553 2553 2661 2610 εἷδε
2691 2557 2819 2627 περὶ
2849 2555 2940 2608 τὸν
2963 2554 3126 2608 τόπον
3170 2552 3422 2624 βόλϐιτα*
3468 2552 3562 2606 καὶ
3591 2551 3746 2618 λέγει

2157 2649 2236 2722 τῷ
2279 2652 2502 2724 Ἰωάννῃ
2531 2649 2784 2703 ἀπελθεῖν
2814 2649 2907 2702 καὶ
2932 2648 3176 2716 ἐνεγκεῖν
3202 2645 3362 2699 αύτά.
3416 2645 3473 2697 '0
3503 2644 3561 2698 δὲ
3589 2639 3748 2696 εἶπεν

2159 2741 2340 2812 αὐτῷ·
2383 2742 2492 2796 Καὶ
2513 2741 2566 2793 τί
2607 2742 2838 2812 ποιήσω,
2875 2739 3052 2804 assa,
3080 2737 3168 2790 διά
3192 2737 3290 2808 τὴν
3325 2735 3552 2798 ὖαινανς
3595 2735 3655 2788 '0
3687 2734 3748 2787 δὲ

2158 2833 2337 2904 γέρων
2369 2830 2841 2903 χαριεντιζόμενος
2863 2826 3016 2884 εἶπεν
3037 2845 3050 2858 ·
3101 2827 3227 2881 Ἐὰν
3251 2827 3377 2899 ἔλθῃ
3412 2827 3598 2881 ἐπάνω
3627 2843 3746 2887 σου,

2159 2923 2322 2992 δῆσον
2365 2923 2558 2992 αὐτὴν,
2595 2922 2690 2975 καὶ
2721 2923 2853 2993 φέρε
2895 2921 3065 2993 αὐτὴν
3100 2913 3223 2974 ὧδε.
3289 2918 3554 2990 Ἀπῆλθεν
3593 2913 3688 2970 οὖν
3719 2919 3752 2970 6

2160 3013 2386 3082 ἀδελφὸς
2433 3014 2550 3066 ἐκεῖ
2592 3013 2712 3083 ὀψέ.
2755 3013 2867 3066 Kal
2917 3013 3025 3066 ἰδοὺ
3064 3009 3228 3083 ἦλθεν
3268 3013 3302 3083 ἠ
3343 3011 3506 3065 ὖαινα
3557 3010 3750 3063 ἐπάνω

2159 3106 2345 3161 αὐτοῦ.
2388 3107 2445 3160 Ὁ
2481 3107 2558 3173 δὲ,
2590 3105 2731 3160 κατὰ
2755 3106 2845 3160 τὸν
2879 3106 3034 3176 λόγον
3059 3107 3152 3161 τοῦ
3187 3106 3475 3178 γέροντος,
3519 3104 3750 3176 ὥρμησε

463 3182 749 3287 ’πυεῖιίιυθ
781 3186 993 3287 ξιῖπηθο
1209 3200 1546 3287 μετεξειυθηε
1587 3185 1802 3240 (Ῑίεθδθι
1836 3184 2058 3287 εξωηε
2087 3230 2128 3287 C
2162 3199 2436 3271 κρατῆσαι
2465 3200 2659 3268 αὐτὴν.
2706 3200 2814 3252 Kal
2843 3199 3046 3268 ἔφυγεν
3084 3202 3116 3268 ἠ
3157 3198 3338 3251 ὕαινα.
3378 3197 3492 3252 Καὶ
3533 3196 3750 3249 διώκων

482 3286 636 3332 meus
657 3277 828 3347 jussit
856 3285 916 3331 ut
939 3285 992 3333 te
1022 3278 1310 3332 vincirem.
1343 3276 1592 3347 Cumque
1618 3290 1736 3331 eam
1768 3276 2056 3339 tenuisset,

483 3368 690 3440 ligavit.
727 3367 900 3423 Porro
927 3383 1092 3424 senex
1127 3367 1450 3438 angebatur,
1494 3367 1824 3435 sedebatque
1864 3381 2059 3436 exspe-

482 3467 638 3516 ctans
670 3459 844 3514 illum.
876 3459 1013 3514 Ecce
1042 3459 1278 3524 advenit,
1311 3459 1520 3514 ducens
1548 3461 1789 3530 hyaenam
1817 3459 2058 3528 ligatam.

461 3549 643 3616 \Quod
672 3552 908 3605 intuitus
939 3565 1127 3614 senex,
1153 3551 1455 3606 demiratus
1481 3558 1584 3604 est.
1615 3549 1720 3605 Sed
1751 3550 1938 3605 volens
1963 3549 2062 3602 liu-

485 3645 668 3700 milem
701 3643 935 3704 edicere,
977 3643 1285 3699 verberavit
1315 3659 1441 3698 eum
1478 3663 1491 3698 :
1525 3642 1752 3709 Stolide,
1786 3641 2059 3712 inquiens,

483 3749 676 3788 canem
730 3733 938 3788 fatuum
987 3733 1266 3790 adduxisti
1307 3735 1439 3788 mihi
1471 3733 1614 3789 huc?
1650 3733 1845 3788 Statim
1895 3747 2062 3802 porro

465 3843 653 3884 ~senex
683 3829 846 3884 solvit
878 3829 1146 3899 hyaenam,
1180 3836 1232 3883 et
1264 3829 1413 3883 abire
1443 3827 1710 3898 permisit.

871 3941 948 3998 De
986 3943 1172 3997 abbate
1209 3941 1400 3998 Isaaco
1435 3942 1675 3998 Thebaa.

559 4054 609 4108 1.
653 4054 764 4124 (55)
804 4053 962 4109 Venit
1003 4055 1297 4126 aliquando
1328 4055 1498 4112 abbas
1528 4052 1680 4108 Isaac
1709 4050 1976 4106 Thebaeus
2007 4049 2062 4104 in

468 4147 820 4211 coenobium,
855 4155 908 4202 et
940 4147 1133 4202 videns
1159 4147 1392 4202 fratrem
1423 4147 1853 4217 delinquentem,
1883 4147 2062 4214 ipsum

484 4239 890 4293 condemnavit.
926 4239 994 4294 Ut
1027 4249 1208 4294 autem
1245 4240 1409 4294 rediit
1437 4239 1502 4294 ad
1528 4254 1795 4302 eremum,
1832 4237 2065 4291 accessit

483 4330 708 4398 angelus
749 4328 984 4395 Domini,
1025 4330 1284 4399 stetitque
1312 4331 1388 4383 ad
1426 4330 1574 4384 fores
1603 4329 1756 4384 cellae
1793 4328 1935 4397 ejus,
1981 4327 2066 4382 di-

483 4432 658 4472 cens:
691 4416 809 4472 Non
851 4419 1027 4471 sinam
1061 4426 1113 4472 te
1150 4419 1376 4472 intrare.
1409 4418 1478 4472 At
1506 4418 1594 4472 ille
1635 4418 1892 4487 rogabat,
1934 4416 2064 4486 quid

485 4509 564 4564 rei
594 4516 759 4563 esset.
814 4507 1117 4576 Respondit
1165 4509 1393 4574 angelus
1430 4527 1442 4560 :
1478 4507 1620 4562 Deus
1666 4510 1813 4562 misit
1845 4526 1951 4574 me,
1990 4511 2063 4564 ita

2165 3290 2335 3361 αὐτὴν
2358 3291 2544 3358 ἔλεγεν
2560 3291 2628 3322 ⁷⁷·
2671 3291 2728 3343 Ὀ
2751 3291 2925 3352 ἀόὅᾶς
2957 3308 3057 3361 μου
3092 3287 3241 3343 εἷπεν
3269 3291 3356 3342 ἵνα
3379 3307 3436 3341 σε
3466 3289 3748 3358 δεσμήσω.

2162 3383 2271 3436 Kal
2304 3383 2587 3453 κρατήσας
2621 3382 2790 3452 αὐτὴν
2830 3382 3037 3452 ἔδησεν.
3093 3381 3366 3434 Ἐθλίΰετο
3396 3381 3452 3433 δέ
3489 3382 3517 3434 6
3544 3380 3748 3451 γέρων,

2163 3474 2256 3526 καὶ
2295 3472 2531 3542 ἐκάθητο
2573 3473 2883 3544 περιμένων
2911 3473 3091 3525 αὐτὸν.
3135 3473 3245 3525 Kal
3276 3471 3390 3548 ibat).
3414 3466 3579 3541 ἦλθεν
3609 3469 3752 3540 ἔχων

2162 3563 2260 3634 τὴν
2295 3561 2487 3616 ὕαιναν
2524 3563 2833 3632 δεδεμένην.
2875 3561 2985 3615 Kal.
3022 3561 3148 3615 ἰδὼν
3180 3561 3209 3614 6
3235 3560 3414 3632 γέρων
3443 3559 3748 3630 ἐθαύμασε.

2164 3655 2270 3708 Kal
2301 3653 2470 3708 θέλων
2511 3653 2845 3708 ταπεινῶσαι
2877 3653 3041 3707 αὐτὸν
3060 3697 3073 3718 ,
3109 3652 3304 3721 ἔτυψεν
3342 3651 3504 3705 αὐτὸν
3531 3650 3707 3719 λέγων
3731 3668 3746 3679 ·

2111 3793 2117 3810 ,
2165 3743 2334 3796 Σαλέ·
2370 3743 2506 3798 κύνα
2550 3743 2708 3796 σαλὸν
2744 3742 2982 3812 ἦνεγκάς
3019 3760 3107 3813 μοι
3139 3736 3240 3795 ὧδε
3284 3742 3426 3812 (56);
3461 3741 3658 3794 Ἐλυσε
3689 3739 3752 3794 δὲ

2165 3833 2332 3903 αὐτὴν
2359 3833 2520 3895 εὐθὺς
2547 3834 2575 3885 ὁ
2594 3833 2790 3903 γέρων,
2823 3833 2917 3884 καὶ
2938 3831 3208 3886 ἀπέλυσεν
3239 3830 3515 3885 ἀπελθεῖν.

2378 3942 2515 4010 Περὶ
2543 3942 2647 3995 τοῦ
2679 3940 2828 3997 ὰὸὄᾶ
2871 3942 3078 3996 Ἰσαὰκ
3118 3943 3224 3997 τοῦ
3258 3944 3537 4010 Θηϐαίου.

2235 4064 2304 4110 α’.
2354 4055 2636 4128 Παρέὸαλέ
2671 4071 2801 4108 ποτε
2829 4053 2858 4107 6
2885 4054 3060 4118 ἀϐϐᾶς
3100 4055 3289 4109 Ἰσαὰκ
3322 4058 3351 4108 6
3387 4055 3622 4124 Θηϐαῖος
3670 4056 3753 4118 είς

2166 4149 2451 4212 κοινὸὁιον,
2495 4147 2591 4202 καὶ
2621 4142 2760 4200 εἶδεν
2785 4145 3012 4214 ἀδελφὸν
3043 4147 3333 4216 σφαλέντα,
3366 4148 3460 4201 καὶ
3489 4145 3755 4216 κατέκρι-

2167 4258 2254 4292 νεν
2280 4241 2462 4294 αὐτόν.
2506 4239 2595 4303 Ὡς
2621 4239 2678 4292 δέ
2708 4239 2930 4310 ἐξῆλθεν
2961 4240 3041 4303 εἰς
3065 4240 3164 4310 τὴν
3193 4239 3418 4310 ἔρημον,
3450 4235 3612 4311 ἦλθεν
3646 4238 3752 4306 ἄγ-

2168 4331 2323 4399 γελος
2346 4332 2575 4403 Κυρίου,
2595 4332 2687 4384 καὶ
2709 4331 2839 4401 ἔστη
2862 4329 3170 4402 ἔμπροσθεν
3193 4332 3291 4400 τῆς
3313 4331 3480 4401 θύρας
3506 4329 3596 4383 τοῦ
3629 4329 3755 4383 κελ-

2166 4423 2282 4476 λίου
2309 4423 2495 4486 αὐτοῦ,
2518 4424 2712 4492 λέγων·
2737 4423 2850 4477 Οὐκ
2866 4423 2990 4492 ἀφῶ
3018 4440 3076 4475 σε
3100 4421 3382 4478 εἰσελθεῖν.
3413 4423 3471 4476 ’0
3493 4422 3548 4475 δὲ
3603 4440 3750 4494 παρ-

2168 4514 2350 4568 εκάλει
2372 4555 2386 4574 ,
2418 4515 2591 4583 λέγων
2610 4531 2623 4544 ο
2652 4515 2716 4567 Τί
2756 4515 2871 4566 ἐστι
2897 4511 2957 4566 τὸ
2982 4513 3250 4584 πρᾶγμα;
3282 4512 3390 4565 Kal
3432 4513 3756 4582 ἀποκριθεὶς

481 4600 809 4670 imperans:
848 4598 1023 4653 Dicito
1064 4599 1149 4653 ei:
1194 4599 1313 4666 Quo
1355 4598 1517 4666 jubes
1552 4607 1609 4652 ut
1655 4601 1862 4653 mittam
1915 4602 2056 4656 illum

2169 4604 2197 4655 6
2227 4605 2457 4673 ἄγγελος
2486 4601 2638 4658 εἶπεν
2672 4604 2819 4675 αὐτῷ
2840 4622 2852 4634 ·
2891 4604 2946 4658 Ὀ
2969 4603 3102 4666 Θεὸς
3127 4603 3412 4658 ἀπέστειλέ
3441 4619 3526 4673 με,
3548 4602 3750 4669 λέγων’

484 4689 710 4743 fratrem
746 4691 798 4744 in
832 4691 1046 4759 culpam
1073 4689 1428 4759 prolapsum,
1459 4705 1621 4758 quem
1651 4689 1954 4758 judicasti?
2001 4691 2066 4744 Et

489 4782 671 4834 statim
727 4782 1104 4851 pmnitentium
1156 4781 1210 4834 in
1265 4796 1470 4834 morem
1513 4790 1825 4850 prostratus
1877 4782 2064 4840 dixit:

486 4873 753 4938 Peccavi,
807 4873 937 4928 mihi
988 4874 1230 4943 ignosce.
1284 4873 1510 4944 Excepit
1549 4874 1775 4943 angelus
1819 4894 1831 4929 :
1871 4875 2065 4947 Surge,

488 4967 632 5018 lleus
683 4975 735 5019 te
767 4966 924 5019 venia
964 4965 1204 5019 donavit.
1244 4965 1316 5020 De
1359 4976 1555 5021 caetero
1600 4981 1731 5020 cave
1775 4983 1842 5021 ne
1880 4983 2070 5036 quem-

487 5074 650 5127 quam
677 5057 917 5127 judices,
951 5059 1269 5128 priusquam
1309 5057 1453 5114 Deus
1493 5057 1561 5113 de
1600 5058 1720 5129 ipso
1751 5060 1939 5114 tulerit
1974 5061 2067 5128 ju-

487 5149 713 5209 ditium.

2170 4697 2304 4752 Εἰπὲ
2338 4695 2508 4766 αὐτῷ,
2543 4697 2652 4750 Ποῦ
2679 4697 2917 4757 κελεύεις
2947 4696 3092 4766 βάλω
3114 4696 3203 4748 τὸν
3229 4695 3499 4764 σφαλέντα
3519 4694 3754 4764 ἀδελφὸν

2168 4787 2227 4841 ὃν
2258 4788 2506 4859 ἐκρινας;
2549 4789 2656 4841 Kal
2696 4788 2899 4852 εὐθέως
2933 4787 3256 4858 μετενόησε,
3285 4788 3459 4856 λέγων
3482 4804 3496 4817 ·
3544 4785 3760 4857 Ἦμάρο

2170 4896 2336 4950 τηκα,
2376 4879 2728 4950 συγχώρησόν
2760 4898 2872 4950 μοι.
2902 4881 3011 4933 Kal
3037 4876 3188 4933 εἶπεν
3219 4882 3247 4933 6
3273 4878 3500 4948 ἄγγελος
3521 4896 3534 4912 ·
3579 4877 3758 4947 Ἐγεί-

2175 4986 2292 5038 ρου,
2329 4969 2677 5041 συνεχώρησε
2719 4987 2800 5022 σοι
2831 4973 2858 5024 6
2883 4972 3031 5034 Θεός.
3064 4971 3301 5036 Φύλαξαι
3337 4971 3392 5023 δὲ
3431 4969 3525 5024 τοῦ
3562 4968 3758 5024 λοιποῦ

2176 5061 2252 5132 μὴ
2286 5065 2465 5130 κρῖναί
2491 5081 2612 5117 τινα
2642 5065 2767 5134 πρὶν
2793 5065 2826 5134 ἢ
2854 5067 2882 5116 ὁ
2906 5064 3038 5128 Θεὸς
3071 5065 3231 5136 κρίνῃ
3259 5064 3438 5118 αὐτόν.

557 5305 601 5337 ⁷⁵
629 5304 712 5358 Al.
755 5303 925 5358 inser.
955 5303 1013 5355 ἐν
1043 5299 1212 5372 αὐτῷ.
1283 5301 1335 5332 ⁷⁸
1361 5297 1446 5354 Al.
1477 5300 1642 5371 κακή.
1713 5301 1766 5331 ⁷⁷
1793 5299 1874 5354 AL
1899 5299 2067 5356 inser.
2104 5301 2306 5371 μεῖνον.

563 5464 670 5534 (3'5)
727 5463 834 5518 Vit.
893 5463 1066 5534 Patr.
1111 5475 1222 5523 xvr,
1289 5459 1353 5524 4;
1403 5457 1463 5511 L.
1522 5456 1749 5513 Climac.
1796 5455 1962 5511 Grad.
2009 5457 2064 5516 4.

493 5553 544 5604 p.
577 5536 665 5597 81,
693 5539 884 5605 ibique
906 5533 1092 5588 Schol.

563 5595 674 5670 (54⁷)
717 5595 819 5658 Vit.
852 5604 1005 5659 Patr.
1064 5618 1144 5667 nl,
1179 5600 1282 5666 27;
1323 5615 1436 5666 xw,
1471 5599 1541 5665 ις
1575 5597 1846 5653 Theodor.
1904 5595 2063 5649 Stud.

490 5671 704 5728 Catech.
739 5675 860 5727 1‘25.

565 5743 675 5810 (55)
717 5742 820 5794 Vit.
853 5743 1005 5795 Patr.
1035 5757 1111 5804 ix,
1140 5741 1209 5803 ὃς
1247 5739 1308 5810 L.
1345 5738 1570 5810 Dorotli.
1605 5737 1871 5810 004315.76.

567 5803 675 5881 (56)
710 5811 864 5866 .‘Ja.lé
883 5827 896 5840 '
927 5813 1079 5864 κύνα
1099 5803 1303 5863 ἰταλὸν
1331 5807 1593 5877 ἥνεγκιίς
1617 5827 1717 5877 μοι
1739 5803 1873 5863 ὧδε.
1913 5805 2067 5862 Rufi-

2169 5474 2272 5511 nus
2301 5473 2312 5508 :
2349 5457 2496 5512 Sicut
2526 5469 2580 5510 tu
2606 5460 2926 5513 insensibilis
2943 5478 3018 5523 es,
3046 5461 3121 5513 ita
3146 5462 3305 5514 etiant
3333 5472 3380 5515 et
3407 5461 3564 5514 istam
3595 5462 3768 5516 insen-

2166 5529 2370 5581 sibilent
2404 5530 2624 5582 bestiam
2681 5531 2974 5584 adduxisti.
3022 5531 3076 5582 In
3129 5536 3231 5583 lex.
3267 5531 3603 5586 GI‘IPCtl-Lill.
3652 5542 3763 5586 vel.

2165 5598 2448 5670 ἀσύνετος,
2490 5600 2856 5663 insensibilis,
2914 5602 3254 5669 imprudens.
3303 5601 3557 5670 Pelagius
3584 5619 3762 5657 vero:

2168 5667 2387 5740 Bonore,
2412 5687 2593 5724 canem
2621 5672 2827 5740 fatuum
2847 5667 3121 5724 adduaisti
3148 5672 3296 5723 mihi.
3320 5671 3408 5724 l‘lst
3429 5667 3574 5725 enim
3599 5673 3767 5738 σάλος

2167 5739 2356 5805 saliva,
2389 5740 2546 5805 bove;
2572 5742 2717 5796 unde
2753 5739 2972 5803 bat-ard,
3005 5742 3188 5811 lingua
3217 5740 3444 5797 Gallica.
