4032 6334
251 393 345 449 ibi

1386 405 1995 472 APOPHTHEGMATA
2027 416 2258 480 PATRU
2269 420 2341 479 Μ.

3396 443 3505 501 242

298 506 383 593 νβ’.
406 506 634 578 Ἔλεγον
663 509 795 581 περὶ
818 509 914 564 τοῦ
938 509 1082 567 ἀσδᾶ
1120 513 1379 584 ⁹Δπολλιῖο,
1400 523 1480 576 ὅτι
1506 520 1619 597 εἶχε
1642 528 1820 601 μαθη-

1995 536 2049 592 2.
2093 539 2425 599 Referebant
2467 545 2626 616 quod
2671 546 2840 605 abbas
2873 547 3067 622 Apollo
3115 550 3367 609 habuerit
3412 558 3500 613 di-
3536 536 3539 541 6

245 598 339 669 τὴν
365 598 588 692 ὀνόματι
640 601 853 692 Ἰσαὰκ,
890 606 1319 678 πεπαιδευμένον
1369 615 1451 677 είς
1484 617 1654 689 ἄκρον
1686 598 1824 692 πρδς

248 690 353 741 πᾶν
383 688 545 762 ἔργον
564 690 774 760 ἀγαθόν
790 712 802 724 ·
830 694 925 748 καὶ
951 698 1218 767 ἐκτήσατο
1242 700 1340 772 τὴν
1361 703 1459 775 τῆς
1485 688 1647 775 ἀγίας
1664 688 1825 781 προσ-

247 782 412 872 φορᾶς
455 782 707 853 ἡσυχίαν.
761 782 865 838 Kal
907 787 1037 840 ὅταν
1068 787 1329 862 ἐξήρχετο
1364 796 1445 859 εἰς
1484 796 1585 869 τὴν
1625 800 1824 872 ἐκκλησ-

249 871 478 960 σίανζού
503 873 799 946 συνεχώρει
829 876 982 942 τινάς
1004 880 1050 911 ⁷⁸
1075 880 1249 934 ἐλθεῖν
1275 885 1354 948 είς
1377 889 1665 960 συντυχίαν
1691 871 1823 945 έαυ-

245 960 356 1013 τοῦ.
385 957 492 1014 Ἦν
515 963 626 1037 γὰρ
647 966 677 1018 6
705 964 862 1035 λόγος
886 968 1051 1023 αὐτοῦ
1079 965 1253 1039 οὗτος,
1277 974 1360 1029 ὅτι
1384 957 1573 1033 πάντα.
1590 980 1735 1036 καλὰ
1763 984 1822 1038 ὲν

247 1051 420 1124 καιρῷ
451 1053 634 1107 αὐτῶν
655 1072 669 1087 °
696 1057 914 1125 Καιρὸς
929 1061 1038 1133 γὰρ
1059 1061 1138 1128 τῷ
1164 1066 1342 1119 παντὶ
1367 1067 1682 1140 πράγματι.
1710 1074 1823 1129 Kal

246 1145 369 1199 ὅταν
395 1146 633 1201 ἀπέλυεν
658 1151 692 1222 ἡ
728 1150 947 1220 σύναξις
964 1195 980 1222 ,
1012 1154 1089 1216 ὠς
1120 1157 1229 1211 ἀπὸ
1255 1161 1425 1232 πυρὸς
1465 1158 1532 1234 ἦν
1560 1162 1823 1238 διωκόμε-

245 1254 353 1304 νος,
382 1238 561 1310 ζητῶν
600 1241 928 1297 καταλαῦεῖν
967 1244 1029 1298 τὸ
1058 1247 1266 1301 κελλίον
1299 1251 1514 1305 ἑαυτοῦ.
1552 1254 1822 1322 Πολλάκις

245 1327 300 1379 δὲ
328 1328 531 1383 ἐδίδοτο
550 1333 663 1395 τοῖς
687 1331 937 1404 ἀδελφοῖς
965 1336 1075 1390 ἀπὸ
1103 1339 1395 1407 συνάξεως,
1426 1343 1753 1418 παξαμάτης
1774 1349 1819 1381 ⁷⁸

246 1419 337 1472 καὶ
379 1421 635 1493 ποτήριον
668 1424 846 1477 οῖ’νου⁸
886 1427 1049 1493 αὐτὸς
1092 1428 1149 1482 δὲ
1185 1431 1285 1486 οὐκ
1330 1432 1666 1504 ἐλάμϐανενο
1721 1436 1822 1491 οὐκ

247 1512 629 1584 ἀπωθούμενος
659 1515 758 1588 τὴν
792 1515 1042 1586 εὐλογίαν
1080 1519 1190 1574 τῶν
1214 1520 1459 1593 ἀδελφῶν
1480 1565 1494 1589 ,
1543 1525 1681 1581 ἀλλά
1720 1525 1823 1599 τὴν

244 1604 340 1676 τῆς
374 1604 648 1674 συνάξεως
674 1608 984 1679 ἐπικρατῶν
1018 1610 1266 1682 ἡσυχίαν.
1307 1613 1553 1683 Ἐγένετο
1573 1617 1631 1671 δὲ
1659 1617 1821 1671 αὑτὸν

243 1699 299 1748 ἐν
334 1697 619 1769 ἀρρωστίᾳ
659 1697 1051 1757 κατακεῖσθαιο
1096 1701 1191 1755 καὶ
1224 1702 1557 1769 ἀκούσαντες
1588 1707 1637 1760 οῖ
1665 1707 1819 1763 ἀδελ-

243 1787 329 1854 φοὶ
365 1782 533 1857 ἦλθον
569 1788 666 1841 τοῦ
704 1788 1103 1859 ἐπισκέψασθαι
1133 1792 1315 1847 αὐτόν.
1353 1794 1724 1866 Καθεζόμενοι
1748 1784 1818 1855 δὲ

1931 630 2201 702 scipulum
2245 636 2465 692 nomine
2498 637 2668 704 Isaac,
2702 654 2914 696 summe
2955 641 3231 698 eruditum
3268 645 3321 700 in
3353 650 3505 705 omni

1930 736 2094 791 opere
2126 725 2304 792 bono;
2341 728 2435 798 qui
2465 739 2669 787 sanctae
2709 733 3005 790 oblationis
3034 736 3313 792 silentium
3359 740 3505 796 obti-

1930 816 2067 868 nuit.
2103 813 2203 871 Hic
2235 818 2455 889 quando
2480 822 2545 876 ad
2571 824 2857 893 ecclesiam
2886 826 3355 896 proficiscebatur,
3392 848 3502 888 non

1930 904 2145 963 sinebat
2191 911 2502 981 quempiam
2541 914 2807 975 accedere.
2841 925 2894 973 et
2931 921 3208 991 congredi.
3261 921 3504 980 Habebat

1929 998 2073 1054 enim
2101 999 2155 1054 in
2191 1010 2372 1057 mente
2407 1003 2542 1060 hoc:
2575 1003 2783 1061 Cuncta
2817 1008 2958 1064 bona
2991 1026 3113 1067 esse
3148 1012 3205 1066 in
3234 1028 3335 1067 suo
3365 1021 3504 1069 tem-

1929 1103 2080 1161 pore.
2099 1088 2322 1157 Tempus
2341 1091 2487 1145 enim
2501 1095 2640 1148 omni
2668 1098 2742 1149 rei
2760 1096 2849 1150 W.
2869 1096 3073 1155 Etcum
3108 1100 3333 1157 dimissa
3365 1102 3501 1159 fuis-

1929 1187 2014 1236 set
2045 1180 2303 1247 collecta,
2339 1184 2501 1252 quasi
2534 1183 2603 1238 ab
2646 1185 2769 1256 igne
2802 1187 3148 1259 aufugiebat,
3200 1208 3502 1263 properans

1929 1271 1996 1328 ad
2024 1274 2220 1328 cellam
2249 1289 2406 1330 suam
2437 1277 2771 1348 pertingere.
2800 1278 3067 1336 Caeterum
3095 1298 3237 1353 saepe
3269 1284 3503 1339 dabatur

1929 1362 2195 1421 fratribus
2216 1374 2339 1436 post
2361 1367 2612 1438 synaxim
2640 1381 2957 1441 paxamates
2975 1389 3100 1429 cum
3128 1376 3236 1429 vini
3266 1378 3499 1446 poculo:

1926 1453 2045 1524 ipse
2072 1469 2203 1511 vero
2237 1471 2583 1529 nequaquam
2617 1460 2959 1533 accipiebat;
2994 1480 3103 1519 non
3144 1467 3289 1535 quod
3328 1470 3503 1539 repel-

1927 1544 2063 1601 leret
2101 1546 2535 1605 benedictionem
2574 1549 2831 1621 fratrum,
2857 1555 2954 1610 sed
2985 1556 3228 1612 collectae
3259 1561 3502 1617 retinens

1926 1638 2187 1709 quietem.
2225 1637 2468 1712 Contigit
2504 1653 2688 1699 autem
2719 1652 2780 1700 ut
2811 1645 3065 1704 infirmus
3105 1652 3501 1709 decumberet:

1925 1730 2073 1802 quod
2117 1731 2318 1789 fratres
2369 1732 2686 1803 audientes,
2735 1747 3005 1794 venerunt
3051 1741 3119 1796 ad
3170 1741 3503 1801 visitandum

1925 1837 2071 1877 eum.
2113 1823 2300 1894 Itaque
2341 1824 2594 1881 sedentes
2634 1827 3110 1901 interrogaverunt
3150 1831 3253 1887 hoc
3294 1842 3498 1903 pacto:

241 1878 289 1929 οἱ
321 1878 538 1946 ἀὼλφοὶ
567 1878 859 1952 ἠρώτησαν
886 1881 1068 1949 αὑτὸν,
1094 1881 1371 1953 λέγοντες·
1412 1885 1584 1940 Ἀσϐἆ
1616 1888 1819 1955 Ἰσαὰκ,

1926 1916 2078 1971 Abba
2106 1878 2280 1983 Isaac,
2314 1878 3158 1994 quarepostvsaeratir‘svnaxim
3195 1878 3390 1980 fratli'es
3418 1925 3505 1979 fu-

242 1969 384 2023 διατί
408 1971 515 2023 ἀπὸ
547 1971 820 2037 συνάξεως
848 1973 1068 2043 φεύγεις
1095 1979 1223 2041 τοὺς
1247 1977 1538 2049 ἀδελφούςς
1567 1981 1679 2036 Kal
1699 1982 1823 2037 εἷπε

242 2063 373 2132 πρὸς
401 2062 632 2127 αὐτοὺς,
664 2065 747 2117 ὃτι
782 2065 921 2130 Τοὺς
952 2066 1217 2137 ἀδελφοὺς
1239 2069 1300 2122 οὐ
1332 2072 1538 2141 φεύγω,
1569 2073 1705 2129 ἀλλὰ
1725 2074 1823 2147 τὴν

242 2150 345 2204 τῶν
384 2152 655 2222 δαιμόνων
680 2156 1056 2225 κακοτεχνίαν.
1093 2157 1205 2211 Kal
1236 2159 1345 2232 γὰρ
1376 2161 1472 2216 ἐάν
1500 2180 1583 2227 τις
1614 2164 1822 2241 κατέχῃ

242 2240 545 2313 λαμπάδιον
576 2244 782 2313 φωτὸς,
814 2246 910 2302 καὶ
942 2246 1179 2322 βραδύνῃ
1208 2251 1288 2314 είς
1315 2252 1407 2306 τὸν
1438 2253 1575 2325 ἀέρα
1604 2240 1825 2326 ἱστάμεέ-

243 2351 347 2398 νος,
378 2334 665 2390 σϐέννυται
705 2338 800 2391 ἀπ’
841 2338 1025 2393 αὐτοῦ.
1056 2339 1242 2406 Οὕτως
1270 2344 1365 2396 καὶ
1402 2344 1566 2415 ἡμεῖς
1596 2347 1823 2416 φωτιζό-

247 2443 391 2495 μενοι
412 2426 519 2480 ὑπὸ
545 2427 708 2497 ³⁶τῆς
756 2429 916 2499 ἁγίας
942 2435 1278 2505 προσφορᾶς,
1324 2435 1418 2490 ἐὰν
1469 2436 1822 2511 βραδύνωμεν

246 2514 347 2580 ἔξω
383 2517 479 2570 τοῦ
513 2517 757 2585 κελλίου,
806 2520 1112 2587 σκοτίζεται
1147 2523 1304 2595 ἡμῶν
1354 2526 1384 2579 6
1427 2528 1570 2592 νοῦς.
1606 2528 1754 2601 Αὕτη
1785 2530 1819 2601 ἠ

224 2605 487 2671 ,πολιτεία
519 2607 614 2663 τοῦ
642 2609 791 2664 ὁσίου
822 2610 968 2665 ἀὸσᾶ
1016 2612 1220 2671 Ἰσαάκ.

434 2720 573 2792 Περὶ
612 2722 719 2778 τοῦ
751 2722 897 2782 ἀὸὄό
944 2726 1166 2797 Ἰωσὴφ
1204 2727 1311 2782 τοῦ
1342 2732 1623 2799 Θηϐαίου.

311 2832 480 2888 Εἶπεν
524 2837 555 2889 6
585 2835 761 2900 ἀσὸᾶς
808 2837 1005 2910 Ἰωσὴφ
1048 2841 1079 2892 6
1111 2840 1366 2912 Θηϐαῖος,
1405 2843 1488 2897 ὅτι
1522 2845 1650 2915 τρία
1678 2845 1820 2916 πράο

246 2927 425 2996 γματά
448 2926 495 2959 ³³
527 2927 675 2981 ἐστιν
703 2928 897 3001 ἔντιμα
925 2930 1157 2985 ἐνώπιον
1182 2934 1420 3005 Κυρίουο
1454 2935 1582 2990 ὅταν
1613 2935 1821 3010 ἀνθρω-

248 3035 339 3081 πος
374 3017 609 3090 ἀσθενῇ,
643 3020 740 3073 καὶ
772 3022 1153 3092 προστίθενται
1183 3024 1333 3096 αὐτῷ
1364 3027 1695 3097 πειρασμοὶ,
1724 3029 1821 3082 καὶ

248 3111 361 3178 μετ’
409 3110 794 3180 εὐχαριστείας
848 3112 1063 3184 δέχεται
1101 3114 1318 3179 αὐτούς.
1359 3116 1432 3169 Τὸ
1477 3117 1535 3170 δὲ
1573 3116 1821 3190 δεύτερόν

245 3201 422 3267 ἐστιν,
446 3202 577 3255 ὅταν
602 3218 689 3266 τις
729 3206 856 3274 ποιῇ
890 3205 1067 3259 πάντα
1105 3206 1174 3260 τὰ
1222 3206 1361 3278 ἔργα
1410 3207 1575 3262 αὐτοῦ
1605 3209 1822 3281 καθαρὰ
1848 3240 1891 3299 C

245 3291 470 3348 ἐνώπιον
497 3293 597 3348 τοῦ
625 3294 782 3362 Θεοῦ,
816 3296 912 3349 καὶ
941 3297 1107 3367 μηδὲν
1132 3297 1324 3369 έχοντα
1356 3299 1715 3371 ἀνθρώπινον.
1748 3303 1824 3356 Τὸ

246 3382 300 3435 δὲ
333 3385 537 3456 τρίτον,
580 3386 707 3440 ὅταν
754 3404 839 3452 τις
878 3390 936 3442 ὲν
974 3389 1225 3462 ὑποταγῇ
1277 3390 1575 3464 καθέζηται
1619 3395 1825 3467 πατρὸς

248 3475 641 3545 πνευματικοῦ,
679 3477 773 3530 καὶ
801 3478 964 3530 πᾶσιν
995 3479 1370 3551 ἀποτάσσηται
1399 3485 1513 3546 τοῖς
1558 3484 1709 3548 ἰδίοις
1737 3484 1827 3538 θε-

247 3562 499 3634 λήμασιν.
530 3567 682 3637 Ἔχει
706 3567 766 3621 δὲ
784 3562 938 3632 οὗτος
960 3570 1057 3624 ’ἐνα
1080 3572 1346 3641 στέφανον
1368 3577 1648 3646 περισσόν.
1684 3577 1827 3647 Ἐγὼ

247 3654 299 3706 δὲ
327 3657 424 3725 τὴν
446 3657 732 3712 ἀσθένειαν
757 3660 1071 3731 ᾐρησάμην.

584 3772 727 3841 Περὶ
771 3773 879 3829 τοῦ
917 3774 1068 3831 ἀϐϐᾶ
1128 3776 1488 3845 Ἰλαρίωνος.

313 3885 636 3958 Παρέσαλεν
664 3889 692 3940 6
722 3886 899 3952 ἀὸϐᾶς
939 3888 1185 3961 Ίλαρίων
1216 3891 1324 3945 ἀπὸ
1353 3893 1718 3965 Παλαιστίνης
1746 3896 1826 3958 είς

246 3976 304 4032 τὺ
333 3978 481 4051 ὅρος,
509 3980 650 4051 πρὸς
681 3980 771 4035 τὸν
801 3980 978 4035 ἀδϐᾶν
1022 3982 1325 4039 Ἀντώνιον.
1362 3986 1473 4039 Kal
1500 3986 1647 4056 λέγει
1676 3987 1827 4058 αὐτῷ

246 4072 275 4122 6
299 4070 471 4134 ἀδϐἆς
498 4069 815 4136 Ἀντώνιος·
850 4072 1046 4137 Καλῶς
1069 4070 1253 4145 ἦλθες,
1270 4078 1299 4129 6
1321 4077 1595 4149 ἑωσφόρος
1623 4080 1651 4132 6
1681 4078 1827 4150 πρωῒ

248 4156 576 4212 ἀνατέλλων.
612 4159 724 4213 Kal
769 4155 923 4214 εἶπεν
961 4162 1109 4234 αὐτῷ
1139 4164 1168 4216 6
1199 4165 1373 4230 ἀὸσᾶς
1413 4167 1689 4238 Ἰλαρίωνο
1732 4168 1826 4223 Εἰ-

250 4248 382 4319 ρήνη
414 4264 521 4315 σοι,
550 4251 582 4303 6
608 4250 798 4316 στύλος
832 4253 924 4306 τοῦ
958 4255 1155 4323 φωτὸς,
1190 4255 1335 4328 ὁτὴν
1359 4258 1684 4332 οἰκουμένην
1713 4279 1826 4331 φω-

247 4337 406 4402 τίζων
440 4339 510 4392 ⁸⁹.

582 4453 724 4522 Περὶ
752 4454 860 4509 τοῦ
889 4455 1041 4512 ἀϐϐᾶ
1086 4460 1487 4541 Ἰσχιξρίωνος.

1923 2009 2045 2081 gis?
2077 2008 2384 2081 Respondit
2420 2030 2433 2065 :
2472 2011 2591 2068 Non
2635 2011 2783 2084 fugio
2812 2014 3030 2082 fratres,
3067 2017 3163 2072 sed
3194 2018 3503 2073 dtemonum

1921 2106 2070 2157 artes
2099 2101 2297 2156 malas.
2328 2100 2541 2158 Etenim
2578 2102 2627 2158 si
2666 2105 2791 2174 quis
2821 2107 3059 2161 tenuerit
3094 2105 3266 2162 facem
3310 2110 3515 2165 lucen-

1921 2201 2060 2258 tem,
2102 2192 2306 2264 diuque
2334 2193 2400 2249 ad
2429 2209 2609 2252 aerem
2639 2197 2875 2262 steterit,
2913 2197 2984 2253 ab
3008 2214 3074 2254 eo
3101 2202 3518 2271 exstinguetur...

1921 2283 2117 2340 Parem
2147 2284 2206 2341 in
2236 2286 2457 2341 modum
2488 2294 2544 2342 et
2577 2302 2702 2363 nos,
2735 2303 2765 2341 a
2796 2302 2954 2344 sacra
2984 2290 3261 2346 oblatione
3296 2292 3505 2347 illumi-

1923 2381 2060 2448 nati,
2095 2380 2142 2437 si
2180 2388 2337 2436 extra
2380 2382 2575 2437 cellam
2608 2382 3030 2451 tardaverimus,
3062 2387 3411 2444 incurremus
3444 2391 3519 2445 in-

1922 2471 2121 2527 mentis
2148 2473 2428 2530 tenebras.
2463 2471 2589 2530 Haec
2616 2473 2719 2529 fuit
2748 2476 2925 2531 sancti
2958 2476 3172 2533 abbatis
3219 2477 3391 2534 Isaaci
3423 2480 3504 2535 vi-

1921 2560 2086 2618 vendi
2123 2562 2296 2618 ratio.

2302 2745 2377 2801 De
2408 2745 2598 2802 abbate
2620 2745 2851 2817 losepho
2880 2748 3124 2805 Thebaa.
3170 2744 3181 2751 ’

1994 2858 2105 2930 (57)
2148 2857 2294 2913 Dixit
2343 2860 2511 2916 abbas
2558 2859 2759 2931 Ioseph
2785 2860 3053 2918 Thebaeus
3081 2882 3095 2917 :
3128 2860 3281 2918 Tres-
3310 2878 3398 2919 res
3448 2864 3505 2919 in

1921 2958 2220 3022 conspectu
2260 2950 2353 3007 Dei
2400 2952 2751 3009 honorabiles
2780 2964 2909 3010 sunt
2943 2974 2956 3010 :
2992 2955 3127 3009 Cum
3161 2957 3326 3010 homo
3353 2957 3504 3012 intlr-

1921 3059 2046 3099 mus
2079 3053 2184 3107 est,
2218 3051 2274 3099 et
2305 3043 2643 3114 adjiciuntur
2684 3048 2733 3103 ei
2777 3049 3130 3115 tentationes,
3168 3048 3291 3119 ipse
3323 3057 3501 3104 autem

1922 3149 2014 3189 eas
2047 3149 2170 3187 cum
2213 3134 2510 3204 gratiarum
2539 3136 2755 3192 actione
2798 3138 3073 3208 suscipit;
3106 3139 3348 3195 secunda
3391 3150 3504 3208 est,

1924 3239 2050 3278 cum
2080 3224 2321 3280 eﬂ‘ecerit
2366 3225 2568 3297 aliquis
2609 3228 2793 3282 omnia
2838 3243 3005 3298 opera
3046 3232 3378 3285 sua-munda
3408 3246 3505 3287 co-

1927 3331 2044 3371 ram
2093 3318 2232 3385 Deo,
2279 3334 2509 3390 quaeque
2561 3320 2701 3374 nihil
2748 3321 2970 3375 humani
3018 3322 3284 3387 habeant;
3320 3327 3503 3390 tertia,

1926 3410 2146 3481 quando
2179 3411 2302 3481 quis
2333 3412 2388 3465 in
2428 3411 2775 3481 subiectione
2805 3413 2984 3482 patris
3013 3413 3317 3482 spiritualis
3351 3413 3507 3470 sede-

1928 3501 2033 3568 rit,
2092 3503 2419 3572 cunctisque
2474 3501 2593 3557 suis
2650 3503 3059 3557 renuntiaverit
3110 3504 3499 3559 voluntatibus.

1925 3591 2292 3663 Consequitur
2317 3601 2499 3648 autem
2526 3592 2612 3646 hic
2640 3592 3208 3647 eximiameoronam.
3238 3591 3351 3664 Ego
3376 3606 3507 3649 vero

1929 3684 2302 3739 infirmitatem
2334 3685 2496 3755 elegi.

2403 3784 2477 3850 De
2508 3795 2696 3850 abbate
2728 3798 3028 3853 Hilarium.

1999 3910 2110 3981 (58)
2150 3909 2333 3967 Abbas
2364 3908 2569 3964 Hilario
2598 3911 2745 3964 venit
2777 3926 2808 3966 e
2853 3911 3141 3967 Palaestina
3173 3913 3230 3967 in
3267 3922 3503 3969 montem

1927 4004 1995 4058 ad
2034 4003 2285 4059 abbatem
2315 4003 2633 4058 Antonium.
2658 4003 2749 4057 Ait
2770 4003 2818 4059 ei
2842 4006 3010 4061 abbas
3029 4005 3329 4060 Antonius:
3362 4004 3506 4062 Bene

1928 4098 2143 4158 venisti.
2190 4097 2405 4161 lucifer,
2457 4098 2549 4168 qui
2602 4111 2760 4153 mane
2808 4098 3062 4153 exoriris.
3102 4098 3286 4153 Abbas
3327 4106 3506 4181 autem

1927 4187 2133 4244 Hilario
2193 4189 2330 4243 dixit
2380 4189 2488 4243 illi:
2528 4187 2639 4243 Pax
2694 4189 2816 4253 tibi,
2866 4188 3124 4244 columna
3169 4188 3333 4252 lucis,
3377 4204 3501 4260 quae

1930 4282 2205 4338 illuminas
2257 4281 2445 4336 orbem
2491 4288 2787 4335 terrarum.

2407 4460 2483 4515 De
2508 4458 2698 4514 abbate
2727 4458 3053 4530 Ischyrione.

316 4566 378 4619 Οἱ
406 4566 555 4634 ἆγιοι
589 4568 833 4640 Πατέρες
865 4570 910 4601 ⁸³
939 4574 1351 4644 προεφήτευσαν
1384 4578 1512 4648 περὶ
1535 4579 1634 4649 τῆς
1663 4582 1825 4651 ἐσχά-

2003 4575 2115 4646 (59)
2159 4573 2346 4629 Sancti
2381 4572 2576 4629 Patres
2599 4573 2973 4644 praadixerunt
3003 4570 3073 4625 de
3102 4569 3290 4624 ultima
3325 4576 3503 4625 atate.

250 4671 343 4725 της
375 4660 592 4725 γενεᾶς.
629 4660 696 4713 Τί
732 4662 1109 4733 είργασάμεθα
1134 4667 1324 4736 ήμεῖ;;
1356 4670 1516 4737 φασί.
1550 4671 1660 4723 Kal
1689 4674 1825 4726 ἀπο-

254 4749 455 4819 κριθεὶς
487 4743 568 4810 εἶς
603 4749 664 4815 ἐξ
702 4751 880 4807 αὐτῶν
917 4755 1089 4825 μέγας
1116 4757 1163 4790 ³⁵
1202 4758 1374 4823 assa;
1416 4763 1713 4835 Ἰσχυρίων,
1750 4762 1825 4819 εἴ·

252 4856 348 4893 πεν
368 4858 381 4870 '
421 4841 613 4911 Ἡμεῖς
650 4842 750 4907 τὰς
788 4847 1007 4911 ἐντολὰς
1028 4848 1122 4901 τοῦ
1153 4849 1289 4904 Θεοῦ
1317 4854 1674 4927 ἐποιήσαμεν.
1716 4861 1827 4913 Kal

256 4931 641 5002 ἀποκριθέντες
666 4929 850 4989 εῖτ-,ον’
886 4939 948 4990 Οἱ
982 4938 1037 4990 δὲ
1070 4939 1189 5008 μεθ’
1216 4943 1385 5012 ἡμᾶς,
1419 4945 1526 5015 ἄρα
1554 4947 1605 4999 τί
1638 4949 1826 5001 ποιοῦ-

258 5037 366 5090 σιν;
406 5024 516 5078 Καὶ
548 5020 710 5078 εἴπεο
758 5026 1059 5082 Μέλλουσιν
1103 5033 1185 5095 είς
1212 5033 1274 5085 τὸ
1307 5034 1479 5104 ἥμισυ
1522 5036 1615 5089 τοῦ
1664 5037 1824 5110 ἔργου

256 5111 403 5181 ἡμῶν
452 5113 732 5186 ἔρχεσθαι.
776 5119 887 5172 Kal
924 5115 1109 5174 εἷπον·
1153 5125 1214 5176 Oi
1250 5124 1305 5177 δὲ
1341 5128 1457 5196 μετ’
1473 5129 1696 5193 αὐτοὺς.
1732 5132 1829 5195 τί;

261 5199 442 5261 Εἶπεν⁸
470 5206 597 5262 Ὀὐκ
627 5207 843 5280 ἔχουσιν
884 5212 1020 5279 ὅλως
1051 5214 1211 5285 ἔργον
1239 5218 1288 5271 oi
1322 5223 1420 5290 τῆς
1460 5224 1653 5289 γενεᾶς
1680 5224 1824 5276 ὲκεί-

261 5312 345 5368 νης
366 5316 381 5330 ·
433 5301 621 5372 μέλλει
653 5301 712 5355 δὲ
747 5302 997 5375 ἔρχεσθαι
1048 5309 1228 5373 αὐτοῖς
1266 5316 1567 5383 πειρασμός
1596 5332 1610 5347 ο
1656 5308 1750 5369 καὶ
1778 5320 1827 5372 οἱ

1933 4666 2072 4735 Quid
2099 4667 2308 4739 operati
2341 4682 2532 4722 sumus
2560 4665 2701 4719 nos?
2732 4666 3005 4733 inquiunt.
3039 4662 3104 4716 Et
3139 4677 3281 4717 unus
3303 4678 3370 4717 ex
3400 4660 3508 4716 illis

1933 4776 2166 4831 magnus
2189 4759 2357 4814 abbas
2384 4756 2628 4827 lschyrio
2653 4771 2977 4825 responsum
3012 4753 3161 4807 dedit
3186 4772 3201 4807 :
3226 4752 3338 4807 Nos
3363 4767 3509 4806 man-

1931 4857 2055 4910 data
2104 4854 2199 4909 Dei
2249 4853 2577 4925 peregimus.
2606 4850 2990 4921 Exceperunt:
3029 4848 3130 4914 Qui
3185 4856 3366 4902 autem
3406 4861 3507 4901 nos

1930 4949 2358 5019 subsequentur,
2389 4945 2517 5016 quid
2549 4942 2745 5003 facturi
2781 4943 2945 4997 sunt?
2964 4941 3051 4995 Ait
3079 4959 3090 4994 :
3116 4941 3197 4996 Ad
3220 4939 3504 4995 dimidium

1925 5041 2109 5111 operis
2166 5039 2339 5095 nostri
2387 5037 2726 5109 pervenient.
2766 5033 3240 5104 lnterrogaverunt
3286 5030 3505 5085 adhuc:

1927 5133 2027 5201 Qui
2077 5148 2201 5185 vero
2259 5139 2383 5202 post
2425 5131 2567 5192 illos,
2603 5126 2900 5199 quidnam?
2951 5125 3292 5195 Respondit:
3345 5122 3507 5178 Nullo

1930 5226 2085 5295 plane
2139 5237 2305 5293 opere
2356 5221 2764 5277 decorabuntur
2804 5218 3051 5274 homines
3090 5217 3265 5272 aetatis
3320 5215 3502 5270 illius:

1927 5326 1982 5369 at
2013 5316 2261 5384 insurget
2300 5315 2357 5367 in
2390 5330 2486 5368 eos
2512 5313 2778 5376 tentatio;
2813 5312 3015 5380 quique
3047 5307 3200 5379 probi
3229 5305 3508 5361 invenien-

318 5453 361 5486 ⁷⁸
378 5456 461 5511 Al.
501 5458 673 5544 stiva...
712 5459 800 5544 "’_
840 5458 925 5543 Al:
970 5462 1104 5532 πρὸς
1142 5462 1613 5544 ἰ-Ξν’ίττοιξςιμςὶδιονἐ
1651 5470 1733 5524 vel
1776 5471 2099 5544 παξαμὰδιν.
2180 5469 2480 5544 “uncos
2516 5466 2669 5534 ἁγίου
2735 5462 3089 5544 ῌνερμᾳτοςν
3151 5463 3223 5541 ἔνθ
3376 5459 3508 5544 ἀγίξ

255 5529 581 5647 ῗνιὲοσφοριξῷ
631 5527 675 5560 ⁸⁸
709 5527 827 5584 Lat.
863 5527 1141 5601 τάγματα.

338 5612 479 5647 itan.
616 5596 798 5647 Eccle-
833 5616 913 5647 ιιι-
956 5600 1005 5647 1-

336 5596 479 5665 ματι.
504 5596 581 5632 ’δν
616 5596 798 5654 Eccle.
832 5616 916 5665 ιιι,
947 5596 1006 5654 Ϊ.

310 5732 418 5803 (57)
462 5733 568 5789 Vit.
602 5731 760 5788 Patr.
802 5753 837 5800 ι,
870 5738 922 5791 9.

310 5733 393 5803 (δι
462 5733 568 5789 Vit.
602 5732 760 5788 Patr.
802 5753 837 5800 ι,
870 5738 922 5791 9.

309 5732 418 5875 15;;
464 5804 572 5861 Vit.
604 5803 761 5858 Patr.
798 5823 927 5869 χιιι,
970 5809 1020 5865 οἱ.

1218 5535 1262 5565 ⁸¹
1289 5535 1374 5588 AI.
1405 5537 1711 5603 βαστάζων.
1786 5541 1836 5571 ⁸³η
1864 5535 1947 5595 Δι’.
1984 5544 2152 5596 inscr.
2190 5541 2287 5609 τῆς
2348 5539 2621 5607 Σκήτεως.

2734 5535 2779 5565 ⁸⁸⁵
2807 5530 2902 5586 Al.‘
2940 5534 3105 5586 inscr.
3157 5530 3234 5604 τῷ
3284 5532 3383 5604 βίῳ
3420 5539 3514 5591 καὶ

2006 5743 2114 5812 (ὅθ)
2154 5741 2252 5795 Vit.
2291 5741 2437 5794 I’ulr.
2468 5755 2504 5802 l,
2540 5737 2619 5791 14.
