4032 6334
456 383 568 438 245

1597 381 1927 436 ΑΡΡΕἯΒΙΧ
1973 379 2066 432 ΑΒ·
2092 375 2508 434 ΡΑιιΑῡιυΜ.

3603 365 3705 418 ’ΞΗ

453 504 544 547 tur
577 493 670 549 illo
704 502 968 567 tempore,
1001 495 1240 566 majores
1269 505 1321 550 et
1360 494 1516 548 nobis
1543 504 1592 547 et
1639 493 1892 549 Patribus
1923 508 2021 548 no-

2137 490 2508 561 εὐρισκόμενοι
2543 488 2755 557 δόκιμοι
2791 488 2850 540 ἐν
2880 484 2960 556 τῷ
2990 483 3166 556 καιρῷ
3197 483 3410 553 ᾶκείνῳ,
3463 480 3707 548 μείζονες

455 585 589 644 stris
612 602 734 645 esse
751 589 1171 660 comperiantur.

909 695 1238 766 Principium
1281 693 1472 748 litterae
1494 695 1561 747 Κ.

949 807 1026 862 De
1047 808 1231 862 abbate
1251 804 1530 862 Cassiano.

529 919 586 973 i.
624 916 734 986 (60)
759 915 1011 969 Narravit
1044 914 1214 970 abbas
1235 913 1562 968 Cassianus:
1614 912 1895 977 Venimus,
1924 927 2027 982 ego

459 1019 511 1067 et
541 1017 763 1066 sanctus
795 1007 1120 1071 Germanus,
1168 1006 1224 1060 in
1269 1004 1565 1076 Egyptum
1618 1003 1685 1058 ad
1733 1004 2023 1074 quemdam

457 1116 663 1158 senem.
695 1099 887 1164 Quem,
939 1115 1062 1154 cum
1094 1099 1331 1169 hospitio
1364 1105 1612 1151 amanter
1647 1112 1749 1151 nos
1781 1097 2027 1166 excepis-

457 1198 561 1255 set,
593 1189 1080 1260 inter-rogavimus:
1107 1187 1288 1255 Quare
1312 1189 1368 1242 in
1390 1197 1633 1258 tempore
1663 1188 2026 1258 susceptionis

459 1281 684 1334 fratrum
715 1280 1148 1350 peregrinorum,
1180 1279 1638 1348 normamjeju‘nii
1662 1279 1858 1342 nostri,
1884 1280 2026 1333 sicut

459 1373 511 1424 in
567 1368 854 1424 Palmstina
887 1371 1220 1440 accepimus,
1254 1385 1364 1424 non
1401 1370 1751 1425 observ-alis?
1779 1370 2026 1441 Rcslton-

455 1459 565 1513 dit:
600 1456 874 1527 Jejunium
909 1473 1122 1528 semper
1151 1472 1364 1512 mecum
1392 1465 1504 1522 est;
1535 1472 1632 1511 vos
1655 1472 1782 1511 vero
1814 1472 2029 1526 semper

455 1565 668 1604 meeum
705 1551 938 1605 retinere
971 1565 1078 1604 non
1109 1564 1368 1618 possum:
1400 1563 1463 1602 ac
1487 1548 1753 1618 jejunium
1786 1548 2025 1617 quidem,

453 1642 556 1696 etsi
608 1640 756 1695 utilis
785 1655 874 1695 res
901 1640 969 1694 sit
1005 1648 1178 1710 atque
1195 1640 1526 1702 necessaria,
1561 1647 1799 1694 attamen
1851 1655 1880 1693 a
1925 1655 2025 1696 no-

454 1739 570 1786 stra
598 1731 795 1802 pendet
824 1732 1103 1788 voluntate
1127 1749 1144 1800 ;
1191 1740 1246 1786 at
1271 1732 1558 1786 ebaritat-is
1582 1732 2026 1802 adimplctionem

2128 581 2224 634 καὶ
2251 580 2408 652 ἡμῶν
2439 579 2659 634 καὶτῶν
2691 577 2952 648 Πατέρων
2979 574 3135 646 ἡμῶν
3167 573 3574 644 εὑρεθήσονται.

2577 690 2744 762 Ἀρχὴ
2791 687 2888 742 τοῦ
2931 689 2981 744 K
3027 683 3313 757 στοιχείου.

2462 803 2603 873 Περὶ
2631 803 2737 858 τοῦ
2773 800 2925 858 ἀϐὅᾶ
2957 800 3266 856 Ιιάσιανοῦ
3295 799 3357 854 δ’.

2198 925 2267 972 α’.
2299 919 2609 989 Διηγήσατο
2629 914 2739 984 (65)
2762 914 2790 966 6
2821 912 2997 976 ἁὸὀᾶς
3025 911 3320 975 Κασιανὸς,
3341 909 3424 963 ὅτι
3458 909 3712 981 Παρεϐά-

2126 1012 2291 1082 λομεν
2329 1011 2438 1079 ἐγώ
2469 1027 2527 1062 τε
2572 1009 2667 1064 καὶ
2705 1010 2734 1060 6
2779 1007 2934 1075 ἆγιος
2981 1003 3260 1078 Γερμανὸς
3299 1003 3379 1066 είς
3410 1002 3710 1071 Αἴγυπτον,

2129 1102 2265 1174 πρός
2297 1118 2416 1153 τινα
2465 1099 2716 1169 γέροντα.
2750 1095 2862 1150 Καὶ
2890 1094 3242 1164 φιλοξενήσας
3272 1093 3418 1164 ἡμᾶς
3450 1091 3712 1164 ἠρωτήθη

2129 1190 2259 1261 παρ’
2286 1188 2444 1258 ἡμῶν
2467 1204 2480 1218 ⁸
2513 1186 2669 1250 Τίνος
2703 1185 2893 1238 ἕνεκεν
2917 1184 2976 1235 ὲν
3007 1181 3087 1252 τῷ
3115 1181 3294 1252 καιρῷ
3319 1181 3418 1252 τῆς
3444 1180 3714 1250 ὑποδοχῆς

2127 1281 2237 1335 τῶν
2267 1279 2431 1344 ξένων
2461 1277 2724 1346 ἀδελφῶν,
2756 1276 2846 1331 τὸν
2879 1276 3079 1328 κανόνα
3114 1274 3214 1344 τῆς
3245 1273 3498 1344 νηστείας
3528 1271 3711 1344 ἡμῶν,

2128 1373 2204 1436 ὼς
2234 1372 2292 1424 ὲν
2323 1369 2660 1440 Παλαιστίνῃ
2696 1366 3099 1437 παρελάϐομεν,
3131 1367 3189 1419 ού
3227 1366 3560 1435 φυλάττετες
3600 1367 3714 1420 Καὶ

2129 1463 2402 1536 ἀπεκρίθη
2449 1462 2654 1530 λέγων·
2727 1461 2789 1512 Ἡ
2841 1459 3066 1529 νηστεία
3135 1459 3364 1514 πάντοτε
3414 1458 3530 1528 μετ’
3575 1455 3713 1527 ἐμοῦ

2129 1557 2277 1610 ἐστιν
2303 1573 2314 1585 ·
2350 1555 2494 1624 ὑμᾶς
2526 1553 2581 1606 δὲ
2611 1551 2861 1622 κατέχειν
2895 1549 3125 1603 πάντοτε
3159 1549 3278 1620 μεθ’
3301 1547 3497 1602 ἑαυτοῦ
3531 1548 3592 1601 οὐ
3622 1547 3716 1601 δύ-

2130 1664 2301 1719 ναμαι
2321 1663 2333 1676 ·
2365 1645 2459 1699 καὶ
2487 1647 2520 1714 ἡ
2548 1644 2644 1714 μὲν
2667 1641 2887 1713 νηστεία
2918 1642 3012 1695 καὶ
3045 1641 3312 1719 χρήσιμόν
3335 1641 3451 1692 ἐστι
3477 1640 3712 1710 πρᾶγμα

2131 1715 2224 1793 καί
2256 1737 2571 1805 ἀναγκαῖον,
2606 1734 2705 1804 τῆς
2729 1733 3004 1803 ἡμετέρας
3042 1731 3098 1785 δέ
3136 1715 3260 1784 ’ἐστι
3293 1731 3669 1801 προαιρέσεως
3693 1745 3711 1762 ο

455 1838 522 1876 ex
553 1823 876 1879 necessitate
908 1825 1072 1894 exigit
1097 1823 1188 1878 Dei
1215 1825 1319 1879 lex.
1355 1823 1538 1893 Itaque
1564 1824 1619 1878 in
1661 1825 1815 1880 vobis
1858 1825 2023 1879 Chri-

2137 1832 2226 1902 τὴν
2261 1829 2316 1882 δὲ
2349 1831 2446 1899 τῆς
2473 1825 2692 1896 ἀγάπης
2728 1824 3007 1914 πλήρωσιν
3047 1822 3107 1888 ἐξ
3142 1823 3395 1893 ἀνάγκης
3427 1822 3656 1876 ἀπαιτεῖ
3685 1823 3716 1875 6

455 1923 600 1970 stum
636 1916 964 1984 suscipiens,
1007 1917 1179 1972 debeo
1223 1918 1368 1972 omni
1397 1916 1578 1971 studio
1610 1926 1663 1972 et
1683 1933 1814 1971 cura
1840 1932 2028 1987 prose-

455 2007 570 2078 qui.
601 2007 734 2062 Cum
767 2016 947 2063 autem
977 2023 1076 2064 vos
1105 2009 1388 2075 dimisero,
1417 2009 1658 2080 regulam
1686 2008 1878 2079 jejunii
1905 2023 2029 2078 pos-

455 2113 579 2152 sum
628 2113 980 2170 recuperare.
1009 2099 1196 2170 Neque
1234 2100 1382 2156 enim
1412 2107 1644 2170 possunt
1676 2100 1768 2154 ﬁlii
1803 2098 2027 2154 thalami

451 2186 721 2256 jejunare,
753 2187 993 2258 quandiu
1028 2203 1264 2258 sponsus
1293 2203 1418 2243 cum
1441 2189 1548 2244 illis
1581 2196 1704 2253 est;
1739 2196 2026 2258 postquam

455 2291 584 2331 vero
622 2292 860 2347 sponsus
885 2278 1102 2335 ablatus
1138 2278 1304 2335 fuerit
1329 2321 1344 2345 ,
1379 2289 1512 2335 tunc
1548 2294 1672 2335 cum
1705 2279 1922 2335 licentia
1947 2278 2029 2350 je-

451 2365 724 2434 junabunt
743 2367 813 2420 ⁸⁸.

521 2540 580 2592 2.
620 2539 761 2594 Idem
809 2541 992 2596 retulit
1029 2561 1042 2596 :
1094 2541 1223 2597 Erat
1249 2543 1448 2614 aliquis
1480 2559 1672 2608 senex,
1704 2545 1791 2600 cui
1838 2556 2026 2603 saneta

454 2629 610 2698 virgo
641 2629 1019 2686 ministrabat:
1051 2631 1302 2686 homines
1327 2644 1507 2687 autem
1539 2634 1821 2690 dicebant:
1850 2638 2030 2706 Impu-

456 2717 506 2771 ri
535 2728 681 2772 sunt.
720 2720 944 2774 Audivit
974 2737 1162 2776 senex.
1192 2722 1438 2792 Cumque
1476 2733 1621 2780 esset
1652 2727 1814 2780 morti
1846 2729 2030 2795 proxi-

456 2824 598 2873 mus,
655 2811 792 2864 dixit
834 2810 1088 2869 Patribus
1119 2832 1131 2866 :
1160 2812 1455 2884 Postquam
1500 2831 1530 2871 e
1558 2817 1663 2871 vita
1702 2818 2026 2886 migraret-0,

457 2901 696 2967 plantate
724 2901 976 2956 baculum
1010 2918 1187 2957 meum
1213 2906 1268 2959 in
1300 2906 1580 2975 sepulcro;
1611 2907 1658 2961 si
1692 2909 2030 2978 germinave-

456 2991 548 3055 rit,
582 2991 928 3063 fructumque
965 2996 1274 3064 protulerit,
1305 2997 1501 3052 discite
1535 3013 1738 3068 purum
1767 3015 1892 3054 esse
1945 3015 2030 3055 me

455 3083 525 3136 ab
557 3083 683 3150 illa;
735 3085 780 3140 si
833 3101 961 3140 vero
1009 3102 1117 3140 non
1151 3087 1559 3158 germinaverit,
1597 3093 1910 3160 cognoscite
1942 3107 2028 3144 me

2130 1922 2223 1976 τοῦ
2256 1918 2392 1973 Θεοῦ
2423 1918 2606 1988 νόμος.
2643 1915 2730 1968 Ἐν
2753 1915 2880 1985 ύμῖν
2908 1908 3000 1968 οὖν
3023 1913 3309 1983 δεχόμενος
3333 1912 3426 1965 τὸν
3453 1910 3711 1983 Χριστὸν,

2130 2009 2387 2085 χρεωστῶ
2424 2002 2574 2080 μέτά.
2608 2006 2791 2076 πάσης
2837 2003 3174 2076 θεραπεῦσαι
3215 2002 3472 2072 σπουδῆς.
3537 1996 3710 2053 Ἐπάν

2129 2103 2186 2157 δὲ
2215 2102 2360 2174 ὑμᾶς
2389 2098 2720 2171 προπέμψω,
2750 2096 2842 2149 τὸν
2885 2095 3086 2150 κανόνα
3127 2094 3235 2162 τ’ής,
3261 2093 3517 2164 νηστείας
3542 2091 3710 2145 δύνα-

2133 2212 2232 2267 μαι
2259 2185 2688 2263 ἀθνακτήσασοαι.
2725 2189 2799 2242 Ού
2829 2187 3080 2241 δύνανται
3124 2185 3233 2257 γὰρ
3263 2185 3376 2254 (64)
3408 2186 3456 2236 οἰ
3486 2182 3592 2235 υἱοὶ
3618 2180 3716 2234 τοῦ

2129 2284 2416 2354 νυμφῶνος
2444 2279 2722 2351 νηστεύειν
2745 2321 2758 2344 ,
2790 2278 2876 2345 ἐφ’
2920 2277 3043 2330 ὅσον
3067 2276 3256 2347 χρόνον
3285 2276 3311 2327 6
3337 2273 3567 2343 νυμφίος
3595 2270 3716 2342 μετ’

2130 2376 2310 2429 αὐτῶν
2347 2375 2493 2426 ἐστιν
2514 2390 2526 2402 ⁸
2560 2372 2686 2424 ὅταν
2727 2369 2785 2422 δὲ
2816 2368 2956 2439 ἀρθῇ
3001 2368 3046 2399 ⁸⁷
3080 2369 3108 2420 6
3147 2366 3399 2437 νυμφίος,
3433 2365 3552 2417 τότε
3591 2364 3716 2434 μετ’

2130 2466 2378 2531 ἐξουσίας
2409 2462 2806 2536 νηστεύσουσιν
2836 2461 2902 2516 ⁸⁸.

2203 2555 2266 2626 β’.
2320 2555 2378 2607 '0
2412 2553 2572 2615 αὐτὸς
2617 2547 2770 2604 εἶπεν
2813 2548 2949 2620 (65),
2978 2548 3058 2600 ὅτι
3101 2541 3209 2600 Ἦν
3247 2563 3330 2609 τις
3369 2544 3569 2616 γέρων,
3616 2543 3716 2598 καὶ

2131 2646 2456 2716 ὑπηρετεῖτο
2489 2641 2594 2694 ὑπὸ
2635 2639 2798 2708 ἁγίας
2840 2637 3144 2707 παρθένου·
3200 2637 3295 2688 καὶ
3340 2636 3390 2687 oi
3439 2634 3716 2705 ἄνθρωποι

2131 2736 2346 2803 ἔλεγον·
2393 2733 2506 2786 Ούκ
2548 2731 2653 2783 εἰσὶ
2701 2728 2949 2798 καθαροί.
3007 2727 3117 2779 Kal.
3160 2727 3391 2797 ἤκουσεν
3441 2727 3470 2778 ὀ
3510 2726 3710 2794 γέρων.

2133 2829 2304 2880 Ὅταν
2329 2824 2385 2876 δὲ
2409 2822 2607 2894 ἤμελλε
2636 2821 2915 2892 τελευτᾷν,
2937 2816 3059 2872 εἷπε
3080 2821 3190 2881 τοῖς
3214 2819 3488 2889 Πατράσιν
3506 2833 3524 2848 ⁸
3546 2817 3718 2869 Ὅταν

2131 2917 2460 2986 τελευτήσω,
2505 2912 2808 2983 φυτεύσατε
2853 2911 2950 2982 τὴν
2980 2910 3175 2983 ῥάϐδον
3231 2926 3334 2980 μου
3375 2910 3456 2971 είς
3506 2908 3714 2977 τάφον*

2131 3008 2226 3062 καὶ
2257 3006 2352 3060 ὲάν
2402 3006 2690 3076 βλαστήσῃ,
2729 3005 2822 3058 κα)⁵
2855 3005 3056 3076 ποιήσῃ
3102 3002 3334 3071 καρπὸν,
3386 3001 3584 3072 μάθετε
3632 3000 3717 3052 ὅτι

2131 3099 2375 3170 καθαρός
2403 3101 2519 3169 είμι
2541 3099 2635 3151 ἀπ’
2686 3097 2894 3167 αὐτῆς·
2925 3098 2974 3148 εί
3003 3096 3058 3148 δὲ
3095 3095 3169 3167 μὴ
3213 3096 3489 3170 βλαστήσῃ
3520 3096 3588 3162 ⁸⁹,
3625 3113 3715 3165 γι-

453 3189 580 3228 cum
599 3191 661 3230 ea
692 3176 1008 3247 deliquisse.
1043 3177 1277 3235 Baculus
1312 3180 1475 3250 igitur
1504 3182 1780 3258 plantatus
1809 3182 1930 3246 fuit,
1957 3197 2022 3237 ac

2137 3191 2356 3246 ιώσκετε
2404 3191 2484 3243 ὅτι
2519 3189 2785 3241 πέπτωκα
2830 3188 2948 3256 μετ’
2986 3186 3175 3256 αὐτῆς.
3220 3187 3330 3239 Kal.
3369 3185 3638 3256 ἐφυτεύθη
3680 3186 3716 3255 ἡ

457 3269 611 3322 tertia
639 3268 725 3323 die
746 3285 963 3342 germen
995 3271 1340 3342 fructumque
1360 3275 1635 3343 produxit.
1665 3274 1818 3331 Tunc
1839 3292 2030 3336 oumes

453 3359 587 3430 glori
597 3361 758 3416 licave
768 3370 893 3416 runt
926 3362 1114 3418 Deum.

525 3452 579 3506 3.
618 3453 728 3523 (6i)
774 3453 916 3508 Dixit
964 3455 1198 3510 iterum:
1233 3454 1312 3508 Ad
1363 3457 1527 3510 alium
1585 3461 1918 3517 accessimus
1944 3476 2031 3515 se-

458 3557 619 3608 nem;
670 3547 762 3613 qui
813 3544 1144 3600 manducare
1197 3561 1298 3601 nos
1360 3548 1506 3601 fecit.
1567 3549 1806 3606 Satiatns
1845 3560 2028 3608 autem

451 3631 595 3697 jam,
643 3633 824 3686 cibum
861 3649 1078 3689 sumere
1112 3636 1454 3691 hortabatur.
1493 3639 1575 3695 Me
1615 3657 1742 3696 vero
1792 3644 2027 3708 dicente,

462 3739 570 3777 non
613 3725 847 3793 amplius
902 3741 1085 3796 posse,
1141 3730 1456 3800 respondit:
1508 3733 1619 3803 Ego
1658 3736 1834 3789 sexies
1865 3735 2030 3793 adve-

458 3815 737 3870 nientibus
793 3818 1050 3874 fratribus
1095 3836 1338 3876 mensam
1389 3827 1637 3896 apposui,
1690 3835 1742 3880 et
1784 3829 2029 3898 singulos

455 3906 716 3969 invitans,
753 3924 858 3960 una
907 3910 1139 3979 comedi,
1179 3912 1466 3983 adhucque
1517 3917 1720 3972 esurio.
1774 3917 1855 3970 'l‘n
1901 3934 2029 3974 vero

457 3996 560 4050 hoc
595 3999 761 4052 semel
813 3999 937 4054 cibo
982 4009 1162 4071 capto,
1201 4013 1356 4058 satur
1392 4021 1472 4071 es,
1515 4007 1653 4064 adeo
1689 4019 1745 4064 ut
1776 4026 1884 4065 non
1920 4027 2030 4066 am-

453 4087 596 4157 plius
621 4091 799 4145 valeas
831 4093 1008 4145 cdere.

524 4179 579 4235 4.
611 4181 724 4251 (62)
756 4182 898 4236 ldcm
935 4187 1177 4238 narravit
1211 4187 1427 4250 iterum,
1477 4188 1625 4258 quod
1662 4190 1830 4245 abbas
1861 4189 2026 4244 Joan-

458 4287 555 4327 nes
583 4275 742 4326 homo
769 4277 946 4345 magni
981 4281 1216 4334 cmuobii
1263 4288 1462 4344 rector,
1509 4283 1810 4336 visitaverit
1858 4283 2026 4336 abba-

455 4375 560 4418 tcm
595 4365 868 4432 Paesium,
892 4370 986 4437 qui
1024 4385 1118 4438 per
1155 4387 1328 4425 annos
1365 4373 1725 4441 quadraginta
1762 4374 1815 4426 in
1845 4384 2027 4429 estre-

455 4471 542 4508 nta
588 4459 884 4513 solitudine
936 4460 1099 4527 vixit;
1153 4469 1207 4513 et
1256 4463 1382 4530 quia
1423 4480 1550 4534 erga
1612 4481 1734 4518 eum
1802 4469 2024 4521 multam

2131 3282 2348 3354 ῥάϐδος,
2379 3283 2474 3334 καὶ
2503 3283 2568 3352 τῇ
2594 3281 2754 3351 τρίτῃ
2784 3279 2964 3350 ἡμέρα
2999 3277 3319 3348 ἐϐλάστησε,
3363 3279 3458 3330 καὶ
3488 3276 3716 3347 ἐποίησε

2131 3375 2367 3446 καρπόν.
2399 3373 2511 3427 Καὶ
2544 3371 2745 3434 πάντες
2775 3370 3031 3437 ἐδόξασαν
3063 3371 3152 3423 τὸν
3177 3371 3328 3424 Θεόν.

2200 3475 2268 3536 γ’.
2311 3463 2447 3520 Eine
2476 3466 2658 3532 πάλιν,
2697 3466 2779 3518 ὅτι
2821 3464 3212 3536 Παρεϐόιλομεν
3255 3465 3428 3535 ἑτέρῳ
3459 3465 3712 3535 γέροντιο

2134 3561 2230 3613 καὶ
2259 3561 2515 3629 ἐποίησεν
2555 3559 2702 3630 ἡμᾶς
2727 3557 3046 3627 γεύσασθαι.
3087 3558 3464 3628 Προετρέπετο
3487 3558 3541 3610 δὲ
3567 3559 3718 3628 ἡμᾶς

2132 3653 2507 3722 κορεσθέντας,
2529 3651 2607 3704 ἔτι
2627 3649 2949 3720 μεταλαϐεῖν
2971 3651 3195 3720 τροφῆς.
3228 3649 3392 3720 Ἐμοῢ
3421 3651 3475 3703 δὲ
3498 3649 3719 3720 εἰρηκόο

2129 3760 2221 3806 τος
2267 3743 2468 3813 μηκέτι
2514 3740 2802 3803 δύνασθαι,
2843 3739 3151 3808 ἀπεκρίθη·
3200 3739 3342 3808 Ἐγὼ
3371 3740 3417 3771 ὀ
3448 3739 3636 3805 ἑξάκις
3665 3738 3714 3771 ’ί

2133 3834 2593 3903 παραγενομένων
2622 3831 2865 3899 ἀδελφῶν
2887 3831 3165 3902 τράπεζαν
3201 3830 3408 3900 ἔθηκα,
3444 3831 3541 3883 καὶ
3583 3846 3718 3900 προσ

2132 3926 2464 3998 τρεπόμενος
2533 3925 2632 3976 ἕνα
2699 3923 2926 3976 ἕκαστον
2994 3921 3314 3994 συνήσθιον,
3377 3922 3472 3975 καὶ
3529 3922 3722 3992 ἀκμὴν

2133 4017 2321 4070 πεινῶ.
2361 4014 2530 4067 Τοῦτο
2567 4014 2623 4067 δὲ
2657 4015 2720 4066 σὺ
2766 4012 2912 4080 ἆπαξ
2956 4012 3147 4082 φαγὼν
3188 4011 3360 4078 οὕτως
3391 4011 3716 4084 ὲκορέσθης,

2131 4110 2270 4162 ὥστε
2305 4109 2499 4178 μηκέτι
2532 4108 2725 4174 φαγεῖν
2752 4104 3033 4161 δύνασθαι.

2200 4194 2261 4245 δ’.
2312 4195 2622 4265 Διηγήσατο
2679 4195 2841 4248 πάλιν
2888 4198 2916 4248 6
2968 4195 3152 4260 αὐτὸς,
3201 4197 3282 4250 ὅτι
3321 4193 3636 4266 Παρέϐαλεν
3686 4194 3718 4246 6

2130 4283 2303 4345 ἀϐὅᾶς
2353 4285 2602 4353 Ἰωάννης
2637 4283 2921 4354 ἅνθρωπος
2966 4285 3235 4338 κοινοϐίου
3270 4284 3575 4355 ἡγούμενος
3619 4299 3718 4352 με-

2130 4377 2316 4444 γάλου,
2361 4377 2440 4447 τῷ
2488 4378 2632 4448 abba]
2690 4378 2935 4448 Παησίῳ,
2987 4380 3043 4429 ὲν
3089 4379 3365 4449 ἀκροτάτῃ
3401 4379 3591 4447 ἐρήμῳ
3638 4376 3720 4428 δι-

2132 4469 2312 4537 άγοντι
2343 4470 2434 4521 ἐπὶ
2467 4469 2562 4536 ἕτη
2593 4471 3026 4540 τεσσαράκοντα,
3056 4469 3149 4521 καὶ¹
3179 4469 3250 4532 ὡς
3281 4469 3418 4538 ἔχων
3452 4467 3588 4538 πρὸς
3619 4469 3718 4520 αύ-

451 4547 686 4601 babebat
719 4550 1065 4615 charitatem,
1119 4553 1353 4623 indeque
1405 4556 1709 4611 libertatem
1748 4559 2025 4628 loquendi,

2137 4560 2224 4610 τὸν
2257 4558 2454 4630 πολλὴν
2491 4561 2731 4631 ἀγάπην,
2765 4561 2862 4614 καὶ
2886 4559 2984 4628 τὴν
3023 4562 3086 4612 ὲκ
3135 4560 3343 4629 ταύτης
3396 4558 3719 4630 παρρησίαν

450 4636 649 4692 dixerit
691 4641 778 4694 ei:
831 4640 969 4703 Quid
1025 4642 1150 4694 boni
1203 4646 1388 4712 operis
1434 4646 1724 4716 designasti
1774 4649 1827 4702 in
1878 4661 2028 4705 tanto

454 4737 718 4798 tempore,
763 4731 834 4783 ita
865 4733 1150 4796 secedens,
1189 4751 1288 4790 nec
1320 4738 1387 4790 ab
1415 4737 1524 4791 ullo
1558 4739 1840 4793 hominum
1871 4742 2030 4798 facile

450 4820 853 4874 conturbatus?
885 4821 974 4877 llle
1000 4827 1112 4876 ait:
1152 4823 1227 4878 Ex
1263 4843 1372 4895 quo
1407 4828 1686 4882 solitarius
1718 4845 1862 4892 sunt,
1889 4847 2030 4885 nun-

518 4976 563 5006 ⁸³
601 4975 856 5064 ξῑιινειηιιΣ
1043 4981 1088 5011 ³⁶
1235 4983 1439 5064 ΚιασσΖ.
1480 4985 1532 5064 ἐξ
1562 4985 1645 5064 ﬁl.
1671 4986 1890 5064 ἀπαρθῇ
1925 4989 2019 5064 ἀπ’

2137 4989 2251 5046 τῶν.
2331 4990 2376 5022 ⁸³
2410 4992 2495 5045 Al.
2542 4992 2915 5064 νηστεύουσιν.

444 5048 679 5118 καρπόν.
756 5051 798 5083 ⁸ο
828 5051 912 5102 Al.
941 5051 1110 5106 inscr.
1140 5051 1342 5108 λοιπόν.
1397 5055 1440 5086 ⁹¹
1466 5055 1548 5108 Al.
1584 5057 1752 5111 inser.
1781 5048 2078 5130 διαξιόρων.

517 5163 627 5222 (60)
671 5159 778 5216 Vit.
814 5162 962 5218 Patr.
998 5181 1116 5224 χιιι,
1141 5165 1216 5230 2;
1255 5167 1411 5222 Cass.
1449 5166 1584 5222 Inst.
1612 5168 1776 5226 v.21.

517 5234 628 5303 (tit)
669 5233 773 5303 Vit.
805 5233 936 5286 Patr
989 5251 1102 5298 xm,
1144 5237 1211 5303 5;
1245 5241 1397 5291 Cass.
1447 5238 1579 5291 Inst.
1604 5256 1655 5298 ν,
1683 5239 1771 5291 ‘25.

516 5302 628 5368 (62)
671 5302 776 5357 Vit.
821 5305 970 5357 Patr.
1005 5322 1080 5366 Iv,
1110 5302 1208 5368 24:
1239 5309 1397 5362 Cass.
1427 5307 1566 5363 Inst.
1606 5325 1658 5364 ν.
1681 5310 1772 5361 ‘27.

515 5374 625 5445 (65)
659 5374 1009 5442 Διηγήσατο.
1047 5377 1103 5429 1η
1141 5376 1399 5436 Pelagio:
1432 5379 1582 5431 Dixit
1610 5378 1772 5430 abbas
1789 5378 2022 5432 ’ϐαθεῖα-

443 5461 561 5506 nus,
596 5447 720 5514 quia
745 5447 977 5500 vettimus
1004 5463 1037 5499 a
1085 5445 1382 5517 Putarstina
1410 5449 1466 5501 in
1493 5446 1803 5517 ngyptum.
1837 5448 2028 5503 Graece

442 5530 510 5567 ex
537 5531 671 5570 mss.
723 5518 758 5568 2
805 5517 1044 5571 Culbert.
1076 5536 1088 5569 :
1125 5514 1290 5570 Εἶπεν
1325 5520 1353 5570 ό
1393 5514 1910 5582 ἀεδᾶςΚασιανὸς,
1938 5520 2023 5572 ὅτι

443 5585 828 5656 παρεϐάλομεν
845 5588 970 5639 --ἀπὸ
993 5587 1356 5656 Παλαιστίνης
1378 5590 1458 5650 εἰς
1486 5588 1780 5655 Αἴγυπτον.

515 5653 623 5724 (ﬁt)
660 5653 742 5707 Οὔ
779 5655 1068 5710 δύνανται
1098 5655 1230 5724 γάρ,
1257 5653 1365 5711 etc.
1393 5653 1584 5710 Matth.
1609 5672 1684 5724 tx,
1722 5658 1788 5712 l5
1811 5675 1826 5722 ;
1850 5657 2016 5712 Marc.

443 5735 508 5794 ιι,
537 5723 755 5794 19,}.‘0;
791 5725 990 5786 Luc.v,
1026 5723 1116 5788 5t,
1152 5723 1240 5779 55.
1263 5727 1340 5780 Ad
1378 5743 1499 5794 qua:
1535 5729 1649 5781 loca
1674 5723 1876 5781 alludit
1897 5745 2024 5794 syn-

439 5791 579 5844 odus
617 5789 674 5846 S.
731 5792 946 5848 l’atricii
982 5785 1116 5864 cap.
1155 5796 1237 5853 Η,
1269 5785 1410 5864 quod
1441 5797 1818 5852 itacdidcrnnt
1858 5816 1869 5849 :
1901 5785 2026 5852 Sta-

2137 4644 2289 4703 εἶπεν
2318 4651 2494 4720 αὐτῷ’
2529 4653 2571 4704 Τ
2578 4653 2594 4704 ί
2631 4654 2688 4704 ἐν
2711 4653 2950 4721 τοσούτῳ
2991 4653 3167 4722 χρόνῳ
3190 4651 3361 4715 οὕτως
3395 4652 3717 4722 ἀναχωρῶν,

2137 4744 2230 4796 καὶ
2255 4743 2360 4796 ὑπὸ
2396 4745 2620 4814 μηδενὸς
2649 4744 2935 4815 ἀνθρώπου
2973 4746 3184 4814 ταχέως
3227 4744 3552 4815 ὀχλούμενος
3581 4762 3721 4798 κατ·
3791 4809 3796 4812 ,

2135 4833 2430 4905 ώρθωσαςς
2476 4837 2534 4890 ὐ
2575 4837 2632 4889 δέ
2662 4855 2825 4910 φησιν
2849 4854 2863 4868 ε
2913 4839 3032 4908 Ἀφ’
3063 4832 3124 4890 οὗ
3161 4838 3419 4908 ὲμόνασα,
3438 4835 3558 4888 ούδέ
3586 4837 3721 4889 ποτέ

3018 4994 3064 5026 ⁸⁸
3091 4993 3176 5048 Al.
3199 4992 3328 5047 add.
3371 4991 3467 5046 καὶ
3507 4993 3720 5063 ποιήσῃ

2127 5182 2297 5226 tul-mn
2325 5187 2380 5226 ut
2403 5173 2602 5228 Christi
2631 5175 2914 5228 adventum
2951 5176 3129 5240 sponsi
3170 5173 3346 5227 nulla:
3396 5183 3542 5227 ratas
3581 5173 3720 5243 leges

2126 5244 2354 5296 inveniat
2402 5243 2618 5312 jejunii.
2677 5245 2818 5311 Quid
2854 5255 3027 5299 autent
3060 5246 3197 5298 inter
3250 5243 3612 5298 Novatiauum
3663 5253 3717 5299 et

2128 5312 2491 5384 Christianum
2529 5317 2766 5377 interest,
2808 5317 2914 5369 nisi
2947 5315 3088 5384 quod
3131 5313 3466 5384 Novatianus
3509 5313 3718 5368 indesi-

2127 5391 2328 5448 nenter,
2359 5383 2701 5439 Christianus
2727 5402 2846 5440 vero
2875 5383 2968 5455 per
3001 5396 3201 5453 tempus
3222 5383 3520 5455 abstineat;
3544 5384 3718 5455 utio-

2124 5464 2322 5527 ctts,__et
2356 5464 2576 5522 tempus,
2611 5465 2661 5509 et
2685 5453 2911 5527 persona
2949 5471 3042 5525 per
3062 5456 3240 5527 omnia
3267 5453 3585 5527 observetur,
3602 5453 3719 5527 Ego

2123 5522 2421 5579 edidissem
2459 5521 2568 5578 Vaut
2607 5521 2983 5581 emendassent
3020 5525 3355 5586 :Statutum,
3396 5535 3453 5577 ut
3510 5521 3721 5582 Christi

2123 5591 2399 5665 adventus,
2429 5597 2629 5662 sponsi,
2665 5595 2840 5665 nullas
2876 5605 3022 5650 ratas
3055 5597 3190 5665 leges
3214 5595 3441 5648 inveniat
3456 5595 3676 5665 jejunii.

2196 5665 2307 5733 (65)
2349 5664 2412 5716 '0
2451 5661 2629 5732 αὐτὸς
2657 5661 3121 5723 claei-.Consule
3146 5665 3403 5720 Ruﬁnum
3457 5661 3518 5719 in
3579 5663 3722 5721 Vitis

2127 5731 2353 5788 Patrum
2378 5734 2474 5791 lib.
2502 5751 2587 5801 ιιι,
2612 5731 2667 5790 ιι.
2694 5735 2787 5789 24.
