4032 6334
296 339 390 395 245

1410 331 2015 388 APOPIITHEGMATA
2048 333 2353 391 PATRUH.

3411 346 3516 400 ⁸146

297 468 360 523 με
392 444 529 503 εἶδεν
571 449 603 505 6
647 447 800 521 ἥλιος
852 449 1116 503 ἐσθίοντα.
1169 446 1305 504 Eine
1354 451 1412 504 δὲ
1466 452 1560 506 καὶ
1607 455 1636 506 6
1680 450 1850 515 ἀσδᾶς

1955 468 2116 521 quam
2151 468 2238 509 me
2273 452 2408 507 vidit
2429 454 2511 508 sol
2538 454 2981 511 manducantem.
3020 456 3241 528 Excepit
3269 475 3398 513 vero
3428 462 3520 515 ab-

302 539 550 610 Ἷωάννης
568 557 584 573 ·
614 538 749 593 Οὐδὲ
776 536 876 609 ἐμὲ
906 538 1272 610 ὀργιζόμενον.

355 635 415 684 ε’.
454 628 660 684 Τοῦτον
702 628 793 682 τὸν
825 628 997 683 ἀϐϐἆν
1040 629 1293 699 Ἰωάννην
1321 629 1448 701 περὶ
1475 629 1571 701 τὴν
1599 628 1853 701 τελευτὴν

293 719 432 787 ὅντα,
468 719 565 772 καὶ
611 718 950 791 ὲκδημοῦντα
999 719 1293 792 προθύμως
1339 722 1431 774 καὶ
1480 720 1679 792 ἱλαρῶς
1718 722 1854 791 πρὸς

292 809 376 862 τὸν
421 808 573 875 Θεὸν,
624 808 938 863 ἐκύκλωσαν
984 812 1035 863 oi
1084 811 1323 881 ἀδελφοὶ,
1371 811 1646 875 ἀξιοῦντες
1695 811 1853 879 λόγον

290 899 406 953 τινα
431 898 693 970 σύντομον
722 901 816 954 καὶ
846 903 1109 972 σωτήριον
1141 904 1197 956 ἐν
1230 902 1433 975 κλήρου
1459 902 1608 970 τάξει
1633 902 1854 956 καταλι-

292 994 408 1045 πεῖν
462 991 683 1055 αὐτοῖς,
736 992 803 1044 δι’
851 984 912 1045 οὗ
975 992 1292 1064 δυνήσονται
1349 993 1601 1065 ἐπιϐῆναι
1651 994 1747 1063 τῆς
1796 995 1853 1047 ὲν

290 1080 503 1153 Χριστῷ
534 1080 889 1153 τελειότητος.
931 1082 988 1136 '0
1016 1084 1071 1137 δὲ
1097 1084 1352 1151 στενάξας
1414 1085 1516 1157 ἔφη
1543 1102 1556 1117 ·
1586 1084 1853 1138 Οὐδέποτε

290 1173 517 1245 ἐποίησα
556 1173 617 1225 τὸ
656 1173 799 1226 ἴδιον
828 1172 1069 1245 θέλημα”
1112 1176 1231 1229 οὐδέ
1277 1193 1399 1231 τινα
1445 1176 1681 1243 ἐδίδαξα,
1718 1177 1853 1246 ὅπερ

289 1264 551 1336 πρότερον
588 1265 687 1317 οὐκ
720 1265 969 1337 ἐποίησα.

360 1362 432 1419 ς’.
491 1356 802 1426 Διηγὴσατο
856 1357 1014 1417 πάλιν
1076 1359 1202 1428 περὶ
1250 1358 1438 1429 ἐτέρου
1488 1360 1743 1430 γέροντος
1795 1360 1853 1412 ὲν

292 1445 478 1515 ἐρήμῳ
507 1443 895 1515 καθεζομένου,
927 1446 1005 1498 ὅτι
1040 1444 1378 1516 παρεκάλεσε
1409 1444 1499 1499 τὸν
1539 1445 1670 1499 Θεὸν
1706 1444 1856 1516 χαρί-

296 1535 483 1588 σασθαι
514 1533 681 1603 αύτῷ,
718 1534 855 1588 ὥστε
889 1536 1153 1607 μηδέποτε
1181 1537 1437 1602 νυστάξαι
1482 1537 1644 1591 αὐτὸν
1672 1554 1852 1590 κινου-

294 1624 456 1696 μένης
499 1624 714 1693 ὁμιλίας
759 1627 1166 1698 πνευματικῆς·
1210 1631 1259 1682 εί
1288 1628 1345 1681 δέ
1397 1646 1479 1695 τις
1523 1630 1853 1695 καταλαλιᾶς

289 1714 324 1788 ἢ
369 1716 695 1787 ἀργολογίας
758 1716 948 1785 λόγους
999 1719 1279 1791 ἐπιφέρει,
1336 1720 1496 1785 εὐθὺς
1551 1722 1632 1786 είς
1689 1720 1853 1774 ὕπνον

1950 544 2048 599 bas
2080 542 2357 601 Joannes:
2391 542 2578 615 Neque
2612 562 2698 602 me
2731 547 2955 601 iratum.

2021 636 2072 690 5.
2118 634 2229 706 (66)
2268 635 2423 703 nunc
2446 638 2694 692 abbatem
2740 635 3026 702 Joannem,
3063 654 3185 693 cum
3242 640 3343 694 sub
3377 656 3519 695 mor-

1950 734 2057 781 tem
2097 733 2262 791 esset,
2299 735 2351 781 et
2388 728 2640 783 alacriter
2670 729 2953 798 hilareque
2980 730 3046 784 ad
3090 729 3258 785 Deum
3302 732 3520 801 profici-

1953 823 2221 881 sceretur,
2246 814 2719 869 circumdederunt
2744 814 3309 886 fratres,postulantes
3342 826 3400 873 ut
3438 821 3520 875 eis

1952 904 2287 960 btereditatis
2339 905 2457 959 loco
2500 920 2804 960 sermonem
2843 907 3150 977 quempiam
3205 909 3420 963 brevem
3457 924 3521 963 ac

1952 995 2245 1051 salutarem
2278 996 2628 1065 relinqueret,
2662 1011 2758 1064 per
2794 1012 2952 1066 quem
2995 1005 3217 1067 possent
3240 998 3518 1068 pervenire

1953 1088 2019 1142 ad
2066 1087 2456 1159 perfectionem
2508 1088 2562 1140 in
2614 1086 2852 1142 Christo.
2886 1088 2978 1143 Ille
3001 1104 3128 1144 vero
3162 1091 3521 1161 ingemiscens

1951 1180 2121 1235 dixit:
2157 1178 2444 1250 Nunquam
2510 1180 2611 1234 feci
2654 1196 2848 1235 meam'
2882 1182 3251 1248 voluntatem;
3284 1199 3382 1238 nec
3419 1183 3518 1236 ali-

1954 1287 2111 1341 quem
2142 1272 2327 1336 docui,
2365 1272 2506 1341 quod
2547 1272 2696 1341 prius
2722 1287 2830 1326 non
2863 1271 3101 1327 fecerim.

2022 1363 2075 1417 6.
2119 1362 2230 1432 (67)
2262 1363 2460 1417 lterum
2495 1363 2738 1417 narravit
2765 1363 2833 1418 de
2859 1363 2966 1417 alio
3008 1378 3138 1419 sene
3187 1364 3278 1433 qui
3307 1365 3360 1417 in
3397 1379 3518 1419 ere—

1954 1468 2042 1507 mo
2098 1453 2392 1517 residebat,
2446 1453 2593 1522 quod
2638 1452 2806 1508 Deum
2836 1454 3132 1524 rogaverit,
3185 1464 3244 1508 ut
3282 1457 3330 1508 ei
3381 1455 3521 1509 hanc

1954 1548 2181 1618 gratiam
2216 1546 2519 1602 conferret:
2556 1563 2623 1603 ne
2655 1563 2893 1618 unquam
2925 1555 3074 1601 moto
3103 1547 3373 1616 colloquio
3407 1547 3520 1616 spi-

1954 1638 2134 1691 rituali
2170 1636 2525 1700 dormitaret;
2585 1637 2630 1690 si
2658 1651 2789 1693 vero
2832 1634 3185 1691 detractionis
3231 1636 3314 1690 vel
3359 1635 3521 1690 otiosi

1957 1728 2227 1785 sermonis
2259 1728 2530 1797 quispiam
2557 1726 2721 1782 verba
2750 1725 3039 1796 proferret,
3074 1727 3256 1782 statim
3291 1725 3344 1779 in
3375 1740 3523 1780 som-

292 1806 713 1879 καταφέρεσθαι,
774 1809 859 1862 ἵνα
918 1809 990 1881 μὴ
1048 1811 1124 1863 ίοῦ
1182 1811 1420 1864 τοιούτου
1478 1811 1745 1881 γεύωνται
1796 1815 1850 1866 αί

1953 1837 2082 1876 num
2116 1819 2396 1886 incideret,
2423 1833 2534 1888 quo
2565 1817 2834 1887 ejusmodi
2876 1832 3143 1872 venenum
3172 1832 3280 1870 non
3311 1816 3524 1886 accipe-

291 1899 445 1951 ἀκοαὶ
486 1896 672 1952 αὐτοῦ.
723 1893 891 1965 υῦτος
925 1902 981 1956 δὲ
1015 1901 1191 1971 ἔλεγε,
1218 1902 1306 1957 τὸν
1332 1903 1574 1958 διάϐολον
1621 1906 1852 1959 σπουδα-

291 1989 416 2058 στὴν
459 1985 601 2043 εἶναι
645 1991 744 2061 τῆς
783 1990 1131 2062 ἀργολογίας,
1178 1995 1433 2066 πολέμιον
1464 1995 1520 2049 δὲ
1560 1997 1740 2068 πάσης
1771 1998 1852 2051 δι-

288 2077 579 2144 δασκαλίας
642 2083 1043 2154 πνευματικῆς·
1103 2082 1329 2156 τοιούτῳ
1393 2086 1671 2157 χρώμενος
1723 2087 1852 2139 ὐπο-

204 2182 213 2191 °
289 2162 566 2240 δείγματι’
613 2171 915 2237 Δαλοῦντος
945 2175 1052 2246 γάρ
1080 2192 1202 2245 μου,
1235 2174 1387 2247 φησι,
1423 2177 1551 2247 περὶ
1589 2177 1853 2246 ὠφελείας

291 2257 421 2327 πρὸς
449 2274 605 2321 τινας
642 2258 923 2328 ἀδελφοὺς,
955 2260 1194 2332 τοσούτῳ
1225 2261 1377 2332 ὕπνῳ
1423 2261 1576 2331 βαθεῖ
1596 2264 1851 2332 κατεσχέ-

292 2346 474 2416 θησαν.
504 2348 646 2402 ὥστε
681 2352 818 2420 μήτε
847 2351 914 2405 τὰ
936 2350 1177 2424 βλέφαρα
1204 2356 1371 2406 κινεῖν
1390 2354 1668 2407 δύνασθαι.
1711 2353 1851 2422 Ἐγὼ

290 2434 374 2493 ὤν
400 2438 568 2494 θέλων
607 2441 778 2508 δεῖξαι
802 2441 894 2495 τοῦ
939 2444 1189 2514 δαίμονος
1232 2445 1328 2516 τὴν
1361 2447 1660 2517 ἐνέργειαν,
1698 2447 1851 2514 λόγον

288 2530 612 2600 ἁργολογίας
657 2533 1063 2604 παρεισήνεγκα
1098 2552 1111 2566 ·
1166 2537 1249 2604 ἐφ’
1292 2530 1336 2604 ᾦ
1374 2539 1631 2608 χαρέντες
1680 2555 1852 2607 παρα-

289 2621 468 2692 χρῆμα
500 2622 778 2693 διένηψαν.
815 2623 1081 2689 Στενάξας
1117 2626 1173 2679 δὲ
1215 2622 1367 2681 εἷπον
1390 2642 1403 2657 ’
1453 2629 1628 2699 Μέχρι
1672 2630 1850 2684 τοίνυν

288 2713 408 2778 περὶ
461 2711 731 2783 οὐρανίων
797 2713 1137 2783 πραγμάτων
1189 2713 1573 2785 διελεγόμεθα,
1631 2716 1848 2769 πάντων

289 2801 433 2871 ὑμῶν
475 2803 525 2853 οἱ
567 2802 838 2873 ὀψθαλμοὶ
873 2803 952 2874 τῷ
996 2801 1148 2876 ὕπνῳ
1200 2807 1537 2876 συνείχοντο’
1589 2808 1749 2878 ἡνίκα
1793 2809 1849 2862 δὲ

286 2892 437 2961 λόγος
480 2893 647 2962 ἀργὸς
682 2893 871 2965 ἐρρύη,
926 2894 1122 2957 πάντες
1182 2899 1321 2966 μετὰ
1358 2898 1663 2969 προθυμίας
1703 2899 1849 2954 διαν-

287 2983 624 3054 έστητε.Διὸ,
657 2983 872 3053 ἀδελφοὶ
889 2986 956 3048 θ’,
982 2986 1301 3057 παρακαλῶ,
1326 2988 1589 3055 ὲπίγνωτε
1620 2988 1713 3042 τοῦ
1747 3008 1847 3043 πο-

288 3074 447 3146 νηροῦ
479 3075 733 3145 δαίμονος
778 3075 875 3148 τὴν
925 3078 1226 3147 ἐνέργειαν,
1272 3078 1367 3132 καὶ
1413 3080 1624 3144 ἑαυτοῖς
1680 3098 1846 3151 προσ-

289 3165 455 3235 έχετε,
489 3167 879 3238 φυλαττόμενοι
910 3169 1000 3221 τὸν
1031 3170 1359 3241 νυσταγμὸν,
1387 3170 1547 3241 ήνίκα
1573 3188 1625 3223 τι
1648 3175 1848 3224 ποιεῖτε

287 3258 676 3327 πνευματικὸν,
712 3257 745 3329 ἢ
773 3258 1020 3313 ἀκούετε.

350 3343 415 3410 ζ’.
455 3341 590 3398 Eine
621 3347 802 3410 πάλιν,
834 3348 914 3401 ὅτι
938 3349 1306 3420 Συγκλητικός
1333 3368 1415 3414 τις
1431 3350 1562 3422 (65‘)
1581 3353 1850 3417 ἀποταξά-

290 3452 465 3505 μενος,
520 3437 614 3489 καὶ
660 3438 727 3491 τὰ
774 3439 967 3492 ἑαυτοῦ
1016 3442 1327 3512 ὑπάρχοντα
1377 3444 1568 3513 πένησι
1614 3444 1848 3509 διαδοὺς,

289 3529 669 3598 παρακατέσχε
707 3530 828 3582 τινὰ
853 3533 926 3593 είς
963 3531 1098 3584 ἰδίαν
1124 3533 1443 3593 ἀπόλαυσιν,
1488 3534 1562 3604 μὴ
1594 3533 1850 3605 βουλόμε-

286 3633 371 3681 νος
413 3618 516 3689 τὴν
557 3621 621 3672 ἐκ
648 3620 747 3690 τῆς
775 3620 982 3684 τελείας
1026 3624 1302 3693 ἁποταγῆς
1348 3625 1705 3690 ἀναδέξασθαι
1753 3642 1849 3677 τα-

287 3711 734 3782 πεινοφροσύνην,
770 3713 865 3765 καὶ
895 3712 993 3783 τὴν
1024 3716 1249 3784 γνησίαν
1293 3716 1569 3784 ὑποταγὴν
1601 3716 1692 3768 τοῦ
1742 3734 1852 3770 κοι-

285 3799 528 3854 νοΰιακοῦ
570 3801 813 3865 κανόνος.
849 3803 989 3873 Πρὸς
1022 3804 1078 3859 ὃν
1107 3808 1133 3858 ὁ
1160 3807 1216 3857 ὲν
1244 3806 1418 3873 ἁγίοις
1454 3807 1727 3869 Βασίλειος
1774 3806 1856 3859 λό-

285 3908 374 3961 γον
427 3890 810 3962 ἀπεφθέγξατο
858 3896 1130 3949 τοιοῦτον·
1181 3897 1290 3950 Καὶ
1349 3899 1439 3950 τὸν
1496 3898 1853 3968 συγκλητικὸν

286 3983 592 4050 ἀπώλεσας,
627 3987 722 4039 καὶ
754 3987 986 4058 μοναχὸν
1027 3989 1126 4040 οὐκ
1160 3990 1441 4059 ἐποίησας.

351 4082 417 4145 η’.
458 4073 596 4129 Εἷπε
626 4077 810 4142 πάλιν,
838 4077 919 4131 ὅτι
946 4074 1051 4130 Ἦν
1076 4096 1157 4141 τις
1182 4080 1411 4148 μοναχὸς
1434 4080 1599 4132 οἰκῶν
1622 4081 1680 4133 ἐν
1723 4097 1855 4150 σπη-

287 4168 416 4241 λαίῳ
455 4171 513 4222 ὲν
560 4172 788 4242 ἐρήμῳο
837 4172 931 4225 καὶ
976 4172 1217 4242 ἐδηλώθη
1262 4171 1409 4241 αὐτῷ
1455 4173 1557 4226 ὑπὸ
1586 4173 1693 4226 τῶν
1723 4190 1841 4241 συγ-

287 4258 455 4324 γενῶν
492 4259 634 4312 κατὰ
670 4262 867 4331 σάρκα,
898 4264 979 4315 ὅτι
1035 4264 1092 4315 Ὀ
1123 4264 1305 4333 πατήρ
1350 4279 1441 4315 σου
1488 4264 1723 4334 ἰσχυρῶς
1764 4265 1851 4316 ὲν-

290 4349 539 4417 οχλεῖται,
586 4352 681 4403 καὶ⁹
708 4351 889 4420 μέλλει
924 4353 1200 4423 τελευτᾷν,
1234 4353 1355 4406 ἐλθὲ
1384 4355 1471 4407 ἵνα
1515 4355 1856 4426 κληρονομή-

1951 1921 2071 1967 rent
2093 1925 2254 1963 aures
2287 1909 2425 1977 ejus.
2459 1908 2604 1963 Idem
2640 1906 2876 1971 dicebat,
2912 1906 3188 1960 diabolum
3219 1906 3521 1960 studiosum

1955 2020 2082 2061 esse
2109 2004 2272 2058 otiosi
2301 2002 2592 2067 sermonis,
2621 2000 2834 2055 hostem
2863 2014 2991 2053 vero
3012 1999 3191 2053 omnis
3222 1998 3522 2067 spiritualis

1949 2096 2238 2159 doctrinae;
2274 2094 2375 2148 hoc
2399 2108 2532 2148 usus
2553 2091 2799 2161 exemplo
2828 2108 2841 2145 :
2893 2088 2998 2157 Me,
3034 2090 3228 2158 inquit,
3272 2088 3336 2142 ad
3375 2103 3513 2141 non-

1950 2188 2129 2241 nullos
2152 2187 2346 2240 fratres
2379 2185 2634 2253 loquente
2665 2181 2730 2236 de
2753 2196 2812 2236 re
2839 2185 3033 2235 animae
3062 2181 3202 2238 utili.
3236 2178 3370 2233 adeo
3399 2193 3523 2247 pro-

1951 2277 2121 2331 fumlo
2167 2291 2359 2331 soumo
2403 2274 2652 2344 occupati
2681 2281 2830 2335 sunt,
2862 2280 2921 2327 ut
2952 2286 3051 2326 nec
3095 2271 3383 2340 palpebras
3408 2281 3523 2322 mo-

1950 2384 2074 2422 vere
2106 2375 2345 2436 possent.
2388 2365 2589 2422 Volens
2632 2365 2801 2435 igitur
2834 2378 2936 2433 ego
2966 2361 3227 2416 daemonis
3249 2359 3521 2429 Operatio-

1949 2475 2071 2513 netn
2124 2458 2432 2523 ostendere,
2487 2470 2794 2512 sermonem
2845 2466 3261 2525 supervacanea
3299 2449 3524 2518 loquela:

1949 2552 2171 2615 induxi;
2221 2550 2287 2604 ad
2341 2565 2496 2619 quem
2578 2548 2654 2601 illi
2713 2545 2926 2616 gavisi,
2976 2544 3118 2598 illico
3175 2540 3518 2625 evigilarunt.

1948 2642 2312 2713 lngemiscens
2336 2648 2518 2693 autem
2542 2637 2688 2692 dixi:
2720 2634 2973 2703 Quandiu
3010 2634 3176 2704 igitur
3196 2630 3261 2686 de
3289 2629 3522 2686 caelesti-

1948 2734 2052 2788 bus
2091 2733 2254 2787 rebus
2291 2730 2672 2793 disseruimus,
2700 2728 2943 2784 omnium
2976 2732 3217 2780 vestrum
3252 2720 3401 2776 oculi
3427 2720 3522 2773 tle-

1950 2825 2265 2879 tinebantur
2291 2837 2519 2887 somno;
2571 2826 2859 2889 postquam
2912 2832 3041 2871 vero
3071 2815 3283 2869 otiosus
3319 2809 3523 2866 eﬂluxit

1948 2930 2150 2977 sermo,
2185 2914 2370 2967 cuncti
2422 2927 2547 2965 cum
2599 2908 2883 2963 alacritate
2927 2904 3163 2973 excitati
3190 2903 3343 2958 estis.
3378 2899 3524 2969 Quo-

1949 3007 2115 3070 circa,
2143 3005 2357 3063 fratres.
2398 3003 2650 3065 obsecro,
2697 2997 2977 3069 agnoscite
3008 2996 3131 3048 mali
3156 2992 3413 3049 daemonis
3442 2991 3524 3045 in-

1952 3094 2320 3164 stigationean,
2348 3099 2401 3145 et
2436 3090 2695 3144 attendite
2727 3086 2883 3141 vobis
2924 3085 3082 3154 ipsis,
3116 3090 3370 3137 caventes
3392 3080 3521 3135 dor-

1951 3184 2286 3238 mitationem
2315 3224 2328 3248 ,
2370 3196 2492 3235 cum
2527 3176 2731 3249 aliquid
2760 3177 3043 3248 spirituale
3080 3172 3170 3227 vel
3210 3170 3410 3233 facitis,
3440 3169 3522 3224 vel

1953 3274 2175 3329 auditis.

2018 3366 2069 3419 7.
2117 3366 2225 3435 (68)
2258 3361 2400 3415 Dixit
2433 3361 2651 3416 iterum.
2697 3358 2841 3428 quod
2875 3363 3096 3411 senator
3124 3352 3344 3423 quidam
3397 3364 3520 3403 eum

1952 3455 2149 3511 stnculo
2182 3456 2584 3515 renuntiasset,
2639 3456 2693 3503 et
2722 3448 2864 3502 bona
2909 3460 3007 3499 sua
3055 3439 3424 3497 distribuisset
3468 3437 3520 3490 in

1953 3557 2239 3612 pauperes,
2275 3539 2521 3609 quaedam
2549 3537 2773 3591 retinuit
2804 3533 2872 3587 ad
2920 3545 3079 3585 usum
3114 3544 3296 3593 suum,
3330 3526 3523 3580 nolens

1952 3632 2310 3686 humilitatem
2340 3646 2370 3684 e
2398 3628 2640 3697 perfecta
2653 3623 3059 3681 renuntiatione
3087 3619 3529 3691 proﬁciscentem

1953 3724 2257 3793 suscipere,
2291 3733 2346 3775 ut
2373 3737 2471 3775 nec
2502 3721 2771 3775 sinceram
2801 3714 3135 3771 cmnobiacaa
3169 3711 3365 3780 regulae
3393 3707 3523 3764 sub-

1948 3815 2268 3884 jectionem.
2301 3812 2379 3864 Ad
2435 3826 2593 3881 quem
2649 3815 2874 3864 sanctus
2926 3804 3162 3861 Basilius
3210 3798 3522 3870 bujusmodi

1956 3906 2179 3974 protulit
2212 3903 2538 3957 sententiam
2581 3898 2687 3955 :Et
2733 3904 3039 3953 senatorem
3070 3892 3373 3964 perdidisti,
3424 3905 3524 3943 nec

1954 3995 2179 4050 effecisti
2228 3994 2577 4047 monachum.

2024 4087 2078 4141 8.
2115 4084 2316 4139 Retulit
2346 4090 2605 4152 praeterea
2632 4097 2645 4133 :
2678 4079 2805 4132 Erat
2835 4077 3056 4147 quidam
3089 4072 3413 4134 monachus,
3465 4069 3518 4124 in

1955 4180 2214 4249 spelunca
2241 4175 2408 4230 eremi
2446 4172 2732 4237 habitans;
2766 4170 2853 4224 cui
2878 4168 2972 4238 qui
3008 4163 3297 4237 propinqui
3326 4176 3522 4217 secun-

1956 4269 2083 4322 dum
2120 4282 2339 4320 carnem
2366 4273 2521 4318 erant
2555 4260 3028 4331 signiﬁcaverunt:
3057 4255 3216 4308 Pater
3244 4261 3369 4307 tuus
3396 4265 3522 4321 gra-

1955 4360 2006 4412 vi
2031 4359 2221 4412 morbo
2254 4358 2485 4416 laborat,
2510 4363 2701 4423 estque
2731 4367 2798 4406 ex
2836 4365 2903 4405 eo
2944 4347 3277 4408 moriturus;
3312 4343 3433 4396 veni
3463 4349 3523 4394 ut

290 4455 384 4510 σῃς
417 4442 599 4495 αὐτόν.
640 4443 698 4495 Ὀ
726 4443 783 4496 δὲ
810 4444 1076 4515 ἀπεκρίθη
1114 4447 1248 4516 πρὸς
1283 4446 1511 4509 αὐτούς’
1568 4446 1708 4515 Ἐγὼ
1748 4450 1850 4517 πρὸ

1955 4449 2320 4504 hrcreditatem
2376 4445 2582 4516 capias.
2620 4444 2689 4497 At
2734 4443 2824 4496 ille
2878 4436 3193 4507 respondit:
3241 4434 3350 4504 Ego
3397 4439 3522 4485 ante

290 4535 490 4587 ἐκείνου
536 4535 806 4589 ἀπέθανον
834 4537 912 4607 τῷ
938 4537 1127 4609 κόσμῳ
1148 4555 1163 4569 ·
1195 4539 1387 4608 νεκρὸς
1425 4538 1600 4603 ζῶντα
1631 4541 1690 4593 ού
1719 4538 1850 4610 κλη-

292 4630 522 4697 ρονομεῖ.

352 4745 397 4776 ’³
430 4743 514 4797 ΑΙ.
552 4745 842 4815 ἀγαπητοί.

356 4898 486 4969 (65‘)
518 4901 927 4968 Συγκλητικός
948 4917 1067 4969 τις,
1094 4898 1422 4969 θιοηΕΧεοιιιι
1454 4916 1520 4953 eo
1551 4900 1617 4952 de
1640 4898 1849 4969 Apoph—

294 4966 539 5039 tltigmdte
562 4966 893 5039 epigramma
933 4968 1160 5023 Joannis
1197 4968 1516 5039 Geometrze,
1570 4968 1637 5039 lt
1675 4966 1849 5020 Para—

294 5038 609 5108 disi;quod’
643 5038 734 5094 hic
770 5039 991 5109 apponi,
1035 5038 1337 5101 emendari,
1389 5045 1552 5107 atque
1588 5038 1850 5091 illustrari

296 5118 542 5163 meretur.

356 5200 468 5253 Ὅτι
496 5201 535 5269 ἠ
560 5201 955 5269 ἁκτημοσύνη
984 5198 1138 5266 ἁγνὴ
1166 5198 1235 5251 ἐν
1263 5197 1566 5269 μοναχοῖς.

294 5260 445 5323 Ἦλθ’
462 5260 919 5336 ἁπὶοταξᾶμενος
942 5260 1304 5331 κυδίοέτατός
1332 5268 1395 5331 ἐς
1418 5260 1526 5336 Eat
1536 5282 1642 5317 ταν
1669 5266 1843 5333 ἀνήρ·

356 5340 458 5394 Kal
478 5339 640 5394 πολὺ
661 5334 864 5407 χρῆμα
895 5338 1095 5402 διδοὺς
1119 5334 1558 5407 κᾴὶλιπενμοΐτι
1576 5336 1774 5407 μέρος.

295 5407 426 5463 Εῐπε
439 5409 505 5463 δέ
520 5427 613 5474 τις
627 5424 640 5436 ·
661 5401 863 5460 Kal-td
887 5408 1029 5473 πρὶν
1051 5401 1389 5470 ἀπώλεσας,
1402 5401 1449 5459 ὦ
1466 5401 1625 5474 φίλε,
1644 5401 1847 5468 κῦδος,

358 5473 615 5545 Τερινὸῶ
654 5476 782 5541 ἐὸν,
811 5477 913 5530 καὶ
939 5480 971 5530 ό
1002 5476 1145 5542 δοὺς
1174 5477 1358 5545 (scrib.
1394 5473 1718 5539 ὁδοὺς)οὺκ
1750 5474 1855 5526 ἐπ-

1384 5543 1545 5614 [ἐϐης
1574 5545 1775 5597 ἀϐίων.

1476 5561 1545 5608 ης
1574 5561 1775 5597 amatr.

294 5635 395 5692 lloe
419 5651 503 5694 est
533 5656 601 5696 ex
630 5652 753 5694 mea
786 5637 1233 5706 interpretatione
1265 5636 1330 5688 all
1367 5634 1592 5688 verbum
1622 5649 1634 5684 :

294 5726 430 5793 QuOd
453 5733 633 5798 inopia
661 5744 801 5799 pura
839 5742 949 5779 esse
978 5724 1154 5778 debeat
1190 5726 1241 5777 in
1280 5721 1567 5776 monac/tis.

1956 4558 2078 4598 eum
2141 4539 2345 4595 mundo
2402 4546 2650 4591 mortuus
2727 4548 2847 4588 sum
2910 4551 2923 4585 :
2986 4536 3234 4582 mortuus
3294 4523 3522 4579 viventis

1955 4633 2128 4687 hmt‘cs
2184 4647 2305 4684 esse
2356 4644 2459 4682 non
2497 4633 2693 4697 potest.

1970 4895 2121 4949 Venit
2157 4893 2366 4947 Sectam
2403 4905 2520 4943 cum
2550 4872 2745 4941 εωέιιίο
2788 4885 3141 4938 renuntiasset
3189 4881 3271 4933 vir
3308 4878 3519 4947 quidam

2977 4951 3414 5034 [illustrissimus
3434 4963 3488 5034 ,‘P

1960 5033 2248 5101 Multisque
2275 5030 2456 5098 opibus
2484 5027 2745 5097 elargitis,
2775 5023 2878 5078 sibi
2912 5017 3142 5090 alii/nam
3167 5029 3366 5101 partem
3395 5017 3520 5101 reli-

3296 5088 3451 5157 [quil_.

1968 5171 2109 5224 Dixit
2142 5180 2317 5223 autem
2344 5183 2598 5222 nonnemo
2630 5182 2646 5219 :
2685 5163 2728 5219 0
2761 5164 2944 5224 amice,
2963 5169 3012 5213 et
3044 5159 3268 5296 priorlem
3297 5155 3520 5273 gloriam

3207 5240 3383 5277 (ιιιιιδτδ
3413 5239 3448 5279 2,

3207 5239 3448 5279 (ιιιιιετδιι,

1959 5308 2088 5376 Quw
2110 5305 2350 5376 jucunda
2387 5315 2534 5370 erat;
2586 5321 2676 5376 nec
2729 5303 2985 5371 ingressus
3016 5310 3094 5349 es'
3116 5298 3168 5347 in
3204 5296 3311 5376 vias
3342 5304 3520 5376 eorum

2590 5372 2696 5444 [qut
2737 5366 3095 5444 paupertatem
3119 5366 3447 5444 prof-tentur.

1959 5446 2012 5499 Id
2053 5454 2135 5499 est
2164 5446 2247 5497 hic
2274 5456 2325 5497 ιιι
2350 5444 2499 5504 alibi,
2521 5433 2946 5501 monachorum;
2986 5433 3430 5504 juxtaiGlossatn
3463 5446 3511 5481 ιιι

1960 5514 2162 5569 Nicetae
2195 5513 2494 5567 Acominati
2528 5511 2725 5564 Iudice.
2757 5511 2918 5561 ἄϐιοι,
2949 5503 3188 5572 μοναχοί.

2030 5585 2140 5651 (66)
2184 5583 2282 5635 Vit.
2317 5582 2468 5634 Patr.
2502 5597 2537 5641 ι,
2569 5580 2675 5651 Ml;
2698 5579 2850 5651 Cass.
2888 5570 3020 5651 Inst.
3054 5588 3105 5625 v.
3145 5570 3276 5651 ‘28.“
3324 5636 3353 5650 _

2030 5637 2141 5721 (67')
2188 5653 2289 5721 Vit.
2327 5651 2474 5721 Patr.
2509 5637 2582 5705 xu.
2614 5637 2683 5721 71$
2712 5642 3085 5721 ;r_(2ass..lnst.
3126 5656 3175 5699 v,
3324 5637 3411 5693 51.

2032 5710 2140 5792 ξϋὸ)
2183 5720 2284 5772 l't't.
2319 5720 2466 5771 l’utr.
2505 5735 2574 5783 vi,
2608 5720 2670 5768 lt)
2696 5734 2707 5779 ;
2737 5718 2885 5769 Cass.
2922 5712 3053 5765 Inst.
3086 5727 3177 5773 ιιι,
3227 5710 3304 5762 iii.
