4032 6334
446 363 552 423 ⁸24⁸1

954 483 1026 538 De
1052 485 1235 538 abbate
1264 482 1477 536 Cronio.

516 599 567 652 1.
608 596 800 652 Frater
829 599 895 652 ab
935 600 1128 652 abbate
1155 597 1353 651 Cronio
1399 596 1571 664 petiit,
1606 604 1662 649 ut
1687 597 1735 650 ei
1786 596 2006 665 aliquod

453 689 666 744 verbum
715 687 993 758 proferret.
1033 687 1214 756 Itaque
1263 686 1338 740 ait
1377 686 1491 739 illi:
1524 685 1752 751 Quando
1782 686 2008 740 Elisaaus

454 779 590 832 venit
611 777 676 831 ad
710 777 1120 839 Sunamitidem,
1139 776 1340 829 invenit
1362 792 1479 830 eam
1508 778 1637 830 nih'l
1665 778 1859 846 negotii
1883 793 2006 830 eum

451 879 716 933 quoquam
745 864 1058 928 habentem;
1090 865 1340 934 concepit
1369 865 1550 934 igitur,
1577 883 1639 920 ac
1664 868 1891 936 peperit,
1917 883 2010 936 per

449 957 734 1010 adventum
782 957 960 1011 Elisaai
993 957 1056 1011 ".
1117 956 1308 1012 Frater
1351 957 1486 1012 dixit
1522 976 1536 1012 :
1570 957 1708 1023 Quid
1749 959 1851 1012 hoc
1892 975 2010 1013 ver-

451 1049 574 1102 bum
613 1048 714 1102 sibi
747 1048 904 1102 vult?
929 1047 1226 1119 Respondit
1250 1064 1412 1102 senex
1441 1067 1455 1102 :
1487 1049 1676 1102 Anima
1722 1065 1843 1103 cum
1876 1049 2009 1120 vigi-

450 1137 654 1200 laverit,
705 1146 758 1192 et
803 1153 861 1193 se
899 1139 1202 1192 coercuerit
1231 1154 1259 1191 a
1290 1138 1663 1200 distractione,
1702 1140 2010 1210 reliquerit-

449 1244 554 1298 que
584 1229 884 1284 voluntates
917 1244 1067 1295 suas,
1089 1237 1217 1283 tunc
1249 1229 1488 1300 Spiritus
1507 1229 1596 1283 Dei
1615 1229 1758 1284 venit
1780 1230 1846 1282 ad
1868 1245 2010 1294 eam;

448 1333 512 1372 ac
563 1319 756 1375 deinde
791 1328 968 1390 potest
1004 1322 1224 1392 gignere
1270 1338 1282 1374 :
1336 1320 1774 1391 quandoquidem
1807 1321 2013 1377 sterilis

448 1423 549 1466 CSI.

517 1503 572 1556 2.
611 1501 799 1557 Frater
834 1502 1188 1574 interrogavit
1217 1504 1463 1558 abbatem
1513 1505 1811 1559 Cronium:
1871 1502 2013 1570 Quid

452 1589 644 1642 faciam
675 1591 958 1657 oblivioni,
979 1607 1100 1661 quae
1123 1592 1175 1646 in
1207 1592 1574 1661 captivitatem
1604 1593 1755 1646 ducit
1779 1602 2014 1646 mentem

454 1697 649 1745 meam,
691 1696 790 1736 nec
829 1682 960 1736 sinit
999 1699 1085 1737 me
1117 1683 1339 1745 sentire,
1392 1683 1565 1737 donec
1613 1683 1902 1738 adduxerit
1943 1683 2012 1737 ad

453 1780 732 1842 peccatum
750 1773 779 1826 ?
801 1771 865 1826 Et
886 1774 960 1826 ait
988 1788 1186 1828 senex:
1221 1771 1447 1838 Quando
1491 1775 1802 1846 alienigena:
1827 1789 2009 1829 arcam

452 1871 674 1933 propter
712 1864 852 1918 mala
880 1879 1040 1933 opera
1067 1863 1432 1919 lsraelitarum
1464 1879 1675 1934 cepere,
1725 1873 2011 1920 traxerunt

452 1972 594 2022 eam,
655 1956 828 2010 donec
881 1956 1236 2011 adduxissent
1293 1956 1361 2010 ad
1408 1956 1627 2010 domum
1691 1955 1874 2026 Dagon
1934 1955 2020 2010 dei

455 2047 540 2100 sui
587 2047 668 2108 ”;
731 2054 966 2116 tuncque
1022 2047 1112 2102 ille
1159 2047 1354 2102 cecidit
1394 2048 1448 2101 in
1491 2046 1682 2100 faciem
1724 2063 1899 2100 suam.
1941 2046 2022 2101 Di-

457 2136 530 2189 cit
560 2136 760 2189 frater:
802 2135 944 2202 Quid
974 2137 1076 2191 hoc
1096 2138 1217 2192 est?
1244 2136 1381 2190 Tum
1415 2153 1577 2192 senex
1604 2157 1616 2192 :
1666 2135 1723 2191 Si
1755 2137 2022 2208 coeperint

458 2227 729 2295 captivam
764 2227 963 2281 ducere
986 2234 1220 2280 mentem
1251 2227 1489 2282 hominis
1519 2242 1615 2296 per
1650 2228 1895 2296 proprios
1937 2226 2020 2296 ip-

458 2317 578 2372 sius
611 2327 815 2381 motus,
851 2318 954 2372 hoc
972 2317 1132 2371 modo
1153 2333 1270 2372 eam
1295 2317 1632 2387 pertrahunt,
1665 2317 1839 2373 donec
1860 2317 2024 2372 duxe-

459 2406 568 2459 rint
599 2420 763 2475 super
813 2405 1142 2462 invisibilem
1181 2405 1453 2460 affectum.
1487 2406 1564 2460 Eo
1606 2408 1771 2476 igitur
1799 2407 1853 2460 in
1901 2407 2021 2461 loco

461 2511 616 2550 mens
637 2497 955 2559 constituta,
989 2497 1034 2550 si
1067 2510 1330 2550 conversa
1360 2495 1542 2560 fuerit,
1591 2495 1759 2550 Deum
1790 2497 2022 2567 quaesie-

462 2586 552 2648 rit,
590 2593 642 2639 et
674 2585 958 2639 recordata
998 2585 1159 2639 fuerit
1211 2584 1399 2639 aeterni
1426 2584 1637 2654 judicii,
1677 2585 1859 2639 statim
1877 2583 2022 2637 cadit

459 2673 704 2736 aﬂ'ectus,
733 2689 831 2728 nec
863 2674 1095 2744 amplius
1117 2681 1410 2741 comparet.
1436 2673 1708 2743 Scriptum
1731 2673 1876 2728 enim
1906 2680 2019 2727 est:

462 2761 594 2816 Cum
619 2779 850 2816 reversus
886 2763 1218 2832 ingemueris,
1250 2770 1374 2816 tunc
1394 2763 1570 2818 salvus
1614 2763 1739 2826 erit,
1797 2771 1845 2816 et
1889 2762 2022 2816 scies

463 2857 551 2910 ubi
581 2857 742 2927 [ueris
773 2857 840 2912 ”.

531 3033 585 3090 3.
626 3032 816 3088 Frater
873 3041 1224 3104 percontatus
1290 3042 1374 3090 est
1429 3035 1678 3089 abbatem
1734 3035 2020 3101 Cronium,

462 3141 697 3195 quonam
727 3125 888 3178 modo
916 3125 1096 3180 veniat
1126 3127 1288 3180 homo
1324 3125 1391 3179 ad
1419 3125 1798 3181 humilitatem.
1827 3127 1915 3181 Ait
1945 3127 2021 3181 illi

464 3189 628 3269 senex
661 3213 801 3268 :Per
845 3214 1092 3269 timorem
1128 3215 1240 3269 Dei.
1293 3214 1430 3270 Tum
1491 3215 1656 3270 frater
1683 3217 1923 3287 excepit:
1959 3217 2024 3271 Et
2051 3189 2093 3247 ο

465 3323 559 3376 per
579 3321 738 3374 quam
764 3321 873 3359 rem
898 3306 1044 3359 venit
1071 3305 1138 3358 ad
1162 3306 1412 3360 timorem
1448 3305 1540 3361 Dei
1563 3308 1587 3361 ἲ
1615 3307 1913 3379 Respondit
1939 3326 2024 3366 se-

466 3411 601 3450 nex:
645 3395 758 3450 Mea
793 3397 1007 3465 quidem
1062 3397 1348 3460 sententia,
1382 3398 1473 3451 ubi
1522 3400 1825 3453 coerc'uerit
1856 3417 1915 3455 se
1958 3402 2026 3453 ah

465 3487 612 3540 onmi
643 3488 881 3557 negotio,
916 3496 970 3542 et
1017 3487 1226 3542 dederit
1255 3504 1315 3542 se
1352 3487 1419 3542 ad
1453 3488 1690 3542 laborem
1745 3493 2025 3560 corporis;

468 3590 836 3648 quantumque
863 3580 1021 3634 habet
1048 3579 1242 3634 virium
1270 3580 1578 3636 meminerit
1622 3582 1800 3637 exitus
1841 3599 1871 3638 e
1911 3598 2030 3637 cor—

470 3687 598 3741 pore
619 3685 682 3724 ac
702 3670 893 3740 judicii
919 3670 1111 3726 divini.

537 3843 590 3898 ὁ.
625 3842 771 3897 Dixit
827 3843 994 3900 abbas
1037 3845 1269 3902 Cronius
1316 3861 1331 3900 :
1376 3847 1489 3902 Nisi
1519 3846 1730 3919 Moyses
1789 3847 2031 3903 duxisset

468 3950 595 3989 «:ves
623 3935 724 3989 sub
754 3944 990 3990 month
1023 3935 1175 4001 Sina,
1217 3952 1324 3992 non
1357 3938 1582 3994 vidisset
1615 3939 1788 4010 ignem
1835 3939 1888 3992 in
1940 3956 2032 3992 ru-

472 4028 538 4080 bo
553 4027 620 4080 ”.
649 4024 842 4080 Senem
871 4028 1223 4097 interrogavit
1254 4028 1450 4084 frater:
1479 4029 1587 4084 Pro
1609 4045 1842 4101 quanam
1873 4047 1929 4085 re
1949 4046 2033 4086 ac-

468 4117 666 4187 cipitur
703 4117 920 4171 rubus?
945 4115 1286 4187 Responsum
1321 4118 1501 4174 dedit:
1534 4121 1724 4176 Bubus
1760 4119 2031 4192 signiﬁcat

469 4210 736 4264 actionem
763 4211 1122 4278 corporalem.
1149 4210 1443 4281 Scriptum
1483 4213 1628 4266 enim
1654 4212 1816 4266 verba
1859 4220 1988 4266 sunt
2013 4231 2028 4266 :

1579 367 1920 424 APPENDIX
1963 367 2055 424 AD
2093 367 2491 426 PALLADIUM

3575 362 3680 418 248

2509 483 2647 552 Περὶ
2676 483 2782 538 τοῦ
2813 481 2962 539 ἀϐσᾶ
2997 481 3274 550 Κρονίου.

2177 593 2243 647 α’.
2306 594 2558 663 Ἀδελφὸς
2605 594 2709 666 ἔφη
2771 594 2850 665 τῷ
2910 595 3055 667 ἀϐὁᾷ
3106 591 3351 665 Κρονίῳ·
3405 589 3540 644 Elui
3591 605 3684 660 μοι

2112 687 2280 756 ῥῆμα.
2317 684 2420 738 Καὶ
2451 686 2599 755 λέγει
2621 686 2790 758 αὐτῷ,
2810 689 2891 741 ὅτι
2927 687 3018 740 Ἐν
3049 686 3125 758 τῷ
3152 683 3325 738 ὲλθεϊν
3360 681 3451 736 τὸν
3506 679 3687 734 Ἐλισο

2113 778 2259 828 σαῖον
2290 777 2426 848 πρὸς
2453 779 2551 847 τὴν
2580 779 2921 850 Σωμανῆτιν,
2953 772 3110 850 εὗρεν
3143 776 3308 846 αὐτὴν
3341 773 3416 845 μὴ
3455 773 3681 843 ἔχουσαν

2112 867 2344 937 πρᾶγμα
2392 869 2528 938 μετά
2564 885 2706 932 τινος
2730 885 2744 900 ο
2789 868 3081 938 συνέλαϐεν
3125 863 3241 928 οὖν.
3274 865 3370 920 καὶ
3407 864 3560 918 ἔτεκε
3595 863 3687 917 διὰ

2111 953 2211 1022 τῆς
2234 956 2532 1025 παρουσίας
2573 956 2898 1010 Ἐλισσαίου.
2922 956 3084 1032 Λέγει
3109 955 3166 1008 δὲ
3189 953 3338 1024 αὐτῷ
3357 955 3385 1006 6
3421 951 3650 1021 ἀδελφός
3665 966 3684 984 ⁸
3703 1021 3714 1036 .

2114 1045 2178 1096 Τί
2217 1048 2331 1098 ἐστι
2369 1045 2429 1099 τὸ
2474 1048 2623 1117 ῥῆμα
2645 1047 2838 1111 τοῦτο;
2881 1027 3162 1115 Καὶ-λέγει
3194 1046 3221 1098 6
3249 1045 3458 1116 γέρων,
3493 1045 3574 1097 ὅτι
3621 1043 3692 1096 Ἡ

2112 1134 2257 1206 ψυχὴ
2283 1135 2378 1189 ἐὰν
2421 1137 2586 1208 νήψῃ,
2628 1138 2722 1192 καὶ
2759 1139 3013 1210 συστείλῃ
3042 1138 3241 1208 ἑαυτὴν
3274 1136 3379 1190 ἀπὸ
3410 1135 3504 1188 τοῦ
3536 1152 3692 1206 περι-

2117 1225 2390 1296 σπασμοῦ,
2425 1228 2517 1280 καὶ
2549 1226 2846 1300 καταλείψῃ
2873 1227 2944 1280 τὰ
2973 1227 3252 1298 θελήματα
3300 1227 3521 1296 ἑαυτῆς,
3565 1224 3688 1278 τότε

2113 1314 2176 1367 τὸ
2201 1316 2424 1387 Πνεῦμα
2452 1317 2543 1370 τοῦ
2583 1315 2718 1371 Θεοῦ
2765 1318 3102 1389 παραϐάλλει
3137 1319 3271 1390 αὐτῇ
3299 1333 3312 1348 ο
3344 1318 3440 1372 καὶ
3467 1315 3692 1370 δύναται

2115 1405 2298 1459 λοιπὸν
2329 1408 2611 1478 γεννῆσαι,
2640 1410 2827 1480 ἐπειδὴ
2856 1409 3043 1480 στεῖρα
3074 1411 3240 1462 ἐστιν.

2202 1495 2266 1566 β’.
2339 1497 2590 1566 ’Δδελφὸς
2643 1499 2894 1570 ἠρώτησε
2946 1500 3035 1552 τὸν
3085 1499 3257 1552 ἁόὁᾶν
3316 1497 3573 1569 Κρόνιον·
3624 1497 3693 1549 Τί

2125 1590 2335 1658 ποιήσω
2361 1592 2428 1662 τῇ
2465 1589 2605 1664 λήθῃ
2635 1593 2700 1662 τῇ
2735 1591 3208 1663 αἰχμαλιιντιζούοῃ
3250 1589 3342 1644 τὸν
3388 1589 3512 1644 νοῦν
3563 1607 3690 1660 μου,

2126 1678 2220 1732 καὶ
2267 1679 2366 1732 οὐκ
2415 1677 2560 1752 ἐώσῃ
2615 1696 2682 1750 με
2738 1679 3108 1743 αἰσθάνεσθαι,
3161 1679 3320 1750 μέχρι
3369 1695 3437 1748 με
3495 1676 3699 1748 ἐνέγκῃ

2124 1768 2243 1821 κατ’
2265 1767 2433 1838 αὐτῆς
2454 1769 2552 1839 τῆς
2571 1768 2842 1840 ἁμαρτίας
2866 1785 2880 1832 ;
2922 1769 3026 1821 Καὶ
3052 1764 3200 1836 λέγει
3228 1769 3256 1822 6
3293 1761 3472 1839 γέρων
3490 1783 3504 1797 ο
3562 1767 3694 1818 Ὅτε

2059 1855 2100 1909 Β
2131 1860 2322 1915 ἔλαϐον
2369 1862 2417 1914 οἱ
2469 1861 2753 1931 ἀλλόφυλοι
2792 1863 2892 1933 τὴν
2945 1861 3176 1916 κιϐωτὸν
3220 1861 3308 1916 διὰ
3361 1861 3459 1934 τὴν
3517 1861 3696 1932 κακὴν

2122 1951 2323 2023 πρᾶξιν
2353 1951 2460 2005 τῶν
2505 1951 2635 2006 υἱῶν
2680 1953 2893 2024 Ἰσραὴλ
2925 1954 2994 2017 ’⁷,
3026 1953 3217 2024 ἔσυρον
3264 1952 3433 2023 αὐτὴν
3481 1949 3586 2014 ἕως
3629 1941 3693 2002 οὗ

2122 2043 2360 2113 ἠνεγκαν
2390 2039 2556 2113 αὐτὴν
2586 2043 2665 2105 εἰς
2686 2040 2775 2096 τὸν
2803 2040 2947 2095 οἷκον
2975 2039 3161 2110 Δαγὼν
3189 2040 3282 2094 τοῦ
3315 2039 3436 2093 θεοῦ
3476 2038 3657 2092 αὐτῶν
3676 2054 3693 2069 ⁸

2121 2131 2214 2184 καὶ
2254 2130 2376 2184 τότε
2415 2130 2607 2184 ἔπεσεν
2635 2131 2727 2184 ἐπὶ
2769 2132 3059 2203 προσώπου
3101 2132 3287 2187 αὐτοῦ.
3329 2131 3438 2185 Καὶ
3480 2131 3627 2200 λέγει
3667 2131 3699 2184 ὁ

2122 2218 2382 2288 ἁδελφός·
2431 2219 2496 2271 Τί
2545 2221 2658 2272 ἐστι
2698 2219 2889 2285 τοῦτο;
2951 2220 3009 2273 '0
3048 2221 3104 2274 δὲ
3144 2220 3323 2292 γέρων
3372 2216 3558 2281 εἶπεν,
3613 2219 3697 2272 ὅτι

2137 2306 2262 2360 Ἐὰν
2285 2307 2564 2376 φθάσωσιν
2592 2307 2987 2378 αἰχμαλωτίσαι
3019 2311 3105 2363 τὸν
3134 2309 3256 2362 νοῦν
3279 2308 3372 2361 τοῦ
3403 2307 3693 2380 ἀνθρώπου

2121 2399 2210 2452 διὰ
2253 2398 2362 2452 τῶν
2413 2398 2555 2451 ἰδίων
2584 2397 2748 2452 αὑτοῦ
2784 2397 3083 2471 ἀφορμῶν,
3131 2399 3305 2462 οὕτως
3351 2399 3696 2470 ὑποσύρωσιν

2123 2489 2303 2554 αὑτὸν,
2338 2487 2442 2551 ἕως
2484 2488 2550 2542 ἂν
2592 2489 2888 2558 ὲνέγκωσιν
2921 2490 3084 2544 αὑτὸν
3114 2491 3296 2544 ἐπάνω
3345 2490 3437 2544 τοῦ
3460 2490 3694 2562 ἀοράτου

2123 2577 2344 2640 πάθους.
2393 2579 2480 2630 Ἐν
2509 2577 2702 2650 ἐκείνῳ
2727 2575 2818 2632 οῦν
2848 2579 2925 2649 τῷ
2953 2580 3099 2650 τόπῳ
3128 2579 3222 2633 ἐὰν
3247 2583 3463 2652 στραφῇ
3493 2583 3520 2633 6
3547 2580 3694 2642 νοῦς,

2125 2667 2219 2722 καὶ¹
2243 2667 2452 2739 ζητήσῃ
2485 2668 2574 2721 τὸν
2620 2669 2772 2734 Θεὸν,
2807 2671 2900 2723 καὶ
2946 2669 3293 2744 μνημονεύσῃ
3339 2671 3439 2741 τῆς
3478 2672 3698 2725 αἰωνίου

2125 2759 2356 2830 κρίσεως
2390 2761 2458 2824 ’⁸,
2489 2761 2649 2824 εὐθὺς
2677 2761 2740 2813 τὸ
2765 2762 2936 2825 πάθος
2961 2762 3150 2815 πίπτει
3175 2764 3270 2816 καὶ
3314 2763 3516 2833 ἀφανὲς
3560 2762 3702 2832 γίνε-

2124 2868 2231 2904 ται.
2251 2851 2562 2921 Γέγραπται
2585 2851 2693 2922 γάρ
2715 2869 2727 2881 ·
2754 2852 2932 2905 Ὅταν
2946 2853 3353 2923 ἀποστραφεὶς
3377 2853 3698 2922 στενάξῃς,

2123 2943 2261 2996 τότε
2289 2941 2562 3011 σωθήσῃ,
2593 2943 2688 2996 καὶ
2712 2943 2912 3013 γνώσῃ
2943 2943 3062 2997 ποῦ
3092 2941 3251 3014 ἦσθα
3283 2945 3413 3015 (69).

2191 3033 2261 3101 γ’.
2313 3033 2560 3104 Ἀδελφὸς
2598 3035 2846 3106 ἠρώτησε
2889 3035 2978 3087 τὸν
3019 3036 3191 3089 ἀὸὅᾶν
3234 3036 3463 3108 Κρόνιον
3489 3053 3504 3068 ο
3550 3035 3701 3105 Ποίῳ

2124 3124 2313 3196 τρόπῳ
2333 3123 2554 3195 ἔρχεται
2572 3125 2852 3194 ἄνθρωπος
2880 3128 2959 3188 εἰς
2984 3127 3506 3198 ταπεινοφροσύνηνς
3538 3127 3700 3194 Λέγει

2130 3214 2281 3284 αὐτῷ
2306 3215 2334 3268 6
2359 3215 2558 3286 γέρων,
2587 3215 2667 3267 ὅτι
2699 3214 2801 3267 Διὰ
2853 3214 2946 3267 τοῦ
2992 3215 3158 3284 φόῦου
3193 3214 3286 3270 τοῦ
3337 3215 3491 3269 Θεοῦ.
3537 3215 3700 3284 Λέγει

2131 3305 2278 3375 αὐτῷ
2307 3307 2335 3358 6
2362 3305 2585 3373 ἀδελφός
2607 3322 2619 3334 ·
2664 3306 2772 3357 Καὶ
2802 3304 2888 3357 διὰ
2923 3304 3075 3358 ποίου
3120 3307 3442 3376 πράγματος
3481 3306 3701 3378 ἔρχεται

2132 3395 2210 3455 εἰς
2254 3393 2345 3446 τὸν
2386 3394 2548 3462 φόϐον
2574 3393 2666 3446 τοῦ
2696 3393 2864 3458 Θεοῦ;
2908 3393 3068 3462 Λέγει
3122 3394 3270 3465 αὐτῷ
3305 3396 3332 3446 6
3381 3395 3591 3466 γέρων·
3627 3395 3705 3450 Th

2136 3485 2254 3536 κατ’
2297 3483 2415 3553 ἐμὲ,
2450 3483 2536 3537 ἵνα
2566 3485 2814 3554 συστείλῃ
2844 3485 3036 3538 ἑαυτὸν
3065 3485 3173 3538 ἀπὸ
3216 3485 3413 3548 παντὸς
3443 3487 3700 3556 πράγμα-

2137 3591 2246 3638 τος,
2278 3573 2369 3627 καὶ
2396 3574 2555 3627 δώσει
2579 3575 2766 3627 ἑαυτὸν
2792 3577 2870 3637 εἰς
2898 3575 3062 3628 κόπον
3094 3575 3421 3646 σωματικὸν,
3452 3577 3544 3630 καὶ
3568 3578 3702 3648 ὅσην

2133 3667 2243 3734 έ(ει
2273 3667 2442 3736 ἰσχὺν,
2467 3669 2810 3739 μνημονεύσῃ
2849 3669 2944 3738 τῆς
2978 3669 3042 3721 ὲκ
3080 3667 3173 3722 τοῦ
3217 3669 3464 3738 σώματος
3494 3667 3700 3733 ἐξόδου,

2133 3757 2226 3810 καὶ
2247 3757 2344 3826 τῆς
2365 3759 2598 3829 κρίσεως
2622 3757 2714 3810 τοῦ
2757 3759 2914 3815 Θεοῦ.

2205 3847 2266 3901 δ’.
2310 3845 2471 3902 Εἶπεν
2511 3852 2537 3902 ὁ
2575 3851 2747 3912 esse;
2774 3851 3024 3920 Κρόνιος,
3047 3850 3128 3901 ὃτι
3155 3851 3218 3902 El
3248 3851 3321 3920 μὴ
3347 3852 3520 3921 ἤγαγε
3545 3851 3702 3907 Matii-

2136 3941 2235 4011 σῆς
2259 3941 2326 3994 τὰ
2359 3942 2604 4007 πρόϐατα
2633 3942 2736 3994 ὑπὸ
2769 3942 2829 3994 τὸ
2859 3941 2983 4013 ὅρος
3011 3943 3156 4003 Σινᾶ,
3184 3943 3283 3994 οὐκ
3317 3941 3382 3995 ἂν
3418 3941 3609 3994 ἔὸλεπε
3642 3943 3716 3996 τὸ-

2139 4030 2250 4103 πῦρ
2285 4034 2342 4085 ὲν
2366 4034 2431 4102 τῇ
2460 4031 2627 4103 βάτῳ.
2673 4030 2982 4102 Ἦρὼτησεν
3013 4031 3048 4082 6.
3065 4031 3291 4100 ἁδελφὸς
3317 4032 3408 4085 τὸν
3437 4032 3700 4103 γέροντα·

2136 4123 2231 4186 Εἰς
2254 4121 2308 4175 τί
2334 4122 2668 4193 λαμϐάνεται
2697 4124 2731 4192 ἡ
2776 4121 2973 4191 βάτοςς
3003 4121 3113 4175 Καὶ
3153 4121 3300 4190 λέγει
3321 4120 3488 4191 αὐτῷ,
3525 4122 3608 4176 ὅτι
3639 4122 3708 4176 Ἦ

2139 4213 2298 4284 βάτος
2345 4211 2678 4284 λαμϐάνεται
2722 4213 2804 4276 εἰς
2848 4212 2946 4283 τὴν
2991 4211 3304 4284 σωματικὴν
3345 4213 3561 4283 πρᾶξιν.
3602 4211 3696 4268 FE-

538 4365 672 4421 ’τιν
701 4365 831 4435 Reg.
865 4381 938 4420 iv.
1011 4363 1107 4418 “l
1139 4363 1274 4434 Reg.
1309 4381 1358 4419 v.
1435 4365 1606 4418 “lsa.
1642 4380 1770 4426 xxx.
1801 4364 1887 4419 15.
1963 4365 2008 4398 ³⁸

2128 4365 2204 4420 3d.
2239 4381 2320 4420 tu.
2395 4366 2438 4399 "
2469 4365 2554 4419 Al.
2583 4366 2722 4421 Ἠλί.
2797 4367 2844 4400 ’³
2876 4367 2960 4422 Al.
2990 4367 3286 4432 κολάσεως.

541 4521 649 4590 (69)
680 4520 864 4598 ’ζοταν
896 4519 1303 4598 ἀποσῖρᾳφςις
1322 4519 1638 4598 egentem.
1675 4521 1806 4598 τᾴτε
1831 4520 2026 4598 σωθή-

2137 4529 2187 4574 et
2218 4521 2491 4598 virtutum,
2519 4536 2636 4598 cap.
2675 4522 2741 4575 15
2758 4537 2771 4573 :
2791 4521 2864 4598 _ln
2885 4539 3188 4598 quacunque
3210 4523 3297 4598 die
3316 4533 3706 4598 peccatore”-

469 4585 572 4656 σῃζ
608 4585 706 4642 νέαι
728 4589 928 4656 γνώσῃ
972 4585 1298 4654 ποῦίῆσθα.
1355 4585 1560 4641 Eodem
1602 4589 1760 4643 modo
1800 4604 1945 4642 nunc
1980 4585 2032 4644 in

472 4659 632 4719 LXX,
670 4659 739 4712 Is.
776 4673 902 4717 xxx,
936 4657 1017 4710 l5.
1051 4657 1196 4710 Citat
1227 4658 1464 4726 Cyrillus
1493 4656 1760 4711 HICI‘OSOI.
1811 4658 2030 4713 Caterh.

473 4731 503 4780 2
536 4749 548 4782 :
579 4731 746 4781 Ὅταν
768 4728 1120 4798 επιστραφεὶς
1138 4727 1382 4798 στενάξῃ,
1414 4728 1534 4779 τότε
1568 4727 1807 4798 σωθήσῃ.
1835 4726 2036 4796 Grego-

473 4801 586 4852 rius
615 4812 744 4849 vero
772 4795 1150 4849 Nazianzenus
1182 4795 1423 4850 orat.“
1458 4815 1470 4849 ι
1517 4798 1640 4848 Ἐὰν
1681 4795 2038 4865 ἐπιστραφεὶς

474 4867 731 4938 στενάξῃς
760 4865 894 4935 πρὸς
917 4865 1139 4938 ιξυριον,
1168 4867 1286 4918 τότε
1309 4868 1553 4938 σωθήσῃ.
1592 4865 1951 4938 'I'hcoiloritns
1983 4872 2038 4938 iit

478 4935 899 4995 Psalmfcxvm,
933 4935 1034 4999 76’;
1065 4951 1275 4989 necnon
1306 4937 1464 4989 Liber
1498 4935 1778 4989 Asretirus
1821 4935 2035 4988 Ma\itni

475 5022 531 5062 lt.
553 5007 622 5061 40
652 5006 859 5078 ςοταν
884 5006 1234 5078 ἀποστραφῇς
1251 5006 1343 5060 καὶ
1368 5006 1774 5078 στενάξῃς,τὸτε
1795 5006 2032 5078 σωθήσῃ.

475 5077 618 5132 Idem
653 5074 1015 5144 Thr-odoritus
1039 5074 1092 5128 in
1125 5075 1348 5135 Isaiam,
1379 5076 1503 5126 ὅταν
1532 5074 1896 5144 ἀναστραφεὶς
1926 5074 2038 5127 στε-

473 5146 658 5218 νάξῃς.
687 5142 819 5200 Cum
850 5161 1124 5218 conversus
1163 5145 1472 5218 ingemuerit;
1495 5187 1508 5205 ,
1542 5157 1662 5218 tunc
1703 5142 1876 5218 salvus
1909 5147 2032 5218 eris.

472 5213 799 5272 leestinus
829 5215 988 5282 epist.
1024 5216 1079 5278 2,
1114 5232 1260 5268 lllllll.
1289 5216 1354 5271 ‘2;
1392 5213 1498 5267 Leo
1525 5217 1676 5282 epist.
1710 5213 1776 5265 mi
1810 5213 2038 5266 Theudo-

473 5303 595 5341 rum
624 5303 642 5341 :
678 5285 807 5341 Cum
839 5300 1114 5337 conversus
1138 5286 1468 5352 ingennwris,
1493 5295 1612 5336 tunc
1638 5285 1813 5335 sali-us
1836 5285 1959 5343 eris,
1987 5293 2036 5336 et

473 5359 607 5410 sries
630 5357 717 5409 ubi
749 5356 933 5424 (ueris.
954 5355 1106 5423 Apud
1140 5353 1448 5424 Lucum-uin
1481 5354 1552 5405 De
1588 5354 1792 5421 regibus
1824 5363 2039 5420 apes-m-

480 5429 592 5480 ticis
628 5423 788 5495 paulo
809 5433 934 5479 ante
966 5425 1148 5495 linem.
1185 5425 1238 5476 ln
1271 5423 1532 5490 lircgnrio
1566 5424 1778 5495 lilagno
1817 5424 1908 5474 lib.
1943 5439 2036 5495 vn,

479 5491 666 5549 indici.
688 5496 920 5566 2,epist.
947 5495 1013 5548 54
1049 5512 1061 5548 :
1095 5491 1158 5548 In
1187 5510 1491 5566 quaestuque
1519 5494 1602 5545 die
1642 5507 1918 5566 conversus
1957 5492 2038 5542 in-

478 5567 756 5634 gemueris,
783 5562 905 5618 tunc
925 5567 1103 5619 salvus
1129 5562 1253 5619 eris.
1286 5563 1349 5617 Et
1399 5568 1538 5616 inter
1575 5577 1737 5634 opera
1773 5562 1835 5634 ὃ.
1859 5563 2040 5628 Augu-

481 5631 606 5687 stini
639 5643 770 5687 tum.
813 5634 902 5695 IV,
929 5636 1066 5687 lihro
1091 5635 1163 5688 De
1189 5653 1306 5688 rem
1327 5645 1374 5686 et
1407 5634 1546 5700 falsa
1570 5647 1649 5699 pa:
1669 5631 1894 5688 aitentia.
1913 5647 2035 5697 cap.

483 5703 544 5757 I7
582 5719 594 5753 :
630 5706 946 5772 Quacunque
977 5703 1106 5756 liora
1135 5719 1373 5770 peccator
1402 5703 1707 5772 ingemuerit
1738 5712 1783 5753 et
1825 5716 2040 5752 conver-

478 5790 565 5829 sus
595 5771 774 5841 fuerit,
809 5773 911 5823 vita
943 5773 1100 5832 river;
1124 5783 1253 5826 tom.
1287 5772 1374 5834 IX,
1414 5771 1484 5824 De
1516 5772 1758 5834 conﬂictu
1793 5772 2039 5824 vitiorum

2139 4590 2668 4661 tersusjngemuerit,
2717 4590 2906 4645 salvus
2951 4593 3050 4644 erit
3074 4590 3111 4655 ;’
3139 4590 3364 4661 epistola
3387 4594 3419 4644 5
3445 4592 3701 4650 Paciani:

2140 4659 2284 4730 Illud
2317 4657 2514 4712 [δοίαξε
2539 4659 2668 4712 Cum
2703 4677 2978 4714 conversus
3007 4657 3340 4730 ingemuerit,
3378 4676 3498 4714 tunc
3529 4663 3707 4718 salva-

2141 4729 2296 4800 b_eris,
2323 4738 2372 4782 et
2403 4732 2536 4800 scies
2574 4730 2661 4780 ubi
2685 4731 2868 4798 fueris.
2895 4729 3098 4784 Ruricii
3119 4733 3349 4800 epistola
3370 4733 3460 4795 3|,
3491 4732 3612 4786 libri
3631 4749 3704 4787 It:

2143 4795 2413 4871 Pe-ccator
2445 4799 2583 4871 enirn
2619 4795 2727 4871 Δ(μία
2779 4801 2861 4871 die
2888 4795 3167 4871 conversus
3188 4802 3493 4871 ingemuerit
3519 4841 3532 4864 ,
3586 4810 3711 4855 tunc

2139 4867 2316 4920 salvus
2339 4869 2460 4920 erit.
2509 4867 2664 4921 Varie
2699 4871 2749 4920 in
2782 4869 3018 4922 honliliis
3076 4867 3305 4924 Caesarii
3348 4871 3708 4934 Arelatensis,

2139 4952 2276 5004 quas
2312 4937 2528 5058 publico
2557 4937 2702 4990 bono
2726 4940 2997 5008 cvulgavit
3021 4955 3069 4991 v.
3105 4941 3174 4992 cl.
3209 4939 3516 5010 Stephanus
3551 4939 3712 4993 Balu-

2141 5008 2278 5058 zius.
2353 5021 2462 5058 om.
2490 5009 2524 5058 ‘2
2550 5013 2603 5058 et
2638 5006 2702 5058 15
2734 5021 2746 5056 :
2787 5006 2849 5058 lu
2873 5023 3176 5058 auacunaue
3209 5009 3290 5058 die
3321 5026 3596 5058 conversus
3625 5010 3709 5058 in-

2141 5008 2278 5068 zius,
2314 5006 2462 5059 hom.
2490 5009 2603 5078 εει
2638 5006 2702 5060 15
2734 5021 2746 5078 ζ
2787 5006 3176 5078 [qualicunque
3209 5009 3290 5063 die
3309 5006 3596 5062 conversus
3625 5010 3709 5062 in-

2139 5078 2419 5148 gemueris,
2459 5075 2790 5148 _salvtts_eri_s_.
2827 5075 2943 5148 νει-ε
2977 5077 3039 5129 In
3078 5075 3383 5147 quacunque
3435 5079 3518 5132 die
3569 5081 3712 5148 inge-

2145 5146 2360 5218 mueris,
2385 5145 2564 5218 salutis
2586 5145 2710 5218 eris.
2743 5144 2837 5198 Vel
2861 5161 2873 5196 :
2894 5146 3027 5218 Cum
3057 5144 3335 5202 conversus
3369 5144 3711 5218 ingemuerit,

2145 5214 2318 5266 salvus
2345 5214 2467 5267 eris.
2499 5213 2737 5282 Denique
2771 5217 3081 5270 notabiliter
3112 5213 3513 5272 Chrodebertus
3543 5217 3713 5273 Tuto-

2145 5283 2410 5355 nensisin
2443 5283 2652 5355 judicio
2698 5283 2764 5355 de
2799 5287 3024 5340 muliere
3062 5287 3326 5344 adultera.
3357 5287 3500 5355 quod
3539 5287 3710 5342 «lebe-

2145 5367 2264 5406 tnus
2292 5352 2584 5427 diligentia:
2616 5352 2897 5409 Pasrhasii
2937 5357 3234 5427 Quesnelli,
3269 5352 3567 5427 presbyteri
3597 5357 3715 5426 pie-

2144 5429 2252 5474 tate
2292 5438 2356 5494 ac
2386 5423 2636 5494 dcctrina
2687 5427 2993 5493 praestantis
3023 5441 3036 5475 :
3063 5425 3142 5476 Ad
3180 5423 3289 5480 Ιιωὲ
3333 5423 3486 5479 vei-6a
3513 5423 3716 5494 conﬁr-

2144 5490 2358 5563 nmnda,
2392 5492 2591 5563 inquit,
2639 5490 2786 5563 (eatis
2823 5505 2898 5546 est
2931 5495 3401 5548 excelfeutiuimus
3432 5490 3711 5563 prop/tetu,

2141 5561 2228 5634 qui
2260 5559 2576 5634 Spiritu’Dei
2599 5561 2780 5634 plenus
2797 5565 2960 5616 dicit:
2989 5563 3277 5619 «Peccator
3301 5567 3353 5617 in
3385 5559 3716 5634 quacunque

2141 5631 2250 5691 die,
2284 5631 2338 5703 in
2378 5647 2706 5703 quacunque
2754 5633 2886 5686 hora
2930 5647 3230 5689 conversus
3265 5631 3429 5688 fuerit
3453 5642 3507 5686 et
3559 5631 3717 5703 inge-

2145 5700 2562 5764 muerit,omnia
2592 5700 2810 5770 peccata
2834 5718 2932 5757 sua
2964 5703 3226 5760 oblivioni
3262 5704 3570 5758 traduntur.
3612 5700 3636 5765 ᾗ
