4032 6334
288 387 387 443 9.49

1397 405 2002 467 APOPHTIIEGMATA
2044 411 2351 470 PATRUM.

3423 421 3525 476 930

287 520 520 574 γραπται
551 505 682 576 γὰρ,
727 509 809 562 ὅτι
868 511 1072 583 Ὅμοια
1111 515 1284 571 ἐστὶν
1325 521 1362 587 ἡ
1399 525 1688 587 ,ϐασιλεία
1737 529 1816 583 τῶ

1917 528 2144 591 μςὶιηὶίε
2165 541 2242 584 est
2274 547 2488 601 regnum
2535 531 2787 586 caelorum
2829 533 3072 588 thesauro
3118 533 3425 590 abscondito
3469 538 3523 591 in

285 595 552 662 στεφανῶν
586 601 869 668 θησαυρῷ
915 608 1297 676 κεκρυμμένῳ
1337 612 1406 665 ἐν
1455 616 1632 685 ἀγρῷ.
1687 622 1816 690 Λέγε

1951 637 2078 691 agro
2101 622 2144 674 '.
2182 621 2379 676 lterum
2428 622 2598 679 frater
2647 625 2762 679 seni
2804 623 2983 695 :Ergo
3014 626 3219 697 absque
3248 629 3522 697 corporali

284 689 311 740 6
336 688 558 780 ἀδελφὸς
606 691 684 761 τῷ
726 694 974 765 γέροντι⁸
1022 701 1232 756 Οὐκοῦν
1277 706 1435 770 ἐκτὸς
1475 712 1720 780 καμάτου
1744 688 1848 768 σω-

286 779 508 849 ματικοῦ
566 783 629 834 ού
679 786 975 854 προκόπτει
1019 790 1302 862 ἄνθρωπος
1347 797 1429 861 είς
1459 816 1578 854 τινα
1640 805 1841 875 τιμήν;

1950 709 2133 764 labore
2180 725 2289 764 non
2332 713 2582 780 procedit
2611 713 2776 768 homo
2827 715 2893 768 ad
2928 715 3130 785 aliquid
3162 717 3430 772 honoris?
3457 717 3525 774 Et

1948 815 2112 855 senex
2135 817 2147 853 :
2175 798 2376 871 Utique
2401 803 2666 872 scriptum
2689 811 2772 859 est
2795 823 2808 858 :
2830 804 3150 875 Aspicientes
3176 808 3228 860 in
3253 818 3520 863 auctorem

281 870 434 938 Λέγει
461 871 612 942 αὐτῷ
635 875 662 926 6
687 875 866 947 γέρων
886 894 900 909 ⁸
931 879 1079 944 Τέως
1105 883 1444 953 γέγραπται·
1483 870 1816 958 Ἀφορῶντεε

1946 891 2091 959 ﬁdei,
2119 900 2166 945 et
2203 870 2676 946 consummatorem
2728 870 2929 962 Iesum,
2987 897 3079 967 qui
3101 899 3368 968 proposito
3416 900 3520 954 sibi

279 963 507 1052 stator
523 963 636 1032 τῆς
662 967 923 1034 πίστεως
955 971 1226 1042 ἀρχηγὸν
1249 977 1346 1030 καὶ
1380 981 1701 1052 τελειωτὴν
1740 983 1841 1052 ἰη-

279 1049 444 1112 (ro-6r.
482 1051 552 1119 ὃς
580 1054 710 1108 ἀντὶ
739 1055 850 1124 τῆς
881 1062 1272 1131 προκειμένης
1303 1063 1462 1131 αὐτῷ
1492 1049 1681 1137 χαρᾶς
1729 1049 1842 1126 ὐετ-

1941 983 2137 1052 gaudio
2162 984 2412 1037 sustinuit
2447 999 2653 1038 crucem
2680 984 2722 1039 ³.
2765 987 3086 1059 Rursusque
3127 989 3293 1044 David
3343 989 3510 1049 dicit:

1943 1071 2002 1127 Si
2022 1074 2211 1127 dedero
2237 1091 2476 1128 somnum
2504 1076 2672 1129 oculis
2697 1079 2847 1141 meis,
2864 1087 2913 1131 et
2940 1080 3202 1150 palpebris
3237 1085 3364 1142 meis
3388 1084 3513 1139 dor-

277 1143 464 1212 έμεινε
488 1151 776 1216 σταυρόν.
812 1153 918 1206 Kal
956 1155 1116 1209 πάλιν
1158 1159 1318 1212 Δασὶδ
1367 1159 1545 1230 λέγει·
1580 1166 1646 1218 El
1671 1163 1816 1217 δώσιι

1943 1166 2270 1220 mitationem
2293 1166 2313 1196 ⁸
2347 1172 2400 1220 et
2428 1181 2549 1236 quae
2583 1177 2906 1237 sequuntur.

275 1236 465 1290 ὕπνον
503 1239 628 1305 τοῖς
659 1243 987 1315 ὀφθαλμοῖς
1025 1267 1166 1318 μου,
1200 1251 1300 1308 καὶ
1343 1253 1467 1320 τοῖς
1506 1256 1838 1325 ,ϐλεφάροις

272 1344 381 1396 μου
407 1337 757 1402 νυσταγμόν
774 1351 788 1366 ο
833 1337 925 1390 καὶ
951 1339 1018 1392 τὰ
1044 1340 1194 1410 ἑξῆς.

337 1428 396 1475 ε’.
421 1420 588 1476 Εἶπεν
610 1428 638 1478 6
662 1426 834 1492 ἀόσᾶς
859 1431 1104 1502 Κρόνιος,
1121 1435 1201 1486 ὅτι
1219 1437 1669 1510 Διηγήσατοὴμῖν
1695 1441 1724 1493 6
1741 1441 1836 1495 ἀσ-

273 1512 367 1578 όᾶς
405 1516 600 1588 Ἰωσὴφ
629 1519 658 1569 6
681 1519 774 1572 τοῦ
804 1521 1120 1591 Πηλουσίου,
1150 1528 1231 1582 ὅτι
1257 1529 1578 1600 Καθημένου
1621 1550 1722 1603 μου
1755 1537 1834 1601 είς

271 1605 326 1657 τὸ
365 1607 513 1672 Σινᾶ,
547 1605 614 1681 ἦν
648 1612 768 1664 ἐκεῖ
793 1613 1018 1685 ἀδελφὸς
1056 1619 1219 1682 καλὸς
1255 1620 1352 1674 καὶ
1385 1623 1649 1696 ἀσκητὴς,
1697 1626 1834 1681 ἀλλὰ

269 1699 356 1750 καὶ
397 1699 539 1753 κατὰ
577 1701 639 1753 τὸ
674 1702 831 1773 σῶμα
871 1707 1102 1780 εὐειδήςο
1148 1710 1241 1763 καὶ
1276 1712 1474 1784 ἤρχετο
1517 1717 1596 1779 εἰς
1623 1717 1718 1788 τὴν
1743 1719 1833 1771 ὲκ·-

266 1790 488 1860 κλησίαν
521 1795 604 1857 είς
623 1793 720 1864 τὴν
753 1796 986 1864 σύναξιν,
1020 1801 1202 1873 φορῶν
1239 1805 1583 1878 πλύρραφον
1608 1811 1700 1864 καὶ
1743 1829 1831 1882 μι-

2001 1431 2056 1484 5.
2127 1428 2304 1484 Verba
2365 1431 2582 1490 abbatis
2645 1434 2850 1490 Cronii.
2918 1434 2994 1490 Ita
3050 1439 3292 1494 narravit
3350 1444 3508 1500 nobis

1933 1521 2102 1577 abbas
2154 1520 2357 1595 Ioseph
2405 1524 2608 1581 Pelusii
2656 1545 2669 1581 :
2715 1526 2850 1581 Cum
2900 1529 2952 1582 in
3009 1527 3140 1583 Sina
3191 1533 3507 1601 residerem,

1932 1618 2050 1664 erat
2079 1609 2188 1666 illic
2220 1611 2390 1669 frater
2423 1617 2718 1685 praeclarus
2751 1625 2804 1671 et
2835 1617 2886 1670 in
2915 1619 3022 1673 vita
3057 1623 3292 1676 ascetica
3329 1627 3510 1680 excel-

1935 1701 2071 1768 lens,
2100 1710 2362 1773 praeterea
2398 1720 2626 1777 corpore
2657 1711 2958 1779 speciosus.
2997 1712 3044 1766 Is
3072 1728 3196 1766 cum
3237 1713 3290 1767 in
3329 1717 3507 1770 eccle-

1933 1796 2071 1852 siam
2108 1797 2176 1852 ad
2206 1799 2456 1869 synarim
2479 1801 2708 1866 veniret,
2747 1805 2992 1874 gestabat
3018 1821 3241 1875 parvum
3264 1822 3327 1861 ac
3351 1817 3506 1866 vetus

266 1882 390 1951 κρὸν
420 1885 687 1956 μαφόριον
717 1889 958 1945 παλαιόν.
998 1870 1104 1948 Kal
1138 1870 1356 1966 θεωρῶν
1377 1870 1543 1953 αὐτόν
1576 1870 1816 1966 καθάπαξ

1933 1885 2276 1956 maphorium
2327 1889 2546 1959 plenum
2600 1870 2828 1949 suturis.
2857 1870 3034 1959 Queui
3061 1899 3228 1951 semel
3277 1897 3504 1954 intuitus

262 1973 428 2063 ούτως
447 1978 525 2039 εἰς
552 1977 652 2049 τὴν
688 1979 905 2049 σύναξιν
930 1984 1237 2056 ἐρχόμενον,
1267 1988 1409 2058 λέγω
1439 1991 1616 2063 αύτῷ·
1655 1993 1831 2048 Ἀδελ-

263 2061 346 2128 φὲ,
384 2064 444 2115 ού
481 2064 700 2134 βλέπεις
737 2071 861 2134 τοὺς
890 2071 1173 2142 ἀδελφοὺς,
1203 2075 1320 2140 πῶς
1346 2080 1481 2131 εἰσιν
1605 2080 1826 2149 ἄγγελοι

261 2155 332 2216 εἰς
351 2155 449 2226 τὴν
478 2156 699 2222 σύναξιν
730 2161 788 2214 ὲν
812 2164 875 2232 τῇ
903 2162 1196 2235 ὲκκλησίᾳ;
1223 2165 1338 2231 πῶς
1377 2169 1440 2221 σὺ
1480 2170 1708 2224 πάντοτε
1731 2172 1824 2224 οὕ-

258 2261 360 2309 τως
385 2246 518 2320 ἔρχῃ
544 2241 643 2302 ὧδε
662 2250 707 2282 ⁸⁸
729 2267 742 2316 ;
783 2252 842 2305 Ὀ
869 2253 926 2305 δὲ
960 2253 1084 2324 ἔφη·
1111 2257 1469 2329 Συγχὼρησόν
1508 2278 1617 2330 μοι,
1659 2262 1821 2329 assa,

257 2338 335 2390 ὅτι
376 2340 474 2392 οὐκ
511 2341 618 2410 ἔχω
653 2342 810 2398 ἄλλα.
854 2345 1083 2400 Ἔλσϐον
1115 2343 1205 2401 οὖν
1237 2349 1399 2402 αὐτὸν
1437 2351 1495 2404 ὲν
1523 2351 1601 2422 τῷ
1630 2354 1823 2425 κελλίῳ

261 2445 375 2496 μου,
403 2431 498 2484 καὶ
529 2432 705 2488 ἔδωκα
735 2436 883 2507 αὐτῷ
912 2435 1176 2493 λεϐίτωνα
1212 2440 1307 2494 καὶ
1336 2442 1390 2495 ετ
1411 2459 1462 2496 τι
1499 2442 1627 2498 ἄλλο
1655 2443 1819 2518 ἔχρῃ-

256 2516 330 2580 ξε·
357 2520 453 2572 καὶ
491 2521 675 2593 ἐφόρει
710 2523 892 2580 λοιπὸν
921 2527 994 2589 ὡς
1031 2528 1122 2601 καὶ
1155 2531 1203 2582 οε
1239 2529 1416 2584 λοιποὶ
1451 2532 1690 2601 ἀδελφοὶ,
1725 2516 1821 2590 καὶ

253 2601 314 2675 ἧν
355 2608 482 2662 ἰδεῖν
537 2612 696 2693 αὐτὸν
728 2614 803 2677 ὡς
848 2616 1096 2684 ἄγγελον.
1141 2621 1382 2688 Ἐγένετο
1413 2622 1469 2676 δέ
1497 2640 1623 2676 ποτε
1664 2626 1820 2697 χρεία

250 2699 356 2758 τοῖς
399 2689 701 2771 Πατράσιν,
742 2706 1056 2760 ἀποστεῖλαι
1095 2709 1226 2763 δέκα
1272 2711 1532 2781 ἀδελφοὺς
1565 2689 1818 2784 τὸν

253 2785 471 2855 βασιλέα
509 2791 598 2845 διά
636 2810 757 2846 τινα
793 2797 1000 2867 χρείαν’
1032 2800 1124 2852 καὶ
1149 2800 1479 2871 ἐψηφίσαντο
1517 2805 1610 2857 καὶ
1657 2806 1817 2859 αὑτὸν

252 2880 382 2946 μετὰ
417 2881 529 2935 τῶν
573 2884 908 2952 ὑπαγόντων,
966 2889 1052 2953 Ὠς
1085 2891 1140 2944 δὲ
1186 2893 1435 2962 ἤκουσεν,
1469 2895 1626 2949 ἔϐαλε
1662 2899 1818 2968 μετά-

249 2987 388 3025 νοιαν
404 2975 520 3035 τοῖς
540 2977 809 3046 Πατράσι,
839 2978 1030 3048 λέγων’
1061 2982 1158 3035 Διὰ
1183 2983 1273 3037 τὸν
1299 2983 1494 3056 Κύριον
1524 2993 1813 3063 συγχωρή-

247 3062 371 3114 σατέ
397 3081 509 3133 μοι,
539 3066 621 3118 ὅτι
642 3067 824 3132 δοῦλός
845 3070 962 3142 εἰμί
987 3090 1128 3137 τινος
1157 3077 1392 3145 μεγάλου
1421 3079 1528 3132 τῶν
1561 3083 1695 3134 ὲκεῑ·
1720 3062 1813 3136 καὶ

245 3154 332 3208 ἐὰν
356 3157 600 3230 γνωρίσῃ
636 3175 722 3228 με,
759 3161 1192 3234 ἀποσχηματίζει
1223 3184 1312 3237 με,
1347 3169 1440 3222 καὶ
1472 3171 1628 3242 φέρει
1651 3173 1812 3227 πάλιν
1840 3197 1882 3255 c

243 3247 317 3306 εἰς
346 3246 408 3298 τὸ
438 3247 710 3303 δουλεύειν
741 3251 910 3322 αὐτῷ.
956 3255 1110 3310 Μετὰ
1147 3254 1239 3311 οὖν
1268 3259 1329 3312 τὸ
1361 3261 1648 3333 πεισθῆναι
1688 3266 1813 3330 τοὺς

243 3333 507 3407 Πατέρας,
556 3339 652 3392 καὶ
703 3341 918 3410 ἀφεῖναι
948 3346 1130 3411 αὐτὸν,
1161 3348 1362 3419 ἔμαθον
1399 3353 1620 3426 ὕστερον
1662 3358 1813 3429 παρά

243 3440 373 3488 τινος
405 3428 649 3498 ἀκριϐῶς
676 3432 1037 3504 ἐπισταμένου
1077 3437 1260 3503 αὐτὸν,
1297 3442 1378 3494 ὅτι
1423 3442 1509 3496 ὅτε
1551 3441 1620 3516 ἦν
1649 3428 1706 3499 ἐν

241 3516 441 3586 κόσμῳ,
500 3520 739 3593 ἔπαρχος
795 3528 1144 3598 πραιτωρίων
1197 3532 1430 3603 ὑπῆρχε⁶
1475 3536 1571 3589 καὶ
1607 3537 1694 3592 ἵνα
1735 3516 1809 3610 μῆ

239 3609 468 3680 γνωσθῇ,
518 3614 611 3665 καὶ
637 3614 858 3685 ὄχλησιν
887 3617 1020 3690 εὕρῃ
1060 3620 1123 3673 ἐκ
1163 3622 1270 3675 τῶν
1294 3623 1616 3694 ἀνθρώπων,
1653 3609 1810 3683 τοῦτο

239 3702 655 3771 προεφασίσατο.
715 3707 961 3780 Τοσαύτη
1011 3705 1079 3782 ἦν
1133 3714 1332 3786 σπουδὴ
1379 3719 1489 3780 τοῖς
1540 3719 1806 3789 Πατράσι,

239 3792 453 3860 φεύγειν
499 3795 600 3868 τὴν
636 3796 792 3861 δόξαν
842 3800 935 3852 καὶ
974 3801 1076 3872 τὴν
1129 3804 1434 3861 ἀνάπαυσιν
1473 3807 1564 3861 τοῦ
1600 3809 1805 3880 κόσμου

237 3898 436 3938 τουτου.

615 4153 753 4221 Περὶ
775 4153 883 4209 τοῦ
910 4155 1061 4212 ἀϐσᾱ
1091 4161 1414 4229 Καρίωνος.

294 4267 359 4318 a'.
384 4256 554 4316 Εἶπεν
573 4264 603 4318 6
622 4265 796 4329 ἀσϐἆς
815 4269 1039 4340 Καρίων
1067 4272 1202 4345 (70),
1225 4275 1307 4329 ὅτι
1344 4277 1579 4344 Πολλοὺς
1600 4281 1800 4349 κόπους

230 4351 454 4426 ἐποίησα
477 4357 518 4419 ⁸,
576 4357 739 4412 πλέον
780 4360 874 4414 τοῦ
929 4364 1046 4418 υίοῦ
1078 4383 1177 4434 μου
1217 4371 1504 4441 Ζαχαρίου,
1557 4375 1650 4427 καὶ
1700 4377 1800 4430 οὐκ

1930 1975 2036 2032 hoc
2081 1977 2266 2033 habitu
2312 1989 2624 2052 pergentem
2660 1983 2727 2036 ad
2762 1985 3066 2049 collectam,
3098 1987 3222 2042 dico
3247 1987 3295 2043 ei
3331 1988 3506 2044 :Fra-

1931 2075 2033 2132 ter,
2072 2084 2254 2124 nonne
2278 2069 2431 2126 vides
2471 2071 2703 2137 fratres,
2735 2076 3006 2144 quomodo
3039 2077 3102 2132 ad
3157 2081 3404 2150 synaxim
3450 2083 3503 2136 in

1926 2159 2156 2215 ecclesia
2191 2161 2408 2216 adstant
2441 2164 2587 2219 velut
2631 2167 2851 2236 angeli?
2883 2168 3000 2234 Qua
3049 2171 3258 2226 ratione
3291 2180 3347 2226 tu
3385 2189 3504 2228 om-

1927 2249 2056 2304 nino
2107 2251 2214 2307 huc
2264 2254 2482 2310 accedis
2534 2256 2600 2310 ad
2657 2257 2804 2312 hunc
2849 2260 3110 2315 modum?
3139 2262 3206 2315 At
3249 2263 3338 2318 ille
3377 2265 3499 2318 ait:

1926 2341 2152 2411 Ignosce
2183 2345 2340 2411 mihi,
2365 2346 2524 2412 abba,
2557 2349 2692 2404 alias
2723 2359 2901 2405 vestes
2930 2367 3039 2405 non
3067 2353 3257 2408 habeo.
3284 2355 3503 2411 Assum~

1924 2433 2010 2504 psi
2057 2449 2187 2506 ergo
2225 2452 2349 2491 cum
2397 2439 2452 2492 in
2482 2440 2674 2494 cellam
2725 2457 2932 2508 meam,
2968 2451 3023 2498 et
3061 2443 3180 2499 dedi
3214 2445 3497 2502 levitonem

1922 2540 2047 2580 cum
2108 2529 2324 2584 caeteris
2394 2531 2597 2600 quibus
2657 2533 2981 2604 indigebat:
3039 2535 3178 2590 unde
3243 2536 3499 2608 deinceps

1921 2615 2144 2672 indutus
2190 2629 2306 2673 erat
2347 2621 2490 2675 sicut
2536 2622 2730 2692 reliqui
2767 2623 2999 2688 fratres;
3029 2636 3082 2681 et
3115 2641 3340 2682 cernere
3379 2636 3500 2682 erat

1920 2723 2044 2763 eum
2074 2710 2221 2764 velut
2267 2713 2540 2781 angelum.
2573 2712 2810 2786 Contigit
2869 2725 3048 2770 autem
3101 2717 3392 2786 aliquando
3437 2727 3498 2773 ut

1921 2814 2146 2856 necesse
2172 2809 2316 2857 esset
2344 2801 2600 2859 Patribus
2651 2805 2838 2860 decem
2875 2806 3070 2861 fratres
3109 2809 3174 2861 ad
3205 2809 3497 2877 imperato~

1919 2907 2032 2946 rem
2055 2895 2270 2949 mittere
2287 2893 2358 2948 ob
2376 2895 2596 2966 aliquod
2626 2899 2897 2967 negotium
2924 2915 2937 2962 ;
2976 2907 3138 2968 atque
3167 2901 3309 2954 lmnc
3329 2904 3494 2957 etiam

1917 2983 2274 3040 decreverunt
2317 3001 2443 3041 cum
2489 2989 2612 3043 aliis
2647 3004 2889 3058 pergere.
2928 2990 3083 3056 Quod
3128 2993 3220 3046 ubi
3264 2994 3490 3060 audivit,

1915 3090 2097 3131 coram
2140 3075 2396 3135 Patribus
2433 3081 2728 3149 prostravit
2758 3096 2838 3145 se,
2864 3081 3054 3136 dicens
3087 3098 3100 3135 :
3130 3080 3359 3153 Propter
3387 3082 3493 3137 Do-

1916 3167 2157 3232 minum,
2205 3169 2472 3239 ignoscite
2519 3172 2688 3237 mihi;
2737 3189 2858 3227 sum
2907 3175 3052 3229 enim
3102 3175 3389 3244 cujusdam
3423 3191 3491 3231 ex

1916 3262 2052 3315 aulae
2083 3263 2402 3331 proceribus
2449 3279 2675 3332 servus;
2713 3267 2805 3335 qui
2854 3269 2897 3322 si
2946 3268 3226 3338 agnoverit
3254 3285 3358 3334 me,
3391 3269 3490 3322 ha-

1914 3350 2029 3405 bitu
2079 3355 2331 3409 monachi
2381 3357 2670 3425 spoliabit,
2705 3367 2967 3429 cogetque
3018 3359 3084 3413 ad
3137 3361 3331 3414 iterum
3371 3377 3490 3416 ser-

1913 3441 2169 3496 viendum
2206 3445 2276 3499 ei.
2326 3445 2462 3500 Cum
2509 3447 2671 3516 igitur
2699 3445 2888 3503 Patres
2935 3451 3182 3518 persuasi
3225 3449 3485 3516 fuissent,

1911 3547 1974 3586 ac
2004 3531 2341 3589 dimisissent
2376 3552 2499 3589 eum
2520 3577 2534 3600 ,
2568 3547 2751 3607 postea
2787 3555 2881 3608 per
2915 3541 3200 3608 quemdam
3232 3543 3319 3596 cui
3353 3543 3489 3598 bene

1910 3630 2068 3679 notus
2117 3632 2235 3678 crat
2278 3637 2700 3696 compererunt,
2737 3631 2880 3699 quod
2917 3633 3134 3701 quando
3184 3635 3237 3688 in
3287 3637 3487 3689 saeculo

1909 3713 2166 3784 degebat,
2201 3717 2490 3784 praefectus
2522 3721 2777 3787 praetorio
2817 3723 3150 3790 exstitisset;
3183 3741 3365 3779 verum
3418 3743 3487 3782 ne

1908 3817 2352 3875 cognosceretur,
2393 3816 2555 3878 atquc
2603 3813 2903 3866 molestiam
2949 3830 3012 3869 ex
3049 3815 3358 3872 hominibus
3389 3834 3483 3871 ca-

1907 3904 2092 3964 peret,
2153 3897 2206 3950 id
2265 3908 2651 3968 praetexuerat.
2699 3901 2872 3958 Tanto
2925 3904 3115 3961 Patres
3163 3909 3485 3963 tenebantur

1905 3989 2087 4044 studio
2112 3989 2351 4060 fugiendi
2381 4000 2494 4046 tum
2517 3994 2767 4064 gloriam,
2790 4003 2901 4049 tum
2929 3997 3159 4067 hujusce
3188 4001 3374 4055 mundi
3398 4017 3482 4058 re-

1904 4082 2108 4152 quiem.

2403 4177 2479 4232 De
2509 4179 2696 4232 abbate
2731 4178 2974 4233 Curione.

1973 4285 2022 4339 1.
2064 4287 2175 4357 (71)
2220 4286 2362 4341 Dixit
2397 4287 2567 4343 abbas
2596 4287 2758 4343 Cario
2789 4307 2801 4342 :
2839 4288 3010 4344 Multo
3038 4291 3228 4361 plures
3270 4293 3324 4348 in
3369 4294 3477 4348 vir-

1902 4383 2016 4428 tute
2062 4377 2278 4432 labores
2317 4378 2534 4448 suscepi
2568 4392 2732 4447 quam
2771 4377 2912 4434 filius
2958 4395 3125 4448 meus_
3156 4381 3473 4448 Zacharias,

227 4443 428 4513 ἔφθασα
455 4450 538 4513 εἰς
576 4450 644 4504 τὰ
673 4452 846 4524 μέτρα
870 4456 1056 4520 αὑτοῦ,
1081 4458 1138 4509 ὲν
1163 4462 1228 4529 τῇ
1261 4463 1586 4517 ταπεινώσει
1619 4467 1710 4520 καὶ
1740 4469 1798 4522 ἐν

1919 4480 2001 4520 nec
2027 4467 2094 4520 ad
2111 4466 2232 4536 ejus
2257 4467 2574 4523 meritorum
2609 4482 2923 4523 mensuram
2953 4471 3193 4540 perveni,
3214 4472 3266 4526 in
3295 4473 3475 4528 humi-

227 4538 284 4606 τῇ
307 4542 486 4610 σιωπῇ
511 4541 700 4597 αὐτοῦ.

290 4623 353 4693 β’.
387 4628 426 4679 Γ
427 4627 584 4696 έγονέ
605 4647 688 4718 τις
714 4631 772 4686 ὲν
793 4635 859 4704 τῇ
888 4635 1082 4707 Σκήτει
1108 4640 1357 4710 μοναχὸς,
1380 4642 1552 4707 ἀσὸᾶς
1573 4646 1794 4718 Καρίων

224 4714 527 4788 λεγόμενος.
559 4717 726 4786 Οὗτος
753 4725 1120 4797 ἐσχηκὼςδύο
1151 4732 1335 4796 τέκνα,
1365 4735 1530 4798 ἐάσας
1560 4714 1697 4792 αὐτα
1725 4743 1790 4810 τῇ

227 4809 323 4881 ἰδίᾳ
348 4815 591 4880 γυναικὶ,
622 4816 957 4887 ἀνεχώρησε.
988 4820 1137 4875 Μετὰ
1175 4823 1230 4875 δὲ
1270 4827 1478 4894 καιρὸν,
1509 4829 1664 4898 λιμοῦ
1695 4809 1791 4899 γεέ

223 4903 435 4990 νομένου
477 4906 537 4958 ὲν
570 4909 637 4976 τῇ
674 4909 952 4982 Αἰγύπτῳ,
997 4915 1320 4968 πενωθείσα
1356 4919 1388 4989 ή
1423 4921 1556 4990 γυνὴ
1604 4923 1788 4986 αὑτοῦ,

221 4985 369 5059 ἦλθεν
397 4998 455 5048 ὲν
485 5001 552 5068 τῇ
587 4999 784 5071 Σκήτει
811 5001 1047 5073 φέρουσα
1074 5004 1141 5058 τὰ
1172 5005 1263 5058 δύο
1303 4985 1489 5062 παιδία
1521 4985 1639 5082 μεθ’
1664 4985 1791 5065 ὲαυέ

224 5081 308 5148 τῆς
335 5081 422 5156 (ἦν
455 5088 512 5141 δὲ
535 5088 598 5141 τὸ
628 5090 687 5143 ἓν
711 5094 998 5163 ἀρρενικὸν
1029 5097 1319 5167 λεγόμενον
1363 5081 1652 5172 Ζαχαρίας,
1694 5105 1788 5156 καὶ

223 5173 350 5225 τὸὲν
371 5177 644 5251 θηλυκὸν),
683 5183 778 5234 καὶ
813 5183 1078 5238 καθίσασα
1109 5187 1389 5257 πόρρωθεν
1409 5190 1501 5242 τοῦ
1535 5191 1786 5261 γέροντος

224 5262 274 5313 ἐν
295 5265 366 5332 τῷ
392 5267 523 5320 ἓλει·
559 5270 683 5334 ἕλος
709 5272 820 5342 γὰρ
854 5275 1182 5345 παράκειται
1215 5279 1271 5330 ὲν
1302 5281 1367 5346 τῇ
1407 5280 1620 5350 Σκήτει,
1658 5280 1786 5335 ἔνθα

224 5355 306 5405 καὶ
348 5359 400 5408 αἱ
455 5361 744 5431 ἐκκλησίαι
795 5363 1188 5436 ᾠκοδόμηνται,
1229 5369 1322 5420 καὶ
1379 5371 1435 5421 αἱ
1468 5373 1640 5439 πηγαὶ
1680 5372 1785 5424 τῶν

285 5512 326 5543 ⁹⁹
359 5516 437 5569 Al.
479 5519 607 5574 add.
650 5519 861 5574 παλαιὰ
900 5525 1096 5590 φορῶν.

224 5589 383 5638 cuiu.
413 5591 464 5643 4.

281 5727 380 5812 συ)
503 5733 696 5798 ἁϐὄᾶς
719 5733 972 5812 Καρίων.
1007 5736 1271 5812 fiorruptc
1320 5741 1458 5809 apud
1500 5740 1773 5812 Pelagium

224 5792 536 5870 interpretem
568 5792 823 5858 vocatur'
846 5801 1131 5874 Serapion.

1216 5527 1228 5552 ¹
1291 5527 1372 5579 Al.
1409 5527 1576 5582 inscr.
1620 5533 1981 5599 σωματικούς.

1739 4569 1755 4586 ’
1828 4530 1871 4585 D
1900 4556 2055 4612 litate
2075 4530 2378 4613 et‘silentio
2407 4558 2602 4628 ipsius.

1968 4648 2022 4702 2.
2062 4648 2173 4718 (72)
2209 4647 2429 4703 Exstitit
2464 4648 2516 4702 in
2555 4649 2700 4704 Sceti
2742 4650 2961 4720 quidam
3005 4651 3334 4719 monachus,
3374 4669 3473 4707 no-

1900 4740 2045 4793 mine
2082 4738 2252 4793 abbas
2273 4738 2454 4794 Cat-io.
2493 4740 2595 4794 Hic
2639 4740 2778 4797 duos
2808 4742 3009 4797 liberos
3044 4757 3166 4795 cum
3195 4745 3472 4814 suscepis-

1900 4838 2012 4893 set,
2055 4829 2367 4899 relinquens
2401 4845 2498 4884 eos
2534 4832 2690 4885 uxori
2723 4847 2862 4897 suae,
2903 4832 2968 4886 ad
3002 4833 3166 4888 vitam
3211 4835 3472 4890 monasti-

1897 4935 2017 4974 cam
2061 4921 2307 4976 secessit.
2356 4919 2550 4975 Postea
2600 4921 2741 4976 fame
2784 4939 2879 4992 per
2912 4922 3205 4994 Egyptum
3256 4927 3471 4980 contin-

1895 5021 2076 5082 gente,
2105 5012 2170 5064 ad
2201 5013 2483 5081 angustias
2516 5013 2730 5067 rcdacta
2765 5030 2903 5069 uxor
2923 5015 3064 5085 ejus,
3099 5016 3297 5071 Scetim
3321 5020 3470 5072 venit

1895 5116 2018 5154 cum
2055 5100 2270 5156 duobus
2304 5102 2492 5156 liberis
2521 5118 2534 5155 :
2565 5119 2814 5176 quorum_
2845 5121 2986 5160 unus
3031 5121 3150 5160 mas
3182 5116 3326 5171 erat,
3365 5106 3460 5161 Za-

1893 5191 2108 5246 charias
2158 5193 2367 5256 dictus,
2419 5195 2556 5248 alter
2608 5194 2830 5249 femina.
2882 5195 2947 5248 Et
2994 5196 3213 5251 sedebat
3237 5199 3390 5267 longe
3435 5213 3463 5248 a

1893 5299 2037 5338 sene'
2075 5286 2130 5337 in
2187 5286 2418 5353 palude;
2469 5288 2624 5356 palus
2677 5290 2819 5341 enim
2877 5289 3090 5356 adjacet
3141 5290 3320 5350 Sceti,
3373 5290 3461 5342 ubi
3543 5363 3546 5366 t

1891 5376 2137 5430 ecclesia:
2163 5378 2442 5432 aediﬁcatae
2473 5389 2601 5434 sunt
2630 5389 2684 5434 et
2720 5380 2894 5435 fontes
2935 5382 3265 5436 scaturiunt.
3291 5379 3462 5434 Porro

2086 5535 2104 5563 ²
2153 5532 2339 5588 Matth.
2374 5551 2493 5598 xm,
2525 5537 2609 5588 Μ-
2715 5537 2732 5566 ³
2764 5536 2924 5589 Hebr.
2959 5553 3055 5599 xu,
3081 5538 3131 5590 2.
3246 5536 3266 5568 ‘
3309 5534 3456 5594 Psal.

1959 5744 2064 5804 (71)
2112 5743 2212 5797 Vit.
2253 5743 2401 5795 Patr.
2439 5761 2524 5806 xv,
2561 5743 2643 5796 16.

1954 5813 2064 5883 (7'2)
2114 5812 2350 5868 l't'ridar.
2388 5813 2606 5876 Ruderi,
2640 5829 2718 5879 Ill,
2753 5815 2806 5881 6,
2839 5814 2889 5876 1.
