4032 6334
481 384 583 440 951

1641 381 1987 440 APPENDIX
2025 383 2119 441 AD
2152 383 2579 446 PALLADIUM.

3611 384 3717 439 252

478 498 589 553 lue-.-
621 496 674 551 in
705 495 848 552 Secti
887 497 1226 555 consuetudo
1252 496 1573 562 invaluerat,
1604 505 1664 552 ιιι
1703 498 1748 554 si
1782 513 2047 554 accessus-

2157 501 2356 557 ὗδάτων
2392 500 2517 556 είσί.
2563 496 2826 571 Συνήθεια
2856 498 2913 553 δὲ
2945 498 3166 568 τοιαύτη
3198 491 3270 568 ἦν
3303 499 3361 551 ὲν
3391 501 3461 571 τῇ
3499 498 3716 569 Σκήτει,

475 596 559 643 set
586 587 781 641 mulier
807 586 873 641 ad
906 585 1231 656 loquendum
1269 586 1421 640 fratri
1442 585 1524 640 vel
1548 584 1703 639 alteri
1736 586 2049 643 necessario

475 694 596 743 suo,
628 679 816 748 procul
846 679 1074 733 invicem
1108 676 1358 732 sedentes
1393 678 1834 749 colloquerentur
1870 697 1885 734 :
1918 686 2049 733 tunc

476 772 671 825 mulier
697 771 772 823 ait
816 770 997 825 abbati
1043 768 1305 824 Carioni:
1343 769 1482 826 Ecce
1531 771 1710 827 factus
1757 788 1817 828 es
1863 787 2050 827 mona-

475 874 634 927 chus,
674 874 727 917 ct
763 864 935 916 fames
968 865 1174 935 evenit.
1210 861 1351 928 Quis
1373 878 1502 934 ergo
1527 864 1635 918 alet
1663 863 1865 920 liberos
1892 865 2047 919 tuos?

475 955 777 1024 Respondit
803 956 975 1011 abbas
1005 954 1170 1009 Cario
1197 973 1210 1009 :
1247 951 1375 1011 lllds
1402 956 1535 1010 mihi
1563 956 1673 1010 huc
1706 959 1876 1012 mitte.
1915 957 2050 1014 Dicit

473 1046 669 1099 mulier
709 1044 941 1100 liberis:
990 1043 1151 1099 Abite
1195 1044 1262 1099 ad
1310 1053 1515 1115 patrem
1554 1053 1816 1101 vestrum.
1864 1045 2050 1117 Itaque

471 1141 734 1188 venerunt
763 1134 828 1187 ad
860 1141 1067 1204 patrem
1096 1148 1294 1201 suum;
1330 1134 1425 1189 sed
1458 1151 1579 1205 quae
1613 1135 1811 1191 femina
1842 1145 1957 1192 erat
1983 1137 2050 1192 ad

469 1233 699 1279 matrem
742 1239 959 1280 reversa
991 1232 1095 1287 εει,
1131 1238 1249 1279 mas
1287 1239 1417 1279 vero
1465 1225 1666 1280 mansit
1703 1242 1826 1281 cum
1877 1233 2046 1297 patre.

473 1315 626 1370 Tunc
670 1316 737 1371 ad
774 1331 999 1370 uxorem
1030 1334 1044 1371 :
1080 1315 1248 1380 Ecce,
1298 1315 1496 1387 inquit,
1542 1317 1678 1371 bene
1716 1325 1894 1373 actum
1929 1327 2048 1384 est;

473 1409 661 1478 accipe
693 1417 749 1461 tu
801 1408 1057 1478 puellam,
1100 1414 1155 1461 et
1196 1408 1318 1470 abi,
1369 1423 1469 1478 ego
1513 1423 1740 1478 [merum
1785 1408 2046 1463 retinebo.

473 1498 761 1555 Nutriebat
804 1500 971 1571 igitur
1006 1514 1128 1554 eum
1176 1498 1231 1552 in
1285 1497 1471 1562 Secti,
1499 1498 1711 1553 cunctis
1754 1498 2057 1555 scientibus

473 1593 621 1663 quod
658 1599 806 1648 esset
847 1592 994 1647 illius
1034 1590 1198 1646 filius.
1235 1589 1305 1646 Ut
1343 1597 1525 1645 autem
1570 1592 1839 1660 processit
1873 1600 2057 1658 atate,

474 1692 654 1739 ortum
681 1691 764 1739 est
802 1683 870 1739 de
916 1698 983 1738 eo
1026 1696 1274 1737 murmur
1317 1681 1372 1736 in
1409 1681 1775 1737 fraternitate.
1796 1682 1915 1749 Quo
1956 1698 2055 1738 aue

473 1774 591 1829 dito
618 1774 786 1829 abbas
813 1772 977 1829 Cario
1009 1771 1176 1826 filium
1210 1772 1291 1827 sic
1327 1771 1607 1827 allocutus
1624 1772 2055 1838 est:Zacharia,

2151 592 2236 646 ἵνα
2268 591 2398 667 ἔλθῃ
2423 591 2580 662 γυνὴ,
2612 590 2841 661 λαλῆσαι
2882 589 3094 661 ἀδελφῷ
3130 591 3319 661 αὐτῆς,
3353 589 3387 661 ἢ
3430 590 3575 662 ἄλλῳ
3604 589 3719 643 δια-

2149 684 2364 756 φέροντι
2392 683 2551 756 αὐτῇ,
2580 682 2686 736 ὰπὸ
2719 682 2987 755 μακρόθεν
3013 680 3388 753 καθεζομένων
3416 680 3596 734 αὐτῶν
3623 682 3721 734 ἀπ’

2150 772 2391 844 ἀλλήλων
2406 773 2667 844 ὁμιλῶσιν
2682 772 2947 843 ἀλλήλοις.
2965 771 3097 825 Τότε
3114 772 3260 841 λέγει
3279 775 3313 843 η
3329 772 3464 843 γυνὴ
3486 772 3561 843 τῷ
3578 773 3682 824 ἀθϐ
3692 776 3724 843 ςῖ

2148 864 2408 936 Καρίωνι·
2458 863 2587 917 Ἰδοὺ
2628 864 2853 933 γέγονας
2895 862 3143 934 μοναχὸς,
3166 864 3259 916 καὶ
3291 862 3449 933 λιμός
3476 866 3610 915 ἐστι·
3637 864 3721 927 τις

2148 952 2240 1010 οὖν
2261 954 2448 1027 τρέφει
2474 955 2542 1008 τὰ
2561 954 2724 1008 τέκνα
2748 970 2870 1020 σου;
2892 954 3054 1022 Λέγει
3075 953 3210 1025 αὐτῇ
3231 955 3259 1007 6
3284 953 3456 1018 ἀϐϐἄς
3472 954 3720 1025 Καρίων·

2148 1047 2259 1101 Kal
2306 1046 2622 1100 ἀπόστειλόν
2663 1064 2752 1118 μοι
2797 1045 2935 1100 αὐτὰ
2975 1040 3099 1100 ὧδε.
3148 1046 3309 1116 Λέγει
3352 1048 3385 1117 ἡ
3428 1046 3566 1116 γυνὴ
3608 1049 3724 1109 τοῖς

2148 1138 2377 1201 τέκνοις·
2427 1136 2712 1191 ’Δπέλθετε
2747 1136 2883 1208 πρὸς
2916 1137 3007 1191 τὸν
3050 1138 3262 1208 πατέρα
3309 1138 3482 1208 ὑμῶν.
3533 1138 3723 1207 Ἐρχο-

2154 1226 2328 1297 μένων
2348 1221 2440 1280 οὖν
2464 1226 2641 1281 αὐτῶν
2666 1227 2801 1299 πρὸς
2831 1226 2922 1280 τὸν
2944 1227 3155 1298 πατέρα
3181 1215 3381 1294 αὐτῶν,
3404 1228 3464 1304 τὸ
3488 1227 3722 1299 θηλυκὸν

2151 1319 2456 1392 ὑπέστρεψε
2488 1318 2626 1393 πρὸς
2650 1318 2748 1391 τὴν
2781 1319 2994 1392 μητέρα
3025 1319 3213 1384 αὑτοῦ,
3245 1319 3305 1374 τὸ
3333 1320 3390 1374 δὲ
3432 1320 3723 1390 ἀρρενικὸν

2148 1406 2282 1482 ἦλθε
2313 1412 2448 1485 πρὸς
2477 1411 2568 1467 τὸν
2600 1412 2728 1467 τδιον
2760 1412 2993 1485 πατέρα.
3035 1412 3168 1465 Τόσε
3200 1411 3348 1482 λέγει
3385 1413 3543 1483 αὐτῇ·
3588 1412 3725 1464 Ἰδοὺ

2151 1501 2331 1566 καλῶς
2349 1502 2582 1573 ἐγένετο·
2610 1502 2741 1558 λάϐε
2773 1505 2841 1558 σὺ
2866 1503 2927 1557 τὸ
2943 1502 3175 1575 θηλυκὸν
3203 1504 3297 1556 καὶ
3319 1501 3540 1567 ἄπελθε,
3568 1501 3725 1570 κάγὼ

2151 1594 2212 1647 τὸ
2263 1595 2570 1665 ἁῤῥενικόν.
2623 1595 2943 1665 Ἀνέτρεφεν
2992 1588 3082 1647 οὖν
3132 1590 3263 1645 αὐτὸ
3306 1593 3362 1645 ἐν
3396 1593 3461 1661 τῇ
3504 1592 3723 1662 Σκήτει,

2155 1684 2370 1739 πάντων
2398 1685 2613 1739 εἰδότων
2647 1684 2728 1738 ὅτι
2755 1684 2947 1737 τέκνον
2990 1681 3153 1737 αὑτοῦ
3191 1684 3357 1736 ἐστιν.
3400 1682 3487 1745 Ὡς
3518 1681 3575 1734 δὲ
3608 1680 3725 1750 ἡλι-

2152 1776 2276 1839 κίας
2315 1777 2333 1807 ⁸
2364 1776 2576 1845 γέγονε,
2608 1776 2919 1846 γογγυσμὸς
2954 1776 3167 1844 ἐγένετο
3201 1776 3258 1827 ἐν
3289 1776 3361 1844 τῇ
3400 1772 3725 1842 ἀδελφότητι

475 1877 664 1932 surge,
698 1854 1205 1926 'abeamusbinc,
1256 1860 1385 1930 quia
1442 1871 1784 1915 murmurant
1842 1861 2050 1917 Patres.

2157 1868 2282 1938 περὶ
2312 1838 2500 1922 αὑντοιῖ.
2528 1838 2634 1920 Kal
2659 1838 2909 1931 discedo-ac
2927 1866 2957 1919 ό
2994 1838 3167 1929 ἄϐὁᾶς
3199 1838 3439 1937 Καρίων,
3467 1838 3615 1932 λέγει

474 1950 614 2007 Tum
664 1953 712 2007 ei
759 1968 940 2023 puer:
974 1953 1163 2019 Abba,
1200 1952 1384 2006 cuncti
1426 1952 1515 2006 hic
1561 1961 1763 2006 norunt
1807 1969 1890 2007 me
1932 1969 2057 2010 esse

475 2043 647 2099 ﬁlium
673 2052 860 2110 tuum;
898 2044 949 2100 si
983 2044 1050 2098 ad
1090 2044 1253 2098 alium
1285 2044 1464 2098 locum
1496 2045 1913 2113 perrexerimus,
1943 2061 2057 2099 non

475 2138 751 2192 habebunt
777 2136 960 2191 dicere
991 2135 1135 2205 quod
1175 2135 1318 2189 [ilius
1355 2143 1481 2190 tuus
1519 2135 1643 2189 sim.
1679 2135 1814 2188 Tum
1846 2150 2049 2189 senex:

478 2228 671 2298 Surge,
712 2227 1081 2282 discedamus.
1113 2225 1178 2278 Et
1210 2227 1263 2279 in
1297 2225 1624 2280 Thebaidem
1656 2226 1881 2295 profecti
1903 2233 2051 2280 sunt.

477 2317 579 2374 Ubi
631 2333 756 2373 cum
806 2325 1028 2388 accepta
1077 2317 1214 2371 cella
1266 2331 1469 2385 paucos
1524 2316 1638 2371 dies
1691 2317 2055 2379 nmusissent,

474 2410 585 2464 illic
616 2424 833 2479 quoque
882 2408 1024 2463 idem
1059 2421 1308 2461 murmur
1359 2406 1426 2461 de
1473 2422 1641 2476 puero
1668 2416 1916 2460 exortum
1946 2414 2051 2460 est.

472 2501 617 2556 Dicit
659 2502 709 2556 ci
751 2511 879 2555 tunc
913 2506 1069 2570 pater
1108 2500 1227 2568 ejus
1273 2518 1285 2553 :
1330 2497 1615 2560 Zacharia,
1653 2514 1833 2569 surge,
1870 2499 2053 2553 redea-

473 2611 599 2649 mus
627 2594 695 2646 ad
728 2592 952 2646 Scetim.
1001 2590 1121 2657 Quo
1150 2590 1261 2644 illis
1292 2589 1745 2654 adventantibus,
1780 2598 1903 2659 post
1937 2590 2055 2646 dics

473 2698 678 2754 paucos
707 2685 902 2736 iterum
936 2681 1004 2735 de
1031 2681 1221 2735 eodem
1253 2693 1501 2733 murmur
1530 2678 1733 2733 factum
1769 2687 1872 2733 est.
1902 2678 2055 2733 Tunc

476 2774 775 2829 Zacharias
804 2789 962 2843 puer,
989 2772 1271 2843 profectus
1299 2770 1367 2823 ad
1408 2778 1660 2839 stagnum
1693 2770 1847 2832 nitri,
1873 2770 2054 2825 exutis

477 2866 759 2931 vestibus,
814 2865 871 2919 in
927 2863 1061 2918 illud
1109 2861 1435 2926 descendit,
1480 2861 1853 2930 immersitque
1886 2877 1945 2917 se
1986 2861 2055 2917 ad

480 2971 642 3011 nares
669 2970 877 3025 usque;
915 2963 969 3009 et
999 2968 1124 3008 cum
1152 2953 1402 3007 durasset
1434 2967 1528 3021 per
1557 2953 1785 3005 mttltutn
1819 2960 2051 3022 tempus,

478 3046 733 3117 quandiu
755 3046 969 3101 scilicet
991 3044 1190 3117 potuit,
1219 3041 1453 3097 confecit
1483 3041 1826 3112 abolevitque
1853 3057 2052 3111 corpus

478 3154 640 3194 suum
687 3154 702 3192 :
749 3137 927 3191 factus
971 3135 1113 3189 enim
1158 3141 1243 3188 est
1290 3144 1557 3203 tanquam.
1594 3135 1862 3204 leprosus.
1910 3132 2053 3202 Ergo
2080 3161 2124 3217 ο

479 3230 698 3287 rediens
714 3228 948 3297 gestavit
969 3226 1292 3281 vestimenta
1316 3240 1437 3289 sua,
1457 3224 1696 3295 abiitque
1722 3224 1788 3278 ad
1814 3234 2048 3293 patrem,

478 3336 509 3374 τι
555 3335 665 3390 quo
712 3320 815 3373 vix
852 3317 1074 3388 agnosci
1103 3315 1320 3387 ‘potuit.
1358 3314 1625 3369 Caeterum
1655 3330 1781 3367 cum
1827 3314 1894 3368 ad
1927 3329 2055 3369 san-

477 3421 622 3466 ctam
662 3409 1104 3465 communionem
1149 3408 1215 3462 de
1257 3421 1408 3461 more
1439 3405 1821 3475 processisset,
1853 3405 2059 3460 revela-

479 3512 595 3557 tum
639 3510 723 3557 est
747 3507 939 3556 saneto
983 3497 1194 3553 Isidoro
1238 3494 1464 3549 Sceteos
1506 3494 1858 3564 presbytero,
1911 3492 2056 3563 quod

481 3594 721 3649 fecerat:
757 3591 1015 3661 quocirca
1045 3588 1280 3642 intuitus
1309 3601 1456 3649 eum,
1488 3592 1544 3639 et
1581 3584 1881 3639 admiratus
1902 3583 2053 3637 infit:

481 3683 776 3739 Zacharias
818 3697 951 3752 puer
990 3678 1260 3750 superiori
1328 3675 1609 3730 Dominica
1641 3676 1788 3731 venit
1818 3683 1872 3731 et
1911 3690 2059 3729 com-

479 3778 795 3832 munionem
837 3773 1072 3844 sumpsit
1123 3771 1274 3826 velut
1321 3770 1518 3838 homo;
1565 3785 1710 3824 nunc
1761 3784 1889 3823 vero
1938 3780 2058 3824 latt-

481 3883 644 3940 quam
675 3866 900 3937 angelus
932 3862 1158 3920 cliectus
1186 3869 1291 3917 est.

1031 4065 1102 4120 De
1131 4065 1319 4119 abbate
1345 4063 1531 4133 Copre.

553 4188 604 4239 1.
649 4184 794 4238 Dixit
835 4183 1007 4237 abbas
1051 4178 1271 4233 Pmme‘n
1322 4179 1390 4234 de
1437 4178 1632 4233 abbate
1660 4177 1863 4247 Copre,
1913 4180 2056 4249 quod

482 4279 551 4335 ad
597 4284 809 4331 tantam
842 4278 1178 4344 pervenerat
1214 4270 1432 4324 virtutis
1489 4270 1914 4339 magnitudinem
1940 4310 1956 4333 ,
2001 4274 2061 4323 ut

481 4370 730 4440 quamvis
762 4372 1047 4437 m‘grotarct
1076 4378 1140 4416 ac
1168 4362 1310 4415 lecto
1332 4361 1701 4421 decumberct,
1732 4371 1909 4419 tamen
1938 4378 2065 4432 gn...

483 4464 588 4514 tias
616 4468 818 4526 ageret,
854 4455 1231 4521 inhiberetque
1261 4452 1545 4519 proprium
1569 4453 1924 4507 voluntatem.

555 4547 610 4602 2.
654 4546 798 4600 Dixit
833 4545 999 4597 abbas
1040 4544 1245 4610 Copi-cs
1278 4559 1289 4594 :
1328 4541 1526 4595 Beatus
1558 4542 1653 4610 qui
1685 4556 1808 4596 cum
1857 4542 2057 4611 grati-a-

483 4651 603 4694 rum
639 4637 850 4690 natoue
880 4636 1078 4691 tolerat
1106 4636 1379 4691 laborem.

552 4729 606 4781 5.
648 4728 762 4797 (75)
799 4726 1133 4798 Congregati-
1168 4734 1306 4782 sunt’
1342 4725 1634 4797 aliquando
1678 4724 1772 4795 qui
1817 4726 1879 4779 in~
1913 4723 2063 4782 Secti

482 4818 769 4887 degebant,
794 4819 864 4874 ob
889 4820 1245 4887 qumstionem
1284 4818 1353 4875 de
1394 4816 1809 4878 Melchisedecc,
1834 4824 1888 4872 et
1903 4817 2059 4873 obliti

484 4919 843 4965 suat-vocare-
863 4912 1112 4965 abbatem
1141 4910 1411 4981 Coprem;
1445 4918 1632 4979 postea
1658 4917 1840 4964 autem
1860 4917 2063 4964 vocato

482 5012 570 5059 eo.
605 5018 675 5056 ca»
700 5004 768 5058 de
789 5018 857 5057 re
888 5004 1315 5072 interrogabant.
1348 5002 1445 5059 Ille
1477 5018 1616 5058 vero
1636 5011 1720 5058 ter
1745 5004 2065 5071 percutiens-

482 5109 551 5148 os
583 5108 742 5148 suum
762 5134 778 5158 ,
808 5093 944 5148 dixit
971 5112 986 5148 :
1025 5093 1117 5149 Vae
1140 5094 1279 5170 .tibi,
1309 5094 1487 5165 Coprc
1508 5134 1523 5157 ,
1559 5108 1640 5148 va:
1673 5094 1769 5149 tibi
1789 5134 1804 5155 ,
1841 5095 2017 5164 Capre
2037 5132 2052 5154 ,

480 5198 564 5238 vze
592 5184 710 5247 tibi,
752 5183 956 5255 Cuprel
992 5185 1139 5254 (μιυιι
1183 5202 1246 5240 ea
1288 5186 1558 5257 reliquisti
1605 5201 1725 5256 quae
1771 5188 1869 5240 tibi
1901 5201 2054 5239 man-

482 5276 632 5331 davit
668 5278 818 5332 Dens
839 5286 898 5331 ut
928 5279 1164 5341 faceres,
1203 5286 1258 5334 et
1287 5280 1553 5334 scrutaris
1583 5295 1705 5348 quae
1738 5295 1847 5334 non
1880 5278 2059 5346 recini.

483 5369 553 5422 rit
587 5384 617 5421 a
649 5378 720 5423 te.
767 5368 977 5435 Quibus
1014 5367 1217 5423 auditis
1249 5368 1471 5434 fratres,
1505 5368 1758 5439 fugerunt
1799 5385 1850 5422 tn
1891 5368 2059 5422 cellas

483 5476 631 5515 snas.

579 5609 598 5639 ⁵
633 5616 718 5669 Al.
746 5618 804 5669 ὲν
832 5615 1038 5687 ἡλικίᾳ.

558 5767 673 5835 (75)
718 5771 818 5824 l'it.
854 5772 1007 5823 I'atr.
1042 5786 1130 5836 xv,
1172 5771 1263 5825 £4.

2151 1956 2327 2027 τέκνῳ
2361 1956 2543 2012 αὐτοῦ’
2568 1957 2830 2029 Ζαχαρία,
2865 1956 3064 2027 ἔγειρε,
3092 1955 3314 2024 ἄγωμεν
3338 1951 3608 2015 ἐντεῦθεν,
3639 1951 3725 2003 ὅτι

2153 2047 2509 2117 γογγύζουσιν
2549 2050 2596 2102 οί
2633 2048 2897 2120 Πατέρες.
2921 2047 3087 2116 Λέγει
3118 2046 3266 2117 αὐτῷ
3295 2048 3322 2099 ὁ
3348 2046 3558 2117 μικρός.
3596 2044 3724 2097 Ἄδ-

2155 2138 2245 2203 6ἅ,
2282 2139 2479 2202 πάντες
2504 2139 2708 2193 οἴδασιν
2735 2138 2965 2193 ἐνταῦθα
2992 2139 3081 2191 ὅτι
3102 2138 3215 2201 υίός
3250 2136 3343 2190 σού
3379 2139 3515 2208 εἰμι·
3548 2135 3644 2190 ἐὰν
3667 2136 3727 2190 δὲ

2154 2229 2287 2302 ἄλλῃ
2311 2230 2651 2305 ἀπέλθωμεν,
2678 2231 2776 2283 οὐκ
2809 2230 2988 2301 έχουσι
3014 2230 3191 2297 λέγειν
3222 2230 3304 2282 ὅτι
3333 2228 3447 2292 υίός
3470 2227 3561 2280 σού
3585 2228 3724 2298 είμι.

2153 2322 2262 2376 Καὶ
2285 2322 2428 2391 λέγει
2452 2322 2598 2391 αὐτῷ
2633 2324 2661 2374 6
2691 2321 2886 2390 γέρωψ
2923 2318 3162 2391 Ἔγειρε,
3197 2321 3419 2390 ἄγωμεν
3447 2319 3723 2372 ἐντεῦθεν.

2154 2412 2263 2464 Kal
2291 2411 2530 2478 ἀπῆλθον
2558 2413 2615 2464 ὲν
2640 2414 2707 2481 τῇ
2736 2411 2979 2481 Θηϐαΐδι.
3022 2412 3108 2474 Ὠς
3139 2410 3194 2463 δὲ
3222 2410 3476 2473 λαϐόντες
3510 2408 3728 2462 κελλίον

2155 2501 2413 2555 ἐκάθισαν
2454 2501 2637 2569 ὀλίγας
2675 2501 2908 2572 ἡμέρας,
2947 2501 3108 2553 κάκεῖ
3142 2501 3170 2554 6
3210 2500 3372 2562 αὐτὸς
3412 2496 3729 2568 γογγυσμὸς

2153 2589 2341 2658 γέγονε
2380 2589 2505 2658 περὶ
2537 2588 2630 2641 τοῦ
2666 2589 2897 2642 παιδίου.
2928 2589 3061 2642 Τότε
3107 2588 3254 2656 λέγει
3294 2588 3442 2657 αὐτῷ
3483 2589 3511 2638 6
3542 2587 3729 2657 πατὴρ

2153 2678 2339 2734 αὐτοῦ’
2370 2680 2636 2750 Ζαχαρία,
2676 2679 2876 2751 ἔγειρε,
2903 2680 3125 2750 ἄγωμεν
3160 2680 3218 2732 ὲν
3257 2681 3322 2750 τῇ
3360 2678 3576 2748 Σκήτει.
3614 2678 3727 2731 Kal

2154 2771 2412 2824 ἐλθόντων
2454 2771 2632 2824 αὐτῶν
2667 2772 2724 2823 ὲν
2769 2773 2835 2841 τῇ
2877 2771 3093 2841 Σκήτει,
3147 2771 3240 2823 καὶ
3273 2770 3469 2838 ὀλίγων
3502 2768 3729 2840 ἡμερῶν

2155 2861 2557 2934 παρελθουσῶν,
2591 2860 2753 2914 πάλιν
2787 2860 3096 2930 γογγυσμὸς
3127 2860 3340 2928 ἐγένετο
3381 2858 3509 2930 περὶ
3536 2858 3724 2911 αὑτοῦ.

2155 2954 2285 3007 Τότε
2319 2953 2591 3023 Ζαχαρίας
2619 2954 2648 3005 6
2680 2953 2828 3015 παῖς,
2857 2948 3027 3004 ἐλθὼν
3056 2952 3135 3014 είς
3159 2949 3255 3020 τὴν
3286 2950 3481 3022 λίμνην
3518 2948 3612 3007 τοῦ
3647 2949 3731 3003 νί-

2152 3060 2304 3116 τρου,
2332 3045 2426 3097 καὶ
2448 3043 2872 3112 ἀποδυσάμενος,
2900 3039 3133 3112 κατῆλθε
3162 3040 3312 3092 κάτω
3335 3040 3491 3110 μέχρι
3519 3040 3619 3109 τῆς
3647 3042 3733 3109 ρε-

2154 3137 2243 3200 νὸς
2266 3135 2431 3190 αὑτοῦ
2462 3132 2873 3198 καταϐαπτίσας
2896 3132 3107 3185 ἑαυτόν·
3140 3131 3233 3184 καὶ
3269 3130 3455 3200 μείνας
3476 3127 3720 3181 ὲπϊπολυ

2156 3224 2253 3297 λὴν
2281 3224 2446 3296 ὥραν,
2478 3226 2609 3295 ὅσην
2655 3223 2903 3292 ἠδύνατο,
2938 3220 3166 3293 ὴφάνισε
3209 3220 3269 3273 τὸ
3314 3218 3507 3273 ἑαυτοῦ
3542 3218 3728 3289 σῶμα·

2157 3314 2345 3383 γέγονε
2379 3312 2485 3384 γὰρ
2523 3314 2599 3376 ὡς
2638 3311 3036 3383 λελωϐημένος.
3082 3310 3192 3364 Kal
3224 3308 3461 3364 ἀνελθὼν
3498 3309 3733 3381 ὲφόρεσε

2156 3402 2224 3455 τὰ
2265 3402 2454 3472 ἱμάτια
2486 3398 2671 3465 αὐτοῦ,
2694 3400 2788 3454 καὶ
2819 3397 3025 3469 ἀπῆλθε
3055 3398 3189 3469 πρὸς
3220 3397 3311 3451 τὸν
3342 3397 3470 3451 ἴδιον
3493 3399 3727 3469 πατέρα’

2158 3493 2251 3547 καὶ
2296 3491 2447 3564 μόλις
2481 3492 2695 3561 ἐπέγνω
2726 3490 2905 3546 αὐτόν.
2972 3488 3315 3553 Ἀπελθόντος
3344 3488 3401 3541 δὲ
3445 3489 3610 3543 αὐτοῦ
3649 3489 3735 3553 είς

2158 3584 2255 3654 τὴν
2293 3583 2454 3651 ἁγίαν
2486 3581 2765 3635 κοινωνίαν
2800 3579 2942 3635 κατὰ
2978 3578 3038 3634 τὸ
3081 3579 3218 3643 ἔθος,
3255 3577 3616 3650 ἀπεκαλύφθη
3651 3576 3735 3650 τῷ

2158 3674 2297 3743 ἁγίῳ
2341 3672 2591 3745 Ἰσιδώρῳ
2632 3673 2708 3745 τῷ
2757 3674 3110 3746 πρεσϐυτέρῳ
3157 3672 3253 3743 τῆς
3288 3670 3562 3742 Σκήτεως,
3593 3672 3737 3740 ὅπερ

2158 3766 2400 3837 ἐποίησε·
2430 3767 2524 3820 καὶ
2564 3767 2686 3819 ἰδὼν
2716 3766 2875 3820 αὐτὸν
2909 3767 3001 3821 καὶ
3026 3764 3334 3836 θαυμάσας,
3378 3758 3520 3818 εἷπε·
3553 3766 3735 3833 Ζαχα-

2163 3855 2282 3927 ρίας
2312 3857 2341 3908 6
2371 3859 2499 3920 παῖς
2526 3854 2590 3926 τῇ
2622 3858 2871 3927 Κυριακῇ
2917 3855 3257 3926 παρελθούσῃ
3284 3850 3418 3926 ἦλθε
3455 3853 3549 3907 καὶ
3587 3855 3741 3905 ὲκοισ

2159 3946 2396 4019 νώνησεν
2423 3946 2498 4010 ὡς
2535 3945 2840 4014 ἄνθρωπος,
2875 3946 2968 4000 νῦν
3000 3946 3057 3999 δὲ
3077 3946 3152 4010 ὡς
3188 3945 3416 4014 ἄγγελος
3443 3940 3680 4014 ἐγένετο.

2598 4062 2739 4131 Περὶ
2770 4062 2876 4117 τοῦ
2905 4059 3054 4116 ἁϐϐᾶ
3088 4063 3290 4129 Κόπρι.

2230 4184 2298 4232 a'.
2332 4176 2556 4244 Ἔλεγεν
2581 4174 2609 4227 6
2632 4174 2806 4239 assa;
2836 4172 3161 4245 ῐῐοιμὴνδιὰ
3176 4166 3272 4227 τὸν
3295 4172 3468 4227 ἁσϐᾶν
3495 4172 3735 4244 Κύπριν,

2158 4268 2241 4323 ὅτι
2296 4269 2376 4332 εἰς
2429 4266 2681 4322 τοσοῦτον
2732 4263 2865 4338 ἦλθε
2926 4267 3142 4338 μέτρον,
3211 4265 3290 4319 ὅτι
3358 4258 3576 4335 ἠσθένει
3639 4266 3740 4319 καὶ

2162 4359 2422 4431 κλινήρης
2459 4354 2547 4432 ἦν,
2593 4359 2689 4413 καὶ
2726 4358 3054 4430 εὐχαρίστει,
3111 4356 3205 4410 καὶ
3249 4354 3454 4409 ἐκώλυε
3502 4355 3565 4409 τὸ
3606 4354 3742 4408 ἴδιον

2092 4493 2135 4550 D
2163 4451 2396 4550 (ianua:

2211 4543 2296 4612 οβ’.
2327 4539 2492 4595 Εἶπεν
2534 4545 2562 4597 6
2604 4541 2778 4605 ἁόόᾶς
2814 4540 3043 4612 Κόπρις⁶
3068 4537 3352 4609 Μακάριος
3383 4539 3414 4592 6
3450 4534 3743 4605 ὑπομένων

2160 4633 2325 4688 κόπον
2355 4633 2468 4698 μετ’
2491 4633 2862 4704 εὐχαριστίας.

2229 4729 2298 4793 γ’.
2326 4723 2680 4795 Συνήχθησάν
2724 4738 2855 4777 ποτε
2894 4721 2945 4775 οί
2991 4721 3049 4773 ἐν
3091 4722 3155 4791 τῇ
3187 4719 3384 4790 Σκήτει
3416 4718 3438 4749 ⁸
3480 4716 3609 4788 περὶ
3638 4713 3741 4768 τοῦ

2159 4814 2494 4885 Μελχισεδὲκ
2512 4854 2530 4880 ,
2587 4813 2676 4867 καὶ⁹
2721 4812 3046 4867 ἐπελάθοντο
3115 4810 3343 4869 καλέσαι
3401 4807 3493 4861 τὸν
3564 4805 3744 4859 ἁὸὅᾶν

2161 4907 2373 4976 Κόπριν
2420 4907 2462 4937 ⁷·
2523 4904 2744 4974 ὕστερον
2803 4905 2861 4957 δὲ
2914 4903 3240 4965 καλέσαντες
3283 4900 3474 4965 αὐτὸν,
3509 4898 3747 4970 ⁴ἢριὶδτιιυν

2163 4999 2291 5068 περὶ
2330 4996 2543 5050 τούτου.
2610 4994 2667 5048 Ὀ
2709 4994 2797 5059 δὲ,
2838 4993 3012 5062 τύψας
3056 4993 3118 5047 τὸ
3163 4992 3335 5062 στόμα
3368 4992 3389 5023 ⁸
3440 4988 3607 5043 αὐτοῦ
3647 4991 3747 5041 ἐπὶ

2160 5092 2329 5161 τρεῖς,
2356 5084 2527 5142 εἶπεν·
2573 5088 2713 5142 Οὐαί
2744 5104 2845 5152 σοι,
2872 5086 3085 5155 Κόπρι⁹
3108 5085 3120 5138 !
3151 5085 3234 5137 ὅτι
3255 5082 3290 5137 ἆ
3317 5084 3345 5136 ό
3378 5080 3511 5143 Θεὸς
3536 5080 3745 5133 ἐνετεί-

2161 5180 2291 5236 λατό
2340 5198 2421 5235 σοι
2466 5180 2683 5250 ποιῆσαι
2753 5177 3168 5248 ὲγκατέλειπες,
3235 5174 3328 5227 καὶ
3395 5171 3433 5225 ὃ.
3476 5172 3538 5224 οὐ
3588 5170 3748 5239 ζητεῖ

2164 5272 2314 5343 παρὰ
2367 5273 2461 5324 σοῦ
2517 5272 2762 5341 ἐρευνᾷς.
2820 5269 2930 5322 Kal
2994 5266 3324 5327 ἀκούσαντες
3390 5264 3443 5316 οἱ
3520 5260 3747 5330 ἀδελφοὶ

2162 5365 2377 5427 causa,’
2398 5363 2595 5433 ἔφυγον
2624 5364 2704 5427 εις
2727 5361 2796 5415 τὰ
2832 5359 3019 5415 κελλία
3050 5356 3247 5412 αὐτῶν.

1148 5619 1170 5650 ⁸
1195 5616 1281 5671 ΔΙ.
1320 5611 1493 5673 inser.
1528 5612 1903 5687 συζητοῦντες.
1978 5615 1998 5645 ⁷
2026 5614 2055 5670 Α

2157 5611 2393 5685 Κόπρην.
2471 5610 2493 5642 ⁸
2522 5609 2607 5668 Al.
2647 5607 2956 5681 πρόσωπον.
3036 5605 3056 5636 ’
3094 5604 3178 5658 ΛΙ.
3218 5602 3436 5670 Κόπρη.
