4032 6334
713 529 855 600 Περὶ
894 531 999 587 τοῦ
1036 532 1187 587 ἀϐϐᾶ
1220 535 1438 603 Κύρου.

364 622 503 693 Πρὸς
543 622 635 674 τὸν
686 622 941 694 λογισμὸν
982 625 1085 694 τῆς
1128 628 1405 695 πορνείας,
1440 626 1807 699 ἐπερωτηθεὶς
1833 630 1863 682 6

296 713 465 775 ἁὸόᾶς
523 711 709 784 Κῦρος
752 713 783 765 6
826 711 1225 785 Ἀλεξανδρεὺς,
1279 716 1611 788 ἀπεκρίνατο
1667 716 1860 780 οὕτως·

309 805 430 859 Ἐὰν
454 802 715 873 λογισμὸν
747 803 849 857 οὐκ
878 802 1029 874 ιχῃς,
1056 804 1244 857 ἐλπίδα
1269 805 1370 859 οὐκ
1400 805 1563 876 ἔχεις*
1597 808 1691 862 ἐὰν
1719 810 1864 878 λογι-

298 896 464 966 opai»;
498 895 600 947 οὐκ
629 893 783 967 ἔχῃς,
809 893 1007 965 πρᾶξιν
1028 893 1187 965 ἔχεις.
1227 894 1397 951 Τοῦτο
1427 897 1489 950 δέ
1518 900 1683 964 ἐστιν,
1721 901 1803 954 ὅτι
1837 904 1866 955 6

296 986 436 1041 κατὰ
465 986 701 1040 διάνοιαν
733 985 873 1057 πρὸς
896 985 994 1057 τὴν
1021 986 1290 1059 ἁμαρτίαν
1321 988 1396 1059 μὴ
1429 989 1699 1060 πολεμῶν,
1732 992 1865 1063 μηδέ

296 1077 609 1144 ἀντιλέγων,
638 1075 965 1147 σωματικῶς
1001 1076 1229 1148 πράττει
1261 1079 1452 1150 αὐτήν.
1495 1078 1556 1134 Ὀ
1592 1081 1701 1153 γὰρ
1727 1083 1866 1151 ἔχων

297 1167 521 1237 πράξεις
571 1165 660 1219 διὰ
688 1165 963 1237 λογισμῶν
996 1167 1096 1221 οὐκ
1125 1167 1381 1238 ὀχλεῖται.
1431 1169 1708 1242 Ἦρώτησε
1751 1173 1808 1226 δὲ
1838 1174 1868 1226 6

297 1259 470 1329 γέρων
506 1257 599 1310 τὸν
643 1255 890 1326 ἀδελφὸν,
929 1257 1103 1326 λέγων
1124 1269 1142 1287 ⁸
1160 1259 1250 1331 Μὴ
1287 1260 1573 1332 συνήθειαν
1596 1261 1741 1332 ἔχεις
1787 1264 1867 1327 είς

298 1347 509 1419 ὁμιλίαν
536 1347 835 1416 γυναικόςς
866 1349 975 1402 Kal
1005 1345 1157 1404 εἶπεν
1181 1353 1212 1404 6
1234 1351 1487 1420 ἀδελφόςσ
1520 1352 1614 1407 θῦο
1646 1354 1867 1408 παλαιοὶ

301 1440 392 1492 καὶ
422 1439 531 1492 νέοι
562 1437 843 1507 ζωγράφοι
871 1441 1007 1492 εἰσιν
1030 1440 1082 1493 oi
1109 1439 1356 1513 λογισιωί
1385 1459 1508 1514 μου’
1548 1444 1757 1515 μνῆμαί
1787 1447 1866 1499 είς

302 1545 381 1581 σιν
444 1526 703 1598 ὁχλοῦσαί
760 1545 873 1599 μοι,
929 1530 1025 1584 καὶ
1081 1531 1361 1599 γυναικῶν
1411 1533 1623 1588 εἴδωλα.
1695 1536 1754 1589 ’θ
1810 1535 1867 1589 δὲ

301 1617 471 1688 γέρων
513 1618 654 1690 πρὸς
702 1621 880 1674 αὐτόν·
923 1620 1171 1690 Νεκροὺς
1213 1620 1290 1691 μὴ
1343 1620 1531 1691 φοὸοὖ·
1574 1622 1709 1678 ἀλλὰ
1740 1625 1866 1688 τοὺς

301 1707 502 1773 ζῶντας
561 1710 750 1780 φεῦγε,
808 1713 900 1768 καὶ
957 1712 1271 1766 ὲπεκτείνου
1315 1714 1519 1785 μᾶλλον
1568 1717 1650 1779 είς
1699 1732 1866 1787 προσ-

302 1801 427 1871 ιυχή
432 1818 481 1855 ν.
1240 1826 1247 1833 ‘

748 1914 913 1987 Ἀρχὴ
934 1914 1025 1969 τοῦ
1059 1918 1104 1971 Λ
1135 1917 1416 1988 στοιχείου.

682 2028 824 2095 Περὶ
866 2029 974 2083 τοῦ
1014 2030 1163 2085 ἀϐὄᾶ
1195 2031 1474 2085 Λουκίου.

366 2134 680 2207 Παρέϐαλόν
734 2137 865 2190 ποτέ
914 2156 1056 2203 τινες
1088 2139 1166 2209 τῷ
1204 2139 1345 2212 ἀὸδᾷ
1382 2141 1599 2212 Λουκίῳ
1629 2141 1672 2173 ⁸⁸
1701 2141 1781 2204 εἰς
1806 2142 1867 2196 τὸ

306 2231 544 2297 Ἔνατον,
566 2235 617 2286 οῖ
650 2232 931 2304 λεγόμενοι
963 2235 1216 2288 Εὐκτῖται
1240 2236 1307 2299 τί,
1329 2236 1571 2305 μοναχοί·
1602 2236 1693 2290 καὶ
1721 2236 1868 2307 ἠρώ-

302 2339 459 2394 τησεν
488 2325 688 2387 αὐτοὺς
716 2325 744 2377 6
773 2325 970 2395 γέρωνσ
995 2326 1059 2377 Τί
1084 2326 1144 2378 τὸ
1166 2324 1477 2396 ὲργόχειρον
1505 2327 1689 2397 ὑμῶν;
1718 2329 1780 2380 Ol
1808 2327 1867 2380 δὲ

302 2413 466 2468 εἶπον·
494 2417 687 2486 Ἡμεῖς
706 2416 767 2470 οὐ
788 2416 1127 2486 ψηλαφῶμεν
1154 2417 1489 2488 ὲργόχειρον·
1507 2417 1663 2481 ἀλλὰ,
1685 2417 1866 2483 καθὼς

303 2506 442 2574 λέγει
473 2508 503 2560 6
532 2506 875 2571 ’Δπόστολος,
912 2506 1267 2570 ἀδιαλείπτως
1296 2509 1725 2579 προσευχόμεθα.
1759 2510 1868 2562 Kal

301 2596 438 2665 λέγει
466 2597 497 2648 ὀ
523 2597 722 2665 γέρων·
752 2597 866 2650 υὺκ
890 2598 1129 2661 sobius;
1160 2598 1268 2652 Kal
1292 2593 1461 2652 εἷπον·
1485 2599 1613 2654 Ναί.
1645 2600 1754 2654 Kal
1784 2600 1869 2653 λέ-

302 2705 384 2756 γει
406 2689 612 2751 αὐτοῖς*
627 2684 774 2742 ’Ὅτε
799 2685 892 2742 οὖν
917 2688 1142 2753 ἐσθίετε,
1171 2688 1251 2753 τίς
1278 2688 1491 2760 εὔχεται
1511 2690 1650 2760 ὑπὲρ
1673 2690 1825 2759 ὑμῶν
1849 2707 1864 2755 ;

304 2781 464 2834 Πάλιν
514 2775 611 2831 οὖν
654 2772 805 2831 εἶπεν
846 2779 1047 2842 αὐτοῖς’
1081 2780 1154 2831 Οὐ
1197 2780 1496 2849 κοιμᾶσθες
1539 2778 1641 2831 Kal
1687 2776 1863 2832 εἷποψ

300 2867 419 2921 Ναί.
448 2866 561 2920 Kal
580 2867 727 2936 λέγει
752 2870 780 2921 6
807 2867 1003 2939 γέρων-
1030 2868 1156 2922 ὐτε
1187 2864 1278 2922 οὖν
1303 2870 1585 2939 κοιμᾶσθε.
1607 2869 1692 2934 τίς
1722 2868 1869 2940 εὔχε-

300 2978 382 3014 ται
413 2962 543 3033 περὶ
564 2964 608 2993 ⁸³
635 2961 818 3033 ὑμῶν;
850 2964 957 3017 Kal
982 2963 1079 3035 οὐχ
1108 2957 1264 3037 εὗρον
1295 2964 1431 3034 πρὸς
1459 2965 1631 3018 ταῦτα
1648 2966 1868 3035 ἀποκρί-

301 3052 486 3106 νασθαι
528 3053 699 3125 αὐτῷ.
747 3055 859 3108 Kal
901 3050 1051 3109 εἶπεν
1092 3056 1290 3119 αὐτοῖς’
1322 3056 1714 3128 Συγχωρήσατέ
1754 3073 1863 3127 μοι,

306 3143 406 3196 Bob
434 3145 499 3197 οὐ
529 3148 731 3198 ποιεῖτε
759 3144 937 3210 καθὼς
969 3146 1172 3215 λέγετε.
1210 3146 1350 3217 Ἐγὼ
1375 3148 1431 3200 δὲ
1459 3147 1687 3201 δεικνύω
1714 3147 1861 3217 ὑμῖν,

1436 418 2045 475 APOPHTHEGMATA
2084 420 2390 477 PATRUM.

3424 418 3533 474 95$

2504 537 2580 592 De
2617 536 2805 593 abbate
2839 537 2992 608 Cyro.

2042 628 2149 698 {76)
2189 631 2563 699 Interrogatus
2578 630 2747 683 abbas
2768 631 2945 700 Cyrus
2968 628 3370 683 Alexandrinus
3386 631 3535 684 circa

1963 718 2341 775 fornicationis
2385 720 2790 789 cogitationem,
2826 719 3104 789 respondit
3145 720 3212 774 ad
3250 720 3395 774 hunc
3426 736 3537 772 mo-

1963 811 2090 867 dum
2123 825 2136 859 :
2174 810 2230 863 Si
2256 810 2638 880 cogitationem
2667 825 2775 863 non
2810 809 3092 873 habueris,
3129 825 3226 879 spe
3256 824 3407 864 cares
3438 827 3453 863 :
3486 810 3534 864 si

1963 900 2389 972 cogitationibus
2428 899 2725 957 destitutus
2767 916 2850 967 es,
2904 901 3175 973 actionem
3215 908 3390 957 tenes.
3421 901 3537 955 Hoc

1964 1001 2143 1047 autem
2175 1000 2290 1046 est:
2325 991 2469 1060 quod
2495 991 2586 1061 qui
2612 991 2666 1045 in
2691 1001 2873 1047 mente
2893 1002 3082 1048 contra
3111 1001 3395 1062 peccatum
3426 1009 3537 1048 non

1967 1091 2190 1155 pugnat,
2234 1098 2334 1138 nec
2381 1083 2431 1137 ei
2481 1082 2732 1148 obsistit,
2774 1097 3003 1152 corpore
3053 1083 3187 1137 illud
3239 1091 3535 1153 perpetrat.

1964 1173 2177 1231 Etenim
2208 1173 2302 1244 qui
2348 1172 2605 1243 operibus
2650 1173 2917 1241 complet,
2961 1189 3070 1227 non
3115 1174 3317 1243 patitur
3365 1174 3536 1229 mole-

1966 1263 2127 1319 stiam
2161 1278 2227 1319 ex
2263 1261 2706 1332 cogitationibus.
2755 1260 3112 1333 Interrogavit
3155 1272 3334 1317 autem
3370 1279 3536 1319 senex

1966 1350 2191 1405 fratrem
2216 1369 2230 1405 :
2256 1349 2396 1404 Num
2425 1351 2761 1406 consuevisti
2786 1366 2910 1406 cum
2945 1352 3213 1407 muliere?
3239 1351 3538 1422 Respondit

1966 1439 2135 1507 frater
2167 1458 2183 1495 :
2216 1439 2369 1508 Non;
2399 1450 2609 1496 veteres
2643 1455 2708 1495 ac
2744 1441 2871 1496 nevi
2910 1441 3145 1510 pictores
3172 1450 3300 1498 sunt
3333 1444 3539 1513 cogita-

1967 1518 2356 1597 tiones'mete;
2402 1530 2812 1588 recordationes
2851 1539 2980 1586 sunt
3025 1547 3147 1602 quae
3195 1534 3327 1591 mibi
3372 1534 3542 1589 mole-

1966 1623 2127 1676 stiam
2158 1622 2443 1687 exhibent,
2472 1637 2683 1678 necnon
2721 1623 3009 1678 mulierum
3049 1623 3365 1680 simulacra.
3399 1625 3536 1679 Tum

1968 1724 2135 1765 senex
2161 1711 2229 1763 ad
2258 1726 2380 1765 cum
2408 1729 2425 1765 :
2453 1710 2695 1765 Mortuos
2722 1726 2791 1767 ne
2829 1711 3047 1778 timeas,
3075 1714 3169 1768 sed
3200 1712 3325 1784 fuge
3364 1714 3537 1777 vivos,

1966 1802 2247 1872 magisque
2282 1816 2470 1872 preces
2499 1803 2782 1872 protende.

2419 1913 2754 1985 Principium
2790 1915 2987 1972 littera:
3021 1914 3088 1972 L.

2492 2028 2566 2083 De
2605 2029 2792 2084 abbate
2825 2028 3011 2087 Lucio.

2038 2136 2149 2208 (75)
2190 2137 2468 2194 Venerunt
2520 2141 2814 2211 aliquando
2864 2141 3114 2196 nonnulli
3170 2141 3236 2196 ad
3288 2142 3541 2196 abbatem

1966 2228 2191 2286 Lucium
2236 2234 2288 2286 in
2345 2232 2542 2299 Enato,
2594 2249 2659 2288 ex
2714 2234 2778 2289 iis
2840 2234 2934 2305 qui
2976 2233 3235 2289 dicuntur
3290 2233 3538 2300 Euctitte,

1965 2322 2258 2388 monachi;
2310 2331 2364 2377 et
2418 2323 2776 2392 interrogavit
2834 2337 2932 2377 eos
2995 2337 3217 2376 senex:
3271 2321 3540 2387 Quidnam

1967 2412 2218 2467 manibus
2244 2413 2581 2481 operamini?
2631 2411 3097 2482 Responderunt:
3129 2412 3237 2468 Nos
3272 2428 3380 2467 non
3414 2429 3543 2468 con-

1967 2502 2226 2573 tingimus
2255 2517 2512 2556 manuum
2540 2517 2714 2572 Opus;
2748 2503 2841 2558 sed
2875 2502 3017 2558 sicut
3047 2503 3288 2572 praecipit
3317 2502 3543 2572 Aposto-

1967 2594 2052 2649 lus
2076 2595 2145 2661 ",
2166 2607 2390 2649 oramus
2409 2592 2531 2649 sine
2559 2593 2980 2649 intermissione.
3024 2592 3117 2646 Ait
3154 2609 3319 2649 senex
3348 2613 3361 2647 :
3393 2594 3541 2649 Non-

1966 2698 2035 2737 ne
2064 2684 2447 2738 manducatis?
2471 2682 2552 2736 llli
2586 2700 2601 2738 :
2631 2683 2828 2747 Etiam,
2869 2686 3286 2741 manducamus.
3321 2686 3496 2741 Senex
3523 2707 3538 2744 :

1967 2773 2195 2842 Quando
2225 2774 2387 2844 igitur
2423 2775 2728 2842 comeditis,
2775 2777 2899 2846 quis
2932 2792 3032 2846 pro
3062 2779 3214 2832 vobis
3239 2780 3397 2832 orat?
3441 2779 3542 2833 lte-

1967 2880 2085 2919 rum
2118 2866 2208 2920 ille
2259 2865 2326 2919 ad
2373 2880 2469 2921 eos
2498 2883 2511 2918 :
2539 2863 2658 2919 Non
2706 2865 3000 2921 dormitis?
3034 2866 3379 2938 Exceperunt
3408 2885 3423 2922 :
3462 2871 3541 2921 lta

1964 2962 2068 3018 est,
2096 2954 2417 3009 dormimus.
2443 2950 2579 3007 Tum
2612 2969 2776 3009 senex
2812 2973 2826 3009 :
2857 2953 3086 3021 Quando
3109 2972 3240 3027 ergo
3266 2958 3540 3024 dormitis,

1965 3045 2089 3116 quis
2138 3061 2236 3115 pro
2280 3045 2436 3101 vehis
2471 3045 2626 3101 orat?
2660 3044 2772 3101 Nec
2819 3045 3146 3102 invenerunt
3181 3049 3311 3119 quid
3353 3049 3417 3103 ad
3452 3051 3542 3104 illa

1967 3138 2215 3208 responsi
2263 3136 2475 3193 darent.
2530 3136 2676 3192 Dixit
2723 3138 2803 3195 eis
2835 3155 2848 3191 :
2880 3141 3150 3212 Ignoscite
3201 3142 3372 3210 mihi;
3414 3158 3544 3199 ecce

301 3231 377 3286 ὅτι
448 3231 817 3304 ἐργαζόμενος
864 3234 925 3288 τὸ
970 3237 1280 3307 ὲργόχειρόν
1340 3253 1441 3307 μου
1512 3237 1864 3301 ἀδιαλείπτως

1972 3244 2077 3284 non
2128 3228 2310 3285 facitis
2361 3230 2517 3300 juxta
2571 3246 2879 3287 sermonem
2935 3244 3195 3288 vestrum.
3252 3233 3361 3313 Ego
3413 3250 3543 3289 vero

302 3323 689 3394 προσεύχομαι.
719 3326 1030 3396 Καθέζομαι
1070 3329 1164 3381 σὺν
1198 3328 1317 3399 Θεῷ
1352 3328 1547 3399 βρέξας
1588 3329 1661 3383 τὰ
1698 3329 1869 3400 μικρά

304 3429 398 3481 μου
424 3412 618 3466 θαλλία
648 3414 824 3467 η’καὶ
841 3415 1052 3470 πλέκων
1078 3416 1217 3469 αὐτὰ
1240 3417 1444 3487 σειρὰν,
1473 3418 1631 3485 λέγω·
1661 3417 1868 3483 Ἐλέη-

299 3504 412 3559 σόν
456 3521 558 3574 με,
604 3507 637 3558 ὁ
681 3505 844 3571 Θεὸς,
894 3509 1042 3561 κατὰ
1084 3507 1149 3559 τὸ
1178 3506 1333 3577 μέγα
1371 3508 1544 3574 ἔλεός
1591 3524 1726 3573 σου,
1767 3508 1866 3562 καὶ

298 3596 445 3654 κατὰ
465 3597 531 3649 τὸ
555 3595 791 3664 πλῆθος
820 3597 940 3650 τῶν
964 3598 1280 3667 οἰκτιρμῶν
1308 3615 1425 3654 σου
1453 3599 1779 3667 ofﬁccio-or
1801 3599 1867 3653 τὸ

297 3685 569 3756 ὀνόμημὰ
615 3704 759 3756 μου.
803 3689 915 3743 Kal
959 3689 1103 3758 λέγει
1140 3690 1343 3755 αὐτοῖς·
1379 3692 1493 3744 Οὐκ
1538 3691 1684 3745 ἐστιν
1733 3692 1865 3763 εὐχὴ

250 3790 255 3794 ‘
297 3777 491 3843 101310;
523 3778 636 3830 Kal
664 3773 836 3833 εἷπον·
860 3779 988 3833 Ναί.
1019 3780 1127 3834 Kal
1161 3777 1313 3834 εἶπεν
1345 3782 1546 3845 αὐτοῖς·
1580 3784 1747 3835 Ὅταν
1773 3778 1866 3836 οὖν

296 3868 541 3939 ἐμμείνω
568 3869 636 3922 δι’
664 3868 794 3940 ὅλης
819 3871 1029 3942 ἡμέρας
1058 3872 1420 3944 ἐργαζόμενος
1441 3874 1534 3927 καὶ
1558 3874 1863 3945 εὐχόμενος,

297 3958 431 4012 ποιῶ
454 3958 642 4013 πλεῖον
666 3959 709 4029 ἢ¹
730 3959 951 4014 ἔλαττον
978 3962 1172 4028 δεκαὲξ
1196 3964 1391 4034 νουμία
1417 3962 1575 4036 (73‘)°
1610 3964 1705 4017 καὶ
1725 3981 1859 4035 παρ-

294 4051 407 4121 έχω
448 4050 510 4115 ἐξ
567 4050 748 4105 αὐτῶν
809 4054 891 4116 εἰς
944 4052 1043 4125 τὴν
1093 4054 1262 4124 θύραν
1311 4053 1426 4120 δύο,
1471 4055 1566 4109 καὶ
1606 4056 1674 4109 τὰ
1705 4055 1868 4109 λοιπὰ

295 4141 479 4196 ἐσθίω·
510 4142 606 4197 καὶ
626 4140 843 4213 εὔχεται
867 4143 1008 4215 ὑπὲρ
1033 4144 1171 4214 ἐμοῦ
1196 4147 1225 4198 6
1244 4144 1422 4198 λαϐὼν
1458 4145 1527 4199 τὰ
1556 4144 1648 4198 δύο
1671 4146 1866 4216 νουμία

296 4232 381 4286 ὅτε
418 4232 589 4287 ἐσθίω
621 4233 655 4303 ἢ
692 4234 782 4287 ὅτε
821 4234 1120 4306 κοιμῶμαν
1152 4236 1246 4290 καὶ
1277 4236 1367 4290 διὰ
1393 4238 1492 4308 τῆς
1519 4237 1738 4307 χάριτος
1770 4237 1864 4290 τοῦ

296 4322 427 4377 Θεοῦ
496 4324 800 4395 πληροῦται
867 4343 956 4397 μοι
1019 4326 1080 4380 τὺ
1142 4327 1498 4392 ἀδιαλείπτως
1566 4329 1863 4400 προσεύχε-

762 4529 904 4597 Περὶ
940 4531 1043 4585 τοῦ
1066 4531 1215 4587 ἀϐδᾶ
1240 4535 1386 4589 Λώτ.

359 4649 428 4696 α’.
462 4638 638 4696 ’Ἡλθέ
676 4660 761 4707 τις
788 4642 899 4697 τῶν
934 4645 1203 4714 γερόντων
1232 4646 1367 4717 πρὸς
1393 4647 1484 4701 τὸν
1512 4649 1685 4703 ἀόϐἇν
1716 4650 1859 4716 Λὼτ,

296 4732 426 4802 πρὸς
449 4731 588 4784 *δτὸ
616 4731 811 4821 μικρὸν
834 4731 952 4795 ἕλος
978 4734 1071 4786 τοῦ
1111 4735 1465 4804 ’Ᾱρσενοῒτου,
1501 4738 1591 4790 καὶ
1618 4741 1861 4809 παρεκά-

294 4817 441 4871 λεσεν
473 4819 637 4872 αὑτὸν
675 4817 775 4873 διὰ
797 4820 1025 4885 κελλίον,
1060 4822 1153 4875 καὶ
1190 4821 1386 4878 ἔδωκεν
1415 4826 1580 4896 αὐτῷ.
1614 4823 1721 4880 Ἦν
1747 4829 1802 4880 δὲ
1834 4832 1863 4882 6

293 4907 475 4977 γέρων
499 4906 755 4978 ἀσθενής
797 4908 893 4963 καὶ
929 4909 1234 4964 ἀνέπαυσεν
1258 4912 1423 4967 αὐτὸν
1455 4914 1483 4965 6
1515 4914 1688 4977 esse;
1716 4915 1857 4968 Λώτ·

192 5026 202 5036 -
295 4998 381 5049 καὶ
403 4998 453 5049 εἰ
480 4998 711 5068 ἧρχοντό
730 5015 880 5063 ’τινες
900 5002 1232 5070 παραϐαλεῖν
1253 5002 1329 5074 τῷ
1352 5004 1495 5076 esse
1518 5006 1662 5068 Λὼτ,
1689 5007 1861 5059 ἐποίει

295 5088 485 5153 αὐτοὺς
512 5090 861 5161 παραϐαλεῖν
892 5090 986 5145 καὶ
1023 5091 1107 5164 τῷ
1131 5094 1345 5166 γέροντι
1375 5096 1452 5167 τῷ
1485 5097 1714 5151 ἀσθενεῖ.
1754 5099 1864 5152 Kal

297 5180 488 5253 ἤρξατο
534 5184 721 5239 λαλεῖν
771 5184 953 5248 αὐτοῖς
1001 5184 1193 5252 λόγους
1235 5185 1329 5239 τοῦ
1380 5189 1704 5258 Ὠριγένουςο
1770 5192 1864 5243 καὶ

300 5272 526 5330 ωλίὸετο
565 5277 596 5329 ὁ
639 5275 816 5339 esse;
849 5274 993 5339 Λὼτ,
1030 5276 1220 5344 λέγων·
1248 5278 1339 5348 Μὴ
1371 5280 1463 5332 καὶ
1495 5281 1788 5350 νομίσωσιν
1817 5286 1863 5337 οἱ

365 5432 408 5503 ξ’
420 5432 520 5503 _Al.
559 5435 729 5489 inser.
744 5502 747 5503 ν
761 5433 862 5503 τῷ.

307 5498 385 5557 ⁸⁸1
416 5501 607 5561 Thess.
641 5519 698 5568 ν,
729 5492 824 5557 ΠΣ
901 5503 945 5536 ’⁸
976 5502 1121 5558 Psal.
1152 5519 1201 5565 ι,
1228 5492 1289 5565 '2,
1315 5503 1370 5558 5.

366 5618 487 5689 (75⁸)
513 5617 671 5675 Ποιῶ
696 5614 982 5689 πλεῖονῳῆ
1007 5616 1260 5689 ἔλαττον
1283 5615 1752 5689 δεκαὲξγουμία.
1786 5616 1864 5670 Ad

306 5683 503 5759 verbum
544 5689 805 5759 Pelagius
841 5705 867 5759 :A
902 5684 1215 5759 Facioplus
1242 5685 1414 5738 minus
1449 5683 1668 5759 sedecim
1708 5701 1859 5738 num-

302 5768 419 5812 mos.
444 5758 517 5814 Ex
541 5753 711 5815 sensu
745 5756 980 5811 Ruﬁnus
1013 5771 1027 5809 :
1058 5755 1289 5820 (lituique
1316 5753 1728 5820 percomplevero
1752 5772 1860 5821 ope-

300 5843 354 5879 ra
381 5845 620 5884 manuum
651 5843 914 5886 mearum,
941 5837 986 5878 ct
1020 5826 1197 5882 aliqua
1228 5842 1349 5877 rasa
1386 5835 1473 5877 aut
1496 5841 1689 5890 pam‘ns
1717 5825 1855 5891 funi-

959 5435 1009 5509 '1
1033 5434 1117 5509 Al.
1148 5434 1370 5509 Εὺχῖται
1409 5440 1463 5488 et
1489 5437 1749 5508 Εὺχῆται.
1831 5440 1871 5470 ¹²
1901 5439 1984 5493 Al.
2016 5439 2173 5509 ὑπέρ.

1972 3321 2255 3376 ostendam
2288 3323 2470 3386 vobis,
2516 3322 2661 3390 quod
2686 3337 2823 3392 opus
2847 3338 3105 3378 manuum
3136 3340 3376 3379 mearum
3410 3327 3539 3377 dum

1969 3427 2217 3475 exerceo,
2245 3428 2344 3467 oro
2376 3415 2493 3468 sine
2526 3414 2952 3469 intermissione.
3051 3416 3185 3469 Cum
3237 3414 3345 3469 Deo
3377 3415 3542 3470 sedeo

1969 3506 2289 3577 intingueus.
2311 3522 2461 3561 meos
2497 3509 2771 3574 ramulos;
2817 3521 3020 3578 eosque
3058 3510 3113 3562 in
3142 3511 3370 3576 plectani
3408 3524 3544 3562 con-

1968 3606 2217 3663 nectens,
2236 3598 2359 3653 aio:
2389 3597 2640 3653 Miserere
2664 3600 2784 3661 mei,
2816 3598 2974 3663 Deus,
2995 3599 3275 3653 secundum
3294 3613 3540 3668 magnam

1969 3688 2389 3741 misericordiam
2418 3698 2585 3756 tuam,
2620 3700 2672 3743 et
2704 3689 2988 3744 secundum
3020 3690 3408 3743 multitudinem
3440 3690 3542 3743 mi—

1967 3780 2289 3833 seratiommt
2309 3789 2523 3834 tuarum
2551 3782 2667 3837 dele
2690 3783 3021 3852 iniquitatem
3061 3799 3230 3835 meam
3256 3782 3318 3835 “.
3348 3781 3541 3836 Nonne

1968 3868 2020 3924 id
2041 3870 2216 3923 oratio
2243 3869 2797 3941 est?Responderunt
2817 3890 2829 3926 :
2852 3872 2966 3927 Est.
2986 3873 3188 3927 lterum
3217 3873 3384 3927 :Cnm
3410 3887 3542 3943 ergo

1967 3975 2318 4031 permansero
2352 3969 2464 4015 tota
2480 3963 2568 4017 die
2600 3979 2833 4034 operans
2855 3973 2909 4018 et
2933 3979 3118 4027 orans,
3157 3964 3389 4019 coniicio
3414 3964 3538 4033 plus

1966 4053 2149 4106 minus
2191 4051 2429 4107 sedecim
2465 4067 2751 4120 nummos;
2790 4069 2854 4107 ac
2904 4070 2968 4107 ex
3028 4054 3094 4108 iis
3123 4053 3261 4107 duos
3295 4055 3347 4105 in
3382 4061 3541 4121 porta

1965 4143 2451 4212 prmbeo,reliquos
2469 4143 2756 4198 insumoin
2773 4145 2985 4198 cibum:
3006 4146 3097 4213 qui
3119 4155 3297 4197 autem
3330 4144 3542 4212 accepit

1966 4234 2106 4289 duos
2140 4248 2427 4299 nummos,
2469 4241 2591 4288 orat
2633 4250 2735 4303 pro
2782 4251 2896 4303 me,
2932 4236 3153 4305 quando
3187 4234 3416 4289 comedo
3447 4244 3543 4289 aut

1966 4326 2179 4381 dormio
2219 4345 2233 4382 :
2267 4335 2430 4398 atque
2464 4343 2561 4399 per
2618 4327 2713 4383 Dei
2769 4329 3000 4399 gratiam
3043 4328 3371 4397 adimpletur
3402 4326 3539 4380 mihi

1966 4420 2119 4483 illud,
2152 4420 2272 4475 sine
2300 4421 2712 4477 intermissione
2741 4435 2916 4475 orare.

2508 4529 2587 4584 De
2624 4528 2812 4583 abbate
2844 4526 3002 4582 Loto.

2042 4643 2094 4698 1.
2134 4643 2380 4698 Accessit
2425 4657 2617 4698 senum
2665 4642 2863 4712 aliquis
2906 4641 2974 4695 ad
3017 4641 3266 4695 abbatem
3305 4640 3434 4704 Lot,
3484 4640 3539 4692 in

1970 4748 2191 4803 parvam
2242 4732 2496 4803 paludem
2547 4733 2886 4797 Arsenoitaa,
2936 4739 2991 4786 et
3039 4731 3248 4801 rogavit
3281 4746 3403 4785 eum
3445 4745 3542 4799 per

1969 4826 2195 4888 cellam,
2229 4825 2488 4894 deditque
2522 4822 2619 4876 illi.
2657 4820 2981 4892 IEgrotabat
3015 4832 3193 4874 autem
3235 4835 3434 4879 senex;
3476 4834 3539 4873 ac

1971 4918 2159 4973 refecit
2200 4933 2322 4970 eum
2357 4933 2371 4970 :
2403 4915 2547 4986 quod
2584 4914 2630 4969 si
2662 4915 2943 4968 venissent
2989 4912 3154 4981 aliqui
3191 4911 3538 4981 congressuri

1965 5026 2089 5065 cum
2148 5010 2342 5083 abbate
2389 5007 2554 5073 Loto,
2608 5004 2874 5062 emciebat
2924 5012 2985 5059 ut
3039 5005 3202 5058 etiam
3253 5004 3540 5058 visitarent

1966 5116 2152 5156 senem
2197 5098 2498 5154 inﬁrmum.
2548 5094 2725 5167 Cmpit
2767 5111 2900 5166 ergo
2947 5095 3026 5150 eis
3060 5094 3209 5165 loqui
3258 5108 3540 5148 sermones

1967 5189 2216 5261 Origenis
2264 5208 2279 5245 :
2330 5205 2436 5260 qua
2489 5188 2556 5244 de
2594 5203 2756 5243 causa
2800 5187 2968 5242 abbas
3015 5185 3116 5239 Lot
3168 5184 3534 5254 aﬂligebatur:

1967 5284 2072 5353 Ne,
2110 5284 2396 5353 inquiens,
2437 5280 2628 5337 Patres
2677 5281 2995 5336 existiment
3038 5293 3139 5334 nos
3187 5290 3405 5347 quoque
3461 5274 3539 5325 ita

2270 5440 2315 5472 ¹³
2339 5439 2424 5493 Al.
2488 5436 2712 5509 ἐμαυτῷ
2742 5435 2933 5491 θαλλία
2962 5432 3164 5505 μικρά.
3241 5430 3284 5463 ³⁸
3318 5431 3401 5485 Al.
3430 5429 3535 5494 εἰς.

1975 5616 2121 5670 culos
2150 5633 2345 5683 emero,
2363 5628 2410 5671 et
2442 5617 2609 5684 fecero
2638 5633 2702 5670 ex
2730 5619 2804 5671 eis
2841 5630 3080 5671 nummos
3108 5613 3300 5671 decem.
3336 5616 3399 5672 Sa
3411 5616 3530 5671 navi

1966 5688 2288 5756 locumtqui
2320 5686 2743 5754 transpositione
2776 5686 3077 5743 laborabat.

2036 5754 2148 5821 (74)
2183 5754 2239 5808 In
2271 5756 2519 5825 Ephraem
2547 5771 2599 5824 ι).
2636 5757 2761 5824 3-87,
2790 5773 2846 5812 ιι.
2889 5756 2971 5810 l0.

2038 5825 2148 5890 (75)
2194 5825 2295 5877 Vit.
2336 5825 2483 5879 Patr.
2520 5840 2613 5892 xu,
2645 5825 2697 5880 9.
