4032 6334
445 429 553 486 255

1579 413 1799 472 APPEN
1810 414 1926 470 DIX
1966 415 2056 469 AD
2091 408 2519 467 PALLADIUM.

3609 396 3720 456 156

451 552 662 606 sentire
695 569 708 605 :
738 555 977 604 attamen
1005 560 1113 600 non
1143 542 1378 598 audebat
1422 539 1694 593 hominem
1723 551 1753 591 e
1783 539 1903 590 loco
1925 552 2026 605 εμ-
2055 573 2065 598 λ

2184 535 2389 602 ατέρες,
2435 530 2517 581 ὅτι
2563 527 2657 579 καὶ
2691 525 2849 596 ἡμεῖς
2896 521 3070 584 οὕτως
3115 519 3307 590 ἐσμέν·
3350 516 3443 570 καὶ
3471 513 3722 568 ἐκϐαλεῖν

454 661 603 704 cere.
637 649 862 713 propter
889 637 1201 693 mandatum
1231 632 1343 687 Dei.
1381 629 1624 700 Surgens
1647 628 1832 698 itaque
1858 627 2028 681 abbas

2175 621 2293 675 ὐτὸν
2337 621 2404 673 ἐκ
2441 617 2537 672 τοῦ
2573 617 2739 670 τόπου
2797 614 3045 684 ἐφοϐεῖτο
3089 611 3176 664 διὰ
3206 609 3304 680 τὴν
3335 606 3578 678 ἐντολήν.
3613 607 3726 658 Καὶ

453 737 587 800 Lot,
634 698 874 811 perrexit
919 730 986 784 ad
1020 729 1269 782 abbatem
1307 698 1631 787 Arseni—um,
1681 723 2032 789 narravitque

2175 710 2370 774 ναστὰς
2420 711 2448 762 6
2487 706 2662 770 ἁϐϐἄς
2688 704 2830 770 Λὼτ,
2865 701 2994 777 ἦλθε
3025 703 3160 775 πρὸς
3196 701 3285 755 τὸν
3315 698 3488 753 άϐϐᾶν
3534 699 3726 768 ’Λρσέ-

454 830 503 883 ei
549 829 616 880 de
665 842 816 881 sene.
865 825 953 877 Ait
1000 822 1169 876 abbas
1217 821 1482 876 Arsenius
1516 837 1528 873 :
1561 816 1682 872 Noli
1728 816 2030 886 expellere,

457 921 552 977 sed
596 919 768 971 dicito
797 917 888 970 ei:
924 914 1063 968 Ecce
1104 928 1135 968 e
1181 913 1341 968 bonis
1381 911 1477 965 Dei
1545 909 1844 972 manduca,
1878 907 2032 970 bibe,

457 1018 618 1081 prout
647 1006 886 1061 volueris
906 1047 920 1068 ,
954 1011 1166 1058 tantum
1198 1006 1298 1058 hos
1329 1017 1612 1058 sermones
1641 1017 1710 1055 ne
1741 1000 2036 1069 proloqua-

458 1101 536 1153 ris
571 1117 584 1153 :
619 1095 766 1166 quod
799 1096 844 1149 si
881 1094 1136 1157 voluerit,
1172 1092 1578 1155 emendabitur;
1616 1091 1663 1146 si
1699 1105 1829 1144 vero
1857 1088 2040 1143 nolue-

458 1189 532 1243 rit
577 1187 868 1242 emendare
925 1199 1020 1248 se,
1072 1190 1264 1250 sponte
1309 1189 1601 1251 rogaturus
1642 1187 1726 1234 est
1759 1186 1814 1232 ut
1857 1178 2040 1232 eloco

462 1277 716 1340 secedat,
755 1289 857 1329 nec
889 1282 948 1327 tu
976 1272 1196 1327 futurus
1226 1288 1284 1326 es
1315 1271 1598 1326 discessus
1629 1284 1816 1324 causa.
1854 1268 2043 1339 Itaque

2133 822 2265 870 νιον,
2306 804 2399 857 καὶ
2422 803 2718 872 διηγήσατο
2745 797 2896 868 αὐτῷ
2922 797 3050 868 περὶ
3075 795 3168 850 τοῦ
3193 795 3464 865 γέροντος.
3495 791 3606 846 Καὶ

2134 913 2220 965 γει
2247 893 2396 965 αὐτῴ
2425 896 2452 947 6
2487 871 2662 957 άϐϐἄς
2703 891 2998 962 ’Λρσένιος
3037 888 3128 960 Μὴ
3170 887 3364 957 διώξῃς
3393 885 3576 947 αὐτὸν,
3607 871 3728 937 ἀλλ’

2137 987 2260 1040 εἰπὲ
2289 985 2456 1056 αὐτῷ·
2495 986 2628 1038 Ἰδοὺ
2657 986 2720 1037 ἐκ
2749 982 2856 1036 τῶν
2882 979 2976 1034 τοῦ
3008 978 3146 1032 Θεοῦ
3197 979 3362 1046 φάγε,
3391 977 3502 1042 πίε,
3531 974 3606 1040 ὡς
3639 975 3732 1028 θέ-

2139 1078 2273 1142 λεις,
2303 1079 2460 1149 μόνον
2485 1079 2575 1130 τὸν
2596 1077 2755 1145 λόγον
2781 1075 2970 1128 τοῦτον
3005 1072 3078 1144 μὴ
3109 1072 3372 1143 λαλήσῃς’
3401 1070 3495 1124 καὶ
3521 1068 3616 1123 ἐὰν
3642 1070 3732 1124 θέ-

2139 1168 2230 1239 λῃ,
2257 1167 2584 1239 διορθοῦται*
2619 1167 2667 1218 εί
2695 1164 2751 1218 δέ
2778 1162 2852 1234 μὴ
2878 1161 3006 1232 θέλῃ
3036 1157 3455 1229 διορθώσασθαι,
3476 1156 3568 1225 ἀφ’
3598 1156 3734 1208 ἐαυ-

2141 1258 2234 1313 τοῦ
2260 1258 2444 1330 μέλλει
2469 1255 2804 1328 παρακαλεῖν
2836 1253 2930 1306 τοῦ
2959 1250 3312 1321 ἀναχωρῆσαι
3339 1250 3402 1301 ἐκ
3419 1247 3514 1300 τοῦ
3539 1246 3732 1330 τόπουο

462 1383 721 1426 reversus
748 1367 920 1422 abbas
953 1365 1072 1430 Lot,
1105 1365 1180 1418 ita
1216 1363 1365 1419 fecit.
1399 1363 1536 1417 Tum
1563 1366 1727 1418 senex
1755 1369 2042 1432 postquam

2175 1348 2237 1402 αἱ
2262 1329 2361 1402 οὐκ
2389 1347 2496 1401 ἀπὸ
2525 1345 2620 1399 σοῦ
2653 1345 2865 1414 γίνεται
2903 1345 2937 1413 ἡ
2969 1340 3217 1412 ἀφορμή.
3255 1335 3531 1390 Ἀπελθὼν
3575 1329 3670 1388 οὖν
3703 1333 3738 1386 6

463 1461 674 1516 audivit
727 1461 872 1525 haec,
930 1457 1107 1512 noluit
1153 1455 1388 1526 corrigi;
1451 1455 1544 1510 sed
1595 1455 1759 1524 coepit
1816 1469 2042 1525 rogare,

464 1553 657 1609 dicens
701 1571 714 1608 :
758 1551 988 1622 PrOpter
1049 1549 1377 1613 Dominum,
1434 1548 1565 1602 hinc
1616 1562 1703 1602 me
1762 1546 2043 1617 ablegate;

466 1661 572 1701 nec
600 1647 746 1700 enim
775 1643 1010 1714 amplius
1050 1643 1203 1697 valeo
1245 1641 1518 1696 sustinere
1549 1638 1924 1695 solitudinem.
1953 1638 2050 1693 At-

468 1751 578 1805 que
614 1736 694 1791 sic
719 1750 1020 1806 exsurgens
1044 1747 1298 1804 egressus
1329 1738 1433 1796 est,
1465 1731 1736 1787 deductus
1769 1745 1893 1785 cum
1927 1729 2056 1784 cha-

469 1829 656 1884 ritate.

542 2005 599 2060 2.
641 2004 891 2059 Narravit
925 2003 1123 2074 aliquis
1152 2002 1221 2058 de
1265 2001 1506 2073 quodam
1555 1999 1726 2056 fratre
1755 2001 1811 2055 in
1855 2014 2060 2072 pecca-

475 2104 591 2150 tum
643 2095 828 2164 lapso,
871 2091 1018 2163 quod
1062 2107 1394 2164 congressus
1447 2105 1572 2144 cum
1632 2088 1830 2144 abbate
1882 2087 2052 2156 Loto,

475 2186 927 2248 conturbaretur,
980 2185 1317 2255 ingrediens,
1360 2182 1668 2253 egrediens,
1716 2196 1817 2236 nec
1867 2182 2056 2236 valens

477 2277 688 2334 sedere.
737 2276 876 2332 Dicit
908 2276 957 2332 ei
1000 2277 1169 2331 abbas
1203 2275 1304 2330 Lot
1348 2293 1360 2328 :
1410 2274 1549 2340 Quid
1597 2274 1800 2338 habes,
1849 2272 2057 2328 frater?

474 2370 573 2427 llle
601 2389 614 2425 :
643 2369 896 2439 Magnum
926 2367 1186 2422 delictum
1235 2367 1512 2430 commisi,
1548 2381 1648 2420 nec
1683 2381 1906 2436 possum
1940 2365 2058 2419 edi-

477 2476 603 2517 cere
629 2458 926 2514 Patribus.‘
959 2459 1025 2512 Et
1057 2474 1222 2514 senex
1250 2473 1266 2511 :
1295 2456 1571 2512 Confitere
1603 2456 1734 2512 mihi
1773 2456 1929 2520 illud,
1955 2472 2058 2526 ego

477 2554 729 2624 portabo.
755 2553 908 2608 Tunc
949 2552 1022 2606 ita
1057 2553 1276 2605 locutus
1306 2560 1388 2605 est.
1413 2569 1428 2606 :
1457 2550 1628 2605 Incidi
1657 2550 1712 2603 in
1743 2548 2059 2603 fornicatio-

480 2659 643 2709 nem;
675 2657 738 2697 ac
787 2650 846 2695 ut
886 2641 993 2694 voti
1043 2657 1268 2710 compos
1303 2656 1516 2705 essem,
1561 2640 1816 2694 mactavi.
1855 2639 1942 2692 Ait
1981 2639 2057 2691 illi

480 2747 648 2787 senex
685 2750 698 2784 :
732 2729 957 2786 Conﬁde
987 2731 1131 2801 quod
1157 2732 1229 2785 sit
1262 2731 1582 2802 paenitentia
1616 2749 1629 2785 :
1656 2731 1813 2794 vade,
1847 2731 1974 2786 sede
2005 2731 2057 2784 in

482 2822 746 2892 spelunca
767 2860 782 2886 ,
813 2837 911 2892 per
941 2821 1104 2874 bidua
1148 2820 1272 2874 cibo
1300 2821 1514 2874 abstine
1535 2859 1549 2884 ,
1578 2835 1678 2891 ego
1708 2827 1888 2874 tecum
1933 2834 2060 2890 por.

484 2909 614 2963 tabo
666 2909 952 2964 dimidium
1012 2909 1251 2980 peccati.
1308 2907 1495 2979 Itaque
1544 2910 1829 2980 completis
1883 2909 2062 2963 tribus

488 2999 955 3064 hebdomadibus,
1009 3002 1222 3070 plenam
1289 3003 1500 3071 accepit
1551 3003 1917 3072 cognitionem
1973 3016 2061 3055 se-

488 3105 629 3154 nex,
679 3090 824 3159 quod
867 3090 1049 3146 l‘ratris
1109 3091 1487 3160 paenitentiam
1537 3090 1679 3146 Deus
1730 3091 2061 3146 admisisset.

490 3183 581 3236 Ille
632 3182 1000 3251 perseveravit
1051 3183 1105 3236 in
1151 3183 1521 3238 submissione
1571 3184 1721 3239 senis
1772 3197 1946 3254 usque
1996 3181 2063 3237 ad

490 3281 740 3329 mortem.

980 3387 1059 3444 De
1098 3388 1288 3444 abbate
1323 3389 1582 3461 Longino.

566 3502 618 3554 l.
663 3500 776 3572 (76)
817 3502 1180 3573 Interrogavit
1231 3503 1527 3573 aliquando
1577 3503 1748 3557 abbas
1797 3501 2075 3574 Longinus

495 3590 745 3644 abbatem
786 3591 1014 3646 Lucium
1070 3591 1138 3646 de
1174 3592 1350 3647 tribus
1397 3593 1845 3662 cogitationibus,
1883 3593 2072 3648 aiens:

501 3677 637 3735 Volo
675 3681 1036 3750 peregrinari.
1075 3681 1215 3735 Dicit
1250 3684 1298 3736 ei
1330 3697 1494 3738 senex
1535 3701 1548 3736 :
1586 3680 1704 3737 Nisi
1740 3683 2078 3739 cnntinueris

499 3774 739 3844 linguam
798 3783 977 3833 tuam,
1037 3789 1144 3828 non
1191 3773 1302 3828 eris
1358 3774 1710 3843 peregrinus,
1754 3789 2080 3844 quocunque

500 3865 727 3918 abieris.
759 3863 948 3934 Itaque
975 3865 1065 3920 hic
1093 3866 1316 3920 contine
1358 3865 1632 3935 linguam,
1677 3875 1732 3920 et
1763 3867 2080 3936 peregrinus

500 3971 580 4009 es.
619 3955 706 4007 Ait
744 3956 938 4011 iterum
985 3955 1267 4026 Longinus
1300 3976 1312 4010 :
1349 3955 1480 4010 Volo
1521 3956 1792 4025 jejunare.
1835 3956 2082 4028 Respon-

503 4043 584 4099 dit
632 4061 799 4101 senex
833 4065 846 4101 :
877 4045 1091 4101 Dictum
1141 4046 1292 4102 Isaiae
1320 4048 1600 4117 prophetae
1637 4058 1762 4103 est:
1809 4047 1868 4102 Si
1906 4050 2074 4102 incur-

506 4139 700 4192 ravc‘ris
731 4140 884 4208 quasi
909 4149 1147 4209 torquem
1176 4149 1225 4192 et
1265 4139 1524 4193 circulum
1565 4140 1760 4194 collum
1795 4151 1962 4206 tuum,
1993 4156 2085 4194 nec

503 4230 580 4282 sic
639 4229 910 4283 rocabitur
959 4231 1225 4301 jejunium
1283 4241 1556 4300 acceptum
1606 4232 1670 4285 ”.
1747 4230 1852 4286 Sed
1905 4233 2086 4301 potius

506 4338 697 4376 coerce
725 4339 922 4392 pravas
949 4323 1335 4392 COgitationes.
1379 4323 1469 4375 Ait
1501 4324 1663 4378 tertio
1691 4343 1706 4377 :
1741 4322 1874 4378 Volo
1905 4323 2089 4393 fugere

509 4414 778 4468 homines.
817 4415 995 4469 Senex
1049 4430 1374 4484 responsum
1419 4414 1656 4468 reddidit
1699 4429 1714 4468 :
1763 4415 1878 4470 Nisi
1934 4418 2088 4486 prius

507 4521 630 4558 rum
691 4505 1006 4558 hominibus
1058 4513 1206 4560 recte
1255 4505 1479 4568 vixeris,
1539 4521 1648 4559 non
1675 4515 1829 4576 potes
1882 4509 1934 4563 in
1978 4511 2089 4563 vita

509 4597 753 4650 solitaria
781 4596 918 4650 bene
951 4610 1130 4666 agere.

579 4686 635 4739 Ξ.
677 4685 886 4741 Monuit
935 4686 1104 4742 abbas
1151 4685 1474 4758 Longinus:
1509 4685 1689 4744 Semel
1723 4690 1918 4744 morbo
1958 4690 2090 4747 atie-

508 4785 653 4839 ctus,
680 4778 769 4830 die
797 4792 811 4828 ε
845 4777 911 4830 Et
945 4792 1162 4842 vexare,
1184 4789 1238 4834 et
1267 4795 1522 4848 morere;
1553 4780 1700 4852 quod
1739 4782 1836 4837 sia
1868 4797 1955 4838 me
1989 4799 2088 4853 pe-

511 4866 666 4922 tieris
699 4875 857 4921 extra
900 4876 1118 4938 tempus
1161 4869 1518 4934 manducare,
1562 4884 1739 4940 neque
1775 4869 1876 4926 tibi
1907 4871 2091 4942 quoti-

508 4955 734 5012 dianum
760 4957 1076 5012 alimentum
1103 4959 1376 5029 prtehebo.

581 5049 635 5104 3.
681 5047 874 5104 Mulier
916 5049 1185 5120 quaedam,
1237 5066 1358 5120 qua:
1424 5051 1480 5106 in
1545 5067 1782 5106 mamma
1835 5054 2087 5107 morbum

510 5138 751 5209 gerebat,
782 5138 873 5207 qui
901 5153 1099 5193 cancer
1122 5141 1446 5210 appellatur,
1476 5157 1601 5196 cum
1627 5142 1694 5198 de
1713 5144 1908 5198 abbate
1948 5143 2090 5198 Lon-

511 5233 638 5300 gino
673 5233 811 5285 fama
844 5233 1164 5302 accepisset,
1194 5234 1470 5303 quaerebat
1500 5242 1558 5289 ut
1585 5235 1634 5290 ei
1661 5236 1878 5290 obviam
1916 5238 2086 5291 lieret.

495 5323 748 5381 ,Sedebat
784 5333 965 5378 autem
1007 5323 1100 5378 ille
1141 5324 1207 5378 ad
1252 5340 1458 5378 nonum
1495 5325 1563 5379 ab
1593 5325 1920 5381 Alexandria
1956 5325 2090 5395 lapi-

510 5416 656 5470 dein.
709 5419 1024 5484 inquirente
1066 5431 1198 5485 ergo
1237 5416 1486 5484 muliere,
1539 5417 1742 5469 accidit
1788 5425 1844 5469 ut
1894 5417 2087 5471 beatus

514 5507 605 5563 ille
652 5511 715 5563 ad
751 5526 899 5566 mare
937 5511 1076 5580 ligna
1112 5509 1409 5578 colligeret.
1454 5509 1622 5576 Quem
1662 5512 1963 5574 inventum,
2014 5511 2086 5564 ita

2145 1439 2319 1503 ἀϐϐἇς
2361 1438 2485 1493 Λὼτ
2517 1437 2776 1507 ἐποίησεν
2804 1433 2996 1496 οὕτως.
3032 1432 3143 1486 Καὶ
3164 1433 3192 1484 6
3219 1429 3397 1499 γέρων
3424 1427 3500 1490 ὡς
3531 1427 3737 1496 ἢκουσε

2145 1531 2338 1595 ταῦτα,
2365 1531 2468 1583 οὐκ
2502 1528 2660 1601 ἢθελε
2702 1524 3118 1599 διορθώσασθαι·
3151 1521 3265 1576 ἀλλ’
3290 1519 3450 1572 ἔϐαλε
3485 1535 3740 1590 παρακα-

2147 1626 2258 1680 λεῖν
2284 1624 2477 1693 λέγων’
2505 1621 2604 1675 Διὰ
2632 1621 2722 1674 τὸν
2764 1619 2967 1691 Κύριον
2995 1615 3250 1686 πέμψατέ
3284 1613 3332 1644 ⁵⁸
3362 1630 3429 1682 με
3461 1609 3737 1676 ἐντεῦθεν,

2149 1719 2232 1771 ὅτι
2293 1716 2394 1769 οὐκ
2451 1713 2531 1766 ἔτι
2586 1711 2823 1781 δύναμαι
2870 1706 3133 1779 βαστάξαι
3196 1705 3304 1781 τὴν
3345 1702 3570 1773 ἔρημον.
3624 1701 3738 1755 Καὶ

2153 1805 2324 1869 οὓτως
2368 1802 2605 1866 ἀναστὰς
2655 1801 2866 1872 ἐξῆλθε,
2918 1795 3378 1868 προπεμπόμενος
3419 1790 3558 1863 μετὰ
3599 1790 3742 1860 ἀγά-

2085 1889 2126 1943 Β
2155 1915 2284 1968 πης.

2228 1988 2293 2059 β’.
2326 1983 2630 2058 Διηγήσατό
2675 2000 2758 2046 τις
2804 1979 2931 2052 περί
2969 1994 3114 2041 τινος
3138 1973 3366 2044 ἀδελφοῦ
3407 1974 3742 2046 ἐμπεσόντος

2155 2082 2234 2144 εἰς
2264 2078 2558 2150 ἁμαρτίαν,
2579 2077 2660 2129 ὅτι
2685 2071 3048 2144 παραϐάλλων
3073 2069 3150 2141 τῷ
3175 2067 3318 2139 ἀϐϐᾷ
3336 2066 3480 2129 Λὼτ,
3506 2065 3741 2138 ἐταράσ-

2157 2187 2280 2224 σετο
2329 2166 2709 2238 εἰσερχόμενος
2753 2162 2848 2216 καὶ
2896 2159 3274 2231 ἐξερχόμενος,
3329 2157 3402 2228 μὴ
3444 2156 3744 2226 δυνάμενος

2158 2261 2394 2317 καθίσαι.
2449 2261 2560 2312 Καὶ
2615 2257 2765 2325 λέγει
2794 2253 2940 2325 αὐτῷ
2987 2255 3016 2305 6
3062 2250 3235 2314 ἀϐϐᾶς
3281 2247 3425 2302 Λώτ·
3467 2249 3532 2302 Τί
3573 2248 3740 2319 ἔχεις,

2155 2353 2377 2421 ἀδελφές
2409 2351 2466 2404 '0
2484 2350 2540 2402 δέ
2565 2345 2734 2402 εἶπεν·
2775 2342 3073 2416 Ἀμαρτίαν
3102 2341 3342 2412 μεγάλην
3363 2338 3613 2410 ἐποίησα,
3643 2337 3746 2393 καὶ

2155 2447 2216 2500 06
2245 2445 2476 2513 δύναμαι
2525 2439 2758 2506 ἐξειπεῖν
2811 2440 2921 2500 τοῖς
2968 2435 3233 2506 Πατράσι.
3275 2432 3434 2500 Λέγει
3476 2434 3505 2484 6
3535 2431 3740 2500 γέρωνο

2169 2524 2529 2606 Ὁμολόγησόν
2563 2548 2650 2601 μοι
2690 2526 2880 2598 αὐτὴν,
2913 2522 3069 2593 κάγὼ
3107 2523 3359 2594 βαστάζω
3385 2522 3573 2591 αὐτήν.
3606 2518 3743 2572 Τότε

2158 2623 2309 2680 εἶπεν
2331 2625 2499 2697 αὐτῷ·
2527 2625 2621 2686 Εἰς
2652 2619 2908 2693 πορνείαν
2941 2617 3155 2679 ἔπεσον,
3187 2616 3280 2669 καὶ
3313 2613 3480 2667 ἔθυσα
3516 2611 3607 2665 τοῦ
3644 2631 3743 2664 τυ-

2159 2722 2272 2790 χεῖν
2301 2717 2394 2771 τοῦ
2423 2717 2767 2787 πράγματος.
2797 2711 2908 2766 Καὶ
2945 2710 3094 2778 λέγει
3127 2706 3272 2778 αὑτῷ
3310 2709 3338 2760 6
3367 2705 3562 2776 γέρων·
3599 2703 3748 2776 Θάρ-

2163 2830 2245 2865 σει
2271 2813 2352 2865 ὃτι
2378 2809 2491 2862 ἐστι
2518 2809 2790 2879 μετάνοια’
2824 2803 3027 2872 ὕπαγε,
3061 2800 3230 2855 κάθου
3263 2801 3342 2863 είς
3367 2798 3429 2851 τὸ
3461 2794 3745 2866 σπήλαιον,

2163 2901 2255 2954 καὶ
2303 2901 2594 2970 νήστευσον
2633 2895 2724 2948 δύο
2763 2895 2877 2961 δύο,
2908 2891 3063 2960 κάγὼ
3098 2887 3350 2961 βαστάζω
3381 2886 3518 2958 μετὰ
3549 2883 3642 2938 σοῦ
3680 2884 3752 2937 τδ

2161 2993 2331 3062 ἥμισυ
2371 2990 2470 3060 τῆς
2498 2987 2793 3061 ἁμαρτίας.
2832 2982 3228 3056 Πληρωθεισῶν
3277 2976 3368 3034 οὖν
3421 2978 3530 3032 τῶν
3577 2976 3747 3049 τριῶν

2164 3080 2492 3153 ἑϐδομάδων,
2552 3075 2974 3150 ἐπληροφορήθη
3030 3077 3058 3129 6
3107 3073 3282 3142 γέρων
3335 3071 3415 3123 ὅτι
3461 3068 3675 3132 ἐδέξατο
3720 3067 3755 3120 6

2169 3175 2299 3237 Θεὸς
2325 3173 2422 3244 τὴν
2459 3173 2744 3244 μετάνοιαν
2785 3168 2881 3222 τοῦ
2920 3165 3170 3235 ἀδελφοῦ.
3207 3165 3318 3217 Καὶ
3359 3161 3574 3233 ἔμεινεν
3619 3160 3755 3213 ὑπο-

2173 3265 2504 3335 τασσόμενος
2533 3261 2612 3332 τῷ
2646 3261 2862 3332 γέροντι
2886 3257 2992 3322 ἐως
3023 3256 3116 3310 τοῦ
3141 3254 3370 3309 θανάτου
3402 3249 3588 3306 αὐτοῦ.

2559 3396 2699 3464 Περὶ
2725 3395 2833 3450 τοῦ
2863 3391 3014 3452 ἀϐὅᾶ
3044 3391 3360 3461 Λογγίνυυ.

2248 3519 2320 3566 α’.
2353 3512 2414 3564 Ἦ
2422 3509 2663 3583 ρώτησεν
2685 3511 2713 3563 6
2733 3507 2905 3571 άϐϐἄς
2942 3507 3202 3575 Λογγῖνος
3217 3501 3306 3557 τὸν
3322 3500 3496 3556 ἀϐσᾶν
3532 3497 3764 3552 Λούκιόν

2178 3621 2309 3658 ποτε
2341 3604 2484 3673 τρεῖς
2526 3601 2838 3671 λογισμοὺς,
2872 3599 3066 3666 λέγων·
3101 3595 3250 3647 Θέλω
3297 3589 3616 3657 ξενιτεῦσαι.
3661 3587 3767 3642 Λέ-

2180 3716 2265 3768 γει
2302 3697 2451 3767 αὐτῷ
2481 3699 2510 3750 6
2541 3695 2738 3766 γέρων
2787 3693 2910 3746 Ἐάν
2959 3692 3033 3762 μὴ
3079 3690 3360 3760 κρατήσῃς
3387 3685 3486 3754 τῆς
3513 3681 3770 3768 γλώσσης

2183 3807 2299 3852 σου,
2338 3789 2439 3841 οὐκ
2487 3783 2535 3838 εἴ
2567 3784 2735 3849 ξένος,
2781 3784 2913 3836 ὅπου
2954 3779 3048 3834 ἐὰν
3089 3777 3351 3850 ἀπέλθῃς.
3397 3774 3506 3826 Καὶ
3537 3767 3638 3824 ὧδε
3673 3767 3772 3824 οὖν

2182 3883 2456 3954 κράτησον
2480 3879 2578 3950 τῆς
2601 3876 2854 3946 γλώσσης
2875 3891 2989 3938 σου,
3018 3871 3112 3925 καὶ
3147 3869 3294 3936 ξένος
3317 3863 3386 3921 εἷ.
3426 3865 3590 3933 Λέγει
3620 3861 3774 3954 αὐτῷ

2184 3950 2367 4027 πάλιν)
2403 3970 2553 4022 Θέλω
2589 3965 2902 4038 νηστεῦσαι.
2956 3960 3250 4033 Ἀπεκρίθη
3305 3961 3334 4012 ὁ
3369 3958 3567 4027 γέρων·
3602 3950 3776 4007 Εἶπεν

2197 4065 2425 4126 Ἡσαΐας
2458 4063 2486 4114 6
2514 4060 2818 4132 προφήτης·
2858 4056 2998 4110 Ἐὰν
3041 4053 3288 4121 κάμψῃς
3314 4049 3394 4114 ὡς
3419 4045 3636 4100 κλοιὸν
3668 4042 3774 4096 καὶ

2187 4157 2396 4226 κρίκον
2430 4153 2537 4206 τὸν
2564 4149 2870 4219 τράχηλόν
2897 4163 3037 4210 σου,
3076 4141 3218 4197 οὐδὲ
3253 4141 3440 4205 οὕτως
3467 4133 3776 4226 κληθήσε-

2188 4224 2283 4298 ται
2312 4242 2563 4310 νηστεία
2585 4237 2786 4303 δεκτή·
2822 4235 2959 4289 ἀλλὰ
3000 4232 3201 4304 μᾶλλον
3239 4229 3513 4300 κράτησον
3548 4224 3654 4278 τῶν
3683 4240 3781 4276 που

2189 4335 2368 4408 νηρῶν
2396 4331 2689 4403 λογισμῶν.
2729 4329 2892 4396 Λέγει
2922 4324 3069 4396 αὑτῷ
3095 4324 3156 4376 τὸ
3177 4323 3374 4394 τρίτον·
3409 4318 3558 4371 Θέλω
3583 4317 3784 4386 φυγεῖν

2191 4431 2314 4491 τοὺς
2347 4427 2687 4498 ἀνθρώπους.
2731 4420 3029 4492 Ἀπεκρίθη
3061 4421 3088 4472 6
3117 4418 3314 4487 γέρωνε
3357 4412 3484 4467 Ἐάν
3523 4411 3598 4482 μὴ
3624 4409 3786 4482 πρῶ-

2191 4539 2283 4575 τον
2313 4517 2664 4590 κατορθώσῃς
2699 4515 2838 4586 μετὰ
2871 4513 2979 4565 τῶν
3007 4508 3333 4580 ἀνθρώπων,
3369 4503 3498 4557 οὐδὲ
3533 4501 3784 4571 καταμό-

2195 4623 2291 4669 νας
2340 4605 2562 4659 δύνασαι
2597 4602 2958 4674 κατορθῶσαι.

2267 4693 2332 4763 β’.
2363 4689 2524 4746 Εἶπεν
2552 4695 2580 4745 6
2609 4692 2782 4754 άϐϐἄς
2814 4690 3094 4758 Λογγῖνος·
3131 4684 3314 4749 Ἀπαξ
3336 4681 3607 4744 κακωθεὶς
3630 4680 3786 4749 λέγε,

2195 4784 2305 4838 Καὶ
2330 4781 2631 4851 κακώθητι,
2678 4781 2772 4834 καὶ⁵
2813 4778 3100 4832 ἁπόθανον·
3135 4775 3229 4829 ἐὰν
3255 4774 3312 4827 δὲ
3345 4772 3656 4843 άπαιτήσῃς
3714 4789 3786 4841 με

2195 4874 2348 4945 παρὰ
2382 4872 2573 4943 καιρὸν
2606 4872 2823 4940 φαγεῖν,
2861 4869 2982 4923 οὐδὲ
3021 4868 3121 4938 τὴν
3146 4865 3519 4938 καθημερινὴν
3547 4878 3630 4916 σοι
3663 4880 3790 4933 τρο·

2195 4966 2303 5035 φὴν
2334 4964 2654 5036 προσφέρω,

2265 5063 2333 5125 γ’.
2367 5057 2508 5128 Γυνή
2543 5073 2626 5119 τις
2647 5054 2846 5126 ἔχουσα
2873 5053 3042 5117 πάθος
3063 5054 3206 5108 κατὰ
3228 5051 3324 5106 τοῦ
3353 5048 3566 5122 μασθοῦ
3592 5045 3788 5115 αὐτῆς,

2193 5149 2256 5201 τὸ
2276 5147 2565 5218 λεγόμενον
2587 5145 3160 5221 καρκίνον,άκούσασα
3199 5145 3324 5214 περὶ
3357 5142 3447 5195 τοῦ
3478 5140 3623 5194 ἀϐϐᾶ
3641 5141 3791 5208 Λογ-

2196 5240 2370 5308 γίνου,
2401 5239 2632 5310 ἐζήτησε
2677 5241 2959 5308 συντυχεῖν
2993 5236 3160 5305 αὐτῷ.
3221 5233 3486 5302 Ἐκάθητο
3509 5228 3603 5285 οὖν
3633 5224 3796 5295 οὗτος

2197 5332 2254 5382 ἐν
2286 5330 2363 5400 τῷ
2401 5329 2574 5400 ἐνάτῳ
2604 5329 2814 5400 σημείῳ
2859 5324 3262 5397 Ἀλεξανδρείας
3293 5325 3352 5377 ¹⁹.
3392 5319 3796 5392 Ἐπιζητούσης

2193 5423 2250 5475 δὲ
2274 5425 2371 5492 τῆς
2401 5421 2679 5490 γυναικὸς,
2712 5419 2912 5490 συνέϐη
2941 5421 3032 5473 τὸν
3068 5419 3334 5489 μακάριον
3361 5416 3570 5469 ἐκεῖνον
3605 5411 3794 5465 συλλέ-

2193 5532 2309 5581 γειν
2357 5513 2487 5579 ξύλα
2539 5513 2688 5583 παρὰ
2723 5512 2819 5583 τὴν
2866 5512 3163 5566 θάλασσαν,
3203 5514 3312 5566 Καὶ
3341 5504 3576 5579 εὑροῦσα
3603 5501 3774 5556 αὑτὸ-ι

590 5660 628 5690 ⁸⁷
663 5661 764 5714 lea.
791 5677 944 5726 LVIII,
1112 5665 1522 5736 ¹⁸Λ1.πέμψον.
1609 5667 1648 5696 ¹⁹
1691 5667 1774 5720 Al.
1811 5666 1936 5720 add.
1971 5665 2045 5736 τῷ

2175 5685 2208 5728 ις
2244 5667 2476 5739 δυσμάς.

594 5832 702 5906 (76)
749 5835 848 5891 Vit.
891 5837 1044 5894 I’utr.
1091 5855 1140 5903 κ,
1172 5839 1256 5893 55.
