4032 6334
276 388 381 445 157

1413 381 2025 446 evocaremus“
2060 345 2372 443 PA'i’RUM.

3407 394 3513 447 9'39

275 505 413 574 λέγει
446 502 616 576 αὐτῷ·
658 502 848 569 ’Δϐϐἅ,
892 505 996 559 ποῦ
1031 504 1183 576 μένει
1230 505 1259 558 6
1305 505 1479 570 ἀϐϐἄς
1532 505 1843 576 Λογγῖνοςέ

1961 501 2329 570 compellavit,
2354 500 2609 555 nesciens
2630 500 2805 570 ipsum
2829 516 2950 557 esse
2976 501 3184 568 :Abba,
3210 502 3303 557 ubi
3335 512 3516 561 inanet

274 594 447 658 δοῦλος
466 594 562 648 τοῦ
590 594 726 649 Θεοῦ
754 594 867 669 ςμὴ
892 596 1063 650 εἰδυῖα
1081 596 1160 651 ὅτι
1192 596 1353 661 αὑτός
1383 596 1551 650 ἔστιν.
1586 597 1643 649 ’0
1670 596 1726 648 δέ
1747 612 1851 667 φη-

276 702 344 737 σι·
378 684 445 739 Τί
478 685 654 748 Θέλεις
677 685 771 740 τὸν
791 685 1045 757 ὲπιθέτην
1071 688 1308 752 έκεῖνονς
1340 688 1413 759 μὴ
1447 687 1687 760 ἀπέλθῃς
1713 687 1848 757 πρὸς

272 773 447 827 αὐτόν·
482 773 751 845 ὲπιθέτης
778 774 887 846 γάρ
907 776 1045 829 ἐστι.
1074 776 1141 827 Τί
1167 775 1225 828 δέ
1259 778 1405 829 ἐστιν
1431 775 1460 829 6
1491 776 1668 846 Exstc;
1703 776 1768 828 Ἦ
1788 774 1845 829 δὲ

276 864 405 933 γυνὴ
451 861 620 929 ἔδειξε
666 864 727 918 τὺ
776 865 966 930 πάθος.
1010 866 1068 919 '0
1100 865 1158 920 δὲ
1204 856 1510 939 σφραγίσας
1544 867 1637 920 τὸν
1658 866 1842 932 τόπον,

272 954 537 1007 ἀπέλυσεν
581 954 771 1025 αὐτὴν,
803 956 994 1008 εἰπών*
1046 956 1302 1019 ’Λπελθε,
1328 958 1423 1011 καὶ
1447 959 1477 1010 6
1506 957 1638 1021 Θεός
1665 973 1724 1010 σε
1755 957 1852 1011 θε-

270 1044 514 1118 ραπεύει·
563 1047 826 1115 Λογγῖνος
874 1046 985 1117 γὰρ
1022 1048 1172 1101 οὐδέν
1201 1065 1260 1101 σε
1288 1047 1511 1103 δύναται
1540 1049 1841 1119 ὠφελῆσαι.

281 1133 511 1203 ’Δπῆλθε
534 1134 592 1188 δὲ
622 1137 655 1205 ἡ
691 1135 829 1207 γυνὴ
852 1135 1186 1192 πιστεύσασα
1225 1139 1303 1210 τῷ
1332 1138 1495 1210 λόγῳ,
1529 1142 1623 1193 καὶ
1651 1139 1844 1211 ἐθερα-

268 1225 439 1297 πεύθη
475 1228 836 1299 παραχρῆμα.
869 1228 1020 1282 Μετὰ
1045 1229 1215 1284 ταῦτα
1247 1230 1622 1303 διηγησαμένη
1642 1232 1753 1286 τισὶ
1780 1231 1842 1286 τδ

270 1320 522 1387 πρᾶγμα,
549 1319 645 1372 καὶ
671 1319 741 1373 τὰ
771 1323 969 1391 σημεῖα
996 1322 1226 1376 εἰποῦσα
1264 1322 1360 1377 τοῦ
1404 1324 1678 1394 γέροντος,
1710 1340 1843 1395 μαν-

269 1406 417 1461 θάνει
441 1409 524 1460 ὅτι
558 1408 721 1473 αὐτός
736 1411 883 1465 ἐστιν
906 1413 936 1465 6
962 1410 1136 1475 6666c;
1158 1413 1438 1481 Λογγῖνος.

334 1499 400 1553 δ’.
429 1499 653 1553 ’Δλλοτε
684 1500 845 1554 πάλιν
878 1501 1133 1573 φέρουσιν
1166 1502 1317 1574 αὐτῷ
1350 1520 1495 1568 τινες
1519 1504 1840 1576 δαιμονιῶνο

269 1605 355 1642 τα.
395 1588 453 1642 '0
478 1589 536 1642 δέ
564 1606 732 1660 φησιν
756 1590 893 1661 πρὸς
946 1591 1162 1654 αὐτούς’
1212 1592 1352 1661 Ἐγὼ
1377 1611 1433 1647 τι
1458 1594 1681 1664 ποιῆσαι
1709 1594 1839 1664 ὑμίν

1952 589 2120 644 abbas
2150 588 2428 659 Longinus
2470 605 2662 644 servus
2695 590 2836 645 Dei?
2862 589 3164 662 Respondit
3193 608 3207 644 :
3239 591 3377 659 Quid
3411 608 3515 649 cu-

1948 678 2034 747 pis
2062 679 2131 733 ab
2165 679 2467 748 impostore
2494 678 2625 732 illo?
2657 678 2776 733 Noli
2808 680 2873 735 ad
2915 697 3038 735 eum
3066 681 3374 752 proﬁcisci;
3415 683 3517 739 de-

1946 778 2135 839 ceptor
2178 771 2321 825 enim
2364 779 2469 825 est.
2516 770 2657 836 Quid
2700 786 2829 825 vero
2875 781 2958 826 est
3002 773 3146 842 quod
3196 774 3407 829 babes?
3448 776 3518 833 At

1945 860 2143 915 mulier
2186 860 2437 914 morbum
2485 861 2747 916 ostendit.
2788 861 2879 916 Ille
2927 863 3082 931 signo
3126 865 3307 920 crucis
3351 881 3517 935 super

1946 951 2128 1005 locum
2181 951 2356 1005 morbi
2400 951 2566 1013 facto.
2603 951 2809 1007 dimisit
2842 967 2961 1006 eam
3000 969 3121 1006 cum
3171 955 3257 1010 bis
3287 957 3468 1011 verbis
3500 976 3515 1013 :

1942 1041 2068 1105 Abi,
2105 1040 2249 1097 Deus
2275 1049 2329 1096 te
2358 1040 2616 1097 sanabit:
2655 1040 2936 1112 Longinus
2983 1045 3191 1115 quippe
3231 1046 3374 1100 nihil
3417 1062 3518 1117 po-

1944 1140 2051 1188 test
2097 1134 2359 1203 prodesse
2408 1134 2527 1187 tibi.
2570 1133 2833 1191 Discessit
2860 1137 3074 1202 mulier,
3119 1142 3355 1193 sermoni
3394 1155 3520 1197 cre-

1942 1224 2118 1292 dens;
2158 1223 2560 1295 confestimque
2594 1234 2784 1280 curata
2832 1234 2937 1281 est.
2986 1226 3182 1284 Postea
3231 1246 3354 1284 cum
3402 1246 3517 1286 rem

1940 1308 2269 1385 quibusdam
2312 1324 2615 1382 narrasset,
2644 1330 2710 1371 ac
2737 1318 3052 1387 protulisset
3098 1320 3248 1374 senis
3290 1321 3514 1389 indicia,

1940 1405 2132 1460 didicit
2155 1406 2334 1474 ipsum
2369 1405 2541 1462 fuisse
2577 1407 2827 1463 abbatem
2860 1407 3193 1479 Longinum.

2015 1496 2069 1550 4.
2109 1496 2231 1551 Alio
2265 1498 2462 1553 iterum
2508 1508 2752 1569 tempore
2795 1499 3015 1569 quidam
3071 1500 3419 1557 adduxerunt
3462 1502 3516 1558 ei

1940 1584 2359 1642 dainoniacum.
2400 1586 2494 1644 Ille
2530 1604 2659 1644 vero
2689 1590 2764 1643 ait
2804 1589 2871 1643 ad
2902 1606 2998 1645 eos
3028 1608 3042 1645 :
3089 1590 3203 1662 Ego
3233 1593 3387 1649 vobis
3421 1610 3517 1648 ne-

268 1680 366 1733 οὒκ
398 1680 524 1750 ἔχω·
551 1679 690 1734 ἀλλὰ
716 1681 915 1752 μᾶλλον
944 1682 1208 1736 ἀπέλθετε
1235 1683 1372 1754 πρὸς
1398 1682 1492 1738 τὸν
1532 1684 1706 1739 ἀϐϐᾶν
1728 1681 1839 1757 Ζή-

1948 1693 2083 1747 queo
2100 1679 2396 1749 quidquam
2423 1679 2603 1737 facere
2624 1683 2755 1748 ;sed
2777 1683 2924 1738 abite
2942 1683 3128 1753 potius
3158 1685 3223 1739 ad
3259 1686 3513 1741 abbatem

267 1788 430 1825 νωνα.
455 1765 588 1829 Εἶτα
609 1771 638 1823 6
668 1771 842 1836 6666;
866 1775 1050 1843 Ζήνων
1066 1771 1268 1845 ἦρξατο
1291 1775 1597 1829 ἐπικεῖσθαι
1620 1775 1697 1846 τῷ
1723 1776 1840 1830 δαί-

1948 1767 2239 1824 Zenonem.
2276 1771 2467 1826 Postea
2495 1772 2665 1827 abbas
2682 1771 2830 1827 Zeno
2862 1775 3026 1843 cuipit
3053 1774 3261 1830 instare
3288 1776 3517 1832 daamoui

270 1878 388 1930 μονι
422 1861 699 1915 ἐκδιώκων
728 1838 1066 1918 αὐτόνδΚαὶ
1090 1838 1303 1936 ’ἠρξατο
1359 1865 1487 1937 poet.
1542 1869 1571 1921 6
1606 1838 1834 1938 δαίμων·

1950 1868 2009 1915 ιιι
2034 1876 2158 1916 eum
2188 1863 2503 1932 expelleret.
2531 1863 2749 1919 Daemon
2777 1838 2965 1920 autem
2994 1867 3199 1937 incepit
3234 1870 3473 1925 clamare
3499 1890 3513 1925 :

272 1952 427 2024 ’Δρτι
451 1953 712 2023 νομίζεις,
756 1954 902 2009 ἀϐϐᾶ
943 1956 1149 2028 Ζήνων,
1172 1956 1255 2010 ὅτι
1306 1957 1394 2011 διὰ
1425 1958 1484 2011 σὲ
1516 1958 1829 2030 ἐξέρχομαι*

1950 1948 2108 2004 Modo
2151 1960 2333 2020 putas,
2392 1952 2529 2007 abba
2574 1951 2746 2015 Zeno,
2785 1969 2870 2008 me
2932 1964 3153 2026 propter
3196 1966 3252 2012 te
3293 1960 3514 2028 egredi;

271 2042 381 2094 ἰδοὺ
408 2045 437 2095 6
466 2041 641 2105 6666;
668 2044 928 2112 Λογγῖνος
960 2046 1077 2098 ἐκεῖ
1122 2044 1498 2116 προσεύχεται,
1542 2048 1661 2100 κατ’
1701 2048 1835 2119 ἐμοῦ

1948 2056 2077 2096 ecce
2106 2041 2276 2097 abbas
2299 2041 2581 2113 Longinus
2610 2045 2720 2099 illic
2755 2054 2897 2108 orat,
2927 2047 3189 2103 adversus
3229 2065 3314 2103 me
3350 2052 3519 2106 inter—

267 2133 624 2204 ἐντυγχάνων·
660 2135 755 2187 καὶ
791 2134 1121 2206 φοϐούμενος
1147 2136 1246 2199 τὰς
1278 2137 1441 2207 εὐχὰς
1485 2139 1648 2192 αὐτοῦ
1683 2139 1825 2210 ἐξέρ-

1949 2133 2161 2202 pellans
2191 2148 2204 2184 :
2231 2140 2285 2188 et
2306 2135 2514 2190 veritus
2552 2135 2702 2190 illius
2739 2151 2950 2205 preces,
2990 2139 3231 2196 excedo:
3256 2142 3394 2198 alias
3420 2143 3516 2200 tibi

272 2242 449 2295 χομαι,
474 2226 596 2278 ἐπεὶ
617 2226 716 2279 οὐκ
737 2225 935 2280 ἐδίδουν
967 2243 1046 2280 σοι
1075 2227 1381 2300 ἀπόκρισιν.

1951 2240 2059 2279 ιιοιι
2088 2225 2359 2282 dedissem
2394 2242 2742 2297 responsum.

336 2320 395 2370 ε’.
418 2311 589 2367 Εἶπεν
609 2317 637 2368 6
669 2314 846 2379 ἀϐϐἄς
875 2317 1138 2385 Λογγῖνος
1182 2317 1260 2388 τῷ
1286 2319 1428 2389 ἀϐϐᾷ
1473 2320 1731 2392 Ἀκακίῳ·
1770 2322 1833 2376 Ἥ

276 2406 398 2477 γυνὴ
428 2406 551 2459 τότε
583 2405 841 2475 γινώσκει
862 2406 944 2460 ὅτι
974 2408 1285 2475 συνέλαϐεν,
1320 2412 1445 2464 ὅταν
1467 2411 1633 2482 σταλῇ
1665 2413 1725 2465 τὸ
1754 2407 1834 2466 aia

278 2514 346 2566 μα
368 2497 557 2567 αὐτῆς.
582 2496 772 2562 Οὕτως
800 2494 894 2553 οὖν
923 2500 1018 2555 καὶ
1050 2502 1083 2572 ἡ
1111 2501 1279 2573 ψυχὴ,
1302 2503 1421 2557 τότε
1446 2505 1706 2573 γινώσκει
1756 2507 1833 2561 ὅτι

278 2589 526 2644 συνέλαϐε
568 2589 795 2661 Πνεῦμα
826 2590 1003 2659 ἅγιον,
1034 2592 1161 2646 ὅταν
1208 2593 1373 2664 σταλῇ
1411 2595 1480 2649 τὰ
1517 2598 1708 2667 ῥέοντα
1740 2597 1834 2650 ἀπ’

277 2680 433 2752 αὐτῆς
451 2680 697 2734 κάτωθεν
722 2682 890 2755 πάθη.
925 2682 1014 2738 Ἐν
1041 2685 1151 2756 ὅσῳ
1181 2685 1238 2739 δὲ
1265 2686 1507 2757 ἐνέχεται
1538 2688 1595 2741 ὲν
1628 2688 1831 2753 αὐτοῖς,

278 2770 386 2835 πῶς
413 2770 640 2826 δύναται
682 2775 978 2841 κενοδοξεῖν
1015 2776 1090 2841 ὡς
1119 2776 1367 2850 ἀπαθήςς
1408 2779 1506 2844 Δὸς
1527 2775 1688 2851 αἷμα,
1744 2783 1838 2837 καὶ

279 2859 395 2916 λάϐε
424 2864 664 2935 πνεῦμα.

713 3087 882 3159 ’Δρχῆ
908 3087 1004 3142 τοῦ
1026 3089 1083 3143 Μ
1110 3090 1394 3161 στοιχείου.

411 3198 551 3270 Περὶ
578 3200 685 3255 τοῦ
716 3199 866 3256 ἀϐϐἆ
887 3203 1199 3272 Μακαρίου
1225 3204 1332 3258 τοῦ
1352 3206 1696 3274 Αἰγυπτίου.

334 3312 411 3368 α’.
446 3314 759 3385 Διηγήσατο
786 3314 911 3385 περὶ
941 3314 1133 3369 ἑαυτοῦ
1156 3317 1185 3369 6
1215 3316 1390 3381 6666;
1418 3319 1722 3390 Μακάριος,
1752 3319 1840 3373 λέ-

282 3421 401 3472 γων’
438 3406 571 3460 Ὀτε
592 3406 740 3478 ἢμην
768 3405 1031 3478 νεώτερος
1074 3409 1169 3461 καὶ
1215 3407 1496 3480 ἐκαθήμην
1524 3412 1604 3474 είς
1634 3411 1843 3465 κελλίον

281 3498 353 3561 εἰς
367 3496 665 3568 Αἴγυπτον,
694 3498 1007 3571 ἐκράτησάν
1035 3517 1103 3571 με
1151 3499 1242 3554 καὶ
1289 3501 1550 3573 ἐποίησαν
1582 3502 1843 3572 κληρικὸν

278 3589 352 3651 είς
370 3590 472 3661 τὴν
494 3587 709 3660 κώμην.
737 3590 848 3644 Καὶ
882 3590 958 3661 μὴ
993 3589 1158 3644 θέλων
1184 3591 1598 3657 καταδέξασθαι,
1644 3592 1843 3662 ἔφυγον

276 3679 349 3741 είς
361 3676 552 3750 ἕτερον
568 3679 753 3733 τόπον.
770 3680 878 3733 Καὶ
894 3674 1027 3750 ἦλθε
1050 3680 1183 3751 πρὸς
1209 3681 1276 3751 μὲ
1295 3680 1529 3752 εὐλαϐὴς
1557 3683 1841 3753 κοσμικὺς,

276 3767 364 3821 καὶ
392 3768 672 3840 ἐλάμϐανε
708 3769 770 3824 ἰδ
803 3770 1117 3842 ὲργόχειρόν
1150 3788 1275 3843 μου,
1311 3772 1406 3826 καὶ
1441 3771 1680 3843 διηκόνει
1731 3791 1842 3845 μοι.

276 3860 477 3932 Συνέϐη
519 3860 578 3914 δὲ
609 3862 716 3915 ἀπὸ
753 3862 1061 3934 πειρασμοῦ
1095 3864 1141 3895 ’⁸
1177 3863 1444 3935 παρθένον
1473 3865 1596 3917 τινὰ
1627 3868 1706 3928 είς
1745 3865 1844 3935 τὴν

274 3951 462 4024 κώμην
489 3954 764 4009 ἐκπεσεῖν.
788 3955 897 4008 Καὶ
922 3953 1159 4008 λαϐοῦσα
1182 3954 1324 4008 κατὰ
1341 3954 1572 4026 γαστρὸς
1597 3957 1844 4026 ἠρωτᾶτο

271 4043 351 4108 τίς
375 4044 460 4116 εῑη
492 4046 522 4099 6
541 4042 701 4099 τοῦτο
728 4044 1062 4117 πεποιηκώς.
1093 4045 1155 4098 Ἦ
1184 4045 1241 4099 δὲ
1285 4046 1488 4115 ἔλεγεν·
1529 4047 1587 4100 'O
1629 4046 1844 4116 ἀναχω-

278 4137 459 4207 ρητής.
478 4137 592 4189 Καὶ
618 4136 928 4204 ἐξελθόντες
945 4137 1232 4192 συνέλαϐόν
1253 4156 1320 4209 με
1340 4140 1421 4201 είς
1449 4139 1546 4210 τὴν
1572 4139 1843 4210 κὼμην¹¹,

275 4225 363 4277 καὶ
386 4225 707 4296 ἐκρέμασαν
733 4227 793 4279 ὲν
817 4226 893 4297 τῷ
919 4227 1174 4300 τραχήλῳ
1206 4244 1307 4299 μου
1337 4229 1722 4300 ἠσϐολωμένας
1747 4230 1845 4300 χύ-

274 4331 401 4385 τρας
431 4319 528 4370 καὶ
556 4316 699 4371 ὠτία
730 4317 946 4387 κούφων
973 4319 1106 4389 (77),
1135 4320 1228 4373 καὶ
1268 4322 1753 4391 περιεπόμπευσάν
1779 4339 1846 4393 με

276 4409 410 4480 ἑντῇ
442 4407 607 4480 κώμῃ
650 4408 794 4463 κατὰ
828 4409 1067 4481 ἄμφοδον
1116 4409 1250 4481 (78),
1286 4410 1577 4475 τύπτοντές
1607 4429 1696 4483 με,
1751 4413 1848 4466 καὶ

2019 2313 2076 2368 5.
2116 2312 2263 2368 Dixit
2314 2315 2482 2371 abbas
2510 2315 2791 2387 Longinus
2821 2317 2999 2373 abbati
3040 2320 3242 2374 Acacio
3281 2340 3297 2375 :
3338 2321 3517 2378 Femi-

1949 2419 2017 2459 na
2042 2414 2170 2460 tunc
2197 2408 2479 2477 cognoscit
2503 2423 2561 2463 se
2599 2411 2944 2480 concepisse,
2976 2425 3099 2464 cum
3145 2414 3360 2466 steterit
3390 2430 3517 2468 san-

1954 2499 2080 2569 guis
2108 2499 2233 2569 ejus
2260 2500 2366 2553 :ita
2384 2514 2514 2570 ergo
2547 2508 2602 2555 et
2633 2502 2832 2565 anima,
2868 2509 2995 2555 tunc
3025 2502 3175 2556 novit
3202 2503 3346 2572 quod
3381 2519 3514 2558 corr-

1947 2590 2157 2660 ceperit
2182 2589 2446 2660 Spiritum
2477 2600 2755 2658 sanctum,
2795 2593 3016 2663 quando
3036 2601 3305 2648 steterunt
3328 2598 3421 2665 qui
3446 2597 3517 2651 ab

1946 2697 2010 2737 ca
2043 2681 2277 2738 inferius
2314 2681 2492 2737 ﬂuunt
2516 2683 2745 2740 aﬂ'ectus
2772 2685 2908 2753 (79).
2932 2684 3185 2751 Quandiu
3234 2695 3415 2742 autem
3444 2689 3517 2744 iis

1947 2772 2182 2827 obnoxia
2215 2782 2320 2838 est,
2355 2790 2461 2845 qua
2497 2777 2708 2831 ratione
2744 2784 2944 2846 potest.
2988 2778 3139 2832 velut
3176 2794 3348 2834 vacua
3394 2796 3513 2849 pero

1948 2863 2376 2927 turbationibus,
2411 2866 2537 2921 duci
2570 2881 2708 2921 vana
2744 2867 2958 2939 gloria?
2986 2867 3063 2922 Da
3090 2871 3434 2941 sanguinem,
3462 2881 3518 2927 et

1947 2957 2134 3026 accipe
2156 2957 2433 3027 spiritum.

2409 3084 2743 3157 Principium
2775 3087 2966 3145 littera:
2990 3078 3060 3146 Μ.

2295 3202 2373 3257 De
2402 3203 2589 3258 abbate
2618 3202 2859 3258 Macario
2889 3203 3160 3277 Egyptio.

2015 3316 2065 3370 1.
2105 3315 2216 3387 (80)
2264 3315 2517 3370 Narravit
2579 3317 2648 3371 de
2693 3318 3086 3385 seipsoabbas
3122 3317 3414 3385 Macarius,
3446 3321 3512 3375 ad
3564 3308 3567 3313 ’

1944 3408 2089 3462 hunc
2126 3408 2347 3462 modum
2384 3425 2399 3462 :
2439 3409 2670 3474 Quando
2705 3426 2853 3464 eram
2899 3410 3136 3478 juvenis,
3190 3418 3244 3465 ct
3282 3411 3334 3465 in
3378 3413 3513 3468 cella

1942 3499 2247 3554 residebant
2276 3500 2331 3553 in
2360 3498 2618 3569 AEgypto.
2648 3500 3126 3570 apprelienderunt
3155 3516 3240 3555 me
3271 3516 3334 3556 ac
3363 3502 3509 3559 fece-

1945 3599 2072 3643 runt
2121 3590 2378 3645 clericum
2426 3591 2477 3643 in
2530 3590 2668 3645 vico.
2725 3589 2831 3645 Sed
2881 3592 3072 3646 nolens
3127 3592 3515 3660 acquiescere,

1946 3682 2055 3752 fugi
2083 3682 2148 3735 ad
2182 3683 2346 3735 alium
2393 3683 2595 3736 locum.
2637 3680 2799 3738 Venit
2842 3683 2908 3736 ad
2962 3698 3050 3737 mc
3095 3685 3376 3738 saecularis
3431 3685 3516 3739 vir

1945 3774 2088 3842 pius,
2117 3773 2208 3842 qui
2235 3772 2539 3841 accipiebat
2559 3772 2705 3842 quod
2737 3774 2990 3828 manibus
3014 3774 3302 3842 operabar,
3333 3782 3385 3828 et
3414 3775 3515 3828 tui-

1948 3866 2223 3921 nistrabat
2253 3865 2409 3919 mihi.
2437 3864 2676 3934 Contigit
2710 3873 2886 3919 autem
2920 3881 3016 3935 per
3046 3868 3424 3931 tentationem,
3456 3876 3516 3921 ut

1945 3958 2191 4027 ("laedam
2221 3959 2371 4028 virgo
2390 3958 2495 4011 vici
2526 3958 2775 4026 prolapsa
2805 3958 2879 4012 sit
2905 3959 2960 4011 in
2988 3966 3261 4027 stuprum.
3295 3958 3364 4011 Ea
3387 3974 3513 4013 cum

1950 4061 2159 4104 uterum
2214 4059 2447 4121 gereret,
2479 4049 2918 4117 interrogabatur
2960 4051 3084 4119 quis
3129 4058 3275 4105 esset
3325 4062 3516 4104 auctor

1942 4138 2213 4194 criminis.
2274 4136 2574 4207 Respondit
2628 4138 2847 4207 itaque,
2916 4131 3300 4193 anachoretam
3370 4155 3513 4195 esse.

1948 4228 2103 4284 Unde
2125 4231 2358 4300 egressi,
2390 4229 2916 4299 comprehenderunt
2942 4244 3028 4283 me
3062 4228 3517 4298 adduxeruntque

1948 4319 2014 4373 ad
2051 4318 2270 4381 vicum;
2301 4326 2465 4388 atque
2502 4319 2879 4388 appenderunt
2917 4319 3061 4372 collo
3106 4317 3329 4388 fuligine
3375 4319 3518 4374 infe—

1946 4417 2064 4464 ctas
2092 4409 2230 4463 ollas
2259 4424 2380 4461 cum
2407 4408 2557 4463 ansis
2584 4422 2865 4472 vasorum,
2901 4407 3089 4477 sicque
3136 4407 3519 4463 circumduxe-

274 4497 538 4566 λέγοντες·
569 4494 740 4564 Οὗτος
772 4501 801 4554 6
830 4500 1060 4571 μοναχὺς
1089 4500 1335 4573 ἔφθειρεν
1375 4502 1532 4573 ἡμῶν
1566 4504 1665 4574 τὴν
1704 4521 1843 4577 παρ-

1948 4509 2077 4554 runt
2118 4515 2204 4553 me
2248 4500 2301 4553 in
2340 4499 2459 4553 vico
2492 4516 2586 4569 per
2615 4500 2876 4570 compita,
2926 4502 3300 4561 verberantes,
3341 4516 3405 4555 ac
3435 4501 3516 4554 di-

278 4587 443 4655 θένον,
494 4590 688 4645 λάϐετε
737 4590 922 4657 αὐτὸν,
954 4591 1169 4645 λάϐετε.
1202 4592 1313 4645 Kal.
1361 4593 1560 4663 έτυψάν
1594 4612 1661 4665 με
1695 4595 1848 4668 παρὰ

281 4683 468 4752 μικρὸν
500 4680 597 4735 τοῦ
630 4681 942 4738 ἀποθανεῖν.
999 4681 1198 4736 Ἐλθὼν
1229 4683 1285 4737 δέ
1323 4701 1406 4747 τις
1445 4684 1552 4738 τῶν
1576 4686 1845 4755 γερόντων

279 4766 434 4824 εἶπεν·
478 4770 625 4835 Ἕως
654 4771 783 4824 πότε
808 4770 1041 4825 τύπτετε
1072 4773 1163 4826 τὸν
1199 4771 1349 4836 ξένον
1380 4773 1638 4843 μοναχόνς
1683 4774 1743 4825 '0
1788 4772 1846 4826 δὲ

280 4860 533 4918 διακονῶν
559 4880 651 4934 μοι
686 4862 971 4933 ἠκολούθει
992 4864 1167 4917 ὀπίσω
1194 4881 1294 4935 μου
1330 4859 1844 4934 αἱδούμενοςΪΗσαν

282 4955 377 5026 γὰρ
406 4953 721 5026 ὑϐρίζοντες
772 4954 933 5008 αὑτὸν
967 4953 1159 5020 πολλὰ,
1212 4955 1304 5007 καὶ
1329 4954 1596 5022 λέγοντες·
1653 4954 1781 5007 Ἰδοὺ
1816 4955 1846 5007 6

286 5044 625 5119 ἅναχωρητὴς
658 5044 716 5098 ὃν
745 5046 791 5077 ²²
813 5046 878 5099 σὺ
895 5044 1246 5116 ἐμαρτύρεις,
1270 5045 1321 5098 τί
1350 5044 1570 5117 ἐποίησε
1590 5060 1604 5109 ;
1630 5045 1741 5098 Καὶ
1761 5043 1849 5096 λέ-

1948 4597 2136 4641 centes
2168 4601 2182 4638 :
2213 4585 2319 4642 Iste
2356 4589 2657 4643 monachus
2692 4589 2902 4642 vitiavit
2941 4595 3183 4643 nostram
3208 4589 3513 4659 virginem;

1947 4681 2127 4750 capite
2161 4694 2308 4743 eum,
2347 4679 2545 4749 capite.
2605 4678 2667 4732 Et
2707 4686 3099 4748 percusserunt
3141 4695 3227 4734 me
3279 4696 3414 4748 pene
3449 4681 3518 4734 ad

1948 4779 2198 4826 mortem.
2247 4770 2526 4826 Accedens
2581 4786 2713 4826 vero
2768 4772 2969 4841 aliquis
3025 4787 3242 4837 senum,
3297 4771 3437 4825 dixit
3498 4787 3513 4822 :

1948 4857 2245 4930 Quousque
2284 4860 2492 4915 cazditis
2538 4861 2867 4915 monachum
2916 4864 3081 4916 istum
3124 4862 3518 4931 peregrinum?

1949 4950 2051 5017 Qui
2089 4960 2268 5005 autem
2312 4952 2442 5005 mihi
2474 4952 2842 5017 ministrabat,
2880 4953 3208 5021 sequebatur
3241 4959 3363 5021 post
3401 4968 3514 5013 me.

1953 5044 2162 5115 pudore
2208 5044 2472 5100 suﬂ'usus.
2516 5045 2698 5101 Multis
2740 5046 2942 5116 quippe
2986 5046 3338 5102 contumeliis
3392 5061 3516 5101 eum

348 5200 391 5233 "
414 5203 499 5260 Al.
526 5203 696 5258 inser.
726 5201 1052 5257 διαϐολικοῦ.
1129 5202 1170 5233 ⁹¹
1207 5201 1289 5254 Al.
1315 5201 1363 5253 οἱ
1390 5198 1490 5271 τῆς
1508 5199 1720 5271 κώμης.
1799 5203 1845 5235 ⁸⁸
1873 5202 1958 5258 Al.

349 5358 455 5427 (77)
487 5361 761 5430 Κούφων.
793 5357 935 5430 _Vox
994 5356 1450 5430 GraecoeBarbara
1478 5397 1517 5430 ,_
1533 5373 1599 5430 ex
1661 5356 1846 5412 Graeca

292 5426 462 5497 ιιῦφος.
492 5431 547 5485 ni
575 5426 759 5485 fallor.
789 5428 993 5483 Praeter
1034 5428 1452 5497 grammaticos.
1484 5426 1844 5497 Orientalium

295 5495 532 5580 SJnodica
565 5501 636 5557 ad
665 5499 1010 5569 Theophilum
1032 5495 1422 5565 imperatorem,
1453 5498 1506 5549 in
1545 5495 1849 5581 Originibus

295 5566 391 5624 LP.
422 5568 731 5628 Combeﬁsii
765 5586 819 5629 ι).
856 5569 955 5623 151
996 5587 1009 5624 :
1057 5567 1362 5629 Περικλείει
1413 5565 1602 5619 ἑαυτὸν
1646 5570 1702 5618 ἐν
1739 5584 1849 5629 τοις

295 5566 391 5624 CP.
422 5568 731 5628 Combeﬁsii
765 5566 819 5640 ρ.
856 5569 955 5623 151
996 5587 1009 5624 :
1057 5567 1362 5639 Περικλείει
1413 5566 1602 5619 ἑαυτὸν
1646 5570 1702 5618 ἐν
1739 5570 1849 5629 τοῖς

425 5641 727 5723 ἦαγιστέιυς
758 5637 1258 5723 μεγάλουιλουτροῦ
1291 5637 1398 5721 τῷν
1428 5635 1691 5723 καμίνιον⁸
1721 5636 1850 5723 κού-

300 5709 503 5832 φοιῗ.άζιι
530 5709 770 5783 Dagiuei
805 5712 988 5780 magni
1009 5709 1183 5764 balnei
1214 5709 1540 5764 caminorum
1571 5709 1716 5775 cupis
1744 5722 1860 5762 sese

301 5789 369 5831 tnc
389 5794 417 5832 ιι
455 5792 511 5838 rt.

2016 5356 2126 5427 (78)
2162 5354 2701 5424 Περιεπόμπευσάιν
2715 5372 2792 5424 με
2812 5355 2881 5427 ἐν
2909 5353 3178 5427 τῇᾼκὼμη
3194 5354 3345 5427 arani
3365 5353 3515 5420 ἄμερ-

1942 5422 2118 5481 06616
2141 5422 2362 5480 Minima
2394 5422 2691 5480 mutatione
2720 5422 2920 5493 eorrigi
2965 5422 3118 5478 debet
3152 5422 3348 5493 Pelagii
3388 5437 3511 5493 ver-

1945 5498 2027 5551 sio
2058 5515 2070 5550 :
2111 5496 2369 5550 Miserum
2392 5511 2473 5547 me
2500 5496 2807 5548 cii-cituram
2846 5490 2898 5546 iu
2930 5495 3038 5545 vico
3064 5493 3180 5554 illo,
3203 5490 3514 5554 scribendo,

1943 5568 2275 5620 circiturum.
2301 5565 2481 5618 Editio
2511 5565 2758 5633 Lugdun.
2790 5563 3032 5616 circuire.
3063 5566 3145 5616 An
3177 5560 3450 5619 circitare?

2017 5637 2129 5704 (79)
2161 5635 2464 5690 Dorothcus
2497 5635 2672 5704 hour.
2694 5634 2800 5704 κιο.

2017 5700 2129 5776 (80)
2157 5705 2403 5760 Bolland.
2441 5721 2508 5759 xv
2535 5703 2654 5758 Jan.
2693 5702 2797 5757 Vit.
2837 5701 2986 5756 Patr.
3017 5717 3105 5767 xv,
3127 5700 3220 5758 ‘35.

3553 5308 3563 5339 ί

3552 5341 3561 5359 J
