4032 6334
384 381 491 433 259
1543 363 1881 422 ΑΡΡεΝῡικ
1923 362 1964 418 Α

2073 363 2464 424 »Αιιειοιυη
3523 369 3647 427 κο·

392 488 713 555 aIIeeeranl,
764 487 1078 561 inquientes
1122 508 1135 544 :
1178 488 1322 544 Ecce
1365 483 1719 548 anachoreta,
1769 480 1860 537 cui
1906 490 1962 537 tu

2073 496 2252 551 τουσιν
2286 482 2335 537 οἱ
2369 483 2547 550 γονεῖς
2585 478 2774 552 αὑτῆς·
2806 481 2919 537 Οὑκ
2947 481 3259 555 ἀπολύομεν
3295 481 3481 552 αὑτὸν,
3524 484 3633 551 ἕως

392 581 767 636 testimonium
843 581 1218 653 perbibebas,
1293 577 1426 646 quid
1465 572 1626 631 fecit?
1677 574 1763 629 Ad
1851 572 1966 628 haec

391 673 546 726 aiunt
600 679 853 741 parentes
918 671 1111 740 puella:
1158 686 1172 722 :
1223 666 1341 723 Non
1399 667 1742 723 dimittemus
1796 677 1962 730 eum,

390 761 565 816 donec
624 759 1003 828 ﬁdejussorcm
1097 757 1312 815 dederit
1375 756 1523 827 quod
1605 755 1840 810 aliturus
1893 754 1965 809 sit

390 864 530 905 eam.
582 848 771 917 Itaque
804 846 1106 917 signiﬁcavi
1154 848 1410 903 ministro
1437 847 1514 901 illi
1548 860 1706 907 meo;
1742 853 1798 899 et
1838 856 1969 911 spo-,

392 939 581 1010 pnndit
615 954 714 1008 pro
749 952 852 992 me.
886 934 1084 992 Postea
1114 936 1399 1009 profectus
1428 935 1497 990 ad
1534 934 1732 989 cellam
1764 947 1962 997 meam,

389 1031 512 1086 dedi
540 1033 589 1086 ei
613 1044 754 1100 quas
786 1029 1272 1101 habuisportulas,
1300 1029 1491 1086 dicens
1523 1047 1536 1083 :
1570 1026 1777 1093 Vende,
1801 1032 1856 1080 et
1882 1024 1966 1079 af-

391 1123 470 1178 fur
507 1123 687 1177 cibum
716 1122 874 1177 uxori
903 1137 1056 1178 meae.
1094 1121 1231 1177 Tum
1264 1122 1411 1193 apud
1442 1136 1561 1177 me:
1592 1118 1816 1184 Macari,
1836 1131 1967 1173 ecce

391 1213 646 1269 invenisti
679 1212 775 1268 tibi
821 1228 1045 1268 uxorem
1089 1231 1103 1269 :
1154 1220 1373 1284 oportet
1424 1220 1483 1266 ut
1521 1211 1683 1282 paulo
1729 1209 1963 1280 amplius

391 1304 628 1367 labores.
673 1319 780 1374 quo
806 1304 1018 1360 nutrias
1049 1320 1191 1360 eam.
1230 1304 1295 1358 Et
1329 1304 1599 1374 operabar
1640 1311 1801 1358 nocte
1844 1301 1965 1356 die-

389 1411 518 1465 que.
565 1397 957 1466 lnittcbamque
988 1398 1057 1451 ei.
1091 1395 1261 1452 Porro
1309 1411 1434 1451 cum
1479 1394 1699 1450 advenit
1750 1403 1964 1463 tempus

388 1487 605 1543 misera:
635 1498 694 1542 ut
724 1499 959 1558 pareret.
995 1486 1062 1541 ad
1110 1487 1314 1542 multos
1359 1487 1477 1542 dies
1524 1486 1580 1540 in
1623 1484 1963 1542 cruciatibus

388 1578 727 1650 permansit,
777 1594 875 1634 nec
922 1579 1187 1648 pariebat.
1240 1578 1646 1634 Percontantur
1681 1577 1811 1648 quid
1858 1578 1963 1634 hoc

387 1677 555 1725 esset.
592 1669 685 1722 Illa
717 1669 1002 1738 respondit
1036 1686 1049 1723 :
1085 1667 1198 1741 Ego
1221 1670 1339 1724 scio
1384 1686 1398 1723 :
1435 1668 1694 1740 quoniam
1720 1667 1961 1722 anacho-

306 1826 309 1831 ~
388 1769 561 1816 retam
593 1761 924 1816 calumniata
952 1775 1094 1827 sum,
1126 1761 1447 1831 prolatoque
1479 1760 1766 1816 mendacio
1797 1775 1961 1815 accu-

2063 571 2139 642 δῷ
2182 570 2454 643 ἐγγυητὴν
2484 569 2579 625 τοῦ
2616 571 2836 643 τρέφειν
2859 573 3048 646 αὑτήν.
3074 574 3187 627 Kal
3212 565 3369 628 εἷπον
3397 571 3477 646 τῷ
3511 575 3634 630 δια-

2064 666 2263 735 κονητῇ
2297 680 2417 734 μου·
2461 664 2554 718 καὶ
2590 663 2967 736 ὲνηγγυήσατό
2999 682 3089 736 με.
3125 664 3237 719 Kal
3262 662 3512 720 ἀπελθὼν
3552 668 3635 732 εἰς

2061 754 2124 807 τὸ
2148 754 2357 809 κελλίον
2391 772 2516 826 μου,
2538 755 2716 810 ἔδωκα
2748 754 2896 826 αὑτῷ
2933 756 3034 810 ὅσα
3063 752 3207 827 εἶχον
3240 757 3519 829 σπυρίδια,
3541 757 3634 811 λέο

2062 862 2195 914 γωνο
2230 845 2505 917 Πώλησον,
2539 847 2634 900 καὶ
2672 846 2759 909 δὸς
2789 849 2857 918 τῇ
2890 847 3106 915 γυναικί
3145 864 3245 917 μου
3277 849 3488 916 φαγεῖν.
3525 847 3629 903 Kd

2063 936 2246 1007 ἔλεγον
2286 937 2364 1009 τῷ
2390 938 2636 1010 λογισμῷ
2668 955 2791 1011 μουο
2824 939 3099 1010 Μακάριε,
3134 938 3246 992 ἰδοὺ
3270 933 3426 1009 εὗρες
3453 940 3641 1013 ἑαυτῷ

2063 1030 2317 1096 γυναῖκα·
2363 1029 2470 1100 χρὴ
2513 1027 2842 1100 ἐργάξεσθαι
2902 1028 3096 1099 μικρὸν
3145 1030 3402 1101 περισσὸν
3441 1033 3510 1096 ³³,
3551 1033 3642 1086 ἵνα

2062 1119 2266 1190 τρέφῃς
2321 1120 2509 1190 αὑτήν·
2551 1120 2643 1173 καὶ
2680 1117 3014 1193 εἰργαζόμην
3046 1119 3217 1173 νύκτα
3258 1121 3353 1174 καὶ
3402 1123 3639 1193 ἡμέραν,

2063 1212 2159 1264 καὶ
2180 1209 2427 1279 ἔπεμπον
2454 1209 2612 1280 αὑτῇ.
2647 1211 2759 1264 Καὶ
2782 1212 2870 1263 ὅτε
2907 1206 3070 1282 ἦλθεν
3097 1212 3125 1264 ὁ
3150 1211 3340 1282 καιρὸς
3370 1215 3435 1283 τῇ
3476 1213 3644 1285 ἀθλία

2061 1304 2260 1364 τεκεῖν,
2285 1301 2498 1372 ἔμεινεν
2527 1303 2619 1355 ἐπὶ
2652 1301 2851 1365 πολλὰς
2871 1303 3085 1375 ἡμέρας
3109 1302 3526 1377 βασανιζομένη,
3544 1306 3644 1360 καὶ

2063 1394 2163 1447 οὐκ
2182 1392 2381 1449 ἔτικτε.
2419 1392 2802 1462 Καὶιλὲγουσιν
2833 1395 2990 1465 αὐτῇ·
3020 1395 3083 1446 Τί
3112 1397 3226 1448 ἐστι
3255 1396 3446 1463 τοῦτο;
3492 1397 3554 1451 Ἠ
3581 1397 3643 1452 δὲ

2064 1480 2239 1540 εἶπεν·
2269 1484 2409 1555 Ἐγὼ
2430 1480 2565 1538 οῖδα·
2587 1485 2671 1539 ὅτι
2700 1485 2792 1539 τὸν
2820 1464 3176 1557 ἀναχώρητῖιν
3198 1487 3638 1558 ἐσυκοφάντησα,

2067 1577 2162 1632 καὶ
2185 1576 2501 1649 ψευσαμένη
2532 1577 2865 1649 ᾐτιασάμην·
2897 1578 2991 1630 καὶ
3034 1572 3189 1640 οὗτος
3215 1579 3315 1632 οὑκ
3339 1578 3452 1649 ἔχει
3496 1581 3645 1651 πρᾶ-

2066 1684 2200 1739 γμα,
2232 1667 2345 1722 ἀλλ’
2370 1671 2399 1723 ὁ
2419 1668 2563 1722 δεῖνα
2607 1670 2635 1723 ό
2679 1667 2959 1738 νεώτερος.
2986 1669 3097 1722 Kal
3129 1668 3298 1723 ἐλθὼν
3330 1670 3644 1724 ὁδιακονῶν

2070 1778 2158 1831 μοι
2186 1760 2393 1833 χαίρων
2424 1760 2628 1830 ἔλεγεν,
2665 1761 2749 1813 ὅτι
2774 1760 2875 1813 οὑκ
2906 1759 3144 1831 ἠδυνήθη
3171 1762 3348 1814 τεκεῖν
3371 1761 3403 1831 ή
3435 1760 3646 1832 παρθέ-

390 1853 535 1918 savi;
584 1868 760 1923 neque
808 1853 952 1907 enim
996 1852 1050 1906 in
1096 1852 1258 1922 culpa
1302 1863 1407 1916 est,
1452 1852 1548 1908 sed
1594 1852 1687 1907 ille
1716 1851 1961 1922 juvenis.

2073 1869 2156 1917 νος
2176 1832 2385 1922 ἐκείνη,
2418 1852 2524 1915 ἕως
2551 1846 2611 1905 οὗ
2634 1851 2977 1921 ὡμολόγησε,
3008 1849 3358 1919 λέγουσα,ὃτι
3382 1852 3499 1905 Οὐκ
3526 1851 3642 1922 ἔχει

390 1944 547 2000 Tunc
583 1946 677 2017 qui
720 1946 1073 2001 ministrabat
1119 1945 1249 1999 mihi
1279 1945 1436 2000 laetus
1477 1945 1781 2002 adveniens
1820 1960 1964 2000 nun-

392 2037 548 2092 tiavit
579 2056 593 2092 :
628 2036 791 2107 Virgo
833 2037 925 2091 illa
951 2052 1060 2091 non
1091 2038 1268 2108 potuit
1289 2052 1503 2107 parere,
1535 2037 1711 2093 donec
1729 2037 1802 2092 ita
1825 2051 1965 2092 con-

387 2127 634 2184 ﬁteretur
663 2147 676 2183 :
714 2127 879 2182 Extra
911 2128 1125 2198 culpam
1154 2135 1239 2184 est
1288 2128 1614 2185 anachoreta
1635 2170 1650 2194 ,
1683 2129 1778 2185 sed
1817 2143 1971 2183 men-

391 2219 493 2275 tita
539 2234 660 2273 sum
694 2219 959 2274 adversus
994 2235 1117 2274 eum
1170 2238 1184 2275 :
1231 2228 1285 2276 et
1317 2234 1449 2277 ecce
1488 2228 1636 2276 totus
1672 2221 1825 2277 vicus
1859 2220 1970 2275 huc

391 2310 661 2367 accedere
699 2311 814 2364 vult
843 2325 969 2366 cum
994 2312 1223 2376 honore,
1262 2321 1322 2366 ut
1350 2313 1565 2367 veniam
1590 2327 1621 2367 a
1650 2319 1702 2369 te
1731 2311 1964 2383 supplex

389 2402 656 2472 postulet.
702 2400 799 2457 His
829 2418 930 2473 ego
956 2403 1183 2467 auditis,
1212 2418 1282 2458 ne
1307 2403 1438 2458 mihi
1466 2404 1772 2459 molestiam
1804 2419 1965 2474 pare-

2066 1939 2297 2008 πρᾶγμα
2320 1938 2349 1989 ὁ
2386 1936 2763 2009 ἀναχωρητὴς,
2802 1935 2916 1989 ἀλλ’
2954 1934 3271 2006 ἐψευσάμην
3308 1937 3426 1990 κατ’
3448 1936 3648 1990 αὐτοῦ’

2066 2029 2160 2082 καὶ
2191 2029 2296 2082 ἰδοὺ
2340 2029 2489 2082 πᾶσα
2510 2030 2543 2100 ή
2568 2027 2730 2098 κώμη
2763 2026 2902 2081 θέλει
2928 2026 3102 2080 ὲλθεῖν
3138 2020 3242 2080 ὦδε
3279 2026 3415 2097 μετὰ
3457 2027 3640 2099 δόξης,

2065 2120 2161 2174 καὶ
2194 2120 2527 2192 μετανοῆσαι
2556 2137 2660 2174 σοι.
2711 2117 2851 2188 Ἐγὼ
2883 2119 2940 2172 δὲ
2965 2117 3205 2182 ἀκούσας
3232 2117 3424 2181 ταῦτα,
3452 2120 3541 2174 ἵνα
3567 2120 3647 2191 μὴ

2066 2212 2295 2282 θλίψωσί
2321 2231 2387 2284 με
2417 2214 2467 2266 οἱ
2495 2212 2792 2284 ἄνθρωποι,
2826 2209 3057 2280 ἀνέστην
3083 2209 3176 2262 καὶ
3205 2208 3402 2279 ἔφυγον
3422 2202 3522 2263 ὧδε
3563 2212 3649 2276 είς

2073 2305 2292 2376 Σκῆτιν.
2331 2305 2480 2377 Αὕτη
2517 2304 2665 2358 ἐστὶν
2699 2305 2734 2375 ή
2773 2300 3040 2374 ἀρχὴτῆς
3066 2300 3263 2368 αἰτίας,
3285 2299 3353 2353 δι’
3380 2300 3446 2371 ἣν
3480 2296 3649 2372 ἦλθον

2070 2396 2195 2457 ὧδε.
2714 2394 2722 2401 ’

388 2494 811 2562 renthomines,
855 2496 1074 2552 surrexi
1111 2497 1397 2567 atquehuc
1422 2498 1478 2553 in
1514 2497 1718 2553 Scetim
1744 2498 1876 2570 fugi.
1910 2498 2040 2555 Inde
2067 2497 2396 2568 principium
2435 2506 2768 2562 causamque
2818 2493 2983 2549 habet
3022 2511 3177 2552 meus
3217 2495 3308 2551 hic
3354 2494 3647 2549 adventus.

456 2610 513 2666 2.
555 2611 667 2682 (81)
707 2610 871 2667 Venit
913 2613 1210 2684 aliquando
1258 2612 1529 2670 Macarius
1591 2614 1881 2688 Egyptius
1927 2630 1959 2671 e

393 2700 538 2757 Secti
603 2701 673 2756 ad
727 2714 966 2757 montem
1025 2703 1215 2759 Nitriae
1283 2706 1337 2759 in
1396 2706 1676 2761 oblatione
1742 2707 1959 2762 abbatis

391 2791 604 2849 Pambo
630 2811 647 2861 ;
677 2804 729 2849 et
763 2794 952 2850 dicunt
976 2796 1026 2849 ei
1051 2811 1213 2851 senes
1247 2815 1263 2851 :
1301 2797 1619 2852 Sermonem
1644 2797 1826 2868 profer
1854 2797 1961 2852 fra-

394 2886 594 2951 tribus,
631 2886 817 2943 Pater.
873 2890 1011 2943 Tum
1044 2890 1135 2945 ille
1162 2889 1283 2946 inﬁt
1330 2909 1343 2946 :
1390 2890 1504 2960 Ego
1533 2890 1776 2944 nondum
1819 2888 1968 2945 evasi

395 2977 449 3030 in
485 2979 855 3047 monachum;
904 2981 997 3035 sed
1049 2982 1350 3036 monachos
1374 2982 1510 3036 vidi.
1557 2981 1685 3035 Mihi
1733 2995 1972 3052 namque

394 3068 693 3139 aliquando
735 3071 949 3127 sedenti
995 3073 1049 3126 in
1095 3074 1232 3127 cella
1277 3074 1421 3143 apud
1460 3064 1688 3137 Scetim,
1731 3073 1974 3129 molesta:

398 3170 558 3212 erant
609 3160 1012 3230 cogitationes.
1056 3169 1410 3231 suggerentes
1457 3178 1470 3213 :
1515 3162 1869 3217 Proﬁciscere
1914 3162 1971 3217 in

396 3250 773 3312 solitudinem,
806 3260 857 3305 et
890 3253 1014 3307 vide
1042 3253 1174 3323 quid
1211 3254 1324 3308 illic
1348 3255 1525 3310 oculis
1556 3254 1667 3310 tuis
1693 3262 1966 3309 occurret.

396 3342 617 3399 Perstiti
665 3350 844 3397 autem
900 3326 1146 3415 quinque
1189 3346 1372 3410 annis,
1415 3359 1664 3415 pugnans
1708 3346 1971 3400 adversus

394 3436 804 3507 cogitationem,
835 3434 913 3491 Ne
941 3436 1106 3502 forte,
1139 3436 1415 3507 inquiens,
1446 3452 1475 3491 a
1506 3437 1848 3493 daemonibus
1877 3440 1967 3494 sit.

400 3525 578 3597 thue
605 3529 976 3596 perseveravit
1011 3529 1293 3598 cogitatio,
1326 3529 1433 3583 abii
1469 3529 1523 3582 in
1561 3544 1824 3583 eremum.
1854 3528 1972 3585 Illic

397 3616 579 3672 inveni
631 3624 884 3686 stagnum
916 3631 1039 3671 cum
1077 3617 1256 3673 insula
1294 3619 1355 3673 in
1397 3621 1577 3675 medio
1617 3620 1782 3688 ejus:
1824 3628 1878 3675 et
1904 3620 1971 3675 ad

399 3703 533 3759 illud
573 3705 865 3759 veniebant
909 3706 1100 3760 bestiae
1145 3709 1349 3773 eremi,
1396 3716 1456 3762 ut
1496 3708 1766 3763 biberent.
1825 3708 1975 3776 Quas

398 3795 539 3849 inter
564 3796 823 3865 conspexi
851 3796 993 3851 duos
1021 3798 1269 3853 homines
1295 3798 1471 3854 nudos
1501 3818 1516 3853 :
1550 3807 1606 3855 et
1633 3801 1973 3856 contremuit

397 3899 599 3955 corpus
635 3901 847 3954 meum;
879 3887 1194 3943 existimavi
1225 3891 1371 3944 enim
1404 3905 1531 3945 esse
1563 3891 1815 3960 spiritus.
1862 3890 1971 3963 Ipsi

397 3986 528 4027 vero
558 3981 849 4043 postquam
892 3989 978 4029 me
1013 3975 1272 4030 viderunt
1307 3983 1653 4043 trementem,
1704 3979 1779 4031 ita
1804 3979 1971 4034 locuti

398 4071 528 4118 sunt
560 4083 573 4118 :
605 4063 726 4119 Noli
751 4065 974 4133 timere;
1001 4067 1163 4121 etiam
1198 4083 1300 4123 nos
1329 4068 1580 4124 homines
1607 4083 1823 4125 sumus.
1850 4068 1973 4124 Dixi

394 4159 535 4215 illis:
580 4156 737 4215 Unde
767 4161 932 4229 estis,
969 4170 1022 4215 et
1050 4163 1330 4232 quomodo
1361 4162 1596 4219 venistis
1628 4163 1685 4218 in
1719 4163 1975 4219 solitudi-

2137 2613 2203 2685 β’.
2226 2608 2398 2666 ’Ἡλθέ
2420 2628 2550 2665 ποτε
2569 2611 2856 2681 Μακάριος
2880 2610 2912 2662 ὁ
2943 2609 3239 2678 Αἰγύπτιος
3264 2607 3372 2662 ἀπὸ
3395 2608 3652 2675 Σκήτεως

2066 2704 2224 2768 εἰςτὺ
2248 2703 2376 2776 ὄρος
2395 2703 2495 2772 τῆς
2522 2702 2751 2773 Νιτρίας
2780 2702 2861 2765 εἰς
2891 2701 2989 2773 τὴν
3018 2699 3335 2772 προσφορὰν
3361 2698 3452 2754 τοῦ
3500 2696 3651 2752 esea

2067 2795 2308 2867 Παμϐώο
2334 2795 2431 2848 καὶ
2450 2793 2699 2862 λέγουσιν
2745 2792 2896 2862 αὐτῷ
2935 2794 2984 2845 οἰ
3021 2793 3295 2863 γέροντεςο
3331 2791 3468 2844 Εἰπὲ
3492 2788 3651 2860 ρἦα

2064 2887 2179 2948 τοῖς
2199 2883 2467 2954 ἀδελφοῖς,
2496 2884 2697 2953 Πάτερ.
2716 2883 2773 2936 '0
2803 2883 2860 2936 δὲ
2892 2879 3064 2936 εἶπεν·
3106 2881 3249 2950 Ἐγὼ
3274 2881 3429 2935 οὔπω
3446 2880 3650 2949 γέγονα

2072 2977 2324 3049 μοναχὺς,
2371 2975 2485 3029 ἀλλ’
2531 2972 2669 3028 εἶδον
2722 2973 3009 3045 μοναχούς.
3059 2974 3215 3044 Καθη
3226 2973 3372 3044 μένῳ
3416 2973 3524 3043 γάρ
3559 2971 3652 3041 μοί

2070 3089 2200 3125 ποτε
2228 3073 2285 3124 ὲν
2322 3069 2401 3141 τῷ
2428 3068 2622 3140 κελλίῳ
2657 3069 2738 3131 εἰς
2768 3067 2989 3138 Σκῆτιν,
3038 3065 3288 3137 ὤχλησάν
3324 3083 3414 3136 μοι
3460 3065 3510 3117 οἱ
3554 3064 3652 3117 λο-

2072 3161 2261 3232 γισμοὶ
2288 3160 2559 3229 λέγοντεςο
2606 3157 2841 3211 Ἀπελθε
2880 3159 2961 3220 εἰς
2992 3158 3088 3228 τὴν
3120 3157 3342 3228 ἔρημον,
3373 3155 3468 3209 καὶ
3499 3156 3573 3209 ἴδε
3597 3156 3654 3208 τί

2077 3252 2294 3323 βλέπεις
2327 3253 2459 3305 ἐκεῖ.
2496 3251 2727 3320 Ἐμεινα
2755 3249 2811 3301 δὲ
2836 3248 3086 3320 πολεμῶν
3120 3247 3197 3319 τῷ
3219 3246 3464 3318 λογισμῷ
3489 3248 3651 3300 πέντε

2072 3344 2188 3416 ἐτη,
2236 3343 2433 3412 λέγων,
2486 3344 2700 3413 Μήπως
2742 3341 2850 3396 ἀπὸ
2907 3339 3173 3412 δαιμόνων
3212 3341 3378 3396 ἐστίν.
3431 3340 3543 3394 Kal
3574 3341 3655 3404 ὡς

2072 3435 2334 3506 ἐπέμενεν
2385 3435 2415 3487 ὁ
2459 3433 2735 3504 λογισμὸς,
2766 3431 3007 3503 ἀπῆλθον
3040 3434 3121 3495 είς
3154 3431 3253 3503 τὴν
3282 3431 3505 3505 ἔρημον·
3556 3432 3659 3486 καὶ

2070 3521 2239 3597 ηὗρον
2266 3526 2382 3578 ἐκεῖ
2406 3524 2602 3596 λίμνην
2632 3524 2857 3590 ὑδάτων,
2883 3524 2978 3579 καὶ
3001 3524 3165 3594 νῆσον
3189 3525 3248 3577 ὲν
3276 3524 3426 3595 μέσῳ
3457 3521 3655 3593 αὑτῆς·

2073 3617 2169 3671 καὶ
2188 3611 2352 3688 ἦλθον
2369 3616 2439 3669 τὰ
2470 3618 2640 3689 κτήνη
2669 3616 2770 3686 τῆς
2797 3617 3006 3687 ἐρήμου
3043 3617 3189 3670 πιεῖν
3233 3613 3294 3680 ἐξ
3322 3614 3511 3684 αὐτῆς.
3539 3613 3659 3668 Kal

2070 3704 2214 3762 εἶδον
2265 3710 2321 3762 ὲν
2361 3707 2509 3780 μέσῳ
2537 3706 2720 3761 αὐτῶν
2748 3706 2840 3760 δύο
2880 3705 3204 3777 ἀνθρώπους
3246 3704 3510 3776 γυμνούς·
3555 3703 3659 3758 καὶ

2074 3799 2337 3852 ὲδειλίασε
2383 3797 2445 3852 τὸ
2479 3796 2641 3867 σῶμά
2688 3813 2809 3867 μου·
2843 3796 3069 3866 ὲνόμισα
3118 3795 3228 3864 γὰρ
3257 3794 3338 3847 ὅτι
3369 3792 3661 3864 πνεύματά

2075 3890 2233 3943 εἰσιν.
2262 3888 2426 3941 Αὐτοὶ
2454 3886 2510 3940 δέ
2529 3904 2595 3956 με
2618 3884 2693 3949 ὡς
2727 3880 2867 3938 εἶδον
2897 3884 3199 3947 δειλιῶντα,
3224 3883 3491 3954 ἐλάλησαν
3515 3882 3660 3954 πρὸς

2079 3983 2168 4051 μέο
2204 3980 2296 4051 Μὴ
2329 3977 2517 4048 φοϐοῦ·
2559 3979 2655 4031 καὶ
2685 3978 2847 4048 ἡμεῖς
2893 3974 3169 4047 ἄνθρωποί
3205 3976 3391 4045 ἐσμεν.
3426 3973 3537 4027 Kal
3572 3966 3658 4026 εἷ-

2076 4086 2177 4124 πον
2202 4069 2405 4132 αὑτοῖς·
2430 4067 2599 4121 Πόθεν
2622 4066 2765 4131 ἐστὲ,
2789 4065 2884 4120 καὶ
2924 4065 3042 4129 πῶς
3082 4065 3274 4138 ἤλθετε
3299 4066 3378 4128 εἰς
3392 4063 3492 4136 τὴν
3522 4062 3659 4134 ἔρη-

2078 4178 2179 4231 μον
2218 4159 2454 4228 ταύτηνς
2500 4158 2609 4211 Kal
2651 4153 2824 4211 εἷπον·
2853 4157 2988 4211 Ἀπὸ
3027 4155 3290 4211 κοινοὸίου
3328 4155 3517 4226 ἐσμέν·
3560 4154 3661 4208 καὶ

398 4262 537 4302 nem-
564 4248 742 4303 hanc?
774 4247 1196 4319 Responderunt
1225 4266 1241 4304 :
1271 4251 1313 4305 E
1343 4249 1602 4306 coenobio
1639 4265 1833 4305 sumus
1861 4267 1875 4303 :
1900 4257 1969 4303 at-

2073 4253 2297 4322 γέγονεν
2314 4252 2444 4322 ἡμῖν
2476 4250 2785 4322 συμφωνία,
2817 4250 2911 4304 καὶ
2931 4247 3223 4320 ἐξήλθομεν
3244 4241 3370 4301 ὦδε·
3407 4247 3514 4301 ἰδοὺ
3531 4262 3663 4299 τεσ-

397 4355 505 4409 que
524 4355 589 4395 ex
622 4350 815 4396 mutuo
847 4355 1118 4397 consensu
1149 4342 1359 4413 egressi
1389 4344 1644 4398 venimus
1673 4343 1781 4397 huc
1805 4357 1820 4408 ;
1846 4355 1976 4397 ecce

398 4436 760 4504 quadraginta
786 4435 990 4489 abhinc
1017 4435 1148 4488 anni
1188 4436 1586 4504 praeterierunt.
1633 4433 1786 4491 Unus
1811 4450 1842 4490 e
1871 4448 1972 4488 no-

2078 4344 2389 4415 σαράκοντα
2414 4341 2508 4414 ἔτη
2536 4342 2603 4375 ’δ’
2637 4342 2733 4396 καὶ
2765 4344 2794 4396 ὀ
2812 4342 2911 4412 μὲν
2944 4336 3025 4404 εἷς
3046 4340 3361 4409 Αἰγύπτιος,
3391 4341 3419 4393 ὁ
3450 4338 3508 4391 δὲ
3540 4338 3661 4391 ἓτε-

2079 4450 2173 4506 ρος
2194 4432 2429 4497 Λιϐυκὸς
2452 4433 2706 4504 ὑπάρχει.
2738 4433 2849 4486 Kal
2872 4429 3227 4502 ἐπερώτησάν
3259 4447 3327 4499 με
3356 4428 3450 4482 καὶ
3475 4426 3659 4491 αὑτοὶ,

400 4527 486 4581 bis
512 4524 803 4596 Egyptius
834 4532 942 4593 est,
965 4527 1102 4580 alter
1132 4524 1389 4598 Libycus.
1421 4526 1524 4595 Ipsi
1558 4541 1773 4597 quoque
1801 4527 1969 4581 inter-

2079 4526 2353 4596 λέγοντες·
2380 4525 2547 4589 Πῶςό
2566 4526 2797 4595 κόσμος;
2825 4525 2920 4578 καὶ
2948 4524 2997 4576 εἰ
3018 4523 3237 4594 ἔρχεται
3265 4522 3325 4574 τὸ
3351 4519 3493 4590 ὕδωρ
3515 4519 3665 4574 κατὰ

400 4623 732 4684 rogaverunt
768 4630 873 4681 me,
915 4615 1001 4670 his
1048 4616 1230 4671 verbis
1282 4631 1297 4668 :
1345 4616 1630 4683 Quomodo
1698 4634 1759 4673 se
1811 4617 1976 4672 habet

402 4705 674 4761 mundus?
705 4704 935 4761 Venitne
988 4720 1129 4777 aqua
1183 4707 1238 4760 in
1290 4715 1536 4777 tempore
1568 4709 1704 4763 suo?
1737 4708 1975 4765 Mundus

401 4798 683 4853 obtinetne
716 4797 1109 4853 abundantiam
1129 4799 1391 4854 solitam?
1423 4798 1697 4868 Respondi
1728 4818 1741 4855 :
1776 4800 1973 4854 Etiam.

404 4887 660 4943 Vicissim
715 4906 816 4960 ego
856 4900 1209 4959 percontatus
1251 4906 1373 4945 sum
1409 4908 1423 4945 :
1460 4891 1709 4958 Quanam
1759 4893 1976 4947 ratione

406 4978 520 5033 ﬁeri
546 4986 733 5046 potero
761 4979 1102 5034 monachus?
1142 4980 1310 5033 Aiunt
1343 4979 1474 5033 mihi
1510 5000 1523 5034 :
1562 4980 1678 5035 Nisi
1719 4980 1844 5050 quis
1890 4996 1979 5035 re-

406 5069 743 5124 nuntiaverit
768 5069 1025 5123 omnibus
1048 5070 1238 5124 mundi
1280 5072 1466 5136 rebus,
1502 5085 1608 5124 non
1645 5080 1823 5140 potest
1864 5072 1978 5126 ﬁeri

406 5160 728 5215 monachus.
767 5159 965 5229 Excepi
1009 5177 1022 5213 :
1069 5158 1180 5229 Ego
1220 5160 1471 5216 infirmus
1525 5177 1670 5221 sum,
1718 5177 1818 5217 nec
1859 5176 1981 5231 pos-

407 5270 529 5309 sum
561 5252 719 5307 sicuti
745 5268 863 5306 vos.
896 5250 1239 5319 Exceperunt
1270 5254 1435 5306 etiam
1462 5254 1538 5307 illi
1571 5273 1584 5307 :
1612 5252 1667 5308 Si
1694 5271 1802 5308 non
1824 5263 1977 5325 potes

403 5344 863 5417 quemadmodum
898 5357 1021 5402 nos.
1062 5344 1189 5399 sede
1232 5344 1286 5397 in
1325 5345 1462 5399 cella
1510 5355 1621 5414 tua,
1655 5355 1708 5402 et
1746 5358 1971 5417 peccata

406 5442 497 5490 tua
526 5436 680 5489 delle.
706 5435 943 5501 Quiesivi
975 5435 1042 5489 ab
1071 5434 1154 5489 eis
1188 5453 1202 5489 :
1233 5435 1465 5501 Quando
1505 5437 1680 5493 hiems
1715 5448 1819 5504 est,
1863 5454 1971 5492 non

480 5591 525 5622 ⁸³
550 5593 631 5645 Al.
654 5592 947 5663 περισσῶς.
1026 5590 1069 5623 ⁸⁸
1099 5592 1184 5644 Al.
1221 5590 1345 5645 add.
1369 5591 1585 5661 ἔχομεν.

482 5744 592 5811 (SI)
633 5745 737 5799 Vit.
775 5743 925 5797 Patr.
965 5761 1044 5798 ιιι.
1073 5747 1126 5799 4.

2083 4619 2274 4690 καιρὸν
2304 4616 2490 4682 αὑτοῦ,
2514 4616 2608 4671 καὶ
2630 4618 2679 4669 εἰ
2716 4615 2830 4687 ἔχει
2857 4615 2887 4666 ὁ
2924 4617 3128 4685 κόσμος
3164 4614 3265 4685 τὴν
3288 4611 3541 4683 εὐθηνίαν
3560 4611 3666 4664 αὐ-

2081 4711 2213 4776 τοῦς
2243 4710 2354 4763 Kal
2386 4705 2539 4762 εἷπον
2565 4708 2766 4771 αὑτοῖς·
2788 4707 2916 4762 Ναί.
2947 4704 3117 4775 Κάγὼ
3147 4706 3342 4769 αὐτοὺς
3373 4702 3662 4777 ἠρώτησα·

2083 4802 2210 4866 Πῶς
2254 4801 2487 4872 δύναμαι
2532 4800 2785 4871 γενέσθαι
2830 4799 3096 4871 μοναχός;
3130 4798 3240 4851 Καὶ
3274 4796 3489 4866 λέγουσί
3541 4811 3663 4865 μοι·

2097 4892 2220 4947 Ἐὰν
2251 4892 2325 4965 μὴ
2379 4891 2715 4961 ἁποτάξηταί
2746 4907 2830 4955 τις
2858 4890 2993 4943 πᾶσι
3030 4891 3142 4953 τοῖς
3167 4886 3261 4941 τοῦ
3308 4889 3537 4955 κόσμου,
3592 4886 3663 4939 οὐ

2079 4984 2300 5038 δύναται
2339 4983 2591 5052 γενέσθαι
2641 4982 2890 5052 μοναχός.
2932 4981 3044 5033 Καὶ
3087 4976 3240 5033 εἶπον
3264 4980 3465 5041 αὐτοῖς’
3514 4974 3668 5045 Ἐγὼ

2081 5073 2312 5144 ἀσθενής
2354 5076 2491 5144 εἰμι,
2534 5074 2630 5125 καὶ
2671 5073 2731 5125 οὐ
2765 5070 2998 5142 δύναμαι
3041 5071 3117 5134 ὼς
3153 5072 3331 5141 ὑμεῖς.
3362 5068 3471 5121 Kal
3500 5062 3666 5121 εἶπόν

2085 5166 2293 5237 μοικαὶ
2330 5165 2503 5218 αὑτοί-
2547 5165 2655 5217 Kal
2683 5164 2776 5217 ἐὰν
2825 5164 2884 5216 οὐ
2913 5163 3137 5216 δύνασαι
3168 5162 3243 5223 ὡς
3270 5163 3455 5232 ἡμεῖς,
3486 5158 3664 5213 κάθου

2083 5258 2162 5319 εἰς
2190 5255 2249 5308 τὸ
2295 5255 2503 5308 κελλίον
2555 5272 2664 5317 σου,
2695 5255 2790 5307 καὶ
2820 5254 3055 5307 κλαῦσον
3090 5254 3187 5317 τὰς
3230 5251 3506 5324 ἁμαρτίας
3537 5267 3660 5305 σου.

2080 5347 2188 5398 Kal
2209 5345 2471 5417 ἠρώτησα
2492 5344 2705 5408 αὐτούς’
2732 5346 2898 5398 Ὅταν
2915 5345 3132 5414 γίνηται
3154 5341 3383 5413 χειμὼν,
3411 5340 3473 5396 οὐ
3501 5341 3670 5412 ῥιγῶ·

2080 5455 2175 5504 τε;
2207 5441 2303 5493 καὶ.
2327 5439 2457 5493 ὅταν
2479 5439 2694 5510 γίνηται
2725 5437 2931 5507 καῦμα,
2974 5438 3040 5490 οὑ
3069 5437 3281 5491 καίεται
3315 5434 3385 5489 τὰ
3435 5434 3672 5505 σώματα

3983 3640 4029 3661 N“.

3986 3666 4032 3699 \Z‘

4000 3748 4032 3762 λ».

4000 3766 4032 3799 5‘;
