4032 6334
463 382 572 440 965

1621 381 1968 439 APPENDIX
2005 383 2096 438 AD
2135 383 2357 440 PALLA
2370 383 2560 442 DIUM.

3622 383 3727 439 265

467 494 850 557 diversaturus
874 507 1020 556 esset
1044 515 1232 555 senex.
1266 499 1335 553 At
1361 498 1452 564 ille
1481 499 1769 567 requisivit
1787 498 2043 569 quisnam

2173 499 2260 578 ,ίον
2297 500 2484 554 αὐτοῦ.
2530 499 2590 553 '0
2617 499 2673 554 δὲ
2702 479 3056 570 Θεὸπεμπτος
3087 499 3383 565 ὑπεδέξατο
3410 499 3573 556 αύτὺν
3614 502 3730 574 χαί·

468 601 618 650 esset
649 593 706 648 in
730 600 916 648 monte
937 592 1030 663 qui
1061 590 1468 660 Theopemptus
1494 590 1893 660 appellaretur.
1925 589 2045 656 Quo

473 685 718 749 invento,
756 683 979 739 intravit
1009 682 1062 736 in
1092 681 1286 735 cellam
1341 680 1483 749 ejus.
1517 680 1924 753 Theopemptus
1950 699 2049 737 au-

476 785 580 834 tem
607 777 846 846 suscepit
869 777 1018 830 illum
1045 774 1221 827 laetus.
1251 771 1429 842 thue
1458 774 1624 843 υωρίι
1646 775 1823 828 solum
1859 789 2046 829 secum

475 869 670 926 iabere
720 883 917 928 senex,
956 865 1260 931 Quomodo,
1313 867 1512 936 inquit,
1565 882 1626 922 se
1676 883 1765 921 res
1805 875 1914 922 tua:
1952 868 2049 921 ha-

474 962 620 1026 bent,
658 959 864 1013 frater?
897 957 947 1013 ls
988 957 1124 1011 dicit
1155 976 1168 1012 :
1212 956 1403 1022 Recte,
1444 974 1541 1028 per
1577 975 1768 1028 preces
1801 967 1949 1015 tuas.
1983 958 2048 1012 Et

470 1069 636 1110 senex
675 1070 688 1108 :
724 1051 864 1105 Num
904 1053 1230 1121 impugnant
1267 1059 1319 1105 te
1345 1052 1750 1122 cogitationes?
1783 1053 1875 1106 ille
1909 1070 1923 1106 :
1957 1052 2048 1105 ln-

469 1145 626 1199 terint
674 1141 806 1196 mihi
848 1142 986 1196 bene
1027 1149 1130 1195 est.
1174 1140 1422 1196 Pudebat
1453 1143 1601 1197 enim
1640 1158 1764 1197 cum
1810 1143 2047 1198 edicere.

468 1235 560 1290 Ait
592 1234 670 1289 illi
706 1249 872 1288 senex
911 1249 926 1285 :
966 1231 1104 1287 Ecce
1130 1248 1160 1286 a
1200 1232 1516 1303 quotannis
1559 1233 1724 1286 vitam
1755 1235 2050 1289 ascetiram

471 1326 636 1390 duco,
667 1334 722 1382 et
763 1326 974 1380 honore
1012 1324 1220 1378 alltcior
1255 1325 1324 1379 ab
1357 1326 1653 1391 omnibus;
1687 1333 1929 1379 attamen
1967 1340 2053 1380 me

472 1432 658 1474 senem
689 1417 918 1487 spiritus
955 1414 1338 1470 fornicationis
1367 1415 1612 1469 divexat.
1645 1413 2053 1485 Theopemptus

471 1510 726 1579 excepit:
760 1507 956 1572 Crede,
997 1507 1166 1570 abba,
1209 1522 1296 1562 me
1334 1506 1521 1563 etiam.
1565 1505 1743 1561 Senex
1793 1522 1925 1562 vero
1974 1509 2053 1563 si-

473 1602 718 1656 mulabat
738 1601 807 1656 ab
833 1601 956 1655 aliis
977 1601 1142 1655 etiam
1175 1599 1604 1669 cogitationibus
1637 1599 1943 1670 impugnari
1972 1615 2053 1664 se,

472 1694 651 1748 donec
713 1708 840 1748 eum
900 1692 966 1746 ad
1020 1691 1423 1746 confessionem
1477 1691 1793 1746 adduceret.
1857 1690 2056 1747 Postea

473 1788 607 1841 dicit
632 1786 680 1840 ei
713 1803 728 1839 ε
764 1784 1054 1851 Quomodo
1097 1784 1350 1854 jejttnas?
1381 1781 1680 1850 Resltondit
1706 1801 1720 1836 :
1745 1783 1825 1837 Ad
1865 1783 2056 1838 horam

2156 608 2284 662 ρων.
2326 592 2418 655 Ὠς
2461 591 2518 644 δὲ
2555 589 2758 662 ἦρξατο
2812 588 3032 654 ίδιάζειν
3081 590 3275 653 αὐτὸν,
3305 593 3333 644 ὁ
3361 590 3541 662 γέρων
3565 591 3738 661 λέγει’

2151 682 2365 745 Πῶςτά
2397 683 2538 735 κατά
2578 682 2658 746 σὲ,
2697 681 2928 750 ἀδελφέ;
2977 681 3035 735 '0
3067 681 3124 735 δὲ
3168 679 3341 734 εἶπεν·
3367 683 3568 752 Εὑχαῖς
3618 699 3739 746 σου,

2153 771 2352 836 καλῶς.
2374 769 2508 826 Εἷπε
2537 771 2594 825 δὲ
2614 772 2643 824 6
2666 772 2862 843 γέρωνο
2881 772 2972 842 Μὴ
2999 771 3294 842 πολεμοῦσί
3311 789 3370 824 σε
3383 773 3432 825 οἱ
3455 772 3740 844 λογισμοίς

2168 865 2225 917 Ὁ
2258 864 2315 917 δὲ
2359 861 2498 917 εἷπε’
2524 863 2676 928 Τέως
2700 863 2880 928 καλῶς
2908 865 3042 932 είμι·
3073 863 3253 934 ᾐδεῖτο
3282 863 3390 935 γὰρ
3420 865 3614 918 εἰπεῖν.
3639 863 3744 917 Λέα-

2155 975 2242 1027 γει
2276 957 2424 1029 αὐτῷ
2457 959 2486 1010 6
2509 959 2709 1030 γέρων·
2767 957 2894 1011 Ἰδοὺ
2925 958 3066 1011 πόσα
3109 957 3203 1028 ἔτη
3235 958 3409 1022 ἀσκῶ,
3450 959 3544 1012 καὶ
3569 958 3745 1028 τιμῶ-

2161 1067 2256 1121 μαι
2283 1051 2434 1122 παρά
2457 1051 2697 1112 πάντων,
2729 1051 2822 1104 καὶ
2845 1050 2966 1120 ἐμοὶ
2995 1049 3071 1120 τῷ
3093 1051 3309 1122 γέροντι
3333 1051 3478 1122 ὀχλεῖ
3497 1056 3557 1105 τὸ
3588 1050 3747 1105 πνεῦ-

2163 1162 2238 1216 μα
2268 1144 2370 1214 τῆς
2394 1145 2668 1215 πορνείας.
2688 1144 2983 1216 Ἀπεκρίθη
3010 1145 3183 1214 λέγων
3202 1147 3295 1199 καὶ
3315 1145 3343 1195 6
3363 1146 3745 1216 Θεόπεμπτος·

2160 1235 2410 1302 Πίστευε,
2452 1235 2612 1300 ἀϐϐᾶ,
2639 1235 2732 1288 καὶ
2773 1235 2914 1306 ἐμοί.
2962 1236 3019 1288 Ὀ
3041 1235 3098 1289 δὲ
3143 1238 3322 1308 γέρων
3347 1236 3748 1308 προεφασίζετο

2160 1328 2257 1380 καὶ
2306 1328 2528 1397 ἐτέρους
2573 1328 2868 1398 λογισμοὺς
2897 1327 3153 1398 πολεμεῖν
3195 1327 3364 1398 αύτῷ,
3393 1327 3498 1390 ἓως
3523 1327 3747 1397 ποιήσει

2161 1421 2323 1474 αὐτὸν
2360 1421 2705 1491 ὁμολογῆσαι.
2747 1415 2878 1474 Εἶτα
2907 1420 3055 1489 λέγει
3085 1420 3251 1492 αὐτῷ·
3285 1420 3411 1482 Πῶς
3432 1419 3745 1490 νηστεύειςς

2173 1512 2232 1567 Ὀ
2270 1513 2328 1566 δὲ
2353 1512 2502 1580 λέγει
2526 1511 2695 1584 αὐτῷ·
2735 1512 2846 1584 Τὴν
2869 1511 3084 1583 ἐνάτην.
3109 1511 3271 1580 Λέγει
3297 1508 3446 1582 αὐτῷ
3485 1512 3513 1563 6
3539 1509 3744 1580 γέρων⁹

2161 1604 2406 1674 Νήστευε
2427 1601 2531 1666 ἕως
2558 1602 2677 1672 ὀψὲ,
2695 1602 2788 1656 καὶ
2815 1601 2993 1656 ἄσκει·
3026 1601 3121 1654 καὶ
3151 1599 3480 1671 ἀποστήθιζε
3511 1599 3606 1653 τοῦ
3639 1600 3748 1652 Εὐ-

2162 1693 2419 1762 αγγελίου
2451 1694 2544 1746 καὶ
2578 1693 2686 1747 τῶν
2715 1692 2890 1747 ἀλλων
2924 1690 3176 1764 Γραφῶν·
3201 1693 3298 1746 καὶ
3329 1691 3424 1746 ἐάν
3457 1710 3539 1744 σοι
3566 1692 3746 1764 ἀναϐῇ

2161 1785 2442 1857 λογισμὸς,
2461 1786 2730 1857 μηδέποτε
2754 1785 3188 1859 πρόσχῃς·κάτω,
3207 1785 3340 1840 ἀλλά
3359 1785 3588 1840 πάντοτε
3609 1785 3747 1838 ἀνωο

474 1890 698 1930 nonam.
742 1873 881 1928 Tum
925 1890 1095 1929 senex
1137 1889 1149 1924 :
1195 1872 1391 1942 Jejuua
1427 1888 1604 1942 usque
1643 1873 1709 1925 ad
1735 1887 2062 1942 vesperam,-

2173 1877 2260 1932 καὶ
2284 1876 2486 1940 εὐθέως
2524 1895 2607 1930 σοι
2630 1878 2659 1930 6
2691 1874 2893 1944 Κύριος
2928 1875 3130 1948 βοηθεῖ.
3167 1877 3277 1930 Kal
3305 1875 3564 1940 τυπώσας
3597 1877 3626 1928 6
3653 1874 3754 1944 γέ-

474 1982 672 2022 exerce
713 1975 799 2032 te;
838 1967 1102 2021 meditare
1147 1980 1210 2020 ac
1250 1965 1417 2019 recita
1455 1965 1773 2018 memoriter
1797 1980 1863 2018 ex
1891 1966 2062 2018 Evan-

475 2058 618 2128 gelio
651 2057 887 2127 aliisque
929 2056 1268 2127 Scripturis;
1307 2071 1541 2126 cumque
1580 2065 1631 2109 te
1662 2055 1891 2110 subierit
1912 2055 2060 2126 cogi-

477 2149 636 2210 tatio,
678 2164 957 2219 nunquam
988 2149 1244 2203 deorsum
1279 2155 1515 2215 spectes,
1543 2147 1638 2201 sed
1673 2163 1892 2202 sursum
1924 2163 2060 2202 sem-

480 2239 614 2309 per';
667 2229 960 2309 statimque
1007 2239 1104 2293 tibi
1160 2237 1424 2291 Dominus
1472 2236 1733 2304 praebebit
1773 2237 2055 2290 auxilium.

481 2334 545 2387 Et
571 2341 856 2403 postquam
893 2330 1116 2385 fratrem
1153 2329 1512 2384 informasset
1567 2345 1733 2384 senex
1756 2369 1769 2390 ,
1811 2345 2064 2386 reversus

477 2432 564 2481 est
612 2426 678 2479 ad
734 2422 1090 2479 solitudinem
1134 2436 1314 2477 suam.
1359 2420 1458 2475 Ubi
1499 2423 1824 2483 observans,
1865 2425 2060 2477 iterum

477 2520 626 2575 videt
649 2519 950 2573 daemonem
985 2516 1159 2578 illum,
1189 2515 1374 2585 aitque
1407 2516 1457 2569 ei
1491 2530 1504 2566 :
1545 2514 1666 2580 Quo
1706 2515 1904 2568 iterum
1933 2531 2059 2586 per-

480 2613 602 2683 gis?
647 2609 894 2675 Fratres,
950 2609 1150 2677 inquit,
1197 2608 1537 2677 instigatum.
1585 2610 1761 2676 Atque
1796 2608 1948 2662 abiit.
1992 2607 2065 2664 Ut

481 2718 614 2759 vero
637 2717 835 2757 rursus
885 2700 1131 2762 transiit,
1179 2700 1498 2754 sciscitatus
1549 2708 1632 2753 est
1673 2699 1825 2752 illum
1875 2714 2063 2764 senex,

480 2793 756 2864 quomodo
797 2791 1063 2846 baberent
1117 2790 1336 2844 fratres.
1388 2789 1740 2858 Respondit:
1790 2789 1952 2846 Male.
1998 2789 2064 2845 Et

483 2902 648 2942 senex
689 2884 876 2939 :Cur?
909 2883 1127 2938 Daemon
1158 2897 1172 2934 :
1201 2880 1398 2936 Cuncti
1430 2880 1644 2936 feroces
1679 2890 1846 2948 sunt;
1887 2883 2064 2953 quod-

482 2995 590 3050 que
617 2977 773 3048 pejus
805 2985 910 3041 est,
956 2976 1045 3030 ille
1086 2990 1249 3044 quem
1292 2974 1560 3028 habebam
1597 2977 1855 3041 amicum,
1884 2983 1938 3030 et
1961 2974 2062 3030 ob-

483 3084 798 3143 sequentem
830 3069 984 3130 milti,
1018 3071 1134 3138 ipse
1156 3066 1342 3131 etiam,
1377 3067 1522 3120 unde
1552 3067 1766 3132 nescio,
1806 3067 2064 3122 inversus

2169 1987 2277 2041 ρων
2303 1968 2393 2022 τὸν
2442 1968 2668 2038 ἀδελφὸν
2701 1968 2923 2039 ἐξῆλθεν
2957 1971 3037 2032 είς
3075 1968 3172 2040 τὴν
3200 1968 3334 2021 ίδίαν
3373 1966 3600 2038 ἔρημον.
3635 1964 3752 2019 Καὶ

2168 2061 2502 2132 παρατηρῶν
2543 2060 2706 2114 πάλιν
2746 2062 2846 2132 ὁρᾷ
2885 2062 3092 2113 ἐκεῖνον
3127 2059 3224 2112 θεὸν
3253 2059 3506 2128 δαίμονα,
3539 2058 3634 2111 κού¹
3656 2055 3751 2109 λέ·-

2166 2169 2253 2220 γει
2288 2151 2454 2222 αὐτῷ’
2479 2150 2589 2205 Ποῦ
2617 2151 2778 2205 πάλιν
2803 2151 3051 2224 ἀπέρχῃς
3095 2152 3152 2204 '0
3180 2151 3236 2203 δὲ
3263 2149 3432 2217 λέγει·
3471 2147 3750 2219 Ὑπομνῆ-

2170 2259 2260 2295 σαι
2284 2243 2411 2304 τοὺς
2443 2241 2721 2311 ἀδελφούς.
2755 2242 2865 2296 Kal
2891 2241 3151 2312 ἀπῆλθεν.
3189 2243 3275 2301 Ὡς
3311 2241 3367 2294 δὲ
3398 2239 3560 2292 πάλιν
3583 2240 3754 2291 ἐπαν-

2168 2338 2324 2410 ῆλθε,
2359 2338 2507 2408 λέγει
2541 2338 2688 2410 αὑτῷ
2717 2341 2744 2391 6
2767 2337 2942 2405 ἅγιος·
2972 2338 3096 2400 Πῶς
3126 2337 3173 2389 οἱ
3209 2333 3457 2402 ἀδελφοί;
3499 2333 3560 2401 Ὀ,
3584 2331 3640 2384 δὲ
3665 2330 3754 2383 λέ-

2167 2447 2274 2500 γει·
2307 2433 2525 2496 Κακῶς.
2561 2431 2624 2486 '0
2667 2431 2723 2485 δὲ
2762 2431 2938 2503 γέρων
2979 2431 3145 2498 λέγει·
3178 2427 3362 2492 Διατί;
3408 2427 3464 2479 '0
3487 2425 3541 2478 δὲ
3571 2420 3749 2477 εἶπεν·

2171 2524 2388 2596 Ἀγριοί
2418 2525 2554 2577 εἰσιν
2579 2524 2711 2578 ὄλοιο
2733 2525 2827 2578 καὶ
2853 2524 2914 2576 τὸ
2939 2523 3122 2594 μεῖζον
3148 2522 3338 2585 κακὸν,
3366 2521 3446 2573 ὅτι
3470 2519 3564 2572 καὶ
3588 2517 3646 2570 ὃν
3681 2512 3755 2569 εἷ-

2169 2631 2262 2685 χον
2303 2615 2454 2684 φίλον
2481 2613 2825 2668 ὑπακούοντά
2853 2632 2964 2685 μοι,
3013 2615 3106 2668 καὶ
3133 2613 3294 2675 αὐτὸς
3324 2612 3422 2664 οὐκ
3443 2604 3556 2662 οἶδα
3587 2607 3755 2660 πόθεν

2168 2704 2490 2776 διεστράφη,
2522 2705 2616 2759 καὶ
2650 2705 2770 2758 οὐδὲ
2811 2704 2972 2769 αὑτός
3024 2721 3112 2775 μοι
3143 2702 3408 2769 πείθεται,
3445 2700 3580 2755 ἀλλά
3617 2699 3757 2752 πάν-

2169 2813 2276 2849 των
2304 2795 2641 2870 ἀγριώτερος
2686 2796 2920 2864 ἐγένετο·
2960 2795 3053 2850 καὶ
3075 2793 3264 2865 ὢμοσα
3312 2792 3508 2864 μηκέτι
3536 2791 3605 2845 τὰ
3635 2791 3758 2843 ἐκεῖ

2170 2889 2434 2959 πατῆσαι,
2465 2890 2512 2941 εἰ
2544 2888 2618 2960 μὴ
2651 2887 2791 2958 μετὰ
2817 2891 3026 2959 χρόνον.
3059 2887 3168 2940 Kal
3193 2885 3366 2949 οὕτως
3393 2883 3564 2938 εἰπὼν
3577 2882 3758 2952 ἀπῆλ-

2171 2978 2282 3045 θεν,
2318 2980 2484 3044 ἐάσας
2515 2980 2605 3032 τὸν
2639 2979 2887 3052 γέροντα.
2916 2979 3028 3033 Καὶ
3062 2981 3090 3032 6
3122 2979 3276 3048 ἆγιος
3315 2976 3561 3047 εἰσῆλθεν
3588 2976 3668 3038 εἰς
3693 2974 3757 3026 τὸ

2168 3068 2378 3122 κελλίον
2401 3068 2587 3122 αὐτοῦ.

481 3174 586 3227 est,
639 3175 738 3216 nec
789 3159 1025 3230 amplius
1063 3173 1092 3211 a
1135 3173 1221 3211 tne
1274 3156 1657 3227 persuadetur,
1715 3155 1810 3209 sed
1873 3157 2091 3211 cunctis
2151 3156 2389 3213 feroci0r
2436 3159 2614 3215 evasit
2663 3178 2677 3214 :
2719 3157 2862 3214 unde
2902 3157 3084 3227 juravi
3116 3173 3202 3213 me
3242 3157 3479 3228 amplius
3523 3172 3587 3213 ea
3631 3157 3757 3212 loca

483 3267 593 3306 non
629 3251 989 3311 calcaturum,
1024 3247 1130 3300 nisi
1163 3254 1288 3317 post
1321 3254 1554 3315 tempus.
1601 3245 1722 3310 Quo
1751 3247 2114 3315 pronuntiato
2175 3248 2449 3318 discessit,
2491 3266 2676 3307 senem
2709 3252 3044 3322 relinquens.
3105 3249 3260 3305 Tune
3312 3259 3538 3308 sanctus
3584 3251 3758 3305 intra-

487 3346 562 3399 vit
595 3345 650 3398 in
683 3344 876 3397 cellam
907 3357 1085 3396 suam.

553 3438 608 3490 4.
652 3435 766 3504 (86)
811 3433 968 3488 Venit
1013 3432 1186 3486 abbas
1232 3430 1504 3486 Macarius
1537 3446 1770 3503 magnus
1794 3431 1861 3485 ad
1902 3432 2062 3486 abba-

2241 3440 2304 3494 δ’.
2330 3439 2647 3510 Παρέϐαλεν
2665 3443 2693 3495 6
2722 3440 2894 3504 ἀϐϐἄς
2923 3439 3212 3512 Μακάριος
3239 3441 3267 3492 6
3293 3438 3468 3510 μέγας
3502 3437 3578 3508 τῷ
3612 3436 3759 3508 ἀδδᾷ

485 3539 593 3584 tem
623 3527 920 3584 Antonium
965 3526 1019 3578 in
1057 3534 1337 3592 montem;
1379 3540 1617 3594 cumque
1660 3525 1935 3593 pttlsasset
1977 3539 2068 3580 os-

484 3622 646 3685 tium,
682 3633 940 3689 egresstts
970 3625 1080 3679 est,
1116 3616 1382 3686 petiitque
1415 3633 1428 3670 :
1459 3614 1539 3669 Tu
1568 3617 1693 3685 quis
1718 3615 1816 3670 es?
1844 3613 1941 3670 Ille
1969 3629 2068 3669 au-

485 3724 616 3777 tem,
650 3712 782 3782 Ego,
826 3710 1022 3780 inquit,
1065 3724 1186 3764 sum
1226 3707 1522 3763 Macarius.
1561 3705 1627 3760 Et
1672 3707 1816 3762 ostio
1851 3707 2064 3773 clauso,

486 3808 728 3872 intravit,
781 3805 1102 3873 relinquens
1151 3815 1298 3857 eum.
1343 3799 1450 3856 Sed
1504 3807 1795 3870 postquam
1845 3798 2070 3868 agnovit

487 3900 806 3972 patientiam
849 3898 1001 3967 ejus,
1052 3895 1292 3967 aperuit.
1339 3893 1520 3964 Atque
1563 3907 1687 3947 cum
1741 3907 1808 3947 eo
1860 3893 2069 3948 urbane

483 4007 674 4064 agens,
707 3991 846 4044 dixit
875 4005 888 4040 :
920 3990 966 4041 A
999 3988 1170 4042 multo
1203 3997 1449 4057 tempore
1477 3985 1662 4041 videre
1694 3993 1747 4040 te
1789 3984 2069 4039 desidera-

486 4084 634 4147 bam,
665 4082 852 4136 audita
879 4079 958 4134 ttti
983 4078 1148 4133 fama.
1176 4077 1242 4131 Et
1264 4075 1610 4146 hospitaliter
1633 4083 1952 4144 susceptum
1985 4088 2071 4127 re-

486 4177 649 4242 fecit;
702 4183 820 4230 erat
862 4174 1008 4228 enim
1049 4187 1081 4226 e
1129 4170 1302 4225 multo
1352 4169 1542 4223 labore
1585 4167 1788 4224 fessus.
1830 4165 2070 4237 Vespere

484 4279 666 4325 autem
700 4270 864 4331 facto,
903 4266 1075 4321 abbas
1105 4262 1379 4317 Antonius
1410 4261 1515 4316 sibi
1550 4258 1843 4315 madefecit
1884 4271 2071 4313 ramos

487 4365 813 4434 palmarum.
847 4359 936 4412 Alt
966 4356 1015 4410 ei
1044 4355 1212 4408 abbas
1245 4352 1520 4407 Macarius
1557 4370 1570 4404 :
1612 4348 1752 4405 Jube
1784 4356 1843 4403 ut
1877 4357 1931 4404 et
1969 4361 2070 4419 ego

487 4455 619 4510 mihi
652 4454 975 4522 intinguam.
999 4448 1125 4506 Ille:
1155 4445 1429 4513 lntingue,
1457 4445 1654 4512 inquit.
1701 4440 2072 4510 Confectoque

487 4564 686 4619 magno
728 4543 1018 4607 faseiculo,
1041 4541 1285 4595 intinxit.
1306 4539 1475 4607 Igitur
1500 4537 1755 4591 sedentes
1772 4552 1800 4590 a
1820 4549 2068 4604 vespera,

488 4639 744 4695 collocuti
771 4636 838 4691 de
869 4635 1178 4688 animarum
1205 4630 1463 4693 utilitate,
1504 4629 1814 4698 plectebant
1846 4647 1858 4682 :
1893 4628 2071 4698 plecta

389 4761 397 4764 -
491 4739 668 4786 autem
721 4743 815 4798 per
859 4726 1156 4781 fenestram
1206 4720 1582 4778 descendebat
1627 4720 1680 4774 in
1730 4721 2068 4790 speluncam.

2187 3536 2475 3608 Ἀντωνίῳ,
2509 3540 2590 3602 εἰς
2609 3538 2669 3593 τὸ
2697 3539 2843 3611 ὅροςο
2879 3537 2971 3590 καὶ
2995 3537 3326 3608 κρούσαντος
3342 3532 3508 3588 αὑτοῦ
3537 3533 3636 3600 τὴν
3663 3532 3763 3585 θύι-

2177 3646 2296 3700 ραν,
2327 3629 2520 3700 ἐξῆλθε
2561 3631 2699 3702 πρὸς
2721 3631 2903 3694 αὐτὸν,
2936 3631 3031 3684 καὶ
3065 3625 3218 3682 εἶπεν
3246 3627 3413 3698 αὐτῷ·
3447 3627 3519 3680 Σὺ
3544 3626 3629 3690 τίς
3672 3621 3758 3693 εἷς

2175 3725 2204 3776 6
2231 3722 2288 3776 δὲ
2316 3722 2441 3793 ἔφη·
2480 3723 2623 3793 Ἐγώ
2639 3723 3198 3794 ειμιΜακάριοςλίαὶ
3215 3721 3437 3782 κλείσας
3460 3719 3559 3790 τὴν
3583 3718 3761 3790 θύραν

2174 3813 2392 3883 εἰσῆλθε
2427 3815 2520 3868 καὶ
2541 3814 2754 3885 ἀφῆκεν
2787 3814 2971 3869 αὐτόν.
3013 3814 3124 3866 Kal
3176 3810 3299 3868 ἰδὼν
3342 3811 3440 3883 τὴν
3475 3811 3762 3881 ὑπομονὴν

2174 3905 2362 3970 αὐτοῦ,
2393 3904 2601 3978 ἤνοιξεν
2628 3906 2905 3978 αύτῷ,κ‹ιλ¹
2934 3904 3402 3978 χαριεντιζόμενος
3428 3903 3544 3973 μετ’
3567 3899 3759 3965 αὐτοῦ,

2175 3992 2384 4061 ἔλεγενο
2450 3992 2584 4046 Ἀπὸ
2623 3993 2818 4047 πολλοῦ
2875 3993 3066 4065 χρόνου
3125 3992 3436 4063 ἐπεθύμουν
3489 4008 3550 4044 σε
3605 3990 3758 4054 ἰδεῖν,

2175 4085 2388 4140 ἀκούων
2409 4085 2477 4140 τά
2500 4086 2628 4157 περὶ
2658 4086 2773 4141 σού.
2797 4087 2911 4140 Kal
2939 4085 3289 4156 φιλοξενήσας
3323 4083 3485 4138 αὑτὸν
3523 4081 3764 4136 ἀνέπαυ-

2179 4173 2375 4252 σενοῆν
2396 4178 2506 4250 γὰρ
2538 4178 2645 4232 ἀπὸ
2677 4179 2923 4249 καμάτου
2953 4177 3172 4233 πολλοῦ.
3218 4176 3404 4246 Ὀψίας
3436 4175 3492 4229 δὲ
3525 4173 3760 4244 γενομέ-

2176 4287 2295 4340 νης,
2329 4268 2548 4341 ἔϐρεξεν
2586 4268 2765 4338 ἑαυτῷ
2801 4270 2830 4322 6
2862 4268 3037 4331 ἀϐϐᾶς
3064 4267 3345 4330 Ἀντώνιος
3398 4265 3611 4319 θαλλία.
3647 4265 3763 4318 Καὶ

2176 4362 2325 4432 λέγει
2371 4361 2519 4432 αὐτῷ
2560 4365 2588 4415 6
2622 4361 2794 4424 ἀϐϐᾶς
2835 4362 3138 4430 Μακάριος·
3171 4358 3441 4412 Κέλευσον
3483 4357 3569 4410 ἵνα
3602 4353 3765 4423 κάγὼ

2179 4452 2356 4524 βρέξω
2376 4451 2615 4524 ἐμαυτῷ.
2658 4454 2718 4504 ’0
2739 4452 2795 4505 δὲ
2824 4447 2964 4504 εἶπε·
2993 4449 3212 4521 Βρέξον.
3251 4448 3358 4503 Kal
3406 4449 3639 4518 ποιήσας
3669 4446 3763 4498 δε-

2177 4544 2314 4614 σμὸν
2355 4543 2546 4614 μέγαν,
2575 4541 2785 4614 ἔϐρεξε.
2814 4543 2925 4595 Kal
2955 4541 3252 4611 καθήμενοι
3272 4539 3378 4593 ἀπὸ
3403 4536 3766 4609 ὀψὲ,λαλοῦν-

2177 4653 2269 4698 τες
2292 4639 2421 4706 περὶ
2447 4635 2719 4706 σωτηρίας
2749 4633 2938 4704 ψυχῶν
2978 4632 3224 4686 ἔπλεκον·
3277 4631 3371 4684 καὶ
3399 4631 3432 4700 ἠ
3462 4628 3619 4700 σειρὰ
3669 4627 3766 4680 διὰ

2177 4729 2277 4798 τῆς
2306 4728 2518 4798 θυρίδος
2551 4731 2630 4792 εἰς
2647 4727 2711 4781 τὸ
2742 4727 3004 4798 σπήλαιον
3025 4725 3332 4779 κατέϐαινε.
3367 4724 3474 4776 Kal
3503 4718 3765 4775 εἰσελθὼν

492 4821 556 4874 Ει
590 4835 749 4874 mane
788 4817 1107 4889 ingrediens
1148 4814 1343 4870 beatus
1382 4811 1677 4874 Antonius,
1708 4810 1843 4866 vidit
1885 4812 2062 4881 plecta

2180 4818 2325 4887 πρωῒ
2358 4822 2386 4872 6
2413 4820 2680 4889 μακάριος
2722 4816 3007 4880 Ἀντώνιος
3045 4813 3151 4869 εἶδε
3185 4816 3245 4868 τὸ
3279 4814 3484 4884 πλῆθος
3509 4812 3609 4880 τῆς
3645 4828 3766 4864 σει-

491 4914 704 4968 abbatis
744 4910 966 4965 Macarii
1023 4909 1273 4978 copiam;
1312 4913 1366 4962 et
1407 4901 1527 4958 infit
1572 4922 1584 4957 :
1631 4902 1800 4959 Multa
1838 4903 2016 4960 virtus
2045 4918 2077 4958 e

491 5006 748 5062 manibus
777 5004 903 5058 istis
934 5001 1237 5073 egreditur.

557 5095 609 5154 5.
655 5096 770 5167 (8'1)
809 5095 991 5148 Abbas
1044 5091 1316 5147 Macarius
1377 5090 1629 5163 praedixit
1691 5088 1957 5144 fratribus
2011 5088 2078 5143 de

491 5187 802 5244 vastatione
871 5183 1093 5240 Sceteos
1129 5203 1141 5238 :
1171 5183 1404 5250 Quando
1456 5181 1834 5253 spectaveritis
1881 5181 2074 5238 cellam

497 5279 818 5338 a’diﬁcatam
862 5276 1016 5348 juxta
1057 5276 1331 5344 paludem,
1375 5274 1574 5328 scitote
1618 5271 1765 5342 quod
1803 5287 1973 5342 prope
2005 5275 2077 5328 sit

497 5373 721 5430 Sceteos
772 5369 1042 5426 dcsolatio
1093 5383 1109 5422 :
1157 5368 1376 5439 quando
1417 5366 1666 5422 videritis
1715 5363 1960 5428 arbores,
2007 5363 2076 5417 ad

501 5466 645 5522 fores
669 5473 753 5521 est
783 5479 797 5517 :
826 5479 952 5517 cum
985 5469 1166 5516 autem
1201 5475 1403 5530 pueros
1429 5455 1860 5529 conspexeritis,
1899 5456 2077 5511 tollite

497 5559 723 5612 melotes
749 5565 986 5619 vestras,
1016 5561 1180 5623 atque
1208 5551 1494 5608 discedite.

559 5649 614 5701 6.
656 5648 766 5718 (88)
809 5648 955 5702 Dixit
1001 5645 1224 5709 iterum,
1269 5645 1460 5699 volens
1507 5641 1706 5699 fratres
1750 5641 2070 5697 consolari:

565 5759 677 5826 (86-)
717 5757 824 5812 Vit.
860 5758 995 5810 Patr
1057 5772 1153 5819 vn,
1195 5756 1248 5809 9.

566 5825 678 5897 (87)
724 5827 828 5882 Vit.
865 5828 1017 5879 Patr.
1057 5840 1210 5888 xvm,
1245 5825 1297 5878 2.

2181 4911 2279 4980 ρᾶς
2301 4908 2393 4962 τοῦ
2415 4909 2559 4962 ἀϐϐᾶ
2584 4908 2892 4980 Μακαρίου,
2921 4909 3015 4961 καὶ
3041 4906 3211 4976 ἔλεγε·
3240 4904 3414 4976 Πολλὴ
3443 4903 3669 4972 δύναμις
3698 4903 3768 4956 ὲκ

2176 5002 2284 5054 τῶν
2319 5001 2516 5073 χειρῶν
2542 5001 2750 5054 τούτων
2777 5000 3078 5072 ἐξέρχεται.

2249 5099 2312 5145 ε’.
2356 5092 2582 5161 Ἔλεγεν
2598 5091 2626 5142 6
2651 5091 2823 5154 ἀϐϐἄς
2851 5091 3134 5161 Μακάριος
3161 5089 3288 5159 περὶ
3308 5088 3406 5158 τῆς
3425 5085 3769 5159 ἐρημώσεως

2179 5182 2277 5252 τῆς
2341 5183 2596 5253 Σκήτεως
2652 5184 2765 5245 τοῖς
2813 5181 3090 5250 ἀδελφοῖς·
3136 5181 3305 5234 Ὅταν
3357 5179 3501 5248 ἴδητε
3551 5177 3768 5232 κελλίον

2181 5274 2632 5344 οἰκοδομούμενον
2667 5275 2834 5343 ἐγγὺς
2865 5273 2958 5326 τοῦ
3005 5273 3182 5336 ἕλους,
3218 5271 3420 5342 μάθετε
3464 5272 3545 5324 ὅτι
3594 5270 3773 5338 ἐγγύς

2180 5365 2329 5416 ἐστιν
2359 5365 2392 5435 ἡ
2421 5365 2699 5435 ἐρήμωσις
2726 5365 2920 5435 αὐτῆς·
2964 5363 3093 5416 ὅταν
3127 5363 3274 5431 ἴδητε
3303 5361 3517 5432 δένδρα,
3551 5361 3645 5414 ἐπὶ
3671 5360 3772 5413 θυ-

2185 5455 2292 5525 ρῶν
2320 5457 2467 5508 ἐστιν
2486 5473 2499 5487 ·
2518 5457 2644 5509 ὅταν
2665 5440 2722 5508 δέ
2745 5455 2891 5525 ἴδητε
2917 5455 3125 5519 παιδία,
3147 5455 3316 5525 ἀρατε
3341 5453 3412 5507 τὰ
3438 5451 3774 5524 μηλωτάρια

2181 5546 2354 5617 ὑμῶν,
2387 5547 2482 5600 καὶ
2511 5548 2923 5618 ἁναχωρήσατε.

2256 5643 2331 5701 ς’.
2389 5636 2582 5705 Ἔλεγε
2613 5637 2796 5697 πάλιν.
2837 5635 3419 5709 παρηγορῆσαιθέὶων
3457 5636 3584 5700 τοὺς
3609 5633 3779 5690 ἀδελ-

2259 5752 2371 5819 (88)
2416 5751 2516 5806 νει.
2556 5751 2708 5806 Patr.
2745 5769 2898 5817 xvm,
2928 5753 3016 5806 10.
