4032 6334
429 340 530 396 2οἹ

1593 334 1931 390 APPENDIX
1970 333 2061 388 AD
2099 318 2516 395 PALLAmun.

3587 350 3693 406 εδδ

428 453 576 526 quod
611 466 737 508 cum
783 451 1096 509 advenisset
1135 449 1426 522 aliquando
1458 448 1524 503 ad
1557 449 1846 520 quemdam
1877 463 1988 504 ana

2115 449 2255 518 ρίου,
2273 452 2354 505 ὅτι
2386 452 2831 524 παραγενόμενός
2850 469 2979 508 ποτε
3005 456 3140 526 πρός
3157 473 3275 509 τινα
3300 457 3686 532 ἀναχωρητὴν,

429 544 732 612 cboretam,
784 551 840 599 et
868 544 1164 599 invenisset
1194 557 1316 597 eum
1343 547 1716 612 aegrotantem,
1756 540 2007 596 sciscita-

431 646 518 691 tus
556 635 647 698 sit,
683 633 940 705 quidnam
979 633 1086 687 cibi
1117 632 1277 686 vellet
1325 645 1543 686 sumere
1587 650 1599 685 :
1645 631 1780 686 nihil
1804 631 2008 702 quippe

430 733 547 781 erat
579 726 634 780 in
677 725 813 780 cella
857 724 998 794 ejus.
1039 720 1145 788 Qui
1179 729 1469 792 postquam
1521 721 1770 787 dixisset,
1804 721 2008 778 Pastil-

430 817 560 881 lum,
606 830 714 872 non
758 815 930 886 piguit
965 814 1142 869 virum
1195 813 1388 869 fortem
1414 812 1798 870 Alexandriam
1836 813 2004 884 profi-

428 907 580 973 cisci,
615 914 672 960 ut
693 920 836 978 aegro
861 907 1053 961 daret:
1078 905 1328 977 miraque
1356 921 1465 972 res,
1488 905 1692 962 nemini
1714 904 2001 959 manifesta

427 999 567 1053 facta
599 1007 701 1054 est.

494 1091 546 1145 9.
586 1088 787 1144 lterum
827 1087 1149 1142 memoravit
1194 1103 1208 1139 :
1255 1087 1338 1142 Ad
1391 1088 1644 1142 abbatem
1702 1087 1997 1141 Macarium

421 1197 545 1236 cum
573 1179 834 1234 fratribus
861 1180 1083 1236 cunctis
1108 1180 1162 1234 in
1198 1179 1552 1251 simplicitate
1583 1187 1998 1235 conversantcm

422 1272 675 1325 dixerunt
718 1271 967 1325 nonnulli
1016 1286 1029 1322 :
1086 1271 1268 1337 Quare
1309 1281 1359 1326 te
1408 1271 1570 1325 talem
1616 1268 1863 1340 praebes?
1905 1270 1999 1325 llle

422 1361 748 1432 respondit:
791 1362 1092 1418 Duodecim
1129 1363 1290 1418 annis
1334 1361 1532 1417 servivi
1581 1360 1813 1416 Domino
1852 1376 1996 1425 meo,

421 1462 480 1508 ut
520 1454 652 1508 mihi
699 1453 842 1508 hanc
888 1452 1122 1525 gratiam
1172 1453 1502 1523 largiretur;
1537 1459 1592 1508 et
1631 1467 1824 1510 omnes
1861 1451 1995 1506 mihi

419 1550 707 1605 consilium
734 1548 878 1604 datis
920 1548 1000 1602 uti
1029 1561 1148 1602 eam
1182 1546 1498 1617 deponam?

489 1642 577 1698 10.
620 1640 731 1710 (95)
775 1639 1040 1695 Dicebant
1083 1639 1150 1694 de
1189 1639 1386 1694 abbate
1430 1637 1692 1701 Macario,
1749 1637 1894 1708 quod
1946 1637 1996 1693 si

418 1750 542 1790 cum
576 1732 841 1788 fratribus
871 1746 1072 1787 vacans
1095 1737 1431 1796 versaretur,
1461 1731 1533 1784 ita
1565 1746 1752 1786 secum
1778 1730 1992 1786 consti-

418 1826 605 1882 tuebat
641 1823 741 1880 :Si
789 1825 975 1898 vinum
1007 1821 1277 1894 (adfuerit,
1327 1830 1552 1894 propter
1597 1822 1796 1878 fratres
1827 1822 1991 1889 bibe;

417 1927 471 1971 ct
496 1932 594 1988 pro
619 1930 730 1971 uno
760 1915 871 1969 vini
912 1915 1134 1986 poculo,
1159 1929 1255 1984 per
1284 1930 1451 1969 unum
1480 1914 1624 1970 diem
1657 1930 1852 1985 aquam
1885 1931 1992 1970 non

418 2013 594 2066 bibas.
631 2011 800 2082 Igitur
831 2009 1053 2075 fratres,
1085 2008 1315 2064 reficere
1341 2009 1651 2079 cupientes,
1684 2010 1892 2064 dabant
1917 2011 1990 2066 ei.

419 2103 595 2158 Senex
626 2111 806 2158 autem
847 2117 971 2156 cum
1009 2101 1210 2172 gaudio
1258 2100 1600 2166 admittebat,
1650 2109 1710 2155 ut
1751 2102 1991 2172 seipsum

417 2200 718 2266 torqueret.
773 2193 841 2249 At
884 2193 1192 2262 discipulus
1233 2193 1376 2262 ejus,
1423 2193 1512 2248 cui
1557 2208 1646 2248 res
1690 2201 1821 2247 nota
1852 2202 1990 2258 erat,

414 2287 630 2341 dicebat
678 2284 942 2339 fratribus
999 2301 1012 2338 :
1057 2281 1162 2338 Per
1216 2281 1529 2346 Dominum,
1581 2298 1651 2339 ne
1702 2285 1991 2355 paebeatis

413 2379 523 2446 illi;
563 2377 765 2448 alioqui
796 2377 851 2431 in
881 2376 1018 2431 cella
1057 2374 1412 2431 confecturus
1459 2384 1543 2432 est
1581 2392 1659 2432 se.
1689 2377 1808 2443 Quo
1841 2393 1991 2434 com-

412 2479 587 2541 perto,
625 2469 820 2525 fratres
853 2485 961 2524 non
984 2470 1222 2542 amplius
1255 2469 1304 2525 ei
1332 2470 1707 2540 porrigebant.

485 2565 574 2620 ll.
615 2563 727 2635 (9t)
770 2562 1133 2619 Proﬁciscens
1150 2563 1444 2633 aliquando
1473 2563 1643 2618 abbas
1667 2562 1938 2620 Macarius
1959 2578 1988 2618 a

412 2656 607 2724 palude
639 2657 693 2711 in
725 2658 915 2712 cellam
950 2671 1128 2722 suam,
1158 2656 1412 2726 portabat
1435 2655 1736 2726 palmarum
1768 2671 1986 2724 ramos;

409 2759 464 2804 et
508 2751 896 2806 ecceoccurrit
928 2749 978 2804 ei
1021 2750 1076 2804 in
1119 2749 1203 2803 via
1235 2747 1491 2803 diabolus
1539 2746 1734 2802 falcem
1766 2763 1984 2818 gerens.

416 2840 590 2912 thue
618 2843 790 2897 voluit
817 2858 941 2897 eum
977 2841 1166 2905 ferire,
1199 2857 1310 2896 non
1337 2840 1526 2895 valuit.
1566 2840 1751 2911 Itaque
1786 2843 1862 2896 ait
1887 2843 1936 2898 ei
1971 2862 1984 2898 :

412 2935 576 2990 Multa
618 2949 647 2988 a
692 2942 744 2990 te
783 2936 885 2997 vis.
939 2934 1162 2998 Macari,
1216 2934 1363 3006 quod
1413 2936 1700 2991 adversum
1754 2943 1808 2991 te
1854 2935 1989 2990 nihil

409 3026 584 3079 valeo.
619 3025 695 3080 En
733 3027 902 3090 enim,
934 3025 1199 3096 quidquid
1246 3027 1382 3097 agis,
1425 3043 1525 3098 ego
1572 3042 1789 3098 quoque
1823 3025 1985 3082 facio.

2111 541 2202 594 καὶ
2227 541 2402 613 εὑρὼν
2430 543 2592 596 αὐτὸν
2623 544 2983 616 κακούμενον,
3014 548 3343 602 ἐπυνθάνετο
3365 550 3414 602 τί
3444 549 3689 620 βούλοιτο

2105 633 2401 704 τραφῆναι,
2438 635 2652 699 οὐδενὸς
2691 634 2844 701 ὄντος
2878 639 2935 689 ἐν
2974 637 3052 710 τῷ
3098 639 3296 711 κελλίῳ
3341 642 3530 702 αὑτοῦ.
3579 645 3692 698 Καὶ

2107 726 2377 795 φήσαντος
2429 726 2662 794 ἐκείνου,
2698 727 2985 792 Πάστιλον,
3019 731 3099 794 εἰς
3135 731 3236 802 τὴν
3295 732 3690 806 Ἀλεξανδρέων

2106 814 2261 868 πόλιν
2311 817 2410 868 οὐκ
2454 815 2700 886 ὤκνησεν
2741 819 2770 870 6
2816 818 3061 889 ἀνδρεῖος
3109 822 3539 892 παραγενέσθαι,
3592 826 3689 878 καὶ

2103 904 2284 957 δοῦναι
2315 905 2394 975 τῷ
2435 907 2698 977 κάμνοντι
2721 923 2732 935 ·
2767 909 2863 960 καὶ
2896 908 2956 961 τὸ
2990 908 3300 980 θαυμαστὸν
3352 913 3541 983 μηδενὶ
3581 931 3684 967 κα-

2102 997 2328 1068 τάδηλον
2357 999 2670 1069 γενόμενον.

2172 1089 2236 1143 θ’.
2277 1085 2414 1143 Εῐπε
2444 1091 2627 1157 πάλιν,
2659 1093 2740 1145 ὅτι
2770 1093 2828 1145 ἐν
2851 1093 3059 1166 ἀκακία
3083 1095 3176 1148 τοῦ
3208 1095 3351 1150 ἁϐϐἄ
3387 1097 3681 1168 Μακαρίου

2101 1179 2519 1251 πολιτευομένου
2561 1183 2698 1253 πρὸς
2729 1185 2937 1247 πάντας
2972 1186 3099 1249 τοὺς
3136 1186 3416 1255 ἀδελφοὺς,
3471 1187 3681 1259 ἔφησαν

2099 1269 2248 1341 αὐτῷ
2271 1289 2440 1336 τινεςο
2477 1273 2843 1339 Διατίροῦτως
2885 1278 3076 1332 ἐαυτὸν
3105 1283 3306 1348 ποιεῖς;
3344 1283 3403 1336 '0
3431 1283 3488 1337 δὲ
3522 1281 3677 1338 elate-

2098 1363 2315 1416 Δώδεκα
2347 1365 2442 1435 ἔτη
2470 1366 2760 1421 ἐδούλευσα
2792 1369 2870 1440 τῷ
2898 1371 3088 1443 Κυρίῳ
3125 1391 3248 1443 μου,
3282 1375 3368 1428 ἵνα
3395 1393 3487 1447 μοι
3516 1378 3678 1448 χαρί-

2099 1471 2258 1525 σηται
2295 1455 2355 1509 τὸ
2398 1457 2642 1528 χάρισμα
2689 1461 2869 1526 τοῦτο,
2915 1463 3007 1516 καὶ
3052 1465 3254 1529 πάντες
3298 1484 3388 1538 μοι
3433 1469 3677 1540 συμϐου-

2097 1546 2284 1600 λεύετε
2318 1549 2618 1604 ἀποθέσθαι
2644 1553 2808 1620 αὐτός

2172 1649 2222 1694 ι’.
2259 1642 2484 1711 Ἔλεγον
2517 1645 2645 1716 περὶ
2672 1645 2764 1698 τοῦ
2795 1646 2939 1701 ἀὸϐἄ
2963 1647 3265 1721 Μακαρίου,
3287 1652 3368 1705 ὅτι
3400 1653 3450 1704 εί
3483 1654 3672 1708 εὐκαί-

2101 1751 2231 1805 ρησε
2286 1735 2424 1805 μετὰ
2472 1736 2739 1806 ἀδελφῶν,
2805 1738 2971 1792 ἐτίθει
3015 1740 3192 1811 ἑαυτῷ
3237 1741 3384 1814 ὅρον,
3444 1744 3673 1799 ὃτιἘὰν

2099 1824 2295 1897 εὐρεθῇ
2332 1821 2494 1894 οἶνος,
2524 1827 2612 1882 διὰ
2633 1829 2758 1893 τοὺς
2788 1829 3052 1898 ἀδελφοὺς
3090 1831 3234 1896 πίνε,
3266 1833 3361 1886 καὶ
3394 1833 3515 1887 ἀντὶ
3553 1831 3674 1896 ἐνὸς

2101 1915 2362 1986 ποτηρίου
2401 1915 2568 1981 οἴνου,
2602 1917 2729 1988 μίαν
2761 1917 2974 1990 ἡμέραν
3016 1919 3090 1991 μὴ
3131 1921 3260 1992 πίῃς
3291 1921 3456 1993 ὕδωρ.
3491 1923 3554 1975 Ol
3577 1917 3674 1976 οὖν

2097 2006 2335 2076 ἀδελφοὶ,
2377 2007 2537 2078 χάριν
2567 2009 2927 2074 ἀναπαύσεως
2961 2011 3163 2065 ἐδίδουν
3194 2012 3362 2082 αὐτῷ.
3404 2014 3462 2067 '0
3492 2014 3548 2066 δὲ
3587 2015 3675 2084 γέ-

2098 2115 2207 2169 ρων
2244 2100 2384 2170 μετὰ
2427 2103 2602 2173 χαρᾶς
2643 2102 2968 2172 ἐλάμϐανεν,
3016 2105 3101 2156 ἵνα
3139 2105 3330 2159 ἐαυτὸν
3379 2106 3670 2178 βασανίσῃ.

2107 2191 2165 2244 Ὀ
2194 2190 2250 2244 δὲ
2279 2192 2524 2264 μαθητὴς
2546 2192 2700 2259 εἰδὼς
2727 2195 2786 2248 τὸ
2803 2198 3055 2266 πρᾶγμα,
3078 2197 3229 2266 ἔλεγε
3247 2202 3359 2261 τοῖς
3387 2199 3635 2269 ἀδελφοῖς
3655 2217 3668 2231 ο

2094 2283 2193 2338 Διὰ
2219 2284 2310 2338 τὸν
2344 2287 2568 2356 Κύριον,
2600 2287 2674 2359 μὴ
2703 2287 2839 2342 δῶτε
2866 2290 3014 2360 αὐτῷ
3035 2307 3048 2321 ·
3081 2292 3130 2343 εὶ
3167 2291 3222 2344 δὲ
3269 2292 3341 2363 μή
3376 2309 3460 2360 γε,
3497 2296 3577 2356 εἰς
3609 2293 3674 2346 τὸ

2093 2377 2304 2431 κελλίον
2341 2378 2524 2450 μέλλει
2573 2381 2764 2434 ἐαυτὸν
2817 2381 3103 2452 δαμάζειν.
3140 2384 3247 2437 Καὶ
3304 2384 3565 2454 μαθόντες
3617 2385 3670 2438 οἱ

2093 2469 2332 2540 ἀδελφοὶ,
2360 2472 2459 2526 οὐκ
2497 2471 2576 2525 ἔτι
2608 2473 2756 2544 αὐτῷ
2794 2477 3075 2545 παρεῖχον.

2165 2569 2252 2616 ια’.
2285 2564 2702 2636 Παρερχόμενός
2729 2583 2856 2619 ποτε
2887 2567 2994 2620 ἀπὸ
3029 2566 3124 2621 τοῦ
3151 2568 3306 2634 έλους
3334 2570 3415 2633 εἰς
3458 2570 3520 2622 τὺ
3543 2571 3672 2624 κελ-

2091 2653 2202 2708 λίον
2224 2655 2416 2708 ἑαυτοῦ
2441 2658 2469 2709 6
2496 2656 2669 2720 ἀὸὅᾶς
2693 2657 3000 2729 Μακάριος,
3028 2660 3297 2724 ἐδάσταζε
3331 2660 3541 2728 θαλλία,
3571 2665 3673 2717 καὶ

2095 2741 2202 2795 ἰδοὺ
2229 2743 2539 2814 ὑπήντησεν
2567 2745 2715 2816 αὐτῷ
2744 2749 2772 2799 6
2798 2747 3044 2813 διάϐολος
3081 2750 3223 2804 κατὰ
3253 2751 3351 2822 τὴν
3384 2751 3500 2806 ὁδὸν
3525 2754 3670 2823 μετὰ

2089 2833 2379 2904 δρεπάνου·
2401 2835 2494 2888 καὶ
2515 2835 2588 2900 ὡς
2604 2837 2869 2908 ἠθέλησεν
2883 2839 3046 2893 αὑτὸν
3063 2841 3314 2911 κροῦσαι,
3336 2843 3435 2895 οὐκ
3454 2843 3668 2914 ἴσχυσε,

2091 2928 2182 2980 καὶ
2212 2927 2361 2996 λέγει
2403 2929 2582 3001 αὐτῷ·
2626 2931 2802 3003 Πολλὴ
2830 2931 2921 3002 βία
2950 2933 3058 2987 ἀπὸ
3099 2933 3216 2999 σοῦ,
3256 2936 3536 3008 Μακάριε,
3581 2939 3670 2991 ὃτι

2090 3019 2150 3071 οὐ
2197 3018 2432 3088 δύναμαι
2472 3021 2609 3092 πρὸς
2649 3022 2729 3078 σέ.
2781 3023 2911 3076 Ἰδοὺ
2957 3023 3064 3096 γὰρ
3094 3026 3148 3079 εῐ
3180 3044 3231 3080 τι
3268 3030 3464 3092 ποιεῖς,
3510 3028 3671 3097 κάγὼ

414 3117 496 3172 Tu
527 3118 649 3172 cibo
689 3117 954 3182 abstines,
994 3125 1049 3173 et
1076 3133 1214 3190 ego;
1239 3119 1433 3190 vigilas
1456 3157 1470 3182 ,
1497 3134 1597 3190 ego
1630 3119 1846 3188 penitus
1881 3134 1986 3173 non

2094 3109 2261 3163 ποιῶ·
2299 3111 2362 3163 σὺ
2389 3111 2688 3182 νηστεύεις,
2722 3114 2877 3182 κάγώ
2904 3114 2968 3146 ³⁸·
3000 3117 3318 3188 ἀγρυπνεῖς,
3348 3119 3504 3188 κάγὼ
3529 3121 3668 3185 ὅλως

409 3211 641 3266 dormio.
677 3209 850 3265 Unum
893 3210 1068 3265 solum
1099 3220 1184 3267 est
1219 3212 1272 3266 in
1315 3227 1426 3282 quo
1455 3211 1628 3268 vincis
1661 3227 1766 3268 me.
1806 3211 1977 3266 Inter-

407 3303 618 3375 rogavit
647 3301 818 3357 abbas
848 3300 1123 3358 Macarius
1163 3321 1177 3358 :
1216 3302 1502 3369 Quodnam
1540 3311 1625 3358 est
1647 3303 1818 3357 illud?
1848 3302 1985 3359 Bes-

407 3395 603 3465 pondit
666 3412 679 3448 :
725 3393 1018 3452 Humilitas
1054 3404 1162 3449 tua.
1199 3394 1278 3448 Ac
1317 3400 1600 3465 propterea
1641 3392 1902 3449 adversus
1935 3400 1987 3449 te

411 3487 541 3540 nihil
571 3501 817 3556 possum.

480 3578 567 3631 1‘2.
611 3577 722 3646 (95)
764 3577 1248 3648 lnterrogaverunt
1279 3576 1501 3647 quidam
1531 3591 1561 3632 e
1594 3575 1846 3632 Patribus
1885 3575 1984 3631 ab-

408 3671 587 3726 batem
628 3669 928 3724 Macarium
966 3668 1307 3740 Egyptium,
1353 3669 1602 3725 dicentes
1642 3685 1655 3720 :
1695 3667 1800 3736 Qui
1842 3669 1899 3722 ﬁt
1927 3676 1987 3724 ut

407 3761 524 3816 sive
547 3760 806 3816 comedas
836 3759 952 3815 sive
984 3760 1218 3830 jejunes,
1245 3773 1446 3830 corpus
1470 3767 1622 3814 tuum
1652 3761 1851 3830 pariter
1879 3759 1986 3815 sic-

406 3865 532 3905 cum
571 3851 690 3907 sit?
719 3849 1132 3922 Responditque
1165 3851 1273 3906 illis
1305 3867 1470 3908 senex
1516 3871 1528 3906 :
1575 3850 1805 3922 Lignum
1836 3852 1985 3922 quod

405 3939 589 3999 vers'at
610 3952 885 3999 sarmenta
917 3959 1038 4014 quae
1064 3943 1483 4008 comburuntur,
1516 3946 1741 3998 omnino
1767 3944 1837 4000 ab
1861 3945 1986 4015 igne

407 4035 769 4089 consumitur.
822 4033 1000 4090 Simili
1045 4035 1206 4092 modo
1256 4037 1300 4091 si
1336 4043 1574 4092 mentem
1613 4051 1771 4092 suam
1820 4037 1985 4093 homo

408 4130 462 4182 in
493 4129 688 4184 timore
729 4127 822 4184 Dei
868 4127 1240 4194 mundaverit,
1285 4129 1402 4199 ipse
1441 4126 1534 4184 Dei
1579 4128 1744 4184 timor
1782 4143 1986 4199 corpus

405 4220 530 4290 ejus
562 4220 858 4275 consumit.

479 4314 567 4368 15.
613 4314 723 4385 (96)
770 4313 1060 4370 Profectus
1087 4321 1171 4370 est
1198 4315 1495 4384 aliquando
1517 4314 1686 4370 abbas
1712 4314 1985 4372 Macarius

406 4420 435 4456 ο
482 4400 627 4457 Sceti
675 4404 729 4456 in
774 4403 1158 4468 Terenuthim;
1192 4410 1247 4458 et
1273 4404 1554 4474 ingressus
1582 4413 1666 4460 est
1710 4407 1766 4461 in
1797 4406 1982 4461 fanum

2091 3203 2152 3256 ού
2184 3202 2495 3274 κοιμῶμαι·
2539 3204 2598 3257 ἓν
2643 3206 2759 3258 ἐστι
2808 3205 2966 3277 μόνον
3004 3209 3062 3261 ἐν
3089 3202 3132 3275 ᾧ
3163 3211 3320 3281 νικᾷς
3361 3229 3449 3282 με.
3500 3213 3668 3280 Λέγει

2091 3294 2238 3365 αὐτῷ
2269 3297 2298 3348 6
2324 3295 2497 3359 ὰϐϐἄς
2534 3296 2820 3367 Μακάριος
2840 3312 2854 3326 ·
2891 3299 3049 3352 Ποῖον
3079 3299 3267 3366 τοῦτο;
3310 3301 3370 3355 '0
3421 3302 3477 3355 δὲ
3523 3303 3630 3373 ἔφη
3652 3321 3664 3335 ·

2104 3386 2167 3438 Ἦ
2195 3386 2519 3452 ταπείνωσις
2541 3404 2654 3441 σου·
2682 3389 2776 3441 καὶ
2798 3388 2885 3442 διὰ
2906 3389 3064 3443 τοῦτο
3080 3391 3140 3443 οὐ
3169 3391 3405 3464 δύναμαι
3428 3394 3559 3465 πρὸς
3581 3396 3664 3449 σέ.

2163 3565 2250 3635 ιβ’.
2269 3563 2589 3638 Ἠρώτησάν
2605 3585 2750 3630 τινες
2765 3567 2874 3621 τῶν
2892 3568 3152 3636 Πατέρων
3175 3569 3263 3625 τὸν
3281 3571 3455 3626 ἀϐεᾶν
3472 3575 3669 3628 Μακά-

2091 3675 2206 3731 ριον
2247 3659 2339 3713 τὸν
2380 3659 2702 3728 Αἰγύπτιον,
2735 3661 3018 3730 λέγοντες·
3064 3664 3188 3724 Πῶς
3221 3665 3309 3718 ὅτε
3340 3665 3542 3730 ἐσθίεις
3571 3668 3670 3720 καὶ

2088 3752 2176 3804 ὅτε
2208 3752 2509 3824 νηστεύεις,
2541 3753 2602 3806 τὸ
2643 3753 2804 3824 σῶμά
2836 3771 2929 3807 σου
2975 3753 3140 3827 ξηρόν
3178 3758 3325 3822 ἐστι;
3370 3758 3482 3810 Καὶ
3515 3757 3668 3826 λέγει

2089 3846 2272 3910 αὐτοῖς
2307 3847 2335 3899 ὁ
2373 3846 2584 3919 γέρων·
2618 3848 2692 3902 Τὸ
2724 3849 2880 3916 ξύλον
2920 3848 2982 3902 τὸ
3018 3849 3248 3919 στρέφον
3281 3849 3348 3902 τὰ
3397 3849 3667 3920 καιόμενα

2090 3938 2365 4010 φρύγανα,
2391 3939 2457 3993 δι’
2487 3939 2610 3994 ὅλου
2638 3940 2879 3994 ἐσθίεται
2906 3943 2972 3994 ἐκ
3001 3941 3094 3994 τοῦ
3127 3942 3318 4012 πυρός.
3355 3940 3540 4005 Οὕτως
3568 3943 3667 3996 ἐὰν

2087 4031 2408 4103 καθαρεύσῃ
2465 4032 2753 4104 ἄνθρωπος
2800 4033 2890 4087 τὸν
2942 4023 3069 4086 νοῦν
3101 4032 3268 4086 αὐτοῦ
3296 4035 3352 4086 ἐν
3384 4033 3463 4104 τῷ
3511 4033 3668 4105 φόϐῳ

2085 4122 2179 4175 τοῦ
2217 4122 2375 4189 Θεοῦ,
2407 4124 2568 4188 αὐτὸς
2601 4127 2628 4178 6
2650 4124 2814 4195 φόϐος
2834 4123 2929 4178 τοῦ
2950 4124 3084 4178 Θεοῦ
3114 4124 3390 4178 κατεσθίει
3419 4125 3479 4179 τὸ
3505 4125 3670 4196 σῶμα.

2087 4213 2275 4267 αὑτοῦ.

2161 4305 2248 4372 ιγ’.
2305 4295 2498 4376 ’Ᾱνέὸη
2529 4305 2659 4358 ποτὲ
2690 4306 2718 4357 6
2744 4305 2918 4369 άϐὄᾶς
2961 4306 3248 4380 Μακάριος
3277 4306 3385 4361 ἀπὸ
3413 4308 3670 4374 Σκήτεως

2087 4395 2168 4458 εἰς
2198 4394 2519 4466 Τερενοῦθιν
2542 4413 2557 4428 ⁸
2589 4397 2684 4450 καὶ
2717 4395 2970 4466 εἰσῆλθεν
3010 4399 3090 4460 εἰς
3122 4397 3184 4451 τὸ
3221 4397 3366 4469 ἱερὸν
3391 4399 3670 4470 κοιμηθῆ-

409 4501 471 4546 υι
493 4493 779 4549 dormiret.
817 4493 984 4548 Erant
1006 4500 1187 4548 autem
1220 4493 1291 4548 ibi
1316 4502 1496 4562 vetera
1521 4497 1863 4552 ethnicorum
1894 4513 1984 4554 ca-

2094 4505 2196 4543 ναι.
2245 4485 2428 4543 ’Ἡσαν
2473 4489 2531 4543 δὲ
2579 4489 2698 4543 ἐκεῖ
2735 4487 3069 4560 σκηνώματα
3121 4489 3384 4561 Ἑλλήνων
3422 4491 3628 4546 παλαιά
3651 4509 3665 4521 ·

408 4587 609 4642 davera
638 4606 650 4641 :
677 4603 706 4642 e
735 4588 936 4657 quibus
963 4602 1134 4642 unum
1167 4595 1448 4657 acceptum
1476 4589 1655 4657 posuit
1681 4591 1782 4645 sub
1805 4591 1982 4661 capite

410 4692 532 4743 suo,
565 4677 715 4733 velut
743 4676 1111 4733 embrimium.
1141 4674 1422 4733 Daemones
1443 4692 1572 4748 ergo
1611 4679 1790 4734 intuiti
1814 4681 1982 4736 auda-

409 4783 550 4823 cuam
579 4768 723 4837 ejus,
755 4767 959 4821 invidia
990 4766 1143 4822 ducti
1171 4775 1334 4834 sunt;
1360 4782 1425 4823 ac
1453 4768 1699 4826 volentes
1717 4785 1841 4826 eum
1871 4779 1980 4826 ter-

409 4873 547 4922 rere,
588 4858 737 4913 velut
778 4857 1034 4912 feminam
1073 4856 1140 4912 de
1181 4857 1401 4912 nomine
1445 4859 1747 4924 vocabant,
1795 4859 1978 4916 dicen-

407 4956 490 5002 tes
523 4965 536 5001 :
567 4947 683 5016 llla,
723 4947 846 5002 veni
891 4947 1175 5002 nobiscum
1226 4946 1292 5002 ad
1335 4947 1590 5003 balneum
1641 4968 1654 5002 :
1700 4951 1982 5020 respondit

409 5048 588 5095 autem
635 5041 774 5094 alius
818 5039 1030 5094 daemon
1071 5039 1174 5094 sub
1214 5038 1334 5108 ipso
1366 5046 1624 5109 tanquam
1647 5055 1677 5096 e
1709 5044 1942 5098 mortuis
1965 5083 1980 5108 ,

410 5132 489 5186 sic
520 5147 534 5183 :
577 5130 932 5201 Peregrinum
965 5131 1138 5188 habeo
1168 5148 1331 5202 super
1364 5149 1470 5201 me,
1496 5151 1596 5191 nec
1635 5152 1855 5206 possum
1891 5154 1984 5195 ve-

409 5221 552 5279 nire.
593 5220 663 5274 At
704 5236 867 5277 senex
903 5221 1130 5278 territus
1167 5237 1274 5276 non
1308 5232 1413 5290 est,
1451 5225 1544 5280 sed
1577 5226 1837 5283 audacter
1859 5243 1982 5284 ver-

411 5313 638 5369 berabat
666 5327 887 5383 corpus,
915 5311 1108 5384 Surge,
1143 5314 1416 5383 inquiens,
1447 5315 1585 5371 vade
1618 5318 1672 5372 in
1703 5320 1980 5384 tenebras,

405 5403 452 5458 si
492 5411 667 5473 potes.
710 5403 830 5470 Quo
885 5404 1074 5457 audito
1120 5403 1395 5460 daemones
1438 5405 1811 5463 clamaverunt
1851 5424 1983 5466 voce

481 5561 522 5592 "
553 5562 638 5616 Al.
668 5562 777 5630 ἐγὼ
809 5561 930 5615 οὐδέ
961 5562 1098 5625 ὅλως
1122 5561 1343 5634 τρώγω.

478 5677 589 5743 (93)
630 5675 728 5732 ru.
761 5679 912 5732 Patr.
943 5697 1017 5744 ιν,
1041 5679 1134 5735 26.

479 5745 587 5817 (94)
633 5744 735 5803 Vit.
768 5747 922 5805 Patr.
958 5765 1048 5814 xv,
1087 5749 1177 5809 9.6.

2089 4580 2184 4632 καὶ
2215 4577 2395 4633 λαϐὼν
2425 4577 2505 4640 ἓν,
2542 4579 2785 4649 ὑπέθηκε
2812 4581 2876 4649 τῇ
2910 4577 3106 4632 ἐαυτοῦ
3155 4579 3390 4652 κεφαλῇ,
3439 4579 3516 4643 ὡς
3568 4581 3671 4651 ἐμ-

2089 4669 2327 4742 ϐρίμιον.
2362 4672 2425 4723 Ol
2454 4665 2546 4723 οὖν
2571 4669 2844 4740 δαίμονες,
2890 4670 3126 4742 ὁρῶντες
3163 4669 3330 4725 αὐτοῦ
3361 4670 3422 4724 τὸ
3461 4669 3671 4740 θαρσα-

2088 4762 2232 4827 λέον,
2266 4761 2567 4833 ἐφθόνησαν
2592 4780 2605 4794 ·
2645 4763 2739 4817 καὶ
2769 4762 3016 4827 θέλοντες
3052 4764 3212 4818 αὑτὸν
3243 4764 3498 4835 πτοήσαι,
3526 4762 3672 4832 ἐφώ-

2087 4871 2211 4909 νουν
2241 4855 2318 4919 ὡς
2355 4857 2615 4924 γυναικὸς
2647 4858 2837 4928 ὗνομα,
2871 4856 3120 4926 λέγοντες
3141 4875 3154 4888 ·
3212 4857 3278 4910 Ἥ
3300 4855 3468 4922 δεῖνα,
3508 4851 3674 4928 δεῦρο

2093 4949 2212 5019 μεθ’
2261 4947 2418 5020 ἡμῶν
2463 4951 2544 5013 εἰς
2579 4949 2642 5002 τὸ
2692 4949 2989 5019 βαλανεῖον.
3046 4950 3357 5021 ’Υπήκουσε
3403 4948 3460 5002 δὲ
3509 4948 3672 5013 ἄλλος

2086 5041 2297 5111 δαίμων
2312 5039 2662 5095 ὑποκάτωθεν
2688 5040 2851 5094 αὐτοῦ
2874 5042 2950 5105 ὡς
2981 5043 3044 5094 ἐκ
3067 5041 3177 5094 τῶν
3196 5039 3428 5112 νεκρῶν,
3455 5039 3631 5106 λέγων
3653 5058 3668 5070 ο

2085 5131 2250 5186 Ξένον
2281 5132 2389 5203 ἔχω
2423 5132 2608 5186 ἐπάνω
2635 5149 2762 5202 μου,
2789 5133 2882 5186 καὶ
2914 5133 2974 5186 οὐ
3019 5133 3251 5203 δύναμαι
3285 5131 3476 5185 ἐλθεῖν.
3522 5130 3582 5183 '0
3608 5129 3670 5182 δὲ

2086 5225 2264 5298 γέρων
2297 5227 2396 5279 οὐκ
2439 5225 2714 5296 ἐπτοήθηο
2752 5225 2886 5279 ἀλλὰ
2930 5226 3148 5298 θαρρῶν
3197 5226 3394 5277 ἔτυπτε
3429 5222 3492 5276 τὸ
3531 5223 3670 5294 σκή-

2086 5336 2265 5389 νωμα,
2295 5317 2470 5387 λέγων
2492 5336 2504 5350 ·
2546 5319 2819 5390 Ἔγειραι,
2847 5317 3025 5386 ὕπαγε
3057 5320 3136 5381 είς
3169 5316 3228 5369 τὸ
3260 5316 3472 5379 σκότος,
3506 5316 3555 5366 el
3579 5313 3672 5366 δύο

2086 5428 2265 5464 νασαι.
2299 5411 2409 5464 Καὶ
2454 5410 2614 5464 τούτο
2647 5409 2980 5473 ἀκούσαντες
3013 5410 3062 5462 οἱ
3108 5408 3381 5480 δαίμονες,
3431 5405 3670 5477 ἐϐόησαν

2163 5681 2274 5748 (95)
2314 5679 2420 5734 Vit.
2466 5679 2617 5734 Patr.
2644 5695 2724 5746 Ill,
2750 5680 2801 5734 8.

2157 5751 2266 5824 (96)
2309 5749 2412 5806 Vit.
2443 5749 2596 5805 Patr.
2629 5766 2724 5821 vn,
2763 5749 2845 5804 10.
