4032 6334
332 355 436 411 269

330 473 476 543 ᾳωνῇ
513 468 749 540 μεγάλῃ,
785 466 1033 535 λέγοντες
1055 482 1068 495 ·
1123 466 1409 536 Ἐνίκησας
1443 468 1611 536 ἡμᾶς.
1641 466 1752 520 Καὶ
1776 465 1906 534 ἐφυ-
1937 469 1979 525 Α
2010 479 2202 534 magna

328 580 419 630 γον
445 557 954 629 ωταισχυνὸμενοι.

398 653 478 706 ιδ’.
518 651 748 718 Ἔλεγον
777 651 905 722 περὶ
950 649 1042 704 τοῦ
1079 650 1223 705 άόϐἄ
1269 651 1557 725 Μακαρίου
1592 649 1684 704 τοῦ
1731 651 1901 717 Αἰγυ-

330 743 486 796 πτίου
519 743 590 805 ³⁸,
621 743 704 795 ὅτι
732 742 1041 797 ἀναϐαίνων
1061 743 1169 796 ἀπὸ
1195 745 1466 814 Σκήτεως,
1497 745 1590 797 καὶ
1621 742 1902 814 βαστάζων

330 831 614 903 σπυρίδας,
641 832 909 896 κοπιάσας
933 831 1203 902 ἐκαθέσθη
1223 849 1236 862 °
1269 834 1361 886 καὶ
1383 833 1583 903 ηὔξατο
1609 833 1807 900 λέγων’
1845 833 1903 884 '0

327 923 478 985 Θεὸς,
517 923 582 974 σὺ
611 917 759 984 οἶδας
787 922 868 974 ὅτι
894 923 995 976 οὐκ
1019 922 1064 954 ³³
1095 924 1282 993 ἰσχύω.
1325 924 1435 978 Καὶ
1468 922 1671 987 εὐθέως
1699 922 1899 994 εὑρέθη

326 1014 416 1066 ἐπὶ
446 1013 538 1066 τὸν
564 1013 827 1083 ποταμόν.

395 1101 476 1157 ιε’.
509 1100 618 1156 τΗν
648 1121 730 1166 τις
775 1103 916 1174 ἔχων
957 1103 1070 1157 υἱὸν
1106 1104 1473 1175 παραλυτικὸν
1513 1105 1570 1158 ἐν
1601 1104 1862 1175 Αἰγύπτῳ
1883 1121 1896 1136 ο

328 1196 419 1248 καὶ
447 1195 681 1265 ήνεγκεν
698 1195 860 1247 αὐτὸν
885 1197 964 1257 εἰς
985 1195 1046 1248 τὸ
1075 1195 1284 1248 κελλίον
1300 1195 1393 1248 τοῦ
1422 1195 1565 1248 άόϐᾶ
1580 1196 1866 1267 Μακαρίου
1885 1213 1896 1225 ·

325 1286 419 1339 καὶ
451 1286 612 1354 ἀφεὶς
646 1285 809 1338 αὐτὸν
843 1286 934 1338 ἐπὶ
956 1286 1054 1354 τὴν
1089 1285 1258 1358 θύραν
1286 1287 1560 1350 κλαίοντα,
1588 1287 1899 1359 ἀνεχώρησε

331 1378 566 1446 μακράν·
599 1376 936 1446 Παρακύψας
959 1373 1050 1430 οὖν
1075 1380 1103 1430 6
1129 1378 1327 1448 γέρων,
1358 1374 1465 1430 εἶδε
1492 1377 1553 1430 τὸ
1585 1377 1794 1431 παιδίον
1830 1379 1895 1441 ³⁸,

325 1470 417 1522 καὶ
443 1469 593 1536 λέγει
618 1467 798 1538 αύτῷ·
833 1467 928 1531 Τίς
966 1469 1164 1538 ἤνεγκέ
1193 1485 1253 1522 σε
1287 1464 1423 1533 ὧδε;
1461 1470 1573 1522 Καὶ¹
1616 1469 1797 1536 λέγει·
1842 1469 1900 1521 ὐ

329 1562 507 1630 πατὴρ
539 1578 641 1630 μου
675 1561 863 1632 ἔρριψε
898 1578 963 1631 με
997 1555 1121 1624 ὦδε,
1155 1563 1250 1616 καὶ
1277 1561 1509 1632 ἀπῆλθε.
1546 1561 1710 1630 Λέγει
1751 1561 1899 1632 αύτῷ

327 1651 356 1702 6
406 1650 614 1721 γέρωνο
684 1649 942 1715 Ἀναστάς
997 1651 1270 1706 κατάλαϐε
1316 1653 1498 1707 αὐτόν.
1548 1655 1656 1706 Καὶ
1698 1653 1897 1714 εὐθέως

327 1741 576 1809 ὑγιάνας,
609 1741 832 1812 ἀνέστη,
883 1743 975 1795 καὶ
1009 1743 1279 1798 κατέλαϐε
1316 1745 1407 1798 τὸν
1439 1747 1648 1817 πατέρα
1697 1746 1858 1800 αὑτοῦ
1881 1763 1893 1776 ·

328 1835 420 1887 καὶ
445 1833 619 1896 οὕτως
648 1833 890 1904 ἀπῆλθον
921 1836 1000 1898 εἰς
1029 1835 1119 1888 τὸν
1157 1831 1304 1889 οἷκον
1336 1837 1534 1891 αὐτῶν.

398 1933 490 1990 ις’.
534 1927 595 1979 '0
627 1927 804 1990 άῦὸἄς
844 1929 1130 1998 Μακάριος
1167 1930 1194 1982 6
1235 1929 1408 1999 μέγας
1436 1930 1588 1999 ἔλεγε
1613 1934 1723 1994 τοῖς
1749 1931 1899 1984 ἀδελ-

329 2020 448 2084 φοῖς
482 2017 539 2069 ἐν
569 2019 636 2086 τῇ
668 2017 885 2088 Σκήτει,
929 2019 1006 2081 ὡς
1046 2020 1247 2072 ἀπέλυε
1273 2021 1371 2090 τὴν
1410 2019 1704 2092 ἐκκλησίαν
1725 2039 1738 2053 ⁸
1769 2022 1902 2076 Φεύ-

329 2123 470 2175 γετε,
502 2107 740 2176 ἀδελφοί.
783 2110 891 2162 Καὶ
941 2105 1089 2162 εἶπεν
1137 2110 1286 2180 αὐτῷ
1321 2128 1404 2174 τις
1445 2112 1554 2166 τῶν
1586 2114 1856 2185 γερόντων
1881 2134 1893 2146 ο

332 2196 436 2248 Ποῦ
467 2197 665 2266 ἔχομεν
701 2200 892 2266 φυγεῖν
915 2198 1076 2250 πλέον
1109 2199 1213 2268 τῆς
1243 2201 1451 2272 ἐρήμου
1477 2201 1714 2273 ταύτης;
1763 2204 1820 2255 'U
1845 2204 1900 2256 δέ

331 2293 490 2345 ἐτίθει
545 2293 636 2346 τὸν
675 2293 936 2346 δάκτυλον
986 2293 1153 2346 αὑτοῦ
1201 2296 1282 2358 είς
1332 2295 1394 2347 τὸ
1446 2296 1652 2366 στόμα,
1693 2295 1896 2364 λέγων’

333 2384 493 2438 Τοῦτο
516 2385 772 2454 φεύγετε.
806 2386 913 2438 Καὶ
940 2386 1226 2456 εἰσήρχετο
1251 2389 1332 2450 είς
1360 2387 1420 2440 τὸ
1451 2389 1658 2442 κελλίον
1677 2390 1897 2454 ἐαυτοῦ,

334 2473 423 2524 καὶ
450 2473 626 2526 ἐκλειε
657 2472 756 2543 τὴν
795 2473 988 2542 θύραν,
1021 2475 1117 2527 καὶ
1153 2473 1412 2544 ἐκάθητο.

401 2563 482 2627 ιζ’.
509 2561 679 2617 Εἶπεν
702 2565 731 2616 6
753 2564 910 2628 αὐτὸς
943 2565 1115 2628 άόϐἄς
1141 2566 1422 2636 Μακάριος
1441 2583 1453 2596 ·
1503 2568 1626 2621 Ἐάν
1643 2585 1747 2620 τινι
1777 2570 1890 2621 ἐπι-

337 2655 522 2725 τιμῶν,
573 2659 653 2719 εἰς
679 2658 850 2728 ὀργὴν
885 2657 1130 2728 κινηθῇς,
1167 2659 1294 2711 ῐδιον
1327 2659 1498 2722 πάθος
1534 2659 1781 2732 πληροῖς.
1813 2661 1889 2714 Οὐ

338 2747 437 2818 γάρ
466 2747 551 2800 ἵνα
585 2747 779 2809 ἄλλους
814 2746 1010 2820 σώσης.
1048 2749 1272 2802 σεαυτὸν
1303 2750 1610 2814 άπολέσεις.

403 2931 486 2994 ιη’.
517 2923 576 2978 '0
594 2923 756 2988 αὐτὸς
785 2924 957 2989 άὸὄᾶς
985 2925 1287 2998 Μακάριος,
1319 2930 1375 2981 ἐν
1405 2928 1664 3000 Αἰγύπτῳ
1695 2929 1792 2994 ὢν,
1811 2925 1901 2985 εὗ-

338 3031 423 3084 ρεν
451 3015 737 3087 ἄνθρωπον
761 3017 950 3086 ἔχοντα
967 3019 1163 3089 κτῆνος
1189 3020 1282 3075 xui.
1309 3019 1571 3074 συλοῦντα
1595 3023 1692 3085 τάς
1718 3023 1903 3093 χρείας

337 3106 490 3161 αὑτοῦ
511 3126 524 3140 ·
571 3108 666 3162 καὶ
704 3108 864 3172 αὐτὸς
888 3109 964 3174 ὡς
1006 3109 1158 3175 ξένος
1206 3111 1493 3184 παραστὰς
1520 3112 1598 3182 τῷ
1632 3113 1900 3178 συλοῦντι,

340 3198 629 3270 συνεγὲμου
680 3199 742 3252 τὸ
797 3200 1014 3270 κτῆνος,
1065 3203 1160 3254 καὶ
1217 3203 1355 3273 μετὰ
1415 3203 1617 3274 πολλῆς
1671 3205 1903 3275 ἡσυχίας

337 3291 683 3359 προέπεμπεν
711 3290 895 3354 αὐτὸν,
927 3291 1122 3360 λέγων,
1142 3293 1222 3345 ὅτι
1241 3292 1436 3347 Οὐδὲν
1463 3292 1902 3363 εἰσηνέγκαμεν

333 3380 414 3445 εις
436 3379 543 3432 τὸν
585 3382 819 3449 κόσμον
849 3382 914 3447 ⁸³,
949 3380 1141 3450 δῆλον
1171 3382 1261 3437 ὅτι
1295 3385 1438 3438 οὐδὲ
1476 3383 1814 3454 ἐξενεγκεῖν
1847 3401 1901 3438 τι

333 3467 646 3540 δυνάμεθα.
693 3471 756 3525 '0
780 3473 992 3540 Κύριος
1029 3474 1282 3529 ἐδωκενο
1324 3477 1402 3542 ὡς
1448 3477 1632 3542 αὐτὸς
1685 3475 1902 3544 ἠθέλη-

332 3576 454 3627 σεν,
494 3563 683 3630 οὕτως
720 3563 818 3616 καὶ
864 3562 1121 3634 ἐγένετο.
1163 3568 1512 3637 Εὐλογητὸς
1560 3568 1776 3636 Κύριος
1798 3567 1899 3621 ἐπὶ

333 3653 530 3710 πᾶσιν.

402 3745 483 3798 ιθ¹.
525 3743 847 3817 Ἦρὼτησάν
884 3763 1028 3809 τινες
1065 3747 1155 3799 τὸν
1188 3747 1362 3801 ἁὸὗᾶν
1384 3749 1689 3820 Μακάρων,
1715 3751 1899 3819 λέγον-

333 3851 444 3899 τες·
489 3837 613 3898 Πῶς
654 3837 945 3908 ὀφείλομεν
981 3836 1410 3907 προσεύχεσθαι;
1448 3839 1610 3907 Λέγει
1649 3842 1833 3904 αὐτοῖς
1869 3841 1898 3892 6

332 3926 501 3996 γέρων
525 3942 536 3954 ·
571 3928 685 3980 Οὐκ
713 3927 831 3980 ἔστι
852 3927 1012 3997 χρεία
1035 3926 1396 3996 βαττολογεῖν,
1429 3929 1541 3982 ἀλλ’
1570 3932 1830 3986 ἐκτείνειν
1851 3933 1896 3964 ³⁸

331 4017 423 4079 τάς
467 4020 675 4088 χεῖρας,
721 4017 814 4071 καὶ
849 4017 1062 4088 λέγειν·
1114 4019 1307 4091 Κύριε,
1360 4021 1435 4085 ὼς
1483 4021 1658 4087 θέλεις
1691 4025 1786 4076 καὶ
1823 4025 1896 4088 ὡς

329 4105 493 4174 οἶδας,
515 4110 741 4180 ἐλέησον
775 4111 839 4162 ³⁷.
866 4110 992 4164 Ἐὰν
1018 4111 1076 4163 δὲ
1107 4112 1376 4166 ἐπίκειται
1406 4113 1669 4184 πόλεμος·
1700 4116 1892 4186 Κύριε,

331 4198 507 4270 βοήθει
541 4199 605 4254 ³⁸.
641 4199 752 4253 Καὶ
782 4199 944 4264 αὐτὸς
968 4197 1074 4253 οἱδε
1102 4199 1174 4254 τά
1207 4203 1574 4274 συμφέροντα,
1622 4207 1716 4258 καὶ
1751 4208 1896 4258 ποιεῖ

331 4288 447 4358 μεθ’
479 4289 636 4359 ἡμῶν
673 4288 843 4354 ἔλεος.

1465 341 2074 406 APOPIITHEGMATA
2110 343 2418 403 PATRUM.

3478 350 3586 406 970

2265 484 2277 518 :
2329 463 2519 520 Vicisti
2562 479 2680 520 nos.
2711 463 2850 520 Tum
2879 464 3087 537 pudore
3127 441 3318 521 suffusi
3361 463 3584 536 aufuge-

2010 565 2159 613 runt.

2080 650 2166 704 14.
2212 649 2326 720 (97)
2369 649 2632 704 Dicebant
2676 649 2746 704 de
2789 648 2983 704 abbate
3027 647 3267 703 Macario
3305 646 3585 718 Egyptio,

2007 737 2152 806 quod
2185 738 2493 793 ascendens
2515 753 2546 793 e
2579 737 2726 792 Sceti
2749 775 2765 801 ,
2795 751 2858 790 ac
2891 738 3165 822 sportulas
3205 744 3450 806 portans.
3487 737 3584 792 de-

2025 828 2284 897 fatigatus
2320 828 2492 894 sedit;
2521 828 2803 897 oravitque
2831 828 2898 881 ad
2940 829 3086 882 hunc
3121 829 3339 882 modum
3373 847 3384 882 :
3423 826 3582 894 Dens,

2005 928 2064 975 tu
2091 921 2200 975 scis
2222 919 2356 974 nihil
2392 920 2522 973 mihi
2571 921 2770 975 virium
2829 935 3135 990 superesse.
3168 919 3231 975 Et
3255 921 3402 976 illico
3429 920 3586 990 juxta

2005 1010 2230 1065 fluvium
2253 1019 2334 1064 est.
2353 1011 2589 1067 delatus.

2076 1104 2163 1158 l5.
2205 1103 2319 1170 (38)
2355 1101 2590 1168 Quidam
2635 1103 2691 1157 in
2736 1101 2974 1174 Egypto
3006 1104 3174 1158 lilium
3211 1103 3446 1160 habebat
3500 1120 3591 1173 pa-

2015 1195 2298 1264 ralyticum
2333 1211 2348 1259 ;
2375 1203 2429 1248 et
2463 1194 2587 1248 tulit
2620 1209 2744 1250 eum
2777 1195 2842 1248 ad
2865 1197 3058 1249 cellam
3086 1197 3296 1250 abbatis
3331 1195 3581 1260 Macarii;

2002 1284 2312 1352 relinquens
2359 1291 2539 1338 autem
2563 1283 2632 1362 ad
2675 1283 2878 1338 ostium
2907 1285 3229 1353 plorantem,
3271 1286 3430 1355 longe
3460 1287 3590 1340 abs-

2001 1375 2187 1430 cessit.
2257 1374 2427 1444 Igitur
2476 1391 2640 1430 senex
2683 1376 2940 1430 deorsum
2973 1377 3247 1445 aspiciens
3285 1377 3422 1430 vidit
3451 1393 3586 1447 pue-

2000 1481 2121 1519 rum
2154 1483 2168 1530 ;
2219 1473 2273 1518 et
2321 1466 2682 1536 interrogavit
2719 1482 2843 1521 eum
2894 1485 2906 1520 :
2953 1466 3088 1532 Quis
3123 1474 3174 1521 te
3215 1467 3323 1523 huc
3364 1469 3588 1522 attulit?

2002 1555 2306 1627 Respondit
2339 1573 2353 1610 :
2387 1556 2546 1612 Pater
2579 1574 2733 1614 meus
2773 1559 2861 1614 hic
2902 1573 2988 1614 me
3023 1559 3286 1629 proiecit,
3330 1569 3383 1614 et
3422 1562 3582 1618 abiit.

2002 1648 2142 1702 Dicit
2187 1650 2236 1702 ei
2267 1663 2435 1704 senex
2471 1668 2483 1702 :
2511 1647 2750 1720 Surgens
2782 1665 3075 1720 assequere
3105 1666 3249 1706 eum.
3285 1650 3587 1722 Statimque

2003 1739 2236 1793 sanitate
2273 1747 2595 1810 recuperata
2637 1741 2896 1803 surrexit,
2929 1749 2984 1795 et
3020 1749 3228 1810 patrem
3260 1750 3586 1797 consecutus

1934 1822 1977 1876 Β
2014 1839 2099 1885 est
2143 1848 2154 1882 :
2195 1837 2360 1899 atque
2390 1831 2463 1883 ita
2494 1830 2699 1886 reversi
2729 1837 2858 1885 sunt
2897 1831 2950 1884 in
2980 1831 3200 1886 domum
3232 1848 3408 1888 suam.

2085 1922 2171 1976 16.
2220 1921 2335 1992 (99)
2374 1921 2559 1977 Ahbas
2595 1921 2869 1977 Macarius
2910 1938 3141 1994 magnus
3205 1924 3423 1978 dicebat
3479 1923 3588 1976 fra-

2005 2015 2183 2069 tribus
2235 2016 2291 2070 in
2345 2015 2531 2082 Sceti,
2581 2024 2867 2094 postquam
2911 2017 3196 2072 ecclesiam
3243 2017 3581 2073 dimisisset:

2003 2104 2196 2176 Fugite
2221 2147 2236 2170 ,
2283 2107 2498 2162 fratres.
2556 2108 2644 2162 Ait
2683 2109 2761 2162 illi
2803 2109 3080 2162 seniorum
3135 2109 3353 2179 quidam
3388 2123 3401 2157 :
3440 2108 3591 2174 Quo-

2011 2215 2136 2253 nam
2167 2199 2352 2270 fugere
2376 2201 2675 2270 poterimus
2715 2201 2857 2255 ultra
2883 2201 3233 2258 solitudinem
3265 2202 3406 2256 hanc
3425 2202 3450 2256 ?
3472 2203 3589 2272 Ipse

2009 2306 2138 2345 vero
2176 2291 2403 2362 digitum
2433 2307 2591 2346 suum
2621 2293 2686 2346 ad
2720 2307 2782 2347 os
2824 2293 3079 2362 ponebat,
3116 2293 3307 2349 dicens
3352 2310 3363 2344 :
3398 2291 3589 2363 Fugite

2005 2381 2129 2435 hoc.
2163 2379 2302 2434 Tum
2346 2382 2758 2452 ingrediehatur
2781 2383 2836 2437 in
2858 2384 3050 2438 cellam
3093 2399 3273 2450 suam,
3309 2393 3362 2440 et
3396 2386 3590 2441 clauso

2004 2473 2148 2527 ostio
2179 2472 2424 2528 sedebat.

2078 2565 2164 2618 l7.
2207 2565 2284 2633 (l)
2326 2564 2472 2618 Dixit
2527 2564 2666 2619 idem
2721 2565 2893 2620 abbas
2944 2563 3214 2621 Macarius
3251 2585 3264 2622 :
3297 2565 3351 2620 Si
3399 2583 3589 2637 quem-

2006 2654 2150 2725 piam
2199 2653 2552 2722 increpando,
2607 2655 2670 2709 ad
2726 2656 2861 2708 iram
2909 2659 3312 2722 commoveris,
3370 2657 3586 2712 alTeetui

2007 2757 2100 2801 tuo
2127 2744 2424 2801 satisfacis.
2456 2743 2576 2799 Non
2615 2746 2760 2801 enim
2794 2753 2852 2800 ut
2878 2746 3016 2802 alios
3052 2749 3253 2816 salves,
3288 2750 3482 2820 perdes
3508 2757 3583 2804 te-

2006 2836 2206 2906 ipsum.

2079 2927 2162 2981 18.
2205 2925 2283 2998 ('2)
2347 2925 2494 2982 Idem
2571 2925 2744 2981 abbas
2812 2924 3081 2984 Macarius
3138 2929 3266 2984 dum
3326 2939 3472 2987 esset
3532 2932 3586 2986 in

2005 3018 2264 3090 Egypto,
2301 3020 2513 3076 invenit
2548 3019 2827 3076 hominem
2854 3019 3142 3076 habentem
3175 3022 3506 3091 jumentum,
3535 3034 3586 3080 et

2009 3110 2339 3179 prmdantem
2377 3125 2498 3181 qua:
2537 3112 2605 3166 ad
2651 3125 2812 3166 usum
2865 3126 3025 3165 suum
3071 3110 3386 3181 possidebat
3425 3129 3436 3165 :
3473 3115 3589 3185 ipse

2009 3218 2137 3258 vero
2187 3212 2447 3274 tanquam
2475 3203 2800 3274 peregrinus
2846 3212 3036 3258 astans
3094 3203 3224 3265 furi,
3257 3221 3363 3258 una
3393 3219 3589 3260 onera-

2005 3293 2098 3346 bat
2132 3293 2462 3362 jumcntum,
2500 3308 2804 3363 magnaque
2829 3308 2953 3346 cum
2977 3293 3162 3362 quiete
3193 3294 3417 3349 deduxit
3437 3312 3583 3357 eum.

2003 3384 2194 3438 dicens
2223 3404 2237 3438 :
2280 3383 2436 3437 Nihil
2465 3385 2746 3438 intulimus
2779 3384 2833 3436 in
2869 3383 3124 3437 mundum
3155 3401 3172 3438 :
3201 3384 3345 3437 haud
3368 3385 3585 3438 dubium

2001 3476 2139 3545 quod
2165 3492 2256 3530 nec
2295 3477 2505 3537 auferre
2546 3477 2672 3547 quid
2688 3493 2970 3546 possumus
2993 3476 3062 3530 ³’.
3099 3475 3354 3531 Dominus
3393 3478 3533 3532 dedit
3565 3495 3584 3532 :

2000 3568 2136 3620 sicut
2173 3569 2283 3636 ipse
2313 3569 2499 3633 voluit,
2545 3569 2623 3622 ita
2667 3578 2718 3622 et
2765 3569 2968 3638 factum
3002 3580 3103 3624 est.
3137 3569 3449 3625 Benedictus
3475 3571 3584 3626 Do-

2000 3659 2174 3712 minus
2198 3661 2250 3711 in
2277 3659 2514 3712 omnibus
2531 3658 2598 3712 “.

2073 3749 2159 3804 i9.
2205 3749 2280 3820 (5)
2320 3751 2797 3820 Interrogavcrunt
2837 3751 3058 3820 quidam
3113 3749 3363 3804 abbatem
3405 3749 3584 3804 Maca-

2001 3841 2163 3902 rium,
2202 3840 2444 3896 dicentes
2473 3859 2487 3895 :
2544 3840 2664 3907 Quo
2711 3843 2870 3896 modo
2901 3842 3163 3896 debemus
3196 3842 3404 3895 orare?
3447 3840 3582 3897 Res-

2000 3932 2188 4003 pondit
2220 3933 2326 3989 illis
2362 3949 2554 3988 senex:
2588 3932 2707 3987 Non
2740 3949 2878 4003 Opus
2908 3942 2993 3987 est
3024 3933 3168 4002 loqui
3197 3935 3451 3999 multum,
3487 3934 3582 3987 sed

1997 4024 2352 4079 extendendae
2383 4031 2511 4078 sunt
2546 4039 2741 4077 manus
2769 4065 2782 4086 ,
2829 4023 3359 4092 proferendumque:
3397 4023 3581 4076 Domi-

1997 4130 2084 4176 ne.
2124 4115 2266 4170 sicut
2302 4115 2384 4169 vis
2410 4123 2466 4168 et
2514 4113 2656 4169 sicut
2691 4113 2858 4175 nosti,
2893 4113 3168 4167 miserere.
3204 4113 3257 4164 Si
3287 4119 3466 4164 autem
3499 4112 3577 4165 in-

1996 4206 2203 4274 gruerit
2253 4204 2570 4259 tentationis
2603 4205 2942 4275 impugnatio
2965 4243 2978 4265 ,
3021 4203 3126 4256 dici
3159 4202 3352 4256 debet:
3399 4201 3580 4257 Domi-

1997 4311 2084 4356 ne.
2148 4295 2364 4364 adjuva.
2429 4297 2550 4366 Ipse
2607 4296 2712 4350 scit
2767 4311 2891 4365 quae
2944 4293 3274 4366 expediant,
3331 4304 3382 4348 et
3450 4295 3580 4350 facit

1996 4388 2278 4441 nobiscum
2305 4387 2761 4442 misericordiam.

391 4476 458 4524 κ’.
494 4465 660 4523 Εἶπεν
696 4473 726 4525 6
753 4469 929 4534 άσὸᾶς
953 4470 1237 4544 Μακάριος
1258 4488 1271 4502 ο
1305 4473 1367 4524 Εἰ
1399 4474 1620 4541 γέγονεν
1659 4478 1715 4528 ἐν
1747 4477 1830 4529 σο)⁵
1859 4478 1890 4546 ἡ

2066 4479 2157 4535 91³.
2201 4479 2278 4548 (4)
2320 4476 2464 4532 Dixit
2513 4480 2680 4534 abbas
2716 4478 3016 4536 Macarius:
3057 4479 3113 4534 Si
3148 4483 3291 4552 apud
3328 4491 3380 4538 te
3409 4483 3576 4537 exsti-

325 4561 668 4626 ἐξουδένωσις
690 4563 766 4625 ὡς
793 4565 822 4616 6
853 4563 1093 4628 ἔπαινος,
1123 4565 1217 4616 καὶ
1237 4566 1270 4634 ἡ
1303 4565 1460 4618 πενία
1480 4567 1554 4629 ὡς
1581 4569 1609 4620 6
1640 4568 1889 4633 πλοῦτος,

324 4655 417 4708 καὶ
447 4655 480 4724 ἡ
516 4655 693 4708 ἔνδεια
716 4655 791 4718 ὼς
813 4657 846 4724 ἡ
875 4655 1146 4724 δαψίλεια,
1173 4658 1270 4709 οὐκ
1304 4658 1686 4728 ἀποθνήσκεις.
1725 4662 1892 4734 Ἀμή-

323 4761 482 4812 χανον
512 4745 622 4815 γάρ
650 4747 765 4798 ἐστι
803 4747 896 4799 τὸν
930 4746 1114 4810 καλῶς
1147 4747 1490 4811 πιστεύοντα,
1524 4751 1615 4802 καὶ
1647 4754 1704 4804 ἐν
1736 4754 1892 4806 εὐσε-

324 4834 441 4903 6εία
483 4836 871 4906 ἐργαζόμενον,
913 4839 1176 4908 ἐμπεσεῖν
1202 4842 1282 4902 είς
1326 4842 1666 4913 ἀκαθαρσίαν
1706 4845 1893 4898 παθῶν

323 4925 415 4977 καὶ
439 4925 707 4996 δαιμόνων
735 4927 966 4999 πλάνην.

391 5015 493 5070 κα’.
529 5019 778 5087 Ἔλεγον,
809 5021 892 5076 ὅτι
926 5019 1240 5090 ἐσφάλησαν
1269 5022 1361 5077 δύο
1399 5025 1616 5094 ἀδελφοὶ
1657 5027 1854 5097 Σκῆτιν
1876 5042 1888 5055 ·

323 5108 411 5160 καὶ
434 5109 700 5181 ἐχώρισεν
729 5112 925 5176 αὐτοὺς
949 5115 976 5166 6
1007 5111 1178 5176 άϐὁᾶς
1206 5117 1490 5188 Μακάριος
1520 5119 1547 5169 6
1575 5116 1846 5181 πολιτικός
1871 5136 1884 5150 ·

391 5287 530 5361 "Al.
564 5290 793 5361 μεγάλε.
888 5293 932 5324 ³³
955 5295 1038 5348 ΑΙ.
1066 5293 1270 5347 οὐκέτι.

326 5360 584 5420 πυκνάλλ.
616 5360 870 5417 Dorothei
905 5364 1071 5432 Epist.
1115 5366 1165 5418 l.
1242 5364 1285 5394 ³⁷
1319 5364 1402 5417 Al.
1447 5363 1570 5418 add.
1607 5380 1692 5432 με.

383 5514 492 5583 (97)
534 5514 642 5570 Vit.
677 5514 832 5571 Patr.
864 5533 925 5580 tt,
950 5517 1000 5570 6.

382 5584 489 5654 (98)
541 5583 650 5640 Vit.
678 5585 835 5654 Patr.
868 5604 926 5650 Il,
955 5587 1003 5640 7.

379 5655 487 5724 (99)
529 5653 636 5710 Vit.
665 5653 831 5724 (Patr.
865 5672 938 5722 Iv,
960 5657 1049 5712 27.

378 5721 474 5793 (Ι)
500 5724 609 5779 Vit.
645 5723 800 5781 Patr.
831 5721 1045 5792 "1,787;
1079 5743 1150 5792 tv,
1202 5726 1304 5794 28;
1338 5729 1572 5797 Append.
1621 5745 1669 5797 p.
1722 5729 1876 5795 lOOl,

1383 5295 1427 5325 ³⁵
1457 5294 1539 5346 Al.
1568 5291 1694 5347 add.
1746 5295 1826 5344 ὃτι
1873 5292 2104 5346 ἔκλαιεν.

1389 5404 1402 5416 .
1447 5363 1570 5416 add.
1608 5380 1692 5416 με.
1770 5363 1816 5394 ³⁸
1845 5363 1927 5414 ΑΙ.
1964 5363 2084 5416 add.

1916 5403 1927 5414 .
1964 5378 2084 5416 auu.
2125 5381 2232 5433 μοι.

2000 4571 2122 4624 terit
2150 4579 2497 4640 contemptus
2515 4572 2658 4625 velut
2683 4573 2820 4634 laus,
2850 4582 3140 4642 paupertas
3197 4585 3455 4646 tanquam
3491 4575 3576 4628 di-

2000 4664 2144 4718 vitiae
2169 4705 2184 4728 ,
2223 4663 2522 4734 indigentia
2561 4665 2704 4720 sicut
2743 4666 3096 4731 abundantia,
3145 4684 3252 4722 non
3302 4668 3572 4722 morieris.

2001 4750 2145 4806 Fieri
2188 4754 2334 4807 enim
2387 4769 2496 4808 non
2538 4763 2736 4823 potest,
2790 4764 2847 4808 ut
2883 4757 2978 4825 qui
3019 4767 3166 4812 recte
3208 4759 3401 4821 credit,
3435 4767 3487 4812 et
3516 4759 3571 4812 in

2002 4845 2202 4914 pietate
2246 4853 2523 4914 operatur,
2575 4845 2782 4900 incidat
2823 4847 2874 4900 in
2921 4847 3175 4902 vitiorum
3230 4850 3460 4910 sordes,
3509 4863 3574 4903 ac

2001 4935 2306 4988 daemonum
2343 4949 2608 4993 errorem.

2069 5028 2156 5082 91.
2201 5026 2579 5083 Referebant:
2624 5028 2742 5083 Duo
2785 5029 2985 5084 fratres
3033 5031 3086 5085 in
3137 5028 3281 5085 Secti
3329 5031 3569 5100 delique-

1997 5126 2158 5183 runt;
2212 5133 2350 5186 quos
2400 5118 2704 5189 segregavit
2735 5133 2830 5172 seu
2865 5120 3360 5174 excommunicavit
3397 5120 3566 5175 abbas

2208 5295 2251 5326 ³⁵
2286 5295 2451 5348 Abest
2505 5296 2571 5350 ah
2624 5297 2692 5348 al.
2747 5296 2849 5349 hoc
2886 5311 3117 5350 comma.
3195 5297 3238 5327 "
3273 5297 3355 5349 Al.
3393 5296 3558 5349 inscr.

2311 5366 2353 5394 ³³
2395 5364 2412 5415 Ι
2446 5364 2586 5418 Tim.
2617 5381 2688 5424 γι,
2727 5367 2774 5417 7.
2841 5366 2887 5396 ⁸⁸
2917 5364 3019 5418 Job
3048 5380 3084 5428 ι,
3117 5365 3206 5418 Si.

1991 5537 2044 5573 n.
2083 5519 2167 5573 Π.

2060 5590 2137 5655 (2)
2189 5587 2292 5642 Vit.
2324 5589 2469 5643 Patr.
2499 5604 2608 5653 XVI,
2634 5588 2687 5640 6.

2062 5661 2136 5723 (5)
2193 5658 2292 5722 Vit.
2321 5659 2472 5712 Patr.
2511 5675 2607 5719 xu,
2644 5658 2727 5709 10.

2066 5729 2141 5794 (εί)
2195 5723 2296 5780 Vit.
2340 5729 2485 5781 Patr.
2527 5726 2828 5790 xxxvntﬂ.
