4032 6334
298 400 397 456 273

1426 396 2048 455 APOPHTHEGMATA
2089 397 2398 455 PATRUM.

3451 409 3560 467 276

361 516 472 568 κ,’.
520 506 810 580 Παρέόαλέ
852 525 982 562 ποτε
1023 510 1052 562 6
1089 508 1264 574 ἀόὁᾶς
1292 511 1581 584 Μακάριος
1614 514 1693 586 τῷ
1735 514 1878 586 ἀδόᾷ

2052 513 2147 569 ΞΒ.
2187 514 2500 586 Aliquando
2516 514 2769 573 abbatem
2793 517 3090 575 Antonium
3109 521 3368 576 convenit
3389 523 3562 582 abbas
3631 575 3653 587 -

309 598 572 669 Ἀντωνίῳ
597 616 612 630 ’
651 601 748 654 καὶ
777 600 1020 672 λαλήσας
1054 601 1225 674 αὐτῷ,
1259 603 1601 675 ὑπέστρεψεν
1623 607 1705 670 εἰς
1731 606 1877 677 Σκῆ··

301 705 393 741 τιν.
424 689 537 744 Καὶ
561 685 729 762 ἦλθον
752 692 802 744 οἱ
832 692 1076 765 Πατέρες
1096 694 1177 758 είς
1204 693 1514 767 ἀπάντησιν
1544 695 1729 753 αὐτοῦ.
1763 696 1877 751 Καὶ

296 780 367 843 ὡς
392 779 640 847 ἐλάλουν,
681 778 835 837 εἶπεν
868 785 1053 849 αὐτοῖς
1081 785 1110 838 6
1151 785 1359 857 γέρωνο
1400 788 1579 860 Ἔφην
1616 787 1695 860 τῷ
1734 789 1879 861 ἁὸὅᾷ

309 873 611 944 Ἀντωνίῳ,
650 875 725 939 ὡς
763 877 863 930 οὐκ
899 876 1097 950 ἔχομεν
1146 882 1475 953 προσφορὰν⁴
1508 884 1569 936 ὲν
1609 882 1687 953 τῷ
1727 883 1880 955 τόπῳ

298 962 467 1032 ἡμῶν.
515 965 631 1019 Καὶ
663 963 897 1037 ἤρξαντο
933 970 985 1021 οἱ
1023 969 1266 1042 Πατέρες
1297 970 1478 1024 λαλεῖν
1518 972 1647 1043 περὶ
1683 971 1880 1038 ἄλλων,

297 1056 388 1109 καὶ
427 1056 532 1110 οὐκ
560 1056 854 1130 ἠρώτησαν
896 1058 978 1114 ἔτι
1021 1061 1213 1132 μαθεῖν
1254 1061 1354 1134 τὴν
1393 1062 1689 1135 ἀπόκρισιν
1730 1063 1883 1135 παρά

298 1144 387 1197 τοῦ
414 1145 694 1217 γέροντος,
729 1149 855 1203 οὔτε
892 1153 921 1204 6
956 1151 1135 1223 γέρων
1170 1153 1355 1218 αὐτοῖς
1391 1150 1537 1211 εἷπε.
1577 1157 1750 1223 Τοῦτο
1788 1152 1883 1212 οὖν

300 1232 447 1303 ἔλεγέ
482 1253 569 1300 τις
596 1237 705 1292 τῶν
741 1239 1023 1311 Πατὲρων,
1059 1242 1141 1296 ὅτι
1178 1243 1274 1297 ἐὰν
1324 1244 1507 1298 ῐδωσιν
1547 1247 1597 1299 οἱ
1638 1247 1885 1319 Πατέρες

298 1326 377 1380 ἀει
428 1326 685 1383 λανθάνει
726 1332 855 1394 τοὺς
903 1331 1168 1403 ἀδελφοὺς
1213 1333 1293 1406 τῷ
1334 1334 1378 1367 ⁸⁸
1432 1336 1710 1408 ἐρωτῆσαι
1755 1338 1886 1409 περὶ

301 1419 623 1489 πράγματος
638 1420 975 1487 ὠφελοῦντος
1002 1426 1218 1492 αὐτοὺς,
1238 1425 1640 1495 ἀναγκάζουσιν
1660 1429 1888 1494 ἑαυτοὺς

301 1512 470 1563 εἰπεῖν
491 1511 670 1582 ἀρχὴν
689 1513 785 1566 τοῦ
814 1513 975 1583 λόγου
1000 1535 1011 1547 ·
1040 1517 1136 1569 ἐὰν
1165 1517 1223 1569 δὲ
1258 1516 1335 1588 μὴ
1360 1518 1757 1587 ἀναγκασθῶσι
1787 1511 1907 1574 πα-’

305 1599 372 1671 ρὰ
396 1601 503 1654 τῶν
537 1603 808 1673 ἀδελφῶν,
848 1607 950 1661 οὐκ
980 1606 1061 1661 ἔτι
1102 1606 1324 1663 λαλοῦσι
1356 1609 1447 1663 τὸν
1471 1609 1629 1679 λόγον
1648 1629 1661 1642 ’
1696 1611 1783 1666 ἵνα
1811 1613 1886 1684 μὴ

302 1693 596 1764 εὑρεθῶσιν
625 1695 703 1759 ὡς
739 1698 814 1769 μὴ
858 1697 1280 1771 ἐπερωτώμενοι
1313 1700 1407 1754 καὶ
1446 1700 1754 1766 λαλοῦντες,
1793 1703 1890 1757 καὶ

303 1783 376 1848 ὡς
402 1786 700 1858 ἀργολογία
728 1789 1070 1863 εὑρίσκηται.

1981 603 2280 671 Macarius,
2309 607 2607 679 habitoque
2652 608 2720 662 ad
2763 623 2889 664 eum
2920 625 3195 679 sermone,
3226 611 3430 669 Scetim
3471 610 3591 671 re?
3628 595 3637 604 ’

1978 713 2174 755 versus
2200 706 2302 756 est.
2336 698 2567 756 Obviam
2616 700 2664 756 ei
2716 713 3107 772 processerunt
3132 703 3346 762 Patres.
3385 706 3450 762 Et
3506 708 3560 761 in

1981 789 2258 860 colloquio
2280 791 2358 845 ait
2389 790 2497 847 illis
2532 806 2734 846 senex:
2762 792 2956 847 Abbati
2980 793 3220 848 Antonio
3242 796 3377 862 dixi,
3413 800 3561 868 quod

1982 877 2038 933 in
2073 880 2197 935 loco
2228 889 2422 936 nostro
2452 897 2742 938 careamus
2770 883 3070 938 oblatione.
3120 884 3420 956 Coeperunt
3454 889 3561 944 Pa-

1982 980 2095 1027 tres
2126 971 2396 1028 disserere
2422 973 2543 1029 aliis
2571 975 2640 1028 de
2671 974 2854 1041 rebus,
2917 989 3019 1031 nec
3056 977 3429 1046 requisicrunt
3480 995 3565 1035 rc-

1984 1079 2253 1134 Sponsum
2286 1065 2500 1120 discere
2525 1080 2555 1118 a
2586 1081 2738 1131 sene,
2775 1082 2877 1122 uec
2908 1082 3072 1122 senex
3114 1068 3199 1124 eis
3247 1073 3567 1140 prolocutus

1984 1163 2089 1211 est.
2116 1155 2226 1210 Hoc
2258 1170 2391 1227 ergo
2438 1157 2831 1227 pronuntiabat
2880 1158 3101 1213 Patrum
3132 1160 3355 1230 quidam
3389 1182 3402 1217 :
3428 1163 3566 1219 Cum

1985 1246 2228 1302 viderint
2252 1245 2469 1314 Patres,
2500 1263 2531 1302 e
2562 1247 2794 1303 fratrum
2819 1251 3084 1306 memoria
3122 1252 3377 1310 excidere
3407 1262 3467 1309 ut
3493 1257 3573 1309 in-

1985 1344 2265 1408 terrogent
2296 1337 2365 1393 de
2403 1354 2463 1394 re
2514 1337 2584 1395 iis
2630 1339 2773 1405 utili,
2825 1342 3210 1397 necessitatem
3253 1343 3361 1398 sibi
3396 1345 3572 1416 impo-

1987 1434 2129 1481 nunt
2160 1427 2495 1499 principium
2544 1428 2816 1484 orationis
2868 1427 3218 1500 proferendi:
3253 1433 3400 1502 quod
3443 1435 3491 1490 si
3538 1450 3570 1489 ι

1988 1520 2257 1576 fratribus
2288 1537 2397 1575 non
2429 1520 2744 1593 adigantur,
2773 1536 2886 1577 non
2920 1534 3329 1593 persequuntur
3360 1539 3574 1581 sermo-

1989 1627 2138 1678 nem,
2171 1620 2229 1667 ut
2276 1629 2348 1668 ne
2386 1611 2868 1683 deprehendantur
2910 1612 3082 1668 locuti
3117 1630 3296 1687 neque
3336 1617 3572 1675 interro-

1989 1703 2122 1775 gati,
2155 1703 2518 1773 videaturque
2541 1720 2668 1762 esse
2696 1705 2876 1763 otiosa
2920 1706 3161 1778 loquela.

373 1877 473 1941 κζ’.
497 1878 813 1951 Ἠρὼτησεν
838 1883 867 1935 6
896 1883 1070 1948 assa;
1107 1885 1335 1951 Ἡσαΐας
1358 1888 1450 1941 τὸν
1477 1887 1654 1942 ἀϐὁᾶν
1682 1887 1884 1942 Μακά-

2056 1886 2146 1941 27.
2184 1885 2343 1943 Hunc
2368 1888 2426 1944 in
2462 1890 2687 1946 modum
2714 1898 3071 1962 percontatus
3106 1900 3193 1950 cst
3214 1893 3383 1948 abbas
3408 1891 3578 1950 Isaias

309 1984 439 2038 ριον,
469 1969 646 2040 λέγων
668 1990 682 2004 ·
726 1972 862 2028 Εἰπέ
903 1993 993 2046 μοι
1027 1977 1200 2048 ῥῆμα.
1230 1980 1342 2034 Καὶ
1370 1980 1519 2050 λέγει
1547 1980 1698 2051 αὐτῷ
1725 1983 1753 2034 6
1787 1981 1885 2049 γέ-

311 2077 444 2132 ρων·
482 2063 659 2131 Φεῦγε
702 2066 829 2129 τοὺς
874 2067 1212 2139 ἀνθρώπους.
1259 2071 1424 2140 Λέγει
1468 2068 1616 2141 αὐτῷ
1654 2073 1684 2125 6
1714 2071 1887 2136 ἀὸὅᾶς

321 2154 574 2220 Ἡσαΐας
611 2157 676 2208 Τί
708 2157 825 2210 ἐστι
854 2157 916 2211 τὸ
942 2160 1166 2229 φεύγειν
1197 2162 1325 2227 τοὺς
1349 2163 1705 2234 ἀνθρώπους;
1749 2164 1808 2218 '0
1831 2164 1889 2218 δὲ

310 2247 480 2318 γέρων
526 2244 681 2303 εἶπεν
714 2249 890 2323 αὐτῷ·
930 2252 1003 2306 Τὸ
1036 2254 1259 2308 καθίσαι
1302 2258 1381 2320 εἰς
1418 2256 1480 2310 τὸ
1514 2257 1724 2312 κελλίον
1757 2275 1886 2325 σου,

311 2339 398 2391 καὶ
428 2339 663 2396 κλαῦσαι
690 2342 790 2407 τὰς
818 2326 1095 2418 ἁμαρτίας
1133 2363 1248 2402 σου.

377 2439 482 2501 κη’.
539 2433 766 2503 Ἔλεγεν
799 2439 828 2490 6
858 2436 1035 2502 ἀὸὅᾶς
1078 2440 1417 2508 Παφνούτιος
1450 2442 1478 2494 6
1512 2441 1758 2515 μαθητὴς
1794 2442 1890 2496 τοῦ

311 2525 450 2580 ἁῆϐἄ
480 2528 791 2600 Μακαρίου,
827 2532 909 2585 ὅτι
955 2533 1316 2606 Παρεκάλεσα
1363 2535 1455 2587 τὸν
1491 2535 1715 2606 Πατέρα
1749 2553 1850 2606 μου
1874 2576 1889 2601 ,

312 2618 480 2688 λέγων
498 2638 513 2651 ·
544 2622 680 2676 Εἰπέ
713 2641 803 2693 μοι
831 2624 1011 2693 λόγον.
1057 2627 1114 2679 '0
1136 2627 1193 2681 δὲ
1219 2627 1324 2698 ἔφη
1346 2645 1359 2659 ·
1389 2628 1481 2698 Μὴ
1513 2630 1892 2703 κακοποιήσῃς

315 2711 430 2764 τινὰ
448 2751 462 2775 ,
496 2713 633 2783 μηδὲ
657 2714 994 2789 κατακρίνῃς
1018 2716 1159 2770 τινά.
1186 2717 1371 2770 Ταῦτα
1400 2717 1578 2787 τήρει,
1601 2718 1697 2771 καὶ
1721 2716 1887 2791 σώζῃ.

384 2800 484 2853 κθ’.
522 2798 690 2857 Εἶπεν
728 2805 756 2857 6
794 2804 972 2868 ἀ66ᾶς
1013 2807 1331 2879 Μακάριος⁴
1370 2808 1462 2879 Μὴ
1504 2807 1777 2880 κοιμηθῇς
1814 2812 1896 2873 εἰς

320 2890 521 2946 κελλίον
552 2894 786 2963 ἀδελῳοῦ
810 2896 1038 2967 ἔχοντος
1057 2900 1233 2970 κακὴν
1261 2900 1468 2971 φήμην.

383 2983 447 3037 λ’.
481 2986 799 3057 Παρὲδαλόν
823 3006 956 3041 ποτε
989 2990 1067 3061 τῷ
1090 2990 1234 3062 ἀϐϐᾁ
1271 2990 1545 3063 Μακαρίῳ
1576 2991 1796 3061 ἀδελφοὶ
1817 2993 1897 3057 είς

322 3076 535 3148 Σκῆτιν,
560 3079 656 3132 καὶ
685 3080 783 3151 οὐχ
819 3074 981 3153 εὖρον
1008 3083 1068 3135 ὲν
1101 3082 1179 3154 τῷ
1206 3082 1402 3152 κελλίῳ
1430 3082 1595 3137 αὑτοῦ
1642 3084 1815 3147 οὐδὲν,
1849 3087 1899 3138 εἰ

325 3171 395 3242 μὴ
419 3169 563 3241 ὕδωρ
598 3173 825 3244 σαπρόν.
858 3175 969 3229 Καὶ
1000 3175 1249 3245 λέγουσιν
1292 3176 1473 3248 αὐτῷ·
1521 3176 1709 3241 Ἀϐϐᾶ,
1743 3176 1901 3250 δεῦρο

323 3262 430 3317 ἂνω
452 3265 533 3327 εἰς
556 3263 657 3334 τὴν
683 3264 899 3337 κώμην,
930 3267 1026 3320 καὶ
1045 3268 1400 3340 ἀναπαύομέν
1425 3287 1504 3323 σε.
1528 3270 1692 3337 Λέγει
1717 3271 1903 3334 αὐτοῖς

319 3357 350 3409 6
373 3355 576 3428 γέρωνο
613 3357 828 3422 Οἴδατε,
870 3358 1108 3429 ἀδελφοὶ,
1135 3361 1194 3413 τὸ
1222 3363 1580 3430 ἀρτοκοπεῖον
1610 3362 1704 3415 τοῦ
1733 3362 1905 3426 δεῖνος

321 3445 398 3508 είς
418 3446 518 3516 τὴν
542 3445 772 3518 κώμην;
813 3448 923 3503 Καὶ
964 3448 1215 3518 λέγουσιν
1249 3451 1429 3522 αὐτῷ·
1455 3453 1584 3507 Ναί.
1619 3451 1763 3525 Ἔφη
1802 3454 1905 3507 αὑ-

321 3538 431 3599 τοῖς
454 3539 483 3590 6
506 3538 688 3610 γέρων
708 3557 722 3571 ·
761 3530 935 3609 Κάγὼ
960 3538 1078 3596 οἶδα
1104 3543 1256 3598 αὐτό.
1286 3544 1478 3598 Οἴδατε
1508 3545 1605 3599 καὶ
1623 3546 1685 3599 τὸ
1705 3546 1906 3619 χωρίον

322 3627 413 3681 τοῦ
447 3629 619 3693 δεῖνος
650 3632 784 3684 ὅπου
815 3635 844 3686 6
877 3635 1121 3704 ποταμὸς
1149 3635 1371 3707 κρούει;
1405 3636 1673 3706 Λέγουσιν
1715 3638 1868 3709 αὐτῷ
1888 3656 1902 3671 ·

323 3716 447 3771 Ναί.
487 3718 650 3788 Λέγει
694 3722 876 3785 αὐτοῖς
903 3724 931 3775 6
963 3723 1159 3794 γέρων’
1209 3724 1379 3792 Κάγὼ
1424 3721 1540 3777 οἶδα
1592 3726 1744 3781 αὑτό.
1778 3728 1907 3781 Ὅτε

322 3803 415 3861 οὖν
451 3807 622 3877 θέλω,
650 3811 712 3864 οὐ
745 3811 937 3883 χρείαν
977 3814 1129 3884 ὑμῶν
1174 3813 1283 3885 ἔχω
1306 3854 1320 3881 ,
1363 3814 1477 3869 ἀλλ’
1522 3816 1746 3888 ἐμαυτῷ
1785 3819 1909 3872 ἀνα·

324 3894 475 3960 ϐάζω
502 3902 571 3953 δ’.

393 3987 491 4043 λα’.
529 3991 756 4061 Ἔλεγον
786 3994 920 4074 περὶ⁴
940 3993 1035 4048 τοῦ
1065 3996 1210 4050 ἀὸὅᾶ
1233 3998 1540 4069 Μακαρίου,
1568 3999 1650 4052 ὅτι
1671 4001 1719 4053 εί
1740 4017 1911 4073 προσ-

327 4079 525 4152 ήρχετο
551 4084 701 4155 αὐτῷ
732 4086 980 4157 ἀδελφὸς,
1023 4089 1098 4151 ὡς
1133 4077 1273 4160 ἇγίῳ
1307 4090 1526 4161 γέροντι
1572 4090 1664 4144 καὶ
1692 4092 1912 4162 μεγάλῳ

331 4171 469 4241 μετά
499 4173 689 4242 φόϐου,
704 4174 857 4231 οὐδὲν
873 4179 1050 4233 ὲλάλει
1071 4178 1238 4250 αὐτῷ.
1268 4180 1332 4233 Εἰ
1358 4180 1415 4233 δὲ
1439 4180 1623 4249 ἔλεγεν
1651 4182 1801 4253 αὐτῷ
1830 4199 1913 4246 τις

328 4263 435 4317 τῶν
459 4265 705 4335 ἀδελφῶν
737 4268 812 4330 ὡς
843 4268 1133 4333 ὲξουθενῶν
1174 4270 1333 4323 αὐτόν
1354 4288 1367 4301 ·
1419 4269 1610 4334 Ἀϐὅᾶ,
1642 4265 1751 4341 ἄρα
1785 4272 1913 4325 ὅταν

328 4350 396 4426 ἧς
419 4358 728 4430 καμηλίτης
761 4361 856 4413 καὶ
885 4360 1146 4425 ἔκλεπτες
1168 4362 1348 4433 νίτρον
1370 4362 1465 4414 καὶ
1496 4361 1726 4426 ἐπώλεις
1759 4364 1912 4431 αὐτὸ,

330 4450 430 4504 οὐκ
471 4451 656 4525 ἔδερόν
704 4470 765 4507 σε
803 4455 851 4507 οἱ
889 4454 1126 4526 τηρηταί
1173 4454 1339 4518 ";Ei
1387 4452 1563 4507 ταῦτά
1604 4470 1688 4517 τις
1729 4454 1915 4523 ἔλεγεν

331 4544 496 4619 αὐτῷ,
527 4546 707 4601 ἐλάλει
728 4547 878 4619 αὐτῷ
903 4547 1041 4619 μετά
1067 4548 1264 4620 χαρᾶς,
1304 4546 1426 4601 εἴτι
1451 4545 1613 4601 αὐτὸν
1637 4546 1845 4619 ἠρώτα.

400 4730 501 4785 λθ.
543 4729 772 4799 Ἔλεγον
795 4729 927 4801 περὶ
949 4728 1045 4783 τοῦ
1066 4728 1211 4783 ἀϐὁᾶ
1230 4728 1519 4800 Μακαρίου
1539 4728 1633 4782 τοῦ
1654 4728 1914 4800 μεγάλου,

336 4821 417 4875 ὃτι
438 4822 631 4892 γέγονε
666 4821 850 4887 καθώς
901 4824 1021 4875 ἐστι
1054 4820 1441 4893 γεγραμμένον
1476 4818 1597 4884 θεὸς
1638 4821 1914 4890 ἐπίγειος,

335 4916 415 4969 ὅτι
433 4915 623 4987 ὥσπερ
646 4916 798 4969 ἐστὶν
825 4917 855 4969 6
883 4914 1017 4978 Θεὸς
1039 4911 1331 4976 σκεπάζων
1353 4913 1444 4966 τὸν
1475 4912 1680 4982 κόσμον
1700 4949 1719 4975 ,
1741 4911 1916 4976 οὕτως

340 5006 556 5075 γέγονεν
600 5008 629 5058 6
676 5006 853 5070 assa;
900 5005 1184 5076 Μακάριος
1238 5001 1530 5067 σκεπάζων
1574 5002 1645 5056 τά
1681 5002 1920 5057 ἐλαττώ-

343 5116 503 5169 ματα,
530 5099 566 5153 a
585 5098 814 5152 ἔϐλεπεν
846 5097 922 5161 ὡς
955 5098 1029 5170 μὴ
1051 5097 1284 5168 βλέπων,
1320 5096 1415 5149 καὶ
1444 5094 1481 5150 ἀ
1512 5096 1710 5165 ἤκουεν
1733 5094 1809 5159 ὡς
1846 5095 1920 5166 μὴ

340 5191 568 5248 ἁκούων.

408 5283 509 5354 λγ’.
563 5286 878 5358 Διηγήσατο
932 5286 961 5338 6
1010 5285 1186 5349 ἀϐδᾶς
1228 5286 1498 5357 Βιτίμιος,
1543 5285 1626 5338 ὅτι
1665 5283 1850 5351 ἔλεγεν
1895 5286 1922 5336 6

344 5376 511 5444 ἀῦὸᾶς
539 5378 861 5453 Μακάριος⁶
900 5379 1229 5451 Καθημένου
1275 5377 1374 5449 μού
1410 5394 1541 5431 ποτε
1574 5377 1653 5439 εἰς
1694 5376 1914 5446 Σκῆτιν,

345 5470 645 5540 κατέϐησαν
679 5471 777 5527 δύο
807 5470 1065 5544 νεώτεροι
1097 5470 1303 5539 ξενικοὶ
1344 5471 1488 5523 ἐκεῖ·
1520 5468 1613 5522 καὶ
1645 5469 1674 5521 6
1706 5468 1803 5539 μὲν
1837 5462 1918 5531 εἷς

416 5635 457 5670 ⁵⁸
483 5637 570 5693 Al.
598 5637 684 5692 τό.
762 5635 807 5668 δ’
832 5633 938 5691 Pro
968 5634 1303 5699 ἀναϐιϐάζω.
1382 5632 1428 5664 ⁸³
1456 5630 1541 5688 Al.
1576 5631 1783 5704 κριταί.

420 5794 493 5867 (5)
540 5797 645 5852 Vit.
687 5795 842 5851 Patr.
867 5813 965 5859 xtl,
994 5794 1050 5849 2.

422 5796 472 5867 (5
540 5797 645 5852 Vit.
687 5796 842 5851 Patr.
867 5813 965 5859 xtl,
994 5796 1050 5849 2.

422 5796 493 5942 (ti;
527 5866 762 5939 Append.
795 5884 849 5951 ρ.
884 5867 1044 5935 1006,
1098 5882 1153 5923 n.
1193 5865 1331 5933 107;
1367 5861 1659 5919 Coustt’tut.
1699 5858 1923 5930 apostol.

1991 1977 2244 2034 abbatem
2292 1978 2627 2037 Macarium:
2686 1982 2882 2040 Profer
2928 1985 3064 2065 mihi
3121 1985 3474 2041 sententiam.
3511 1984 3579 2040 Et

1991 2069 2131 2124 dixit
2148 2071 2197 2126 ei
2225 2087 2427 2129 senex:
2459 2072 2721 2132 Homines
2747 2073 2892 2146 fuge.
2919 2074 3139 2133 Rursus
3174 2076 3346 2132 abbas
3369 2074 3575 2132 Isaias:

1992 2164 2136 2231 Quid
2175 2173 2263 2223 est
2290 2166 2480 2239 fugere
2530 2169 2828 2227 homines?
2863 2169 3041 2227 Senex
3076 2186 3205 2228 vero
3242 2189 3255 2225 :
3284 2171 3486 2227 Sedere
3522 2170 3578 2224 in

1993 2257 2130 2310 cella
2165 2264 2281 2323 tua,
2307 2266 2362 2314 et
2388 2258 2590 2316 deflere
2614 2267 2707 2314 tua
2737 2268 2986 2331 peccata.
3382 2264 3389 2299 ι

2065 2434 2278 2491 28.noc
2298 2433 2569 2491 referebat
2588 2435 2757 2491 abbas
2776 2434 3139 2506 Paphnutius,
3156 2434 3466 2505 discipulus
3482 2436 3582 2490 ab-

1996 2527 2140 2583 batis
2169 2526 2411 2582 Macarii:
2441 2524 2877 2599 RogaviPatrem
2892 2540 3097 2590 meum,
3132 2532 3193 2581 ut
3220 2524 3422 2595 aliquid
3447 2525 3582 2580 mihi

1998 2620 2221 2675 diceret.
2275 2618 2427 2676 Illius
2462 2629 2642 2676 autem
2667 2619 2843 2675 oratio
2870 2617 3005 2674 fuit:
3038 2617 3320 2675 Neminem
3352 2619 3580 2684 laeseris,

2000 2712 2271 2767 neminem
2296 2711 2761 2767 condemnaveris.
2781 2708 2908 2765 Haec
2921 2710 3171 2774 observa,
3187 2720 3242 2766 et
3258 2710 3444 2767 salvus
3462 2710 3580 2767 fies.

2069 2801 2161 2857 29.
2190 2801 2341 2857 Dixit
2374 2801 2547 2857 abbas
2576 2798 2883 2857 Macarius:
2921 2796 3046 2852 Noli
3067 2798 3308 2854 dormire
3342 2800 3399 2853 in
3443 2800 3585 2854 cella

2003 2892 2188 2950 fratris
2210 2894 2304 2964 qui
2333 2894 2531 2948 malam
2565 2891 2767 2947 famam
2799 2892 2982 2947 habet.

2071 2986 2163 3042 ‘50.
2195 2986 2569 3042 Aceesscrunt
2619 2984 2917 3055 aliquando
2957 2982 3160 3039 fratres
3208 2981 3279 3037 ad
3335 2980 3586 3037 abbatem

2007 3077 2306 3134 Macarium
2342 3077 2488 3135 Sceti
2538 3086 2812 3150 agentem,
2869 3090 2971 3131 nec
3004 3074 3306 3146 quidquam
3356 3075 3587 3128 invene-

2007 3176 2137 3223 runt
2170 3168 2226 3224 in
2254 3169 2393 3224 cella
2411 3169 2554 3237 ejus,
2584 3167 2691 3223 nisi
2717 3180 2917 3237 aquam
2940 3163 3237 3235 putridam.
3271 3162 3471 3219 Dicunt
3498 3164 3547 3219 ei
3571 3181 3585 3217 :

2009 3260 2182 3326 Abba,
2223 3262 2460 3316 ascende
2506 3262 2561 3314 in
2610 3273 2832 3330 pagum,
2875 3256 3184 3313 reficiemus
3230 3264 3304 3311 te.
3364 3254 3592 3326 Excepit

2009 3368 2207 3408 senex:
2238 3352 2448 3417 Nostis,
2498 3351 2720 3419 fratres,
2773 3349 2924 3405 illius
2956 3350 3083 3404 talis
3116 3348 3357 3404 hominis
3404 3349 3594 3420 pistri-

2010 3460 2140 3499 num
2176 3444 2230 3499 in
2267 3445 2451 3517 pago?
2500 3441 2892 3514 Respondent:
2947 3439 3149 3495 Etiam.
3193 3438 3331 3494 Tum
3384 3455 3589 3496 senex:

2012 3534 2124 3606 Ego
2154 3551 2373 3606 quoque
2430 3535 2581 3591 novi.
2619 3534 2787 3589 Scitis
2841 3539 2897 3589 et
2951 3531 3218 3603 praedium
3270 3530 3444 3595 illius,
3501 3530 3593 3585 ubi

2011 3625 2211 3682 ﬂuvius
2237 3626 2398 3682 salit?
2424 3626 2630 3681 Aiunt:
2667 3624 2908 3680 Scimus.
2940 3621 3055 3693 Ego
3077 3636 3297 3693 quoque
3341 3621 3479 3687 scio,
3509 3619 3597 3675 in-

2011 3719 2128 3791 quit
2183 3735 2372 3776 senex.
2413 3717 2644 3784 Quando
2678 3715 2842 3787 igitur
2868 3716 3068 3788 placet,
3112 3713 3283 3770 vestri
3317 3728 3457 3784 opus
3483 3728 3594 3768 non

2014 3811 2211 3873 habeo,
2234 3809 2329 3864 sed
2370 3807 2505 3864 mihi
2529 3816 2781 3878 apporto.

2083 3994 2173 4048 5-1.
2211 3990 2289 4064 (5)
2317 3990 2555 4047 Aiebant
2598 3988 2666 4044 de
2710 3988 2907 4045 abbate
2933 3988 3198 4055 Macario,
3239 3986 3390 4058 quod
3437 3987 3482 4041 si
3529 3986 3596 4038 ad

2013 4100 2140 4140 eum
2189 4082 2480 4139 accederet
2538 4082 2729 4147 frater,
2783 4095 2910 4135 cum
2951 4080 3172 4145 timore,
3222 4088 3489 4149 tanquam
3528 4079 3599 4130 ad

2015 4184 2265 4232 sanctum
2308 4180 2363 4229 et
2396 4186 2655 4243 magnum
2712 4185 2922 4235 senem,
2958 4169 3098 4224 nihil
3151 4172 3200 4225 ei
3248 4168 3597 4238 loquebatur.

2017 4265 2073 4320 Si
2110 4281 2237 4320 vero
2281 4263 2514 4319 fratrum
2566 4260 2839 4333 quiSpiam
2895 4258 3153 4330 tanquam
3188 4259 3343 4314 nihili
3388 4258 3600 4315 faciens

2015 4359 2064 4412 ei
2112 4357 2351 4413 diceret:
2387 4356 2564 4423 Abba,
2614 4352 2838 4425 quando
2876 4366 3003 4407 eras
3032 4350 3385 4414 camelarius,
3425 4358 3479 4405 et
3513 4349 3600 4403 ni-

2019 4460 2162 4505 trum
2199 4450 2494 4513 furabaris,
2525 4463 2589 4503 ac
2610 4446 2909 4511 vendebas,
2942 4457 3124 4499 nonne
3145 4443 3515 4499 verberabant
3549 4451 3603 4497 te

2020 4543 2314 4599 custodes?
2345 4540 2402 4596 Si
2451 4542 2527 4595 ita
2567 4539 2693 4610 quis
2742 4545 2887 4593 esset
2934 4536 3277 4608 prolocutus,
3314 4533 3445 4589 huic
3473 4549 3600 4589 cum

2024 4637 2222 4708 gaudio
2292 4639 2336 4691 si
2373 4634 2506 4706 quid
2537 4634 2954 4701 interrogasset,
2987 4642 3315 4700 responsum
3345 4627 3532 4682 dabat.

2095 4735 2165 4788 52
2216 4728 2301 4799 (6)
2329 4730 2403 4787 De
2458 4729 2659 4784 abbate
2708 4726 2948 4781 Macario
3000 4738 3200 4793 magno
3257 4721 3599 4783 asserebant,

2025 4825 2173 4896 quod
2203 4823 2498 4889 exstiterit,
2529 4821 2675 4876 sicut
2699 4821 2966 4889 scriptum
3002 4825 3107 4880 est,
3137 4816 3274 4871 deus
3303 4813 3601 4870 terrestris.

2025 4918 2163 4983 Quia
2193 4914 2654 4987 quemadmodum
2684 4911 2826 4965 Deus
2856 4907 3119 4964 mundum
3154 4909 3308 4977 tegit,
3336 4907 3411 4959 ita
3437 4906 3607 4959 abbas

2024 5006 2298 5063 Macarius
2327 5005 2525 5060 delicta
2555 5002 2881 5072 obtegebat;
2909 5013 3032 5070 qua:
3061 4995 3274 5051 viderat
3309 4994 3468 5066 quasi
3498 5008 3604 5049 non

2024 5100 2270 5165 vidisset,
2301 5113 2423 5170 qua:
2447 5096 2697 5153 audierat
2717 5094 2875 5165 quasi
2906 5107 3016 5147 non
3054 5090 3341 5146 audiisset.

2095 5280 2183 5333 '53.
2211 5277 2288 5349 (7)
2312 5276 2567 5332 Narratio
2601 5273 2811 5328 abbatis
2845 5269 3052 5325 Vilimii
3089 5266 3319 5329 exstitit,
3347 5263 3492 5334 quod
3532 5263 3607 5318 ita

2027 5371 2275 5427 retulerit
2303 5369 2472 5424 abbas
2501 5367 2805 5422 Macarius:
2839 5364 3076 5419 Sedente
3100 5376 3185 5415 me
3210 5356 3511 5428 aliquando
3551 5356 3607 5410 in

2029 5464 2197 5533 Sceti,
2240 5462 2645 5519 descenderunt
2692 5462 2821 5516 illuc
2861 5458 2972 5514 duo
3009 5456 3240 5525 juvenes
3291 5447 3607 5523 peregrini;

2038 5784 2239 5848 11,26.

2110 5846 2184 5926 (7)
2230 5852 2335 5908 Vit.
2365 5852 2516 5907 Ραιγ.
2555 5863 2634 5917 ιιι,
2660 5846 2716 5903 2.
