4032 6334
448 402 521 460 75
815 366 821 373 ’
1553 403 1898 462 APPENDIX
1934 403 2028 460 AD
2060 396 2483 459 pannorum.

3572 389 3680 446 276

414 524 648 584 quorum
680 525 828 567 unus
857 509 1091 567 barbam
1136 509 1384 581 gerebat,
1440 511 1579 568 alter
1608 530 1741 571 vero
1767 515 1999 588 primam

2106 507 2222 586 εἶχε
2254 512 2483 582 γένειον,
2518 510 2546 563 6
2583 507 2639 562 δὲ
2670 506 2829 570 ἄλλος
2861 505 3037 579 ἀρχὴν
3073 504 3281 577 βάλλων
3309 500 3543 573 γενείου.
3579 503 3694 557 Kal

412 603 697 659 emittebat
719 603 1061 674 lanuginem.
1097 599 1160 655 Hi
1190 609 1457 657 venerunt
1486 604 1555 659 ad
1587 621 1699 675 me,
1717 618 1993 678 rogantes,

413 697 509 752 ubi
551 704 700 752 esset
752 696 891 751 cella
949 694 1165 749 abbatis
1210 692 1458 751 Macarii.
1507 695 1645 752 Tum
1686 713 1822 772 ego:
1854 699 1996 767 Quid

411 803 538 843 eum
575 786 778 843 vultis?
807 784 1017 839 Aiunt:
1064 783 1269 838 Audita
1297 785 1420 855 ejus
1453 801 1519 842 ac
1563 787 1793 845 Sceteos
1830 789 1998 855 fama,

413 878 667 933 venimus
700 884 760 931 ut
786 875 1076 930 videamus
1106 890 1261 930 eum.
1299 877 1468 932 Dico:
1499 878 1611 951 Ego
1639 896 1783 936 sum.
1813 878 2001 936 Facta-

414 985 523 1042 que
570 968 821 1039 corporis
870 968 1246 1037 inclinatione,
1301 970 1592 1044 inquiunt;
1645 974 1764 1031 Hoc
1790 976 1848 1030 in
1879 974 2000 1029 loco

414 1062 668 1133 cupimus
692 1076 933 1117 manere.
972 1060 1084 1133 Ego
1114 1078 1242 1118 vero
1270 1065 1461 1123 videns
1502 1081 1597 1124 cos
1628 1067 1894 1124 delicatos
1948 1076 2004 1124 et

414 1156 563 1211 velut
589 1156 644 1210 in
666 1154 875 1211 divitiis
895 1153 1183 1222 educatos,
1206 1158 1328 1212 aio:
1354 1157 1475 1215 Non
1502 1161 1735 1230 potestis
1761 1160 2003 1217 residere

413 1246 525 1302 hic.
553 1245 691 1302 Tum
725 1247 906 1319 maior
938 1247 1088 1302 infit:
1121 1247 1178 1304 Si
1235 1265 1345 1306 non
1395 1252 1675 1322 possimus
1717 1268 2003 1309 remanere

411 1338 525 1403 hic,
558 1340 624 1393 ad
654 1340 824 1394 alium
853 1356 1146 1411 purgemus
1179 1343 1387 1398 locum.
1434 1343 1547 1415 Ego
1586 1345 1733 1399 intra
1762 1353 1998 1401 mentem

415 1446 627 1485 meam:
659 1431 772 1486 Cur
806 1432 951 1501 pello
974 1445 1094 1495 eos,
1135 1441 1188 1488 et
1221 1434 1543 1489 scandalum
1581 1436 1894 1505 patientur?
1919 1435 2005 1489 Ef-

417 1522 563 1578 liciet
593 1522 768 1587 labor,
803 1530 866 1577 ut
890 1523 994 1592 ipsi
1023 1532 1221 1595 sponte
1251 1524 1483 1596 fugiant.
1517 1526 1708 1598 Itaque
1741 1527 1867 1583 dico
1887 1529 2000 1584 eis:

423 1611 635 1680 Venite,
684 1617 992 1672 constt-uite
1027 1616 1185 1673 vobis
1231 1618 1451 1684 cellam,
1497 1620 1547 1675 si
1586 1623 1837 1691 potestis.
1877 1621 2002 1676 illi:

413 1704 657 1764 Ostende
699 1708 864 1763 nobis
914 1709 1119 1775 locum,
1168 1718 1584 1767 construcmus.
1623 1711 1780 1767 Dedit
1822 1723 2003 1769 autem

415 1799 498 1855 eis
553 1814 723 1854 senex
767 1800 1028 1864 securim,
1069 1816 1371 1872 peramque
1413 1803 1628 1872 plenam
1668 1804 1922 1874 panibus,
1952 1813 2007 1859 et

414 1890 530 1957 sal;
564 1890 911 1962 ostenditque
943 1902 1153 1963 petram
1184 1895 1379 1948 duram
1406 1936 1422 1959 ,
1453 1910 1684 1951 monens
1728 1913 1741 1950 :
1768 1895 2000 1966 Lapides
2035 1875 2077 1934 Β

414 1981 505 2038 hic
529 1983 778 2047 incidite,
813 1992 980 2054 atque
1022 1999 1092 2040 ex
1136 1985 1337 2056 palude
1376 1995 1589 2057 portate
1636 1986 1792 2042 vobis
1828 1988 1996 2058 ligna,

414 2083 675 2145 tectoque
697 2075 976 2146 imposito,
1001 2077 1259 2133 residete.
1286 2077 1551 2134 Putabam
1572 2087 1775 2143 autem,
1803 2080 1996 2151 inquit,

415 2166 548 2223 illos
579 2174 803 2238 propter
842 2167 1084 2224 laborem
1132 2185 1479 2226 recessuros.
1512 2170 1687 2227 Porro
1721 2173 1999 2243 petierunt

414 2273 446 2312 a
498 2273 605 2324 me,
642 2259 781 2329 quid
828 2274 896 2315 eo
940 2260 1048 2315 loci
1108 2262 1384 2330 operaturi
1435 2271 1643 2317 essent.
1694 2262 1997 2332 Respondi,

413 2350 646 2419 plectam
671 2350 912 2407 facerent
936 2369 951 2419 ;
981 2353 1370 2423 sumptisquee
1395 2353 1593 2424 palude
1624 2353 1769 2409 foliis
1788 2353 2000 2423 palma—

421 2456 565 2506 rum,
622 2440 843 2496 ostendi
876 2440 1013 2512 ipsis
1066 2442 1259 2513 plectat:
1309 2458 1405 2498 seu
1456 2443 1606 2498 l‘unis
1642 2443 1997 2514 principium,

414 2541 583 2602 utque
623 2546 898 2588 censuere
934 2539 1246 2603 oporteret;
1296 2532 1557 2603 dixique:
1609 2530 1800 2588 Facite
1834 2547 1998 2603 spor-

414 2629 520 2687 tas,
557 2636 698 2691 quas
746 2619 978 2677 tradetis
1037 2621 1389 2689 custodibus,
1431 2620 1538 2691 ipsi
1584 2637 1715 2677 vero
1773 2620 2001 2677 all‘erent

416 2713 573 2768 vobis
594 2728 786 2784 panes.
819 2711 1030 2768 Deinde
1057 2713 1323 2770 abscessi.
1359 2713 1429 2768 At
1450 2714 1525 2768 illi
1557 2712 1827 2783 patienter
1852 2728 2000 2784 quat-

413 2817 631 2874 cunque
663 2802 1052 2858 mandaveram
1094 2805 1342 2861 exsecuti
1377 2811 1545 2860 sunt:
1595 2819 1700 2860 nec
1730 2811 1999 2861 venerunt

414 2896 483 2951 ad
518 2911 606 2951 me
637 2895 817 2951 tribus
848 2896 1038 2950 annis.
1072 2894 1188 2966 Ego
1219 2910 1350 2952 vero
1390 2896 1614 2952 assidue
1655 2911 1780 2952 cum
1815 2897 1998 2953 animo

416 3001 545 3042 meo
563 2986 921 3053 colluctabar,
961 2995 1255 3058 reputans:
1291 2987 1491 3058 Ecqua:
1517 2996 1602 3045 est
1642 3003 1836 3044 eorum
1865 3004 1999 3059 ope-

415 3076 578 3140 ratio,
605 3076 757 3146 quod
791 3091 902 3132 non
935 3078 1275 3134 accesserint
1321 3079 1711 3151 interrogaturi
1744 3080 1813 3136 de
1844 3082 2000 3153 cogi-

415 3166 658 3222 tatione?
689 3167 794 3233 Qui
846 3168 1038 3237 procul
1093 3167 1366 3236 habitant,
1419 3170 1645 3225 veniunt
1692 3171 1760 3224 ad
1796 3184 1915 3225 me;
1945 3180 1999 3226 et

419 3257 517 3315 isti
545 3274 668 3314 cum
706 3224 1001 3333 propinqui
1032 3258 1165 3325 sint,
1200 3275 1312 3314 non
1341 3224 1717 3325 accesserunt,
1780 3275 1884 3317 nec
1931 3262 2001 3317 ad
2028 3224 2070 3281 ο

419 3350 553 3406 alios
585 3349 813 3421 profecti
839 3359 1001 3407 sunt:
1058 3350 1327 3406 duntaxat
1346 3358 1578 3423 pergunt
1601 3352 1669 3408 ad
1688 3353 2000 3423 ecclesiam,

422 3441 597 3505 taciti,
633 3450 695 3495 ut
722 3443 1001 3514 accipiant
1029 3442 1388 3499 oblationem.
1422 3443 1595 3516 igitur
1631 3444 1787 3499 oravi
1822 3443 2004 3500 Domi-

417 3548 571 3598 num,
610 3533 868 3603 ieiunans
901 3549 1009 3589 una
1027 3534 1392 3600 hebdomade,
1417 3542 1479 3591 ut
1497 3534 1847 3591 manilestum
1871 3536 2002 3591 mihi

415 3623 640 3689 taceret,
680 3624 945 3695 quidnam
984 3636 1367 3695 operarentur.
1414 3625 1548 3682 Post
1601 3627 2000 3683 hebdomadam

417 3730 549 3771 vero
578 3731 834 3788 surgens,
871 3718 939 3773 ad
970 3734 1067 3775 eos
1096 3719 1229 3786 abii,
1282 3727 1343 3775 ut
1391 3721 1636 3777 intuerer
1685 3735 1796 3792 quo
1842 3720 2004 3777 modo

418 3815 665 3878 agerent.
712 3809 780 3862 Et
832 3823 956 3864 cum
1005 3811 1338 3881 pulsassem,
1398 3821 1752 3883 aperuerunt.
1808 3828 2003 3883 meque

420 3900 728 3955 salutarunt
760 3916 883 3957 cum
945 3903 1184 3959 silentio.
1235 3902 1362 3960 Feci
1410 3905 1734 3971 orationem,
1778 3916 1832 3961 et
1863 3907 2001 3962 sedi.

420 3987 595 4059 Maior
629 3992 807 4046 innuit
836 3992 1031 4048 minori
1068 4001 1127 4049 ut
1147 3995 1535 4065 egrederetur;
1580 3996 1809 4068 ipseque
1837 3997 2000 4064 sedit,

417 4080 487 4136 ad
529 4081 926 4138 conﬁciendam
961 4084 1218 4155 plectam,
1268 4102 1371 4143 nec
1401 4089 1699 4161 quidquam
1742 4090 2004 4160 loqueba-

418 4183 525 4230 tur.
555 4174 637 4228 Ad
670 4165 859 4230 horam
895 4190 1023 4232 vero
1063 4192 1263 4233 nonam
1302 4180 1590 4252 strepitum
1616 4180 1806 4237 edidit.
1843 4179 2005 4236 Venit

412 4267 622 4337 iunior,
645 4266 773 4323 fecit
797 4283 988 4339 parum
1016 4269 1269 4340 polentae,
1296 4286 1360 4327 ac
1378 4272 1584 4342 majore
1605 4274 1888 4337 innuente,
1913 4286 2004 4344 ap-

414 4360 603 4430 posuit
630 4375 899 4428 mensam,
933 4377 1172 4433 cumque
1201 4378 1369 4434 super
1396 4379 1516 4420 eam
1547 4373 1662 4420 tres
1697 4364 2002 4435 paximates

420 4450 725 4522 posuisset,
772 4453 926 4509 stetit
977 4462 1188 4510 tacens.
1243 4453 1357 4525 Ego
1388 4470 1520 4510 vero
1555 4455 1709 4511 dixi:
1756 4454 1998 4527 Surgite,

2096 603 2261 679 ἦλθον
2313 602 2451 675 πρὸς
2495 601 2562 671 μὲ
2610 598 2889 666 λέγοντες·
2943 596 3055 651 Ποῦ
3099 597 3247 650 ἐστιν
3292 597 3326 667 ἡ
3376 593 3542 648 κέλλα
3592 591 3694 647 τοῦ

2100 694 2246 750 assa
2274 691 2565 764 Μακαρίου
2587 705 2602 754 ;
2624 686 2796 757 Κάγὼ
2816 682 2968 740 εἷπον
2992 702 3006 716 ·
3030 687 3096 739 Τί
3117 685 3300 739 θέλετε
3333 683 3498 737 αὐτόν
3527 700 3541 749 ;
3580 684 3695 738 Καὶ

2100 786 2382 856 λέγουσιν·
2443 781 2760 844 Ἀκούοντες
2798 778 2868 832 τὰ
2912 777 3042 847 περὶ
3083 775 3248 830 αὐτοῦ
3295 775 3515 846 καὶτῆς
3543 774 3695 847 Σκή-

2099 896 2261 943 τεως,
2290 875 2529 949 ἦλθομεν
2558 872 2688 926 ἰδεῖν
2710 871 2892 926 αὐτόν.
2925 869 3086 938 Λέγω
3114 868 3300 932 αὐτοῖς
3321 885 3337 901 ο
3379 865 3521 937 Ἑγώ
3550 868 3691 938 είμι.

2103 972 2214 1027 Kal
2245 968 2438 1023 ἐϐαλον
2474 966 2768 1038 μετάνοιαν
2788 1006 2801 1031 ,
2827 962 3084 1033 λέγοντες
3102 978 3119 992 ⁶
3154 954 3284 1013 Ὧδε
3318 958 3546 1031 θέλομεν
3572 962 3694 1029 μεῖ-

2102 1080 2212 1118 ναι.
2260 1056 2403 1128 Ἐγὼ
2433 1058 2490 1112 δέ
2524 1058 2739 1129 βλέπων
2770 1056 2969 1119 αὐτοὺς
3000 1053 3309 1125 τρυφεροὺς
3345 1052 3442 1105 καὶ
3474 1052 3550 1115 ὡς
3583 1049 3699 1104 ἀπὸ

2103 1154 2355 1217 πλούτου,
2387 1151 2535 1221 λέγω
2567 1151 2784 1213 αὐτοῖς·
2812 1147 2886 1202 Οὐ
2918 1144 3148 1200 δύνασθε
3174 1143 3396 1198 καθίσαι
3424 1135 3548 1197 ὦδε.
3578 1143 3694 1197 Kal

2101 1246 2249 1315 λέγει
2275 1246 2304 1297 6
2340 1241 2652 1315 μειξὸτερος
2671 1256 2683 1269 ·
2727 1239 2851 1293 Ἐὰν
2887 1237 2962 1310 μὴ
2992 1236 3277 1308 δυνώμεθα
3301 1235 3522 1290 καθίσαι
3545 1227 3647 1288 ὧδε
3674 1273 3692 1301 ,

2104 1337 2388 1407 ὑπάγομεν
2414 1332 2670 1403 ἀλλαχοῦ.
2697 1330 2855 1399 Λέγω
2873 1328 2985 1398 ἐγὼ
3010 1329 3090 1400 τῷ
3114 1326 3360 1399 λογισμῷ
3388 1344 3516 1399 μουο
3537 1324 3694 1380 Διατί

2102 1427 2289 1482 διώκω
2323 1426 2550 1489 αὐτοὺς,
2585 1423 2683 1478 καὶ
2726 1421 3211 1486 σκανδαλίζονταις
3254 1422 3284 1473 6
3331 1418 3500 1483 κόπος
3545 1420 3697 1473 ποιεῖ

2104 1519 2301 1581 αὐτοὺς
2332 1517 2399 1571 δι’
2431 1513 2643 1569 ἑαυτῶν
2672 1515 2885 1583 φυγεῖν.
2928 1513 3040 1566 Kal
3069 1511 3212 1581 λέγω
3241 1511 3426 1576 αὐτοῖς
3444 1527 3458 1541 ο
3490 1508 3654 1563 Δεῦτε
3674 1550 3690 1577 ,

2106 1612 2370 1681 ποιήσατε
2406 1609 2629 1672 ἑαυτοῖς
2650 1604 2887 1671 κελλίον,
2916 1606 2964 1658 εἰ
2992 1602 3244 1659 δύνασθε.
3280 1603 3390 1657 Kal
3427 1602 3650 1672 λέγουσι
3676 1620 3693 1636 ·

2111 1703 2290 1771 Δεῖξον
2324 1702 2457 1773 ἡμῖν
2479 1699 2667 1763 τόπον,
2700 1698 2795 1752 καὶ
2824 1695 3102 1768 ποιοῦμεν.
3136 1695 3347 1750 Ἔδωκε
3374 1695 3430 1749 δὲ
3455 1696 3636 1760 αὐτοῖς
3664 1697 3698 1748 6

2107 1797 2285 1868 γέρων
2320 1794 2551 1847 πέλεκυν
2573 1790 2642 1857 ⁸⁸,
2672 1791 2766 1844 καὶ
2797 1787 3107 1843 άναϐολίδιν
3140 1787 3185 1820 ⁸⁸
3219 1785 3692 1859 μεστὸν-ψωμίων,

2104 1890 2198 1944 καὶ
2220 1888 2355 1953 ἃλας
2375 1903 2390 1919 °
2415 1884 2586 1950 ἔδειξε
2613 1884 2672 1938 δὲ
2694 1884 2879 1946 αὐτοῖς
2911 1883 2941 1935 6
2968 1881 3149 1953 γέρων
3171 1880 3267 1934 καὶ
3292 1881 3504 1951 πέτραν
3530 1879 3697 1949 σκλη-

2102 1983 2223 2054 ρὰν,
2262 1980 2473 2049 λέγων’
2529 1976 2893 2047 Λατομήσατε
2936 1964 3077 2038 ὧδε,
3113 1972 3209 2027 καὶ
3258 1971 3454 2044 φέρετε
3499 1972 3688 2034 αὐτοῖς

2100 2074 2233 2141 ξύλα
2260 2073 2325 2126 ἐκ
2355 2069 2452 2124 τοῦ
2478 2069 2654 2135 ἕλους,
2683 2067 2777 2121 καὶ
2810 2066 3177 2135 στεγάσαντες
3205 2064 3490 2119 καθίσατε.
3537 2063 3690 2116 Ἐνόο

2103 2166 2257 2237 μιζον
2287 2164 2343 2218 δέ
2364 2161 2495 2232 ἐγὼ,
2530 2161 2719 2233 φησὶν,
2748 2160 2829 2213 ὅτι
2863 2158 3118 2231 μέλλουσι
3137 2157 3228 2211 διὰ
3256 2158 3348 2211 τὸν
3373 2158 3540 2212 κόπον
3557 2157 3694 2211 ἀνα-

2100 2257 2295 2328 χωρεῖν
2318 2253 2384 2309 ⁸⁸.
2415 2250 2733 2323 Ἦρώτησαν
2748 2249 2806 2304 δέ
2831 2267 2920 2319 με,
2938 2249 2995 2303 τί
3014 2245 3355 2321 ἐργάζωνται
3379 2240 3504 2302 ὧδε.
3530 2247 3692 2317 Λέγω

2099 2349 2280 2410 αὐτοῖς
2305 2364 2317 2376 ⁸
2337 2344 2449 2416 Τὴν
2485 2343 2672 2414 σειρὰν
2694 2361 2708 2374 ·
2744 2341 2841 2396 καὶ
2859 2340 3123 2413 λαμϐάνω
3148 2340 3278 2412 ﬂata
3300 2341 3364 2393 ἐκ
3391 2336 3486 2393 τοῦ
3508 2338 3685 2404 ἕλους,

2101 2439 2197 2492 καὶ
2230 2434 2461 2490 δεικνύω
2497 2434 2684 2496 αὐτοῖς
2716 2431 2815 2504 τὴν
2849 2431 3024 2503 ἀρχὴν
3055 2431 3156 2502 τῆς
3193 2431 3413 2503 σειρᾶς,
3441 2430 3537 2485 καὶ
3566 2429 3686 2495 πῶς

2102 2529 2328 2601 ῥάπτειν
2356 2525 2456 2591 δεῖ,
2487 2524 2582 2579 καὶ
2616 2519 2801 2577 εἷπονο
2848 2523 3060 2576 Ποιείτε
3101 2520 3394 2593 σπυρίδας,
3423 2520 3518 2575 καὶ
3547 2537 3691 2591 παρ-

2098 2619 2251 2691 έχετε
2282 2620 2396 2681 τοϊς
2430 2615 2755 2686 φύλαξι,καὶ
2794 2613 3049 2688 φέρουσιν
3081 2613 3210 2685 ὑμῖν
3238 2612 3448 2685 ψωμια.
3484 2613 3692 2668 Λοιπὸν

2098 2705 2191 2765 οὖν
2219 2707 2331 2780 ἐγὼ
2366 2706 2709 2779 ἀνεχώρησα.
2741 2705 2906 2759 Αὐτοὶ
2942 2703 2998 2757 δὲ
3043 2703 3163 2775 μεθ’
3203 2705 3478 2776 ὑπομονῆς
3507 2705 3694 2760 πάντα

2099 2801 2384 2871 ἐποίησαν,
2424 2799 2524 2852 ὅσα
2559 2793 2712 2851 εἷπον
2751 2796 2937 2860 αὐτοῖς
2957 2811 2970 2827 ’
3016 2795 3111 2849 καὶ
3145 2794 3207 2850 ob
3241 2794 3549 2868 παρέϐαλόν
3595 2812 3692 2866 μοι

2098 2892 2192 2944 ἐπὶ
2228 2890 2356 2963 τρία
2393 2889 2511 2960 ἐτη.
2555 2887 2666 2941 Kal
2695 2886 2888 2956 ἔμεινα
2930 2884 3184 2957 πολεμῶν
3217 2888 3331 2951 τοῖς
3366 2885 3650 2956 λογισμοῖς
3673 2924 3689 2952 ,

2099 2985 2271 3052 λέγων
2291 3001 2306 3015 ·
2346 2981 2444 3046 Τίς
2470 2980 2581 3054 ἄρα
2613 2979 2763 3033 ἐστὶν
2792 2981 2826 3050 ἡ
2860 2978 3092 3051 ἐργασία
3123 2978 3327 3046 αὐτῶν,
3362 2979 3445 3034 ὅτι
3467 2980 3569 3033 οὐκ
3593 2974 3693 3050 ἦλ-

2101 3075 2193 3129 θον
2224 3074 2502 3146 ἐρωτῆσαι
2530 3070 2815 3143 λογισμόν;
2843 3072 2907 3125 Οί
2941 3070 3049 3124 ἀπὸ
3088 3070 3327 3142 μήκοθεν
3360 3071 3404 3103 ⁸⁷
3437 3072 3695 3143 ἔρχονται

2102 3169 2238 3240 πρὸς
2270 3168 2338 3238 μέ
2358 3187 2371 3198 ·
2404 3167 2500 3221 καὶ
2522 3159 2666 3221 οὗτοι
2691 3164 2741 3217 οἱ
2771 3163 2939 3233 ἐγγὺς
2965 3163 3067 3217 οὐκ
3098 3158 3284 3234 ἦλθον,
3309 3161 3433 3216 οὔτε
3468 3163 3528 3217 δὲ
3552 3162 3697 3233 πρὸς

2103 3259 2296 3324 ἄλλους
2331 3258 2541 3328 ὑπῆγον
2563 3275 2577 3288 ο
2618 3260 2668 3311 εί
2704 3257 2780 3330 μὴ
2813 3255 2972 3328 μόνον
2999 3255 3078 3319 είς
3117 3254 3215 3326 τὴν
3240 3252 3539 3326 ἐκκλησίαν
3563 3271 3700 3308 σιω-

2104 3349 2351 3414 πῶντες,
2405 3346 2592 3401 λαϐεῖν
2636 3347 2736 3418 τὴν
2774 3344 3112 3419 προσφοράν.
3164 3346 3278 3399 Kal
3313 3342 3570 3417 ηὐξάμην
3618 3345 3697 3416 τῷ

2104 3440 2224 3512 Θεῷ
2251 3437 2559 3511 νηστεύσας
2595 3437 2697 3509 τὴν
2725 3437 3019 3508 ἑϐδομάδα,
3061 3436 3148 3490 ἵνα
3171 3434 3320 3508 δείξῃ
3354 3453 3444 3508 μοι
3469 3435 3570 3508 τὴν
3597 3437 3699 3508 ἐρ-

2104 3531 2302 3603 γασίαν
2356 3529 2556 3585 αὐτῶν.
2622 3528 2885 3592 Ἀναστὰς
2939 3529 2997 3583 δὲ
3049 3528 3189 3600 μετὰ
3246 3528 3346 3600 τὴν
3396 3528 3697 3600 ἐϐδομάδα,

2104 3622 2351 3694 ἀπῆλθον
2378 3622 2518 3692 πρὸς
2544 3620 2746 3686 αὐτοὺς
2780 3621 2907 3675 ἰδεῖν
2942 3620 3059 3684 πῶς
3081 3620 3367 3695 κάθηνται.
3397 3622 3510 3676 Kal
3530 3621 3703 3691 κρού-

2108 3714 2303 3777 σαντός
2336 3730 2437 3784 μου
2462 3712 2731 3785 ἀνέῳξαν,
2766 3714 2861 3767 καὶ
2891 3712 3207 3783 ἠσπάσαντο
3245 3729 3314 3783 με
3344 3711 3661 3775 σιωπῶντες
3680 3728 3699 3743 ο

2105 3807 2200 3861 καὶ
2236 3806 2468 3878 ποιήσας
2494 3804 2683 3876 εὐχὴν,
2711 3804 2962 3858 ἐκάθισα.
3001 3804 3219 3868 Νεύσας
3240 3803 3298 3858 δὲ
3321 3804 3351 3856 6
3382 3804 3586 3875 μείζων
3615 3804 3703 3876 τῷ

2108 3898 2418 3969 μικροτέρῳ
2457 3895 2714 3961 ἐξελθεῖν,
2756 3895 2979 3950 ἐκάθισε
3012 3894 3235 3949 πλέκειν
3261 3894 3309 3927 ⁸⁸
3339 3895 3435 3967 τὴν
3477 3894 3699 3966 σειρὰν,

2103 3986 2347 4060 λαλήσας
2392 3986 2589 4058 μηδέν·
2638 3986 2734 4041 καὶ
2771 3989 2841 4057 τῇ
2872 3985 2992 4058 ὥρᾳ.
3030 3986 3133 4056 τῆς
3170 3986 3397 4059 ἐνάτης,
3439 3985 3701 4058 ἔκρουσε,

2105 4079 2200 4133 καὶ
2225 4073 2388 4150 ἦλθεν
2417 4080 2446 4132 ὁ
2473 4075 2736 4148 νεώτερος
2768 4077 2834 4142 ⁸⁸,
2863 4079 2959 4133 καὶ
2985 4077 3209 4148 ἐποίησε
3241 4077 3438 4150 μικρὸν
3466 4077 3663 4148 ἕψημα
3681 4119 3703 4145 ,

2104 4169 2199 4224 καὶ
2222 4169 2503 4242 παρέθηκε
2537 4167 2840 4239 τράπεζαν,
2877 4168 3168 4233 νεύσαντος
3199 4168 3346 4240 αὐτῷ
3382 4168 3476 4223 τοῦ
3514 4169 3703 4241 μειζο-

2102 4261 2262 4332 τέρου
2289 4277 2303 4292 ·
2343 4263 2437 4317 κα)⁵
2465 4261 2662 4332 έθηκεν
2692 4261 2771 4324 εἰς
2813 4262 2984 4334 αὐτὴν
3016 4264 3167 4335 τρεῖς
3200 4263 3527 4333 παξαμάδας
3548 4302 3564 4327 ,
3598 4266 3704 4318 καὶ

2104 4353 2233 4424 ἔστη
2273 4352 2516 4408 σιωπῶν.
2558 4351 2699 4423 Ἐγὼ
2729 4354 2786 4407 δὲ
2812 4348 2997 4408 εἷπονο
3042 4353 3375 4426 Ἐγείρεσθε,
3404 4353 3700 4425 φάγωμεν.

2104 4446 2214 4499 Kal
2236 4445 2592 4510 ἀναστάντες,
2622 4445 2903 4518 ἐφάγομεν
2923 4463 2938 4479 ’
2957 4445 3053 4501 καὶ
3074 4447 3274 4517 ἤνεγκε
3294 4446 3353 4500 τὺ
3375 4446 3703 4516 βαυκάλιον,

417 4543 799 4600 eomedamus.
826 4544 958 4600 Inde
985 4553 1402 4616 consurgentes,
1431 4548 1615 4603 cibum
1636 4548 1996 4617 sumpsimus.

2107 4538 2202 4591 καὶ
2241 4537 2490 4607 ἐπίομεν.
2543 4537 2629 4600 Ὠς
2661 4537 2719 4591 δὲ
2765 4537 2982 4606 ἐγένετο
3026 4537 3284 4634 ἑσπέρα..
3303 4537 3524 4608 λέγουσί
3564 4554 3699 4609 μοι·

421 4633 622 4690 Attulit
648 4634 902 4700 baucale,
935 4650 1001 4691 ac
1018 4637 1276 4692 bibimus.
1305 4637 1378 4692 Ut
1406 4649 1585 4693 autem
1624 4639 1847 4694 advenit
1907 4654 2001 4694 ve-

416 4739 600 4795 spera,
654 4732 849 4797 petunt
890 4741 921 4781 a
960 4742 1081 4783 me:
1131 4726 1468 4785 Reccdisne?
1513 4728 1821 4801 Respondi:
1855 4729 1996 4795 Non,

417 4813 513 4869 sed
544 4814 634 4870 hic
667 4814 903 4871 dormio.
939 4815 1097 4874 Unde
1135 4829 1439 4890 posuerunt
1482 4821 1614 4875 mihi
1650 4829 1893 4877 stoream
1928 4838 1996 4879 ex

417 4915 589 4976 parte,
617 4911 671 4960 et
700 4905 804 4961 sibi
834 4905 905 4961 ad
930 4908 1096 4963 alium
1124 4911 1387 4982 angulum
1418 4926 1485 4968 ex
1519 4923 1705 4983 parte:
1727 4912 2000 4967 tulerunt-

415 5012 526 5067 que
562 5011 733 5053 zonas
773 5013 905 5054 suas
941 5008 997 5055 et
1030 5001 1426 5070 succinctoria,
1460 5004 1739 5075 simulque
1762 5004 2002 5060 colloca.

414 5098 615 5145 verunt
645 5105 705 5145 se
743 5090 800 5144 in
852 5098 1023 5146 matta
1065 5104 1195 5149 ante
1241 5109 1348 5150 me.
1393 5096 1663 5153 Caeterum
1704 5105 1998 5168 postquam

414 5188 845 5251 composuerunt
880 5198 961 5247 se,
985 5184 1138 5238 oravi
1167 5170 1431 5241 Deum‘ut
1458 5187 1593 5241 mihi
1620 5188 1998 5257 operationem

414 5288 608 5330 eorum
644 5275 934 5332 revelaret.
969 5275 1123 5334 Tunc
1159 5286 1410 5347 apertum
1438 5287 1526 5335 est
1557 5288 1790 5344 tectum,
1844 5286 1998 5335 orta-

416 5381 523 5433 :iue
549 5373 638 5423 est
673 5366 791 5430 lux,
824 5367 975 5424 velut
1026 5384 1124 5439 per
1152 5368 1321 5435 diem,
1353 5369 1459 5438 ipsi
1496 5378 1680 5426 autem
1735 5384 1846 5425 non
1875 5384 1996 5425 cer-

415 5459 619 5514 nebant
648 5458 848 5517 lucem.
883 5460 1021 5517 Cum
1053 5477 1181 5518 vero
1210 5463 1601 5520 existimarunt
1616 5462 1861 5518 dormire
1880 5476 1990 5521 me.

372 5576 377 5581 ~
416 5546 592 5618 maior
629 5547 837 5606 fodicat
865 5552 1099 5609 minoris
1129 5553 1294 5611 latus.
1334 5553 1712 5626 Consurgunt,
1763 5550 1993 5621 cingunt

488 5737 645 5819 ':_Al.
673 5738 899 5819 πέλυκα,
924 5742 968 5775 ⁸⁹
1001 5745 1464 5819 ¹λ1.-άνςιιϐολίδιον.
1541 5751 1585 5782 ⁸⁸
1617 5751 1696 5805 ΑΙ.
1732 5749 1976 5819 φεύγειν.

2120 4626 2418 4695 Ὕπάγειςς
2456 4625 2596 4697 Ἐγὼ
2619 4627 2674 4680 δὲ
2702 4622 2856 4681 εἷπον
2880 4645 2894 4658 ⁸
2924 4627 3079 4699 Οὐχὶ,
3107 4628 3224 4682 ἀλλ’
3249 4620 3349 4683 ὦδε
3385 4628 3698 4701 κοιμῶμαι.

2107 4718 2217 4773 Kal
2244 4716 2450 4788 ἐθηκάν
2483 4735 2573 4788 μοι
2600 4717 2815 4788 ψιάθιον
2850 4718 3001 4790 παρὰ
3032 4718 3226 4791 μέρος,
3250 4718 3345 4773 καὶ
3378 4720 3593 4785 ἑαυτοῖς
3613 4723 3703 4786 εἰς

2104 4810 2203 4882 τὴν
2224 4812 2270 4842 ⁸ο
2293 4810 2496 4879 γωνίαν
2525 4811 2677 4883 παρά
2715 4811 2879 4883 μέρος
2897 4828 2910 4843 ·
2940 4812 3036 4866 καὶ
3071 4807 3211 4883 ἦραν
3238 4813 3338 4877 τὰς
3366 4812 3546 4877 ζώνας
3590 4815 3700 4867 ab-

2104 4903 2213 4958 τῶν
2246 4903 2498 4967 καὶ.τοὺς
2529 4903 2832 4968 ἁναλάϐους
2853 4945 2868 4969 ,
2908 4904 3003 4958 καὶ
3040 4904 3244 4976 ἔθηκαν
3283 4906 3510 4970 ἑαυτοὺς
3552 4905 3699 4976 ὁμοῦ

2104 4996 2184 5057 είς
2207 4993 2268 5047 τὸ
2290 4993 2507 5063 etiam
2533 4994 2846 5067 ἔμπροσθέν
2870 5014 2992 5066 μου.
3026 4996 3114 5059 Ὦς
3128 4997 3184 5050 δέ
3207 4996 3412 5069 ἔθηκαν
3437 4998 3695 5065 ἑαυτοὺς,

2105 5086 2358 5158 ηὐξάμην
2391 5086 2472 5157 τῷ
2499 5085 2651 5158 θεῷ,
2680 5088 2770 5142 i'va
2801 5104 2891 5157 μοι
2929 5087 3256 5161 ἀποκαλύψῃ
3293 5088 3393 5159 τὴν
3425 5087 3699 5159 ἐργασίαν

2104 5178 2304 5233 αὐτῶν.
2342 5178 2451 5233 Καὶ
2488 5178 2736 5250 ἡνεῲχθη
2776 5180 2809 5250 ἡ
2854 5180 3020 5251 στέγη
3042 5221 3056 5245 ,
3090 5180 3181 5233 καὶ
3213 5179 3431 5249 ἐγένετο
3458 5178 3571 5249 φῶς
3612 5180 3697 5245 ὡς

2105 5271 2287 5341 ἡμέρα
2326 5271 2368 5302 in
2392 5286 2406 5300 ο
2453 5270 2608 5324 αὐτοὶ
2636 5270 2694 5324 δὲ
2733 5271 2835 5325 οὐκ
2864 5270 3133 5344 ἐθεώρουν
3169 5272 3231 5325 τὸ
3274 5269 3412 5341 φῶς.
3454 5272 3566 5325 Kal
3613 5268 3699 5334 ὡς

2103 5359 2351 5433 ἐνόμιζον
2383 5362 2465 5416 ὅτι
2509 5361 2814 5434 κοιμῶμαι,
2852 5362 3042 5417 νύσσει
3063 5364 3093 5417 ὁ
3127 5363 3329 5434 μείζων
3369 5362 3460 5417 τὸν
3490 5362 3695 5434 μικρό-

2100 5472 2257 5527 τερον
2298 5457 2379 5520 είς
2412 5455 2511 5528 τὴν
2554 5455 2817 5528 πλευρὰν,
2852 5456 2947 5510 καὶ
2986 5457 3312 5528 ἐγείρονται,
3346 5457 3441 5511 καὶ
3481 5454 3692 5521 ζώνου-

2102 5565 2185 5599 σιν
2215 5547 2261 5579 ⁸⁸
2293 5548 2541 5613 ἑαυτοὺς,
2579 5549 2672 5601 καὶ
2701 5547 3002 5603 ἐκτείνουσι
3029 5548 3129 5613 τὰς
3152 5551 3341 5621 χεῖρας
3371 5551 3450 5613 είς
3473 5548 3566 5602 τδν
3592 5548 3690 5601 ob-

2094 5749 2137 5782 "
2168 5747 2250 5801 Al.
2287 5747 2579 5819 μακρόθεν.
2658 5748 2704 5781 ⁸⁸
2728 5748 2812 5803 Al.
2843 5748 3079 5805 πλέκων.
3123 5750 3164 5783 ’⁵⁸
3199 5750 3284 5806 Al.
3329 5750 3691 5827 μικρότερος.

419 5804 466 5841 ³⁷
498 5806 585 5863 ΔΙ.
610 5805 773 5863 inscr.
818 5810 1004 5881 ἄλλην.
1084 5816 1123 5846 ⁹¹
1161 5819 1247 5871 Al.
1292 5820 1349 5872 ὲν
1381 5820 1585 5892 ἡμέρᾳ.
1663 5804 1707 5854 ⁸⁸
1737 5804 1822 5875 ill.
1848 5804 2221 5887 'waio-nw.
