4032 6334
366 295 476 352 279

1516 298 1863 356 APPENDlX
1899 300 1992 357 AD
2022 301 2438 365 PALLADIUM.

3527 311 3636 369 280

361 413 548 489 pueris
603 409 896 482 pascebam
948 410 1233 497 buculas:
1275 418 1330 466 et
1379 423 1745 485 perrexerunt
1796 416 1947 474 fura-

2052 423 2181 489 δίον,
2233 426 2371 497 μετά
2405 424 2515 479 τῶν
2544 424 2719 481 ἄλλων
2752 426 2978 481 παιδίων
3010 425 3235 483 ἔϐοσκον
3284 426 3491 493 βοΐδια*
3534 431 3635 487 καὶ

362 523 479 564 tum
513 508 678 564 ﬁcus.
730 504 982 576 Dumque
1015 493 1271 570 currunt,
1303 518 1410 558 una
1470 521 1538 561 ex
1595 507 1664 563 iis
1709 508 1942 565 cecidit:

361 617 527 674 quam
559 600 761 656 tollens
811 597 1048 654 comedi.
1081 595 1311 663 Quoties
1362 610 1495 670 ergo
1539 598 1662 669 ejus
1693 601 1777 656 rei
1804 601 1949 658 redit

362 694 642 757 memoria,
666 692 891 763 plorans
921 690 1102 746 sedeo.

433 788 524 844 '58.
565 786 677 859 (ll)
708 783 958 839 Narravit
986 783 1157 837 abbas
1191 781 1497 839 Macarius:
1527 783 1636 842 Iter
1661 799 1826 857 agens
1849 784 1943 840 ali-

362 879 588 951 quando
618 893 717 948 per
748 889 1020 939 eremum,
1059 874 1242 929 iuveni
1278 877 1575 931 calvariam
1620 877 1825 932 mortui
1876 875 1945 931 ad

360 974 537 1029 solum
560 970 867 1039 jacentem;
898 982 1062 1038 quam
1095 982 1219 1022 cum
1244 968 1456 1038 palmeo
1478 969 1676 1025 baculo
1700 968 1947 1040 quassis-

358 1080 495 1128 sem,
531 1063 715 1118 locuta
739 1060 872 1115 mihi
904 1067 990 1116 est
1026 1060 1286 1115 calvaria.
1314 1059 1448 1115 Dico
1472 1061 1522 1116 ei
1553 1060 1666 1117 :Tu
1698 1062 1824 1132 quis
1853 1062 1947 1117 es?

362 1153 661 1225 Respondit
687 1153 821 1207 mihi
850 1152 1087 1208 calvaria
1118 1168 1133 1206 :
1169 1151 1283 1224 Ego
1314 1167 1462 1208 eram
1498 1153 1746 1225 pontifex
1772 1154 1946 1210 idolo-

359 1260 479 1301 rum
496 1259 798 1314 eorumque
826 1245 1110 1315 gentilium
1135 1245 1227 1314 qui
1256 1245 1361 1300 hoc
1392 1246 1514 1300 loco
1543 1248 1941 1315 morabantur;

358 1347 416 1394 tu
446 1353 577 1393 vero
610 1353 672 1394 es
728 1336 1004 1393 Macarius
1051 1339 1143 1407 qui
1179 1336 1446 1411 Spiritum
1493 1338 1586 1395 Dei
1624 1339 1767 1396 fers:
1810 1355 1944 1412 qua-

358 1446 577 1500 cunque
632 1429 767 1483 hora
807 1436 1119 1484 commotus
1160 1428 1333 1485 fueris
1382 1430 1768 1485 misericordia
1815 1446 1944 1503 erga

357 1537 454 1578 cos
475 1521 571 1593 qui
597 1520 652 1575 in
675 1521 967 1577 tormentis
989 1528 1301 1586 versantur,
1328 1530 1382 1576 et
1411 1522 1658 1578 oraveris
1681 1538 1780 1592 pro
1810 1523 1942 1589 illis,

357 1616 618 1688 exiguum
660 1615 907 1671 sentiunt
951 1614 1232 1670 solatium.
1274 1612 1368 1668 Ait
1411 1629 1614 1670 senex:
1656 1612 1942 1680 Quodnam

358 1717 443 1764 est
477 1709 760 1772 solatium,
789 1715 844 1762 et
898 1707 1177 1777 quodnam
1227 1707 1594 1762 tormentum?
1641 1706 1941 1773 Quantum,

358 1801 560 1871 inquit,
602 1815 631 1853 a
683 1808 829 1854 terra
861 1798 1029 1853 distat
1060 1797 1282 1861 caelum,
1317 1805 1534 1852 tantum
1568 1806 1651 1853 est
1679 1798 1820 1869 ignis
1870 1798 1947 1854 iu-

358 1889 443 1945 fra
474 1906 595 1954 nos,
622 1906 651 1943 a
680 1888 909 1959 pedibus
940 1888 1007 1942 ad
1049 1896 1214 1957 caput
1248 1888 1529 1944 stantibus
1557 1889 1718 1944 nobis
1750 1889 1805 1943 in
1836 1905 1949 1945 mc-

358 1984 453 2037 dio
486 1982 662 2053 ignis;
719 1996 821 2036 nec
861 1980 991 2034 licet
1024 1977 1164 2034 facie
1197 1978 1264 2033 ad
1304 1978 1502 2033 faciem
1537 1978 1725 2035 videre
1757 1995 1949 2049 quem-

357 2091 553 2145 quam;
579 2073 672 2129 sed
704 2072 976 2143 cujusque
1008 2070 1181 2127 facies
1210 2071 1376 2126 dorso
1426 2070 1655 2126 alterius
1685 2069 1944 2126 adhaeret.

357 2166 592 2234 Quando
622 2165 792 2236 igitur
836 2178 965 2219 oras
995 2179 1097 2233 pro.
1131 2161 1316 2226 nobis,
1344 2177 1490 2218 unus
1520 2177 1589 2218 ex
1629 2170 1785 2231 parte
1820 2177 1946 2233 spe.

356 2264 469 2311 etut
501 2255 696 2310 faciem
727 2254 973 2308 alterius.
1009 2251 1126 2306 Hoc
1153 2257 1239 2306 est
1271 2249 1550 2304 solatium.
1593 2248 1657 2302 Et
1693 2247 1830 2302 ﬂens
1859 2261 1947 2302 se-

359 2362 484 2412 nex,
514 2345 683 2400 dixit:
716 2342 808 2398 Vae
831 2342 936 2399 diei
966 2343 1022 2396 in
1055 2356 1164 2413 qua
1193 2350 1356 2397 natus
1384 2347 1468 2396 est
1489 2340 1678 2396 homo!
1700 2339 1944 2394 Addidit:

368 2438 537 2494 Estne
586 2436 732 2492 aliud
767 2434 990 2507 gravius
1023 2433 1388 2504 supplicium?
1412 2431 1621 2487 Retulit
1663 2431 1943 2485 cranium:

357 2531 532 2601 Major
554 2544 716 2601 pmna
744 2536 831 2585 est
866 2527 1056 2583 subter
1077 2542 1203 2582 nos.
1239 2523 1380 2580 Tum
1402 2539 1607 2582 senex:
1635 2522 1702 2577 Et
1719 2521 1946 2593 quinam

358 2624 474 2679 illic
508 2622 753 2693 degunt?
784 2620 1043 2689 Excepit:
1073 2617 1208 2680 Nos,
1236 2624 1427 2688 utpote
1456 2617 1549 2687 qui
1574 2614 1947 2693 ignoravimus

361 2714 554 2781 Deum,
590 2692 835 2767 imodice
882 2708 1321 2766 misericordiam
1366 2708 1760 2781 consequimur
1780 2692 1944 2776 {Equi

359 2821 495 2863 vero
528 2810 913 2874 cognoverunt
945 2801 1140 2866 Deum,
1170 2808 1227 2856 et
1254 2806 1596 2870 negaverunt
1635 2814 1785 2865 eum,
1815 2797 1948 2853 sub-

358 2903 450 2951 tus
484 2908 588 2949 nos
616 2898 767 2950 sunt.
798 2890 956 2951 Tunc
979 2905 1146 2951 senex
1176 2889 1473 2949 calvariam
1500 2904 1744 2953 sumens,
1776 2888 1945 2946 humo

358 2986 661 3044 mandavit.

2051 518 2293 588 ἀπῆλθον
2323 518 2518 589 κλέψαι
2559 518 2794 573 συκίδια.
2838 519 2950 573 Kal
2986 518 3064 582 ὡς
3100 526 3408 590 τρέχουσιν,
3438 520 3637 577 ἔπεσεν

2049 609 2107 663 ἓν
2135 609 2195 674 ἐξ
2222 609 2400 665 αὐτῶν
2420 627 2434 642 ο
2458 611 2549 664 καὶ
2571 609 2749 663 λαϐὼν
2768 610 2972 680 ἔφαγον
2996 610 3129 664 αὑτό
3149 628 3161 641 ·
3186 612 3282 665 καὶ
3307 613 3399 667 ὅτε
3425 630 3639 686 μνημοη

2049 700 2224 755 νεύσω
2256 700 2442 769 αὐτοῦ,
2477 701 2724 774 κάθημαι
2747 702 2970 760 κλαίων.

2120 792 2223 863 λη’.
2262 789 2431 848 Εἶπεν
2453 796 2482 847 6
2508 794 2684 858 άόὁᾶς
2710 794 2994 866 Μακάριος
3020 794 3126 859 ὅτι,
3149 795 3480 866 Περιπατῶν
3501 812 3638 849 ποτε

2049 885 2128 947 είς
2160 885 2260 955 τὴν
2289 883 2517 957 ἔρημον,
2554 878 2711 957 εὗρον
2750 884 2971 956 κρανίον
3011 886 3092 948 είς
3131 884 3192 937 τὸ
3221 884 3415 953 ἔδαφος
3436 885 3639 956 νεκροῦ
3673 883 3689 897 ⁸

2046 976 2378 1049 ἐρριμμένον
2399 995 2411 1009 ’
2456 977 2553 1030 καὶ
2594 976 2863 1041 σαλεύσας
2905 976 3039 1031 αὐτὸ
3093 977 3161 1047 τῇ
3212 976 3372 1049 βαῖνῃ
3427 976 3635 1049 ῥάϐδῳ,

2048 1068 2276 1139 ἐλάλησέ
2315 1085 2408 1139 μοι
2440 1068 2502 1122 τὸ
2534 1067 2777 1140 κρανίον.
2808 1068 2918 1121 Kal.
2942 1067 3087 1136 λέγω
3109 1066 3259 1138 αὐτῷ
3280 1083 3293 1099 ·
3324 1068 3397 1122 Σὺ
3425 1068 3511 1132 τίς
3534 1063 3631 1135 εἷς

2060 1158 2360 1231 Ἀπεκρίθη
2402 1176 2492 1230 μοι
2531 1159 2595 1212 τὸ
2635 1159 2896 1230 κρανίον
2958 1156 3101 1227 Ἐγὼ
3146 1157 3295 1230 ήμην
3340 1157 3633 1229 ἀρχιερεὺς

2046 1247 2155 1302 τῶν
2185 1247 2440 1314 εἰδώλων,
2470 1247 2563 1301 καὶ
2588 1246 2699 1301 τῶν
2738 1246 3039 1319 μεινάντων
3080 1246 3351 1318 Ἐλλήνων
3384 1247 3431 1280 ³⁸
3462 1249 3520 1300 ἐν
3552 1246 3637 1317 τῷ

2045 1340 2197 1411 τόπῳ
2223 1338 2397 1410 τούτῳ
2416 1353 2429 1368 ⁸
2472 1338 2538 1392 σὺ
2584 1338 2642 1392 δὲ
2678 1334 2729 1391 εἷ
2760 1339 3049 1410 Μακάριος
3081 1339 3110 1392 6
3149 1338 3596 1409 πνευματοφόρος
3617 1355 3634 1370 ο

2045 1431 2164 1486 οἵαν
2187 1430 2336 1503 ὥραν
2364 1429 2771 1501 σπλαγχνισθῇς
2790 1429 2920 1493 τοὺς
2942 1430 3001 1483 ἐν
3024 1431 3091 1500 τῇ
3119 1428 3360 1494 κολάσει,
3384 1429 3479 1482 καὶ
3499 1426 3639 1502 εὔχῃ

2046 1521 2177 1592 περὶ
2219 1519 2421 1586 αὐτῶν,
2458 1519 2915 1592 παραμυθοῦνται
2957 1519 3156 1588 ὀλίγον.
3204 1520 3368 1588 Λέγει
3412 1518 3562 1591 αὐτῷ
3607 1521 3641 1573 6

2045 1612 2223 1683 γέρων
2242 1628 2256 1643 ο
2289 1609 2425 1664 Ποία
2457 1611 2610 1665 ἐστὶν
2651 1612 2684 1681 ή
2720 1609 3063 1682 παραμυθία,
3090 1610 3183 1664 καὶ
3210 1609 3295 1674 τίς
3319 1610 3353 1680 ἢ
3382 1609 3635 1675 κόλασιςζ

2048 1700 2211 1770 Λέγει
2241 1700 2390 1772 αὐτῷ
2410 1718 2424 1730 ·
2466 1702 2629 1755 Ὅσον
2663 1701 2860 1771 ἀπέχει
2899 1703 2928 1755 6
2969 1700 3199 1772 οὐρανὸς
3232 1700 3478 1773 άπὸ-τῆς
3508 1700 3639 1770 γῆς,

2048 1795 2302 1850 τοσοῦτόν
2335 1795 2455 1847 ἐστι
2486 1793 2548 1846 τὸ
2594 1793 2706 1864 πῦρ
2739 1790 3094 1846 ὑποκάτωθεν
3121 1790 3303 1862 ἡμῶν,
3328 1790 3436 1844 ἀπὸ
3459 1790 3641 1843 ποδῶν

2050 1888 2155 1952 ἓως
2177 1885 2423 1956 κεφαλῆς
2455 1884 2767 1955 ἑστηκότων
2797 1886 2830 1955 ἠ
2841 1883 2958 1956 μῶν
2982 1883 3147 1955 μέσον
3173 1882 3268 1937 τοῦ
3301 1882 3473 1954 πυρός
3491 1899 3510 1914 ι
3542 1883 3640 1936 καὶ

2048 1985 2149 2037 οὐκ
2182 1982 2297 2035 ἔστι
2328 1981 2617 2052 πρόσωπον
2654 1979 2790 2051 πρὸς
2823 1978 3115 2050 πρόσωπον
3148 1977 3447 2032 θεάσασθαί
3473 1989 3635 2032 τινα·

2048 2074 2184 2128 ἀλλὰ
2212 2073 2277 2144 τὸ
2304 2073 2598 2145 πρόσωπον
2618 2073 2664 2105 ⁵⁸
2696 2072 2950 2138 ἑκάστου,
2973 2071 3110 2143 πρὸς
3140 2070 3233 2124 τὸν
3262 2069 3450 2141 ἐτέρου
3470 2069 3643 2124 νῶτον

2050 2167 2394 2238 κεκόλληται.
2423 2167 2513 2231 Ὦς
2545 2160 2638 2220 οὖν
2665 2164 2801 2239 εὔχῃ
2828 2163 2968 2236 ὑπὲρ
2991 2162 3172 2235 ήμῶν,
3204 2163 3270 2214 ἐκ
3311 2162 3514 2233 μέρους
3552 2177 3643 2224 τις

2049 2258 2244 2331 θεωρεῖ
2258 2259 2318 2312 τὸ
2337 2259 2626 2329 πρόσωπον
2649 2255 2743 2309 τοῦ
2768 2255 2979 2328 ἐτέρου.
2996 2252 3148 2325 Αὕτη
3164 2253 3312 2307 ἐστὶν
3329 2255 3364 2324 ή
3381 2269 3641 2324 παραμυ-

2049 2349 2160 2406 θία.
2196 2350 2307 2409 Καὶ
2330 2348 2573 2412 κλαύσας
2588 2350 2616 2401 6
2637 2346 2813 2417 γέρων
2833 2343 2986 2400 εἶπεν
3006 2364 3020 2380 ο
3036 2346 3172 2399 Οὐαὶ
3199 2347 3267 2416 τῇ
3298 2344 3481 2416 ἡμέρᾳ
3500 2343 3560 2396 ἐν

2048 2440 2353 2512 ἐγεννήθηό
2369 2439 2654 2511 ἅνθρωπος
2669 2438 2738 2492 ⁸⁸.
2760 2439 2929 2507 Λέγει
2958 2436 3107 2509 αὐτῷ
3137 2438 3165 2491 6
3195 2437 3375 2508 γέρων
3398 2452 3413 2465 ·
3450 2435 3644 2489 Ἔστιν

2047 2531 2180 2604 άλλη
2199 2532 2399 2602 χείρων
2441 2531 2712 2601 βάσανος;
2739 2529 2906 2597 Λέγει
2937 2527 3086 2599 αὐτῷ
3130 2526 3191 2581 τὸ
3217 2524 3470 2597 κρανίον⁶
3504 2526 3643 2578 Mat-

2047 2625 2247 2697 ζοτέρα
2274 2623 2502 2694 βάσανός
2527 2625 2673 2676 ἐστιν
2706 2619 3063 2674 ὑποκάτωθεν
3093 2618 3273 2690 ήμῶν.
3300 2616 3466 2686 Λέγει
3489 2614 3646 2685 αὐτῷ

2046 2721 2076 2774 6
2104 2720 2281 2791 γέρων
2301 2734 2317 2750 ο
2349 2717 2460 2770 Kal
2494 2714 2640 2779 τίνες
2676 2713 2813 2767 εἰσὶν
2853 2714 2999 2778 ἐκεῖ;
3038 2711 3200 2780 Λέγει
3240 2708 3390 2781 αὐτῷ
3420 2706 3484 2761 τὸ
3512 2724 3647 2779 κραι-

2047 2804 2192 2858 νίον·
2248 2803 2442 2874 Ἡμεῖς
2492 2799 2569 2865 ὡς
2613 2798 2689 2871 μή
2733 2797 2936 2862 εἰδότες
2977 2797 3069 2850 τδν
3107 2795 3258 2861 Θεὸν,
3308 2793 3414 2847 κᾶν
3461 2792 3645 2863 ὀλίγον

2047 2893 2347 2966 ἐλεούμεθα
2365 2909 2380 2924 ·
2405 2894 2456 2947 ol
2488 2891 2544 2946 δέ
2573 2890 2891 2962 ἐπιγνόντες
2914 2888 3005 2944 τὸν
3030 2888 3184 2955 Θεὸν,
3211 2887 3305 2941 καὶ¹
3325 2885 3647 2958 ἀρνησάμε-

2053 3005 2132 3044 νοι
2161 2986 2323 3041 αὑτὸν
2337 2982 2951 3055 ⁸⁷,ὐποκάτωθενξήμῶν
2978 2982 3108 3038 είσι.
3134 2979 3248 3036 Kal
3280 2977 3461 3032 λαϐὼν
3486 2978 3516 3032 6
3547 2976 3645 3047 γέ-

2056 3097 2166 3153 ρων
2202 3077 2265 3132 τὸ
2298 3077 2538 3151 κρανίον,
2579 3075 2785 3148 ἔχωσεν
2812 3075 2963 3132 αὐτό.

428 3159 518 3215 39.
555 3159 668 3231 (l2)
704 3158 921 3216 Dictum
954 3167 1040 3216 est
1073 3160 1140 3217 de
1171 3159 1373 3218 abbate
1396 3161 1633 3216 Macario
1660 3160 1940 3233 Egyptio,

2056 3137 2068 3153 ι
2115 3170 2213 3225 λθ’.
2250 3137 2475 3238 Ἔλεγον
2507 3137 2642 3239 περῖ
2677 3165 2770 3221 τοῦ
2818 3165 2963 3221 ά66ἄ
2998 3163 3289 3237 Μακαρίου
3333 3159 3429 3217 τοῦ
3468 3162 3641 3231 Alvu-

358 3253 508 3324 quod
544 3252 843 3324 aliquando
880 3269 910 3309 e
942 3251 1089 3309 Sceti
1122 3254 1457 3310 ascendebat
1490 3254 1544 3308 in
1581 3263 1822 3308 montem
1850 3251 1945 3307 Ni-

359 3347 500 3410 triae,
550 3352 606 3400 et
659 3356 718 3400 ut
767 3360 942 3416 prope
989 3346 1170 3400 locum
1215 3345 1450 3409 exstitit,
1495 3345 1634 3399 dixit
1674 3344 1946 3414 discipulo

359 3453 462 3493 suo
510 3456 524 3493 :
579 3436 837 3494 l’raacede
888 3438 1198 3510 paululum.
1259 3437 1508 3507 Cumque
1548 3437 1640 3493 ille
1687 3437 1944 3508 praeiret,

359 3531 582 3586 obvium
615 3531 806 3586 habuit
843 3531 1138 3601 quemdam
1178 3531 1497 3586 Graecorum
1528 3544 1623 3585 seu
1663 3530 1947 3602 gentilium

359 3623 726 3679 sacerdotem.
775 3621 859 3677 Ad
907 3637 1070 3692 quem
1122 3623 1369 3678 clamans
1419 3621 1613 3687 frater,
1679 3622 1944 3688 vocabat,

360 3714 501 3781 lleu,
534 3714 662 3780 heu,
703 3714 983 3784 inquiens,
1017 3728 1129 3784 quo
1163 3715 1369 3777 curris,
1404 3713 1659 3769 daemon?
1690 3712 1785 3769 llle
1817 3727 1949 3768 vero

360 3820 686 3870 conversus,
722 3805 915 3875 plagas
946 3803 996 3859 ei
1039 3802 1258 3868 inﬂixit,
1291 3803 1626 3873 reliquitque
1656 3801 1947 3857 semimor-

361 3909 540 3954 tuum.
584 3898 664 3951 Ac
702 3897 905 3952 tollens
935 3894 1088 3968 quod
1120 3894 1380 3965 portabat
1408 3895 1641 3965 lignum,
1681 3891 1946 3947 cucurrit.

359 3990 652 4047 Paululum
684 4004 978 4062 progresso
1049 3989 1294 4045 occurrit
1342 3988 1486 4042 inter
1513 4001 1743 4043 cursum
1779 3985 1951 4042 abbas

362 4084 660 4151 Macarius,
693 4083 790 4155 qui
830 4083 969 4139 dixit
997 4080 1047 4138 ei
1082 4098 1098 4135 :
1127 4080 1326 4137 Salvus
1366 4079 1467 4148 sis,
1505 4079 1694 4136 salvus
1737 4078 1838 4144 sis,
1874 4078 1954 4132 la-

361 4180 497 4235 bore
541 4176 817 4234 confecte.
863 4176 961 4232 Ille
1004 4172 1335 4240 admiratus,
1387 4175 1540 4229 venit
1587 4171 1655 4227 ad
1701 4187 1852 4236 eum,
1897 4177 1953 4226 et

362 4273 440 4328 ait
474 4290 488 4328 :
522 4271 665 4339 Quid
697 4270 824 4326 boni
850 4268 1035 4326 vidisti
1065 4268 1119 4323 in
1151 4283 1260 4333 me,
1289 4266 1438 4337 quod
1471 4280 1560 4320 me
1585 4263 1955 4321 salutaveris?

364 4365 503 4420 Tum
545 4380 713 4419 senex
747 4387 757 4418 :
791 4361 1065 4430 Quoniam
1097 4358 1365 4430 conspexi
1402 4364 1458 4413 te
1481 4357 1670 4411 labore
1702 4355 1951 4422 fessum;

2048 3262 2227 3327 πτίου,
2260 3261 2342 3314 ὅτι
2375 3258 2627 3314 ἀνέϐαινέ
2658 3274 2789 3311 ποτε
2819 3259 2883 3310 ἐκ
2906 3256 3014 3327 τῆς
3035 3256 3291 3326 Σκήτεως
3322 3254 3403 3317 είς
3425 3253 3487 3307 τὸ
3512 3252 3645 3324 ὅρος

2046 3354 2149 3425 τῆς
2186 3352 2418 3424 Νιτρίας
2438 3367 2453 3383 °
2494 3351 2589 3405 καὶ
2610 3351 2687 3414 ὡς
2710 3351 2938 3421 ήγγισεν
2965 3351 3045 3414 είς
3080 3348 3171 3402 τὸν
3195 3348 3382 3412 τόπον,
3419 3341 3542 3400 εἷπε
3565 3342 3648 3415 τῷ

2052 3447 2269 3518 μαθητῇ
2296 3444 2463 3501 αὐτοῦ
2484 3461 2496 3473 ·
2526 3443 2776 3517 Πρόλαϐε
2809 3443 3027 3516 μικρόν.
3058 3443 3170 3496 Kal
3192 3442 3250 3496 ἐν
3274 3440 3353 3512 τῷ
3378 3440 3648 3512 προάγειν

2049 3539 2235 3603 αὐτὸν,
2263 3538 2500 3609 συναντᾷ
2523 3554 2631 3590 τινι
2665 3538 2803 3609 ἱερεῖ
2829 3535 2937 3589 τῶν
2973 3534 3242 3605 Ἐλλήνων
3262 3550 3278 3566 ο
3308 3533 3404 3587 καὶ
3430 3531 3643 3604 κράξας

2050 3630 2199 3701 αὐτῷ
2242 3632 2270 3684 6
2305 3628 2553 3698 ἁδελφὸς,
2603 3625 2803 3698 ἐφώνει
2844 3626 3019 3697 λέγων
3041 3643 3054 3657 ·
3090 3626 3158 3680 Ai
3196 3625 3254 3679 αἳ
3282 3626 3494 3695 δαῖμον,
3534 3622 3645 3677 ποῦ

2048 3722 2293 3794 τρέχειςς
2335 3721 2607 3792 Στραφεὶς
2635 3719 2694 3773 δέ
2740 3720 2971 3782 ἐκεῖνος,
3021 3717 3157 3772 διδοῖ
3197 3716 3348 3788 αὐτῷ
3400 3713 3643 3785 πληγάς,

2051 3816 2145 3871 καὶ
2178 3815 2330 3884 ἀφίει
2362 3814 2526 3869 αὑτὸν
2558 3812 2821 3884 ἡμιθανῆ.
2853 3812 2964 3866 Kal
2985 3812 3125 3883 άρας
3146 3810 3210 3864 τὸ
3241 3809 3399 3877 ξύλον
3428 3808 3642 3880 ἔτρεχε.

2051 3905 2163 3959 Καὶ
2177 3904 2441 3974 προϐάντι
2458 3902 2659 3971 ὀλίγον,
2688 3902 2924 3973 συναντᾷ
2946 3900 3096 3972 αὐτῷ
3112 3902 3141 3955 ὁ
3161 3900 3336 3965 assa;
3351 3899 3646 3969 Μακάριος

2051 3999 2332 4072 τρέχοντι·
2366 3997 2461 4051 καὶ
2487 3995 2637 4063 λέγει
2669 3992 2819 4064 αὐτῷ
2838 4010 2852 4024 ·
2880 3992 3140 4065 Σωθείης,
3175 3990 3426 4062 σωθείης,
3457 4006 3649 4059 καμα-

2050 4090 2209 4163 τηρέ.
2250 4090 2362 4144 Kal
2416 4086 2704 4158 θαυμάσας
2734 4081 2867 4159 ἦλθε
2911 4085 3049 4157 πρὸς
3093 4084 3279 4149 αὑτὸν,
3310 4082 3408 4138 καὶ
3451 4075 3645 4135 εἷπενο

2053 4184 2120 4237 Τί
2154 4182 2316 4237 καλὸν
2346 4177 2485 4243 εῐδες
2512 4180 2572 4233 ἐν
2600 4177 2745 4250 ἐμοὶ,
2768 4178 2851 4232 ὅτι
2877 4176 3330 4250 προσηγόρευσάς
3356 4192 3452 4246 ps;
3477 4173 3649 4243 Λέγει

2053 4272 2204 4344 αὐτῷ
2234 4276 2262 4328 6
2289 4272 2468 4342 γέρων
2493 4288 2507 4303 ·
2539 4271 2662 4324 Ὅτι
2695 4266 2835 4324 εἶδόν
2865 4286 2925 4323 σε
2958 4267 3238 4323 κοπιῶντα
3261 4284 3275 4299 ο
3310 4267 3407 4321 καὶ
3435 4266 3536 4319 οὐκ
3563 4260 3649 4318 οϊ-

2053 4367 2150 4431 δας
2178 4367 2260 4420 ὅτι
2281 4366 2361 4428 εἰς
2378 4363 2533 4418 κενὸν
2550 4364 2769 4434 κοπιᾷς.
2788 4361 2953 4430 Λέγει
2976 4360 3127 4432 αὐτῷ
3141 4360 3237 4415 καὶ
3253 4359 3418 4423 αὑτός
3437 4375 3451 4390 ’
3474 4355 3653 4426 Κάγὼ

365 4471 430 4511 ac
484 4456 668 4511 nescis
705 4462 757 4509 te
801 4456 856 4507 in
895 4466 1100 4506 vanum
1146 4449 1459 4520 defatigari.
1511 4446 1783 4505 Sacerdos
1816 4463 1947 4520 quo-

2056 4459 2148 4512 ἐπὶ
2175 4457 2252 4529 τῷ
2283 4456 2561 4526 ἀσπασμῷ
2589 4472 2682 4508 σου
2706 4454 3010 4523 κατενύγην
3033 4469 3046 4484 ·
3080 4452 3175 4507 καὶ
3199 4451 3403 4522 ἔμαθον
3430 4451 3512 4505 ὃτι
3547 4448 3651 4504 τοῦ

362 4564 471 4619 que
498 4570 508 4603 :
545 4547 656 4617 Ego
686 4545 1018 4600 salutatione
1051 4550 1146 4596 tua
1175 4547 1543 4610 compunctus
1571 4556 1726 4607 sum;
1767 4549 1822 4596 et
1854 4555 1950 4595 co-

363 4639 527 4710 guovi
569 4655 633 4694 ex
666 4645 821 4707 parte
859 4636 953 4691 Dei
985 4642 1039 4690 te
1077 4649 1223 4689 esse.
1259 4632 1417 4687 Alius
1453 4647 1585 4687 vero
1618 4633 1797 4687 malus
1830 4647 1952 4686 mo-

363 4732 599 4793 nachus.
671 4730 868 4785 obvius
923 4728 1125 4795 factus,
1190 4723 1529 4781 contumelia
1593 4740 1682 4781 me
1734 4723 1947 4793 affecit;

374 4838 539 4896 quare
567 4838 668 4894 ego
705 4822 829 4877 dedi
862 4822 911 4878 ei
955 4823 1144 4893 plagas
1184 4819 1252 4875 ad
1283 4828 1537 4874 mortem.
1579 4818 1814 4889 Agnovit
1852 4832 1952 4872 au-

324 4944 330 4949 -
369 4928 477 4974 tem
509 4931 677 4973 senex
708 4915 855 4986 quod
893 4914 961 4970 de
990 4914 1264 4983 discipulo
1287 4930 1390 4970 suo
1429 4914 1766 4984 loqueretur.
1797 4909 1954 4966 Tunc

366 5007 729 5080 apprehensis
756 5006 907 5063 senis
936 5006 1171 5076 pedibus
1197 5004 1456 5061 sacerdos
1490 5004 1565 5059 ita
1594 5004 1812 5059 locutus
1835 5011 1948 5060 est:

368 5101 485 5157 Non
529 5101 805 5157 dimittam
851 5107 926 5163 te,
961 5099 1067 5155 nisi
1116 5113 1203 5153 me
1240 5096 1439 5154 feceris
1480 5097 1837 5153 monachum.
1886 5095 1954 5150 Et

366 5201 642 5250 venerunt
669 5206 916 5254 sursum,
947 5190 1040 5245 ubi
1075 5196 1195 5245 erat
1215 5188 1540 5253 monachus,
1565 5194 1954 5257 portaverunt-

370 5305 477 5360 que
521 5289 675 5344 illum
729 5286 798 5342 ad
845 5281 1140 5341 ecclesiam
1182 5283 1409 5337 montis.
1446 5279 1623 5336 Porro
1662 5288 1952 5337 cernentes

374 5383 718 5439 sacerdotem
755 5396 881 5435 cum
929 5392 1016 5444 eo,
1064 5375 1356 5446 stupefacti
1401 5380 1530 5429 sunt
1565 5395 1575 5429 :
1609 5382 1665 5430 et
1704 5372 1954 5430 fecerunt

2061 4550 2264 4622 μέρους
2299 4548 2394 4601 τοῦ
2429 4546 2564 4601 Θεοῦ
2598 4543 2666 4601 εἴ.
2703 4545 2897 4610 Ἀλλος
2926 4546 2982 4600 δὲ
3016 4545 3187 4609 κακὸς
3223 4544 3454 4617 μοναχδς
3470 4545 3650 4615 ἀπαν-

2056 4643 2232 4712 τήσας
2272 4659 2385 4712 μοι,
2435 4639 2629 4711 ὓϐρισέ
2676 4656 2745 4709 με
2770 4655 2783 4669 ’
2832 4637 2990 4707 κάγὼ
3028 4638 3208 4693 ἔδωκα
3241 4637 3389 4709 αὐτῷ
3432 4637 3653 4707 πληγὰς

2060 4736 2142 4798 είς
2164 4732 2413 4788 θάνατον.
2444 4731 2555 4786 Kal
2588 4729 2729 4801 ἔγνω
2759 4732 2788 4786 6
2825 4730 3006 4803 γέρων
3034 4731 3117 4785 ὅτι
3142 4733 3170 4784 6
3207 4729 3454 4802 μαθητὴς
3482 4728 3652 4784 αὑτοῦ

2060 4828 2196 4880 ἐστι.
2241 4825 2352 4879 Καὶ
2387 4825 2670 4897 κρατήσας
2694 4824 2821 4887 τοὺς
2865 4823 3033 4888 πόδας
3058 4823 3224 4877 αὑτοῦ
3252 4825 3282 4877 6
3315 4824 3497 4893 ἱερεὺς
3531 4821 3653 4876 ἐλε-

2060 4932 2191 4986 γεν·
2225 4917 2341 4971 Οὐκ
2364 4915 2485 4985 ἀφῶ
2518 4932 2601 4981 σε,
2634 4916 2728 4970 ἐὰν
2754 4915 2829 4988 μὴ
2863 4917 3099 4989 ποιήσῃς
3128 4931 3196 4986 με
3245 4914 3500 4985 μοναχὸν.
3538 4913 3653 4967 Kal

2058 5004 2221 5082 ἦλθον
2251 5009 2437 5063 ἐπάνω
2477 5007 2611 5061 ὅπου
2639 5002 2707 5078 ἦν
2735 5008 2765 5060 6
2796 5005 3051 5078 μοναχδς,
3088 5004 3182 5059 καὶ
3214 5004 3520 5068 ἐϐάσταξαν
3550 5003 3653 5057 αὖα

2058 5100 2172 5166 τὸν,
2200 5100 2296 5154 καὶ
2338 5100 2577 5171 ήνεγκαν
2604 5099 2685 5162 είς
2724 5097 2824 5170 τὴν
2861 5096 3160 5167 ἐκκλησίαν
3194 5095 3286 5150 τοῦ
3322 5095 3505 5167 ὅρους.
3537 5093 3655 5148 Kal

2063 5187 2262 5255 ῑδόντες
2294 5191 2386 5245 τὸν
2418 5191 2571 5262 ἱερέα
2602 5191 2719 5262 μετ’
2745 5189 2937 5252 αὑτοῦ,
2974 5189 3296 5259 ἐξέστησανο
3331 5187 3427 5240 καὶ
3457 5185 3652 5255 ἐποίη-

2061 5297 2161 5335 σαν
2190 5282 2354 5336 αὐτὸν
2392 5281 2644 5353 μοναχόν.
2689 5281 2803 5335 Kal
2835 5280 3023 5334 πολλοὶ
3064 5278 3175 5333 τῶν
3223 5277 3492 5349 Ἑλλήνων
3528 5277 3655 5345 ἐγέ-

2059 5390 2212 5428 νοντο
2234 5374 2301 5428 δι’
2328 5373 2492 5428 αὑτὸν
2522 5372 2863 5445 Χριστιανοί.
2900 5372 3127 5442 Ἔλεγεν
3156 5366 3249 5426 οὗν
3278 5372 3307 5424 6
3334 5370 3511 5434 assa;
3534 5371 3657 5424 Ma—

444 5538 492 5612 "f
512 5541 603 5612 Al.
646 5538 960 5612 lspebcadiv
1002 5535 1275 5612 Ἐλλήνων
1304 5533 1414 5612 τῶν
1444 5551 1502 5612 μί
1568 5531 1737 5612 μιλλε.
1765 5529 1953 5595 νῶτος.
2031 5530 2077 5563 ⁵⁸
2111 5534 2196 5589 Al.
2222 5533 2352 5589 add.
2379 5537 2426 5589 εί
2453 5532 2589 5604 αὐτή
2615 5532 2765 5589 ἐστιν
2794 5534 2827 5604 ἡ
2861 5530 3185 5605 παραμυθία
3223 5530 3320 5600 τῆς
3351 5527 3655 5592 κολάσεως.

372 5609 419 5641 ⁸⁷
463 5600 720 5666 ALiuscr'.
757 5600 851 5663 καὶ
880 5609 955 5680 μὴ
980 5600 1305 5678 ποιήσαντες
1336 5600 1501 5658 αὐτοῦ
1532 5601 1593 5656 τὸ
1622 5600 1856 5672 θέλημα.

448 5768 561 5841 (Η)
606 5766 708 5825 Vit.
742 5767 894 5823 Patr.
930 5781 1011 5834 ut,
1046 5765 1131 5821 l6.

2141 5753 2250 5827 (l2)
2293 5753 2390 5809 Vit.
2428 5752 2577 5808 Patr.
2607 5767 2684 5821 III,
2714 5749 2833 5805 127.
