4032 6334
258 393 351 452 281

1388 387 2010 448 ΛΡΟΡΙΙΤΙΙΕΟΜᾹΤΑ
2049 389 2358 448 ΡΛΤΒυΜ.

3409 394 3524 453 282

252 513 456 584 κάριος,
494 508 581 562 ὅτι
626 510 657 565 6
701 508 859 578 λόγος
893 508 923 562 6
965 507 1132 572 κακδς
1157 506 1290 577 (15),
1324 510 1419 563 καὶ
1456 510 1585 574 τοὺς
1629 509 1827 574 καλοὺς

1935 510 2083 565 illum
2119 511 2471 567 monachum.
2505 510 2774 584 llultique
2811 512 3096 586 gentilium
3128 520 3358 585 propter
3390 528 3517 570 eum

249 603 393 657 ποιεῖ
429 598 639 664 κακούς
656 616 672 631 ·
721 599 817 655 καὶ
843 601 873 654 6
919 597 1086 664 καλὸς
1116 598 1295 668 λόγος,
1333 600 1431 654 καὶ
1457 600 1585 665 τοὺς
1625 602 1829 667 κακοὺς

250 694 390 748 ποιεῖ
415 690 637 755 καλούς.

316 870 388 941 μ’.
427 869 657 939 Ἔλεγον
686 869 815 940 περὶ
839 865 936 921 τοῦ
962 868 1106 923 ἀϐϐᾶ
1141 869 1449 942 Μακαρίου,
1485 871 1567 925 ὅτι
1597 869 1829 935 ἀπόντος

244 961 433 1028 αὐτοῦ,
460 960 681 1031 εἰσῆλθε
729 960 932 1032 λῃστὴς
963 961 1044 1024 είς
1076 959 1137 1015 τὸ
1177 961 1388 1015 κελλίον
1410 961 1598 1017 αὐτοῦ.
1642 963 1829 1034 Παρα-

242 1053 537 1123 γενομένου
564 1051 622 1105 δὲ
662 1050 830 1106 αὐτοῦ
855 1054 938 1115 είς
976 1052 1038 1105 τὸ
1078 1052 1312 1117 κελλίον,
1347 1047 1474 1125 εὗρε
1511 1053 1604 1107 τὸν
1626 1053 1830 1124 λῃστὴν

242 1162 303 1214 γε
311 1146 537 1216 μίζοντα
557 1145 658 1217 τὴν
684 1146 932 1216 κάμηλον
952 1144 1022 1198 τὰ
1040 1144 1210 1217 σκεύη
1238 1144 1424 1200 αὐτοῦ.
1446 1145 1617 1210 Αὐτὸς
1635 1145 1693 1199 δὲ
1717 1147 1831 1198 sla-

240 1236 409 1291 ελθὼν
438 1240 523 1301 είς
572 1237 640 1291 τὺ
676 1237 908 1301 κελλίον,
942 1236 1247 1307 ἐλάμϐανεν
1291 1237 1401 1292 ἀπὸ
1435 1237 1546 1291 τῶν
1594 1237 1827 1301 σκευῶν,

241 1331 336 1384 καὶ
387 1328 715 1400 συνεγέμιζε
764 1329 883 1400 μετ’
930 1329 1096 1384 αὐτοῦ
1143 1329 1243 1402 τὴν
1286 1329 1557 1401 κάμηλον.
1600 1329 1689 1393 Ὧς
1734 1322 1830 1382 οὖν

240 1421 530 1490 ἐγέμισαν,
559 1420 764 1493 ἤρξατο
785 1423 814 1474 6
837 1419 1040 1493 λῃστὴς
1060 1420 1288 1475 τύπτειν
1315 1421 1415 1492 τὴν
1440 1420 1708 1492 κάμηλον,
1741 1420 1829 1474 ἵνα

239 1516 479 1585 ἀναστῇ·
516 1515 611 1567 κα)⁸
636 1514 740 1567 οὐκ
770 1512 1046 1585 ἠγείρετο.
1090 1512 1239 1568 Ἰδὼν
1270 1513 1327 1566 δὲ
1358 1516 1388 1568 6
1432 1513 1609 1577 ἀϐϐᾶς
1633 1513 1827 1567 Μακά-

239 1624 355 1679 pro;
379 1607 463 1659 ὅτι
489 1606 592 1659 οὐκ
631 1605 925 1676 ἐγείρεται,
966 1605 1225 1659 εἰσελθὼν
1258 1606 1317 1660 έν
1349 1605 1428 1676 τῷ
1474 1604 1672 1677 κελλίῳ
1700 1597 1829 1676 εὗρε

238 1699 438 1770 μικρὸν
463 1697 709 1752 σκαλίδιν
729 1698 776 1731 ⁸⁸
800 1714 812 1729 ⁸
843 1698 939 1752 καὶ
984 1697 1232 1752 ἐκϐαλὼν
1255 1697 1324 1762 ⁸⁹,
1345 1695 1583 1767 ἐπέθηκε
1624 1698 1691 1767 τῇ
1731 1714 1830 1750 κα-

238 1792 420 1862 μήλῳ,
452 1790 661 1860 λέγων·
708 1790 952 1860 ’Δδελφὲ,
980 1789 1141 1844 τοῦτο
1173 1791 1329 1862 ξητεῖ
1353 1793 1387 1862 ἡ
1422 1790 1688 1861 κάμηλος.
1722 1790 1829 1844 Kal

1935 602 2065 657 facti
2098 612 2229 658 sunt
2256 602 2577 660 Christiani.
2626 606 2923 664 Asserebat
2965 621 3097 677 ergo
3132 606 3304 662 abbas
3352 604 3525 661 Maca-

1935 696 2074 761 rius,
2111 696 2258 765 quod
2312 712 2496 753 sermo
2537 699 2740 765 malus,
2788 704 2953 755 etiam
2999 701 3175 756 bonos
3225 701 3398 755 malos
3440 699 3522 755 fa-

1934 787 2079 849 ciat,
2111 793 2166 841 et
2190 802 2373 842 sermo
2400 788 2602 852 bonus,
2635 790 2801 844 etiam
2834 791 3011 845 malos
3050 791 3247 846 bonos.

2003 877 2095 931 ιο.
2137 877 2211 932 De
2256 879 2455 934 abbate
2484 879 2726 935 Macario
2776 883 3179 946 memorabant,
3209 882 3378 953 quod,
3420 881 3521 936 ab-

1935 977 2091 1024 sente
2120 968 2236 1034 illo,
2271 968 2557 1040 ingressus
2589 972 2663 1026 sit
2701 972 2846 1025 latro
2884 972 2939 1026 in
2975 972 3167 1028 cellam
3201 974 3340 1043 ejus.
3378 972 3517 1028 Cum

1935 1074 2114 1116 autem
2161 1062 2439 1127 rediisset,
2491 1063 2702 1120 invenit
2761 1066 3054 1133 latronem,
3104 1068 3197 1138 qui
3247 1066 3521 1122 carnelum

1935 1152 2273 1221 supellectile
2321 1167 2419 1208 sua
2469 1154 2753 1210 onerabat.
2803 1155 2923 1226 Ipse
2968 1157 3139 1227 igitur
3191 1157 3407 1211 intrans
3463 1157 3521 1211 in

1935 1246 2156 1310 cellam,
2192 1244 2263 1301 de
2290 1247 2440 1303 vasis
2469 1247 2793 1317 accipiebat,
2834 1257 3024 1304 et.una
3056 1264 3181 1304 cum
3215 1265 3282 1305 eo
3324 1263 3523 1304 onera-

1934 1337 2029 1391 bat
2060 1337 2355 1393 camelum.
2388 1337 2459 1393 Ut
2507 1353 2645 1409 ergo
2683 1339 2960 1395 sarcinam
3005 1341 3372 1405 immiserunt,
3403 1355 3521 1394 ca:-

1935 1427 2014 1497 pit
2069 1428 2159 1482 fur
2196 1428 2489 1484 verberare
2537 1428 2833 1495 camelum,
2890 1436 2948 1484 ut
3000 1439 3252 1499 surgeret
3296 1443 3521 1499 :neque

1935 1519 2220 1590 surgebat.
2258 1518 2462 1576 Videns
2505 1535 2671 1590 porro
2715 1521 2887 1576 abbas
2918 1520 3192 1576 Macarius
3222 1518 3367 1590 quod
3409 1533 3519 1573 non

1932 1620 2275 1683 exsurgeret,
2308 1614 2504 1669 cellam
2536 1615 2844 1686 ingressus,
2887 1614 3095 1670 invenit
3129 1628 3359 1685 parvum
3398 1627 3520 1668 sar-

1933 1706 2161 1773 culum;
2223 1707 2603 1776 emissumque
2655 1707 2920 1777 imposuit
2965 1706 3209 1769 camelo,
3266 1704 3457 1759 dicens
3498 1720 3515 1759 :

1934 1796 2147 1861 Frater,
2191 1797 2298 1855 hoc
2329 1801 2611 1870 quaerebat
2651 1799 2918 1854 camelus.
2953 1797 3096 1853 Pede
3130 1811 3260 1852 vero
3293 1796 3520 1867 pulsans

234 1881 479 1952 κρούσας
530 1882 702 1952 αὐτὴν
749 1884 778 1935 6
821 1882 1003 1953 γέρων
1050 1881 1129 1953 τῷ
1165 1881 1308 1943 ποδὶ,
1352 1881 1534 1949 λέγει·
1578 1882 1827 1934 Ἀνάστα.

1935 1906 2059 1947 eum
2123 1906 2313 1956 senex,
2366 1891 2443 1945 ait
2495 1891 2742 1963 :Surge.
2792 1889 3211 1959 Confestimque
3254 1887 3517 1953 surrexit,

234 1974 350 2026 Kal
372 1973 577 2037 εὐθέως
609 1973 834 2045 ἀνέστη,
853 1974 948 2027 καὶ¹
975 1972 1187 2043 ἀπῆλθε
1214 1973 1408 2043 μικρὸν
1426 1973 1516 2026 διὰ
1538 1973 1631 2027 τὸν
1660 1971 1820 2041 λόγον

232 2066 425 2120 αὐτοῦ.
458 2066 571 2120 Kal
596 2064 758 2118 πάλιν
783 2064 1026 2129 ἐκάθισε,
1057 2065 1151 2119 καὶ¹
1176 2066 1277 2119 οὐκ
1310 2064 1510 2136 ἀνέστη
1530 2103 1545 2129 ,
1583 2065 1689 2128 ἕως
1722 2065 1825 2146 ἀπε

232 2156 498 2227 εγέμισαν
544 2156 643 2209 ὅλα
667 2155 739 2210 τὰ
773 2156 944 2227 σκεύη
963 2173 977 2188 ·
1013 2156 1107 2210 xal
1134 2155 1307 2219 οὕτως
1331 2156 1594 2228 ἀπῆλθεν.

310 2342 419 2407 μα’.
454 2334 517 2389 '0
543 2336 720 2400 ἀϐϐἄς
756 2336 884 2390 Ἀῐὼ
911 2336 1167 2410 ⁴Ιιριὶιτησε
1193 2339 1287 2393 τὸν
1309 2338 1485 2394 ἀϐϐᾶν
1509 2338 1820 2410 Μακάριον,

235 2424 408 2494 λέγων
429 2441 444 2455 ·
475 2425 617 2479 Είπέ
648 2443 739 2497 μοι
775 2426 945 2498 ῥῆμα.
976 2427 1141 2497 Λέγει
1177 2429 1328 2501 αὐτῷ
1358 2432 1387 2485 6
1423 2429 1598 2494 ἀϐϐἄς
1629 2431 1823 2485 Μακά-

238 2533 381 2586 ριος·
412 2515 589 2585 Φεῦγε
621 2520 749 2581 τοὺς
776 2517 1098 2589 ἀνθρώπους
1115 2537 1130 2551 ·
1164 2520 1392 2575 κάθισον
1419 2524 1500 2586 είς
1522 2522 1585 2576 τὸ
1610 2523 1822 2577 κελλίον

236 2624 351 2673 σου,
387 2608 484 2662 xal
524 2607 759 2663 κλαῦσον
787 2610 883 2674 τὰς
907 2611 1186 2683 ἁμαρτίας
1214 2629 1309 2667 σου
1330 2631 1344 2645 ’
1374 2615 1467 2668 καὶ
1502 2615 1576 2686 μὴ
1607 2615 1824 2686 ἀγαπή-

235 2712 334 2770 σῃς
365 2697 556 2752 λαλιὰν
584 2697 887 2769 ἀνθρώπων
920 2714 934 2728 ·
966 2701 1060 2754 καὶ
1098 2700 1266 2775 σώζῃ.

680 2812 822 2881 Περὶ
856 2813 963 2870 τοῦ
996 2815 1147 2871 ἀόϐᾶ
1170 2816 1378 2886 Μωσῆ.

304 2901 375 2957 a'.
414 2905 764 2979 Ἑπολεμήθη
796 2907 927 2961 ποτὲ
952 2909 981 2960 6
1019 2907 1196 2972 ἀϐϐἄς
1232 2910 1476 2981 Μωῦσῆς
1506 2911 1553 2943 ⁶⁰
1583 2912 1663 2975 είς
1686 2927 1822 2982 πορ-

237 2994 385 3050 νείαν
406 2996 584 3051 πάνυ·
618 2999 715 3051 καὶ
748 2998 948 3069 μηκέτι
996 3000 1197 3071 ίσχύων
1229 3002 1450 3057 καθίσαι
1490 3007 1572 3069 εἰς
1612 3004 1672 3058 τὺ
1698 3005 1824 3059 κελ-

234 3087 368 3154 λίον,
398 3088 634 3159 ἀπῆλθε,
662 3090 756 3143 καὶ
788 3090 1079 3162 ἀνήγγειλε
1114 3092 1193 3163 τῷ
1225 3093 1369 3165 άϐϐᾷ
1410 3095 1687 3168 Ἰσιδώρῳ.
1712 3097 1826 3152 Kal

236 3181 612 3281 παρεκάλεσεν
636 3181 816 3281 ἀὐτὸν
857 3185 886 3238 6
931 3184 1132 3255 γέρων,
1173 3185 1261 3238 ἵνα
1294 3187 1610 3260 ὑποστρέψῃ
1656 3191 1737 3253 είς
1764 3188 1825 3242 τὺ
1851 3223 1894 3281 C

236 3270 448 3325 κελλίον
497 3271 684 3327 αὐτοῦ.
719 3274 830 3327 Kal
867 3274 927 3327 οὐ
960 3274 1304 3343 κατεδέξατο,
1357 3276 1532 3346 λέγων
1576 3279 1678 3344 ὅτι,
1709 3280 1824 3333 Οὐκ

239 3362 428 3431 ἰσχύω,
463 3361 630 3417 ἀϐϐἄ.
667 3364 778 3418 Kal
806 3364 986 3419 λαϐὼν
1019 3366 1181 3419 αὐτὸν
1212 3365 1331 3437 μεθ’
1371 3366 1593 3433 ἑαυτοῦ,
1620 3369 1827 3440 ἀνήγα-

235 3471 330 3522 γεν
363 3455 445 3518 εἰς
490 3454 553 3507 τὸ
584 3454 761 3526 δῶμα,
796 3457 890 3509 καὶ
919 3457 1067 3528 λέγει
1109 3457 1290 3529 αὐτῷ·
1333 3460 1576 3531 Πρόσχες
1622 3464 1702 3525 εἰς
1734 3463 1825 3515 δυ-

237 3544 397 3613 σμάς.
429 3545 543 3598 Kal
565 3546 837 3617 προσχὼν,
863 3543 971 3603 εἶδε
996 3549 1200 3621 πλῆθος
1222 3550 1491 3623 δαιμόνων
1522 3554 1828 3626 ἀναρίθμη-

235 3653 357 3689 τον·
391 3638 489 3691 καὶ⁵
532 3632 673 3710 ἦσαν
721 3642 1139 3712 τεταραγμένοι,
1189 3643 1282 3697 καὶ
1329 3644 1687 3716 θορυϐοῦντες
1730 3646 1825 3700 τοῦ

236 3728 512 3797 ¹ιοολεμεῖν.
536 3729 700 3798 Λέγει
726 3731 876 3802 αὑτῷ
902 3734 1067 3788 πάλιν
1094 3736 1122 3787 6
1146 3734 1322 3799 ἀϐϐἄς
1364 3735 1661 3809 Ἰσίδωρος·
1696 3735 1827 3790 Βλέ-

236 3821 335 3889 ψον
364 3822 462 3875 καὶ
506 3824 588 3885 εἰς
628 3821 728 3885 τὰς
771 3824 1055 3890 ἀνατολάς.
1088 3827 1199 3881 Kal
1239 3826 1531 3898 προσέσχε,
1569 3829 1660 3882 καὶ
1688 3825 1826 3883 εἶδεν

237 3912 591 3985 ἀναρίθμητα
645 3914 826 3986 πλήθη
884 3915 1055 3985 ἁγίων
1107 3919 1354 3988 ἀγγέλων
1402 3920 1823 3993 δεδοξασμένων.

237 4004 346 4055 Kal
393 4002 548 4057 εἶπεν
598 4006 627 4058 6
670 4005 846 4070 ἀϐϐἄς
884 4006 1186 4081 Ἰσίδωρος·
1237 4012 1367 4065 Ἰδοὺ
1410 4006 1556 4066 οὗτοί
1607 4018 1744 4068 εἰσιν
1776 4018 1826 4069 οί

236 4096 691 4168 ἀποστελλόμενοι
711 4100 825 4163 τοῖς
856 4099 1028 4170 ἁγίοις
1056 4102 1208 4175 παρὰ
1236 4104 1328 4158 τοῦ
1359 4106 1566 4178 Κυρίου
1596 4109 1676 4171 εἰς
1708 4108 1829 4180 βοή-

237 4185 409 4242 θειαν.
436 4188 501 4239 Ol
552 4186 610 4240 δὲ
656 4189 736 4252 είς
769 4188 1000 4261 δυσμὰς,
1052 4192 1192 4248 είσὶν
1233 4195 1282 4247 οἱ
1330 4195 1693 4267 πολεμοῦντες
1732 4198 1828 4250 αὑ-

236 4277 362 4341 τούς
395 4277 463 4333 ⁵¹.
499 4278 728 4343 Πλείους
759 4274 852 4333 οὖν
895 4281 1034 4334 εἰσιν
1064 4284 1115 4336 οἱ
1152 4282 1271 4355 μεθ’
1304 4284 1483 4356 ήμῶν.
1518 4286 1630 4339 Kal
1651 4284 1827 4352 οὕτως

239 4370 641 4442 εὐχαριστήσας
682 4374 711 4427 6
741 4371 917 4435 ἀϐϐᾶς
945 4374 1185 4445 Μωῦσῆς
1214 4375 1291 4448 τῷ
1320 4377 1459 4448 Θεῷ,
1496 4378 1657 4434 ἔλαϐε
1690 4379 1825 4450 θάρ-

242 4477 352 4530 σος,
379 4464 475 4517 xal
508 4462 820 4536 ὑπέστρεψε
850 4466 931 4531 εἰς
956 4465 1015 4520 τὸ
1042 4466 1249 4521 κελλίον
1282 4468 1472 4526 αὐτοῦ.

310 4637 376 4708 β’.
425 4639 676 4710 Ἀδελφός
707 4660 837 4697 ποτε
868 4645 1076 4718 ἐσφάλη
1114 4648 1194 4710 είς
1218 4648 1418 4718 Σκῆτιν
1444 4668 1455 4679 ·
1490 4650 1582 4703 καὶ
1607 4651 1829 4721 γενομέ-

244 4751 330 4788 νου
360 4737 661 4810 συνεδρίου,
698 4740 1028 4795 ἀπέστειλαν
1061 4741 1195 4812 πρὸς
1236 4742 1327 4794 τὸν
1353 4742 1528 4796 ἀϐϐἄν
1562 4745 1822 4816 Μωῡσῆν.

254 4824 311 4880 ’0
330 4826 388 4881 δὲ
416 4828 517 4882 οὐκ
536 4829 730 4901 ἤθελεν
762 4831 961 4888 ἐλθεῖν.
1004 4832 1349 4888 Ἀπέστειλεν
1374 4830 1468 4889 οὖν
1499 4835 1634 4906 πρὸς
1662 4836 1826 4890 αὐτὸν

245 4915 273 4968 6
294 4918 685 4993 πρεσϐύτερος,
712 4920 921 4991 λέγων·
971 4924 1143 4991 Ἐλθὲ,
1190 4926 1273 4979 ὅτι
1305 4943 1362 4979 σε
1390 4928 1418 4979 6
1448 4926 1572 4989 λαὸς
1598 4927 1826 4998 περιμέ-

247 5022 340 5063 νει.
383 5010 440 5065 '0
461 5012 519 5066 δὲ
548 5014 789 5077 ἀναστὰς
809 5011 964 5086 ἦλθε.
991 5015 1095 5071 Kal
1121 5017 1304 5073 λαϐὼν
1330 5019 1565 5091 σπυρίδα
1587 5036 1829 5091 τετρημ-

252 5102 413 5175 μένην
437 5105 505 5173 ⁸⁸,
535 5108 630 5161 καὶ
661 5108 900 5178 γεμίσας
920 5110 1130 5182 ἄμμου,
1156 5112 1475 5165 ἐϐάστασεν.
1510 5113 1573 5165 Ol
1601 5112 1656 5164 δὲ
1681 5110 1828 5176 ἐξελ-

250 5192 427 5261 θόντες
449 5200 530 5263 εἰς
555 5199 865 5271 ἀπάντησιν
889 5202 1077 5266 αὑτοῦ,
1111 5202 1360 5270 λέγουσιν
1396 5202 1545 5273 αὐτῷ
1568 5220 1581 5235 ·
1618 5205 1683 5256 Τί
1712 5205 1826 5256 ἐστι

250 5287 421 5353 τοῦτο,
455 5291 640 5364 Πάτερ
664 5309 680 5360 ;
711 5291 852 5348 Εἶπε
874 5293 932 5347 δὲ
961 5295 1144 5360 αὐτοῖς
1169 5297 1197 5349 6
1218 5296 1395 5369 γέρων
1415 5316 1428 5329 ·
1461 5298 1526 5350 Al
1558 5297 1826 5369 ἁμαρτίαι

328 5426 374 5458 ³⁸
412 5428 496 5484 Al.
535 5428 837 5487 σκαλίδιον.
932 5432 977 5465 ⁹⁹
1016 5429 1101 5485 AI.
1145 5430 1346 5485 λαϐὼν.

258 5494 435 5567 μένην.

323 5614 430 5687 (15)
454 5613 526 5672 Ὀ
551 5619 738 5687 λόγος
771 5618 804 5670 ό
835 5615 1042 5687 κωλεός.
1075 5613 1390 5687 In_Colbei-t.
1414 5683 1423 5687 Α
1444 5614 1537 5687 lib.
1580 5615 1684 5668 hoc
1724 5630 1822 5687 _rc-

261 5682 363 5770 peri
395 5682 802 5770 Apoplith'egjna
837 5702 851 5737 :
891 5682 1055 5769 Εἶπεν
1076 5684 1136 5753 γέ
1147 5701 1280 5767 ρων·
1302 5758 1311 5768 _
1413 5683 1569 5770 λόγρς
1595 5686 1622 5737 6
1641 5684 1820 5770 ⁹σκληῖ

264 5752 348 5840 ρος
374 5752 461 5811 καὶ
484 5752 608 5824 τοὺς
633 5752 837 5821 καλοὺς
860 5758 1003 5809 ποιεῖ
1029 5752 1258 5818 κακούς·
1292 5758 1318 5808 6
1348 5756 1401 5808 δὲ
1437 5755 1596 5820 καλὸς
1625 5752 1824 5825 ὼρελεῖ

264 5838 470 5891 πάντας.

1463 5432 1508 5461 ⁸⁰
1558 5431 1643 5484 ΑΙ.
1678 5430 1848 5486 inscr.
1896 5432 1925 5484 6
1959 5433 2040 5495 είς
2093 5432 2190 5505 τὴν
2244 5434 2478 5502 Πέτραν.
2557 5431 2600 5463 ⁸¹
2642 5430 2927 5503 Αι.ήμᾶς.

1921 1991 1977 2039 et
2021 1997 2321 2053 parumper
2361 1983 2580 2039 itineris
2626 1982 2865 2038 confecit
2897 1988 3119 2052 propter
3149 1981 3268 2050 ejus
3310 1993 3520 2034 sermo-

1920 2090 2069 2129 nem.
2121 2072 2226 2129 Sed
2298 2075 2497 2130 iterum
2543 2073 2750 2130 resedit
2800 2087 2904 2128 nec
2953 2071 3292 2137 exsurrexit,
3341 2071 3520 2125 donec

1921 2164 2314 2236 deposuissent
2360 2172 2621 2221 cunctam
2678 2162 3099 2235 supellectilem.
3156 2159 3313 2217 Tunc
3359 2161 3508 2218 enim

1923 2258 2082 2315 abiit.

2003 2350 2099 2407 41.
2143 2348 2257 2420 (III)
2286 2348 2468 2403 Abbas
2504 2347 2609 2403 Aio
2647 2345 3003 2418 interrogavit
3045 2345 3298 2402 abbatem
3339 2342 3518 2398 Maca-

1934 2440 2102 2505 rium,
2127 2439 2209 2495 sic
2239 2458 2254 2494 :
2284 2439 2462 2494 Dicito
2492 2438 2628 2494 mihi
2663 2437 2894 2507 aliquid.
2933 2437 3027 2491 Ait
3052 2436 3103 2492 ei
3134 2437 3309 2492 abbas
3340 2434 3518 2491 Maca-

1925 2534 2049 2588 rius
2083 2549 2097 2586 :
2131 2529 2283 2601 Fuge
2330 2529 2612 2596 homines;
2661 2528 2793 2586 sede
2837 2527 2892 2582 in
2934 2529 3070 2583 cella
3119 2534 3235 2590 tua,
3286 2535 3339 2580 et
3379 2525 3520 2582 defle

1924 2631 2154 2696 peccata
2177 2627 2307 2687 tua;
2336 2635 2439 2675 nec
2474 2619 2737 2677 dilexeris
2762 2620 3037 2692 loquelam
3066 2620 3389 2687 hominum;
3420 2634 3515 2677 sa-

1924 2715 2122 2786 lusque
2144 2713 2242 2770 tibi
2269 2712 2536 2785 obtinget.

2451 2825 2532 2882 De
2584 2825 2773 2881 abbate
2818 2826 2985 2882 Mosa.

1998 2921 2050 2975 1.
2092 2918 2245 2993 (14⁸)⁹
2286 2917 2533 2986 Quodam
2592 2926 2837 2991 tempore
2882 2918 3053 2974 abbas
3106 2914 3319 2988 Moyses
3353 2914 3518 2971 vehe-

1928 3011 2271 3067 mentissime
2296 3016 2644 3082 oppugnatus
2674 3019 2760 3065 est
2791 3025 2855 3064 ac
2886 3015 3132 3064 tentatus
3167 3009 3233 3063 ad
3266 3006 3509 3061 fornica—

1930 3103 2170 3171 tionem;
2204 3119 2306 3159 nec
2340 3104 2535 3159 valens
2564 3103 2802 3174 amplius
2838 3102 3030 3158 sedere
3071 3102 3126 3157 in
3154 3100 3314 3163 cella,
3350 3100 3511 3167 abiit,

1928 3192 2313 3264 nuntiavitque
2378 3193 2561 3248 abbati
2606 3192 2839 3247 Isidoro.
2892 3191 3074 3248 Senex
3126 3190 3381 3245 hortatus
3429 3195 3516 3244 est

1926 3303 2075 3353 eum,
2113 3295 2175 3341 ut
2208 3286 2265 3341 in
2301 3285 2497 3341 cellam
2533 3298 2690 3341 suam
2729 3290 3122 3338 reverteretur.
3163 3279 3368 3336 Verum
3402 3293 3513 3334 non

1927 3380 2226 3452 acquievit,
2276 3377 2472 3435 dicens
2503 3395 2517 3432 :
2547 3374 2669 3431 Non
2714 3376 2891 3441 valeo,
2941 3375 3101 3430 abba.
3151 3373 3308 3429 Tune
3359 3386 3514 3427 assu-

1925 3486 2084 3526 mens
2131 3484 2257 3525 eum
2298 3483 2509 3535 secum,
2551 3467 2780 3523 adduxit
2814 3468 2869 3522 in
2901 3473 3131 3529 tectum,
3180 3470 3237 3520 et
3271 3462 3513 3517 aitzAt-

1927 3559 2089 3615 tende
2115 3560 2181 3614 ad
2213 3560 2577 3615 occidentem.
2617 3558 2795 3629 Atque
2827 3556 3139 3619 attendens,
3166 3553 3306 3610 vidit
3337 3555 3507 3608 innu-

1924 3665 2134 3706 meram
2166 3650 2474 3704 daemonum
2504 3648 2947 3713 multitudinem;
2983 3653 3139 3702 erant
3179 3653 3358 3700 autem
3380 3658 3514 3699 con-

1925 3741 2151 3806 turbati,
2185 3748 2240 3796 et
2265 3741 2667 3797 tumultuantes
2690 3741 2756 3795 ad
2784 3739 3163 3811 praeliandum.
3190 3738 3282 3792 Ait
3312 3738 3513 3792 iterum

1926 3834 2097 3888 abbas
2143 3831 2395 3887 Isidorus
2431 3850 2445 3887 :
2479 3831 2715 3902 Respice
2755 3832 2919 3887 etiam
2958 3830 3024 3885 ad
3074 3830 3366 3885 orientem.
3417 3828 3515 3882 At-

1926 3925 2121 3989 tendit,
2163 3924 2559 3994 conspexitque
2592 3922 3051 3978 innumerabilem
3090 3919 3501 3975 multitudinem

1927 4023 2244 4073 sanctorum
2283 4016 2602 4086 angelorum
2634 4014 2808 4085 gloria
2843 4014 3193 4069 donatorum.
3228 4011 3376 4067 Dixit
3408 4025 3512 4066 au-

1925 4116 2037 4163 tem
2081 4107 2251 4162 abbas
2285 4103 2533 4162 Isidorus
2563 4125 2576 4160 :
2611 4103 2755 4159 Ecce
2781 4104 2873 4159 isti
2903 4111 3030 4158 sunt
3058 4102 3149 4172 qui
3187 4119 3217 4154 a
3245 4100 3355 4155 Deo
3385 4101 3513 4154 mit-

1928 4208 2120 4255 tuntur
2151 4199 2360 4254 sanctis
2408 4197 2465 4251 in
2512 4197 2805 4251 auxilium.
2838 4195 2941 4261 Qui
2972 4208 3102 4248 vero
3131 4192 3199 4246 ad
3228 4206 3511 4257 occasum,

1928 4290 1965 4346 ii
2002 4297 2132 4346 sunt
2157 4288 2253 4359 qui
2285 4286 2509 4344 eosdem
2536 4293 2763 4343 sanctos
2788 4286 3132 4356 impugnant.
3164 4282 3514 4337 Multitudine

1927 4394 2064 4451 ergo
2103 4387 2369 4448 superant
2393 4378 2487 4446 qui
2519 4374 2810 4430 nobiscum
2848 4381 2998 4430 sunt.
3029 4373 3213 4442 Atque
3242 4372 3318 4427 ita
3343 4372 3512 4428 abbas

1929 4471 2146 4543 Moyses
2177 4470 2371 4542 gratiis
2413 4469 2529 4525 Deo
2563 4468 2724 4534 actis,
2761 4466 3015 4521 fiduciam
3051 4464 3308 4535 sumpsit,
3342 4472 3397 4519 et
3426 4478 3513 4519 re—

1859 4587 1904 4643 ι)
1942 4578 2136 4620 versus
2174 4569 2257 4617 est
2287 4562 2343 4615 in
2371 4561 2562 4615 cellam
2594 4574 2771 4615 suam.

2004 4657 2059 4708 2.
2103 4652 2216 4724 (l5)
2246 4652 2302 4706 In
2339 4651 2483 4707 Sceti
2524 4650 2819 4720 aliquando
2854 4649 3025 4704 frater
3054 4649 3245 4723 lapsus
3295 4655 3418 4713 cst;
3459 4656 3518 4702 et

1932 4745 2082 4801 facto
2123 4761 2408 4811 consessu,
2460 4745 2729 4799 miserunt
2765 4745 2831 4798 ad
2868 4743 3116 4798 abbatem
3164 4741 3426 4814 Moysen).
3464 4740 3513 4794 Is

1929 4855 2061 4894 vero
2090 4840 2278 4894 venire
2324 4839 2521 4893 noluit.
2558 4835 2748 4907 Itaque
2782 4837 2850 4891 ad
2886 4851 3012 4890 eum
3058 4833 3358 4892 destinavit
3389 4847 3511 4903 prc-

1931 4929 2136 5001 sbyter,
2179 4929 2440 4984 nuntians
2472 4946 2485 4982 :
2519 4926 2679 4993 Veni,
2721 4928 2851 4997 quia
2889 4935 2943 4983 te
2969 4935 3150 4983 cretus
3206 4932 3508 4996 exspectat.

1930 5023 2175 5093 Surgens
2228 5023 2319 5079 ille
2368 5019 2645 5092 profectus
2687 5028 2796 5077 est.
2836 5020 2904 5075 Et
2934 5021 3213 5091 accipiens
3267 5024 3510 5089 sportam

1929 5116 2286 5187 perforatam,
2316 5114 2661 5184 implensque
2683 5128 2873 5178 arena,
2906 5114 3170 5184 portavit.
3195 5111 3273 5165 Illi
3303 5125 3511 5166 exeun-

1928 5216 2009 5262 tes
2041 5208 2094 5261 in
2123 5222 2414 5262 occursum
2443 5205 2586 5275 ejus,
2613 5214 2811 5277 rogant
2835 5224 2848 5260 :
2876 5204 3019 5271 Quid
3050 5205 3154 5258 hoc
3184 5210 3291 5265 est,
3312 5200 3510 5256 Pater?

1929 5296 2231 5369 Respondit
2268 5313 2435 5355 senex
2464 5317 2478 5354 :
2510 5299 2739 5353 Peccata
2783 5313 2903 5353 mea
2959 5304 3082 5367 post
3117 5311 3203 5349 me
3238 5293 3507 5354 defluunt,

3027 5429 3072 5460 ⁶⁹
3102 5426 3186 5481 Al.
3231 5438 3509 5496 τετρυπηεο

2001 5615 2111 5683 (Μ)
2163 5616 2266 5670 Vit.
2292 5616 2447 5671 Patr.
2486 5632 2569 5679 IlI,
2602 5616 2719 5670 l89.

2003 5687 2135 5753 (Μ’)
2178 5687 2279 5739 Vit.
2314 5686 2463 5739 Patr.
2494 5703 2646 5750 xvm,
2677 5685 2760 5740 1‘2.

2004 5757 2115 5826 (15)
2165 5755 2261 5809 l'it.
2302 5756 2449 5811 Ραιν.
2478 5772 2550 5825 ix,
2579 5757 2630 5810 4.
