  <div class='ocr_page' id='page_1' title='image "/cluster/home/n/w/nwhite01/storage/ocr_20150623/65/mdp.39015008972203/147.png"; bbox 0 0 4032 6334; ppageno 0'>
   <div class='ocr_carea' id='block_1_1' title="bbox 383 393 664 454">
    <p class='ocr_par' dir='ltr' id='par_1_1' title="bbox 383 393 664 454">
     <span class='ocr_line' id='line_1_1' title="bbox 383 393 664 454; baseline 0.014 -3"><span class='ocrx_word' id='word_1_1' title='bbox 383 409 386 412; x_wconf 87' lang='grc'><strong>·</strong></span> <span class='ocrx_word' id='word_1_2' title='bbox 525 393 530 398; x_wconf 80' lang='grc'><em>’</em></span> <span class='ocrx_word' id='word_1_3' title='bbox 553 394 664 454; x_wconf 74' lang='grc'><strong>285</strong></span> 
     </span>
    </p>
   </div>
   <div class='ocr_carea' id='block_1_2' title="bbox 1690 397 2630 458">
    <p class='ocr_par' dir='ltr' id='par_1_2' title="bbox 1690 397 2630 458">
     <span class='ocr_line' id='line_1_2' title="bbox 1690 397 2630 458; baseline 0.001 -5"><span class='ocrx_word' id='word_1_4' title='bbox 1690 397 2038 456; x_wconf 81' lang='lat' dir='ltr'><strong>APPENDIX</strong></span> <span class='ocrx_word' id='word_1_5' title='bbox 2079 401 2172 456; x_wconf 81' lang='lat' dir='ltr'><strong>AD</strong></span> <span class='ocrx_word' id='word_1_6' title='bbox 2211 401 2630 458; x_wconf 77' lang='lat' dir='ltr'><strong>PALLADIUM.</strong></span> 
     </span>
    </p>
   </div>
   <div class='ocr_carea' id='block_1_3' title="bbox 3691 403 3808 467">
    <p class='ocr_par' dir='ltr' id='par_1_3' title="bbox 3691 403 3808 467">
     <span class='ocr_line' id='line_1_3' title="bbox 3691 403 3808 467; baseline 0 0"><span class='ocrx_word' id='word_1_7' title='bbox 3691 403 3808 467; x_wconf 69' lang='lat'><strong>9-86</strong></span> 
     </span>
    </p>
   </div>
   <div class='ocr_carea' id='block_1_4' title="bbox 537 509 2103 589">
    <p class='ocr_par' dir='ltr' id='par_1_4' title="bbox 537 509 2103 584">
     <span class='ocr_line' id='line_1_4' title="bbox 537 509 2103 584; baseline 0.003 -18"><span class='ocrx_word' id='word_1_8' title='bbox 537 526 643 568; x_wconf 85' lang='lat' dir='ltr'><strong>nec</strong></span> <span class='ocrx_word' id='word_1_9' title='bbox 703 510 861 568; x_wconf 84' lang='lat' dir='ltr'><strong>video</strong></span> <span class='ocrx_word' id='word_1_10' title='bbox 912 509 1039 579; x_wconf 88' lang='lat' dir='ltr'><strong>illa;</strong></span> <span class='ocrx_word' id='word_1_11' title='bbox 1101 512 1313 568; x_wconf 86' lang='lat' dir='ltr'><strong>accessi</strong></span> <span class='ocrx_word' id='word_1_12' title='bbox 1361 518 1544 567; x_wconf 88' lang='lat' dir='ltr'><strong>tamen</strong></span> <span class='ocrx_word' id='word_1_13' title='bbox 1593 511 1755 568; x_wconf 88' lang='lat' dir='ltr'><strong>hodie</strong></span> <span class='ocrx_word' id='word_1_14' title='bbox 1803 515 2103 584; x_wconf 86' lang='lat' dir='ltr'><strong>judicatum</strong></span> 
     </span>
    </p>
   </div>
   <div class='ocr_carea' id='block_1_5' title="bbox 2214 509 3805 589">
    <p class='ocr_par' dir='ltr' id='par_1_5' title="bbox 2220 512 3805 589">
     <span class='ocr_line' id='line_1_5' title="bbox 2220 512 3805 589; baseline 0.001 -19"><span class='ocrx_word' id='word_1_15' title='bbox 2220 517 2321 588; x_wconf 88' lang='grc' dir='ltr'><strong>μού</strong></span> <span class='ocrx_word' id='word_1_16' title='bbox 2368 519 2506 570; x_wconf 91' lang='grc' dir='ltr'>εἰσιν</span> <span class='ocrx_word' id='word_1_17' title='bbox 2549 513 2724 570; x_wconf 80' lang='grc' dir='ltr'><strong>ὀπίσω</strong></span> <span class='ocrx_word' id='word_1_18' title='bbox 2775 531 2874 586; x_wconf 91' lang='grc' dir='ltr'><strong>μου</strong></span> <span class='ocrx_word' id='word_1_19' title='bbox 2919 512 3341 585; x_wconf 73' lang='grc' dir='ltr'>καταρῤέουσαι,</span> <span class='ocrx_word' id='word_1_20' title='bbox 3382 513 3475 568; x_wconf 73' lang='grc' dir='ltr'>καὶ</span> <span class='ocrx_word' id='word_1_21' title='bbox 3512 515 3572 570; x_wconf 86' lang='grc' dir='ltr'><strong>οὐ</strong></span> <span class='ocrx_word' id='word_1_22' title='bbox 3619 517 3805 589; x_wconf 82' lang='grc' dir='ltr'><strong>βλέπω</strong></span> 
     </span>
    </p>
   </div>
   <div class='ocr_carea' id='block_1_6' title="bbox 537 593 2116 674">
    <p class='ocr_par' dir='ltr' id='par_1_6' title="bbox 537 593 2116 674">
     <span class='ocr_line' id='line_1_6' title="bbox 537 593 2116 674; baseline 0.004 -17"><span class='ocrx_word' id='word_1_23' title='bbox 537 593 715 659; x_wconf 84' lang='lat' dir='ltr'><strong>aliena</strong></span> <span class='ocrx_word' id='word_1_24' title='bbox 755 613 999 674; x_wconf 83' lang='lat' dir='ltr'><strong>peccata.</strong></span> <span class='ocrx_word' id='word_1_25' title='bbox 1041 602 1159 669; x_wconf 83' lang='lat' dir='ltr'><strong>Quo</strong></span> <span class='ocrx_word' id='word_1_26' title='bbox 1203 603 1409 671; x_wconf 89' lang='lat' dir='ltr'><strong>audito,</strong></span> <span class='ocrx_word' id='word_1_27' title='bbox 1454 603 1592 660; x_wconf 85' lang='lat' dir='ltr'><strong>nihil</strong></span> <span class='ocrx_word' id='word_1_28' title='bbox 1631 605 1802 662; x_wconf 91' lang='lat' dir='ltr'><strong>locuti</strong></span> <span class='ocrx_word' id='word_1_29' title='bbox 1837 613 1970 663; x_wconf 88' lang='lat' dir='ltr'><strong>sunt</strong></span> <span class='ocrx_word' id='word_1_30' title='bbox 2005 607 2116 663; x_wconf 77' lang='lat' dir='ltr'><strong>fra-</strong></span> 
     </span>
    </p>
   </div>
   <div class='ocr_carea' id='block_1_7' title="bbox 537 693 1226 765">
    <p class='ocr_par' dir='ltr' id='par_1_7' title="bbox 537 693 1226 765">
     <span class='ocr_line' id='line_1_7' title="bbox 537 693 1226 765; baseline -0.001 -18"><span class='ocrx_word' id='word_1_31' title='bbox 537 694 634 759; x_wconf 89' lang='lat' dir='ltr'><strong>tri,</strong></span> <span class='ocrx_word' id='word_1_32' title='bbox 670 693 767 750; x_wconf 85' lang='lat' dir='ltr'><strong>sed</strong></span> <span class='ocrx_word' id='word_1_33' title='bbox 791 694 842 748; x_wconf 90' lang='lat' dir='ltr'><strong>ei</strong></span> <span class='ocrx_word' id='word_1_34' title='bbox 877 694 1226 765; x_wconf 78' lang='lat' dir='ltr'><strong>ignoverunt.</strong></span> 
     </span>
    </p>
   </div>
   <div class='ocr_carea' id='block_1_8' title="bbox 607 865 2113 944">
    <p class='ocr_par' dir='ltr' id='par_1_8' title="bbox 607 865 2113 944">
     <span class='ocr_line' id='line_1_8' title="bbox 607 865 2113 944; baseline 0.013 -26"><span class='ocrx_word' id='word_1_35' title='bbox 607 866 662 920; x_wconf 78' lang='lat'><strong>3.</strong></span> <span class='ocrx_word' id='word_1_36' title='bbox 707 865 819 938; x_wconf 82' lang='grc'><strong>(16)</strong></span> <span class='ocrx_word' id='word_1_37' title='bbox 852 867 970 922; x_wconf 86' lang='lat' dir='ltr'><strong>Alia</strong></span> <span class='ocrx_word' id='word_1_38' title='bbox 994 868 1111 923; x_wconf 87' lang='lat' dir='ltr'><strong>vice</strong></span> <span class='ocrx_word' id='word_1_39' title='bbox 1155 877 1278 925; x_wconf 88' lang='lat' dir='ltr'><strong>acto</strong></span> <span class='ocrx_word' id='word_1_40' title='bbox 1319 885 1585 930; x_wconf 87' lang='lat' dir='ltr'><strong>consessu</strong></span> <span class='ocrx_word' id='word_1_41' title='bbox 1619 874 1676 930; x_wconf 93' lang='lat' dir='ltr'><strong>in</strong></span> <span class='ocrx_word' id='word_1_42' title='bbox 1723 874 1901 944; x_wconf 89' lang='lat' dir='ltr'><strong>Sceti,</strong></span> <span class='ocrx_word' id='word_1_43' title='bbox 1923 877 2113 937; x_wconf 88' lang='lat' dir='ltr'><strong>Patres</strong></span> 
     </span>
    </p>
   </div>
   <div class='ocr_carea' id='block_1_9' title="bbox 533 957 2111 1036">
    <p class='ocr_par' dir='ltr' id='par_1_9' title="bbox 533 957 2111 1036">
     <span class='ocr_line' id='line_1_9' title="bbox 533 957 2111 1036; baseline 0.01 -25"><span class='ocrx_word' id='word_1_44' title='bbox 533 957 781 1013; x_wconf 75' lang='lat' dir='ltr'><strong>volentes</strong></span> <span class='ocrx_word' id='word_1_45' title='bbox 829 975 953 1014; x_wconf 90' lang='lat' dir='ltr'><strong>eum</strong></span> <span class='ocrx_word' id='word_1_46' title='bbox 1004 961 1259 1029; x_wconf 89' lang='lat' dir='ltr'><strong>probare,</strong></span> <span class='ocrx_word' id='word_1_47' title='bbox 1301 972 1754 1036; x_wconf 90' lang='lat' dir='ltr'><strong>contempserunt</strong></span> <span class='ocrx_word' id='word_1_48' title='bbox 1803 967 1980 1035; x_wconf 89' lang='lat' dir='ltr'><strong>illum,</strong></span> <span class='ocrx_word' id='word_1_49' title='bbox 2024 973 2111 1026; x_wconf 91' lang='lat' dir='ltr'><strong>di-</strong></span> 
     </span>
    </p>
   </div>
   <div class='ocr_carea' id='block_1_10' title="bbox 531 1047 2117 1122">
    <p class='ocr_par' dir='ltr' id='par_1_10' title="bbox 531 1047 2117 1122">
     <span class='ocr_line' id='line_1_10' title="bbox 531 1047 2117 1122; baseline 0.006 -20"><span class='ocrx_word' id='word_1_50' title='bbox 531 1047 708 1102; x_wconf 82' lang='lat' dir='ltr'><strong>cendo</strong></span> <span class='ocrx_word' id='word_1_51' title='bbox 745 1069 758 1104; x_wconf 91' lang='lat'><strong>:</strong></span> <span class='ocrx_word' id='word_1_52' title='bbox 790 1049 903 1105; x_wconf 85' lang='lat' dir='ltr'><strong>Cur</strong></span> <span class='ocrx_word' id='word_1_53' title='bbox 924 1051 1182 1122; x_wconf 62' lang='lat' dir='ltr'><strong>Ethiops</strong></span> <span class='ocrx_word' id='word_1_54' title='bbox 1218 1054 1322 1110; x_wconf 91' lang='lat' dir='ltr'><strong>iste</strong></span> <span class='ocrx_word' id='word_1_55' title='bbox 1366 1057 1515 1111; x_wconf 90' lang='lat' dir='ltr'><strong>venit</strong></span> <span class='ocrx_word' id='word_1_56' title='bbox 1547 1057 1603 1112; x_wconf 92' lang='lat' dir='ltr'><strong>in</strong></span> <span class='ocrx_word' id='word_1_57' title='bbox 1627 1058 1804 1113; x_wconf 85' lang='lat' dir='ltr'><strong>medio</strong></span> <span class='ocrx_word' id='word_1_58' title='bbox 1834 1059 2117 1115; x_wconf 80' lang='lat' dir='ltr'><strong>nostrum?</strong></span> 
     </span>
    </p>
   </div>
   <div class='ocr_carea' id='block_1_11' title="bbox 531 1140 2114 1218">
    <p class='ocr_par' dir='ltr' id='par_1_11' title="bbox 531 1140 2114 1218">
     <span class='ocr_line' id='line_1_11' title="bbox 531 1140 2114 1218; baseline 0.009 -27"><span class='ocrx_word' id='word_1_59' title='bbox 531 1140 626 1195; x_wconf 81' lang='lat' dir='ltr'><strong>Ille</strong></span> <span class='ocrx_word' id='word_1_60' title='bbox 673 1157 800 1196; x_wconf 78' lang='lat' dir='ltr'><strong>vero</strong></span> <span class='ocrx_word' id='word_1_61' title='bbox 836 1144 1088 1210; x_wconf 87' lang='lat' dir='ltr'><strong>audiens,</strong></span> <span class='ocrx_word' id='word_1_62' title='bbox 1121 1147 1315 1201; x_wconf 90' lang='lat' dir='ltr'><strong>tacuit.</strong></span> <span class='ocrx_word' id='word_1_63' title='bbox 1351 1146 1648 1218; x_wconf 77' lang='lat' dir='ltr'><strong>Postquam</strong></span> <span class='ocrx_word' id='word_1_64' title='bbox 1699 1158 1881 1205; x_wconf 89' lang='lat' dir='ltr'><strong>autem</strong></span> <span class='ocrx_word' id='word_1_65' title='bbox 1918 1150 2114 1206; x_wconf 66' lang='lat' dir='ltr'><strong>«limis--</strong></span> 
     </span>
    </p>
   </div>
   <div class='ocr_carea' id='block_1_12' title="bbox 530 1233 2112 1307">
    <p class='ocr_par' dir='ltr' id='par_1_12' title="bbox 530 1233 2112 1307">
     <span class='ocr_line' id='line_1_12' title="bbox 530 1233 2112 1307; baseline 0.006 -20"><span class='ocrx_word' id='word_1_66' title='bbox 530 1247 628 1288; x_wconf 82' lang='lat' dir='ltr'><strong>sus</strong></span> <span class='ocrx_word' id='word_1_67' title='bbox 679 1233 783 1288; x_wconf 89' lang='lat' dir='ltr'><strong>l&#39;uit</strong></span> <span class='ocrx_word' id='word_1_68' title='bbox 827 1245 1134 1292; x_wconf 88' lang='lat' dir='ltr'><strong>conventus</strong></span> <span class='ocrx_word' id='word_1_69' title='bbox 1192 1239 1348 1294; x_wconf 90' lang='lat' dir='ltr'><strong>aiunt</strong></span> <span class='ocrx_word' id='word_1_70' title='bbox 1398 1240 1449 1295; x_wconf 88' lang='lat' dir='ltr'><strong>ei</strong></span> <span class='ocrx_word' id='word_1_71' title='bbox 1481 1259 1494 1295; x_wconf 90' lang='lat'><strong>:</strong></span> <span class='ocrx_word' id='word_1_72' title='bbox 1525 1241 1699 1307; x_wconf 86' lang='lat' dir='ltr'><strong>Abba,</strong></span> <span class='ocrx_word' id='word_1_73' title='bbox 1759 1241 1897 1296; x_wconf 91' lang='lat' dir='ltr'><strong>nihil</strong></span> <span class='ocrx_word' id='word_1_74' title='bbox 1948 1243 2112 1297; x_wconf 88' lang='lat' dir='ltr'><strong>modo</strong></span> 
     </span>
    </p>
   </div>
   <div class='ocr_carea' id='block_1_13' title="bbox 529 1327 2110 1402">
    <p class='ocr_par' dir='ltr' id='par_1_13' title="bbox 529 1327 2110 1402">
     <span class='ocr_line' id='line_1_13' title="bbox 529 1327 2110 1402; baseline 0.005 -22"><span class='ocrx_word' id='word_1_75' title='bbox 529 1327 784 1384; x_wconf 87' lang='lat' dir='ltr'><strong>turbatus</strong></span> <span class='ocrx_word' id='word_1_76' title='bbox 827 1330 929 1384; x_wconf 89' lang='lat' dir='ltr'><strong>es?</strong></span> <span class='ocrx_word' id='word_1_77' title='bbox 980 1328 1282 1402; x_wconf 80' lang='lat' dir='ltr'><strong>Respondit</strong></span> <span class='ocrx_word' id='word_1_78' title='bbox 1316 1352 1328 1388; x_wconf 94' lang='lat'><strong>:</strong></span> <span class='ocrx_word' id='word_1_79' title='bbox 1360 1333 1630 1388; x_wconf 77' lang='lat' dir='ltr'><strong>Turbatus</strong></span> <span class='ocrx_word' id='word_1_80' title='bbox 1673 1350 1815 1402; x_wconf 81' lang='lat' dir='ltr'><strong>sum,</strong></span> <span class='ocrx_word' id='word_1_81' title='bbox 1871 1333 1963 1390; x_wconf 80' lang='lat' dir='ltr'><strong>sed</strong></span> <span class='ocrx_word' id='word_1_82' title='bbox 2008 1351 2110 1390; x_wconf 85' lang='lat' dir='ltr'><strong>nou</strong></span> 
     </span>
    </p>
   </div>
   <div class='ocr_carea' id='block_1_14' title="bbox 527 1419 977 1478">
    <p class='ocr_par' dir='ltr' id='par_1_14' title="bbox 527 1419 977 1478">
     <span class='ocr_line' id='line_1_14' title="bbox 527 1419 977 1478; baseline 0.016 -7"><span class='ocrx_word' id='word_1_83' title='bbox 527 1433 646 1472; x_wconf 71' lang='lat' dir='ltr'><strong>sum</strong></span> <span class='ocrx_word' id='word_1_84' title='bbox 679 1419 889 1475; x_wconf 84' lang='lat' dir='ltr'><strong>locutus</strong></span> <span class='ocrx_word' id='word_1_85' title='bbox 910 1422 977 1478; x_wconf 75' lang='grc'>⁸⁸.</span> 
     </span>
    </p>
   </div>
   <div class='ocr_carea' id='block_1_15' title="bbox 596 1511 2109 1591">
    <p class='ocr_par' dir='ltr' id='par_1_15' title="bbox 596 1511 2109 1591">
     <span class='ocr_line' id='line_1_15' title="bbox 596 1511 2109 1591; baseline 0.007 -26"><span class='ocrx_word' id='word_1_86' title='bbox 596 1511 651 1565; x_wconf 74' lang='grc'>4.</span> <span class='ocrx_word' id='word_1_87' title='bbox 697 1512 810 1582; x_wconf 87' lang='lat' dir='ltr'><strong>(l7)</strong></span> <span class='ocrx_word' id='word_1_88' title='bbox 837 1515 1167 1586; x_wconf 84' lang='lat' dir='ltr'><strong>Accepimus</strong></span> <span class='ocrx_word' id='word_1_89' title='bbox 1191 1517 1258 1573; x_wconf 89' lang='lat' dir='ltr'><strong>de</strong></span> <span class='ocrx_word' id='word_1_90' title='bbox 1282 1519 1480 1574; x_wconf 85' lang='lat' dir='ltr'><strong>abbate</strong></span> <span class='ocrx_word' id='word_1_91' title='bbox 1510 1517 1715 1591; x_wconf 84' lang='lat' dir='ltr'><strong>Moyse,</strong></span> <span class='ocrx_word' id='word_1_92' title='bbox 1753 1521 1902 1591; x_wconf 87' lang='lat' dir='ltr'><strong>quod</strong></span> <span class='ocrx_word' id='word_1_93' title='bbox 1931 1520 2109 1576; x_wconf 81' lang='lat' dir='ltr'><strong>factus</strong></span> 
     </span>
    </p>
   </div>
   <div class='ocr_carea' id='block_1_16' title="bbox 525 1603 2107 1680">
    <p class='ocr_par' dir='ltr' id='par_1_16' title="bbox 525 1603 2107 1680">
     <span class='ocr_line' id='line_1_16' title="bbox 525 1603 2107 1680; baseline 0.007 -23"><span class='ocrx_word' id='word_1_94' title='bbox 525 1611 614 1657; x_wconf 86' lang='lat' dir='ltr'><strong>est</strong></span> <span class='ocrx_word' id='word_1_95' title='bbox 661 1603 916 1672; x_wconf 81' lang='lat' dir='ltr'><strong>clericus,</strong></span> <span class='ocrx_word' id='word_1_96' title='bbox 973 1616 1029 1662; x_wconf 92' lang='lat' dir='ltr'><strong>et</strong></span> <span class='ocrx_word' id='word_1_97' title='bbox 1075 1609 1456 1679; x_wconf 89' lang='lat' dir='ltr'><strong>imposuerunt</strong></span> <span class='ocrx_word' id='word_1_98' title='bbox 1507 1611 1585 1665; x_wconf 87' lang='lat' dir='ltr'><strong>illi</strong></span> <span class='ocrx_word' id='word_1_99' title='bbox 1624 1613 2107 1680; x_wconf 87' lang='lat' dir='ltr'><strong>superhumerale;</strong></span> 
     </span>
    </p>
   </div>
   <div class='ocr_carea' id='block_1_17' title="bbox 523 1693 2106 1772">
    <p class='ocr_par' dir='ltr' id='par_1_17' title="bbox 523 1693 2106 1772">
     <span class='ocr_line' id='line_1_17' title="bbox 523 1693 2106 1772; baseline 0.008 -25"><span class='ocrx_word' id='word_1_100' title='bbox 523 1693 775 1766; x_wconf 76' lang='lat' dir='ltr'><strong>dixitque</strong></span> <span class='ocrx_word' id='word_1_101' title='bbox 826 1700 1274 1772; x_wconf 88' lang='lat' dir='ltr'><strong>archiepisc0pus</strong></span> <span class='ocrx_word' id='word_1_102' title='bbox 1304 1719 1318 1757; x_wconf 90' lang='lat'><strong>:</strong></span> <span class='ocrx_word' id='word_1_103' title='bbox 1353 1701 1491 1759; x_wconf 85' lang='lat' dir='ltr'><strong>Ecce</strong></span> <span class='ocrx_word' id='word_1_104' title='bbox 1538 1705 1767 1760; x_wconf 80' lang='lat' dir='ltr'><strong>evasisti</strong></span> <span class='ocrx_word' id='word_1_105' title='bbox 1823 1712 1970 1761; x_wconf 89' lang='lat' dir='ltr'><strong>totus</strong></span> <span class='ocrx_word' id='word_1_106' title='bbox 2024 1705 2106 1760; x_wconf 90' lang='lat' dir='ltr'><strong>al-</strong></span> 
     </span>
    </p>
   </div>
   <div class='ocr_carea' id='block_1_18' title="bbox 529 1787 2104 1868">
    <p class='ocr_par' dir='ltr' id='par_1_18' title="bbox 529 1787 2104 1868">
     <span class='ocr_line' id='line_1_18' title="bbox 529 1787 2104 1868; baseline 0.007 -26"><span class='ocrx_word' id='word_1_107' title='bbox 529 1787 656 1853; x_wconf 90' lang='lat' dir='ltr'><strong>bus,</strong></span> <span class='ocrx_word' id='word_1_108' title='bbox 687 1790 826 1844; x_wconf 89' lang='lat' dir='ltr'><strong>abba</strong></span> <span class='ocrx_word' id='word_1_109' title='bbox 860 1790 1095 1864; x_wconf 84' lang='lat' dir='ltr'><strong>Moyses.</strong></span> <span class='ocrx_word' id='word_1_110' title='bbox 1134 1793 1227 1848; x_wconf 77' lang='lat' dir='ltr'><strong>Ait</strong></span> <span class='ocrx_word' id='word_1_111' title='bbox 1255 1794 1334 1848; x_wconf 87' lang='lat' dir='ltr'><strong>illi</strong></span> <span class='ocrx_word' id='word_1_112' title='bbox 1367 1810 1534 1850; x_wconf 81' lang='lat' dir='ltr'><strong>senex</strong></span> <span class='ocrx_word' id='word_1_113' title='bbox 1563 1814 1574 1849; x_wconf 96' lang='lat'><strong>:</strong></span> <span class='ocrx_word' id='word_1_114' title='bbox 1607 1794 1806 1868; x_wconf 85' lang='lat' dir='ltr'><strong>Utique</strong></span> <span class='ocrx_word' id='word_1_115' title='bbox 1840 1798 2104 1864; x_wconf 87' lang='lat' dir='ltr'><strong>exterius,</strong></span> 
     </span>
    </p>
   </div>
   <div class='ocr_carea' id='block_1_19' title="bbox 2219 603 3803 680">
    <p class='ocr_par' dir='ltr' id='par_1_19' title="bbox 2219 603 3803 680">
     <span class='ocr_line' id='line_1_19' title="bbox 2219 603 3803 680; baseline -0.001 -17"><span class='ocrx_word' id='word_1_116' title='bbox 2219 609 2390 674; x_wconf 83' lang='grc' dir='ltr'>αὑτάς</span> <span class='ocrx_word' id='word_1_117' title='bbox 2413 624 2427 639; x_wconf 86' lang='grc'><strong>·</strong></span> <span class='ocrx_word' id='word_1_118' title='bbox 2468 607 2562 662; x_wconf 82' lang='grc' dir='ltr'><strong>καὶ</strong></span> <span class='ocrx_word' id='word_1_119' title='bbox 2593 603 2758 680; x_wconf 80' lang='grc' dir='ltr'>ἦλθον</span> <span class='ocrx_word' id='word_1_120' title='bbox 2800 605 2911 675; x_wconf 81' lang='grc' dir='ltr'>ἐγὼ</span> <span class='ocrx_word' id='word_1_121' title='bbox 2939 606 3200 676; x_wconf 87' lang='grc' dir='ltr'><strong>σήμερον,</strong></span> <span class='ocrx_word' id='word_1_122' title='bbox 3241 606 3618 678; x_wconf 85' lang='grc' dir='ltr'>ἁμαρτήματα</span> <span class='ocrx_word' id='word_1_123' title='bbox 3646 611 3803 667; x_wconf 77' lang='grc' dir='ltr'>ἀλλό-</span> 
     </span>
    </p>
   </div>
   <div class='ocr_carea' id='block_1_20' title="bbox 2217 697 3800 776">
    <p class='ocr_par' dir='ltr' id='par_1_20' title="bbox 2217 697 3800 776">
     <span class='ocr_line' id='line_1_20' title="bbox 2217 697 3800 776; baseline 0.003 -22"><span class='ocrx_word' id='word_1_124' title='bbox 2217 718 2344 772; x_wconf 84' lang='grc' dir='ltr'>τρια</span> <span class='ocrx_word' id='word_1_125' title='bbox 2377 703 2577 771; x_wconf 85' lang='grc' dir='ltr'>κρίναι.</span> <span class='ocrx_word' id='word_1_126' title='bbox 2614 701 2676 753; x_wconf 84' lang='grc' dir='ltr'><strong>υἰ</strong></span> <span class='ocrx_word' id='word_1_127' title='bbox 2716 699 2772 751; x_wconf 83' lang='grc' dir='ltr'>δὲ</span> <span class='ocrx_word' id='word_1_128' title='bbox 2815 697 3164 762; x_wconf 87' lang='grc' dir='ltr'>ἀκούσαντες,</span> <span class='ocrx_word' id='word_1_129' title='bbox 3215 697 3369 752; x_wconf 80' lang='grc' dir='ltr'>οὐδὲν</span> <span class='ocrx_word' id='word_1_130' title='bbox 3413 699 3682 773; x_wconf 77' lang='grc' dir='ltr'><strong>ἐλάλησαν</strong></span> <span class='ocrx_word' id='word_1_131' title='bbox 3722 704 3800 776; x_wconf 78' lang='grc' dir='ltr'>τῷ</span> 
     </span>
    </p>
   </div>
   <div class='ocr_carea' id='block_1_21' title="bbox 2215 784 3241 857">
    <p class='ocr_par' dir='ltr' id='par_1_21' title="bbox 2215 784 3241 857">
     <span class='ocr_line' id='line_1_21' title="bbox 2215 784 3241 857; baseline 0 -18"><span class='ocrx_word' id='word_1_132' title='bbox 2215 786 2428 857; x_wconf 82' lang='grc' dir='ltr'><strong>ἀδελφῷ</strong></span> <span class='ocrx_word' id='word_1_133' title='bbox 2447 803 2461 816; x_wconf 73' lang='grc' dir='ltr'><strong><em>ο</em></strong></span> <span class='ocrx_word' id='word_1_134' title='bbox 2494 785 2630 839; x_wconf 80' lang='grc' dir='ltr'>ἀλλὰ</span> <span class='ocrx_word' id='word_1_135' title='bbox 2665 785 3047 856; x_wconf 76' lang='grc' dir='ltr'>συνεχώρησαν</span> <span class='ocrx_word' id='word_1_136' title='bbox 3074 784 3241 855; x_wconf 80' lang='grc' dir='ltr'>αὐτῷ.</span> 
     </span>
    </p>
   </div>
   <div class='ocr_carea' id='block_1_22' title="bbox 2287 877 3790 953">
    <p class='ocr_par' dir='ltr' id='par_1_22' title="bbox 2287 877 3790 953">
     <span class='ocr_line' id='line_1_22' title="bbox 2287 877 3790 953; baseline -0.005 -20"><span class='ocrx_word' id='word_1_137' title='bbox 2287 879 2356 947; x_wconf 87' lang='grc' dir='ltr'>γ’.</span> <span class='ocrx_word' id='word_1_138' title='bbox 2391 879 2612 932; x_wconf 82' lang='grc' dir='ltr'>Ἀλλοτε</span> <span class='ocrx_word' id='word_1_139' title='bbox 2647 877 2923 948; x_wconf 80' lang='grc' dir='ltr'><strong>συνεδρίου</strong></span> <span class='ocrx_word' id='word_1_140' title='bbox 2955 877 3246 947; x_wconf 82' lang='grc' dir='ltr'><strong>γενομένου</strong></span> <span class='ocrx_word' id='word_1_141' title='bbox 3273 880 3332 931; x_wconf 87' lang='grc' dir='ltr'>ὲν</span> <span class='ocrx_word' id='word_1_142' title='bbox 3357 881 3423 950; x_wconf 83' lang='grc' dir='ltr'>τῇ</span> <span class='ocrx_word' id='word_1_143' title='bbox 3459 881 3674 953; x_wconf 80' lang='grc' dir='ltr'>Σκήτει,</span> <span class='ocrx_word' id='word_1_144' title='bbox 3713 885 3790 940; x_wconf 80' lang='grc' dir='ltr'><strong>θέ.</strong></span> 
     </span>
    </p>
   </div>
   <div class='ocr_carea' id='block_1_23' title="bbox 2214 966 3802 1038">
    <p class='ocr_par' dir='ltr' id='par_1_23' title="bbox 2214 966 3802 1038">
     <span class='ocr_line' id='line_1_23' title="bbox 2214 966 3802 1038; baseline 0.005 -18"><span class='ocrx_word' id='word_1_145' title='bbox 2214 968 2398 1033; x_wconf 87' lang='grc' dir='ltr'>λοντες</span> <span class='ocrx_word' id='word_1_146' title='bbox 2421 969 2582 1022; x_wconf 83' lang='grc' dir='ltr'>αὑτὸν</span> <span class='ocrx_word' id='word_1_147' title='bbox 2608 970 2658 1021; x_wconf 85' lang='grc' dir='ltr'><strong>οἰ</strong></span> <span class='ocrx_word' id='word_1_148' title='bbox 2686 968 2928 1038; x_wconf 85' lang='grc' dir='ltr'>Πατέρες</span> <span class='ocrx_word' id='word_1_149' title='bbox 2973 966 3285 1036; x_wconf 83' lang='grc' dir='ltr'><strong>δοκιμάσαι,</strong></span> <span class='ocrx_word' id='word_1_150' title='bbox 3319 967 3684 1032; x_wconf 82' lang='grc' dir='ltr'>ὲξουδένωσαν</span> <span class='ocrx_word' id='word_1_151' title='bbox 3709 975 3802 1028; x_wconf 82' lang='grc' dir='ltr'>αὐ-</span> 
     </span>
    </p>
   </div>
   <div class='ocr_carea' id='block_1_24' title="bbox 2212 1052 3801 1136">
    <p class='ocr_par' dir='ltr' id='par_1_24' title="bbox 2212 1052 3801 1136">
     <span class='ocr_line' id='line_1_24' title="bbox 2212 1052 3801 1136; baseline 0.004 -24"><span class='ocrx_word' id='word_1_152' title='bbox 2212 1059 2325 1122; x_wconf 84' lang='grc' dir='ltr'>τὸν,</span> <span class='ocrx_word' id='word_1_153' title='bbox 2358 1059 2607 1127; x_wconf 86' lang='grc' dir='ltr'>λέγοντες</span> <span class='ocrx_word' id='word_1_154' title='bbox 2627 1077 2640 1090; x_wconf 78' lang='grc' dir='ltr'><strong>ο</strong></span> <span class='ocrx_word' id='word_1_155' title='bbox 2672 1060 2738 1112; x_wconf 91' lang='grc' dir='ltr'><strong>Τί</strong></span> <span class='ocrx_word' id='word_1_156' title='bbox 2765 1060 2859 1112; x_wconf 78' lang='grc' dir='ltr'><strong>καὶ</strong></span> <span class='ocrx_word' id='word_1_157' title='bbox 2885 1060 2912 1111; x_wconf 99' lang='lat'><strong>6</strong></span> <span class='ocrx_word' id='word_1_158' title='bbox 2935 1057 3130 1127; x_wconf 76' lang='grc' dir='ltr'>Αἰθίοψ</span> <span class='ocrx_word' id='word_1_159' title='bbox 3153 1052 3308 1122; x_wconf 75' lang='grc' dir='ltr'>οὗτος</span> <span class='ocrx_word' id='word_1_160' title='bbox 3351 1059 3572 1131; x_wconf 80' lang='grc' dir='ltr'>ἔρχεται</span> <span class='ocrx_word' id='word_1_161' title='bbox 3599 1065 3679 1126; x_wconf 86' lang='grc' dir='ltr'><strong>εἰς</strong></span> <span class='ocrx_word' id='word_1_162' title='bbox 3698 1065 3801 1136; x_wconf 75' lang='grc' dir='ltr'>τὴν</span> 
     </span>
    </p>
   </div>
   <div class='ocr_carea' id='block_1_25' title="bbox 2218 1147 3798 1225">
    <p class='ocr_par' dir='ltr' id='par_1_25' title="bbox 2218 1147 3798 1225">
     <span class='ocr_line' id='line_1_25' title="bbox 2218 1147 3798 1225; baseline 0.006 -22"><span class='ocrx_word' id='word_1_163' title='bbox 2218 1151 2389 1222; x_wconf 82' lang='grc' dir='ltr'>μέσην</span> <span class='ocrx_word' id='word_1_164' title='bbox 2420 1153 2467 1184; x_wconf 68' lang='grc'><strong>⁸⁸</strong></span> <span class='ocrx_word' id='word_1_165' title='bbox 2506 1153 2696 1222; x_wconf 84' lang='grc' dir='ltr'><strong>ἡμῶν;</strong></span> <span class='ocrx_word' id='word_1_166' title='bbox 2745 1147 2805 1205; x_wconf 89' lang='lat'><strong>&#39;0</strong></span> <span class='ocrx_word' id='word_1_167' title='bbox 2837 1151 2893 1204; x_wconf 86' lang='grc' dir='ltr'>δὲ</span> <span class='ocrx_word' id='word_1_168' title='bbox 2938 1150 3179 1215; x_wconf 86' lang='grc' dir='ltr'>ἀκούσας</span> <span class='ocrx_word' id='word_1_169' title='bbox 3211 1151 3509 1225; x_wconf 80' lang='grc' dir='ltr'>ἐσιώπησε.</span> <span class='ocrx_word' id='word_1_170' title='bbox 3541 1156 3697 1210; x_wconf 86' lang='grc' dir='ltr'><strong>Μετὰ</strong></span> <span class='ocrx_word' id='word_1_171' title='bbox 3739 1157 3798 1212; x_wconf 74' lang='grc' dir='ltr'>δὲ</span> 
     </span>
    </p>
   </div>
   <div class='ocr_carea' id='block_1_26' title="bbox 2212 1240 3800 1314">
    <p class='ocr_par' dir='ltr' id='par_1_26' title="bbox 2212 1240 3800 1314">
     <span class='ocr_line' id='line_1_26' title="bbox 2212 1240 3800 1314; baseline 0.006 -22"><span class='ocrx_word' id='word_1_172' title='bbox 2212 1241 2272 1292; x_wconf 80' lang='grc' dir='ltr'><strong>τὸ</strong></span> <span class='ocrx_word' id='word_1_173' title='bbox 2313 1240 2650 1308; x_wconf 82' lang='grc' dir='ltr'>ἀπολυθῆναι</span> <span class='ocrx_word' id='word_1_174' title='bbox 2700 1242 2916 1307; x_wconf 83' lang='grc' dir='ltr'>αὐτοὺς,</span> <span class='ocrx_word' id='word_1_175' title='bbox 2970 1241 3218 1310; x_wconf 86' lang='grc' dir='ltr'>λέγουσιν</span> <span class='ocrx_word' id='word_1_176' title='bbox 3253 1242 3435 1314; x_wconf 81' lang='grc' dir='ltr'>αὐτῷ·</span> <span class='ocrx_word' id='word_1_177' title='bbox 3481 1245 3668 1312; x_wconf 81' lang='grc' dir='ltr'><strong>Ἀσϐᾶ,</strong></span> <span class='ocrx_word' id='word_1_178' title='bbox 3705 1249 3800 1302; x_wconf 82' lang='grc' dir='ltr'>οὐ·</span> 
     </span>
    </p>
   </div>
   <div class='ocr_carea' id='block_1_27' title="bbox 2211 1331 3798 1408">
    <p class='ocr_par' dir='ltr' id='par_1_27' title="bbox 2211 1331 3798 1408">
     <span class='ocr_line' id='line_1_27' title="bbox 2211 1331 3798 1408; baseline 0.007 -25"><span class='ocrx_word' id='word_1_179' title='bbox 2211 1331 2299 1384; x_wconf 82' lang='grc' dir='ltr'><strong>δὲν</strong></span> <span class='ocrx_word' id='word_1_180' title='bbox 2333 1332 2377 1364; x_wconf 79' lang='grc'>⁸⁸</span> <span class='ocrx_word' id='word_1_181' title='bbox 2404 1332 2527 1404; x_wconf 86' lang='grc' dir='ltr'><strong>ἄρτι</strong></span> <span class='ocrx_word' id='word_1_182' title='bbox 2577 1331 2920 1404; x_wconf 78' lang='grc' dir='ltr'>ἐταράχθης;</span> <span class='ocrx_word' id='word_1_183' title='bbox 2949 1332 3114 1402; x_wconf 88' lang='grc' dir='ltr'>Λέγει</span> <span class='ocrx_word' id='word_1_184' title='bbox 3153 1333 3362 1398; x_wconf 80' lang='grc' dir='ltr'>αὐτοῖς·</span> <span class='ocrx_word' id='word_1_185' title='bbox 3407 1335 3798 1408; x_wconf 78' lang='grc' dir='ltr'>Ἐταράχθην,</span> 
     </span>
    </p>
   </div>
   <div class='ocr_carea' id='block_1_28' title="bbox 2212 1422 2796 1491">
    <p class='ocr_par' dir='ltr' id='par_1_28' title="bbox 2212 1422 2796 1491">
     <span class='ocr_line' id='line_1_28' title="bbox 2212 1422 2796 1491; baseline 0 -14"><span class='ocrx_word' id='word_1_186' title='bbox 2212 1423 2350 1477; x_wconf 76' lang='grc' dir='ltr'><strong>ἀλλ’</strong></span> <span class='ocrx_word' id='word_1_187' title='bbox 2369 1425 2479 1476; x_wconf 84' lang='grc' dir='ltr'>οὐκ</span> <span class='ocrx_word' id='word_1_188' title='bbox 2499 1422 2796 1491; x_wconf 71' lang='grc' dir='ltr'>ἐλάλησα.</span> 
     </span>
    </p>
   </div>
   <div class='ocr_carea' id='block_1_29' title="bbox 2282 1513 3800 1587">
    <p class='ocr_par' dir='ltr' id='par_1_29' title="bbox 2282 1513 3800 1587">
     <span class='ocr_line' id='line_1_29' title="bbox 2282 1513 3800 1587; baseline 0.004 -21"><span class='ocrx_word' id='word_1_189' title='bbox 2282 1514 2345 1568; x_wconf 82' lang='grc' dir='ltr'>δ’.</span> <span class='ocrx_word' id='word_1_190' title='bbox 2382 1513 2607 1583; x_wconf 85' lang='grc' dir='ltr'>Ἔλεγον</span> <span class='ocrx_word' id='word_1_191' title='bbox 2643 1515 2772 1587; x_wconf 78' lang='grc' dir='ltr'>περὶ</span> <span class='ocrx_word' id='word_1_192' title='bbox 2816 1513 2911 1568; x_wconf 79' lang='grc' dir='ltr'>τοῦ</span> <span class='ocrx_word' id='word_1_193' title='bbox 2946 1515 3090 1568; x_wconf 79' lang='grc' dir='ltr'><strong>ἁ66ᾶ</strong></span> <span class='ocrx_word' id='word_1_194' title='bbox 3136 1515 3436 1583; x_wconf 83' lang='grc' dir='ltr'>Μωῦσέως,</span> <span class='ocrx_word' id='word_1_195' title='bbox 3465 1517 3546 1570; x_wconf 80' lang='grc' dir='ltr'>ὅτι</span> <span class='ocrx_word' id='word_1_196' title='bbox 3580 1518 3800 1586; x_wconf 78' lang='grc' dir='ltr'>ἐγένετο</span> 
     </span>
    </p>
   </div>
   <div class='ocr_carea' id='block_1_30' title="bbox 2214 1606 3801 1680">
    <p class='ocr_par' dir='ltr' id='par_1_30' title="bbox 2214 1606 3801 1680">
     <span class='ocr_line' id='line_1_30' title="bbox 2214 1606 3801 1680; baseline 0.003 -18"><span class='ocrx_word' id='word_1_197' title='bbox 2214 1608 2617 1679; x_wconf 76' lang='grc' dir='ltr'>κληρικὸς,·καὶ</span> <span class='ocrx_word' id='word_1_198' title='bbox 2655 1607 2928 1678; x_wconf 77' lang='grc' dir='ltr'><strong>ἐπέθηκαν</strong></span> <span class='ocrx_word' id='word_1_199' title='bbox 2961 1606 3110 1678; x_wconf 76' lang='grc' dir='ltr'>αὐτῷ</span> <span class='ocrx_word' id='word_1_200' title='bbox 3136 1607 3235 1679; x_wconf 84' lang='grc' dir='ltr'>τὴν</span> <span class='ocrx_word' id='word_1_201' title='bbox 3275 1609 3546 1680; x_wconf 78' lang='grc' dir='ltr'>ἐπωμίδα.</span> <span class='ocrx_word' id='word_1_202' title='bbox 3579 1610 3687 1664; x_wconf 80' lang='grc' dir='ltr'><strong>Καὶ</strong></span> <span class='ocrx_word' id='word_1_203' title='bbox 3710 1611 3801 1666; x_wconf 74' lang='grc' dir='ltr'><strong>λέ-</strong></span> 
     </span>
    </p>
   </div>
   <div class='ocr_carea' id='block_1_31' title="bbox 2213 1699 3798 1770">
    <p class='ocr_par' dir='ltr' id='par_1_31' title="bbox 2213 1699 3798 1770">
     <span class='ocr_line' id='line_1_31' title="bbox 2213 1699 3798 1770; baseline 0.003 -18"><span class='ocrx_word' id='word_1_204' title='bbox 2213 1716 2299 1768; x_wconf 90' lang='grc' dir='ltr'><strong>γει</strong></span> <span class='ocrx_word' id='word_1_205' title='bbox 2331 1699 2479 1769; x_wconf 80' lang='grc' dir='ltr'>αὐτῷ</span> <span class='ocrx_word' id='word_1_206' title='bbox 2507 1701 2535 1752; x_wconf 98' lang='lat'><strong>6</strong></span> <span class='ocrx_word' id='word_1_207' title='bbox 2562 1699 2990 1770; x_wconf 85' lang='grc' dir='ltr'>άρχιεπίσκοπος</span> <span class='ocrx_word' id='word_1_208' title='bbox 3014 1716 3027 1730; x_wconf 88' lang='grc'><strong>·</strong></span> <span class='ocrx_word' id='word_1_209' title='bbox 3066 1701 3195 1754; x_wconf 82' lang='grc' dir='ltr'>Ἰδοὺ</span> <span class='ocrx_word' id='word_1_210' title='bbox 3227 1700 3456 1770; x_wconf 80' lang='grc' dir='ltr'>γέγονας</span> <span class='ocrx_word' id='word_1_211' title='bbox 3491 1700 3798 1769; x_wconf 82' lang='grc' dir='ltr'>όλόλευκος,</span> 
     </span>
    </p>
   </div>
   <div class='ocr_carea' id='block_1_32' title="bbox 2211 1787 3798 1865">
    <p class='ocr_par' dir='ltr' id='par_1_32' title="bbox 2211 1787 3798 1865">
     <span class='ocr_line' id='line_1_32' title="bbox 2211 1787 3798 1865; baseline 0.003 -21"><span class='ocrx_word' id='word_1_212' title='bbox 2211 1791 2357 1844; x_wconf 79' lang='grc' dir='ltr'><strong>ἀὸϐἄ</strong></span> <span class='ocrx_word' id='word_1_213' title='bbox 2398 1792 2625 1860; x_wconf 81' lang='grc' dir='ltr'>Μωῦσῆ.</span> <span class='ocrx_word' id='word_1_214' title='bbox 2655 1791 2816 1860; x_wconf 82' lang='grc' dir='ltr'>Λέγει</span> <span class='ocrx_word' id='word_1_215' title='bbox 2866 1792 3015 1863; x_wconf 77' lang='grc' dir='ltr'>αὐτῷ</span> <span class='ocrx_word' id='word_1_216' title='bbox 3051 1794 3079 1846; x_wconf 92' lang='lat'><strong>6</strong></span> <span class='ocrx_word' id='word_1_217' title='bbox 3109 1793 3286 1864; x_wconf 90' lang='grc' dir='ltr'>γέρων</span> <span class='ocrx_word' id='word_1_218' title='bbox 3312 1809 3326 1825; x_wconf 78' lang='grc' dir='ltr'><strong>ο</strong></span> <span class='ocrx_word' id='word_1_219' title='bbox 3359 1787 3505 1865; x_wconf 77' lang='lat' dir='ltr'><strong>&#39;A‘pa</strong></span> <span class='ocrx_word' id='word_1_220' title='bbox 3556 1795 3625 1848; x_wconf 78' lang='grc' dir='ltr'>τὰ</span> <span class='ocrx_word' id='word_1_221' title='bbox 3667 1794 3798 1862; x_wconf 78' lang='grc' dir='ltr'>ἔξω,</span> 
     </span>
    </p>
   </div>
   <div class='ocr_carea' id='block_1_33' title="bbox 525 1866 2103 1961">
    <p class='ocr_par' dir='ltr' id='par_1_33' title="bbox 525 1866 2103 1961">
     <span class='ocr_line' id='line_1_33' title="bbox 525 1866 2103 1961; baseline 0.006 -26"><span class='ocrx_word' id='word_1_222' title='bbox 525 1881 726 1937; x_wconf 92' lang='lat' dir='ltr'><strong>domne</strong></span> <span class='ocrx_word' id='word_1_223' title='bbox 760 1898 920 1953; x_wconf 90' lang='lat' dir='ltr'><strong>papa,</strong></span> <span class='ocrx_word' id='word_1_224' title='bbox 960 1885 1170 1939; x_wconf 85' lang='lat' dir='ltr'><strong>utinam</strong></span> <span class='ocrx_word' id='word_1_225' title='bbox 1208 1894 1264 1942; x_wconf 82' lang='lat' dir='ltr'><strong>et</strong></span> <span class='ocrx_word' id='word_1_226' title='bbox 1310 1888 1575 1943; x_wconf 85' lang='lat' dir='ltr'><strong>interius!</strong></span> <span class='ocrx_word' id='word_1_227' title='bbox 1620 1866 1792 1944; x_wconf 78' lang='lat' dir='ltr'><strong>Porro</strong></span> <span class='ocrx_word' id='word_1_228' title='bbox 1843 1891 2103 1961; x_wconf 87' lang='lat' dir='ltr'><strong>archiepi-</strong></span> 
     </span>
    </p>
   </div>
   <div class='ocr_carea' id='block_1_34' title="bbox 2214 1866 3798 1961">
    <p class='ocr_par' dir='ltr' id='par_1_34' title="bbox 2214 1881 3798 1957">
     <span class='ocr_line' id='line_1_34' title="bbox 2214 1881 3798 1957; baseline 0.003 -23"><span class='ocrx_word' id='word_1_229' title='bbox 2214 1881 2338 1952; x_wconf 85' lang='grc' dir='ltr'>κῠρι</span> <span class='ocrx_word' id='word_1_230' title='bbox 2364 1881 2475 1952; x_wconf 73' lang='lat'><strong>(&#39;22)</strong></span> <span class='ocrx_word' id='word_1_231' title='bbox 2505 1883 2533 1934; x_wconf 89' lang='lat'><strong>6</strong></span> <span class='ocrx_word' id='word_1_232' title='bbox 2561 1882 2755 1945; x_wconf 86' lang='grc' dir='ltr'>Πάπας</span> <span class='ocrx_word' id='word_1_233' title='bbox 2789 1881 2854 1915; x_wconf 79' lang='grc'><strong>⁸⁸·</strong></span> <span class='ocrx_word' id='word_1_234' title='bbox 2883 1883 2916 1954; x_wconf 79' lang='grc' dir='ltr'>ἢ</span> <span class='ocrx_word' id='word_1_235' title='bbox 2945 1883 3037 1936; x_wconf 74' lang='grc' dir='ltr'><strong>καὶ</strong></span> <span class='ocrx_word' id='word_1_236' title='bbox 3059 1883 3129 1936; x_wconf 84' lang='grc' dir='ltr'>τὰ</span> <span class='ocrx_word' id='word_1_237' title='bbox 3157 1882 3300 1938; x_wconf 69' lang='lat' dir='ltr'><strong>Eam!</strong></span> <span class='ocrx_word' id='word_1_238' title='bbox 3337 1882 3519 1938; x_wconf 87' lang='grc' dir='ltr'>Θέλων</span> <span class='ocrx_word' id='word_1_239' title='bbox 3546 1884 3603 1938; x_wconf 86' lang='grc' dir='ltr'>δὲ</span> <span class='ocrx_word' id='word_1_240' title='bbox 3640 1886 3670 1937; x_wconf 90' lang='lat'><strong>6</strong></span> <span class='ocrx_word' id='word_1_241' title='bbox 3698 1887 3798 1957; x_wconf 85' lang='grc' dir='ltr'>ἀρ-</span> 
     </span>
    </p>
   </div>
   <div class='ocr_carea' id='block_1_35' title="bbox 527 1978 2103 2052">
    <p class='ocr_par' dir='ltr' id='par_1_35' title="bbox 527 1978 2103 2052">
     <span class='ocr_line' id='line_1_35' title="bbox 527 1978 2103 2052; baseline 0.004 -23"><span class='ocrx_word' id='word_1_242' title='bbox 527 1988 751 2044; x_wconf 89' lang='lat' dir='ltr'><strong>scopus,</strong></span> <span class='ocrx_word' id='word_1_243' title='bbox 806 1983 866 2030; x_wconf 95' lang='lat' dir='ltr'><strong>ut</strong></span> <span class='ocrx_word' id='word_1_244' title='bbox 940 1978 1197 2046; x_wconf 81' lang='lat' dir='ltr'><strong>probaret</strong></span> <span class='ocrx_word' id='word_1_245' title='bbox 1257 1995 1421 2046; x_wconf 92' lang='lat' dir='ltr'><strong>eum,</strong></span> <span class='ocrx_word' id='word_1_246' title='bbox 1506 1982 1763 2052; x_wconf 67' lang='lat' dir='ltr'><strong>praecepit</strong></span> <span class='ocrx_word' id='word_1_247' title='bbox 1831 1982 2103 2038; x_wconf 89' lang='lat' dir='ltr'><strong>clericis:</strong></span> 
     </span>
    </p>
   </div>
   <div class='ocr_carea' id='block_1_36' title="bbox 525 2063 2110 2145">
    <p class='ocr_par' dir='ltr' id='par_1_36' title="bbox 525 2063 2110 2145">
     <span class='ocr_line' id='line_1_36' title="bbox 525 2063 2110 2145; baseline 0.008 -26"><span class='ocrx_word' id='word_1_248' title='bbox 525 2063 758 2132; x_wconf 83' lang='lat' dir='ltr'><strong>Quando</strong></span> <span class='ocrx_word' id='word_1_249' title='bbox 812 2068 1165 2139; x_wconf 83' lang='lat' dir='ltr'><strong>ingressurus</strong></span> <span class='ocrx_word' id='word_1_250' title='bbox 1212 2079 1295 2127; x_wconf 92' lang='lat' dir='ltr'><strong>est</strong></span> <span class='ocrx_word' id='word_1_251' title='bbox 1342 2073 1512 2129; x_wconf 86' lang='lat' dir='ltr'><strong>abbas</strong></span> <span class='ocrx_word' id='word_1_252' title='bbox 1555 2073 1767 2145; x_wconf 80' lang='lat' dir='ltr'><strong>Moyses</strong></span> <span class='ocrx_word' id='word_1_253' title='bbox 1819 2075 1875 2129; x_wconf 93' lang='lat' dir='ltr'><strong>in</strong></span> <span class='ocrx_word' id='word_1_254' title='bbox 1924 2092 2110 2132; x_wconf 88' lang='lat' dir='ltr'><strong>sacra-</strong></span> 
     </span>
    </p>
   </div>
   <div class='ocr_carea' id='block_1_37' title="bbox 525 2159 2106 2238">
    <p class='ocr_par' dir='ltr' id='par_1_37' title="bbox 525 2159 2106 2238">
     <span class='ocr_line' id='line_1_37' title="bbox 525 2159 2106 2238; baseline 0.007 -26"><span class='ocrx_word' id='word_1_255' title='bbox 525 2159 691 2222; x_wconf 89' lang='lat' dir='ltr'><strong>rium,</strong></span> <span class='ocrx_word' id='word_1_256' title='bbox 719 2161 973 2231; x_wconf 83' lang='lat' dir='ltr'><strong>expellite</strong></span> <span class='ocrx_word' id='word_1_257' title='bbox 1002 2178 1148 2229; x_wconf 90' lang='lat' dir='ltr'><strong>eum,</strong></span> <span class='ocrx_word' id='word_1_258' title='bbox 1184 2172 1239 2219; x_wconf 93' lang='lat' dir='ltr'><strong>et</strong></span> <span class='ocrx_word' id='word_1_259' title='bbox 1272 2165 1586 2235; x_wconf 88' lang='lat' dir='ltr'><strong>sequimini,</strong></span> <span class='ocrx_word' id='word_1_260' title='bbox 1614 2175 1676 2220; x_wconf 89' lang='lat' dir='ltr'><strong>ut</strong></span> <span class='ocrx_word' id='word_1_261' title='bbox 1705 2168 1943 2225; x_wconf 86' lang='lat' dir='ltr'><strong>audiatis</strong></span> <span class='ocrx_word' id='word_1_262' title='bbox 1975 2169 2106 2238; x_wconf 90' lang='lat' dir='ltr'><strong>quid</strong></span> 
     </span>
    </p>
   </div>
   <div class='ocr_carea' id='block_1_38' title="bbox 526 2250 2108 2332">
    <p class='ocr_par' dir='ltr' id='par_1_38' title="bbox 526 2250 2108 2332">
     <span class='ocr_line' id='line_1_38' title="bbox 526 2250 2108 2332; baseline 0.006 -26"><span class='ocrx_word' id='word_1_263' title='bbox 526 2252 601 2306; x_wconf 85' lang='lat' dir='ltr'><strong>sit</strong></span> <span class='ocrx_word' id='word_1_264' title='bbox 653 2250 922 2308; x_wconf 88' lang='lat' dir='ltr'><strong>dicturus.</strong></span> <span class='ocrx_word' id='word_1_265' title='bbox 965 2252 1195 2309; x_wconf 85' lang='lat' dir='ltr'><strong>Intravit</strong></span> <span class='ocrx_word' id='word_1_266' title='bbox 1245 2272 1376 2327; x_wconf 85' lang='lat' dir='ltr'><strong>ergo</strong></span> <span class='ocrx_word' id='word_1_267' title='bbox 1429 2274 1632 2325; x_wconf 77' lang='lat' dir='ltr'><strong>senex;</strong></span> <span class='ocrx_word' id='word_1_268' title='bbox 1685 2267 1738 2314; x_wconf 91' lang='lat' dir='ltr'><strong>et</strong></span> <span class='ocrx_word' id='word_1_269' title='bbox 1787 2260 2108 2332; x_wconf 77' lang='lat' dir='ltr'><strong>increpave-</strong></span> 
     </span>
    </p>
   </div>
   <div class='ocr_carea' id='block_1_39' title="bbox 527 2346 2106 2414">
    <p class='ocr_par' dir='ltr' id='par_1_39' title="bbox 527 2346 2106 2414">
     <span class='ocr_line' id='line_1_39' title="bbox 527 2346 2106 2414; baseline 0.006 -19"><span class='ocrx_word' id='word_1_270' title='bbox 527 2351 658 2395; x_wconf 87' lang='lat' dir='ltr'><strong>runt</strong></span> <span class='ocrx_word' id='word_1_271' title='bbox 681 2358 803 2396; x_wconf 84' lang='lat' dir='ltr'><strong>eum</strong></span> <span class='ocrx_word' id='word_1_272' title='bbox 838 2357 902 2397; x_wconf 87' lang='lat' dir='ltr'><strong>ac</strong></span> <span class='ocrx_word' id='word_1_273' title='bbox 929 2346 1278 2414; x_wconf 85' lang='lat' dir='ltr'><strong>pepulerunt,</strong></span> <span class='ocrx_word' id='word_1_274' title='bbox 1313 2361 1439 2400; x_wconf 86' lang='lat' dir='ltr'><strong>cum</strong></span> <span class='ocrx_word' id='word_1_275' title='bbox 1464 2347 1550 2403; x_wconf 90' lang='lat' dir='ltr'><strong>his</strong></span> <span class='ocrx_word' id='word_1_276' title='bbox 1585 2349 1766 2404; x_wconf 90' lang='lat' dir='ltr'><strong>verbis</strong></span> <span class='ocrx_word' id='word_1_277' title='bbox 1798 2367 1810 2402; x_wconf 95' lang='lat'><strong>:</strong></span> <span class='ocrx_word' id='word_1_278' title='bbox 1844 2348 1994 2405; x_wconf 84' lang='lat' dir='ltr'><strong>Vade</strong></span> <span class='ocrx_word' id='word_1_279' title='bbox 2021 2351 2106 2404; x_wconf 84' lang='lat' dir='ltr'><strong>fo-</strong></span> 
     </span>
    </p>
   </div>
   <div class='ocr_carea' id='block_1_40' title="bbox 522 2431 2107 2505">
    <p class='ocr_par' dir='ltr' id='par_1_40' title="bbox 522 2431 2107 2505">
     <span class='ocr_line' id='line_1_40' title="bbox 522 2431 2107 2505; baseline 0.007 -20"><span class='ocrx_word' id='word_1_280' title='bbox 522 2446 636 2496; x_wconf 87' lang='lat' dir='ltr'><strong>ras,</strong></span> <span class='ocrx_word' id='word_1_281' title='bbox 669 2431 948 2504; x_wconf 67' lang='lat' dir='ltr'><strong>Ethiops.</strong></span> <span class='ocrx_word' id='word_1_282' title='bbox 988 2434 1100 2505; x_wconf 90' lang='lat' dir='ltr'><strong>(l8)</strong></span> <span class='ocrx_word' id='word_1_283' title='bbox 1124 2437 1194 2490; x_wconf 83' lang='lat' dir='ltr'><strong>At</strong></span> <span class='ocrx_word' id='word_1_284' title='bbox 1222 2436 1310 2492; x_wconf 89' lang='lat' dir='ltr'><strong>ille</strong></span> <span class='ocrx_word' id='word_1_285' title='bbox 1339 2437 1530 2494; x_wconf 84' lang='lat' dir='ltr'><strong>exiens</strong></span> <span class='ocrx_word' id='word_1_286' title='bbox 1552 2439 1736 2494; x_wconf 87' lang='lat' dir='ltr'><strong>aiebat</strong></span> <span class='ocrx_word' id='word_1_287' title='bbox 1764 2439 1871 2495; x_wconf 85' lang='lat' dir='ltr'><strong>sibi</strong></span> <span class='ocrx_word' id='word_1_288' title='bbox 1901 2439 2107 2496; x_wconf 78' lang='lat' dir='ltr'><strong>:tlecte</strong></span> 
     </span>
    </p>
   </div>
   <div class='ocr_carea' id='block_1_41' title="bbox 524 2523 2106 2601">
    <p class='ocr_par' dir='ltr' id='par_1_41' title="bbox 524 2523 2106 2601">
     <span class='ocr_line' id='line_1_41' title="bbox 524 2523 2106 2601; baseline 0.006 -23"><span class='ocrx_word' id='word_1_289' title='bbox 524 2524 619 2578; x_wconf 85' lang='lat' dir='ltr'><strong>tibi</strong></span> <span class='ocrx_word' id='word_1_290' title='bbox 659 2523 928 2589; x_wconf 85' lang='lat' dir='ltr'><strong>fecerunt,</strong></span> <span class='ocrx_word' id='word_1_291' title='bbox 990 2527 1207 2583; x_wconf 89' lang='lat' dir='ltr'><strong>cinerea</strong></span> <span class='ocrx_word' id='word_1_292' title='bbox 1268 2536 1416 2595; x_wconf 90' lang='lat' dir='ltr'><strong>cute,</strong></span> <span class='ocrx_word' id='word_1_293' title='bbox 1477 2529 1652 2601; x_wconf 87' lang='lat' dir='ltr'><strong>nigre.</strong></span> <span class='ocrx_word' id='word_1_294' title='bbox 1717 2530 1824 2598; x_wconf 83' lang='lat' dir='ltr'><strong>Qui</strong></span> <span class='ocrx_word' id='word_1_295' title='bbox 1883 2547 1992 2587; x_wconf 89' lang='lat' dir='ltr'><strong>non</strong></span> <span class='ocrx_word' id='word_1_296' title='bbox 2046 2548 2106 2588; x_wconf 84' lang='lat' dir='ltr'><strong>es</strong></span> 
     </span>
    </p>
   </div>
   <div class='ocr_carea' id='block_1_42' title="bbox 523 2613 1594 2686">
    <p class='ocr_par' dir='ltr' id='par_1_42' title="bbox 523 2613 1594 2686">
     <span class='ocr_line' id='line_1_42' title="bbox 523 2613 1594 2686; baseline 0.007 -18"><span class='ocrx_word' id='word_1_297' title='bbox 523 2613 708 2682; x_wconf 92' lang='lat' dir='ltr'><strong>homo,</strong></span> <span class='ocrx_word' id='word_1_298' title='bbox 745 2631 916 2686; x_wconf 88' lang='lat' dir='ltr'><strong>quare</strong></span> <span class='ocrx_word' id='word_1_299' title='bbox 950 2617 1091 2673; x_wconf 90' lang='lat' dir='ltr'><strong>inter</strong></span> <span class='ocrx_word' id='word_1_300' title='bbox 1131 2620 1383 2675; x_wconf 81' lang='lat' dir='ltr'><strong>homines</strong></span> <span class='ocrx_word' id='word_1_301' title='bbox 1407 2622 1594 2678; x_wconf 85' lang='lat' dir='ltr'><strong>venis?</strong></span> 
     </span>
    </p>
   </div>
   <div class='ocr_carea' id='block_1_43' title="bbox 594 2707 2102 2783">
    <p class='ocr_par' dir='ltr' id='par_1_43' title="bbox 594 2707 2102 2783">
     <span class='ocr_line' id='line_1_43' title="bbox 594 2707 2102 2783; baseline 0.009 -24"><span class='ocrx_word' id='word_1_302' title='bbox 594 2707 648 2761; x_wconf 74' lang='lat'><strong>5.</strong></span> <span class='ocrx_word' id='word_1_303' title='bbox 688 2707 800 2777; x_wconf 91' lang='lat' dir='ltr'><strong>(l9)</strong></span> <span class='ocrx_word' id='word_1_304' title='bbox 835 2707 890 2762; x_wconf 92' lang='lat' dir='ltr'><strong>In</strong></span> <span class='ocrx_word' id='word_1_305' title='bbox 923 2709 1068 2764; x_wconf 89' lang='lat' dir='ltr'><strong>Sceti</strong></span> <span class='ocrx_word' id='word_1_306' title='bbox 1097 2709 1286 2765; x_wconf 90' lang='lat' dir='ltr'><strong>datum</strong></span> <span class='ocrx_word' id='word_1_307' title='bbox 1315 2719 1400 2768; x_wconf 91' lang='lat' dir='ltr'><strong>est</strong></span> <span class='ocrx_word' id='word_1_308' title='bbox 1423 2712 1723 2783; x_wconf 85' lang='lat' dir='ltr'><strong>aliquando</strong></span> <span class='ocrx_word' id='word_1_309' title='bbox 1752 2715 2102 2773; x_wconf 87' lang='lat' dir='ltr'><strong>mandatum:</strong></span> 
     </span>
    </p>
   </div>
   <div class='ocr_carea' id='block_1_44' title="bbox 524 2795 2104 2875">
    <p class='ocr_par' dir='ltr' id='par_1_44' title="bbox 524 2795 2104 2875">
     <span class='ocr_line' id='line_1_44' title="bbox 524 2795 2104 2875; baseline 0.006 -24"><span class='ocrx_word' id='word_1_310' title='bbox 524 2795 641 2851; x_wconf 78' lang='lat' dir='ltr'><strong>Hac</strong></span> <span class='ocrx_word' id='word_1_311' title='bbox 675 2797 1016 2852; x_wconf 81' lang='lat' dir='ltr'><strong>hebdomada</strong></span> <span class='ocrx_word' id='word_1_312' title='bbox 1038 2799 1286 2870; x_wconf 86' lang='lat' dir='ltr'><strong>jejunate</strong></span> <span class='ocrx_word' id='word_1_313' title='bbox 1317 2821 1330 2856; x_wconf 87' lang='lat'><strong>:</strong></span> <span class='ocrx_word' id='word_1_314' title='bbox 1364 2810 1420 2858; x_wconf 88' lang='lat' dir='ltr'><strong>et</strong></span> <span class='ocrx_word' id='word_1_315' title='bbox 1459 2810 1590 2857; x_wconf 90' lang='lat' dir='ltr'><strong>tunc</strong></span> <span class='ocrx_word' id='word_1_316' title='bbox 1614 2805 1882 2875; x_wconf 90' lang='lat' dir='ltr'><strong>temporis</strong></span> <span class='ocrx_word' id='word_1_317' title='bbox 1921 2807 2104 2860; x_wconf 88' lang='lat' dir='ltr'><strong>conti-</strong></span> 
     </span>
    </p>
   </div>
   <div class='ocr_carea' id='block_1_45' title="bbox 523 2889 2104 2964">
    <p class='ocr_par' dir='ltr' id='par_1_45' title="bbox 523 2889 2104 2964">
     <span class='ocr_line' id='line_1_45' title="bbox 523 2889 2104 2964; baseline 0.008 -23"><span class='ocrx_word' id='word_1_318' title='bbox 523 2889 624 2958; x_wconf 86' lang='lat' dir='ltr'><strong>git,</strong></span> <span class='ocrx_word' id='word_1_319' title='bbox 673 2901 732 2943; x_wconf 90' lang='lat' dir='ltr'><strong>ut</strong></span> <span class='ocrx_word' id='word_1_320' title='bbox 778 2889 975 2944; x_wconf 78' lang='lat' dir='ltr'><strong>fratres</strong></span> <span class='ocrx_word' id='word_1_321' title='bbox 1025 2892 1094 2946; x_wconf 87' lang='lat' dir='ltr'><strong>ab</strong></span> <span class='ocrx_word' id='word_1_322' title='bbox 1140 2891 1378 2964; x_wconf 65' lang='lat' dir='ltr'><strong>Egypto</strong></span> <span class='ocrx_word' id='word_1_323' title='bbox 1433 2895 1685 2950; x_wconf 89' lang='lat' dir='ltr'><strong>venirent</strong></span> <span class='ocrx_word' id='word_1_324' title='bbox 1729 2896 1798 2950; x_wconf 86' lang='lat' dir='ltr'><strong>ad</strong></span> <span class='ocrx_word' id='word_1_325' title='bbox 1853 2897 2104 2954; x_wconf 87' lang='lat' dir='ltr'><strong>abbatem</strong></span> 
     </span>
    </p>
   </div>
   <div class='ocr_carea' id='block_1_46' title="bbox 523 2979 2107 3056">
    <p class='ocr_par' dir='ltr' id='par_1_46' title="bbox 523 2979 2107 3056">
     <span class='ocr_line' id='line_1_46' title="bbox 523 2979 2107 3056; baseline 0.004 -21"><span class='ocrx_word' id='word_1_326' title='bbox 523 2979 785 3051; x_wconf 83' lang='lat' dir='ltr'><strong>Muysem.</strong></span> <span class='ocrx_word' id='word_1_327' title='bbox 821 2980 973 3036; x_wconf 88' lang='lat' dir='ltr'><strong>Fecit</strong></span> <span class='ocrx_word' id='word_1_328' title='bbox 1011 2980 1092 3037; x_wconf 88' lang='lat' dir='ltr'><strong>eis</strong></span> <span class='ocrx_word' id='word_1_329' title='bbox 1138 2984 1412 3040; x_wconf 91' lang='lat' dir='ltr'><strong>modicum</strong></span> <span class='ocrx_word' id='word_1_330' title='bbox 1450 2985 1736 3056; x_wconf 78' lang='lat' dir='ltr'><strong>pulmenti.</strong></span> <span class='ocrx_word' id='word_1_331' title='bbox 1780 2985 1959 3042; x_wconf 83' lang='lat' dir='ltr'><strong>Vicini</strong></span> <span class='ocrx_word' id='word_1_332' title='bbox 2010 3003 2107 3042; x_wconf 86' lang='lat' dir='ltr'><strong>au-</strong></span> 
     </span>
    </p>
   </div>
   <div class='ocr_carea' id='block_1_47' title="bbox 524 3073 2104 3149">
    <p class='ocr_par' dir='ltr' id='par_1_47' title="bbox 524 3073 2104 3149">
     <span class='ocr_line' id='line_1_47' title="bbox 524 3073 2104 3149; baseline 0.004 -24"><span class='ocrx_word' id='word_1_333' title='bbox 524 3080 630 3126; x_wconf 90' lang='lat' dir='ltr'><strong>tem</strong></span> <span class='ocrx_word' id='word_1_334' title='bbox 674 3083 970 3142; x_wconf 87' lang='lat' dir='ltr'><strong>conspecto</strong></span> <span class='ocrx_word' id='word_1_335' title='bbox 997 3073 1167 3140; x_wconf 77' lang='lat' dir='ltr'><strong>fumo,</strong></span> <span class='ocrx_word' id='word_1_336' title='bbox 1201 3075 1458 3129; x_wconf 77' lang='lat' dir='ltr'><strong>dixerunt</strong></span> <span class='ocrx_word' id='word_1_337' title='bbox 1480 3076 1737 3132; x_wconf 89' lang='lat' dir='ltr'><strong>clericis:</strong></span> <span class='ocrx_word' id='word_1_338' title='bbox 1777 3077 1917 3132; x_wconf 83' lang='lat' dir='ltr'><strong>Ecce</strong></span> <span class='ocrx_word' id='word_1_339' title='bbox 1950 3077 2104 3149; x_wconf 84' lang='lat' dir='ltr'><strong>Moy—</strong></span> 
     </span>
    </p>
   </div>
   <div class='ocr_carea' id='block_1_48' title="bbox 2209 1975 3795 2048">
    <p class='ocr_par' dir='ltr' id='par_1_48' title="bbox 2209 1975 3795 2048">
     <span class='ocr_line' id='line_1_48' title="bbox 2209 1975 3795 2048; baseline 0.001 -21"><span class='ocrx_word' id='word_1_340' title='bbox 2209 1993 2292 2044; x_wconf 88' lang='grc' dir='ltr'><strong>χιε</strong></span> <span class='ocrx_word' id='word_1_341' title='bbox 2304 1975 2564 2038; x_wconf 84' lang='grc' dir='ltr'>πίσκοπος</span> <span class='ocrx_word' id='word_1_342' title='bbox 2585 1975 2650 2007; x_wconf 72' lang='grc'><strong>⁸⁸·</strong></span> <span class='ocrx_word' id='word_1_343' title='bbox 2669 1975 2962 2044; x_wconf 79' lang='grc' dir='ltr'>δοκιμάσαι</span> <span class='ocrx_word' id='word_1_344' title='bbox 2983 1975 3162 2040; x_wconf 82' lang='grc' dir='ltr'>αὐτὸν,</span> <span class='ocrx_word' id='word_1_345' title='bbox 3190 1975 3336 2044; x_wconf 84' lang='grc' dir='ltr'>λέγει</span> <span class='ocrx_word' id='word_1_346' title='bbox 3353 1977 3465 2039; x_wconf 85' lang='grc' dir='ltr'>τοῖς</span> <span class='ocrx_word' id='word_1_347' title='bbox 3481 1976 3765 2048; x_wconf 83' lang='grc' dir='ltr'>κληρικοῖς</span> <span class='ocrx_word' id='word_1_348' title='bbox 3781 1992 3795 2008; x_wconf 88' lang='grc'><strong>·</strong></span> 
     </span>
    </p>
   </div>
   <div class='ocr_carea' id='block_1_49' title="bbox 2203 2065 3798 2145">
    <p class='ocr_par' dir='ltr' id='par_1_49' title="bbox 2203 2065 3798 2145">
     <span class='ocr_line' id='line_1_49' title="bbox 2203 2065 3798 2145; baseline 0 -25"><span class='ocrx_word' id='word_1_349' title='bbox 2203 2069 2379 2145; x_wconf 63' lang='grc' dir='ltr'>ξΟταν</span> <span class='ocrx_word' id='word_1_350' title='bbox 2410 2067 2722 2138; x_wconf 83' lang='grc' dir='ltr'>εἰσέρχηται</span> <span class='ocrx_word' id='word_1_351' title='bbox 2749 2065 2966 2129; x_wconf 78' lang='grc' dir='ltr'>ὁάὸὅᾶς</span> <span class='ocrx_word' id='word_1_352' title='bbox 3007 2067 3248 2137; x_wconf 82' lang='grc' dir='ltr'>Μωῦσῆς</span> <span class='ocrx_word' id='word_1_353' title='bbox 3293 2069 3374 2130; x_wconf 89' lang='grc' dir='ltr'><strong>είς</strong></span> <span class='ocrx_word' id='word_1_354' title='bbox 3399 2067 3461 2119; x_wconf 85' lang='grc' dir='ltr'><strong>τὸ</strong></span> <span class='ocrx_word' id='word_1_355' title='bbox 3507 2068 3798 2138; x_wconf 85' lang='grc' dir='ltr'>ἱερατεῖον,</span> 
     </span>
    </p>
   </div>
   <div class='ocr_carea' id='block_1_50' title="bbox 2207 2157 3801 2228">
    <p class='ocr_par' dir='ltr' id='par_1_50' title="bbox 2207 2157 3801 2228">
     <span class='ocr_line' id='line_1_50' title="bbox 2207 2157 3801 2228; baseline 0.001 -17"><span class='ocrx_word' id='word_1_356' title='bbox 2207 2158 2432 2225; x_wconf 80' lang='grc' dir='ltr'>διώξατε</span> <span class='ocrx_word' id='word_1_357' title='bbox 2481 2157 2664 2222; x_wconf 74' lang='grc' dir='ltr'>αὐτὸν,</span> <span class='ocrx_word' id='word_1_358' title='bbox 2714 2158 2810 2211; x_wconf 73' lang='grc' dir='ltr'>καὶ</span> <span class='ocrx_word' id='word_1_359' title='bbox 2857 2157 3261 2228; x_wconf 84' lang='grc' dir='ltr'>ἀκολουθήσατε</span> <span class='ocrx_word' id='word_1_360' title='bbox 3294 2157 3465 2228; x_wconf 82' lang='grc' dir='ltr'>αὐτῷ,</span> <span class='ocrx_word' id='word_1_361' title='bbox 3499 2159 3587 2212; x_wconf 85' lang='grc' dir='ltr'><strong>ἵνα</strong></span> <span class='ocrx_word' id='word_1_362' title='bbox 3630 2158 3801 2214; x_wconf 82' lang='grc' dir='ltr'>ἀκού-</span> 
     </span>
    </p>
   </div>
   <div class='ocr_carea' id='block_1_51' title="bbox 2211 2244 3801 2320">
    <p class='ocr_par' dir='ltr' id='par_1_51' title="bbox 2211 2244 3801 2320">
     <span class='ocr_line' id='line_1_51' title="bbox 2211 2244 3801 2320; baseline -0.001 -18"><span class='ocrx_word' id='word_1_363' title='bbox 2211 2266 2340 2320; x_wconf 89' lang='grc' dir='ltr'>σητε</span> <span class='ocrx_word' id='word_1_364' title='bbox 2365 2250 2417 2302; x_wconf 87' lang='grc' dir='ltr'><strong>τί</strong></span> <span class='ocrx_word' id='word_1_365' title='bbox 2465 2249 2633 2318; x_wconf 83' lang='grc' dir='ltr'>λέγει.</span> <span class='ocrx_word' id='word_1_366' title='bbox 2665 2249 2928 2320; x_wconf 82' lang='grc' dir='ltr'>Εἰσῆλθεν</span> <span class='ocrx_word' id='word_1_367' title='bbox 2954 2244 3048 2301; x_wconf 80' lang='grc' dir='ltr'><strong>οὖν</strong></span> <span class='ocrx_word' id='word_1_368' title='bbox 3076 2250 3104 2300; x_wconf 89' lang='lat'><strong>6</strong></span> <span class='ocrx_word' id='word_1_369' title='bbox 3150 2249 3327 2320; x_wconf 86' lang='grc' dir='ltr'>γέρων</span> <span class='ocrx_word' id='word_1_370' title='bbox 3347 2266 3360 2278; x_wconf 88' lang='grc'>·</span> <span class='ocrx_word' id='word_1_371' title='bbox 3394 2247 3486 2301; x_wconf 75' lang='grc' dir='ltr'><strong>καὶ</strong></span> <span class='ocrx_word' id='word_1_372' title='bbox 3530 2249 3801 2320; x_wconf 76' lang='grc' dir='ltr'>ἐπετίμη-</span> 
     </span>
    </p>
   </div>
   <div class='ocr_carea' id='block_1_52' title="bbox 2210 2339 3796 2408">
    <p class='ocr_par' dir='ltr' id='par_1_52' title="bbox 2210 2339 3796 2408">
     <span class='ocr_line' id='line_1_52' title="bbox 2210 2339 3796 2408; baseline 0.001 -16"><span class='ocrx_word' id='word_1_373' title='bbox 2210 2357 2309 2392; x_wconf 91' lang='grc' dir='ltr'><strong>σαν</strong></span> <span class='ocrx_word' id='word_1_374' title='bbox 2347 2341 2531 2404; x_wconf 82' lang='grc' dir='ltr'>αὑτὸν,</span> <span class='ocrx_word' id='word_1_375' title='bbox 2561 2340 2656 2394; x_wconf 71' lang='grc' dir='ltr'><strong>καὶ</strong></span> <span class='ocrx_word' id='word_1_376' title='bbox 2689 2340 2933 2405; x_wconf 78' lang='grc' dir='ltr'>ἐδίωξαν,</span> <span class='ocrx_word' id='word_1_377' title='bbox 2975 2339 3256 2408; x_wconf 68' lang='grc' dir='ltr'>λέγοντεςυ</span> <span class='ocrx_word' id='word_1_378' title='bbox 3297 2339 3514 2407; x_wconf 83' lang='grc' dir='ltr'>’Ὕπαγε</span> <span class='ocrx_word' id='word_1_379' title='bbox 3541 2339 3667 2405; x_wconf 79' lang='grc' dir='ltr'>ἔξω,</span> <span class='ocrx_word' id='word_1_380' title='bbox 3697 2340 3796 2393; x_wconf 75' lang='grc' dir='ltr'><strong>Αί-</strong></span> 
     </span>
    </p>
   </div>
   <div class='ocr_carea' id='block_1_53' title="bbox 2209 2429 3800 2505">
    <p class='ocr_par' dir='ltr' id='par_1_53' title="bbox 2209 2429 3800 2505">
     <span class='ocr_line' id='line_1_53' title="bbox 2209 2429 3800 2505; baseline -0.003 -17"><span class='ocrx_word' id='word_1_381' title='bbox 2209 2434 2354 2505; x_wconf 77' lang='grc' dir='ltr'>θίοψ.</span> <span class='ocrx_word' id='word_1_382' title='bbox 2393 2434 2450 2488; x_wconf 83' lang='lat'><strong>&#39;0</strong></span> <span class='ocrx_word' id='word_1_383' title='bbox 2469 2434 2525 2487; x_wconf 81' lang='grc' dir='ltr'><strong>δὲ</strong></span> <span class='ocrx_word' id='word_1_384' title='bbox 2557 2432 2788 2498; x_wconf 78' lang='grc' dir='ltr'>ἐξελθὼν</span> <span class='ocrx_word' id='word_1_385' title='bbox 2818 2433 3004 2500; x_wconf 68' lang='grc' dir='ltr'>ἔλεγεν</span> <span class='ocrx_word' id='word_1_386' title='bbox 3029 2429 3204 2502; x_wconf 78' lang='grc' dir='ltr'>ἐαυτῷ</span> <span class='ocrx_word' id='word_1_387' title='bbox 3227 2449 3241 2464; x_wconf 87' lang='grc'><strong>·</strong></span> <span class='ocrx_word' id='word_1_388' title='bbox 3265 2432 3462 2496; x_wconf 84' lang='grc' dir='ltr'>Καλῶς</span> <span class='ocrx_word' id='word_1_389' title='bbox 3491 2448 3573 2485; x_wconf 91' lang='grc' dir='ltr'><strong>σοι</strong></span> <span class='ocrx_word' id='word_1_390' title='bbox 3606 2431 3800 2500; x_wconf 74' lang='grc' dir='ltr'>ἐποίη-</span> 
     </span>
    </p>
   </div>
   <div class='ocr_carea' id='block_1_54' title="bbox 2210 2521 3799 2596">
    <p class='ocr_par' dir='ltr' id='par_1_54' title="bbox 2210 2521 3799 2596">
     <span class='ocr_line' id='line_1_54' title="bbox 2210 2521 3799 2596; baseline 0 -19"><span class='ocrx_word' id='word_1_391' title='bbox 2210 2541 2330 2589; x_wconf 83' lang='grc' dir='ltr'>σαν,</span> <span class='ocrx_word' id='word_1_392' title='bbox 2362 2526 2692 2595; x_wconf 86' lang='grc' dir='ltr'>σποδόδερμε</span> <span class='ocrx_word' id='word_1_393' title='bbox 2736 2524 2867 2596; x_wconf 61' lang='grc'>(25),</span> <span class='ocrx_word' id='word_1_394' title='bbox 2903 2522 3122 2594; x_wconf 86' lang='grc' dir='ltr'>μελανέ.</span> <span class='ocrx_word' id='word_1_395' title='bbox 3147 2523 3233 2594; x_wconf 77' lang='grc' dir='ltr'><strong>Μὴ</strong></span> <span class='ocrx_word' id='word_1_396' title='bbox 3273 2521 3350 2576; x_wconf 85' lang='grc' dir='ltr'>ὣν</span> <span class='ocrx_word' id='word_1_397' title='bbox 3401 2522 3710 2594; x_wconf 78' lang='grc' dir='ltr'>ἄνθρωπος,</span> <span class='ocrx_word' id='word_1_398' title='bbox 3742 2521 3799 2577; x_wconf 86' lang='grc' dir='ltr'><strong>τί</strong></span> 
     </span>
    </p>
   </div>
   <div class='ocr_carea' id='block_1_55' title="bbox 2209 2615 2970 2690">
    <p class='ocr_par' dir='ltr' id='par_1_55' title="bbox 2209 2615 2970 2690">
     <span class='ocr_line' id='line_1_55' title="bbox 2209 2615 2970 2690; baseline 0.001 -22"><span class='ocrx_word' id='word_1_399' title='bbox 2209 2615 2342 2690; x_wconf 79' lang='grc' dir='ltr'><strong>ἔρχῃ</strong></span> <span class='ocrx_word' id='word_1_400' title='bbox 2385 2617 2524 2687; x_wconf 83' lang='grc' dir='ltr'>μετὰ</span> <span class='ocrx_word' id='word_1_401' title='bbox 2553 2617 2596 2650; x_wconf 78' lang='grc'>⁸⁷</span> <span class='ocrx_word' id='word_1_402' title='bbox 2631 2616 2970 2687; x_wconf 85' lang='grc' dir='ltr'>ἀνθρώπων;</span> 
     </span>
    </p>
   </div>
   <div class='ocr_carea' id='block_1_56' title="bbox 2277 2707 3798 2780">
    <p class='ocr_par' dir='ltr' id='par_1_56' title="bbox 2277 2707 3798 2780">
     <span class='ocr_line' id='line_1_56' title="bbox 2277 2707 3798 2780; baseline 0.001 -19"><span class='ocrx_word' id='word_1_403' title='bbox 2277 2708 2338 2763; x_wconf 86' lang='grc' dir='ltr'>ε’.</span> <span class='ocrx_word' id='word_1_404' title='bbox 2388 2709 2574 2779; x_wconf 86' lang='grc' dir='ltr'>Ἐδόθη</span> <span class='ocrx_word' id='word_1_405' title='bbox 2599 2709 2730 2762; x_wconf 83' lang='grc' dir='ltr'>ποτὲ</span> <span class='ocrx_word' id='word_1_406' title='bbox 2754 2710 2834 2772; x_wconf 88' lang='grc' dir='ltr'><strong>εἰς</strong></span> <span class='ocrx_word' id='word_1_407' title='bbox 2869 2709 3067 2779; x_wconf 84' lang='grc' dir='ltr'>Σκῆτιν</span> <span class='ocrx_word' id='word_1_408' title='bbox 3093 2707 3282 2779; x_wconf 83' lang='grc' dir='ltr'>ἐντολὴ</span> <span class='ocrx_word' id='word_1_409' title='bbox 3306 2709 3410 2774; x_wconf 79' lang='grc' dir='ltr'>ὅτι,</span> <span class='ocrx_word' id='word_1_410' title='bbox 3444 2709 3798 2780; x_wconf 81' lang='grc' dir='ltr'>Νηστεύσατε</span> 
     </span>
    </p>
   </div>
   <div class='ocr_carea' id='block_1_57' title="bbox 2205 2796 3798 2871">
    <p class='ocr_par' dir='ltr' id='par_1_57' title="bbox 2205 2796 3798 2871">
     <span class='ocr_line' id='line_1_57' title="bbox 2205 2796 3798 2871; baseline 0.001 -19"><span class='ocrx_word' id='word_1_411' title='bbox 2205 2800 2305 2871; x_wconf 84' lang='grc' dir='ltr'><strong>τὴν</strong></span> <span class='ocrx_word' id='word_1_412' title='bbox 2344 2800 2612 2870; x_wconf 78' lang='grc' dir='ltr'>ἑϐδομάδα</span> <span class='ocrx_word' id='word_1_413' title='bbox 2631 2799 2865 2871; x_wconf 71' lang='grc' dir='ltr'>ταύτηνο</span> <span class='ocrx_word' id='word_1_414' title='bbox 2895 2800 2989 2853; x_wconf 74' lang='grc' dir='ltr'>καὶ</span> <span class='ocrx_word' id='word_1_415' title='bbox 3019 2799 3139 2853; x_wconf 86' lang='grc' dir='ltr'>κατ’</span> <span class='ocrx_word' id='word_1_416' title='bbox 3164 2799 3474 2870; x_wconf 84' lang='grc' dir='ltr'>εὐκαιρίαν,</span> <span class='ocrx_word' id='word_1_417' title='bbox 3549 2796 3798 2869; x_wconf 80' lang='grc' dir='ltr'>παρέϐα-</span> 
     </span>
    </p>
   </div>
   <div class='ocr_carea' id='block_1_58' title="bbox 2206 2889 3798 2962">
    <p class='ocr_par' dir='ltr' id='par_1_58' title="bbox 2206 2889 3798 2962">
     <span class='ocr_line' id='line_1_58' title="bbox 2206 2889 3798 2962; baseline 0.003 -20"><span class='ocrx_word' id='word_1_418' title='bbox 2206 2889 2296 2944; x_wconf 85' lang='grc' dir='ltr'><strong>λον</strong></span> <span class='ocrx_word' id='word_1_419' title='bbox 2329 2890 2548 2960; x_wconf 74' lang='grc' dir='ltr'>ἀδελφοί.</span> <span class='ocrx_word' id='word_1_420' title='bbox 2569 2891 2682 2961; x_wconf 66' lang='lat'><strong>(24)</strong></span> <span class='ocrx_word' id='word_1_421' title='bbox 2707 2891 2815 2944; x_wconf 82' lang='grc' dir='ltr'>ἀπὸ</span> <span class='ocrx_word' id='word_1_422' title='bbox 2851 2892 3127 2959; x_wconf 77' lang='grc' dir='ltr'>Αἰγύπτου</span> <span class='ocrx_word' id='word_1_423' title='bbox 3159 2890 3237 2960; x_wconf 87' lang='grc' dir='ltr'>τῷ</span> <span class='ocrx_word' id='word_1_424' title='bbox 3264 2891 3407 2962; x_wconf 78' lang='grc' dir='ltr'><strong>ἀὸϐᾷ</strong></span> <span class='ocrx_word' id='word_1_425' title='bbox 3428 2893 3635 2962; x_wconf 86' lang='grc' dir='ltr'>Μωῦσῇ</span> <span class='ocrx_word' id='word_1_426' title='bbox 3656 2905 3672 2922; x_wconf 87' lang='grc'>⁶</span> <span class='ocrx_word' id='word_1_427' title='bbox 3701 2890 3798 2946; x_wconf 71' lang='grc' dir='ltr'>καὶ</span> 
     </span>
    </p>
   </div>
   <div class='ocr_carea' id='block_1_59' title="bbox 2207 2981 3795 3054">
    <p class='ocr_par' dir='ltr' id='par_1_59' title="bbox 2207 2981 3795 3054">
     <span class='ocr_line' id='line_1_59' title="bbox 2207 2981 3795 3054; baseline 0 -20"><span class='ocrx_word' id='word_1_428' title='bbox 2207 2981 2461 3052; x_wconf 77' lang='grc' dir='ltr'>ἐποίησεν</span> <span class='ocrx_word' id='word_1_429' title='bbox 2486 2983 2668 3045; x_wconf 75' lang='grc' dir='ltr'>αὐτοῖς</span> <span class='ocrx_word' id='word_1_430' title='bbox 2695 2982 2890 3052; x_wconf 73' lang='grc' dir='ltr'>μικρὸν</span> <span class='ocrx_word' id='word_1_431' title='bbox 2914 2981 3121 3054; x_wconf 73' lang='grc' dir='ltr'>ἕψημα.</span> <span class='ocrx_word' id='word_1_432' title='bbox 3155 2981 3267 3036; x_wconf 73' lang='grc' dir='ltr'><strong>Καὶ</strong></span> <span class='ocrx_word' id='word_1_433' title='bbox 3309 2981 3508 3046; x_wconf 87' lang='grc' dir='ltr'>ἰδόντες</span> <span class='ocrx_word' id='word_1_434' title='bbox 3541 2983 3590 3034; x_wconf 87' lang='grc' dir='ltr'><strong>οἰ</strong></span> <span class='ocrx_word' id='word_1_435' title='bbox 3617 2982 3795 3051; x_wconf 87' lang='grc' dir='ltr'>γείτο-</span> 
     </span>
    </p>
   </div>
   <div class='ocr_carea' id='block_1_60' title="bbox 2206 3069 3796 3146">
    <p class='ocr_par' dir='ltr' id='par_1_60' title="bbox 2206 3069 3796 3146">
     <span class='ocr_line' id='line_1_60' title="bbox 2206 3069 3796 3146; baseline 0.001 -19"><span class='ocrx_word' id='word_1_436' title='bbox 2206 3091 2296 3137; x_wconf 90' lang='grc' dir='ltr'><strong>νες</strong></span> <span class='ocrx_word' id='word_1_437' title='bbox 2324 3073 2415 3127; x_wconf 79' lang='grc' dir='ltr'><strong>τὸν</strong></span> <span class='ocrx_word' id='word_1_438' title='bbox 2452 3074 2678 3137; x_wconf 81' lang='grc' dir='ltr'>καπνὸν,</span> <span class='ocrx_word' id='word_1_439' title='bbox 2706 3069 2858 3126; x_wconf 79' lang='grc' dir='ltr'>εἷπον</span> <span class='ocrx_word' id='word_1_440' title='bbox 2882 3076 2994 3137; x_wconf 84' lang='grc' dir='ltr'>τοῖς</span> <span class='ocrx_word' id='word_1_441' title='bbox 3025 3075 3308 3144; x_wconf 85' lang='grc' dir='ltr'>κληρικοῖς</span> <span class='ocrx_word' id='word_1_442' title='bbox 3332 3090 3348 3106; x_wconf 87' lang='grc'><strong>·</strong></span> <span class='ocrx_word' id='word_1_443' title='bbox 3393 3074 3525 3127; x_wconf 82' lang='grc' dir='ltr'>Ἰδοὺ</span> <span class='ocrx_word' id='word_1_444' title='bbox 3553 3075 3796 3146; x_wconf 74' lang='grc' dir='ltr'>Μωῦτῆς</span> 
     </span>
    </p>
   </div>
   <div class='ocr_carea' id='block_1_61' title="bbox 522 3162 2103 3266">
    <p class='ocr_par' dir='ltr' id='par_1_61' title="bbox 522 3164 2103 3240">
     <span class='ocr_line' id='line_1_61' title="bbox 522 3164 2103 3240; baseline 0.004 -21"><span class='ocrx_word' id='word_1_445' title='bbox 522 3177 614 3219; x_wconf 86' lang='lat' dir='ltr'><strong>ses</strong></span> <span class='ocrx_word' id='word_1_446' title='bbox 647 3164 812 3219; x_wconf 79' lang='lat' dir='ltr'><strong>solvit</strong></span> <span class='ocrx_word' id='word_1_447' title='bbox 842 3166 1183 3230; x_wconf 87' lang='lat' dir='ltr'><strong>mandatum,</strong></span> <span class='ocrx_word' id='word_1_448' title='bbox 1213 3167 1553 3236; x_wconf 88' lang='lat' dir='ltr'><strong>pulmentum</strong></span> <span class='ocrx_word' id='word_1_449' title='bbox 1586 3168 1926 3224; x_wconf 82' lang='lat' dir='ltr'><strong>conﬁciendo</strong></span> <span class='ocrx_word' id='word_1_450' title='bbox 1961 3170 2103 3240; x_wconf 86' lang='lat' dir='ltr'><strong>apud</strong></span> 
     </span>
    </p>
   </div>
   <div class='ocr_carea' id='block_1_62' title="bbox 2214 3162 3796 3266">
    <p class='ocr_par' dir='ltr' id='par_1_62' title="bbox 2214 3162 3796 3235">
     <span class='ocr_line' id='line_1_62' title="bbox 2214 3162 3796 3235; baseline -0.001 -18"><span class='ocrx_word' id='word_1_451' title='bbox 2214 3163 2473 3218; x_wconf 84' lang='grc' dir='ltr'>κατέλυσε</span> <span class='ocrx_word' id='word_1_452' title='bbox 2502 3163 2600 3234; x_wconf 84' lang='grc' dir='ltr'>τὴν</span> <span class='ocrx_word' id='word_1_453' title='bbox 2631 3163 2873 3235; x_wconf 74' lang='grc' dir='ltr'>ἐντολὴν,</span> <span class='ocrx_word' id='word_1_454' title='bbox 2907 3163 2999 3216; x_wconf 78' lang='grc' dir='ltr'><strong>καὶ</strong></span> <span class='ocrx_word' id='word_1_455' title='bbox 3021 3162 3209 3234; x_wconf 74' lang='grc' dir='ltr'>ἕψημα</span> <span class='ocrx_word' id='word_1_456' title='bbox 3233 3165 3359 3234; x_wconf 87' lang='grc' dir='ltr'>παρ’</span> <span class='ocrx_word' id='word_1_457' title='bbox 3384 3163 3563 3234; x_wconf 78' lang='grc' dir='ltr'>ἑαυτῷ</span> <span class='ocrx_word' id='word_1_458' title='bbox 3601 3162 3796 3233; x_wconf 72' lang='grc' dir='ltr'>ὲποίηυ</span> 
     </span>
    </p>
   </div>
   <div class='ocr_carea' id='block_1_63' title="bbox 523 3255 2095 3332">
    <p class='ocr_par' dir='ltr' id='par_1_63' title="bbox 523 3255 2095 3332">
     <span class='ocr_line' id='line_1_63' title="bbox 523 3255 2095 3332; baseline 0.004 -20"><span class='ocrx_word' id='word_1_459' title='bbox 523 3271 606 3312; x_wconf 90' lang='lat' dir='ltr'><strong>se.</strong></span> <span class='ocrx_word' id='word_1_460' title='bbox 639 3255 984 3326; x_wconf 77' lang='lat' dir='ltr'><strong>Exceperunt</strong></span> <span class='ocrx_word' id='word_1_461' title='bbox 1009 3258 1122 3312; x_wconf 89' lang='lat' dir='ltr'><strong>illi:</strong></span> <span class='ocrx_word' id='word_1_462' title='bbox 1157 3258 1387 3324; x_wconf 84' lang='lat' dir='ltr'><strong>Quando</strong></span> <span class='ocrx_word' id='word_1_463' title='bbox 1415 3260 1727 3326; x_wconf 82' lang='lat' dir='ltr'><strong>accesserit,</strong></span> <span class='ocrx_word' id='word_1_464' title='bbox 1765 3276 1866 3316; x_wconf 92' lang='lat' dir='ltr'><strong>nos</strong></span> <span class='ocrx_word' id='word_1_465' title='bbox 1899 3261 2095 3332; x_wconf 87' lang='lat' dir='ltr'><strong>loque-</strong></span> 
     </span>
    </p>
   </div>
   <div class='ocr_carea' id='block_1_64' title="bbox 524 3349 2098 3426">
    <p class='ocr_par' dir='ltr' id='par_1_64' title="bbox 524 3349 2098 3426">
     <span class='ocr_line' id='line_1_64' title="bbox 524 3349 2098 3426; baseline 0.006 -24"><span class='ocrx_word' id='word_1_466' title='bbox 524 3365 648 3403; x_wconf 86' lang='lat' dir='ltr'><strong>mur</strong></span> <span class='ocrx_word' id='word_1_467' title='bbox 698 3351 770 3404; x_wconf 91' lang='lat' dir='ltr'><strong>ei.</strong></span> <span class='ocrx_word' id='word_1_468' title='bbox 837 3349 935 3407; x_wconf 89' lang='lat' dir='ltr'><strong>Die</strong></span> <span class='ocrx_word' id='word_1_469' title='bbox 980 3351 1149 3422; x_wconf 81' lang='lat' dir='ltr'><strong>igitur</strong></span> <span class='ocrx_word' id='word_1_470' title='bbox 1189 3352 1432 3419; x_wconf 87' lang='lat' dir='ltr'><strong>Sahbati,</strong></span> <span class='ocrx_word' id='word_1_471' title='bbox 1483 3354 1670 3410; x_wconf 88' lang='lat' dir='ltr'><strong>clerici</strong></span> <span class='ocrx_word' id='word_1_472' title='bbox 1731 3365 2098 3426; x_wconf 83' lang='lat' dir='ltr'><strong>agnoscentes</strong></span> 
     </span>
    </p>
   </div>
   <div class='ocr_carea' id='block_1_65' title="bbox 520 3443 2098 3514">
    <p class='ocr_par' dir='ltr' id='par_1_65' title="bbox 520 3443 2098 3514">
     <span class='ocr_line' id='line_1_65' title="bbox 520 3443 2098 3514; baseline 0.004 -18"><span class='ocrx_word' id='word_1_473' title='bbox 520 3443 778 3496; x_wconf 74' lang='lat' dir='ltr'><strong>eximiam</strong></span> <span class='ocrx_word' id='word_1_474' title='bbox 825 3443 1042 3498; x_wconf 88' lang='lat' dir='ltr'><strong>abbatis</strong></span> <span class='ocrx_word' id='word_1_475' title='bbox 1092 3443 1294 3514; x_wconf 85' lang='lat' dir='ltr'><strong>Moysis</strong></span> <span class='ocrx_word' id='word_1_476' title='bbox 1345 3445 1565 3499; x_wconf 87' lang='lat' dir='ltr'><strong>vivendi</strong></span> <span class='ocrx_word' id='word_1_477' title='bbox 1615 3447 1904 3514; x_wconf 91' lang='lat' dir='ltr'><strong>rationem,</strong></span> <span class='ocrx_word' id='word_1_478' title='bbox 1945 3447 2098 3503; x_wconf 85' lang='lat' dir='ltr'><strong>dixe-</strong></span> 
     </span>
    </p>
   </div>
   <div class='ocr_carea' id='block_1_66' title="bbox 524 3533 2102 3608">
    <p class='ocr_par' dir='ltr' id='par_1_66' title="bbox 524 3533 2102 3608">
     <span class='ocr_line' id='line_1_66' title="bbox 524 3533 2102 3608; baseline 0.006 -24"><span class='ocrx_word' id='word_1_479' title='bbox 524 3542 652 3586; x_wconf 89' lang='lat' dir='ltr'><strong>runt</strong></span> <span class='ocrx_word' id='word_1_480' title='bbox 693 3533 743 3586; x_wconf 88' lang='lat' dir='ltr'><strong>ei</strong></span> <span class='ocrx_word' id='word_1_481' title='bbox 787 3547 971 3587; x_wconf 85' lang='lat' dir='ltr'><strong>coram</strong></span> <span class='ocrx_word' id='word_1_482' title='bbox 1003 3535 1154 3587; x_wconf 91' lang='lat' dir='ltr'><strong>omni</strong></span> <span class='ocrx_word' id='word_1_483' title='bbox 1205 3534 1551 3590; x_wconf 88' lang='lat' dir='ltr'><strong>multitudine</strong></span> <span class='ocrx_word' id='word_1_484' title='bbox 1586 3554 1598 3588; x_wconf 93' lang='lat'><strong>:</strong></span> <span class='ocrx_word' id='word_1_485' title='bbox 1629 3537 1815 3592; x_wconf 81' lang='lat' dir='ltr'><strong>Ahbas</strong></span> <span class='ocrx_word' id='word_1_486' title='bbox 1863 3536 2102 3608; x_wconf 86' lang='lat' dir='ltr'><strong>Moyses.</strong></span> 
     </span>
    </p>
   </div>
   <div class='ocr_carea' id='block_1_67' title="bbox 526 3622 2094 3693">
    <p class='ocr_par' dir='ltr' id='par_1_67' title="bbox 526 3622 2094 3693">
     <span class='ocr_line' id='line_1_67' title="bbox 526 3622 2094 3693; baseline 0.003 -17"><span class='ocrx_word' id='word_1_487' title='bbox 526 3622 736 3676; x_wconf 86' lang='lat' dir='ltr'><strong>solvisti</strong></span> <span class='ocrx_word' id='word_1_488' title='bbox 786 3622 1104 3678; x_wconf 88' lang='lat' dir='ltr'><strong>mandatum</strong></span> <span class='ocrx_word' id='word_1_489' title='bbox 1147 3623 1452 3693; x_wconf 85' lang='lat' dir='ltr'><strong>hominum,</strong></span> <span class='ocrx_word' id='word_1_490' title='bbox 1499 3625 1592 3680; x_wconf 87' lang='lat' dir='ltr'><strong>sed</strong></span> <span class='ocrx_word' id='word_1_491' title='bbox 1632 3625 1727 3681; x_wconf 91' lang='lat' dir='ltr'><strong>Dei</strong></span> <span class='ocrx_word' id='word_1_492' title='bbox 1766 3626 2094 3683; x_wconf 84' lang='lat' dir='ltr'><strong>observasti.</strong></span> 
     </span>
    </p>
   </div>
   <div class='ocr_carea' id='block_1_68' title="bbox 544 3772 2099 3876">
    <p class='ocr_par' dir='ltr' id='par_1_68' title="bbox 544 3772 2099 3876">
     <span class='ocr_line' id='line_1_68' title="bbox 544 3772 2099 3876; baseline 0.006 -28"><span class='ocrx_word' id='word_1_493' title='bbox 544 3772 550 3779; x_wconf 40' lang='grc'><em>’</em></span> <span class='ocrx_word' id='word_1_494' title='bbox 595 3797 648 3849; x_wconf 84' lang='grc'>6.</span> <span class='ocrx_word' id='word_1_495' title='bbox 692 3795 805 3867; x_wconf 72' lang='grc'>(20)</span> <span class='ocrx_word' id='word_1_496' title='bbox 836 3797 1039 3853; x_wconf 87' lang='lat' dir='ltr'><strong>Scelim</strong></span> <span class='ocrx_word' id='word_1_497' title='bbox 1077 3801 1228 3855; x_wconf 90' lang='lat' dir='ltr'><strong>venit</strong></span> <span class='ocrx_word' id='word_1_498' title='bbox 1253 3800 1422 3857; x_wconf 80' lang='lat' dir='ltr'><strong>frater</strong></span> <span class='ocrx_word' id='word_1_499' title='bbox 1453 3803 1520 3858; x_wconf 90' lang='lat' dir='ltr'><strong>ad</strong></span> <span class='ocrx_word' id='word_1_500' title='bbox 1549 3803 1802 3859; x_wconf 89' lang='lat' dir='ltr'><strong>abbatem</strong></span> <span class='ocrx_word' id='word_1_501' title='bbox 1834 3803 2099 3876; x_wconf 87' lang='lat' dir='ltr'><strong>Moysem,</strong></span> 
     </span>
    </p>
   </div>
   <div class='ocr_carea' id='block_1_69' title="bbox 523 3889 2101 3963">
    <p class='ocr_par' dir='ltr' id='par_1_69' title="bbox 523 3889 2101 3963">
     <span class='ocr_line' id='line_1_69' title="bbox 523 3889 2101 3963; baseline 0.007 -22"><span class='ocrx_word' id='word_1_502' title='bbox 523 3889 809 3959; x_wconf 85' lang='lat' dir='ltr'><strong>postulans</strong></span> <span class='ocrx_word' id='word_1_503' title='bbox 851 3891 920 3945; x_wconf 88' lang='lat' dir='ltr'><strong>ab</strong></span> <span class='ocrx_word' id='word_1_504' title='bbox 956 3907 1022 3947; x_wconf 92' lang='lat' dir='ltr'><strong>eo</strong></span> <span class='ocrx_word' id='word_1_505' title='bbox 1069 3907 1399 3950; x_wconf 86' lang='lat' dir='ltr'><strong>sermonem.</strong></span> <span class='ocrx_word' id='word_1_506' title='bbox 1437 3895 1526 3949; x_wconf 89' lang='lat' dir='ltr'><strong>Ait</strong></span> <span class='ocrx_word' id='word_1_507' title='bbox 1569 3896 1646 3950; x_wconf 92' lang='lat' dir='ltr'><strong>illi</strong></span> <span class='ocrx_word' id='word_1_508' title='bbox 1686 3912 1896 3952; x_wconf 86' lang='lat' dir='ltr'><strong>senex:</strong></span> <span class='ocrx_word' id='word_1_509' title='bbox 1931 3895 2101 3963; x_wconf 83' lang='lat' dir='ltr'><strong>Vade,</strong></span> 
     </span>
    </p>
   </div>
   <div class='ocr_carea' id='block_1_70' title="bbox 523 3980 2097 4052">
    <p class='ocr_par' dir='ltr' id='par_1_70' title="bbox 523 3980 2097 4052">
     <span class='ocr_line' id='line_1_70' title="bbox 523 3980 2097 4052; baseline 0.004 -16"><span class='ocrx_word' id='word_1_510' title='bbox 523 3980 655 4037; x_wconf 83' lang='lat' dir='ltr'><strong>sede</strong></span> <span class='ocrx_word' id='word_1_511' title='bbox 693 3981 750 4036; x_wconf 92' lang='lat' dir='ltr'><strong>in</strong></span> <span class='ocrx_word' id='word_1_512' title='bbox 780 3982 916 4038; x_wconf 88' lang='lat' dir='ltr'><strong>cella</strong></span> <span class='ocrx_word' id='word_1_513' title='bbox 949 3990 1075 4052; x_wconf 87' lang='lat' dir='ltr'><strong>tua;</strong></span> <span class='ocrx_word' id='word_1_514' title='bbox 1107 3992 1165 4040; x_wconf 88' lang='lat' dir='ltr'><strong>et</strong></span> <span class='ocrx_word' id='word_1_515' title='bbox 1198 3986 1338 4041; x_wconf 90' lang='lat' dir='ltr'><strong>cella</strong></span> <span class='ocrx_word' id='word_1_516' title='bbox 1362 3993 1457 4042; x_wconf 91' lang='lat' dir='ltr'><strong>tua</strong></span> <span class='ocrx_word' id='word_1_517' title='bbox 1497 3996 1548 4043; x_wconf 92' lang='lat' dir='ltr'><strong>te</strong></span> <span class='ocrx_word' id='word_1_518' title='bbox 1581 3995 1781 4042; x_wconf 89' lang='lat' dir='ltr'><strong>cuncta</strong></span> <span class='ocrx_word' id='word_1_519' title='bbox 1820 3987 2097 4043; x_wconf 87' lang='lat' dir='ltr'><strong>edocebit.</strong></span> 
     </span>
    </p>
   </div>
   <div class='ocr_carea' id='block_1_71' title="bbox 594 4157 2098 4238">
    <p class='ocr_par' dir='ltr' id='par_1_71' title="bbox 594 4157 2098 4238">
     <span class='ocr_line' id='line_1_71' title="bbox 594 4157 2098 4238; baseline 0.003 -21"><span class='ocrx_word' id='word_1_520' title='bbox 594 4157 648 4230; x_wconf 60' lang='lat'><strong>7,</strong></span> <span class='ocrx_word' id='word_1_521' title='bbox 699 4159 813 4232; x_wconf 74' lang='lat' dir='ltr'><strong>(2i)</strong></span> <span class='ocrx_word' id='word_1_522' title='bbox 864 4159 1146 4219; x_wconf 91' lang='lat' dir='ltr'><strong>Sententia</strong></span> <span class='ocrx_word' id='word_1_523' title='bbox 1212 4165 1431 4223; x_wconf 88' lang='lat' dir='ltr'><strong>abbatis</strong></span> <span class='ocrx_word' id='word_1_524' title='bbox 1478 4165 1681 4238; x_wconf 82' lang='lat' dir='ltr'><strong>Moysis</strong></span> <span class='ocrx_word' id='word_1_525' title='bbox 1731 4165 1951 4222; x_wconf 84' lang='lat' dir='ltr'><strong>:llomo</strong></span> <span class='ocrx_word' id='word_1_526' title='bbox 2007 4165 2098 4222; x_wconf 79' lang='lat' dir='ltr'><strong>fu-</strong></span> 
     </span>
    </p>
   </div>
   <div class='ocr_carea' id='block_1_72' title="bbox 596 4335 2059 4409">
    <p class='ocr_par' dir='ltr' id='par_1_72' title="bbox 596 4335 2059 4409">
     <span class='ocr_line' id='line_1_72' title="bbox 596 4335 2059 4409; baseline 0 -17"><span class='ocrx_word' id='word_1_527' title='bbox 596 4337 639 4368; x_wconf 90' lang='grc'>⁶³</span> <span class='ocrx_word' id='word_1_528' title='bbox 670 4335 814 4409; x_wconf 71' lang='lat' dir='ltr'><strong>Psal.</strong></span> <span class='ocrx_word' id='word_1_529' title='bbox 833 4352 1055 4409; x_wconf 54' lang='lat' dir='ltr'><strong>nam,</strong></span> <span class='ocrx_word' id='word_1_530' title='bbox 1082 4339 1137 4409; x_wconf 74' lang='grc'>5.</span> <span class='ocrx_word' id='word_1_531' title='bbox 1187 4339 1262 4409; x_wconf 45' lang='lat'><strong>_°}</strong></span> <span class='ocrx_word' id='word_1_532' title='bbox 1285 4337 1372 4392; x_wconf 81' lang='lat' dir='ltr'><strong>Al.</strong></span> <span class='ocrx_word' id='word_1_533' title='bbox 1391 4337 1453 4392; x_wconf 80' lang='grc' dir='ltr'>τὸ</span> <span class='ocrx_word' id='word_1_534' title='bbox 1486 4337 1672 4409; x_wconf 79' lang='grc' dir='ltr'>μέσον.</span> <span class='ocrx_word' id='word_1_535' title='bbox 1695 4407 1726 4409; x_wconf 31' lang='grc' dir='ltr'><strong>μ</strong></span> <span class='ocrx_word' id='word_1_536' title='bbox 1749 4339 1793 4371; x_wconf 74' lang='grc'>⁸⁸</span> <span class='ocrx_word' id='word_1_537' title='bbox 1824 4337 1912 4409; x_wconf 74' lang='lat' dir='ltr'><strong>Al.</strong></span> <span class='ocrx_word' id='word_1_538' title='bbox 1938 4339 2059 4398; x_wconf 83' lang='grc' dir='ltr'>οὐκ.</span> 
     </span>
    </p>
   </div>
   <div class='ocr_carea' id='block_1_73' title="bbox 522 4407 1446 4480">
    <p class='ocr_par' dir='ltr' id='par_1_73' title="bbox 522 4407 1446 4480">
     <span class='ocr_line' id='line_1_73' title="bbox 522 4407 1446 4480; baseline 0.002 -20"><span class='ocrx_word' id='word_1_539' title='bbox 522 4409 580 4462; x_wconf 74' lang='grc' dir='ltr'>ὲν</span> <span class='ocrx_word' id='word_1_540' title='bbox 624 4407 797 4479; x_wconf 85' lang='grc' dir='ltr'>μέσῳ.</span> <span class='ocrx_word' id='word_1_541' title='bbox 872 4407 918 4439; x_wconf 76' lang='grc'><strong>⁸⁸</strong></span> <span class='ocrx_word' id='word_1_542' title='bbox 948 4407 1034 4462; x_wconf 83' lang='lat' dir='ltr'><strong>Al.</strong></span> <span class='ocrx_word' id='word_1_543' title='bbox 1065 4407 1446 4480; x_wconf 82' lang='grc' dir='ltr'>ᾠκοδόμησας.</span> 
     </span>
    </p>
   </div>
   <div class='ocr_carea' id='block_1_74' title="bbox 618 4563 1258 4636">
    <p class='ocr_par' dir='ltr' id='par_1_74' title="bbox 618 4563 1258 4636">
     <span class='ocr_line' id='line_1_74' title="bbox 618 4563 1258 4636; baseline 0.002 -16"><span class='ocrx_word' id='word_1_544' title='bbox 618 4565 707 4636; x_wconf 81' lang='grc'><strong>16)</strong></span> <span class='ocrx_word' id='word_1_545' title='bbox 743 4564 851 4636; x_wconf 66' lang='grc' dir='ltr'>Υἱι.</span> <span class='ocrx_word' id='word_1_546' title='bbox 880 4563 1036 4636; x_wconf 63' lang='lat' dir='ltr'><strong>Batr.</strong></span> <span class='ocrx_word' id='word_1_547' title='bbox 1061 4581 1174 4630; x_wconf 77' lang='lat' dir='ltr'><strong>xw,</strong></span> <span class='ocrx_word' id='word_1_548' title='bbox 1205 4565 1258 4621; x_wconf 91' lang='lat'><strong>7.</strong></span> 
     </span>
    </p>
   </div>
   <div class='ocr_carea' id='block_1_75' title="bbox 620 4633 1293 4705">
    <p class='ocr_par' dir='ltr' id='par_1_75' title="bbox 620 4633 1293 4705">
     <span class='ocr_line' id='line_1_75' title="bbox 620 4633 1293 4705; baseline 0 -15"><span class='ocrx_word' id='word_1_549' title='bbox 620 4633 704 4705; x_wconf 87' lang='lat' dir='ltr'><strong>l7)</strong></span> <span class='ocrx_word' id='word_1_550' title='bbox 745 4634 851 4690; x_wconf 81' lang='lat' dir='ltr'><strong>Vit.</strong></span> <span class='ocrx_word' id='word_1_551' title='bbox 884 4633 1040 4692; x_wconf 83' lang='lat' dir='ltr'><strong>Patr.</strong></span> <span class='ocrx_word' id='word_1_552' title='bbox 1073 4651 1166 4698; x_wconf 76' lang='lat' dir='ltr'><strong>xv,</strong></span> <span class='ocrx_word' id='word_1_553' title='bbox 1201 4636 1293 4690; x_wconf 70' lang='lat'><strong>29.</strong></span> 
     </span>
    </p>
   </div>
   <div class='ocr_carea' id='block_1_76' title="bbox 595 4705 1293 4776">
    <p class='ocr_par' dir='ltr' id='par_1_76' title="bbox 595 4705 1293 4776">
     <span class='ocr_line' id='line_1_76' title="bbox 595 4705 1293 4776; baseline 0.001 -15"><span class='ocrx_word' id='word_1_554' title='bbox 595 4705 706 4776; x_wconf 79' lang='grc'><strong>(18)</strong></span> <span class='ocrx_word' id='word_1_555' title='bbox 737 4705 960 4776; x_wconf 76' lang='lat' dir='ltr'><strong>Doroth.</strong></span> <span class='ocrx_word' id='word_1_556' title='bbox 996 4706 1176 4760; x_wconf 85' lang='lat' dir='ltr'><strong>Doctr.</strong></span> <span class='ocrx_word' id='word_1_557' title='bbox 1205 4707 1293 4762; x_wconf 75' lang='lat' dir='ltr'><strong>M.</strong></span> 
     </span>
    </p>
   </div>
   <div class='ocr_carea' id='block_1_77' title="bbox 591 4775 1287 4842">
    <p class='ocr_par' dir='ltr' id='par_1_77' title="bbox 591 4775 1287 4842">
     <span class='ocr_line' id='line_1_77' title="bbox 591 4775 1287 4842; baseline 0.009 -15"><span class='ocrx_word' id='word_1_558' title='bbox 591 4775 702 4842; x_wconf 82' lang='lat' dir='ltr'><strong>(l9)</strong></span> <span class='ocrx_word' id='word_1_559' title='bbox 745 4775 847 4829; x_wconf 84' lang='lat' dir='ltr'><strong>Vit.</strong></span> <span class='ocrx_word' id='word_1_560' title='bbox 892 4776 1048 4829; x_wconf 81' lang='lat' dir='ltr'><strong>Patr.</strong></span> <span class='ocrx_word' id='word_1_561' title='bbox 1086 4779 1287 4839; x_wconf 72' lang='lat' dir='ltr'><strong>xm,4.</strong></span> 
     </span>
    </p>
   </div>
   <div class='ocr_carea' id='block_1_78' title="bbox 593 4843 1505 4918">
    <p class='ocr_par' dir='ltr' id='par_1_78' title="bbox 593 4843 1505 4918">
     <span class='ocr_line' id='line_1_78' title="bbox 593 4843 1505 4918; baseline 0.012 -22"><span class='ocrx_word' id='word_1_562' title='bbox 899 4844 1053 4918; x_wconf 63' lang='lat' dir='ltr'><strong>Patr.</strong></span> <span class='ocrx_word' id='word_1_563' title='bbox 1077 4864 1158 4915; x_wconf 84' lang='grc'><strong>111,</strong></span> <span class='ocrx_word' id='word_1_564' title='bbox 1198 4847 1319 4918; x_wconf 69' lang='lat'><strong>109;</strong></span> <span class='ocrx_word' id='word_1_565' title='bbox 1351 4850 1418 4918; x_wconf 85' lang='lat' dir='ltr'><strong>ll,</strong></span> <span class='ocrx_word' id='word_1_566' title='bbox 1450 4852 1505 4908; x_wconf 92' lang='lat'><strong>9.</strong></span> 
     </span>
    </p>
   </div>
   <div class='ocr_carea' id='block_1_79' title="bbox 593 4913 1260 4984">
    <p class='ocr_par' dir='ltr' id='par_1_79' title="bbox 593 4913 1260 4984">
     <span class='ocr_line' id='line_1_79' title="bbox 593 4913 1260 4984; baseline 0.01 -16"><span class='ocrx_word' id='word_1_567' title='bbox 593 4913 704 4984; x_wconf 72' lang='lat'><strong>(‘21)</strong></span> <span class='ocrx_word' id='word_1_568' title='bbox 752 4913 850 4971; x_wconf 78' lang='lat' dir='ltr'><strong>Vit.</strong></span> <span class='ocrx_word' id='word_1_569' title='bbox 884 4916 1039 4972; x_wconf 85' lang='lat' dir='ltr'><strong>Patr.</strong></span> <span class='ocrx_word' id='word_1_570' title='bbox 1073 4913 1260 4980; x_wconf 60' lang='lat'><strong>&quot;.10.</strong></span> 
     </span>
    </p>
   </div>
   <div class='ocr_carea' id='block_1_80' title="bbox 590 4985 2104 5065">
    <p class='ocr_par' dir='ltr' id='par_1_80' title="bbox 590 4985 2104 5065">
     <span class='ocr_line' id='line_1_80' title="bbox 590 4985 2104 5065; baseline 0.004 -25"><span class='ocrx_word' id='word_1_571' title='bbox 590 4985 897 5065; x_wconf 64' lang='lat' dir='ltr'><strong>(22)}(6pt.</strong></span> <span class='ocrx_word' id='word_1_572' title='bbox 917 4987 1092 5065; x_wconf 59' lang='lat' dir='ltr'><strong>Graeci</strong></span> <span class='ocrx_word' id='word_1_573' title='bbox 1129 4993 1464 5065; x_wconf 81' lang='lat' dir='ltr'><strong>recentiores</strong></span> <span class='ocrx_word' id='word_1_574' title='bbox 1486 4989 1633 5063; x_wconf 90' lang='lat' dir='ltr'><strong>quod</strong></span> <span class='ocrx_word' id='word_1_575' title='bbox 1659 4999 1743 5048; x_wconf 90' lang='lat' dir='ltr'><strong>est</strong></span> <span class='ocrx_word' id='word_1_576' title='bbox 1763 4991 1953 5065; x_wconf 78' lang='grc' dir='ltr'>κύριος</span> <span class='ocrx_word' id='word_1_577' title='bbox 1979 4991 2104 5048; x_wconf 84' lang='lat' dir='ltr'><strong>cll&#39;e-</strong></span> 
     </span>
    </p>
   </div>
   <div class='ocr_carea' id='block_1_81' title="bbox 518 5057 2104 5133">
    <p class='ocr_par' dir='ltr' id='par_1_81' title="bbox 518 5057 2104 5133">
     <span class='ocr_line' id='line_1_81' title="bbox 518 5057 2104 5133; baseline 0.006 -25"><span class='ocrx_word' id='word_1_578' title='bbox 518 5067 648 5133; x_wconf 76' lang='lat' dir='ltr'><strong>ruut</strong></span> <span class='ocrx_word' id='word_1_579' title='bbox 669 5057 853 5133; x_wconf 64' lang='grc' dir='ltr'>κῦρος,</span> <span class='ocrx_word' id='word_1_580' title='bbox 879 5065 930 5133; x_wconf 73' lang='lat' dir='ltr'><strong>et</strong></span> <span class='ocrx_word' id='word_1_581' title='bbox 962 5057 1143 5133; x_wconf 79' lang='grc' dir='ltr'>κῦρις,</span> <span class='ocrx_word' id='word_1_582' title='bbox 1185 5061 1366 5133; x_wconf 83' lang='grc' dir='ltr'>κύρις,</span> <span class='ocrx_word' id='word_1_583' title='bbox 1404 5073 1462 5117; x_wconf 91' lang='lat' dir='ltr'><strong>ut</strong></span> <span class='ocrx_word' id='word_1_584' title='bbox 1495 5057 1657 5118; x_wconf 74' lang='lat' dir='ltr'><strong>nemo</strong></span> <span class='ocrx_word' id='word_1_585' title='bbox 1698 5057 1895 5118; x_wconf 88' lang='lat' dir='ltr'><strong>nescit.</strong></span> <span class='ocrx_word' id='word_1_586' title='bbox 1925 5062 2104 5132; x_wconf 86' lang='lat' dir='ltr'><strong>Atque</strong></span> 
     </span>
    </p>
   </div>
   <div class='ocr_carea' id='block_1_82' title="bbox 522 5127 2102 5202">
    <p class='ocr_par' dir='ltr' id='par_1_82' title="bbox 522 5127 2102 5202">
     <span class='ocr_line' id='line_1_82' title="bbox 522 5127 2102 5202; baseline 0.003 -21"><span class='ocrx_word' id='word_1_587' title='bbox 522 5130 648 5182; x_wconf 86' lang='lat' dir='ltr'><strong>hinc</strong></span> <span class='ocrx_word' id='word_1_588' title='bbox 677 5142 707 5179; x_wconf 89' lang='lat' dir='ltr'><strong>a</strong></span> <span class='ocrx_word' id='word_1_589' title='bbox 741 5129 875 5202; x_wconf 83' lang='lat' dir='ltr'><strong>viris</strong></span> <span class='ocrx_word' id='word_1_590' title='bbox 899 5127 1078 5184; x_wconf 83' lang='lat' dir='ltr'><strong>doctis</strong></span> <span class='ocrx_word' id='word_1_591' title='bbox 1109 5127 1384 5202; x_wconf 74' lang='lat' dir='ltr'><strong>redarguti</strong></span> <span class='ocrx_word' id='word_1_592' title='bbox 1418 5143 1545 5187; x_wconf 91' lang='lat' dir='ltr'><strong>sunt</strong></span> <span class='ocrx_word' id='word_1_593' title='bbox 1570 5133 1606 5186; x_wconf 91' lang='lat' dir='ltr'><strong>ii</strong></span> <span class='ocrx_word' id='word_1_594' title='bbox 1638 5133 1731 5202; x_wconf 91' lang='lat' dir='ltr'><strong>qui</strong></span> <span class='ocrx_word' id='word_1_595' title='bbox 1761 5148 1881 5186; x_wconf 90' lang='lat' dir='ltr'><strong>eam</strong></span> <span class='ocrx_word' id='word_1_596' title='bbox 1911 5127 2102 5188; x_wconf 76' lang='lat' dir='ltr'><strong>vocem</strong></span> 
     </span>
    </p>
   </div>
   <div class='ocr_carea' id='block_1_83' title="bbox 520 5197 2102 5274">
    <p class='ocr_par' dir='ltr' id='par_1_83' title="bbox 520 5197 2102 5274">
     <span class='ocr_line' id='line_1_83' title="bbox 520 5197 2102 5274; baseline 0.004 -22"><span class='ocrx_word' id='word_1_597' title='bbox 520 5214 620 5268; x_wconf 89' lang='lat' dir='ltr'><strong>pro</strong></span> <span class='ocrx_word' id='word_1_598' title='bbox 643 5197 862 5274; x_wconf 81' lang='lat' dir='ltr'><strong>nomine</strong></span> <span class='ocrx_word' id='word_1_599' title='bbox 886 5203 1110 5274; x_wconf 69' lang='lat' dir='ltr'><strong>proprio</strong></span> <span class='ocrx_word' id='word_1_600' title='bbox 1141 5197 1495 5274; x_wconf 82' lang='lat' dir='ltr'><strong>accipientes,</strong></span> <span class='ocrx_word' id='word_1_601' title='bbox 1516 5197 1718 5274; x_wconf 80' lang='lat' dir='ltr'><strong>multos</strong></span> <span class='ocrx_word' id='word_1_602' title='bbox 1743 5203 1901 5258; x_wconf 88' lang='lat' dir='ltr'><strong>nobis</strong></span> <span class='ocrx_word' id='word_1_603' title='bbox 1925 5204 2102 5274; x_wconf 83' lang='lat' dir='ltr'><strong>Cyros</strong></span> 
     </span>
    </p>
   </div>
   <div class='ocr_carea' id='block_1_84' title="bbox 518 5268 2101 5338">
    <p class='ocr_par' dir='ltr' id='par_1_84' title="bbox 518 5268 2101 5338">
     <span class='ocr_line' id='line_1_84' title="bbox 518 5268 2101 5338; baseline 0.003 -16"><span class='ocrx_word' id='word_1_604' title='bbox 518 5269 912 5338; x_wconf 84' lang='lat' dir='ltr'><strong>procuderunt.</strong></span> <span class='ocrx_word' id='word_1_605' title='bbox 933 5268 1044 5324; x_wconf 80' lang='lat' dir='ltr'><strong>Nec</strong></span> <span class='ocrx_word' id='word_1_606' title='bbox 1070 5268 1313 5326; x_wconf 42' lang='lat' dir='ltr'><strong>conten—ti</strong></span> <span class='ocrx_word' id='word_1_607' title='bbox 1342 5273 1493 5328; x_wconf 80' lang='lat' dir='ltr'><strong>fuere</strong></span> <span class='ocrx_word' id='word_1_608' title='bbox 1509 5271 1743 5328; x_wconf 68' lang='lat' dir='ltr'><strong>Graeculi</strong></span> <span class='ocrx_word' id='word_1_609' title='bbox 1770 5274 1875 5328; x_wconf 88' lang='lat' dir='ltr'><strong>hac</strong></span> <span class='ocrx_word' id='word_1_610' title='bbox 1901 5268 2101 5328; x_wconf 81' lang='lat' dir='ltr'><strong>decur-</strong></span> 
     </span>
    </p>
   </div>
   <div class='ocr_carea' id='block_1_85' title="bbox 518 5339 2099 5416">
    <p class='ocr_par' dir='ltr' id='par_1_85' title="bbox 518 5339 2099 5416">
     <span class='ocr_line' id='line_1_85' title="bbox 518 5339 2099 5416; baseline 0.001 -22"><span class='ocrx_word' id='word_1_611' title='bbox 518 5342 726 5394; x_wconf 90' lang='lat' dir='ltr'><strong>tatioue</strong></span> <span class='ocrx_word' id='word_1_612' title='bbox 748 5358 772 5416; x_wconf 91' lang='lat'><strong>_:</strong></span> <span class='ocrx_word' id='word_1_613' title='bbox 793 5339 1022 5416; x_wconf 83' lang='lat' dir='ltr'><strong>brevius</strong></span> <span class='ocrx_word' id='word_1_614' title='bbox 1053 5343 1231 5416; x_wconf 67' lang='lat' dir='ltr'><strong>adhuc</strong></span> <span class='ocrx_word' id='word_1_615' title='bbox 1255 5344 1537 5416; x_wconf 42' lang='lat'><strong>7.653039,</strong></span> <span class='ocrx_word' id='word_1_616' title='bbox 1555 5344 1837 5416; x_wconf 76' lang='lat' dir='ltr'><strong>dixerunt.</strong></span> <span class='ocrx_word' id='word_1_617' title='bbox 1854 5345 2021 5416; x_wconf 88' lang='lat' dir='ltr'><strong>etiam</strong></span> <span class='ocrx_word' id='word_1_618' title='bbox 2047 5345 2099 5396; x_wconf 90' lang='lat' dir='ltr'><strong>in</strong></span> 
     </span>
    </p>
   </div>
   <div class='ocr_carea' id='block_1_86' title="bbox 516 5412 2097 5534">
    <p class='ocr_par' dir='ltr' id='par_1_86' title="bbox 516 5412 2097 5534">
     <span class='ocr_line' id='line_1_86' title="bbox 516 5412 2097 5534; baseline 0.001 -70"><span class='ocrx_word' id='word_1_619' title='bbox 516 5412 914 5534; x_wconf 46' lang='lat' dir='ltr'><strong>compositione</strong></span> <span class='ocrx_word' id='word_1_620' title='bbox 942 5412 1048 5480; x_wconf 80' lang='grc' dir='ltr'><strong>κὺρ</strong></span> <span class='ocrx_word' id='word_1_621' title='bbox 1065 5412 1311 5483; x_wconf 79' lang='grc' dir='ltr'>Μάρκος,</span> <span class='ocrx_word' id='word_1_622' title='bbox 1333 5412 1442 5486; x_wconf 77' lang='grc' dir='ltr'><strong>κύρ</strong></span> <span class='ocrx_word' id='word_1_623' title='bbox 1470 5412 1641 5478; x_wconf 82' lang='grc' dir='ltr'>Λέων,</span> <span class='ocrx_word' id='word_1_624' title='bbox 1679 5415 1786 5485; x_wconf 85' lang='grc' dir='ltr'>κῡρ</span> <span class='ocrx_word' id='word_1_625' title='bbox 1827 5415 2097 5483; x_wconf 84' lang='grc' dir='ltr'><strong>Ἰωάννης,</strong></span> 
     </span>
     <span class='ocr_line' id='line_1_87' title="bbox 516 5480 2097 5534; baseline 0 0"><span class='ocrx_word' id='word_1_626' title='bbox 516 5480 622 5534; x_wconf 83' lang='grc' dir='ltr'>κῦο</span> <span class='ocrx_word' id='word_1_627' title='bbox 680 5481 934 5534; x_wconf 70' lang='grc' dir='ltr'>εοωάνης.</span> <span class='ocrx_word' id='word_1_628' title='bbox 948 5480 1053 5534; x_wconf 78' lang='grc' dir='ltr'>κῦο</span> <span class='ocrx_word' id='word_1_629' title='bbox 1069 5483 1313 5534; x_wconf 78' lang='grc' dir='ltr'>Κοσμᾶς.</span> <span class='ocrx_word' id='word_1_630' title='bbox 1328 5484 1433 5534; x_wconf 84' lang='grc' dir='ltr'>κῦο</span> <span class='ocrx_word' id='word_1_631' title='bbox 1451 5485 1669 5534; x_wconf 71' lang='grc' dir='ltr'>Ἰωσὴφ.</span> <span class='ocrx_word' id='word_1_632' title='bbox 1684 5485 1789 5534; x_wconf 80' lang='grc' dir='ltr'>κῦο</span> <span class='ocrx_word' id='word_1_633' title='bbox 1802 5485 2097 5534; x_wconf 79' lang='grc' dir='ltr'>Θεοδόσιος.</span> 
     </span>
    </p>
   </div>
   <div class='ocr_carea' id='block_1_87' title="bbox 515 5483 2098 5624">
    <p class='ocr_par' dir='ltr' id='par_1_87' title="bbox 515 5483 2098 5624">
     <span class='ocr_line' id='line_1_88' title="bbox 515 5483 2098 5566; baseline 0.001 -32"><span class='ocrx_word' id='word_1_634' title='bbox 515 5483 622 5560; x_wconf 72' lang='grc' dir='ltr'><strong>κύρ</strong></span> <span class='ocrx_word' id='word_1_635' title='bbox 634 5483 934 5566; x_wconf 68' lang='grc' dir='ltr'>Θεοφάνης.</span> <span class='ocrx_word' id='word_1_636' title='bbox 948 5483 1016 5562; x_wconf 75' lang='grc' dir='ltr'><strong>κύ</strong></span> <span class='ocrx_word' id='word_1_637' title='bbox 1023 5501 1053 5552; x_wconf 93' lang='grc' dir='ltr'><strong>ρ</strong></span> <span class='ocrx_word' id='word_1_638' title='bbox 1069 5483 1318 5566; x_wconf 55' lang='grc' dir='ltr'>βοσμᾶς,</span> <span class='ocrx_word' id='word_1_639' title='bbox 1328 5484 1396 5537; x_wconf 83' lang='grc' dir='ltr'>κῦ</span> <span class='ocrx_word' id='word_1_640' title='bbox 1403 5483 1433 5556; x_wconf 84' lang='grc' dir='ltr'><strong>ρ</strong></span> <span class='ocrx_word' id='word_1_641' title='bbox 1451 5485 1669 5555; x_wconf 82' lang='grc' dir='ltr'>Ἰωσὴφ,</span> <span class='ocrx_word' id='word_1_642' title='bbox 1684 5483 2098 5566; x_wconf 73' lang='grc' dir='ltr'>κῦρθεοδόσιος.</span> 
     </span>
     <span class='ocr_line' id='line_1_89' title="bbox 519 5549 2098 5624; baseline 0.004 -22"><span class='ocrx_word' id='word_1_643' title='bbox 519 5549 776 5624; x_wconf 68' lang='lat' dir='ltr'><strong>llmcque</strong></span> <span class='ocrx_word' id='word_1_644' title='bbox 799 5551 1009 5624; x_wconf 73' lang='lat' dir='ltr'><strong>Latinis</strong></span> <span class='ocrx_word' id='word_1_645' title='bbox 1049 5555 1391 5624; x_wconf 53' lang='lat' dir='ltr'><strong>(.yrAlexms</strong></span> <span class='ocrx_word' id='word_1_646' title='bbox 1437 5563 1491 5608; x_wconf 89' lang='lat' dir='ltr'><strong>et</strong></span> <span class='ocrx_word' id='word_1_647' title='bbox 1520 5554 1628 5624; x_wconf 82' lang='lat' dir='ltr'><strong>Kyr</strong></span> <span class='ocrx_word' id='word_1_648' title='bbox 1644 5556 1892 5624; x_wconf 77' lang='lat' dir='ltr'><strong>Alenus.</strong></span> <span class='ocrx_word' id='word_1_649' title='bbox 1924 5554 2098 5623; x_wconf 85' lang='lat' dir='ltr'><strong>Chyr-</strong></span> 
     </span>
    </p>
   </div>
   <div class='ocr_carea' id='block_1_88' title="bbox 519 5617 2102 5696">
    <p class='ocr_par' dir='ltr' id='par_1_88' title="bbox 519 5617 2102 5696">
     <span class='ocr_line' id='line_1_90' title="bbox 519 5617 2102 5696; baseline 0.003 -25"><span class='ocrx_word' id='word_1_650' title='bbox 519 5617 716 5674; x_wconf 80' lang='lat' dir='ltr'><strong>Lucas.</strong></span> <span class='ocrx_word' id='word_1_651' title='bbox 758 5617 1230 5696; x_wconf 55' lang='lat' dir='ltr'><strong>ln_Villliar_d&#39;uino</strong></span> <span class='ocrx_word' id='word_1_652' title='bbox 1279 5627 1484 5696; x_wconf 86' lang='lat' dir='ltr'><strong>Sursac</strong></span> <span class='ocrx_word' id='word_1_653' title='bbox 1509 5665 1523 5689; x_wconf 94' lang='lat'><strong>,</strong></span> <span class='ocrx_word' id='word_1_654' title='bbox 1669 5635 1753 5696; x_wconf 85' lang='lat' dir='ltr'><strong>est</strong></span> <span class='ocrx_word' id='word_1_655' title='bbox 1789 5617 2102 5696; x_wconf 77' lang='grc' dir='ltr'>Κυρίσοῐά-</span> 
     </span>
    </p>
   </div>
   <div class='ocr_carea' id='block_1_89' title="bbox 519 5692 2097 5764">
    <p class='ocr_par' dir='ltr' id='par_1_89' title="bbox 519 5692 2097 5764">
     <span class='ocr_line' id='line_1_91' title="bbox 519 5692 2097 5764; baseline -0.016 6"><span class='ocrx_word' id='word_1_656' title='bbox 519 5699 785 5764; x_wconf 52' lang='grc' dir='ltr'><strong>Ἠπιωη</strong></span> <span class='ocrx_word' id='word_1_657' title='bbox 827 5692 1185 5764; x_wconf 64' lang='grc' dir='ltr'>ξνρισαάκιος</span> <span class='ocrx_word' id='word_1_658' title='bbox 1207 5697 1356 5764; x_wconf 86' lang='lat' dir='ltr'><strong>(nam</strong></span> <span class='ocrx_word' id='word_1_659' title='bbox 1393 5695 1496 5764; x_wconf 84' lang='grc' dir='ltr'><strong>σύρ</strong></span> <span class='ocrx_word' id='word_1_660' title='bbox 1521 5695 1684 5750; x_wconf 87' lang='lat' dir='ltr'><strong>etiam</strong></span> <span class='ocrx_word' id='word_1_661' title='bbox 1735 5695 1788 5750; x_wconf 93' lang='lat' dir='ltr'><strong>in</strong></span> <span class='ocrx_word' id='word_1_662' title='bbox 1821 5692 1946 5759; x_wconf 81' lang='lat' dir='ltr'><strong>usu,</strong></span> <span class='ocrx_word' id='word_1_663' title='bbox 1988 5695 2097 5764; x_wconf 78' lang='grc' dir='ltr'>Σὺρ</span> 
     </span>
    </p>
   </div>
   <div class='ocr_carea' id='block_1_90' title="bbox 521 5757 2096 5846">
    <p class='ocr_par' dir='ltr' id='par_1_90' title="bbox 521 5757 2096 5846">
     <span class='ocr_line' id='line_1_92' title="bbox 521 5757 2096 5846; baseline 0 0"><span class='ocrx_word' id='word_1_664' title='bbox 521 5757 1011 5846; x_wconf 55' lang='grc' dir='ltr'><strong>ἕξξξξιείλςνηυίιεαε</strong></span> <span class='ocrx_word' id='word_1_665' title='bbox 1073 5757 1364 5846; x_wconf 52' lang='lat' dir='ltr'><strong>sali-&#39;34).</strong></span> <span class='ocrx_word' id='word_1_666' title='bbox 1401 5757 1665 5846; x_wconf 53' lang='lat' dir='ltr'><strong>Ferrum</strong></span> <span class='ocrx_word' id='word_1_667' title='bbox 1698 5757 2002 5846; x_wconf 55' lang='grc' dir='ltr'>ερνεὲιειιύε</span> <span class='ocrx_word' id='word_1_668' title='bbox 2039 5757 2096 5846; x_wconf 71' lang='grc' dir='ltr'><strong>ἓί¹</strong></span> 
     </span>
    </p>
   </div>
   <div class='ocr_carea' id='block_1_91' title="bbox 519 5823 2091 5906">
    <p class='ocr_par' dir='ltr' id='par_1_91' title="bbox 519 5823 2091 5906">
     <span class='ocr_line' id='line_1_93' title="bbox 519 5823 2091 5906; baseline 0.003 -23"><span class='ocrx_word' id='word_1_669' title='bbox 519 5823 784 5883; x_wconf 82' lang='lat' dir='ltr'><strong>Chronico</strong></span> <span class='ocrx_word' id='word_1_670' title='bbox 819 5828 1088 5888; x_wconf 77' lang='lat' dir='ltr'><strong>Guillclmi</strong></span> <span class='ocrx_word' id='word_1_671' title='bbox 1142 5823 1212 5890; x_wconf 75' lang='lat' dir='ltr'><strong>Ue</strong></span> <span class='ocrx_word' id='word_1_672' title='bbox 1241 5823 1444 5906; x_wconf 47' lang='lat' dir='ltr'><strong>Nan&#39;gis</strong></span> <span class='ocrx_word' id='word_1_673' title='bbox 1475 5823 1694 5904; x_wconf 70' lang='lat' dir='ltr'><strong>Cursat,</strong></span> <span class='ocrx_word' id='word_1_674' title='bbox 1732 5823 1796 5894; x_wconf 79' lang='grc' dir='ltr'><strong>ἐἰ</strong></span> <span class='ocrx_word' id='word_1_675' title='bbox 1826 5823 2091 5892; x_wconf 64' lang='grc' dir='ltr'>(ἷῖιτεειείι.</span> 
     </span>
    </p>
   </div>
   <div class='ocr_carea' id='block_1_92' title="bbox 2156 4339 3323 4404">
    <p class='ocr_par' dir='ltr' id='par_1_92' title="bbox 2156 4339 3323 4404">
     <span class='ocr_line' id='line_1_94' title="bbox 2156 4339 3323 4404; baseline 0.003 -12"><span class='ocrx_word' id='word_1_676' title='bbox 2156 4341 2201 4373; x_wconf 83' lang='grc'>⁶⁸</span> <span class='ocrx_word' id='word_1_677' title='bbox 2231 4340 2334 4393; x_wconf 84' lang='lat' dir='ltr'><strong>Alii</strong></span> <span class='ocrx_word' id='word_1_678' title='bbox 2362 4339 2524 4394; x_wconf 85' lang='grc' dir='ltr'>Πὰπα</span> <span class='ocrx_word' id='word_1_679' title='bbox 2551 4341 2668 4396; x_wconf 86' lang='lat' dir='ltr'><strong>sine</strong></span> <span class='ocrx_word' id='word_1_680' title='bbox 2691 4341 2740 4393; x_wconf 89' lang='lat'><em>6.</em></span> <span class='ocrx_word' id='word_1_681' title='bbox 2817 4340 2882 4372; x_wconf 79' lang='lat'><strong>“‘</strong></span> <span class='ocrx_word' id='word_1_682' title='bbox 2900 4339 2984 4392; x_wconf 80' lang='grc' dir='ltr'><strong>ΑΙ.</strong></span> <span class='ocrx_word' id='word_1_683' title='bbox 3005 4341 3323 4404; x_wconf 81' lang='grc' dir='ltr'>ἐπίσκοπος.</span> 
     </span>
    </p>
   </div>
   <div class='ocr_carea' id='block_1_93' title="bbox 1522 4406 2103 4481">
    <p class='ocr_par' dir='ltr' id='par_1_93' title="bbox 1522 4406 2097 4480">
     <span class='ocr_line' id='line_1_95' title="bbox 1522 4406 2097 4480; baseline 0.003 -19"><span class='ocrx_word' id='word_1_684' title='bbox 1522 4409 1567 4440; x_wconf 73' lang='grc'><strong>⁸⁸</strong></span> <span class='ocrx_word' id='word_1_685' title='bbox 1605 4406 1790 4462; x_wconf 87' lang='lat' dir='ltr'><strong>Malim</strong></span> <span class='ocrx_word' id='word_1_686' title='bbox 1821 4408 2001 4480; x_wconf 79' lang='lat' dir='ltr'><strong>legere</strong></span> <span class='ocrx_word' id='word_1_687' title='bbox 2034 4410 2097 4463; x_wconf 87' lang='grc' dir='ltr'>ἀν</span> 
     </span>
    </p>
   </div>
   <div class='ocr_carea' id='block_1_94' title="bbox 2214 4406 3353 4481">
    <p class='ocr_par' dir='ltr' id='par_1_94' title="bbox 2221 4410 3353 4480">
     <span class='ocr_line' id='line_1_96' title="bbox 2221 4410 3353 4480; baseline 0.001 -17"><span class='ocrx_word' id='word_1_688' title='bbox 2221 4427 2356 4475; x_wconf 84' lang='grc' dir='ltr'>πους</span> <span class='ocrx_word' id='word_1_689' title='bbox 2387 4411 2626 4480; x_wconf 77' lang='grc' dir='ltr'>φεύγων,</span> <span class='ocrx_word' id='word_1_690' title='bbox 2661 4413 2894 4465; x_wconf 81' lang='lat' dir='ltr'><strong>homines</strong></span> <span class='ocrx_word' id='word_1_691' title='bbox 2934 4411 3159 4480; x_wconf 74' lang='lat' dir='ltr'><strong>fugiens.</strong></span> <span class='ocrx_word' id='word_1_692' title='bbox 3195 4410 3353 4465; x_wconf 79' lang='lat' dir='ltr'><strong>Enl&#39;r.</strong></span> 
     </span>
    </p>
   </div>
   <div class='ocr_carea' id='block_1_95' title="bbox 2211 3253 3795 3327">
    <p class='ocr_par' dir='ltr' id='par_1_95' title="bbox 2211 3253 3795 3327">
     <span class='ocr_line' id='line_1_97' title="bbox 2211 3253 3795 3327; baseline 0 -18"><span class='ocrx_word' id='word_1_693' title='bbox 2211 3273 2322 3310; x_wconf 86' lang='grc' dir='ltr'>σεν.</span> <span class='ocrx_word' id='word_1_694' title='bbox 2356 3258 2418 3310; x_wconf 90' lang='grc' dir='ltr'>Οἰ</span> <span class='ocrx_word' id='word_1_695' title='bbox 2450 3257 2508 3310; x_wconf 81' lang='grc' dir='ltr'>δὲ</span> <span class='ocrx_word' id='word_1_696' title='bbox 2542 3253 2694 3309; x_wconf 76' lang='grc' dir='ltr'>εἶπον</span> <span class='ocrx_word' id='word_1_697' title='bbox 2717 3273 2732 3287; x_wconf 77' lang='grc' dir='ltr'><strong>ο</strong></span> <span class='ocrx_word' id='word_1_698' title='bbox 2771 3256 2901 3308; x_wconf 87' lang='grc' dir='ltr'>Ὅτε</span> <span class='ocrx_word' id='word_1_699' title='bbox 2937 3255 3177 3327; x_wconf 75' lang='grc' dir='ltr'>ἔρχεται,</span> <span class='ocrx_word' id='word_1_700' title='bbox 3206 3258 3367 3327; x_wconf 80' lang='grc' dir='ltr'>ἡμεῖς</span> <span class='ocrx_word' id='word_1_701' title='bbox 3395 3255 3665 3327; x_wconf 80' lang='grc' dir='ltr'>λαλοῦμεν</span> <span class='ocrx_word' id='word_1_702' title='bbox 3695 3257 3795 3309; x_wconf 84' lang='grc' dir='ltr'>αύ-</span> 
     </span>
    </p>
   </div>
   <div class='ocr_carea' id='block_1_96' title="bbox 2207 3345 3800 3417">
    <p class='ocr_par' dir='ltr' id='par_1_96' title="bbox 2207 3345 3800 3417">
     <span class='ocr_line' id='line_1_98' title="bbox 2207 3345 3800 3417; baseline -0.002 -17"><span class='ocrx_word' id='word_1_703' title='bbox 2207 3347 2304 3417; x_wconf 77' lang='grc' dir='ltr'><strong>τῷ.</strong></span> <span class='ocrx_word' id='word_1_704' title='bbox 2383 3347 2488 3400; x_wconf 80' lang='grc' dir='ltr'><strong>Τοῦ</strong></span> <span class='ocrx_word' id='word_1_705' title='bbox 2558 3347 2614 3399; x_wconf 81' lang='grc' dir='ltr'><strong>δὲ</strong></span> <span class='ocrx_word' id='word_1_706' title='bbox 2691 3345 2960 3399; x_wconf 73' lang='grc' dir='ltr'>σαϐϐάτου</span> <span class='ocrx_word' id='word_1_707' title='bbox 3034 3346 3361 3415; x_wconf 81' lang='grc' dir='ltr'>γενομένου,</span> <span class='ocrx_word' id='word_1_708' title='bbox 3432 3347 3480 3398; x_wconf 88' lang='grc' dir='ltr'>οἱ</span> <span class='ocrx_word' id='word_1_709' title='bbox 3544 3345 3800 3417; x_wconf 62' lang='grc' dir='ltr'>κληρικοὶ</span> 
     </span>
    </p>
   </div>
   <div class='ocr_carea' id='block_1_97' title="bbox 2211 3436 3796 3510">
    <p class='ocr_par' dir='ltr' id='par_1_97' title="bbox 2211 3436 3796 3510">
     <span class='ocr_line' id='line_1_99' title="bbox 2211 3436 3796 3510; baseline -0.001 -18"><span class='ocrx_word' id='word_1_710' title='bbox 2211 3440 2410 3502; x_wconf 76' lang='grc' dir='ltr'>ἰδόντες</span> <span class='ocrx_word' id='word_1_711' title='bbox 2436 3440 2534 3510; x_wconf 85' lang='grc' dir='ltr'>τὴν</span> <span class='ocrx_word' id='word_1_712' title='bbox 2572 3439 2815 3510; x_wconf 79' lang='grc' dir='ltr'>μεγάλην</span> <span class='ocrx_word' id='word_1_713' title='bbox 2849 3438 3128 3491; x_wconf 79' lang='grc' dir='ltr'>πολιτείαν</span> <span class='ocrx_word' id='word_1_714' title='bbox 3162 3438 3253 3490; x_wconf 78' lang='grc' dir='ltr'>τοῦ</span> <span class='ocrx_word' id='word_1_715' title='bbox 3299 3436 3444 3491; x_wconf 79' lang='grc' dir='ltr'><strong>ἀδϐᾶ</strong></span> <span class='ocrx_word' id='word_1_716' title='bbox 3489 3437 3796 3500; x_wconf 82' lang='grc' dir='ltr'>Μωῡσέως,</span> 
     </span>
    </p>
   </div>
   <div class='ocr_carea' id='block_1_98' title="bbox 2206 3522 3794 3601">
    <p class='ocr_par' dir='ltr' id='par_1_98' title="bbox 2206 3522 3794 3601">
     <span class='ocr_line' id='line_1_100' title="bbox 2206 3522 3794 3601; baseline -0.003 -17"><span class='ocrx_word' id='word_1_717' title='bbox 2206 3531 2392 3600; x_wconf 77' lang='grc' dir='ltr'>ἔλεγον</span> <span class='ocrx_word' id='word_1_718' title='bbox 2427 3531 2573 3601; x_wconf 78' lang='grc' dir='ltr'>αὐτῷ</span> <span class='ocrx_word' id='word_1_719' title='bbox 2599 3529 2910 3601; x_wconf 80' lang='grc' dir='ltr'>ἔμπροσθεν</span> <span class='ocrx_word' id='word_1_720' title='bbox 2941 3528 3032 3581; x_wconf 82' lang='grc' dir='ltr'>τοῦ</span> <span class='ocrx_word' id='word_1_721' title='bbox 3074 3528 3203 3581; x_wconf 74' lang='grc' dir='ltr'>λαοῦ</span> <span class='ocrx_word' id='word_1_722' title='bbox 3229 3545 3242 3558; x_wconf 86' lang='grc'><strong>·</strong></span> <span class='ocrx_word' id='word_1_723' title='bbox 3273 3522 3343 3580; x_wconf 85' lang='grc' dir='ltr'><strong><em>Ὦ</em></strong></span> <span class='ocrx_word' id='word_1_724' title='bbox 3375 3527 3518 3581; x_wconf 82' lang='grc' dir='ltr'><strong>ἀ66ἄ</strong></span> <span class='ocrx_word' id='word_1_725' title='bbox 3559 3527 3794 3597; x_wconf 81' lang='grc' dir='ltr'>Μωῦσῆ,</span> 
     </span>
    </p>
   </div>
   <div class='ocr_carea' id='block_1_99' title="bbox 2206 3617 3797 3694">
    <p class='ocr_par' dir='ltr' id='par_1_99' title="bbox 2206 3617 3797 3694">
     <span class='ocr_line' id='line_1_101' title="bbox 2206 3617 3797 3694; baseline -0.003 -18"><span class='ocrx_word' id='word_1_726' title='bbox 2206 3624 2306 3694; x_wconf 83' lang='grc' dir='ltr'>τὴν</span> <span class='ocrx_word' id='word_1_727' title='bbox 2337 3623 2556 3694; x_wconf 77' lang='grc' dir='ltr'>ἐντολὴν</span> <span class='ocrx_word' id='word_1_728' title='bbox 2577 3621 2687 3676; x_wconf 83' lang='grc' dir='ltr'><strong>τῶν</strong></span> <span class='ocrx_word' id='word_1_729' title='bbox 2709 3619 3012 3692; x_wconf 80' lang='grc' dir='ltr'>ἀνθρώπων</span> <span class='ocrx_word' id='word_1_730' title='bbox 3039 3619 3256 3682; x_wconf 76' lang='grc' dir='ltr'>ἔλυσας,</span> <span class='ocrx_word' id='word_1_731' title='bbox 3285 3619 3377 3674; x_wconf 83' lang='grc' dir='ltr'><strong>καί</strong></span> <span class='ocrx_word' id='word_1_732' title='bbox 3405 3621 3501 3690; x_wconf 87' lang='grc' dir='ltr'>τὴν</span> <span class='ocrx_word' id='word_1_733' title='bbox 3533 3618 3624 3670; x_wconf 77' lang='grc' dir='ltr'>τοῦ</span> <span class='ocrx_word' id='word_1_734' title='bbox 3657 3617 3797 3672; x_wconf 76' lang='grc' dir='ltr'>Θεοῦ</span> 
     </span>
    </p>
   </div>
   <div class='ocr_carea' id='block_1_100' title="bbox 2209 3711 2567 3782">
    <p class='ocr_par' dir='ltr' id='par_1_100' title="bbox 2209 3711 2567 3782">
     <span class='ocr_line' id='line_1_102' title="bbox 2209 3711 2567 3782; baseline 0.003 -16"><span class='ocrx_word' id='word_1_735' title='bbox 2209 3711 2477 3782; x_wconf 73' lang='grc' dir='ltr'>ὲφύλαξας</span> <span class='ocrx_word' id='word_1_736' title='bbox 2503 3712 2567 3767; x_wconf 75' lang='grc'>⁵⁸.</span> 
     </span>
    </p>
   </div>
   <div class='ocr_carea' id='block_1_101' title="bbox 2281 3797 3796 3873">
    <p class='ocr_par' dir='ltr' id='par_1_101' title="bbox 2281 3797 3796 3873">
     <span class='ocr_line' id='line_1_103' title="bbox 2281 3797 3796 3873; baseline -0.004 -16"><span class='ocrx_word' id='word_1_737' title='bbox 2281 3811 2355 3868; x_wconf 82' lang='grc' dir='ltr'>ς’.</span> <span class='ocrx_word' id='word_1_738' title='bbox 2399 3802 2651 3872; x_wconf 75' lang='grc' dir='ltr'>Ἀδελφὸς</span> <span class='ocrx_word' id='word_1_739' title='bbox 2675 3801 2980 3873; x_wconf 80' lang='grc' dir='ltr'>παρέϐαλεν</span> <span class='ocrx_word' id='word_1_740' title='bbox 3002 3801 3082 3862; x_wconf 88' lang='grc' dir='ltr'><strong>εἰς</strong></span> <span class='ocrx_word' id='word_1_741' title='bbox 3098 3802 3297 3870; x_wconf 87' lang='grc' dir='ltr'>Σκῆτιν</span> <span class='ocrx_word' id='word_1_742' title='bbox 3325 3799 3463 3871; x_wconf 81' lang='grc' dir='ltr'>πρὸς</span> <span class='ocrx_word' id='word_1_743' title='bbox 3494 3799 3584 3851; x_wconf 84' lang='grc' dir='ltr'><strong>τὸν</strong></span> <span class='ocrx_word' id='word_1_744' title='bbox 3619 3797 3796 3853; x_wconf 73' lang='grc' dir='ltr'>ἀϐδᾶν</span> 
     </span>
    </p>
   </div>
   <div class='ocr_carea' id='block_1_102' title="bbox 2209 3888 3796 3964">
    <p class='ocr_par' dir='ltr' id='par_1_102' title="bbox 2209 3888 3796 3964">
     <span class='ocr_line' id='line_1_104' title="bbox 2209 3888 3796 3964; baseline -0.006 -15"><span class='ocrx_word' id='word_1_745' title='bbox 2209 3895 2472 3964; x_wconf 77' lang='grc' dir='ltr'>Μωῦσῆν.</span> <span class='ocrx_word' id='word_1_746' title='bbox 2516 3893 2836 3963; x_wconf 86' lang='grc' dir='ltr'>αἰτούμενος</span> <span class='ocrx_word' id='word_1_747' title='bbox 2875 3893 3004 3961; x_wconf 83' lang='grc' dir='ltr'>παρ’</span> <span class='ocrx_word' id='word_1_748' title='bbox 3035 3890 3200 3944; x_wconf 80' lang='grc' dir='ltr'>αὑτοῦ</span> <span class='ocrx_word' id='word_1_749' title='bbox 3231 3889 3409 3958; x_wconf 83' lang='grc' dir='ltr'>λόγον.</span> <span class='ocrx_word' id='word_1_750' title='bbox 3445 3889 3610 3957; x_wconf 80' lang='grc' dir='ltr'>Λέγει</span> <span class='ocrx_word' id='word_1_751' title='bbox 3644 3888 3796 3958; x_wconf 77' lang='grc' dir='ltr'>αὑτῷ</span> 
     </span>
    </p>
   </div>
   <div class='ocr_carea' id='block_1_103' title="bbox 2205 3979 3798 4056">
    <p class='ocr_par' dir='ltr' id='par_1_103' title="bbox 2205 3979 3798 4056">
     <span class='ocr_line' id='line_1_105' title="bbox 2205 3979 3798 4056; baseline -0.004 -17"><span class='ocrx_word' id='word_1_752' title='bbox 2205 3987 2233 4039; x_wconf 88' lang='lat'><strong>6</strong></span> <span class='ocrx_word' id='word_1_753' title='bbox 2265 3986 2442 4056; x_wconf 88' lang='grc' dir='ltr'>γέρων</span> <span class='ocrx_word' id='word_1_754' title='bbox 2466 4002 2479 4017; x_wconf 89' lang='grc'><strong>·</strong></span> <span class='ocrx_word' id='word_1_755' title='bbox 2514 3984 2754 4050; x_wconf 77' lang='grc' dir='ltr'>⁰’Υπαγε,</span> <span class='ocrx_word' id='word_1_756' title='bbox 2790 3983 3012 4037; x_wconf 78' lang='grc' dir='ltr'>κάθισον</span> <span class='ocrx_word' id='word_1_757' title='bbox 3056 3984 3135 4045; x_wconf 86' lang='grc' dir='ltr'><strong>εἰς</strong></span> <span class='ocrx_word' id='word_1_758' title='bbox 3167 3981 3228 4034; x_wconf 82' lang='grc' dir='ltr'>τὸ</span> <span class='ocrx_word' id='word_1_759' title='bbox 3274 3980 3484 4034; x_wconf 79' lang='grc' dir='ltr'>κελλίον</span> <span class='ocrx_word' id='word_1_760' title='bbox 3534 3996 3660 4033; x_wconf 86' lang='grc' dir='ltr'>σου·</span> <span class='ocrx_word' id='word_1_761' title='bbox 3699 3979 3798 4032; x_wconf 73' lang='grc' dir='ltr'><strong>καὶ</strong></span> 
     </span>
    </p>
   </div>
   <div class='ocr_carea' id='block_1_104' title="bbox 2209 4073 3223 4129">
    <p class='ocr_par' dir='ltr' id='par_1_104' title="bbox 2209 4073 3223 4129">
     <span class='ocr_line' id='line_1_106' title="bbox 2209 4073 3223 4129; baseline -0.001 -1"><span class='ocrx_word' id='word_1_762' title='bbox 2209 4077 2269 4129; x_wconf 77' lang='grc' dir='ltr'>τὺ</span> <span class='ocrx_word' id='word_1_763' title='bbox 2297 4075 2509 4128; x_wconf 82' lang='grc' dir='ltr'>κελλίον</span> <span class='ocrx_word' id='word_1_764' title='bbox 2533 4092 2626 4128; x_wconf 90' lang='grc' dir='ltr'><strong>σου</strong></span> <span class='ocrx_word' id='word_1_765' title='bbox 2659 4075 2897 4127; x_wconf 75' lang='grc' dir='ltr'>διδάσκει</span> <span class='ocrx_word' id='word_1_766' title='bbox 2929 4092 2986 4127; x_wconf 86' lang='grc' dir='ltr'><strong>σε</strong></span> <span class='ocrx_word' id='word_1_767' title='bbox 3024 4073 3223 4127; x_wconf 83' lang='grc' dir='ltr'>πάντα.</span> 
     </span>
    </p>
   </div>
   <div class='ocr_carea' id='block_1_105' title="bbox 2281 4161 3788 4237">
    <p class='ocr_par' dir='ltr' id='par_1_105' title="bbox 2281 4161 3788 4237">
     <span class='ocr_line' id='line_1_107' title="bbox 2281 4161 3788 4237; baseline -0.005 -16"><span class='ocrx_word' id='word_1_768' title='bbox 2281 4167 2344 4232; x_wconf 82' lang='grc' dir='ltr'><strong>ζ’.</strong></span> <span class='ocrx_word' id='word_1_769' title='bbox 2373 4163 2538 4221; x_wconf 81' lang='grc' dir='ltr'>Εἶπεν</span> <span class='ocrx_word' id='word_1_770' title='bbox 2573 4169 2600 4220; x_wconf 89' lang='lat'><strong>6</strong></span> <span class='ocrx_word' id='word_1_771' title='bbox 2626 4165 2797 4230; x_wconf 76' lang='grc' dir='ltr'>ἁϐϐἄς</span> <span class='ocrx_word' id='word_1_772' title='bbox 2825 4166 3066 4236; x_wconf 82' lang='grc' dir='ltr'>Μωῦσῆς</span> <span class='ocrx_word' id='word_1_773' title='bbox 3091 4183 3104 4196; x_wconf 89' lang='grc'><strong>·</strong></span> <span class='ocrx_word' id='word_1_774' title='bbox 3134 4165 3453 4237; x_wconf 83' lang='grc' dir='ltr'>Ἀνθρωπος</span> <span class='ocrx_word' id='word_1_775' title='bbox 3481 4161 3695 4232; x_wconf 72' lang='grc' dir='ltr'>φεύγων</span> <span class='ocrx_word' id='word_1_776' title='bbox 3724 4163 3788 4228; x_wconf 70' lang='grc' dir='ltr'>θ’,</span> 
     </span>
    </p>
   </div>
   <div class='ocr_carea' id='block_1_106' title="bbox 3400 4341 3795 4416">
    <p class='ocr_par' dir='ltr' id='par_1_106' title="bbox 3400 4341 3795 4416">
     <span class='ocr_line' id='line_1_108' title="bbox 3400 4341 3795 4416; baseline 0 -21"><span class='ocrx_word' id='word_1_777' title='bbox 3400 4341 3443 4373; x_wconf 79' lang='grc'><strong>⁸⁷</strong></span> <span class='ocrx_word' id='word_1_778' title='bbox 3464 4341 3548 4395; x_wconf 86' lang='grc' dir='ltr'><strong>ΑΙ.</strong></span> <span class='ocrx_word' id='word_1_779' title='bbox 3567 4342 3795 4416; x_wconf 73' lang='grc' dir='ltr'>είσέρχῃ</span> 
     </span>
    </p>
   </div>
   <div class='ocr_carea' id='block_1_107' title="bbox 2130 4567 3789 4641">
    <p class='ocr_par' dir='ltr' id='par_1_107' title="bbox 2130 4567 3789 4641">
     <span class='ocr_line' id='line_1_109' title="bbox 2130 4567 3789 4641; baseline 0.001 -17"><span class='ocrx_word' id='word_1_780' title='bbox 2130 4573 2175 4628; x_wconf 81' lang='grc' dir='ltr'>ι)</span> <span class='ocrx_word' id='word_1_781' title='bbox 2207 4569 2564 4641; x_wconf 75' lang='lat' dir='ltr'><strong>Depravatum</strong></span> <span class='ocrx_word' id='word_1_782' title='bbox 2612 4569 2773 4641; x_wconf 75' lang='lat' dir='ltr'><strong>etiam</strong></span> <span class='ocrx_word' id='word_1_783' title='bbox 2811 4577 2994 4641; x_wconf 78' lang='lat' dir='ltr'><strong>exstat</strong></span> <span class='ocrx_word' id='word_1_784' title='bbox 3046 4583 3242 4641; x_wconf 80' lang='lat' dir='ltr'><strong>nomen</strong></span> <span class='ocrx_word' id='word_1_785' title='bbox 3279 4567 3384 4641; x_wconf 83' lang='grc' dir='ltr'>κῦρ</span> <span class='ocrx_word' id='word_1_786' title='bbox 3420 4569 3678 4641; x_wconf 73' lang='grc' dir='ltr'>Μανουήλ</span> <span class='ocrx_word' id='word_1_787' title='bbox 3727 4570 3789 4626; x_wconf 89' lang='lat' dir='ltr'><strong>in</strong></span> 
     </span>
    </p>
   </div>
   <div class='ocr_carea' id='block_1_108' title="bbox 2203 4638 3791 4710">
    <p class='ocr_par' dir='ltr' id='par_1_108' title="bbox 2203 4638 3791 4710">
     <span class='ocr_line' id='line_1_110' title="bbox 2203 4638 3791 4710; baseline 0.003 -17"><span class='ocrx_word' id='word_1_788' title='bbox 2203 4639 2620 4710; x_wconf 68' lang='lat' dir='ltr'><strong>Nomenclatore</strong></span> <span class='ocrx_word' id='word_1_789' title='bbox 2651 4638 3026 4710; x_wconf 67' lang='lat' dir='ltr'><strong>Constantini,</strong></span> <span class='ocrx_word' id='word_1_790' title='bbox 3070 4639 3157 4710; x_wconf 80' lang='lat' dir='ltr'><strong>ubi</strong></span> <span class='ocrx_word' id='word_1_791' title='bbox 3190 4638 3387 4709; x_wconf 76' lang='lat' dir='ltr'><strong>legitur</strong></span> <span class='ocrx_word' id='word_1_792' title='bbox 3416 4656 3428 4690; x_wconf 93' lang='lat'><strong>:</strong></span> <span class='ocrx_word' id='word_1_793' title='bbox 3460 4638 3791 4710; x_wconf 65' lang='lat' dir='ltr'><strong>Cyrmanoz:</strong></span> 
     </span>
    </p>
   </div>
   <div class='ocr_carea' id='block_1_109' title="bbox 2203 4709 3538 4778">
    <p class='ocr_par' dir='ltr' id='par_1_109' title="bbox 2203 4709 3538 4778">
     <span class='ocr_line' id='line_1_111' title="bbox 2203 4709 3538 4778; baseline -0.001 -13"><span class='ocrx_word' id='word_1_794' title='bbox 2203 4710 2411 4765; x_wconf 74' lang='lat' dir='ltr'><strong>Calccae</strong></span> <span class='ocrx_word' id='word_1_795' title='bbox 2433 4711 2526 4763; x_wconf 88' lang='lat' dir='ltr'><strong>lib.</strong></span> <span class='ocrx_word' id='word_1_796' title='bbox 2555 4709 2629 4761; x_wconf 84' lang='lat' dir='ltr'><strong>De</strong></span> <span class='ocrx_word' id='word_1_797' title='bbox 2659 4709 2960 4778; x_wconf 80' lang='lat' dir='ltr'><strong>&#39;I‘heologia,</strong></span> <span class='ocrx_word' id='word_1_798' title='bbox 2993 4709 3070 4762; x_wconf 87' lang='lat' dir='ltr'><strong>De</strong></span> <span class='ocrx_word' id='word_1_799' title='bbox 3101 4709 3305 4776; x_wconf 79' lang='lat' dir='ltr'><strong>Spiritu</strong></span> <span class='ocrx_word' id='word_1_800' title='bbox 3333 4709 3538 4764; x_wconf 80' lang='lat' dir='ltr'><strong>sancto.</strong></span> 
     </span>
    </p>
   </div>
   <div class='ocr_carea' id='block_1_110' title="bbox 2277 4778 3793 4850">
    <p class='ocr_par' dir='ltr' id='par_1_110' title="bbox 2277 4778 3793 4850">
     <span class='ocr_line' id='line_1_112' title="bbox 2277 4778 3793 4850; baseline 0.001 -18"><span class='ocrx_word' id='word_1_801' title='bbox 2277 4782 2387 4850; x_wconf 79' lang='lat'><strong>(‘25)</strong></span> <span class='ocrx_word' id='word_1_802' title='bbox 2417 4778 2818 4850; x_wconf 76' lang='grc' dir='ltr'>Σποδόδερμε.</span> <span class='ocrx_word' id='word_1_803' title='bbox 2853 4779 2970 4832; x_wconf 84' lang='lat' dir='ltr'><strong>Non</strong></span> <span class='ocrx_word' id='word_1_804' title='bbox 3007 4781 3208 4832; x_wconf 85' lang='lat' dir='ltr'><strong>danmo</strong></span> <span class='ocrx_word' id='word_1_805' title='bbox 3243 4795 3364 4850; x_wconf 70' lang='lat' dir='ltr'><strong>qua:</strong></span> <span class='ocrx_word' id='word_1_806' title='bbox 3384 4781 3646 4834; x_wconf 81' lang='lat' dir='ltr'><strong>exhibent</strong></span> <span class='ocrx_word' id='word_1_807' title='bbox 3673 4779 3793 4834; x_wconf 88' lang='lat' dir='ltr'><strong>edi-</strong></span> 
     </span>
    </p>
   </div>
   <div class='ocr_carea' id='block_1_111' title="bbox 2205 4849 3791 4920">
    <p class='ocr_par' dir='ltr' id='par_1_111' title="bbox 2205 4849 3791 4920">
     <span class='ocr_line' id='line_1_113' title="bbox 2205 4849 3791 4920; baseline 0.001 -17"><span class='ocrx_word' id='word_1_808' title='bbox 2205 4849 2382 4905; x_wconf 84' lang='lat' dir='ltr'><strong>tiones</strong></span> <span class='ocrx_word' id='word_1_809' title='bbox 2412 4849 2634 4920; x_wconf 80' lang='lat' dir='ltr'><strong>Pelagii.</strong></span> <span class='ocrx_word' id='word_1_810' title='bbox 2662 4850 2855 4904; x_wconf 90' lang='lat' dir='ltr'><strong>Moneo</strong></span> <span class='ocrx_word' id='word_1_811' title='bbox 2885 4851 3172 4914; x_wconf 81' lang='lat' dir='ltr'><strong>duntaxat,</strong></span> <span class='ocrx_word' id='word_1_812' title='bbox 3211 4859 3269 4901; x_wconf 89' lang='lat' dir='ltr'><strong>ut</strong></span> <span class='ocrx_word' id='word_1_813' title='bbox 3298 4849 3360 4920; x_wconf 88' lang='lat' dir='ltr'><strong>in</strong></span> <span class='ocrx_word' id='word_1_814' title='bbox 3393 4864 3628 4918; x_wconf 91' lang='lat' dir='ltr'><strong>quorum</strong></span> <span class='ocrx_word' id='word_1_815' title='bbox 3668 4866 3791 4904; x_wconf 87' lang='lat' dir='ltr'><strong>ma-</strong></span> 
     </span>
    </p>
   </div>
   <div class='ocr_carea' id='block_1_112' title="bbox 2199 4919 3796 4988">
    <p class='ocr_par' dir='ltr' id='par_1_112' title="bbox 2199 4919 3796 4988">
     <span class='ocr_line' id='line_1_114' title="bbox 2199 4919 3796 4988; baseline 0.001 -15"><span class='ocrx_word' id='word_1_816' title='bbox 2199 4936 2309 4975; x_wconf 80' lang='lat' dir='ltr'><strong>nus</strong></span> <span class='ocrx_word' id='word_1_817' title='bbox 2342 4919 2562 4975; x_wconf 86' lang='lat' dir='ltr'><strong>codices</strong></span> <span class='ocrx_word' id='word_1_818' title='bbox 2598 4920 2790 4988; x_wconf 88' lang='lat' dir='ltr'><strong>scripti</strong></span> <span class='ocrx_word' id='word_1_819' title='bbox 2841 4920 3113 4979; x_wconf 87' lang='lat' dir='ltr'><strong>venerint,</strong></span> <span class='ocrx_word' id='word_1_820' title='bbox 3169 4919 3465 4988; x_wconf 87' lang='lat' dir='ltr'><strong>inspiciant</strong></span> <span class='ocrx_word' id='word_1_821' title='bbox 3493 4935 3626 4988; x_wconf 83' lang='lat' dir='ltr'><strong>num</strong></span> <span class='ocrx_word' id='word_1_822' title='bbox 3654 4920 3796 4974; x_wconf 81' lang='lat' dir='ltr'><strong>ciue-</strong></span> 
     </span>
    </p>
   </div>
   <div class='ocr_carea' id='block_1_113' title="bbox 2203 4987 3793 5059">
    <p class='ocr_par' dir='ltr' id='par_1_113' title="bbox 2203 4987 3793 5059">
     <span class='ocr_line' id='line_1_115' title="bbox 2203 4987 3793 5059; baseline 0.001 -16"><span class='ocrx_word' id='word_1_823' title='bbox 2203 4991 2371 5045; x_wconf 84' lang='lat' dir='ltr'><strong>ricute</strong></span> <span class='ocrx_word' id='word_1_824' title='bbox 2397 5006 2522 5046; x_wconf 90' lang='lat' dir='ltr'><strong>vera</strong></span> <span class='ocrx_word' id='word_1_825' title='bbox 2549 4991 2618 5044; x_wconf 91' lang='lat' dir='ltr'><strong>sit</strong></span> <span class='ocrx_word' id='word_1_826' title='bbox 2639 4989 2817 5044; x_wconf 81' lang='lat' dir='ltr'><strong>lectio.</strong></span> <span class='ocrx_word' id='word_1_827' title='bbox 2859 4989 3016 5058; x_wconf 86' lang='lat' dir='ltr'><strong>Apud</strong></span> <span class='ocrx_word' id='word_1_828' title='bbox 3049 4987 3414 5059; x_wconf 78' lang='lat' dir='ltr'><strong>Dorothcum;</strong></span> <span class='ocrx_word' id='word_1_829' title='bbox 3445 4987 3793 5059; x_wconf 77' lang='grc' dir='ltr'>σποδὸὀερμα</span> 
     </span>
    </p>
   </div>
   <div class='ocr_carea' id='block_1_114' title="bbox 2251 5058 3796 5119">
    <p class='ocr_par' dir='ltr' id='par_1_114' title="bbox 2251 5058 3796 5119">
     <span class='ocr_line' id='line_1_116' title="bbox 2251 5058 3796 5119; baseline 0 -7"><span class='ocrx_word' id='word_1_830' title='bbox 2251 5061 2456 5115; x_wconf 86' lang='grc' dir='ltr'>ελανόν.</span> <span class='ocrx_word' id='word_1_831' title='bbox 2490 5060 2550 5114; x_wconf 86' lang='lat' dir='ltr'><strong>In</strong></span> <span class='ocrx_word' id='word_1_832' title='bbox 2582 5075 2685 5114; x_wconf 89' lang='lat' dir='ltr'><strong>ms.</strong></span> <span class='ocrx_word' id='word_1_833' title='bbox 2711 5059 3030 5114; x_wconf 82' lang='lat' dir='ltr'><strong>Corbeiensi</strong></span> <span class='ocrx_word' id='word_1_834' title='bbox 3062 5058 3264 5119; x_wconf 86' lang='lat' dir='ltr'><strong>inveni,</strong></span> <span class='ocrx_word' id='word_1_835' title='bbox 3305 5061 3532 5112; x_wconf 77' lang='lat' dir='ltr'><strong>ciuerale</strong></span> <span class='ocrx_word' id='word_1_836' title='bbox 3554 5069 3602 5112; x_wconf 83' lang='lat' dir='ltr'><strong>et</strong></span> <span class='ocrx_word' id='word_1_837' title='bbox 3631 5058 3796 5112; x_wconf 75' lang='lat' dir='ltr'><strong>caca-</strong></span> 
     </span>
    </p>
   </div>
   <div class='ocr_carea' id='block_1_115' title="bbox 2205 5077 3794 5186">
    <p class='ocr_par' dir='ltr' id='par_1_115' title="bbox 2205 5077 3794 5186">
     <span class='ocr_line' id='line_1_117' title="bbox 2251 5077 3794 5119; baseline 0 -7"><span class='ocrx_word' id='word_1_838' title='bbox 2251 5077 2456 5115; x_wconf 71' lang='grc' dir='ltr'>ελανον.</span> <span class='ocrx_word' id='word_1_839' title='bbox 2491 5077 2550 5114; x_wconf 87' lang='grc' dir='ltr'><strong>ιιι</strong></span> <span class='ocrx_word' id='word_1_840' title='bbox 2582 5077 2685 5114; x_wconf 89' lang='lat' dir='ltr'><strong>ms.</strong></span> <span class='ocrx_word' id='word_1_841' title='bbox 2711 5077 3030 5114; x_wconf 73' lang='lat' dir='ltr'><strong>LOI&#39;DelenSl</strong></span> <span class='ocrx_word' id='word_1_842' title='bbox 3062 5077 3264 5119; x_wconf 79' lang='lat' dir='ltr'><strong>Inveni,</strong></span> <span class='ocrx_word' id='word_1_843' title='bbox 3305 5077 3532 5112; x_wconf 80' lang='lat' dir='ltr'><strong>cmerale</strong></span> <span class='ocrx_word' id='word_1_844' title='bbox 3554 5077 3602 5112; x_wconf 78' lang='grc' dir='ltr'><strong>ει</strong></span> <span class='ocrx_word' id='word_1_845' title='bbox 3631 5077 3794 5112; x_wconf 87' lang='lat' dir='ltr'><strong>caca-</strong></span> 
     </span>
     <span class='ocr_line' id='line_1_118' title="bbox 2205 5077 3794 5186; baseline -0.001 -4"><span class='ocrx_word' id='word_1_846' title='bbox 2205 5077 2342 5185; x_wconf 48' lang='lat' dir='ltr'><strong>yate.</strong></span> <span class='ocrx_word' id='word_1_847' title='bbox 2377 5132 2435 5184; x_wconf 90' lang='lat' dir='ltr'><strong>lu</strong></span> <span class='ocrx_word' id='word_1_848' title='bbox 2467 5131 2572 5185; x_wconf 92' lang='lat' dir='ltr'><strong>alio</strong></span> <span class='ocrx_word' id='word_1_849' title='bbox 2605 5130 2660 5186; x_wconf 85' lang='grc' dir='ltr'>Β.</span> <span class='ocrx_word' id='word_1_850' title='bbox 2691 5128 2872 5183; x_wconf 81' lang='lat' dir='ltr'><strong>Mariae</strong></span> <span class='ocrx_word' id='word_1_851' title='bbox 2916 5128 3203 5184; x_wconf 89' lang='lat' dir='ltr'><strong>Suession.</strong></span> <span class='ocrx_word' id='word_1_852' title='bbox 3257 5131 3520 5183; x_wconf 81' lang='lat' dir='ltr'><strong>ciuerente</strong></span> <span class='ocrx_word' id='word_1_853' title='bbox 3553 5139 3602 5182; x_wconf 84' lang='lat' dir='ltr'><strong>et</strong></span> <span class='ocrx_word' id='word_1_854' title='bbox 3631 5145 3794 5182; x_wconf 86' lang='lat' dir='ltr'><strong>caca-</strong></span> 
     </span>
    </p>
   </div>
   <div class='ocr_carea' id='block_1_116' title="bbox 2205 5198 3790 5266">
    <p class='ocr_par' dir='ltr' id='par_1_116' title="bbox 2205 5198 3790 5266">
     <span class='ocr_line' id='line_1_119' title="bbox 2205 5198 3790 5266; baseline 0 -14"><span class='ocrx_word' id='word_1_855' title='bbox 2205 5200 2362 5266; x_wconf 84' lang='lat' dir='ltr'><strong>bate;</strong></span> <span class='ocrx_word' id='word_1_856' title='bbox 2387 5209 2445 5253; x_wconf 93' lang='lat' dir='ltr'><strong>ut</strong></span> <span class='ocrx_word' id='word_1_857' title='bbox 2474 5209 2528 5254; x_wconf 89' lang='lat' dir='ltr'><strong>et</strong></span> <span class='ocrx_word' id='word_1_858' title='bbox 2553 5201 2607 5253; x_wconf 91' lang='lat' dir='ltr'><strong>in</strong></span> <span class='ocrx_word' id='word_1_859' title='bbox 2637 5201 2731 5254; x_wconf 93' lang='lat' dir='ltr'><strong>illo</strong></span> <span class='ocrx_word' id='word_1_860' title='bbox 2768 5198 3108 5255; x_wconf 85' lang='lat' dir='ltr'><strong>Fossateusi.</strong></span> <span class='ocrx_word' id='word_1_861' title='bbox 3145 5201 3389 5264; x_wconf 81' lang='lat' dir='ltr'><strong>Quorum</strong></span> <span class='ocrx_word' id='word_1_862' title='bbox 3419 5203 3584 5253; x_wconf 87' lang='lat' dir='ltr'><strong>trium</strong></span> <span class='ocrx_word' id='word_1_863' title='bbox 3628 5201 3790 5254; x_wconf 84' lang='lat' dir='ltr'><strong>codi-</strong></span> 
     </span>
    </p>
   </div>
   <div class='ocr_carea' id='block_1_117' title="bbox 2203 5269 3790 5340">
    <p class='ocr_par' dir='ltr' id='par_1_117' title="bbox 2203 5269 3790 5340">
     <span class='ocr_line' id='line_1_120' title="bbox 2203 5269 3790 5340; baseline -0.001 -16"><span class='ocrx_word' id='word_1_864' title='bbox 2203 5285 2329 5324; x_wconf 92' lang='lat' dir='ltr'><strong>cum</strong></span> <span class='ocrx_word' id='word_1_865' title='bbox 2370 5272 2762 5340; x_wconf 75' lang='lat' dir='ltr'><strong>inspectioncm</strong></span> <span class='ocrx_word' id='word_1_866' title='bbox 2789 5271 2960 5326; x_wconf 85' lang='lat' dir='ltr'><strong>debeo</strong></span> <span class='ocrx_word' id='word_1_867' title='bbox 2985 5269 3311 5340; x_wconf 83' lang='lat' dir='ltr'><strong>humanitati</strong></span> <span class='ocrx_word' id='word_1_868' title='bbox 3339 5269 3790 5340; x_wconf 66' lang='lat' dir='ltr'><strong>doctissimorum</strong></span> 
     </span>
    </p>
   </div>
   <div class='ocr_carea' id='block_1_118' title="bbox 2203 5337 3790 5397">
    <p class='ocr_par' dir='ltr' id='par_1_118' title="bbox 2203 5337 3790 5397">
     <span class='ocr_line' id='line_1_121' title="bbox 2203 5337 3790 5397; baseline -0.001 -2"><span class='ocrx_word' id='word_1_869' title='bbox 2203 5337 2516 5397; x_wconf 77' lang='lat' dir='ltr'><strong>ascetaruin</strong></span> <span class='ocrx_word' id='word_1_870' title='bbox 2544 5338 2773 5395; x_wconf 85' lang='lat' dir='ltr'><strong>Joannis</strong></span> <span class='ocrx_word' id='word_1_871' title='bbox 2795 5341 3092 5395; x_wconf 86' lang='lat' dir='ltr'><strong>Mabillouii</strong></span> <span class='ocrx_word' id='word_1_872' title='bbox 3118 5349 3170 5393; x_wconf 91' lang='lat' dir='ltr'><strong>et</strong></span> <span class='ocrx_word' id='word_1_873' title='bbox 3192 5338 3474 5394; x_wconf 85' lang='lat' dir='ltr'><strong>Michaelis</strong></span> <span class='ocrx_word' id='word_1_874' title='bbox 3503 5337 3790 5393; x_wconf 85' lang='lat' dir='ltr'><strong>Germani.</strong></span> 
     </span>
    </p>
   </div>
   <div class='ocr_carea' id='block_1_119' title="bbox 2274 5408 3790 5480">
    <p class='ocr_par' dir='ltr' id='par_1_119' title="bbox 2274 5408 3790 5480">
     <span class='ocr_line' id='line_1_122' title="bbox 2274 5408 3790 5480; baseline -0.002 -15"><span class='ocrx_word' id='word_1_875' title='bbox 2274 5412 2385 5480; x_wconf 70' lang='lat'><strong>(24)</strong></span> <span class='ocrx_word' id='word_1_876' title='bbox 2447 5410 2550 5468; x_wconf 73' lang='lat' dir='ltr'><strong>Kal</strong></span> <span class='ocrx_word' id='word_1_877' title='bbox 2594 5410 2720 5463; x_wconf 81' lang='grc' dir='ltr'>κατ’</span> <span class='ocrx_word' id='word_1_878' title='bbox 2773 5411 3121 5480; x_wconf 75' lang='grc' dir='ltr'>εὐκαιρίαν,</span> <span class='ocrx_word' id='word_1_879' title='bbox 3181 5408 3790 5480; x_wconf 31' lang='grc' dir='ltr'>παρέϐαλονηάὃελ-</span> 
     </span>
    </p>
   </div>
   <div class='ocr_carea' id='block_1_120' title="bbox 2203 5478 3796 5550">
    <p class='ocr_par' dir='ltr' id='par_1_120' title="bbox 2203 5478 3796 5550">
     <span class='ocr_line' id='line_1_123' title="bbox 2203 5478 3796 5550; baseline -0.001 -14"><span class='ocrx_word' id='word_1_880' title='bbox 2203 5478 2326 5550; x_wconf 70' lang='grc' dir='ltr'>φοί.</span> <span class='ocrx_word' id='word_1_881' title='bbox 2357 5478 2463 5536; x_wconf 88' lang='lat' dir='ltr'><strong>Pro</strong></span> <span class='ocrx_word' id='word_1_882' title='bbox 2505 5481 2589 5535; x_wconf 90' lang='lat' dir='ltr'><strong>his</strong></span> <span class='ocrx_word' id='word_1_883' title='bbox 2621 5481 2677 5534; x_wconf 91' lang='lat' dir='ltr'><strong>in</strong></span> <span class='ocrx_word' id='word_1_884' title='bbox 2721 5478 2954 5534; x_wconf 38' lang='lat' dir='ltr'><strong>duohus‘</strong></span> <span class='ocrx_word' id='word_1_885' title='bbox 2995 5479 3408 5550; x_wconf 83' lang='lat' dir='ltr'><strong>exemplaribus</strong></span> <span class='ocrx_word' id='word_1_886' title='bbox 3453 5478 3796 5550; x_wconf 74' lang='lat' dir='ltr'><strong>Colhertinis</strong></span> 
     </span>
    </p>
   </div>
   <div class='ocr_carea' id='block_1_121' title="bbox 2204 5547 3796 5621">
    <p class='ocr_par' dir='ltr' id='par_1_121' title="bbox 2204 5547 3796 5621">
     <span class='ocr_line' id='line_1_124' title="bbox 2204 5547 3796 5621; baseline -0.003 -17"><span class='ocrx_word' id='word_1_887' title='bbox 2204 5547 2432 5621; x_wconf 79' lang='lat' dir='ltr'><strong>iegitur:</strong></span> <span class='ocrx_word' id='word_1_888' title='bbox 2468 5552 2562 5606; x_wconf 76' lang='grc' dir='ltr'><strong>καὶ</strong></span> <span class='ocrx_word' id='word_1_889' title='bbox 2601 5550 2863 5621; x_wconf 61' lang='grc' dir='ltr'>ποιήσατε</span> <span class='ocrx_word' id='word_1_890' title='bbox 2897 5552 3103 5620; x_wconf 85' lang='grc' dir='ltr'>πάσχα.</span> <span class='ocrx_word' id='word_1_891' title='bbox 3136 5548 3344 5621; x_wconf 65' lang='grc' dir='ltr'>Συνέϐη</span> <span class='ocrx_word' id='word_1_892' title='bbox 3367 5548 3426 5602; x_wconf 86' lang='grc' dir='ltr'>δὲ</span> <span class='ocrx_word' id='word_1_893' title='bbox 3453 5547 3796 5621; x_wconf 56' lang='grc' dir='ltr'>παραὸαλείν</span> 
     </span>
    </p>
   </div>
   <div class='ocr_carea' id='block_1_122' title="bbox 2201 5618 3792 5692">
    <p class='ocr_par' dir='ltr' id='par_1_122' title="bbox 2201 5618 3792 5692">
     <span class='ocr_line' id='line_1_125' title="bbox 2201 5618 3792 5692; baseline 0.001 -18"><span class='ocrx_word' id='word_1_894' title='bbox 2201 5618 2484 5689; x_wconf 80' lang='grc' dir='ltr'>ἀδελφούς.</span> <span class='ocrx_word' id='word_1_895' title='bbox 2519 5621 2652 5688; x_wconf 71' lang='lat' dir='ltr'><strong>Qum</strong></span> <span class='ocrx_word' id='word_1_896' title='bbox 2681 5618 2897 5692; x_wconf 85' lang='lat' dir='ltr'><strong>Pelagio</strong></span> <span class='ocrx_word' id='word_1_897' title='bbox 2946 5618 3073 5692; x_wconf 74' lang='lat' dir='ltr'><strong>sunt</strong></span> <span class='ocrx_word' id='word_1_898' title='bbox 3106 5637 3126 5692; x_wconf 63' lang='grc' dir='ltr'><strong>ι</strong></span> <span class='ocrx_word' id='word_1_899' title='bbox 3152 5619 3231 5692; x_wconf 65' lang='grc' dir='ltr'><strong>ΔΕἰ</strong></span> <span class='ocrx_word' id='word_1_900' title='bbox 3277 5618 3515 5692; x_wconf 70' lang='lat' dir='ltr'><strong>fecerunt</strong></span> <span class='ocrx_word' id='word_1_901' title='bbox 3539 5618 3792 5692; x_wconf 66' lang='lat' dir='ltr'><strong>Pascha.</strong></span> 
     </span>
    </p>
   </div>
   <div class='ocr_carea' id='block_1_123' title="bbox 2202 5689 3796 5762">
    <p class='ocr_par' dir='ltr' id='par_1_123' title="bbox 2202 5689 3796 5762">
     <span class='ocr_line' id='line_1_126' title="bbox 2202 5689 3796 5762; baseline -0.001 -17"><span class='ocrx_word' id='word_1_902' title='bbox 2202 5692 2434 5762; x_wconf 78' lang='lat' dir='ltr'><strong>Contigit</strong></span> <span class='ocrx_word' id='word_1_903' title='bbox 2465 5703 2642 5747; x_wconf 79' lang='lat' dir='ltr'><strong>autent</strong></span> <span class='ocrx_word' id='word_1_904' title='bbox 2684 5700 2741 5744; x_wconf 86' lang='lat' dir='ltr'><strong>ut</strong></span> <span class='ocrx_word' id='word_1_905' title='bbox 2781 5689 2835 5745; x_wconf 69' lang='lat' dir='ltr'><strong>iii</strong></span> <span class='ocrx_word' id='word_1_906' title='bbox 2885 5692 2999 5759; x_wconf 78' lang='lat' dir='ltr'><strong>ipsa</strong></span> <span class='ocrx_word' id='word_1_907' title='bbox 3033 5689 3363 5745; x_wconf 79' lang='lat' dir='ltr'><strong>hcbdomada</strong></span> <span class='ocrx_word' id='word_1_908' title='bbox 3396 5690 3633 5746; x_wconf 69' lang='lat' dir='ltr'><strong>venirent</strong></span> <span class='ocrx_word' id='word_1_909' title='bbox 3671 5689 3796 5759; x_wconf 77' lang='lat' dir='ltr'><strong>[ra-</strong></span> 
     </span>
    </p>
   </div>
   <div class='ocr_carea' id='block_1_124' title="bbox 2203 5763 2569 5833">
    <p class='ocr_par' dir='ltr' id='par_1_124' title="bbox 2203 5763 2569 5833">
     <span class='ocr_line' id='line_1_127' title="bbox 2203 5763 2569 5833; baseline 0.014 -20"><span class='ocrx_word' id='word_1_910' title='bbox 2203 5771 2305 5817; x_wconf 82' lang='lat' dir='ltr'><strong>tres</strong></span> <span class='ocrx_word' id='word_1_911' title='bbox 2334 5763 2569 5833; x_wconf 81' lang='lat' dir='ltr'><strong>quidam.</strong></span> 
     </span>
    </p>
   </div>
  </div>
