4032 6334
243 412 343 469 285

1377 405 1991 469 APOPHTHEGHATA
2027 400 2335 460 PATRUM.

3384 389 3497 447 $86

238 527 375 581 ἔοικε
408 525 659 597 σταφυλῇ
697 524 868 597 έπτῇο
904 527 933 580 6
961 519 1019 580 δέ
1058 526 1116 579 ἐν
1138 525 1447 599 ἀνθρώποις
1480 525 1577 592 ὢν,
1613 525 1689 591 ὡς
1713 525 1816 595 δμ-

1930 519 2097 591 gieus,
2133 515 2332 574 similis
2362 519 2447 571 est
2485 518 2712 566 maturae
2741 524 2891 576 uvae;
2926 507 3021 581 qui
3059 521 3188 564 vero
3222 505 3363 562 inter
3391 506 3494 563 ho-

375 613 547 670 ἐστίν.

375 615 547 670 ἐστίν.

238 615 374 780 ‘9‘;-
416 706 661 761 Ἤκουσέ
714 724 839 761 ποτε
867 709 896 761 6
938 709 1122 779 ἄρχων
1155 709 1284 782 περὶ
1329 709 1424 764 τοῦ
1476 708 1624 763 6.665.
1652 709 1816 764 Μωῦ-

238 799 391 863 σέως,
429 798 524 852 καὶ
552 796 797 868 ἀπῆλθεν
822 799 900 861 είς
925 797 1126 869 Σκῆτιν
1152 799 1280 853 ίδεῖν
1304 799 1468 853 αὐτόν
1485 817 1500 830 ο
1530 799 1625 852 καὶ
1651 798 1817 867 ἀνήγ-

233 889 419 960 γειλάν
454 905 601 952 τινες
628 888 709 959 τῷ
739 888 953 959 γέροντι
987 888 1048 941 τὸ
1070 890 1332 961 πρᾶγμα·
1364 892 1458 945 καὶ
1486 891 1681 961 ἀνέστη
1714 908 1817 959 φυ-

240 984 353 1052 γεῖν
398 983 481 1046 είς
528 980 590 1034 τὸ
620 979 759 1043 ἕλος.
811 980 923 1033 Καὶ
977 980 1294 1053 ὑπήντησαν
1339 981 1487 1054 αὐτῷ
1533 982 1813 1050 λέγοντεςο

238 1073 371 1128 Είπέ
401 1075 561 1151 ἡμῖν,
591 1072 754 1143 γέρον
776 1087 792 1103 ⁸
822 1071 925 1125 ποῦ
953 1071 1100 1126 ἔστιν
1133 1074 1166 1145 ή
1188 1072 1353 1128 κὲλλα
1378 1075 1472 1129 τοῦ
1495 1074 1640 1128 ἁὸϐᾶ
1664 1076 1821 1129 Μωῦ-

238 1165 371 1229 σέως
395 1183 413 1231 ;
442 1163 558 1218 Καὶ
589 1163 738 1232 λέγει
766 1163 950 1227 αὐτοῖς
969 1180 983 1195 ·
1021 1163 1087 1217 Τί
1116 1163 1301 1219 θέλετε
1333 1167 1460 1236 παρ’
1490 1165 1690 1232 αὐτοῦς
1725 1168 1819 1221 ἆν-

237 1257 454 1327 θρωτοος
482 1257 645 1321 σαλός
673 1257 809 1311 ἐστι.
848 1256 961 1310 Καὶ
1004 1256 1175 1311 ἐλθὼν
1211 1260 1242 1312 6
1267 1259 1452 1330 ἄρχων
1492 1261 1571 1324 εἰς
1599 1260 1698 1330 τὴν
1723 1261 1817 1314 ἐκ·

236 1351 483 1421 κλησίαν,
516 1350 664 1420 λέγει
693 1352 805 1414 τοῖς
833 1349 1113 1423 κληρικοῖς
1131 1367 1147 1383 ο
1187 1351 1328 1422 Ἐγὼ
1359 1353 1573 1408 ἀκούων
1599 1354 1667 1408 τὰ
1694 1356 1821 1426 περὶ

233 1440 325 1495 τοῦ
357 1441 507 1495 ἀϐὁᾶ
538 1441 834 1506 Μωῦσέως,
872 1441 1143 1513 κατῆλθον
1187 1443 1317 1497 ίδεῖν
1356 1445 1555 1500 αὐτόν’
1583 1445 1679 1500 καὶ
1708 1445 1817 1500 ἰδοὺ

233 1534 547 1604 ὑπήντησεν
578 1534 709 1603 ἡμῖν
754 1532 931 1603 γέρων
985 1533 1213 1603 ὑπάγων
1258 1537 1337 1598 εἰς
1382 1534 1684 1605 Αἴγυπτον,
1721 1536 1817 1589 καὶ

232 1626 459 1695 εἴπομεν
480 1624 632 1694 αὐτῷ
648 1642 662 1655 ·
691 1624 800 1678 Ποῦ
822 1624 1019 1698 ἔστινὴ
1046 1625 1210 1680 κέλλα
1232 1626 1322 1680 τοῦ
1346 1626 1491 1681 ἀὸὅᾶ
1504 1627 1812 1692 Μωῦσέως;

233 1719 328 1771 καὶ
355 1716 507 1784 λέγει
551 1718 684 1788 ήμῖν
707 1732 721 1747 ο
756 1716 821 1769 Τί
850 1716 1032 1770 Θέλετε
1070 1717 1166 1771 ἀπ’
1205 1718 1408 1785 autcf);
1446 1719 1608 1783 σαλός
1650 1720 1819 1776 ἐστιν.

245 1809 603 1872 Ἀκούσαντες
639 1807 696 1861 δέ
728 1809 778 1861 oi
803 1808 1078 1880 κληρικοὶ,
1122 1808 1492 1882 ἐλυπήθησαν,
1534 1812 1783 1880 λέγοντες
1804 1830 1817 1843 ·

1923 609 2098 664 mines
2128 613 2400 670 versatur,
2440 613 2526 660 est
2555 602 2701 658 sicut
2723 615 2827 655 uva
2860 600 3081 656 acerba.

1989 697 2043 752 8.
2080 696 2193 769 (25)
2235 695 2458 751 Audivit
2514 692 2811 764 aliquando
2867 700 3049 747 rector
3087 688 3387 762 provincia:
3428 685 3498 742 de

1920 788 2117 844 abbate
2152 786 2359 858 Moyse,
2384 791 2439 840 et
2465 783 2666 841 Seetim
2702 782 2770 838 ad
2813 781 3109 838 videndum
3148 796 3273 836 eum
3305 778 3499 851 profe-

1920 886 2044 933 ctus
2075 884 2198 933 est:
2249 874 2471 945 quidam
2508 883 2690 930 autem
2744 888 2859 929 rem
2902 873 3295 928 nuntiaverunt
3340 869 3495 936 seni;

1919 970 2014 1042 qui
2054 969 2296 1025 surrexit
2329 974 2391 1022 ut
2442 965 2653 1037 fugeret
2693 965 2747 1020 in
2793 965 3070 1035 paludem.
3119 962 3499 1020 Occurrerunt

1919 1065 1992 1130 ei,
2024 1061 2442 1133 percontatique
2471 1067 2637 1114 sunt:
2665 1057 2864 1120 Senex,
2890 1054 3120 1112 ostende
3185 1054 3344 1110 nobis
3384 1052 3500 1108 ubi-

1920 1169 2047 1210 nam
2079 1155 2151 1210 sit
2176 1153 2392 1208 abbatis
2427 1151 2632 1222 Moysis
2658 1148 2834 1204 cella?
2871 1147 3175 1218 Respondit
3207 1146 3289 1202 eis
3316 1163 3330 1200 :
3354 1143 3500 1210 Quid

1921 1245 1990 1299 ab
2017 1259 2085 1300 eo
2107 1243 2305 1299 vultis?
2336 1243 2501 1298 homo
2531 1238 2767 1297 stolidus
2792 1246 2898 1295 est.
2936 1236 3179 1292 Veniens
3209 1251 3339 1307 ergo
3358 1248 3500 1304 pra-

1919 1351 2009 1392 ses
2037 1335 2103 1391 ad
2139 1335 2451 1401 ecclesiam,
2483 1333 2559 1387 ait
2590 1331 2807 1387 clericis
2840 1348 2853 1384 :
2890 1328 3024 1399 Ego,
3047 1328 3250 1384 auditis
3284 1327 3501 1383 abbatis

1922 1426 2127 1498 Moysis
2154 1426 2476 1491 virtutibus,
2521 1423 2717 1480 deveni
2751 1430 2811 1476 ut
2835 1419 3079 1476 viderem
3104 1434 3252 1474 eum.
3281 1417 3346 1471 Et
3373 1430 3502 1472 ecce

1922 1518 2119 1574 obvius
2171 1516 2333 1572 nobis
2380 1514 2484 1570 fuit
2549 1529 2715 1572 senex
2760 1526 2996 1584 pergens
3039 1509 3107 1565 ad
3164 1507 3499 1579 Egyptum;

1923 1624 2086 1681 quem
2133 1604 2619 1677 interrogavimus,
2654 1603 2748 1659 ubi
2779 1609 2927 1659 esset
2949 1600 3089 1656 cella
3111 1598 3326 1653 abbatis
3351 1595 3502 1667 Moy-

1922 1701 2019 1757 sis.
2068 1697 2335 1769 Deditque
2382 1710 2749 1766 responsum:
2786 1692 2927 1760 Quid
2964 1706 3091 1749 eum
3122 1689 3326 1745 vultis?
3360 1687 3504 1742 Mota

1922 1798 2105 1847 mente
2149 1798 2257 1846 est.
2290 1788 2501 1856 Quibus
2528 1785 2838 1851 intellectis,
2884 1783 3110 1838 tristitia
3154 1779 3331 1836 aﬂ‘ecti
3375 1785 3505 1833 sunt

233 1900 486 1964 Ποταπὺς
505 1868 623 1971 ἦννό
643 1901 822 1972 γέρων
835 1902 863 1955 6
889 1868 1217 1973 ταῦτα’λαλή
1226 1868 1325 1967 σας
1511 1868 1813 1973 τοῦ’ἀγίου;

1930 1869 2148 1949 clerici;
2202 1879 2574 1948 dixeruntque
2604 1895 2616 1932 :
2646 1874 2971 1945 Cujusmodi
3018 1878 3137 1928 erat
3182 1884 3347 1926 senex
3391 1868 3503 1932 ille.

236 1996 301 2047 0i.
332 1994 391 2048 δὲ
413 1989 567 2047 εἷπον
586 2009 603 2025 ο
636 1992 840 2064 Γέρων,
867 1993 1072 2047 παλαιὰ
1104 1994 1309 2065 φορῶν,
1345 1995 1559 2066 μακρὸς
1587 1996 1683 2050 καὶ
1722 2014 1819 2066 με·

235 2086 414 2150 λανός.
449 2087 515 2139 0i
548 2085 604 2138 δέ
645 2078 800 2138 εἷπον
822 2102 836 2116 ο
866 2085 1042 2149 Αὐτός
1074 2087 1224 2140 ἐστιν
1263 2087 1293 2140 6
1324 2086 1501 2152 ἁσδᾶς
1539 2088 1781 2159 Μωῦσῆς
1801 2104 1816 2120 ο

235 2177 330 2231 καὶ
358 2175 451 2229 διὰ
497 2175 561 2228 τὸ
595 2174 671 2247 μή
705 2175 1017 2245 ἀπαντῆσαι
1057 2175 1219 2229 αὐτὸν
1252 2176 1402 2249 ὑμῖν,
1449 2177 1627 2232 ταῦτα
1666 2174 1820 2231 εἶπεν

236 2269 386 2341 ὑμῖν.
412 2266 593 2322 Πολλὰ
616 2268 673 2321 δὲ
700 2267 1002 2339 ὠφεληθεὶς
1030 2268 1059 2321 6
1083 2269 1267 2340 ἄρχων
1304 2268 1676 2342 ἀνεχώρησεν.

304 2446 368 2502 θ’.
407 2446 636 2515 Ἔλεγεν
661 2446 690 2500 ὁ
710 2445 885 2509 esea;
919 2445 1161 2516 Μωῦσῆς
1189 2445 1246 2499 ἐν
1281 2445 1514 2517 Σκήτει·
1563 2445 1687 2500 Ἐὰν
1720 2428 1822 2515 φυ-

235 2540 486 2613 λάξωμεν
519 2540 621 2605 τὰς
672 2539 891 2605 ἐντολὰς
920 2539 1028 2593 τῶν
1055 2540 1316 2611 Πατέρων
1368 2539 1548 2610 ἡμῶν,
1578 2538 1689 2608 ἐγὼ
1730 2542 1822 2608 ἐγ-

234 2632 456 2704 γυῶμαι
499 2634 648 2704 ὑμᾶς
687 2632 827 2703 πρὸς
866 2631 958 2685 τὸν
991 2631 1147 2699 Θεὸν,
1177 2631 1261 2685 ὅτι
1304 2628 1570 2704 βάρϐαροι
1606 2631 1707 2685 οὐκ
1731 2630 1822 2703 έρ-

235 2742 418 2795 χονται
447 2717 574 2779 ὧδε.
602 2724 666 2778 Εἰ
698 2722 756 2777 δέ
784 2722 858 2795 μὴ
897 2719 1240 2793 φυλάξωμεν,
1265 2721 1621 2794 ἐρημωθῆναι
1649 2720 1763 2792 ἔχει
1794 2723 1824 2775 6

233 2816 399 2879 τόπος
427 2810 605 2879 οὗτος.

309 2912 359 2958 ι’.
399 2902 747 2975 Καθημένων
769 2902 828 2956 δέ
866 2920 996 2956 ποτε
1026 2903 1137 2958 τῶν
1184 2903 1430 2973 ἀδελφῶν
1462 2903 1598 2975 πρὸς
1637 2902 1821 2964 αὑτὸν,

240 2997 425 3065 ἔλεγεν
469 2998 689 3061 αὐτοῖς·
739 2995 868 3050 Ἰδοὺ
913 2995 1180 3067 βάρϐαροι
1225 2997 1465 3067 σήμερον
1498 2997 1579 3059 είς
1625 2994 1824 3064 Σκῆτιν

240 3090 488 3160 ἔρχονται
510 3105 525 3118 ⁸
546 3087 681 3142 ἀλλὰ
711 3087 980 3158 ἀνάστητε
1003 3087 1098 3141 καὶ
1119 3088 1340 3156 φύγετε.
1368 3087 1631 3156 Λέγουσιν
1653 3084 1819 3154 αὐτῷ·

241 3180 312 3230 ΣΞ)
340 3174 434 3232 οὖν
456 3179 520 3232 οὐ
548 3177 791 3247 φεύγεις,
820 3175 997 3242 ἀ66ἄ;
1050 3175 1108 3230 ’0
1136 3176 1195 3230 δὲ
1236 3173 1391 3230 εἶπεν
1424 3178 1607 3239 αὐτοῖς
1625 3191 1641 3208 ⁸
1683 3172 1825 3243 Ἐγὼ

238 3269 478 3323 τοσαῦτα
508 3268 604 3338 ἐτη
635 3267 918 3341 προσδοκῶ
944 3267 1041 3339 τὴν
1061 3269 1276 3339 ἡμέραν
1298 3267 1502 3339 ταύτην
1526 3283 1540 3297 ⁸
1570 3267 1657 3319 ἵνα
1688 3265 1825 3335 πλη-

246 3361 387 3432 ρωθῇ
424 3363 452 3414 6
471 3360 633 3428 λόγος
653 3358 746 3412 τοῦ
770 3359 1043 3412 Δεσπότου
1071 3358 1330 3429 Χριστοῦ,
1360 3358 1609 3427 λέγοντος
1629 3372 1641 3386 ·
1670 3354 1826 3410 Πάν-

241 3470 339 3519 τες
385 3455 441 3506 οἱ
487 3452 781 3516 λαϐόντες
825 3449 1147 3520 μάχαιραν,
1188 3450 1259 3504 ἐν
1296 3451 1562 3519 μαχαίρᾳ
1599 3449 1825 3503 ἀποθα-

242 3545 491 3598 νοῦνται
516 3543 586 3596 ⁷⁸.
623 3543 886 3611 Λέγουσιν
934 3540 1112 3611 αὐτῷ’
1156 3541 1290 3596 Οὑδέ
1324 3544 1487 3612 ἡμεῖς
1532 3540 1823 3610 φεύγομεν,

243 3635 381 3691 ἀλλὰ
425 3633 567 3705 μετὰ
602 3633 694 3686 σοῦ
738 3630 1174 3702 ἀποθνήσκομεν.
1216 3632 1273 3685 ’0
1304 3630 1360 3693 δὲ
1407 3625 1559 3682 εἶπεν
1604 3629 1821 3690 αὐτοῖς·

257 3727 396 3797 Ἐγὼ
432 3728 667 3799 πρᾶγμα
691 3726 792 3779 οὐκ
822 3724 963 3796 ἔχω·
998 3724 1229 3787 ἕκαστος
1270 3723 1512 3792 βλεπέτω
1546 3720 1662 3785 πῶς
1691 3720 1827 3774 καθ-
1874 3758 1883 3765 ρ

244 3819 442 3885 έζεται.
489 3814 673 3871 ’Ἦσαν
712 3817 769 3871 δέ
820 3817 961 3871 ἐπτὰ
1008 3816 1243 3885 ἀδελφοὶ,
1270 3815 1363 3869 καὶ
1413 3815 1561 3882 λέγει
1601 3813 1785 3877 αὐτοῖς
1815 3830 1826 3843 ·

258 3915 386 3968 Ἰδοὺ
417 3916 467 3968 οἱ
503 3912 771 3984 βάρϐαροι
805 3911 1083 3979 ἐγγίζουσι
1120 3912 1187 3980 τῇ
1224 3908 1384 3980 θύρᾳ.
1414 3907 1524 3961 Καὶ
1557 3904 1829 3958 εἰσελθόν-

243 4025 357 4073 τες,
404 4006 705 4076 ἐφόνευσαν
745 4004 963 4067 αὐτούς.
1013 3999 1109 4066 Εἷς
1139 4002 1196 4055 δὲ
1246 4002 1304 4067 ἐξ
1349 3999 1527 4054 αὐτῶν
1555 3998 1600 4030 ⁷¹
1632 3997 1830 4066 ἔφυγεν

245 4101 422 4153 ὀπίσω
442 4099 544 4169 τῆς
576 4097 765 4169 σειρᾶς
787 4115 798 4125 ·
833 4097 929 4149 καὶ
969 4091 1106 4149 εἶδεν
1138 4094 1278 4148 ἑπτὰ
1308 4094 1606 4163 στεφάνους
1634 4089 1831 4146 κατελ-

248 4193 464 4255 θόντας,
499 4191 596 4244 καὶ⁵
629 4187 1087 4259 στεφανώσαντας
1118 4186 1335 4250 αὐτούς.

322 4293 413 4339 ια’.
456 4282 712 4353 Ἀδελφὸς
733 4281 987 4353 ⁴ἠρώτησε
1018 4281 1109 4334 τὸν
1136 4280 1309 4334 ἀϐὅᾶν
1338 4279 1600 4342 Μωῦσέα,
1622 4277 1797 4346 λέγων
1819 4292 1832 4305 ·

262 4377 407 4451 Ὀρῶ
436 4376 668 4431 ἐνώπιόν
703 4392 804 4446 μου
833 4375 1087 4446 πρᾶγμα,
1113 4374 1208 4427 καὶ
1233 4374 1293 4426 οὐ
1320 4372 1555 4442 δύναμαι
1588 4370 1721 4425 αὐτὸ
1747 4385 1839 4423 κα-

250 4466 490 4536 τασχεῖν.
519 4463 687 4531 Λέγει
725 4461 874 4534 αὑτῷ
898 4465 927 4516 ὁ
956 4463 1166 4535 γέρων·
1211 4462 1336 4516 Ἐὰν
1366 4463 1441 4533 μή
1487 4462 1612 4532 γίνῃ
1640 4458 1833 4529 νεκρὸς

251 4560 325 4623 ὡς
355 4560 406 4612 οἱ
440 4556 730 4628 ταφέντες,
760 4557 823 4611 οὺ
846 4556 1070 4611 δύνασαι
1095 4555 1226 4610 αὐτὸ
1250 4557 1563 4627 κατασχεῖν.

326 4733 414 4789 ιϐ’.
450 4729 620 4786 Εἶπεν
661 4735 690 4787 6
715 4731 893 4795 ἁϐϐᾶς
924 4731 1157 4803 Ποιμήν,
1198 4732 1280 4785 ὃτι
1326 4729 1553 4799 ἀδελφὸς
1590 4726 1839 4799 ἠρώτησε

256 4823 343 4875 τὸν
373 4822 550 4876 ἁὸὄᾶν
581 4822 841 4886 Μωῦσέα,
880 4821 1019 4892 ποίῳ
1063 4821 1251 4893 τρόπῳ
1291 4822 1476 4891 νεκροί
1514 4819 1705 4873 ἑαυτὸν
1746 4818 1839 4871 ἄν·

261 4914 474 4986 θρωπος
504 4914 613 4968 ἀπὺ
657 4914 753 4968 τοῦ
789 4914 1038 4985 πλησίον.
1070 4913 1182 4967 Καὶ
1214 4908 1369 4966 εἶπεν
1410 4910 1561 4980 αὐτῷ
1606 4911 1634 4962 6
1662 4909 1839 4980 γέρων

261 5008 362 5071 ὅτι,
405 5007 532 5060 Ἐὰν
574 5008 650 5079 μὴ
687 5007 844 5075 θήσει
894 5006 1180 5078 ἄνθρωπος
1210 5009 1268 5060 ἐν
1304 5008 1371 5078 τῇ
1406 5005 1603 5075 καρδίᾳ
1651 5002 1837 5066 αὐτοῦ,

263 5099 448 5153 ἑαυτὸν
480 5100 527 5133 ⁷⁸
559 5100 662 5170 ἤδη
709 5099 1008 5171 τριήμερον
1040 5098 1087 5129 ⁷³
1118 5099 1176 5151 ἐν
1225 5096 1495 5168 μνημείῳ,
1539 5095 1601 5148 οὐ
1648 5094 1839 5162 φθάνει

263 5195 340 5257 εἰς
365 5195 454 5247 τὸν
488 5193 647 5262 λόγον
671 5191 883 5245 τοῦτον.

336 5292 419 5354 ιγ’.
456 5285 684 5354 Ἔλεγον
725 5285 855 5354 περὶ
882 5281 976 5335 τοῦ
1020 5282 1167 5335 ὰϐϐἄ
1195 5281 1471 5344 Μωῦσέως
1498 5281 1577 5343 εἰς
1617 5278 1837 5349 Σκῆτιν,

265 5376 346 5429 ὅτι
373 5377 448 5440 ὡς
492 5376 733 5448 ἧμελλεν
771 5375 946 5428 ἐλθεῖν
994 5377 1073 5439 εἰς
1122 5374 1222 5444 τὴν
1274 5373 1508 5444 Πέτραν,
1547 5372 1841 5425 ἐκοπίασεν

273 5467 458 5522 ὁδεύων
481 5486 495 5501 ο
524 5470 619 5523 καὶ
646 5468 837 5537 ἔλεγεν
869 5470 927 5523 ἐν
958 5467 1134 5539 ἐαυτῷ
1157 5484 1173 5499 ο
1204 5467 1328 5530 Πῶς
1354 5466 1587 5536 δύναμαι
1616 5464 1677 5517 τὸ
1699 5463 1841 5535 ὕδωρ

329 5633 376 5666 ’⁸
411 5634 491 5689 Al.
520 5631 876 5690 ἀπολοῦνται.
952 5633 994 5664 ⁷³
1026 5633 1108 5688 Al.
1148 5631 1317 5687 inscr.
1349 5628 1628 5701 φοϐηθείς.

345 5790 451 5858 (25)
496 5792 599 5847 Vit.
642 5793 797 5847 Patr.
833 5806 953 5852 vrtt,
989 5789 1074 5843 10.

346 5864 449 5933 (εἰεί)
493 5862 599 5917 Vit.
628 5863 787 5919 Patr.
816 5875 972 5925 xvm,
1000 5861 1084 5916 15.

1717 5631 1761 5662 ⁷³
1783 5628 1865 5686 AI.
1901 5629 2063 5699 ἔχειν.
2100 5630 2148 5660 ⁷³
2179 5629 2262 5682 Al.
2286 5628 2412 5697 τρία
2446 5624 2561 5694 ἔτη.

1919 1973 2015 2045 qui
2036 1972 2154 2027 haec
2192 1970 2421 2043 protulit
2471 1970 2737 2025 adversus
2789 1965 3088 2022 sanctum?
3120 1962 3202 2017 illi
3237 1982 3250 2017 :
3302 1960 3502 2026 Senex,

1920 2062 2120 2119 detrita
2149 2069 2321 2127 veste.
2348 2062 2547 2131 longus
2577 2067 2634 2115 et
2660 2059 2836 2129 niger.
2862 2056 3021 2111 Tunc
3050 2054 3237 2111 clerici
3263 2072 3276 2107 :
3304 2052 3358 2107 is
3386 2053 3504 2123 ipse

1919 2164 2004 2212 est
2027 2153 2200 2211 abbas
2232 2154 2482 2226 Moyses;
2506 2153 2600 2223 qui
2630 2167 2699 2209 ne
2730 2150 3012 2206 vobiscum
3045 2144 3505 2216 congrederetur.

1922 2246 2024 2301 ista
2055 2246 2375 2316 prolocutus
2406 2250 2511 2300 est.
2544 2243 2748 2298 ﬂector
2776 2257 2902 2297 eum
2927 2255 3126 2312 magno
3155 2237 3351 2293 animae
3379 2252 3510 2308 pro-

1922 2353 2115 2409 gressu
2148 2337 2425 2394 discessit.

1993 2447 2047 2502 9.
2091 2446 2205 2518 (26)
2238 2443 2461 2501 Dicebat
2503 2444 2674 2500 abbas
2718 2441 2932 2513 Moyses
2981 2440 3036 2494 in
3075 2438 3221 2494 Sceti
3255 2458 3271 2494 :
3305 2437 3365 2493 Si
3404 2452 3512 2494 cu-

1929 2536 2285 2594 stodierimus
2336 2535 2591 2589 mandata
2631 2529 2856 2587 Patrum
2905 2535 3244 2592 nostrorum,
3286 2542 3388 2599 ego
3429 2525 3500 2583 de

1924 2628 2034 2685 Deo
2061 2628 2214 2683 vobis
2241 2625 2505 2697 spondeo,
2536 2624 2645 2679 huc
2688 2623 2954 2679 barbaros
2986 2634 3335 2692 nequaquam
3366 2635 3502 2676 ven-

1924 2729 2096 2776 turos.
2138 2718 2294 2785 Quod
2325 2718 2372 2774 si
2411 2731 2520 2772 non
2567 2715 2990 2780 servaverimus,
3023 2713 3130 2768 iste
3166 2712 3320 2767 locus
3350 2710 3503 2768 deva-

1959 2818 1977 2863 ι
2057 2811 2067 2821 ’
2171 2849 2186 2864 .

1927 2811 2243 2971 Ηιῗίξυῖετ)
2294 2897 2623 2955 Sedentibus
2670 2904 2852 2951 autem
2905 2893 3201 2966 aliquando
3245 2890 3513 2948 fratribus

1924 2993 2071 3064 apud
2095 3008 2243 3054 eum.
2293 2990 2622 3061 signiﬁcavit
2672 2989 2819 3044 illis:
2855 2985 2936 3042 En
2982 2987 3145 3042 hodie
3180 2983 3403 3040 barbari
3452 2984 3515 3037 in

1934 3086 2140 3142 Scetim
2169 3084 2386 3139 venturi
2414 3090 2581 3151 sunt;
2612 3081 2710 3137 sed
2745 3079 2955 3150 surgite
2989 3093 3060 3135 ac
3093 3076 3284 3148 fugite.
3315 3074 3516 3130 Dicunt

1929 3179 1979 3233 ei
2010 3193 2026 3231 :
2055 3173 2144 3230 Tu
2192 3189 2327 3245 ergo
2365 3188 2475 3228 non
2531 3171 2697 3243 fugis,
2744 3172 2920 3227 abba?
2946 3168 3295 3240 Respondit:
3328 3167 3441 3239 Ego
3482 3184 3515 3223 a

1932 3277 2015 3323 tot
2060 3267 2221 3322 annis
2251 3276 2511 3336 exspecto
2539 3264 2683 3321 diem
2719 3263 2888 3331 hunc,
2914 3271 2976 3317 ut
3010 3262 3353 3332 compleatur
3410 3261 3519 3318 iste

1927 3376 2110 3417 sermo
2166 3359 2382 3415 Domini
2424 3358 2630 3415 Christi
2663 3376 2676 3412 :
2713 3356 2906 3413 Omnes
2927 3357 3017 3427 qui
3056 3355 3353 3424 acceperint
3406 3352 3519 3425 gla-

1926 3451 2286 3524 dium,gtadio
2319 3450 2654 3522 peribunt".
2697 3448 2852 3505 Tune
2881 3449 2959 3503 illi
2989 3466 3001 3501 :
3030 3446 3218 3517 Neque
3244 3461 3349 3501 nos
3373 3443 3517 3516 fugi-

1931 3562 2073 3611 mus,
2108 3547 2204 3601 sed
2227 3553 2412 3602 tecum
2458 3546 2752 3600 morimur.
2784 3542 3040 3613 Excepit:
3075 3540 3185 3611 Ego
3213 3549 3369 3597 extra
3397 3538 3517 3594 cul—

1932 3654 2056 3710 pam
2084 3654 2237 3705 sum;
2267 3638 2446 3693 videat
2485 3637 2867 3707 unusquisque
2898 3649 3008 3705 quo
3042 3633 3208 3687 modo
3249 3631 3509 3688 resideat.

1932 3732 2107 3787 Porro
2137 3738 2296 3785 erant
2322 3738 2529 3800 septem
2559 3729 2781 3784 fratres.
2805 3729 2896 3783 Ait
2934 3727 3041 3783 illis
3077 3744 3091 3780 :
3129 3725 3268 3780 Ecce
3295 3722 3517 3778 barbari

1933 3823 2078 3877 ostio
2105 3820 2567 3892 apprOpinquant.
2599 3817 2701 3885 Qui
2726 3820 3019 3883 intrantes,
3046 3817 3369 3871 occiderunt
3393 3827 3511 3867 eos.

1934 3913 2091 3970 Unus
2147 3922 2333 3968 autem
2388 3912 2524 3983 fugit
2555 3918 2680 3981 post
2711 3910 2981 3979 plectam;
3026 3907 3269 3977 viditque
3312 3912 3521 3976 septem

1934 4021 2171 4063 coronas
2210 4006 2628 4069 descendentes,
2664 4002 2923 4057 redimire
2955 4001 3136 4071 capita
3165 4014 3379 4055 eorum.

2012 4267 2093 4320 il.
2144 4263 2333 4320 Frater
2374 4265 2454 4320 sic
2499 4259 2862 4322 interrogavit
2926 4258 3175 4314 abbatem
3231 4256 3471 4329 Moysem
3514 4280 3528 4316 ε

1943 4357 2075 4413 Rem
2117 4356 2274 4411 video
2313 4370 2500 4411 coram
2538 4369 2644 4420 me,
2681 4367 2785 4407 nec
2816 4364 3044 4422 possum
3074 4365 3194 4405 eam
3229 4364 3522 4418 occupare.

1939 4453 2079 4507 Dicit
2111 4451 2161 4507 ei
2201 4465 2368 4505 senex
2398 4467 2411 4503 :
2448 4447 2566 4503 Nisi
2616 4446 2801 4501 factus
2828 4443 3002 4500 fueris
3042 4452 3315 4505 mortuus,
3350 4442 3531 4494 instar

1873 4565 1916 4619 ο
1939 4560 2129 4601 eorum
2171 4544 2264 4613 qui
2312 4541 2570 4614 sepulcro
2600 4539 2960 4611 obteguntur,
2993 4547 3100 4590 non
3139 4531 3345 4604 poteris
3375 4530 3529 4585 illam

1946 4635 2375 4708 apprehendere.

2021 4724 2108 4778 12.
2153 4723 2268 4795 (28)
2297 4721 2590 4778 iteferente
2618 4721 2817 4776 abbate
2851 4718 3108 4773 Puemene
3136 4712 3516 4786 cognovimus,

1943 4818 2091 4890 quod
2123 4817 2292 4872 frater
2319 4817 2570 4872 abbatem
2623 4815 2863 4887 Moysem
2907 4810 3345 4882 interrogaverit,
3379 4808 3529 4879 quali

1944 4911 2109 4966 modo
2143 4910 2309 4964 homo
2357 4909 2598 4979 seipsum
2661 4914 2939 4962 mortuum
2986 4903 3238 4974 proximo
3279 4916 3382 4958 suo
3418 4899 3531 4955 elli-

1943 5007 2088 5069 ciat;
2120 5002 2471 5075 responderit
2490 5010 2671 5055 autem
2703 5013 2869 5054 senex
2897 5016 2910 5052 :
2936 4995 3055 5052 Nisi
3086 4993 3335 5066 posuerit
3363 4992 3528 5047 homo

1948 5099 2003 5151 in
2030 5095 2195 5151 corde
2227 5111 2348 5155 suo,
2381 5109 2440 5149 se
2465 5094 2577 5163 jam
2610 5089 2928 5144 triduanum
2963 5088 3017 5140 in
3047 5087 3301 5156 sepulcro
3316 5082 3530 5155 jacere,

1942 5206 2051 5244 non
2084 5187 2342 5258 pertingit
2372 5186 2440 5241 ad
2472 5200 2597 5241 cum
2627 5195 2960 5240 sermonem.

2017 5281 2102 5332 15.
2162 5279 2394 5334 Aiebant
2438 5278 2507 5333 de
2562 5275 2756 5330 abbate
2804 5272 2990 5343 Moyse
3048 5269 3104 5323 in
3160 5267 3329 5331 Sceti,
3379 5264 3527 5334 quod

1946 5369 2165 5424 Petram
2202 5378 2490 5429 venturus,
2524 5366 2853 5436 defatigatus
2886 5370 2970 5418 est
3010 5361 3064 5414 in
3099 5360 3329 5417 itinere;
3357 5357 3527 5410 dixit-

1944 5480 2051 5533 que
2104 5463 2249 5533 apud
2296 5461 2653 5529 semetipsum
2697 5477 2709 5512 :
2749 5456 2869 5522 Qua
2921 5452 3137 5507 ratione
3192 5455 3380 5518 potero
3439 5446 3526 5499 hic

2639 5622 2686 5653 ’τι
2716 5618 2903 5673 Matth.
2946 5630 3090 5677 xxw,
3128 5613 3219 5667 52.

2034 5784 2143 5841 (:27)
2194 5777 2294 5834 Vit.
2336 5780 2485 5832 Patr.
2515 5792 2666 5836 xvut,
2697 5774 2781 5827 Η.

2034 5839 2141 5922 (‘28)
2185 5850 2288 5905 i’it.
2332 5851 2480 5903 Patr.
2517 5846 2681 5913 x,65,
2721 5860 2827 5911 vn;
2867 5857 3014 5906 xxvi,
3046 5839 3094 5895 l.
