4032 6334
483 349 589 409 281

1624 348 1973 409 APPENDIX
2011 348 2107 406 AD
2144 348 2574 409 PALLADIUM.

3643 350 3757 408 288

484 477 823 534 congregare
851 478 1046 536 aquam
1079 464 1294 521 meam?
1317 462 1473 519 Tune
1502 461 1788 520 descendit
1818 463 1885 518 ad
1908 463 2062 519 illum

2194 480 2274 517 ιου
2291 463 2621 534 συναγαγεῖν
2645 454 2747 516 ὧδε
2770 459 2915 528 ;Kal
2941 449 3108 529 ἦλθεν
3131 459 3282 531 αὐτῷ
3311 460 3464 534 φωνὴ
3493 461 3754 532 λέγουσα·

489 568 595 608 vox
628 553 946 625 bujusmodi
983 573 996 609 :
1030 555 1202 619 Intra,
1257 569 1361 610 nec
1414 553 1713 625 quidquam
1759 555 2062 610 curaveris.

489 644 679 714 Itaque
713 644 981 699 introivit.
1019 643 1390 699 Accesserunt
1417 644 1487 700 ad
1516 660 1642 700 eum
1674 643 1897 700 Patrum
1927 658 2069 700 non-

489 737 662 804 nulli;
691 751 792 791 nec
815 736 1002 791 habuit
1031 735 1136 791 nisi
1174 738 1390 792 unicam
1431 737 1679 808 lagenam
1719 752 1911 808 aquae:
1948 751 2069 808 qua

490 829 585 884 ubi
623 844 815 898 parum
852 827 1240 884 lenticularum
1282 830 1548 897 coxisset,
1596 836 1925 900 consumpta
1958 837 2065 885 est.

490 910 646 976 Unde
678 936 840 977 senex
887 921 1211 991 angebatur.
1249 922 1392 995 Ergo
1438 923 1756 994 ingrediens
1800 937 1865 976 ac
1907 936 2068 992 egre-

489 1013 647 1068 diens
687 1013 882 1068 orabat
913 1014 1105 1069 Deum.
1147 1015 1284 1070 Cum
1326 1031 1457 1072 ecce
1485 1017 1661 1072 nubes
1693 1016 1887 1071 imbris
1919 1014 2069 1071 venit

491 1118 659 1173 super
685 1101 941 1160 Petram:
969 1113 1135 1177 atque
1173 1122 1204 1163 e
1234 1107 1417 1178 pluvia
1449 1110 1634 1163 omnia
1667 1122 1800 1164 vasa
1834 1123 1934 1164 sua
1962 1107 2072 1177 im-

490 1195 679 1264 plevit.
712 1192 843 1251 Post
869 1196 989 1252 haec
1018 1213 1204 1254 senem
1237 1200 1570 1269 compellant
1613 1219 1627 1256 :
1667 1199 1926 1256 Edissere
1967 1215 2071 1255 no-

492 1286 600 1353 bis,
626 1303 797 1357 quare
822 1288 1223 1360 ingrediebaris
1251 1299 1306 1346 et
1335 1291 1726 1362 egrediebaris.
1758 1290 2074 1362 Respondet

490 1380 572 1436 eis
605 1400 618 1435 :
648 1381 887 1436 Causam
925 1398 1049 1438 cum
1076 1382 1190 1440 Deo
1218 1383 1590 1455 diseeptabam
1620 1401 1634 1438 :
1661 1383 1952 1439 Adduxisti
1988 1398 2075 1438 me

491 1475 623 1540 huc,
654 1482 821 1544 atque
854 1491 922 1530 en
968 1491 1108 1546 aqua
1147 1490 1330 1540 careo,
1360 1491 1526 1547 quam
1567 1476 1757 1532 bibant
1791 1475 1937 1532 servi
1969 1476 2071 1530 tui.

493 1564 788 1639 Pr0pterea
819 1567 1092 1623 iutrabam
1117 1577 1171 1624 et
1194 1569 1413 1625 exibam
1445 1582 1646 1640 rogans
1668 1566 1864 1631 Deum,
1899 1582 2075 1637 usque

492 1672 602 1730 quo
636 1659 797 1715 nobis
828 1660 1058 1715 miserit.

567 1749 653 1804 I4.
688 1749 832 1821 (29)
865 1750 1010 1805 Dixit
1043 1753 1211 1807 abbas
1244 1751 1496 1824 Moyses:
1526 1751 1694 1807 Debet
1726 1751 1891 1807 homo
1934 1750 2072 1806 mori

495 1843 649 1899 socio
679 1859 802 1911 suo,
838 1852 895 1899 ut
929 1861 1037 1900 non
1073 1847 1280 1918 judicet
1309 1862 1435 1902 eum
1467 1846 1524 1900 in
1554 1844 1663 1899 ulla
1695 1860 1775 1900 re.

568 2017 656 2074 I5.
696 2019 832 2091 (30)
864 2019 1070 2077 Iterum
1109 2021 1248 2077 dixit
1289 2042 1302 2078 :
1335 2021 1507 2078 Debet
1537 2021 1705 2077 homo
1748 1994 2081 2077 mortiﬁcare

495 2129 559 2170 se
592 2111 661 2166 ab
688 2114 838 2167 omni
883 2129 943 2169 re
983 2113 1147 2179 mala,
1191 2115 1509 2185 priusquam
1536 2100 1918 2185 egrediatur'e
1959 2128 2083 2169 cor-

498 2222 652 2277 pore,
686 2212 745 2261 ut
770 2206 904 2261 nulli
931 2205 1143 2260 homini
1174 2206 1316 2262 male
1347 2204 1535 2261 faciat.

568 2389 657 2445 I6.
699 2388 801 2460 ('51
825 2387 845 2459 )
878 2387 944 2442 Et
968 2387 1167 2442 iterum
1192 2404 1204 2416 -
1225 2383 1343 2441 Nisi
1373 2385 1537 2440 homo
1558 2385 1810 2440 habuerit
1833 2385 1891 2439 in
1916 2386 2083 2442 corde

496 2497 621 2547 suo,
652 2482 798 2552 quod
840 2489 1094 2552 peccator
1138 2486 1246 2543 est,
1303 2477 1446 2535 Deus
1488 2493 1597 2533 non
1630 2492 1755 2533 eum
1802 2479 2078 2535 exaudiet.

497 2572 983 2639 Aitfrater:Quid
1025 2570 1382 2628 estzﬂabere
1428 2571 1481 2625 in
1529 2572 1713 2636 corde,
1754 2571 1898 2641 quod
1948 2586 2078 2643 pec-

436 2698 439 2703 ‹
496 2674 653 2721 cator
679 2664 789 2720 sit?
819 2662 1124 2733 Respondit
1154 2678 1321 2720 senex
1349 2680 1363 2718 :
1392 2660 1451 2716 Si
1490 2663 1614 2733 quis
1650 2670 1828 2733 portet
1856 2671 2080 2733 peccata

499 2772 618 2824 sua,
652 2772 760 2811 non
791 2756 1096 2811 intuebitur
1129 2755 1326 2810 delicta
1357 2755 1589 2825 proximi
1620 2755 1726 2810 sui.

570 2934 656 2990 I7.
691 2932 827 3005 (52)
857 2933 1000 2988 Dixit
1024 2933 1203 2988 adhuc
1224 2953 1237 2988 :
1260 2931 1376 2988 Nisi
1405 2934 1552 2988 actio
1586 2936 1933 2991 consenserit
1958 2949 2083 2990 cum

498 3028 772 3090 oratione,
809 3024 1014 3080 frustra
1046 3024 1260 3080 laborat
1292 3025 1476 3080 homo.
1510 3025 1868 3095 Interrogavit
1894 3026 2082 3082 frater:

2169 555 2414 621 Είσελθε,
2464 556 2560 610 καὶ
2594 553 2761 627 μηδὲν
2809 553 3124 626 φροντίσῃς.
3172 552 3437 625 Εἰσῆλθεν
3486 548 3602 609 οὖν.
3642 554 3761 610 Kal.

2171 647 2481 715 παρέϐαλον
2511 646 2659 719 αὑτῷ
2689 664 2835 711 τινες
2868 645 2978 700 τῶν
3006 645 3291 716 Πατέρων,
3334 646 3430 700 καὶ
3462 645 3567 700 οὐκ
3606 643 3760 719 εἶχεν

2170 742 2219 794 εί
2259 740 2335 813 μὴ
2367 740 2425 795 ἓν
2473 740 2634 813 μόνον
2666 740 2924 810 λαγύνιον
2955 738 3148 803 ὓδατος
3168 754 3182 770 °
3220 738 3314 793 xal
3341 739 3628 804 ποιοῦντος
3659 741 3764 796 αὺ-

2168 832 2264 887 τοῦ
2301 832 2497 905 μικρὸν
2535 830 2728 903 φακὸν,
2768 829 3044 903 ἀνηλώθη.
3090 829 3148 883 '0
3181 829 3238 883 δὲ
3270 830 3448 903 γέρων
3486 831 3758 890 ὲθλίδετο.

2170 925 2568 996 Εἱσερχόμενος
2609 920 2703 978 οὖν
2737 923 2829 977 καὶ
2866 920 3241 995 ἐξερχόμενος,
3280 921 3479 994 ηὔχετο
3502 923 3580 994 τῷ
3611 923 3758 995 Θεῷ.

2172 1016 2284 1069 Kal
2307 1016 2415 1069 ίδοῦ
2441 1014 2640 1086 νεφέλη
2666 1014 2865 1086 βροχῆς
2886 1010 3017 1086 ἦλθε
3043 1014 3165 1068 κατ’
3191 1014 3363 1086 αὐτῆς
3389 1015 3489 1086 τῆς
3509 1014 3728 1086 Πέτρας
3744 1033 3760 1046 θ

2173 1108 2269 1162 καὶ
2305 1108 2562 1179 ἐγέμισεν
2585 1106 2683 1160 ὂλα
2706 1106 2775 1160 τὰ
2802 1108 2998 1176 ἀγγεῖα
3020 1105 3207 1162 αὐτοῦ.
3235 1106 3345 1159 Kal
3367 1105 3588 1174 λέγουσι
3619 1107 3763 1177 μετά

2172 1198 2347 1252 ταῦτα
2364 1198 2442 1270 τῷ
2469 1198 2687 1271 γέροντι
2708 1216 2721 1229 ·
2756 1199 2892 1252 Εἰπὲ
2918 1200 3071 1270 ἡμῖν,
3104 1198 3160 1251 τί
3187 1199 3444 1270 είσήρχου
3479 1197 3574 1252 καὶ
3600 1199 3765 1270 ἑξήρ-

2174 1308 2295 1363 χου.
2328 1291 2439 1345 Kal.
2465 1291 2614 1361 λέγει
2650 1291 2836 1355 αὐτοῖς
2862 1292 2891 1344 6
2918 1289 3099 1363 γέρων
3118 1307 3132 1321 ·
3169 1289 3336 1362 Δίκην
3375 1290 3592 1344 ἐποίουν
3620 1290 3768 1362 μετὰ

2174 1383 2268 1437 τοῦ
2303 1383 2439 1437 Θεοῦ
2485 1383 2590 1450 ὅτι,
2620 1382 2897 1452 Ἤνεγκάς
2930 1399 2998 1453 με
3031 1375 3154 1450 ὧδε,
3200 1382 3296 1437 καὶ
3340 1382 3450 1436 ἰδοὺ
3486 1380 3632 1455 ὓδωρ
3660 1381 3768 1437 οὐκ

2177 1474 2285 1547 ἔχω
2305 1476 2394 1531 ἵνα
2422 1476 2620 1530 πίωσιν
2658 1477 2709 1530 οἱ
2738 1474 2914 1530 δοῦλοί
2951 1492 3066 1531 σου.
3097 1474 3199 1528 Διὰ
3231 1474 3391 1528 τοῦτο
3422 1475 3766 1547 εἰσηρχόμην

2177 1568 2272 1623 καὶ
2303 1567 2612 1640 ὲξηρχὸμην
2640 1567 2972 1640 παρακαλῶν
2992 1567 3085 1622 τὸν
3112 1566 3266 1633 Θεὸν,
3297 1567 3402 1632 ἕως
3432 1559 3493 1620 οὗ
3517 1567 3769 1638 επεμψεν

2176 1659 2211 1730 ἠ
2221 1658 2328 1728 μῖν.

2254 1747 2335 1803 ιδ’.
2368 1742 2536 1801 Εἶπεν
2563 1749 2592 1801 6
2621 1746 2797 1812 ἁϐϐἆς
2827 1747 3071 1819 Μωῦσῆς
3105 1747 3241 1820 (54),
3274 1748 3358 1802 ὅτι
3406 1748 3612 1818 ὀφείλει
3665 1750 3769 1805 ἄν-

2181 1838 2403 1910 Θρωπος
2447 1840 2742 1896 ἀποθανεῖν
2782 1841 2892 1894 ἀπὸ
2938 1839 3034 1894 τοῦ
3069 1840 3288 1912 ἑταίρου
3336 1841 3525 1908 αὐτοῦ,
3552 1841 3648 1896 τοῦ
3688 1844 3770 1914 μὴ

2176 1933 2388 2005 κρίνειν
2418 1934 2582 1988 αὑτὸν
2613 1933 2670 1989 έν
2703 1951 2834 1991 τινι.

2254 2031 2336 2078 ιε’.
2368 2024 2538 2078 Πάλιν
2562 2020 2717 2078 εἶπεν
2742 2025 2848 2091 ὅτι,
2894 2022 3132 2093 Ὀφείλει
3176 2023 3464 2096 ἄνθρωπος
3490 2023 3773 2096 νεκρῶσαι

2181 2115 2375 2169 ἑαυτὸν
2417 2115 2526 2169 ἀπὸ
2564 2115 2769 2179 παντὸς
2816 2113 3060 2186 πονηροῦ
3107 2114 3458 2185 πράγματος,
3519 2112 3627 2185 πρὸ
3670 2111 3771 2166 τοῦ

2181 2205 2422 2272 ἐξελθεῖν
2447 2206 2666 2263 ἀπὸτοῦ
2699 2206 2974 2279 σώματος,
3001 2206 3097 2261 τοῦ
3132 2206 3208 2279 μὴ
3241 2206 3491 2260 κακῶσαί
3519 2223 3640 2260 τινα
3669 2207 3771 2261 ἄν·

2185 2298 2423 2371 θρωπον.
2605 2283 2618 2297 ’

2257 2398 2356 2457 ις’.
2388 2389 2528 2448 Εῐπε
2578 2393 2778 2446 πάλινο
2828 2391 2956 2445 Ἐὰν
3013 2390 3091 2462 μὴ
3123 2389 3414 2462 ἄνθρωπος
3463 2388 3561 2461 ἔχῃ
3605 2389 3664 2443 ὲν
3694 2392 3769 2461 τῇ

2181 2485 2382 2557 καρδία
2411 2482 2580 2540 αὑτοῦ
2619 2485 2702 2537 ὅτι
2747 2482 3073 2555 ἁμαρτωλός
3105 2484 3277 2547 ἐστιν,
3307 2483 3336 2535 6
3368 2482 3501 2545 Θεὸς
3530 2482 3632 2535 οὐκ
3655 2481 3775 2534 εἰσ-

2180 2575 2370 2629 ακούει
2398 2574 2587 2629 αὐτοῦ.
2624 2574 2735 2629 Kal
2763 2570 2914 2627 εἶπεν
2944 2575 2973 2628 6
3015 2571 3270 2641 ἀδελφός·
3297 2571 3363 2625 Τί
3393 2572 3562 2637 ἐστιν,
3586 2570 3701 2642 ἔχει
3723 2570 3770 2602 ’τ

2181 2669 2240 2721 ὲν
2268 2670 2335 2739 τῇ
2368 2667 2566 2739 καρδίᾳ
2583 2667 2629 2701 ⁷⁸
2674 2667 2758 2721 ὅτι
2808 2664 3135 2738 ἁμαρτωλός
3187 2665 3372 2731 ὲστινς
3423 2663 3527 2718 Kal
3557 2658 3712 2717 εἶπεν
3746 2666 3774 2717 6

2185 2761 2363 2832 γέρων
2388 2762 2492 2825 ὅτι,
2525 2759 2593 2813 Εἴ
2622 2777 2706 2823 τις
2750 2757 3011 2830 βαστάζει
3046 2757 3144 2821 τὰς
3171 2757 3460 2836 ἁμαρτίας¹
3483 2754 3674 2822 αὑτοῦ,
3709 2756 3773 2810 οὐ

2189 2852 2377 2922 βλέπει
2402 2852 2502 2915 τὰς
2532 2850 2625 2904 τοῦ
2651 2850 2880 2922 πλησίον
2909 2848 3097 2904 αὐτοῦ.

2263 2942 2348 3008 ιζ’.
2386 2938 2523 2996 Εἷπε
2556 2941 2915 3018 πάλινχἙὰν
2974 2940 3051 3013 μὴ
3105 2941 3449 3015 συμφωνήσῃ
3492 2940 3526 3011 ἡ
3570 2938 3776 3011 πρᾶξις

2196 3034 2335 3107 μετὰ
2373 3036 2469 3106 τῆς
2517 3032 2705 3104 εὐχῆς,
2749 3034 2830 3097 εἰς
2876 3031 3055 3104 μάτην
3111 3031 3361 3103 κοπιᾷ⁷⁹.
3408 3030 3519 3084 Kal
3560 3025 3716 3084 εἶπεν
3744 3032 3776 3085 6

499 3118 644 3186 Quid
678 3125 772 3174 .est
814 3132 1121 3173 consensus
1160 3117 1344 3187 operis
1386 3132 1511 3172 cum
1556 3118 1751 3188 prece?
1786 3116 1963 3172 Senex
1997 3133 2081 3174 re-

2194 3126 2422 3195 ἀδελφός
2443 3142 2457 3155 ·
2484 3125 2549 3179 Τί
2576 3127 2713 3191 ἐστι,
2742 3123 3098 3196 συμφώνησις
3123 3123 3375 3195 πράξεως
3399 3121 3537 3194 μετὰ
3562 3121 3732 3193 εὐχῆς
3756 3140 3775 3189 ;

501 3210 722 3281 spondit
742 3228 756 3265 :
776 3206 847 3264 Ut
881 3224 979 3279 pro
1012 3208 1212 3280 quibus
1244 3222 1555 3279 precamur,
1602 3224 1711 3264 non
1739 3209 1970 3279 amplius
1998 3208 2081 3264 fa-

501 3304 712 3359 ciamus
740 3317 822 3359 ea.
866 3301 1162 3372 Postquam
1200 3301 1347 3357 enim
1376 3301 1540 3356 homo
1577 3302 1848 3356 dimiserit
1894 3302 2084 3357 volun-

502 3406 644 3452 tates
674 3411 827 3461 suas,
857 3402 990 3452 tunc
1021 3395 1163 3452 Deus
1189 3393 1579 3451 reconciliatur
1607 3395 1678 3462 ei,
1706 3405 1758 3450 et
1778 3396 2083 3450 orationem

502 3488 648 3542 illius
685 3487 944 3541 admittit.

577 3578 664 3633 I8.
721 3579 852 3650 (55)
899 3575 1262 3649 Interrogavit
1312 3575 1481 3632 frater
1521 3596 1534 3634 :
1575 3576 1634 3631 In
1687 3576 1837 3632 omni
1876 3577 2086 3639 ,labore

505 3669 765 3736 hominis,
786 3667 1046 3738 quidnam
1072 3675 1158 3724 est
1182 3666 1328 3737 quod
1348 3681 1472 3722 eum
1499 3667 1755 3737 adjuvat?
1784 3667 2087 3739 Respondit

504 3777 674 3818 senex
702 3780 717 3816 :
748 3759 891 3817 Deus
918 3768 1004 3816 est
1032 3759 1128 3830 qui
1161 3760 1404 3830 adjuvat.
1455 3759 1733 3831 Scriptum
1780 3767 1865 3816 est
1901 3760 2082 3816 enim:

507 3854 648 3909 Deus
675 3862 856 3909 noster
884 3852 1147 3922 refugium
1171 3862 1222 3907 et
1243 3853 1432 3917 virtus.
1466 3850 1684 3917 adiutor
1705 3852 1759 3906 in
1783 3852 2089 3909 tribulatio-

504 3946 658 4001 nibus
698 3962 815 4019 qum
853 3948 1159 4001 invenerunt
1195 3963 1290 4001 nos
1328 3946 1486 4001 nimie
1521 3946 1587 4000 ⁷³.
1618 3945 1844 4017 Excepit
1872 3945 2085 4003 frater:

504 4038 717 4109 Jejunia
739 4046 793 4094 et
816 4037 1011 4105 vigiliae
1039 4052 1177 4107 quas
1203 4036 1368 4093 homo
1388 4037 1614 4109 peragit,
1641 4036 1901 4108 quidnam
1925 4038 2089 4094 sunt?

507 4127 688 4183 Senex
720 4126 788 4181 ad
811 4142 934 4181 eum
964 4144 978 4182 :
1005 4125 1129 4181 [Lee
1155 4125 1395 4182 efficiunt
1425 4135 1485 4181 ut
1512 4127 1694 4182 anima
1724 4142 1783 4183 se
1810 4126 2092 4182 humiliter

506 4220 775 4274 demittat.
816 4216 1065 4289 Namque
1093 4219 1358 4289 scriptum
1399 4227 1525 4274 est:
1562 4216 1693 4273 Vide
1734 4218 2091 4274 humilitatem

506 4326 678 4365 meam
705 4317 757 4366 et
793 4308 1024 4364 laborem
1065 4325 1238 4363 meum
1257 4347 1274 4373 ,
1303 4317 1354 4363 et
1381 4308 1593 4364 dimitte
1624 4309 1868 4364 universa
1898 4308 2091 4364 delicta

506 4420 626 4458 mea
664 4403 735 4457 ".
783 4401 843 4457 Si
883 4401 1075 4458 fecerit
1118 4403 1301 4457 anima
1348 4400 1562 4457 fructus
1605 4401 1732 4465 hos,
1782 4400 1927 4458 Deus
1962 4417 2090 4473 erga

2185 3219 2299 3273 Kal
2327 3213 2480 3272 εἶπεν
2513 3218 2542 3270 6
2571 3218 2782 3289 γέρων·
2818 3216 2936 3269 ’Ὶνα
2970 3216 3113 3287 ὑπὲρ
3138 3209 3212 3271 ὧν
3247 3213 3542 3285 εὐχόμεθα,
3574 3214 3778 3285 μηκέτι

2186 3310 2430 3381 ποιῶμεν
2465 3309 2625 3363 αὐτά.
2655 3309 2826 3362 ’Ὀταν
2869 3306 2980 3379 γὰρ
3029 3306 3317 3378 ἅνθρωπος
3349 3306 3460 3377 ἀφῇ
3512 3304 3584 3358 τὰ
3616 3304 3780 3376 θελή-

2189 3419 2334 3473 ματα
2372 3400 2558 3463 αὐτοῦ,
2608 3399 2730 3453 τότε
2773 3398 3205 3454 καταλλάσσεται
3249 3396 3398 3470 αὐτῷ
3427 3399 3455 3451 6
3493 3396 3650 3464 Θεὸς,
3679 3396 3781 3450 καὶ

2184 3488 2398 3559 δέχεται
2422 3488 2518 3559 τὴν
2541 3488 2704 3559 εὐχὴν
2736 3487 2921 3541 αὐτοῦ.

2261 3587 2349 3651 ιη’.
2392 3578 2707 3652 Ἦρώτησεν
2740 3579 2770 3632 6
2802 3578 3032 3648 ἀδελφὸς
3055 3579 3160 3643 ὅτι,
3194 3577 3281 3630 Ἐν
3308 3577 3472 3631 παντὶ
3498 3576 3653 3647 κόπῳ
3678 3578 3779 3631 τοῦ

2189 3670 2500 3743 ἀνθρώπου,
2532 3671 2587 3725 τί
2605 3671 2723 3725 ἐστι
2746 3670 2809 3725 τὸ
2837 3668 3067 3743 βοηθοῦν
3090 3670 3273 3741 αὐτῷς
3300 3670 3412 3724 Kal
3449 3668 3596 3738 λέγει
3623 3669 3652 3722 6
3676 3667 3778 3736 γέ-

2191 3782 2330 3837 ρωψ
2377 3764 2437 3818 '0
2481 3763 2615 3829 Θεός
2657 3765 2806 3817 ἐστιν
2846 3765 2875 3818 6
2912 3762 3141 3835 βοηθῶν.
3193 3762 3510 3834 Γέγραπται
3540 3761 3678 3831 γάρ·
3719 3760 3781 3812 Ὁ

2192 3856 2337 3922 Θεὸς
2390 3856 2559 3927 ἡμῶν
2612 3854 2928 3925 καταφυγὴ
2980 3854 3080 3908 καὶ
3126 3854 3401 3923 δύναμις,
3430 3851 3661 3919 ,ϐοηθὸς
3704 3852 3784 3905 ἐν

2191 3951 2439 4017 verum
2483 3950 2615 4013 ταῖς
2663 3948 2986 4015 εὐρούσαις
3038 3944 3195 4015 ἡμᾶς
3244 3943 3500 4015 σφόδρα.
3542 3939 3708 3996 Εἶπεν
3749 3945 3781 3998 6

2191 4035 2450 4105 ἀδελφόςο
2479 4036 2546 4088 Αἱ
2580 4037 2828 4106 νηστεῖαι
2855 4033 2951 4087 καὶ
2972 4032 3272 4105 ἀγρυπνίαι
3292 4032 3359 4097 ἃς
3387 4036 3532 4086 ποιεῖ
3562 4031 3782 4103 ἅνθρω-

2192 4146 2313 4196 πος,
2346 4129 2400 4182 τί
2423 4129 2663 4198 γίνονται
2683 4144 2699 4193 ;
2726 4127 2891 4197 Λέγει
2919 4126 3068 4197 αὐτῷ
3095 4128 3123 4179 6
3148 4126 3356 4197 γέρων·
3383 4119 3552 4180 Ali-ra;
3586 4123 3781 4178 ποιοῦ-

2194 4238 2248 4274 σι
2283 4220 2384 4291 τὴν
2431 4218 2613 4291 ψυχὴν
2660 4217 3085 4291 ταπεινωθῆναι.
3136 4217 3453 4289 Γέγραπται
3497 4216 3635 4287 γάρ’
3670 4214 3783 4269 Ἱδέ

2193 4311 2311 4381 τὴν
2334 4311 2701 4366 ταπείνωσιν
2718 4328 2840 4380 μου
2858 4309 2958 4364 καὶ
2986 4306 3094 4363 τὸν
3120 4309 3315 4363 κόπον
3338 4324 3481 4378 μου,
3499 4306 3601 4361 καὶ
3624 4304 3785 4376 ἄφες

2195 4404 2401 4471 πάσας
2423 4403 2532 4470 τὰς
2553 4402 2844 4473 ἁμαρτίας
2860 4419 3000 4472 μου.
3042 4399 3170 4455 Ἐὰν
3194 4402 3226 4471 ἡ
3257 4399 3403 4471 ψυχὴ
3430 4399 3637 4470 ποιήσῃ
3651 4398 3785 4461 τοὺς

505 4494 658 4549 illam
684 4500 972 4564 propterea
997 4491 1376 4548 misericordia
1398 4492 1856 4549 commovebitur.
1885 4494 2081 4549 lterum

2194 4496 2446 4568 καρποὺς
2472 4493 2719 4559 τούτους,
2755 4490 3180 4564 σπλαγχνίζεται
3209 4489 3387 4554 ὁΘεὺς
3417 4491 3517 4543 ἐπ’
3541 4489 3681 4559 αὐτῇ
3707 4487 3785 4545 δι’

510 4586 721 4658 rogavit
765 4600 950 4642 senem
994 4584 1207 4641 frater:
1248 4585 1391 4650 Quid
1428 4585 1593 4643 faciet
1634 4587 1797 4642 homo
1840 4586 1896 4641 in
1940 4586 2086 4642 omni

510 4678 813 4734 tentatione
850 4692 972 4749 qua:
1014 4679 1393 4749 supervenerit
1430 4678 1510 4743 ei,
1553 4680 1639 4735 vel
1683 4679 1738 4735 in
1767 4679 1916 4734 omni
1962 4695 2091 4752 sug-

510 4771 758 4840 gestione
795 4769 1050 4827 inimici?
1086 4770 1266 4828 Senex
1321 4785 1647 4844 responsum
1701 4772 1851 4829 dedit
1888 4791 1900 4829 :
1934 4772 2093 4829 Flere

509 4861 673 4917 debet
699 4870 824 4918 ante
864 4861 1163 4918 bonitatem
1200 4861 1317 4928 Dei,
1361 4870 1419 4918 ut
1449 4863 1499 4919 ei
1529 4870 1851 4929 succurrat;
1893 4871 1948 4920 et
1979 4865 2090 4919 cito

510 4952 751 5025 quietem
788 4954 986 5025 capiet,
1009 4955 1175 5012 modo
1212 4957 1487 5029 rogaverit
1515 4971 1640 5014 cum
1671 4958 1921 5015 scientia.
1949 4958 2089 5025 Quia

2196 4587 2395 4642 αὐτῶν.
2430 4586 2596 4655 Λέγει
2619 4586 2648 4639 6
2678 4583 2906 4653 ἁδελφὸς
2935 4582 3014 4653 τῷ
3046 4582 3289 4654 γέροντι*
3321 4579 3388 4633 Τί
3423 4579 3642 4649 ποιήσει
3681 4577 3784 4631 ἄν·

2198 4679 2418 4752 θρωπος
2445 4679 2504 4732 ὲν
2551 4678 2714 4732 παντὶ
2743 4673 3039 4747 πειρασμῷ
3078 4672 3436 4745 ἐπερχομένῳ
3463 4670 3650 4725 te:de
3677 4670 3788 4722 αύ-

2198 4772 2315 4838 τοῦ,
2349 4771 2383 4843 ἢ
2410 4772 2468 4826 ὲν
2497 4770 2662 4825 παντὶ
2698 4767 2947 4841 λογισμῷ
2973 4766 3068 4821 τοῦ
3098 4764 3328 4839 ὲχθροῦς
3374 4764 3539 4833 Λέγει
3571 4762 3724 4833 αὐτῷ
3754 4765 3787 4816 6

2196 4864 2376 4937 γέρων
2396 4879 2410 4894 ·
2448 4862 2672 4918 Κλαίειν
2698 4860 2906 4931 ὀφείλει
2933 4858 3164 4913 ἐνώπιον
3189 4860 3288 4930 τῆς
3320 4855 3657 4928 ἀγαθότητος
3685 4856 3788 4910 τοῦ

2195 4954 2358 5018 Θεοῦ,
2385 4953 2473 5007 ἵνα
2524 4952 2774 5025 βοηθήσῃ
2814 4950 2997 5022 αὐτῷ·
3024 4949 3122 5003 καὶ
3160 4948 3504 5004 ἀναπαύεται
3545 4946 3784 5019 ταχέως,

586 5113 632 5147 τε
656 5092 803 5171 Psal.
838 5128 961 5180 λιν,
995 5114 1052 5172 2.
1127 5116 1174 5150 τι
1200 5113 1346 5172 Psal.
1376 5117 1640 5185 xx1v,I8.
1717 5119 1764 5152 ττ
1792 5116 1878 5173 Al.
1903 5115 2069 5189 ἔχειν.

2223 5115 2310 5169 Al.
2347 5114 2518 5168 inscr.
2553 5109 2742 5167 αὐτοῦ.
2816 5111 2865 5144 ⁷⁸
2896 5109 2982 5165 Al.
3023 5107 3151 5164 add.
3181 5105 3491 5179 ἄνθρωπος.

584 5299 703 5381 (.2?)
738 5297 848 5381 ἓξὲξ·
887 5297 1045 5381 ξαν·
1068 5315 1147 5364 νιν
1184 5314 1260 5381 ιν.
1297 5301 1348 5354 i-

584 5369 697 5441 (50)
738 5370 844 5441 Fit.
888 5369 1041 5441 Patr.
1076 5369 1243 5441 “,2.

582 5439 698 5515 (at)
742 5439 848 5515 fit.
880 5440 1031 5515 Patr.
1062 5457 1135 5508 tv,
1165 5440 1219 5515 3.

586 5509 705 5577 (32)
748 5509 856 5566 νει.
894 5510 1050 5568 Patr.
1085 5527 1160 5577 tv,
1179 5511 1236 5569 4.

590 5579 705 5649 (55)
753 5580 857 5649 Vjt.
887 5579 1043 5635 Patr.
1069 5598 1143 5642 tv.
1172 5583 1227 5647 4,
1266 5590 1371 5637 etc.

593 5647 983 5721 (διιγεϊπεηό
1004 5651 1188 5719 ἁόϐᾶς
1220 5649 1502 5719 Μωῦσῆς.
1533 5650 1735 5707 Codice
1766 5648 1970 5721 optimo
1989 5647 2095 5721 viri

525 5717 884 5791 Illustrissimi
914 5718 1142 5791 Ioannis
1166 5717 1438 5791 ‘Daptistee‘
1462 5717 1707 5777 Colberti
1760 5717 2096 5791 praeponitur

524 5788 747 5846 titulus:
788 5788 1072 5858 Κεφάλσια
1102 5791 1167 5858 ζ’,
1202 5791 1237 5848 ἃ
1258 5788 1588 5847 -ἁπέστειλεν
1609 5793 1636 5846 6
1654 5788 1829 5855 ἁσϐᾶς
1854 5789 2093 5863 Μωῦσῆς

2205 5296 2285 5378 τῷ
2308 5293 2454 5378 ᾁὸὃᾷ
2479 5292 2727 5376 Ποιμένι.
2764 5292 2823 5347 In
2851 5290 2975 5348 aliis
3015 5289 3233 5362 duobus
3262 5302 3371 5344 non
3394 5285 3609 5415 βίοι-ῖς
3640 5291 3787 5341 notae

2207 5365 2547 5421 bibliothecae
2577 5364 2855 5430 ejusdem:
2890 5361 3062 5415 Ἑπτά
3084 5359 3378 5430 κεφάλαια,
3458 5355 3788 5430 ἀπέστειλεν

2207 5381 2547 5421 multomecaa
2577 5381 2855 5432 ejusuem:
2907 5381 3062 5415 nma
3084 5381 3432 5430 κεφαλαια,α
3458 5381 3788 5411 απεστειλεν

2206 5437 2235 5490 6
2259 5432 2827 5506 ὰὸϐᾶς,ΜωῦσῆςᾉνιτῷΔ
2852 5432 2998 5503 ἀϐὃᾷ
3035 5431 3288 5506 ῌοιμένι·
3324 5430 3466 5506 καὶρ
3496 5426 3789 5506 φυλάττων

2206 5506 2366 5572 αὐτὰ,
2397 5496 2731 5576 ῥύεταιλᾶπδ
2759 5496 3266 5576 πάσηςᾲίωλὰσεως,
3310 5499 3408 5576 x_al
3438 5496 3786 5576 ἀναπαύεται

2205 5566 2363 5630 ὅπου
2395 5566 2488 5629 ἑὰν
2514 5574 2772 5646 κάθηται,
2802 5566 2911 5627 εἴτε
2949 5573 3248 5646 ἐν-ὲρμήμῳ,
3300 5570 3437 5646 eice“
3448 5566 3589 5640 μετὰ
3613 5566 3698 5621 vel
3727 5567 3788 5646 ty

2206 5646 2355 5717 μέσῳ
2388 5636 2656 5715 ἀδελφῶνξ
2684 5636 3360 5717 Joanuessubdiaeouus5
3395 5636 3785 5717 §éptem_capif

2202 5708 2338 5779 ὶιιίιιξ
2362 5733 2477 5786 qua:
2513 5708 2657 5770 misit
2707 5715 2868 5769 abbas
2924 5713 3136 5786 Moyses
3171 5710 3355 5763 abbati
3388 5708 3657 5764 Pwmcnio
3683 5722 3703 5762 :
3734 5714 3787 5762 et

2199 5788 2289 5858 qui
2321 5784 2627 5843 custodierit
2658 5803 2738 5853 ea,
2779 5784 3087 5840 liberabitur
3119 5800 3149 5835 (ι
3170 5796 3344 5851 pwna.
