4032 6334
218 340 314 397 293

1351 333 1960 392 APOPHTIIEGMATA
1998 336 2301 394 PATRUM.

3368 293 3494 403 aet

215 459 533 530 ἀμφότεροι,
575 456 652 528 μὴ
717 455 1034 524 ὲγγίσαντες
1085 453 1456 526 θυσιαστηρίῳ
1499 457 1681 510 ἕνεκεν
1705 456 1798 509 τοῦ

1905 456 2250 512 oblationem.
2283 456 2476 512 Aiebat
2513 463 2693 512 autem
2744 471 2908 513 senex
2937 476 2949 512 :
2975 456 3204 513 Conﬁdo
3246 457 3300 512 in
3334 459 3474 525 Deo,

215 553 434 621 ποιῆσαι
463 547 802 619 προσφοράν.
839 547 1032 614 Ἔλεγε
1056 545 1112 598 δὲ
1139 546 1168 599 6
1199 546 1376 616 γέρων
1399 565 1412 577 ·
1440 548 1686 602 Πιστεύω
1719 551 1797 612 είς

216 641 304 693 τὸν
331 639 485 699 Θεὸν,
521 637 673 691 ὄτι⁹³
705 637 806 690 οὐκ
840 636 948 706 ἔχω
980 638 1154 706 κρῖμα
1189 635 1324 690 πολὺ
1363 636 1453 689 διὰ
1487 636 1584 707 τὴν
1619 655 1799 709 χειρο-

213 730 413 796 τονίαν,
441 729 605 781 ὁπότε
646 729 706 781 οὐ
757 726 898 780 ποιῶ
941 727 1279 798 προσφοράν.
1327 727 1448 780 Τῶν
1490 727 1598 800 γὰρ
1621 729 1800 799 ἀμέμ-

214 839 361 875 πτων
391 822 542 873 ἐστὶν
576 823 610 890 ἡ
643 819 967 891 χειροτονία.

285 920 332 966 ι’.
373 908 545 965 Εἶπεν
598 914 626 965 6
675 910 851 973 esea;
904 911 1127 982 Ματόης
1173 911 1276 974 ὅτι,
1331 910 1494 981 Τρεῖς
1545 908 1799 980 γέροντες

212 1003 455 1074 ἀπῆλθον
491 1001 630 1073 πρὸς
666 1002 759 1056 τὸν
803 1001 979 1055 ἁὸϐἇν
1016 1001 1356 1071 Παφνούτιον
1385 1000 1476 1052 τὸν
1499 999 1793 1070 λεγόμενον

214 1093 494 1160 Κεφαλᾶν,
526 1092 616 1146 ἵνα
662 1092 1014 1162 ἐρωτήσωσιν
1055 1092 1218 1145 αὐτὸν
1261 1091 1438 1159 λόγον.
1497 1090 1608 1143 Kal
1646 1087 1798 1144 εἶπεν

211 1185 394 1246 αὐτοῖς
431 1184 460 1240 6
509 1182 688 1252 γέρων
709 1197 722 1210 ·
747 1180 812 1233 Τί
843 1180 1023 1233 θέλετε
1053 1181 1192 1234 είπω
1220 1181 1378 1251 ὑμῖν;
1419 1180 1797 1251 Πνευματικδν

213 1273 244 1342 ἦ
277 1273 632 1344 σωματικόν;
667 1273 931 1340 Λέγουσιν
980 1271 1162 1343 αὐτῷ’
1199 1272 1600 1343 Πνευματικὸν.
1633 1271 1798 1341 Λέγει

213 1365 396 1427 αὐτοῖς
449 1366 478 1418 6
525 1363 740 1434 γέρων·
789 1364 1078 1432 Ὑπάγετε,
1117 1364 1438 1434 ἀγαπήσατε
1469 1363 1588 1434 ’τὴν
1623 1364 1801 1434 axz-.3,“-

214 1458 350 1527 ὑπὲρ
381 1457 480 1528 τὴν
507 1457 833 1522 ἀνάπαυσιν,
858 1457 953 1509 καὶ
981 1456 1080 1528 τὴν
1114 1456 1339 1526 ἀτιμίαν
1368 1456 1529 1510 πλέον
1574 1458 1674 1528 τῆς
1713 1457 1799 1511 δά-

216 1549 332 1620 ξης,
361 1549 540 1602 καὶτὸ
573 1548 778 1602 διδόναι
803 1548 1003 1618 μᾶλλον
1047 1547 1080 1619 ἦ
1126 1547 1446 1617 λαμϐάνειν.

281 1646 373 1694 ια’.
419 1639 735 1711 Ἠρὼτησεν
752 1640 978 1709 ἀδελφὸς
995 1640 1084 1692 τὸν
1107 1638 1280 1692 ἀϐϐᾶν
1308 1640 1361 1692 Μ
1367 1639 1570 1709 ατώην,
1590 1638 1762 1706 λέγων
1780 1655 1793 1668 ·

212 1732 350 1785 Είπέ
386 1749 478 1802 μοι
524 1735 698 1803 ῥῆμα.
746 1733 807 1785 Ὃ
841 1731 899 1784 δὲ
956 1725 1108 1783 εἷπεν
1151 1729 1330 1800 αὐτῷ·
1355 1730 1590 1798 Ὕπαγε,
1623 1747 1797 1800 παρα-

1900 563 2010 601 ηοη
2043 563 2241 618 magno
2278 563 2366 603 me
2397 547 2694 602 obnoxium
2733 563 2855 604 esse
2881 548 3090 619 judicio
3130 557 3351 620 propter
3384 565 3476 604 or-

1899 640 2260 702 dinationem,
2291 642 2434 710 quod
2467 639 2868 697 Eucharistiam
2896 656 3008 695 non
3040 641 3351 696 conﬁciam.
3385 639 3480 694 Et-

1898 732 2046 786 enim
2088 732 2500 801 inculpatorum
2530 739 2614 787 est
2651 731 2945 787 ordinatio.

1973 905 2060 959 10.
2113 905 2320 960 Retulit
2359 905 2527 961 abbas
2565 903 2769 960 Matoes
2805 924 2817 958 :
2855 903 2992 960 Tres
3022 920 3180 960 senes
3221 918 3477 975 perrexe-

1899 1004 2028 1052 runt
2066 996 2134 1051 ad
2177 996 2428 1051 abbatem
2479 994 2844 1065 Paphnutium
2893 997 2987 1066 qui
3031 995 3331 1049 vocabatur
3376 993 3478 1049 Ce-

1899 1088 2114 1158 phalas,
2138 1095 2197 1142 ut
2219 1095 2466 1157 peterent
2490 1086 2557 1140 ab
2581 1101 2646 1140 eo
2677 1086 2883 1156 aliquid
2913 1086 3203 1140 sermonis.
3252 1083 3315 1138 Et
3339 1083 3478 1139 dixit

1899 1183 1978 1237 eis
2005 1196 2168 1236 senex
2202 1200 2214 1234 :
2249 1178 2390 1246 Quid
2434 1179 2600 1234 vultis
2627 1178 2780 1233 vobis
2811 1177 3124 1248 proferam?-
3158 1176 3475 1248 Spirituale,

1898 1273 1982 1328 vel
2012 1271 2335 1342 corporale?
2364 1268 2680 1338 Spirituale,
2715 1269 2989 1339 inquiunt.
3015 1268 3244 1338 Excepit
3271 1284 3476 1324 senex:

1897 1364 2078 1428 Abite,
2101 1363 2310 1434 diligite
2334 1361 2683 1416 amictionem
2713 1363 3001 1433 plusquam
3029 1364 3294 1433 requiem,
3322 1365 3479 1434 igno-

1900 1457 2126 1512 miniam
2178 1457 2464 1527 plusquam
2501 1456 2764 1526 gloriam,
2812 1466 2866 1516 et
2914 1456 3043 1512 dare
3091 1457 3265 1528 magis
3311 1473 3476 1528 quam

1899 1549 2170 1619 accipere.

1971 1640 2058 1692 11.
2093 1637 2327 1709 Rogavit
2367 1637 2536 1692 lrater
2592 1638 2842 1693 abbatem
2881 1638 3134 1705 Matoem,
3169 1641 3244 1694 uti
3281 1641 3330 1695 ei
3363 1657 3481 1696 ser-

1899 1744 2116 1783 monem
2146 1728 2407 1783 dnctrinze
2433 1729 2721 1799 proferret.
2755 1729 2847 1783 ille
2868 1731 2933 1784 ad
2957 1747 3081 1785 eum
3110 1751 3121 1784 :
3151 1730 3321 1786 Deum
3354 1746 3507 1808 pre-_

212 1824 443 1877 κάλεσον
466 1822 557 1876 τὸν
591 1822 745 1886 Θεὸν,
775 1823 862 1875 ἵνα
891 1821 1051 1875 δώσει
1098 1821 1294 1886 πένθος
1334 1825 1412 1886 είς
1438 1823 1535 1892 τὴν
1567 1823 1792 1894 καρδίαν

1905 1834 2044 1885 care,
2078 1827 2138 1873 ut
2164 1821 2250 1876 det
2283 1819 2487 1874 luctum
2518 1821 2571 1874 in
2603 1820 2765 1876 corde
2795 1830 2909 1887 tuo,
2947 1838 3158 1878 necnon
3194 1824 3476 1880 humilita-

213 1931 343 1978 σου,
397 1913 493 1966 καὶ
539 1913 903 1966 ταπείνωσιν
972 1914 1066 1966 καὶ
1121 1912 1353 1984 πρόσεχε
1417 1912 1648 1965 πάντοτε
1693 1911 1794 1976 τὰς

213 2000 490 2072 ἁμαρτίας
523 2017 616 2054 σου
637 2019 652 2033 ι
681 2001 777 2054 καὶ
801 2001 874 2071 μὴ
899 2004 1050 2072 κρῖνε
1079 2001 1291 2065 ἄλλους,
1310 2001 1449 2054 ἀλλὰ
1481 2000 1638 2070 γενοῦ
1663 2001 1794 2055 ὐπο-

215 2094 370 2147 κάτω
395 2092 643 2147 πάντων·
674 2093 767 2146 καὶ
793 2093 870 2164 μὴ
904 2093 994 2163 ἔχε
1025 2093 1208 2163 φιλίαν
1238 2093 1375 2163 μετὰ
1394 2093 1628 2158 παιδίου,
1659 2096 1795 2164 μήτε

213 2185 417 2255 γνῶσιν
462 2185 607 2256 μετὰ
649 2185 930 2254 γυναικὸς,
988 2186 1124 2258 μήτε
1164 2185 1317 2254 φίλον
1361 2185 1672 2254 αίρετικόνο
1702 2185 1796 2239 καὶ

216 2277 384 2347 κόψον
413 2277 512 2348 τὴν
535 2276 849 2348 παρρησίαν
867 2276 974 2330 ἀπὸ
993 2276 1086 2329 σοῦ
1109 2290 1124 2306 '
1166 2278 1260 2330 xal
1287 2277 1476 2346 κράτει
1501 2276 1598 2347 τὴν
1623 2275 1798 2345 γλῶσ-

222 2385 321 2422 σαν
350 2369 444 2422 καὶ
471 2369 570 2436 τὴν
596 2367 806 2422 κοιλίαν
838 2385 954 2433 σου,
991 2368 1085 2420 καὶ
1125 2367 1230 2421 ἀπὸ
1261 2369 1402 2420 οίνου
1440 2367 1631 2439 μικρόν
1652 2385 1665 2398 ·
1704 2368 1798 2420 καὶ

219 2460 313 2513 ἐάν
339 2477 422 2522 τις
454 2459 666 2532 λαλήσῃ
697 2458 824 2528 περὶ
863 2459 1186 2528 πράγματος
1219 2457 1554 2529 οίουδήποτε,
1591 2458 1667 2530 μὴ
1711 2476 1799 2528 φι-

221 2549 449 2602 λονείκει
481 2547 774 2620 μετάὑτοῦ
795 2565 809 2578 ο
834 2547 947 2600 ἀλλ’
972 2547 1066 2599 ἐὰν
1093 2547 1270 2611 καλῶς
1290 2547 1444 2619 λέγῃ,
1480 2549 1601 2602 είπέ
1619 2565 1633 2578 ο
1655 2547 1761 2601 Ναί
1779 2563 1796 2580 ⁸

221 2639 314 2692 ἐὰν
357 2639 413 2692 δὲ
463 2637 684 2704 κακῶς,
723 2638 875 2691 εἰπέ·
906 2639 978 2691 Σὺ
1008 2629 1156 2702 οἶδας
1205 2637 1322 2701 πῶς
1359 2638 1572 2702 λαλεῖς⁶
1597 2638 1692 2692 καὶ
1725 2637 1799 2710 μὴ

220 2730 364 2801 ἔριζε
395 2729 515 2799 μετ’
547 2729 713 2782 αὑτοῦ
766 2729 895 2798 περὶ
924 2722 999 2782 ὧν
1046 2728 1294 2799 ὲλάλησε.
1326 2728 1438 2782 Kal
1472 2727 1612 2800 αὕτη
1651 2730 1800 2784 ἐστὶν

220 2823 253 2888 ἡ
273 2821 624 2884 ταπείνωσις.

292 2911 376 2966 ιϐ’.
429 2912 744 2984 Ἦρὼτησεν
771 2913 996 2982 ἀδελφὸς
1038 2912 1132 2966 τὸν
1157 2912 1333 2966 ἀὸὗᾶν
1364 2912 1605 2984 Martiqu
1625 2929 1639 2944 '
1662 2912 1800 2967 Είπέ

224 3020 314 3071 μοι
342 3005 517 3074 ῥῆμα.
550 3004 662 3057 Kal
685 2999 838 3058 εἶπεν
871 3004 1053 3075 αὐτῷ’
1082 3006 1273 3058 Πᾶσαν
1329 3004 1661 3074 φιλονεικίαν
1693 3004 1803 3059 ἀπὸ

222 3096 419 3159 παντὸς
455 3096 786 3168 πράγματος
839 3097 1007 3168 κόψον
1039 3098 1146 3151 ἀπὸ
1178 3097 1272 3152 σοῦ
1293 3113 1305 3126 ·
1332 3095 1564 3152 κλαῦσον
1609 3097 1667 3151 δὲ
1709 3097 1803 3150 καὶ

222 3177 514 3258 πένθησον,
547 3188 630 3240 ὅτι
653 3190 680 3240 6
711 3188 903 3260 καιρὸς
933 3189 1180 3259 ἤγγισεν.

293 3286 380 3347 ιγ’.
420 3280 675 3349 Ἀδελφὺς
699 3281 952 3352 ἠρώτησε
992 3283 1082 3335 τὸν
1111 3281 1284 3335 ἀϐὁᾶν
1315 3283 1558 3353 Martini),
1593 3281 1766 3350 λέγων
1785 3297 1798 3311 ’

225 3371 286 3422 Τί
318 3372 560 3442 ποιήσως
591 3372 672 3425 ὅτι
710 3375 743 3442 ἡ
792 3373 1016 3441 γλῶσσά
1064 3391 1165 3444 μου
1212 3373 1382 3428 θλίϐει
1415 3390 1513 3445 με’
1544 3375 1636 3429 καὶ
1673 3375 1802 3428 ὅταν

225 3462 465 3534 ἒρκωμαι
503 3465 562 3516 ἐν
599 3462 749 3535 μέσῳ
797 3463 908 3518 τῶν
946 3463 1268 3535 ἀνθρώπων,
1296 3466 1354 3518 οὐ
1382 3465 1614 3538 δύναμαι
1639 3483 1803 3519 κατα-

228 3557 367 3624 σχεῖν
388 3555 597 3626 αὐτήνο
631 3554 765 3608 ἀλλὰ
793 3554 1107 3626 κατακρίνω
1150 3557 1346 3619 αὐτοὺς
1376 3557 1432 3608 ὲν
1461 3555 1623 3609 παντὶ⁸
1655 3555 1802 3626 ἔργῳ

226 3646 430 3718 ἀγαθῷ,
459 3647 556 3700 καὶ
576 3646 784 3717 ἐλέγχω
803 3644 1020 3710 αὐτούς.
1045 3645 1110 3698 Τί
1137 3642 1227 3700 οὖν
1261 3647 1504 3716 ποιήσω;
1535 3647 1646 3698 Καὶ
1669 3646 1805 3698 ἀπο-

227 3737 430 3809 κριθεὶς
449 3739 480 3790 ὁ
521 3736 698 3808 γέρων
729 3732 882 3790 εἶπεν
904 3754 918 3768 ο
951 3737 1016 3790 Ei
1047 3736 1107 3789 οὐ
1145 3735 1370 3790 δύνασαι
1403 3735 1651 3804 κατέχειν
1681 3736 1804 3787 sau-

226 3831 334 3894 τδν,
365 3831 508 3898 φύγε
531 3829 864 3901 καταμόνας.
894 3829 1170 3883 Ἀσθένεια
1185 3829 1292 3900 γάρ
1311 3830 1476 3881 ἐστιν.
1513 3827 1570 3878 '0
1592 3826 1645 3878 δὲ
1672 3825 1803 3880 καθ-

225 3921 421 3991 ήμενος
475 3921 619 3992 μετὰ
652 3921 934 3991 ἀδελφῶν,
965 3921 1065 3974 οὐκ
1090 3920 1293 3989 ὀφείλει
1336 3914 1475 3972 εἶναι
1521 3934 1800 3989 τετραγω-

225 4017 414 4078 νιαῖος,
451 4013 590 4068 ἀλλὰ
619 4014 968 4086 στρογγύλος,
1003 4013 1089 4067 ἵνα
1118 4013 1254 4082 πρὸς
1300 4012 1504 4074 πάντας
1527 4009 1799 4080 κυλίηται.

229 4107 337 4161 Καὶ
365 4101 531 4160 εἶπεν
571 4108 600 4158 6
623 4107 805 4176 γέρων
823 4120 835 4135 ’
868 4105 941 4157 Οὐ
973 4104 1114 4157 κατὰ
1144 4105 1343 4175 ἀρετὴν
1373 4103 1617 4173 κάθημαι
1649 4119 1805 4154 κατα-

231 4197 416 4266 μόνας,
447 4195 585 4250 ἀλλὰ
622 4196 764 4249 κατὰ
803 4195 1118 4248 ἀσθένειαν·
1146 4193 1362 4246 δυνατοὶ¹
1406 4191 1514 4262 γάρ
1567 4193 1724 4256 είσιν,
1758 4193 1805 4244 oi
1843 4183 1847 4188 ’

230 4288 525 4359 ἔρχόμενοι
551 4290 633 4350 είς
654 4288 717 4341 τὸ
750 4289 913 4358 μέσον
948 4287 1056 4340 τῶν
1080 4285 1176 4340 ἀνθ
1188 4284 1403 4354 ρώπων.

347 4488 490 4557 Περὶ
517 4487 626 4542 τοῦ
651 4485 802 4542 ἀϐϐἇ
829 4486 1076 4554 Μάρκου
1097 4486 1366 4557 μαθητοῦ
1388 4484 1492 4539 τοῦ
1523 4485 1681 4543 ἀϐϐᾶ

830 4556 1183 4610 Σιλουανοῦ.

303 4656 368 4705 α’.
409 4649 639 4718 Ἔλεγον
664 4649 792 4720 περὶ
821 4648 915 4700 τοῦ
947 4646 1089 4701 eaea
1118 4646 1426 4711 Σιλουανοῦ,
1466 4647 1547 4699 ὅτι
1568 4642 1677 4717 εἶχε
1712 4665 1814 4717 μα-

235 4738 398 4810 θητὴν
432 4740 489 4790 ὲν
521 4737 740 4808 Σκήτει,
789 4737 1018 4808 Μάρκον
1053 4735 1316 4806 ὀνόματι·
1344 4732 1412 4806 ἦν
1450 4735 1508 4789 δὲ
1547 4735 1683 4806 ἔχων
1720 4737 1816 4788 ὑπ-

237 4832 400 4901 ακοὴν
436 4829 702 4900 μεγάλην,
734 4829 829 4881 καὶ
857 4823 926 4898 ἦν
952 4827 1318 4899 καλλιγραφίας
1345 4828 1475 4898 (62).
1514 4827 1729 4896 Ἠγὰπα
1753 4828 1809 4880 δὲ

241 4921 398 4973 αὐτὸν
429 4922 457 4973 6
487 4920 668 4992 γέρων
700 4919 788 4972 διὰ
813 4918 909 4990 τὴν
944 4918 1191 4988 ὑπακοὴν
1223 4918 1405 4972 αὑτοῦ.
1444 4915 1571 4989 Εἶχε
1626 4919 1681 4972 δὲ
1713 4919 1808 4972 ἄλ-

236 5009 352 5075 λους
375 5011 570 5067 ἕνδεκα
599 5010 867 5082 μαθητὰς,
892 5010 984 5063 καὶ
1010 5009 1303 5072 ἐθλίϐοντο,
1321 5011 1403 5062 ὅτι
1435 5012 1625 5079 ἠγάπα
1649 5012 1809 5063 αὑτὸν

241 5098 373 5175 ὑπὲρ
394 5102 611 5167 αὐτούς.
646 5103 759 5155 Καὶ
787 5101 1122 5164 ἀκούσαντες
1147 5102 1195 5153 οἱ
1227 5101 1499 5171 γέροντες,
1544 5101 1809 5172 έλυπὴοη-

243 5207 353 5246 σαν.
383 5189 587 5247 Ἦλθον
622 5192 680 5246 δὲ
722 5194 780 5245 ἐν
827 5193 924 5262 μιᾷ
971 5190 1106 5263 πρὸς
1136 5191 1296 5244 αὐτὸν
1326 5195 1373 5244 οἱ
1401 5192 1671 5262 γέροντες,
1717 5194 1810 5244 xal

308 5283 352 5316 "
393 5284 474 5340 Al.
501 5287 670 5341 inser.
697 5283 860 5353 τάχα.

317 5373 420 5443 βε)
464 5373 910 5444 Καλλιγρὰςρος.
959 5373 1038 5428 Ex
1079 5375 1248 5430 veteri
1305 5383 1359 5428 et
1410 5382 1540 5427 noto
1569 5376 1814 5444 nomine

244 5442 480 5514 occurrit
515 5442 677 5499 mihi‘
701 5445 982 5514 recentius
1019 5459 1085 5499 ac
1129 5445 1391 5514 ignotius,
1440 5442 1584 5514 quod
1621 5446 1721 5514 legi
1755 5447 1808 5498 in

247 5513 506 5570 .tnaleclis
540 5515 804 5570 veteribus
838 5513 1137 5569 Mabillonii
1157 5513 1293 5569 tom.
1323 5513 1362 5577 I,
1384 5529 1439 5583 p.
1466 5513 1592 5578 430,
1628 5513 1680 5567 in
1707 5515 1813 5570 isto

247 5595 402 5636 versu
427 5603 440 5637 ε

393 5653 502 5711 Hoc
521 5671 727 5727 quoque
752 5655 982 5726 perlecta
1015 5654 1287 5708 verborum
1322 5653 1648 5707 callicinato.

251 5739 501 5806 Existimo
525 5757 732 5819 autem,
765 5762 878 5805 non
907 5746 1278 5818 improbabili,
1307 5745 1362 5798 ni
1398 5743 1572 5810 fallor,
1626 5745 1810 5813 conje-

1899 1917 2030 1965 tem.
2087 1909 2319 1963 Attende
2371 1926 2590 1980 semper
2639 1911 2705 1965 ad
2755 1921 2976 1981 peccata
3033 1923 3146 1966 tua.
3203 1914 3355 1970 Alios
3411 1930 3481 1970 ne

1894 2000 2116 2071 judica,
2167 1999 2262 2056 sed
2297 2000 2401 2055 sub
2443 2001 2699 2057 omnibus
2751 2010 2804 2057 te
2848 2005 3055 2072 ponito.
3104 2002 3224 2057 Noli
3277 2004 3481 2060 habere

1900 2088 2192 2146 amicitiam
2225 2108 2348 2146 cum
2372 2109 2564 2164 puero,
2593 2110 2768 2164 neque
2798 2095 3049 2149 notitiam
3075 2111 3198 2155 cum
3224 2097 3481 2165 muliere;

1897 2200 2001 2239 nec
2036 2185 2267 2239 amicum
2305 2185 2506 2242 habeas
2553 2187 2892 2241 haarcticum.
2929 2187 3204 2242 Absciude
3242 2203 3272 2241 a
3317 2197 3369 2244 te
3415 2189 3481 2242 liv

1898 2276 2113 2331 duciam
2159 2277 2525 2348 loquendique
2581 2279 2908 2334 libertatem.
2962 2278 3194 2334 Contine
3239 2280 3479 2351 linguam

1899 2377 2272 2438 ventremque,
2303 2384 2366 2422 ac
2404 2371 2622 2424 modico
2650 2371 2779 2424 vino
2816 2378 2988 2426 utere.
3027 2371 3081 2424 Si
3112 2373 3238 2440 quis
3263 2372 3482 2426 locutus

1899 2458 2064 2516 fuerit
2099 2461 2167 2515 de
2209 2461 2454 2530 qualibet
2501 2476 2588 2521 re.
2626 2476 2696 2514 ne
2725 2462 3028 2516 contendas
3070 2477 3194 2516 cum
3240 2477 3336 2529 eo;
3385 2463 3480 2517 sed

1901 2552 1946 2606 si
1980 2558 2125 2606 recte
2155 2550 2397 2613 disserit,
2426 2551 2516 2605 dic
2545 2569 2557 2603 :
2585 2551 2757 2604 Etiam
2785 2567 2799 2615 ;
2837 2549 2880 2604 si
2918 2565 3048 2605 vero
3077 2550 3237 2612 male,
3271 2549 3477 2606 dicito:

1901 2640 1982 2697 Tu
2013 2643 2123 2698 scis
2151 2657 2260 2712 quo
2295 2641 2458 2697 modo
2506 2642 2750 2712 loquaris
2777 2659 2791 2696 :
2816 2657 2992 2711 neque
3039 2649 3298 2696 concerta
3347 2656 3475 2696 cum

1901 2731 1994 2786 illo
2028 2731 2096 2786 de
2144 2731 2307 2786 rebus
2339 2746 2476 2800 quas
2517 2730 2764 2801 protulit.
2812 2732 2990 2800 Atque
3024 2729 3139 2785 haec
3171 2736 3256 2784 est
3295 2729 3481 2784 humi-

1902 2825 2048 2878 litas.

1976 2915 2058 2970 12.
2111 2913 2470 2984 luterrOgavit
2525 2911 2694 2968 frater
2737 2912 2989 2968 abbatem
3038 2909 3267 2966 Matoem
3323 2930 3338 2967 :
3386 2910 3484 2967 Dic

1902 3006 2038 3061 mihi
2073 3007 2319 3061 verbum.
2357 3005 2768 3076 Responditque
2798 3005 2848 3059 ei
2876 3023 2891 3058 :
2916 3002 3146 3059 Omnem
3177 3005 3485 3060 contentio-

1904 3113 2026 3152 nem
2058 3114 2124 3154 ex
2154 3098 2303 3152 omni
2345 3099 2583 3168 negotio,
2630 3111 2660 3151 a
2705 3105 2757 3152 te
2799 3106 3051 3167 amputa;
3094 3098 3248 3168 plora
3298 3109 3483 3154 autem

1828 3163 1871 3220 (ἶ
1905 3201 1968 3242 ac
2001 3189 2143 3258 lnge,
2181 3188 2308 3257 quia
2340 3163 2760 3258 tempusipmpe
2788 3196 2890 3241 est.

1977 3280 2063 3334 15.
2098 3279 2290 3335 Frater
2320 3279 2472 3334 hisce
2500 3277 2681 3332 verbis
2722 3284 3076 3347 percontatus
3120 3285 3204 3332 est
3233 3277 3484 3333 abbatem

1907 3369 2135 3425 Matoem
2165 3390 2178 3424 :
2207 3369 2348 3437 Qttid
2394 3369 2586 3441 agam?
2632 3368 2778 3439 quod
2811 3369 2992 3439 lingua
3027 3362 3148 3422 mea
3177 3384 3261 3424 me
3290 3375 3484 3436 vexat;

1903 3469 1956 3514 et
1986 3476 2112 3516 cum
2140 3461 2195 3514 in
2227 3462 2465 3516 medium
2498 3460 2781 3515 hominum
2813 3461 3090 3530 prodiero,
3119 3473 3229 3513 non
3259 3473 3483 3529 possum

1904 3551 2187 3607 continere
2244 3553 2425 3618 illam;
2484 3553 2582 3608 sed
2625 3552 2774 3622 ipsos
2821 3553 2874 3607 in
2927 3553 3076 3608 omni
3124 3566 3289 3622 opere
3343 3551 3488 3606 bono

1905 3644 2232 3708 condemno,
2261 3643 2409 3713 ipsos
2433 3643 2722 3714 redarguo.
2756 3642 2894 3710 Quid
2930 3645 3096 3715 igitur
3119 3641 3355 3698 faciam?
3385 3641 3487 3698 Se-

1906 3748 2008 3788 nex
2049 3731 2116 3787 ad
2145 3732 2293 3786 hunc
2338 3733 2556 3787 modum
2585 3734 2904 3804 respondit:
2939 3733 2993 3787 Si
3033 3750 3143 3789 non
3184 3733 3332 3789 vales
3362 3749 3490 3788 con-

1907 3825 2081 3879 tinere
2115 3824 2370 3894 teipsum,
2415 3823 2538 3896 fuge
2572 3824 2627 3878 in
2668 3826 2848 3879 locum
2894 3825 2984 3880 ubi
3017 3826 3264 3881 solitarie
3310 3826 3485 3881 vivas.

1906 3915 2199 3973 lnlirmitas
2235 3917 2379 3971 enim
2415 3923 2519 3971 est.
2566 3916 2667 3982 Qui
2701 3932 2864 3986 porro
2895 3933 3020 3971 cum
3056 3918 3320 3974 fratribus
3372 3933 3489 3972 ma-

1906 4019 2018 4073 net,
2050 4025 2158 4064 non
2192 4009 2350 4064 debet
2375 4024 2496 4064 esse
2535 4009 3012 4078 quadrangularis,
3060 4011 3162 4087 sed.
3195 4011 3486 4072 rotundus,

1908 4111 1968 4158 ut
2006 4101 2074 4157 ad
2112 4098 2302 4156 omnes
2332 4101 2599 4156 volvatur.
2640 4099 2864 4154 Addidit
2896 4116 3059 4156 senex
3091 4119 3104 4155 :
3132 4100 3252 4154 Non
3281 4117 3346 4155 ex
3374 4104 3487 4155 vir-

1908 4202 2024 4250 tute
2071 4193 2352 4248 solitarius
2403 4190 2609 4255 sedco,
2665 4190 2760 4248 sed
2805 4192 2962 4261 juxta
3016 4191 3490 4258 imbecillitatem;

1910 4294 2158 4356 potentes
2206 4284 2410 4355 quippe
2453 4299 2516 4339 ac
2557 4284 2720 4340 validi
2767 4292 2916 4350 sunt,
2965 4283 3056 4354 qui
3107 4284 3163 4337 in
3207 4284 3490 4339 hominum

1910 4376 2149 4430 medium
2183 4375 2504 4445 procedunt.

2042 4488 2122 4542 De
2152 4488 2342 4543 abbate
2383 4485 2568 4541 Marco
2597 4487 2857 4557 discipulo
2891 4487 3100 4541 abbatis
3133 4487 3358 4542 Silvani.

1985 4646 2035 4698 1.
2073 4645 2226 4715 (42⁸)
2261 4643 2637 4698 Memorabant
2659 4643 2726 4699 de
2753 4643 2948 4699 abbate
2979 4642 3234 4708 Silvano,
3271 4643 3490 4714 quodin

1914 4735 2064 4791 Sceti
2109 4736 2361 4792 habuerit
2395 4735 2749 4806 discipulum,
2785 4736 3030 4789 Marcum
3075 4735 3316 4799 nomine,
3360 4735 3491 4790 obe-

1916 4828 2136 4883 dientite
2184 4829 2387 4882 virtute
2448 4835 2833 4898 praestantem,
2885 4837 3047 4897 atque
3098 4827 3492 4898 calligrapbum

1919 4936 2014 4975 seu
2045 4921 2440 4990 antiquarium.
2480 4919 2816 4990 Diligebalur
2845 4931 3023 4974 autem
3056 4935 3085 4972 a
3115 4934 3244 4974 sene
3272 4925 3494 4988 propter

1919 5009 2304 5065 obedientiam.
2334 5010 2436 5065 Sed
2457 5018 2509 5065 et
2531 5011 2720 5065 habuit
2743 5011 2994 5066 undecim
3023 5011 3157 5065 alios
3175 5010 3492 5080 discipulos,

1919 5103 2009 5172 qui
2032 5117 2174 5172 wgre
2211 5102 2459 5157 ferebant
2488 5102 2631 5172 quod
2665 5102 2816 5156 illum
2850 5103 2973 5172 plus
3003 5102 3138 5173 ipsis
3179 5109 3405 5155 amaret.
3437 5099 3493 5152 ιιι

1918 5209 2083 5263 porro
2113 5193 2400 5249 audientes
2430 5210 2610 5258 senes,
2642 5194 2948 5248 contristati
2979 5203 3125 5248 sunt.
3162 5193 3227 5245 Et
3259 5191 3494 5261 quodam

1922 5387 2099 5442 ctura,
2135 5375 2566 5432 versiﬁcatorem
2614 5368 3046 5442 barbarum,_ad_
3080 5361 3497 5442 similitudinem

1922 5431 2478 5507 verbi'sermoct'nari,
2517 5444 2840 5511 procudisse
2869 5435 3190 5495 calticinari,
3241 5440 3296 5485 et
3336 5431 3500 5511 intel-

1920 5500 2124 5574 lexisse
2141 5500 2246 5586 per
2277 5500 2662 5576 calliciudtum,
2685 5511 2972 5580 pulchrum
2999 5512 3243 5568 cantum,
3267 5500 3502 5571 praecla-

1921 5604 2042 5641 rum
2070 5601 2309 5639 carmen.

1997 5658 2138 5726 (42⁸)
2179 5654 2286 5711 Vit.
2325 5654 2482 5707 Patr.
2522 5667 2631 5715 xtv,
2663 5650 2695 5702 5
