4032 6334
508 245 619 304 295

1649 239 1998 302 APPENDIX
2036 243 2129 302 AD
2165 243 2589 304 PALLADIUM.

3651 245 3762 302 296

509 357 598 414 die
629 356 972 426 accedentes,
1021 362 1355 417 accusabant
1387 374 1533 415 eum.
1589 360 1658 412 At
1687 376 1854 416 senex
1886 377 2096 417 assum-

2204 361 2493 415 ἐνεκάλουν
2534 359 2697 413 αὐτόν
2714 357 2777 411 ’⁸.
2815 355 3008 411 Λαϐὼν
3034 355 3090 410 δὲ
3127 355 3324 420 αὐτοὺς
3349 355 3562 427 ἐξῆλθε,
3597 358 3691 411 καὶ
3720 359 3778 411 ε-

513 450 622 518 ptis
647 449 715 504 iis
746 464 1003 519 egressus
1029 461 1144 517 est;
1177 467 1240 506 ac
1263 467 1359 520 per
1388 449 1630 519 singulas
1653 451 1820 505 cellas
1846 451 2088 520 pulsans,

511 543 727 596 dicebat
755 560 767 595 :
801 541 990 598 Frater
1019 545 1130 607 ille,
1162 544 1308 607 veni,
1341 549 1394 596 te
1427 542 1559 596 mihi
1588 557 1725 612 opus
1753 552 1857 597 est.
1891 542 2000 596 Nec
2025 557 2093 597 ex

512 633 582 689 iis
621 633 766 688 ullus
800 635 947 687 illico
990 634 1212 702 prodiit,
1267 640 1560 688 secuturus
1607 648 1752 686 eum.
1812 631 1912 687 Ubi
1965 647 2095 687 vero

513 727 733 798 pertigit
765 725 832 778 ad
875 724 1064 780 cellam
1107 722 1294 790 Marci,
1340 723 1597 794 foresque
1641 722 1808 787 feriit,
1847 738 2091 778 vocans:

513 819 725 884 Marce;
756 818 866 881 ille,
910 815 1098 869 audita
1129 817 1277 870 senis
1309 830 1465 878 voce,
1507 815 1690 868 statim
1721 823 1873 869 extra
1922 817 2100 885 prosi-

512 908 612 963 liit.
653 906 939 979 Senexque
972 906 1123 961 misit
1147 922 1272 961 eum
1300 905 1368 960 ad
1403 907 1793 962 ministerium.
1827 905 1905 960 Ad
1934 922 2096 962 senes

510 1008 690 1053 autem
719 998 824 1050 ait:
853 997 1070 1060 Patres,
1094 997 1188 1051 ubi
1225 1005 1353 1052 sunt
1385 997 1583 1052 fratres
1616 997 1854 1066 reliqui?
1893 995 2098 1052 Deinde

511 1091 787 1160 ingressus
821 1089 876 1142 in
914 1089 1109 1142 cellam
1147 1089 1288 1158 ejus,
1319 1081 1701 1143 'contrectavit
1753 1089 1926 1159 ipsius
1960 1103 2098 1158 qua-

509 1179 847 1246 ternionem;
901 1180 1216 1250 invenitque
1265 1181 1408 1249 quod
1461 1195 1683 1234 manum
1733 1181 1979 1236 misisset
2028 1181 2096 1234 ad

507 1271 838 1326 exarandam
877 1272 1114 1326 litteram
1144 1289 1208 1337 ω,
1236 1273 1329 1327 sed
1364 1273 1594 1327 audiens
1624 1287 1810 1326 senem
1842 1286 1950 1326 non
1974 1287 2096 1326 ver-

509 1360 668 1416 tisset
697 1362 967 1416 calamum
1008 1369 1068 1414 ut
1111 1363 1410 1432 compleret
1450 1377 1590 1416 eam.
1628 1360 1785 1416 Tunc
1818 1378 1978 1418 senes
2022 1362 2099 1416 ita

509 1452 680 1508 locuti
711 1460 881 1507 sunt:
912 1452 1120 1507 Revera
1157 1469 1318 1523 quem
1357 1460 1417 1506 tu
1458 1453 1658 1522 diligis,
1697 1453 1857 1516 abba,
1903 1462 1953 1508 et
1996 1467 2099 1508 nos

509 1543 812 1615 diligimus,
853 1545 1104 1616 Deusque
1141 1544 1321 1614 diligit
1349 1559 1497 1599 eum.

581 1634 634 1688 2.
678 1633 750 1688 De
809 1635 1002 1688 abbate
1064 1633 1286 1689 Silvano
1344 1634 1882 1701 commemorab-mt,
1944 1634 2094 1705 quod

2197 470 2328 522 κρου
2339 469 2396 504 σε
2415 451 2558 504 κατὰ
2586 448 2815 516 κελλίον,
2851 448 3022 517 λέγων
3042 463 3056 476 ο
3098 447 3158 500 '0
3183 448 3328 500 δεῖνα
3353 447 3574 516 ἀδελφέ,
3596 448 3781 522 δεῦρο,

2195 546 2277 596 ὅτι
2318 544 2506 614 χρῄζω
2559 560 2675 596 σου.
2708 543 2819 594 Kal
2847 535 2927 603 εἷς
2961 537 3021 603 ἐξ
3051 538 3252 604 αὐτῶν,
3283 540 3382 591 οὐκ
3413 538 3784 610 ἠκολούθησεν

2195 635 2344 706 αὐτῷ
2385 634 2565 699 εὐθύς.
2601 633 2712 687 Kal
2740 632 2910 686 ἐλθὼν
2947 632 3040 684 ἐπὶ
3074 631 3171 702 τὴν
3215 631 3413 686 κέλλαν
3444 631 3699 703 Μάρκου,
3727 632 3779 685 ἐς

2196 743 2418 798 κρουσε,
2447 725 2619 793 λέγων
2637 741 2650 754 ·
2674 723 2892 794 Μάρκε.
2933 723 2992 776 ’0
3013 722 3071 776 δέ
3097 723 3334 787 ἀκούσας
3359 723 3454 794 τῆς
3481 723 3665 794 φωνῆς
3685 721 3784 778 τοῦ

2197 819 2476 890 γέροντος,
2507 816 2668 879 εὐθὺς
2715 815 2986 884 ἐπήδησεν
3017 814 3152 879 ἐξωο
3183 815 3280 867 καὶ
3334 813 3580 884 ἔπεμψεν
3614 814 3781 868 αὐτὸν

2198 911 2279 973 εἰς
2313 909 2607 963 διακονίαν.
2643 907 2754 960 Kal.
2785 907 2936 974 λέγει
2975 909 3088 970 τοῖς
3142 904 3362 976 γέρουσι
3381 923 3395 936 ο
3421 905 3531 958 Ποῦ
3561 906 3702 960 εἰσὶν
3729 908 3781 960 οἱ

2204 998 2383 1052 λοιποὶ⁸
2427 998 2672 1066 ἀδελφοὶ,
2699 997 2970 1068 Πατέρες;
3000 995 3108 1050 Kal
3149 993 3406 1049 εἰσελθὼν
3433 997 3513 1060 εἰς
3540 997 3638 1068 τὴν
3659 996 3784 1049 κέλ-

2197 1089 2295 1143 λαν
2325 1089 2515 1152 αὐτοῦ,
2545 1089 2863 1160 ἐψηλάφησε
2883 1088 2945 1140 τὸ
2981 1086 3263 1158 τετράδιον
3284 1084 3480 1139 αὑτοῦ·
3509 1087 3604 1140 καὶ
3624 1078 3784 1158 εὗρεν

2198 1182 2280 1234 ὅτι
2304 1199 2349 1234 ω
2389 1179 2551 1234 ἔϐαλε
2591 1184 2752 1252 χεῖρα
2777 1182 2951 1234 ποιεῖν
2969 1181 3014 1212 ⁸⁸
3035 1196 3050 1208 ·
3083 1180 3175 1232 καὶ
3196 1178 3436 1243 ἀκούσας
3466 1169 3563 1232 τοῦ
3588 1180 3782 1251 γέρον-

2197 1290 2307 1338 τος,
2338 1275 2439 1326 οὐκ
2484 1273 2716 1344 ἔστρεψε
2777 1273 2862 1325 τὸν
2914 1271 3160 1341 κάλαμον
3187 1271 3475 1343 πληρῶσαι
3510 1272 3662 1326 αὑτό.
3691 1272 3786 1324 Λέο

2196 1377 2383 1429 γουσιν
2417 1357 2509 1414 οῦν
2541 1363 2591 1414 οἱ
2619 1361 2900 1432 γέροντεςο
2935 1362 3142 1426 Ὄντως
3166 1359 3226 1414 ὃν
3260 1362 3324 1414 σὺ
3353 1363 3594 1432 ἀγαπᾷς,
3614 1361 3781 1426 ἀϐϐἇ,

2197 1454 2295 1508 καὶ
2340 1455 2505 1525 ἡμεῖς
2540 1453 2701 1508 αὐτὸν
2718 1454 2765 1484 ’⁸
2817 1452 3148 1522 ἀγαπῶμεν,
3185 1453 3278 1506 καὶ
3293 1453 3340 1492 ’⁷
3375 1454 3403 1504 ὁ
3433 1451 3566 1516 Θεὸς
3618 1452 3785 1506 αὑτὸν

2198 1546 2409 1616 ἀγαπᾷ.

2271 1635 2337 1707 β’.
2391 1634 2618 1705 Ἔλεγον
2664 1635 2792 1708 περὶ
2841 1633 2935 1689 τοῦ
2983 1633 3128 1688 acea
3169 1633 3490 1699 Σιλουανοῦ,
3530 1635 3614 1688 ὅτι
3654 1633 3786 1688 ποτέ

510 1725 808 1794 aliquando
843 1725 896 1779 in
931 1724 1077 1780 Sceti
1109 1725 1397 1780 ambulans
1429 1741 1554 1779 cum
1586 1727 1832 1791 senibus,
1875 1728 2093 1781 volens-

2204 1727 2514 1800 περιπατῶν
2555 1729 2614 1781 ἐν
2662 1731 2728 1799 τῇ
2763 1728 2960 1798 Σκήτει
2995 1727 3136 1798 μετά
3180 1726 3289 1780 τῶν
3331 1727 3636 1798 γερόντων,
3685 1727 3784 1781 καὶ

507 1829 616 1886 que
648 1816 714 1871 iis
737 1815 993 1886 discipuli
1040 1817 1127 1871 sui
1171 1815 1336 1869 Marci
1374 1815 1738 1872 obedientiam
1776 1819 2090 1881 ostendere,

509 1922 576 1964 ac
635 1915 860 1978 propter
883 1907 1014 1978 quid
1084 1908 1337 1980 diligeret
1385 1923 1533 1972 eum,
1579 1916 1875 1978 conspecto
1929 1913 2096 1979 parvo

511 2014 666 2070 apro,
705 2000 841 2054 dixit
885 1999 934 2054 ei
966 2014 981 2054 :
1018 1999 1215 2056 Cernis
1239 2041 1252 2065 ,
1289 1999 1385 2064 ﬁli,
1440 2015 1671 2070 parvum
1725 2000 1878 2054 illum
1925 2001 2096 2055 buba-

511 2092 662 2144 lum?
703 2090 1053 2160 Respondit:
1109 2090 1308 2152 Etiam.
1364 2091 1523 2146 abba.
1582 2089 1648 2145 Et
1713 2105 1919 2145 cornua
1976 2090 2096 2160 ejus

509 2197 674 2252 quam
720 2181 989 2252 elegantia
1023 2182 1190 2238 sunt?
1226 2183 1358 2236 Ait:
1407 2181 1525 2246 Nae,
1558 2181 1717 2236 abba.
1772 2181 1944 2237 Senes
1967 2197 2097 2251 ergo

509 2273 764 2328 demirati
799 2280 928 2329 sunt
957 2287 1283 2344 responsum
1313 2274 1455 2341 ejus.
1483 2281 1538 2329 et
1565 2273 1819 2329 aedificati
1850 2282 1982 2330 sunt
2011 2274 2096 2328 in-

510 2365 814 2433 structique
843 2364 914 2418 οι)
947 2373 1152 2419 tantam
1185 2365 1577 2420 obedientiam.

579 2453 633 2508 5.
677 2453 790 2524 (45)
829 2452 989 2509 Venit
1039 2455 1338 2525 aliquando
1372 2470 1499 2510 cum
1551 2470 1752 2527 magno
1801 2459 2100 2514 comitatus

511 2557 806 2616 apparatu,
831 2556 1005 2602 mater
1026 2548 1242 2604 abbatis
1283 2547 1476 2612 Marci,
1513 2555 1572 2602 ut
1602 2549 1809 2604 videret
1838 2565 1961 2604 eum
1988 2568 2001 2604 :
2031 2551 2099 2603 ad

515 2652 686 2708 quam
717 2654 844 2693 cum
876 2639 1104 2695 exiisset
1131 2655 1320 2705 senex,
1358 2641 1449 2694 illa
1476 2639 1614 2694 dixit
1644 2659 1656 2694 :
1684 2640 1858 2708 Abba,
1890 2641 2021 2710 jube
2041 2649 2101 2695 ut

515 2732 662 2788 filius
716 2748 870 2788 meus
921 2732 1254 2804 egrediatur,
1290 2749 1399 2803 quo
1433 2734 1643 2788 videam
1696 2750 1842 2789 eum.
1886 2733 2102 2790 lntrans

516 2831 702 2878 autem
755 2839 944 2887 senex,
979 2827 1055 2878 ait
1105 2823 1324 2879 Marco:
1374 2823 1562 2889 Prodi,
1607 2834 1666 2880 ut
1697 2834 1751 2882 te
1797 2828 2103 2897 conspiciat

2198 1820 2366 1874 θέλων
2399 1821 2582 1883 αὐτοῖς
2614 1821 2714 1891 τὴν
2747 1819 2995 1890 ὑπακοὴν
3020 1819 3116 1873 τοῦ
3148 1818 3396 1890 μαθητοῦ
3431 1818 3597 1872 αὐτοῦ
3629 1819 3786 1890 Μάρ-

2197 1927 2294 1964 κου
2321 1910 2513 1977 δεῖξαι,
2543 1911 2637 1965 καὶ
2665 1911 2731 1964 δι’
2761 1910 2791 1964 ὃ
2820 1912 3010 1982 ἀγαπᾷ
3049 1910 3235 1974 αὐτὸν,
3273 1909 3557 1980 θεωρήσας
3588 1911 3786 1981 μικρὸν

2199 2004 2456 2076 σύαγρον,
2489 2003 2640 2073 λέγει
2679 2004 2857 2074 αὐτῷ’
2902 2004 3139 2074 Θεωρεῖς
3178 2002 3240 2057 τὸ
3282 2003 3475 2072 μικρὸν
3505 2003 3787 2072 βουϐάλων

2199 2099 2397 2162 ἐκεῖνο,
2456 2097 2688 2161 τέκνον;
2737 2097 2902 2165 Λέγει
2960 2096 3146 2167 αύτῷ-
3198 2096 3327 2159 Nal,
3359 2095 3523 2149 ἀϐϐἄ.
3562 2096 3671 2150 Kal
3721 2095 3790 2150 τά

2197 2188 2406 2259 κέρατα
2431 2185 2598 2242 αὐτοῦ
2637 2187 2754 2251 πῶς
2777 2187 2984 2242 πιθανά
3015 2189 3191 2253 slew;
3227 2187 3394 2256 Λέγει
3415 2203 3428 2216 °
3460 2186 3587 2249 Nal,
3619 2186 3783 2240 ἀϐϐᾶ.

2199 2283 2310 2335 Καὶ
2333 2280 2653 2352 ἐθαύμασαν
2684 2283 2734 2335 0l.
2757 2281 3014 2351 γέροντες
3035 2279 3134 2351 τὴν
3157 2279 3450 2348 ἀπόκρισιν
3479 2261 3670 2340 αὐτοῦ,
3697 2281 3790 2332 καὶ

2200 2372 2630 2445 ᾡκοδομήθησαν
2658 2375 2715 2427 ἐν
2748 2375 2814 2444 τῇ
2842 2374 3054 2444 ὑπακοῇ
3090 2372 3277 2426 αὑτοῦ.

2273 2471 2342 2534 γ’.
2385 2464 2639 2534 Κατῆλθέ
2684 2482 2813 2518 ποτε
2851 2467 2886 2536 ἡ
2941 2466 3128 2536 μήτηρ
3158 2462 3251 2517 τοῦ
3296 2463 3442 2517 ἀϐϐἇ
3475 2465 3520 2496 ’⁸
3556 2461 3789 2534 Μάρκου

2205 2558 2334 2612 ἰδεῖν
2364 2557 2558 2611 αὐτόν·
2591 2556 2686 2608 καὶ
2717 2551 2828 2625 εἶχε
2858 2555 3056 2626 πολλ’ὴν
3083 2553 3399 2624 φαντασίαν.
3432 2554 3540 2607 Kal.
3569 2553 3792 2625 ἐξῆλθεν

2201 2650 2230 2702 ὁ
2259 2649 2438 2720 γέρων
2495 2648 2624 2720 πρὸς
2657 2648 2849 2718 αὑτήν.
2896 2647 3008 2701 Kal.
3044 2642 3196 2700 εἶπεν
3225 2645 3403 2717 αὐτῷ·
3451 2644 3638 2709 Ἀϐϐά,
3671 2644 3793 2698 εἰπὲ

2203 2742 2294 2795 τὸν
2323 2742 2440 2794 υἱόν
2463 2741 2508 2776 ⁹⁹
2539 2757 2640 2810 μου
2672 2739 2930 2808 ἐξελθεῖν,
2963 2739 3052 2792 ἴνα
3089 2738 3183 2792 ῐδω
3217 2739 3396 2794 αὐτόν.
3429 2735 3704 2792 Εἰσελθὼν
3735 2736 3792 2791 δὲ

2205 2833 2235 2885 ὁ
2259 2833 2460 2904 γέρων,
2489 2827 2645 2885 εἶπεν
2689 2829 2872 2902 αύτῷ·
2905 2829 3151 2894 Ἔξελθε,
3183 2830 3270 2884 ἵνα
3311 2846 3370 2882 σε
3405 2829 3488 2898 ἴδῃ
3529 2831 3564 2901 ἡ
3605 2830 3794 2900 μήτηρ

517 2927 692 2972 mater
723 2925 838 2972 tua.
870 2916 1130 2973 Gestabat
1159 2927 1340 2973 autem
1394 2927 1599 2974 vestem
1645 2935 1677 2974 e
1709 2919 1878 2973 variis
1933 2918 2096 2989 panni

2209 2941 2324 2978 σου.
2354 2919 2462 2976 Ἦν
2495 2922 2554 2976 δέ
2602 2922 2785 2994 φορῶν
2833 2923 3177 2994 κεντονάριον
3197 2961 3213 2986 ,
3267 2922 3362 2974 καὶ
3411 2920 3795 2992 ⁴ήσϐολωμένος

515 3009 811 3079 segmentis
841 3019 1152 3072 consutam,
1180 3019 1412 3079 eratque
1454 3008 1679 3078 fuligine
1714 3009 1963 3079 coquinae
1985 3009 2096 3063 tin-

2207 3015 2315 3069 ἀπὸ
2347 3014 2440 3068 τοῦ
2489 3015 2828 3086 μαγειρείου.
2864 3014 2974 3069 Kal
3007 3011 3238 3078 ἐξελθὼν
3269 3012 3357 3066 διὰ
3389 3011 3486 3084 τὴν
3521 3011 3792 3084 ὑπακοὴν,

517 3110 662 3155 ctus.
691 3099 861 3170 Igitur
889 3107 1113 3169 propter
1136 3099 1500 3156 obedientiam
1523 3100 1734 3165 exiens,
1761 3100 2096 3156 clausitoeu-

2209 3108 2498 3178 ἐκάμμυσε
2530 3085 2669 3170 τοὺς
2695 3105 3007 3178 ὀφθαλμοὺς
3046 3103 3233 3170 αὑτοῦ,
3266 3105 3360 3159 καὶ
3393 3101 3546 3158 εἶπεν
3572 3106 3792 3168 αὐτοῖς’

518 3193 600 3247 los
625 3232 640 3255 ,
678 3201 732 3246 et
769 3191 908 3245 dixit
941 3209 955 3245 :
999 3190 1193 3247 Salvos
1228 3207 1326 3248 vos
1377 3193 1534 3256 volo,
1590 3194 1770 3249 salvos
1805 3209 1903 3247 vos
1941 3195 2096 3259 volo,

2209 3200 2501 3273 Σωθείητε,
2526 3200 2808 3271 σωθείητε,
2835 3198 3124 3270 σωθείητε·
3156 3199 3250 3252 καὶ
3281 3198 3383 3251 οὐκ
3407 3192 3548 3250 εἶδεν
3571 3195 3794 3259 αὐτούς.

516 3281 699 3338 salvos
735 3296 832 3337 vos
865 3281 1019 3346 volo;
1059 3295 1160 3336 nec
1187 3280 1326 3335 vidit
1360 3295 1710 3351 quemquam.
1761 3278 1932 3335 Mater
1972 3296 2096 3334 vero

2222 3293 2284 3345 'H
2316 3291 2372 3344 δὲ
2420 3292 2604 3364 μήτηρ
2650 3291 2815 3344 αὑτοῦ
2849 3292 2950 3344 οὐκ
2989 3289 3286 3362 ἐγνώρισεν
3333 3290 3496 3343 αὐτόν
3538 3291 3576 3341 ¹.
3622 3288 3800 3342 Πάλιν

517 3389 626 3429 non
648 3373 867 3444 agnovit
890 3373 1090 3443 ipsum.
1119 3373 1318 3428 lterum
1341 3389 1472 3442 ergo
1503 3373 1652 3429 misit
1680 3373 1746 3427 ad
1774 3388 1983 3435 senem,
2022 3389 2096 3442 pet

2209 3381 2303 3439 οὖν
2327 3385 2533 3456 πέμπει
2563 3384 2700 3457 πρὸς
2723 3384 2815 3438 τὸν
2843 3384 3094 3456 γέροντα,
3123 3381 3387 3452 λέγουσα·
3427 3381 3622 3447 Ἀϐϐά,
3661 3382 3804 3451 πέμ-

519 3476 677 3521 tens:
720 3465 892 3529 Abba,
944 3465 1099 3520 mitte
1129 3465 1263 3519 mihi
1305 3464 1472 3518 lilium
1505 3478 1706 3526 meum.
1735 3471 1795 3518 ut
1823 3480 1947 3519 eum
1981 3480 2096 3534 spe-

2210 3478 2310 3547 ψον
2346 3495 2436 3548 μοι
2469 3478 2562 3531 τὸν
2598 3476 2713 3530 υἱόν
2763 3493 2896 3548 μου,
2931 3477 3018 3529 ἴνα
3062 3475 3222 3530 αὐτὸν
3255 3473 3368 3530 ῐδω.
3408 3475 3518 3526 Kal.
3551 3469 3681 3527 εἷπε
3727 3473 3805 3542 τῷ

518 3565 684 3610 etem.
732 3555 871 3610 Tum
907 3571 1076 3612 senex
1125 3556 1190 3610 ad
1230 3555 1518 3611 Marcum:
1570 3555 1762 3610 Nonne
1811 3556 1923 3609 dixi
1968 3556 2096 3610 tibi:

2213 3571 2455 3642 Μάρκῳο
2482 3570 2597 3623 Οὐκ
2630 3566 2785 3623 εἶπόν
2822 3585 2935 3622 σοι’
2958 3567 3202 3634 Ἔξελθε,
3228 3567 3314 3622 ἵνα
3345 3583 3404 3619 σε
3437 3566 3523 3638 ἴδῃ
3549 3568 3582 3636 ὴ
3615 3568 3807 3637 μήτηρ

523 3645 814 3718 Egredere,
846 3656 907 3702 ut
937 3655 991 3702 te
1016 3648 1252 3718 aspiciat
1285 3656 1457 3704 mater
1485 3649 1616 3702 tua?
1643 3648 1944 3720 Respondit
1970 3647 2096 3701 Mart

2216 3679 2309 3716 σου
2335 3682 2351 3730 ;
2381 3663 2492 3716 Καὶ
2519 3657 2674 3715 εἶπεν
2708 3661 2856 3732 αὐτῷ
2893 3662 2922 3715 ὁ
2950 3662 3210 3731 Μάρκος·
3254 3658 3508 3728 Ἑξῆλοον
3543 3658 3690 3712 κατὰ
3716 3657 3810 3710 τὸν

521 3754 661 3793 cus:
705 3738 970 3810 Egressus
1004 3754 1146 3804 sum,
1179 3738 1335 3808 juxta
1369 3754 1676 3794 sermonem
1730 3747 1906 3804 tuum,
1947 3737 2096 3792 abba.

2213 3751 2370 3821 λόγον
2400 3769 2516 3817 σου,
2553 3752 2716 3806 assa.
2749 3753 2898 3822 Πλὴν
2927 3749 3232 3822 παρακαλῶ
3266 3767 3348 3815 σε,
3387 3748 3462 3820 μὴ
3509 3751 3678 3821 εῐπῃς
3719 3765 3810 3818 μοι

525 3828 726 3885 Verum
769 3846 900 3902 rogo
932 3839 1020 3896 te,
1054 3847 1120 3886 ne
1152 3833 1349 3886 iterum
1370 3830 1565 3901 jubeas
1609 3845 1696 3885 me
1743 3832 1916 3895 exire,
1941 3841 2001 3885 ut
2043 3846 2096 3885 nt

2215 3843 2344 3896 ἄλλο
2369 3842 2561 3908 ἃπαξ²
2598 3841 2854 3908 ἐξελθεῖν,
2903 3843 2992 3895 ἵνα
3039 3841 3114 3913 μὴ
3144 3839 3480 3912 παρακούσω
3531 3857 3657 3894 σου.
3699 3839 3814 3893 Kal

528 3923 626 3977 tibi
659 3923 761 3978 siin
794 3922 1185 3992 inobsequens.
1214 3920 1369 3976 Tunc
1396 3936 1657 3992 egressus
1689 3936 1852 3976 senex
1885 3922 1960 3975 ait
1992 3937 2096 3975 mu-

2216 3934 2449 4000 ἐξελθὼν
2475 3937 2503 3988 ὁ
2529 3935 2706 4006 γέρων
2747 3930 2903 3988 εἶπεν
2949 3935 3085 4005 αὐτῇ
3111 3949 3124 3963 ·
3161 3933 3332 3996 Αὐτός
3370 3933 3518 3986 ἐστιν
3562 3935 3590 3986 ὁ
3630 3934 3811 3988 ἀπαν-

524 4015 641 4070 lieri
671 4033 684 4070 :
709 4015 826 4085 lpse
852 4023 934 4070 est
956 4015 1046 4084 qui
1072 4015 1219 4070 venit
1240 4015 1303 4068 ad
1325 4028 1440 4077 vos,
1469 4013 1715 4083 dixitque
1745 4032 1757 4067 :
1789 4012 1982 4070 Salvos
2016 4029 2096 4068 vos

2215 4027 2392 4096 τήσας
2439 4026 2590 4096 ὑμῖν,
2639 4025 2847 4093 λέγων·
2904 4024 3194 4096 Σωθείητε.
3254 4024 3365 4078 Kal
3411 4023 3816 4094 παρακαλέσας

525 4105 670 4160 volo.
706 4105 771 4159 Et
798 4107 1049 4161 hortatus
1081 4106 1510 4175 consolatusque
1541 4120 1685 4167 eam,
1713 4104 1786 4158 ita
1809 4103 2038 4160 dimisit.

2217 4117 2389 4187 αὐτὴν
2417 4116 2712 4172 ἀπέλυσεν.

593 4197 649 4252 4.
688 4198 839 4252 Alias
890 4198 1158 4268 contigit,
1197 4205 1256 4250 ut
1293 4212 1551 4267 egressus
1587 4207 1624 4251 ιε
1663 4194 1830 4258 Secti,
1867 4211 2096 4266 pergere

2287 4209 2349 4262 δ’.
2389 4209 2611 4262 Ἀλλοτε
2661 4207 2858 4278 συνέϐη
2903 4206 3064 4260 αὑτὸν
3117 4205 3351 4273 ἐξελθεῖν
3392 4206 3500 4259 ἀπὸ
3529 4206 3815 4276 Σκήτεως,

529 4289 584 4343 in
632 4300 872 4344 montem
931 4289 1087 4354 Sina,
1143 4299 1199 4343 et
1261 4289 1373 4342 illic
1431 4296 1694 4343 maneret.
1746 4287 1890 4342 Misit
1941 4297 2096 4343 malet

2218 4302 2314 4354 καὶ
2354 4299 2608 4355 ἀπελθεῖν
2645 4300 2725 4363 εἰς
2770 4299 2832 4352 τὸ
2866 4299 2990 4368 ὅρος
3022 4298 3083 4350 τὸ
3115 4299 3266 4361 Σινὰ,
3309 4299 3404 4352 καὶ
3450 4299 3634 4368 μεῖναι
3674 4297 3813 4350 ἐκεῖ.

529 4379 720 4442 Marci,
753 4381 1015 4450 adjuraus
1035 4396 1161 4434 cum
1194 4379 1476 4449 lacrymis,
1507 4386 1570 4431 ut
1597 4378 1769 4432 exiret
1799 4378 1942 4433 filius
1971 4378 2092 4448 ejus

2220 4394 2330 4446 Kal
2355 4392 2659 4463 έπεμψενή
2692 4392 2874 4462 μήτηρ
2900 4389 2993 4443 τοῦ
3036 4390 3264 4460 Μάρκου
3311 4387 3610 4460 ὁρκίζουσα
3650 4385 3818 4439 αὐτὸν

530 4485 594 4525 ac
631 4471 839 4524 videret
867 4486 1013 4525 eum.
1051 4470 1231 4524 Senex
1279 4476 1464 4522 autem
1498 4468 1652 4522 illum
1694 4467 1924 4526 dimisit.
1949 4469 2096 4525 Cum-

2223 4483 2362 4555 μετά
2386 4483 2660 4554 δακρύων,
2685 4483 2772 4536 ἵνα
2793 4480 2984 4552 ἐξέλθῃ
3002 4482 3030 4533 ὁ
3050 4479 3162 4543 υἱὸς
3185 4480 3378 4550 αὐτῆς,
3397 4480 3489 4531 καὶ
3516 4478 3601 4548 ἴδῃ
3624 4477 3816 4530 αὐτόν.

530 4574 636 4629 que
657 4559 1058 4628 composuisset
1097 4558 1352 4612 melotem
1397 4572 1554 4614 suam
1591 4557 1658 4611 ad
1691 4559 2023 4624 exeundum,
2057 4569 2096 4615 el

2232 4577 2290 4630 Ὀ
2327 4576 2382 4630 δὲ
2412 4576 2589 4647 γέρων
2615 4573 2884 4628 ἀπέλυσεν
2915 4572 3097 4626 αὐτόν.
3140 4572 3252 4626 Kal
3275 4571 3350 4634 ὼς
3377 4570 3552 4623 ἐποίει
3575 4571 3680 4638 τὴν
3716 4585 3822 4638 μη-

533 4651 777 4706 venisset
803 4660 863 4704 ut
899 4665 1082 4707 senem
1115 4650 1400 4718 salutaret,
1437 4648 1583 4704 illico
1621 4649 1788 4720 cwpit
1823 4649 1982 4716 ﬂere;
2013 4665 2096 4705 net

2221 4672 2396 4742 λωτὴν
2429 4669 2596 4725 αὐτοῦ
2641 4667 2736 4721 τοῦ
2767 4666 3033 4731 ἐξελθεῖν,
3077 4665 3171 4718 καὶ
3211 4663 3410 4734 ἤρχετο
3454 4659 3822 4714 ἀσπάσασθαι

533 4757 791 4812 θετεεευε
809 4749 912 4797 εει·
2223 4763 2312 4817 τὸν
2353 4763 2606 4834 γέροντα,
2638 4759 2840 4823 εὐθέως
2885 4757 3075 4812 ἔϐαλλε
3109 4755 3337 4819 κλαίειν,
3380 4753 3472 4807 καὶ
3504 4753 3607 4806 οὑκ
3651 4751 3821 4822 ἐξήρ-

2225 4871 2367 4925 χετο.

614 4945 667 5002 5.
710 4945 823 5014 (Μ)
856 4944 1186 5000 Referebant
1213 4946 1280 5002 de
1309 4945 1504 5002 abbate
1537 4945 1780 5009 Silvano,
1810 4946 1956 5016 quod
1990 4961 2096 5000 cun

2204 4930 2209 4942 ’
2295 4953 2356 4998 ε’.
2390 4945 2616 5013 Ἔλεγον
2643 4944 2771 5014 περὶ
2795 4941 2888 4995 τοῦ
2913 4940 3056 4995 assa
3084 4938 3395 5004 Σιλουανοῦ,
3415 4939 3497 4992 ὅτι
3524 4937 3602 5000 ὡς
3626 4936 3826 5002 ἤθελεν

538 5037 700 5092 vellet
743 5037 797 5090 in
851 5035 1068 5107 Syriam
1111 5035 1407 5106 proficisci,
1458 5038 1658 5092 dixerit
1713 5038 1762 5092 ei
1809 5037 2096 5107 discipulus

2225 5038 2457 5103 ἐξελθεῖν
2490 5041 2569 5101 εἰς
2613 5035 2849 5109 Συρίαν,
2903 5031 3057 5088 εἶπεν
3101 5032 3249 5104 αύτῷ
3276 5035 3304 5085 ὁ
3355 5029 3605 5102 μαθητής
3650 5027 3826 5082 αὐτοῦ

537 5129 658 5197 ejus
691 5126 950 5183 Marcus:
1001 5126 1182 5192 Pater,
1213 5129 1342 5183 nolo
1388 5129 1538 5184 exire
1584 5129 1746 5196 hinc;
1780 5130 1875 5184 sed
1933 5143 2032 5182 nec
2071 5138 2096 5180 ιε

2224 5131 2480 5202 Μάρκος
2513 5130 2716 5200 Πάτερ,
2747 5129 2809 5181 οὐ
2851 5127 2989 5180 θέλω
3034 5125 3268 5190 ἐξελθεῖν
3316 5123 3501 5177 ἐνθενο
3545 5119 3670 5174 ἀλλ’
3699 5120 3828 5175 ούδὶ

540 5221 715 5290 patiar
752 5221 958 5290 egredi,
1003 5219 1164 5274 abba.
1207 5219 1410 5276 Verum
1451 5220 1541 5276 hic
1575 5228 1688 5275 tres
1737 5219 1856 5275 dies
1905 5234 2089 5289 perma

2227 5220 2288 5272 σὲ
2317 5219 2443 5288 ἀφῶ
2472 5218 2728 5282 ἐξελθεῖν,
2752 5218 2915 5272 ἀϐϐἄ.
2947 5217 3108 5270 ’Λλλὰ
3141 5215 3480 5286 παράμεινον
3498 5205 3641 5265 ὧδε³
3672 5213 3831 5283 τρεῖς

538 5321 688 5367 ueto.
721 5307 788 5366 Et
813 5311 972 5366 tertia
1001 5313 1089 5367 die
1115 5322 1290 5368 morte
1319 5313 1578 5369 occubuit
1613 5313 1842 5368 Marcus.

2226 5311 2461 5382 ἡμέρας.
2493 5311 2604 5364 Kal
2627 5313 2692 5380 τῇ
2726 5310 2886 5382 τρίτῃ
2911 5309 3096 5380 ἡμέρᾳ
3120 5305 3385 5378 ἐκοιμήθη
3410 5305 3452 5359 ⁸.

607 5429 839 5502 ’διιπα
868 5432 962 5484 καὶ
981 5431 1272 5486 ἐνεκάλουν
1292 5434 1476 5492 αὐτόν.
1511 5434 1714 5488 absunt
1745 5433 1812 5485 ab
1834 5432 1904 5484 al.
1981 5433 2030 5465 ⁸⁸
2071 5432 2096 5484 Α

2204 5430 2590 5502 εδοήρξατο.-
2631 5430 2679 5462 ’⁸
2716 5428 2879 5502 Qeest
2917 5429 3078 5502 αύτᾷν
3121 5428 3174 5481 in
3201 5427 3278 5502 _al.
3319 5425 3400 5502 _"
3423 5420 3703 5502 _Al._ins.-
3725 5422 3838 5502 ὅτι.

542 5499 587 5573 θ’
624 5499 706 5554 ΑΙ.
735 5502 1016 5573 ἀδελφοῦη
1082 5503 1142 5573 ν⁹⁹
1181 5505 1265 5556 Al.
1293 5503 1368 5573 τῷ
1395 5491 1515 5573 υἱῷ.
1610 5505 1624 5534 ¹
1670 5505 1754 5556 ΑΙ.
1795 5502 1915 5553 ούδέ
1945 5504 1976 5571 ὴ
2010 5520 2066 5572 μ.

2204 5519 2301 5567 εγν.
2335 5491 2386 5555 αξ
2421 5491 2506 5555 ϐτι
2535 5496 2689 5564 οὗτος
2737 5496 2814 5571 ἦν.
2931 5501 2950 5529 ¹
2974 5501 3141 5554 Abest
3198 5495 3343 5561 ἅπαξ
3392 5495 3457 5549 ab
3489 5493 3558 5546 al.
3681 5491 3705 5525 ⁵
3747 5491 3812 5545 Al

545 5572 713 5624 inser.
742 5571 930 5626 ἄλλας.
1006 5572 1027 5602 ⁵
1066 5572 1150 5625 Al.
1188 5575 1314 5628 add.
1342 5571 1405 5627 ἐν
1441 5571 1656 5645 εἰρήνῃ.

615 5677 725 5748 (43)
759 5677 864 5735 Vit.
901 5681 1054 5734 Patr.
1089 5699 1200 5744 xiv,
1233 5685 1282 5737 li.

2312 5679 2422 5750 (Μ)
2463 5678 2570 5734 νει.
2613 5679 2760 5733 Patr.
2796 5694 2950 5742 n'ttl,
2983 5677 3070 5729 51.
