4032 6334
261 392 362 451 9.97

650 510 790 580 Περὶ
819 509 925 565 τοῦ
955 507 1106 565 (166ίῖ
1129 509 1454 578 Μιλησίου.

334 647 403 698 α’.
435 640 849 716 Παρερχόμενος
889 647 918 699 6
953 646 1126 710 ἁϐὁᾶς
1161 646 1424 719 Μιλήσιος
1461 647 1550 700 διά
1578 664 1721 711 τινος
1753 647 1841 700 τό-

268 749 388 796 που,
426 730 536 787 εἶδέ
579 753 704 790 τινα
736 737 962 807 μοναχὸν
1011 738 1378 810 κρατούμενον
1423 739 1528 790 ὑπό
1558 755 1734 802 τινος,
1765 736 1839 799 ὡς

268 827 423 893 φόνον
455 828 778 899 ποιήσαντα.
809 831 918 882 Kal
953 829 1320 900 προσεγγίσας
1350 831 1377 882 6
1404 830 1602 902 γέρων,
1632 829 1840 900 ἐπερώ-

265 933 396 984 τησε
451 917 544 971 τὸν
598 918 845 988 ἀδελφόν.
893 921 1000 973 Kal
1039 919 1226 990 μαθὼν
1259 922 1340 974 ὅτι
1385 923 1836 989 συκοφαντεῖται,

265 1007 409 1076 λέγει
464 1009 604 1080 πρὸς
659 1012 784 1074 τοὺς
834 1011 1161 1080 κατέχοντας
1215 1011 1406 1065 αὐτόν·
1456 1010 1565 1064 Ποῦ
1617 1009 1763 1063 ἐστιν
1810 1013 1839 1066 6

265 1100 575 1166 φονευθείςς
610 1103 719 1154 Kal
759 1101 963 1167 ἔδειξαν
1008 1102 1170 1173 αὐτῷ.
1217 1103 1326 1156 Kal
1361 1102 1725 1174 προσεγγίσας
1759 1101 1839 1171 τῷ

264 1189 589 1258 φονευθέντι,
613 1189 734 1244 εἷπε
761 1194 894 1245 πᾶσι
930 1193 1350 1263 προσεύξασθαι.
1383 1193 1553 1247 Αὑτοῦ
1581 1193 1638 1246 δὲ
1669 1194 1838 1246 ἐκπες

261 1279 527 1343 τὰσαντος
553 1280 652 1342 τὰς
679 1284 867 1352 χεῖρας
891 1281 1025 1351 πρὸς
1054 1282 1144 1333 τὸν
1167 1281 1319 1345 Θεὸν,
1345 1282 1542 1350 ἀνέστη
1573 1283 1601 1334 6
1625 1282 1832 1352 νεκρός.

260 1369 368 1422 Kal
396 1365 550 1422 εἶπεν
598 1370 747 1442 αὑτῷ
775 1372 867 1424 ἐπὶ
900 1370 1114 1424 πάντων
1138 1387 1150 1400 ·
1185 1372 1319 1424 Εἰπὲ
1359 1373 1489 1442 ἡμῖν
1513 1371 1597 1435 τίς
1635 1373 1779 1423 ἐστιν
1810 1374 1837 1425 6

263 1461 529 1529 φονεύσας
561 1481 643 1517 σε.
680 1465 736 1517 '0
780 1465 834 1518 δὲ
872 1463 1048 1530 εἶπεν,
1085 1467 1164 1519 ὅτι
1205 1463 1478 1518 Εἰσελθὼν
1510 1466 1590 1527 εἰς
1618 1463 1716 1533 τὴν
1746 1465 1837 1516 ὲκ-

261 1550 507 1621 κλησίαν,
526 1553 733 1608 δέδωκα
767 1556 1020 1626 χρήματα
1042 1556 1120 1626 τῷ
1146 1555 1527 1628 πρεσὸυτέρῳ·
1555 1558 1584 1609 6
1619 1555 1676 1608 δὲ
1703 1557 1834 1609 ἀνα-

262 1640 409 1704 στὰς,
465 1642 666 1711 ἔσφαξέ
715 1663 816 1715 με·
850 1647 944 1699 καὶ
999 1647 1334 1715 ἀπενέγκας,
1376 1646 1596 1720 ἔρριψεν
1648 1648 1727 1710 εἰς
1774 1647 1834 1699 τὸ

262 1735 620 1806 μοναστήριον
649 1736 741 1789 τοῦ
777 1738 937 1791 ἀδεᾶ.
979 1738 1139 1794 Ἀλλὰ
1166 1738 1469 1810 παρακαλῶ
1503 1740 1646 1809 ὑμᾶς
1667 1779 1682 1804 ,
1733 1739 1830 1810 λη-

1437 391 2048 452 APOPHTHEGMATA
2091 399 2397 462 PATRUM.

3408 440 3516 497 298

2469 518 2547 575 De
2585 523 2769 579 abbate
2799 526 3022 585 Milesio.

2021 643 2069 695 l.
2113 642 2490 706 Pet-transiens
2523 656 2692 712 abbas
2721 659 2968 718 Milesius
2996 681 3092 734 per
3122 672 3408 739 quemdam
3440 675 3517 728 loc

1948 746 2072 787 Cum
2111 774 2126 794 ,
2155 736 2290 790 vidit
2325 744 2654 800 monachum
2696 750 2764 803 ab
2798 752 2979 822 aliquo
3019 736 3211 823 teneri,
3241 764 3385 818 velut
3418 765 3519 818 lm-

1949 821 2222 879 micidam.
2291 825 2357 880 Et
2414 821 2898 906 appropinquans,
2936 859 3101 902 senex
3162 851 3520 925 interrogavit

1947 910 2192 968 fratrem.
2220 916 2468 989 Cumque
2494 923 2798 994 didicisset,
2827 936 3154 994 calumniam
3193 943 3239 996 ei
3274 944 3408 1012 fieri,
3447 949 3515 1000 ad

1947 1001 2070 1058 illos
2095 1006 2186 1074 qui
2217 1007 2531 1068 detinebant
2557 1017 2632 1072 ait
2656 1038 2668 1072 :
2701 1020 2800 1075 Ubi
2821 1037 2898 1080 est
2926 1029 3018 1098 qui
3043 1029 3364 1092 interfectus
3383 1038 3518 1092 fuit?

1947 1093 2012 1147 Et
2072 1097 2428 1156 ostenderunt
2476 1105 2548 1160 ei.
2602 1108 2787 1179 Itaque
2829 1117 2893 1170 ad
2943 1093 3294 1180 interfectum
3327 1133 3515 1197 proxi-

1945 1199 2121 1249 mans,
2157 1186 2352 1246 indixit
2405 1197 2622 1253 cunctis
2671 1209 2730 1255 ut
2779 1217 3020 1262 orarent.
3059 1209 3352 1283 Postquam
3387 1233 3517 1270 vero

1945 1291 2140 1335 manus
2193 1284 2544 1352 expatidisset
2588 1291 2654 1345 ad
2693 1293 2897 1362 Deum,
2954 1306 3194 1358 surrexit
3243 1317 3510 1365 mortuus.

1945 1365 2080 1421 Tum
2109 1385 2294 1426 coram
2328 1378 2594 1435 omnibus
2615 1381 2858 1443 Milesius
2891 1390 3030 1446 dixit
3058 1393 3106 1447 ei
3151 1415 3164 1450 :
3209 1396 3386 1454 Eﬂ‘are
3417 1417 3516 1454 uo-

1942 1459 2026 1515 bis
2055 1463 2181 1531 quis
2214 1467 2478 1523 occiderit
2527 1479 2600 1527 te.
2649 1475 2742 1532 Ille
2774 1484 3017 1538 narravit
3061 1489 3141 1542 sic
3172 1507 3185 1542 :
3232 1489 3516 1561 Ingressus

1945 1552 1996 1604 in
2036 1554 2352 1623 ecclesiam,
2392 1560 2515 1616 dedi
2550 1569 2812 1634 pecunias
2853 1577 3207 1646 presbytero;
3247 1552 3339 1653 qui
3389 1601 3516 1640 sur-

1940 1658 2074 1713 gens
2097 1645 2370 1716 iugulavit
2415 1669 2532 1720 me,
2567 1671 2966 1735 asportansque
2996 1645 3223 1740 projecit
3265 1645 3318 1727 in
3349 1677 3516 1731 abba-

1941 1734 2010 1787 tis
2042 1742 2453 1797 monasterium.
2495 1745 2599 1802 Sed
2637 1767 2768 1822 rugo
2813 1773 2938 1822 vos,
2969 1761 3045 1813 uti
3081 1767 3323 1831 pecunia:
3360 1781 3516 1823 recu-

261 1826 457 1897 φθῆναι
500 1831 571 1883 τὰ
610 1833 889 1902 χρήματα,
923 1833 1018 1886 καὶ
1052 1832 1271 1905 δοθῆναι
1307 1836 1419 1897 τοῖς
1447 1831 1660 1895 τέκνοις
1709 1850 1826 1902 μου.

1942 1836 2218 1893 perentur,
2255 1847 2319 1887 ac
2352 1837 2640 1894 tradantur
2670 1843 2857 1900 liberis
2905 1851 3060 1906 meis.
3096 1854 3233 1908 'l‘um
3262 1858 3328 1912 ad
3365 1859 3514 1916 illum

261 1919 392 1973 Τότε
423 1916 544 1974 εἶπε
580 1922 712 1992 πρὸς
744 1924 904 1976 αὑτὸν
931 1927 960 1977 6
991 1924 1170 1994 γέρων
1194 1941 1206 1954 ·
1241 1922 1602 1988 Ἀπελθε,καὶ
1637 1924 1831 1992 κοιμῶ,

258 2010 361 2074 ἕως
387 2011 453 2066 ἂν
482 2013 613 2086 ἔλθῃ
641 2017 670 2066 6
708 2014 930 2086 Κύριος,
959 2018 1051 2069 καὶ
1077 2017 1267 2088 ἐγείρῃ
1296 2033 1376 2070 σε.

330 2126 392 2194 β’.
436 2125 660 2180 Ἀλλοτε
693 2129 967 2194 οἰκοῦντος
995 2132 1159 2185 αὐτοῦ
1193 2132 1329 2203 μετὰ
1368 2133 1460 2187 δύο
1492 2135 1751 2205 μαθητῶν
1779 2139 1834 2188 ἐν

257 2219 369 2281 τοῖς
396 2220 567 2290 ὁρίοις
601 2221 884 2291 Περσίδος,
916 2221 1136 2294 ἐξῆλθον
1169 2224 1262 2278 δύο
1300 2226 1407 2280 υἱοὶ
1435 2227 1528 2279 τοῦ
1571 2226 1834 2296 βασιλέως

261 2313 508 2380 σαρκικοὶ
536 2312 776 2382 ἀδελφοὶ,
802 2314 1067 2386 ἀγρεῦσαι
1094 2317 1234 2372 κατὰ
1253 2317 1315 2370 τὸ
1343 2318 1483 2381 ἔθος.
1515 2318 1746 2372 Ἔῦαλον
1776 2321 1833 2374 δὲ

256 2404 370 2457 λίνα
398 2408 488 2458 ἐπὶ
515 2406 652 2458 πολὺ
678 2406 951 2479 διάστημα
980 2408 1082 2461 κᾶν
1111 2410 1202 2462 ἐπὶ
1220 2410 1629 2482 τεσσαράκοντα
1649 2411 1829 2482 μίλια*

257 2495 391 2547 ὥστε
431 2499 479 2549 εἰ
528 2497 842 2567 εὐρῐσκεται
893 2499 1000 2552 ἔσω
1039 2499 1148 2552 τῶν
1182 2500 1362 2564 λίνων,
1397 2501 1706 2574 ἀγρεύσωσι
1739 2505 1832 2557 καὶ

255 2585 614 2640 ἀποκτείνωσι
661 2587 889 2652 κὸντοις.
930 2590 1143 2660 Εὑρέθη
1176 2591 1232 2644 δὲ
1271 2594 1300 2644 6
1332 2593 1509 2664 γέρων
1547 2596 1684 2665 μετὰ
1721 2594 1831 2648 τῶν

254 2673 342 2726 δύο
370 2675 629 2746 μαθητῶν
662 2676 846 2732 αὑτοῦ.
887 2679 996 2731 Kal
1029 2678 1354 2750 θεασάμενοι
1397 2682 1560 2736 αὑτὸν
1592 2684 1829 2756 τριχὼδη

256 2764 345 2815 καὶ
376 2765 452 2827 ὡς
482 2765 697 2836 ἄγριον,
734 2767 1133 2839 ἐξεπλάγησαν,
1165 2773 1259 2824 καὶ
1290 2769 1442 2826 εἷπον
1471 2773 1620 2845 αὐτῷ
1641 2791 1653 2804 ’
1697 2777 1828 2827 Ἀν-

253 2854 464 2926 θρωπος
503 2855 612 2930 εἷῆ
648 2860 886 2931 πνεῦμα,
931 2863 1051 2916 εἰπὲ
1086 2866 1234 2934 ἡμῖν.
1275 2867 1384 2918 Kal
1424 2863 1576 2920 εἶπεν
1602 2869 1784 2931 αὐτοῖς
1811 2886 1822 2898 ·

257 2948 572 3020 ⁸Ἀνθρωπος
617 2953 730 3022 εἰμι
786 2955 1142 3026 ἁμαρτωλός-ο
1191 2961 1284 3012 καὶ
1329 2959 1551 3028 ἐξῆλθον
1598 2961 1827 3016 κλαῦσαι

249 3036 342 3100 τὰς
363 3039 639 3109 ἁμαρτίας
669 3059 768 3111 μου
792 3060 803 3072 ⁸
830 3045 924 3096 καὶ
944 3048 1230 3116 προσκυνῶ
1261 3048 1464 3120 Ἰησοῦν
1486 3050 1576 3103 τὸν
1593 3051 1828 3122 Χριστὸν

248 3128 333 3181 τὸν
368 3130 499 3183 Υξὸν
541 3131 636 3185 τοῦ
673 3133 808 3187 Θεοῦ
853 3135 946 3189 τοῦ
981 3137 1200 3202 ζῶντος.
1237 3141 1298 3193 Οἱ
1341 3141 1397 3193 δὲ
1441 3136 1592 3195 εἶπον
1638 3143 1786 3214 αὑτῷ
1809 3160 1820 3172 ·

1940 1931 2150 1974 senex:
2212 1922 2338 1989 Abi,
2384 1933 2437 1981 et
2486 1928 2684 1993 dormi.
2717 1935 2890 1992 donec
2926 1941 3205 1999 advenerit
3251 1945 3515 2007 Dominus

1939 2015 2100 2079 atque
2127 2014 2448 2075 excitaverit
2489 2031 2560 2078 te.

2005 2123 2060 2180 ε.
2104 2125 2218 2198 (45)
2259 2130 2408 2190 Alias
2441 2135 2720 2198 habitante
2763 2163 2828 2202 co
2853 2163 2976 2205 cum
3016 2153 3233 2212 duobus
3271 2157 3515 2230 discipu-

1939 2216 2004 2271 lis
2031 2217 2084 2272 in
2110 2219 2350 2282 Persidis
2382 2226 2602 2296 ﬁnibus,
2625 2235 2734 2292 duo
2760 2239 2856 2296 mu
2881 2244 3050 2314 regis,
3079 2246 3279 2304 fratres
3315 2216 3513 2305 seu..-

1935 2309 2062 2363 dum
2095 2325 2335 2381 carnem,
2383 2325 2589 2390 egressi
2639 2336 2766 2382 sunt
2797 2333 2863 2386 ad
2896 2346 3219 2392 consuetam
3265 2343 3512 2396 venatio-

1936 2414 2081 2454 nem.
2111 2401 2485 2465 Extenderunt
2520 2424 2700 2472 autem
2738 2422 2872 2477 retia
2907 2425 2972 2480 ad
3014 2428 3241 2484 multum
3273 2434 3510 2501 spatium

1939 2507 2037 2563 per
2062 2498 2420 2569 quadraginta
2447 2505 2663 2562 circiter
2698 2511 2971 2582 milliaria,
2999 2528 3055 2571 ut
3083 2498 3346 2592 quidquid
3375 2538 3512 2580 con-

1938 2581 2152 2638 clusum
2215 2587 2426 2656 fuisset,
2474 2605 2820 2667 venarentur,
2883 2605 3172 2678 contisque
3237 2612 3510 2670 interfice-

1938 2683 2078 2729 rent.
2121 2675 2394 2749 Repertus
2428 2693 2607 2740 autem
2637 2697 2720 2744 est
2766 2693 2908 2749 intra
2931 2675 3096 2753 seneti
3138 2716 3260 2756 cum
3293 2703 3509 2764 duobus

1932 2764 2242 2837 discipulis.
2283 2771 2454 2838 Quem
2481 2777 2661 2833 intuiti
2685 2781 2919 2852 pilosqu
2951 2803 3015 2843 ac
3045 2791 3191 2846 velut
3215 2804 3507 2864 agrestem,

1931 2855 2369 2928 obstupuerunt,
2404 2867 2771 2942 dixeruntque
2819 2877 2867 2930 ei
2902 2895 2914 2931 :
2945 2878 3106 2937 Sisne
3183 2855 3367 2948 hoino,
3422 2891 3507 2944 vel

1931 2948 2182 3016 spiritus,
2239 2955 2398 3012 nobis
2444 2959 2703 3018 edissere.
2767 2965 3100 3038 Respondit:
3152 2973 3327 3032 llomo
3384 2994 3508 3036 sum

1933 3048 2208 3108 peccator,
2241 3047 2332 3114 qui
2357 3049 2464 3103 exii
2502 3059 2560 3106 ut
2586 3053 2839 3112 deﬂerem
2884 3073 3106 3130 peccata
3139 3081 3296 3135 mea;
3334 3071 3508 3130 adoro

1930 3141 2108 3189 autem
2140 3134 2326 3192 Jesum
2347 3140 2624 3199 Christum
2673 3147 2866 3206 Filium
2898 3152 2991 3209 Dei
3039 3134 3288 3218 viventis.
3331 3163 3399 3220 At
3429 3167 3505 3223 illi

250 3218 358 3272 Οὐκ
384 3219 537 3273 ἐστιν
571 3223 730 3288 ἄλλος
752 3224 904 3290 Θεὸς,
937 3227 1074 3300 πλὴν
1101 3228 1196 3282 τοῦ
1227 3231 1378 3302 ἡλίου
1412 3232 1503 3285 καὶ
1530 3231 1622 3286 τοῦ
1655 3202 1825 3305 πυρὸς

2898 3202 2991 3209 _--
3048 3202 3288 3218 ...........
3429 3202 3505 3223 ...ι

1932 3224 1999 3278 ad
2021 3241 2144 3282 eum
2176 3245 2190 3282 :
2231 3229 2347 3286 Non
2385 3244 2472 3290 est
2524 3238 2664 3296 alius
2694 3240 2838 3299 Deus
2868 3257 3063 3315 praeter
3103 3254 3294 3321 solem,
3324 3257 3505 3328 ignem

247 3312 337 3363 zeal
381 3313 476 3366 τοῦ
525 3313 752 3378 ὕδατος·
783 3317 818 3371 ἃ.
871 3319 1140 3374 ἐσέϐοντο.
1196 3323 1354 3376 Ἀλλὰ
1397 3325 1682 3396 πρόσελθε,
1732 3328 1826 3380 καὶ

246 3403 503 3459 ἐπίθυσον
557 3409 761 3471 αὐτοῖς.
809 3411 867 3463 'O
912 3412 968 3464 δὲ
1009 3409 1161 3467 εἶπεν
1220 3417 1432 3480 αὐτοῖς·
1475 3417 1660 3472 Ταῦτα
1710 3420 1826 3473 κτι-

249 3496 427 3565 σματά
456 3499 588 3562 εἰσι,
640 3500 732 3552 καὶ
762 3500 1035 3556 πλανᾶσθε
1057 3520 1071 3534 ·
1119 3504 1255 3558 ἀλλὰ
1303 3508 1636 3578 παρακαλῶ,
1672 3509 1819 3581 ὑμᾶς

246 3585 574 3658 ἐπιστρέψαι
605 3589 700 3641 καὶ
741 3588 944 3658 γνῶναι
989 3592 1080 3645 τὸν
1108 3593 1358 3664 ἀληθινὸν
1393 3596 1524 3650 Θεὸν
1569 3597 1662 3650 τὸν
1709 3599 1823 3650 κτξι

247 3691 413 3730 σαντα
450 3677 630 3733 ταῦτα
665 3680 863 3735 πάντα.
896 3683 1059 3736 Αὐτοὶ
1083 3683 1140 3737 δὲ
1185 3681 1364 3738 εἷπον·
1400 3687 1504 3740 Τὸν
1559 3705 1822 3759 κατακρι-

248 3767 405 3824 θέντα
436 3771 535 3824 καὶ
571 3773 952 3844 σταυρωθέντα
989 3774 1168 3845 λέγεις
1191 3777 1324 3830 Θεὸν
1347 3774 1486 3831 εἶναι
1525 3779 1816 3850 ἁληθινὸν;

246 3859 351 3913 Καὶ
381 3860 579 3929 λέγειό
608 3862 786 3934 γέρων
805 3880 818 3893 ·
853 3864 957 3919 Τὸν
988 3867 1374 3938 σταυρώσαντα
1399 3869 1496 3940 τὴν
1525 3870 1820 3942 ἁμαρτίαν,

244 3952 335 4004 καὶ
366 3953 766 4008 ἀποκτείναντα
788 3955 880 4009 τὸν
908 3957 1154 4024 θάνατον,
1176 3960 1336 4012 αὑτὸν
1359 3960 1502 4030 λέγω
1524 3957 1662 4015 εἶναι
1689 3962 1821 4016 Θεὸν

242 4043 514 4114 ἀληθινόν.
539 4048 704 4102 Αὐτοὶ
729 4049 786 4102 δὲ
819 4049 1197 4120 βασανίζοντες
1223 4053 1386 4106 αὐτὸν
1419 4053 1558 4124 μετὰ
1587 4056 1680 4108 καὶ
1712 4055 1820 4108 τῶν

238 4136 507 4207 ἀδελφῶν,
532 4141 845 4211 ἠνάγκαζον
875 4143 1042 4198 θύειν.
1076 4145 1186 4197 Kal
1215 4145 1386 4200 πολλὰ
1409 4146 1816 4216 βασανίσαντες,

239 4229 650 4300 ἀπεκεφάλισαν
698 4235 824 4298 τοὺς
865 4234 957 4288 δύο
1017 4235 1307 4304 ἀδελφοῦςο
1351 4239 1440 4291 τὸν
1488 4239 1546 4292 δὲ
1591 4239 1818 4312 γέροντα

239 4321 330 4374 ἐπὶ
352 4323 554 4386 πολλὰς
577 4326 786 4397 ἡμέρας
822 4325 1137 4392 ἐϐασάνιζον
1157 4345 1169 4358 ·
1196 4328 1420 4400 ὕστερον
1453 4332 1530 4396 δὲ,
1560 4336 1625 4404 τῇ
1653 4334 1815 4405 τέχνῃ

240 4414 415 4467 αὐτῶν
439 4415 676 4486 ἔστησαν
704 4418 864 4472 αὐτὸν
885 4421 964 4482 εἰς
989 4419 1051 4472 τὸ
1081 4420 1265 4491 μέσον,
1295 4424 1388 4475 καὶ
1416 4422 1641 4495 ἔρριψαν
1663 4425 1814 4497 βέλη,

239 4508 267 4557 ὀ
289 4501 367 4570 εἷς
400 4507 731 4580 ἔμπροσθεν,
759 4511 853 4565 καὶ
890 4515 918 4566 6
956 4507 1034 4578 εἷς
1061 4514 1283 4568 ὄπισθεν
1324 4514 1512 4591 αὐτοῦ.
1542 4518 1713 4582 Αὐτὸς
1756 4519 1812 4573 δὲ
1844 4536 1888 4590 ι)

239 4592 388 4650 εἶτεν
417 4599 602 4662 αὐτοῖς
623 4616 637 4630 ο
670 4600 888 4672 Ἐπειδὴ
920 4604 1175 4672 γεγόνατε
1210 4605 1267 4656 ἐν
1305 4606 1544 4677 ὁμονοίᾳ,
1576 4607 1668 4659 καὶ
1718 4609 1812 4660 ἐκ-

238 4689 386 4758 χέετε
436 4685 581 4760 αἷμα
618 4692 831 4757 ἀθῶον,
871 4695 928 4747 ἐν
962 4699 1060 4766 μιᾷ
1109 4699 1248 4767 ῥοπῇ
1296 4695 1482 4768 αὔριον
1532 4702 1699 4772 ταύτῃ
1746 4704 1811 4772 τῇ

235 4779 373 4852 ὥρα,
400 4781 734 4854 ἀτεκνωθείη
767 4785 800 4854 ἡ
837 4787 1017 4857 μήτηρ
1052 4787 1205 4857 ὑμῶν
1239 4788 1332 4855 ἀφ’
1362 4789 1535 4859 ὑμῶν,
1564 4792 1658 4844 καὶ
1693 4809 1809 4844 στεο

240 4872 426 4942 ρηθεὶη
476 4874 578 4943 τῆς
616 4876 835 4946 ἀγάπης
887 4879 1040 4947 ὑμῶν
1066 4921 1080 4944 ,
1131 4882 1366 4946 καὶτοῖς
1419 4885 1567 4948 ἰδίοις
1603 4885 1813 4954 βέλεσιν

240 4961 480 5034 ἀλλήλων
528 4965 600 5019 τὰ
646 4968 852 5038 αἵματα
882 4970 1126 5042 ἐκχέητε.
1179 4975 1705 5046 Καταφρονήσαντες
1755 4979 1811 5031 δὲ

237 5054 324 5108 τοῦ
363 5059 609 5129 ῥήματος
640 5060 827 5125 αὑτοῦ,
866 5057 1030 5132 ἦλθον
1053 5065 1144 5117 ἐπὶ
1179 5065 1276 5135 τὴν
1307 5065 1493 5137 αὔριον
1523 5069 1807 5139 θηρεῦσαι.

239 5147 344 5200 Kal
373 5149 623 5219 ὲξήλισεν
649 5151 742 5204 ἀπ’
774 5151 952 5204 αὐτῶν
987 5154 1084 5222 μία
1109 5154 1324 5223 ἔλαφος.
1353 5157 1459 5209 Kal
1489 5157 1811 5221 καθίσαντες

241 5239 345 5301 τοῖς
381 5236 569 5302 ἵπποις
597 5278 613 5302 ,
657 5239 998 5311 κατέδραμον
1036 5242 1127 5294 ἐπὶ
1153 5241 1212 5295 τὸ
1240 5243 1564 5297 καταλαϐεῖν
1603 5247 1770 5316 αὐτήν
1791 5266 1806 5280 ο

243 5328 330 5380 tul
373 5330 629 5398 ῥίψαντες
680 5330 806 5401 βέλη
838 5335 956 5385 κατ’
987 5333 1155 5405 αὐτῆς
1175 5376 1188 5399 ,
1231 5336 1526 5408 ἐκόλλησαν
1560 5337 1808 5410 ἀλλήλοις

243 5422 378 5473 κατὰ
398 5421 494 5493 τῆς
529 5422 755 5494 καρδίας
792 5425 995 5476 ἑαυτῶν
1016 5441 1029 5452 '
1053 5429 1195 5481 κατὰ
1215 5428 1274 5480 τὸ
1299 5429 1446 5500 ῥῆμα
1480 5431 1573 5483 τοῦ
1614 5433 1807 5503 γέρον-

241 5523 328 5570 ·υῡς
355 5509 384 5561 ὃ
423 5507 574 5565 εἶπεν
614 5514 816 5577 αὐτοῖς,
881 5515 1270 5588 καταρώμενος
1307 5520 1506 5582 αὐτοῖς.
1549 5523 1658 5574 Kal
1699 5522 1808 5574 ἁπ-
1859 5598 1867 5606 .

243 5596 448 5656 έθανον.

313 5801 417 5872 (ιιι)
453 5802 554 5858 νει.
592 5805 743 5858 Patr.
774 5821 870 5870 vn,
907 5807 985 5860 l2.

472 5901 742 5961 Ρλτειοι.
793 5902 911 5965 (in.
965 5903 1144 5965 LXV.

1927 3322 1981 3369 et
2027 3332 2258 3388 aquam;
2291 3337 2412 3392 quae
2453 3326 2664 3384 scilicet
2702 3332 2812 3404 ipsi
2858 3337 3181 3398 adorabant.
3217 3322 3386 3417 Igitu-r
3413 3365 3506 3404 ac-

1925 3405 2080 3477 cede,
2111 3411 2288 3482 iisque
2317 3417 2586 3475 sacrifica.
2625 3419 2762 3477 Tum
2793 3425 2904 3491 ille,
2936 3427 3082 3495 Haec,
3114 3432 3316 3504 inquit,
3346 3453 3504 3495 crea-

1925 3503 2064 3552 turae
2091 3509 2257 3566 sunt,
2287 3519 2494 3577 vosque
2536 3511 2732 3568 erratis
2770 3531 2782 3567 :
2830 3517 2923 3570 sed
2968 3503 3221 3588 obsecro,
3272 3540 3505 3584 conver-

1926 3585 2123 3650 timini,
2161 3595 2480 3662 cognoscite
2516 3612 2702 3655 verum
2743 3600 2947 3671 Deum,
2982 3611 3228 3668 omnium
3269 3615 3502 3674 istorum

1925 3685 2250 3738 creatorem.
2287 3682 2626 3756 Exceperuut
2660 3710 2672 3746 :
2715 3694 2838 3750 Ain‘
2886 3702 3307 3760 condemnatum
3347 3707 3504 3767 illum

1927 3769 2187 3837 crucique
2208 3771 2425 3829 allixum
2448 3819 2463 3842 ,
2500 3795 2622 3837 esse
2646 3799 2835 3840 verum
2883 3787 3096 3846 Deum?
3125 3796 3238 3866 (46)
3271 3795 3449 3858 Senex
3482 3821 3496 3857 :

1925 3857 2059 3912 Eum
2092 3861 2182 3931 qui
2213 3867 2364 3920 cruci
2405 3869 2571 3926 aﬂixit
2595 3888 2899 3944 peccatum,
2933 3892 2986 3936 et
3013 3888 3214 3943 occidit
3246 3901 3499 3962 mortem,

1925 3947 2072 4003 hunc
2103 3951 2312 4008 allirmo
2356 3971 2480 4012 esse
2520 3975 2708 4017 verum
2740 3965 2931 4022 Deum.
2963 3971 3133 4030 Porro
3160 3977 3195 4031 ii
3226 3987 3499 4039 tormenta

1923 4047 2038 4092 tum
2085 4039 2186 4110 ipsi
2239 4050 2355 4098 tum
2397 4045 2659 4107 fratribus
2710 4055 3044 4127 inferentes,
3104 4071 3501 4138 compellebant

1924 4127 1991 4181 ad
2017 4131 2458 4192 sacriﬁcandum.
2495 4138 2574 4194 Ac
2610 4151 2732 4209 post
2777 4148 2976 4206 multos
3017 4157 3316 4226 cruciatus,
3357 4162 3498 4218 duos

1923 4217 2121 4273 fratres
2162 4221 2339 4292 capite
2373 4231 2742 4298 truncarunt;
2775 4249 2957 4289 senem
3002 4255 3130 4295 vero
3163 4258 3260 4313 per
3291 4248 3496 4304 multos

1920 4310 2039 4366 dies
2073 4316 2361 4371 tormentis
2396 4318 2769 4388 subjecerunt.
2809 4323 3010 4385 Deinde
3045 4347 3109 4386 ex
3142 4343 3259 4390 arte
3286 4353 3385 4392 sua
3419 4357 3498 4395 ve-

1922 4404 2135 4456 natoria
2160 4405 2564 4464 collocaverunt
2590 4411 2740 4466 illum
2776 4415 2828 4468 in
2871 4419 3052 4474 medio
3070 4462 3086 4486 ,
3113 4434 3167 4478 et
3195 4428 3496 4487 emiserunt

1922 4490 2174 4559 sagittas,
2201 4509 2344 4550 unus
2373 4505 2520 4563 ante,
2545 4514 2572 4552 a
2606 4512 2757 4572 tergo
2789 4505 2944 4561 alter.
2980 4507 3133 4566 Tunc
3164 4531 3328 4572 senex
3355 4519 3494 4576 dixit

1918 4584 1997 4639 eis
2035 4603 2048 4638 :
2087 4584 2534 4658 Quandoquidem
2586 4609 2696 4650 uno
2749 4611 3022 4655 consensu
3061 4603 3337 4664 cmiuditis
3368 4627 3494 4667 san-

1917 4676 2136 4745 guinem
2194 4679 2561 4750 innocentem,
2615 4685 2668 4739 in
2731 4701 3006 4745 momento
3043 4711 3151 4750 uno
3189 4713 3331 4766 cras,
3390 4703 3492 4758 hac

1916 4769 2033 4836 ipsa
2092 4769 2248 4836 hora,
2303 4781 2478 4826 mater
2527 4784 2705 4830 vestra
2760 4781 3046 4838 orbabilur
3085 4789 3239 4844 vobis
3301 4791 3490 4850 liberis

1916 4860 2055 4922 suis,
2105 4863 2518 4934 privabiturque
2550 4867 2820 4925 cbaritatc
2864 4885 3064 4943 vestra,
3100 4896 3312 4938 necnon
3359 4903 3488 4956 pro-

1917 4951 2050 5017 priis
2073 4952 2274 5020 jaculis
2313 4968 2561 5011 mutuum
2591 4964 2907 5031 sanguinem
2943 4969 3204 5026 l'undetis.
3245 4973 3324 5029 Illi
3359 4992 3487 5031 ora-

1916 5041 2118 5096 tionem
2146 5045 2265 5113 ejus
2305 5047 2456 5102 nihili
2491 5054 2805 5120 pendentes,
2846 5058 3074 5126 profecti
3107 5073 3234 5118 sunt
3265 5077 3486 5136 postero

1914 5133 2002 5187 die
2033 5135 2099 5187 ad
2131 5145 2406 5194 venatum.
2439 5139 2576 5196 Ecce
2598 5146 2794 5198 extulit
2829 5162 2888 5202 se
2919 5150 3062 5205 inter
3082 5153 3231 5222 ipsos
3264 5172 3482 5214 cervus.

1915 5223 2068 5279 llnde
2092 5228 2409 5282 conscensis
2440 5232 2615 5300 equis,
2644 5250 3025 5303 cucurrerunt,
3051 5254 3108 5295 ut
3135 5249 3484 5314 comprehen-

1913 5315 2134 5382 derent,
2161 5334 2393 5389 cumque
2418 5323 2602 5390 jacula
2649 5328 2993 5394 emisissent,
3025 5334 3256 5390 invicem
3299 5339 3484 5406 perfo-

1911 5407 2108 5461 derunt
2153 5411 2350 5475 corda;
2387 5415 2687 5467 secundum
2739 5419 2958 5472 verbum
3009 5425 3151 5490 quod
3182 5427 3482 5494 protulerat

1910 5513 2097 5565 senex,
2133 5500 2198 5555 iis
2227 5504 2579 5571 imprecatus.
2608 5505 2784 5577 Atque
2823 5509 2894 5562 ita
2928 5514 3125 5566 mortui
3161 5522 3308 5577 sunt.

1978 5816 2091 5884 (ιϐ)
2123 5813 2436 5886 Martyrium
2471 5817 2654 5888 lguutii
2688 5837 2738 5875 n.
2776 5823 2826 5876 6.
