4032 6334
469 338 601 409 ἀεὶ)

476 438 479 451 ί
1000 452 1089 508 'De
1120 452 1305 507 abbate
1335 448 1520 505 Notio.

557 546 609 598 1.
640 543 752 615 (47)
779 541 969 600 Frater
994 543 1341 613 interrogavit
1376 542 1624 597 abbatem
1661 540 1905 607 Metium,
1942 540 2050 595 hoc

487 633 859 690 sermone:Si
897 632 1080 687 abiero
1130 630 1199 685 ad
1251 631 1579 688 manendum
1634 631 1857 696 alicubi,
1908 644 2049 701 quo-

487 723 648 779 modo
702 721 784 777 vis
847 721 959 775 illic
988 720 1227 790 (legam?
1275 721 1575 792 ReSpondit
1627 736 1829 778 senex:
1883 718 1942 774 Si
1996 719 2051 774 in

486 812 743 884 quopiam
776 812 897 866 loco
926 810 1284 875 habitaveris,
1311 812 1423 867 noli
1453 811 1553 866 tibi
1601 826 1798 866 nomen
1830 810 1885 864 in
1915 824 2051 880 quo-

487 917 650 975 quam
679 901 973 957 conciliare
999 940 1014 967 ,
1044 901 1278 958 dicendo
1306 921 1319 957 :
1374 902 1494 957 Non
1541 901 1739 958 accedo
1787 901 1856 955 ad
1889 901 2055 955 colle-

470 999 630 1049 ‘ctam
657 1007 672 1058 ;
701 991 807 1058 vel,
838 990 898 1045 In
924 1006 1096 1063 agape
1123 1007 1234 1048 non
1263 993 1510 1049 comedo.
1533 991 1660 1048 Haec
1679 990 1823 1047 enim
1852 1004 2052 1044 vanum

487 1097 688 1139 nomen
710 1081 969 1148 efﬁciunt,
989 1090 1284 1155 posteaque
1304 1085 1512 1141 incides
1533 1084 1588 1139 in
1619 1084 2048 1138 turbamentum.

489 1173 621 1229 Nam
651 1173 899 1229 homines
928 1174 1021 1229 ubi
1069 1174 1173 1229 ista
1205 1176 1513 1247 reperiunt,
1547 1174 1620 1229 ibi
1659 1181 1905 1228 currunt.
1963 1173 2054 1225 Ait

486 1261 684 1320 lterum
736 1262 942 1319 frater:
1003 1263 1144 1331 Quid
1182 1280 1310 1336 ergo
1361 1264 1606 1319 faciam?
1660 1263 1797 1319 Tum
1828 1278 1991 1319 senex
2028 1280 2042 1316 :

486 1353 831 1426 Ubicunque,
869 1356 1063 1425 inquit,
1091 1356 1382 1419 resederis,
1409 1369 1564 1424 aequo
1604 1352 1740 1425 pede
1770 1367 1892 1408 cum
1932 1367 2050 1407 om-

484 1445 650 1502 nibus
671 1446 860 1502 incede
886 1463 901 1511 ;
929 1453 981 1501 et
1013 1445 1275 1516 quidquid
1309 1444 1508 1500 videris
1537 1444 1652 1499 fieri
1702 1456 1734 1497 a
1791 1442 1926 1498 viris
1982 1440 2051 1496 de

487 1549 721 1606 quorum
751 1536 949 1606 pietate
978 1543 1160 1591 certus
1190 1550 1270 1597 es.
1320 1534 1374 1589 id
1428 1534 1614 1598 facito,
1664 1542 1903 1604 tuncque
1958 1547 2048 1590 rc-

486 1625 668 1694 quiem
702 1629 1073 1696 consequeris.
1125 1624 1238 1680 Hoc
1284 1625 1485 1696 quippe
1536 1625 1816 1679 humilitas
1862 1630 1965 1688 est,
1998 1632 2051 1680 te

1592 412 1598 418 .
1656 329 2008 390 APPENDIX
2046 331 2138 388 AD
2168 332 2582 391 PALLADIUM.

2082 452 2129 509 Δ

3615 336 3727 392 300

2571 448 2713 519 Περι
2741 446 2847 504 τοῦ
2876 447 3026 507 ἀϐϐἅ
3056 446 3304 505 Mariae.
3353 447 3370 462 ‘

2226 541 2295 596 a'.
2343 540 2593 612 Ἀδελφὸς
2618 538 2869 613 ἠρώτησε
2890 541 2980 595 τδν
3007 538 3182 595 ὰϐϐἄν
3206 537 3421 593 Μώτιον
3442 538 3484 604 ⁸,
3516 537 3690 608 λέγων
3710 556 3726 571 ·

2167 632 2292 687 Ἐὰν
2315 631 2532 687 ἀπέλθω
2557 635 2733 704 μεῖναι
2748 633 2827 697 είς
2851 632 3032 697 τόπον,
3061 631 3175 697 πῶς
3189 630 3362 695 θέλεις
3388 628 3555 696 διάξω
3574 632 3729 702 tusi;

2154 723 2316 792 Λέγει
2337 721 2484 794 αὐτῷ
2507 724 2535 776 6
2554 724 2757 794 γέρων·
2788 723 2914 777 Ἐὰν
2932 723 3160 794 οίκήσης
3180 725 3256 786 είς
3278 723 3459 786 τόπον,
3479 721 3554 794 μὴ
3578 720 3735 793 θελή-

2156 830 2256 886 σῃς
2281 814 2531 869 ἐκϐαλεῖν
2553 814 2761 886 σεαυτῷ
2786 815 2958 886 ὄνομα
2983 813 3041 868 ἐν
3069 814 3287 881 τινι,δτι
3315 814 3415 866 οὐκ
3437 812 3732 884 ἐξέρχομαι

2154 909 2234 969 είς
2262 906 2550 977 σύναξιν,ἢ
2571 909 2650 971 είς
2676 907 2894 978 ἀγάπην
2913 907 3012 960 οὐκ
3040 906 3221 959 ἐσθίω.
3236 904 3417 958 Ταῦτα
3432 904 3539 977 γὰρ
3556 904 3735 976 ὄνομα

2155 994 2369 1048 ποιοῦσι
2400 994 2572 1060 κενὸν,
2603 995 2696 1049 καὶ
2724 994 2949 1065 ὕστερον
2969 995 3239 1065 εὑρίσκεις
3269 993 3503 1064 ὄχλησιν.
3527 995 3590 1047 Oi
3617 993 3731 1064 γὰρ

2154 1084 2459 1156 ἄνθρωποι,
2502 1087 2634 1141 ὅπου
2681 1086 2995 1156 εὑρίσκουσι
3045 1086 3250 1149 ταῦτα,
3283 1086 3400 1138 ἐκεῖ
3451 1084 3728 1157 τρέχουσι.

2154 1173 2314 1243 Λέγει
2349 1171 2441 1229 οὖν
2481 1176 2631 1247 αὐτῷ
2677 1178 2705 1230 6
2734 1176 2991 1246 ἀδελφόςο
3041 1175 3105 1229 Τί
3132 1171 3225 1229 οῦν
3260 1177 3505 1247 ποιήσοις
3562 1175 3730 1244 Λέγει

2154 1268 2184 1320 6
2219 1265 2394 1338 γέρων
2418 1283 2431 1296 θ
2471 1267 2646 1320 Ὅπου
2688 1268 2782 1321 ἐὰν
2815 1267 3072 1341 καθίσῃς,
3134 1266 3262 1331 ἴσως
3324 1266 3462 1338 μετὰ
3508 1265 3732 1321 πάντων

2152 1357 2431 1412 ἀκολούθει
2454 1374 2467 1387 ·
2487 1359 2580 1413 καὶ
2607 1358 2662 1412 εί
2696 1375 2748 1413 τι
2778 1358 2992 1429 βλέπεις
3016 1359 3143 1423 τοὺς
3170 1358 3418 1423 εὐλαϐεῖς
3442 1358 3732 1421 ποιοῦντας

2153 1448 2236 1513 είς
2277 1448 2371 1516 οὒς
2419 1451 2762 1525 πληροφορῇ,
2799 1450 3045 1520 ποίησον,
3089 1451 3182 1504 καὶ
3232 1449 3510 1523 ἀναπαύῃ.
3554 1447 3731 1502 Τοῦτο

2152 1538 2262 1611 γὰρ
2289 1539 2617 1605 ταπείνωσις
2646 1541 2785 1605 ἐστι,
2820 1541 2880 1594 τὸ
2908 1535 3050 1595 εἶναί
3076 1556 3137 1594 σε
3172 1541 3368 1606 ἐπίσης
3390 1538 3589 1594 αὐτῶν.
3615 1539 3731 1592 Καὶ

2152 1631 2199 1683 οί
2232 1618 2510 1702 ἅνθρωποι
2536 1631 2867 1703 θεωροῦντες
2901 1649 2958 1685 σε
2992 1633 3012 1664 ⁶
3056 1630 3397 1697 ἐκϐαίνοντα,
3445 1631 3630 1702 ἔχουσί
3666 1647 3729 1683 σε

490 1732 612 1775 uim
648 1717 713 1772 iis
742 1718 966 1788 aequari.
1001 1718 1066 1771 Et
1122 1717 1370 1771 homines
1408 1716 1591 1769 intuiti
1641 1723 1691 1770 te
1729 1722 2049 1772 eaeterornm

2160 1720 2359 1793 ἐπίσης
2394 1722 2642 1777 πόιντων⁹
2683 1724 2776 1775 xal
2807 1723 2984 1787 οὐδείς
3010 1740 3092 1776 σοι
3119 1724 3284 1795 ὀχλεῖ.

490 1805 691 1862 limites
726 1787 831 1861 non
861 1805 1189 1877 transgredi,
1219 1805 1397 1859 instar
1432 1818 1623 1859 eorum
1653 1803 1853 1859 habent
1882 1820 1896 1869 ;
1930 1803 2053 1858 nul-
2087 1787 2131 1844 Β

482 1895 684 1966 Ilusque
709 1895 1036 1951 interturbat
1080 1906 1149 1951 te.

558 1987 612 2041 2.
649 1987 759 2059 (48)
786 1986 1037 2042 Narravit
1070 1986 1137 2043 de
1166 1986 1364 2043 abbate
1393 1986 1560 2041 Motio
1604 1987 1908 2058 discipulus
1935 1986 2055 2058 ejus

490 2076 657 2132 abbas
682 2077 867 2132 Isaac:
900 2077 1059 2133 ambo
1111 2085 1289 2133 autem
1348 2077 1567 2132 fuerunt
1598 2078 1880 2148 episcopi;
1913 2077 2057 2148 quod

489 2164 669 2234 primo
700 2163 988 2220 aedificavit
1010 2165 1115 2227 sibi
1141 2180 1314 2222 senex
1356 2168 1745 2223 monasterium
1779 2167 1847 2222 ad
1880 2165 2050 2223 Hera-

488 2255 630 2311 clam
656 2273 672 2320 ;
701 2256 954 2327 quodque
980 2271 1107 2311 cum
1131 2255 1284 2313 illinc
1314 2258 1657 2324 recessisset,
1685 2264 1857 2327 atque
1878 2258 2057 2314 venis-

490 2354 573 2402 set
630 2346 684 2400 in
724 2347 891 2403 alium
944 2349 1148 2413 locum,
1198 2348 1400 2404 iterum
1464 2348 1772 2405 aediﬁcavit.
1818 2347 1940 2405 Sed
1989 2363 2055 2408 ex

490 2416 844 2509 instigatione
872 2436 1094 2505 diaboli,
1128 2437 1384 2495 inventus
1433 2449 1517 2497 est
1568 2439 1681 2495 illic
1731 2438 1900 2495 frater
1936 2439 2058 2508 qui-

482 2527 612 2582 dam
647 2529 696 2584 ei
720 2528 977 2584 inimicus
1006 2544 1069 2584 ac
1092 2530 1379 2585 molestus.
1410 2527 1566 2585 Unde
1593 2544 1825 2601 surgens
1864 2543 2052 2594 senex,

483 2614 720 2675 secessit
747 2619 814 2674 ad
843 2620 1022 2674 vicum
1048 2635 1231 2687 suum,
1262 2620 1476 2695 sibique
1506 2620 1897 2684 monasterium
1930 2634 2058 2677 con-

485 2707 637 2774 fecit,
670 2708 728 2763 in
786 2723 896 2779 quo
925 2710 1199 2765 conclusit
1260 2725 1401 2767 sese.
1438 2707 1636 2766 Postea
1684 2725 1843 2767 senes
1882 2711 1989 2767 loci
2024 2725 2057 2767 e

485 2811 596 2867 quo
632 2798 861 2861 exierat,
897 2805 1240 2853 assumentes
1266 2798 1430 2853 etiam
1470 2797 1693 2853 fratrem
1736 2799 1833 2868 qui
1867 2797 2057 2855 simul-

490 2895 653 2942 tatem
694 2885 957 2951 adversus
984 2903 1105 2943 eum
1155 2887 1439 2955 habuerat,
1474 2895 1853 2959 perrexerunt,
1905 2902 2057 2958 roga-

485 2976 619 3044 turi,
658 2984 717 3031 ut
747 2976 1069 3032 reducerent
1103 2978 1159 3032 in
1205 2979 1617 3034 monasterium.
1662 2978 1911 3049 Cumque
1958 2991 2057 3048 ap-

486 3067 944 3137 propinquassent
982 3068 1102 3123 loco
1137 3069 1192 3122 in
1233 3083 1343 3140 quo
1377 3067 1602 3139 degebat
1643 3068 1812 3125 abbas
1862 3067 2049 3134 Seres,

485 3157 714 3213 melotes
745 3171 874 3213 suas
902 3165 957 3214 et
993 3156 1215 3214 fratrem
1266 3173 1500 3229 quocum
1537 3158 1824 3237 dmidium
1870 3157 2053 3216 fuerat

485 3248 822 3319 reliquerunt
854 3246 1014 3316 juxta
1048 3264 1192 3303 eum.
1247 3245 1427 3319 thue
1460 3249 1839 3320 pulsaverunt,
1890 3265 2054 3307 senex

484 3342 739 3409 apposuit
764 3352 983 3408 parvam
1015 3340 1214 3396 scalam
1248 3379 1263 3405 ,
1304 3341 1604 3413 prospexit,
1652 3341 1869 3410 agnovit
1916 3355 2011 3396 ens
2035 3381 2051 3405 ,

485 3437 540 3485 et
578 3430 974 3500 interrOgavit:
1037 3428 1139 3485 Ubi
1190 3438 1319 3485 sunt
1370 3430 1599 3489 melotes
1654 3430 1896 3487 vestrm?
1940 3428 2055 3487 Re-

486 3520 869 3590 sponderunt:
908 3520 1008 3587 En,
1046 3521 1147 3575 hoc
1199 3521 1254 3575 in
1315 3522 1433 3575 loco
1471 3560 1486 3585 ,
1540 3535 1664 3577 cum
1718 3521 1811 3577 illo
1869 3522 2056 3577 fratre.

487 3605 788 3681 Postquam
827 3617 1007 3665 autem
1041 3625 1205 3664 senex
1235 3610 1443 3667 audivit
1480 3625 1678 3667 nomen
1731 3610 1919 3666 fratris
1963 3611 2058 3682 qui

486 3714 653 3757 causa
685 3701 920 3756 tristitiae
951 3700 1253 3769 exstiterat,
1288 3716 1400 3773 pra:
1427 3700 1626 3773 gaudio
1672 3702 1862 3759 eduxit
1895 3717 2057 3759 secu-

486 3791 612 3856 rim,
661 3789 933 3862 confregit
992 3792 1215 3856 ostium,
1273 3806 1637 3863 egressusque
1691 3794 1937 3849 cucurrit
1988 3794 2057 3848 ad

485 3878 665 3933 locum
707 3881 762 3933 in
791 3893 900 3949 quo
926 3887 1045 3935 erat
1074 3880 1276 3946 frater;
1315 3895 1379 3936 ac
1436 3881 1591 3952 prior
1642 3881 1950 3938 incurvavit
1997 3899 2057 3940 se

486 3970 737 4040 supplex,
769 3972 1162 4043 amplexusque
1193 3980 1282 4026 est
1318 3972 1494 4040 illum,
1538 3982 1700 4043 atque
1752 3974 2055 4030 introduxit

486 4060 544 4114 in
576 4063 768 4117 cellam
800 4075 976 4118 suam.
1010 4060 1149 4116 Tum
1184 4078 1282 4133 per
1335 4070 1446 4119 tres
1488 4063 1607 4121 dies
1634 4066 1903 4121 recreavit
1934 4080 2053 4131 eos.

482 4166 653 4222 seque
704 4168 828 4207 cum
871 4153 1002 4223 ipsis
1042 4153 1377 4220 oblectavit,
1434 4155 1580 4224 quod
1614 4154 1792 4212 facere
1853 4171 2056 4227 nequa-

481 4256 647 4312 quam
676 4253 1075 4310 consueverat;
1101 4259 1333 4315 surgens
1359 4244 1616 4315 denique,
1645 4261 1751 4300 una
1779 4246 2056 4317 profectus

480 4341 586 4390 est.
622 4332 892 4390 Caeterum
939 4345 1127 4406 postea
1164 4334 1344 4390 factus
1404 4346 1489 4393 est
1555 4337 1867 4408 cpiscopus.
1926 4338 2056 4394 Erat

2230 1962 2295 2031 β’.
2337 1962 2647 2033 Διηγήσατο
2680 1963 2930 2034 περὶτοῦ
2968 1962 3114 2019 esea
3155 1963 3373 2018 Μωτίου
3413 1963 3443 2016 6
3478 1963 3730 2034 μαθητὴς

2159 2051 2323 2105 αὐτοῦ
2355 2052 2529 2116 ἀϐϐἄς
2568 2054 2751 2108 Ἰσαάκ
2770 2070 2784 2085 ·
2814 2055 3115 2127 ἀμφότεροι
3140 2055 3197 2108 δὲ
3232 2053 3483 2125 ἐγένοντο
3506 2055 3733 2109 ἐπίσκο-

2157 2160 2278 2196 πον
2323 2144 2406 2197 ὅτι
2449 2144 2665 2214 πρῶτος
2689 2145 2709 2176 "
2741 2144 3059 2216 ᾠκοδόμησε
3088 2147 3447 2218 μοναστήριον
3478 2149 3507 2201 6
3550 2146 3733 2218 γέρων

2158 2233 2238 2295 είς
2284 2232 2375 2287 τὸν
2416 2234 2725 2306 Ἦρακλᾶν·
2783 2237 2878 2290 καὶ
2933 2236 3009 2300 ὡς
3076 2236 3422 2310 ἀνεχώρησεν
3474 2237 3684 2309 ἐκεῖθεν
3711 2276 3731 2297 ,

2157 2321 2397 2393 ἀπῆλθεν
2456 2327 2534 2388 είς
2579 2325 2767 2396 ἓτερον
2824 2326 3021 2392 τόπον,
3074 2328 3169 2381 καὶ
3215 2327 3561 2398 ᾠκοδόμησεν
3610 2328 3734 2380 ἐκεῖ

2158 2415 2337 2471 πάλιν.
2397 2418 2508 2471 Kal
2546 2421 2666 2471 κατ’
2712 2419 2991 2488 ἐνέργειαν
3037 2419 3131 2473 τοῦ
3196 2419 3476 2482 διαϐόλου,
3525 2418 3734 2491 εὑρέθη

2125 2510 2138 2522 ⁸
2157 2509 2383 2579 ἀδελφός
2408 2527 2492 2573 τις
2523 2510 2823 2582 ἐχθραίνων
2852 2512 3022 2583 αύτῷ,
3051 2512 3143 2565 καὶ
3174 2511 3369 2566 θλίϐων
3401 2511 3582 2566 αὐτόν.
3617 2512 3735 2564 Kal.

2156 2602 2393 2667 ἀναστὰς
2420 2605 2449 2656 6
2480 2603 2657 2675 γέρων
2686 2603 3030 2678 ἀνεχώρησεν
3071 2605 3150 2668 είς
3187 2605 3288 2676 τὴν
3324 2604 3460 2658 ίδίαν
3496 2604 3692 2675 κώμην
3712 2621 3727 2633 ο

2157 2695 2252 2748 καὶ⁵
2289 2695 2543 2765 ἐποίησεν
2593 2695 2770 2767 ἐαυτῷ
2822 2695 3218 2770 μοναστήριον,
3267 2696 3362 2750 καὶ
3421 2694 3732 2750 ἐνέκλεισεν

2158 2785 2370 2839 ἑαυτόν.
2426 2786 2536 2839 Kal
2596 2785 2731 2856 μετὰ
2792 2786 2984 2858 χρόνον
3024 2782 3184 2858 ἦλθον
3233 2787 3284 2840 οι
3322 2787 3576 2859 γέροντες
3626 2785 3726 2840 τοῦ

2155 2878 2321 2930 τόπου
2349 2876 2472 2932 ὅθεν
2492 2878 2810 2949 ἐξῆλθε,κα“ι
2827 2878 3084 2944 λαϐόντες
3112 2880 3314 2934 καὶτὸν
3336 2879 3563 2950 ἀδελφὸν
3591 2881 3731 2934 ὅπου

2157 2962 2269 3039 εἷχε
2305 2969 2441 3041 πρὸς
2477 2969 2638 3023 αὐτὸν
2681 2970 2781 3042 τὴν
2821 2970 3028 3042 λύπην,
3062 2970 3300 3043 ἀπῆλθον
3350 2964 3741 3043 παρακαλέσαι

2155 3043 2339 3125 αὑτὸν,
2368 3060 2455 3113 ἵνα
2485 3060 2778 3131 ἐνέγκωσιν
2809 3063 2970 3117 αὐτὸν
3000 3064 3080 3126 είς
3105 3062 3203 3135 τὴν
3234 3063 3401 3134 μονὴν
3427 3063 3612 3118 αὑτοῦ.
3641 3064 3732 3127 Ὠς

2079 3124 2124 3183 c
2159 3151 2216 3205 δέ
2243 3152 2475 3222 ἤγγισαν
2498 3124 2629 3206 ὅπου
2650 3148 2717 3225 ἧν
2739 3156 2768 3209 6
2790 3153 2964 3218 ἀϐϐᾶς
2985 3124 3195 3227 Σώρης,
3216 3124 3433 3226 ἀφῆκαν
3452 3153 3522 3208 τὰ
3547 3124 3732 3226 μηλιι)ζ

2159 3244 2322 3318 τάρια
2349 3245 2525 3301 αὐτῶν
2549 3245 2716 3314 ἐγγὺς
2740 3239 2926 3314 αὐτοῦ,
2945 3246 3039 3300 καὶ
3067 3247 3157 3301 τὸν
3180 3246 3405 3316 ἀδελφὸν
3421 3246 3510 3301 τὸν
3538 3246 3733 3318 ἔχοντα

2159 3335 2257 3408 τὴν
2282 3335 2480 3408 λύπην.
2508 3338 2617 3392 Kal
2641 3337 2717 3401 ὼς
2738 3336 3023 3409 ἔκρουσαν,
3043 3336 3226 3409 βάλλει
3251 3341 3280 3392 6
3305 3338 3484 3411 γέρων
3517 3340 3577 3392 τὸ
3610 3338 3731 3392 κλι-

2164 3429 2380 3496 μὰκιον,
2410 3431 2502 3482 καὶ
2540 3428 2909 3500 παρακύπτει,
2951 3430 3046 3485 καὶ
3086 3429 3343 3502 γνωρίζει
3383 3429 3600 3497 αὐτοὺς,
3632 3431 3735 3484 καὶ

2158 3520 2306 3588 λέγει
2326 3537 2338 3550 ·
2375 3519 2485 3573 Ποῦ
2526 3520 2594 3573 τὰ
2622 3520 2943 3593 μηλωτὰρια
2970 3519 3162 3592 ύμῶν;
3192 3522 3256 3575 0i
3286 3520 3344 3573 δέ
3376 3517 3532 3573 εἷπον
3551 3537 3564 3549 ·
3597 3519 3731 3572 Ἰδοὺ

2160 3606 2261 3666 ὧδε
2297 3611 2435 3683 μετὰ
2456 3611 2608 3666 τοῦδε
2631 3612 2724 3674 τοῦ
2751 3611 3003 3682 ἀδελφοῦ.
3044 3613 3132 3675 Ὠς
3156 3612 3215 3666 δὲ
3239 3613 3439 3683 ἤκουσε
3470 3611 3532 3663 τὸ
3554 3610 3732 3680 δνομα

2157 3701 2250 3756 τοῦ
2280 3701 2507 3771 ἀδελφοῦ
2566 3701 2660 3755 τοῦ
2704 3701 3044 3773 λυπήσαντος
3087 3702 3271 3769 αὐτὸν,
3329 3705 3358 3755 6
3393 3702 3571 3773 γέρων
3619 3700 3732 3754 ἀπὸ

2157 3795 2329 3865 χαρᾶς
2368 3793 2567 3849 νιξϐοιλε⁸
2596 3794 2849 3860 πέλεκυν,
2881 3794 2972 3848 καὶ
3015 3795 3348 3867 κατέστρεψε
3391 3794 3491 3864 τήν
3532 3792 3727 3864 θύραν,

2157 3884 2251 3937 καὶ
2294 3882 2483 3954 ἐξῆλθε
2521 3883 2730 3956 τρέχων
2758 3884 2892 3939 ὅπου
2927 3879 2994 3956 ἦν
3023 3886 3052 3938 6
3101 3883 3354 3955 ἀδελφός·
3386 3884 3483 3938 καὶ
3535 3881 3733 3936 ἔϐαλεν

2157 3974 2306 4044 αὐτῷ
2345 3974 2634 4044 μετάνοιαν
2665 3975 2901 4047 πρῶτος,
2930 3976 3025 4029 καὶ
3066 3974 3352 4044 ἠσπάσατο
3395 3975 3558 4030 αὐτόν
3580 3993 3592 4004 ·
3636 3976 3735 4029 καὶ

2154 4067 2469 4137 εἰσήνεγκεν
2522 4066 2681 4120 αὑτὸν
2743 4069 2822 4132 εἰς
2872 4067 2936 4120 τὸ
2976 4066 3183 4123 κελλξον
3239 4066 3404 4120 αὐτοῦ
3431 4083 3447 4099 ο
3495 4067 3589 4120 καὶ
3637 4066 3736 4119 ἐπὶ

2154 4161 2303 4231 τρεῖς
2332 4158 2545 4230 ἡμέρας
2573 4157 2840 4229 εὔφρανεν
2880 4157 3078 4222 αὐτούς
3098 4175 3109 4188 ·
3146 4158 3241 4213 καὶ
3266 4157 3429 4221 αὐτὸς
3475 4156 3590 4227 μετ’
3626 4156 3731 4210 αῦ-

2153 4251 2294 4305 τῶν·
2328 4253 2464 4324 ὅπερ
2508 4251 2609 4306 οὐκ
2641 4246 2750 4323 εἷχε
2793 4251 3077 4322 συνήθειαν
3109 4252 3315 4305 ποιεῖν’
3351 4248 3447 4304 καὶ
3490 4246 3734 4310 ἀναστὰς

2155 4344 2420 4417 ἐπορεύθη
2472 4344 2588 4415 μετ’
2637 4342 2840 4398 αὐτῶν.
2882 4343 2992 4399 Kal
3021 4341 3160 4413 μετὰ
3210 4342 3382 4396 ταῦτα
3432 4341 3735 4403 ἐπίσκοπος

479 4427 624 4482 enim
654 4426 1041 4481 miraculorum
1078 4425 1316 4482 effector.
1356 4426 1462 4483 Sed
1498 4437 1551 4485 et
1577 4427 1905 4499 discipulum
1928 4430 2050 4499 ejus

2155 4431 2396 4502 γέγονεν.
2439 4427 2547 4485 Ἦν
2602 4430 2710 4503 γὰρ
2754 4431 3131 4503 σημειοφόρος.
3171 4431 3283 4486 Kal
3335 4431 3427 4485 τὸν
3481 4428 3731 4500 μαθητὴν

479 4515 732 4570 abbatem
822 4516 1065 4572 Isaacum
1118 4515 1334 4572 beatus
1407 4517 1643 4587 Cyrillus
1731 4520 2047 4590 episcopum

480 4608 705 4662 creavit.

959 4719 1032 4775 De
1054 4719 1242 4775 abbate
1277 4719 1559 4793 Megethio.

518 4800 605 4885 et.
662 4829 913 4887 Relatum
962 4831 1064 4890 fuit
1118 4833 1185 4890 de
1271 4835 1464 4891 abbate
1526 4835 1821 4907 Megethio,
1899 4840 2046 4908 quod

2156 4520 2322 4574 αὑτοῦ
2352 4521 2607 4592 ἐποίησεν
2638 4521 2932 4576 ἐπίσκοπον
2960 4524 2992 4575 6
3022 4522 3286 4595 μακάριος
3317 4520 3583 4594 Κύριλλος
3634 4521 3732 4574 τὸν

2156 4611 2332 4666 ἁϐϐἇν
2369 4612 2573 4667 Ἰσαάκ.

2544 4725 2683 4793 Περὶ
2711 4724 2815 4779 τοῦ
2844 4723 2994 4779 ἀϐϐἆ
3023 4727 3335 4796 Μεγεθιόυ.

2221 4842 2294 4892 α’.
2339 4836 2561 4906 Ἔλεγον
2589 4839 2717 4909 περὶ
2742 4838 2837 4892 τοῦ
2865 4837 3009 4892 ἁϐϐᾶ
3037 4839 3332 4907 Μεγεθίου,
3357 4838 3440 4892 ὅτι
3463 4838 3728 4909 ἐξήρχετο

480 4937 705 4993 egresso
738 4936 803 4979 eo
831 4939 862 4980 c
891 4925 1049 4991 cella,
1107 4927 1156 4982 si
1182 4936 1416 4983 mentem
1471 4927 1731 4983 subiisset
1788 4929 2045 5000 cogitatio

2153 4928 2242 4984 τοῦ
2273 4929 2484 4984 κελλίου
2504 4946 2519 4960 ⁸
2550 4929 2646 4984 καὶ
2681 4930 2729 4983 εἰ
2763 4931 2962 5002 ἦρχετο
3011 4931 3161 5002 αὐτῴ
3206 4932 3466 5001 λογισμὸς
3511 4931 3733 5001 ἀναχωη

477 5012 766 5083 secedendi
797 5031 826 5071 e
851 5015 993 5080 loco,
1021 5032 1129 5072 non
1160 5017 1539 5089 regrederetur
1560 5019 1613 5074 in
1639 5020 1831 5075 cellam
1861 5036 2041 5077 suam.

472 5099 619 5159 Nihil
658 5103 861 5175 quippe
897 5105 1142 5162 materiae
1165 5121 1234 5162 ex
1294 5107 1398 5162 hoc
1449 5108 1651 5163 saeculo
1700 5106 2039 5178 possidebat,

472 5196 582 5257 nisi
612 5211 770 5252 acum
801 5210 965 5252 unam
1000 5211 1109 5267 qua
1131 5197 1339 5268 palmas
1368 5212 1497 5253 suas
1520 5197 1824 5254 scindebat.
1860 5196 2042 5253 Conﬂ-

470 5289 650 5348 cichat
685 5289 831 5347 enim
887 5289 1127 5361 quotidie
1182 5300 1296 5348 tres
1347 5293 1661 5363 sportellas,
1719 5292 1864 5347 unde
1921 5292 2036 5348 ale-

471 5379 658 5437 batur.

2152 5022 2312 5094 ρῆσαι
2344 5023 2410 5076 ἐκ
2428 5021 2523 5076 τοῦ
2546 5023 2732 5089 τόπου,
2764 5025 2865 5076 οὐκ
2905 5023 3256 5094 ἁνέκαμπτεν
3288 5025 3367 5087 είς
3401 5024 3500 5094 τὴν
3528 5023 3733 5077 κέλλαν

2153 5115 2341 5171 αὐτοῦ.
2360 5116 2493 5170 Οὐδὲ
2517 5116 2624 5189 γὰρ
2652 5111 2765 5185 εἶχέ
2791 5114 2842 5168 τί
2860 5130 2989 5169 ποτε
3011 5114 3107 5168 τοῦ
3126 5114 3323 5178 αἰῶνος
3350 5114 3543 5168 τούτου
3566 5113 3726 5186 ὕλην,

2152 5209 2200 5261 εἰ
2231 5206 2306 5279 μὴ
2355 5208 2551 5279 ῥαφίδα
2580 5208 2709 5278 μίαν
2740 5208 2876 5260 ὅπου
2919 5207 2986 5260 τὰ
3024 5206 3213 5261 θαλλία
3250 5205 3494 5278 ἔσχιζεν·
3536 5206 3733 5278 είργά-

2149 5295 2275 5360 ζετο
2301 5298 2410 5370 γὰρ
2435 5296 2558 5353 καθ’
2589 5297 2800 5368 ἡμέραν
2830 5297 2955 5369 τρία
2987 5297 3246 5368 μαλάκια,
3275 5296 3335 5351 τὸ
3374 5296 3477 5370 τῆς
3511 5298 3726 5370 τροφῆς

2152 5390 2336 5447 αὐτοῦ.

522 5534 559 5565 ’³
594 5533 678 5588 ΑΙ.
710 5536 907 5593 Ματόῖ.
981 5540 1001 5570 ⁸
1037 5536 1099 5591 F.
1124 5538 1290 5595 inser.
1334 5541 1452 5598 οὐκ.
1531 5543 1551 5575 ⁷
1586 5539 1647 5599 F.
1693 5541 1950 5615 πρώτως.
2034 5546 2053 5578 ³

2159 5587 2172 5601 .
2221 5546 2403 5599 ἔλαϐε.

542 5687 652 5759 (47)
692 5684 790 5747 l’t’t.
827 5692 980 5747 Patr.
1015 5710 1133 5762 vm,
1162 5694 1218 5749 ε.

2219 5697 2326 5773 (48)
2374 5701 2475 5759 l’it.
2522 5702 2675 5757 Patr.
2704 5717 2785 5772 Ill,
2822 5706 2877 5758 4.
