4032 6334
451 364 560 422 εοδ
1616 349 1968 405 arceant}:
2011 349 2042 404 Α

2144 348 2228 405 PA
2238 346 2563 404 LLADIUM.
3591 348 3696 405 50’.

451 477 650 532 dilecte
675 516 690 541 ,
740 472 784 528 si
815 471 976 529 fuerit
1009 471 1179 527 scissa
1226 473 1358 524 laena
1397 457 1511 532 tua,
1552 465 1853 536 projicisne
1903 480 2022 519 eam

2144 466 2262 519 Ξίπέ
2300 484 2430 538 μοι,
2481 464 2766 536 ἀγαπητέ⁸
2801 465 2897 518 ἐὰν
2950 464 3142 537 σχισθῇ
3179 482 3270 519 σου
3304 464 3364 519 τὸ
3411 465 3702 536 χλανίδιον,

453 566 646 622 σοι’εεῖ
667 562 970 633 Respondit
997 581 1010 616 :
1043 560 1418 629 Nequaquam,
1471 556 1564 612 sed
1597 571 1826 621 consuo,
1860 564 2024 626 atque

2144 557 2345 622 Βάλλεις
2387 556 2546 611 τοῦτο
2592 556 2732 624 ἑξω;
2775 556 2967 626 Λέγει’
3003 556 3078 609 Οὗ
3103 573 3116 587 ·
3155 556 3290 610 ἀλλά
3325 557 3514 628 ῥάπτω
3545 557 3702 620 αὐτὸ,

454 657 549 712 illa
585 663 730 711 utor.
760 653 899 708 Tum
950 665 1154 706 senex:
1189 649 1323 703 Cum
1355 663 1485 719 ergo
1521 655 1575 702 ιιι
1614 662 1808 718 parcas
1859 648 2020 714 vesti,

2144 652 2221 704 cat
2241 650 2460 720 χρῶμαι
2489 647 2655 719 αὐτῷ.
2685 647 2846 716 Λέγει
2873 648 3009 719 πρὸς
3031 647 3193 701 αὑτὸν
3231 648 3260 700 ὁ
3291 647 3488 721 γέρωνο
3523 649 3586 702 Εί
3609 643 3708 702 οὖν

453 749 598 805 licus
627 755 889 804 creaturae
919 758 1030 801 suae
1061 757 1170 796 non
1207 748 1394 812 parcet
1419 742 1442 794 ‘.’

2144 743 2193 796 rb
2221 741 2316 795 τοῦ
2371 740 2586 812 ἱματίου
2620 740 2775 813 φείδῃ
2795 779 2811 804 ,
2855 742 2882 794 6
2913 740 3043 804 Θεὸς
3089 741 3184 794 τοῦ
3225 740 3358 794 ἰδίου
3390 740 3710 813 πλάσματος

2126 829 2188 882 οὔ
2224 829 2467 898 φείσεται
2493 845 2508 895 ;

829 941 904 998 De
929 942 1113 996 abbate
1143 940 1327 1000 Marco
1372 940 1648 1013 Afgyptio.

527 1037 640 1109 (52)
672 1034 1045 1092 Memorabant
1075 1035 1154 1089 sic
1184 1033 1252 1090 de
1293 1033 1489 1089 abbate
1532 1032 1714 1089 Marco
1737 1031 2022 1106 .Egyptio:

2302 945 2445 1015 Περὶ
2474 945 2580 1000 τοῦ
2601 943 2751 999 άΰόᾶ
2775 943 3020 1012 Μάρκου
3048 942 3154 998 τοῦ
3179 944 3523 1014 Αἰγυπτίου.

2201 1033 2428 1102 Ἔλεγον
2463 1034 2590 1106 περὶ
2638 1032 2732 1086 τοῦ
2779 1033 2924 1086 ἀϐὄᾶ
2970 1032 3199 1104 Μάρκου
3247 1032 3342 1086 τοῦ
3381 1031 3707 1101 Αἰγυπτίου,

454 1129 708 1202 Triginta
744 1143 920 1184 annos
951 1127 1346 1199 perseveravit,
1378 1141 1487 1180 non
1519 1125 1807 1197 egrediens
1836 1142 1865 1181 e
1891 1128 2027 1183 cella

2144 1126 2206 1178 ίτι
2239 1125 2420 1195 ἔμεινε
2465 1124 2759 1197 τριάκοντα
2792 1123 2886 1194 ἔτη
2911 1165 2926 1189 ,
2961 1124 3036 1195 μὴ
3090 1123 3448 1195 ἐξερχόμενος
3502 1126 3566 1177 ἐκ
3607 1123 3708 1179 τοῦ

456 1239 578 1280 sua.
613 1221 835 1278 Solebat
859 1230 1038 1277 autem
1075 1219 1363 1290 presbyter
1392 1218 1602 1283 venire,
1627 1233 1691 1272 ac
1720 1218 1768 1272 ei
1803 1220 2026 1275 missam

455 1315 755 1372 celebrare.
791 1314 861 1366 At
889 1312 1139 1368 diabolus
1167 1326 1400 1366 cernens
1431 1311 1746 1380 praeclaram
1799 1313 1896 1366 viri
1941 1328 2030 1382 pa-

450 1403 727 1468 tientiam,
757 1410 944 1459 astute
977 1402 1309 1472 excogitavit
1356 1409 1569 1458 tentare
1601 1402 1753 1458 illum
1811 1403 1865 1458 in
1899 1419 2031 1459 con-

457 1491 830 1550 demnationis
864 1491 1020 1546 vitio.
1048 1489 1237 1562 Itaque
1265 1489 1445 1546 effecit
1480 1499 1536 1546 ut
1569 1491 1793 1562 quidam
1841 1507 1872 1546 a
1921 1494 2033 1564 spi-

455 1585 566 1640 ritu
602 1583 885 1640 immundo
936 1583 1174 1652 agitatus
1219 1581 1286 1636 ad
1325 1597 1512 1637 senem
1568 1591 1864 1654 pergeret,
1930 1584 2033 1640 sub

455 1681 726 1745 praetextu
758 1672 1043 1728 orationis.
1097 1670 1274 1726 Porro
1319 1673 1408 1728 ille
1439 1688 1862 1744 energumenus,
1907 1684 2034 1732 ante

2129 1215 2340 1268 κελλίου
2371 1215 2557 1269 αὑτοῦ.
2589 1209 2718 1285 Εἶχε
2744 1213 2801 1266 δὲ
2823 1213 2942 1277 ἔθος
2975 1217 3003 1267 6
3031 1213 3400 1286 πρεσϐύτερος
3425 1215 3705 1286 ἔρχεσθαι,

2129 1307 2224 1358 καὶ
2246 1309 2418 1360 ποιεῖν
2451 1305 2599 1377 αὐτῷ
2625 1306 2724 1376 τὴν
2753 1305 2915 1374 ἁγίαν
2955 1306 3290 1378 προσφοράν.
3354 1306 3413 1358 '0
3435 1305 3492 1358 δὲ
3521 1305 3708 1359 διάϐο-

2129 1398 2253 1464 λος,
2287 1397 2567 1469 θεωρήσας
2597 1398 2696 1470 τὴν
2743 1397 2835 1450 τοῦ
2889 1398 3080 1469 ἀνδρὸς
3115 1399 3366 1470 ἐνάρετον
3405 1397 3708 1470 ὑπομονὴν,

2131 1489 2604 1562 ἐπανουργεύσατο
2649 1491 2706 1543 ἐν
2738 1489 3060 1561 κατακρίσει
3089 1490 3345 1561 πειράσαι
3377 1488 3537 1543 αὐτόν
3559 1504 3572 1518 ⁸
3615 1493 3710 1541 καὶ

2133 1582 2514 1654 παρεσκεύασέ
2559 1600 2682 1636 τινα
2712 1582 3128 1654 πνευματιῶντα
3147 1622 3164 1649 ,
3195 1582 3332 1653 πρὸς
3358 1581 3449 1634 τὸν
3477 1581 3712 1654 γέροντα

2134 1674 2405 1746 προφάσει
2461 1674 2626 1745 εὐχῆς
2681 1673 2955 1727 ἀπελθεῖν.
3015 1673 3072 1726 ὐ
3115 1672 3172 1725 δὲ
3219 1672 3568 1744 πνευματιῶν
3602 1672 3715 1742 πρὸ

457 1778 674 1820 omnem
709 1775 1042 1827 sermonem,
1080 1762 1352 1817 clamabat
1380 1763 1497 1818 seni
1527 1784 1540 1818 :
1575 1763 1868 1837 Presbyter
1903 1775 2032 1824 tuus

2144 1765 2338 1829 παντὸς
2364 1766 2522 1834 λόγου
2557 1764 2898 1836 προσεφώνει
2932 1764 3009 1834 τῷ
3047 1765 3291 1836 γέροντιο
3323 1765 3382 1818 '0
3409 1763 3716 1834 πρεσϐύτε-

461 1857 629 1911 babet
665 1853 888 1910 odorem
943 1854 1189 1923 peccati;
1249 1869 1360 1908 non
1401 1855 1636 1926 amplius
1699 1858 1848 1912 sinas
1904 1875 2028 1913 eum

459 1946 722 2002 accedere
754 1945 821 2000 ad
851 1954 922 2000 te.
951 1944 1019 1996 At
1049 1944 1130 1998 vir
1177 1959 1206 1997 a
1240 1943 1350 2000 Deo
1390 1946 1692 2016 inspiratus
1722 1948 1838 2002 infit
1866 1968 1878 2003 :
1907 1949 2027 2012 Fili,

458 2051 653 2092 omnes
692 2033 1072 2104 impuritatem
1104 2039 1258 2086 extra
1293 2031 1634 2101 projiciunt;
1685 2042 1742 2088 tu
1787 2050 1915 2089 vero
1965 2034 2034 2090 ad

463 2141 550 2182 me
585 2125 818 2180 attulisti
848 2138 990 2179 eam.
1027 2121 1231 2177 Verum
1269 2123 1569 2194 Scriptura:
1614 2141 1716 2180 vox
1751 2135 1835 2182 est
1864 2145 1874 2179 :
1921 2125 2030 2180 No-

463 2218 558 2272 lite
573 2216 1028 2286 judicare,ietnon
1057 2213 1431 2284 judicabimim'
1461 2215 1524 2268 η.
1557 2215 1760 2272 Tamen
1784 2219 2035 2288 quamvis

463 2318 720 2382 peccator
742 2309 836 2375 sit,
863 2307 1132 2362 Dominus
1160 2306 1373 2361 salvum
1395 2306 1558 2362 faciet
1581 2323 1727 2362 eum.
1761 2307 2034 2379 Scriptum

462 2413 556 2458 est
576 2401 721 2456 enim
748 2417 763 2454 :
805 2397 970 2455 Orate
1000 2413 1095 2466 pro
1122 2397 1364 2462 invicem,
1395 2405 1450 2450 ut
1490 2397 1766 2452 salvemini
1793 2401 1856 2453 ³⁷.
1908 2399 2037 2455 Post

462 2509 623 2564 quem
658 2506 967 2548 sermonem
1006 2489 1148 2544 facta
1191 2504 1354 2558 prece
1381 2489 1685 2545 daemonem
1721 2490 1930 2560 fugavit
1970 2493 2037 2546 ab

465 2585 706 2649 homine,
763 2581 1082 2650 dimisitque
1147 2596 1272 2635 eum
1330 2596 1549 2636 sanum.
1616 2580 1686 2636 Ut
1735 2593 1916 2638 autem
1971 2583 2040 2640 de

468 2691 617 2730 more
648 2673 796 2728 venit
847 2672 1155 2744 presbyter,
1215 2688 1380 2728 senex
1429 2673 1673 2743 suscepit
1727 2673 1878 2728 illum
1911 2689 2038 2729 cum

467 2767 677 2824 lzetitia.
727 2767 918 2820 Bonus
952 2779 1081 2818 vero
1113 2763 1279 2831 Deus,
1328 2779 1562 2820 cernens
1597 2764 1746 2818 senis
1781 2765 2042 2820 innocen-

466 2861 621 2924 tiam,
658 2855 900 2913 ostendit
932 2857 1010 2910 illi
1039 2847 1278 2926 signum.
1311 2855 1447 2909 Nam
1478 2870 1601 2910 cum
1637 2856 1876 2912 clericus
1899 2859 2042 2926 jam-

465 2955 584 3020 ja-m
603 2957 850 3007 staturus
873 2957 1020 3006 esset
1044 2957 1170 3004 ante
1191 2963 1404 3003 sacram
1431 2963 1701 3015 mensam,
1727 2945 1873 3013 Vidi,
1906 2949 2044 3003 dixit

465 3055 891 3096 rem-enarrans
921 3054 1110 3103 senex,
1157 3039 1409 3109 angelum
1445 3038 1658 3093 Domini
1711 3039 2044 3094 descenden-

2138 1857 2228 1927 ρός
2263 1872 2356 1910 σου
2386 1856 2498 1926 ἔχει
2545 1855 2719 1927 ὀσμὴν
2761 1855 3061 1928 ἁμαρτίας,
3096 1855 3290 1927 μηκέτι
3339 1856 3502 1910 αὐτὸν
3543 1857 3718 1929 ἐάσῃς

2136 1951 2394 2005 εἰσελθεῖν
2424 1951 2561 2023 πρὸς
2588 1951 2669 2005 σέ.
2713 1952 2771 2004 '0
2804 1951 2860 2004 δέ
2883 1950 3236 2012 θεόπνευστος
3261 1950 3397 2021 ἀνὴρ
3423 1945 3544 2004 εἷπε
3575 1950 3716 2021 προς

2135 2043 2296 2096 αὐτόν
2320 2059 2334 2074 ·
2384 2043 2586 2096 Τέκνον
2613 2083 2626 2106 ,
2681 2044 2879 2106 πάντες
2917 2043 3016 2113 τὴν
3055 2041 3394 2112 ἀκαθαρσίαν
3429 2041 3534 2108 ἔξω

2136 2131 2286 2184 λουσι
2313 2145 2327 2160 ⁶
2367 2131 2430 2184 σὺ
2455 2131 2510 2184 δὲ
2540 2130 2674 2203 πρὸς
2718 2131 2784 2201 μὲ
2814 2132 3050 2201 ἤνεγκας
3089 2133 3277 2203 αὐτήν.
3326 2131 3484 2184 Ἀλλά
3513 2132 3718 2203 γέγρα-

2138 2239 2298 2277 πται·
2331 2220 2427 2288 Μὴ
2458 2223 2689 2290 κρίνετε
2710 2261 2724 2284 ,
2758 2223 2859 2275 ἵνα
2884 2221 2966 2291 μὴ
3007 2221 3262 2292 κριθῆτε.
3299 2223 3486 2293 Ὀμως
3528 2224 3576 2275 εί
3621 2224 3718 2275 καὶ

2138 2311 2458 2383 ἁμαρτωλός
2481 2312 2628 2364 ἐστιν
2649 2351 2662 2378 ,
2687 2311 2717 2363 6
2743 2310 2946 2381 Κύριος
2978 2311 3140 2364 σώσει
3182 2313 3364 2367 αὐτόν.
3399 2311 3718 2382 Γέγραπται

2139 2403 2248 2476 γάρ
2271 2420 2283 2432 ·
2316 2403 2587 2473 Εὔχεσθε
2620 2402 2768 2472 ὑπὲρ
2797 2403 3106 2471 ἀλλήλων,
3142 2402 3303 2468 ὅπως
3335 2401 3554 2471 ἰαθῆτε.
3603 2404 3721 2456 Καὶ

2141 2495 2234 2548 ἐπὶ
2265 2495 2341 2566 τῷ
2368 2496 2512 2566 λόγῳ
2547 2494 2723 2566 τούτῳ
2759 2496 2991 2566 ποιήσας
3025 2495 3187 2576 εὐχὴν
3211 2534 3225 2559 ,
3262 2497 3591 2565 ἐφυγάδευσε
3625 2496 3722 2547 τὸν

2139 2586 2365 2657 δαίμονα
2391 2585 2498 2639 ἀπὸ
2517 2585 2610 2638 τοῦ
2639 2583 2948 2655 ἀνθρώπου,
2977 2585 3069 2638 καὶ
3093 2584 3358 2638 ἀπέλυσεν
3384 2585 3543 2638 αὑτὸν
3565 2585 3720 2655 ὑγιῆ.

2154 2680 2240 2740 Ὠς
2277 2678 2333 2730 δὲ
2361 2672 2524 2749 ἦλθεν
2553 2678 2582 2728 6
2625 2675 2996 2747 πρεσϐύτερος
3025 2673 3168 2730 κατὰ
3219 2676 3280 2728 τὸ
3335 2675 3561 2742 εἰωθὸς,
3614 2677 3724 2729 ὐπ-

2146 2769 2365 2834 εδέξατο
2396 2767 2559 2823 αὑτὸν
2616 2769 2646 2821 6
2695 2769 2872 2840 γέρων
2921 2767 3058 2838 μετά
3088 2769 3280 2838 χαρᾶς.
3323 2769 3380 2822 '0
3413 2768 3470 2822 δὲ
3517 2767 3726 2836 ἀγαθὸς

2143 2860 2272 2922 Θεὸς
2295 2899 2310 2924 ,
2349 2857 2471 2912 ίδὼν
2511 2859 2613 2930 τὴν
2639 2859 2876 2913 ἀκακίαν
2900 2858 2994 2912 τοῦ
3021 2858 3274 2930 γέροντος
3290 2899 3304 2923 ,
3331 2857 3529 2922 ἔδειξεν
3571 2856 3726 2928 αὑτῷ

2147 2953 2389 3022 σημεῖον.
2422 2949 2721 3014 Μέλλοντος
2749 2949 2858 3020 γάρ
2885 2949 2980 3003 τοῦ
3009 2948 3270 3023 κληρικοῦ
3303 2950 3493 3020 στῆναι
3514 2947 3728 3020 ἐμπρο-

2147 3038 2270 3093 σθεν
2319 3039 2418 3110 τῆς
2475 3039 2638 3106 ἁγίας
2687 3037 2998 3111 τραπέζης,
3033 3036 3214 3102 καθὼς
3246 3040 3274 3092 ὁ
3320 3039 3498 3111 γέρων
3533 3039 3728 3110 διηγή-

475 3143 583 3186 tem
613 3131 680 3186 de
711 3132 872 3196 ccelo,
897 3130 993 3202 qui
1029 3145 1250 3184 manum
1288 3144 1443 3186 suam
1473 3129 1655 3199 posuit
1685 3144 1848 3200 super
1880 3139 2042 3199 caput

2149 3148 2299 3195 σατο,
2334 3132 2416 3186 ὅτι
2445 3127 2598 3186 Εἶδον
2631 3132 2858 3201 ἄγγελον
2885 3132 3089 3202 Κυρίου
3119 3134 3184 3187 ἐκ
3203 3131 3295 3186 τοῦ
3326 3131 3556 3204 οὐρανοῦ
3584 3149 3726 3185 κατ-

477 3223 664 3277 elerit-i
693 3264 708 3285 ,
748 3221 1033 3292 factusque
1069 3230 1154 3277 est
1187 3221 1419 3276 clericus
1478 3231 1736 3290 tanquam
1789 3222 2044 3276 columna

475 3315 638 3386 ignis.
676 3313 759 3370 Me
805 3322 990 3368 autem
1042 3311 1432 3382 obstupefacto
1484 3313 1538 3365 in
1583 3313 1817 3379 visione,
1864 3314 2044 3368 audivi

471 3420 659 3461 vocem
696 3405 766 3459 ad
801 3421 887 3460 me
935 3405 1193 3459 emissam
1223 3423 1236 3460 :
1291 3402 1487 3469 Homo,
1521 3420 1621 3458 cur
1651 3403 1953 3460 demiratus
1986 3421 2046 3461 es

472 3513 640 3568 super
671 3497 776 3551 hac
805 3512 865 3551 re
891 3496 915 3549 ?
945 3494 1002 3550 Si
1031 3497 1176 3550 enim
1209 3511 1298 3550 rex
1331 3506 1582 3552 terrenus
1607 3513 1715 3553 non
1747 3501 2047 3569 permissu-

485 3606 581 3645 rus
612 3597 696 3643 est
724 3596 783 3642 ut
828 3603 1085 3658 proceres
1131 3589 1216 3642 sui
1263 3595 1390 3643 ante
1427 3604 1550 3644 eum
1622 3598 1767 3646 stent
1814 3592 2043 3656 sordidi,

477 3696 579 3736 nec
614 3680 722 3736 nisi
761 3695 886 3734 cum
927 3679 1100 3734 multa
1139 3681 1357 3752 gloria:
1418 3689 1622 3752 quanto
1658 3685 1832 3754 magis
1865 3685 2046 3740 divina

475 3773 694 3837 virtus;
729 3785 912 3826 nonne
963 3786 1131 3840 puros
1167 3769 1360 3825 eﬂiciet
1397 3772 1679 3828 ministros
1732 3783 2047 3848 sanctorum

477 3864 885 3935 mysteriorum,
937 3864 1029 3932 qui
1079 3871 1226 3916 stant
1278 3872 1405 3917 ante
1459 3864 1684 3934 gloriam
1720 3867 2050 3923 cmlestem?

475 3953 644 4025 Igitur
678 3965 977 4023 generosus
1033 3959 1086 4006 ct
1135 3950 1338 4004 athleta
1383 3951 1589 4006 Christi
1635 3951 1851 4012 Marcus
1879 3956 2048 4028 Αἰαν-

476 4043 642 4114 ptius,
683 4056 913 4112 magnus
965 4039 1218 4106 eﬂ‘ectus,
1282 4040 1385 4095 hoc
1449 4040 1685 4096 donatus
1736 4051 1822 4100 est
1867 4044 2048 4098 chari-

437 4184 443 4187 .
474 4140 668 4198 amate,
693 4132 819 4204 quia
860 4145 967 4185 non
994 4129 1333 4202 judicaverat
1366 4130 1644 4186 clericum.

1573 4312 1684 4325 -Ἁ

863 4425 939 4478 De
976 4424 1168 4476 abbate
1199 4422 1440 4476 Macario
1473 4423 1674 4476 urbico.

2149 3224 2472 3294 ερχόμενον,
2507 3223 2601 3277 καὶ
2629 3223 2792 3292 ἔθηκε
2847 3223 2945 3294 τὴν
2973 3225 3131 3294 χεῖρα
3177 3222 3341 3276 αὑτοῦ
3376 3222 3583 3293 είςοτὴν
3633 3239 3728 3276 κε-

2150 3311 2322 3383 φαλὴν
2361 3310 2455 3364 τοῦ
2510 3311 2808 3382 κληρικοῦ,
2843 3314 2936 3366 καὶ
2989 3312 3204 3381 ἐγένετο
3259 3314 3288 3366 6
3333 3311 3590 3382 κληρικὸς
3646 3312 3729 3374 ὡς

2150 3400 2338 3464 στύλος
2369 3401 2557 3472 πυρός.
2602 3400 2768 3471 Ἐμοῦ
2795 3403 2848 3455 δὲ
2880 3401 3259 3472 θαυμάσαντος
3289 3403 3380 3456 ἐπὶ
3415 3405 3483 3474 τῇ
3511 3403 3726 3474 ὁράσει,

2149 3492 2356 3562 ἤκουσα
2413 3490 2599 3560 φωνῆς
2666 3491 2930 3563 λεγούσης
2989 3493 3125 3563 πρὸς
3161 3493 3256 3562 μέ·
3302 3491 3620 3564 Ἄνθρωπε,
3671 3493 3729 3544 τί

2148 3582 2502 3655 τεθαύμακας
2528 3584 2621 3637 ἐπὶ
2651 3583 2730 3654 τῷ
2763 3584 3050 3654 πράγματι
3079 3584 3284 3654 τούτῳ;
3327 3585 3391 3638 Εί
3430 3583 3539 3656 γάρ
3565 3583 3736 3655 βασι-δ

2150 3674 2273 3738 λεὺς
2317 3675 2554 3743 ἐπίγειος
2604 3675 2666 3728 οὐ
2699 3675 2773 3745 μὴ
2819 3676 2957 3747 ἐάσῃ
3002 3675 3126 3738 τοὺς
3185 3678 3515 3746 μεγιστᾶνας
3554 3675 3730 3730 αὑτοῦ

2151 3766 2429 3838 ῥυπαροὺς
2459 3767 2648 3838 στῆναι
2681 3765 2989 3836 ἔμπροσθεν
3018 3766 3205 3832 αὑτοῦ,
3232 3767 3327 3821 ἐὰν
3357 3769 3431 3841 μὴ
3468 3766 3604 3838 μετά
3634 3766 3726 3819 δό-

2151 3859 2247 3928 ξης
2273 3859 2469 3929 πολλῆς
2491 3874 2504 3886 ·
2535 3857 2686 3927 πόσῳ
2718 3857 2917 3928 μᾶλλον
2951 3857 3125 3928 ὴθεία
3158 3856 3387 3929 δύναμις
3411 3874 3424 3888 ο
3462 3860 3524 3912 οὺ
3549 3858 3592 3889 ιο
3626 3876 3730 3911 κα-

2152 3951 2364 4022 θαρίσει
2419 3951 2547 4014 τοὺς
2597 3949 2942 4021 λειτουργοὺς
2993 3949 3104 4003 τῶν
3155 3950 3327 4018 ἁγίων
3385 3951 3729 4021 μυστηρίων,

2153 4045 2452 4113 στήκοντας
2473 4041 2779 4114 ἔμπροσθεν
2802 4043 2900 4114 τῆς
2927 4043 3177 4116 οὐρανίου
3209 4043 3366 4114 δόξης
3388 4061 3403 4111 ;
3435 4044 3494 4096 ’0
3518 4043 3576 4097 δὲ
3603 4059 3732 4110 γεν⁹

2153 4137 2300 4198 ναῑος
2337 4135 2431 4188 καὶ
2456 4133 2691 4205 ἀθλητὴς
2721 4132 2816 4186 τοῦ
2849 4133 3088 4205 Χριστοῦ
3109 4133 3332 4205 Μάρκος
3360 4131 3729 4200 όΑίγύπτιος,

2155 4225 2324 4296 μέγας
2347 4225 2636 4296 γενόμενος
2657 4265 2670 4289 ,
2693 4225 3004 4296 κατηξιώθη
3029 4223 3120 4279 τοῦ
3148 4224 3484 4297 χαρίσματος
3507 4223 3726 4291 τούτου,

2151 4319 2231 4370 ὅτι
2259 4317 2318 4370 ού
2359 4317 2644 4388 κατέκρινε
2673 4317 2763 4370 τὸν
2796 4316 3074 4389 κληρικόν.

2291 4431 2432 4499 Περὶ
2457 4429 2564 4484 τοῦ
2592 4431 2741 4486 ἀϐὄᾶ
2771 4433 3075 4500 Μακάριου
3116 4431 3222 4486 τοῦ
3251 4430 3580 4486 πολιτικοῦ.

514 4517 602 4570 "'1.
642 4514 1138 4584 Abiitaliquando
1173 4512 1346 4567 abbas
1397 4511 1686 4578 Macarius,
1732 4513 1822 4569 ille
1874 4515 2042 4582 urbis,

2217 4520 2286 4573 α’.
2334 4521 2569 4592 Ἀπῆλθέ
2614 4540 2745 4576 ποτε
2786 4525 2815 4576 6
2861 4523 3036 4586 ἀ66ἄς
3067 4524 3353 4594 Μακάριος
3391 4525 3419 4576 6
3447 4522 3730 4587 πολιτικὸς

475 4605 543 4660 ad
573 4604 844 4660 sccandos
887 4603 1197 4674 palmarum
1234 4617 1454 4670 ramos,
1501 4611 1768 4674 erantque
1811 4621 1934 4660 cum
1980 4622 2046 4661 eo

477 4700 678 4755 fratres
714 4739 728 4764 ,
760 4698 849 4767 qui
881 4696 1058 4766 primo
1082 4694 1170 4750 die
1205 4696 1394 4765 dicunt
1420 4696 1470 4751 ei
1497 4714 1511 4750 :
1542 4695 1698 4760 Veni,
1721 4697 1917 4763 Pater,
1949 4715 2049 4754 no-

478 4789 691 4843 biscum
741 4787 990 4846 comede.
1049 4785 1340 4842 Profectus
1392 4789 1493 4843 ille
1531 4788 1789 4844 comedit.
1845 4789 2044 4845 lterum

479 4878 719 4932 secundo
746 4877 836 4933 die
865 4876 1012 4933 idem
1045 4885 1257 4947 rogant.
1285 4877 1354 4932 At
1380 4879 1580 4942 noluit,
1611 4881 1704 4935 sed
1733 4884 2043 4952 respondit:

466 4965 655 5025 Nobis
711 4969 830 5033 lilii,
866 4985 1094 5026 necesse
1132 4979 1218 5024 est
1247 4977 1305 5023 ut
1341 4971 1526 5026 cibum
1564 4976 1836 5041 summis;
1867 4976 2047 5033 adhuc

475 5059 621 5114 enim
650 5074 782 5115 caro
820 5060 956 5114 estis
986 5077 1000 5123 ;
1043 5074 1142 5130 ego
1182 5075 1311 5114 vero
1341 5077 1486 5116 nunc
1517 5064 1645 5118 nolo
1692 5067 2041 5123 manducare.

543 5237 596 5291 2.
631 5236 784 5292 Adiit
835 5237 1008 5292 abbas
1064 5237 1336 5296 Macarius
1388 5241 1635 5298 abbatem
1693 5245 2043 5303 Pachomium

469 5327 966 5384 Tabenesiotarum
997 5329 1377 5397 'pra’post’tum.
1429 5331 1531 5396 Qui
1567 5334 1647 5387 sic
1696 5347 2046 5403 percontatus

468 5419 713 5472 cst'eum
741 5434 753 5470 :
786 5415 1020 5482 Quando
1051 5414 1249 5470 fratres
1299 5416 1605 5488 discipiime
1643 5419 1889 5477 ordinem
1933 5440 2042 5478 non

2149 4614 2311 4683 κόψαι
2345 4613 2558 4680 θαλλία,
2595 4616 2688 4669 καὶ
2715 4615 2762 4668 oi
2791 4615 3008 4685 ἀδελφοὶ
3036 4617 3151 4686 μετ’
3183 4613 3366 4670 αὑτοῦ.
3399 4615 3510 4670 Καὶ
3532 4615 3726 4686 λέγου-

2151 4723 2233 4758 σιν
2262 4705 2408 4776 αὐτῷ
2441 4707 2541 4778 τὴν
2576 4706 2799 4779 πρώτην
2844 4709 3056 4779 ἡμέραν
3080 4724 3093 4737 ·
3141 4707 3344 4778 Δεῦρο,
3404 4707 3544 4776 φάγε
3603 4702 3723 4777 μεθ’

2150 4797 2308 4867 ἡμῶν
2330 4836 2345 4858 .
2374 4797 2577 4869 Πάτερ.
2619 4799 2677 4852 Ὀ
2705 4798 2761 4852 δὲ
2795 4799 3001 4870 ἀπῆλθε
3052 4801 3145 4853 καὶ
3199 4799 3389 4868 ἔφαγε.
3417 4800 3529 4852 Καὶ
3559 4798 3728 4853 πάλιν

2150 4890 2214 4957 τῇ
2245 4887 2378 4958 άλλη
2432 4887 2680 4956 λέγουσιν
2729 4889 2877 4959 αὐτῷ
2911 4893 3120 4959 φαγεῖν.
3156 4890 3213 4944 '0
3257 4891 3312 4943 δὲ
3365 4890 3462 4942 οὐκ
3507 4888 3727 4960 ἤθελεν,

2151 4975 2263 5028 ἀλλ’
2293 4977 2476 5042 ἔλεγεν
2524 4979 2743 5042 αὐτοῖς·
2808 4979 2997 5049 Ὑμεῖς
3052 4980 3240 5050 χρείαν
3297 4979 3448 5050 ἔχετε
3505 4978 3726 5047 φαγεῖν,

2149 5067 2312 5120 τέκνα
2341 5085 2354 5100 ο
2385 5069 2568 5140 ἀκμὴν
2602 5069 2710 5141 γὰρ
2746 5070 2879 5143 σάρξ
2920 5073 3072 5123 ἐστεο
3106 5070 3216 5139 ἐγὼ
3264 5071 3318 5124 δὲ
3361 5069 3456 5123 νῦν
3490 5069 3552 5122 ού
3583 5068 3726 5123 θέλω

2153 5160 2367 5224 φαγεῖν.

2221 5245 2284 5315 β’.
2321 5248 2634 5320 Ιῐαρέὸαλεν
2677 5251 2705 5303 6
2739 5249 2912 5313 6.665.;
2943 5250 3228 5316 Μακάριος
3262 5250 3397 5321 πρὸς
3427 5247 3518 5304 τὸν
3549 5249 3731 5304 άϐὁᾶν

2149 5337 2438 5409 Παχώμιον
2460 5339 2566 5392 τῶν
2583 5340 3026 5411 Ταϐενησιωτῶν.
3055 5342 3114 5392 '0
3140 5340 3195 5394 δὲ
3221 5339 3510 5410 Παχώμιος
3536 5338 3732 5411 ἠρώτα

2147 5428 2306 5481 αὐτὸν
2330 5470 2344 5494 ,
2394 5429 2596 5498 λέγων·
2635 5433 2763 5485 ’Ὀτε
2809 5433 2948 5484 εἰσιν
2993 5432 3211 5502 ἀδελφοὶ
3241 5432 3467 5486 ἄτακτοι
3495 5469 3509 5492 ,
3561 5430 3732 5482 καλόν

469 5516 712 5568 servant,
765 5506 1041 5561 bonumnc
1089 5513 1172 5560 est
1222 5507 1502 5577 corripere
1559 5511 1698 5565 eos?
1740 5509 2041 5582 Respondit

2146 5521 2260 5572 ἐστι
2296 5520 2581 5575 παιδεῦσαι
2621 5522 2817 5587 αὐτούς
2843 5539 2858 5590 ;
2892 5524 3054 5593 Λέγει
3086 5523 3234 5595 αὐτῷ
3264 5525 3292 5576 ό
3322 5521 3495 5584 ἀϐὕᾶς
3528 5519 3730 5575 Μακά-

537 5639 586 5668 ⁴⁶
617 5638 806 5694 Matth.
842 5654 938 5706 vn,
984 5641 1034 5695 1.
1116 5642 1157 5673 ’⁷
1190 5643 1304 5696 Jac.
1339 5660 1390 5708 v,
1423 5644 1506 5699 16.
1588 5647 1628 5677 ⁸⁸
1669 5647 1833 5704 Abest
1860 5651 1921 5703 οὐ
1946 5652 2138 5708 aBals.

540 5748 646 5820 (52)
679 5750 965 5805 Balsanzon
997 5767 1049 5820 ιι.
1084 5754 1243 5811 Ηοει,
