4032 6334
268 392 380 450 505
1438 391 2044 447 APOPHTHEGMATA
2084 393 2393 451 PATRUM.

271 522 415 578 ριος·
449 501 744 558 Παίδευσον
767 545 781 566 .
833 505 926 558 καὶ
969 507 1147 578 κρῖνον
1177 507 1401 572 δικαίως
1439 510 1564 572 τοὺς
1600 510 1706 563 ὑπὸ
1741 510 1831 562 σέ·

1952 510 2110 565 ibbas
2137 509 2446 566 Macarius:
2490 508 2730 580 Castiga,
2785 521 2834 568 et
2866 511 3015 582 juste
3055 528 3150 569 eos
3194 511 3380 582 judica
3425 515 3519 584 qui

267 593 372 658 ιξω
429 591 487 644 δὲ
549 589 624 661 μὴ
673 591 862 664 κρίνῃς
917 593 1086 658 τινάς.
1136 593 1447 667 Γέγραπται
1504 597 1644 667 γάρ·
1693 598 1842 668 Οὐχί

1955 602 2323 671 subjiciuntur
2358 603 2453 657 tibi
2481 623 2492 659 :
2521 611 2675 659 extra
2706 620 2836 659 vero
2862 605 3130 659 neminem
3152 604 3520 674 judicaveris:

266 682 410 750 τσὺς
445 683 568 736 ἔσω
616 683 789 752 ὑμεῖς
831 684 1105 754 arpis-ste;
1150 686 1292 753 τοὺς
1331 687 1400 741 δὲ
1451 687 1568 753 ἔξω
1615 691 1648 742 d
1701 689 1844 754 Θεὸς

1954 697 2217 763 scriptum
2260 695 2402 748 enim
2435 701 2554 749 est:
2594 694 2782 750 Nonne
2808 695 2871 751 de
2893 697 2958 750 iis
2992 699 3080 766 qui
3111 699 3254 751 intus
3282 706 3407 751 sunt
3427 685 3520 752 ὁοε

265 775 474 844 κρίνει.

1952 785 2252 854 iudicatis?
2282 783 2424 837 Nam
2455 802 2542 840 eos
2567 787 2658 856 qui
2681 787 2812 856 foris
2834 795 2978 850 sunt,
3007 785 3143 842 Deus
3160 787 3374 856 judicat
3395 789 3464 842 ".

335 870 404 931 γ’.
450 863 704 935 Ἐποίησέ
739 882 867 919 ποτε
901 868 927 920 6
957 867 1130 932 ἀδὸἄς
1159 869 1444 942 Μακάριος
1482 872 1844 943 τετράμηνον,

2025 877 2079 931 5.
2113 875 2362 942 Quodam
2395 884 2638 947 tempore
2671 879 2842 935 abbas
2865 878 3132 932 Macarius
3160 894 3257 949 per
3290 888 3525 949 quatuor

266 954 632 1024 παραϐάλλων
659 958 768 1010 τινὶ
802 957 1014 1030 ἀδελφῷ
1042 961 1401 1033 ήμεροὺσιον⁸
1433 961 1528 1016 καὶ
1559 962 1656 1032 οὐχ
1685 955 1844 1028 εὗρεν

1954 967 2199 1038 integros
2230 982 2450 1024 menses
2480 968 2726 1039 quotidie
2769 970 3000 1026 visitans
3045 970 3371 1024 nonnullum
3410 970 3514 1024 fra-

3413 399 3518 451 δυο

264 1047 429 1099 αὑτὸν
455 1045 818 1117 εὐκαιροῦντα
855 1051 896 1082 ¹⁹
929 1051 1036 1104 ἀπὸ
1055 1051 1150 1121 τῆς
1175 1052 1483 1124 προσευχῆς
1511 1053 1633 1106 οὐδὲ
1658 1053 1804 1120 ἅπαξ
1827 1070 1838 1082 ·

265 1135 362 1188 καὶ
383 1134 671 1206 θαυμάσας
695 1136 881 1206 ἔλεγεν
904 1155 918 1169 ⁸
962 1139 1092 1194 Ἰδοὺ
1133 1139 1375 1208 ἐπίγειος
1403 1140 1652 1211 ἄγγελος.

720 1344 892 1416 Ἀρχὴ
911 1345 1004 1398 τοῦ
1039 1346 1085 1399 Ν
1118 1347 1403 1418 στοιχείου.

692 1434 833 1500 Περὶ
867 1434 972 1489 τοῦ
997 1435 1148 1491 ἁϐϐᾶ
1177 1438 1418 1492 Νείλου.

233 1408 246 1438 ι
287 1407 292 1410 .

344 1527 410 1574 α’.
444 1516 609 1576 Εἶπεν
659 1525 688 1577 6
740 1524 914 1588 ἀεὸᾶς
964 1527 1194 1587 Νεῖλος’
1246 1529 1386 1581 Ὅσα
1438 1526 1505 1581 ἀν
1559 1530 1715 1598 ποιῇς
1767 1530 1844 1590 είς
1915 1587 1920 1592 ,

267 1612 480 1680 ἄμυναν
500 1610 730 1681 ἀδελφοῦ
747 1613 1065 1684 ἠδικηκότος
1090 1633 1169 1676 σε.
1197 1617 1410 1670 ἅπαντα
1433 1618 1510 1682 είς
1535 1617 1759 1690 καρδίαν
1796 1620 1843 1651 ’⁸

270 1719 353 1755 σοι
385 1705 669 1774 γενήσεται
704 1705 762 1756 ὲν
791 1704 966 1775 καιρῷ
992 1707 1320 1778 προσευχῆς.

342 1794 406 1862 β’.
431 1791 560 1848 Εῐπε
589 1795 748 1849 πάλιν
767 1813 780 1827 ο
806 1797 1090 1868 Προσευχή
1117 1799 1231 1851 ἐστι
1275 1799 1574 1871 πραότητος
1597 1801 1688 1854 καὶ
1717 1802 1845 1874 ἀορ-

268 1888 466 1957 γησίας
504 1888 811 1960 βλάστημα.
1453 1919 1456 1922 ν

341 1979 408 2048 γ’.
441 1975 574 2034 Εἷπε
598 1981 779 2035 πάλιν·
813 1982 1092 2054 Προσευχή
1121 1983 1235 2035 ἐστι
1280 1982 1456 2054 λύπης
1485 1984 1580 2037 καὶ
1611 1984 1846 2056 ἀθυμίας

266 2071 433 2142 ἀλέξη
443 2089 538 2140 μα.
1084 2111 1087 2114 ‹

337 2164 398 2217 δ’.
425 2159 560 2216 Eine
598 2164 759 2218 πάλιν
786 2181 800 2196 ·
842 2164 1116 2219 Ἀπελθὼν
1155 2165 1406 2236 πώλησόν
1441 2183 1534 2220 σου
1565 2167 1636 2222 τά
1666 2168 1844 2241 ὑπάρ-

267 2272 464 2323 χοντα,
519 2256 615 2308 καὶ
657 2255 746 2318 δὸς
796 2259 1062 2326 πτωχοῖςο
1094 2258 1188 2311 καὶ
1233 2255 1413 2310 λαϐὼν
1455 2257 1547 2312 τὸν
1592 2261 1846 2332 σταυρὸν,

267 2343 576 2414 ἀπάρνησαι
599 2345 844 2400 σεαυτόν·
871 2345 954 2399 ἵνα
983 2345 1212 2416 δυνηθῇς
1228 2347 1652 2418 ἀπερισπάστως
1681 2365 1847 2419 προσ-

269 2432 548 2502 εὔχεσθαι.

335 2533 397 2580 ε’.
428 2522 564 2578 Εἷπε
598 2525 759 2578 πάλιν
779 2543 792 2556 ·
827 2525 1004 2598 Ὅπερ
1029 2525 1094 2581 ἂν
1132 2527 1418 2597 ὑπομένων
1458 2527 1844 2600 φιλοσοφήσῃς,

266 2611 454 2666 τούτου
495 2613 588 2667 τὸν
620 2614 830 2685 καρπὸν
860 2615 1001 2669 κατὰ
1047 2615 1138 2669 τὸν
1183 2617 1374 2689 καιρὸν
1411 2617 1510 2689 τῆς
1541 2617 1706 2689 εὐχῆς
1753 2619 1844 2671 εὑ-

273 2706 473 2776 ρήσεις.

336 2803 410 2860 ς’.
442 2793 580 2850 Εἷπε
619 2797 812 2851 nam.
849 2797 1164 2869 Ἐπιθυμῶν
1211 2801 1610 2871 προσεύξασθαι
1639 2801 1714 2863 ὡς
1744 2801 1843 2864 δεῖ,

272 2891 344 2959 μὴ
373 2888 628 2962 λυπήσῃς
652 2888 831 2960 ψυχήν
851 2904 865 2919 ο
902 2889 951 2941 εί
979 2887 1035 2942 δὲ
1070 2889 1232 2959 μήγε,
1268 2892 1345 2953 είς
1376 2891 1550 2961 μάτην
1576 2889 1806 2960 τρέχεις.

336 3064 401 3128 ζ’.
431 3058 570 3117 Εἷπε
617 3063 781 3117 πάλιν
806 3081 820 3093 ·
852 3062 944 3135 Μὴ
984 3062 1103 3116 θέλε
1157 3065 1232 3128 ὡς
1280 3065 1362 3118 σοὶ
1408 3065 1583 3130 δοκεῖ,
1617 3064 1729 3117 ἀλλ’
1773 3065 1847 3128 ὼς

1953 1067 2462 1130 trem,nunquam,
2523 1076 2594 1116 ne
2647 1062 2812 1116 semel
2853 1061 3095 1130 quidem,
3155 1061 3360 1118 invenit
3399 1077 3522 1117 eum

1851 1175 1892 1217 ,ε
1952 1155 2238 1202 vacantem
2269 1149 2338 1202 ab
2370 1149 2643 1206 oratione.
2677 1147 2744 1204 Et
2787 1149 3092 1208 admiratus
3141 1151 3277 1206 dixit
3309 1169 3321 1206 :
3384 1150 3525 1207 Ecce

1951 1238 2242 1296 terrestris
2275 1242 2522 1308 angelus.

2408 1352 2740 1423 Principium
2769 1355 2963 1410 littera:
2990 1354 3067 1410 Ν,

2503 1444 2576 1499 De
2608 1445 2796 1500 abbate
2824 1443 2979 1500 Nilo.

2025 1536 2075 1590 1.
2107 1535 2219 1608 (55)
2247 1536 2393 1591 Dixit
2429 1536 2597 1591 abbas
2619 1535 2814 1591 Nilus:
2846 1535 3199 1607 Quaecunque
3235 1535 3430 1591 feceris
3467 1536 3523 1590 in

1953 1625 2251 1680 vindictam
2288 1625 2478 1682 fratris
2524 1625 2617 1695 qui
2660 1635 2713 1680 te
2757 1627 2982 1694 laeserit,
3033 1635 3231 1681 cuncta
3265 1626 3321 1680 in
3359 1626 3522 1682 corde

1955 1727 2049 1770 tuo
2074 1716 2320 1772 orientur
2348 1723 2594 1787 tempore
2624 1716 2914 1772 orationis.

2024 1805 2078 1859 2.
2116 1805 2228 1877 (54)
2259 1805 2403 1860 Di-xit
2442 1807 2677 1862 iterum:
2716 1804 2939 1875 Oratio,
3003 1809 3441 1864 mansuetudinis
3471 1819 3525 1864 et

1949 1899 2019 1954 ab
2047 1899 2125 1952 ira
2161 1900 2452 1955 vacuitatis
2481 1909 2567 1956 est
2597 1917 2841 1971 germen.

2021 1988 2075 2042 5.
2105 1987 2217 2059 (55)
2260 1987 2476 2046 Rursus
2503 2009 2516 2044 :
2548 1989 2800 2047 Precatio
2826 1999 2932 2055 est,
2983 1993 3223 2049 tristitiae
3255 2004 3309 2050 et
3338 1995 3525 2050 anxie-

1949 2083 2078 2138 tatis
2113 2081 2439 2137 remedium.

2018 2172 2070 2226 4.
2092 2169 2203 2242 (56)
2228 2169 2374 2225 Dixit
2399 2172 2614 2227 adhuc:
2667 2172 2872 2229 Abiens
2926 2177 3097 2231 vende
3144 2192 3266 2246 qua:
3316 2175 3521 2241 habes.

1947 2270 2001 2316 et
2026 2261 2093 2316 da
2123 2262 2496 2332 pauperibus;
2535 2271 2927 2335 assumptaque
2967 2281 3154 2331 cruce,
3188 2268 3397 2339 abnega
3448 2275 3525 2322 te—

1949 2353 2280 2424 metipsum;
2327 2369 2436 2423 quo
2489 2359 2669 2424 possis
2723 2356 2930 2427 absque
2984 2358 3096 2413 ulla
3150 2358 3518 2417 distractione

1949 2458 2131 2500 orare.
2246 2494 2253 2502 .

2019 2533 2072 2588 5.
2101 2533 2214 2604 (57)
2247 2531 2360 2588 lloc
2415 2549 2633 2605 quoque
2691 2537 3106 2605 pronuntiavit:
3169 2536 3231 2593 In
3275 2554 3524 2610 quocun-

1947 2642 2056 2696 que
2102 2624 2387 2681 tolerando
2440 2635 2493 2681 te
2541 2627 2925 2698 philosophum
2982 2629 3318 2700 praebueris,
3357 2629 3523 2702 hujus

1950 2717 2187 2773 fructum
2215 2726 2461 2788 tempore
2489 2719 2754 2773 orationis
2781 2721 3046 2782 invenies.

2015 2806 2070 2862 6.
2100 2805 2213 2878 (58)
2269 2807 2400 2862 ltetn
2464 2808 2652 2864 istud:
2705 2808 2768 2862 Si
2821 2809 3104 2867 desideras
3158 2827 3319 2868 orare
3381 2815 3525 2869 sicut

1949 2905 2183 2968 oportet,
2215 2915 2284 2955 ne
2315 2899 2538 2955 tristitia
2566 2899 3090 2956 aﬂ'eeeris-animum
3121 2919 3135 2967 ;
3167 2903 3436 2974 alioquin
3473 2905 3526 2958 in

1948 3003 2151 3042 vanum
2189 2991 2392 3044 curris.
2829 3006 2836 3010 '

2020 3081 2071 3132 7.
2110 3079 2224 3151 (59)
2254 3079 2474 3135 Necnon
2510 3082 2652 3136 hoc:
2680 3079 2759 3135 Ne
2791 3082 2929 3136 velis
2961 3098 3050 3139 res
3083 3091 3208 3140 tuas
3238 3086 3312 3140 ita
3347 3086 3522 3142 admi-

268 3155 382 3225 Θεῷ
410 3155 635 3226 ἀρέσκει
677 3156 922 3224 γίνεσθαι
952 3155 1020 3208 τὰ
1048 3156 1191 3210 κατά
1235 3156 1294 3210 σέ
1320 3174 1333 3187 ·
1370 3157 1464 3210 κα)⁵
1506 3156 1603 3229 ἔσῃ
1645 3158 1844 3228 ἀτάρα-

1952 3169 2175 3224 nistrari
2213 3171 2673 3240 quemadmodum
2725 3171 2824 3226 tibi
2851 3171 3093 3238 videtur,
3151 3176 3247 3231 sed
3305 3184 3364 3231 ut
3407 3176 3525 3247 pla-

270 3261 358 3312 χος
385 3246 476 3298 καὶ
504 3245 827 3316 εὐχάριστος
856 3248 914 3300 ὲν
945 3250 1220 3319 προσευχῇ
1249 3264 1366 3301 σου,

337 3431 405 3494 η’.
428 3419 565 3477 Εἷπε
599 3425 759 3478 πάλιν
782 3443 796 3456 ο
827 3426 1112 3496 Μακάριός
1146 3427 1258 3480 ὲστι
1293 3428 1522 3498 μοναχδς
1541 3467 1555 3493 ,
1576 3431 1603 3482 6
1631 3429 1844 3483 πάντων

271 3515 555 3588 περίψημα
583 3516 774 3570 ἑαυτὸν
800 3516 1169 3589 λογιζόμενος.

335 3695 397 3749 θ’.
437 3692 578 3750 Εἷπε
615 3696 776 3750 πάλιν
800 3714 814 3728 ο
859 3699 1137 3770 Ἀτρωτος
1177 3697 1420 3768 διαμένει
1477 3698 1708 3768 μοναχὸς
1739 3700 1845 3752 ἀπὸ

271 3787 372 3840 τῶν
403 3786 576 3857 βελῶν
629 3787 724 3841 τοῦ
757 3788 955 3860 ἐχθροῦ
984 3829 998 3852 ,
1049 3791 1077 3843 6
1105 3789 1337 3856 ἀγαπῶν
1394 3787 1622 3858 ἡσυχίαν
1646 3805 1661 3820 ο
1711 3791 1738 3840 ὀ
1787 3790 1842 3842 δὲ

273 3880 801 3952 συναναμιγνύμενος
827 3881 1055 3952 πλήθεσι
1088 3883 1331 3951 συνεχεῖς
1363 3879 1581 3949 δέχεται
1610 3880 1841 3950 πληγάς.

338 4064 386 4111 ι’.
411 4051 550 4111 Εἷπε
580 4059 740 4115 πάλιν
759 4078 773 4092 ο
821 4061 878 4114 '0
909 4061 1094 4126 δοῦλος
1119 4063 1148 4115 6
1169 4063 1386 4134 ἀμελῶν
1413 4063 1522 4117 τῶν
1553 4063 1728 4135 ἔργων
1749 4064 1840 4117 τοῦ

268 4148 457 4219 κυρίου
480 4149 646 4203 αὐτοῦ
675 4151 1043 4221 ὲτοιμαζέσθω
1066 4152 1200 4222 πρὸς
1231 4152 1521 4224 μάστιγας.

616 4263 756 4331 Περὶ
793 4263 901 4319 τοῦ
934 4264 1084 4320 ἀϐὅᾶ
1113 4265 1477 4334 Νιστερὼὀυ.

333 4380 399 4428 α’.
447 4374 506 4426 '0
527 4373 700 4439 ἀσὸἆς
726 4376 1038 4445 Νιστερῶος
1070 4379 1137 4409 ¹⁰⁶
1171 4381 1198 4432 6
1227 4380 1399 4448 μέγας
1444 4381 1758 4452 περιεπάτει
1785 4382 1841 4435 ἐν

267 4465 328 4533 τῇ
361 4464 554 4535 ἐρήμῳ
587 4464 723 4534 μετὰ
750 4465 978 4535 ἀδελφοῦ
1005 4485 1179 4532 τινος’
1209 4469 1302 4522 καὶ
1329 4470 1527 4534 ἰδόντες
1551 4471 1837 4542 δράκοντα,

1951 3261 2129 3316 cuerit
2164 3261 2316 3328 Deo;
2353 3263 2576 3334 erisque
2615 3263 2906 3320 turbarum
2939 3279 3169 3331 vacuus,
3227 3275 3282 3323 et
3334 3280 3537 3340 gratus-

1948 3353 2003 3409 in
2033 3354 2294 3424 precibus
2326 3356 2460 3414 tuis.

2018 3445 2071 3500 8.
2107 3445 2220 3518 (60)
2271 3446 2556 3505 Sententia
2590 3449 2757 3505 etiam
2808 3452 2958 3509 illius
3018 3452 3157 3508 fuit:
3205 3451 3406 3507 Beatus
3438 3463 3523 3507 est

1947 3537 2274 3602 monachus,
2305 3539 2398 3610 qui
2429 3555 2487 3596 se
2515 3548 2841 3598 cunctorum
2873 3550 3292 3615 purgamentum
3336 3543 3525 3598 existi-

1949 3637 2202 3680 mavertt.

2017 3719 2070 3772 9.
2107 3718 2218 3789 (61)
2261 3717 2404 3774 Dixit
2431 3723 2634 3792 pariter
2673 3741 2685 3777 :
2723 3723 3112 3782 lnvulneratus
3160 3741 3190 3780 a
3225 3726 3364 3782 (telis
3424 3727 3522 3781 ini-

1945 3810 2076 3866 mici
2113 3797 2298 3868 manet
2324 3816 2648 3883 monachus,
2682 3818 2773 3888 qui
2816 3830 2958 3873 amat
2994 3819 3276 3889 quietem;
3331 3827 3386 3873 at
3433 3819 3523 3874 ille

1945 3902 2036 3973 qui
2067 3903 2330 3959 miscetur
2351 3919 2475 3960 cum
2517 3907 2770 3977 plurimis
2817 3910 3164 3976 hominibus,
3215 3911 3512 3965 continuas

1946 3994 2147 4063 accipit
2178 3996 2411 4067 plagas,

2021 4087 2104 4140 10.
2157 4086 2390 4143 Detnum
2442 4091 2625 4146 dixit;
2687 4092 2892 4148 Servus
2946 4093 3039 4163 qui
3095 4093 3322 4165 negligit
3355 4107 3521 4165 opera

1945 4174 2157 4248 domini
2188 4178 2295 4242 sui,
2331 4188 2555 4248 paratus
2584 4181 2654 4237 sit
2685 4182 2750 4236 ad
2784 4184 3090 4237 verbera".

2426 4292 2504 4345 De
2532 4292 2720 4347 abbate
2760 4291 3029 4348 Nisteroo.

2023 4379 2070 4432 1.
2103 4377 2214 4450 (62)
2251 4381 2435 4437 Abbas
2493 4382 2785 4438 Nisterous
2831 4399 3066 4455 magnus
3100 4384 3388 4440 incedebat
3422 4402 3522 4458 per

1941 4484 2185 4525 eremum
2239 4489 2363 4526 cum
2420 4473 2658 4544 quodam
2714 4475 2922 4544 fratre;
2980 4484 3037 4532 et
3065 4478 3188 4535 viso
3239 4477 3520 4544 dracone,

270 4551 481 4619 ἔφυγον.
530 4554 640 4606 Καὶ
688 4553 837 4622 λέγει
869 4555 1017 4627 αὐτῷ
1052 4560 1081 4611 6
1112 4557 1370 4627 ἀδελφός·
1418 4560 1528 4613 Καὶ
1577 4562 1640 4614 σὺ
1674 4562 1834 4633 φοδῇο

1952 4557 2228 4631 fugerunt.
2261 4562 2402 4617 Dicit
2424 4563 2475 4618 ei
2523 4563 2725 4618 frater:
2755 4564 2836 4620 Tan
2867 4580 3086 4636 quoque
3114 4568 3294 4632 times,
3319 4565 3526 4622 Pater-.3

268 4638 478 4709 Πάτερ;
532 4641 643 4693 Καὶ
679 4641 829 4710 λέγει
884 4644 1033 4715 αὐτῷ
1067 4647 1095 4699 6
1154 4646 1372 4718 γέρων⁸
1411 4649 1485 4702 Οὐ
1541 4649 1834 4722 φοϐοῦμαι,

267 4730 447 4784 τέκνον
471 4748 485 4761 ’
517 4731 657 4785 ἀλλά
705 4734 973 4806 συμφέρει
1016 4738 1099 4790 ὅτι
1131 4737 1329 4806 ἔφυγον
1350 4782 1364 4805 ,
1414 4740 1538 4794 ἐπεὶ
1568 4742 1667 4794 οὐκ
1697 4737 1842 4813 εἶχον

268 4819 521 4887 ἐκφυγεῖν
550 4820 612 4872 τὸ
643 4821 860 4892 πνεῦμα
892 4824 990 4894 τῆς
1020 4825 1344 4892 κενοδοξίας.

331 4909 392 4980 β’.
433 4912 688 4983 Ἀδελφδς
708 4913 958 4986 ἠρώτησε
981 4917 1233 4987 γέροντα,
1257 4919 1428 4987 λέγων
1449 4937 1460 4949 ·
1490 4922 1647 4974 Ποῖον
1681 4924 1844 4978 καλὸν

267 5004 491 5074 πρᾶγμά
523 5005 672 5060 ἐστιν
696 5047 711 5071 ,
750 5006 837 5059 ἵνα.
865 5009 1074 5078 ποιήσω
1098 5049 1112 5070 ,
1155 5009 1249 5062 καὶ
1282 5011 1530 5082 ζήσωμαι
1567 5015 1624 5066 ἐν
1653 5014 1802 5085 αὐτῷ
1828 5034 1842 5081 ;

267 5092 368 5147 Καὶ
414 5090 570 5149 εἶπεν
616 5099 646 5151 6
691 5096 870 5166 γέρων
896 5113 910 5128 ·
947 5100 1005 5151 '0
1037 5099 1169 5164 Θεὸς
1209 5096 1318 5153 οἵδε
1372 5101 1432 5154 τὺ
1479 5103 1661 5160 καλόν.
1705 5107 1843 5159 Ἀλλ’

268 5249 485 5374 Πηὲἒι.
541 5251 872 5322 ἀμελοῦντα.
952 5253 996 5284 ’θ
1025 5253 1110 5308 Al.
1163 5263 1227 5310 et
1261 5255 1348 5311 ed.
1396 5256 1711 5314 σκάνδαλον.

338 5358 350 5384 ’
382 5358 466 5374 τυ·

469 5476 643 5550 -Νἱιιιδ
667 5477 1036 5550 Deeralione,
1062 5495 1180 5550 cap.
1219 5481 1303 5534 15.

332 5545 436 5618 (ἔξ)
469 5547 546 5618 Πιο
583 5563 706 5618 cap.
742 5548 829 5602 14.

330 5615 436 5684 (55)
470 5617 546 5671 Ib.
579 5615 707 5685 cap.
739 5617 826 5671 l6.

584 5703 714 5758 cap.
753 5688 842 5742 17.

326 5755 434 5830 (ξι)
461 5755 538 5830 lb.
569 5755 695 5828 cap.
729 5759 818 5830 ιθ.

333 5827 444 5899 (53')
477 5827 557 5884 lb.
593 5827 718 5898 cap.
744 5829 834 5882 ~20.

1949 4651 2176 4724 Excepit
2204 4670 2409 4710 senex:
2449 4653 2564 4710 Non
2599 4657 2784 4721 timeo,
2822 4657 2895 4712 fili
2931 4675 2944 4725 ;
2978 4659 3074 4714 sed
3107 4657 3311 4729 profuit
3343 4659 3519 4722 mihi,

1943 4745 2092 4816 quod
2127 4745 2354 4818 fugerim
2378 4748 2563 4815 ;,,alias
2588 4763 2696 4804 non
2729 4747 3042 4820 effugissem
3079 4751 3334 4820 spiritum
3367 4766 3521 4806 vana:

1944 4838 2153 4908 gloriae.

2018 4930 2072 4983 2.
2111 4931 2224 4997 (65)
2259 4929 2451 4987 Frater
2505 4933 2864 5004 interrogavit
2911 4950 3121 4998 senem,
3177 4934 3286 4990 hoc.
3313 4945 3516 5006 pacto:

1951 5018 2084 5084 Quae
2112 5034 2202 5075 res
2234 5019 2380 5074 bona
2411 5032 2520 5086 est,
2553 5032 2612 5077 ut
2641 5023 2860 5089 faciam,
2889 5033 2942 5079 et
2984 5026 3160 5078 vivam
3200 5026 3252 5080 in
3289 5027 3401 5081 ea?
3430 5029 3520 5080 Ait

1950 5125 2113 5166 senex
2147 5129 2159 5164 :
2197 5109 2342 5166 Deus
2374 5114 2527 5166 novit
2556 5113 2684 5184 quid
2711 5115 2915 5170 bonum
2949 5115 3021 5170 sit
3047 5118 3278 5171 .Verum
3325 5114 3515 5170 auditu

1818 5261 2000 5316 "‘Al.
2073 5265 2374 5338 Νιστερῶν.
2453 5267 2702 5323 “lCor.
2750 5287 2802 5335 ν,
2866 5272 2954 5340 12,
3018 5272 3100 5326 15.
3180 5271 3382 5325 "Luc.
3416 5287 3516 5336 ιιι,

2016 5489 2129 5558 (59)
2163 5489 2236 5544 Ib.
2270 5505 2390 5559 cap.
2431 5491 2519 5545 89.

2016 5559 2128 5630 (60)
2155 5561 2234 5630 l_b.
2264 5576 2384 5630 cap.
2416 5561 2535 5613 1‘21.

2017 5628 2135 5698 161),
2170 5628 2477 5698 νὶιηΡαιν.
2512 5647 2568 5695 ιι,
2594 5630 2653 5684 11
2681 5649 2694 5696 ;
2722 5628 2880 5682 Suar.
2920 5628 2988 5698 ad
3025 5628 3139 5684 Nil.
3172 5645 3223 5698 p.
3249 5630 3373 5690 656.

2020 5697 2135 5784 (6?)
2158 5697 2578 5784 Patr.vm,
2607 5700 2706 5767 l2;
2737 5698 2918 5768 “1,5;
2951 5697 3271 5755 Viridm'ium
3295 5702 3534 5772 liadet‘i,_

1951 5781 2032 5831 ιιι,
2073 5767 2126 5827 6,
2158 5767 2248 5822 29.
2826 5767 2829 5768 ⁷
3135 5802 3138 5806 -

2025 5837 2133 5908 (65)
2173 5838 2276 5891 Vit.
2308 5839 2461 5893 Patr.
2497 5838 2607 5906 1,2.
