4032 6334
274 370 381 428 δῶ

1450 383 2063 446 APOPHTIIEGMATA
2104 392 2412 453 PATRUM.

3418 418 3521 474 3H

273 481 423 536 διατί
458 480 560 536 οὐκ
598 481 822 554 εὔχεσθε
851 488 946 540 καὶ
977 489 1341 560 παρακαλεῖτε
1369 493 1462 548 τὸν
1502 495 1668 565 Θεόν;
1695 498 1850 567 Λέγει

1962 501 2121 557 riam.
2155 506 2245 598 Ait
2284 507 2361 562 illi
2401 522 2566 567 senex
2603 531 2620 567 :
2659 514 2840 581 Quare
2881 534 2993 576 non
3038 521 3270 581 fonditis
3313 541 3529 598 preces,

277 573 431 644 αὐτῷ
468 575 497 628 6
531 574 787 644 ἀδελφόςο
836 578 950 632 Καὶ
1003 580 1306 651 εὐχόμεθα,
1348 584 1444 638 καὶ
1483 585 1853 661 λιτανεύομεν,

278 665 378 720 καὶ
421 667 484 719 οὐ
520 660 729 738 βρέχει.
768 668 933 738 Λέγει
984 671 1133 743 αὐτῷ
1173 675 1202 726 6
1246 674 1457 748 γέρων·
1492 660 1855 746 Πάντωςόύκ

275 756 506 827 εὔχεσθε
551 759 801 825 ἐκτενῶς.
842 760 1029 829 Θέλεις
1057 765 1114 819 δὲ
1148 767 1352 836 γνῶναι
1384 769 1466 823 ὃτι
1498 769 1670 836 οὕτως
1702 774 1853 841 ὲστί;

278 849 392 902 Καὶ
431 848 662 917 ἐξέτεινε
693 851 792 917 τάς
827 856 1013 924 χεῖρας
1064 858 1146 921 είς
1190 858 1281 913 τὸν
1323 860 1551 932 οὐρανὸν
1584 864 1641 916 ὲν
1689 881 1856 933 προσ-

278 942 438 1011 ευχῇ,
471 942 568 994 καὶ
616 945 955 1016 παραχρῆμα
991 946 1229 1019 ἔϐρεξεν.
1271 952 1416 1006 Ἰδὼν
1446 953 1501 1007 δὲ
1555 956 1583 1008 6
1629 955 1856 1026 ἀδελφὸς

278 1032 556 1104 ἐφοϐήθη,
598 1036 693 1088 καὶ
746 1036 938 1093 ἔπεσεν
984 1042 1075 1094 ἐπὶ
1109 1042 1418 1114 πρόσωπον,
1448 1048 1544 1100 καὶ
1587 1048 1857 1119 προσεκύ-

278 1140 445 1193 νησεν
487 1125 661 1198 αὐτῷ.
709 1127 769 1182 Ὀ
816 1128 873 1182 δὲ
925 1131 1103 1204 γέρων
1149 1133 1369 1204 ἔφυγεν.
1412 1137 1472 1191 ’0
1520 1138 1578 1191 δὲ
1629 1139 1856 1211 ἁδελφὸς

276 1213 570 1285 ἀνήγγειλε
601 1217 734 1270 πᾶσι
767 1217 829 1272 τὸ
858 1221 1099 1290 γεγονός.
1141 1224 1252 1279 Καὶ
1276 1226 1326 1279 οἱ
1364 1226 1692 1296 ἀκούσαντες
1746 1229 1857 1283 ἐδό-

278 1305 451 1371 ξασαν
490 1306 586 1361 τὸν
613 1308 768 1364 θεόν.

690 1425 831 1494 Περὶ
880 1425 987 1481 τοῦ
1024 1428 1175 1485 ἀὸϐἆ
1203 1430 1449 1488 Ξανθία.

350 1551 418 1602 α’.
459 1542 633 1602 Εἶπεν
677 1548 708 1601 ὁ
757 1550 931 1616 ἀϐὄᾶς
992 1553 1254 1619 Ξανθίας·
1298 1555 1359 1611 '0
1403 1557 1607 1630 λῃστὴς
1658 1559 1718 1614 ὲν
1777 1559 1857 1631 τῷ

278 1639 499 1711 σταυρῷ
543 1636 634 1712 ἦν,
691 1642 787 1695 καὶ
841 1643 950 1697 ἀπὸ
1008 1645 1167 1714 λόγου
1218 1649 1335 1714 ἐνὸς
1380 1650 1702 1723 ἐδικαιώθη·
1761 1652 1857 1706 καὶ

287 1730 490 1796 Ἰούδας
543 1732 683 1802 μετὰ
719 1732 828 1787 τῶν
880 1735 1191 1791 ἀποστόλων
1245 1739 1719 1812 συνηριθμημένος
1764 1738 1852 1814 ἦν,

1958 605 2123 665 atque
2155 612 2188 652 a
2220 596 2332 655 Deo
2363 604 2629 672 poscitis?
2657 604 2796 663 Tum
2834 609 3003 668 frater
3039 634 3053 669 :
3088 615 3151 670 Et
3185 596 3440 686 oramus,

1957 688 2366 759 supplicamus;
2406 709 2507 750 nec
2550 697 2708 766 pluit.
2752 698 2980 773 Excepit
3018 721 3185 763 senex
3228 727 3244 765 :
3292 710 3532 770 (λιιιηὶηο

1956 792 2067 833 non
2096 780 2271 872 oratis
2300 782 2528 842 intente.
2551 785 2650 843 Vis
2680 798 2860 846 autem
2894 809 3230 866 cognoscere
3273 803 3420 872 quod
3454 804 3529 859 ita

1954 872 2076 926 est?
2115 871 2183 926 Et
2232 876 2477 931 extendit
2528 894 2725 937 manus
2770 882 2843 937 ad
2892 887 3091 942 coelum
3147 890 3203 944 in
3255 871 3526 950 oratione.

1955 965 2368 1039 Confestimque
2411 972 2637 1028 defluxit
2681 976 2885 1045 pluvia.
2927 977 3085 1045 Quod
3131 997 3256 1036 cum
3297 982 3529 1040 vidisset

1956 1057 2149 1124 frater,
2179 1061 2403 1117 territus
2429 1072 2515 1120 est
2534 1102 2549 1128 ,
2585 1080 2649 1121 ac
2682 1067 2739 1122 in
2771 1067 2967 1125 faciem
3000 1073 3294 1141 prostravit
3325 1089 3406 1141 se,
3434 1090 3529 1131 ve-

1957 1165 2158 1209 nerans
2208 1167 2355 1209 eum.
2402 1155 2475 1210 At
2524 1172 2690 1213 senex
2750 1158 2910 1231 fugit.
2958 1158 3131 1217 Porro
3181 1163 3350 1218 frater
3394 1163 3528 1234 quid

1956 1244 2282 1316 contigisset
2302 1246 2577 1303 nuntiavit
2598 1249 2835 1304 eunetis.
2862 1248 2924 1303 Et
2946 1252 3039 1321 qui
3066 1253 3382 1320 audierunt,
3408 1254 3530 1325 glo-

1957 1336 2311 1394 rificaverunt
2339 1337 2537 1396 Deum.

2442 1444 2521 1501 De
2558 1446 2748 1503 abbate
2787 1448 3042 1503 Xanthia.

2029 1551 2081 1608 1.
2123 1551 2337 1607 Dictum
2366 1552 2582 1610 abbatis
2606 1555 2859 1609 Xanthia:
2883 1573 2899 1610 :
2925 1554 3173 1611 Latro'in
3198 1570 3363 1611 cruce
3385 1560 3529 1620 erat,

1955 1651 2008 1700 et
2033 1659 2130 1715 per
2153 1661 2319 1699 unum
2347 1647 2571 1702 verbum
2598 1648 2783 1718 justus
2810 1648 3035 1706 effectus
3060 1658 3178 1716 est;
3205 1648 3377 1705 ludas
3403 1662 3530 1703 cum

1957 1737 2225 1806 apostolis
2252 1739 2662 1806 recensebatur,
2690 1749 2744 1796 et
2779 1757 2885 1796 una
2913 1751 3076 1797 nocte
3104 1743 3286 1797 amisit
3312 1755 3531 1796 omnem

277 1822 373 1875 καὶ
399 1826 458 1877 ὲν
488 1824 649 1878 νυκτὶ
682 1826 782 1897 μιᾷ
825 1825 1073 1880 ἀπώλεσε
1112 1829 1288 1885 πάντα
1316 1830 1411 1884 τὸν
1456 1830 1725 1902 κάματον,
1760 1834 1850 1888 καὶ

1959 1826 2225 1892 laborem,
2250 1828 2641 1901 descenditque
2662 1846 2693 1887 e
2716 1833 2873 1888 caelis
2895 1834 2951 1887 in
2980 1833 3273 1889 infernum.
3295 1832 3534 1888 Proinde

278 1915 483 1986 κατέϐη
526 1914 588 1981 ὲξ
627 1918 868 1988 οὐρανῶν
897 1922 976 1984 είς
1002 1919 1156 1992 ᾅδην.
1198 1921 1291 1976 Διὸ
1330 1923 1521 1995 μηδεὶς
1557 1925 1854 1997 εὐπραγῶν

278 2008 601 2077 καυχάσθωο
653 2010 854 2075 πάντες
898 2011 1010 2083 γάρ
1051 2015 1101 2066 οί
1150 2013 1469 2079 πεποιθότες
1514 2015 1599 2085 ἐφ’
1640 2017 1854 2081 ἑαυτοῖς

276 2098 487 2154 ἔπεσον.

346 2191 412 2261 β’.
452 2191 649 2264 ’Δνέση
677 2193 808 2247 ποτε
838 2196 867 2247 6
893 2192 1067 2259 assa;
1092 2195 1324 2261 Ξανθίας
1353 2196 1461 2251 ἀπὸ
1494 2197 1745 2270 Σκήτεως
1772 2199 1855 2263 είς

276 2281 624 2355 Τερενοῦθινο
667 2282 762 2336 καὶ
801 2284 937 2337 ὅπου
973 2284 1258 2352 κατέλυσε,
1298 2286 1386 2340 διά
1430 2288 1519 2341 τὸν
1552 2290 1719 2343 κόπον
1754 2289 1855 2361 τῆς

275 2372 559 2441 ἀσκήσεως
599 2373 838 2444 ἤνεγκαν
880 2372 1028 2444 αὐτῷ
1076 2375 1257 2443 ὀλίγον
1297 2372 1458 2431 οἶνον.
1498 2378 1849 2445 Ἀκούσαντες

274 2464 327 2517 δέ
362 2482 507 2529 τινες
553 2466 795 2536 ἤνεγκαν
826 2466 978 2538 αὑτῷ
1011 2468 1473 2541 δαιμονιζόμενον.
1501 2471 1613 2525 Καὶ
1648 2472 1852 2543 ἧρξατο

274 2556 302 2608 6
323 2556 532 2625 δαίμων
560 2555 820 2627 λοιδορεῖν
849 2557 939 2610 τὸν
965 2558 1224 2630 γέροντα·
1256 2559 1401 2632 Πρὸς
1441 2561 1533 2615 τὸν
1571 2564 1852 2634 οἰνοπότην

276 2646 459 2701 τοῦτον
490 2647 763 2718 ήνέγκατέ
798 2666 885 2719 με.
930 2649 1041 2702 Καὶ
1069 2653 1097 2704 6
1141 2650 1242 2722 μὲν
1281 2652 1459 2724 γέρων
1507 2654 1610 2708 οὐκ
1661 2655 1852 2726 ἢθελεν

276 2737 434 2791 αὐτὸν
476 2737 764 2791 ἐκϐαλεῖνο
806 2738 894 2793 διὰ
931 2738 988 2793 δὲ
1031 2740 1124 2793 τὸν
1172 2741 1479 2813 ὀνειδισμὸν
1523 2743 1710 2813 ἔλεγεο
1757 2747 1855 2800 Πι-

273 2828 442 2882 στεύω
467 2828 547 2900 τῷ
586 2827 829 2900 Χριστῷ,
876 2829 958 2882 ὅτι
997 2829 1058 2883 οὐ
1108 2829 1185 2902 μή
1232 2832 1437 2885 τελέσω
1484 2833 1543 2886 τὸ
1591 2836 1854 2906 ποτήριον

269 2918 442 2984 τοῦτο,
473 2920 582 2984 ἕως
618 2914 678 2973 οὗ
721 2919 959 2991 ἐξέλθῃς.
999 2921 1112 2975 Kai.
1136 2922 1212 2986 ὡς
1248 2921 1451 2995 ήρξατο
1481 2925 1508 2977 6
1535 2924 1714 2996 γέρων
1762 2926 1854 2979 πί-

270 3025 400 3072 νειν,
428 3008 662 3080 ἔκραξεν
686 3011 716 3062 6
741 3008 972 3080 δαίμων,
989 3011 1163 3080 λέγων
1182 3028 1197 3043 ⁸
1231 3012 1423 3076 Καίεις
1444 3031 1534 3084 με,
1553 3016 1730 3078 καίεις
1764 3032 1853 3086 με.

270 3100 380 3154 Ka‘t
410 3100 520 3172 πρὸ
556 3099 652 3154 τοῦ
681 3101 919 3168 τελέσαι,
967 3101 1156 3175 ἐξῆλθε
1199 3104 1288 3157 διὰ
1336 3104 1439 3175 τῆς
1489 3106 1712 3178 χάριτος
1758 3106 1853 3161 τοῦ

272 3191 531 3261 Χριστοῦ.

335 3289 407 3351 Υ.
448 3281 512 3337 ὐ
564 3284 727 3349 αὐτὸς
778 3280 954 3351 εἶπεν,
999 3286 1081 3339 ὅτι
1120 3286 1179 3339 '0
1218 3287 1362 3341 κύων
1422 3289 1695 3361 κρείσσων
1750 3291 1850 3360 μού

274 3375 417 3428 ἔστιο
449 3375 585 3430 διότι
628 3376 724 3430 καὶ
754 3377 975 3448 ἀγάπην
1001 3377 1135 3448 ἔχει,
1169 3378 1263 3431 καὶ
1294 3380 1373 3443 είς
1412 3381 1594 3451 κρίσιν
1635 3383 1734 3435 οὐκ
1765 3381 1855 3453 ἔρ-

274 3479 442 3534 χεται.

722 3566 890 3639 Ἀρχὴ
918 3567 1012 3621 τοῦ
1044 3569 1086 3621 0
1114 3569 1404 3639 στοιχείου.

648 3679 789 3747 Περὶ
820 3680 928 3735 τοῦ
962 3679 1113 3736 ἀὸὅᾶ
1155 3681 1505 3751 Ὀλυμπίου.

339 3794 407 3849 α’.
448 3787 620 3846 Εἶπεν
661 3794 691 3847 6
735 3792 911 3857 ἀϐὃᾶς
950 3793 1270 3864 Ὀλύμπιος,
1318 3795 1401 3848 ὅτι
1444 3794 1667 3867 Κατέϐη
1717 3795 1844 3850 ποτὲ

280 3884 453 3956 ἱερεὺς
495 3884 604 3938 τῶν
637 3884 905 3956 Ἐλλήνων
949 3887 1031 3949 εἰς
1070 3887 1291 3958 Σκῆτιν,
1322 3887 1415 3940 καὶ
1461 3882 1624 3958 ἦλθεν
1682 3888 1761 3950 είς
1796 3886 1855 3939 τὸ

277 3976 481 4031 κελλίον
505 3994 632 4048 μου,
659 3977 755 4032 καὶ
786 3977 1057 4049 ἐκοιμήθη
1077 3995 1092 4011 ο
1125 3980 1221 4033 καὶ
1254 3978 1591 4049 θεασάμενος
1618 3978 1717 4048 τὴν
1742 3977 1856 4030 δια-

275 4067 455 4138 γωγὴν
501 4067 612 4121 τῶν
664 4068 935 4139 μναχῶν,
968 4070 1117 4137 λέγει
1153 4086 1275 4141 μοι’
1309 4068 1495 4133 Οὕτως
1544 4069 1850 4138 διάγοντες,

273 4158 419 4213 οὐδὲν
441 4158 699 4228 θεωρεῖτε
724 4160 874 4230 παρὰ
900 4159 976 4231 τῷ
1003 4160 1119 4230 Θεῷ
1146 4160 1335 4232 ὑμῶν;
1362 4161 1474 4214 Καὶ
1505 4159 1648 4229 λέγω
1670 4159 1818 4230 αὐτῷ
1836 4176 1850 4191 ο

274 4247 422 4318 θῦχί.
454 4249 569 4302 Καὶ
604 4247 753 4317 λέγει
800 4266 890 4320 μοι
931 4252 960 4303 6
1003 4251 1211 4322 ίερεύς’
1258 4251 1409 4314 Τέως
1450 4249 1608 4321 ήμῶν
1642 4251 1853 4321 ἱερουρ-

274 4340 510 4406 γούντων
552 4340 633 4413 τῷ
684 4340 806 4412 Θεῷ
847 4341 1026 4413 ήμῶν,
1066 4342 1218 4397 οὐδὲν
1262 4342 1494 4414 κρύπτει
1535 4342 1629 4411 ἀφ’
1669 4342 1849 4412 ήμῶν,

274 4430 406 4485 ἀλλά
450 4431 828 4485 ἀποκαλύπτει
889 4433 1023 4502 ήμῖν
1058 4430 1130 4485 τὰ
1180 4432 1453 4503 μυστήρια
1508 4430 1707 4485 αὐτοῦ’
1754 4431 1850 4485 καὶ

1956 1933 2117 1974 nemo
2138 1919 2194 1974 in
2218 1919 2347 1974 boni
2370 1923 2556 1991 operis
2582 1921 2843 1979 felicitate
2864 1924 3220 1989 constitutus,
3243 1926 3530 1995 glorietur.

1954 2009 2160 2068 Omnes
2184 2012 2331 2068 enim
2362 2014 2453 2084 qui
2480 2013 2825 2071 conﬂderunt
2850 2015 2905 2070 in
2931 2016 3263 2090 semetipsis,
3290 2016 3534 2089 prolapsi

2022 2195 2078 2249 2.
2118 2195 2384 2251 Ascendit
2410 2198 2704 2269 aliquando
2734 2201 2905 2257 abbas
2932 2201 3202 2257 Xautliias
3230 2217 3260 2257 e
3295 2200 3441 2256 Secti
3474 2201 3533 2256 in

1954 2284 2310 2342 Terenutbim
2346 2307 2361 2343 :
2394 2304 2505 2360 quo
2531 2305 2662 2345 vero
2692 2290 2798 2346 loci
2828 2291 3141 2347 diversatus
3169 2299 3276 2355 est,
3310 2299 3533 2361 propter

1953 2380 2367 2435 exercitationis
2396 2380 2641 2437 laborem
2675 2382 2979 2437 attulerunt
3008 2383 3057 2437 ei
3090 2382 3366 2436 modicum
3393 2382 3530 2438 vini.

1953 2468 2188 2536 Quidam
2235 2481 2415 2524 autem
2461 2471 2649 2525 audito
2708 2487 2831 2526 eum
2876 2472 3092 2538 adesse,
3132 2472 3532 2526 daemoniacum

1954 2559 2317 2616 adduxerunt.
2366 2560 2543 2633 Cmpit
2591 2562 2804 2618 daemon
2848 2564 3183 2633 opprobrare
3231 2562 3348 2619 seni
3393 2581 3408 2618 :
3450 2562 3534 2618 Ad

1954 2652 2065 2707 vini
2091 2659 2338 2722 potorem
2367 2653 2511 2708 hunc
2535 2653 2844 2712 adduxistis
2872 2673 2978 2711 me.
3028 2656 3094 2709 Et
3117 2671 3283 2711 senex
3310 2656 3533 2726 quidem

1954 2742 2129 2797 noluit
2172 2757 2300 2798 eum
2348 2741 2583 2813 ejicere;
2634 2744 2731 2800 sed
2782 2754 3005 2816 propter
3047 2747 3533 2816 exprobrationem
3618 2776 3634 2791 ο

1954 2833 2091 2889 dixit
2122 2851 2135 2889 :
2167 2832 2391 2889 Christo
2421 2834 2610 2901 credo,
2640 2838 2786 2907 quod
2818 2848 3109 2908 antequam
3139 2838 3403 2892 ebiberim
3436 2852 3536 2908 po-

1955 2929 2139 2983 culum
2172 2930 2307 2992 hoc,
2337 2930 2534 2985 exibis.
2566 2927 2747 2998 thue
2776 2929 2941 2998 etrapit
2970 2943 3136 2983 senex
3167 2929 3386 2990 bibere,
3417 2928 3535 2982 cla-

1957 3023 2126 3075 mavit
2153 3022 2366 3078 daemon
2399 3023 2454 3077 in
2489 3023 2605 3077 haec
2635 3023 2797 3076 verba
2833 3041 2847 3077 :
2883 3020 3011 3077 Uris
3044 3036 3151 3089 me,
3185 3023 3301 3077 uris
3332 3036 3437 3077 me.
3470 3019 3537 3076 Et

1961 3120 2255 3183 antequam
2284 3114 2543 3169 haustum
2573 3113 2922 3185 complesset,
2952 3128 3050 3184 per
3066 3114 3303 3184 gratiam
3327 3112 3537 3169 Christi

1878 3192 1920 3250 C
1953 3220 2211 3274 egressus
2239 3214 2343 3261 est.

2025 3297 2078 3351 5.
2122 3296 2267 3351 Idem
2306 3297 2445 3352 dixit
2490 3314 2505 3352 :
2547 3295 2715 3351 Canis
2762 3296 2954 3351 melior
3010 3313 3097 3352 me
3133 3306 3219 3352 est
3256 3314 3271 3352 :
3308 3297 3451 3368 quia
3477 3303 3537 3353 et

1956 3401 2195 3443 amorem
2226 3388 2413 3454 habet,
2440 3396 2495 3444 et
2525 3390 2578 3444 in
2604 3389 2872 3458 judicium
2904 3404 3013 3443 non
3045 3390 3211 3445 venit.

2104 3509 2149 3516 -,

2402 3570 2740 3640 Principium
2782 3570 2976 3626 littera:
3011 3569 3079 3625 Ο.

2439 3682 2514 3737 De
2552 3683 2741 3738 abbate
2783 3682 3052 3755 Olympio.

2027 3795 2078 3849 l.
2122 3792 2197 3849 Ex
2230 3795 2495 3851 relatione
2522 3796 2735 3851 abbatis
2764 3793 3020 3867 Olympii.
3052 3794 3324 3851 Sacerdos
3353 3795 3533 3865 genti-

1953 3885 2085 3938 lium
2113 3885 2452 3941 descendens
2477 3885 2774 3957 aliquando
2802 3886 2858 3940 in
2889 3885 3115 3951 Scetim,
3144 3887 3293 3942 venit
3320 3887 3386 3940 ad
3418 3888 3532 3942 cel-

1952 3975 2058 4029 lam
2094 3992 2301 4043 meam,
2339 3977 2523 4046 ibique
2557 3976 2919 4046 pernoctavit.
2956 3974 3157 4031 Vidcns
3191 3985 3373 4031 autem
3410 3992 3531 4031 mo-

1953 4067 2257 4122 nachorum
2284 4067 2501 4122 vivendi
2531 4067 2821 4129 rationem,
2854 4068 2931 4120 ait
2960 4068 3095 4121 mihi
3129 4085 3141 4121 :
3175 4068 3254 4121 lta
3282 4075 3529 4136 agentes,

1953 4159 2159 4215 nihilne
2200 4159 2526 4229 conspicitis
2566 4173 2594 4212 a
2639 4156 2751 4212 Deo
2786 4158 3008 4213 vestro?
3045 4156 3179 4212 Dico
3215 4158 3266 4211 ei
3306 4175 3322 4213 :
3360 4155 3530 4212 Nihil.

1953 4250 2168 4323 Excipit
2200 4253 2457 4309 sacerdos
2493 4271 2506 4306 :
2540 4250 2703 4306 Certe
2736 4238 2898 4305 nobis
2931 4248 3379 4305 sacrificantibus
3414 4246 3529 4304 Deo

1951 4349 2164 4409 nostro,
2195 4341 2334 4396 nihil
2362 4340 2452 4396 ille
2482 4356 2512 4394 a
2543 4339 2705 4396 nobis
2732 4338 3040 4404 abscondit,
3072 4337 3166 4394 sed
3193 4353 3292 4393 sua
3321 4346 3529 4411 myste-

1950 4434 2032 4487 ria
2065 4434 2288 4489 revelat.
2315 4432 2426 4489 Vos
2452 4448 2603 4496 vero,
2638 4440 2760 4503 post
2794 4439 2871 4486 tot
2904 4430 3143 4496 labores,
3173 4431 3412 4502 vigilias,
3443 4447 3532 4489 se-

274 4520 426 4590 ὕμείς
454 4522 747 4587 τοσούτους
788 4523 990 4588 κόπους
1021 4523 1321 4587 ποιοῦντες,
1359 4522 1692 4593 ἀγρυπνίας,
1712 4525 1847 4593 ἡσυ-

1954 4526 2251 4588 cessiones,
2268 4534 2321 4580 et
2342 4525 2693 4580 austeritates
2711 4568 2725 4591 ,
2743 4524 2875 4589 ain‘,
2897 4522 3042 4577 Nihil
3067 4524 3377 4578 intuemur?
3397 4520 3529 4579 0m-

274 4612 391 4682 χίας
436 4614 534 4667 καὶ
570 4614 866 4684 ἀσκήσεις,
916 4613 1096 4683 λέγεις
1144 4615 1227 4667 ὅτι
1277 4614 1441 4667 Οὐδὲν
1494 4612 1846 4685 θεωροῦμεν;

274 4703 493 4769 Πάντως
531 4700 647 4772 οὖν,
680 4708 732 4759 εί
777 4706 930 4760 οὐδὲν
986 4706 1273 4776 θεωρεῖτε,
1320 4705 1615 4776 λογισμοὺς
1676 4721 1845 4774 πονη-

274 4795 396 4863 ροὺς
427 4795 583 4866 ἔχετε
617 4799 699 4861 είς
730 4796 827 4860 τὰς
868 4796 1091 4868 καρδίας
1135 4796 1308 4867 ὑμῶν,
1357 4796 1482 4859 τοὺς
1511 4795 1844 4866 χωρίζοντας

273 4885 411 4956 ὑμᾶς
443 4888 553 4942 ἀπὸ
586 4888 682 4942 τοῦ
711 4889 846 4943 Θεοῦ
886 4890 1059 4959 ὑμῶν,
1094 4890 1188 4943 καὶ
1216 4888 1303 4943 διά
1333 4889 1492 4943 τοῦτο
1517 4890 1617 4942 οὐκ
1638 4889 1839 4965 ἀποκα-

270 4976 523 5033 λύπτεται
550 4980 679 5049 ὑμῖν
703 4980 774 5034 τά
801 4982 1073 5052 μυστήρια
1102 4981 1287 5036 αὑτοῦ.
1316 4981 1426 5035 Καὶ
1454 4980 1718 5052 ἀπῆλθον,
1751 4979 1844 5033 καὶ

269 5068 564 5141 ἀνήγγειλα
590 5074 705 5136 τοῖς
743 5073 962 5142 γέρουσι
1001 5072 1071 5125 τὰ
1102 5073 1326 5144 ῥήματα
1354 5072 1447 5125 τοῦ
1484 5072 1693 5143 ἱερέως.
1732 5072 1845 5125 Καὶ

1952 4617 2084 4671 nino
2129 4614 2316 4686 igitur,
2358 4614 2405 4670 si
2452 4613 2591 4668 nihil
2634 4614 2903 4684 aspicitis,
2948 4613 3311 4683 cogitationes
3354 4613 3531 4669 malas

1951 4705 2199 4761 retinetis
2229 4707 2283 4759 in
2314 4702 2576 4759 cordibus
2603 4703 2833 4770 vestris,
2864 4718 2986 4775 quae
3014 4719 3113 4759 vos
3143 4719 3172 4757 a
3206 4703 3314 4759 Deo
3342 4712 3530 4760 vestro

1952 4795 2283 4864 sejunguut,
2324 4803 2486 4863 atque
2525 4792 2649 4848 ideo
2685 4809 2796 4848 non
2835 4794 3041 4849 revelat
3072 4793 3227 4849 vobis
3265 4795 3529 4866 mysteria

1950 4901 2070 4939 sua.
2105 4885 2223 4938 Abii
2256 4899 2377 4954 ego,
2409 4883 2767 4953 nuntiavique
2823 4883 3049 4938 senibus
3076 4885 3237 4939 verba
3272 4884 3529 4940 sacerdo-

1949 4978 2042 5031 tis.
2072 4975 2149 5030 Illi
2184 4974 2437 5029 admirati
2468 4982 2619 5041 sunt,
2646 4973 3093 5046 aﬂirmaruntque
3120 4976 3194 5029 ita
3220 4992 3365 5041 esse,
3391 4976 3523 5047 quia

1953 5070 2184 5140 impura:
2213 5067 2577 5140 cogitationes
2609 5078 2865 5138 separant
2892 5067 3063 5123 Deum
3096 5069 3164 5123 ab
3192 5068 3435 5122 homine.

269 5160 604 5233 ἐθαύμασαν,
657 5162 754 5217 καὶ
791 5158 952 5215 εἶπαν
1002 5163 1084 5215 ὅτι
1133 5161 1304 5224 οὓτως
1346 5162 1513 5215 ἐστίν.
1561 5160 1628 5215 Οἱ
1686 5160 1795 5231 γὰρ
1828 5158 2129 5232 ἀκάθαρτοι
2180 5158 2431 5230 λογισμοὶ
2474 5159 2768 5231 χωρίζουσι
2814 5159 2905 5213 τὸν
2951 5160 3081 5212 Θεὸν
3133 5160 3241 5212 ἀπὸ
3286 5158 3381 5213 τοῦ
3430 5160 3524 5209 ἁν-

270 5253 503 5325 θρώπου.

338 5345 403 5416 β’.
456 5348 515 5402 Ὀ
558 5346 734 5411 ἀόὁᾶς
790 5346 1083 5418 Ὀλύμπιος
1124 5348 1153 5399 6
1196 5346 1305 5400 τῶν
1364 5344 1607 5399 Κελλίων
1650 5341 1843 5396 ἐπολε-

278 5436 413 5511 μήθη
465 5439 547 5504 εἰς
592 5438 874 5511 πορνείαν.
919 5438 1032 5492 Καὶ
1080 5437 1231 5505 λέγει
1281 5435 1428 5507 αὐτῷ
1472 5436 1501 5487 6
1541 5432 1836 5503 λογισμός*

275 5529 500 5600 Ὕπαγε,
524 5530 659 5586 λάϐε
684 5533 938 5600 γυναῖκα.
967 5531 1078 5584 Ka‘t
1122 5529 1360 5592 ἀναστὰς
1389 5527 1612 5598 ἐποίησε
1647 5525 1837 5595 πηλὸν,

278 5621 361 5675 καὶ
389 5618 584 5677 ἔπλασε
618 5625 873 5693 γυναῖκα,
908 5622 1002 5676 καὶ
1033 5621 1179 5689 λέγει
1217 5618 1422 5689 ἐαυτῷ·
1465 5617 1597 5672 Ἰδοὺ
1637 5618 1670 5685 ἡ
1704 5617 1836 5685 γυνή

278 5733 394 5768 σου·
429 5720 583 5791 χρεία
623 5713 718 5773 οὖν
758 5716 1083 5789 ἐργάζεσθαι
1119 5715 1308 5778 πολλὰ,
1354 5716 1439 5768 ἵνα
1478 5712 1696 5784 θρέψεις
1734 5711 1837 5763 αὖ·

279 5806 387 5875 τήν.
415 5811 520 5864 Καὶ
553 5807 830 5880 ἠργάζετο
863 5806 1069 5861 κοπιῶν
1095 5806 1280 5861 πολλὰ.
1312 5806 1419 5861 Καὶ
1457 5803 1572 5876 μεθ’
1603 5801 1834 5872 ἡμέραν,

2022 5340 2073 5393 2.
2120 5339 2303 5401 Abbas
2329 5338 2612 5408 Olympius
2654 5338 2926 5392 Cellarum
2962 5336 3314 5406 impugnatus
3338 5343 3421 5391 est
3450 5332 3518 5388 ad

1945 5431 2387 5486 fornicationem.
2415 5428 2478 5483 Et
2505 5436 2739 5482 mentem
2764 5428 2880 5494 ejus
2904 5426 3053 5481 subit
3078 5425 3335 5495 cogitatio
3364 5424 3477 5479 haec
3502 5448 3516 5480 ς

1944 5523 2121 5586 Vade,
2149 5521 2336 5591 accipe
2360 5534 2606 5572 uxorem.
2636 5518 2825 5587 itaque
2873 5531 3102 5586 surgens
3138 5516 3308 5568 lutum
3334 5514 3520 5571 confe-

1943 5615 2050 5679 cit,
2081 5628 2143 5668 ac
2174 5611 2427 5666 formavit
2458 5608 2764 5662 mulierem.
2793 5605 3040 5675 Dicitque
3069 5604 3209 5677 apud
3246 5622 3303 5662 se
3334 5625 3347 5661 :
3379 5608 3518 5663 Ecce

1944 5721 2084 5760 uxor
2115 5713 2224 5757 tua.
2263 5703 2487 5773 Oporlct
2525 5700 2689 5768 igitur
2721 5698 2947 5751 multum
2985 5698 3230 5768 operari,
3262 5715 3370 5769 quo
3402 5701 3517 5754 aliis

1944 5813 2083 5854 eam.
2121 5795 2274 5851 Unde
2314 5793 2663 5865 operabatur,
2700 5790 2954 5847 laborans
2993 5791 3311 5860 plurimum.
3347 5790 3513 5850 Paulo
