4032 6334
514 388 624 445 315

1676 389 2019 444 ΛΡΡΕΝΒΙΧ
2063 391 2153 445 ΑΙ)
2191 389 2611 448 PALIADIUM.

3651 389 3753 447 516

508 507 636 571 post
675 498 871 554 iterum
917 500 1058 556 facto
1100 503 1247 567 luto,
1296 503 1401 557 sibi
1452 502 1604 557 ﬁnxit
1650 505 1850 568 liliam,
1894 505 2079 576 aitque

2185 506 2343 560 πάλιν
2385 508 2617 577 ποιήσας
2648 506 2835 578 πηλὸν,
2866 505 3098 559 ἔπλασεν
3128 500 3307 573 ἐαυτῷ
3336 500 3636 573 θυγατέρα,
3664 505 3755 557 καὶ

507 591 692 644 animo
726 604 829 644 suo
866 609 879 644 :
916 589 1131 662 Peperit
1169 606 1307 646 uxor
1341 602 1465 659 tua;
1504 609 1729 649 necesse
1762 594 1929 650 babes
1964 610 2079 649 am-

506 680 654 751 plius
693 682 930 750 operari,
973 690 1031 735 ut
1073 682 1252 751 possis
1292 683 1506 738 nutrire
1549 698 1613 738 ac
1654 695 1837 754 tegere
1873 684 2077 755 prolem

506 780 681 829 tuam.
709 774 887 842 Atque
914 774 988 827 ita
1020 773 1255 839 faciens,
1286 778 1583 832 maceravit
1611 792 1689 831 se.
1718 775 1856 831 Tum
1890 778 1956 832 ad
1988 793 2081 832 eo-

507 865 823 935 gitationem
870 883 884 920 :
924 863 1043 918 Non
1087 867 1346 935 amplius,
1390 867 1591 938 inquit,
1640 868 1793 922 valeo
1838 867 2078 922 laborem

506 956 801 1010 sustinere.
829 955 1155 1026 Adjecitque
1181 977 1195 1013 :
1229 957 1286 1012 Si
1319 974 1426 1015 non
1456 960 1607 1015 vales
1637 960 1880 1015 laborem
1912 958 2077 1023 ferre,

504 1060 608 1101 nec
636 1062 860 1101 uxorem
892 1064 1127 1118 quaeras.
1160 1050 1428 1108 Caeterum
1460 1053 1624 1116 Deus,
1654 1066 1893 1107 cernens
1916 1066 2079 1106 vexa—

503 1136 707 1192 tionem
735 1138 877 1206 ejus,
910 1139 1134 1194 sustulit
1163 1142 1232 1197 ab
1263 1157 1327 1198 eo
1356 1144 1673 1199 tentationis
1706 1141 1939 1207 bellum;
1970 1143 2080 1198 sic-

503 1242 611 1298 que
638 1230 970 1300 conquievit.

1008 1362 1087 1417 De
1121 1363 1307 1418 abbate
1345 1364 1572 1423 Orsiaio.

489 1563 496 1573 .
575 1491 631 1545 l.
656 1492 767 1563 (69)
787 1493 930 1548 Dixit
948 1496 1116 1553 abbas
1135 1496 1413 1556 Orsisius:
1444 1500 1607 1559 Later
1630 1506 1857 1574 crudus,
1878 1508 1933 1563 in
1956 1509 2081 1565 l‘un-

502 1581 818 1639 damentum
850 1586 1007 1655 juxta
1039 1587 1237 1645 ﬂumen
1270 1593 1492 1657 missus,
1524 1610 1634 1649 non
1668 1598 1874 1654 resistit
1908 1616 2076 1656 unum

504 1674 682 1739 diem;
720 1685 912 1735 coctus
948 1693 1109 1743 vero,
1146 1687 1407 1752 tanquam
1447 1685 1585 1755 lapis
1619 1697 1949 1757 perseverat.
1989 1690 2081 1745 Sic

503 1765 669 1821 homo
697 1769 791 1837 qui
826 1771 1098 1825 carnalem
1131 1788 1350 1829 sensum
1382 1774 1567 1840 habet,
1600 1792 1702 1833 nec
1730 1780 2080 1849 quemadmo-

2181 598 2327 667 λέγει
2381 597 2459 669 τῷ
2513 598 2758 670 λογισμῴ
2813 595 3012 652 αὑτοῦ·
3061 595 3285 648 Ἔτεκεν
3329 594 3362 663 ἡ
3419 592 3555 662 γυνή
3622 605 3749 645 σου·

2181 690 2369 760 χρείαν
2407 690 2550 761 ἔχεις
2580 691 2966 763 περισσότερον
3004 683 3364 759 ἐργάσασθαι,
3402 683 3491 737 ἵνα
3524 680 3756 753 δυνηθῇς

2180 780 2376 852 θρέψαι
2428 782 2487 855 τὸ
2539 782 2726 836 τέκνον
2777 798 2893 846 σου,
2947 780 3040 833 καὶ
3101 774 3395 836 σκεπάσαι,
3428 774 3536 828 Καὶ
3584 771 3756 837 οὕτως

2181 875 2349 927 ποιῶν
2394 874 2581 946 ἔτηξεν
2615 874 2807 929 ἑαυτὸν
2836 913 2851 936 ,
2882 872 2976 925 καλ⁵
3023 870 3170 938 λέγει
3202 867 3280 939 τῷ
3331 864 3604 936 λογισμῷ·
3643 866 3754 919 Οὐκ

2180 964 2261 1018 ἔτι
2296 966 2462 1034 ἰσχύω
2506 964 2802 1036 ὑποφέρειν
2841 963 2932 1016 τὸν
2972 961 3156 1015 κόπον.
3200 958 3311 1012 Καὶ
3341 953 3492 1010 εἶπεν
3514 974 3528 987 ο
3559 956 3621 1009 Εί
3654 955 3757 1009 οὐκ

2184 1055 2386 1125 ίσχύεις
2434 1056 2727 1127 ὑποφέρειν
2771 1054 2860 1107 τὸν
2901 1052 3088 1115 κόπον,
3126 1049 3259 1121 μηδὲ
3300 1050 3531 1118 γυναῖκα
3585 1046 3754 1117 ζητή-

2182 1162 2300 1217 σῃς.
2330 1148 2437 1199 Καὶ
2471 1147 2590 1200 ίδὼν
2618 1149 2646 1201 6
2678 1145 2810 1211 Θεὸς
2842 1144 2932 1197 τὸν
2962 1143 3129 1197 κόπον
3158 1140 3345 1205 αὐτοῦ,
3369 1136 3501 1211 ἦρεν
3528 1139 3623 1193 ἀπ’
3659 1140 3756 1192 αὑ-

2178 1236 2273 1290 τοῦ
2306 1236 2397 1290 τὸν
2432 1237 2684 1308 πόλεμον,
2720 1236 2813 1290 καὶ
2844 1236 3075 1304 ἀνεπάη.

2558 1365 2695 1433 Περὶ
2734 1365 2840 1420 τοῦ
2875 1362 3024 1419 ἀόϐἇ
3063 1362 3378 1431 Ὁρσισίου.

2248 1507 2316 1554 α’.
2357 1495 2522 1552 Εἶπεν
2563 1501 2592 1552 6
2626 1496 2799 1562 ἁϐϐᾶς
2830 1496 3131 1568 Ὀρσίσιοςο
3171 1492 3397 1556 Πλίνθος
3437 1492 3592 1565 ὠμὴ,
3630 1491 3757 1562 βαλ-

2179 1590 2379 1661 λομένη
2412 1592 2493 1654 εἰς
2526 1589 2774 1662 θεμέλιον
2811 1588 2977 1656 ἐγγὺς
3029 1583 3299 1655 ποταμοῦ,
3350 1584 3449 1671 ούχ
3493 1583 3760 1654 ὑπομένει

2183 1682 2310 1753 μίαν
2350 1681 2591 1754 ἡμέραν·
2625 1679 2767 1750 ὀπτὴ
2807 1679 2885 1744 δὲ,
2935 1678 3009 1742 ὡς
3053 1676 3201 1741 λίθος
3246 1674 3515 1747 διαμένει.
3571 1673 3761 1739 Οὕτως

2180 1771 2465 1843 ἄνθρωπος
2493 1770 2750 1842 σαρκικδν
2777 1770 3032 1843 φρόνημα
3059 1766 3219 1839 ἔχων,
3252 1766 3345 1821 καὶ
3379 1764 3455 1838 μὴ
3486 1764 3759 1836 πυρωθεὶς

502 1858 635 1912 dum
686 1857 888 1930 Joscph
940 1862 1144 1932 ignitus
1192 1874 1275 1920 est
1326 1865 1522 1922 timore
1572 1866 1702 1935 Dei,
1758 1868 2078 1925 dissolvitur

2185 1863 2321 1916 κατά
2356 1864 2448 1917 τὸν
2489 1862 2684 1934 Ἰωσὴφ
2712 1861 2790 1933 τῷ
2824 1861 2973 1933 φόϐῳ
2993 1862 3036 1893 ³⁷
3076 1860 3169 1914 τοῦ
3201 1857 3358 1923 Θεοῦ,
3399 1857 3587 1913 λύεται
3631 1876 3762 1930 προ-

502 1948 723 2018 quando
753 1952 1000 2021 procedit
1025 1953 1093 2007 ad
1123 1954 1433 2024 imperium.
1456 1955 1634 2011 Multae
1657 1958 1801 2011 enim
1828 1966 1957 2014 sunt
1981 1959 2077 2014 ho-

500 2052 624 2091 rum
661 2041 1013 2105 tentationes,
1047 2042 1189 2097 inter
1217 2043 1468 2099 homines
1501 2044 1833 2116 degentium.
1867 2047 2076 2103 Bonum

503 2138 682 2184 autem
707 2140 814 2195 est,
843 2141 901 2186 ut
923 2134 1046 2203 quis
1070 2148 1408 2205 cognoscens
1433 2136 1712 2192 modulum
1736 2153 1914 2205 suum,
1938 2155 2076 2195 onus

501 2220 843 2292 principatus
879 2223 1134 2296 refugiat.
1171 2225 1406 2281 Stabiles
1447 2242 1573 2281 vero
1628 2227 1683 2281 in
1722 2228 1825 2283 lide
1856 2239 2077 2286 manent

503 2314 737 2370 immoti.
764 2314 838 2369 De
859 2316 978 2386 ipso
998 2317 1198 2388 quippe
1221 2318 1572 2374 sanctissimo
1593 2302 1830 2389 loseplio
1852 2322 1899 2375 si
1922 2325 2076 2392 quis-

501 2404 649 2475 piam
673 2405 908 2461 voluerit
940 2407 1108 2478 loqui,
1136 2416 1347 2465 asseret
1373 2423 1496 2464 eum
1526 2424 1634 2465 non
1661 2411 1943 2468 exstitisse
1968 2421 2074 2468 ter-

499 2510 716 2553 renum.
752 2496 983 2564 Quantis
1024 2497 1303 2569 impetitus
1341 2508 1424 2556 est
1465 2500 1897 2567 teutationibus,
1932 2512 1986 2559 et
2020 2504 2074 2558 in

500 2589 812 2659 cujusmodi
847 2592 1098 2661 regione,
1129 2591 1220 2647 ubi
1257 2602 1390 2646 tunc
1419 2592 1681 2662 temporis
1712 2608 1821 2648 non
1848 2610 2077 2665 appare-

386 2738 405 2755 δ
500 2676 594 2732 hat
626 2679 808 2734 cultus
842 2680 1012 2735 divini
1046 2682 1368 2751 vestigium?
1406 2680 1509 2739 Sed
1558 2677 1703 2739 Deus
1738 2692 1956 2756 patrum
1994 2686 2079 2758 ip-

500 2770 620 2825 sius
647 2784 770 2823 cum
801 2785 866 2825 eo
895 2779 1042 2835 erat,
1074 2772 1381 2843 eripuitque
1415 2773 1567 2827 illum
1596 2789 1663 2827 ex
1697 2774 1950 2830 omnibus
1980 2791 2077 2831 ano

500 2860 736 2931 gustiis;
767 2869 820 2916 et
857 2878 1003 2917 nunc
1038 2878 1161 2918 cum
1198 2864 1447 2934 patribus
1489 2864 1607 2919 suis
1639 2863 1786 2935 degit
1820 2866 1876 2920 in
1909 2882 2077 2937 regno

501 2951 791 3006 cmlorum.
828 2954 971 3024 Ergo
1016 2969 1116 3010 nos
1161 2970 1410 3025 quoque,
1450 2962 1811 3026 agnoscentes
1856 2959 2075 3014 modum

502 3052 778 3111 nostrum,
803 3034 1170 3104 decertcmus.
1192 3046 1294 3103 Vix
1322 3050 1469 3104 enim
1492 3048 1577 3102 vel
1604 3047 1687 3103 sic
1713 3047 1951 3121 eﬂ‘ugere
1979 3066 2079 3122 po-

506 3137 732 3192 terimus
762 3138 1031 3207 judicium
1069 3140 1181 3195 Dei.

575 3251 631 3306 2.
667 3250 782 3321 (70)
812 3248 957 3307 Dixit
985 3253 1181 3307 iterum
1209 3270 1223 3307 :
1248 3251 1364 3308 Nisi
1395 3251 1557 3308 homo
1583 3261 1731 3310 recte
1756 3254 2079 3311 custodierit

506 3357 604 3398 cor
630 3358 811 3409 suum,
847 3352 978 3414 puto
1007 3344 1154 3415 quod
1181 3360 1519 3415 quaecunque
1549 3346 1759 3401 audivit
1787 3345 2078 3403 oblivisce-

507 3446 600 3489 tur
627 3451 692 3492 ac
724 3421 981 3508 negliget;
1014 3448 1175 3508 atque
1203 3439 1278 3493 ita
1308 3439 1585 3503 inimicus,
1618 3440 1795 3496 locum
1829 3441 1882 3495 in
1903 3456 1969 3496 eo
1993 3441 2078 3496 in-

507 3530 754 3591 veniens,
779 3546 902 3584 eum
929 3530 1165 3599 dejiciet.
1191 3530 1656 3597 Quemadmodum
1686 3533 1832 3588 enim
1861 3533 2080 3588 lucerna

511 3630 768 3688 apparata
812 3629 865 3674 et
907 3622 1128 3686 lucens,
1169 3623 1214 3677 si
1257 3623 1563 3695 negligatur
1599 3633 1659 3678 ut
1700 3640 1808 3679 non
1851 3625 2081 3694 accipiat

511 3712 715 3776 oleum,
752 3713 1013 3781 paulatim
1049 3715 1440 3786 exstinguitur,
1478 3730 1541 3770 ac
1577 3716 1836 3787 deinceps
1871 3731 2083 3786 praeva-

510 3802 623 3855 lent
655 3801 892 3856 tenebrae
924 3803 1188 3859 adversus
1218 3819 1374 3870 eam;
1406 3821 1581 3875 neque
1611 3806 1714 3860 hoc
1746 3806 1953 3874 solum;
1985 3806 2082 3862 sed

509 3892 672 3946 etiam
707 3894 993 3964 contingit,
1028 3894 1246 3965 quando
1278 3911 1402 3951 mus
1436 3896 1502 3952 ad
1536 3897 1816 3952 lucernam
1853 3899 2079 3962 accedit,

509 3999 759 4054 quaerens
801 3983 1102 4040 funiculum
1147 3987 1442 4058 peredere;
1488 3998 1615 4043 ante
1656 3989 1875 4059 quidem
1917 4004 2080 4059 quam

508 4076 782 4130 exstincta
812 4076 1028 4146 penitus
1054 4078 1146 4141 sit,
1175 4077 1475 4149 frigeatque
1501 4080 1702 4143 oleum,
1731 4095 1836 4134 non
1867 4087 2081 4149 potest;

509 4166 655 4236 quod
693 4167 737 4222 si
773 4170 1144 4238 conspexerit,
1180 4184 1288 4224 non
1324 4170 1487 4226 modo
1520 4171 1713 4227 abesse
1747 4171 1953 4237 lumen,
1985 4169 2082 4226 sed

508 4264 564 4313 et
596 4258 831 4313 calorem
862 4261 1026 4330 ignis,
1056 4269 1188 4315 tunc
1217 4262 1504 4317 extrahere
1532 4263 1718 4318 volens
1756 4260 2079 4326 funiculum,

509 4347 788 4404 lucernam
821 4367 1039 4422 quoque
1067 4352 1254 4421 dejicit
1285 4372 1297 4408 :
1328 4367 1449 4422 quae
1480 4353 1525 4407 si
1555 4360 1794 4408 testacea
1826 4353 1920 4412 sit.
1951 4366 2085 4406 con-

513 4436 808 4509 fringitur;
838 4441 883 4493 si
911 4456 1040 4495 vero
1067 4456 1216 4497 amca
1236 4480 1251 4504 ,
1283 4456 1313 4493 a
1344 4440 1736 4511 patrel’amilias
1768 4441 1962 4495 iterum
1996 4439 2082 4493 in-

512 4530 746 4585 struitur
773 4547 786 4582 :
821 4531 1079 4599 paremin
1112 4529 1355 4595 modum,
1387 4530 1690 4601 negligente
1719 4530 1921 4595 anima,
1951 4546 2081 4585 seu-
2116 4559 2162 4615 ι)

514 4622 616 4675 sim
651 4621 856 4676 recedit
889 4621 1128 4692 Spiritus
1158 4633 1405 4689 sanctus,
1437 4621 1611 4678 donec
1639 4621 1707 4675 ad
1741 4623 1961 4693 plenum
1991 4622 2085 4677 illa

511 4717 897 4786 exstinguatur
924 4718 1247 4787 amittatque
1281 4718 1519 4773 calorem
1557 4732 1753 4783 suum;
1788 4724 1843 4772 et
1875 4717 1944 4772 de
1976 4731 2085 4772 cae-

513 4813 634 4862 tero
655 4806 834 4863 hostis
859 4807 1083 4863 devorat
1107 4808 1301 4864 animai
1323 4808 1659 4863 alacritatem
1682 4826 1697 4877 ;
1724 4823 1925 4878 corpus
1944 4823 2085 4878 quo-
2118 4833 2122 4837 η

514 4913 622 4967 que
648 4897 827 4953 abolet
855 4899 1083 4953 malitia.
1113 4900 1181 4954 At
1206 4899 1251 4957 si
1278 4900 1442 4955 homo
1468 4899 1559 4955 ille
1582 4899 1762 4955 bonus
1814 4900 2088 4957 exstiterit

514 4988 728 5043 ratione
768 4987 996 5045 allectus
1034 5006 1161 5062 erga
1202 4989 1402 5057 Deum,
1440 4991 1764 5064 simpliciter
1794 5004 1975 5047 autem
2019 4994 2086 5047 ad

514 5080 901 5151 negligentiam
945 5089 1136 5153 raptus
1177 5082 1376 5148 fuerit,
1417 5083 1596 5150 Deus,
1641 5094 1827 5156 utpote
1868 5086 2088 5142 miseri-

513 5184 662 5238 cors,
688 5171 988 5228 immittens
1014 5174 1069 5227 in
1094 5189 1217 5230 eum
1246 5177 1494 5231 timorem
1523 5193 1706 5240 suum,
1731 5192 1944 5232 necnon
1970 5191 2088 5230 me-

516 5263 747 5319 moriam
791 5262 1098 5319 futurarum
1143 5279 1452 5335 pinnarum,
1492 5274 1647 5338 parat
1687 5282 1782 5323 seu
1821 5264 1986 5322 edicit
2030 5274 2089 5319 ut

2183 1951 2352 2006 ελθὼν
2388 1954 2469 2018 είς
2511 1954 2707 2024 ἀρχήν.
2740 1951 2930 2005 Πολλοὶ
2961 1949 3071 2023 γὰρ
3126 1949 3234 2004 τῶν
3261 1949 3519 2003 τοιούτων
3545 1951 3595 2002 oi
3641 1965 3761 2002 πει-

2186 2045 2403 2115 ρασμοὶ,
2442 2046 2499 2098 ὲν
2531 2044 2682 2115 μέσῳ
2710 2042 3011 2114 ἀνθρώπων
3055 2041 3225 2096 ὄντων
3248 2041 3312 2095 ³⁸.
3344 2039 3521 2095 Καλὸν
3550 2040 3608 2094 δέ
3637 2056 3762 2093 τινα

2183 2136 2358 2189 εἰδότα
2395 2134 2464 2189 τὰ
2502 2135 2608 2189 ἴδια
2648 2135 2841 2207 μέτρα,
2884 2135 3217 2204 ἀποφεύγειν
3252 2133 3311 2185 τὸ
3345 2132 3511 2205 βάρος
3539 2131 3639 2201 τῆς
3665 2131 3762 2201 ἀρ-

2182 2227 2303 2298 χῆς.
2342 2227 2404 2281 Οἱ
2456 2226 2513 2279 δὲ
2564 2226 2767 2297 ἑδραῖοι
2814 2228 2880 2297 τῇ
2937 2225 3150 2291 πίστει,
3201 2222 3592 2294 ἀμετακίνητοί
3630 2223 3758 2275 είσι.

2184 2320 2321 2391 Περὶ
2366 2318 2530 2372 αὐτοῦ
2565 2318 2672 2390 γὰρ
2704 2317 2799 2371 τοῦ
2837 2318 3139 2385 ἁγιωτάτου
3190 2315 3385 2386 Ἰωσὴφ
3424 2312 3518 2367 ἐὰν
3556 2312 3763 2385 θελήσῃ

2182 2431 2265 2477 τις
2295 2413 2542 2479 λαλῆσαι,
2577 2412 2746 2479 λέγει,
2776 2412 2855 2465 ὅτι
2888 2412 2989 2464 οὐκ
3021 2411 3263 2478 ³,ἐπίγειος
3293 2404 3382 2479 ἦν.
3426 2407 3573 2461 Πόσα
3612 2407 3764 2459 ἐπει-

2187 2505 2379 2577 ράσθη,
2420 2504 2511 2557 καὶ
2544 2504 2604 2556 ὲν
2655 2502 2783 2575 ποίᾳ
2815 2501 2999 2575 χώρᾳ,
3042 2503 3173 2555 ὅπου
3205 2501 3304 2554 ούκ
3334 2495 3403 2570 ἦν
3449 2498 3570 2551 τότε
3618 2498 3762 2567 ἴχνος

2184 2593 2489 2658 θεοσεϐείας
2512 2610 2526 2659 ;
2565 2591 2702 2645 Ἀλλ’
2727 2593 2753 2645 6
2783 2590 2919 2654 Θεὸς
2947 2591 3056 2645 τῶν
3081 2594 3328 2665 πατέρων
3356 2588 3521 2644 αὐτοῦ
3545 2584 3612 2661 ἦν
3645 2590 3761 2660 μετ’

2183 2684 2371 2749 αὐτοῦ,
2426 2684 2518 2737 καὶ
2563 2683 2795 2750 ἐξείλετο
2837 2683 2998 2736 αὑτὸν
3042 2682 3107 2735 ἐκ
3153 2681 3333 2752 πάσης
3378 2680 3630 2749 θλίψεως,
3668 2680 3764 2733 καὶ

2183 2774 2278 2829 νῦν
2316 2777 2432 2827 ἐστι
2476 2775 2613 2845 μετὰ
2662 2773 2770 2827 τῶν
2820 2773 3070 2846 πατέρων
3121 2771 3284 2826 αὐτοῦ
3319 2773 3377 2824 ὲν
3408 2773 3474 2842 τῇ
3512 2766 3765 2841 βασιλεία

2183 2867 2291 2920 τῶν
2336 2864 2599 2937 οὐρανῶν.
2642 2866 2753 2919 Καὶ
2781 2866 2939 2936 ἡμεῖς
2970 2864 3149 2917 τοίνυν
3178 2863 3488 2931 ἐπιγνόντες
3518 2862 3588 2915 τὰ
3631 2862 3760 2915 ἑαυ-

2182 2956 2290 3010 τῶν
2339 2956 2531 3028 μέτρα,
2562 2954 2958 3026 ἀγωνισώμεθα
2978 2972 2990 2984 ·
3031 2954 3184 3025 μόλις
3217 2952 3324 3024 γὰρ
3357 2951 3501 3005 οῦτω
3532 2951 3763 3021 δυνησό-

2186 3049 2325 3121 μεθα
2362 3049 2620 3118 ἐκφυγεῖν
2652 3046 2749 3118 τὴν
2780 3047 2959 3119 κρίσιν
2984 3045 3078 3099 τοῦ
3109 3045 3266 3100 θεοῦ.

2258 3251 2324 3321 β’.
2364 3247 2503 3304 Eii-:5
2536 3251 2695 3305 πάλιν
2716 3267 2728 3280 ·
2764 3242 2988 3318 Νομίζω
3015 3247 3110 3300 ἐὰν
3140 3246 3214 3318 μὴ
3237 3246 3519 3317 ἄνθρωπος
3551 3240 3765 3313 φυλάξῖ]

2186 3344 2283 3414 τὴν
2314 3343 2507 3398 ἑαυτοῦ
2539 3342 2762 3414 καρδίαν
2795 3340 2997 3404 καλῶς,
3028 3340 3204 3393 πάντα
3244 3341 3346 3393 ὅσα
3372 3340 3613 3408 ήκουσεν
3650 3338 3767 3389 ὲπι-

2187 3435 2507 3490 λανθάνεται
2541 3435 2634 3488 καὶ
2670 3435 2891 3504 ἀμελεῖ·
2931 3432 3025 3486 καὶ
3065 3429 3237 3493 οὕτως
3277 3433 3306 3483 6
3348 3428 3541 3500 ἐχθρὸς
3585 3425 3767 3499 εὑρὼν

2190 3530 2247 3580 ὲν
2276 3526 2425 3595 αὐτῷ
2469 3527 2654 3590 τόπον,
2705 3525 3031 3580 καταϐάλλει
3068 3523 3246 3577 αὐτόν.
3278 3521 3485 3591 Ὠσπερ
3516 3519 3633 3591 γὰρ
3673 3515 3763 3570 λύ⁹

2188 3633 2313 3687 χνος
2365 3614 2685 3678 σκευασθεὶς
2730 3614 2823 3667 καὶ
2857 3613 3084 3682 φαίνων,
3133 3610 3228 3663 ἐὰν
3277 3608 3524 3680 ἀμεληθῇ
3577 3606 3768 3661 λαϐεῖν

2188 3704 2387 3771 ἔλαιον,
2436 3704 2557 3758 κατ’
2587 3702 2763 3771 ὀλίγον
2814 3702 3116 3763 σϐέννυται,
3168 3698 3261 3752 καὶ
3308 3696 3495 3749 λοιπὸν
3541 3695 3768 3750 ἐνδυνα-

2193 3795 2386 3867 μοῦται
2419 3795 2478 3848 τὸ
2510 3795 2700 3857 σκότος
2730 3794 2848 3846 κατ’
2878 3791 3069 3846 αὐτοῦ·
3105 3792 3167 3843 ού
3210 3789 3369 3859 μόνον
3393 3788 3468 3847 δὲ.
3501 3786 3645 3841 ἀλλὰ
3679 3788 3771 3840 καί⁵

2189 3887 2268 3942 ενι
2307 3889 2435 3942 ὅταν
2462 3887 2555 3940 καὶ
2593 3887 2697 3958 μῦς
2730 3887 2858 3958 περ).
2900 3884 3061 3938 αὐτὸν
3114 3882 3409 3953 ἐρχόμενος
3446 3879 3541 3933 καί
3587 3879 3772 3949 ζητῶν

2188 3979 2249 4032 τὸ
2285 3977 2561 4049 ἐλλύχνιον
2583 3978 2940 4048 καταφαγεῖν,
2977 3975 3083 4049 πρὸ
3117 3974 3219 4042 μὲν
3235 3972 3328 4025 τοῦ
3377 3969 3676 4040 σϐεσθῆναι
3713 3970 3774 4023 τὸ

2189 4069 2386 4133 ἔλαιον,
2424 4070 2486 4122 οὑ
2519 4068 2738 4122 δύναται
2763 4069 2834 4100 π’
2881 4066 2977 4119 ἐὰν
3019 4065 3077 4119 δὲ
3107 4064 3189 4135 ἴδῃ
3235 4065 3319 4118 ὅτι
3366 4063 3425 4115 οὐ
3463 4062 3630 4133 μόνον
3659 4062 3774 4132 φῶς

2190 4160 2289 4213 οὐκ
2324 4159 2457 4230 ἔχει,
2487 4159 2602 4213 ἀλλ’
2624 4160 2744 4213 οὐδὲ
2775 4159 2986 4229 θέρμην
3022 4155 3214 4226 πυρὸς,
3241 4154 3362 4207 τότε
3399 4153 3460 4207 τὸ
3494 4152 3771 4223 ἐλλύχνιον

2188 4253 2498 4306 ἀνασπάσαι
2542 4251 2733 4314 θέλων,
2766 4250 3093 4305 καταϐάλλει
3139 4249 3235 4301 καὶ
3282 4246 3374 4300 τὸν
3409 4246 3642 4316 λύχνον·
3679 4246 3772 4299 καὶ

2190 4341 2284 4394 ἐὰν
2523 4341 2865 4412 ὁστρόικινον,
2895 4337 3266 4408 συντρίϐεταιι
3310 4334 3405 4390 ἐὰν
3446 4335 3507 4389 δὲ
3533 4333 3771 4406 χαλκοῦν

2190 4432 2410 4504 εὑρεθῇ,
2441 4432 2544 4485 ὑπὸ
2587 4430 2683 4485 τοῦ
2731 4430 3108 4485 οἰκοδεσπότου
3163 4425 3485 4490 σκευάζεται
3530 4424 3769 4481 ἀνωθενο

2190 4522 2362 4587 οὕτως
2393 4523 2700 4593 ἀμελούσης
2736 4522 2933 4593 ψυχῆς,
2963 4520 3086 4573 ὅσον
3122 4520 3244 4572 ὅσον
3271 4518 3317 4550 ⁸⁸
3346 4518 3410 4571 τὸ
3438 4516 3670 4587 Πνεῦμα
3712 4516 3775 4568 τὺ

2190 4613 2345 4682 ἅγιον
2374 4613 2671 4684 ὑποχωρεῖ,
2699 4613 2804 4676 ’ἐως
2844 4612 3027 4664 τέλεον
3062 4608 3377 4680 ἀποσϐεσθῇ
3425 4608 3526 4678 τῆς
3559 4606 3775 4677 θέρμης

2187 4704 2361 4775 αὐτῆς
2381 4722 2395 4736 ο
2426 4704 2528 4757 καὶ
2553 4703 2740 4757 λοιπὸν
2765 4706 2793 4756 6
2820 4703 3032 4775 ἐχθρὸς,
3069 4699 3399 4771 καταφαγὼν
3436 4698 3539 4770 τὴν
3568 4697 3775 4772 προθυ-

2191 4793 2319 4865 μίαν
2345 4795 2446 4865 τῆς
2474 4794 2673 4866 ψυχῆς,
2702 4794 2798 4848 καὶ
2831 4794 2892 4847 τὸ
2936 4794 3094 4865 σῶμα
3137 4791 3387 4862 ἀφανίζει
3418 4790 3605 4844 κακία.
3647 4787 3776 4842 Ἐὰν

2186 4882 2299 4961 δεῇ
2328 4890 2532 4950 ἐκεῖνος
2561 4886 2721 4950 καλὸς
2745 4889 2809 4957 τῇ
2842 4885 3083 4939 διαθέσει
3110 4885 3247 4955 πρὸς
3275 4883 3367 4936 τὸν
3392 4881 3547 4943 Θεὸν,
3580 4876 3776 4940 ἁπλῶς

2187 4976 2243 5031 δὲ
2274 4978 2513 5050 ἠρπάγει
2541 4979 2621 5041 είς
2662 4975 2942 5047 ἀμέλειαν,
2972 4976 3002 5027 6
3037 4974 3170 5038 Θεὸς
3209 4974 3284 5037 ὠς
3320 4970 3647 5042 οἰκτίρμων,
3681 4966 3777 5037 βα-

2186 5065 2295 5120 λὼν
2335 5069 2416 5129 είς
2457 5068 2619 5122 αὐτὸν
2648 5067 2740 5119 τὸν
2781 5065 2946 5135 φόϐον
2985 5064 3175 5130 αὑτοῦ,
3223 5060 3460 5119 καὶτῶν
3493 5057 3776 5114 κολάσεων

2188 5156 2285 5227 τὴν
2316 5158 2557 5229 μνήμην,
2594 5154 3002 5229 παρασκευάζει
3026 5157 3217 5227 νήφειν
3245 5151 3428 5217 αὑτὸν,
3464 5150 3559 5204 καὶ
3587 5148 3779 5219 τηρεῖν

2191 5253 2379 5305 ἑαυτόν
2426 5253 2507 5315 είς
2541 5251 2613 5304 τά
2658 5248 2968 5323 ἔμπροσθεν
3018 5246 3159 5318 μετὰ
3206 5243 3512 5313 ἀσφαλείας
3540 5239 3778 5311 πολλῆς.

515 5356 737 5428 vigilet,
785 5365 1076 5429 servetque
1120 5374 1180 5415 se
1226 5359 1282 5415 in
1334 5369 1610 5431 posterum
1662 5375 1786 5415 cum
1837 5358 2082 5415 cautione

2190 5339 2296 5404 ἓως
2320 5340 2418 5412 τῆς
2454 5339 2759 5409 ἐπισκοπῆς
2790 5336 2976 5391 αὐτοῦ.

520 5447 706 5513 multa,
744 5462 921 5518 usque
952 5447 1019 5501 ad
1051 5446 1419 5505 visitationem
1455 5464 1633 5505 suam.

592 5597 635 5629 ³⁷
664 5599 747 5654 Al.
770 5602 931 5673 λόγῳ.
1009 5603 1055 5638 ³⁸
1080 5602 1163 5657 ΑΙ.
1198 5602 1355 5657 εἰσίν.
1430 5606 1472 5636 ³θ
1497 5604 1580 5659 AI.
1615 5604 1708 5658 τοῦ
1740 5603 1914 5657 ἐλαίου
1944 5606 2004 5660 ού
2044 5601 2267 5660 δύναται
2292 5602 2618 5675 χρήσασθαι.
2698 5599 2742 5633 ⁸⁸
2774 5602 2861 5657 Al.
2912 5599 3050 5654 κατὰ
3102 5595 3311 5669 μικρόν.

596 5776 707 5844 (69)
742 5776 845 5830 γει.
878 5780 1023 5833 Patr.
1061 5796 1148 5847 xv,
1185 5781 1276 5839 5|.

2268 5777 2381 5851 r70)
2420 5779 2521 5833 Vit.
2558 5778 2707 5834 Patr.
2743 5792 2818 5843 ιι,
2853 5776 2944 5831 37.
