4032 6334
508 401 614 460 519

1673 406 2014 462 ΑΡΡΕΝΟΙΧ
2053 402 2144 458 AD
2180 403 2596 465 PALLADIUM.

3651 407 3754 466 2.29

515 525 730 581 verbis:
757 524 884 591 Abi,
931 539 1039 580 non
1075 523 1204 578 mihi
1240 533 1412 578 vacat.
1458 523 1527 576 At
1561 524 1637 576 illi
1670 529 2088 595 permanserunt

2220 525 2628 593 ιναγγείλαντος,
2679 527 2965 597 ἐδήλωσεν,
3008 527 3206 581 εἰπών·
3249 529 3486 596 ⁸’Υπαγε,
3521 527 3584 582 οὐ
3635 543 3755 598 σχο-

514 617 583 672 ad
610 626 802 672 aestum
835 618 986 678 solis.
1021 617 1262 671 aientes:
1295 613 1412 670 Non
1437 616 1778 681 secedemns,
1811 617 1916 671 nisi
1941 623 2090 686 post-

518 723 682 777 quam
703 709 852 779 (ligni
883 710 982 763 visi
1018 708 1285 762 fuerimus
1314 707 1525 762 admitti
1551 723 1581 760 a
1613 724 1762 764 sene.
1804 707 1975 763 Porro
2002 725 2091 764 se-

517 816 643 866 nex,
691 815 921 856 cernens
967 798 1331 852 humilitatem
1377 814 1590 865 eorum,
1622 816 1834 855 necnon
1860 800 2080 870 patien-

2191 615 2356 680 λάζω.
2394 619 2457 669 Οἱ
2484 617 2541 670 δὲ
2568 617 2862 688 ὑπέμειναν
2895 619 2974 682 εἰς
2996 619 3056 672 τὸ
3082 620 3286 689 καῦμα,
3315 620 3562 688 λέγοντες
3584 635 3598 648 °
3649 621 3762 672 Οὐκ

2191 705 2601 777 ἀναχωροῦμεν,
2635 706 2728 760 ἐὰν
2777 707 2851 776 μή
2895 709 3316 780 καταξιωθῶμεν
3359 709 3452 763 τοῦ
3487 709 3759 781 γέροντος.

2206 797 2263 850 '0
2291 798 2347 850 δέ
2363 799 2560 868 γέρων,
2595 799 2717 871 ἰδὼν
2741 799 2838 869 τὴν
2858 801 3181 854 ταπείνωσιν
3197 801 3373 854 αὐτῶν
3396 801 3488 855 καὶ
3512 802 3612 873 τὴν
3627 801 3764 855 ὑποο

519 891 688 954 tiam,
736 889 1154 959 compunctione
1210 889 1406 945 ductus
1443 893 1674 961 aperuit.
1737 889 1804 944 Et
1859 892 2090 962 ingressi

2220 890 2385 960 ιονὴν,
2422 892 2747 958 κατανυγεὶς
2772 931 2786 955 ,
2811 891 3044 962 ἀνέῳξεν
3072 894 3276 956 αὐτοῖς.
3302 894 3413 946 Ka‘t
3436 892 3766 959 εἰσελθόντες
3795 951 3802 960 _

516 979 698 1034 cubum
734 986 1084 1050 sumpserunt
1131 995 1255 1034 cum
1300 996 1384 1036 eo.
1421 980 1556 1035 Cum
1589 989 1767 1037 autem
1798 983 2090 1038 manduca-

515 1078 660 1136 rent,
698 1071 786 1125 ille
840 1070 1010 1126 dixit:
1067 1069 1304 1135 Revera,
1342 1088 1450 1126 non
1479 1082 1608 1128 sunt
1640 1089 1703 1128 ea
1736 1074 1851 1128 sola
1883 1091 2002 1146 qua:
2027 1075 2096 1130 de

2194 982 2488 1049 ἐγεύσαντο
2519 983 2634 1053 μετ’
2664 982 2848 1036 αὐτοῦ.
2891 983 3208 1036 Ἐσθιόντων
3235 983 3289 1036 δέ
3331 984 3531 1047 αὐτῶν,
3581 984 3764 1051 ἐλεγε’

2207 1072 2324 1124 Ἐπ’
2369 1073 2643 1144 ἀληθείας,
2671 1074 2772 1126 οῦκ
2817 1074 2925 1126 εἰσὶ
2956 1074 3090 1144 μόνα
3118 1075 3153 1127 ὃ.
3195 1076 3406 1145 ἀκήκοα
3441 1077 3567 1146 περὶ
3593 1075 3765 1145 ὑμῶν,

515 1161 675 1216 vobis
731 1161 937 1224 audivi,
995 1160 1090 1216 sed
1145 1163 1464 1231 centuplum
1513 1163 1773 1232 conspexi
1819 1163 1872 1216 in
1929 1179 2095 1232 opere

2220 1161 2311 1215 ιλλ⁹
2358 1165 2890 1219 ἑκατονταπλασίονα
2959 1161 3099 1219 εἶδον
3165 1167 3223 1219 ἐν
3275 1165 3351 1235 τῷ
3400 1165 3546 1237 ἔργῳ
3593 1165 3767 1236 ὑμῶν.

517 1259 723 1307 vestro.
759 1251 833 1305 Ex
863 1251 957 1304 illa
982 1267 1110 1321 ergo
1134 1253 1221 1306 die
1253 1254 1463 1308 amicus
1484 1269 1676 1308 eorum
1717 1254 1950 1310 exstitit.

588 1344 646 1398 5.
681 1343 792 1414 (76)
831 1342 1015 1397 Voluit
1038 1343 1331 1413 aliquando
1361 1346 1898 1415 praeses-provincia:
1949 1347 2096 1402 illius

517 1432 707 1486 videre
747 1431 997 1485 abbatem
1045 1429 1393 1495 Poemenem;
1425 1447 1527 1486 nec
1570 1430 1889 1486 admittebat
1907 1446 2094 1486 senex.

521 1526 695 1597 Igitur
753 1533 971 1594 sumpto
1004 1533 1294 1594 praetextu,
1329 1526 1486 1594 quasi
1537 1525 1907 1578 facinorosum
1947 1538 2100 1578 com-

521 1617 862 1690 prehensum
901 1614 1072 1668 filium
1109 1615 1317 1668 sororis
1347 1614 1490 1684 ejus,
1525 1615 1674 1669 misit
1715 1613 1768 1667 in
1799 1627 2098 1676 carcerem,

525 1712 716 1766 dicens
742 1728 755 1763 :
791 1709 849 1764 Si
880 1709 1090 1763 venerit
1112 1723 1278 1763 senex
1322 1715 1378 1762 et
1397 1708 1636 1761 oraverit
1660 1723 1760 1778 pro
1777 1723 1865 1772 eo,
1891 1723 1991 1778 ego
2018 1707 2102 1761 di-

2209 1253 2456 1323 Ἑγένετο
2492 1255 2549 1308 δὲ
2596 1255 2778 1308 αὐτῶν
2820 1254 2974 1325 φίλος
3005 1255 3114 1309 ἀπὸ
3146 1257 3244 1327 τῆς
3281 1257 3494 1328 ἡμέρας
3535 1257 3768 1329 ἐκείνης.

2268 1349 2330 1396 ε’.
2395 1343 2653 1414 Ἦθέλησέ
2699 1361 2828 1397 ποτε
2875 1347 2902 1398 6
2947 1345 3130 1415 ἄρχων
3180 1349 3279 1416 τῆς
3337 1345 3521 1416 χώρας
3562 1346 3771 1416 ἐκείνης

2201 1435 2328 1488 ἰδεῖν
2369 1435 2460 1488 τὸν
2493 1435 2668 1489 ἀὸόᾶν
2703 1436 2969 1507 Ποιμένα,
3017 1439 3113 1490 καὶ
3154 1437 3216 1490 ού
3258 1436 3576 1507 κατεδέχετο
3617 1440 3647 1492 6
3685 1438 3774 1506 γι-

2203 1545 2334 1599 ρων.
2384 1527 2662 1598 Προφάσει
2707 1528 2764 1582 δὲ
2807 1529 2884 1592 ὡς
2927 1529 3233 1602 κακοῦργον
3273 1529 3503 1601 κατέσχε
3543 1530 3636 1582 τὸν
3665 1530 3774 1584 υἱὸν

2201 1619 2302 1690 τῆς
2336 1621 2575 1692 ἀδελφῆς
2597 1621 2784 1686 αὐτοῦ,
2816 1624 2910 1676 καὶ
2939 1621 3128 1676 ἕόαλεν
3162 1625 3242 1686 εις
3271 1623 3538 1694 φυλακὴν,
3568 1623 3740 1691 λέγων
3758 1641 3772 1653 ·

2216 1713 2340 1768 Ἐὰν
2367 1713 2494 1786 ἔλθῃ
2517 1718 2545 1768 6
2569 1715 2767 1786 γέρων,
2795 1715 2888 1769 καὶ
2913 1716 3264 1787 παρακαλέσῃ
3292 1717 3432 1788 ὑπὲρ
3458 1715 3643 1782 αὑτοῦ,
3671 1715 3779 1785 ἐγὼ

525 1805 758 1859 mittam.
796 1801 1045 1856 Accessit
1080 1815 1237 1855 soror
1270 1801 1414 1868 ejus,
1448 1801 1654 1855 deflens
1693 1800 1759 1854 ad
1781 1799 2023 1868 ianuam.
2050 1800 2099 1853 ls

2220 1805 2424 1858 ὶπολύω
2463 1807 2646 1860 αὐτόν.
2675 1807 2786 1860 Καὶ
2827 1802 2989 1878 ἦλθεν
3026 1810 3060 1878 ή
3105 1806 3306 1877 ἀδελφὴ
3351 1807 3516 1860 αὐτοῦ
3564 1808 3781 1860 κλαίου-

523 1909 657 1948 vero
683 1908 792 1946 non
820 1892 970 1947 dedit
992 1907 1336 1961 responsum.
1375 1891 1556 1958 Quare
1580 1891 1774 1946 mulier
1798 1891 2100 1946 maledictis

2220 1913 2276 1949 sa
2351 1896 2488 1966 πρὸς
2529 1901 2594 1968 τῇ
2643 1898 2802 1969 θύρᾳ.
2863 1898 2921 1951 Ὀ
2981 1898 3037 1951 δὲ
3092 1899 3191 1952 οὐκ
3236 1899 3433 1951 ἔδωκεν
3479 1898 3613 1969 αὐτῇ
3649 1899 3782 1951 ἀπό-

525 1983 614 2038 his
648 1982 936 2052 appetebat
964 1994 1128 2036 eum:
1163 1979 1481 2035 Visceribus
1525 1981 1691 2035 aeneis
1712 1981 1955 2050 prazdile,
1987 1981 2104 2034 mi—

525 2089 711 2130 serere
766 2073 896 2138 mei,
927 2073 1057 2142 quia
1113 2072 1257 2127 hanc
1310 2088 1472 2127 unam
1520 2073 1763 2127 sobolem
1813 2073 2006 2127 habeo.
2037 2073 2105 2127 At

527 2169 622 2222 ille
653 2167 877 2220 mittens
903 2164 1274 2220 renuntiavit:
1307 2163 1530 2220 Pmmen
1559 2166 1761 2220 liberos
1782 2181 1892 2221 non
1918 2181 2106 2222 susce-

526 2260 629 2329 pit.
659 2259 837 2328 Atque
860 2257 1088 2312 recessit
1121 2256 1177 2310 in
1225 2255 1372 2310 hunc
1400 2257 1640 2311 modum.
1678 2257 1746 2312 lis
1781 2273 1911 2328 ergo
1951 2257 2108 2311 audi-

527 2353 622 2416 tis,
659 2365 862 2419 pratses
897 2349 1063 2415 misit,
1101 2349 1282 2402 aiens:
1313 2347 1518 2403 Saltem
1549 2349 1714 2404 verbo
1742 2349 1931 2418 iubeat
1960 2368 1973 2416 ;
2024 2349 2108 2404 di-

527 2444 738 2497 mittam
801 2443 977 2496 illum.
1034 2441 1211 2498 Senex
1269 2457 1400 2496 vero
1457 2442 1704 2498 vicissim
1748 2443 2104 2514 significavit:

527 2536 746 2606 inquire
776 2535 1080 2590 secundum
1120 2535 1300 2604 leges;
1333 2543 1388 2588 et
1437 2547 1614 2590 morte
1663 2537 1710 2590 si
1758 2535 1957 2607 dignus
2000 2543 2105 2599 est,

527 2631 816 2694 moriatur;
854 2629 900 2683 si
939 2643 1049 2682 non
1078 2635 1180 2692 est,
1212 2627 1295 2681 fac
1325 2635 1383 2680 nt
1417 2628 1703 2697 placuerit.

602 2721 656 2775 6.
691 2721 803 2792 (77)
834 2719 1396 2790 Deliquitaliquando
1421 2719 1588 2775 frater
1617 2721 1674 2774 in
1710 2718 1996 2783 emnobio;
2024 2720 2113 2774 de-

531 2813 692 2883 gebat
723 2821 902 2867 autem
936 2813 1004 2868 iis
1055 2813 1109 2866 in
1164 2812 1302 2867 locis
1359 2812 1715 2875 anachoreta,
1760 2812 1850 2881 qui
1888 2827 1917 2865 a
1951 2813 2113 2882 longo

532 2915 774 2972 tempore
825 2918 934 2957 non
982 2909 1353 2972 processerat.
1415 2899 1652 2956 Veniens
1696 2917 1826 2971 ergo
1877 2901 2112 2956 cmuobii

533 2996 704 3050 abbas
728 2995 794 3049 ad
826 3011 1033 3062 senem,
1063 2995 1334 3049 nuntiavit
1364 2995 1414 3050 ei
1444 2994 1510 3049 de
1551 2994 1718 3049 fratre
1751 2997 1843 3065 qui
1871 2995 2114 3064 delique-

534 3096 638 3142 rat.
675 3088 765 3142 Ait
795 3089 918 3144 ille:
956 3080 1226 3156 Expellite
1255 3103 1405 3142 eum.
1441 3086 1710 3157 Egressus
1739 3102 1866 3139 vero
1891 3086 2056 3141 frater
2085 3102 2116 3140 e

534 3179 814 3240 coenobio,
842 3179 1067 3232 intravit
1093 3179 1146 3232 in
1175 3177 1514 3248 speluncam,
1551 3178 1732 3247 ibique
1762 3177 1944 3230 flebat.
1974 3177 2118 3231 Con-

535 3269 658 3338 tigit
694 3275 1004 3337 opportune
1035 3275 1095 3320 ut
1118 3265 1318 3321 fratres
1349 3266 1601 3320 nonnulli
1637 3265 1728 3336 qui
1755 3266 1821 3320 ad
1861 3266 2112 3321 abbatem

535 3359 843 3414 l’mmenem
863 3356 1372 3427 proﬁciscebantur,
1391 3356 1646 3411 audirent
1674 3357 1823 3410 illum
1864 3356 2112 3425 flentem;

535 3455 629 3525 qni
659 3453 892 3523 ingressi
943 3454 1273 3507 invenerunt
1329 3465 1546 3506 summo
1597 3450 1854 3506 affectum
1892 3453 2113 3517 dolore,

537 3545 857 3614 hortatique
902 3551 1024 3599 sunt
1062 3551 1121 3596 ut
1154 3541 1222 3596 ad
1254 3557 1440 3598 senem
1489 3551 1768 3612 pergeret;
1795 3543 1889 3598 sed
1923 3546 2116 3612 noluit,

537 3639 764 3692 dicens:
797 3635 894 3690 Hic
923 3651 1027 3705 ego
1069 3635 1298 3691 morior.
1334 3633 1628 3690 Venientes
1656 3650 1820 3706 porro
1859 3635 1926 3690 ad
1953 3635 2122 3691 abba-

536 3737 649 3781 tem
679 3726 989 3781 Pmmenem
1049 3740 1166 3780 rem
1204 3725 1254 3780 ei
1305 3734 1692 3780 narraverunt.
1726 3724 1820 3782 Ille
1867 3725 2121 3797 precibus

540 3817 797 3872 inductos
826 3832 892 3872 eo
919 3817 1154 3882 remisit,
1175 3817 1425 3873 dicturos
1457 3817 1611 3872 fratri
1641 3837 1654 3874 :
1684 3819 1867 3874 Abhas
1896 3817 2122 3874 Pmmen

541 3917 702 3962 vocat
753 3916 824 3962 te.
883 3907 1042 3963 Venit
1073 3909 1259 3963 frater.
1309 3910 1480 3976 Quem
1523 3925 1686 3965 senex
1723 3911 1955 3968 intuitus
1985 3911 2122 3966 aflli-

543 4011 714 4065 ctum,
756 4004 1014 4062 surrexit.
1043 4004 1360 4072 complexus
1393 4012 1499 4069 est,
1546 4011 1600 4058 et
1637 4019 1762 4058 cum
1794 4019 1860 4059 eo
1893 4005 2123 4060 comiter

542 4110 730 4165 agens,
766 4097 975 4164 rogavit
1011 4103 1068 4148 ut
1099 4095 1282 4149 cibum
1315 4103 1579 4150 sumeret.
1616 4095 1765 4150 Misit
1791 4105 1972 4152 autem
2025 4097 2123 4150 ab-

543 4188 644 4243 bas
679 4187 900 4242 Paemen
939 4188 1176 4259 aliquem
1211 4186 1441 4242 fratrum
1475 4205 1702 4243 suorum
1736 4191 1799 4243 ad
1834 4191 2127 4244 anachore-

545 4287 678 4346 tam,
710 4279 801 4348 qui
845 4280 1156 4334 nuntiaret:
1191 4279 1232 4332 A
1269 4281 1456 4334 multis
1495 4282 1655 4336 annis
1690 4281 1874 4336 videre
1904 4287 1955 4336 te
1981 4279 2126 4336 desi-

545 4372 700 4435 dero,
727 4382 1015 4442 postquam
1035 4373 1100 4427 de
1130 4372 1295 4427 rebus
1325 4373 1433 4427 tuis
1479 4373 1698 4438 andivi;
1729 4374 1820 4428 sed
1843 4389 1910 4428 ex
1937 4374 2128 4426 ambo-

545 4479 668 4517 rum
705 4465 919 4534 pigritia
975 4480 1080 4520 non
1109 4465 1393 4534 congressi
1417 4481 1631 4520 sumus.
1663 4466 1817 4520 Nunc
1839 4483 1986 4536 ergo,
2016 4466 2128 4521 Deo

2209 2006 2410 2060 κρισιν.
2474 1991 2539 2042 Ἢ
2587 1990 2644 2043 δὲ
2693 1989 2951 2060 ἐλοιδόρει
2997 1990 3190 2053 αὐτὸν,
3243 1989 3511 2058 λέγουσαο
3565 1989 3778 2044 Χαλκό-

2213 2079 2506 2149 σπλαγχνε,
2543 2079 2765 2149 ἐλέησόν
2797 2097 2887 2147 με,
2922 2081 3002 2134 ότι
3053 2081 3345 2151 μονογενής
3381 2083 3470 2151 μοί
3507 2084 3673 2135 ἐστιν.
3718 2081 3777 2134 '0

2210 2170 2266 2223 δὲ
2300 2171 2518 2240 πέμψας
2556 2167 2708 2224 εἶπεν
2743 2172 2913 2243 αύτῇο
2944 2171 3154 2244 Ποιμήν
3180 2175 3346 2227 τέκνα
3373 2173 3473 2226 οῦκ
3507 2173 3783 2242 ἐγέννησε.

2213 2264 2323 2316 Καὶ
2348 2263 2518 2326 οῦτως
2549 2262 2916 2334 ἀνεχώρησεν.
2962 2264 3224 2326 Ἀκούσας
3252 2264 3306 2317 δὲ
3333 2265 3533 2334 ἄρχων,
3559 2264 3782 2335 ἔπεμψε.

2214 2353 2412 2422 λέγων·
2456 2352 2574 2406 Κάν
2617 2353 2759 2423 λόγῳ
2815 2353 3068 2427 κελεύσῃ,
3116 2353 3336 2408 ἀπολύω
3383 2355 3562 2408 αὐτόν.
3625 2355 3686 2408 Ὀ
3733 2355 3789 2407 ἃ

2214 2447 2393 2518 γέρων
2444 2444 2802 2515 ἀντεδήλωσε,
2853 2444 3063 2512 λέγων’
3126 2443 3413 2509 Ἐξέτασον
3465 2445 3609 2498 κατά
3663 2446 3790 2509 τοὺς

2216 2536 2444 2606 νόμους·
2484 2536 2577 2589 καὶ
2611 2538 2659 2588 εἰ
2699 2535 2848 2601 ἄξιός
2887 2537 3002 2588 ἐστι
3051 2535 3303 2600 Θανάτου,
3340 2535 3692 2589 ἀποθανέτωο
3745 2539 3792 2590 ει

2216 2626 2273 2678 δέ
2300 2626 2401 2680 οὐκ
2435 2625 2602 2689 ἐστιν,
2634 2625 2708 2688 ὠς
2743 2624 2921 2695 βούλει
2954 2623 3177 2696 ποίησον
3202 2623 3272 2682 ⁸ο.

2291 2725 2366 2782 ς’.
2418 2717 2656 2787 Ἐσφάλη
2687 2716 2817 2769 ποτέ
2861 2716 3088 2785 ἀδελφὸς
3117 2717 3173 2768 ἐν
3212 2716 3497 2787 κοινοϐίῳ·
3541 2711 3610 2788 ἦν
3649 2716 3706 2770 δέ
3739 2717 3792 2768 ἐν

2218 2813 2331 2872 τοῖς
2361 2810 2546 2872 τόποις
2582 2807 2807 2871 ἐκείνοις
2841 2809 3230 2878 ἀναχωρητής’
3273 2809 3368 2860 καὶ
3403 2807 3580 2878 πολλῷ
3618 2807 3794 2880 χρόνῳ

2220 2900 2282 2952 οῦ
2315 2897 2600 2967 προῆλθεν.
2646 2898 2843 2951 Ἐλθὼν
2872 2897 2928 2951 δέ
2960 2897 2988 2948 6
3015 2897 3189 2960 assa;
3228 2897 3323 2950 τοῦ
3361 2898 3631 2951 κοινοϐίου
3662 2897 3797 2969 πρὸς

2221 2991 2311 3044 τὸν
2343 2991 2595 3061 γέροντα,
2635 2989 2954 3061 ἀνήγγειλεν
2987 2989 3134 3060 αύτῷ
3177 2989 3306 3061 περὶ
3336 2990 3429 3043 τοῦ
3482 2991 3794 3060 σφαλέντος.

2233 3084 2292 3137 '0
2319 3083 2376 3137 δὲ
2408 3077 2528 3135 εἷπε
2551 3099 2564 3112 ·
2615 3080 2852 3148 Διώξατε
2885 3081 3066 3135 αὐτόν.
3109 3079 3368 3146 Ἐξελθὼν
3406 3081 3464 3135 δὲ
3496 3084 3524 3136 6
3569 3081 3800 3150 ἀδελφὸς

2225 3174 2318 3229 τοῦ
2353 3173 2640 3236 κοινοὸίου,
2689 3173 2934 3244 εἰσῆλθεν
2982 3175 3062 3236 εἰς
3107 3173 3405 3246 χαράδραν,
3443 3175 3538 3229 καὶ
3583 3174 3800 3229 ἔκλαιεν

2222 3270 2356 3321 ἐκεῖ.
2405 3265 2752 3337 Εὑκαίρησαν
2793 3265 2851 3318 δὲ
2895 3265 3112 3333 ἀδελφοὶ
3147 3267 3510 3336 ἀπερχόμενοι
3545 3267 3684 3338 πρὸς
3713 3266 3802 3319 τὸν

2219 3358 2394 3413 ἀόόᾶν
2437 3358 2702 3428 Ποιμὲνα,
2739 3357 2833 3410 καὶ
2867 3357 3108 3428 ἥκουσαν
3142 3355 3306 3410 αὐτοῦ
3351 3357 3666 3424 κλαίοντοςο
3715 3359 3804 3412 καὶ

2220 3450 2552 3516 εἰσελθόντες
2596 3445 2752 3522 εὗρον
2785 3449 2948 3503 αὑτὸν
2983 3450 3039 3504 ἐν
3069 3449 3288 3520 μεγάλῳ
3320 3449 3497 3519 πόνῳ”
3533 3451 3634 3503 καὶ
3660 3467 3803 3520 παρ-

2223 3544 2487 3598 εκάλεσαν
2509 3543 2668 3596 αὐτὸν
2693 3538 2823 3613 ἆραι
2840 3541 2976 3612 πρὸς
3000 3541 3090 3594 τὸν
3105 3541 3353 3612 γέροντα.
3379 3541 3487 3595 Καὶ
3501 3541 3602 3595 οὐκ
3624 3543 3805 3613 ἤθελε,

2221 3637 2396 3705 λέγων
2415 3655 2428 3668 ·
2478 3629 2605 3689 Ὧδε
2641 3634 2750 3704 ἐγὼ
2779 3634 3128 3704 ἀποθνήσκω.
3167 3633 3439 3697 Ἐλθόντες
3470 3633 3527 3686 δὲ
3554 3635 3697 3705 πρὸς
3721 3633 3810 3687 τὴν

2223 3725 2397 3780 ἀόόᾶν
2418 3725 2658 3796 Ποιμένα
2695 3724 3024 3795 διηγήσαντο
3049 3724 3216 3794 αὐτῷ.
3273 3725 3382 3779 Kal.
3416 3725 3812 3796 παρακαλέσας
3847 3792 3852 3794 _

2224 3819 2441 3882 αὐτοὺς,
2462 3817 2747 3871 ἀπέστειλε
2767 3817 2939 3885 λέγων
2961 3834 2974 3847 ·
3006 3817 3208 3870 Εἴπατε
3232 3817 3400 3890 αὐτῷ,
3418 3817 3501 3870 ὅτι
3544 3817 3604 3871 '0
3641 3817 3815 3878 ἀόόᾱς

2225 3907 2435 3978 Ποιμήν
2465 3910 2632 3978 φωνεῖ
2665 3924 2744 3961 σε.
2776 3903 2946 3962 Ἦλθε
2966 3908 3022 3962 δὲ
3053 3908 3188 3980 πρὸς
3204 3909 3366 3962 αὐτὸν
3391 3911 3418 3963 6
3438 3907 3699 3977 ἀδελφός
3724 3908 3817 3961 καὶ

2231 3999 2352 4054 ἰδὼν
2370 4000 2531 4052 αὑτὸν
2564 4002 2592 4054 ό
2621 3999 2798 4072 γέρων
2829 4000 3206 4071 τεθλιμμένον,
3227 4002 3464 4066 ἀναστάς
3497 4002 3817 4072 ἠσπάσατο,

2228 4093 2321 4147 καὶ
2360 4091 2830 4163 χαριεντιζόμενος
2867 4095 2982 4162 μετ’
3017 4093 3203 4158 αὑτοῦ,
3240 4095 3585 4165 παρεκάλεσε
3613 4099 3816 4168 γεύσα-

2229 4184 2373 4236 σθαι.
2403 4181 2715 4237 Ἀπέστειλε
2731 4182 2786 4235 δὲ
2802 4185 2830 4235 6
2845 4181 3018 4246 ἀ66ᾶς
3036 4183 3242 4255 Ποιμήν
3259 4183 3364 4237 τῶν
3384 4186 3633 4255 ἀδελφῶν
3648 4186 3816 4243 αὐτοῦ

2226 4292 2354 4329 τινα
2385 4275 2520 4347 πρὸς
2542 4275 2631 4328 τὸν
2663 4274 3040 4346 ἀναχωρητὴν,
3071 4275 3245 4343 λέγων
3265 4293 3278 4308 ο
3314 4277 3407 4330 Ἐκ
3438 4277 3652 4333 πολλῶν
3682 4278 3820 4334 ἐτῶν

2231 4367 2538 4438 ἐπεθύμουν
2573 4384 2631 4420 σε
2669 4367 2818 4432 ἰδεῖν,
2859 4367 3075 4421 ἀκούων
3117 4367 3186 4420 τὰ
3234 4369 3360 4440 περὶ
3407 4369 3523 4431 σοῦ,
3559 4372 3658 4424 καὶ
3710 4370 3819 4425 ἀπὸ

2231 4459 2490 4530 όκνηρίας
2522 4457 2845 4528 ἀμφοτέρων
2879 4457 2938 4511 ού
2976 4457 3337 4528 συνετύχομεν
3378 4459 3655 4531 ἀλλήλοις.
3706 4460 3824 4514 Νῦν

545 4555 782 4618 volente,
810 4556 1102 4610 occasione
1135 4557 1342 4622 oblata,
1373 4556 1612 4610 laborem
1646 4557 1858 4612 itineris
1885 4560 2114 4628 suscipe1

2230 4548 2322 4606 οὗν
2344 4550 2478 4605 Θεοῦ
2511 4550 2774 4614 θέλοντος,
2804 4551 2897 4602 καὶ
2927 4551 3180 4622 ἀφορμῆς
3207 4551 3528 4623 γενομένης,
3554 4552 3822 4622 σκύλθητι

547 4661 612 4700 ac
648 4645 957 4702 videbimus
992 4663 1121 4702 nos.
1154 4646 1272 4701 Non
1306 4647 1452 4702 enim
1502 4649 1882 4718 egrediebatur
1918 4666 1948 4705 e
1989 4652 2125 4706 cella

548 4752 668 4792 sua.
709 4736 805 4791 Ille
839 4737 1090 4800 audiens,
1126 4738 1266 4807 apud
1316 4752 1412 4792 se:
1447 4735 1562 4792 Nisi
1604 4736 1746 4792 Deus
1793 4739 1908 4792 seni
1950 4741 2126 4810 inspi-

548 4835 750 4893 rasset,
788 4845 896 4883 non
925 4831 1170 4884 misisset
1208 4830 1274 4882 ad
1306 4845 1414 4884 me.
1446 4827 1716 4896 Quocirca
1753 4845 2004 4902 surgens,
2033 4848 2125 4887 ac-

548 4921 738 4976 cessit.
765 4921 1011 4992 Cumque
1035 4936 1095 4976 se
1125 4928 1315 4976 mutuo
1341 4921 1446 4975 laeti
1472 4923 1824 4987 salutassent,
1849 4925 2123 4978 sederunt.

549 5009 690 5066 Tum
739 5013 806 5067 ad
859 5029 983 5068 eum
1012 5013 1184 5068 abbas
1209 5012 1434 5069 Pcemen
1471 5013 1618 5068 hunc
1653 5013 1892 5069 instituit
1918 5031 2128 5071 sermo-

550 5121 675 5161 nem
703 5124 717 5162 :
748 5105 864 5162 Duo
895 5107 1142 5162 homines
1172 5108 1224 5160 in
1267 5107 1503 5178 quodam
1535 5107 1656 5162 loco
1705 5107 1993 5176 degebant,
2033 5109 2126 5178 qui

551 5197 715 5252 ambo
750 5204 996 5251 mortuos
1051 5196 1325 5252 habebant
1379 5196 1522 5266 apud
1576 5213 1676 5263 se;
1727 5195 1937 5252 dimisit
1985 5215 2129 5254 unus

551 5296 828 5345 mortuum
847 5305 1028 5353 suum,
1059 5297 1220 5359 atque
1245 5288 1380 5343 abiit
1411 5289 1478 5342 ad
1504 5289 1824 5359 plorandum
1854 5299 2127 5345 mortuum

551 5381 781 5440 alterius
829 5382 964 5453 (τε).
1017 5380 1263 5436 Audiens
1322 5395 1488 5450 porro
1540 5395 1729 5443 senex,
1770 5390 2131 5452 compunctus

552 5483 638 5531 est
671 5491 736 5532 ea
766 5475 1039 5542 oratione,
1079 5471 1507 5542 recordatusque
1527 5479 1612 5527 est
1640 5473 1716 5527 rei
1743 5488 1905 5543 quam
1933 5472 2133 5528 fecerat

2232 4644 2338 4708 ἓως
2379 4642 2488 4697 τῶν
2530 4634 2632 4694 ὧδε
2685 4642 2779 4694 καὶ
2831 4641 3097 4712 βλέπομεν
3141 4641 3424 4714 ἀλλήλους.
3475 4638 3589 4696 Ἦν
3639 4643 3700 4697 δὲ
3752 4641 3828 4713 μὴ

2235 4734 2594 4806 ἐξερχόμενος
2645 4733 2708 4784 ἐκ
2758 4729 2852 4784 τοῦ
2903 4729 3113 4783 κελλίου
3167 4730 3364 4783 αὐτοῦ’
3423 4729 3518 4784 καὶ
3578 4729 3829 4797 ἀκούσας

2237 4829 2453 4897 ἔλεγεν·
2488 4827 2552 4880 Εἰ
2603 4825 2676 4897 μὴ
2721 4826 2749 4878 6
2797 4825 2928 4888 Θεὸς
2963 4823 3376 4894 ἐπληροφόρησε
3420 4823 3512 4875 τὸν
3560 4824 3829 4893 γέροντα.

2236 4922 2337 4973 οὐκ
2379 4918 2445 4972 ἂν
2479 4916 2722 4988 ἐπεμψεν
2757 4916 2842 4967 ἐπ’
2875 4914 2996 4985 ἐμέ.
3050 4915 3159 4967 Ka‘t
3201 4913 3438 4976 ἀναστὰς
3497 4908 3638 4983 ἦλθε
3690 4912 3831 4984 πρὸς

2239 5010 2421 5064 αὐτόν.
2495 5009 2603 5062 Καὶ
2669 5007 3051 5076 ἀσπασάμενοι
3123 5003 3385 5076 ἀλλήλους
3447 5002 3589 5070 μετὰ
3649 5002 3834 5074 χαρᾶς

2239 5103 2516 5158 ἐκάθισαν.
2573 5097 2706 5154 Εἶπε
2755 5100 2810 5152 δὲ
2866 5098 3017 5168 αὐτῷ
3049 5097 3222 5160 assa;
3272 5097 3516 5166 Ποιμήνο
3572 5093 3687 5149 Δύο
3735 5093 3832 5148 ἆν-

2239 5199 2447 5270 θρωποι
2476 5191 2615 5266 ἦσαν
2647 5194 2704 5245 ἐν
2741 5192 2892 5262 τόπῳ
2918 5192 3024 5244 τινὶ
3053 5191 3118 5254 ⁵¹,
3147 5190 3240 5243 καὶ
3266 5188 3566 5258 ἀμφότεροι
3595 5187 3834 5258 νεκροὺς

2241 5286 2417 5360 εἶχον’
2455 5287 2636 5356 ἀφῆκε
2662 5285 2718 5339 δέ
2753 5287 2780 5339 ὁ
2817 5278 2896 5347 εἷς
2928 5282 3019 5336 τὸν
3053 5281 3243 5352 νεκρὸν
3268 5279 3456 5345 αὐτοῦ,
3486 5279 3581 5332 καὶ
3613 5277 3835 5348 ἀπῆλθ>

2241 5377 2473 5433 κλαῦσαι
2503 5375 2594 5429 τὸν
2634 5373 2727 5427 τοῦ
2785 5373 2991 5442 ἐτέρου.
3035 5371 3296 5434 Ἀκούσας
3324 5371 3380 5422 δὲ
3420 5372 3448 5422 ό
3479 5368 3666 5437 γέρων
3696 5383 3804 5423 κατ

2241 5471 2407 5540 ενύγη
2439 5470 2533 5522 ἐπὶ
2559 5468 2636 5539 τῷ
2660 5467 2826 5537 λόγῳ,
2855 5465 2948 5519 καὶ
2987 5461 3230 5535 ἐμνήσθη
3262 5461 3292 5514 ὃ
3338 5460 3588 5532 ἐποίησε,
3623 5466 3722 5518 καὶ
3759 5461 3805 5517 εἶ

627 5631 673 5662 ¹⁶
710 5629 794 5682 ΔΙ.
825 5629 950 5685 add.
991 5631 1020 5683 6
1042 5629 1097 5683 δὲ
1127 5630 1311 5700 ἅρχων
1344 5627 1608 5694 ἀκούσας,
1638 5629 1756 5681 τότε
1789 5629 1952 5683 αὐτὸν
1975 5630 2268 5690 ἀπέλυσεν.
2342 5627 2387 5663 ⁸¹
2425 5627 2512 5683 Al.
2549 5627 2648 5680 ἑνί.

566 5768 741 5894 1⁸Γῖῦ)
784 5770 889 5822 l’it.
923 5771 1074 5825 Patr.
1110 5789 1228 5839 vm,
1285 5772 1375 5836 l3;
1421 5769 1616 5827 liadcri
1653 5769 1912 5842 l'iritlar.,
1951 5787 2032 5840 ιιι,
2077 5773 2128 5840 6,

2315 5771 2428 5834 (77l
2460 5768 2562 5822 Vit.
2597 5765 2748 5820 Patr.
2781 5782 2854 5827 Ix,
2886 5765 2936 5816 7.

2314 5843 2424 5914 (78)
2459 5838 2676 5895 Doroth.
2707 5837 2884 5892 Doctr.
2915 5836 2968 5892 6.
