4032 6334
234 330 395 434 331-

1357 380 1965 440 APOPHTIIEGMATA
2005 383 2316 441 PATRUM.
2344 408 2351 421 θ

3366 395 3475 450 322

234 507 332 544 πεν
355 506 371 521 ο
408 490 640 562 Ποιμήν,
675 490 791 544 ἄνω
813 492 857 522 ⁵⁸
888 489 968 553 είς
998 490 1089 545 τὸν
1122 490 1378 562 οὐρανόν·
1411 491 1521 562 ἐγὼ
1551 493 1608 547 δέ
1655 494 1805 548 κάτω

1923 504 1960 550 :t
1990 497 2161 551 dixit:
2194 494 2440 563 Poemen,
2464 512 2685 555 sursum
2709 514 2928 557 sursum
2969 501 3027 557 in
3056 501 3231 571 cmlo;
3261 518 3361 575 ego
3389 519 3486 563 ve-

233 581 382 634 κάτω
417 583 496 645 είς
537 582 637 654 τὴν
667 582 792 654 γῆν.

300 676 367 739 ς’.
423 674 740 746 Παρέσαλόν
803 693 932 729 ποτε
981 675 1235 747 γέροντες
1296 675 1478 729 πολλοὶ
1523 675 1603 747 τῷ
1664 676 1809 747 άϐὁᾷ

231 763 459 835 nam:
481 785 492 792 ·
542 765 637 818 καὶ
676 764 784 818 ίδού
812 782 897 829 τις
934 764 1043 818 τῶν
1074 762 1171 818 τοῦ
1201 763 1348 819 ἀὸὁᾶ
1390 764 1652 836 Ποιμένος
1695 760 1809 836 εἶχε

231 853 478 917 παιδίον,
526 853 621 907 καὶ
664 852 726 907 τὸ
786 854 1068 923 πρόσωπον
1125 851 1289 906 αὑτοῦ
1347 854 1468 907 κατ’
1531 853 1811 925 ἐνέργειαν

231 944 481 1016 ἐστράφη
515 945 709 998 ὀπίσω.
745 944 857 998 Kal
888 944 1008 997 ἰδὼν
1039 946 1068 997 6
1098 942 1282 1015 πατὴρ
1308 943 1475 997 αὐτοῦ
1515 943 1576 998 τὸ
1609 942 1812 1013 πλῆθος

231 1034 343 1087 τῶν
390 1033 673 1106 Πατέρων,
719 1033 900 1088 λαϐὼν
935 1034 995 1087 τὸ
1025 1033 1235 1088 παιδίον
1263 1033 1369 1098 ἔξω
1398 1033 1491 1087 τοῦ
1538 1050 1805 1105 μοναστη-

233 1125 354 1196 ρίου
406 1124 643 1196 ἐκάθητο
693 1124 915 1178 κλαίων.
971 1123 1283 1196 Εὐκαίρησε
1330 1123 1389 1177 δέ
1440 1141 1547 1177 τινι
1597 1124 1812 1195 γέροντι

238 1216 477 1282 ἐξελθεῖν
497 1233 512 1246 ο
538 1217 630 1270 καὶ
664 1215 788 1269 ἰδὼν
809 1215 969 1269 αὑτὸν
996 1211 1147 1269 εἷπε*
1183 1215 1249 1268 Τί
1273 1215 1502 1281 κλαίεις,
1528 1214 1811 1287 άνθρωπες

241 1309 397 1366 ’0.δέ
437 1304 559 1362 εἷπε
578 1325 593 1339 ο
623 1308 899 1378 Συγγενής
920 1310 1034 1380 εἰμι
1064 1306 1160 1361 τοῦ
1180 1292 1333 1361 ’άὸὃᾶ
1380 1308 1643 1377 Ποιμένος
1661 1323 1675 1336 ·
1715 1308 1812 1362 καὶ

242 1400 358 1454 ἰδοὺ
407 1397 603 1470 συνέϐη
648 1396 727 1468 τῷ
772 1397 972 1469 παιδίῳ
1000 1398 1176 1469 τούτῳ
1207 1399 1237 1449 6
1269 1397 1574 1468 πειρασμὸς
1620 1390 1775 1461 οὗτος
1797 1414 1811 1429 ο

238 1493 338 1545 καὶ
369 1490 616 1552 θέλοντες
644 1489 724 1560 τῷ
753 1490 967 1560 γέροντι
1000 1492 1386 1559 προσενεγκεῖν
1428 1488 1581 1553 αὐτὸ,
1615 1489 1815 1561 ἐφοϐή-

247 1584 454 1654 θημεν·
498 1584 557 1636 οὺ
584 1581 695 1653 γὰρ
726 1580 867 1635 θέλει
902 1582 1030 1635 ίδεῖν
1073 1583 1241 1652 ἡμᾶς.
1289 1581 1400 1635 Kal
1424 1581 1520 1635 νῦν
1546 1581 1642 1636 ἐὰν
1670 1581 1817 1655 μάθῃ

236 1676 323 1728 ὅτι
354 1669 457 1727 ὧδέ
493 1674 630 1744 είμι,
669 1671 874 1743 πέμπει
901 1672 996 1726 καὶ
1029 1670 1214 1726 διώκει
1247 1689 1348 1743 με’
1378 1670 1488 1743 ἐγὼ
1517 1672 1573 1726 δὲ
1606 1671 1817 1743 βλέπων

239 1767 343 1836 τὴν
357 1766 663 1838 παρουσίαν
684 1763 859 1835 ὑμῶν,
876 1763 1146 1835 ἐτόλμησα
1174 1763 1367 1817 ἐλθεῖν.
1397 1763 1484 1827 Ὠς
1499 1763 1672 1828 θέλεις
1701 1758 1815 1828 οὖν,

1907 601 1969 639 ro
1998 587 2252 641 deorsum
2286 586 2342 640 in
2373 594 2543 650 terra.

1979 677 2029 731 7.
2057 677 2170 748 (79)
2204 676 2471 733 Adierunt
2503 679 2802 751 aliquando
2842 697 3004 738 senes
3031 684 3188 737 multi
3234 683 3490 741 abbatem

1909 761 2253 832 Ptemenem;
2287 780 2411 820 cum
2451 782 2580 825 ecce
2611 769 2835 841 quidam
2868 785 2935 826 ex
2987 771 3240 829 aﬂinibus
3276 774 3492 829 abbatis

1911 853 2189 911 Poemenis
2210 856 2437 914 haberet
2466 858 2660 926 filium,
2713 860 2873 930 cujus
2904 860 3073 918 facies
3104 864 3323 919 diabolo
3374 863 3490 918 eili-

1911 947 2090 1003 ciente
2118 963 2385 1005 conversa
2408 960 2529 1006 erat
2555 959 2880 1008 retrorsum.
2914 953 3100 1025 Itaque
3134 966 3288 1026 pater
3320 955 3493 1010 intui-

1913 1048 2002 1096 tus
2031 1040 2436 1097 multitudinem
2462 1042 2709 1108 Patrum,
2742 1055 3024 1115 assumpto
3055 1046 3165 1101 lilio
3188 1056 3344 1101 extra
3369 1062 3489 1101 mo-

1913 1133 2210 1188 nasterium
2235 1133 2461 1189 sedebat
2489 1136 2732 1205 plorans.
2759 1136 3000 1206 Contigit
3028 1146 3208 1191 autem
3262 1145 3321 1191 ut
3363 1138 3492 1208 qui-

1912 1221 2037 1276 dam
2075 1236 2236 1276 senex
2267 1223 2461 1277 exiret.
2494 1221 2544 1277 Is
2580 1237 2815 1279 cernens
2848 1238 2996 1286 eum,
3030 1224 3106 1278 ait
3150 1243 3165 1281 :
3199 1222 3340 1291 Quid
3372 1225 3491 1294 plo-

1915 1326 2028 1375 ras,
2099 1311 2296 1366 homo?
2352 1310 2691 1382 Respondit:
2746 1313 3024 1383 Cognatus
3086 1328 3206 1367 sum
3279 1314 3495 1371 abbatis

1916 1402 2209 1467 l‘mmenis,
2240 1409 2405 1473 atque
2434 1418 2503 1458 en
2536 1418 2704 1473 puero
2731 1403 2859 1456 huic
2890 1404 3090 1457 accidit
3111 1405 3213 1458 ista
3240 1406 3490 1472 tentatio;

1915 1493 2160 1548 volentes
2194 1502 2374 1547 autem
2426 1494 2543 1548 seni
2573 1493 2772 1548 offerre
2803 1494 3105 1549 timuimus.
3128 1492 3314 1563 Neque
3343 1497 3491 1551 enim

1917 1585 2032 1639 vult
2061 1585 2245 1639 videre
2264 1599 2387 1640 nos.
2415 1585 2591 1654 Atque
2619 1600 2766 1639 nunc
2805 1586 2851 1640 si
2875 1586 3203 1654 compererit
3226 1602 3311 1642 me
3334 1588 3497 1642 adeso

1919 1691 1997 1741 se,
2030 1676 2206 1731 mittet
2226 1691 2292 1731 ac
2318 1677 2553 1746 expellet
2578 1692 2684 1731 me.
2714 1676 2826 1748 Ego
2854 1692 2984 1733 vero
3008 1678 3097 1731 ubi
3127 1679 3238 1733 vidi
3286 1679 3495 1735 adven-

1921 1772 2036 1819 tum
2086 1775 2349 1831 vestrum,
2394 1780 2563 1823 ausus
2612 1782 2733 1822 sum
2772 1769 2977 1824 venire.
3024 1767 3493 1834 Quemadmodum

239 1859 402 1923 ἀδεᾶ,
444 1858 669 1928 ἐλέησόν
720 1874 809 1928 με,
858 1857 951 1910 καὶ
997 1855 1129 1910 λάϐε
1176 1854 1239 1908 τὸ
1288 1855 1498 1908 παιδίον
1539 1854 1667 1921 ἔσω,
1721 1855 1816 1910 καὶ

1923 1869 2048 1926 ergo
2104 1856 2346 1917 libuerit,
2409 1856 2572 1923 abba,
2621 1857 2729 1911 mei
2791 1859 3085 1925 miserere;
3158 1859 3494 1915 introducito

240 1948 468 2014 εὔξασθε
509 1950 636 2020 περ)¹
684 1948 731 1979 ⁸³
772 1946 959 2000 αὑτοῦ.
1010 1947 1122 2000 Kal
1165 1943 1345 1998 λαὸὼν
1384 1945 1516 1999 αὐτὸ
1558 1947 1587 1999 6
1636 1945 1814 2016 γέρων

242 2039 480 2111 είοῆλθε,
505 2040 600 2095 καὶ
619 2038 891 2111 ἐχρήσατο
913 2036 1213 2108 φρονίμως,
1235 2036 1331 2089 καὶ
1356 2036 1416 2089 οὐ
1446 2037 1816 2108 προσήνεγκεν

241 2133 373 2186 αὐτὸ
402 2126 608 2194 εὐθέως
635 2129 714 2200 τῷ
743 2126 888 2199 ἀσὸᾷ.
926 2126 1172 2197 Ποιμὲνι,
1208 2125 1344 2180 ἀλλὰ
1376 2125 1681 2198 ἀρξάμενος
1707 2127 1815 2181 άπὸ

242 2222 350 2277 τῶν
394 2222 738 2293 μικροτέρων
793 2216 1071 2288 ἀδελφῶν,
1130 2216 1315 2286 ἐλεγεο
1363 2217 1710 2287 Σφραγίσατε
1758 2218 1818 2271 τὸ

227 2316 485 2371 παιδίον.
526 2317 769 2387 Ποιήσας
801 2313 859 2367 δὲ
889 2313 1097 2377 πάντας
1126 2311 1268 2367 κατὰ
1294 2312 1612 2367 ἀκολουθίαν
1646 2329 1820 2384 σφρα-

248 2409 394 2474 γῖσαι
417 2405 573 2469 αὐτὸ,
604 2404 828 2476 ὕστερον
861 2403 1059 2473 ἧνεγκε
1107 2399 1186 2471 τῷ
1217 2400 1360 2472 ἀσὸᾷ
1391 2400 1636 2472 Ποιμένι.
1673 2401 1731 2453 '0
1762 2400 1819 2453 δὲ

248 2498 345 2553 οὐκ
368 2496 529 2568 ἡθελε
569 2496 700 2549 αὐτὸ
737 2494 954 2566 ἐγγίσαι
984 2493 1052 2547 ⁸⁸.
1082 2494 1147 2547 Οἱ
1176 2492 1235 2547 δὲ
1261 2492 1606 2563 παρεκάλουν
1632 2493 1816 2557 αὐτὸν,

250 2589 529 2657 λέγοντες·
584 2587 797 2657 Ὠσπερ
840 2585 1062 2651 πάντες,
1103 2583 1199 2638 καὶ
1247 2584 1313 2637 σὺ
1361 2582 1429 2649 ⁸⁸,
1464 2582 1664 2655 Πάτερ.
1710 2583 1820 2637 Kal

252 2679 530 2745 στενάξας,
573 2676 811 2742 ἀναστάς
853 2675 1064 2744 εὔξατο,
1109 2674 1286 2743 λέγων
1308 2690 1324 2706 ο
1376 2672 1435 2726 ’0
1484 2673 1634 2739 Θεὸς,
1671 2675 1819 2727 latrat.

249 2772 308 2825 τὸ
339 2771 567 2840 πλάσμα
607 2786 721 2835 σου,
765 2769 852 2821 ἵνα
906 2767 981 2838 μὴ
1025 2764 1288 2837 κυριευθῇ
1337 2764 1441 2817 ὑπὸ
1478 2763 1571 2816 τοῦ
1599 2764 1816 2834 ἐχθροῦ.

251 2862 360 2917 Καὶ
397 2859 705 2932 σφραγίσας
736 2858 866 2913 αὐτὸ
932 2857 1133 2921 εὐθέως
1165 2855 1517 2928 ἐθεράπευσε,
1576 2858 1671 2909 καὶ
1712 2857 1819 2909 άπ-

251 2952 419 3007 ἐδωκε
454 2950 536 3022 τῷ
560 2951 730 3022 πατρὶ
753 2948 915 3004 αὑτοῦ
942 2947 1113 3017 ὑγιές.

314 3041 388 3116 η’.
421 3040 660 3113 ’Δπῆλθέ
685 3057 770 3103 τις
811 3039 1035 3109 ἀδελφός
1064 3055 1193 3092 ποτε
1225 3037 1331 3092 ἀπὸ
1355 3036 1463 3092 τῶν
1498 3034 1680 3109 μερῶν
1726 3036 1819 3091 τοῦ

258 3135 399 3190 ἁὸὁᾶ
417 3133 684 3205 Ποιμένος
711 3132 803 3185 ἐπὶ⁵
840 3131 995 3202 ξένης
1017 3145 1028 3159 ⁸
1065 3131 1156 3184 καὶ
1192 3130 1496 3200 κατήντησε
1523 3127 1660 3198 πρός
1695 3144 1818 3182 τινα

251 3224 609 3297 ἁναχωρητὴν
642 3224 789 3276 ἐκείο
829 3217 897 3294 ἦν
931 3220 1040 3291 γὰρ
1066 3219 1205 3291 έχων
1234 3220 1476 3291 ἀγάπην,
1507 3219 1601 3272 καὶ
1633 3218 1819 3273 πολλοὶ

253 3317 479 3387 ἤρχοντο
508 3313 643 3385 πρὸς
676 3311 862 3365 αὐτόν.
911 3309 1224 3381 Ἀνήγγειλε
1263 3310 1322 3363 δέ
1365 3308 1514 3378 αὐτῷ
1538 3310 1567 3362 6
1595 3308 1821 3377 ἀδελφὸς

255 3405 318 3459 τὰ
344 3404 473 3476 περὶ
498 3401 595 3457 τοῦ
623 3401 769 3456 assa
794 3401 1080 3471 Ποιμένος.
1109 3399 1219 3454 Kal
1242 3398 1480 3463 ἀκούσας
1504 3398 1603 3468 τὴν
1626 3398 1824 3470 ἀρετὴν

254 3494 413 3548 αὐτοῦ
459 3496 798 3566 ἐπεπόθησεν
844 3493 1005 3548 αὐτὸν
1062 3492 1207 3546 ἰδεῖν.
1259 3490 1705 3562 ’Δνακάμψαντος
1764 3489 1823 3542 δὲ

256 3586 345 3642 τοῦ
380 3586 613 3656 άδελφοῦ
663 3587 743 3649 είς
766 3584 1072 3654 Αἴγυπτον,
1111 3581 1251 3654 μετὰ
1288 3580 1478 3652 χρόνον
1525 3580 1649 3634 τινὰ
1690 3580 1824 3633 ἀνα-

258 3677 385 3742 στάς
433 3679 464 3731 6
506 3675 885 3748 άναχωρητὴς,
917 3670 1081 3744 ἦλθεν
1127 3672 1236 3727 ἀπὸ
1279 3671 1378 3742 τῆς
1421 3666 1576 3741 ξένης
1610 3671 1689 3732 είς
1725 3667 1824 3721 AI-

260 3785 458 3836 γυπτον
492 3767 629 3841 πρὸς
661 3768 755 3820 τόν
785 3782 916 3819 ποτε
951 3763 1331 3837 παραϐαλόντα
1376 3760 1525 3832 αὑτῷ
1563 3759 1787 3829 ἀδελφόν
1806 3774 1822 3791 ⁸

259 3855 322 3929 ἦν
350 3859 461 3931 γάρ
491 3858 659 3913 εἰπὼν
689 3856 837 3928 αὐτῷ
870 3855 972 3909 ποῦ
1009 3856 1180 3927 μένει.
1234 3853 1379 3908 Ἰδὼν
1407 3852 1464 3906 δὲ
1498 3852 1659 3906 αὐτὸν
1684 3852 1827 3904 ἐκεῖ·

262 3967 345 4014 νος
378 3948 679 4019 ἐθαύμασε,
715 3948 809 4001 xal
835 3947 1008 4018 ἐχάρη
1060 3946 1202 4000 λίαν.
1232 3940 1367 3998 Εῐπε
1397 3944 1454 3998 δὲ
1484 3946 1512 3998 6
1538 3945 1824 4013 ἀναχωρη-

262 4039 353 4111 τίες
371 4057 387 4071 ·
417 4038 655 4109 Ποίησον
678 4037 915 4109 ἀγάπην,
948 4033 1080 4109 ἆρόν
1115 4054 1183 4108 με
1208 4035 1344 4109 πρὸς
1369 4036 1460 4089 τὸν
1493 4035 1666 4089 ἀϐὄᾶν
1702 4035 1826 4087 Ποι-

265 4129 413 4199 μένα.
450 4129 564 4182 Kal
595 4126 773 4182 λαϐὼν
805 4128 965 4180 αὑτὸν
998 4122 1128 4199 ἦλθε
1157 4127 1294 4199 πρὸς
1317 4126 1407 4179 τὸν
1432 4126 1665 4196 γέροντα
1690 4164 1705 4189 ,
1731 4125 1825 4178 καὶ

262 4219 576 4293 ἀνήγγειλεν
597 4217 755 4289 ἀὐτῷ
788 4219 861 4272 τά
889 4219 1019 4288 περὶ
1051 4216 1239 4283 αὐτοῦ,
1286 4216 1481 4285 λέγων,
1530 4217 1614 4270 δτι
1638 4216 1826 4283 Μέγας

261 4311 541 4385 ἄνθρωπός
575 4312 710 4384 ἐστι,
742 4310 839 4365 καὶ
882 4308 1082 4381 πολλὴν
1110 4309 1329 4379 ἀγάπην
1369 4307 1529 4377 ἔχων,
1572 4307 1666 4359 καί
1694 4305 1827 4359 πολ-

262 4402 354 4473 λὴν
385 4402 554 4473 τιμὴν
584 4403 663 4466 είς
689 4400 789 4472 τὴν
816 4400 997 4473 χώραν
1020 4397 1207 4453 αὐτοῦ.
1253 4396 1573 4468 ’Δνήγγειλα
1597 4396 1652 4448 δὲ
1678 4395 1826 4466 αὐτῷ

262 4495 388 4567 περὶ
432 4492 553 4558 σοῦ,
599 4493 693 4547 καὶ
737 4492 1017 4562 ἐπιθυμῶν
1057 4491 1184 4545 ίδεῖν
1234 4507 1292 4543 σε
1342 4484 1524 4560 ἦλθεν.
1580 4487 1826 4551 Ἐδέξατο
1856 4520 1902 4577 D

262 4581 347 4639 οὖν
396 4583 561 4638 αὑτὸν
609 4582 747 4653 μετὰ
782 4583 976 4653 χαρᾶς,
1012 4582 1106 4635 καὶ
1152 4580 1526 4650 ἀσπασάμενοι
1566 4578 1825 4649 ἀλλήλους

263 4674 537 4730 ἐκάθισαν.
562 4672 674 4727 Kal
704 4672 906 4743 ἦρξατο
930 4672 960 4723 6
992 4670 1198 4737 ξενικὸς
1223 4668 1403 4722 λαλεῖν
1429 4668 1539 4722 ἀπὸ
1563 4668 1660 4738 τῆς
1689 4667 1827 4739 Γρα-

264 4769 386 4836 φῆς,
416 4764 548 4835 1-.epl
585 4759 969 4831 πνευματικῶν
1002 4760 1095 4814 καὶ
1141 4759 1426 4828 οὐρανίων.
1470 4757 1737 4828 Ἔστρεψε
1769 4756 1827 4810 δὲ

262 4858 290 4909 6
314 4856 483 4919 άσδᾶς
514 4854 725 4925 Ποιμὴν
756 4852 817 4906 τὸ
840 4852 1127 4923 πρόσωπον
1158 4849 1344 4917 αὐτοῦ,
1372 4851 1467 4904 καὶ
1493 4850 1594 4903 οὐκ
1632 4847 1830 4901 ἔδωκεν

264 4946 406 5018 αὐτῷ
443 4945 752 5016 ἀπόκρισιν.
809 4941 957 4996 Ἰδὼν
1004 4942 1060 4996 δὲ
1093 4942 1174 4995 ὅτι
1206 4942 1266 4995 οὑ
1308 4941 1457 4994 λαλεῖ
1488 4941 1604 5012 μετ’
1638 4938 1825 5005 αὐτοῦ,

264 5038 520 5109 λυπηθεὶς
552 5035 765 5106 ἐξῆλθε,
792 5036 886 5088 καὶ
913 5032 1061 5101 λέγει
1091 5032 1169 5102 τῷ
1198 5031 1409 5101 ἀδελφῷ
1438 5031 1515 5100 τῷ
1546 5032 1827 5097 ἐνέγκαντι

267 5127 418 5182 αὐτόν
441 5144 456 5158 ·
491 5126 587 5188 Είς
616 5124 795 5196 μάτην
826 5123 1057 5194 ἐποίησα
1081 5123 1206 5192 ὃλην
1237 5121 1334 5192 τὴν
1360 5120 1666 5189 ἀποδημίαν
1700 5118 1830 5172 ταύ-

265 5232 378 5287 την.
413 5212 618 5270 Ἦλθον
662 5212 771 5283 γὰρ
820 5212 955 5282 πρὸς
985 5211 1077 5264 τὸν
1128 5211 1395 5281 γέροντα·
1438 5209 1532 5261 καὶ
1572 5208 1680 5261 ἰδοὺ
1710 5207 1829 5260 οὐδὲ

267 5304 487 5370 λαλῆσαι
513 5305 658 5358 θέλει
690 5305 806 5374 μετ’
833 5302 992 5374 ἐμοῦ.
1030 5301 1262 5373 Εἰσῆλθε
1290 5302 1346 5354 δὲ
1383 5303 1410 5354 ὁ
1441 5299 1666 5367 ἀδελφὸς
1696 5299 1830 5370 πρὸς

268 5393 353 5447 τὸν
381 5396 553 5449 άδϐἆν
587 5395 848 5465 Ποιμένα,
890 5395 983 5447 καὶ
1014 5393 1161 5462 λέγει
1200 5392 1376 5462 αὐτῷ’
1420 5392 1606 5453 ’Ᾱ66ᾶ,
1633 5392 1722 5444 διὰ
1769 5391 1828 5442 σὲ

268 5478 421 5553 ἦλθεν
446 5489 475 5540 6
507 5489 679 5559 μέγας
712 5485 808 5539 ἀνθ
819 5502 998 5556 ρωπος
1026 5480 1198 5547 οὗτος,
1220 5483 1357 5553 ἔχων
1378 5482 1643 5551 τοσαύτην
1673 5480 1827 5547 δόξαν

332 5630 377 5662 ι’
398 5627 478 5682 ΔΙ.
510 5628 677 5682 inser.
717 5626 850 5680 ἅνω.
927 5625 973 5657 ⁵³
994 5625 1080 5678 Al.
1109 5625 1267 5696 ὑπέρ.
1349 5623 1395 5655 ⁸⁵
1418 5624 1502 5676 Al.
1532 5622 1845 5690 σφραγῖσαι.

335 5764 443 5836 (79)
483 5765 588 5823 Vit.
628 5764 784 5819 Patr.
823 5781 882 5831 ιι,
916 5764 1015 5826 lO;
1046 5780 1154 5830 xxv,
1198 5766 1243 5820 1.

1914 1962 2166 2017 puerum,
2198 1955 2247 2001 et
2274 1955 2428 2003 orate
2458 1962 2559 2018 pro
2580 1949 2695 2003 illo.
2722 1948 2900 2005 Senex
2954 1965 3240 2005 assumens
3266 1966 3494 2019 puerum

1915 2038 2157 2094 intravit.
2184 2038 2357 2094 Porro
2399 2054 2535 2095 usus
2564 2047 2649 2094 est
2677 2039 3000 2110 prudentia;
3035 2056 3135 2095 nec
3163 2043 3348 2095 statim
3382 2043 3485 2096 ob-

1915 2131 2045 2184 tulit
2096 2130 2275 2185 abbati
2312 2129 2594 2195 Pmmeni;
2633 2129 2730 2185 sed
2788 2130 3060 2201 incipiens
3112 2146 3145 2185 a
3186 2131 3494 2187 minoribus

1914 2221 2197 2288 fratribus,
2251 2214 2468 2278 dicebat
2520 2239 2535 2276 :
2590 2222 2917 2294 Consignate
2967 2237 3213 2291 puerum.
3249 2221 3496 2292 Cumque

1916 2313 2136 2371 fecisset
2174 2322 2289 2368 uta
2321 2314 2539 2370 cunctis
2570 2329 2635 2370 ex
2675 2314 2865 2369 ordine
2909 2315 3345 2383 consignaretur,
3393 2314 3495 2370 de-

1916 2421 2067 2460 mum
2096 2405 2279 2461 abbati
2316 2404 2561 2459 Ptnmeni
2600 2405 2798 2460 attulit.
2837 2405 2888 2461 ls
2933 2405 3155 2460 nolebat
3200 2414 3259 2460 ut
3313 2404 3381 2459 ad
3429 2419 3494 2461 se

1917 2497 2395 2568 appropinquaret.
2438 2498 2509 2549 At
2559 2495 2638 2549 illi
2682 2496 2974 2566 rogabant,
3018 2494 3304 2550 dicentes:
3339 2495 3498 2551 Sicut

1918 2587 2122 2649 caeteri,
2147 2592 2202 2640 et
2238 2593 2318 2650 tu,
2354 2585 2533 2638 Pater.
2559 2583 2713 2639 Tunc
2737 2585 3103 2655 ingemiscens
3126 2587 3388 2653 surrexit,
3416 2595 3498 2642 at-

1916 2690 2023 2746 que
2043 2676 2116 2730 ita
2140 2684 2402 2745 precatus
2439 2681 2557 2730 est;
2600 2675 2761 2737 Deus,
2796 2690 2931 2731 sana
2954 2679 3278 2743 ;creaturam
3322 2684 3496 2744 tuam,

1918 2783 1986 2823 ne
2013 2766 2083 2821 ab
2108 2767 2267 2821 hoste
2298 2766 2351 2820 in
2376 2765 2691 2821 servitutem
2715 2766 3013 2836 redigatur.
3038 2765 3104 2820 Et
3132 2782 3254 2822 cum
3288 2768 3500 2838 signas-

1918 2867 2001 2917 set
2021 2874 2167 2922 eum,
2205 2858 2354 2913 illico
2373 2856 2610 2921 curavit,
2641 2871 2949 2928 sanumque
2974 2859 3123 2929 patri
3162 2859 3425 2916 restituit.

1987 3027 2041 3083 8.
2078 3029 2192 3101 (80)
2223 3031 2531 3102 Aliquando
2578 3031 2803 3103 quidam
2859 3033 3048 3100 frater,
3088 3036 3157 3092 ab
3185 3037 3299 3093 oris
3341 3039 3499 3094 abha-

1921 3115 1992 3171 tis
2013 3114 2289 3174 Pmmenis
2316 3119 2572 3175 discessit
2615 3122 2670 3175 in
2697 3124 3041 3193 peregrinam
3088 3132 3323 3191 terram;
3359 3126 3500 3181 illic-

1924 3222 2030 3278 que
2065 3208 2213 3263 venit
2240 3208 2310 3263 ad
2334 3209 2624 3279 quemdam
2664 3213 3078 3281 anachoretam,
3116 3216 3208 3285 qui
3233 3216 3502 3272 cbaritate

1923 3300 2183 3368 praeditus
2210 3308 2349 3367 erat,
2384 3309 2438 3356 et
2469 3318 2632 3372 quem
2662 3304 2887 3359 adibant
2906 3305 3082 3359 multi.
3130 3305 3323 3362 Frater
3357 3324 3500 3362 nun—

1924 3389 2082 3443 tiavit
2121 3391 2171 3445 ei
2206 3391 2274 3447 de
2325 3392 2521 3448 abbate
2553 3391 2829 3449 Ptemene.
2888 3395 2984 3450 Ille
3028 3397 3229 3452 auditis
3260 3398 3498 3457 hominis

1923 3480 2241 3549 virtutibus,
2273 3482 2552 3539 desiderio
2585 3491 2764 3541 tactus
2790 3494 2873 3540 est
2933 3486 3151 3542 videndi
3200 3503 3349 3544 eum.
3390 3489 3499 3546 fte-

1924 3586 2085 3626 verso
2104 3571 2270 3642 igitur
2297 3573 2468 3629 fratre
2504 3576 2562 3629 in
2594 3574 2909 3646 Egyptum,
2940 3577 3106 3646 paulo
3145 3587 3268 3649 post
3301 3594 3498 3636 exsur-

1922 3679 2058 3734 gens
2077 3664 2429 3730 anachoreta,
2456 3681 2488 3722 e
2516 3666 2738 3737 regione
2766 3675 2952 3723 extera
2988 3670 3228 3740 perrexit
3255 3671 3310 3725 in
3332 3670 3503 3743 Δίω-

1926 3762 2102 3824 ptum,
2127 3755 2194 3809 ad
2218 3755 2372 3809 illum
2402 3754 2629 3812 fratrem
2649 3759 2750 3827 ‘qui
2784 3759 2965 3828 ipsum
2992 3769 3346 3828 convenerat;
3371 3777 3499 3816 nam

1925 3844 2266 3900 indicaverat
2298 3845 2349 3899 ei
2380 3845 2473 3899 ubi
2506 3857 2774 3902 maneret.
2812 3846 3016 3903 Videns
3037 3857 3218 3904 autem
3238 3867 3363 3906 eum
3387 3853 3496 3916 ille,

1927 3935 2233 3990 demiratus
2265 3945 2369 4001 est,
2404 3943 2458 3990 et
2474 3938 2631 3992 valde
2664 3946 2748 3993 est
2809 3940 3052 4009 gavisus.
3080 3940 3224 3997 Dixit
3258 3944 3498 3998 anacho-

1928 4030 2044 4078 reta
2071 4043 2085 4078 :
2116 4022 2322 4081 Exerce
2365 4025 2687 4081 cbaritatem
2711 4065 2726 4090 ,
2757 4027 2864 4081 duc
2890 4044 2975 4083 me
3003 4033 3070 4084 ad
3102 4032 3351 4087 abbatem
3376 4031 3502 4088 Pte-

1927 4128 2166 4170 menem.
2199 4113 2385 4185 Itaque
2416 4130 2704 4171 assumens
2738 4132 2885 4181 eum,
2922 4121 3168 4187 pervenit
3198 4121 3266 4175 ad
3289 4137 3498 4179 senem.

1927 4203 2030 4258 Cui
2069 4205 2340 4259 nuntiavit
2377 4220 2497 4274 qua:
2519 4206 2586 4259 ad
2611 4206 2788 4274 ipsum
2819 4206 3161 4276 spectabant,
3188 4209 3272 4264 his
3296 4211 3498 4266 verbis:

1927 4294 2160 4365 Magnus
2214 4296 2299 4349 vir
2352 4303 2458 4361 cst,
2513 4296 2779 4351 charitate
2804 4298 2997 4362 multa,
3034 4299 3238 4368 ingenti
3294 4300 3502 4356 honore

1930 4386 2072 4455 apud
2106 4402 2269 4442 suos:
2304 4386 2370 4441 de
2403 4395 2456 4440 te
2490 4387 2809 4440 annuntiavi
2859 4388 2931 4451 ei,
2965 4397 3021 4441 et
3061 4388 3290 4458 cupiens
3317 4390 3502 4445 videre

1929 4487 2003 4542 te,
2030 4477 2268 4533 advenit.
2304 4477 2557 4548 Suscepit
2611 4493 2740 4549 ergo
2792 4479 2944 4532 illum
2998 4494 3124 4534 cum
3177 4482 3395 4548 laetitia;
3448 4491 3502 4537 et

1930 4576 2220 4640 postquam
2256 4582 2315 4622 se
2338 4577 2527 4622 mutuo
2549 4568 2900 4631 salutassent,
2937 4568 3324 4625 consederunt.
3346 4567 3503 4625 Tunc

1927 4660 2248 4730 peregrinus
2278 4660 2446 4728 cmpit
2476 4660 2624 4729 loqui
2655 4675 2721 4714 ex
2758 4660 3063 4730 Scriptura,
3096 4662 3164 4717 de
3194 4662 3358 4718 rebus
3386 4662 3502 4732 spi-

1927 4749 2220 4805 ritualibus
2252 4756 2306 4802 et
2340 4749 2679 4805 coelestibus.
2720 4751 2790 4803 At
2837 4752 3007 4807 abbas
3054 4751 3277 4808 Posmen
3330 4755 3498 4808 vertit

1928 4840 2146 4905 faciem,
2182 4855 2282 4896 nec
2321 4855 2648 4910 responsum
2700 4842 2961 4897 reddidit.
3003 4842 3158 4900 Unde
3193 4847 3242 4901 is
3269 4860 3501 4901 cernens

1932 4933 2075 5004 quod
2102 4948 2209 4987 non
2235 4933 2659 5003 colloqueretur,
2695 4936 2871 4989 tristis
2904 4950 3160 5005 egressus
3181 4942 3285 4990 est.
3324 4934 3500 4989 Dixit-

1926 5040 2039 5096 que
2078 5025 2237 5079 fratri
2274 5026 2367 5095 qui
2392 5040 2518 5080 eum
2566 5025 2829 5080 duxerat:
2859 5024 3082 5080 Frustra
3114 5025 3253 5079 hanc
3285 5040 3499 5081 omnem

1930 5116 2427 5186 peregrinationem
2460 5117 2696 5185 suscepi.
2741 5115 2876 5170 Veni
2912 5131 3147 5185 namque
3181 5115 3247 5169 ad
3273 5129 3498 5182 senem;

1930 5222 2059 5262 ecce
2084 5222 2218 5262 vero
2248 5222 2427 5277 neque
2477 5222 2691 5262 mecum
2721 5206 2961 5276 colloqui
2994 5206 3128 5261 vult.
3164 5204 3353 5274 Itaque
3384 5204 3500 5257 fra—

1932 5305 2014 5353 ter
2048 5300 2334 5368 ingressus
2361 5298 2428 5353 ad
2460 5299 2710 5352 abbatem
2734 5296 3041 5353 Poemenem
3070 5315 3084 5350 :
3110 5293 3498 5361 Abba.inquit,

1941 5398 2163 5459 propter
2194 5396 2247 5443 te
2284 5389 2522 5444 accessit
2551 5404 2781 5459 magnus
2811 5388 2914 5443 iste
2939 5388 3121 5448 homo,
3154 5392 3303 5438 tanta
3328 5382 3502 5452 gloria

1935 5481 1989 5534 in
2024 5480 2145 5534 loco
2193 5494 2293 5534 suo
2327 5479 2629 5549 refulgens;
2667 5495 2837 5548 quare
2884 5493 2994 5533 non
3036 5474 3341 5530 disseruisti
3376 5487 3501 5527 cum

1925 5620 1968 5649 ³⁸
2001 5619 2086 5672 ΔΙ.
2112 5618 2280 5672 inser.
2312 5616 2554 5686 ποίησον.

1998 5756 2106 5828 (80)
2149 5756 2257 5808 Vit.
2293 5757 2442 5809 Patr.
2480 5771 2558 5822 ιιι,
2588 5753 2722 5818 lSi;
2759 5769 2810 5814 κ,
2837 5754 2925 5807 59.
