4032 6334
504 377 609 436 3'23
1630 363 1976 422 APPENDIX
2016 365 2056 419 A
2069 362 2112 416 Ι)
2149 359 2575 419 PALLADIUM.
3639 352 3746 412 5⁵24

505 495 608 550 eo?
638 491 862 562 Excepit
903 506 1067 548 senex
1096 510 1109 545 :
1142 489 1236 546 llle
1268 501 1298 542 e
1329 481 1583 555 supernis
1609 490 1713 546 est,
1750 495 1804 538 et
1828 480 2073 536 ccelestia

2198 482 2258 543 εἷς
2288 480 2378 532 τδν
2410 479 2574 533 τόπον
2619 475 2816 532 αὐτοῦ’
2858 477 2951 531 καὶ
2987 476 3126 530 διατί
3162 476 3262 529 οὐκ
3307 472 3576 544 ἐλάλησας
3631 475 3754 544 μετ’

507 583 786 654 loquitur;
821 597 921 652 ego
960 595 1087 636 vero
1118 594 1185 634 ex
1225 575 1578 632 inferioribus
1609 588 1754 637 sum,
1777 580 1832 627 et
1855 579 2074 626 terrena

2198 568 2376 635 ιὺτού;
2419 569 2580 637 Λέγει
2613 567 2761 638 αὐτῷ
2805 569 2833 621 6
2866 567 3043 639 γέρων
3064 584 3078 597 ·
3122 567 3292 630 Αὐτὸς
3328 565 3437 618 τῶν
3466 565 3579 618 ἄνω
3613 565 3751 630 ἐστὶ,

507 653 720 745 loquor.
760 674 814 727 Si
847 685 1151 728 sermonem
1176 668 1242 724 ad
1268 682 1354 722 me
1375 665 1658 721 habuisset
1696 663 1764 720 de
1787 663 2075 718 affectibus

2198 663 2271 716 cal
2303 661 2599 732 ἐπουράνια
2649 659 2819 724 λαλεῖ,
2870 658 2979 728 ἐγὼ
3023 657 3080 711 δὲ
3125 657 3233 711 τῶν
3276 655 3427 710 κάτω
3470 656 3604 727 εἰμὶ,
3660 653 3757 711 καὶ

510 765 700 828 animi,
730 765 776 818 ei
808 761 1232 831 respondissem.
1263 757 1421 823 Quod
1464 756 1509 810 si
1542 763 1736 824 agatur
1756 754 1824 808 de
1850 753 2081 807 caelesti-

519 859 643 921 bus,
685 870 784 920 ego
826 855 916 907 illa
949 851 1157 906 nescio.
1195 850 1463 921 Egressus
1499 849 1682 917 itaque
1707 847 1873 902 frater
1935 853 2082 900 retu-

511 949 573 1000 lit
609 945 930 1015 peregrino:
977 942 1154 997 Senex
1190 957 1300 994 non
1351 940 1511 993 facile
1549 939 1616 992 de
1654 935 1953 1006 Scripturis
2003 935 2083 988 lo-

508 1034 734 1102 quitur;
769 1032 862 1086 sed
924 1031 970 1084 si
1003 1030 1130 1099 quis
1183 1027 1455 1098 rogaverit
1480 1025 1547 1079 de
1581 1025 1746 1077 animi
1775 1022 2079 1082 affectibus,

511 1137 836 1191 reSpunsum
890 1119 1002 1172 dat.
1057 1118 1149 1171 Ille
1197 1122 1559 1185 compunctus
1595 1128 1778 1167 senem
1824 1112 1999 1175 adiit,
2030 1117 2084 1162 et

511 1215 588 1270 ait
616 1214 700 1268 ei:
733 1213 874 1279 Quid
915 1211 1130 1273 faciam,
1191 1209 1351 1271 abba,
1407 1203 1848 1275 quandoquidem
1905 1201 2084 1255 domi-

511 1316 716 1362 nantur
757 1305 887 1359 mihi
929 1303 1099 1357 animi
1137 1299 1396 1355 affectus?
1428 1297 1582 1350 Tunc
1623 1296 1799 1349 oculis
1856 1296 1909 1348 in
1961 1307 2084 1346 eum

507 1397 792 1466 conjectis.
834 1396 990 1449 laetus
1041 1408 1208 1448 senex
1245 1389 1398 1442 infit:
1440 1387 1598 1441 Modo
1655 1387 1792 1440 bene
1842 1383 2083 1447 venisti;

509 1504 659 1544 nunc
691 1487 839 1556 aperi
883 1501 944 1539 os
967 1491 1120 1538 tuum
1155 1482 1220 1536 de
1246 1481 1355 1543 bis,
1391 1486 1445 1531 et
1477 1476 1714 1547 implebo
1734 1475 1866 1529 illud
1902 1475 2082 1528 bonis.

509 1581 605 1635 llle
637 1592 767 1634 vero
797 1576 1090 1646 plurimum
1143 1573 1337 1625 anima:
1365 1567 1712 1624 commodum
1752 1580 1876 1619 cum
1911 1564 2090 1633 cepis-

511 1676 615 1730 set,
643 1663 924 1734 professus
947 1669 1066 1714 est:
1103 1657 1268 1711 Plane
1303 1659 1418 1710 haec
1443 1665 1527 1709 est
1555 1668 1682 1708 vera
1713 1651 1822 1707 via.
1857 1650 2091 1706 Grati:s-

512 1773 619 1829 que
643 1757 753 1810 Deo
779 1755 917 1809 actis
940 1753 1083 1822 quod
1109 1766 1232 1805 cum
1268 1746 1539 1818 ejusmodi
1570 1755 1763 1801 sancto
1798 1746 2091 1799 meruisset

513 1848 824 1910 convenire,
859 1859 1111 1900 reversus
1143 1849 1224 1898 est
1265 1841 1320 1895 in
1351 1841 1623 1911 regionem
1647 1851 1824 1893 suam.

598 2019 642 2076 9.
679 2020 791 2092 (8l)
828 2016 1251 2088 Comprehendit
1289 2014 1584 2084 aliquando
1639 2019 1819 2067 rector
1869 2013 2092 2081 provin-

514 2116 615 2171 ciae
641 2113 929 2184 quemdam
964 2127 995 2166 e
1032 2111 1150 2165 vico
1181 2109 1391 2164 abbatis
1418 2107 1722 2174 Poemenis;
1754 2115 1806 2160 et
1827 2111 2093 2160 venerunt

514 2209 724 2271 cuncti,
772 2220 955 2260 senem
999 2210 1256 2272 rogantes
1305 2211 1362 2255 ut
1397 2201 1592 2265 abiret,
1639 2214 1872 2269 eumque
1901 2215 1931 2252 e
1971 2213 2092 2252 car-

515 2316 640 2356 cere
668 2298 961 2354 emitteret.
988 2294 1133 2347 Dixit
1161 2294 1275 2347 eis:
1312 2291 1488 2346 Sinite
1517 2307 1604 2344 me
1627 2291 1744 2346 dies
1768 2299 1902 2353 tres.
1930 2297 2092 2344 tunc-

515 2406 623 2461 que
666 2387 1009 2459 proﬁciscar.
1039 2384 1225 2438 Oravit
1258 2397 1388 2453 ergo
1425 2381 1593 2436 abbas
1623 2380 1850 2436 Poemen
1887 2380 1954 2434 ad
1986 2379 2093 2434 Do-

516 2483 747 2544 minum,
783 2479 866 2533 his
896 2477 1077 2532 verbis
1105 2493 1118 2528 :
1158 2474 1403 2538 Domine,
1437 2489 1506 2527 ne
1543 2472 1761 2526 dederis
1795 2471 1927 2525 mihi
1953 2472 2095 2526 hanc

515 2573 784 2644 gratiam:
827 2571 964 2624 alias
1007 2583 1116 2622 non
1164 2563 1484 2637 permissuri
1508 2572 1636 2618 sunt
1668 2577 1755 2618 me
1795 2564 1984 2618 sedere
2038 2563 2092 2616 in

517 2668 621 2719 hoc
665 2664 804 2717 loco.
845 2659 998 2715 Venit
1048 2674 1179 2728 ergo
1211 2672 1400 2721 senex,
1461 2655 1782 2725 rogavitque
1829 2654 2090 2723 judicem.

517 2751 622 2819 Qui
657 2751 724 2805 ad
771 2766 895 2806 eum
934 2749 1082 2803 infit:
1116 2748 1221 2802 Pro
1252 2749 1464 2801 latrone
1497 2761 1680 2815 rogas,
1709 2743 1884 2798 abba?
1917 2743 2096 2799 Senex

519 2850 700 2896 autem
736 2841 958 2911 gavisus
992 2847 1099 2904 est,
1142 2838 1286 2911 quod
1318 2837 1548 2906 gratiam
1591 2836 1661 2888 ab
1696 2849 1762 2888 eo
1789 2848 1896 2887 non
1937 2848 2096 2888 acce-

521 2933 713 3002 pisset.
798 2985 800 2988 ,
1181 2907 1199 2930 ”

593 3024 678 3078 10.
713 3022 1081 3078 Narraverunt
1109 3018 1351 3089 quidam,
1399 3015 1544 3085 quod
1588 3013 1881 3085 aliquando
1927 3015 2097 3070 abbas

521 3115 742 3171 Paamen
769 3122 822 3167 et
875 3112 1069 3165 fratres
1119 3109 1240 3179 ejus
1297 3109 1629 3162 conficerent
1667 3106 1941 3161 scolaces:
1993 3121 2096 3161 nec

522 3205 871 3276 procedebat,
895 3201 1039 3272 quod
1073 3215 1178 3256 non
1213 3200 1477 3254 baberent
1504 3197 1648 3252 unde
1676 3205 1920 3252 emerent
1954 3197 2098 3251 funi-
2127 3185 2169 3241 C

521 3294 698 3350 culos.
741 3291 807 3344 Et
857 3290 1055 3360 aliquis
1087 3289 1167 3344 eis
1199 3288 1401 3342 charus
1429 3300 1541 3340 rem
1594 3285 1839 3339 narravit
1883 3282 2100 3338 cuidam

523 3382 836 3445 mercatori,
874 3378 1079 3433 homini
1105 3379 1214 3448 pio.
1242 3375 1512 3431 Caeterum
1546 3374 1714 3428 abbas
1749 3372 1970 3427 Pmmen
2003 3385 2102 3425 no-

525 3470 670 3524 lebat
705 3468 983 3538 quidpiam
1019 3481 1049 3519 a
1083 3478 1356 3534 quoquam
1389 3461 1669 3530 accipere,
1706 3459 1773 3513 ad
1821 3458 2101 3513 vitandam

525 3557 786 3612 nimirum
822 3556 995 3608 turbae
1045 3553 1406 3609 vexationem.
1442 3552 1630 3620 Itaque
1676 3559 1968 3612 mercator,
2001 3563 2103 3602 eu-

525 3648 683 3718 piens
732 3661 870 3714 opus
922 3645 1039 3699 seni
1092 3644 1382 3705 conficere,
1431 3641 1718 3711 praetexuit
1749 3641 1994 3709 indigere
2047 3653 2104 3695 se

526 3735 854 3791 scolacibus.
913 3733 978 3786 Et
1006 3733 1233 3788 adduxit
1283 3737 1572 3794 camelum,
1609 3731 1972 3801 sumpsitque.
2000 3729 2106 3785 Ve-

540 3828 701 3882 niens
743 3837 922 3880 autem
975 3826 1140 3879 frater
1173 3825 1240 3878 ad
1272 3825 1518 3880 abbatem
1550 3823 1880 3887 Pmmenem,
1919 3821 2103 3876 audito

533 3917 682 3987 quod
718 3916 920 3971 fecerat
952 3924 1246 3979 mercator,
1289 3922 1347 3968 ut
1377 3915 1470 3985 qui
1517 3915 1675 3970 vellet
1708 3914 1926 3967 laudare
1954 3928 2102 3977 eum,

531 4009 684 4063 iniit:
722 4008 886 4071 Sane,
907 4007 1067 4071 abba,
1091 4006 1192 4062 etsi
1219 4021 1326 4060 non
1355 4006 1640 4076 indigeret,
1666 4007 1874 4075 accepit
1901 4013 2104 4067 tamen,

530 4115 642 4171 quo
693 4099 855 4154 nobis
906 4113 1046 4168 opus
1083 4097 1303 4152 faceret.
1347 4097 1589 4154 Audiens
1625 4113 1752 4152 vero
1787 4097 1954 4152 abbas
1980 4094 2106 4150 Pte-

541 4204 690 4253 mcn,
729 4187 935 4257 absque
965 4187 1264 4256 indigentia
1325 4187 1648 4256 sumpsisse,
1701 4187 1840 4240 dixit
1891 4186 2043 4240 fratri
2089 4204 2102 4239 :

538 4278 737 4346 Surge,
767 4276 978 4331 conduc
1003 4277 1292 4338 camelum,
1321 4283 1376 4329 et
1401 4276 1535 4329 alter
1569 4277 1712 4330 illos.
1743 4273 1898 4338 Quod
1923 4275 1967 4328 si
1999 4289 2105 4327 non

535 4369 810 4434 attuleris,
842 4367 1065 4421 Pmmen
1104 4367 1195 4420 hic
1232 4379 1339 4419 non
1371 4366 1604 4434 amplius
1637 4365 1895 4419 residebit
1924 4365 2108 4418 vobis-

534 4473 684 4512 cum.
721 4455 857 4510 Nolo
885 4470 1122 4524 namque
1151 4455 1406 4522 cuiquam
1454 4453 1707 4521 injuriam
1747 4453 1947 4518 facere,
1979 4467 2105 4506 cum

533 4562 646 4603 non
674 4546 935 4615 indigeat,
970 4555 1032 4599 ut
1055 4545 1316 4598 damnum
1365 4545 1622 4612 patiatur,
1685 4543 1972 4612 capiatque
2022 4545 2105 4597 lu-
2137 4525 2181 4580 D

533 4652 692 4692 crum
745 4651 948 4690 meum.
985 4635 1136 4688 Abiit
1187 4634 1355 4687 frater
1405 4634 1548 4701 ejus,
1599 4641 1655 4687 et
1699 4640 1821 4701 post
1871 4634 2102 4686 multum

534 4729 740 4784 laboris
777 4727 977 4780 attulit.
1012 4725 1128 4781 Nisi
1158 4726 1300 4779 enim
1348 4724 1620 4778 attulisset
1649 4762 1664 4786 ,
1696 4737 1862 4777 senex
1893 4721 2102 4777 disces-

533 4821 699 4875 sisset
727 4820 796 4874 ab
821 4819 922 4874 eis.
977 4816 1048 4872 Ut
1089 4817 1220 4888 e'rgo
1239 4816 1374 4870 vidit
1416 4816 1558 4878 illos,
1590 4817 1812 4885 gavisus
1841 4821 1948 4881 est,
1986 4822 2107 4867 tan-

533 4925 697 4984 quam
728 4910 774 4965 si
805 4910 1104 4964 invenisset
1133 4922 1388 4977 magnum
1423 4908 1765 4961 thesaurum.

607 5001 696 5054 ll.
733 5000 918 5054 Audiit
949 4998 1238 5068 aliquando
1257 4999 1542 5069 presbyter
1572 4997 1768 5052 Pelusii
1796 4997 1864 5051 de
1886 4996 2110 5066 quibus-

535 5092 658 5146 dam
693 5089 976 5155 fratribus,
1010 5089 1155 5160 quod
1181 5090 1405 5143 assiduo
1449 5089 1504 5143 in
1551 5090 1685 5144 urbe
1730 5098 2102 5153 versarentur,

532 5183 800 5244 lavarent,
829 5181 1163 5252 negligerent
1200 5196 1293 5245 se;
1319 5181 1578 5250 quocirca
1617 5182 1843 5236 veniens
1877 5180 1942 5232 ad
1992 5181 2106 5233 col-

531 5271 752 5338 lectam,
787 5271 1010 5326 sustulit
1041 5271 1110 5325 ab
1159 5269 1229 5325 iis
1275 5271 1520 5325 habitum
1564 5269 2104 5325 monachalem.Scd

605 5430 652 5464 ⁵⁸
681 5429 769 5484 Al.
801 5425 1000 5494 ἀνοίξω
1036 5442 1156 5497 μου.

602 5586 714 5654 (8t)
754 5586 860 5643 Vit.
901 5586 1048 5641 Patr.
1086 5603 1160 5651 tv,
1194 5587 1274 5642 59..

605 5655 716 5723 [82)
745 5656 1063 5719 Σκολὰκιν,
1095 5666 1148 5711 et
1180 5657 1299 5710 τῶν
1344 5655 1720 5721 σκολακίων,
1750 5655 1910 5724 paulo
1937 5653 2102 5708 infra.

538 5722 792 5776 Qeolates
823 5733 950 5778 sunt
985 5726 1140 5781 funes
1179 5727 1371 5782 intorti
1407 5735 1460 5782 et
1489 5725 1682 5794 cerati,
1719 5722 1785 5780 ad
1819 5739 1977 5782 usum
2021 5727 2101 5778 fa-

2182 754 2404 820 ἐπίγεια
2448 751 2610 805 λαλῶ.
2659 751 2721 803 Εἰ
2768 749 2995 820 ὲλάλησέ
3031 767 3118 821 μοι
3155 749 3282 820 περὶ
3329 746 3515 800 παθῶν
3554 746 3757 817 ψυχῆς,

2180 841 2290 909 ὲγὼ
2318 843 2382 895 ἂν
2413 839 2791 910 ἀπεκρινάμην
2821 837 2967 909 αὐτῷ
2986 855 3000 869 ο
3036 837 3159 890 εἰδὲ
3189 838 3317 907 περὶ
3349 835 3754 907 πνευματικῶν,

2186 931 2297 1000 ἐγὼ
2329 931 2500 984 ταῦτα
2531 930 2630 982 οὐκ
2658 923 2795 981 οῖδα.
2843 926 3102 991 Ἐξελθὼν
3133 922 3224 979 οὖν
3258 929 3286 979 6
3327 925 3553 995 ἀδελφὸς
3607 921 3760 978 εἶπεν

2184 1022 2332 1093 αὐτῷ
2353 1039 2367 1052 '
2412 1023 2470 1074 '0
2499 1021 2676 1090 γέρων
2705 1021 2765 1072 ού
2805 1017 3014 1088 ταχέως
3043 1017 3149 1070 ἀπὸ
3175 1017 3394 1087 Γραφῆς
3430 1016 3612 1069 λαλεῖ·
3644 1011 3761 1070 ἀλλ’

2184 1114 2278 1167 ἐάν
2306 1129 2389 1175 τις
2421 1109 2568 1180 αὐτῷ
2599 1109 2733 1179 λαλῇ
2782 1107 2908 1179 περὶ
2943 1106 3131 1160 παθῶν
3175 1105 3374 1174 ψυχῆς,
3407 1104 3762 1174 ἀποκρίνεται

2185 1203 2357 1272 αὐτῷ.
2397 1203 2456 1254 Ὁ
2483 1202 2541 1254 δὲ
2595 1199 2919 1266 κατανυγεὶς
2955 1196 3169 1266 εἰσῆλθε
3216 1196 3349 1266 πρὸς
3381 1195 3471 1247 τὸν
3505 1197 3761 1266 γέροντα,

2187 1295 2280 1349 καὶ
2305 1293 2451 1360 λέγει
2485 1291 2634 1360 αὑτῷ
2657 1308 2669 1321 ·
2701 1291 2766 1343 Τί
2789 1291 3018 1360 ποιήσω,
3048 1287 3210 1351 ἀϐὁᾶ,
3233 1288 3315 1340 ὅτι
3334 1286 3765 1358 κατακυριεύου-

2190 1384 2241 1438 ci
2278 1401 2379 1455 μου
2437 1383 2508 1436 τὰ
2572 1383 2720 1452 πάθη
2762 1382 2862 1451 τῆς
2894 1380 3106 1449 ψυχῆςς
3139 1380 3248 1432 Kal
3279 1379 3583 1450 προσέσχεν
3613 1377 3764 1448 αύτῷ

2188 1479 2216 1529 6
2263 1477 2440 1547 γέρων
2475 1474 2702 1546 χαίρων,
2757 1473 2851 1526 καὶ¹
2897 1471 3085 1525 εἶπεν·
3145 1473 3304 1543 ’Ἄρτι
3351 1471 3530 1535 καλῶς
3561 1467 3763 1542 ἦλθεςο

2190 1569 2282 1623 νῦν
2330 1549 2540 1634 ἄνοιξόν
2582 1585 2674 1620 σου
2718 1567 2766 1599 ⁸⁸
2789 1566 2850 1619 τὺ
2881 1566 3053 1635 στόμα
3091 1565 3217 1635 περὶ
3248 1563 3472 1627 τούτων,
3503 1563 3599 1616 καὶ
3629 1562 3767 1633 πλη-

2196 1659 2354 1731 ρώσω
2382 1659 2513 1713 αὐτὸ
2537 1656 2778 1726 ἀγαθῶν.
2822 1656 2880 1709 'O
2918 1656 2973 1708 δὲ
3008 1655 3178 1709 πολλά
3207 1654 3510 1724 ὠφεληθεὶς
3544 1654 3764 1721 ἔλεγενο

2197 1751 2404 1811 Ὄντως
2429 1746 2569 1816 αὕτη
2597 1748 2744 1800 ἐστὶν
2771 1748 2804 1817 ἡ
2835 1747 3060 1817 ἀληθινὴ
3102 1745 3240 1810 ὁδός,
3275 1745 3386 1798 Kal
3429 1745 3770 1816 εὐχαριστῶν

2121 1821 2164 1880 Β
2191 1839 2269 1909 τῷ
2295 1839 2412 1909 Θεῷ
2435 1838 2746 1909 ἀνέκαμψεν
2777 1838 2856 1900 εἰς
2882 1838 2978 1909 τὴν
3003 1837 3137 1890 ἰδίαν
3163 1836 3348 1909 χώραν
3365 1878 3381 1902 ,
3423 1839 3504 1891 ὅτι
3541 1838 3769 1909 τοιούτῳ

2193 1929 2334 1996 ἁγίῳ
2365 1926 2674 1999 κατηξιώθη
2712 1931 3013 1998 συντυχεῖν.

2264 2021 2328 2075 θ’.
2383 2019 2684 2091 Ἐκράτησέ
2731 2035 2860 2072 ποτε
2889 2020 2916 2071 6
2946 2018 3130 2090 ἄρχων
3159 2018 3260 2088 τῆς
3294 2017 3477 2090 χώρας
3518 2017 3639 2072 τινὰ
3667 2017 3774 2089 τῆς

2194 2112 2388 2184 κώμης
2412 2110 2505 2164 τοῦ
2531 2111 2674 2164 ὰὸδᾶ
2701 2111 2796 2163 Ποι
2805 2110 2964 2181 μένος
2986 2127 3001 2142 ο
3043 2111 3137 2163 καὶ
3167 2107 3330 2182 ἦλθον
3362 2111 3562 2174 πάντες
3589 2128 3773 2183 παρα-

2193 2203 2483 2266 καλοῦντες
2514 2203 2608 2254 τὸν
2650 2201 2882 2272 γέροντα
2948 2201 3206 2255 ἀπελθεῖν
3249 2203 3344 2256 καὶ
3389 2203 3638 2256 ἐκϐαλεῖν
3669 2203 3774 2257 αὖ·

2194 2297 2303 2350 τόν.
2352 2297 2410 2348 'U
2436 2295 2493 2347 δὲ
2527 2290 2676 2347 εἶπεν
2697 2311 2712 2326 ο
2753 2293 2981 2349 Ἐἀσατέ
3008 2313 3075 2366 με
3111 2297 3261 2366 τρεῖς
3287 2295 3520 2366 ἡμέρας,
3554 2297 3648 2348 καὶ
3675 2295 3775 2348 οὓ-

2195 2404 2303 2449 τως
2351 2385 2600 2457 ἔρχομαι.
2661 2383 2870 2451 Εὕξατο
2919 2381 3011 2440 οὖν
3069 2388 3097 2440 ὁ
3141 2386 3314 2450 ἀόσᾶς
3365 2385 3574 2458 Ποιμὴν
3632 2387 3774 2457 πρὸς

2196 2476 2420 2548 Κύριον,
2451 2475 2624 2544 λέγων
2645 2491 2659 2505 ⁸
2711 2475 2903 2547 Κύριε,
2943 2478 3016 2548 μὴ
3053 2477 3160 2548 δῷς
3207 2495 3296 2548 μοι
3326 2478 3422 2549 τὴν
3451 2478 3608 2548 χάριν
3640 2477 3778 2532 ταύ-

2195 2585 2314 2638 την.
2381 2567 2532 2620 Ἐπεὶ
2582 2567 2683 2619 οὐκ
2729 2567 2946 2636 ἀφιοῦσί
3003 2587 3070 2640 με
3115 2570 3334 2624 καθίσαι
3383 2572 3441 2623 ὲν
3492 2569 3570 2641 τῷ
3624 2570 3777 2641 τόπῳ

2195 2658 2390 2726 τούτῳ.
2421 2653 2623 2711 Ἦλθεν
2652 2653 2743 2711 οὖν
2774 2659 2802 2711 6
2828 2657 3007 2729 γέρων
3040 2657 3370 2730 παρακαλῶν
3398 2659 3490 2712 τὸν
3511 2660 3771 2731 ἄρχοντα.

2211 2747 2268 2800 Ὀ
2315 2747 2373 2800 δὲ
2423 2748 2558 2818 πρὸς
2607 2747 2768 2800 αὑτὸν
2821 2747 2956 2820 ἔφη·
2994 2750 3131 2821 Περὶ
3165 2749 3360 2822 λῃστοῦ
3405 2749 3772 2821 παρακαλεῖς,

2199 2838 2376 2902 ά66ᾶ;
2421 2838 2477 2892 Ὀ
2490 2838 2546 2892 δὲ
2571 2839 2750 2911 γέρων
2777 2840 2968 2912 ἐχάρη,
2995 2840 3074 2894 ὅτι
3100 2841 3199 2894 οὐκ
3225 2841 3440 2906 ἐδέξατο
3457 2841 3615 2914 χάριν
3644 2841 3778 2914 παρ’

2201 2929 2385 2983 αὑτοῦ.

2276 3028 2324 3075 ι’.
2368 3021 2704 3092 Διηγήσαντό
2756 3039 2918 3088 τινες,
2973 3023 3053 3076 ὃτι
3104 3024 3233 3078 ποτὲ
3272 3024 3300 3077 6
3345 3024 3518 3088 ἀὸϐἇς
3564 3024 3780 3097 Ποιμὴν

2202 3113 2296 3165 καὶ
2333 3114 2380 3165 οἱ
2423 3113 2641 3183 ἀδελφοὶ
2674 3113 2838 3168 αὐτοῦ
2870 3117 3182 3186 εἰργάζοντο
3211 3117 3462 3171 σκολάκιν
3492 3118 3602 3188 (82)
3624 3135 3641 3149 ο
3686 3119 3780 3171 καὶ

2202 3201 2263 3254 οὐ
2316 3202 2637 3273 προεχώρει,
2694 3204 2769 3274 μὴ
2821 3203 3034 3275 ἔχοντες
3082 3206 3347 3277 ἀγοράσαι
3396 3206 3634 3276 λινάρια.
3674 3206 3781 3260 Καί

2201 3310 2283 3356 τις
2329 3293 2506 3347 αὐτῶν
2561 3295 2844 3366 ἀγαπητὸς
2898 3296 3195 3369 διηγήσατό
3234 3314 3339 3351 τινι
3379 3300 3779 3370 πραγματευτῇ

2205 3384 2380 3454 πιστῷ
2423 3385 2484 3438 τὸ
2523 3387 2773 3458 πρᾶγμα.
2823 3388 2881 3441 '0
2936 3388 2990 3442 δὲ
3037 3387 3210 3452 ἀόϐᾶς
3239 3388 3447 3458 Ποιμὴν
3484 3389 3585 3442 οὐκ
3617 3388 3782 3460 ἤθελε

2203 3474 2501 3544 λαμϐάνειν
2547 3477 2698 3548 παρά
2741 3477 2885 3540 τινός
2912 3477 2964 3530 τί
3003 3493 3152 3542 ποτε,
3179 3476 3268 3530 διὰ
3293 3477 3390 3549 τὴν
3421 3477 3669 3548 ὄχλησιν.
3725 3477 3782 3530 '0

2210 3564 2266 3617 δὲ
2309 3566 2730 3636 πραγματευτὴς
2764 3565 2931 3620 θέλων
2975 3567 3194 3640 ποιῆσαι
3245 3568 3406 3640 ἔργον
3434 3568 3511 3640 τῷ
3541 3573 3782 3639 γέροντε,

2207 3657 2599 3725 προεφασίζετο
2619 3657 2808 3727 χρείαν
2829 3657 2972 3728 ἔχειν
2994 3659 3101 3712 τῶν
3120 3659 3440 3723 σκολακίων,
3466 3661 3557 3713 καὶ
3581 3661 3784 3731 ἡνεγκε

2206 3743 2304 3816 τὴν
2327 3747 2590 3818 κάμηλον,
2621 3747 2714 3800 καὶ
2743 3749 2932 3802 ἐλαϐεν
2959 3749 3117 3804 αὐτά.
3164 3750 3275 3803 Καὶ
3306 3749 3476 3803 ἐλθὼν
3504 3753 3531 3803 6
3553 3750 3786 3820 ἀδελφὸς

2207 3835 2344 3905 πρὸς
2386 3834 2478 3888 τὸν
2525 3834 2698 3888 ἀὸϐᾶν
2720 3836 2980 3906 Ποιμένα,
3032 3839 3124 3890 καὶ
3141 3837 3378 3902 ἀκούσας
3411 3839 3439 3892 δ
3459 3838 3720 3909 ἐποίησεν
3753 3841 3781 3893 6

2209 3927 2666 3997 πραγματευτὴς,
2716 3927 2792 3989 ὼς
2837 3927 3005 3981 Θέλων
3048 3929 3327 3982 ἐπαινέσαι
3374 3928 3563 3992 αὑτὸν,
3618 3926 3780 3984 εἶπεο

2212 4016 2396 4083 Φύσει,
2420 4017 2582 4082 ἀϐϐἄ,
2606 4019 2694 4070 καὶ
2721 4019 2793 4089 μὴ
2817 4017 3032 4090 χρῄζων
3061 4020 3198 4075 αὐτά
3225 4020 3434 4086 ἔλασεν,
3465 4021 3551 4073 ἵνα
3581 4022 3786 4094 ποιήσῃ

2213 4110 2346 4179 ἡμῖν
2394 4108 2574 4181 ἔργον.
2635 4110 2899 4175 Ἀκούσας
2937 4111 2994 4164 δὲ.
3041 4113 3068 4164 6
3106 4111 3276 4175 assa;
3324 4111 3532 4184 Ποιμὴν
3579 4113 3666 4167 ὅτι
3709 4112 3785 4184 μὴ

2209 4196 2428 4268 χρῄζων
2454 4197 2591 4251 αὐτὰ
2616 4198 2825 4264 ἐλαϐεν,
2856 4197 2976 4254 εἷπε
3005 4201 3082 4272 τῷ
3114 4200 3326 4271 ἀδελφῷ
3349 4217 3365 4233 ⁶
3412 4202 3667 4267 Ἀνάστα,
3701 4199 3785 4273 μί-

2212 4287 2420 4340 σθωσαι
2449 4287 2717 4360 κάμηλον,
2746 4291 2839 4344 καὶ
2869 4292 3001 4364 φέρε
3030 4293 3206 4346 αὑτά·
3230 4292 3324 4346 ὲάν
3349 4293 3407 4346 δὲ
3428 4295 3528 4347 οὐκ
3551 4295 3783 4367 ἐνέγκῃς

2211 4379 2371 4443 αὐτὰ,
2402 4379 2610 4451 Ποιμὴν
2642 4374 2742 4434 ὧδε
2778 4383 2838 4437 οὐ
2870 4383 3159 4447 καθέζεται
3196 4384 3314 4454 μεθ’
3353 4384 3528 4454 ὑμῶν.
3570 4386 3650 4440 Οὐ
3679 4385 3784 4454 γὰρ

2213 4466 2382 4518 ἀδικῶ
2399 4483 2522 4521 τινα
2542 4469 2824 4539 ἄνθρωπον
2849 4471 2924 4542 μὴ
2954 4472 3242 4542 χρῄζοντα,
3275 4473 3360 4525 ἵνα
3392 4472 3599 4543 ζημίαν
3631 4475 3787 4543 Ιποιή-

2211 4573 2301 4628 σῃ,
2327 4558 2422 4611 καὶ
2446 4557 2584 4630 λάϐῃ
2612 4559 2673 4612 τὸ
2701 4560 2887 4632 κέρδος
2945 4578 3068 4631 μου.
3111 4563 3222 4617 Καὶ
3245 4562 3483 4633 ἀπῆλθεν
3509 4563 3540 4614 6
3561 4563 3784 4630 ἀδελφὸς

2210 4647 2378 4700 αὐτοῦ
2414 4648 2552 4718 μετὰ
2587 4648 2784 4702 πολλοῦ
2816 4651 3006 4715 κόπου,
3056 4651 3152 4704 καὶ
3181 4653 3410 4724 ἤνεγκεν
3441 4653 3616 4708 αὐτάο
3652 4655 3700 4704 εἰ
3731 4651 3784 4703 δὲ

2213 4736 2310 4808 μὴ,
2359 4739 2388 4790 6
2434 4737 2611 4808 γέρων
2656 4740 2752 4793 ἀπ’
2803 4741 2982 4794 αὐτῶν
3032 4743 3315 4813 ἀνεχώρει.
3369 4744 3456 4806 Ὧς
3501 4741 3598 4798 οὖν
3650 4739 3785 4797 εἶδεν

2211 4827 2372 4891 αὐτὰ,
2409 4828 2604 4901 ἐχάρη,
2637 4830 2770 4884 ὡσεὶ
2801 4832 2974 4902 μέγαν
3005 4833 3180 4904 εὑρὼν
3216 4835 3504 4906 θησαυρόν.

2287 5003 2376 5058 ια’.
2422 5006 2658 5060 Ἧκουσέ
2703 5025 2834 5062 ποτε
2880 5011 2909 5063 6
2943 5011 3312 5082 πρεσϐύτερος
3351 5013 3444 5066 τοῦ
3487 5012 3784 5082 Πηλουσίου

2215 5095 2343 5165 περί
2374 5112 2537 5150 τινων
2565 5098 2830 5166 ἀδελφῶν,
2859 5101 2940 5154 ὅτι
2967 5102 3204 5172 συνεχῶς
3234 5106 3314 5168 είς
3339 5105 3437 5175 τὴν
3475 5105 3630 5157 πόλιν
3660 5103 3784 5163 εἰσὶ,

2214 5186 2308 5240 καὶ
2328 5187 2594 5253 λούονται,
2636 5192 2730 5243 καὶ
2757 5191 3045 5262 ἀμελοῦσιν
3083 5195 3323 5248 ἑαυτῶν·
3376 5195 3469 5248 καὶ
3508 5193 3680 5247 ἐλθὼν
3708 5194 3787 5254 si;

2211 5274 2310 5345 τὴν
2341 5277 2582 5346 σύναξιν,
2619 5275 2754 5352 ἦρεν
2802 5281 2896 5334 ἀπ’
2926 5283 3108 5338 αὐτῶν
3151 5284 3212 5338 τὸ
3251 5284 3457 5356 σχῆμα.
3504 5285 3613 5337 Καὶ
3654 5280 3788 5352 μετὰ

2215 5585 2295 5638 cis
2318 5594 2372 5639 et
2401 5583 2664 5651 candela,
2695 5599 2794 5639 seu
2833 5585 3039 5642 funalia
3070 5596 3124 5643 et
3151 5596 3294 5646 cerei
3326 5590 3558 5648 funales.
3586 5591 3784 5646 Obser-

2215 5662 2400 5708 vatum
2431 5654 2534 5708 fuit
2565 5669 2595 5710 a
2618 5656 2899 5712 veteribus
2923 5666 2974 5713 et
2999 5661 3419 5718 recentioribus.
