4032 6334
266 383 368 442 315

1401 376 2015 437 ΑΡΟΡΗΤΠΕΕΜΛΤΑ
2054 377 2364 437 ΡΑτιιυλι.

3405 391 3512 445 326

264 492 409 548 τοῦτο
435 492 632 565 ἔτυψεν
657 492 821 549 αὐτὸν
847 492 879 565 ή
905 492 1097 558 καρδία
1120 490 1306 556 αὐτοῦ,
1336 492 1430 547 καὶ
1466 493 1823 565 μετεμελήθη,

1938 502 2127 563 postea
2153 494 2321 549 corde
2350 508 2410 550 se
2433 501 2635 550 tactum
2658 495 2854 564 sensit,
2886 512 2949 554 sc
2968 499 3291 570 pmnitentia
3312 502 3508 561 ductus

266 588 355 643 καὶ
392 581 523 658 ἦλθε
555 587 696 659 πρὸς
725 587 817 640 τὸν
842 585 1015 640 ἀδόἇν
1059 584 1321 656 Ποιμένα,
1369 584 1584 657 μεθύων
1609 588 1720 649 τοῖς
1749 585 1823 637 λο-

1936 593 2042 639 est.
2077 584 2327 639 Accessit
2356 599 2486 656 ergo
2542 585 2612 640 ad
2663 586 2917 644 abbatem
2972 589 3306 658 Pmmenem,
3365 597 3515 653 velut

265 680 495 748 γισμοῖς,
541 676 824 747 βαστάζων
862 678 956 732 καὶ
999 678 1125 740 τοὺς
1168 675 1482 748 λεδήτωνας
1522 674 1631 729 τῶν
1673 675 1834 729 ἀδελ-

1935 678 2362 749 cogitationibus
2401 680 2612 748 ebrius,
2639 691 2865 752 portans
2896 685 3059 739 etiam
3100 680 3371 742 invitones'
3410 686 3514 740 fra-

264 770 396 839 φῶν,
450 770 545 823 πιια)⁵
580 769 902 838 ἀναγγέλλει
941 769 1004 822 τὸ
1043 771 1279 840 πρᾶγμα
1324 767 1403 839 τῷ
1441 768 1678 840 γέροντι.
1722 768 1823 822 Kal

1934 777 2113 836 trum;
2149 786 2375 841 remque
2411 772 2528 827 seni
2562 776 2871 828 annuntiat.
2911 775 3001 829 Ait
3041 775 3118 829 illi
3147 790 3347 831 senex:
3388 775 3513 831 Non

260 861 406 929 λέγει
436 859 587 931 αὐτῷ
614 860 645 911 6
687 860 896 932 γέρων·
930 860 1044 913 Οὐκ
1070 858 1211 929 ἔχεις
1255 858 1318 912 σύ
1352 859 1406 912 τί
1446 874 1577 912 ποτε
1600 859 1694 911 τοῦ
1725 875 1833 911 πα-

259 954 409 1008 λαιοῦ
440 953 766 1027 ἀνθρώπου;
796 952 1049 1007 ἀπεδύσω
1092 953 1288 1018 αὐτόν;
1342 953 1400 1006 '0
1429 951 1486 1006 δὲ
1528 951 1831 1022 πρεσϐύτε-

262 1065 352 1118 ρος
378 1043 552 1113 εἶπεν,
582 1049 664 1101 δτι
701 1046 930 1116 Μετὲχω
953 1045 1048 1099 τοῦ
1073 1043 1304 1099 παλαιοῦ
1333 1042 1642 1116 ἀνθρώπου.
1694 1043 1750 1097 '0
1774 1043 1831 1096 δὲ

259 1139 437 1211 γέρων
461 1135 614 1193 εἶπεν
646 1137 798 1209 αὐτῷ
816 1155 829 1168 ·
873 1138 1003 1192 Ἰδοὺ
1032 1132 1124 1191 οῦν
1159 1138 1252 1190 καὶ
1274 1136 1353 1191 σὺ
1382 1135 1458 1199 ὼς
1488 1135 1540 1186 oi
1586 1133 1828 1203 ἀδελφοί.

259 1232 319 1286 Ei
344 1230 455 1303 γάρ
485 1230 676 1302 μικρὸν
707 1229 954 1300 μετέχεις
984 1229 1082 1299 τῆς
1112 1228 1490 1299 παλαιότητος,
1520 1228 1669 1299 ὅμως
1697 1225 1830 1280 61:6-

254 1340 434 1377 κεισαι
470 1325 537 1393 τῇ
590 1320 851 1393 ἀμαρτίᾳ.
905 1320 1038 1373 Τότε
1088 1318 1337 1373 ἀπελθὼν
1385 1321 1414 1373 6
1461 1317 1828 1391 πρεσϐύτερος

254 1413 482 1468 ἐκάλεσε
529 1413 655 1475 τοὺς
697 1411 980 1481 ἀδελφοὺς,
1020 1412 1116 1465 καὶ
1149 1411 1440 1483 μετενόησε
1475 1414 1586 1476 τοῖς
1614 1411 1826 1476 ἕνδεκα,

255 1506 347 1558 καὶ
402 1504 648 1557 ἐνέδυσεν
698 1502 896 1565 αὐτοὺς
936 1502 999 1555 τὸ
1047 1502 1234 1572 σχῆμα
1283 1502 1378 1556 τοῦ
1428 1501 1686 1575 μοναχοῦ,
1731 1502 1827 1559 καὶ

254 1595 542 1651 ἀπέλυσεν.
810 1619 855 1641 ι..

323 1691 414 1761 ιβ’.
464 1688 715 1759 ’Δδελφὸς
737 1687 987 1759 ἠρώτησε
1006 1686 1098 1741 τὸν
1128 1686 1303 1740 ἀσσᾶν
1330 1687 1592 1759 Ποιμένα,
1610 1678 1821 1759 λέγων’·

1934 860 2103 915 habes
2127 868 2185 915 tu
2204 860 2484 932 quidpiam
2511 864 2710 919 veteris
2742 864 3018 920 hominis?
3059 866 3332 921 exuistine
3359 865 3514 920 eum?

1932 949 2234 1022 Respondit
2264 953 2582 1025 presbyter:
2622 953 2906 1026 Particeps
2936 957 3117 1010 adhuc
3147 972 3270 1011 sum
3307 957 3513 1011 veteris

1933 1041 2191 1097 hominis.
2248 1040 2424 1098 Senex
2465 1045 2746 1114 reposuit:
2801 1044 2944 1101 Ecce
2988 1047 3175 1117 igitur,
3210 1049 3372 1101 etiam
3424 1054 3509 1113 tu,

1931 1133 2075 1188 sicut
2100 1133 2321 1192 fratres.
2357 1134 2473 1191 Etsi
2498 1136 2646 1190 enim
2686 1152 2879 1207 parum
2927 1140 3165 1194 retineas
3194 1140 3506 1202 vetustatis,

1929 1235 2165 1281 attamen
2198 1234 2428 1298 peccato
2467 1225 2744 1295 subjeces.
2775 1226 2929 1283 Tunc
2990 1231 3180 1287 abiens
3228 1232 3510 1300 presbyter

1926 1318 2146 1371 vocavit
2198 1316 2416 1381 fratres,
2467 1319 2538 1373 ab
2570 1319 2704 1387 ipsis
2747 1318 2999 1375 undecim
3033 1321 3245 1374 veniam
3279 1321 3508 1391 supplex

1927 1409 2102 1479 petiit,
2140 1409 2321 1466 induit
2349 1426 2446 1467 eos
2498 1409 2689 1466 habitu
2720 1410 2999 1479 monachi,
3035 1426 3249 1467 necnon
3275 1412 3503 1466 dimisit.

1973 1663 2089 1729 '12.
2124 1673 2236 1746 (83)
2271 1672 2466 1730 Frater
2497 1674 2580 1730 sic
2618 1675 2975 1745 interrogavit
3017 1674 3263 1729 abbatem
3297 1672 3507 1728 Poeme-

268 1778 529 1849 Ἐποίησα
573 1777 845 1848 ἁμαρτίαν
881 1775 1144 1847 μεγάλην,
1179 1777 1273 1830 καὶ
1308 1775 1446 1830 θέλω
1493 1779 1823 1849 μετανοῆσαι

1927 1779 2083 1820 nem:
2109 1764 2368 1821 Commisi
2405 1766 2610 1837 grande
2637 1775 2940 1836 peccatum.
2988 1773 3042 1820 et
3078 1765 3201 1819 volo
3228 1780 3321 1833 per
3345 1765 3509 1819 trien-

252 1831 516 1941 τρίαετη.
540 1831 703 1938 Ain;
731 1831 937 1939 αὑτῷιὸ
963 1831 1175 1939 πρέ...
1204 1868 1347 1922 Πολύ
1369 1831 1506 1923 ιστιῖ
1536 1831 1650 1923 Kal
1672 1831 1823 1925 έξὲᾷᾲ

1927 1854 2079 1910 nium
2113 1869 2272 1926 agere
2299 1831 2696 1926 ptexiitentiam.
2740 1854 2880 1911 Dicit
2912 1858 2962 1911 ei
3020 1870 3184 1912 senex
3213 1831 3239 1911 ί
3278 1855 3506 1910 Multum

255 1961 401 2033 αυτῷ
432 1964 465 2014 6
492 1960 743 2031 ἀδελφός·
791 1958 932 2012 Ἀλλ’
962 1957 1067 2023 ἕως
1094 1958 1378 2024 ὲνιαυτοῦς
1430 1959 1542 2014 Kal
1568 1954 1691 2014 εἷπε
1721 1962 1827 2016 πά-

253 2053 334 2108 λιν
375 2056 404 2109 6
449 2054 665 2125 γέρων·
700 2049 842 2105 Πολύ
873 2052 1041 2104 ἔστιν.
1090 2052 1155 2103 Οἱ
1200 2050 1258 2104 δὲ
1295 2049 1564 2122 παρόντες
1605 2052 1821 2122 ἔλεγονο

256 2149 397 2212 Ἕως
430 2145 842 2217 τεσσαράκοντα
869 2143 1130 2216 ήμερῶν;
1158 2144 1268 2199 Kal
1298 2145 1460 2199 πάλιν
1494 2140 1645 2199 εἷπε’
1682 2147 1823 2200 Πολύ

257 2243 426 2295 ἔστιν’
460 2233 584 2291 εἷπε
614 2237 674 2290 δέ
694 2255 709 2268 ·
753 2235 896 2303 Ἐγὼ
925 2235 1085 2304 λέγω,
1120 2236 1200 2289 ὅτι
1233 2235 1327 2289 ἐὰν
1352 2235 1411 2300 ἐξ
1437 2236 1566 2307 ὅλης
1598 2237 1825 2309 καρδίας

258 2329 562 2400 μετανοήσῃ
590 2325 897 2397 ἄνθρωπος,
931 2325 1026 2378 καὶ
1055 2325 1127 2396 μὴ
1163 2325 1372 2396 προσθῇ
1405 2326 1486 2380 ἔτι
1512 2329 1688 2379 ποιεῖν
1727 2327 1825 2397 τήν

1928 1947 2188 2016 temporis
2221 1954 2326 2003 est.
2354 1947 2444 2001 Ait
2474 1946 2677 2002 frater:
2702 1946 2808 2001 Sed
2841 1947 2907 2028 ad
2932 1963 3134 2002 annum
3166 1946 3377 2018 usque?
3398 1947 3509 2001 lte-

1925 2054 2047 2094 rum
2078 2054 2242 2094 senex
2269 2059 2282 2095 :
2317 2038 2547 2093 Multum
2580 2046 2685 2095 est.
2713 2037 2819 2104 Qui
2864 2048 3044 2094 autem
3077 2039 3328 2102 aderant,
3357 2038 3508 2092 dixe.

1926 2140 2084 2186 runt:
2146 2132 2330 2201 Usque
2381 2131 2447 2186 ad
2507 2130 2873 2201 quadraginta
2933 2128 3094 2184 dies?
3146 2130 3341 2183 lterum
3395 2129 3500 2182 ait:

1926 2223 2155 2279 Multum
2187 2234 2293 2279 est.
2339 2223 2695 2293 Addiditque:
2727 2222 2955 2275 Aiﬂrmo
2984 2237 3106 2291 ego,
3147 2221 3290 2293 quod
3321 2222 3367 2275 si
3400 2220 3504 2275 bo-

1925 2314 2125 2369 minem
2152 2330 2218 2369 ex
2247 2321 2361 2368 toto
2403 2312 2571 2367 corde
2627 2311 2965 2381 pmnituerit,
3016 2326 3116 2365 nec
3171 2312 3217 2365 is
3268 2311 3504 2379 amplius

256 2420 545 2491 ἁμαρτίαν,
598 2416 693 2470 καὶ
743 2418 824 2480 είς
872 2416 1022 2489 τρεῖς
1070 2415 1284 2487 ἡμέρας
1334 2416 1548 2487 δέχεται
1597 2418 1761 2473 αὐτὸν
1796 2422 1823 2473 6

1927 2405 2252 2477 peccaverit,
2279 2405 2442 2459 etiam
2468 2404 2523 2458 in
2548 2404 2722 2458 tribus
2749 2401 3085 2471 poenitentia:
3117 2401 3314 2457 diebus
3357 2400 3503 2457 Deus

252 2514 412 2675 .
446 2599 586 2659 Εῐπε
622 2601 806 2669 πάλιν,
832 2602 914 2657 ὅτι
948 2600 1023 2655 Τὸ
1054 2603 1279 2672 σημεῖον
1334 2600 1430 2654 τοῦ
1484 2601 1720 2673 μοναχοῦ
1763 2604 1823 2658 ὲν

252 2698 357 2762 τοῖς
394 2695 723 2769 πειρασμοῖς
748 2693 1017 2763 φαίνεται.

322 2786 400 2840 ιδ’.
436 2783 577 2841 Eine
622 2785 819 2839 πάλιν·
866 2784 1078 2854 Ὠσπερ
1117 2782 1147 2835 6
1195 2780 1495 2854 σπαθάριος
1524 2782 1619 2837 τοῦ
1663 2783 1821 2854 βασι-

1924 2498 2078 2552 illum
2106 2496 2392 2566 suscipiet.

1995 2588 2080 2643 15.
2122 2587 2234 2656 (84)
2268 2587 2410 2640 Dixit
2455 2585 2633 2641 adhuc
2672 2603 2687 2641 :
2721 2585 2947 2657 Signum
2995 2583 3248 2639 monachi
3295 2584 3349 2638 in
3387 2590 3504 2638 ten-

1922 2678 2222 2737 tationibus
2258 2684 2503 2748 apparet.

1992 2772 2081 2827 14.
2123 2770 2235 2842 (85)
2266 2771 2461 2824 lterum
2499 2768 2635 2824 dixit
2668 2786 2681 2822 :
2713 2766 2867 2823 Sicut
2907 2763 3220 2837 spatharius
3270 2767 3500 2836 impera-

255 2879 384 2942 λέως
448 2877 782 2949 παρίσταται
809 2874 960 2945 αὐτῷ
1010 2873 1300 2937 διαπαντὸς
1346 2873 1590 2944 ἕτοιμοςο
1646 2874 1821 2939 οὕτως

1927 2863 2057 2918 Loris
2093 2861 2300 2918 assistit
2338 2861 2410 2924 ei.
2447 2866 2669 2930 paratus
2721 2875 2937 2929 semper
2964 2877 2979 2914 :
3011 2859 3085 2913 ita
3115 2865 3331 2929 oportet
3371 2859 3494 2913 ani-

255 2970 331 3021 δεῖ
352 2968 451 3038 τὴν
478 2967 659 3039 ψυχὴν
684 2966 908 3037 ἑτοίμην
942 2959 1083 3019 εἶναι
1139 2964 1279 3036 πρὸς
1322 2963 1414 3017 τὸν
1450 2963 1675 3035 δαίμονα
1721 2965 1820 3036 τῆς

1927 2968 2062 3005 mam
2107 2960 2414 3023 promptam
2452 2966 2576 3007 esse
2615 2951 2880 3006 adversus
2920 2949 3222 3005 daemonem
3262 2949 3503 3005 fornica-

260 3059 527 3128 πορνείας.

1920 3044 2107 3099 tionis.

321 3156 398 3202 ιε’.
446 3147 760 3221 Ἦρὼτησεν
797 3148 826 3200 6
863 3146 1039 3211 ἀῦϐᾶς
1078 3146 1269 3201 ’Δνοὺσ
1288 3147 1333 3180 ⁵⁷
1362 3146 1455 3200 τὸν
1494 3146 1668 3201 ἀσὸᾶν
1699 3148 1821 3201 Ποι·

1995 3134 2085 3189 15.
2126 3132 2241 3205 (86)
2272 3133 2627 3204 Interrogavit
2672 3133 2844 3189 abbas
2888 3132 3050 3188 Anub
3092 3131 3344 3189 abbatem
3377 3128 3507 3186 Pte-

256 3242 385 3311 μένα
422 3242 554 3309 περὶ
598 3239 708 3294 τῶν
748 3238 1073 3310 ἀκαθάρτων
1130 3238 1408 3310 λογισμῶν
1450 3232 1526 3293 ὧν
1571 3241 1737 3311 γεννᾷ
1782 3243 1816 3312 ή

1927 3240 2158 3289 menem,
2185 3225 2254 3281 de
2296 3226 2527 3295 impuris
2551 3225 2983 3294 cogitationibus
3011 3240 3151 3294 quas
3184 3225 3360 3295 gignit
3404 3236 3504 3277 cor

254 3328 444 3402 καρδία
477 3328 573 3382 τοῦ
602 3328 911 3399 ἀνθρώπου,
950 3329 1045 3382 καὶ
1074 3328 1203 3399 περὶ
1223 3328 1334 3383 τῶν
1360 3327 1605 3398 ματαίων
1630 3329 1822 3383 ἐπιθυ-

257 3422 405 3490 μιῶν.
448 3422 560 3475 Kal
588 3421 736 3490 λέγει
766 3420 916 3491 αὐτῴ
951 3421 981 3473 6
1012 3420 1186 3484 ab“;
1227 3420 1441 3493 Ποιμήν
1461 3438 1475 3451 ·
1506 3419 1604 3489 Μὴ
1645 3420 1822 3485 δοξα-

252 3511 539 3581 σθήσεται
580 3512 759 3581 ἀξίνη
795 3510 943 3565 ἄνευ
998 3511 1106 3566 τοῦ
1151 3511 1481 3578 κόπτοντος
1519 3512 1590 3566 ἐν
1631 3511 1821 3580 αὐτῇ;

254 3603 343 3655 καὶ
405 3604 506 3669 σὺ,
589 3601 666 3673 μὴ
713 3600 907 3664 δώσεις
971 3601 1154 3664 αὐτοῖς
1219 3604 1376 3672 χεῖρα
1428 3603 1509 3666 ³⁸,
1564 3603 1659 3657 καὶ
1723 3604 1822 3673 ἀρα

252 3709 455 3761 γουσιν.

316 3790 411 3849 ις’.
455 3777 594 3837 Εῖπε
628 3782 788 3838 πάλιν
834 3783 863 3834 6
906 3781 1081 3846 esse;
1114 3785 1322 3855 Ποιμήν
1344 3798 1359 3812 ⁸
1389 3785 1452 3836 Εἰ
1488 3784 1563 3855 μὴ
1608 3785 1818 3838 Ναϐου-

253 3874 446 3948 ζαρδὰν
476 3875 505 3927 6
532 3874 928 3945 ἀρχιμάγειρος
966 3869 1150 3945 ἦλθεν,
1198 3874 1298 3928 οὐκ
1334 3874 1402 3928 ἂν
1442 3873 1753 3945 ἐνεπρήσθη
1789 3875 1817 3925 6

252 3963 368 4029 ναὸς
400 3962 632 4034 Κυρίου.
676 3962 846 4019 Τοῦτο
884 3962 944 4016 δέ
981 3965 1163 4016 ἐστιν’
1210 3964 1277 4016 Εί
1315 3962 1389 4032 μὴ
1435 3965 1469 4033 ή
1507 3964 1817 4026 ἀνάπαυσις

248 4048 373 4123 ἦλθε
420 4051 865 4123 γαστριμαργίας
910 4051 992 4115 είς
1036 4051 1135 4123 τὴν
1161 4050 1357 4123 ψυχὴν,
1402 4053 1503 4106 οὐκ
1546 4051 1612 4106 ἂν
1639 4054 1667 4105 6
1694 4051 1817 4114 νοῦς

250 4144 577 4199 κατέπιπτεν
610 4146 668 4197 ὲν
699 4142 780 4213 τῷ
811 4142 1032 4214 πολέμῳ
1065 4144 1159 4198 τοῦ
1188 4143 1402 4215 ἐχθροῦ.

314 4342 400 4405 ιζ’.
432 4342 658 4410 Ἔλεγον
691 4341 820 4413 περὶ
857 4342 951 4396 τοῦ
1012 4342 1159 4396 ἀ66ἄ
1188 4343 1468 4413 Ποιμένος,
1502 4343 1582 4396 ὅτι
1613 4342 1812 4398 καλού-

250 4448 403 4499 μενος
428 4433 510 4495 είς
541 4432 603 4486 τὸ
629 4436 825 4501 φαγεῖν
852 4432 1004 4503 παρὰ
1025 4432 1088 4487 τὸ
1110 4433 1236 4503 θέλη
1246 4450 1321 4503 μα
1349 4432 1538 4497 αὑτοῦ,
1577 4433 1689 4504 ἀπή
1700 4449 1816 4504 ρχε-

1923 3316 2183 3381 hominis,
2216 3324 2272 3372 et
2299 3316 2365 3370 de
2409 3315 2564 3371 vanis
2612 3315 3027 3385 cupiditatibus.
3064 3313 3206 3369 Dicit
3248 3316 3299 3369 ei
3329 3314 3502 3369 abbas

1922 3405 2143 3462 Paemen
2173 3425 2187 3461 :
2222 3405 2475 3475 Nunquid
2523 3405 2845 3477 gloriabitur
2897 3407 3095 3461 securis
3147 3406 3260 3459 sine
3311 3421 3372 3458 eo
3409 3405 3503 3474 qui

1923 3496 2076 3550 cedit
2100 3497 2155 3550 in
2177 3497 2292 3564 ipsa
2312 3497 2360 3527 "
2380 3496 2403 3549 ἲ
2427 3496 2508 3552 Tu
2537 3512 2754 3569 quoque
2780 3512 2849 3552 ne
2872 3497 3122 3566 porrigas
3143 3496 3224 3552 eis
3254 3511 3500 3563 manum,

1922 3597 1976 3642 et
2001 3588 2192 3642 otiosa
2213 3596 2406 3645 erunt.

1995 3763 2082 3817 16.
2126 3762 2237 3833 (8?)
2275 3762 2415 3816 Dixit
2439 3762 2635 3818 iterum
2668 3763 2836 3818 abbas
2865 3763 3117 3833 Pmmcn;
3157 3763 3273 3819 Nisi
3307 3762 3497 3820 Nabu-

1920 3855 2119 3909 zardan
2150 3868 2451 3923 coquorum
2502 3856 2759 3923 princeps
2800 3856 3061 3921 venisset,
3107 3871 3216 3912 non
3261 3872 3493 3911 concre-

1919 3953 2127 4001 matum
2172 3945 2367 4001 fuisset
2402 3946 2664 4016 templum
2691 3944 2906 3999 Domini
2932 3946 3001 4001 ⁸ο.
3046 3946 3162 4001 Hoc
3200 3955 3382 4003 autem
3417 3948 3498 4002 si-

1919 4035 2161 4106 gnificat,
2204 4034 2353 4105 quod
2390 4035 2495 4089 nisi
2547 4036 2787 4091 venisset
2831 4037 2890 4090 in
2942 4035 3181 4091 animam
3223 4038 3498 4092 recreatio

1918 4126 2091 4198 gulae,
2142 4141 2296 4181 mens
2353 4141 2467 4180 non
2508 4126 2810 4182 corruisset
2852 4127 2909 4181 in
2954 4126 3099 4182 bello
3145 4135 3339 4183 contra
3385 4127 3495 4181 ini-

1919 4230 2141 4269 mlcum.

1990 4327 2077 4380 17.
2116 4325 2227 4398 (88)
2255 4327 2485 4383 Aiebant
2510 4326 2577 4383 de
2606 4327 2800 4384 abbate
2824 4328 3100 4395 Pmmene,
3124 4330 3270 4400 quod
3304 4331 3496 4386 invita-

1919 4427 2009 4473 tus
2032 4418 2099 4472 ad
2130 4420 2525 4475 comedendum
2554 4426 2747 4474 contra
2787 4422 3120 4477 voluntatem
3157 4438 3334 4491 suam,
3369 4439 3495 4494 pro-

247 4537 303 4573 το
332 4522 606 4592 δακρύων,
641 4524 730 4578 ἵνα
777 4523 854 4594 μὴ
890 4523 1211 4594 παρακούσῃ
1244 4524 1334 4580 τὸν
1368 4524 1595 4594 ἀδελφὺν
1625 4524 1811 4589 αὐτοῦ,

1927 4509 2266 4566 liciscebatur
2312 4526 2436 4565 cum
2474 4511 2764 4582 lacrymis,
2831 4528 2901 4567 ne
2943 4515 3311 4584 inobsequens
3348 4523 3495 4570 esset

247 4614 336 4664 καὶ
365 4614 584 4685 λυπήσῃ
619 4614 803 4668 αὐτόν.

318 4733 403 4795 ιη’.
434 4725 571 4780 Eine
620 4728 781 4782 πάλιν
812 4730 841 4783 6
866 4727 1039 4793 ἀόϐἄς
1080 4728 1321 4798 Ποιμήν·
1357 4728 1447 4800 Μὴ
1481 4727 1707 4798 οἰκήσῃς
1736 4728 1816 4790 εἰς

246 4817 423 4881 τόπον,
452 4813 516 4871 οῦ
552 4818 768 4888 βλέπεις
795 4820 947 4883 τινὰς
978 4819 1201 4891 ἔχοντας
1230 4819 1388 4890 ζῆλον
1419 4818 1558 4871 κατὰ
1599 4818 1693 4872 σοῦ
1716 4834 1729 4847 '
1764 4819 1812 4871 εί

247 4904 301 4957 δὲ
329 4909 490 4979 μήγε,
515 4910 577 4961 οὐ
602 4912 953 4981 προκόπτεις.

320 5019 402 5075 θ’.
426 5019 768 5092 Διηγήσαντό
798 5036 943 5084 τινες
972 5019 1051 5090 τῷ
1083 5018 1227 5089 ἀὸϐᾷ
1260 5017 1479 5088 Ποιμένι
1514 5017 1642 5088 περί
1671 5034 1814 5080 τινος

256 5112 502 5183 μοναχοῦ,
532 5111 616 5165 ὅτι
636 5111 697 5165 οὐ
722 5111 866 5164 πίνει
894 5106 1055 5164 οῖνον.
1083 5111 1194 5164 Καὶ
1218 5106 1370 5163 εἶπεν
1387 5126 1400 5138 °
1440 5111 1497 5161 Ὀ
1521 5103 1660 5172 οἶνος
1680 5108 1814 5172 ὅλως

253 5201 341 5259 οὐκ
362 5204 477 5257 ἐστι
510 5202 619 5258 τῶν
653 5203 919 5275 μοναχῶν.

1923 4602 2078 4656 fratri
2110 4618 2229 4669 suo,
2256 4617 2489 4673 eumque
2516 4604 2735 4658 tristitia
2759 4604 3014 4661 alliceret.

1997 4714 2080 4769 18.
2124 4715 2235 4787 (89)
2269 4715 2413 4769 Dixit
2441 4726 2703 4785 praeterea
2740 4716 2911 4771 abbas
2942 4714 3163 4771 Pmmen
3191 4735 3205 4772 :
3235 4714 3354 4770 Noli
3394 4716 3493 4771 lia-

1921 4806 2098 4862 bitare
2145 4808 2198 4861 in
2233 4809 2373 4872 loco,
2412 4809 2467 4863 in
2507 4825 2617 4878 quo
2665 4809 2848 4863 cernis
2896 4810 3189 4863 nonnullus
3218 4810 3315 4863 tibi
3351 4809 3496 4863 invi-

1919 4900 2069 4953 dere.
2102 4901 2317 4969 Alioqui
2348 4917 2454 4955 non
2486 4900 2653 4955 facies
2682 4900 3054 4971 progressum.

1992 5013 2078 5067 19.
2122 5011 2234 5083 (90)
2265 5011 2637 5068 Narraverunt
2667 5013 2889 5082 quidam
2942 5014 3124 5068 abbati
3159 5013 3400 5070 Ptemeni
3428 5014 3496 5068 de

1924 5107 2108 5175 aliquo
2166 5106 2469 5170 monacho,
2532 5105 2678 5175 quod
2731 5107 2914 5159 vinum
2974 5121 3082 5159 non
3140 5105 3367 5160 biberet.
3428 5104 3496 5155 Et.

1922 5198 2058 5252 dixit
2088 5216 2101 5251 :
2133 5195 2329 5250 Vinum
2361 5197 2585 5250 omnino
2618 5195 2685 5248 ad
2733 5196 3035 5252 monachos
3068 5211 3177 5251 non
3229 5194 3486 5265 pertinet.

314 5404 358 5437 ⁸⁷
390 5406 472 5461 ΑΙ.
530 5404 765 5475 Παμϐῶ.
843 5405 889 5436 ³⁸
917 5404 999 5458 Al.
1034 5402 1253 5473 χώραν,
1299 5401 1432 5473 μηδὲ
1474 5402 1709 5473 ήδυνθῇς
1732 5403 1787 5454 ἐν
1817 5422 1823 5449 ‹

1927 5401 2021 5465 οἷς,
2098 5398 2142 5431 δ’
2179 5397 2281 5452 Isa.
2322 5415 2373 5459 κ,
2411 5399 2493 5451 15.
2574 5399 2618 5430 ⁶⁰
2661 5396 2725 5449 ιν
2769 5395 2898 5465 Reg.
2942 5396 3125 5461 Χυκὸ
3157 5413 3279 5466 sqq.

315 5581 428 5649 (85)
460 5582 568 5636 Vit.
609 5580 763 5634 Patr.
791 5597 845 5642 κ,
889 5580 978 5635 40.

313 5645 422 5719 (84)
463 5652 570 5705 Vit.
607 5649 762 5719 I_’atr.
797 5649 1012 5719 vn,15_;
1056 5647 1281 5719 Ποῖ-θυι.
1326 5645 1630 5719 Doctr._j5.

336 5720 424 5787 85)
463 5720 565 5775 Vit.
606 5717 763 5773 Patr.
797 5735 848 5779 ν,
884 5719 938 5773 8.
975 5716 1039 5771 In
1069 5715 1334 5787 Epitra'm.
1380 5732 1432 5786 p.
1470 5716 1595 5782 587,-
1633 5731 1687 5768 ιι.
1724 5717 1803 5777 12,

336 5722 403 5776 85
463 5722 565 5775 Vit.
606 5722 763 5773 Patr.
797 5735 848 5779 ν,
884 5722 938 5773 8.

312 5722 424 5865 £86}
459 5790 565 5847 Vit.
605 5789 757 5843 Patr.
793 5805 847 5853 tt,
881 5790 967 5843 41.

1998 5574 2109 5643 (87)
2155 5574 2257 5627 Vit.
2286 5573 2438 5627 Patr.
2489 5590 2560 5635 Iv,
2588 5572 2708 5643 A29;
2739 5570 2982 5640 Append.
3014 5587 3068 5641 p.
3099 5570 3221 5632 999,
3244 5585 3299 5629 Β.
3333 5580 3423 5634 20.

1985 5641 2099 5711 (88)
2146 5642 2249 5695 Vit.
2290 5643 2439 5695 Patr.
2474 5658 2546 5702 iv,
2586 5641 2674 5693 '50.
3303 5684 3323 5692 -

1987 5713 2098 5776 (89)
2140 5712 2242 5763 Vit.
2280 5711 2426 5763 Patr.
2463 5728 2513 5772 Χ,
2547 5711 2636 5761 45.

1988 5785 2098 5853 (90)
2145 5780 2246 5834 Vit.
2289 5781 2433 5833 Patr.
2464 5780 2651 5844 tv,5l.
